3988 6328
655 433 754 494 46⁸1

1914 410 2238 488 JOANNIS
2271 424 2591 485 zonam:

3766 427 3859 493 468

652 546 937 613 ipsamque
985 541 1249 606 Judmam,
1302 542 1468 613 Syrim
1495 541 1954 608 additamentum,
2006 540 2216 596 descri-

2321 558 2406 606 vo;
2441 543 2542 613 τὴν
2590 541 2815 612 Συρίαν,
2871 541 2964 596 καὶ
3027 539 3198 611 αὐτὴν
3248 538 3511 594 Ἰουδαίαν
3563 538 3868 612 προσθήκην

651 636 830 690 heret.
882 639 960 689 Ac
1012 634 1181 689 Judaei
1220 634 1311 703 qui
1367 633 1576 702 pridem
1625 649 1693 688 ne
1747 648 1945 688 nomen
1993 633 2214 703 quidem

651 723 1044 794 descriptionis
1080 725 1271 778 audire
1305 725 1611 788 volnerant,
1645 739 1805 779 suasu
1833 723 2045 779 Joazari
2076 740 2215 793 pon-

652 815 816 870 titlcis
855 816 1122 886 refragari
1165 815 1516 870 destiterunt.
1566 816 1764 871 Verum
1815 816 2038 886 quidam
2071 817 2220 872 Gau-

652 904 871 967 lanites,
892 905 1102 960 Sadoco
1124 906 1395 960 Pharisaeo
1418 907 1610 970 ascito,
1640 907 1800 961 bellis
1825 917 1880 961 et
1911 907 2216 963 latrociniis

621 986 623 989 ’
650 996 894 1050 Iudaeam
929 997 1195 1065 implevit.
1227 997 1489 1052 Dicebant
1515 998 1685 1063 enim,
1717 997 2036 1052 facultatum
2068 998 2218 1053 resti-

649 1087 944 1142 matlonem
979 1087 1114 1141 nihil
1147 1102 1270 1142 esse
1324 1089 1471 1143 aliud
1504 1088 1608 1143 nisi
1655 1089 1998 1144 manifestam
2038 1089 2215 1145 servi-

650 1189 868 1234 tutem:
912 1195 976 1234 ae
1027 1181 1439 1249 praetendebant
1494 1182 1570 1236 illi
1623 1182 1843 1252 quidem
1897 1182 2215 1254 reipublicae

649 1287 877 1334 curam,
927 1272 1023 1327 sed
1073 1289 1264 1328 revera
1333 1274 1667 1344 privatorum
1714 1276 2214 1332 emoiumentorum

648 1363 970 1419 occasiones
987 1366 1314 1435 captabant:
1351 1366 1493 1426 unde
1525 1367 1826 1421 seditiones
1843 1377 1897 1422 et
1916 1370 2212 1423 multorum

647 1454 846 1515 «edes,
867 1455 1175 1525 principum
1193 1459 1361 1510 etiam
1379 1457 1642 1522 virorum,
1660 1460 2212 1529 exstiterunt,partim

648 1561 716 1598 ex
747 1546 1025 1618 intestinis
1070 1547 1252 1610 bellis,
1291 1549 1490 1618 partim
1524 1549 1593 1603 ab
1642 1549 1912 1604 hostibus.
1967 1552 2214 1606 Accessit

649 1638 840 1700 fames,
899 1614 1116 1693 urbium
1168 1642 1621 1710 expugnationes,
1669 1643 1904 1707 excidia,
1938 1652 1994 1698 et
2027 1645 2214 1714 templi

648 1730 1025 1801 conﬂagratio.
1057 1733 1193 1787 Nam
1229 1749 1352 1788 cum
1385 1735 1688 1805 antiquitus
1717 1735 1818 1790 tria
1855 1745 2039 1792 essent
2068 1736 2212 1801 apud

2319 633 2540 704 ἐκείνης
2570 633 2970 704 γεγενημένην.
3015 633 3266 687 Ἰουδαῖοι
3315 631 3395 697 δέ,
3441 631 3649 704 καίπερ
3699 633 3866 701 πρότε-

2323 746 2414 798 ρον
2449 728 2541 780 καὶ
2573 727 2767 798 μέχρις
2815 726 2988 794 ἀκοῆς
3018 726 3119 797 τὴν
3149 725 3480 796 ἀπογραφὴν
3503 724 3866 794 δυσχεραίνον-

2318 839 2431 886 τες,
2467 820 2613 884 τότε,
2640 821 2734 874 τοῦ
2760 820 3068 894 ἀρχιερέως
3110 817 3408 889 Ἰωαζάρου
3433 815 3545 888 (57)
3599 816 3867 879 πείσαντος

2320 911 2538 978 αὐτοὺς,
2571 912 2850 966 ἐνέδοσαν.
2896 909 3234 980 Γαυλανίτης
3277 909 3337 962 δέ
3377 926 3462 973 τις
3494 908 3659 978 ἀνὴρ,
3697 906 3867 960 Σαδὼκ

2316 1005 2611 1074 Φαρισαῖον
2672 1002 3264 1074 προσεταιρισάμενος,
3321 999 3578 1069 πολέμων
3637 999 3734 1051 καὶ
3784 997 3865 1067 λη-

2285 1163 2292 1171 κ
2320 1095 2562 1166 στηρίων
2587 1093 2649 1148 τὸ
2681 1094 2832 1157 ἔθνος
2854 1094 3184 1163 ἐνέπλησαν;
3218 1090 3470 1160 λέγοντες
3523 1089 3682 1141 οὐδὲν
3700 1087 3867 1154 ἕτερον

2319 1183 2460 1243 εἶναι
2492 1188 2590 1258 τὴν
2617 1187 2727 1242 τῶν
2751 1187 2948 1268 οὐσιῶν
2971 1186 3315 1255 ἀποτίμησιν
3368 1183 3401 1254 ἢ
3446 1181 3696 1235 δουλείαν
3741 1180 3870 1233 ἀντι-

2318 1295 2487 1348 κρυς·
2524 1281 2618 1334 καὶ
2643 1279 2865 1331 ἐδόκουν
2912 1277 3011 1346 μὲν
3046 1277 3136 1329 ἐπὶ
3184 1273 3472 1346 διορθώσει
3524 1271 3636 1325 τῶν
3683 1270 3868 1323 κοινῶν

2317 1372 2665 1441 κεκινῆσθαι,
2705 1373 2771 1440 τῇ
2804 1370 2850 1422 δ’
2873 1368 3104 1440 ἀληθείᾳ
3134 1366 3355 1426 οἰκείων
3377 1364 3640 1418 ἔσπευδον
3677 1361 3870 1431 κερδῶν

2318 1461 2596 1531 ἀφορμάς
2629 1461 2690 1525 ἐξ
2719 1453 2793 1514 ῶν
2816 1461 3035 1521 στάσεις
3063 1456 3311 1526 ἐφύησαν
3340 1455 3434 1509 καὶ
3464 1455 3624 1523 φόνος
3651 1451 3871 1517 πολλῶν,

2317 1553 2412 1604 καὶ
2435 1551 2616 1605 αὐτῶν
2663 1550 2773 1604 τῶν
2826 1549 3061 1621 πρώτων
3102 1545 3342 1618 ἀνδρῶν,
3393 1546 3422 1598 ὁ
3468 1545 3566 1613 μὲν
3601 1542 3874 1613 ἐμφυλίοις

2319 1645 2583 1712 σφαγαῖς,
2625 1645 2650 1695 ὁ
2684 1643 2740 1694 δὲ
2771 1641 2882 1693 τῶν
2907 1639 3201 1709 πολεμίων,
3239 1638 3396 1708 λιμός
3443 1653 3502 1688 τε
3541 1635 3636 1688 καὶ
3679 1634 3873 1686 πόλεων

2320 1736 2555 1798 ἁλώσεις
2598 1736 2693 1788 καὶ
2748 1733 3133 1800 κατασκαφαὶ,
3180 1731 3276 1783 καὶ
3322 1729 3418 1781 τοῦ
3485 1726 3631 1797 ίεροῦ
3673 1727 3874 1796 ἐμπρη-

645 1821 862 1876 Judzeos
919 1823 1280 1892 philosophiae
1337 1839 1556 1893 genera,
1613 1826 1984 1890 Essenorum,
2026 1827 2217 1881 Phar'k

2325 1831 2480 1900 σμός.
2512 1827 2695 1900 Τριῶν
2727 1828 2834 1897 γὰρ
2869 1827 3046 1881 οὐσῶν
3100 1827 3164 1878 ἐκ
3194 1825 3426 1878 παλαιοῦ
3454 1823 3565 1886 τοῖς
3605 1821 3874 1886 Ἰουδαίοις

647 1928 905 1979 sutorum,
933 1923 989 1969 et
1011 1914 1458 1983 Saddueaeorum,
1507 1929 1761 1988 quartum
1790 1918 1895 1973 hoc
1919 1929 1975 1973 et
2008 1935 2212 1974 novum

645 2023 676 2059 a
705 2007 851 2067 Iuda
878 2017 934 2063 et
969 2008 1182 2064 Sadoco
1222 2009 1597 2066 introductum
1624 2021 1730 2067 est.
1766 2012 1901 2066 Nam
1929 2013 2210 2079 Pharisaei,

644 2096 740 2150 vili
766 2098 912 2151 victu
950 2108 1183 2166 utentes,
1213 2099 1280 2152 ad
1314 2099 1598 2154 mollitiem
1633 2115 1692 2155 se
1733 2116 1841 2155 non
1890 2099 2212 2166 deﬂectunt,

645 2187 1034 2242 observatores
1071 2190 1254 2258 legum
1304 2201 1357 2244 et
1406 2192 1610 2245 rituum
1656 2192 1900 2247 aecurati
1934 2210 1950 2248 :
1989 2193 2214 2248 senibus

645 2278 914 2333 honorem
938 2281 1201 2348 praebent,
1229 2297 1409 2351 neque
1437 2282 1781 2338 conﬁdenter
1833 2285 2049 2338 illorum
2083 2301 2215 2340 auc-

647 2373 856 2427 toritati
880 2374 1268 2429 adversantur.
1300 2373 1490 2430 Fatum
1514 2391 1638 2431 esse
1662 2376 1882 2442 docent,
1908 2377 2012 2432 hoc
2031 2387 2214 2432 tamen

651 2465 968 2520 hominibus
1016 2466 1341 2532 tribuentes,
1393 2475 1454 2521 ut
1504 2467 1650 2522 illius
1689 2467 1959 2538 impulsus
1993 2470 2213 2525 vincere

650 2558 846 2626 pessit,
885 2558 928 2611 si
959 2559 1105 2612 serio
1134 2553 1487 2613 renitantur:
1518 2559 1733 2626 animos
1763 2556 2124 2624 immortales,
2157 2569 2216 2614 et

647 2649 750 2703 sub
776 2658 918 2704 terra
939 2650 1062 2703 vita
1082 2659 1217 2704 actae
1239 2652 1479 2704 rationes
1499 2649 1804 2705 reddendas
1827 2665 1945 2704 esse
1964 2659 2214 2705 censent.

645 2742 758 2809 Qua
782 2743 849 2797 de
879 2758 1041 2798 causa
1072 2752 1126 2797 et
1149 2743 1290 2812 apud
1318 2742 1583 2813 populum
1609 2742 1732 2813 plus
1762 2743 2088 2797 auctoritate
2118 2758 2213 2797 va-

645 2837 784 2897 lent,
826 2844 883 2890 et
935 2837 1002 2890 ad
1063 2849 1228 2901 vota,
1279 2836 1344 2889 ad
1399 2851 1552 2890 saera
1597 2834 1904 2906 peragenda
1951 2844 2214 2911 tauquam

649 2927 982 2996 interpretes
1034 2927 1391 2982 adhibentur.
1442 2926 1723 2982 Sadduea-i
1788 2927 2046 2982 mortales
2094 2940 2242 2991 esse

648 3019 862 3073 animos
921 3019 1498 3091 arbitrantur,‘atque
1553 3036 1658 3074 una
1713 3034 1837 3074 cum
1886 3019 2214 3089 corporibus

649 3112 904 3176 interire,
946 3128 1124 3182 neque
1175 3113 1473 3183 quidquam
1519 3112 1624 3168 nisi
1674 3113 1821 3180 leges
1876 3112 2210 3167 observant:

2318 1921 2638 1990 φιλοσοφίας
2671 1920 2805 1973 ὁδῶν
2837 1921 2932 1989 (ὡς
2971 1921 3062 1971 καὶ
3089 1919 3326 1987 πρόσθεν
3360 1914 3607 1986 εῖρηται)
3642 1915 3743 1982 τῆς
3781 1910 3876 1963 τῶν

2331 2013 2627 2082 Ἐσσηνῶν,
2661 2011 2760 2080 τῆς
2793 2010 2901 2063 τῶν
2923 2010 3258 2082 Φαρισαίων,
3320 2008 3416 2060 καὶ
3467 2006 3569 2076 τῆς
3609 2005 3716 2057 τῶν
3752 2003 3874 2056 Σαδ-

2319 2105 2608 2169 δουκαίων,
2641 2104 2878 2175 τετάρτη
2933 2102 3074 2171 αὐτη
3125 2101 3454 2161 ἐπείσακτος
3502 2097 3656 2168 παρὰ
3701 2095 3876 2149 Σαδὼκ

2319 2201 2412 2254 καὶ
2436 2198 2606 2252 Ἰούδα
2644 2196 3004 2250 κεκαίνισται.
3031 2196 3092 2247 Οἱ
3129 2193 3227 2263 μὲν
3278 2194 3387 2263 γάρ
3424 2193 3708 2263 Φαρισαῖοι
3734 2190 3874 2242 εὐτε-

2319 2292 2425 2354 λῶς
2455 2289 2790 2352 διαιτῶνται,
2831 2288 2940 2340 οὐδ’
2969 2286 3342 2339 ἐπικλίνονται
3384 2283 3519 2353 πρὸς
3543 2283 3605 2335 τὸ
3634 2277 3876 2351 μαλακῶς

2317 2395 2497 2455 τερον,
2535 2381 2662 2453 περί
2683 2398 2742 2432 τε
2765 2378 2876 2434 τῶν
2909 2378 3155 2448 νομίμων
3184 2376 3431 2448 φυλακήν
3454 2376 3594 2429 εἰσιν
3619 2374 3873 2444 ἀκριϐεῖς,

2317 2478 2411 2531 καὶ
2440 2478 2554 2539 τοῖς
2583 2478 2641 2528 ἐν
2671 2476 2820 2545 γήρα
2866 2470 3260 2543 παραχωροῦσι
3309 2469 3505 2545 τιμῆς,
3533 2465 3643 2522 οὐδ’
3683 2465 3874 2520 ἀντιλέ-

2317 2587 2474 2639 γουσι
2509 2568 2757 2638 θρασέως
2813 2568 2928 2629 τοῖς
2990 2565 3122 2634 παρ’
3169 2562 3396 2617 ἐκείνων
3448 2559 3874 2631 είσηγουμένοις.

2318 2659 2677 2730 Εἱμαρμένην
2709 2675 2770 2711 τε
2805 2655 3248 2726 δογματίζοντες,
3284 2653 3377 2707 καὶ
3427 2654 3538 2716 τοῖς
3583 2649 3876 2720 ἀνθρώποις

2316 2754 2525 2808 διδόασι
2554 2751 2630 2822 μὴ
2677 2751 2848 2803 εῖκειν
2885 2749 3007 2810 ταῖς
3036 2744 3247 2815 ταύτης
3300 2745 3521 2814 ὁρμαῖς,
3557 2741 3695 2812 μετὰ
3732 2757 3875 2793 σπου-

2317 2846 2413 2914 δῆς
2443 2842 2903 2913 ἀντιπράττουσιν
2925 2856 2938 2869 ·
2965 2837 3272 2892 ἀθανασίαν
3301 2852 3360 2889 τε
3385 2835 3506 2896 ταῖς
3528 2832 3728 2903 ψυχαῖς
3750 2831 3876 2884 ἀποο

2319 2931 2571 3000 νέμουσι,
2605 2930 2700 2982 καὶ
2733 2925 3049 2989 δικαιώσεις
3076 2923 3432 2994 ὑποχθονίους
3463 2921 3577 2976 τῶν
3617 2919 3875 2992 βεϐιωμέ-

2318 3035 2424 3072 νων
2448 3017 2765 3086 δοξάζουσι·
2796 3016 2864 3070 δι’
2896 3015 2932 3072 ἃ
2966 3019 3078 3081 τοῖς
3145 3032 3206 3068 τε
3252 3015 3446 3088 δήμοις
3494 3015 3602 3067 εἰσὶ
3645 3009 3873 3066 πιθανώ-

2317 3126 2374 3164 τε
2384 3126 2465 3182 ροι
2494 3109 2629 3180 (58),
2663 3111 2754 3164 καὶ
2776 3109 2834 3162 ἐν
2848 3109 3033 3178 εὐχαῖς
3051 3107 3147 3161 καὶ
3170 3108 3450 3178 ποιήσεσιν
3474 3105 3637 3174 ἱερῶν
3657 3103 3877 3162 ἐκείνοις

648 3202 965 3255 senioribus
989 3217 1052 3256 ac
1083 3203 1355 3271 magistris
1385 3202 1667 3272 refragari,
1701 3203 1754 3255 in
1804 3210 1956 3272 parte
1979 3201 2209 3256 virtutis

2328 3202 2567 3270 χρῶνται
2594 3201 2686 3271 ἐξη
2697 3202 2909 3270 γηταῖς.
2930 3199 3279 3253 Σαδδουκαῖοι
3307 3197 3363 3251 δὲ
3388 3198 3586 3268 θνητάς
3609 3193 3875 3261 δοξάζουσι

648 3301 883 3361 ponunt.
915 3290 971 3346 Si
1005 3291 1100 3360 qui
1134 3306 1261 3353 vero
1285 3291 1504 3345 illorum
1554 3291 1620 3344 ad
1671 3291 2018 3361 magistratus
2046 3291 2204 3345 adhi-

649 3383 873 3448 bentur,
906 3382 992 3438 vel
1041 3383 1198 3437 inviti
1233 3383 1610 3440 assentiuntur
1655 3382 1966 3446 Pharisais,
2001 3382 2208 3450 alioqui

649 3477 798 3529 enim
827 3491 856 3529 a
883 3477 1086 3545 populo
1121 3492 1227 3532 non
1258 3477 1641 3532 tolerarentur.
1677 3475 1868 3531 Esseni
1894 3476 2006 3532 Deo
2040 3476 2212 3531 ascri-

651 3568 794 3622 bunt
825 3567 1030 3631 omnia,
1088 3568 1398 3622 animorum
1457 3568 1920 3623 immortalitatem
1957 3567 2212 3633 credunt,

647 3659 914 3730 justitiam
951 3658 1171 3714 colunt:
1202 3659 1426 3713 donaria
1457 3657 1509 3711 in
1551 3657 1811 3726 templum
1845 3657 2088 3719 mittunt,
2118 3656 2213 3710 sed

652 3751 709 3804 in
736 3766 803 3804 eo
854 3766 962 3804 non
1012 3749 1326 3813 immolant,
1365 3748 1434 3803 de
1470 3739 1876 3818 expiationibus
1904 3763 1939 3801 a
1992 3748 2214 3803 caeteris

652 3838 1070 3894 dissentientes.
1146 3838 1303 3895 Unde
1367 3854 1490 3893 cum
1543 3853 1573 3892 a
1629 3837 1908 3894 communi
1976 3840 2217 3894 sacrario

655 3907 964 3995 arceantur,
988 3931 1244 4002 privatim
1276 3930 1607 3994 sacrificant,
1631 3929 1848 3984 labores
1871 3930 2219 4000 agricultura

655 4032 984 4089 capessunt,
1045 4037 1132 4076 res
1181 4035 1502 4076 communes
1555 4019 1781 4074 habent.
1841 4017 2004 4091 266
2039 4019 2219 4085 Quare

657 4114 816 4169 dives
855 4115 1103 4167 omnium
1167 4114 1516 4184 pauperrimo
1566 4113 1740 4166 nihilo
1793 4113 1928 4167 vivit
1974 4113 2218 4168 lautius:

655 4222 838 4277 neque
869 4221 1068 4261 uxores
1114 4205 1346 4267 ducunt,
1385 4220 1565 4274 neque
1613 4220 1803 4260 servos
1837 4212 2032 4259 emunt
2063 4222 2078 4257 ι
2114 4204 2222 4260 hoc

657 4300 910 4367 iniquum
943 4315 1065 4354 esse
1094 4299 1222 4364 rati,
1255 4297 1393 4354 illud
1425 4297 1718 4353 discordiae
1769 4297 2220 4362 incitamentum;

659 4392 754 4445 sed
785 4382 954 4445 vitam
985 4399 1210 4461 agentes
1238 4388 1562 4453 solitariam,
1593 4388 1684 4441 alii
1730 4389 1853 4444 aliis
1880 4387 2220 4442 ministrant.

657 4483 973 4548 Quaestores
1001 4492 1058 4538 et
1083 4491 1244 4537 terra:
1276 4481 1517 4552 frugum,
1546 4486 1602 4535 et
1625 4494 1816 4534 eorum
1855 4497 1976 4550 qua:
2003 4479 2224 4535 aliunde

2327 3293 2430 3356 τὰς
2464 3293 2667 3363 ψυχὰς,
2708 3293 2804 3347 καὶ
2836 3291 3037 3355 ταύτας
3070 3292 3184 3354 τοῖς
3233 3289 3449 3361 σώμασι
3488 3285 3875 3355 συνδιαφθείρε-

2318 3386 2441 3442 σθαι
2457 3386 2696 3454 λέγουσι.
2716 3384 2828 3439 Καὶ
2850 3385 2882 3455 ἡ
2913 3384 3021 3438 τῶν
3044 3383 3223 3453 νόμων
3247 3384 3431 3446 αὐτοῖς
3457 3381 3517 3435 οὐ
3552 3380 3875 3451 παρατηρεῖ-

2316 3477 2734 3549 ταιπαράόασις
2756 3476 2891 3547 (59),
2916 3478 3006 3529 καὶ
3029 3476 3089 3529 τὸ
3119 3475 3254 3544 πρὸς
3276 3475 3402 3538 τοὺς
3423 3475 3774 3544 γεραιτέρους
3791 3471 3874 3524 καὶ

2319 3571 2441 3633 τοὺς
2458 3570 2810 3633 διδασκάλους
2825 3570 3022 3630 αὐτοὺς
3037 3568 3340 3636 ἀντιλέγειν
3359 3566 3797 3636 ἀρετὴν-οἴονται.
3820 3564 3874 3614 Ei

2321 3663 2378 3716 δέ
2409 3678 2554 3725 τινες
2588 3661 2771 3714 αὐτῶν
2795 3663 2872 3723 είς
2904 3660 3079 3730 ἀρχάς
3107 3659 3335 3724 ἔλθοιεν,
3369 3655 3748 3728 προσχωροῦσι
3775 3655 3874 3714 τοῖς

2321 3753 2429 3808 τῶν
2457 3753 2768 3823 Φαρισαίων
2800 3751 2982 3818 λόγοις
3045 3751 3138 3824 κα).
3189 3735 3414 3810 ἄκοντες
3442 3765 3456 3778 ·
3490 3748 3549 3800 οὐ
3579 3749 3689 3818 γὰρ
3715 3746 3874 3804 άλλως

2323 3845 2543 3900 ἀνεκτοὶ
2597 3843 2820 3897 δοκοῦσι
2873 3843 2990 3904 τοῖς
3042 3839 3330 3911 πλήθεσιν.
3398 3837 3653 3906 Ἐσσηνοὶ
3714 3837 3764 3888 δὲ
3797 3832 3874 3886 ἐπὶ

2325 3937 2446 4008 Θεῷ
2483 3939 2550 3990 τά
2581 3938 2763 3991 πάντα
2794 3934 3157 4006 πεποίηνται·
3190 3932 3493 3994 ἀθανάτους
3535 3931 3768 4001 ἥγηνται
3791 3927 3874 3988 τὰς

2324 4028 2532 4100 ψυχάς·
2574 4027 2668 4080 τοῦ
2697 4027 2914 4082 δικαίου
2964 4025 3313 4095 ἀντέχονται.
3385 4023 3742 4093 Ἀναθήματα
3787 4021 3874 4089 μὲν

2327 4124 2408 4186 είς
2437 4121 2496 4175 τὺ
2528 4119 2675 4191 ἱερὸν
2709 4117 3041 4182 στέλλουσιν,
3066 4116 3126 4169 οὐ
3162 4116 3270 4186 μήν
3298 4131 3362 4184 γε
3405 4114 3502 4168 καὶ
3534 4112 3742 4180 θύουσι,
3771 4113 3875 4164 δια-

2330 4215 2626 4284 φερόμενοι
2655 4208 2982 4273 τοῖςιάλλοις
3015 4209 3144 4279 περὶ
3172 4205 3474 4278 ἁγνισμῶν.
3517 4207 3614 4261 Διδ
3637 4207 3737 4261 καὶ
3771 4206 3871 4274 clp-

2330 4304 2551 4375 γόμενοι
2571 4288 2666 4355 τοῦ
2688 4299 2872 4356 κοινοῦ
2901 4318 2959 4354 τε
2968 4299 3323 4371 μινίσματος,
3338 4299 3422 4369 ἐφ’
3444 4299 3659 4355 ἑαυτῶν
3683 4300 3875 4354 θύουσι·

2331 4395 2426 4448 καὶ
2445 4392 2538 4446 ἐπὶ
2563 4391 2758 4454 πόνους
2777 4391 3121 4460 γεωργικοὺς
3144 4391 3460 4460 τρέπονται,
3479 4389 3636 4443 κοινά
3661 4389 3728 4442 τὰ
3754 4389 3873 4458 χρή-

2335 4505 2483 4560 ματα
2539 4485 2778 4556 ἔχουσιν.
2809 4482 2968 4537 Ὀθεν
2997 4483 3148 4538 οὐδέν
3169 4499 3221 4536 τι
3257 4483 3422 4536 πλέον
3452 4484 3482 4538 δ
3512 4481 3761 4544 πλούσιος
3780 4479 3871 4533 τῶν

659 4573 990 4636 aﬂ‘eruntur,
1021 4575 1327 4645 designant.
1357 4573 1563 4640 Quarta
1593 4579 1741 4627 secta
1777 4585 1901 4626 cum
1935 4571 2219 4627 Pharisaeis

2330 4579 2550 4635 οἰκείων
2575 4575 2843 4632 ἀπολαύει
2905 4574 3055 4646 παρὰ
3090 4574 3182 4628 τὸν
3208 4573 3353 4630 πάνυ
3391 4573 3745 4631 πενέστατον.
3777 4570 3871 4626 Καὶ

661 4671 856 4743 caetera
885 4657 1178 4726 consentit,
1201 4661 1583 4718 sedlibertatis
1599 4661 1706 4716 alte
1729 4658 1957 4714 inﬁxum
1980 4673 2219 4714 amorem

2326 4672 2450 4728 οὐτε
2501 4671 2750 4742 γαμετὰς
2806 4669 3144 4736 είσάγονται,
3179 4666 3304 4722 οὐτε
3361 4666 3586 4732 δούλους
3633 4666 3870 4726 κτῶνται,

660 4755 803 4825 gerit
828 4754 1036 4824 “:‘cujus
1058 4755 1286 4820 alumni,
1309 4755 1485 4810 solum
1516 4753 1818 4824 principem
1849 4761 1904 4808 et
1931 4751 2219 4808 Dominum

2323 4767 2386 4820 τὸ
2414 4766 2512 4836 μὲν
2539 4764 2755 4819 ἀδικίαν
2777 4763 3040 4835 οἰόμενοι,
3069 4762 3168 4835 τὴν
3194 4761 3252 4816 δὲ
3277 4761 3388 4816 τῶν
3409 4761 3688 4831 γυναικῶν
3712 4762 3871 4812 ἐπεισ-

662 4851 833 4904 Deum
874 4847 1170 4918 appellant,
1196 4864 1260 4905 ea
1288 4847 1512 4903 nomina
1553 4847 1797 4903 tribuere
1823 4845 2032 4901 homini
2066 4845 2219 4927 dedi:

2327 4856 2551 4926 αγωγὴν
2611 4855 2855 4918 στάσεως
2902 4853 3158 4924 ἀφορμήν
3179 4869 3192 4883 °
3216 4852 3339 4907 καθ’
3368 4852 3600 4916 ἑαυτοὺς
3616 4852 3685 4906 ,δὲ
3715 4849 3871 4920 βιοῦνο

661 4952 891 5013 gnantes
921 4958 935 4995 :
981 4940 1089 4996 imo
1119 4955 1221 4996 nec
1259 4951 1487 5008 mortes,
1524 4955 1629 4996 nec
1664 4939 1932 5011 supplicia
1975 4939 2127 4994 varia
2165 4947 2219 4994 et

2331 4964 2443 5013 τες,
2466 4947 2725 5018 ἀλλήλοις
2751 4943 3113 5017 ὑπηρετοῦσι,
3159 4947 3258 4997 καὶ
3307 4942 3620 5006 ἀποδέκτας
3656 4942 3759 4995 τῶν
3788 4940 3869 5008 τῆς

661 5035 870 5090 atrocia
907 5036 1248 5096 recusantes,
1278 5047 1350 5086 ne
1400 5033 1469 5086 ab
1504 5032 1758 5088 instituto
1803 5045 1904 5086 suo
1939 5030 2219 5123 recedant.

2333 5038 2439 5109 γῆς
2465 5038 2697 5110 καρπῶν
2741 5039 2836 5092 καὶ
2871 5036 2981 5089 τῶν
3010 5034 3233 5091 ἄλλοθεν
3285 5031 3668 5123 κομίζομένων
3711 5030 3867 5093 αὐτοῖς

661 5122 802 5178 llinc
829 5124 1066 5194 populus
1090 5121 1358 5179 Iudaicus
1384 5137 1452 5178 ex
1487 5122 1744 5178 amentia:
1772 5123 1967 5177 morbo
1985 5118 2219 5179 indeso

2336 5127 2798 5197 προχειρίζονται.
2868 5126 2933 5179 Ἦ
2981 5123 3041 5178 δέ
3088 5122 3347 5194 τετάρτη,
3401 5118 3470 5198 ἧς
3531 5123 3560 5178 6
3613 5121 3866 5181 Γαλιλαῖος

1827 5250 2034 5338 Varia;
2062 5252 2368 5320 lectiones
2399 5263 2460 5318 et
2491 5259 2678 5316 nota.

732 5383 845 5446 (57)
885 5381 997 5441 Τοῦ
1042 5379 1355 5461 ἀρχιερέως
1396 5378 1577 5444 ἰῶαςι⁸
1624 5378 1704 5434 Ita
1731 5378 1895 5433 etiam
1925 5381 2049 5434 cod.
2084 5381 2215 5452 Reg.

741 5454 957 5482 βλημα.-.
1035 5465 1195 5482 annm
1216 5459 1380 5482 Aliam
1407 5465 1505 5482 ιιι-η
1535 5449 1687 5482 ’ῐιῖινη
1703 5466 1788 5482 ..ου
1825 5449 1920 5482 ant.
1956 5450 2218 5482 ῐηεΔ-ιιιηι.

2325 5386 2464 5441 infra
2492 5399 2595 5482 pro
2617 5383 3000 5482 γεραιτέρους,
3023 5381 3419 5456 πριςυτέρους.
3449 5380 3519 5436 Et
3540 5394 3641 5450 pro
3663 5379 3866 5442 ἔλθοιεν,

660 5465 717 5509 ct
741 5454 1009 5515 Colbert.,
1035 5449 1381 5524 s_upra_etiam
1407 5465 1505 5521 pro
1535 5449 1807 5524 Ἰώζαρος.
1825 5449 2220 5524 δςάᾃιᾳεθρὶιιξς
2325 5449 2718 5524 περιπέσοιὲνξ,

662 5527 738 5604 i_bi
773 5525 1027 5604 Ἰώζαρος
1048 5518 1384 5604 habebat..'et
1408 5518 1717 5604 postremas
1753 5518 2219 5604 Archelai‘ponti-

2399 5518 2524 5604 (δίη
2543 5527 2650 5580 Καί
2683 5518 2874 5604 ’τῶν
2900 5526 3101 5592 νόμων
3123 5523 3328 5604 αὐτοῖς
3367 5523 3439 5578 οὐ
3465 5521 3860 5604 ἕῳαττιρσῖται

664 5596 752 5649 fex
779 5611 889 5649 non
915 5589 1112 5656 ,⁵Ιώας,
1143 5589 1238 5664 sed
1285 5589 1490 5664 Ἰησοῦς
1516 5592 1609 5643 τοῦ
1650 5592 1739 5644 Σίε
1783 5606 1944 5664 supra
1988 5589 2215 5664 dicitur.

2326 5589 2680 5662 παράϐασις.
2710 5589 3003 5654 Ῥυι-ιοεεὲ.
3041 5594 3299 5664 νομίμων,
3332 5589 3654 5664 παράδοσις,
3686 5589 3865 5664 Rm!!!

661 5664 933 5735 Josephus
964 5677 1096 5716 vero
1143 5658 1671 5735 iterum‘Joaaarum
1717 5658 1954 5735 appellat
1986 5663 2222 5735 hisver-
2329 5658 2649 5735 traditiones
2667 5682 2767 5720 non
2794 5664 3084 5735 observant.
3108 5658 3378 5735 Iosephus
3404 5658 3571 5720 habet
3595 5658 3857 5735 είουλακῇς

666 5733 752 5787 bis
774 5729 808 5805 ις
839 5734 1130 5805 [ἱείσαχτος
1177 5730 1376 5805 afﬁci);
1423 5729 1517 5805 ’ξοῦ
1550 5729 1852 5801 ἀρχιερέως
1900 5734 2219 5799 Ἰωαζάρου,
2329 5731 2385 5787 δὲ
2419 5736 2670 5805 οὐδαμῶν
2717 5733 2882 5786 τινῶν
2935 5729 3318 5805 μεταποίησις,
3364 5737 3621 5805 αὐτοῖςκὴ
3657 5735 3759 5789 τῶν
3789 5729 3854 5781 νό-

893 5802 953 5876 Et
976 5795 1138 5876 οὗτος
1167 5794 1393 5876 υίὸς
1783 5875 1786 5876 ν
1837 5794 1844 5796 ἡ
2035 5794 2067 5837 ⁷-
2105 5794 2118 5799 ⁷
2147 5875 2156 5876 7
2206 5794 2215 5799 ⁷

2333 5823 2473 5876 μων.
2501 5794 2671 5871 Quem
2716 5805 2776 5858 in
2802 5794 3068 5859 vertendo
3089 5794 3311 5863 secutus
3338 5820 3480 5862 sum.
3509 5804 3599 5860 ιν.

738 5872 851 5946 (58)
881 5870 1288 5941 Πιθανώτεροι.
1332 5870 1468 5928 Cod.
1509 5870 1665 5927 Coll).
1701 5875 2083 5930 πιθανωτατοι.
2141 5875 2220 5930 lta
2334 5870 2378 5891 ’“
