3988 6328
142 443 228 507 473
1369 437 1779 502 ANNALIUM
1821 439 1979 499 LIB.
2024 439 2126 502 VI.

3235 435 3340 501 474

138 547 270 627 ἀνδρῖ
298 555 460 627 μηδὲν
478 555 651 626 αὐτῆς
673 555 751 619 είς
771 554 1002 609 ἕκαστον
1023 554 1133 608 τῶν
1157 554 1338 607 καλῶν
1362 551 1668 606 ἀποδέοντι.

1779 561 1966 622 captus
2032 551 2229 608 Decius
2297 551 2550 617 Mundus,
2614 552 2758 608 inter
2815 552 3028 625 equites
3077 553 3338 624 dignitate

137 649 324 718 Ταύτης
351 648 493 702 ἑάλω
522 648 598 716 τῷ
624 648 788 718 ἔρωτι
819 649 1009 711 Δέκιος
1025 647 1287 711 Μοῦνδος,
1316 648 1376 699 ἐν
1394 644 1666 714 ἀξιώματι

134 740 194 792 ὢν
222 740 431 810 μεγάλῳ
457 741 568 794 τῶν
622 740 745 792 τότε
793 733 1033 802 ἱππέων,
1067 741 1160 792 καὶ
1217 739 1415 806 ἐπείρα
1449 737 1665 808 δώροις.

132 831 291 882 Εἴκοσι
321 831 428 899 γὰρ
468 830 737 901 μυριάδας
771 831 1032 901 δραχμῶν
1075 831 1340 884 Ἀττικῶν
1366 830 1525 897 εὐνῆς
1559 827 1667 880 ἐδί-

127 919 202 972 δου
244 922 387 988 μιᾶς.
425 922 491 973 Ἥ
552 922 608 974 δὲ
662 923 762 975 οὐκ
829 923 1093 992 ἠνείχετο.
1145 923 1413 984 Κάκεῖνος
1467 920 1670 989 ἐξῆπτο

128 1010 266 1063 πλέον
296 1012 370 1074 είς
401 1011 605 1082 ἔρωτα,
636 1011 777 1066 ὥστε
828 1012 1085 1082 βρώσεως
1124 1015 1302 1082 ἀποχῇ
1335 1013 1512 1083 ἑαυτῷ
1534 1029 1672 1082 μνη-

130 1102 386 1156 στιύεσθαι
418 1103 673 1159 θάνατον.
716 1100 825 1158 Ἦν
876 1104 933 1157 δὲ
965 1104 1141 1172 τούτῳ
1185 1103 1530 1173 ἀπελευθέρα
1565 1119 1671 1156 πα-

127 1195 255 1265 τρῴα
287 1195 396 1263 Ἴδη
424 1196 761 1267 καλουμένη,
794 1196 1068 1251 παντοίων
1091 1197 1229 1267 ἴδρις
1258 1194 1471 1250 κακῶν.
1513 1193 1664 1264 Δῦτη

128 1286 276 1348 οὕτως
301 1287 494 1356 ἔχοντα
523 1292 616 1341 τδν
662 1287 882 1341 νεανίαν
911 1290 1118 1359 ὁρῶσα,
1163 1287 1531 1359 ἀναθαρσύνει
1573 1288 1661 1341 λόο

129 1396 246 1446 γοις,
283 1381 378 1433 καὶ
415 1379 774 1450 ἀναζωπυροῖ
805 1381 1156 1449 ὑποσχέσεσι,
1197 1382 1357 1432 πέντε
1391 1380 1670 1449 μυριάδων

128 1471 241 1540 αὐτῇ
299 1471 516 1541 δεήσειν
555 1470 792 1537 λέγουσα
845 1470 1041 1538 μόνων,
1110 1471 1251 1522 ὥστε
1297 1469 1395 1540 τὴν
1471 1469 1672 1540 πρᾶξιν

127 1563 250 1632 αὖτῷ
283 1564 756 1635 κατεργάσασθαι.
809 1564 916 1617 Καὶ
945 1561 1190 1616 λαὸοῦσα
1222 1563 1283 1614 τὸ
1317 1562 1541 1629 αἰτηθὲν
1568 1565 1673 1633 ἀρ-

127 1654 309 1723 γύριον,
365 1656 489 1708 ἐπεὶ
526 1656 625 1726 οὑχ
673 1656 885 1725 ἀλωτὴν
924 1654 1072 1726 ἐώρα
1126 1655 1224 1724 τὴν
1258 1655 1530 1707 Παυλῖναν
1556 1657 1671 1718 τοῖς

126 1746 368 1814 χρήμασι,
406 1749 474 1816 τῇ
505 1747 561 1799 δὲ
608 1746 874 1815 θεραπεία
914 1747 1014 1813 τῆς
1048 1745 1240 1806 Ἴσιδος
1263 1745 1280 1814 (
1302 1745 1423 1805 θεὸς
1453 1744 1497 1796 δ’
1532 1743 1670 1814 αῦτη

126 1840 220 1900 τοῖς
260 1839 558 1906 Ῥωμαῖοις
598 1840 718 1892 τότε
761 1840 1072 1906 νενόμιστο)
1119 1839 1230 1908 ᾐδει
1257 1837 1462 1906 ταύτην
1497 1854 1671 1906 προσ-

125 1929 360 1999 κειμένην
414 1930 758 2001 θερμότατα,
816 1929 1068 2000 πρόσεισι
1125 1927 1235 1982 τῶν
1288 1929 1387 1998 τῆς
1441 1907 1747 1996 ψευδοῦςΒ

127 2022 319 2090 ἐκείνης
353 2022 478 2075 θεοῦ
514 2024 704 2092 ἱερέων
724 2023 862 2085 τισὶ,
907 2023 1000 2075 καὶ
1059 2024 1342 2090 χρήμασιν
1388 2021 1684 2074 ἀναπείθει

125 2111 209 2180 τήν
237 2113 502 2166 Παυλῖναν
536 2114 903 2183 ἐξαπατῆσαι,
953 2108 1041 2176 εἷς
1092 2113 1344 2166 δύναιντο
1374 2116 1671 2183 μηχαναῖς,

125 2203 206 2254 καὶ
222 2203 295 2274 τῷ
316 2204 545 2275 Μούνδῳ
567 2206 1017 2272 συγκατακλῖναι.
1039 2204 1104 2259 Οἱ
1122 2205 1200 2269 δὲ,
1226 2205 1544 2274 θελχθέντες
1561 2208 1676 2267 τοῖς

127 2295 379 2363 χρήμασι,
412 2297 479 2365 τῇ
511 2295 707 2365 πράξει
739 2295 1029 2348 ἐπέϐαλον.
1077 2296 1188 2347 Καὶ
1225 2295 1407 2348 αὐτῶν
1434 2297 1460 2347 ὀ
1487 2297 1675 2364 γεραί-

125 2402 291 2452 τατος,
318 2388 454 2454 πρὸς
483 2388 583 2456 τὴν
613 2388 897 2439 Παυλῖναν
923 2387 1116 2452 ἐλθὼν,
1155 2388 1248 2439 καὶ
1279 2388 1385 2455 liii;
1414 2389 1550 2457 αὐτῇ
1589 2391 1677 2440 ὲν-

126 2478 309 2548 τυχὼν,
342 2479 528 2546 ἔλεγεν
553 2479 712 2548 ἥκειν
745 2479 996 2549 πεμπτὸς
1032 2479 1136 2531 ὑπὸ
1166 2479 1262 2531 τοῦ
1303 2478 1673 2544 Ἀννούὸιδος,

127 2569 424 2633 κελεύοντος
444 2568 538 2622 τοῦ
562 2569 688 2622 Θεοῦ
711 2570 849 2640 πρδς
870 2569 1034 2622 αὐτὸν
1050 2569 1232 2640 ήκειν,
1255 2569 1426 2637 αὐτῆς
1444 2569 1675 2636 ἐρῶντα.

127 2663 194 2732 Τῇ
223 2661 278 2716 δὲ
305 2665 332 2716 ὁ
379 2661 538 2730 λόγος
592 2661 771 2726 ἔδοξεν
817 2661 1224 2724 εύκταιότατος,
1263 2662 1312 2712 εί
1353 2659 1526 2732 ἐρῷτο
1571 2659 1676 2711 ὑπὸ

127 2755 240 2808 θεοῦ
259 2772 270 2785 ·
322 2755 412 2809 καὶ
435 2755 513 2824 τῷ
549 2754 704 2824 ἀνδρὶ
723 2754 995 2808 κοινοῦται
1025 2754 1086 2806 τὸ
1113 2753 1396 2822 ἀγγελθὲν,
1430 2754 1678 2816 κάκεῖνος

131 2845 432 2916 συνεχώρει,
455 2846 552 2916 τὴν
579 2846 940 2916 σωφροσύνην
960 2845 1244 2914 γινώσκων
1263 2845 1364 2914 τῆς
1396 2844 1674 2912 γυναικός.

137 2935 395 3003 Ἀπῆλθεν
442 2931 539 2987 οὖν
590 2936 670 2996 είς
699 2935 758 2986 τὸ
789 2936 1039 3003 τέμενος,
1072 2937 1166 2987 καὶ
1189 2935 1262 2996 ὡς
1289 2933 1456 2987 ὕπνου
1489 2934 1678 3004 καιρὸς

127 3021 206 3096 ἦν,
233 3027 374 3080 ἔνδον
421 3027 481 3079 ὲν
534 3026 610 3096 τῷ
645 3027 757 3096 ναῷ
811 3029 877 3098 τῇ
920 3027 1143 3094 γυναικὶ
1172 3026 1504 3095 καθευδῆσαι
1531 3027 1678 3095 ἡτοί-

132 3136 312 3187 μαστο,
343 3121 438 3173 καὶ
467 3118 539 3172 τὰ
566 3117 737 3189 λύχνα
793 3118 1147 3173 κατέσϐεστο.
1188 3117 1249 3170 Ὀ
1277 3117 1404 3186 γοῦν
1434 3116 1676 3178 Μοῦνδος

129 3209 552 3278 (προεκέκρυπτο
594 3209 704 3278 γὰρ
743 3209 879 3278 ἐκεῖ)
916 3206 1208 3278 παννύχιον
1239 3206 1543 3276 ὲνεφορήθη
1577 3207 1674 3258 αὑ-

127 3301 236 3370 τῆς,
264 3301 335 3365 ὡς
363 3301 653 3364 ’Δννουὸις
684 3302 820 3371 αύτῇ
853 3301 1315 3371 προσφερόμενος.
1347 3297 1477 3353 Εἶτα
1506 3301 1533 3352 ὁ
1577 3299 1676 3368 μὲν

129 3394 351 3462 ἀπῆλθεν
384 3409 397 3422 ·
434 3396 468 3464 ή
499 3395 577 3457 δὲ,
605 3393 736 3460 πρὸς
774 3393 864 3445 τὸν
890 3393 1058 3461 ἄνδρα
1083 3394 1412 3462 φοιτήσασα,
1438 3393 1679 3458 διηγεῖτο

130 3485 265 3555 αὐτῷ
313 3485 413 3555 τὴν
469 3486 797 3553 ἐπιφάνειαν
853 3481 948 3536 τοῦ
995 3483 1354 3546 Ἀννούὸιδος,
1392 3483 1486 3535 καὶ
1540 3483 1677 3551 πρὸς

127 3576 214 3639 τὰς
245 3578 494 3649 συνήθεις
528 3576 992 3647 ἔνελαμπρύνετο,
1022 3576 1096 3638 ὡς
1136 3575 1350 3644 ὁμιλίας
1381 3573 1679 3637 ἀξιωθεῖσα

130 3665 261 3720 θεοῦ.
295 3669 464 3740 Τρίτῃ
496 3669 552 3721 δὲ
585 3667 722 3738 μετά
747 3668 846 3736 τὴν
874 3665 1078 3733 πρᾶξιν
1104 3667 1287 3738 ἡμέρα
1338 3666 1678 3735 συναντήσας

128 3760 152 3810 ὀ
173 3758 284 3813 Μοῦ
298 3760 403 3822 ιδος
426 3761 590 3828 αύτῇο
610 3757 904 3821 Παυλῖνα,
923 3751 1090 3826 φησὶξ
1102 3757 1197 3809 καί
1229 3759 1334 3820 τὰς
1354 3758 1548 3810 εἴκοσι
1567 3775 1681 3825 μυ-

125 3851 313 3917 ριάδας
333 3853 471 3918 ἔχω,
500 3850 597 3904 καὶ
626 3852 706 3904 σύ
731 3867 832 3920 μοι
856 3851 1080 3903 τούτων
1100 3847 1441 3916 διηκονήσω
1470 3847 1676 3914 χωρίς.

133 3941 186 3993 'A
212 3941 278 3992 δὲ
301 3943 452 4009 πρὸς
479 3939 760 3994 Μοῦνδον
782 3939 1095 4008 ἐξὺὄριζες,
1119 3940 1346 3992 τούτων
1371 3937 1555 3991 οὐδέν
1571 3954 1677 4006 μοι

127 4033 519 4100 προσήπτετο.
555 4034 878 4088 Ἀννουὸιν
892 4033 1082 4101 ὄνομα
1106 4030 1326 4100 θεμένῳ
1355 4028 1533 4092 αὐτῷ.
1579 4029 1674 4082 Ἐκ

127 4129 320 4179 τούτων
344 4129 423 4188 είς
455 4126 666 4178 ἔννοιαν
708 4125 940 4178 ἐλθοῦσα
961 4125 1052 4176 τοῦ
1074 4126 1424 4192 τολμήματος
1451 4124 1484 4192 ἡ
1514 4123 1675 4192 γυνὴ,

129 4217 552 4284 περιρρήγνυται
591 4213 689 4278 τὴν
722 4213 934 4282 στολὴν,
967 4214 1058 4265 καὶ
1086 4212 1163 4282 τῷ
1195 4213 1346 4282 ἀνδρὶ¹
1390 4212 1578 4282 ἐδήλου
1615 4211 1676 4264 τὸ

127 4307 506 4375 ἐπιϐούλευμα.
559 4305 619 4358 '0
649 4305 704 4357 δὲ
733 4304 810 4374 τῷ
863 4304 1098 4373 Τιϐερίῳ
1155 4304 1448 4375 προσῆλθε.
1504 4305 1612 4356 Καὶ
1650 4305 1679 4355 ὁ

129 4399 496 4469 αὐτοκράτωρ,
531 4396 793 4463 ἐξετάσας
815 4396 875 4449 τὸ
906 4395 1150 4463 γεγονὸς,
1183 4396 1307 4457 τοὺς
1364 4395 1464 4462 μὲν
1513 4394 1677 4463 ἱερεῖς

1773 651 2063 713 praestans,
2102 645 2349 707 mulieris
2379 645 2692 715 pudicitiam
2724 647 3046 700 muneribus
3077 645 3341 699 sollicita-

1773 735 1886 800 bat,
1921 751 1981 790 cc
2015 736 2183 790 millia
2207 737 2588 792 drachmarum
2604 736 2905 791 Atticarum
2929 753 3027 807 pro
3067 752 3177 791 uno
3206 751 3343 791 con-

1775 825 1965 880 cubitu
2015 826 2298 895 pollicens.
2352 828 2535 896 anue
2588 838 2894 890 recusante,
2937 843 3120 882 amore
3149 827 3346 896 magis

1776 917 2239 983 inﬁammabatur,
2265 917 2401 972 adeo
2430 926 2489 972 ut
2522 919 2854 974 abstinentia
2883 920 3128 973 ciborum
3151 932 3346 972 necem

1776 1008 1879 1067 sibi
1921 1009 2265 1064 consciscere
2306 1011 2638 1064 institueret.
2667 1011 2912 1064 IIabebat
2947 1020 3128 1064 autem
3161 1016 3347 1078 pater-

1776 1117 1900 1156 nam
1923 1103 2171 1156 libertam
2195 1103 2418 1156 nomine
2440 1104 2592 1168 Iden,
2615 1103 2795 1158 omnis
2828 1103 3047 1172 generis
3076 1102 3348 1156 malorum

1774 1196 2027 1264 peritam.
2064 1193 2139 1248 Ea
2170 1194 2572 1248 adolescentem
2604 1196 2684 1249 sic
2714 1194 2969 1248 allectum
3002 1194 3190 1248 verbis
3207 1209 3349 1248 conn

1776 1288 1975 1352 ﬁrmat,
2005 1294 2061 1341 et
2103 1285 2590 1355 pollicitationibus
2632 1286 2920 1357 refocillat,
2963 1301 3027 1340 ac
3063 1284 3166 1340 sibi
3209 1284 3350 1340 dun-

1778 1389 1924 1438 taxat
1945 1382 2303 1454 quinquagies
2330 1382 2476 1436 mille
2498 1380 2776 1436 drachmis
2797 1395 2934 1450 opus
2967 1368 3090 1436 esse
3120 1381 3252 1436 dicit
3275 1381 3348 1435 ad

1778 1493 1893 1532 rem
1955 1474 2374 1531 conﬁciendam.
2435 1473 2645 1540 Quibus
2698 1473 2958 1542 acceptis,
3011 1487 3134 1526 cum
3201 1472 3348 1525 illam

1777 1569 2007 1638 pecunia
2044 1583 2153 1621 non
2191 1566 2491 1636 expugnari
2523 1581 2684 1636 posse
2733 1571 3007 1625 cerneret,
3051 1562 3145 1617 sed
3174 1560 3348 1624 cultui

1777 1660 1936 1716 Isidis
1971 1661 2056 1726 (ea
2098 1669 2210 1713 tum
2242 1676 2271 1713 a
2302 1660 2564 1713 Romanis
2606 1674 2704 1727 pro
2740 1657 2864 1711 diva
2896 1654 3198 1724 colebatur)
3229 1667 3350 1708 esse

1778 1751 2171 1807 deditissimam
2199 1770 2214 1806 :
2244 1749 2508 1820 quosdam
2541 1749 2688 1802 falsae
2720 1748 2868 1800 illius
2897 1747 3014 1800 dere
3037 1745 3352 1800 sacerdotes

1776 1845 2054 1908 convenit,
2125 1843 2414 1913 pecuniam
2472 1840 2652 1902 offert,
2707 1849 2768 1893 ut
2817 1838 3099 1908 Paulinam
3149 1835 3354 1906 quibus

1775 1939 1983 2008 possint
2036 1937 2175 1992 dolis
2220 1938 2691 1995 circumventam,
2742 1932 2943 1985 Mundo
2996 1929 3082 1984 sui
3137 1928 3352 1996 copiam

1775 2029 1953 2085 facere
1977 2037 2193 2098 cogant.
2223 2028 2305 2080 Illi
2336 2026 2566 2096 pecunia
2600 2025 2812 2079 deliniti
2836 2062 2849 2084 ,
2909 2024 3121 2078 facinus
3153 2036 3349 2092 aggre-

1776 2122 2004 2177 diuntur
2032 2134 2258 2174 :eorum
2313 2126 2440 2172 natu
2489 2117 2757 2171 maximus
2791 2115 3075 2169 Paulinam
3122 2111 3349 2168 seorsim

1777 2209 2055 2273 convenit,
2112 2222 2171 2262 se
2231 2206 2301 2260 ab
2352 2205 2625 2268 Anubide,
2681 2205 2854 2274 ipsius
2913 2217 3102 2258 amore
3161 2210 3348 2270 capto,

1777 2303 2005 2356 missum
2050 2315 2169 2354 esse
2198 2298 2484 2368 proﬁtetur
2507 2306 2566 2350 ut
2597 2311 2716 2350 eam
2768 2302 3096 2350 accerseret.
3141 2294 3359 2348 Mulieri

1777 2409 1840 2448 ea
1873 2393 2040 2448 verba
2061 2391 2401 2460 optatissime
2427 2389 2766 2450 acciderunt,
2792 2388 2836 2442 si
2866 2404 2896 2441 a
2918 2389 3020 2442 deo
3038 2395 3350 2441 amaretur:

1777 2495 1833 2542 et
1885 2487 2139 2540 nuntium
2186 2483 2338 2538 illum
2373 2498 2499 2537 cum
2551 2483 2748 2536 marito
2778 2482 3163 2542 communicat,
3192 2475 3353 2546 269

1777 2577 1872 2648 qui
1922 2592 2125 2647 gnarus
2176 2573 2458 2629 modestia:
2509 2573 2759 2642 conjugis
2814 2587 2935 2626 eam
2992 2571 3144 2625 abire
3197 2569 3351 2623 sinit.

1776 2668 1914 2722 Cum
1975 2668 2027 2720 in
2092 2667 2354 2735 templum
2408 2666 2667 2728 venisset,
2742 2663 2845 2717 sub
2900 2661 3076 2717 somni
3141 2671 3355 2729 tempus

1779 2759 1995 2814 mulieri
2043 2759 2098 2812 in
2149 2759 2264 2828 ipsa
2317 2757 2432 2811 ade
2471 2758 2647 2811 lectus
2701 2764 2942 2824 paratur,
2973 2755 3212 2806 lucernze
3255 2769 3350 2806 ex-

1781 2851 2162 2920 stinguuntur.
2197 2847 2557 2917 Mundusjam
2588 2859 2745 2900 antea
2765 2844 2838 2898 ibi
2866 2844 3105 2904 abditus,
3137 2859 3235 2910 per
3265 2853 3349 2895 to-

1782 2952 1888 2997 tam
1933 2948 2174 3005 noctem,
2225 2939 2329 2994 sub
2373 2937 2642 2990 Anubidis
2695 2935 2917 2990 nomine
2972 2933 3200 2993 libidine
3252 2947 3350 2987 sua

1780 3034 2018 3102 expleta,
2050 3029 2306 3086 discedit.
2341 3029 2438 3083 Illa
2481 3040 2723 3089 reversa,
2759 3023 3030 3078 Anubidis
3051 3021 3350 3091 apparitio-

1780 3140 1905 3181 nem
1956 3125 2150 3178 marito
2201 3130 2406 3184 narrat,
2445 3118 2588 3188 apud
2626 3115 2922 3171 familiares
2953 3113 3020 3167 de
3055 3125 3348 3180 congressu

1779 3214 1867 3269 dei
1892 3215 2177 3285 gloriatur.
2207 3212 2311 3266 Sed
2333 3209 2498 3265 tertio
2517 3216 2639 3278 post
2667 3205 2721 3260 id
2747 3205 2959 3260 facinus
2978 3202 3086 3263 die,
3118 3199 3350 3254 Mundus

1779 3309 1830 3362 ei
1857 3305 2074 3361 obviam
2134 3303 2312 3356 factus
2361 3318 2376 3354 :
2431 3298 2686 3362 Paulina,
2752 3296 2952 3364 inquit,
3009 3302 3058 3347 et
3125 3291 3350 3344 ducenta

1780 3397 1953 3452 millia
1983 3394 2164 3456 habeo,
2205 3401 2254 3445 et
2283 3401 2339 3444 tu
2371 3389 2496 3443 mihi
2532 3387 2698 3458 gratis
2735 3384 2936 3456 gessisti
2963 3398 3178 3436 morem.
3231 3378 3350 3432 Tua

1779 3505 1900 3542 vero
1926 3504 2051 3554 erga
2075 3463 2346 3539 'Mundum
2379 3481 2580 3550 injuria
2609 3494 2690 3532 me
2728 3493 2831 3531 non
2858 3475 3051 3541 attigit,
3086 3469 3350 3541 quiAnu-

1779 3579 1913 3631 bidis
1935 3591 2122 3629 nomen
2139 3575 2248 3643 ipse
2270 3572 2392 3624 mihi
2415 3570 2643 3637 fecerim.
2669 3566 2712 3619 E
2731 3565 2933 3636 quibus
2952 3562 3134 3617 verbis
3154 3559 3352 3613 mulier

1781 3669 2061 3724 intellecto
2091 3665 2353 3722 facinore.
2380 3663 2626 3716 vestibus
2669 3658 2926 3714 laceratis
2974 3654 3172 3709 marito
3218 3651 3352 3705 insi-

1781 3762 1899 3815 dias
1932 3757 2154 3812 indicat.
2190 3756 2242 3810 Is
2275 3753 2419 3822 apud
2444 3750 2721 3806 Tiberium
2754 3745 3128 3816 conqueritur.
3173 3743 3352 3810 Impe-

1780 3857 1932 3900 rator
1984 3845 2243 3907 facinore,
2279 3848 2580 3909 comperto,
2630 3836 2941 3892 sacerdotes
2987 3842 3044 3888 et
3095 3832 3225 3886 Iden
3291 3831 3349 3886 in

1780 3951 1971 3994 cruces
2003 3934 2160 3998 tollit,
2205 3932 2378 3986 aedem
2419 3929 2634 3994 diruit;
2689 3926 2852 3982 Isidis
2890 3909 3248 3980 simulacrum
3294 3922 3361 3977 in

1779 4028 2022 4084 Tiberim
2043 4024 2333 4095 demergit,
2358 4021 2618 4076 Mundam
2642 4020 2695 4073 in
2713 4018 2967 4073 exsilium
2985 4017 3366 4100 agitlpcenani-

1781 4122 2084 4192 graviorem
2124 4115 2194 4172 ob
2245 4115 2449 4170 amoris
2499 4114 2608 4168 vim
2672 4110 2961 4166 clementia
3016 4100 3350 4160 moderatus.

1781 4213 1909 4266 Hinc
1940 4211 2128 4264 Romae
2156 4216 2276 4261 acta
2309 4214 2455 4260 sunt.
2493 4204 2750 4262 Samaria:
2772 4215 2901 4254 vero
2935 4198 3200 4252 tumultus
3252 4197 3352 4250 liac

1781 4301 1848 4355 de
1876 4312 2038 4353 causa
2069 4295 2298 4350 exstitit.
2336 4293 2567 4360 Quidam
2614 4289 2984 4344 Samaritanos
3012 4285 3350 4341 Garizinium

1783 4400 2024 4447 montem
2057 4386 2360 4444 sanctitatis
2399 4384 2658 4454 Opinione
2705 4380 3120 4436 celeberrimum
3167 4395 3352 4433 secum

127 4491 524 4560 ἀνεσταύρωσε,
555 4490 649 4541 καὶ⁵
704 4490 804 4558 τὴν
841 4490 1008 4555 Ἴδην,
1040 4489 1133 4538 τόν
1181 4504 1238 4538 τε
1269 4487 1395 4538 ναὸν
1431 4485 1673 4552 καθεῖλε,

1783 4482 2153 4540 conscendere
2193 4480 2355 4551 jussit
2394 4495 2408 4531 :
2442 4492 2566 4530 nam
2617 4475 2692 4529 ibi
2734 4491 2792 4529 se
2825 4473 2906 4528 eis
2957 4488 3106 4527 sacra
3151 4486 3274 4523 vasa
3321 4488 3350 4523 a

129 4581 215 4633 xui.
241 4582 302 4633 τὸ
330 4582 428 4651 τῆς
457 4580 654 4642 Ἴσιδος
701 4579 922 4647 ἄγαλμα
950 4580 1029 4638 είς
1065 4578 1153 4628 τὸν
1184 4575 1386 4646 Θύὸριν
1429 4576 1540 4647 (65)
1573 4594 1673 4629 πο-

130 4673 291 4744 ταμὸν
326 4673 704 4735 κατεπόντισε,
730 4673 819 4724 τὸν
835 4671 891 4724 δὲ
922 4670 1160 4724 Μοῦνδον
1190 4675 1334 4740 φυγῇ
1364 4671 1675 4733 ἐδικαίωσε,

131 4767 450 4838 συγγνώμην
469 4765 662 4836 νείμας
679 4764 845 4833 αύτῷ,
866 4765 1006 4816 ὥστε
1044 4764 1116 4833 μὴ
1144 4764 1326 4830 μεῖζον
1347 4762 1678 4830 κολασθῆναι

129 4858 210 4911 διὰ
253 4860 351 4928 τὴν
401 4856 521 4927 βίαν
577 4855 672 4907 τοῦ
708 4853 930 4924 ἔρωτος.
974 4854 1135 4906 Ἀλλά
1166 4853 1334 4904 ταῦτα
1370 4853 1470 4920 μὲν
1501 4854 1558 4906 έν
1610 4855 1675 4923 τῇ

141 4948 322 5019 Ῥώμῃ
353 4949 684 5018 ἐπέπρακτο·
713 4948 768 4998 ὲν
795 4946 849 4998 δὲ
870 4945 1155 5015 Σαμαρείᾳ
1181 4943 1493 5012 συμϐέϐηκε
1525 4944 1679 5015 θόρυ-

133 5037 234 5102 6ος.
276 5038 438 5107 Ἀνήρ
469 5037 578 5108 γάρ
631 5054 712 5100 τις
742 5035 961 5090 ἐκέλευε
1016 5038 1141 5097 τοὺς
1186 5035 1464 5102 Σαμαρεῖς
1506 5035 1681 5087 inici)

134 5127 345 5200 Γαρίζιν
376 5130 499 5200 ὅρος
548 5127 696 5197 αὑτῷ
750 5128 1022 5194 συνελθεῖν
1067 5127 1382 5197 (ἁγνότατον
1431 5125 1487 5177 δὲ
1523 5125 1682 5178 τοῦτο

135 5221 308 5283 αὐτοῖς
327 5219 658 5288 ὑπείληπται
679 5218 784 5271 τῶν
808 5217 994 5289 ὀρῶν),
1020 5220 1116 5271 καὶ
1141 5217 1490 5286 ἀφικομένοις
1514 5219 1682 5286 ἐπηγ-

133 5309 344 5374 γέλλετο
372 5309 494 5381 ίερὰ
525 5307 698 5376 σκεύη
725 5310 1048 5378 ἐμφανίσαι,
1070 5308 1537 5377 κατορωρυγμένα
1563 5310 1679 5360 ἐκεῖ

1786 4577 1934 4631 Mose
1983 4574 2219 4637 defossa,
2269 4579 2617 4626 ostensurum
2665 4582 2806 4621 csse.
2843 4566 2945 4631 Qui
2983 4579 3105 4618 cum
3153 4561 3352 4614 armati

1785 4667 2189 4727 convenissent,
2210 4663 2438 4724 Pilatus,
2466 4659 2710 4714 exercitu
2746 4657 2930 4720 misso,
2962 4654 3100 4707 alios
3127 4651 3352 4714 occidit,

1787 4760 1922 4814 alios
1943 4759 1997 4811 in
2022 4757 2202 4824 fugam
2219 4757 2406 4818 vertit,
2425 4763 2481 4808 et
2504 4750 2839 4821 captivorum
2857 4747 3158 4819 praecipuos
3183 4742 3354 4798 inter-

1783 4850 1938 4906 fecit.
1986 4847 2313 4903 Samaritani
2359 4861 2490 4901 vero
2532 4846 2807 4901 Vitellium
2853 4841 3020 4912 Syriae
3064 4845 3350 4907 praetorem

1786 4939 2146 5006 conveniunt,
2197 4940 2432 4994 Pilatum
2483 4938 2551 4992 ob
2599 4933 2942 5006 popularium
2995 4943 3217 4986 suorum
3251 4938 3362 4977 ca:-

1788 5031 1914 5087 dem
1982 5040 2322 5088 accusantes.
2362 5031 2434 5095 Is,
2487 5027 2740 5082 Marcello
2789 5023 2988 5080 Judaiis
3038 5017 3352 5089 prmposito,

1794 5123 2023 5177 Romam
2071 5123 2152 5177 ire
2197 5123 2429 5176 Pilatum
2457 5121 2628 5190 jubet,
2657 5118 2722 5171 ad
2756 5106 2970 5169 causam
3002 5109 3145 5179 apud
3176 5108 3354 5162 Czesa-

1789 5229 1904 5269 rem
1933 5213 2243 5269 dicendam.
2308 5213 2436 5266 Abit
2477 5213 2588 5274 ille,
2623 5223 2745 5262 cum
2790 5204 3116 5261 decennium
3150 5197 3359 5256 Judznis

1781 5306 2112 5377 praefuisset.
2158 5305 2264 5360 Sed
2299 5313 2590 5372 antequam
2638 5301 2822 5354 Romae
2867 5295 3348 5368 appropinquarci.

1311 5465 1503 5525 Variae
1525 5466 1831 5528 lectiones
1869 5474 1932 5527 et
1971 5474 2165 5528 notas.

198 5590 305 5662 (65)
343 5591 574 5658 Θὺσριν.
598 5661 603 5662 ί
631 5591 722 5646 Sic
781 5603 911 5662 mss.
949 5604 1138 5662 omnes
1170 5604 1301 5662 cum_
1345 5587 1394 5640 θ.
1457 5587 1681 5642 Tiberim

137 5659 386 5720 cﬂerunt.
418 5661 775 5726 Claudianus,
799 5660 899 5714 lib.
933 5675 967 5712 tt
994 5662 1048 5713 in
1080 5659 1394 5746 Eutropium
1419 5674 1435 5709 :

197 5777 261 5831 Ni
285 5793 483 5831 memor
509 5774 715 5843 imperii
743 5773 942 5837 Stilico,
979 5788 1278 5841 morumque
1312 5774 1545 5841 priorum

199 5847 365 5909 Turpe
387 5845 664 5914 relegasset
691 5844 896 5912 defenso
935 5861 962 5896 a
990 5843 1238 5910 Thybride
1277 5857 1485 5909 nomen,

1863 5588 2242 5659 Servatamque
2273 5605 2401 5642 novo
2421 5593 2673 5640 servasset
2711 5583 2923 5636 crimine
2957 5576 3198 5629 Romam.

1788 5691 2038 5760 Pmanius
2071 5706 2122 5756 in
2151 5702 2473 5770 llletaplirasi
2507 5699 2771 5769 Eutropii,
2826 5694 2919 5747 lib.
2959 5710 2970 5744 t
3011 5690 3161 5758 [lg-('1;
3219 5689 3343 5750 rich;

1782 5778 1884 5830 τοῦ
1918 5773 2236 5845 Θύμϐρ.δος
2258 5770 2551 5840 ἐμϐολαῖς.
