3988 6328
573 371 684 432 4ϊὸ
1843 362 2171 428 JOANNIS
2212 361 2540 424 ZONAR/E
3723 354 3826 414 liii)

573 473 831 541 Tiberius
854 482 964 555 jam
992 482 1226 540 obierat.
1244 483 1499 541 Vitellius
1520 498 1652 542 vero
1677 483 1734 542 in
1755 485 1896 544 festo
1921 486 2154 544 Pascha-

2259 481 2364 535 ὑπὸ
2391 475 2691 540 Μωΰσέως·
2721 475 2767 529 οἱ
2801 473 2859 528 δέ
2881 471 3221 545 ἡθροίζοντο,
3247 469 3342 526 καὶ
3371 471 3427 524 ἐν
3453 469 3640 532 ὅπλοις
3667 464 3827 539 ἦσαν,

575 578 643 632 tis
676 574 1062 646 Hierosolymis
1093 577 1377 646 magniﬁce
1400 585 1682 648 exceptus,
1715 577 2001 648 vectigalia
2027 576 2149 635 fru-

2259 573 2492 634 Πιλᾶτος
2513 569 2592 637 δὲ,
2626 566 2961 638 στρατιώτας
2994 564 3241 635 πέμψας,
3275 563 3404 627 τοὺς
3455 562 3554 632 μὲν
3593 561 3824 625 ἔκτεινε,

574 683 699 736 gum
745 665 1258 740 Hierosolymitanis
1285 662 1519 735 remisit,
1554 679 1610 725 et
1643 670 1835 727 stolam
1871 669 2148 739 pontiﬁcis

2260 665 2389 727 τοὺς
2421 663 2477 716 δὲ
2525 661 2794 732 ἐτρέψατο
2825 660 2906 723 είς
2939 658 3143 729 φυγὴν,
3168 659 3263 712 καὶ
3296 657 3405 709 τῶν
3431 654 3825 726 ζωγρηθέντων

575 760 630 812 in
665 759 1112 829 templo‘reponi,
1144 754 1207 816 ac
1241 775 1411 832 penes
1439 763 1751 819 sacerdotes
1775 779 1896 820 esse
1927 773 1987 819 ut
2014 764 2144 818 olim

2258 753 2386 815 τοὺς
2439 749 2773 822 κορυφαίους
2826 747 3155 819 διέφθειρεν.
3192 746 3256 800 Ol
3288 745 3345 799 δέ
3375 746 3653 815 Σαμαρεῖς
3694 743 3827 812 πρὸς

574 865 766 917 passus
798 861 901 917 est,
943 867 1066 906 cum
1099 869 1164 906 ea
1200 836 1522 924 tempestate
1550 855 1602 909 in
1636 855 1872 912 Antonia
1897 870 2145 912 servare-

2265 844 2573 900 Οὐϊτέλλιον
2590 838 2752 915 ἦλθον
2767 842 2966 911 Συρίας
2989 838 3415 911 ἡγεμονεύοντα,
3440 837 3678 892 Πιλάτου
3705 853 3827 889 κατ-

575 951 681 994 tur.
759 942 892 994 Nam
949 942 1164 1012 primus
1232 943 1514 1014 Hyrcanus
1584 944 1830 1014 pontifex
1899 947 2147 1016 proxime

2258 936 2590 1008 ηγοροῦντες
2633 934 2726 987 ἐπὶ
2757 935 2824 1005 τῇ
2854 932 2963 986 τῶν
3006 931 3296 1002 ὁμοφύλων
3329 933 3538 1002 σφαγῇ.
3567 929 3682 983 Καὶ
3707 929 3827 980 Οὐϊ-

574 1030 837 1100 templum
896 1031 1184 1087 aediﬁcavit
1231 1034 1451 1098 turrim,
1511 1035 1566 1088 in
1625 1050 1730 1104 qua
1786 1034 1952 1091 vitam
2014 1035 2146 1106 egit,

571 1118 875 1186 stolamque
904 1120 1262 1189 pontiﬁcium,
1295 1130 1352 1175 ut
1386 1138 1506 1191 quae
1531 1124 1598 1177 ad
1634 1140 1692 1178 sc
1716 1140 1782 1179 ex
1816 1124 1993 1180 otlicio
2027 1143 2151 1196 per-

571 1207 791 1275 tineret,
845 1209 1168 1266 asservavit.
1223 1211 1372 1266 lJem
1426 1213 1590 1268 etiam
1647 1216 1766 1284 ejus
1798 1232 2148 1275 successores

574 1298 771 1352 imitati
798 1308 944 1354 sunt.
973 1298 1076 1356 Sed
1110 1300 1354 1358 Herodes
1378 1305 1572 1360 turrim
1611 1305 1758 1361 illam
1793 1307 2149 1377 magniﬁcen-

573 1389 684 1441 tius
709 1389 1052 1450 adornatam,
1077 1392 1144 1447 de
1171 1385 1393 1448 Antonii
1419 1397 1579 1450 amici
1606 1399 1828 1454 nomine
1862 1400 2025 1470 270
2050 1416 2147 1472 ap-

574 1477 794 1543 pellavit
847 1495 860 1531 :
911 1488 966 1532 et
997 1481 1191 1534 stolam
1229 1483 1300 1536 ibi
1353 1495 1626 1553 repertam
1683 1487 1736 1540 in
1783 1503 1845 1541 ea
1887 1489 2144 1544 detinuit.

574 1565 720 1619 Idem
763 1565 1063 1624 Archelaus
1102 1570 1232 1625 fecit
1272 1590 1285 1626 :
1323 1572 1466 1627 idem
1510 1575 1740 1630 Romani
1777 1577 1927 1632 illum
1969 1581 2146 1635 secuti

571 1657 638 1710 de
661 1658 796 1711 stola
824 1671 1155 1728 statuerunt,
1183 1680 1304 1734 quae
1330 1666 1443 1720 illic
1463 1667 1564 1722 sub
1585 1670 1774 1739 sigillis
1795 1674 2145 1731 sacerdotum

2256 1025 2816 1098 τέλλιος,Μάρκελλον
2838 1024 3060 1095 πέμψας
3089 1025 3197 1077 τῶν
3227 1023 3498 1077 Ἰουδαίων
3527 1021 3828 1091 προνοησό-

2259 1138 2437 1191 μενον,
2469 1120 2563 1173 ὲπὶ
2594 1120 2813 1191 Ῥώμην
2833 1118 3061 1174 ἀπιέναι
3093 1117 3181 1170 τὸν
3205 1115 3438 1169 Πιλᾶτον
3464 1113 3718 1168 ἐκέλευεν
3739 1114 3827 1165 ἐπὶ

2253 1213 2349 1267 τοῦ
2381 1213 2780 1286 αὐτοκράτορος
2810 1209 3311 1281 ἀπολογησόμενον,
3339 1207 3426 1277 ἐφ’
3457 1200 3542 1269 οἷς
3569 1207 3826 1274 ἐγκαλεῖ-

2249 1323 2360 1361 ται.
2397 1306 2503 1359 Kal
2537 1306 2572 1360 ὁ
2595 1304 2695 1375 μὲν
2725 1303 2891 1375 ἀπῄει
2927 1304 3019 1354 ἐπὶ
3047 1300 3181 1354 δέκα
3238 1299 3419 1353 ἐτεσιν
3447 1297 3829 1370 ἡγεμονεύσας

2253 1399 2353 1468 τῆς
2394 1397 2682 1461 Ἰουδαίας.
2742 1397 2878 1466 Πρὶν
2931 1394 2988 1447 δὲ
3033 1395 3098 1464 τῇ
3134 1390 3326 1466 Ῥώμῃ
3373 1392 3591 1460 ἐγγίσαι
3645 1389 3828 1454 αὐτὸν,

2250 1488 2391 1561 ἔφθη
2423 1477 2673 1556 Τιϐέριος
2707 1485 3000 1558 μεταστάς.
3025 1483 3334 1554 Οὐϊτέλλιος
3375 1483 3452 1546 δὲ,
3481 1484 3559 1545 είς
3595 1482 3828 1550 Ἰεροσό-

2255 1581 2402 1650 λυμα
2432 1578 2600 1633 ἐλθὼν
2623 1580 2723 1646 τῆς
2751 1578 2846 1631 τοῦ
2878 1577 3066 1647 Πάσχα
3087 1576 3281 1648 ἑορτῆς
3312 1574 3668 1644 τελουμένης,
3697 1577 3828 1625 ὑπε-

2253 1670 2416 1742 δέχθη
2455 1669 2915 1743 μεγαλοπρεπῶς,
2951 1669 3048 1723 καὶ
3078 1671 3146 1722 τὰ
3175 1667 3304 1738 τέλη
3335 1666 3444 1720 τῶν
3473 1664 3833 1734 γεωργουμέ-

571 1759 623 1802 et
659 1766 805 1820 gazae
858 1754 1148 1810 custodum
1193 1761 1583 1826 reponeliatur.
1622 1763 1752 1817 Eam
1800 1765 1984 1835 igitur,
2021 1783 2146 1822 cum

2258 1780 2386 1828 νων,
2413 1763 2642 1833 καρπῶν
2677 1765 2792 1825 τοῖς
2829 1760 3290 1832 Ἱεροσολυμίταις
3343 1758 3552 1828 ἀνίησι,
3585 1759 3683 1810 καὶ
3730 1757 3830 1834 τὴν

570 1841 626 1892 in
657 1841 1044 1898 festivitatibus
1073 1848 1318 1916 pontiﬁci
1341 1831 2150 1925 restitueretur,ct'postunum

2258 1855 2445 1921 στολὴν
2471 1831 2566 1907 τοῦ
2599 1831 2914 1923 ἀρχιερέως
2939 1853 3019 1915 εἰς
3044 1850 3106 1903 τὸ
3150 1849 3297 1922 ἱερὸν
3328 1847 3679 1919 συνεχώρησε
3712 1831 3828 1899 κεῖ-

572 1932 693 1986 festi
743 1933 892 1989 diem
942 1937 1143 1993 ibidem
1211 1953 1594 2012 reponeretur,
1645 1945 1898 2002 Vitellius
1946 1951 2149 2019 populo

572 2027 861 2081 concessit.
891 2029 1131 2101 Josepho
1153 2050 1304 2098 vero,
1338 2036 1430 2105 qui
1473 2046 1528 2093 et
1571 2037 1824 2110 Caiphas,
1860 2043 2150 2111 pontiﬁca-

573 2125 688 2169 tum
737 2119 1054 2190 ademptum
1101 2126 1364 2184 'Jonathae
1423 2130 1597 2193 dedit,
1654 2134 1928 2202 pontiﬁcis
1979 2135 2148 2193 Anna

575 2205 703 2260 ﬁlio.
736 2208 883 2262 Idem
916 2212 1076 2282 jussu
1108 2215 1317 2270 Tiberii
1353 2234 1477 2272 cum
1510 2221 1788 2276 Artabano
1821 2225 2150 2282 Parthorum

575 2317 700 2372 rege
756 2319 945 2373 pacem
993 2307 1145 2375 fecit,
1175 2311 1267 2381 qui
1317 2313 1536 2367 Darium
1583 2314 1754 2368 ﬁlium
1799 2330 1925 2371 cum
1965 2319 2153 2376 multis

575 2395 895 2473 muneribus
927 2399 1174 2457 obsidem
1209 2405 1451 2460 miserat.
1482 2407 1544 2461 Ei
1581 2408 1943 2477 paciﬁcationi
1981 2409 2154 2467 Hero-

572 2486 669 2541 ilcs
693 2503 909 2558 quoque
963 2495 1238 2551 tetrarcha
1260 2497 1530 2564 interfuit,
1552 2516 1615 2556 ac
1645 2501 1710 2555 ad
1732 2501 1999 2559 Caesarem
2028 2519 2150 2574 quae

574 2585 693 2630 acta
720 2592 903 2635 essent
937 2587 1175 2654 scripsit.
1207 2588 1338 2654 Qua:
1364 2606 1487 2644 cum
1510 2601 1635 2660 post
1658 2591 1909 2650 Vitellius
1932 2610 2152 2666 quoque

575 2679 673 2732 per
712 2667 926 2726 litteras
974 2677 1342 2744 exposuisset,
1379 2677 1561 2734 Cat-sar
1586 2682 1637 2736 ei
1681 2685 1962 2753 rescripsit
1995 2701 2054 2740 se
2083 2701 2148 2740 ex

575 2756 789 2816 Herode
821 2766 1139 2834 cognovisse
1189 2770 1391 2826 omnia.
1439 2771 1516 2826 Ea
1566 2788 1625 2828 re
1668 2773 1920 2833 Vitellius
1964 2784 2159 2830 contra

577 2845 844 2905 Herodem
897 2854 1162 2924 irritatus,
1195 2860 1334 2914 clam
1373 2861 1509 2917 iram
1553 2863 1710 2932 aluit,
1757 2878 1996 2937 eumque
2023 2864 2157 2922 Caio

575 2942 797 2996 demum
838 2946 1144 3017 imperante
1181 2953 1328 3008 ultus
1351 2964 1456 3010 est.

2253 1947 2400 2011 σθαι,
2439 1947 2536 1999 καὶ
2583 1945 2736 2016 παρὰ
2773 1947 2887 2009 τοῖς
2931 1942 3171 2014 ἱερεῦσιν
3231 1940 3394 2007 εἶναι,
3440 1940 3698 2011 καθάπερ
3736 1939 3831 1993 καὶ

2251 2039 2537 2110 πρότερονο
2558 2037 2681 2090 τότε
2711 2036 2855 2090 δέὲν
2875 2039 2940 2108 τῇ
2958 2034 3246 2106 ,Ἄντωνία
3276 2034 3558 2089 ἀπέκειτο.
3583 2032 3707 2086 Τῶν
3727 2033 3829 2103 γὰρ

2251 2130 2554 2203 ἀρχιερέων
2581 2146 2688 2192 τις,
2721 2130 2749 2181 ὁ
2775 2128 2988 2198 πρῶτος
3017 2125 3227 2196 δηλαδὴ
3269 2125 3558 2197 Ὑρκανὸς,
3596 2124 3827 2204 ἔγγιστα

2251 2224 2348 2275 τοῦ
2400 2221 2548 2294 ἱεροῦ
2582 2221 2739 2292 βάριν
2768 2220 3008 2287 ἐγείρας,
3055 2219 3148 2271 καὶ
3196 2219 3253 2271 ἐν
3279 2218 3418 2286 αὐτῇ
3449 2216 3828 2286 διαιτώμενος,

2252 2313 2369 2366 ἐκεῖ
2397 2313 2492 2365 καὶ
2543 2311 2642 2382 τὴν
2673 2310 2864 2381 στολὴν
2898 2311 2995 2378 τὴν
3043 2309 3439 2382 ἀρχιερατικὴν
3483 2303 3651 2379 εῖχεν,
3682 2306 3830 2378 αὐτῷ

2253 2404 2564 2474 ἀνήκουσαν
2591 2406 2668 2467 ὡς
2700 2404 2965 2474 ἀρχιερεῖ.
3008 2403 3088 2456 Τὰ
3116 2402 3257 2456 αὐτά
3285 2402 3342 2455 δὲ
3368 2401 3564 2470 ἐκείνῳ
3591 2403 3691 2454 καὶ
3717 2402 3829 2463 τοῖς

2261 2498 2376 2569 μετ’
2398 2500 2613 2553 ἐκεῖνον
2643 2496 2966 2569 ἐπράσσετο.
3007 2497 3253 2567 Ἡρώδης
3275 2496 3331 2550 δέ
3361 2495 3460 2566 τὴν
3486 2494 3646 2566 βάριν
3680 2494 3826 2548 ἐκεί-

2257 2609 2354 2663 νην
2385 2591 2898 2653 έπικατασκευάσας
2923 2580 3018 2643 ὲπὶ
3047 2591 3106 2643 τὸ
3168 2588 3646 2659 πολυτελέστερον,
3677 2586 3828 2654 φίλος

2262 2683 2338 2739 ὣν
2368 2683 2697 2749 η’Δντωνίου,
2725 2684 2831 2737 ,ἐπὶ
2857 2683 2932 2754 τῷ
2954 2684 3163 2736 ἐκείνου
3193 2681 3400 2749 ταύτην
3433 2681 3660 2750 ὀνόματι
3701 2693 3829 2748 μετ-

2286 2775 2562 2846 ωνόμασε.
2600 2775 2710 2828 Καὶ
2741 2774 2838 2845 τὴν
2871 2775 3064 2844 στολὴν
3099 2776 3156 2827 ἐν
3182 2774 3319 2843 αὐτῇ
3350 2769 3624 2844 εὑρηκὼς,
3653 2773 3829 2824 κατεῖο

2254 2881 2349 2937 χεν
2380 2866 2518 2920 ἐκεῖ.
2548 2866 2718 2920 Τοῦτο
2747 2865 2805 2919 δέ
2861 2865 3033 2920 ἐποίει
3061 2865 3156 2918 καὶ
3183 2865 3213 2917 ὁ
3239 2863 3553 2935 Ἀρχέλαος,
3587 2863 3680 2916 καὶ
3709 2861 3826 2933 μετ’

2254 2958 2467 3018 ἐκεῖνον
2496 2958 2548 3013 οί
2582 2957 2842 3027 Ῥωμαῖοι
2873 2959 2943 3012 τὰ
2969 2957 3106 3011 αὐτά
3129 2957 3219 3010 ἐπὶ
3247 2958 3313 3028 τῇ
3341 2956 3504 3036 στολῇ
3531 2955 3824 3026 ἔπραττον,

574 3035 911 3112 ἀποκειμένη
948 3043 1064 3095 ἐκεῖ
1097 3043 1201 3096 ὑπὸ
1230 3050 1491 3116 σφραγῖσι
1524 3050 1633 3102 τῶν
1691 3051 1881 3121 ἱερέων
1947 3061 2046 3106 και
2103 3051 2213 3105 τῶν
2253 3049 2670 3120 γαζοφυλάκων.
2711 3050 2942 3121 Ἑορτῆς
2971 3049 3016 3102 δ’
3052 3047 3367 3120 ἐφεστώσης
3403 3047 3681 3100 ἐπεδίδοτο
3712 3050 3822 3107 τοῖς

575 3134 928 3204 ἀρχιερεῦσιν
955 3137 1058 3191 ὑπὸ
1082 3139 1176 3192 τοῦ
1208 3142 1576 3215 φρουράρχου,
1600 3144 1694 3195 καὶ
1726 3145 1865 3214 μετά
1895 3147 2025 3207 μίαν
2083 3148 2181 3213 τῆς
2221 3132 2414 3217 ἑορτῆς
2443 3147 2655 3216 ἡμέραν
2705 3142 2861 3208 αὖθις
2893 3146 3010 3196 ἐκεῖ
3038 3142 3351 3197 ἀπετίθετο.
3424 3141 3732 3205 Οὐϊτέλλιος
3775 3142 3827 3199 δὲ

576 3233 897 3302 παραχωρεῖ
927 3233 1025 3304 τῆς
1057 3233 1252 3302 στολῆς
1288 3236 1366 3304 τῷ
1426 3237 1590 3290 ἔθνει·
1653 3239 1742 3292 τὸν
1771 3239 1827 3294 δὲ
1871 3240 2134 3310 ἀρχιερέα
2184 3239 2405 3308 Ἰωσὴφ,
2466 3240 2557 3292 τὸν
2625 3239 2719 3290 καὶ
2763 3237 3040 3305 Καϊάφαν,
3089 3233 3392 3306 ἀφῃρηκὼς
3431 3235 3532 3303 τὴν
3589 3232 3823 3304 ίερωσύ-

503 3381 514 3393 _
575 3337 693 3386 νην,
736 3321 962 3396 Ἰωνάθῃ
1007 3311 1190 3381 δίδωσι
1238 3329 1443 3400 ταύτην
1483 3331 1560 3402 τῷ
1613 3333 1781 3385 ’Ἄννα
1827 3333 1961 3387 τοῦ
1997 3332 2300 3405 ἀρχιερέως
2366 3331 2486 3404 υίῷ.
2560 3331 2694 3384 Κατ’
2757 3331 2978 3393 ἐντολὰς
2999 3331 3057 3383 δὲ
3097 3329 3350 3395 Τιϐερίου
3388 3328 3678 3383 σπένδεται
3703 3330 3828 3382 Οὐϊ-

575 3414 783 3476 τέλλιος
823 3414 1139 3490 Ἀρταϐάνῳ
1167 3421 1244 3490 τῷ
1281 3423 1512 3493 Πάρθων
1572 3425 1806 3494 βασιλεῖ,
1866 3425 2142 3495 πέμψαντι
2181 3426 2272 3479 τὺν
2342 3426 2456 3479 υἱὸν
2491 3427 2717 3495 Δαρεῖον
2750 3422 2889 3494 μετά
2956 3420 3146 3492 δώρων
3185 3420 3395 3474 πολλῶν
3422 3420 3824 3491 ὁμηρεύσοντα.

578 3504 777 3575 Παρὼν
810 3503 854 3557 δ’
878 3506 936 3558 ἐν
987 3510 1106 3570 ταῖς
1142 3512 1396 3573 σπονδαῖς
1452 3512 1550 3565 καὶ
1582 3515 1609 3565 ὁ
1653 3516 1960 3584 τετράρχης
2012 3515 2280 3587 Ἡρώδης,
2344 3515 2621 3585 ἐκπέμπει
2686 3514 2826 3584 πρὸς
2895 3514 3151 3583 Καίσαρα
3201 3512 3563 3584 παραχρῆμα,
3614 3510 3827 3581 γράψας

498 3616 501 3618 ·
576 3597 646 3648 τὰ
669 3597 950 3664 γεγονότα.
975 3592 1107 3653 Εἶτα
1135 3599 1228 3650 τοῦ
1263 3601 1576 3656 Οὐϊτελλίου
1632 3605 1762 3673 περὶ
1818 3605 2022 3659 τούτων
2085 3608 2492 3669 ἐπιστείλαντος
2555 3605 2814 3674 Τιϐερίῳ,
2845 3605 3050 3666 ἐκεῖνος
3073 3604 3382 3679 ἀντέγραψε
3429 3603 3628 3671 μαθεῖν
3652 3605 3826 3664 πάντα

578 3689 729 3760 παρά
765 3688 1023 3760 Ἡρώδου.
1049 3688 1222 3743 Τοῦτο
1251 3693 1332 3755 είς
1360 3694 1530 3764 ὀργὴν
1556 3695 1647 3748 τὸν
1676 3697 1986 3752 Οὐϊτέλλιον
2046 3698 2190 3752 κατά
2227 3699 2323 3751 τοῦ
2359 3697 2600 3768 Ἡρώδου
2623 3696 2934 3762 κεκίνηκεν*
3004 3692 3396 3767 ἐδυσσοδόμευε
3424 3697 3484 3751 δὲ
3516 3697 3609 3750 τὸν
3633 3697 3822 3763 θυμὸν,

578 3783 673 3834 καὶ
712 3780 978 3851 μετῆλθεν
1005 3783 1168 3836 αὐτὸν
1201 3783 1362 3837 Γαΐου
1395 3787 1795 3857 κρατήσαντος.

646 3872 738 3928 γι.
771 3872 926 3926 Tunc
959 3872 1242 3944 Philippus
1269 3893 1488 3948 quoque
1515 3879 1680 3954 hujus
1702 3881 1938 3937 Herodis
1959 3881 2151 3945 frater,
2181 3892 2224 3949 α

576 3967 722 4019 diem
772 3966 938 4044 suum?
977 3963 1132 4029 obiit,
1167 3966 1427 4022 vicesimo
1465 3962 1687 4040 imperii
1737 3972 1940 4026 Tiberii
1986 3988 2150 4037 anno,

578 4072 703 4110 cum
744 4045 904 4112 antiis
947 4073 1126 4111 xxxv"
1170 4074 1352 4112 rerum
1402 4063 1609 4130 potitus
1651 4072 1800 4118 esset
1830 4083 1843 4118 ε
1869 4065 1953 4118 vir
1981 4064 2153 4133 quieti

578 4149 808 4219 ingenii,
843 4149 1162 4206 moderatus
1200 4167 1326 4224 erga
1363 4154 1635 4218 subditos,
1665 4171 1790 4216 cum
1836 4159 2025 4227 paucis
2055 4158 2156 4213 de-

580 4243 738 4296 lectis
792 4242 846 4296 in
892 4243 1171 4311 publicum
1218 4245 1438 4314 prodire
1479 4248 1700 4305 solitus.
1750 4249 1905 4315 Quod
1955 4251 1999 4304 si
2032 4251 2158 4320 quis

545 4332 726 4386 .inter
779 4333 1022 4386 eundum
1067 4350 1227 4404 opem
1277 4339 1398 4408 ejus
1445 4338 1814 4410 implorasset,
1862 4342 2046 4395 statim
2090 4355 2157 4396 eo

580 4424 700 4493 ipso
735 4424 788 4477 in
823 4424 944 4502 loco
977 4426 1110 4480 sella
1140 4429 1318 4495 posita
1358 4431 1505 4496 (nam
1536 4433 1770 4499 quieam
1803 4433 2033 4496 ferrent,
2065 4448 2158 4488 se-

579 4516 916 4586 quebantur)
965 4509 1246 4598 audiebat,
1313 4520 1544 4591 injurias
1613 4523 1790 4591 poenis
1861 4522 2152 4588 alliciebat,

582 4609 789 4680 iniquis
821 4595 1147 4667 criminibus
1181 4615 1586 4669 circumventos
1612 4614 1950 4670 absolvebat.
1984 4615 2157 4670 Ditio—

581 4698 708 4747 nem
747 4685 891 4770 Ejus,
924 4697 1052 4765 quia
1103 4699 1296 4755 liberis
1337 4702 1503 4758 orbus
1531 4689 1863 4771 decesserat,
1900 4704 2157 4764 Tiberius

581 4782 878 4852 provinciae
934 4786 1100 4855 Syriae
1149 4788 1363 4858 adjecit.
1411 4789 1654 4846 Herodes
1701 4807 1834 4846 vero
1879 4790 2154 4853 tetrarcba

583 4875 810 4929 Romam
857 4875 1230 4946 proﬁciscens,
1274 4881 1416 4951 apud
1472 4882 1740 4937 Herodem
1792 4883 2039 4954 fratrem,
2087 4901 2157 4939 ex

586 4976 825 5032 Simonis
846 4977 1121 5048 pontificis
1147 4977 1251 5032 ﬁlia
1285 4978 1484 5036 Herodi
1515 4981 1625 5053 regi
1653 4991 1864 5046 natum,
1890 4981 2113 5049 divertit
2138 5000 2152 5035 :

584 5083 648 5123 ac
685 5083 870 5124 amore
914 5079 1106 5140 captus
1149 5078 1237 5126 est
1283 5068 1625 5140 Herodiadis,
1663 5088 1828 5143 quam
1883 5073 2050 5139 frater
2097 5073 2154 5138 in

587 5159 936 5214 matrimonio
992 5161 1253 5227 habebat,
1321 5159 1638 5216 Aristobulo
1685 5162 1853 5217 fratre
1911 5161 2154 5230 ipsorum

2329 3876 2422 3947 ς’.
2455 3877 2589 3931 Τότε
2617 3878 2710 3931 καὶ
2739 3875 3009 3939 Φίλιππος
3059 3874 3305 3945 Ἡρώδου
3359 3874 3553 3948 τούτου
3577 3875 3654 3930 ὢν
3677 3875 3825 3931 ἀδελ-

2258 3969 2354 4036 φὸς
2413 3968 2806 4037 τετελεύτηκεν
2859 3967 3092 4037 είκοστῷ
3147 3967 3382 4038 ἐνιαυτῷ
3430 3969 3530 4037 τῆς
3575 3969 3824 4038 Τιϐερίου

2257 4059 2454 4130 ἀρχῆς,
2488 4059 2660 4126 ἄρξας
2712 4058 2850 4111 ὲπτά
2908 4058 3004 4110 καὶ
3035 4058 3326 4128 τριάκοντα
3360 4058 3476 4129 ἐτη.
3507 4056 3617 4111 Ἦν
3650 4061 3707 4113 δὲ
3736 4060 3823 4113 τὸν

2256 4151 2458 4219 τρόπον
2509 4152 2843 4220 ἀπράγμων,
2891 4148 2986 4202 καὶ
3043 4150 3262 4220 μέτριος
3308 4152 3420 4211 τοῖς
3475 4151 3822 4223 ἀρχομένοις.

2258 4241 2513 4313 προόδους
2541 4242 2640 4295 σὺν
2660 4243 2861 4310 ὀλίγοις
2881 4241 2990 4296 τῶν
3014 4242 3316 4296 ἐπιλέκτων
3339 4246 3686 4312 ποιούμενος.
3717 4244 3822 4296 Καὶ

2258 4334 2312 4386 εί
2332 4351 2416 4395 τις
2450 4335 2696 4402 προῐάντι
2752 4332 2980 4403 προσῄει
3005 4333 3258 4402 δεόμενος
3325 4333 3603 4403 βοηθείας,
3665 4332 3822 4396 εὐθὺς

2258 4423 2408 4493 αὐτῷ
2435 4423 2575 4476 κατά
2598 4421 2689 4474 τὸν
2717 4422 2882 4476 τόπον
2915 4410 3010 4474 τοῦ
3045 4421 3234 4490 θρόνου
3269 4422 3555 4492 τιθεμένου
3585 4423 3819 4492 (εἵποντο

2257 4517 2366 4585 γὰρ
2395 4495 2453 4567 old
2502 4514 2691 4567 τοῦτον
2740 4512 3020 4586 φέροντες)
3076 4513 3384 4582 καθήμενος
3433 4517 3694 4585 ἡκροᾶτο,
3731 4513 3820 4572 καὶ

2201 4598 2205 4603 ’
2255 4604 2601 4675 ἐποινηλάτει
2635 4607 2760 4668 τούς
2805 4605 3145 4670 ἀδικοῦντας,
3175 4609 3269 4660 καὶ
3305 4609 3427 4670 τοὺς
3476 4609 3689 4680 ,ἀδίκως
3734 4609 3816 4660 al-

2255 4697 2558 4764 τιωμένους
2595 4697 2816 4751 ἀπέλυε.
2849 4699 2961 4769 Τὴν
2984 4700 3040 4752 δὲ
3076 4699 3248 4767 ἀρχὴν
3281 4701 3308 4752 ό
3331 4697 3581 4768 Τιόέριος
3614 4692 3833 4768 (παῖδες

2254 4789 2364 4859 γὰρ
2382 4788 2635 4858 Φιλίππῳ
2663 4789 2763 4842 οὐκ
2782 4785 2942 4859 ἦσαν)
2963 4792 3026 4858 τῇ
3055 4789 3161 4842 τῶν
3188 4790 3374 4858 Σύρων
3401 4787 3644 4859 ἐπαρχίᾳ
3661 4802 3816 4858 προσ-

2256 4877 2428 4932 έθετο.
2473 4877 2719 4949 Ἡρώδης
2767 4878 2825 4940 δὲ
2855 4870 3184 4952 τετράρχης,
3219 4880 3311 4932 ἐπὶ
3366 4878 3587 4948 Ῥώμην
3614 4877 3817 4934 στελλό-

2259 4987 2438 5041 μενος,
2469 4970 2767 5023 κατέλυσεν
2805 4972 2861 5023 ὲν
2901 4969 3142 5039 Ἡρώδου
3173 4969 3265 5021 τοῦ
3290 4967 3519 5037 ἀδελφοῦ
3555 4957 3738 5032 αὐτοῦ,
3759 4968 3813 5022 δν

2255 5065 2289 5134 ἡ
2326 5060 2420 5116 τοῦ
2455 5061 2698 5131 Σίμωνος
2744 5060 2839 5114 τοῦ
2884 5059 3184 5142 ἀρχιερέως
3215 5060 3462 5142 θυγάτηρ
3487 5062 3564 5132 τῷ
3615 5062 3814 5134 βασιλεϊ

2271 5151 2486 5228 Ἡρώδῃ
2530 5156 2795 5224 ἐγείνατο.
2837 5139 3120 5226 Ἐ’ρασθεὶς
3151 5153 3207 5206 δὲ
3240 5139 3571 5226 Ἡρωδιάδος
3601 5157 3698 5228 τῆς
3724 5154 3811 5210 τοῦ

589 5247 1017 5323 natam,Magni
1065 5255 1317 5326 Agrippae
1371 5261 1645 5319 sororem,
1684 5268 1747 5316 ac
1786 5253 1855 5308 de
1897 5252 2154 5322 Vconjngio

2262 5246 2789 5322 ἀδελφοῦ-γυναικὸς,
2813 5246 3081 5316 θυγατρὸς
3117 5246 3528 5328 Ἀριστοϐούλου
3559 5248 3653 5302 τοῦ
3675 5247 3811 5302 ἁδελο
3863 5285 3879 5304 κ

590 5347 876 5401 mulierem
887 5347 1196 5416 appellavit.
1213 5350 1305 5403 illa
1317 5364 1449 5403 vero
1464 5363 1521 5403 se
1539 5345 1605 5401 ad
1626 5345 1777 5400 illum
1799 5343 2153 5399 transituram

591 5437 830 5504 pollicita
857 5446 941 5493 est
964 5477 979 5502 ,
1021 5438 1066 5492 si
1103 5437 1281 5493 Aretaa
1309 5439 1472 5494 ﬁliam
1493 5437 1852 5510 repudiasset.
1902 5435 1979 5494 Ea
2025 5449 2156 5505 pac-

596 5528 740 5582 tione
767 5529 941 5594 inita,
971 5529 1200 5586 Romam
1251 5530 1341 5584 ille
1381 5530 1747 5600 proﬁciscitur
1779 5547 1792 5580 :
1844 5527 1990 5596 unde
2027 5542 2152 5583 cum

493 5643 497 5648 -
593 5611 872 5686 rediisset,
895 5637 1031 5677 uxor
1050 5624 1170 5695 ejus
1188 5621 1365 5676 Aretaa
1394 5621 1526 5688 ﬁlia,
1557 5637 1615 5676 re
1646 5622 1738 5675 illa
1768 5629 2065 5690 comperta,
2096 5634 2156 5674 se

516 5748 517 5751 η
593 5710 1011 5768 Machteruntcrn
1039 5715 1116 5785 (id
1142 5713 1426 5771 castellum
1456 5712 1560 5768 fuit
1583 5712 1638 5766 in
1662 5712 1898 5768 conﬁnio
1931 5711 2156 5795 ditionis

595 5802 827 5863 llerodis
871 5813 928 5861 et
977 5806 1173 5878 Arelas)
1216 5805 1356 5863 mitti
1413 5804 1594 5876 petiit.
1630 5805 1838 5859 Annuit
1883 5804 2156 5871 Herodes,

2260 5337 2365 5406 φοῦ
2395 5338 2596 5408 αὐτῶν,
2641 5338 2883 5413 ’,ἀδελφῆς
2909 5339 2967 5392 δέ
2994 5337 3086 5392 τοῦ
3114 5341 3354 5408 μεγάλου
3396 5341 3700 5414 Ἀγρίππα,
3736 5339 3810 5393 λό-

2264 5446 2394 5498 γους
2430 5431 2563 5500 περὶ
2587 5419 2781 5501 γάμων
2811 5429 2946 5500 πρὸς
2973 5430 3146 5499 αὐτὴν
3176 5433 3492 5503 ἐποιήσατο.
3529 5434 3641 5489 Καὶ
3673 5433 3809 5496 δεξι-

2267 5525 2425 5593 ’μένη,
2473 5522 2723 5600 συνέθετο
2770 5525 3200 5596 μετοικήσασθαι
3259 5526 3394 5600 πρὸς
3435 5526 3619 5593 αὐτὸν,
3654 5528 3709 5580 εί
3725 5526 3808 5593 τὴν

2263 5600 2460 5687 Ἀρέτα
2494 5597 2768 5686 θυγατέρα
2812 5615 3053 5672 ἐκϐάλοι.
3113 5619 3224 5676 Καὶ
3251 5619 3280 5672 ὀ
3304 5597 3314 5600 ν
3339 5618 3438 5682 μὲν
3469 5619 3564 5672 ἐπί
3609 5617 3808 5687 Ῥώμην

2266 5692 2417 5762 ἔπλει
2464 5708 2556 5762 ἐπὶ
2599 5708 2875 5786 τοιαύταις
2925 5712 3240 5784 συνθήκαις.
3295 5711 3383 5775 Ὦς
3440 5708 3806 5782 δ’κέπανῆλοσς

2267 5800 2469 5871 γνοῦσα
2509 5802 2542 5875 ἡ
2569 5801 2706 5876 γυνὴ
2749 5803 2936 5875 αὐτοῦ,
2967 5805 3058 5862 τοῦ
3105 5806 3161 5860 δέ
3197 5805 3396 5877 ’Δρέτα
3425 5805 3697 5874 θυγάτηρ,
3726 5799 3806 5862 τὰς
