3996 6328
141 399 235 463 ιπ

1392 393 1800 456 ANNALIUM
1837 397 1982 458 LIB.
2022 399 2121 460 VI.

3242 400 3350 465 473

141 509 256 583 πρὸς
291 485 592 576 Ἡρωδιάδα
622 502 918 574 συνθήκας,
967 500 1086 573 ᾔτει
1129 500 1262 574 πρδς
1289 502 1680 574 Μαχαιροῦντα

1812 525 2006 578 gnarus
2028 509 2159 580 quid
2192 508 2405 566 consilii
2428 511 2622 565 mulier
2651 511 2907 580 cepisset.
2937 511 3029 570 Illa
3060 527 3188 568 vero
3224 513 3352 568 inde

139 598 428 669 πεμφθῆναι
476 597 538 650 τδ
609 596 888 666 φρούριον,
950 597 1227 674 (μεθόριον
1284 596 1342 652 δὲ
1400 597 1559 651 τοῦτο
1617 597 1683 668 ἦν

137 690 224 757 τῆς
254 689 444 759 Ἀρέτα
474 687 571 742 καὶ
619 690 717 758 τῆς
757 687 1000 759 Ἡρώδου
1036 688 1230 758 ἀρχῆς)
1259 691 1352 742 καὶ
1377 690 1405 741 ὁ
1438 689 1684 760 Ἡρώδης

139 780 413 850 ἐξέπεμψε,
461 780 561 857 μὴ»
587 778 876 848 γινώσκων
920 781 949 832 ὃ
997 779 1050 842 τί
1084 783 1235 832 ἐστιν
1275 781 1412 851 αὐτῇ
1465 780 1525 834 τὸ
1559 780 1686 851 βου-

139 871 429 941 λευόμενον.
474 873 537 926 Ἦ
567 872 623 925 δὲ
668 871 880 925 ἐκεῖθεν
936 871 1073 941 πρὸς
1101 872 1366 944 Ἀραϐίαν
1395 873 1550 944 ,πρὸς
1595 873 1686 926 τὸν

141 964 332 1032 πατέρα
351 962 663 1034 ἐξώρμησε,
689 963 783 1017 καὶ
807 963 906 1033 τὴν
933 963 1172 1033 Ἡρώδου
1197 964 1438 1034 διηγεῖτο
1461 963 1686 1035 γνώμην

139 1053 252 1128 περὶ
293 1056 483 1124 αὑτήν.
537 1055 800 1118 Κάκεῖνος
829 1054 955 1125 ἔσχε
983 1053 1140 1107 τοῦτο
1170 1054 1261 1124 έχθ
1273 1073 1369 1126 ρας
1398 1056 1682 1121 ὑπόθεσιν,

140 1147 222 1197 καὶ
253 1146 394 1216 μάχη
432 1147 598 1217 μέσον
633 1148 837 1216 ἀμφοῖν
891 1147 1298 1217 συγκεκρότητο
1327 1149 1414 1202 διὰ
1444 1166 1684 1220 στρατη-

138 1239 259 1305 γῶν,
294 1239 388 1291 καὶ
417 1241 466 1290 oi
505 1237 746 1309 Ἡρώδου
791 1239 1128 1309 ήττήθησαν,
1161 1243 1253 1293 καὶ
1274 1239 1419 1294 ἃπαν
1461 1241 1523 1292 τὸ
1545 1242 1689 1293 ἐκεία-
1739 1282 1742 1284 ν

139 1347 220 1382 νου
236 1330 550 1398 στράτευμα
570 1330 849 1384 πέπτωκε.
877 1330 1063 1385 ταῦτα
1085 1331 1172 1384 διὰ
1192 1332 1414 1401 γραφῆς
1445 1330 1690 1403 Ἡρώδης

145 1423 329 1489 μηνύει
360 1421 463 1492 τῷ·
491 1421 748 1491 Τιϐερίῳ.
782 1421 842 1476 '0
871 1423 926 1477 δὲ
951 1424 1154 1494 γράφει
1187 1424 1322 1494 πρὸς
1359 1423 1688 1487 Οὐϊτέλλιον,

141 1511 362 1581 πόλεμον
415 1512 550 1582 πρὸς
578 1513 805 1580 Ἀρέταν
860 1515 1217 1584 ποιήσασθαι,
1275 1516 1428 1586 καὶῆ
1476 1515 1692 1586 ζωγρης

139 1603 284 1655 θέντα
318 1604 540 1674 δέσμιον
575 1605 893 1674 ἀναπέμψαι
923 1609 1006 1669 είς
1058 1606 1304 1676 Ῥώμην,
1335 1607 1366 1672 ἢ
1409 1607 1693 1677 ἀνῃρημέ-

137 1713 219 1747 νου
242 1697 444 1749 στεῖλαι
473 1697 571 1767 τὴν
593 1698 858 1766 κεφαλήν.
885 1697 1009 1750 Τισ)⁸
1035 1696 1091 1750 δὲ
1121 1697 1224 1750 ὑπὸ
1243 1697 1378 1751 Θεοῦ
1400 1698 1497 1769 τὴν
1515 1697 1692 1769 Ἡρώ-

139 1786 219 1838 δου
251 1787 510 1858 στρατιὰν
563 1788 782 1841 ἑλέσθαι
839 1789 1038 1854 ἐδόκει,
1069 1790 1224 1852 δίκας
1271 1784 1555 1852 τιννύντος
1604 1790 1693 1842 διὰ

138 1882 220 1933 τὸν
275 1882 436 1948 φόνον
469 1882 561 1935 τοῦ
629 1884 910 1954 προφήτου
954 1883 1046 1938 καὶ
1082 1883 1388 1938 Βαπτιστοῦ
1419 1884 1688 1938 Ἰωάννου.

139 1975 311 2026 Ταῦτα
351 1975 464 2045 γάρ
497 1976 592 2029 καὶ
636 1976 767 2046 περὶ
796 1975 992 2028 τούτου
1029 1976 1173 2030 κατὰ
1201 1977 1348 2042 λέξιν
1381 1979 1408 2029 ὁ
1433 1977 1694 2044 Ἰώσηπος

138 2064 352 2134 ἔγραψε.
391 2067 610 2120 Κτείνει
640 2066 751 2137 γὰρ
776 2066 964 2119 τοῦτον
995 2065 1240 2136 Ἡρώδης
1273 2067 1476 2134 ἀγαθὸν
1503 2067 1692 2138 ἄνδρα,

140 2157 376 2220 καὶτοὺς
401 2157 694 2221 Ἰουδαίους
727 2157 1021 2211 κελεύοντα
1050 2158 1252 2230 ἀρετήν
1283 2156 1692 2222 ὲπασκοῦντας.

141 2248 228 2301 καὶ
251 2249 318 2301 τὰ
348 2250 504 2318 πρδς-
537 2251 798 2320 ἀλλήλους
824 2251 1143 2324 δικαιοσύνῃ
1177 2253 1271 2304 καὶ
1304 2252 1370 2304 τά
1403 2251 1540 2322 πρὸς
1565 2252 1699 2305 Θείιν
1743 2284 1748 2287 -

141 2341 382 2413 ευσεϐεία
419 2342 736 2410 χρωμένους
771 2342 1062 2412 βαπτισμῷ
1094 2343 1356 2394 συνιέναιο
1392 2342 1536 2396 οὕτω
1591 2343 1700 2416 γάρ

141 2434 230 2485 καὶ
254 2433 350 2501 τήν
377 2434 633 2503 βάπτισιν
664 2433 812 2501 αύτῷ
837 2433 1121 2500 φανεῖσθαι
1152 2431 1478 2503 ἀποδεκτήν.
1509 2433 1702 2497 Δείσας

142 2527 195 2578 δὲ
224 2525 471 2595 Ἡρώδης
495 2526 555 2578 τὸ
582 2526 671 2578 ἐπὶ
714 2525 968 2578 τοσοῦτον
1005 2523 1230 2578 πιθανὸν
1269 2521 1435 2577 αὐτοῦ
1465 2524 1576 2586 τοῖς
1606 2525 1705 2576 άν-

144 2617 376 2688 θρώποις
407 2618 483 2687 μὴ
515 2620 607 2671 ἐπὶ
657 2618 845 2670 στάσει
882 2618 1038 2688 φέροι
1080 2617 1188 2669 τινὶ
1219 2617 1420 2686 (πάντα
1467 2617 1574 2685 γὰρ
1600 2616 1707 2668 ἐοί-

145 2727 266 2763 κισι
305 2708 588 2779 συμϐουλῇ
619 2711 681 2779 τῇ
707 2708 918 2775 ἐκείνου
940 2708 1258 2777 πράξοντες)
1290 2706 1422 2759 πολὺ
1454 2710 1703 2777 κρεῖττον

133 2802 376 2867 ἡγεῖται,
408 2801 541 2871 πρίν
567 2818 618 2853 τι
649 2799 913 2871 νεώτερον
943 2799 1001 2865 ἐξ
1051 2801 1215 2853 αὑτοῦ
1249 2800 1528 2868 γενέσθαι,
1575 2816 1708 2870 προ-

146 2891 319 2944 λαϐὼν
371 2890 605 2954 ἀνελεῖν,
648 2890 742 2943 τοῦ
779 2889 1089 2959 μεταϐολῆς
1146 2888 1452 2957 γενομένης
1501 2887 1576 2956 μή
1629 2887 1710 2949 είς

149 2983 445 3052 πράγματα
484 2979 745 3051 ἐμπεσὼν
799 2983 1102 3050 μετανοεῖν.
1161 2979 1273 3033 Καὶ
1301 2981 1328 3031 ὁ
1369 2978 1467 3049 μὲν
1504 2977 1710 3047 ὑποψία

155 3075 240 3126 τοῦ
284 3074 532 3144 Ἡρώδου
562 3072 782 3142 δέσμιος
829 3074 909 3135 είς
973 3069 1367 3140 Μαχαιροῦντα
1415 3070 1707 3139 πεμφθεὶς,

1787 601 1841 655 in
1865 603 2122 657 Arabiam
2147 603 2212 660 ad
2243 612 2449 673 patrem
2474 603 2810 673 properavit,
2842 604 3002 672 eique
3024 604 3154 672 quid
3186 604 3356 657 Hero-

1786 692 1884 748 des
1938 694 2005 749 de
2054 711 2112 750 se
2159 697 2342 750 animo
2395 695 2811 765 271agitaret,
2865 697 3139 765 exposuit.
3200 695 3355 751 Unde

1786 786 1980 866 Arelas
2030 787 2438 842 inimicitiarum
2467 788 2810 843 occasionem
2859 787 3093 855 arripuit
3125 804 3138 840 :
3177 801 3354 854 pugna

1786 893 1885 949 per
1932 880 2220 949 utriusque
2285 879 2453 934 duces
2509 879 2823 941 commissa,
2881 876 3173 931 Herodiani
3224 873 3356 927 victi

1787 978 1916 1024 sunt
1969 978 2024 1022 et
2089 970 2269 1024 omnis
2305 970 2424 1040 ejus
2461 969 2754 1044 exercitus
2801 983 2996 1021 cassus.
3047 966 3180 1033 Quae
3233 979 3359 1019 cum
3446 996 3448 998 τ

1789 1057 2036 1115 Herodes
2064 1057 2286 1112 Tiberio
2315 1074 2410 1127 per
2460 1059 2673 1113 litteras
2727 1056 3109 1124 signiﬁcasset,
3149 1056 3238 1109 ille
3269 1053 3364 1108 Vi-

1778 1155 1941 1221 tellio
1978 1150 2192 1214 scribit,
2214 1157 2272 1202 ut
2300 1148 2480 1203 Aret;e
2505 1149 2708 1202 bellum
2733 1147 2952 1212 inferat,
2978 1155 3032 1200 et
3059 1155 3152 1200 aut
3172 1146 3382 1198 viven-‘

1793 1250 1900 1296 ten.
1938 1252 1989 1322 ξι
2012 1241 2266 1314 vinculis,
2294 1249 2389 1294 aut
2412 1240 2681 1294 interfecti
2712 1249 2877 1310 caput
2904 1240 3130 1292 Romam
3164 1239 3360 1292 mittal.
3388 1305 3398 1308 _

1790 1331 2020 1398 Quidam
2056 1332 2361 1397 credidere,
2399 1332 2634 1386 Herodis
2660 1331 2962 1385 exercitum
2997 1331 3074 1382 ira
3115 1327 3366 1382 Numinis

1791 1424 2090 1486 interiisse,
2131 1424 2201 1477 ob
2229 1423 2433 1478 caedem
2473 1422 2756 1493 propheta:
2803 1427 2858 1475 et
2908 1420 3159 1489 Baptista:
3202 1418 3367 1472 Joan-

1792 1517 1898 1572 nis.
1962 1519 2036 1571 De
2090 1532 2200 1585 quo
2249 1516 2516 1586 Iosephus
2570 1514 2654 1567 his
2702 1513 2884 1567 verbis
2937 1510 3170 1565 scribit:
3214 1508 3368 1562 Hunc

1793 1608 2038 1663 Herodes
2089 1607 2363 1661 interfecit
2394 1608 2569 1660 virum
2609 1607 2838 1667 bonum,
2873 1603 2967 1672 qui
3013 1600 3227 1655 Judwos
3256 1599 3368 1651 vir-

1795 1708 1964 1755 tutem
1993 1699 2196 1763 colere,
2235 1708 2399 1767 atque
2437 1698 2582 1749 inter
2633 1711 2751 1750 sese
2779 1695 3004 1764 justitia‘.
3031 1701 3086 1747 et
3123 1686 3370 1759 religioni

1798 1806 1927 1861 erga
1966 1789 2138 1844 Deum
2185 1788 2317 1842 dare
2347 1803 2568 1858 operam
2598 1787 2782 1858 jussit,
2835 1799 2898 1838 ac
2948 1784 3026 1837 sic
3053 1782 3120 1836 ad
3169 1780 3374 1849 baptis-

1801 1899 1951 1938 mum
2003 1882 2285 1946 accedere,
2328 1891 2440 1936 tum
2485 1881 2707 1935 demum
2768 1879 3014 1932 futurum
3067 1880 3371 1942 acceptum.

1797 1975 2044 2030 Herodes
2074 1982 2256 2027 autem
2282 1973 2513 2037 veritus,
2546 1987 2615 2026 nc
2649 1981 2793 2025 tanta
2817 1969 2936 2038 ejus
2968 1968 3022 2020 in
3045 1966 3236 2034 vulgus
3269 1979 3370 2017 au-
3398 1957 3410 1967 “

1799 2064 2024 2119 ctoritas
2048 2061 2115 2116 ad
2138 2061 2464 2116 seditionem
2493 2069 2784 2129 spectaret,
2814 2056 2958 2127 quod
3002 2055 3138 2110 nihil
3174 2068 3281 2106 non
3306 2066 3372 2106 co

1799 2153 2095 2208 mandante
2129 2150 2403 2205 facturum
2432 2148 2712 2203 videretur
2740 2164 2751 2199 :
2786 2143 3093 2201 consultius
3117 2157 3236 2197 esse
3267 2140 3372 2194 du-

1799 2246 1899 2310 xit,
1931 2259 2057 2298 eum
2105 2251 2396 2311 antequam
2440 2255 2530 2294 res
2574 2253 2745 2293 novas
2791 2236 3094 2299 moliretur,
3120 2248 3150 2286 e
3189 2229 3374 2284 medio

1803 2337 2021 2400 tollere,
2057 2351 2127 2390 ne
2155 2310 2276 2390 sese
2311 2332 2617 2387 mutatione
2649 2330 2788 2384 facta
2817 2328 3051 2397 negotiis
3090 2332 3145 2378 et
3175 2310 3377 2376 moles-

1804 2428 1894 2483 tiis
1932 2425 2335 2482 conflictantem
2370 2422 2641 2476 tarditatis
2689 2435 2801 2473 sua:
2839 2416 3149 2488 paeniteret.
3192 2413 3282 2466 Sic
3308 2426 3377 2465 ex

1804 2522 2035 2578 Herodis
2067 2517 2377 2588 suspicione
2413 2515 2832 2571 Machmruntem
2886 2510 3083 2563 missus
3118 2508 3376 2568 Joannes,

1805 2614 2094 2669 occiditur.
2124 2609 2295 2666 Judaei
2331 2624 2460 2663 vero
2493 2606 2800 2670 credidere,
2841 2604 2894 2656 in
2930 2601 3194 2655 ultionem
3230 2596 3381 2650 necis

1806 2706 1945 2776 ejus,
1972 2704 2278 2759 exercitum
2311 2700 2561 2770 periisse,
2599 2699 2709 2752 Deo
2755 2696 2810 2748 in
2839 2693 3111 2747 llerodem
3136 2685 3383 2743 animad-

1807 2803 2072 2852 vertente.
2121 2793 2391 2849 Catterum
2429 2789 2676 2845 Vitellius
2718 2786 2923 2840 bellum
2967 2783 3146 2836 Areten
3193 2778 3378 2831 illatu-

1808 2902 1923 2949 rus.
1957 2899 2082 2940 cum
2110 2883 2349 2939 Judzeam
2393 2878 2730 2950 pertransire
2774 2874 2977 2930 vellet:
3014 2886 3044 2924 a
3071 2868 3382 2923 Judmorum

1809 2976 2151 3047 proceribus,
2177 2989 2243 3027 ne
2268 2987 2366 3042 per
2387 2986 2506 3026 eam
2540 2969 2663 3032 iret,
2698 2965 2843 3037 quod
2868 2965 2921 3018 in
2945 2962 3156 3018 vexillis
3186 2958 3384 3012 multas
3483 2988 3489 2996 -

1810 3070 2038 3123 haberet
2090 3064 2376 3136 imagines,
2413 3077 2548 3133 quas
2587 3077 2686 3130 per
2728 3073 2881 3114 suam
2924 3054 3200 3125 regionem
3251 3047 3384 3103 ferri

149 3165 312 3237 ταύτῃ
347 3167 654 3218 κτίννυταιο
687 3165 800 3226 τοῖς
829 3163 888 3216 δὲ
913 3162 1194 3225 Ἰουδαίοις
1224 3160 1383 3224 δόξαν
1415 3160 1507 3212 ἐπὶ
1539 3177 1711 3227 τιμω-

1814 3161 1988 3232 patria
2012 3161 2128 3230 lege
2151 3158 2304 3214 nefas
2321 3166 2489 3221 esset,
2510 3161 2787 3214 exoratus,
2814 3149 3000 3219 copias
3017 3163 3115 3216 per
3137 3155 3384 3210 magnam

157 3259 241 3328 ρίᾳ
287 3261 351 3326 τῇ
386 3257 600 3309 ἐκείνου
630 3255 721 3307 τὸν
772 3254 991 3322 ὄλεθρον
1024 3253 1118 3306 τοῦ
1168 3251 1400 3323 στρατοῦ
1431 3252 1709 3320 γενέσθαι,

155 3351 239 3401 τοῦ
264 3349 399 3402 Θεοῦ
425 3347 676 3400 κακῶσαι
721 3346 971 3418 Ἡρώδην
1005 3345 1276 3408 θέλοντος.
1321 3344 1628 3405 Οὑῖτέλλιος
1658 3342 1715 3395 δὲ

157 3441 284 3509 πρὸς
333 3440 564 3510 Ἀρέταν
617 3437 942 3507 πολεμήσων
969 3437 1252 3504 ἠπείγετο.
1292 3434 1624 3504 Ὠρμημένῳ
1655 3433 1711 3485 δὲ

156 3531 236 3583 διὰ
258 3532 356 3600 τῆς
379 3529 653 3583 Ἰουδαίων
683 3527 1014 3598 διέρχεσθαι,
1050 3525 1394 3598 παρῃτοῦντο
1423 3527 1472 3577 oi
1505 3523 1713 3594 πρῶτοι

157 3623 331 3676 αὐτῶν
350 3623 464 3693 ,τὴν
492 3622 582 3676 διὰ
611 3621 711 3690 τῆς
737 3618 924 3690 χώρας
955 3618 1094 3672 ὁδόν
1129 3618 1191 3671 ού
1218 3617 1325 3689 γάρ
1358 3616 1588 3688 πάτριον
1641 3609 1715 3667 εῖ-

161 3732 241 3767 ναι
279 3715 467 3777 αύτοῖς
497 3714 712 3777 εἰκόνας
741 3711 1005 3785 φέρεσθαι
1035 3710 1123 3764 διὰ
1153 3710 1250 3780 τῆς
1309 3708 1490 3780 χώρας
1517 3707 1718 3772 αὐτῶν,

163 3808 435 3869 πολλὰς-δ’
482 3808 792 3859 ἐπικεῖσθαι
826 3805 950 3867 ταῖς
1005 3803 1269 3873 σημαίαις
1324 3801 1558 3860 είκὸνας.
1593 3799 1722 3850 Πει-

165 3898 312 3960 σθεὶς
330 3893 446 3963 οὗν,
469 3898 560 3951 διὰ
588 3897 681 3950 τοῦ
715 3897 953 3966 μεγάλου
979 3895 1160 3946 πεδίου
1180 3889 1452 3950 διεϐίϐαζε
1472 3889 1532 3939 τὸ
1554 3903 1721 3955 στρα-

1817 3252 2098 3323 planitiem
2128 3249 2385 3303 traduxit.
2428 3247 2550 3316 Ipse
2585 3260 2714 3300 cum
2753 3241 2966 3297 Herode
3014 3233 3388 3307 Hierosolyma

1816 3343 2083 3406 ascendit,
2117 3349 2176 3393 ut
2200 3338 2535 3393 sacriﬁcaret
2562 3336 2674 3391 Deo
2704 3353 2717 3388 :
2747 3334 2930 3401 ibique
2964 3329 3146 3383 triduo
3173 3332 3386 3386 exacto,

1815 3433 2103 3491 Ionatham
2132 3428 2451 3501 pontiﬁcatu
2482 3434 2684 3492 movet,
2715 3433 2772 3479 et
2799 3424 3022 3477 fratrem
3058 3421 3174 3489 ejus
3209 3415 3394 3482 Theo-

1819 3522 2032 3593 philum
2071 3521 2126 3574 in
2153 3534 2220 3574 eo
2253 3518 2505 3574 collocat.
2535 3515 2742 3582 Quarto
2784 3526 2914 3566 vero
2943 3509 3032 3564 die
3074 3505 3276 3562 litteris
3325 3501 3392 3555 de

1825 3615 1980 3668 obitu
2012 3612 2222 3667 Tiberii
2251 3610 2512 3680 acceptis,
2554 3606 2759 3678 p0pulo
2802 3599 3156 3675 jurejurando
3197 3594 3393 3650 adacto

1827 3714 1886 3759 ut
1913 3703 2045 3758 Caio
2072 3701 2300 3768 faveret,
2330 3699 2632 3756 exercitum
2672 3696 2974 3752 revocavit.
3009 3691 3212 3744 Ferunt
3254 3684 3395 3743 Are-

1829 3805 1937 3848 tam
1973 3807 2192 3862 quoque
2235 3790 2507 3845 consultis
2549 3788 2794 3857 auguriis
2820 3784 3042 3846 dixisse,
3085 3795 3194 3834 non
3235 3789 3396 3847 posse

1827 3883 2129 3939 exercitum
2171 3881 2321 3935 illum
2353 3880 2558 3934 bellum
2591 3893 2782 3949 gerere
2811 3891 2826 3930 :
2862 3871 3200 3929 brevi.cnim
3229 3868 3398 3923 mori-

163 3989 401 4044 τόπεδον.
434 3962 623 4051 ΫΑύτδς
676 3962 732 4040 δέ
783 3988 903 4058 μετ’
947 3983 1186 4054 Ἡρώδου
1230 3981 1310 4045 εις
1373 3977 1711 4050 Ἰεροσόλυμα

1831 3984 2016 4030 turum
2047 3988 2168 4028 esse
2204 3971 2420 4036 ducem,
2452 3972 2539 4025 vel
2574 3969 2668 4040 qui
2703 3966 3064 4040 jnssisset,vel
3099 3963 3190 4032 qui
3216 3962 3406 4034 jussus

165 4083 336 4153 ἀνῄει,
369 4082 550 4137 θύσων
576 4045 652 4152 ei}:
687 4045 827 4151 Θεέ).
863 4079 970 4134 Καὶ
1001 4045 1148 4149 τρεῖς
1189 4045 1476 4149 ἐπιμείνας
1510 4070 1711 4143 ἡμέρας

1832 4077 1997 4130 esset,
2039 4065 2126 4118 vel
2157 4078 2282 4117 eum
2322 4071 2514 4116 contra
2548 4075 2711 4130 quem
2740 4060 2889 4129 jussa
2916 4065 3063 4111 esset
3101 4045 3404 4121 eaﬁeditin.

165 4141 292 4236 usui,
324 4141 747 4241 ⁷Ἰιονάθηίμδν
778 4141 902 4240 ’τῆς
954 4141 1371 4238 ἀρέιερωσύνης
1449 4141 1763 4232 μεθίστησι,
1799 4161 1890 4212 τὶν
1939 4159 1998 4212 δὲ
2057 4156 2288 4225 ἀδελφὸν
2333 4154 2501 4207 αὑτοῦ
2554 4154 2816 4226 Θεόιῆιλον
2887 4146 3275 4217 ἐγκαθίστησιν
3320 4141 3407 4201 εἰς

165 4230 348 4334 αὐτήν.
376 4262 454 4332 Τῇ
499 4230 732 4330 τετάρτη
759 4259 816 4311 δὲ
843 4230 1185 4328 γραμμάτων
1224 4230 1374 4326 αύτιῖ)
1417 4230 1792 4324 κομισθέντων
1860 4250 1987 4317 περὶ
2064 4248 2165 4315 τῆς
2198 4245 2454 4314 Τιϐερίου
2517 4243 2799 4310 τελευτῆς,
2829 4240 3034 4312 ὥρκισε
3095 4236 3156 4290 τὸ
3196 4230 3408 4302 πλῆθος»

166 4324 364 4409 εὐνοεῖν
397 4324 478 4425 {ip
535 4324 732 4422 Fat-t9,"
755 4324 1015 4405 ἀνεκάλει
1057 4349 1130 4403 δὲ·
1151 4349 1247 4403 καὶ
1273 4324 1722 4417 τδίηστράτευμα.
1760 4343 1996 4410 Λέγεται
2037 4338 2095 4392 δὲ
2159 4339 2254 4392 καὶ
2317 4337 2410 4390 τὸν
2437 4336 2666 4406 ’Δρέταν
2693 4329 3275 4404 οἰωνοσκοπησάμενον
3301 4324 3406 4394 (pd-

169 4470 249 4505 ναι
299 4423 584 4521 ἀμήχανον
609 4442 749 4501 εἷναι
785 4449 863 4517 τῷ
892 4443 1110 4518 στρατῷ
1152 4435 1480 4513 πολεμῆσαι.
1528 4437 1895 4509 Τεθνήξεσθαι
1960 4433 2070 4506 γὰρ
2134 4432 2244 4486 τῶν
2313 4430 2597 4502 ἡγεμόνων
2648 4430 2684 4502 ἢ
2737 4431 2826 4481 τὸν
2877 4425 3209 4480 κελεύσαντα
3250 4423 3407 4474 πολεο

174 4552 305 4609 αεῑν,
337 4547 372 4615 ἢ
439 4545 533 4597 τὸν
561 4541 1006 4611 κελευσθέντα,ἧ
1062 4538 1182 4592 καθ’
1243 4532 1305 4593 οὗ
1341 4539 1404 4591 τὸ
1449 4526 1725 4606 κέλευσμα
1763 4534 1978 4602 γέγονε.

235 4638 305 4692 Ζ’.
344 4609 457 4691 fici.
502 4635 806 4699 οὐϊτέλλιος
835 4630 934 4705 μὲν
963 4609 1044 4695 είς
1073 4633 1410 4702 Ἀντιόχειαν
1443 4629 1711 4701 ἀνεχώρη·

1905 4624 2017 4680 VII.
2069 4623 2145 4676 Ac
2181 4618 2434 4676 Vitellius
2482 4614 2828 4670 Antiochiam
2874 4609 3118 4666 recessit.
3168 4609 3410 4680 Agrippa

173 4751 280 4795 σεν,
305 4730 624 4802 ’Δγρίππας
647 4727 703 4780 δὲ
730 4729 758 4781 δ
792 4724 1208 4796 ’Δριστοϐούλου
1242 4724 1356 4786 υίὸς
1379 4726 1472 4778 ἐπὶ
1511 4721 1732 4793 Ῥώμης

174 4825 354 4895 ἔτυχεν
383 4822 594 4887 ὣν,τοῦ
617 4817 868 4890 Τιϐερίου
904 4807 1436 4889 θνήσκοντος.οὖτος
1466 4813 1598 4885 γὰρ,
1629 4811 1736 4883 πρὸ

179 4917 372 4987 μικροῦ
404 4917 504 4987 τῆς
547 4911 788 4984 Ἡρώδου
814 4912 909 4965 τοῦ
943 4908 1179 4981 μεγάλου
1197 4906 1292 4960 τοῦ
1317 4909 1541 4962 πάππου
1569 4903 1734 4961 αὐτοῦ

176 5007 430 5078 τελευτῆς
457 5008 518 5060 ὲν
546 5009 610 5075 τῇ
650 5002 838 5075 Ῥώμη
865 5003 1221 5075 τρεφόμενος,
1245 5000 1484 5071 συνήθης
1510 5000 1736 5068 ἐγένετο

180 5098 397 5169 Δρούσῳ
424 5095 505 5167 τῷ
531 5093 782 5166 Τιϐερίου
832 5093 958 5165 υίῷ,
984 5095 1081 5148 καὶ
1108 5091 1369 5162 ’Δντωνί-ςι
1397 5095 1464 5164 τῇ
1495 5090 1732 5163 Δρούσου

179 5193 266 5246 τοῦ
287 5191 524 5264 μεγάλου
553 5189 774 5258 γυναικὶ
809 5189 1050 5254 γνωστὸς
1074 5187 1285 5258 γέγονε,
1315 5185 1609 5258 Βερενίκης
1638 5183 1738 5252 τῆς

182 5286 338 5339 αὑτοῦ
382 5284 591 5354 μητρὸς
637 5283 954 5353 τιμωμένης
988 5282 1118 5354 παρ’
1148 5278 1341 5349 αὐτῆς.
1381 5277 1739 5345 Μεγαλοπρε-

183 5375 285 5445 πῆς
319 5377 378 5429 δὲ
410 5375 488 5429 ὣν
539 5374 874 5444 ’Δγρίππας,
919 5375 1018 5429 καὶ
1072 5373 1364 5444 δωρεῖσθαι
1415 5369 1735 5440 πολυτελὴς,

185 5461 279 5537 τῆς
304 5467 512 5544 μητρὸς
543 5467 709 5521 αὑτοῦ
738 5464 1026 5536 θανούσης,
1059 5465 1131 5519 τὰ
1159 5465 1258 5536 μὲν
1283 5463 1392 5517 τῶν
1439 5462 1739 5534 χρημάτων

187 5559 261 5620 εἰς
292 5556 484 5610 ἑαυτὸν
522 5557 790 5622 ἀνάλωσε,
828 5554 1136 5618 πολυτελῶς
1183 5554 1558 5625 διαιτώμενος,
1589 5557 1659 5608 τά
1680 5553 1739 5606 δὲ

188 5650 261 5710 εἰς
288 5649 511 5718 δωρεὰς,
541 5645 608 5701 τά
661 5647 831 5719 πλείῳ
857 5647 903 5701 δ’
931 5648 1011 5710 είς
1039 5647 1163 5709 τοὺς
1207 5645 1604 5716 ἀπελευθέρους
1646 5643 1741 5698 τοῦ

191 5736 481 5809 Καίσαρος,
513 5736 606 5790 καὶ
633 5737 768 5805 ταχῦ
803 5737 860 5788 ὲν
893 5733 1074 5804 ἐνδείᾳ
1129 5733 1366 5799 ἰγένετο.
1386 5731 1650 5789 Θανὸντος
1682 5729 1741 5784 δὲ

193 5829 280 5884 τοῦ
309 5829 426 5886 υἱοῦ
447 5827 722 5893 Τιϐερίου,
750 5827 1050 5891 ἀπείρηκεν
1092 5825 1300 5888 ἐκεῖνος
1324 5823 1402 5890 είς
1424 5822 1548 5886 ὄψιν
1577 5821 1738 5876 αὐτοῦ

1833 4731 1968 4771 vero
2018 4709 2322 4779 Aristobuli
2378 4707 2541 4769 ﬁlius,
2598 4705 2868 4760 moriente
2917 4703 3159 4765 Tiberio,
3221 4701 3415 4755 Roma:

1835 4809 1991 4864 vixit.
2026 4805 2129 4862 Ubi
2163 4819 2288 4859 cum
2332 4801 2493 4871 paulo
2527 4807 2652 4856 ante
2693 4798 2903 4853 obitum
2960 4795 3141 4865 magni
3173 4793 3410 4848 Herodis

1836 4901 1921 4956 avi
1947 4899 2031 4954 sui
2056 4897 2408 4964 educaretur,
2442 4895 2496 4950 in
2535 4890 2959 4948 familiaritatem
2993 4888 3173 4951 Drusi,
3198 4885 3404 4939 Tiberii

1836 4990 1954 5054 ﬁlii,
2008 4987 2170 5059 2⁵12
2227 4995 2393 5056 atque
2443 4983 2691 5042 Antoniae
2747 4979 2908 5034 Drusi
2960 4975 3181 5047 majoris
3217 4972 3410 5027 uxoris

1836 5081 2088 5137 notitiam
2115 5085 2464 5150 pervenerat,
2493 5074 2562 5130 ob
2594 5073 2857 5127 honorem
2891 5068 3079 5122 matris
3111 5081 3223 5120 suae
3243 5065 3406 5120 Berc-

1835 5175 2009 5230 nices.
2050 5171 2267 5242 thuia
2313 5165 2633 5238 magniﬁcus
2672 5175 2836 5233 atque
2864 5157 3407 5214 muniﬁcentissimus

1838 5273 1981 5330 erat,
2015 5261 2268 5318 defuncta
2288 5268 2479 5323 matre,
2504 5257 2734 5327 pecunia
2748 5252 2941 5324 partim
2968 5250 3021 5305 in
3051 5250 3410 5322 semetipsum

1842 5347 1988 5430 (nam
2044 5362 2362 5424 sumptuose
2408 5347 2646 5419 vivebat)
2695 5336 2895 5417 partim
2955 5345 3012 5410 in
3062 5343 3402 5407 donationes,

1840 5429 2030 5521 majori
2052 5455 2233 5502 tamen
2252 5460 2319 5499 ex
2340 5451 2496 5514 parte
2521 5438 2825 5516 inpassaris
2852 5429 3080 5493 libertos
3106 5438 3404 5502 insumpta,

1838 5539 2093 5596 celeriter
2137 5534 2204 5588 ad
2243 5542 2537 5603 egestatem
2580 5540 2664 5586 est
2692 5529 2972 5586 redactus.
3027 5527 3238 5579 Mortuo
3272 5537 3407 5577 vero

1842 5631 1953 5688 ﬁlio
1982 5626 2290 5690 Tiberiiyis
2331 5624 2520 5694 edixit,
2553 5639 2622 5679 ne
2673 5623 2828 5694 pueri
2858 5620 3154 5675 familiares
3180 5617 3246 5670 ‘in
3276 5631 3393 5670 con-

1842 5731 2085 5794 spectum
2115 5733 2272 5775 suum
2311 5717 2584 5782 venirent,
2608 5729 2677 5770 ne
2707 5728 2804 5784 per
2834 5712 2977 5776 illos,
3020 5718 3273 5764 renovata
3305 5707 3402 5761 deo

1838 5813 2018 5873 functi
2087 5812 2374 5876 memoria,
2458 5811 2637 5867 luctus
2716 5818 2848 5865 suus
2923 5802 3399 5872 redintegraretur.
