3988 6328
577 397 654 459 79
1477 391 1479 394 ‘
1807 400 2139 462 JOANNIS
2177 369 2503 465 20mm

3680 419 3784 474 4"0

543 511 775 580 Agrippa
816 507 982 574 igitur
1024 522 1150 563 cum
1190 521 1255 564 ea
1289 508 1356 564 de
1400 502 1586 575 causa,
1616 517 1731 565 tum
1766 512 1835 566 ob
1865 513 2110 582 pecunia:

2225 519 2401 585 ροιτᾷν
2446 518 2574 579 τοὺς
2619 519 2868 590 συνήθεις
2903 519 3026 581 τοὺς
3050 521 3142 574 τοῦ
3202 523 3422 586 παιδὸς,
3463 525 3547 577 ῖνα
3606 525 3685 594 μὴ
3724 524 3785 579 δι’

543 601 780 668 inopiam
819 598 1074 664 atllictus,
1137 597 1192 652 in
1248 596 1491 654 Judaeam
1551 601 1714 655 rediit
1754 620 1767 656 :
1812 612 1873 657 et
1921 617 2046 657 cum
2086 619 2117 658 a

541 692 732 744 multis
760 675 1236 754 creditoribusas
1265 692 1505 747 alienum
1536 693 1932 763 repetentibus,
1961 710 2118 748 num-

540 783 645 837 mis
671 784 896 838 omnino
924 783 1222 838 destitutus
1246 784 1568 854 urgeretur,
1624 785 1691 840 de
1727 786 1978 841 manibus
2009 787 2117 861 sibi

543 876 644 944 ipsi
696 875 992 930 allerendis
1050 869 1329 944 cogitavit.
1367 870 1423 929 id
1471 877 1592 946 ejus
1635 877 1926 932 consilium
1979 893 2118 933 uxor

541 966 756 1037 Cyprus
801 966 1212 1030 animadvertit,
1243 967 1491 1023 Phasaeli
1533 968 1665 1030 tilia,
1710 967 1943 1024 Herodis
1971 971 2117 1040 regis

541 1074 612 1112 ex
657 1059 827 1112 fratre
877 1057 1097 1128 nepotis
1144 1067 1294 1124 nata,
1349 1075 1418 1114 ex
1469 1059 1842 1130 Salampsionc
1875 1061 2120 1117 Herodis

468 1187 471 1189 .
543 1131 676 1211 ﬁlia,
721 1163 883 1216 quam
923 1163 991 1202 ex
1049 1147 1362 1201 llariamme
1408 1147 1477 1201 ab
1524 1149 1662 1218 ipso,
1696 1160 1754 1205 ut
1810 1151 2117 1221 expositum

541 1246 645 1302 εει,
695 1237 875 1295 occisa
924 1248 1264 1307 susceperat.
1311 1239 1437 1294 Haec
1485 1239 1650 1310 igitur
1680 1240 1888 1312 Cyprus
1937 1242 2119 1296 mariti

543 1335 741 1383 conatu
770 1329 1027 1392 inhibito,
1059 1329 1353 1384 Herodiadi
1379 1332 1580 1389 Herodi
1605 1334 1891 1389 tctrarcha:
1914 1344 2116 1404 nuptae,

547 1420 799 1489 Agrippa:
835 1423 1032 1486 sorori,
1075 1421 1259 1478 fratris
1290 1423 1600 1478 institutum
1633 1425 1883 1488 nuntiat,
1926 1435 2120 1495 petens

547 1521 610 1566 ut
639 1513 878 1582 adjuvet,
912 1513 1281 1582 maritumque
1309 1513 1377 1567 ad
1410 1529 1569 1583 opem
1611 1514 1889 1570 ferendam
1923 1517 2122 1571 exhor—

550 1609 716 1658 tctur.
749 1603 831 1656 llli
863 1618 993 1657 vero
1028 1604 1080 1658 ei
1110 1603 1459 1658 Tiberiadem
1490 1605 1842 1660 habitandam
1880 1605 2121 1661 tradide-
2156 1627 2161 1631 λ

547 1703 701 1759 runt,
754 1694 1026 1764 assignata
1069 1694 1233 1761 etiam
1282 1697 1514 1765 pecunia
1547 1685 1692 1752 unde
1724 1697 1956 1753 viveret.
2005 1697 2121 1752 Ali-

547 1795 757 1854 quanto
815 1797 935 1854 post
983 1786 1220 1856 Agrippa
1261 1787 1638 1842 controversia
1682 1787 1827 1844 inter
1855 1789 2035 1858 ipsum
2064 1795 2122 1842 et

2223 606 2406 661 αὐτῶν
2435 609 2516 670 είς
2545 609 2850 688 ἀνάμνησιν
2879 612 3090 664 ἐκείνου
3123 612 3238 676 ίὼν,
3280 616 3358 676 είς
3388 615 3566 684 λύπην
3597 618 3785 686 ἀνερε-

2218 695 2459 767 θίζηται.
2481 700 2583 753 Διά
2612 717 2674 753 τε
2723 702 2855 769 γοῦν
2885 705 3063 765 τοῦτο,
3088 707 3182 756 καὶ
3206 705 3288 758 ὅτι
3323 707 3624 775 χρημάτων
3653 708 3786 776 hird-

2225 805 2413 858 ρησεν,
2437 791 2517 851 είς
2545 791 2808 844 Ἰουδαίαν
2852 796 3224 865 κακοπραγῶν
3280 798 3603 866 ἐπανῆλθεν.
3630 800 3789 853 Ἀποο

2219 876 2369 930 τίσαι
2397 877 2454 931 δὲ
2478 879 2573 932 καὶ
2598 881 2712 942 τοῖς
2742 879 3046 946 δανεισταῖς
3070 885 3170 947 τὰς
3187 884 3408 952 ὀφειλάς
3441 885 3787 957 βιαζόμενος,

2223 966 2443 1030 πολλοῖς
2471 965 2617 1034 οὖσι,
2641 968 2733 1021 καὶ
2765 970 2839 1039 μὴ
2862 970 3023 1040 ἔχων,
3045 974 3124 1036 είς
3177 973 3386 1029 ἔννοιαν
3437 972 3603 1047 ἦλθεν
3630 978 3787 1030 αὺτο-

2227 1054 2465 1126 χειρίας.
2483 1056 2696 1126 Συνῆκε
2728 1059 2786 1112 δὲ
2806 1061 2865 1112 τὸ
2887 1062 3125 1131 ἐννόημα
3143 1066 3176 1133 ἡ
3193 1065 3331 1134 γυνὴ
3357 1065 3524 1119 αὐτοῦ
3543 1066 3783 1136 Κύπρος,

2225 1149 2260 1217 ἢ
2292 1145 2635 1227 θυγάτηρῆι
2668 1153 2975 1222 Φασαήλου,
3001 1155 3095 1209 τοῦ
3140 1143 3535 1225 ἀδελφόπαιδος
3557 1162 3671 1214 ’τοῦ
3695 1162 3788 1230 βα-

2225 1237 2416 1302 σιλέως
2440 1238 2698 1309 Ἡρώδου,
2721 1245 2785 1295 ἐκ
2805 1243 3152 1315 Σαλαμψιοῦς
3168 1248 3678 1318 αύτῷγεννηθεῖσα,
3697 1251 3789 1319 τῆς

2238 1326 2480 1398 Ἡρώδου
2540 1330 2830 1400 θυγατρὸς,
2876 1334 2946 1404 ἢν
2980 1335 3140 1410 ἔσχεν
3191 1337 3258 1390 ἐκ
3306 1338 3541 1409 Μαριὰμ
3568 1340 3670 1410 τῆς
3702 1340 3789 1394 ὑπ’

2226 1417 2465 1471 ἐκείνου.
2491 1417 2866 1492 ἀνῃρημένης,
2901 1421 2978 1486 ὡς
3039 1421 3371 1492 δεδιήγηται.
3411 1425 3557 1494 Αὕτη
3591 1426 3728 1494 γοῦν
3758 1427 3790 1494 ἠ

2229 1506 2454 1575 Κύπρος
2467 1506 2600 1579 (66),
2623 1511 2946 1564 συνοικοῦσα
2961 1512 3037 1582 τῷ
3054 1512 3362 1584 Ἀγρίππᾳ,
3384 1515 3479 1568 καὶ
3494 1517 3790 1585 αἰσθομένη

2227 1594 2292 1649 τὸ
2325 1594 2621 1666 βούλευμα,
2673 1600 2906 1669 ἀπεῖργε
2966 1599 3156 1654 τοῦτον
3207 1602 3791 1676 αὖτοῦ.Διαπέμπεται

2225 1687 2283 1742 δὲ
2337 1688 2474 1761 πρὸς
2515 1689 2817 1766 Ἡρωδιάδα
2862 1692 2965 1761 τὴν
3013 1691 3094 1762 τῷ
3127 1694 3408 1766 τετράρχῃ
3434 1698 3787 1769 συνοικοῦσαν

2243 1780 2475 1855 Ἡρώδῃ,
2523 1781 2807 1855 ’Δγρίππᾳ
2848 1785 3225 1854 τυγχάνουσαν
3258 1787 3518 1857 ἀδελφὴν,
3557 1789 3792 1858 δηλοῦσα

547 1853 828 1931 ιῖυι-οιιεηι
849 1886 989 1942 orta,
1022 1853 1089 1931 ad
1113 1853 1363 1932 Flaccum
1387 1878 1555 1948 Syriai
1581 1853 2119 1950 prmtorem-migrat,

2226 1871 2343 1942 τὴν,
2382 1853 2591 1927 ἔννοιαν
2636 1873 2731 1926 τοῦ
2773 1853 3070 1942 συγγόνου,
3134 1879 3229 1930 καὶ
3281 1853 3499 1948 βοηθεῖν
3538 1853 3788 1944 ἀξίοῦσα.

547 1987 577 2024 a
618 1985 727 2040 quo
769 1969 838 2023 ob
882 1969 1305 2022 familiaritatem
1351 1971 1537 2025 Horme
1576 1981 1913 2025 contractam
1945 1971 2120 2027 amice

546 2070 632 2114 est
680 2069 990 2127 susceptus.
1032 2057 1140 2113 Sed
1196 2074 1295 2128 per
1345 2058 1531 2116 fratris
1575 2060 1897 2125 Aristobuli,
1943 2077 1973 2116 a
2011 2077 2122 2132 quo

547 2150 866 2215 dissidebat,
908 2151 1210 2206 calumnias
1250 2150 1429 2206 Flacci
1481 2152 1784 2208 inimicitiis
1826 2156 2119 2225 susceptis,

547 2244 680 2298 inde
702 2244 928 2323 ejectus,
956 2253 1012 2298 et
1042 2244 1109 2298 ad
1137 2253 1435 2298 extremam
1473 2245 1713 2314 in0piam
1748 2245 2020 2311 redactus,
2063 2247 2120 2301 in

549 2335 757 2388 Italiam
792 2336 1048 2406 navigare
1089 2335 1301 2400 statuit,
1332 2351 1397 2389 ac
1433 2335 1698 2406 Marsyam
1731 2336 1988 2390 libertum
2023 2336 2123 2391 ali-

551 2426 730 2481 cunde
762 2437 1006 2480 mutuam
1041 2442 1262 2482 sumere
1299 2428 1584 2497 pecuniam
1611 2427 1792 2497 jussit.
1826 2426 1876 2482 Is
1901 2427 2119 2484 Petrum

551 2517 843 2571 Berenices
899 2508 1155 2585 Aprippat
1202 2519 1392 2572 matris
1438 2517 1698 2571 libertum
1750 2517 1883 2581 adit,
1939 2532 1968 2570 a
2010 2531 2121 2585 quo

555 2608 795 2677 Agrippa
828 2608 1135 2678 syngrapha
1163 2608 1287 2661 data
1315 2608 1383 2661 de
1431 2623 1500 2660 xx
1537 2607 1774 2660 millibus
1818 2607 2117 2662 Atticarum

552 2696 961 2754 drachmarum.
1003 2694 1090 2750 bis
1119 2695 1266 2749 mille
1299 2703 1353 2749 et
1393 2711 1427 2749 ι)
1454 2695 1635 2749 minus
1669 2697 1929 2765 acceptis,
1971 2696 2122 2750 navi—

555 2794 799 2856 gaturus,
828 2786 897 2840 ab
920 2785 1193 2842 Herennio
1221 2785 1486 2856 Capitone
1507 2787 1744 2841 Jamneae
1764 2794 2120 2858 procuratore

552 2878 1036 2948 manerejubetur,
1056 2878 1184 2932 dum
1209 2893 1304 2933 ccc
1332 2877 1501 2934 millia
1534 2879 1767 2947 argenti,
1785 2894 1906 2948 quae
1919 2879 2120 2935 Caesar!

554 2967 806 3030 deberet,
830 2970 1085 3023 solveret.
1114 2963 1208 3022 llle
1234 2983 1292 3022 se
1312 2966 1812 3039 obtemperaturum
1834 2968 2121 3035 simulans,

554 3067 718 3113 noctu
750 3050 943 3114 solvit:
974 3067 1031 3114 et
1059 3058 1439 3113 Alexandriam
1465 3059 1762 3130 profectus,
1791 3061 1859 3116 ab
1881 3061 2122 3116 Alexan-

555 3152 655 3205 dro
683 3139 992 3207 Alaharcho
1011 3168 1074 3210 cc
1100 3152 1269 3206 millia
1307 3163 1500 3205 mutuo
1524 3153 1680 3221 petit.
1709 3153 1814 3218 Qui
1838 3153 1930 3207 illo
1953 3168 2118 3222 repu-

556 3241 727 3305 diato,
761 3257 880 3295 eam
925 3242 1216 3310 pecuniam
1246 3240 1426 3311 Cypro
1469 3243 1588 3311 ejus
1633 3242 1787 3297 uxori
1836 3257 1962 3296 cum
2006 3257 2136 3312 pro—

2233 1964 2328 2017 xa‘t
2361 1962 2450 2015 τὸν
2465 1963 2665 2017 οίκεῖον
2694 1962 2864 2034 ἄνδρα
2895 1965 3033 2035 πρὸς
3084 1967 3407 2038 ἐπικουρίαν
3442 1969 3790 2040 παρακαλεῖν.

2233 2057 2297 2109 0i
2327 2055 2386 2108 δὲ
2433 2055 2880 2126 μετεπέμψαντό,
2903 2074 2960 2110 τε
2991 2058 3178 2120 αὐτὸν.
3209 2062 3303 2113 καὶ
3329 2061 3648 2132 οἰκητήριον
3697 2062 3793 2132 τὴν

2233 2145 2529 2216 Τιὸεριάδα
2579 2147 2867 2215 δεδώκασι,
2891 2147 2986 2202 καί
3012 2167 3062 2202 τι
3095 2153 3186 2203 καὶ
3219 2151 3482 2221 ἀργύριον
3517 2153 3792 2218 ἀπέταξαν

2231 2238 2379 2310 αὐτῷ
2406 2239 2487 2301 είς
2516 2238 2614 2308 τὴν
2646 2238 2884 2294 δίαιταν.
2907 2238 3066 2292 Μετὰ
3093 2241 3282 2311 καιρὸν
3321 2242 3375 2294 δὲ
3407 2243 3674 2311 διαφορᾶς
3704 2261 3791 2311 γε-

2231 2331 2463 2400 νομένης
2521 2329 2737 2400 Ἡρώδῃ
2771 2346 2830 2383 τε
2862 2331 2956 2382 καὶ
3001 2331 3303 2403 Ἀγρίππᾳ,
3360 2333 3498 2402 πρὸς
3553 2335 3795 2387 Φλάκκον

2232 2423 2430 2492 Συρίας
2453 2422 2755 2493 ἡγούμενον
2783 2425 2812 2475 ὁ
2845 2423 3158 2491 Ἀγρίππας
3207 2424 3557 2494 μεθίσταται,
3607 2426 3793 2495 φιλίως

2234 2516 2298 2566 ἐκ
2340 2511 2560 2584 Ῥώμης
2590 2514 2728 2583 πρὸς
2783 2514 2946 2567 αὐτὸν
2972 2514 3340 2582 διακείμενον,
3370 2517 3530 2570 κάκεῖ
3559 2517 3793 2586 διέτριϐε

2226 2605 2521 2676 δεξαμένου
2573 2605 2667 2658 τοῦ
2713 2605 2979 2659 Φλάκκου.
3021 2607 3114 2658 “av
3142 2605 3196 2658 δὲ
3229 2607 3344 2659 ἐκεῖ
3372 2607 3466 2661 καὶ
3494 2609 3523 2660 ὁ
3569 2607 3790 2675 ’Δγρίπο

2229 2715 2334 2752 που
2389 2695 2616 2765 ἀδελφὸς
2672 2695 3103 2766 Ἀριστὸὅουλο;,
3161 2696 3546 2767 διαφερόμενός
3608 2713 3669 2749 τε
3723 2696 3794 2764 τῷ
3860 2763 3862 2768 τ

2232 2787 2745 2857 ἀδελφῷδιαεολαῖς
2767 2787 2931 2840 αὐτὸν
2959 2787 3095 2857 πρὸς
3115 2786 3362 2841 Φλάκκον
3394 2787 3790 2862 ἐξεπολέμωσε,

2228 2879 2325 2932 καὶ
2353 2877 2634 2940 ἐξωθεῖται
2663 2877 2873 2932 ἐκεῖθεν
2904 2877 3231 2949 Ἀγρίππας.
3267 2879 3325 2931 '0
3359 2878 3436 2942 δέ,
3468 2879 3545 2941 εἰς
3567 2879 3792 2948 ἐσχάτην

2231 2972 2492 3041 περιστὰς
2514 2970 2771 3042 ἀπορίαν,
2795 2972 2874 3032 είς
2904 2969 3137 3023 Ἰταλίαν
3159 2970 3382 3023 ἐκπλεῖν
3405 2967 3677 3033 ἐϐούλετο,
3705 2968 3793 3022 καὶ

2220 3044 2380 3130 ’ἠξίου
2416 3059 2686 3130 Μαρσύαν
2716 3058 2882 3113 αὑτοῦ
2929 3056 3293 3131 ἀπελεύθερον
3335 3053 3603 3130 χρήματά
3624 3059 3675 3112 oi
3703 3075 3793 3111 πο-

2232 3152 2377 3219 ρίσαι
2405 3151 2568 3205 ποθὲν
2593 3151 3000 3219 δανεισάμενον.
3049 3149 3286 3212 Ἐκεῖνος
3314 3148 3370 3202 δέ
3397 3148 3586 3220 Πέτρῳ
3627 3149 3792 3219 πρόσ-

2154 3201 2203 3284 ‘i
2232 3201 2375 3295 2...:
2395 3201 2744 3312 suae...
2788 3201 3082 3310 ἐερένιᾷιης
3109 3239 3206 3310 τῆς
3236 3201 3540 3310 mm;
3556 3201 3790 3309 ’μητ”ρδς,

557 3342 682 3401 pter
733 3333 1072 3402 conjugalem
1122 3348 1385 3398 amorem,
1437 3343 1551 3388 tum
1592 3333 1664 3389 ob
1717 3335 1878 3405 273
1907 3345 2121 3392 caetch

2233 3331 2326 3385 καὶ
2357 3334 2387 3386 δ
2414 3333 2623 3403 Πέτρος
2677 3331 3012 3402 συμϐόλαιον
3063 3330 3217 3400 ἔλεγε
3261 3332 3631 3402 ποιησάμενον
3684 3331 3791 3385 δύω

557 3424 678 3493 ejus
706 3423 941 3479 virtutes
968 3424 1139 3480 dedit.
1165 3424 1280 3492 Qua
1302 3434 1547 3496 accepta,
1574 3427 1810 3497 Agrippa
1839 3428 1894 3482 in
1925 3428 2121 3483 Italiam

2235 3421 2512 3492 μυριάδων
2536 3420 2794 3475 Ἀτθίδων
2823 3421 3008 3476 λαϐεῖν
3062 3422 3163 3487 τὰς
3212 3423 3500 3492 μυριάδας,
3530 3440 3792 3476 πεντακο-

474 3556 484 3582 ,
555 3510 855 3579 profectus,
909 3511 1086 3582 Cypro
1140 3529 1264 3568 cum
1327 3515 1445 3570 suis
1521 3515 1715 3572 liberis
1773 3518 1828 3572 in
1889 3517 2121 3575 Judaam

2234 3512 2376 3575 σίαις
2407 3512 2502 3565 καὶ
2528 3512 2818 3582 δισχιλίαις
2842 3511 3269 3582 ἐλασσουμένας.
3293 3513 3402 3581 Kal
3431 3514 3458 3564 ὁ
3490 3513 3791 3583 Ἀγρίππας

560 3608 872 3665 reversa,'a
907 3603 1118 3658 Caasare
1168 3607 1481 3662 humaniter
1509 3609 1799 3676 excipitur.
1832 3611 1938 3665 Sed
1978 3612 2121 3681 Capi-

2234 3604 2504 3669 συνέθετο,
2525 3605 2621 3657 καὶ
2650 3603 2830 3657 λασὼν
2860 3605 2922 3657 τὺ
2962 3605 3228 3674 δάνεισμα
3247 3602 3514 3656 ἀποπλεῖν
3548 3603 3788 3672 ἔμελλεν.

561 3693 706 3747 tonis
757 3692 1016 3749 Hercnnii
1056 3694 1262 3751 litteris
1304 3697 1482 3751 allatis
1538 3707 1599 3751 ut
1649 3699 1833 3769 fugam
1882 3702 2121 3770 cepisset,

2245 3693 2521 3766 Ἐρρένιος
2549 3693 2607 3745 δὲ
2656 3693 2941 3759 Καπίτων,
2977 3694 3251 3763 Ἰαμνείας
3300 3693 3614 3766 ἐπίτροπος,
3641 3693 3791 3764 τριά-

561 3799 687 3836 cum
738 3799 832 3838 ccc
890 3783 1062 3838 millia
1122 3785 1248 3840 reris
1309 3786 1473 3840 alieni
1522 3787 1591 3841 ab
1639 3804 1725 3859 eo\
1755 3802 2121 3860 poscerentur,

2233 3801 2402 3838 κοντα
2439 3785 2709 3855 μυριάδας
2736 3783 3004 3860 ἀργυρίου
3059 3785 3524 3866 ὀφειλομέναςτῷ
3552 3784 3790 3855 Καίσαρι

560 3874 741 3926 (Σιεεαι-
775 3872 967 3937 iratus,
1023 3889 1130 3928 non
1164 3874 1316 3944 prius
1345 3875 1396 3929 ei
1439 3875 1648 3930 aditum
1693 3878 1757 3931 ad
1793 3895 1852 3933 se
1894 3880 2121 3948 permitti

2232 3876 2505 3949 ἔπραττεν
2536 3878 2625 3930 ἐπ’
2657 3876 2846 3942 αὑτοῦ,
2874 3865 2970 3932 καὶ.
2991 3877 3079 3931 διὰ
3104 3877 3266 3932 τοῦτο
3309 3869 3492 3954 μένειν
3526 3877 3770 3931 ἐκέλευεν

563 3963 746 4032 jussit,
770 3979 934 4031 quam
958 3979 1076 4017 eam
1099 3964 1388 4033 pecuniam
1415 3975 1773 4021 numerasset.
1805 3966 1918 4033 Qua
1946 3979 2121 4023 mutuc

2232 3968 2545 4040 ’Δγρίππας
2576 3970 2653 4034 δὲ,
2683 3970 3196 4040 προσποιησάμενος
3249 3969 3554 4034 πείθεσθαι,
3606 3970 3787 4032 νυκτὸς

563 4063 868 4123 sumpta'et
898 4054 1188 4119 dissoluta,
1219 4071 1411 4110 rursus
1445 4055 1651 4110 Tiberii
1672 4058 1849 4110 aulam
1880 4057 2121 4126 frequen-

2232 4057 2423 4127 ᾤχετο.
2453 4059 2564 4112 Καὶ
2601 4057 2985 4120 καταπλεύσας
3022 4060 3105 4122 είς
3166 4057 3602 4128 Ἀλεξάνδρειαν,
3634 4056 3787 4109 Ἀλε-

565 4145 725 4199 tavit.
747 4145 860 4199 Sed
889 4161 919 4199 a
953 4145 1167 4200 Caesare
1190 4160 1249 4200 se
1277 4145 1348 4200 ad
1385 4161 1546 4200 suum
1585 4156 1838 4216 nepotem
1865 4148 2121 4204 conferre.

2236 4145 2459 4217 ξάνδρου
2483 4147 2654 4200 δεῖται
2673 4146 2768 4199 τοῦ
2811 4145 3173 4216 ’Δλαόάρχου,
3203 4145 3470 4218 μυριάδας
3498 4145 3670 4199 εἴκοσι
3705 4143 3793 4198 δά-

563 4251 802 4306 eumque
857 4239 1038 4293 colere
1089 4238 1296 4308 jussus,
1346 4241 1520 4310 magis
1571 4255 1701 4310 erga
1752 4238 1946 4295 Caium
2006 4257 2121 4312 pros

2236 4235 2376 4290 νειὸν
2408 4238 2556 4307 αὐτῷ
2583 4240 2904 4306 παρασχεῖν.
2923 4239 2983 4291 '0
3014 4238 3059 4290 δ’
3084 4237 3278 4308 ἐκείνῳ
3307 4237 3408 4307 μὲν
3433 4237 3532 4289 οὐκ
3553 4236 3644 4302 ἀν,
3671 4235 3786 4303 ἔφη,

565 4343 768 4397 pensus
836 4329 962 4395 fuit,
1032 4329 1286 4385 Antonia
1358 4341 1637 4400 nepotem,
1693 4332 2007 4388 Germanici
2081 4347 2121 4388 e1

2237 4328 2568 4397 παρασχεῖν,
2624 4325 2838 4395 Κύπρῳ
2869 4326 2924 4378 δὲ
2971 4328 3039 4395 τῇ
3093 4325 3519 4393 αὺτοῦγυναικὶ
3569 4326 3789 4394 παρεῖχε

565 4417 800 4481 Claudii,
833 4420 935 4488 ‘qui
981 4427 1100 4487 post
1122 4420 1311 4474 Caium
1344 4422 1651 4490 imperavit,
1685 4423 1920 4476 matris:
1955 4431 2009 4478 et
2040 4424 2121 4478 ob‘

2235 4417 2321 4471 διά
2355 4434 2412 4470 τε
2442 4416 2541 4488 τὴν
2563 4413 2880 4483 φιλανδρίαν
2901 4413 3070 4485 αὐτῆς
3127 4415 3219 4467 καὶ
3235 4413 3334 4483 τὴν
3358 4414 3550 4484 λοιπὴν
3576 4415 3786 4482 ἀρετήν.

567 4499 840 4565 servantia
858 4545 865 4566 ι
887 4525 985 4564 sua
1011 4509 1128 4564 Caii
1164 4526 1292 4581 erga
1332 4526 1390 4564 se
1428 4525 1669 4565 amorem
1702 4513 1954 4567 emeruit.
2000 4512 2121 4567 Cutr

2237 4509 2551 4578 Δεξαμένης
2579 4507 2636 4561 δὲ
2673 4507 2735 4559 τδ
2762 4501 2971 4559 δάνειον
3023 4506 3263 4576 ἐκείνης,
3355 4504 3457 4576 μὲν
3498 4505 3788 4576 Ἀγρίππας

569 4609 752 4654 autem
783 4586 1077 4670 aliquando
1109 4580 1253 4655 inter
1281 4602 1660 4671 prodeundum
1694 4601 1900 4657 Tiberii
1932 4606 2121 4659 rnentic

2239 4601 2318 4662 εἰς
2359 4598 2586 4652 Ἰταλίαν
2612 4598 2944 4661 ἀπέπλευσε,
2969 4595 3192 4666 Κύπρος
3216 4596 3274 4648 δὲ
3299 4580 3438 4667 μετά
3467 4597 3576 4651 τῶν
3599 4596 3789 4650 τέκνων

570 4681 876 4753 incidisset,
931 4699 1096 4760 atque
1139 4691 1382 4761 Agrippa
1433 4691 1545 4746 Deo
1593 4693 1844 4747 invocato
1873 4703 2121 4762 Optasset,

2237 4693 2314 4753 si;
2359 4687 2615 4745 Ἰουδαίαν
2648 4688 2925 4753 ἀνέζευξε.
2952 4689 3061 4740 Καὶ
3104 4687 3342 4758 Καίσαρι
3369 4688 3603 4758 Τιϐερίῳ
3630 4702 3787 4755 προσ-
3811 4689 3821 4703 ‘

571 4789 633 4834 ut
672 4781 924 4835 Tiberius
961 4782 1093 4835 Caio
1118 4798 1279 4850 quam
1326 4785 1563 4851 primum
1593 4785 1824 4854 imperio
1871 4787 2090 4840 cederet

2241 4783 2433 4847 ελθὼν,
2488 4779 2887 4851 φιλανθρώπως
2920 4778 3134 4848 ἐδέχθη.
3158 4779 3382 4850 Γραφῆς
3409 4779 3466 4831 δὲ
3494 4778 3590 4832 τοῦ
3635 4776 3789 4831 Καπίο

571 4872 852 4942 Eutychus
930 4872 1183 4936 libertus,
1242 4874 1311 4928 iis
1382 4875 1627 4944 Agrippae
1682 4877 1863 4931 verbis
1917 4878 2118 4932 auditis

2242 4890 2410 4936 τωνος
2453 4872 2730 4944 Ἐρρενίου
2777 4870 3137 4958 κομισθείσης
3160 4871 3236 4942 τῷ
3271 4873 3535 4942 Καίσαρι,
3562 4870 3634 4932 ὡς
3664 4868 3788 4921 ἀπέο

571 4965 841 5020 Cazsarerr.
886 4965 1044 5029 adiit,
1080 4973 1141 5019 ut
1193 4965 1548 5020 nuntiaturus
1598 4967 1803 5036 aliquid
1861 4970 2009 5036 quod
2069 4984 2121 5022 ac

2242 4967 2343 5037 δρα
2401 4965 2706 5035 ’Δγρίππας
2758 4964 3063 5032 τριάκοντα
3125 4962 3388 5032 μυριάδας
3435 4962 3786 5030 πραττόμενος

575 5054 805 5109 salutem
833 5056 953 5125 ejus
989 5055 1312 5125 pertineret.
1346 5056 1440 5110 Ille
1465 5071 1592 5109 vero
1627 5066 1687 5112 ut
1722 5058 1904 5112 lentus
1931 5068 2050 5112 erat
2085 5059 2121 5113 ir

2244 5056 2474 5117 δάνειον,
2503 5054 2748 5125 ὠργίσθη
2775 5068 2789 5082 ⁸
2816 5055 2911 5105 καὶ
2945 5052 3018 5121 μὴ
3065 5051 3466 5122 συγχωρεῖσθαι
3518 5052 3664 5120 αὐτῴ
3702 5049 3786 5117 τὴν

579 5143 745 5197 rebus
779 5146 1055 5211 omnibus,
1089 5161 1184 5201 eos
1222 5147 1386 5201 etiam
1421 5146 1778 5216 despiciebat,
1810 5149 1902 5216 qui
1939 5149 2121 5218 aliquit

2248 5146 2385 5217 πρὸς
2413 5145 2574 5199 αὐτὸν
2604 5144 2891 5198 ἐκέλευσεν
2923 5141 3148 5203 εἴσοδον,
3176 5142 3303 5212 ἄχρι
3332 5142 3395 5213 δὴ
3418 5142 3479 5196 τὸ
3505 5143 3662 5213 χρέος
3697 5156 3786 5191 κα-

580 5233 726 5301 quod
785 5235 951 5302 ipsius
1000 5234 1938 5309 interesset,‘nun_tiabant:neque
1979 5241 2121 5294 etian

2253 5235 2498 5289 ταὸαλεῖ.
2535 5236 2594 5288 '0
2618 5234 2695 5298 δὲ,
2729 5227 3144 5297 δανεισάμενος,
3169 5230 3397 5282 ἀπέδοτο
3423 5230 3485 5282 τὸ
3512 5227 3785 5297 ὀφείλημα,

583 5327 776 5400 legatis
814 5329 1064 5382 celeriter
1102 5332 1484 5398 respondebat,
1515 5349 1587 5387 ne
1613 5333 1695 5387 eis
1728 5334 1837 5388 cito
1869 5332 2121 5401 digressis

2256 5327 2350 5380 καὶ
2395 5322 2549 5388 αὖθις
2580 5321 2910 5398 εἰσῄειὶπρὺς
2961 5319 3052 5373 τὸν
3094 5320 3367 5391 Τιϐέριον.
3398 5321 3506 5372 Καὶ
3537 5321 3566 5371 ὁ
3590 5318 3785 5406 Καῖσαρ

586 5415 675 5472 alii
730 5420 833 5473 sibi
882 5415 1159 5489 negdﬁum
1204 5421 1551 5478 facesserent.
1605 5425 1789 5488 Neque
1835 5423 2064 5478 ducibus
2094 5439 2121 5476 e

2254 5418 2508 5482 ἐκέλευεν
2532 5416 2694 5470 αὐτὸν
2724 5411 2802 5481 τῷ
2832 5409 3007 5480 υἱωνῷ
3035 5411 3200 5465 αὐτοῦ
3232 5409 3685 5482 παρατυγχάνειν,
3707 5405 3782 5458 καὶ

590 5511 1036 5576 procurataribus
1080 5526 1111 5562 -ιι
1146 5527 1203 5566 sc
1251 5513 1426 5566 missis
1453 5529 1796 5572 successores
1826 5515 2010 5578 dabat,
2041 5514 2121 5567 nis

2256 5515 2577 5583 θεραπεύειν
2607 5510 2786 5567 αὐτόν.
2826 5505 3134 5577 Ἀγρίππας
3161 5510 3217 5563 δὲ
3243 5509 3376 5580 πρὸς
3415 5507 3573 5562 Γάϊον
3606 5501 3781 5577 μᾶλλον

1748 5656 1964 5758 ’ναι-ἰὼ
1996 5650 2301 5733 lectiunes
2333 5679 2394 5732 et
2429 5678 2614 5733 notae.

674 5788 976 5864 (ϋὸγΛὺτὴ
1029 5800 1198 5866 πυῦνι
1237 5803 1272 5869 ἡ
1323 5803 1569 5872 Κύπρις.
1626 5803 1757 5860 Vide
1807 5806 2090 5863 observata

2225 5801 2472 5874 realigcro
2495 5802 2562 5859 ad
2591 5802 2908 5870 Eusebium,
2941 5817 2993 5872 p.
3032 5799 3152 5868 162,
3181 5807 3241 5853 n‘
3273 5795 3407 5885 edit.
