3988 6328
639 398 749 461 487
1457 425 1468 434 ε
1889 397 2169 459 JOANNI

2277 397 2562 457 DNARJS
3749 395 3844 457 £83

633 513 840 571 δίκαιον
889 512 1149 581 δ’·ελεγεν
1194 508 1352 577 εἶναι,
1401 512 1514 583 »τῆς
1563 511 1904 583 εὐδαιμονίας
1953 513 2032 581 τῷ
2098 512 2255 582 ἀνδρὶ
2294 513 2704 582 κοινωνήσασαν
2759 510 3144 579 ἐγκαταλιπεῖν
3190 510 3283 563 ἐπὶ
3325 513 3442 574 ταῖς
3491 511 3846 581 δυσπραγίαις

631 609 816 661 αὐτόν.
861 608 921 660 ’0
951 607 1134 677 μέντοι
1155 607 1316 669 Γάϊος
1344 605 1433 658 τὸν
1462 606 1558 675 μὲν
1584 607 1793 676 πρῶτον
1826 606 2070 658 ἐνιαυτὸν
2122 604 2217 658 καὶ
2251 605 2342 656 τὸν
2394 603 2480 671 ἐφ’
2551 603 2679 672 ἑξῆς
2731 604 3095 675 μετριώτερον
3131 605 3326 674 ἐχρῆτο
3370 606 3481 667 τοῖς
3538 605 3842 676 πράγμασι⁸

632 697 845 768 προῖὼν
886 697 941 750 δὲ
971 696 1274 762 ἐξεθείαζεν
1307 696 1519 759 ἑαυτὸν,
1561 697 1652 750 καὶ
1687 693 1844 749 θεοῦν
1913 693 2212 763 ἐπεχείρει.
2257 692 2367 745 Καὶ
2414 691 2479 761 δὴ
2532 691 2773 755 στάσεως
2843 693 3134 760 γεγονυίας
3194 694 3306 756 τοῖς
3366 694 3425 746 ὲν
3473 693 3846 764 Ἀλεξανδρείᾳ

644 775 915 853 Ἰουδαίοις
944 790 1036 843 καὶ
1075 789 1319 857 Ἕλλησι,
1360 791 1510 857 τρεῖς
1550 790 1645 857 ἀφ’
1669 788 1932 858 ἑκατέρου
1984 787 2183 856 μέρους
2219 787 2474 855 παρῆσαν
2505 785 2640 854 πρὸς
2672 786 2833 838 Γάϊον
2866 786 3223 853 πρεσϐευταί.
3461 847 3463 849 _

701 882 771 937 X.
802 882 941 951 Apio
982 898 1113 936 vero
1146 881 1642 941 Alexandrinorum
1694 884 2000 953 legatorum
2044 894 2176 935 unus

2355 877 2410 934 l'.
2460 879 2662 933 ’Δπίων
2706 879 2818 950 (70)
2853 880 2910 932 δὲ
2957 881 3066 934 τῶν
3129 881 3523 954 Ἀλεξανδρέων
3571 885 3843 955 πρεσϐἐων

627 989 755 1029 cum
783 974 887 1028 alia
915 973 1116 1028 Judaeis
1139 973 1507 1044 objecit,_tum
1536 975 1690 1040 illud,
1719 990 1844 1028 cum
1866 988 2057 1028 omnes
2083 972 2193 1027 Ro-

628 1078 804 1117 mana
841 1060 1139 1132 provincia:
1159 1061 1289 1117 Caio
1330 1062 1534 1131 templa
1561 1071 1615 1118 et
1648 1078 1770 1117 aras
1793 1063 2084 1124 aediﬁcent,
2113 1060 2191 1115 di-

627 1151 891 1220 vinosque
914 1151 1151 1206 honores
1178 1151 1503 1216 decernant,
1551 1167 1647 1206 eos
1676 1152 1825 1207 solos
1851 1150 2183 1222 ignominio-

629 1257 751 1296 sum
781 1241 1002 1306 ducere,
1033 1257 1158 1296 eum
1183 1243 1379 1298 statuis
1400 1243 1694 1310 honorare,
1718 1260 1782 1299 ac
1813 1259 1912 1314 per
1941 1245 2058 1314 ejus
2085 1258 2190 1298 no-

628 1347 755 1387 men
802 1333 1007 1402 jurare.
1065 1333 1346 1388 Philonem
1387 1350 1518 1389 vero
1585 1334 1827 1389 Iudaica:
1899 1333 2189 1405 legationis

625 1425 953 1496 principem,
977 1426 1155 1480 virum
1183 1426 1472 1491 illustrem,
1501 1436 1556 1481 et
1575 1426 1935 1496 philosophia:
1957 1441 2068 1480 non
2088 1441 2186 1479 ex-

622 1526 862 1585 pertem,
909 1518 1200 1586 populares
1223 1533 1353 1571 suos
1380 1518 1675 1572 defendere
1718 1526 1993 1587 paratum,
2023 1516 2186 1583 Caius

620 1608 791 1665 verba
832 1602 1015 1663 facere
1040 1625 1150 1662 non
1180 1624 1388 1678 passus,
1423 1625 1454 1664 e
1487 1606 1670 1663 medio
1693 1610 1957 1665 excedere
1981 1609 2183 1679 jussit:

623 1713 690 1754 ac
720 1698 855 1753 satis
880 1714 992 1768 prae
1016 1714 1074 1754 se
1101 1700 1247 1763 tulit,
1273 1716 1330 1754 se
1354 1700 1562 1755 cladem
1617 1701 1822 1755 Judais
1871 1701 2180 1755 illaturum.

621 1788 694 1843 At
723 1788 878 1843 Philo
906 1791 1302 1846 contumeliose
1350 1790 1592 1857 habitus,
1638 1779 1862 1846 Iudaeos
1895 1792 1992 1860 qui
2043 1789 2182 1844 foris

514 1925 515 1928 η
615 1878 898 1942 astabant,
932 1878 1095 1935 bonis
1117 1878 1317 1934 animis
1346 1895 1470 1935 esse
1483 1880 1664 1950 jussit.
1691 1879 1884 1934 Caium
1899 1870 2045 1934 enim
2068 1893 2182 1935 non

623 1970 778 2039 ipsis,
801 1970 898 2025 sed
928 1971 1167 2040 ipsi'Deo
1188 1971 1503 2042 insultasse.
1525 1973 1726 2028 Verum
1747 1971 2050 2042 Imperator
2067 1987 2180 2028 non

621 2060 909 2118 ferendum
941 2071 1114 2126 ratus,
1148 2063 1194 2118 si
1226 2079 1256 2118 a
1284 2063 1487 2119 iudicis
1519 2079 1620 2134 pro
1654 2064 1759 2118 deo
1805 2080 1918 2119 non
1966 2065 2180 2120 colere-

624 2158 739 2219 tur,
766 2153 1084 2207 Petronium
1106 2154 1325 2209 Vitellio
1363 2152 1735 2210 successorem
1753 2155 1940 2220 mittit,
1969 2165 2027 2210 et
2051 2169 2177 2209 cum

623 2255 823 2310 magna
854 2256 1022 2294 manu
1054 2245 1110 2296 in
1138 2243 1381 2298 Iudaeam
1406 2244 1738 2312 profectum,
1795 2259 1947 2299 suam
1981 2245 2203 2316 imagi-_

621 2349 749 2390 nem
783 2334 838 2387 in
862 2333 1065 2403 templo
1098 2335 1192 2388 Dei
1223 2335 1492 2390 collocare
1517 2335 1692 2406 jubet.
1724 2334 1881 2401 Quod
1917 2336 1963 2391 si
1991 2337 2180 2392 volen-

621 2436 706 2480 tes
731 2424 1034 2495 concedere
1059 2427 1255 2490 nolint,
1283 2433 1343 2479 ut
1371 2442 1468 2494 per
1490 2427 1598 2497 vim
1623 2434 1679 2481 et
1707 2426 1876 2482 armis
1903 2427 1960 2481 id
1993 2426 2179 2484 faciat.

619 2515 914 2570 Petronius
943 2514 1112 2586 Syria:
1133 2525 1369 2585 praetura
1407 2525 1681 2584 suscepta,
1713 2516 2062 2585 imperatoris
2082 2533 2180 2571 cx-

621 2605 778 2674 sequi
799 2605 946 2674 jussa
981 2604 1332 2674 properabat.
1361 2603 1468 2658 Sed
1496 2620 1620 2658 cum
1663 2603 2055 2658 Ptolemaidem
2084 2620 2180 2659 ve-

621 2697 818 2763 nisset,
839 2695 1155 2752 Iudaeorum
1187 2694 1358 2749 multa
1383 2693 1549 2748 millia
1570 2708 1696 2748 eum
1721 2693 1999 2759 adierunt,
2015 2710 2178 2749 oran-

622 2787 759 2842 tium
790 2781 860 2842 ne
891 2787 959 2841 ad
1006 2771 1179 2856 patria
1219 2775 1467 2839 instituta
1513 2785 1770 2840 violanda
1824 2796 2172 2857 cogerentur.

620 2877 720 2934 Sin
751 2877 919 2932 nullis
941 2877 1200 2946 precibus
1236 2885 1573 2942 moveretur,
1609 2887 1669 2931 ut
1695 2893 1754 2933 se
1802 2878 1955 2948 prius
1999 2880 2175 2934 inter-

619 2969 802 3034 fectis,
834 2970 910 3025 ita
946 2969 1167 3026 demum
1227 2978 1460 3024 statuam
1518 2969 1832 3024 collocaret.
1887 2970 2177 3024 Petronius

620 3059 922 3128 respondit,
965 3059 1012 3113 si
1040 3070 1229 3138 suapte
1263 3059 1557 3112 autoritate
1584 3059 1907 3130 illa'ageret,
1929 3059 2053 3128 jure
2090 3074 2178 3114 se-

617 3165 747 3206 cum
784 3151 871 3218 agi
897 3163 1087 3218 posse;
1121 3148 1216 3202 sed
1250 3150 1378 3216 quia
1408 3148 1586 3204 Caesar
1603 3151 1879 3219 jussisset,
1934 3150 2177 3205 decretis

621 3241 770 3295 illius
795 3240 1122 3294 necessario
1163 3239 1623 3308 acquiescendum
1670 3254 1816 3294 esse.
1866 3240 1960 3294 llis
2012 3241 2175 3296 dictis

617 3328 965 3384 Tiberiadem
987 3327 1158 3392 venit,
1185 3327 1498 3383 Iudaeorum
1527 3329 1741 3384 animos
1765 3328 2170 3399 exploraturus.

616 3422 725 3477 Sed
759 3421 836 3477 ibi
860 3436 1079 3491 quoque
1107 3421 1278 3476 multa
1297 3421 1610 3478 Judaaorum
1640 3422 1812 3477 millia
1840 3421 1890 3476 ei
1915 3437 2175 3478 occurre-

2293 966 2391 1037 εἷς,
2419 972 2553 1024 ἄλλα
2584 989 2642 1025 τε
2679 973 2978 1043 κατηγόρει
3004 973 3111 1026 τῶν
3154 974 3448 1040 Ἰουδαίων,
3488 978 3583 1030 καλ⁸
3604 983 3685 1041 ὼς
3725 980 3843 1033 πάν-

2289 1079 2398 1116 των
2441 1062 2551 1116 τῶν
2605 1062 2711 1116 ὑπὸ
2776 1064 3103 1134 Ῥωμαίους,
3162 1066 3381 1137 βωμοὺς
3429 1069 3507 1138 τῷ
3559 1070 3712 1140 Γαΐῳ
3763 1073 3844 1124 καὶ

2288 1154 2452 1218 ναοὺς
2505 1156 2873 1224 ἀνιστώντων,
2927 1159 3022 1212 καὶ⁵
3055 1159 3131 1223 ώς
3179 1160 3300 1214 Θεὸν
3357 1161 3672 1229 τιμώντων,
3713 1157 3842 1216 οὗτοι

2289 1249 2444 1316 μόνοι
2495 1248 2682 1313 ἄδοξον
2727 1252 2961 1322 ἥγηνται
3001 1253 3252 1324 ἀνδριᾶσι
3313 1257 3478 1325 τιμᾷν
3514 1255 3707 1321 αὐτὸν,
3763 1256 3843 1308 καὶ

2288 1339 2473 1419 δρκιον
2511 1340 2679 1394 αὑτοῦ
2719 1343 2994 1398 ποιεῖσθαι
3021 1343 3082 1398 τὸ
3111 1345 3304 1416 ὕνομα.
3358 1347 3482 1399 Ἐπὶ
3519 1347 3737 1410 τούτοις
3764 1347 3842 1399 Φί-

2286 1427 2433 1496 λων,
2473 1431 2571 1498 τῆς
2598 1432 2705 1485 τῶν
2783 1434 3052 1488 Ἰουδαίων
3118 1436 3417 1505 πρεσϐείας
3473 1437 3842 1508 προεστηκὼς,

2283 1521 2423 1592 ἀνὴρ
2462 1522 2674 1587 ἔνδοξος
2711 1525 2811 1578 καὶ
2868 1527 3186 1596 φιλοσοφίας
3213 1529 3315 1582 οὐκ
3343 1531 3594 1601 ἄπειρος,
3637 1531 3842 1601 ἕτοιμος

2281 1607 2350 1682 ἦν
2385 1614 2975 1687 ὑπεραπολογήσασθαι
3014 1621 3122 1673 τῶν
3151 1621 3425 1689 ὁμοεθνῶν
3450 1639 3464 1656 ο
3508 1626 3536 1676 6
3583 1622 3643 1678 δὲ
3691 1624 3842 1687 Γάϊος

2281 1704 2382 1756 οὐκ
2404 1705 2680 1775 ἠνέσχετο,
2719 1707 2985 1770 κελεύσας
3014 1709 3261 1764 ἐκποδὼν
3292 1711 3717 1776 ἀπελεύσεσθαι,
3753 1713 3841 1782 δῆ-

2283 1791 2382 1858 λός
2426 1797 2486 1848 τε
2529 1793 2599 1869 ἦν
2637 1799 2903 1854 κακώσων
2948 1801 3168 1865 αὐτούς.
3202 1802 3313 1855 Καὶ
3341 1805 3371 1856 6
3397 1802 3572 1877 Φίλων
3613 1803 3840 1870 ἐξελθὼν

2279 1889 2762 1960 περιυϐρισμένος,
2805 1891 2942 1962 φησὶ
2990 1893 3128 1962 πρὸς
3174 1893 3304 1957 τοὺς
3346 1894 3476 1964 περὶ
3507 1896 3674 1950 αὑτὸν
3716 1897 3839 1950 Ἰου-

2276 1979 2483 2043 δαίους,
2517 1980 2595 2042 ώς
2631 1984 2738 2052 χρὴ
2765 1981 3011 2053 θαρρεῖν,
3044 1983 3106 2035 οὗ
3145 1983 3255 2054 γὰρ
3281 1986 3362 2047 είς
3390 1986 3589 2048 αὐτοὺς
3626 1989 3656 2040 6
3687 1987 3837 2050 Γάϊος

2279 2071 2700 2142 πεπαρῴνηκεν,
2727 2075 2807 2136 είς
2835 2074 2893 2127 δὲ
2930 2075 2990 2128 τὸ
3019 2075 3173 2130 Θεῖον
3207 2078 3359 2131 αὑτό.
3401 2078 3459 2131 '0
3497 2079 3544 2132 δ’
3575 2081 3838 2150 αὐτοκρά-

2278 2178 2390 2232 τωρ
2439 2162 2612 2216 δεινὸν
2658 2164 2982 2234 ἡγούμενος,
3032 2165 3136 2219 ὑπὸ
3175 2166 3446 2221 Ἰουδαίων
3496 2168 3570 2241 μὴ
3616 2170 3694 2231 ὡς
3729 2170 3839 2233 Θεὸς

2281 2252 2640 2324 σεϐασθῆναι,
2670 2255 2977 2325 Πετρώνιον
3003 2257 3282 2326 ἐκπέμπει
3310 2259 3560 2330 διάδοχον
3585 2261 3688 2327 τῆς
3716 2262 3836 2314 Οὑῑ-

2279 2347 2489 2401 τελλίου
2536 2348 2735 2418 ἀρχῆς,
2771 2349 3034 2413 κελεύσας
3078 2352 3224 2421 χειρὶ
3272 2351 3440 2424 πολλῇ
3472 2353 3735 2423 ἐμϐαλεῖν
3767 2357 3838 2416 είς

2279 2437 2377 2508 τὴν
2422 2439 2704 2504 Ἰουδαίαν,
2741 2442 2836 2493 καὶ
2859 2441 3011 2512 ίστᾷν
3034 2443 3200 2496 αὐτοῦ
3224 2443 3518 2514 ἀνδριάντα
3547 2447 3607 2498 ἓν
3634 2445 3714 2516 τῷ
3734 2445 3836 2514 ναῷ

2277 2528 2373 2581 τοῦ
2405 2529 2568 2606 Θεοῦ,
2606 2531 2667 2583 El
2696 2531 2754 2584 δὲ
2806 2532 2883 2602 μὴ
2909 2534 3136 2604 ἑκόντες
3168 2538 3576 2607 παραχωροῖεν,
3619 2538 3835 2607 πολέμῳ

2277 2619 2632 2688 κρατήσαντα
2659 2618 2818 2673 τοῦτο
2860 2624 3054 2678 ποιεῖν.
3085 2625 3194 2676 Καὶ
3217 2626 3245 2676 6
3283 2628 3597 2696 Πετρώνιος
3621 2627 3723 2694 τὴν
3745 2628 3835 2696 τῆς

2278 2708 2477 2779 Συρίας
2506 2710 2859 2782 παρειληφὼς
2887 2713 3082 2783 ἀρχὴν,
3115 2715 3380 2785 ἠπείγετο
3412 2717 3721 2788 πληρώσων
3745 2720 3836 2782 τὰς

2276 2801 2370 2852 τοῦ
2406 2801 2684 2870 Καίσαρος
2733 2803 2975 2865 ἐντολάς.
3016 2805 3128 2857 Καὶ
3174 2809 3255 2868 είς
3299 2808 3644 2879 Πτολεμαΐδα
3687 2828 3834 2879 γενο-

2279 2891 2428 2961 μένῳ
2463 2892 2770 2961 προσῆλθον
2813 2894 3085 2948 Ἰουδαίων
3123 2897 3317 2951 πολλαὶ
3344 2901 3625 2971 μυριάδες,
3652 2901 3833 2972 δεόμε·

2276 3000 2365 3035 ναι
2388 2982 2462 3052 μὴ
2483 2982 2776 3065 βιάζεσθαι
2806 2988 2946 3054 σφᾶς
2971 2988 3063 3041 ἐπὶ
3095 2989 3403 3058 παραϐάσει
3433 2992 3542 3045 τῶν
3572 2996 3830 3065 πατρέων.

2277 3075 2340 3126 Et
2369 3073 2414 3126 δ’
2443 3075 2817 3148 ἀπαραίτητος
2842 3074 2914 3145 εἴ,
2945 3078 3135 3148 ἔλεγον
3166 3083 3429 3153 πρότερον
3459 3087 3607 3155 ἡμᾶς
3641 3088 3833 3156 διαχει-

2277 3165 2595 3232 ρισάμενος,
2633 3165 2808 3228 οὕτως
2838 3167 2961 3220 ἵστα
2991 3169 3052 3220 τὸ
3087 3169 3329 3240 ἄγαλμα.
3362 3174 3669 3244 Πετρώνιος
3697 3177 3746 3229 δ’
3771 3180 3831 3229 ά-

2277 3253 2578 3323 πεκρίνατο
2621 3255 2718 3318 ὡς·
2762 3257 2825 3309 Εἰ
2860 3258 2961 3326 μὲν
2993 3259 3089 3326 ἀφ’
3119 3260 3319 3313 ἑαυτοῦ
3363 3263 3517 3317 ταῦτ’
3544 3266 3827 3335 ἔπραττεν,

2275 3343 2483 3408 δίκαιος
2517 3341 2588 3415 ἦν
2617 3347 2755 3416 πρός
2790 3365 2861 3417 με
2899 3349 3028 3420 ὑμῖν
3054 3353 3082 3403 6
3115 3351 3273 3422 λόγος
3294 3370 3308 3382 ·
3335 3355 3618 3428 Καίσαρος
3654 3360 3712 3414 δὲ
3743 3378 3829 3412 κε·

2276 3441 2586 3503 λεὺσαντος,
2620 3441 2771 3492 πᾶσα
2800 3441 3015 3513 ἀνάγκη
3044 3443 3113 3498 τὰ
3143 3446 3338 3515 ἐκείνῳ
3361 3447 3657 3520 δεδογμένα
3696 3454 3829 3524 πλη-

619 3519 772 3573 runt,
804 3509 992 3566 itidem
1023 3510 1321 3576 orantium,
1355 3527 1425 3566 ne
1457 3511 1561 3566 sibi
1611 3512 1723 3566 vim
1755 3509 1997 3574 aﬂ'erret,
2034 3527 2171 3576 neve

2277 3532 2422 3603 ροῦν.
2453 3531 2642 3586 Ταῦτα
2689 3531 2880 3599 εἰπὼν,
2916 3509 3013 3588 ἐπί
3037 3509 3332 3609 Τιϐεριάδα
3377 3509 3630 3611 ἀφίκετο,
3663 3509 3826 3599 κατά-

617 3599 814 3653 urbem
849 3599 1142 3653 simulacro
1173 3600 1475 3668 pollueret;
1506 3600 1601 3668 qui
1631 3615 1664 3654 ι
1687 3601 1945 3655 Petronio
1971 3601 2167 3671 rogati,

612 3705 750 3748 num
791 3689 996 3744 bellum
1025 3690 1234 3758 gesturi
1289 3699 1504 3756 essent,
1566 3705 1625 3744 se
1669 3691 1874 3759 bellum
1917 3699 2170 3762 gesturos

607 3796 737 3836 csse
758 3777 1048 3852 negarunt,
1080 3770 1173 3836 sed
1198 3781 1379 3836 statim
1426 3790 1657 3836 mortem
1700 3783 2041 3853 appetituros
2069 3798 2171 3853 po-

617 3873 749 3938 tius,
779 3887 942 3942 quam
969 3873 1362 3933 commissuros
1396 3881 1458 3928 ut
1488 3873 1665 3944 patria
1710 3874 1960 3929 instituta
1994 3874 2169 3928 viola-

618 3973 763 4029 rent,
793 3965 1090 4033 acjugulos
1121 3975 1504 4034 porrexerunt.
1534 3963 1628 4019 llis
1655 3981 1752 4034 per
1783 3965 1900 4019 dies
1923 3981 1987 4019 ιι.
2013 3965 2169 4030 actis,

618 4053 972 4126 Aristobulus
1011 4054 1263 4124 Agrippae
1303 4055 1491 4119 frater,
1523 4064 1580 4108 et
1617 4055 1709 4108 alii
1743 4057 1906 4126 278
1929 4057 2167 4119 delecti,

618 4122 936 4202 Petrmﬁtlm
961 4122 1164 4216 precati
1185 4122 1341 4211 sunt,
1367 4164 1435 4203 ne
1481 4148 1647 4202 rebus
1698 4122 1965 4205 novandis
2002 4163 2175 4218 popu-

615 4235 733 4293 lum
763 4237 829 4290 ad
882 4236 1319 4306 deeperationem
1361 4240 1685 4307 impelleret,
1731 4238 1827 4293 sed
1871 4237 1939 4290 ad
1980 4236 2170 4290 Caium

611 4326 912 4394 scriberet,
949 4326 1410 4397 quemadmodum
1451 4329 1620 4383 Judaei
1651 4330 1817 4384 nullis
1867 4327 2175 4383 rationibus

611 4415 689 4472 .ad
717 4422 953 4474 statuam
987 4417 1362 4487 recipiendam
1396 4416 1595 4470 adduci
1629 4423 1872 4484 possent.
1901 4415 2174 4470 Fortassis

610 4501 766 4560 enim
787 4522 923 4563 eum
948 4510 1249 4578 mitigatum
1282 4508 1370 4574 iri,
1401 4517 1455 4563 et
1482 4506 1804 4562 sententiam
1832 4517 2170 4561 mutaturum

618 4613 765 4654 esse.
799 4598 896 4657 Sin
935 4597 990 4650 in
1021 4600 1304 4668 proposito
1350 4604 1750 4668 perseveraret,
1791 4604 1905 4650 tum
1949 4605 2006 4651 et
2055 4597 2174 4666 ipse

617 4706 737 4748 rem
780 4690 1188 4761 aggrederetur.
1245 4693 1340 4748 llis
1394 4691 1684 4745 Petronius
1734 4689 2050 4754 obsecutus,
2101 4689 2171 4742 ad

616 4779 808 4836 Caium
836 4797 901 4836 ea
930 4781 998 4836 de
1022 4796 1080 4836 re
1105 4782 1342 4851 scripsit.
1374 4783 1537 4852 Regis
1561 4796 1690 4834 vero
1710 4779 1959 4850 Agrippae
1984 4770 2174 4834 Romae

617 4871 867 4943 (legentis
894 4889 1017 4948 cum
1052 4872 1183 4926 Caio
1217 4874 1558 4944 familiaritas
1587 4872 1757 4940 magis
1789 4886 1853 4925 ac
1883 4871 2055 4940 magis
2078 4885 2175 4923 au-

617 4963 877 5036 gebatur;
907 4965 1022 5033 qui.
1056 4963 1307 5018 convivio
1355 4965 1422 5017 ab
1460 4980 1526 5019 eo
1554 4977 1835 5032 exceptus,
1891 4971 1947 5017 et
2000 4979 2169 5018 coenae

616 5063 871 5124 sumptus
904 5071 966 5108 ac
993 5052 1446 5126 magniﬁcentiam
1481 5055 1802 5119 admiratus,
1827 5069 1952 5108 eum
1984 5063 2169 5124 petere

597 5143 778 5215 jussit
817 5134 1084 5216 quidquid
1120 5145 1305 5200 vellet.
1338 5144 1418 5198 lbi
1447 5146 1684 5216 Agrippa
1717 5162 1730 5198 :
1769 5143 1936 5208 Nihil,
1968 5143 2166 5212 inquit,

617 5242 818 5302 petam,
846 5251 948 5303 quo
971 5250 1089 5304 opes
1117 5251 1244 5290 mea:
1276 5243 1572 5308 augeantur
1605 5251 1620 5288 :
1650 5237 1739 5287 sed
1798 5235 1874 5298 id,
1901 5217 1906 5230 ³
1933 5235 2069 5303 quod
2119 5243 2169 5287 et

619 5325 711 5376 tibi
744 5325 954 5394 pietatis
975 5327 1288 5395 opinionem,
1314 5335 1362 5379 et
1385 5326 1511 5380 mihi
1537 5324 1758 5395 gloriam
1803 5327 2032 5395 parabit.
2065 5324 2168 5380 Oro

618 5417 798 5487 igitur,
841 5426 895 5470 ιιι
918 5426 1110 5472 statua:
1138 5415 1513 5472 dedicationem
1543 5420 1596 5472 in
1617 5420 1804 5489 templo
1822 5418 2041 5474 Iudaico
2068 5418 2169 5472 Pe-

622 5511 791 5562 tronio
827 5509 1101 5575 mandata,
1127 5526 1242 5564 mea
1267 5528 1425 5566 causa
1445 5512 1679 5566 omittas.
1709 5510 1765 5564 ld
1780 5510 1962 5575 Caius,
1985 5526 2167 5566 coram

2275 3625 2485 3692 νοήσων
2536 3623 2614 3685 ὡς
2664 3623 2890 3696 γνώμης
2939 3626 3156 3697 ἔχουσιν
3207 3630 3448 3686 Ἰουδαῖοι
3499 3636 3594 3687 καὶ
3641 3637 3828 3691 πολλαὶ

2281 3713 2845 3784 μυριάδες⁶συνήντων
2875 3717 3046 3784 αὐτῷ,
3081 3720 3441 3790 ίκετεύουσαι,
3465 3724 3541 3794 μὴ
3564 3728 3644 3788 είς
3666 3728 3827 3794 ἀνάγ-

2276 3821 2380 3867 κας
2407 3804 2606 3869 αὐτοὺς
2645 3800 2936 3878 καθιστᾷν,
2970 3811 3104 3878 μηδὲ
3139 3813 3374 3881 μιαίνειν
3412 3816 3689 3887 ἀνδριάντι
3733 3819 3826 3889 τὴν

2274 3897 2448 3952 πόλιν.
2478 3895 2600 3953 Καὶ
2626 3899 2654 3950 6
2688 3900 2996 3973 Πετρώνιος
3037 3903 3163 3974 ἔφη,
3205 3905 3548 3977 Πολεμήσετε
3589 3907 3731 3979 ἄρας
3767 3913 3825 3964 οι

2273 3985 2318 4040 δ’
2343 3988 2417 4039 Οὐ
2450 3991 2851 4061 πολεμήσομεν,
2880 3993 3112 4061 ἔφασαν,
3147 3998 3522 4069 τεθνηξόμεθα
3548 4003 3604 4057 δὲ
3634 4007 3824 4074 πρότε-

2278 4092 2392 4144 ρον,
2421 4077 2453 4144 ἢ
2483 4080 2797 4150 παραϐῆναι
2827 4081 2893 4133 τὰ
2929 4085 3155 4154 πάτρια·
3190 4089 3283 4140 καὶ
3316 4093 3576 4161 παρεῖχον
3607 4095 3825 4156 ἑαυτοὺς

2274 4167 2741 4236 ἀποσφάττεσθαι.
2797 4172 2905 4224 Καὶ
2943 4176 3117 4228 ταῦτα
3160 4178 3246 4246 ἐφ’
3278 4180 3488 4249 ἡμέρας
3535 4184 3827 4254 ἐπράττετο

2270 4259 2706 4327 τεσσαράκοντα.
2765 4262 3168 4332 Ἀριστόϐουλος
3196 4268 3253 4320 δὲ
3278 4271 3306 4322 6
3352 4271 3649 4344 Ἀγρίππου
3678 4279 3824 4331 ἁδελ‹

2277 4348 2375 4415 φὺς
2422 4352 2515 4402 καὶ
2555 4351 2704 4404 ἄλλοι
2758 4354 2870 4407 τῶν
2893 4357 3180 4428 ἐκκρίτων,
3235 4362 3444 4418 ἐδέοντο
3498 4370 3820 4437 Πετρωνίου,

2281 4440 2448 4510 μηδὲν
2489 4443 2570 4502 εἰς
2595 4443 2866 4497 Ιαἱιλόνοιαν
2908 4447 3003 4501 τοῦ
3061 4451 3297 4520 πλήθους
3331 4464 3673 4526 παρακινεῖν,
3700 4461 3822 4513 άλλᾶ

2277 4528 2510 4598 γράφειν
2555 4531 2692 4600 πρὸς
2739 4532 2902 4586 Γάϊον
2937 4535 2998 4586 τὸ
3028 4537 3324 4606 ἀνήκεστον
3349 4543 3528 4597 αὐτῶν
3555 4547 3690 4615 πρὸς
3732 4548 3821 4612 τὴν

2275 4619 2372 4671 τοῦ
2421 4621 2739 4691 ἀνδριάντος
2787 4625 3074 4696 ὑποδοχήν.
3127 4631 3284 4695 Ἴσως
3331 4634 3440 4704 γὰρ
3480 4637 3823 4708 ,μαλαχθέντα

2277 4710 2463 4801 αυτὸν,
2516 4714 2822 4783 ἀποστῆναι
2856 4716 2951 4770 τοῦ
2985 4720 3254 4785 δόξαντος.
3291 4725 3354 4778 Et
3402 4728 3447 4781 δ’
3485 4732 3710 4801 ἐμμένοι
3739 4735 3823 4786 καὶ

2279 4799 2435 4892 αὖθις
2492 4805 2557 4872 τῇ
2611 4803 2799 4875 ψήφῳ,
2850 4808 2970 4860 τότε
3019 4813 3110 4864 καὶ
3151 4815 3317 4870 αὐτὸν
3364 4818 3459 4873 τοῦ
3509 4799 3822 4892 πράγματος

2208 4876 2250 4930 D
2283 4889 2574 4946 ἅπτεσθαι.
2633 4895 2936 4965 Πετρώνιος
2991 4899 3047 4951 δὲ
3095 4903 3360 4971 πεισθεὶς,
3420 4876 3699 4964 ἐπέστειλε
3752 4876 3820 4981 τώ

2277 4981 2422 5049 Γαίῳ
2456 4985 2599 5071 περὶ.
2632 4986 2730 5054 τῆς
2779 4987 3052 5057 πράξεως.
3097 4993 3403 5064 ’Δγρίππας
3437 5000 3493 5053 δὲ
3527 5005 3554 5054 6
3581 5002 3817 5071 βασιλεὺς

2275 5074 2334 5124 ὲν
2371 5070 2558 5143 Ῥώμη
2589 5075 2812 5143 διάγων,
2842 5083 3146 5150 προέκοπτε
3184 5090 3250 5159 τῇ
3283 5091 3418 5161 πρὸς
3459 5070 3616 5145 Γαῖον
3665 5098 3813 5149 οίκει·

2276 5162 2408 5216 ώσει
2429 5180 2444 5194 ’
2476 5164 2810 5236 θαυμασθείς
2839 5189 2898 5228 τε
2932 5175 2989 5226 ἐν
3012 5175 3089 5244 τῷ
3119 5178 3412 5253 δειπνίζειν
3445 5183 3536 5236 τὸν
3561 5186 3816 5256 αὐτοκρᾶ·
3837 5243 3850 5251 ί

2278 5268 2412 5348 τορα
2461 5255 2558 5348 τῆς
2595 5258 2944 5348 πολυτελείας
2998 5266 3299 5333 χάρινικαὶ
3353 5271 3448 5325 τοῦ
3494 5255 3815 5345 μεγαλοπρε-

2279 5343 2434 5433 πηῖις,
2492 5343 2817 5412 αίτήσασθαι
2860 5355 3248 5420 προετρέπετο,
3296 5358 3323 5410 ὃ
3378 5360 3445 5417 ἂν
3493 5364 3640 5433 αὐτῷ
3692 5343 3813 5432 πρὶς

2279 5427 2489 5500 βουλῆς.
2527 5433 2585 5485 Ὀ
2615 5435 2691 5486 δέ’
2723 5440 3053 5507 Αὶτήσομαί
3090 5461 3182 5512 σε,
3209 5446 3334 5519 ἔφη,
3356 5451 3474 5506 τῶν
3499 5427 3622 5520 per:
3643 5427 3813 5509 δλὲωὲ

2275 5526 2740 5588 περιποιούντων
2766 5531 2964 5598 οὐδὲν,
3007 5534 3037 5587 ὃ
3069 5537 3119 5589 δ’
3141 5539 3216 5592 ἂν
3240 5544 3340 5596 σοί
3367 5561 3427 5598 τε
3469 5546 3610 5614 πρὸς
3637 5546 3811 5614 δόξαν

1777 5652 1980 5715 Variae
2025 5653 2331 5720 lectiones
2374 5667 2433 5723 et
2465 5673 2651 5728 notae.

688 5773 798 5844 (70)
845 5760 1078 5837 ’Ᾰπίωγκ
1101 5780 1256 5837 Coll).
1293 5781 1519 5836 ’Λπιών.
