3986 6338
147 494 234 555 533

1412 502 1504 559 AN
1520 503 1608 559 ΝΛ
1625 503 1813 562 LEUM
1853 506 1997 563 LIB.
2039 508 2137 567 VI.

3223 510 3330 572 535.

148 603 408 674 3:0v6p0t;
482 605 620 674 μετά
673 605 780 658 τῶν
834 607 1078 674 ἀδελφῶν
1130 608 1431 678 λιμώττιιιν,
1497 611 1673 673 δεξιὰν

1788 614 1999 668 indutus
2035 616 2240 679 tunica,
2273 625 2327 670 ct
2357 616 2638 688 chlamyde
2678 633 2952 688 purpurea
3001 619 3332 675 inlibulatus.

152 694 275 763 παρὰ
306 692 595 764 Ῥωμαίων
621 696 802 750 λαϐεῖν
834 699 1061 752 ίκέτευε.
1097 702 1277 770 Σίμων
1303 703 1359 754 δὲ
1387 703 1681 770 μετέπειτα

151 786 449 855 ⁶τυνελήφοη,
506 787 600 842 τοῦ
634 790 793 844 Τίτου
842 791 1123 859 διάγοντος
1175 796 1252 855 είς
1290 794 1382 861 τὴν
1411 793 1679 846 Φιλίππου

150 877 426 948 λεγομένην
460 881 820 951 Καισάρειαν.
853 883 1328 953 Πολιορκουμένων
1368 886 1474 953 γὰρ
1520 887 1681 953 Ἱερο-

148 969 395 1038 σολύμων,
436 974 531 1024 ἐπὶ
569 973 669 1043 τῆς
701 974 813 1028 ἄνω
853 976 1059 1050 πόλεως
1095 975 1191 1038 ὢν,
1243 976 1349 1027 τῶν
1397 975 1681 1046 Ῥωμαίων

147 1060 277 1123 ἐντδς
306 1064 611 1131 γενομένων
636 1066 733 1135 τῆς
763 1067 986 1133 πόλεως,
1019 1070 1044 1120 ό
1067 1068 1246 1138 Σίμων
1277 1069 1401 1131 τοὺς
1424 1071 1680 1123 πιστοτά-

150 1167 251 1214 τους
294 1155 626 1224 παραλαϐὼν
661 1157 773 1210 τῶν
807 1157 992 1226 φίλων,
1039 1161 1132 1212 καὶ
1171 1160 1268 1211 σὺν
1306 1163 1488 1223 αὐτοῖς
1514 1144 1682 1212 ’λιθο-

151 1242 342 1311 τόμους,
398 1245 493 1297 καὶ
549 1246 641 1298 τὸν
702 1248 842 1319 πρὸς
892 1250 990 1318 τὴν
1051 1252 1314 1319 ἐργασίαν
1381 1254 1681 1319 ἐπιτήδειον

150 1331 332 1396 τούτοις
355 1335 592 1405 σίδηρον,
623 1339 702 1401 είς
728 1357 851 1392 τινα
876 1342 985 1394 τῶν
1013 1342 1297 1408 ὑπονόμων
1331 1344 1426 1395 σὺν
1455 1343 1680 1406 ἐκείνοις

145 1418 375 1489 καθίησιν
406 1423 620 1488 ἐαυτὸν,
679 1429 773 1479 καὶ
825 1429 886 1482 τὸ
921 1429 1148 1484 παλαιὸν
1176 1431 1399 1501 δρυγμα
1434 1426 1678 1500 διελθὼν,

142 1511 227 1576 τὴν
246 1512 344 1580 γῆν
370 1514 723 1585 ὑπενόμευεν,
761 1519 849 1572 ἵνα
875 1522 1212 1592 πορρωτέρω
1242 1523 1595 1592 προελθόντες
1623 1526 1680 1579 ἐν

143 1601 390 1674 ἀσφαλείᾳ
439 1609 774 1676 ποιήσωνται
807 1612 906 1680 τὴν
942 1613 1217 1667 ἀνάδυσιν.
1258 1613 1467 1682 Ὀλίγον
1499 1615 1683 1684 μέντοι

142 1693 234 1742 τῶν
257 1695 687 1762 μεταλλευόντων
716 1705 1210 1774 προχωρησάντων,
1236 1708 1267 1775 ἠ
1289 1708 1461 1777 τροφὴ
1487 1709 1681 1771 αὐτοὺς

141 1781 450 1839 ἐπιλέλοιπε.
483 1789 614 1841 Τότε
643 1789 706 1859 δὴ
754 1793 980 1857 λευκοὺς
1025 1795 1268 1848 ἐνδύεται
1308 1797 1681 1865 χιτωνίσκους,

144 1875 222 1925 καὶ
253 1877 494 1946 χλαμύδα
517 1883 806 1951 πορφυρᾶν
831 1885 1362 1954 ἐμπερονησάμενος,
1400 1886 1555 1939 ἀνέδυ
1582 1889 1679 1956 τῆς

1784 718 1849 756 eo
1898 705 1949 756 in
1996 705 2117 759 loco
2163 721 2192 760 e
2242 717 2384 761 terra
2433 710 2675 773 emersit,
2727 710 2816 764 ubi
2849 711 3105 780 templum
3133 711 3336 764 dudum

1785 794 1982 848 luerat.
2033 797 2202 861 Quem
2254 799 2345 866 qui
2393 799 2666 861 viderunt,
2701 803 2935 870 primum
2964 811 3187 871 stupore
3216 816 3338 854 cor-

1784 887 1921 954 repti
1951 897 2097 950 sunt,
2131 889 2328 943 deinde
2369 892 2594 960 propius
2658 902 3026 959 accesserunt,
3057 895 3219 964 306
3248 895 3336 947 in-

1783 987 2119 1048 terrogantes
2145 981 2266 1050 quis
2308 985 2495 1036 esset?
2535 985 2719 1038 Simon
2766 999 2886 1038 cum
2922 984 3114 1037 ducem
3153 984 3333 1038 vocari

1778 1069 2049 1138 iussisset,
2083 1071 2370 1126 Terentius
2402 1074 2573 1127 Rufus
2609 1075 2775 1135 (hunc
2801 1075 2946 1130 enim
2997 1074 3149 1129 Titus
3178 1090 3333 1128 exer-
3359 1077 3370 1129 ."

1783 1160 1912 1213 citui
1947 1162 2290 1232 praefecerat)
2315 1167 2632 1230 accersitus,
2665 1166 2965 1230 Simonem,
3002 1166 3188 1220 audito
3217 1167 3336 1235 ejus
3363 1155 3378 1216 }

1783 1266 2053 1315 sermone,
2081 1252 2133 1306 in
2162 1254 2375 1308 vincula
2401 1257 2727 1325 conjectum,
2752 1257 2856 1309 Titi
2875 1257 3026 1325 jussu
3054 1255 3119 1308 ad
3146 1255 3336 1306 trium-

1782 1342 1951 1412 phum
1985 1347 2282 1398 asservavit
2311 1363 2322 1397 :
2367 1345 2419 1399 iu
2463 1362 2592 1416 quo,
2625 1347 2820 1416 laqueo
2850 1357 3072 1402 enectus
3109 1353 3212 1410 est,
3241 1359 3336 1414 per

1783 1435 1837 1490 id
1876 1434 2050 1488 forum
2080 1442 2305 1499 tractus,
2331 1437 2422 1491 ubi
2446 1438 2512 1492 de
2539 1439 2796 1494 maleficis
2824 1439 3150 1509 supplicium
3173 1437 3342 1490 sumi~

1784 1534 1891 1580 tur.
1929 1527 2028 1581 Hie
2061 1527 2160 1580 fuit
2195 1528 2370 1582 exitus
2396 1527 2636 1583 Simonis
2679 1530 2875 1585 Giorae.
2923 1531 3156 1585 Joannes
3182 1543 3333 1587 vero.

1783 1618 1951 1672 altera
1978 1618 2286 1672 Iudaeorum
2313 1618 2472 1682 furia,
2502 1620 2566 1674 ad
2600 1631 2921 1690 perpetuum
2952 1634 3225 1675 carcerem
3252 1629 3337 1672 est

1783 1710 2090 1766 damnatus.
2151 1711 2498 1779 Captivorum
2532 1712 2824 1766 multitudo
2854 1711 3048 1780 partim
3085 1709 3150 1764 ad
3177 1707 3338 1777 [Egy-

1783 1801 1897 1872 ptia
1924 1801 2135 1856 metalla
2161 1801 2322 1856 missa
2347 1811 2449 1867 est,
2474 1801 2668 1871 partim
2693 1803 2746 1856 in
2771 1801 3095 1870 spectaculis
3116 1799 3332 1852 urbium

1786 1890 2092 1953 interfecta.
2147 1907 2239 1946 seu
2288 1907 2410 1946 cum
2454 1891 2607 1954 feris,
2661 1907 2756 1946 seu
2813 1891 2956 1945 inter
2993 1905 3112 1946 sese
3168 1889 3332 1941 dimi-

142 1967 228 2034 γῆς
262 1971 379 2021 κατ’
418 1972 623 2024 ἐκεῖνον
654 1950 742 2026 τὸν
774 1950 1116 2045 τόπονίένῷ
1146 1950 1380 2047 πρόσθεν
1425 1979 1486 2031 τὸ
1536 1950 1678 2048 ίερδν

1788 1983 1974 2039 cando.
2025 1983 2261 2038 Simonis
2287 2000 2352 2038 ex
2383 1994 2522 2038 terra
2572 1985 2805 2038 emersio
2851 1983 2904 2036 in
2941 1997 3099 2036 causa
3128 1979 3248 2044 fuit,
3278 1988 3336 2029 ut

142 2052 215 2125 ἦν.
247 2061 464 2128 Πρῶτον
499 2064 596 2130 μὲν
625 2060 718 2119 οὖν
745 2067 950 2136 θάμϐος
981 2071 1092 2131 τοῖς
1129 2069 1294 2123 ίδοῦσι
1326 2071 1682 2139 προσέπεσεν,

142 2148 246 2205 εἶτα
280 2156 325 2207 δ’
381 2159 662 2229 ἐγγυτέρω
723 2165 1058 2230 προσιόντες,
1097 2166 1242 2226 ὅστις
1299 2164 1385 2234 εἴη
1435 2164 1681 2234 ἠρώτων.

144 2243 308 2312 Σίμων
333 2247 387 2300 δὲ
420 2250 604 2303 καλεῖν
633 2252 722 2304 τὸν
749 2253 983 2322 ἄρχοντα
1009 2255 1156 2323 σφῶν
1188 2256 1545 2325 προσέταττε,
1589 2255 1684 2307 καὶ

1782 2084 2103 2129 οειιιοτοτιιιη
2164 2077 2328 2130 etiam
2384 2075 2768 2130 seditiosorum
2824 2089 3014 2144 magna
3064 2068 3220 2126 turba
3278 2069 3331 2120 iu

1782 2165 2050 2219 meatibus
2095 2165 2474 2221 inveniretur:
2535 2167 2680 2220 unde
2722 2164 2886 2219 etiam
2918 2161 3107 2232 templi
3143 2159 3342 2214 funda-

1783 2263 1961 2307 menta
1995 2264 2122 2308 sunt
2152 2255 2400 2309 suffossa.

139 2330 228 2404 ἧκε
281 2341 497 2412 κληθεὶς
560 2347 842 2417 Τερέντιος
913 2348 1178 2418 Ῥοῦφος,
1237 2349 1294 2412 ὃς
1346 2349 1527 2419 ἄρχων
1581 2351 1678 2419 τῆς
1753 2351 2012 2419 στρατιᾶς
2066 2350 2490 2403 κατελέλειπτοο
2565 2343 2608 2417 ᾧ
2666 2349 2933 2420 γνωρίσας
2991 2349 3134 2410 ὅστις
3183 2341 3250 2417 ἦν
3307 2348 3335 2394 δ

142 2435 325 2502 Σίμων,
354 2442 682 2512 συνελήφθη,
718 2444 808 2498 καὶ
837 2446 1008 2510 δεθεὶς
1034 2447 1380 2515 ἐφυλάττετο.
1408 2446 1496 2516 Τῷ
1560 2447 1615 2499 δέ
1664 2463 1726 2516 γε
1763 2447 1908 2516 Τίτῳ
1953 2450 1982 2515 ἡ
2024 2447 2282 2516 σύλληψις
2311 2445 2473 2499 αὐτοῦ
2509 2443 2772 2514 ἐδηλώθη,
2810 2445 2902 2498 καὶ
2935 2446 2962 2496 ὁ
3002 2442 3099 2513 μὲν
3136 2442 3213 2503 είς
3246 2439 3334 2490 τ⁷.ν

144 2528 389 2600 θρίαμϐον
434 2537 696 2606 ἐτηρεῖτο,
761 2539 883 2592 καθ’
935 2539 995 2591 δν
1053 2541 1146 2591 καὶ
1196 2540 1438 2610 ἀνῃρέθη
1467 2540 1690 2610 ἀγχόνῃ,
1736 2540 1918 2609 συρεὶς
1974 2542 2028 2591 ἐν
2061 2543 2125 2609 τῇ
2184 2539 2318 2593 κατά
2345 2539 2440 2608 τὴν
2483 2537 2700 2607 Ῥώμην
2729 2538 2918 2606 ἀγορᾷ,
2945 2537 3074 2588 ὅπου
3105 2533 3336 2586 κτείνειν

153 2623 428 2696 Ῥωμαίοις
459 2629 692 2683 εἴθισται
728 2631 854 2694 τοὺς
880 2633 970 2684 ἐπὶ
1006 2632 1313 2702 κακουργίᾳ.
1377 2631 1835 2700 θανατουμένους.
1902 2632 2071 2684 Τοῦτο
2143 2633 2239 2701 μὲν
2295 2627 2388 2685 οὖν
2441 2630 2633 2699 γέγονε
2690 2629 2841 2690 τέλος
2893 2626 2968 2697 τῷ
3030 2626 3119 2679 τοῧ
3155 2624 3334 2695 Γιώρὶί

143 2719 348 2787 Σίμωνι.
374 2721 629 2792 Ἰωάννης
657 2724 736 2786 δὲ,
769 2726 800 2794 ἡ
826 2724 987 2795 λοιπὴ
1019 2725 1127 2779 τῶν
1155 2724 1423 2777 Ἰουδαίων
1453 2724 1685 2794 ἐριννὺς,
1723 2723 1896 2790 δεσμά
1968 2723 2265 2794 κατεκρίθη
2331 2723 2573 2792 διηνεκῆ.
2632 2721 2705 2776 Τὸ
2751 2722 2806 2774 δέ
2839 2721 2945 2774 τῶν
2977 2720 3303 2790 αἱχμαλώτω

145 2811 329 2880 πλῆθος
369 2815 427 2867 τδ
462 2815 559 2885 μὲν
598 2817 678 2879 είς
744 2818 811 2870 τὰ
848 2816 966 2870 κατ’
1032 2818 1306 2884 Αἴγυπτον
1349 2815 1484 2887 ἔργα
1535 2815 1756 2884 ἐστάλη,
1797 2814 1857 2865 τὸ
1913 2815 1966 2867 δὲ
2017 2818 2072 2868 ἐν
2123 2817 2241 2877 ταῖς
2291 2815 2431 2868 κατά
2457 2815 2636 2878 πόλεις
2681 2813 3028 2889 τελουμέναις
3083 2811 3336 2880 θεωρίαις

141 2907 438 2978 ἑφθείρετο,⁴
558 2909 944 2980 θηριομαχίαις
977 2910 1340 2978 ἐκδιδόμενον,
1417 2909 1448 2978 ἢ
1512 2907 2086 2979 ἀλληλοκτονούμενον.
2165 2908 2226 2960 Ἦ
2283 2908 2337 2959 δέ
2391 2905 2486 2959 τοῦ
2542 2908 2783 2975 Σίμωνος
2828 2905 2993 2974 γῆθεν
3058 2904 3331 2968 ἀνάδυσις,

132 2997 256 3050 ’πολῦ
279 3001 371 3051 καὶ
393 2999 500 3051 τῶν
529 3000 701 3053 ἄλλων
729 3001 1064 3055 στασιαστῶν
1093 3001 1296 3070 πλῆθος
1325 2998 1675 3070 εὑρίσκεσθαι
1694 2998 1856 3052 -κατά
1919 3000 2044 3062 τοὺς
2074 2997 2377 3068 ὑπονόμους
2424 2996 2699 3067 ἐποίησεν,
2732 2995 2805 3060 ὡς
2838 2995 3107 3060 ἐντεῦθεν,
3145 2997 3334 3049 καὶἺτὲι

141 3089 219 3142 τοῦ
250 3092 375 3142 ναοῦ
407 3093 772 3162 ἀνορυχ-θῆναι
802 3092 1048 3163 θεμέλια.

201 3186 322 3239 KZ'.
359 3187 430 3239 Οὐ
467 3186 625 3253 μόνον
649 3185 703 3239 δὲ
732 3188 844 3250 τοῖς
885 3188 942 3239 ἐν
984 3185 1376 3257 Ἰεροσολύμοις
1405 3185 1680 3247 Ἰουδαίοις

1859 3182 2070 3237 XXVII.
2138 3183 2325 3253 Neque
2373 3199 2500 3238 vero
2549 3182 3023 3253 Hierosolymitani
3075 3181 3336 3235 duntaxat

141 3278 394 3346 ἐπήνεκτο
421 3279 684 3340 κίνδυνος,
738 3279 872 3333 ἀλλὰ
923 3281 1016 3332 καλ.
1067 3282 1180 3342 τοῖς
1234 3281 1290 3330 ἐν
1345 3280 1463 3340 ταῖς
1493 3277 1676 3338 ἄλλαις

1788 3274 1954 3330 Judaei
2005 3274 2322 3329 discrimina
2357 3275 2662 3338 subierunt,
2703 3274 2797 3329 sed
2846 3268 3071 3329 aliarum
3118 3289 3334 3342 quoque

142 3365 334 3419 πόλεσι.
384 3368 571 3420 Πάντα
622 3368 677 3420 δὲ
728 3369 1093 3438 διηγήσασθαι
1141 3369 1443 3439 δύσεργον’
1504 3367 1571 3421 τὰ
1627 3368 1682 3421 δέ

143 3459 213 3510 ἐπ’
279 3460 617 3528 Ἀντιοχείας
660 3464 774 3523 τοῖς
835 3461 1048 3529 ἐκείνην
1114 3461 1352 3514 οἰκοῦσιν
1398 3460 1704 3531 ’Ἰουδαίοις

147 3551 533 3620 συμϐεϐηκότα,
570 3552 876 3618 διηγητέον.
913 3553 1054 3606 Πολὺ
1089 3553 1189 3622 μὲν
1222 3553 1329 3621 γὰρ
1363 3552 1465 3605 ἀνὰ
1505 3553 1682 3603 πᾶσαν

148 3639 224 3707 τὴν
268 3641 599 3711 οἰκουμένην
640 3641 699 3694 τὸ
753 3641 1023 3695 Ἰουδαίων
1077 3642 1230 3704 ἐθνος
1286 3643 1680 3710 κατέσπαρται,

145 3731 386 3792 πολλάκις
442 3732 897 3802 αίχμαλωτισῦὲν,
948 3733 1023 3796 ὼς
1080 3733 1180 3804 ήδη
1233 3733 1532 3802 ἱστόρηται,
1591 3732 1684 3785 καὶ

147 3818 422 3871 σκεδασθὲν
464 3820 740 3890 πανταχοῦ
777 3840 788 3852 ο
841 3823 1091 3876 πλεῖστον
1135 3822 1188 3876 δὲ
1226 3826 1291 3893 τῇ
1327 3824 1493 3891 Συρία
1520 3823 1684 3891 ἐγκα-

146 3908 466 3976 ταμέμικται
517 3909 658 3983 κατά
701 3912 799 3981 τὴν
852 3913 1172 3979 γειτνίασιν,
1227 3912 1423 3982 μᾶλλον
1473 3913 1527 3965 δὲ
1577 3911 1684 3963 τῶν

144 3997 302 4051 ἄλλων
324 4001 529 4070 ταύτης
552 4001 758 4054 πόλεων
778 4003 1076 4070 Ἀντιόχεια
1094 4005 1376 4064 κατοίκους
1401 4002 1685 4065 Ἰουδαίους

145 4089 410 4159 ἐκέκτητο,
444 4091 530 4143 διά
560 4107 617 4142 τε
670 4091 729 4142 τὸ
770 4090 870 4159 τῆς
921 4092 1127 4153 πόλεως
1176 4091 1424 4160 μέγεθος,
1466 4092 1561 4143 καὶ
1601 4092 1684 4142 ὅτι

146 4179 261 4233 ἀδεᾶ
290 4182 388 4253 τὴν
436 4183 756 4251 κατοίκησιν
807 4185 865 4235 ἐν
924 4184 1061 4253 αὐτῇ
1116 4184 1391 4253 παρέσχον
1424 4184 1604 4248 αὐτοῖς
1636 4186 1683 4238 οί

147 4273 250 4338 μετ’
299 4274 575 4342 Ἀντίοχον
639 4273 894 4342 βασιλεῖς.
961 4275 1018 4327 '0
1076 4274 1175 4343 μὲν
1236 4274 1343 4344 γὰρ
1383 4274 1687 4345 Ἐπιφανὴς

155 4363 413 4434 Ἀντίοχος
461 4366 531 4417 τά
572 4382 632 4416 τε
673 4366 1022 4435 Ἰεροσόλυμα
1049 4365 1402 4436 ἐξεπόρθησε,
1455 4366 1550 4438 καὶ
1595 4367 1686 4420 τὸν

145 4457 258 4508 ναὸν
288 4458 572 4526 ἐσύλησεν.
601 4458 666 4510 Οἱ
692 4457 748 4510 δὲ
774 4458 892 4528 μετ’
916 4459 1076 4511 αὐτὸν
1106 4458 1343 4528 βασιλεῖς
1367 4459 1544 4523 ἐξίσου
1573 4462 1685 4524 τοῖς

148 4546 359 4615 Ἕλλησι
396 4550 643 4619 μετέχειν
689 4548 787 4617 τῆς
826 4549 1031 4612 πόλεως
1060 4551 1242 4612 αὐτοῖς
1284 4549 1684 4619 συνεχώρησαν.

1788 3366 2006 3420 urbium
2036 3366 2262 3421 incola}:
2303 3382 2421 3435 qua:
2455 3366 2669 3422 difﬁcile
2707 3366 2871 3420 fuerit
2906 3379 3188 3420 recensere
3217 3380 3335 3417 om-

1785 3458 1896 3520 nia,
1949 3451 2117 3512 unum
2167 3467 2344 3513 tamen
2389 3459 2766 3527 exponendum
2807 3467 2888 3512 est
2913 3457 3182 3527 quomodo
3211 3474 3331 3510 cum

1784 3548 2138 3602 Antiochenis
2165 3549 2369 3604 Jiidzeis
2401 3559 2578 3603 actum
2611 3549 2792 3602 fuerit.
2824 3547 2956 3602 Nam
2985 3548 3211 3600 multum
3238 3547 3334 3600 Ju-

1784 3637 1951 3691 daicze
1984 3639 2159 3708 gentis
2192 3653 2290 3706 per
2333 3645 2504 3691 totum
2551 3637 2738 3692 orbem
2781 3645 3050 3690 terrarum
3083 3644 3165 3689 est
3221 3634 3332 3688 dis-

1784 3744 2048 3797 persum:
2090 3743 2230 3797 smpe
2282 3737 2435 3798 capta
2471 3736 2576 3791 est,
2628 3737 2679 3782 et
2726 3727 2924 3797 ubique
2965 3726 3245 3795 dissipata,
3279 3735 3336 3775 ut

1781 3820 1890 3890 jam
1918 3820 2269 3889 exposuimus
2297 3837 2311 3873 :
2354 3821 2584 3873 maxima
2620 3828 2798 3875 tamen
2831 3835 2954 3889 pars
2984 3819 3151 3890 Syriae
3210 3833 3335 3886 pro-

1786 3921 1907 3980 pter
1934 3912 2266 3965 vicinitatem
2297 3920 2380 3966 cst
2405 3911 2673 3966 immista:
2713 3921 2767 3965 ct
2791 3910 3078 3965 Antiochia
3108 3926 3231 3964 cum
3269 3911 3347 3961 οεο-

1787 4002 1936 4056 urbis
1961 4001 2396 4070 amplitudinem,
2427 4009 2538 4054 tum
2573 4012 2796 4071 propter
2819 4002 3047 4055 liberam
3079 4000 3151 4054 ibi
3181 4001 3301 4054 habi
3329 4031 3331 4034 ‹

1789 4095 1936 4147 tandi
1969 4094 2297 4152 facultatem.
2331 4094 2396 4149 ab
2427 4092 2676 4147 Antiochi
2706 4091 3114 4146 successoribus
3166 4091 3336 4160 impe-

1791 4193 2003 4247 tratam,
2046 4185 2226 4254 plures
2252 4184 2466 4239 Judaeos
2497 4183 2791 4251 inquilinos
2816 4179 3024 4242 habuit.
3047 4195 3202 4247 quam
3221 4180 3337 4232 alia:

1788 4277 2055 4331 civitates.
2110 4278 2242 4330 Nam
2278 4275 2577 4330 Antiochus
2610 4273 2920 4343 Epiphanes
2972 4265 3334 4338 llieroSolymu

1789 4369 2039 4432 vastavit,
2091 4378 2145 4422 et
2199 4369 2455 4436 templum
2505 4365 2772 4434 spoliavit.
2805 4363 2904 4427 Qui
2939 4371 3117 4414 autem
3164 4361 3332 4413 secuti

1789 4470 1911 4512 sunt
1938 4473 2108 4527 rcges,
2135 4461 2215 4510 eis
2243 4463 2649 4517 concesserunt,
2680 4461 2736 4507 ut
2763 4451 2827 4506 ex
2857 4467 3014 4521 aequo
3038 4467 3159 4505 cum
3189 4450 3337 4520 ϐινε-
3437 4441 3440 4445 ί

1788 4551 1867 4603 cis
1897 4549 2184 4617 participes
2216 4547 2363 4600 urbis
2388 4554 2591 4601 essent.
2625 4545 2809 4614 Itaque
2840 4545 2891 4598 in
2925 4558 3167 4614 magnam
3202 4543 3339 4596 mul-

147 4639 228 4690 Διὸ
258 4641 351 4692 καὶ
383 4643 463 4702 είς
491 4641 695 4709 πλῆθος
728 4642 1027 4704 ἐπέδωκαν,
1064 4642 1197 4696 πολὺ
1245 4643 1446 4712 πλῆθος
1499 4642 1686 4712 Ἐλλή-

1793 4641 2080 4694 titudinem
2111 4647 2490 4704 excreverunt,
2541 4638 2726 4692 multis
2769 4635 2999 4692 subinde
3043 4634 3240 4690 Grzeeis
3272 4634 3334 4686 ad

148 4746 242 4781 νων
270 4732 668 4800 προσαγόμενοι
700 4735 764 4801 τῇ
798 4733 1087 4803 θρησκείᾳ.
1138 4732 1276 4785 Καθ’
1314 4733 1372 4783 ὂν
1406 4732 1460 4785 δέ
1495 4733 1689 4802 καιρὸν

148 4827 172 4876 ό
206 4825 308 4879 τῶν
357 4823 742 4895 Ἰεροσολύμων
779 4823 1011 4892 πόλεμος
1037 4822 1329 4894 ἐξερράγη,
1364 4824 1456 4876 καὶ
1482 4824 1561 4887 είς
1590 4825 1690 4895 τὴν

149 4918 335 4987 Συρίαν
390 4917 756 4970 κατέπλευσεν
815 4915 1240 4990 Οὐεσπασιανὸς,
1301 4916 1360 4968 τὸ
1425 4917 1480 4969 δὲ
1535 4919 1690 4987 μῖσος

151 5009 280 5062 κατά
307 5008 402 5062 τοῦ
432 5008 620 5071 ἔθνους
650 5005 800 5075 παρά
839 5009 1004 5060 πᾶσιν
1045 5006 1280 5076 ἤκμαζε,
1326 5008 1447 5060 τότε
1491 5008 1553 5073 δή
1606 5025 1688 5072 τις

159 5095 399 5162 Ἰουδαῖος
431 5100 721 5170 Ἀντίοχος,
772 5097 886 5163 υίὸς
934 5097 1040 5150 τῶν
1089 5100 1172 5150 ἐπ’
1202 5099 1528 5167 Ἀντιοχείας
1555 5102 1690 5155 Ἰου-

149 5187 301 5242 δαίων
328 5191 423 5246 τοῦ
457 5192 698 5262 πρώτου,
757 5191 837 5254 είς
884 5188 974 5241 τὸν
1021 5188 1192 5258 δῆμον
1242 5189 1347 5240 τῶν
1377 5180 1692 5260 Ἀντιοχέων

152 5279 448 5347 παρελθὼν,
488 5281 786 5351 κατηγόρει
834 5279 933 5348 μὲν
979 5279 1073 5332 τοῦ
1115 5279 1340 5347 πατρδς,
1397 5283 1694 5350 κατηγόρει

153 5367 202 5419 δι
229 5373 319 5420 καὶ
364 5370 474 5422 τῶν
510 5369 717 5422 λοιπῶν
761 5368 1053 5448 Ἰουδαίων,
1088 5367 1172 5420 ὃτι
1209 5370 1563 5439 καταπρῆσαι
1592 5374 1691 5441 τὴν

157 5457 301 5509 πόλιν
330 5458 552 5512 ἃπασαν
594 5458 1006 5520 ἐϐουλεύσαντο,
1040 5456 1132 5510 καὶ
1176 5458 1461 5526 παρεδίδου
1514 5461 1696 5525 ξένους

167 5543 442 5609 Ἰουδαίους
469 5549 620 5610 τινὰς
647 5549 721 5611 ὡς
756 5547 852 5601 τοῦ
891 5549 1252 5620 βουλεύματος
1285 5553 1592 5614 κοινωνούς,
1622 5555 1695 5604 Τὸ

158 5633 207 5688 δὲ
230 5635 332 5689 τῶν
357 5639 676 5707 Ἀντιοχέων
699 5639 988 5709 δημοτικὸν
1011 5641 1136 5702 τοὺς
1169 5641 1264 5710 μὲν
1289 5641 1699 5711 παραδοθέντας

161 5726 340 5781 αὐτίκα
381 5728 744 5796 κατέκαυσαν,
793 5732 934 5785 κατὰ
971 5733 1028 5786 δὲ
1079 5733 1186 5787 τῶν
1222 5732 1515 5802 αὐθιγενῶν
1563 5734 1696 5786 ’1ου-

162 5816 309 5872 Βαίων
341 5820 594 5890 ὥρμηντο
618 5823 895 5885 κάκείνους
917 5826 1373 5896 τιμωρησόμενοι.
1417 5826 1473 5880 '0
1500 5825 1556 5878 δέ
1585 5826 1700 5881 τῶν

165 5907 437 5969 όμοτύλων
495 5912 795 5975 κατήγορος
868 5913 1171 5982 ⁹Δντίονος,
1245 5917 1548 5983 ἀποστῆναι
1599 5919 1698 5982 τῆς

1791 4747 1944 4784 suam
1979 4731 2289 4801 religionem
2325 4729 2618 4799 perductis.
2647 4727 2917 4783 Caeterum
2961 4740 3069 4793 quo
3098 4734 3339 4790 tempore

1789 4824 1993 4877 bellum
2044 4823 2592 4892 Hierosolymitanum
2644 4818 2845 4886 erupit,
2878 4827 2932 4870 et
2982 4814 3342 4882 Vespasianus

1793 4916 1844 4968 in
1878 4915 2027 4986 Syria
2063 4914 2290 4982 appulit,
2330 4911 2583 4965 omnibus
2611 4909 2918 4964 Iudaeorum
2952 4907 3076 4962 odio
3117 4905 3344 4973 ﬂagran-

1794 5008 1937 5060 tibus
1964 5024 1975 5058 :
2021 5015 2150 5058 tunc
2180 5003 2399 5058 Judmus
2434 5002 2654 5070 quidam
2680 5002 3002 5061 Antiochus.
3032 5001 3340 5056 Iudaeorum

1793 5095 2294 5151 Anthiochenorum
2324 5094 2583 5164 principis
2620 5093 2782 5154 (ilius,
2817 5093 2868 5146 in
2897 5091 3211 5148 concionem
3237 5091 3344 5140 An.

1792 5188 2168 5243 tiuchcuorum
2200 5202 2538 5258 progressus,
2578 5194 2632 5240 et
2671 5193 2878 5256 patrem
2910 5193 2965 5238 et
2996 5190 3219 5236 caeteros
3243 5181 3343 5234 Ju-

1795 5281 1939 5334 dreos
1968 5280 2262 5340 accusavit,
2299 5295 2392 5333 eos
2433 5281 2490 5334 ie
2524 5279 2856 5334 incendenda
2902 5286 3011 5331 tota
3042 5275 3174 5329 urbe
3201 5271 3339 5327 deli-

1795 5375 2055 5428 berasse:
2091 5381 2149 5427 et
2191 5372 2508 5440 peregrinos
2533 5371 2794 5434 quosdam
2835 5369 3072 5429 Iudaeos.
3118 5375 3178 5419 ut
3227 5366 3347 5435 ejus

1799 5463 2010 5519 consilii
2043 5461 2312 5525 conscios,
2352 5461 2592 5515 tradidit.
2627 5460 2784 5514 Plebs
2812 5458 3144 5512 Antiochena
3174 5454 3344 5508 tradi-

1800 5562 1882 5606 tos
1906 5551 2118 5605 Iudaeos
2142 5548 2301 5617 307
2335 5548 2515 5602 statim
2547 5547 2770 5608 exussit,
2800 5547 2863 5600 ad
2896 5546 3175 5615 indigenas
3204 5557 3342 5610 quo-

1799 5659 1904 5710 que
1953 5641 2167 5695 Iudaeos
2215 5639 2516 5708 puniendos
2557 5639 2848 5693 concitata.
2899 5636 3002 5691 Sed
3039 5634 3343 5689 Antiochus

1797 5733 2136 5802 popularium
2171 5746 2393 5786 suorum
2444 5730 2747 5792 accusator,
2782 5743 2838 5783 se
2865 5727 3091 5796 patriam
3123 5724 3342 5794 religio-

1797 5841 1921 5879 nem
1962 5824 2242 5896 rcliquissc
2279 5820 2567 5890 professus.
2603 5836 2751 5874 more
2776 5819 2961 5874 Graeco
3002 5816 3343 5872 immolavit:

1798 5926 1852 5970 et
1891 5917 2147 5982 pupulum
2191 5915 2440 5969 hortatus
2486 5922 2589 5977 est,
2632 5920 2692 5967 ut
2738 5919 2963 5968 caeteros
3005 5910 3165 5967 etiam
3204 5909 3345 5964 idem
