3996 6328
166 389 248 448 5⁸ἱῖ

1397 394 1688 452 ANNALl

1787 396 1792 451 ζ
1837 396 1982 456 LiB.
2024 398 2123 459 VI.
2589 415 2598 429 '
3209 409 3314 469 538

163 501 466 568 συναγαγὼν,
511 501 599 554 ἐπὶ
631 502 1012 570 Μαχαιροῦντα
1055 503 1356 573 στρατεύει.
1390 501 1494 558 Ἶῐν
1521 507 1574 558 δὲ
1607 506 1665 557 τὸ

1787 516 1950 561 lateat
1974 549 1989 570 ,
2023 509 2305 577 profundis
2337 511 2564 564 vallibus
2592 520 2844 582 tanquam
2879 515 3034 572 fossis
3055 520 3317 575 cinctum.

160 592 380 660 φρούριον
412 591 570 644 τοῦτο
606 592 722 643 λίαν
754 593 1074 655 δυσάλωτον,
1115 594 1392 662 πετρώδης
1411 595 1486 647 ὢν
1510 596 1667 660 ὄχθος

163 684 527 750 τετειχισμένος
547 699 560 712 ο
593 683 733 735 οῦτω
755 683 798 735 δ’
825 684 926 735 ὑπὸ
951 685 1047 753 τῆς
1080 684 1294 750 φύσεως
1332 687 1667 738 κατεσκεύα-

158 789 252 835 στο,
280 772 348 835 ὡς
376 774 507 842 μηδὲ
539 774 790 841 προσιτὸς
834 771 968 825 εἶναι
997 792 1008 804 ·
1047 776 1286 841 φάραγξι
1318 775 1424 843 γὰρ
1473 777 1669 829 πάντοο

158 863 233 913 θιν
263 863 495 931 βαθείαις
528 864 908 933 ἑτετάφρευτο.
949 866 1103 918 Οῦτω
1133 867 1501 935 δ’όχυρότητος
1529 866 1668 935 ἔχον,

153 959 235 1008 atri.
269 957 528 1022 βασίλειον
550 954 694 1026 εῖχεν
726 957 875 1018 ἐντὸς
903 959 1116 1023 μεγέθει
1149 976 1205 1009 τε
1235 959 1325 1010 καὶ
1352 959 1535 1010 κάλλει
1567 960 1670 1011 τῶν

155 1047 391 1114 οἰκήσεων
427 1047 757 1115 θαυμαστὸν,
806 1049 998 1109 πολλὰς
1033 1050 1086 1099 δὲ
1119 1049 1210 1099 καὶ
1255 1049 1550 1114 δεξαμένας
1594 1051 1671 1110 είς

153 1138 392 1205 ὑποδοχὴν
422 1137 610 1200 ὕδατος
645 1141 701 1189 ἐν
737 1141 845 1199 τοῖς
879 1139 1332 1206 ἐπιτηδειοτάτοις
1353 1140 1460 1190 τῶν
1493 1140 1672 1192 τόπων

154 1229 407 1294 ἐκέκτητο.
442 1231 581 1297 Πρὸς
631 1231 684 1282 δὲ
725 1221 846 1290 ’τοῖς
890 1229 1066 1291 ἄλλοις
1120 1232 1177 1280 ὲν
1233 1233 1342 1293 τοῖς
1385 1233 1673 1300 βασιλείοις

152 1321 232 1372 καὶ
260 1324 492 1389 πήγανον
515 1317 604 1390 ἦν,
628 1322 774 1388 ἀξιον
803 1323 887 1374 διὰ
917 1323 1138 1392 μέγεθος
1169 1323 1445 1392 θαύματος
1463 1343 1478 1358 ’
1505 1327 1673 1394 συκῆς

150 1413 241 1477 γὲρ
269 1411 383 1462 οὐδὲ
416 1413 544 1480 μιᾶς
579 1410 745 1480 ὕψους
771 1414 861 1463 καὶ
896 1412 1102 1481 πάχους
1134 1413 1410 1466 ἐλείπετοο
1450 1415 1604 1480 λόγος
1630 1415 1673 1466 δ’

148 1498 206 1567 ἧι
259 1503 361 1554 ἀπὸ
399 1503 508 1553 τῶν
553 1495 805 1572 Ἡρώδου
833 1504 1038 1570 χρόνων
1069 1504 1200 1556 αὐτὸ
1242 1506 1546 1574 διαρκέσαι,
1583 1507 1676 1558 καὶ

150 1593 230 1641 ἐπὶ
250 1592 486 1643 πλεῖστον
521 1593 649 1652 ῐσως
688 1592 897 1659 ἔμεινεν
929 1593 1015 1652 ἂν,
1044 1595 1091 1645 εί
1119 1593 1194 1661 μὴ
1227 1595 1330 1646 ὑπὸ
1359 1594 1466 1645 τῶν
1497 1613 1678 1664 παρα-

148 1682 398 1733 λαϐόντων
434 1684 526 1734 τὶν
554 1683 717 1734 τόπον
750 1683 1018 1735 Ἰουδαίων
1042 1685 1362 1738 ἐκκέκοπτο,
1399 1687 1488 1738 Ἐν
1525 1687 1580 1738 δὲ
1611 1690 1674 1754 τῇ

147 1770 270 1822 me.
300 1772 390 1838 τὴν
429 1772 626 1840 ἄρκτον
659 1771 754 1825 τοῦ
794 1774 1052 1842 φρουρίου
1082 1777 1320 1844 φάραγγι
1355 1776 1678 1843 ὀνομάζεταί

143 1880 212 1922 τις
240 1862 395 1923 τόπος
427 1862 598 1933 Βαὰρ,
627 1865 720 1914 καὶ
750 1864 872 1930 φύει
902 1864 1055 1934 ῥίζαν
1088 1865 1393 1934 ὁμωνύμως
1418 1868 1682 1936 καλουμέ-

149 1971 232 2020 νην
260 1951 428 2021 αύτῷ.
461 1951 608 2021 Αὕτη
645 1954 800 2020 φλογὶ
839 1954 938 2022 μὲν
985 1955 1125 2009 ἔοικε
1164 1957 1260 2024 τὴν
1290 1959 1512 2026 χροιάνο
1554 1961 1682 2027 περί

145 2042 304 2104 δὲτὰς
340 2043 582 2112 ἑσπέρας
619 2043 772 2104 σέλας
810 2045 1186 2113 ἀπαστράπτει
1221 2059 1234 2074 ο
1264 2049 1378 2107 τοῖς
1410 2046 1464 2098 δὲ
1501 2047 1682 2114 βουλο-

150 2133 310 2201 μένοις
354 2134 542 2186 λαϐεῖν
592 2134 758 2202 αὐτὴν
807 2135 905 2186 οὐκ
956 2135 1103 2188 ἔστιν
1162 2135 1505 2205 εὐχείρωτος,
1569 2137 1682 2190 ἀλλ’

149 2224 458 2290 ὑποφεύγει,
494 2226 592 2277 καὶ
629 2225 690 2276 ού
741 2227 1005 2296 πρότερον
1049 2227 1287 2291 ἵσταται,
1326 2228 1454 2297 πρὶν
1504 2229 1570 2281 ἄν
1601 2246 1683 2290 τις

145 2311 289 2384 οὖρον
317 2316 579 2380 γυναικὸς
607 2316 637 2385 ἢ
664 2316 723 2368 τὸ
767 2310 904 2384 αἷμα
940 2318 1000 2368 τὸ
1039 2317 1284 2387 ἔμμηνον
1316 2321 1558 2391 καταχέῃ
1587 2322 1684 2374 αὑ-

145 2409 253 2474 τῆς.
293 2410 386 2460 καί
429 2406 549 2458 τότε
579 2407 635 2459 δὲ
664 2409 774 2468 τοῖς
804 2408 1101 2476 ἁψαμένοις
1135 2410 1362 2470 θάνατός
1401 2414 1516 2464 ἐστι
1556 2430 1688 2482 προ-

145 2498 324 2566 φανὴς,
367 2499 420 2550 εί
454 2499 528 2567 μὴ
555 2497 693 2567 τύχη
735 2515 818 2560 τις
859 2499 1027 2569 αὐτὴν
1057 2501 1274 2570 ἐκείνην
1307 2501 1684 2572 ἀπενεγκάμεο

144 2602 224 2646 νος
245 2589 338 2656 τὴν
367 2588 530 2658 ῥίζαν
559 2589 952 2657 ἀπηρτημένην
986 2592 1046 2642 ὲκ
1075 2592 1173 2659 τῆς
1211 2593 1412 2662 χειρός.
1450 2593 1690 2645 ’Δλίσκε-

142 2695 222 2730 ται
251 2679 308 2730 δὲ
347 2683 448 2732 καὶ
496 2679 616 2732 καθ’
659 2679 846 2749 ἕτερον
886 2680 1083 2748 τρόπον
1128 2682 1439 2742 ἀκινδύνως.
1492 2684 1691 2753 Κύκλῳ

145 2771 244 2839 γὰρ
269 2771 444 2840 αὐτὴν
475 2769 946 2839 περιορύσσουσιν,
983 2772 1056 2826 ὡς
1087 2767 1222 2824 εἶναι
1261 2775 1324 2842 τῇ
1351 2776 1420 2843 γῇ
1449 2775 1690 2841 κρυπτό-

147 2881 295 2929 μενον
325 2863 435 2930 τῆς
466 2861 617 2930 ῥίζης
649 2862 1002 2935 βραχύτατον,
1035 2861 1132 2914 εἶτ’
1161 2864 1216 2928 ἐξ
1248 2864 1412 2932 αὐτῆς
1437 2865 1692 2917 ἀποδοῦσι

146 2951 293 3010 κύνα,
330 2942 594 3002 κάκείνου
625 2949 702 3017 τῷ
729 2950 949 3018 δήσαντι
982 2953 1396 3004 συνακολουθεῖν
1422 2955 1695 3021 ὁρμήσαν-

142 3058 245 3102 rc.
284 3044 317 3110 ἡ
362 3042 470 3110 μὲν
502 3042 806 3094 ἀνασπᾶται
845 3042 1075 3110 ῥᾳδίως·
1127 3042 1350 3110 θνήσκει
1386 3043 1431 3093 δ’
1457 3045 1616 3102 εὐθὺς
1667 3046 1694 3094 ὁ

1768 599 1954 668 Neque
1980 617 2110 654 vero
2140 603 2438 656 munitione
2468 604 2758 669 duntaxat,
2791 607 2884 661 sed
2915 611 3062 664 etab
3091 614 3321 681 regiam,

1768 689 2142 756 magnitudine
2199 701 2254 744 et
2307 692 2582 762 elegantia
2623 695 2959 750 conclavium
3003 700 3278 770 insignem
3306 742 3321 763 ,

1769 779 2144 833 admirandum
2173 781 2294 841 fuit,
2346 793 2403 836 et
2444 785 2637 838 multas
2670 787 2934 842 cisternas
2954 789 3164 843 idoneis
3192 793 3325 845 locis

1771 869 1835 922 ad
1891 870 2122 938 pluviam
2170 887 2362 937 aquam
2414 874 2784 942 excipiendam
2825 878 3032 932 habuit.
3082 869 3323 947 ln’regia

1773 975 1988 1028 quoque
2046 970 2162 1012 ruta
2200 962 2301 1014 fuit
2358 963 2506 1016 mirae
2561 966 2984 1033 magnitudinis,
3040 971 3185 1023 nulla
3221 973 3320 1022 lien

1770 1050 1855 1101 vel
1914 1049 2199 1102 altitudine
2246 1051 2330 1104 vel
2385 1052 2744 1106 crassitudine
2802 1055 3050 1118 inferior,
3103 1073 3219 1124 quae
3259 1058 3328 1110 ab

1773 1140 2001 1193 llerodis
2034 1141 2260 1195 durasse
2306 1144 2640 1210 temporibus
2675 1143 2952 1198 ferebatur
2987 1162 3002 1198 :
3038 1155 3097 1198 et
3131 1147 3328 1214 longis-

1774 1232 1910 1285 simo
1945 1232 2123 1284 forsan
2155 1240 2395 1300 tempore
2427 1234 2710 1287 mansisset
2731 1277 2744 1296 ,
2779 1235 2882 1288 nisi
2908 1252 2936 1288 a
2965 1236 3168 1290 hilaris
3190 1276 3203 1298 ,
3237 1236 3330 1305 qui

1774 1323 1952 1376 locum
1984 1323 2132 1375 illum
2165 1333 2524 1391 occuparant,
2551 1325 2728 1377 excisa
2757 1324 2970 1378 fuisset.
3025 1307 3329 1378 locasti-lli

1774 1415 1913 1467 valle
1959 1414 2371 1482 septentrionali
2416 1414 2552 1467 Baar
2603 1414 2757 1468 locus
2788 1423 2909 1476 est,
2944 1414 3038 1483 qui
3095 1415 3329 1466 radicem

1776 1505 1943 1572 gignit
1992 1505 2230 1572 ejusdem
2285 1505 2558 1568 nominis,
2590 1505 2772 1558 colore
2823 1503 3072 1557 ﬂammeo
3122 1501 3330 1571 vespcii

1773 1594 1932 1664 jubar
1955 1593 2224 1662 quoddam
2271 1596 2665 1664 ejaculantem,
2713 1597 2808 1650 sed
2865 1604 3025 1663 captu
3078 1594 3332 1651 diﬂicilli-

1779 1700 1943 1737 mam.
1996 1683 2212 1752 Refugit
2242 1685 2386 1738 enim
2411 1725 2426 1748 ,
2460 1699 2638 1753 neque
2669 1685 2817 1750 prius
2849 1685 3099 1738 consistit
3124 1725 3137 1746 ,
3172 1700 3335 1753 quam

1781 1777 1992 1829 urinam
2029 1776 2276 1830 mulieris
2302 1816 2316 1840 ,
2348 1782 2441 1828 aut
2487 1776 2800 1844 sanguinem
2861 1784 3195 1829 menstruum
3251 1775 3334 1828 af-

1784 1868 1987 1920 fuderis
2029 1882 2133 1920 :ac
2163 1875 2274 1920 tum
2323 1883 2442 1920 eam
2488 1868 2883 1935 attingentibus
2934 1867 3150 1920 indubia
3195 1882 3338 1919 mors

1738 1989 1742 1991 »
1782 1959 2046 2019 imminet,
2077 1958 2177 2011 nisi
2210 1957 2331 2026 quis
2363 1973 2481 2011 eam
2522 1958 2758 2011 radicem
2803 1957 2873 2011 de
2904 1972 3066 2010 manu
3106 1973 3339 2026 suspen-

1783 2066 1895 2106 sam
1937 2049 2238 2103 abstulerit.
2294 2047 2522 2116 Capitur
2569 2047 2731 2101 etiam
2779 2047 2883 2101 alia
2941 2047 3148 2101 ratione
3204 2049 3340 2102 citra

1783 2140 2102 2210 periculum.
2132 2139 2262 2192 Nam
2321 2139 2561 2206 undique
2605 2153 2723 2191 eam
2779 2136 3238 2201 circumfodiunt,
3283 2147 3343 2191 ut

1784 2231 1901 2298 ejus
1925 2245 2084 2297 quam
2125 2230 2409 2282 minimum
2443 2237 2584 2282 terra
2627 2238 2838 2297 tegatur
2877 2245 2889 2279 :
2921 2228 3120 2281 deinde
3149 2242 3338 2280 canem

1785 2321 1834 2374 ei
1893 2321 2148 2388 alligant,
2205 2319 2295 2386 qui
2354 2333 2476 2371 cum
2531 2317 2812 2370 dominum
2879 2333 3037 2370 suu
3095 2317 3342 2377 comitari

1789 2411 1974 2478 cupit.
2007 2411 2094 2461 illa
2121 2409 2370 2462 facillime
2410 2409 2639 2471 evulsa,
2671 2409 2852 2461 statim
2892 2403 3118 2461 moritur
3153 2425 3164 2460 :
3197 2409 3341 2461 acci-

1787 2503 2063 2572 pientibus
2094 2517 2220 2554 vero
2251 2516 2370 2554 eam
2396 2508 2551 2568 post,
2580 2498 2716 2552 nihil
2749 2508 2833 2553 est
2856 2499 3097 2567 periculi.
3128 2496 3347 2566 Expeti-

1791 2601 1878 2646 tur
1905 2603 2085 2645 autem
2118 2591 2188 2643 ob
2218 2607 2381 2643 unam
2421 2591 2702 2643 virtutem.
2758 2589 2889 2643 Nam
2924 2604 3043 2658 qua
3083 2588 3347 2643 daemonia

1788 2689 2068 2738 vocantur.
2097 2688 2153 2731 et
2178 2679 2436 2746 quosdam
2477 2679 2682 2731 intrant
2707 2720 2720 2738 ,
2755 2679 2799 2731 si
2855 2679 3015 2732 modo
3037 2677 3349 2748 egrotanti-

1791 2770 1896 2823 bus
1959 2769 2330 2832 admoveatur,
2388 2767 2544 2820 facile
2615 2767 2857 2835 expellit.
2938 2767 2992 2819 ld
3065 2767 3348 2820 castellum

1792 2860 1990 2914 Bassus
2015 2858 2261 2927 subigere
2313 2857 2475 2926 309
2526 2857 2782 2925 cupiens.
2813 2856 3003 2909 vallem
3028 2855 3347 2908 orientalem

1794 2959 2006 3018 aggesta
2063 2958 2202 3001 terra
2237 2949 2453 3015 explere
2501 2947 2756 3001 instituit.
2821 2946 2990 3000 Judzei
3042 2945 3288 3008 obsessi,
3320 2959 3350 2997 a

1796 3040 2094 3109 peregrinis
2118 3038 2345 3104 separati
2374 3078 2388 3100 ,
2422 3036 2541 3091 illos
2574 3037 2627 3089 in
2671 3037 2803 3089 urbe
2838 3036 3092 3090 inferiore
3136 3050 3352 3110 manere

145 3131 305 3188 κύων,⁸
349 3131 524 3199 φόὸος
554 3130 599 3184 δ’
636 3131 808 3193 οὐδεὶς
840 3133 953 3191 τοῖς
1003 3131 1141 3200 μετὰ
1180 3132 1349 3183 ταῦτα
1380 3122 1688 3202 λαμϐάνου-

1795 3137 2128 3197 coegerunt:
2171 3127 2419 3195 superius
2460 3126 2732 3179 castellum
2771 3125 2870 3193 ipsi
2919 3133 3248 3186 tenuerunt,
3286 3139 3349 3177 ac

145 3235 240 3271 σιν.
271 3220 439 3272 Ἔστι
458 3220 517 3272 δὲ
543 3219 629 3271 διὰ
654 3219 784 3287 μίαν
810 3221 962 3288 ἰσχὺν
985 3220 1462 3288 περισπούδαστος.
1490 3222 1568 3272 Τὰ
1592 3223 1699 3292 γὰρ

147 3309 460 3377 καλούμενα
494 3309 746 3376 δαιμόνια
783 3308 875 3360 καί
897 3326 1036 3360 τισιν
1065 3311 1402 3376 εἰσδυόμενα,
1434 3312 1571 3381 αὑτὴ
1603 3329 1702 3364 τα-

148 3400 277 3466 χέως
303 3399 618 3464 ἐξελαύνει,
650 3400 754 3450 κᾶν
784 3399 944 3466 μόνον
974 3402 1084 3459 τοῖς
1108 3399 1320 3451 νοσοῦσι
1349 3402 1700 3470 προσενεχθῇ.

147 3490 310 3544 Τοῦτο
339 3491 408 3543 τὺ
452 3490 710 3558 φρούριον
747 3490 775 3540 ὁ
805 3489 1008 3551 Βάσσος
1031 3491 1487 3558 παραστήσασθαι
1515 3490 1703 3553 θέλων,

150 3583 234 3650 τὴν
273 3583 421 3652 πρὸς
465 3580 726 3642 ἀνατολὰς
759 3579 919 3632 αὐτοῦ
953 3580 1212 3649 φάραγγα
1256 3582 1430 3649 χῶσαι
1473 3583 1704 3633 ἀπεπει-

151 3677 290 3742 ρᾶτο.
317 3677 387 3727 Οἱ
414 3671 466 3725 δ’
489 3670 947 3740 ἔναπειλημμένοι
969 3670 1074 3722 τῶν
1113 3671 1401 3735 Ἰουδαίων,
1428 3672 1577 3726 ἔνδον
1600 3673 1706 3725 άπδ
1736 3729 1747 3736 _

143 3765 246 3816 τῶν
271 3767 455 3830 ξένων
480 3761 874 3832 διακριθέντες,
905 3762 1144 3823 ἐκείνους
1177 3762 1274 3830 μὲν
1307 3764 1622 3830 ἠνάγκασαν
1651 3766 1708 3815 ἐν

141 3861 201 3924 τῇ
226 3859 384 3910 κάτω
414 3854 571 3907 πόλει
598 3839 957 3922 παραμένειν,
980 3852 1042 3904 τὸ
1067 3852 1111 3903 δ’
1138 3851 1248 3903 ἄνω
1279 3853 1535 3921 φρούριον
1563 3849 1708 3923 εἶχον

142 3947 316 4001 αὐτοί.
370 3942 696 3998 Ἐποιοῦντο
722 3943 904 4011 μέντοι
928 3941 1027 4004 τὰς
1054 3942 1265 4006 ἐξόδους
1294 3944 1589 4018 προθύμως
1609 3943 1711 3996 ἀνὰ

143 4039 322 4089 πᾶσαν
382 4035 629 4106 ἡμέραν,
673 4033 768 4085 καὶ
813 4033 927 4095 τοῖς
976 4032 1196 4101 τυχοῦσι
1251 4033 1709 4102 συμπλεκόμενοι,

85 4183 88 4186 ,
143 4129 331 4181 πολλοὶ
370 4129 478 4197 μὲν
502 4125 785 4194 ἔθνησκον,
817 4125 1045 4186 πολλοὺς
1068 4124 1125 4175 δὲ
1153 4124 1258 4175 τῶν
1297 4123 1581 4191 Ῥωμαίων
1616 4125 1710 4176 dv-

141 4222 334 4287 ᾑρουν,
369 4215 678 4276 πονοῦντας
725 4214 818 4266 ἐπὶ
858 4215 969 4274 τοῖς
1015 4212 1282 4280 χώμασιν.
1339 4212 1432 4263 Ἐκ
1466 4211 1522 4265 δέ
1569 4229 1711 4274 τινος

1803 3220 1972 3274 nihilo
2009 3219 2183 3271 secius
2225 3214 2568 3286 quotidianas
2614 3218 2926 3286 eruptiones
2978 3210 3260 3276 fecerunt,
3299 3225 3354 3268 et

1805 3326 1927 3364 cum
1956 3310 2134 3362 obviis
2176 3310 2448 3376 congressi
2485 3317 2633 3362 sunt.
2687 3311 2794 3362 Nec
2828 3309 3066 3377 ipsorum
3099 3307 3356 3359 duntaxat

1806 3400 1960 3452 multi
1991 3398 2290 3465 perierunt,
2322 3397 2416 3450 sed
2454 3408 2509 3451 et
2536 3399 2806 3450 Romanos
2839 3399 3038 3449 multos
3067 3397 3119 3448 in
3150 3395 3357 3464 aggeri-

1807 3493 1909 3546 bus
1967 3493 2275 3546 laborautes
2327 3491 2664 3545 occiderunt.
2717 3491 2856 3545 Casu
2905 3499 3080 3542 tamen
3121 3488 3354 3555 quodam
3402 3482 3405 3483 ⁷

1807 3585 2007 3639 factum
2039 3593 2124 3638 est
2144 3625 2158 3648 ,
2184 3593 2245 3637 ut
2273 3585 2552 3637 castellum
2588 3583 2703 3637 sine
2739 3581 3022 3652 aggeribus
3047 3579 3354 3632 dederetur.

1808 3674 1953 3727 inter
2007 3672 2254 3726 obsessos
2305 3672 2622 3726 adolescens
2668 3672 2770 3725 fuit
2816 3672 3140 3732 Eleazarus,
3177 3669 3357 3721 animo

1809 3759 2128 3822 conlidens,
2172 3770 2228 3814 et
2278 3775 2440 3813 manu
2485 3770 2778 3823 strenuus,
2823 3758 2916 3825 qui
2971 3757 3224 3825 populum
3293 3755 3385 3808 ad

1809 3848 2124 3914 eruptiones
2163 3853 2220 3900 et
2261 3862 2509 3916 aggerem
2559 3844 2952 3914 prohibendum
2994 3843 3198 3896 hortari
3226 3842 3358 3894 soli-

1814 3937 2016 3998 tus,’in
2047 3936 2245 4005 pradiis
2273 3937 2669 3991 illustrissimus
2693 3943 2974 3998 evaserat,
3001 3932 3362 3998 Romanisque

1812 4027 2013 4081 multas
2061 4026 2243 4080 clades
2302 4027 2579 4080 intulerat.
2647 4020 2951 4094 Aliquando
2999 4033 3178 4080 autem
3239 4036 3360 4074 cum

1813 4119 1998 4186 pmlio
2019 4117 2288 4184 dirempto
2319 4125 2466 4170 extra
2499 4125 2683 4186 portas
2710 4131 2832 4170 cum
2868 4117 2934 4168 iis
2973 4115 3062 4182 qui
3109 4115 3160 4166 in
3195 4129 3355 4166 muro

1815 4217 1973 4262 erant
2042 4207 2484 4274 colloqueretur,
2548 4206 2724 4270 Rufus
2799 4205 3016 4272 quidam
3094 4202 3366 4256 Romanus

145 4307 454 4377 συντυχίας
503 4307 537 4373 ἡ
586 4305 681 4357 τοῦ
727 4303 988 4372 φρουρίου
1028 4302 1322 4370 παράδοσις
1361 4305 1572 4371 γέγονε,
1621 4319 1688 4354 κα

1817 4296 1974 4348 miles
1999 4335 2014 4356 ,
2045 4309 2242 4363 genere
2269 4293 2586 4364 Egyptius,
2614 4295 2805 4348 subito.
2824 4295 3056 4348 accurrit
3075 4335 3089 4353 ,
3121 4305 3176 4347 et
3215 4295 3364 4346 Elea-

139 4404 249 4454 τῶν
279 4400 574 4470 χωμάτων
604 4396 792 4467 χωρίς.
820 4395 1055 4458 Νεανίας
1081 4411 1162 4457 τις
1185 4390 1251 4463 ἦν
1278 4397 1334 4446 ὲν
1365 4397 1478 4456 τοῖς
1512 4393 1688 4460 πολιορ

1818 4399 2001 4437 zarum
2052 4399 2175 4437 cum
2236 4384 2367 4452 ipsis
2421 4385 2588 4438 armis
2647 4384 2966 4446 sublatum,
3007 4383 3254 4437 celeriter
3311 4383 3364 4433 in

141 4495 478 4562 κουμένοις,
511 4490 686 4560 τόλμῃ
727 4487 952 4556 θρασὺς,
995 4487 1255 4539 καὶκατὰ
1297 4488 1455 4554 χεῖρα
1481 4485 1685 4553 δραστή

1787 4485 1998 4530 ιραειτα
2063 4477 2432 4530 Romanorum
2496 4473 2766 4527 transfert.
2822 4475 2992 4538 Quem
3069 4488 3191 4526 cum
3258 4470 3369 4523 dux

146 4559 287 4654 ριος,
339 4573 622 4648 Ἐλεάζαρ
653 4578 1008 4646 καλούμενος,
1046 4575 1104 4636 ὃς
1130 4575 1327 4637 ἐξιέναι
1366 4576 1458 4624 καὶ
1494 4573 1688 4642 κωλύει

1822 4566 2050 4628 nudari,
2079 4570 2134 4618 et
2174 4566 2226 4617 in
2251 4575 2540 4632 conspectu
2568 4564 2768 4616 civium
2810 4561 2991 4630 flagris
3017 4559 3147 4612 cauti
3177 4559 3369 4627 jussis-

142 4650 245 4746 τὴν
276 4673 466 4746 χῶσιν
510 4669 843 4736 παρακαλῶν
869 4667 994 4727 τοὺς
1023 4665 1269 4727 πολλοὺς,
1296 4665 1353 4715 ὲν
1378 4668 1497 4726 ταῖς
1527 4664 1688 4734 μάχαι

1825 4665 1926 4717 set,
1956 4656 2204 4709 universa
2233 4655 2422 4706 civitas
2455 4652 2736 4721 ingemuit.
2777 4651 2852 4704 Ea
2885 4665 2942 4702 re
2963 4650 3158 4702 Bassus
3177 4662 3374 4715 oppor-

141 4738 600 4831 ἐπιφανέστατος
630 4755 840 4822 γέγονε,
875 4753 1041 4804 πολλὰ
1062 4753 1186 4814 τοὺς
1228 4751 1530 4820 Ῥωμαίους
1560 4752 1688 4803 διατι

1826 4755 1956 4801 tune
2017 4754 2203 4799 contra
2254 4744 2437 4797 hostes
2489 4759 2658 4807 usus,
2701 4756 2917 4796 crucem
2970 4739 3129 4809 deﬁgi
3174 4738 3372 4807 jussit,

145 4827 289 4915 θείς.
336 4847 461 4903 Καί
485 4862 615 4898 ποτε
649 4845 748 4909 τῆς
782 4845 962 4912 μάχης
985 4841 1377 4911 διακριθείσης,
1410 4842 1569 4902 αὐτὸς
1605 4839 1688 4908 μεί

1826 4834 1980 4905 quasi
2027 4834 2341 4894 Eleazarum
2382 4835 2562 4886 statim
2587 4833 2644 4886 in
2673 4847 2792 4886 eam
2826 4832 2988 4884 vellet
3014 4830 3226 4882 tollere.
3251 4827 3370 4892 Quo

143 4962 245 5005 νας
277 4942 402 5007 ἔξω
451 4938 560 4992 τῶν
606 4933 812 4997 πυλῶν,
841 4936 952 4993 τοίς
997 4935 1088 4984 ἐπὶ
1121 4932 1214 4984 τοῦ
1251 4933 1463 5000 τείχους
1506 4928 1688 4998 ὡμίλει

1827 4929 2138 4991 conspecto,
2161 4923 2196 4974 ii
2213 4938 2306 4990 qui
2332 4923 2385 4976 in
2414 4924 2636 4977 castello
2661 4931 2821 4976 erant
2839 4962 2853 4979 .
2880 4922 3048 4988 magis
3060 4921 3374 4980 doluerunt,

156 5032 410 5099 Ῥοῦφος
438 5030 498 5082 δι
523 5045 605 5090 τις
629 5026 722 5078 τοῦ
752 5023 1056 5092 Ῥωμαϊκοῦ
1083 5023 1463 5092 στρατοπέδου,
1480 5023 1548 5101 ⁴τὸ
1574 5019 1688 5085 γὲνε

1829 5013 2076 5067 maximis
2119 5011 2368 5080 suspiriis
2421 5012 2605 5065 editis.
2665 5010 2960 5063 Eleazarus
3013 5021 3229 5075 quoque
3282 5021 3379 5060 eos

145 5097 497 5194 Αἰγύπτιος,
527 5119 783 5186 ἔξαίφνης
824 5113 1158 5184 ἐπιδραμὼν,
1196 5114 1292 5164 σὺν
1321 5097 1507 5173 ὅπλοις
1549 5109 1688 5162 αὐτοῖ

1829 5106 2063 5172 rogavit,
2093 5116 2162 5153 ne
2208 5115 2266 5154 se
2296 5101 2368 5154 ita
2411 5100 2550 5152 mori
2595 5099 2878 5160 sinerent,
2910 5106 2966 5150 et
2989 5111 3099 5182 snsi
3138 5097 3378 5163 ipsorum

145 5187 247 5270 τὸν
267 5212 558 5279 Ἐλεάζαρ
587 5210 874 5276 ἀράμενος,
911 5204 1102 5274 φθάνει
1135 5203 1384 5272 μεταθεὶς
1409 5204 1484 5263 είς
1516 5200 1577 5251 τὸ
1609 5199 1688 5249 'Pu

1829 5193 2018 5247 salutis
2046 5205 2348 5252 memores,
2380 5191 2745 5242 Romanorum
2791 5187 3001 5242 viribus
3051 5196 3108 5240 et
3147 5187 3379 5240 fortuna

150 5309 348 5378 μαίων
393 5273 782 5372 στρατόπεδον.
811 5273 931 5350 Τοῦ
950 5297 1007 5348 δὲ
1045 5292 1346 5364 στρατηγοῦ
1375 5308 1443 5358 γυ
1455 5290 1688 5378 μνωθῆνι

1828 5281 2102 5336 cederent.
2152 5279 2234 5332 llli
2273 5287 2328 5332 et
2374 5278 2611 5332 Eleazari
2652 5277 2838 5330 verbis
2860 5275 3050 5333 fracti.
3091 5283 3147 5328 et
3186 5273 3382 5324 multo-

147 5361 540 5453 κελεύσαντος
566 5387 746 5449 αὐτὸν,
776 5389 868 5438 καὶ
901 5361 1272 5455 μαστίζεσθαι,
1296 5381 1599 5451 βλεπόντων
1624 5377 1688 5430 τᾶ

1831 5388 1950 5426 rum
1981 5387 2078 5440 pro
2116 5387 2184 5426 eo
2224 5371 2633 5439 deprecantium
2663 5366 2917 5434 precibus
2950 5365 3085 5434 (erat
3125 5361 3270 5416 enim
3310 5376 3375 5413 ex

141 5447 381 5550 iis.
448 5447 672 5538 πόλεως,
718 5447 912 5540 άθρόον
957 5473 990 5541 ή
1039 5447 1192 5532 πόλις
1241 5447 1525 5537 ἀνῴμωξε.
1567 5463 1688 5516 Τοῦτ

1807 5478 2026 5532 .magna
2068 5472 2123 5516 et
2165 5461 2428 5541 populosa
2465 5457 2687 5521 familia)
2717 5455 2973 5519 adducti,
3005 5453 3069 5506 ad
3097 5447 3382 5507 commise-

149 5576 309 5632 κατὰ
333 5574 462 5625 τῶν
488 5566 760 5638 πολεμίων
795 5564 824 5613 ὁ
855 5563 1060 5623 Βάσσος
1091 5561 1450 5632 στρατήγημα
1478 5558 1688 5624 ἑποιήσε

1834 5554 2101 5607 rationem
2148 5551 2486 5605 deﬂexerunt
2532 5565 2548 5603 :
2601 5547 2888 5615 missisque
2937 5544 3122 5638 Legatis
3175 5543 3380 5596 castelli

152 5615 309 5632 ι’...
343 5615 456 5625 -..⁷
493 5615 750 5638 ’-νψ--Γ-ᾐῗ
1043 5615 1057 5623 '
1161 5615 1173 5632 ι
1283 5615 1322 5630 ιι
1356 5615 1388 5628 ιι
1623 5615 1633 5624 ,

145 5689 233 5731 τος
267 5667 377 5720 καὶ
410 5661 647 5731 σταυρὸν
685 5654 982 5728 προσέταξε
1021 5651 1490 5719 καταπήγνυσθαι,
1524 5648 1598 5708 ὡς
1641 5649 1688 5698 ai

1834 5643 2162 5702 deditionem
2192 5642 2592 5711 promiserunt,
2620 5639 2664 5694 si
2688 5646 2909 5706 accepto
2936 5615 3193 5688 Eleazaro
3216 5633 3379 5687 salvis

148 5713 630 5828 ξξξιξζρεμάσὶον
657 5713 747 5805 et;
786 5713 1127 5814 Ἐλεάξαρον.
1157 5713 1286 5796 οιὲν
1313 5743 1418 5796 ἀπὸ
1443 5739 1532 5794 τοῦ
1567 5757 1688 5808 φρομ

1831 5736 2110 5792 d.scedere
2133 5735 2335 5790 liceret.
2366 5731 2534 5798 Quam
2576 5729 2937 5788 conditionem
2964 5726 3056 5780 ubi
3089 5725 3196 5779 dux
3227 5741 3377 5780 accc-
