3986 6338
623 507 727 572 539

1901 504 2144 566 JOANN
2157 503 2224 561 lS
2265 502 2584 564 ZONABIE

3737 501 3835 562 510

621 629 807 695 perat,
838 620 931 689 qui
978 619 1290 673 inferiorem
1322 619 1509 673 urbem
1543 617 1834 680 tenebant,
1865 617 2049 672 audita
2082 618 2177 672 Ju-

2296 617 2399 668 οίου
2464 615 2718 686 ὁρῶντες.
2769 614 3053 680 ὼδυνῶντο
3112 614 3331 683 μᾶλλον,
3396 614 3488 666 καὶ
3542 614 3838 685 ἀνῴμωζον

623 713 861 766 deorum
911 711 1115 778 privata
1156 709 1402 778 pactione
1428 751 1441 776 ,
1469 710 1647 779 fugam
1693 718 2176 777 noctucapessere

625 809 930 854 sta'uerunt
960 817 972 853 :
999 811 1051 854 et
1097 817 1218 854 cum
1252 811 1436 869 portas
1465 801 1806 869 aperuissent
1833 839 1847 863 ,
1886 799 1953 852 ab
1996 800 2060 852 iis
2087 799 2180 866 qui

627 906 747 943 cum
787 891 948 944 Basso
977 892 1294 961 pepigerant
1322 932 1334 953 ,
1363 891 1577 962 proditi
1616 900 1777 954 sunt,
1810 907 1872 944 ac
1901 890 2182 944 fortissimi

627 983 826 1049 quique
865 993 1160 1036 evaserunt
1195 1002 1206 1035 :
1259 982 1404 1036 intus
1434 997 1562 1035 vero
1589 981 1914 1050 deprehensi
1941 982 2005 1033 ad
2038 981 2184 1032 mille

628 1088 718 1125 nec
757 1080 883 1125 sunt
914 1073 1114 1132 occisi,
1149 1073 1403 1126 mulieres
1442 1081 1495 1125 et
1529 1073 1681 1140 pueri
1730 1072 1831 1125 sub
1872 1087 2069 1125 corona
2103 1088 2188 1125 ve-

629 1164 872 1216 nierunt.
931 1164 1203 1218 Dedititiis
1262 1181 1393 1218 vero
1451 1164 1646 1218 Bassus
1694 1164 1853 1217 tidem
1915 1163 2184 1226 servavit,

628 1255 757 1322 ipsis
791 1254 1063 1319 dimissis,
1105 1266 1159 1309 et
1193 1257 1448 1310 Eleazaro
1496 1255 1726 1310 reddito.
1765 1253 1860 1309 His
1904 1255 2185 1319 confectis,

625 1344 693 1397 ad
749 1344 991 1399 Jardium
1061 1347 1299 1410 saltum,
1349 1348 1693 1415 properavit,
1754 1362 1863 1415 quo
1923 1347 2077 1400 multi
2123 1362 2189 1399 ex

626 1435 904 1501 prioribus
937 1436 1314 1491 obsidionibus
1345 1437 1513 1506 elapsi
1541 1453 1597 1491 se
1630 1438 1995 1492 contulerant.
2053 1437 2186 1490 Eum

521 1571 524 1573 _
628 1525 792 1592 igitur
839 1526 1000 1595 310
1042 1528 1218 1580 locum
1247 1530 1523 1596 equitibus
1569 1529 1809 1597 undique
1842 1528 2184 1589 circumdat,

630 1615 839 1681 pedites
887 1618 1116 1672 arbores
1162 1619 1442 1672 succidere.
1488 1620 1660 1688 jubet.
1720 1620 1890 1674 Judaei
1923 1635 2048 1672 vero
2091 1620 2186 1688 qui

629 1709 721 1761 ilio
749 1714 1122 1779 conlugerant,
1158 1713 1384 1767 conferti
1417 1731 1539 1769 eum
1563 1717 1796 1771 clamore
1830 1717 1882 1770 in
1917 1718 2189 1772 Romanos

631 1799 915 1853 irruerunt
965 1819 978 1856 :
1014 1818 1042 1854 a
1076 1804 1274 1872 quibus
1319 1821 1442 1858 cum
1488 1806 1700 1861 fortiter
1726 1808 1939 1876 excepti
1963 1819 2144 1863 essent
2167 1849 2184 1874 ,

627 1905 736 1944 non
787 1907 974 1960 parum
1025 1896 1284 1963 temporis
1333 1897 1386 1950 in
1443 1914 1618 1966 pugna
1671 1908 1902 1953 tractum
1935 1909 2048 1964 est,
2088 1901 2183 1956 sed

627 1992 859 2037 eventus
883 1985 1002 2054 ejus
1026 1985 1270 2041 adversis
1295 1989 1538 2055 partibus
1564 2005 1667 2043 non
1701 2006 1765 2043 ex
1786 2006 1941 2059 aequo
1965 2006 2188 2060 respon-

628 2071 729 2126 dit.
764 2072 894 2126 Nam
927 2088 993 2128 ex
1027 2075 1287 2131 Romanis
1323 2077 1610 2131 duodecim
1647 2079 1961 2132 ceciderunt
1989 2119 2003 2142 ,
2029 2081 2187 2149 pauci

629 2161 896 2216 vulnerati
935 2174 1097 2226 sunt,
1129 2165 1440 2219 Judmorum
1485 2167 1668 2220 nullus
1707 2168 1919 2221 evasit:
1966 2178 2020 2220 et
2062 2185 2185 2223 cum

629 2267 739 2306 non
791 2253 930 2308 infra
985 2257 1088 2315 tria
1133 2257 1299 2310 millia
1334 2267 1491 2326 capta
1525 2265 1742 2321 essent,
1785 2273 1973 2312 omnes
2018 2261 2190 2327 perie-

633 2352 778 2397 runt.
831 2344 1028 2400 Bassus
1070 2358 1126 2401 et
1187 2347 1438 2403 Liberius
1489 2349 1750 2404 Maximus
1795 2360 2188 2420 procurator,a

631 2433 840 2489 Caesare
890 2452 1104 2490 omnem
1149 2438 1459 2492 Juilaeorum
1513 2450 1714 2495 terram
1764 2441 2000 2496 vendere
2051 2443 2187 2512 jussi

631 2535 756 2578 sunt
789 2544 803 2578 :
836 2526 1163 2596 octingentis
1186 2528 1450 2584 duntaxat
1477 2531 1721 2583 emeritis
1748 2531 2186 2586 Emmanuentem

629 2618 908 2671 castellum
938 2659 954 2683 ,
991 2620 1210 2690 triginta
1243 2620 1418 2674 stadia
1477 2619 1860 2690 Hierosolymis
1896 2621 2144 2674 dissitum
2173 2662 2187 2687 ,

635 2706 977 2763 incolendum
1008 2711 1250 2765 tradidit.
1302 2711 1366 2766 Et
1393 2712 1610 2767 Judzeos
1647 2713 1957 2781 ubicunque
1991 2713 2194 2783 degen-

635 2807 715 2852 tes
737 2840 751 2863 ,
785 2802 1077 2868 quotannis
1114 2802 1270 2857 binas
1322 2819 1595 2872 quemque
1635 2804 1922 2858 drachmas
1950 2805 2001 2857 in
2029 2805 2193 2874 Capi-

635 2888 824 2941 tolium
915 2890 1114 2945 inferre
1172 2893 1370 2962 jussit,
1419 2895 1872 2963 quemadmodum
1930 2896 2081 2964 prius
2138 2897 2192 2950 in

636 2981 895 3048 templum
983 2981 1530 3051 Hierosolymitanum
1627 2984 1877 3039 conferre
1964 3001 2195 3041 consue-

637 3082 866 3127 vrssent.

2283 706 2592 776 διωλύγιον.
2618 707 2727 760 Καὶ
2753 709 2780 761 ό
2817 705 3081 777 Ἐλεάζαρ
3115 706 3357 760 ίκέτευσε
3392 708 3552 775 σφᾶς,
3588 709 3717 777 μήτ’
3743 705 3838 760 αὖ·

2285 800 2374 851 τὸν
2401 800 2660 870 περιιδεῖν
2699 799 2840 852 οὓτω
2867 799 3188 869 θνήσκοντα,
3222 800 3315 852 καί
3345 801 3553 862 ἑαυτοῖς
3598 801 3699 869 τὴν
3743 817 3841 852 σω-

2287 891 2478 961 τηρίαν
2511 891 3016 962 προμηθεύσασθαι,
3064 890 3234 954 εἴξασι
3267 893 3332 960 τῇ
3376 891 3655 959 Ῥωμαίων
3697 892 3838 959 ίσχύῖ

2288 983 2379 1034 καὶ
2400 982 2556 1055 τύχῃ.
2581 985 2643 1036 Οἱ
2672 983 2724 1034 δὲ
2761 982 2854 1033 καὶ
2881 980 3017 1050 πρὸς
3045 981 3168 1042 τοὺς
3199 980 3405 1033 ἐκείνου
3432 980 3841 1048 κατακλώμενοι

2290 1071 2496 1137 λόγους,
2539 1071 2631 1123 καὶ
2657 1070 2863 1122 πολλῶν
2898 1070 3042 1121 ἔνδον
3080 1069 3218 1136 ὑπὲρ
3258 1069 3423 1120 αὑτοῦ
3451 1067 3722 1136 δεομένων
3756 1062 3840 1135 (ἦν

2288 1162 2396 1230 γάρ
2441 1163 2500 1213 ἐκ
2540 1162 2780 1230 μεγάλης
2811 1162 2907 1213 καὶ
2941 1160 3146 1228 σφόδρα
3176 1157 3604 1228 πολυανθρώπου
3645 1175 3843 1224 συγγε⁸

2289 1253 2458 1317 νείας)
2493 1255 2572 1313 εἰς
2599 1248 2780 1305 οἶκτον
2807 1252 3098 1305 ἐνέδωκαν.
3134 1250 3244 1304 Καὶ
3271 1250 3598 1314 στείλαντες,
3623 1250 3725 1318 τὴν
3752 1247 3838 1301 τοῦ

2291 1343 2547 1412 φρουρίου
2576 1342 2868 1410 παράδοσιν
2900 1343 3312 1409 ἐπηγγέλλοντο,
3349 1343 3439 1394 ῐνα
3469 1341 3642 1401 ἀδεεῖς
3668 1338 3868 1392 ἀπαλ--

2285 1434 2603 1498 λάττωνται,
2632 1436 2719 1486 τὸν
2758 1433 3021 1503 Ἐλεάζαρ
3046 1434 3316 1494 λαϐόντες.
3343 1432 3650 1500 Δεξαμένου
3672 1430 3727 1482 δέ
3755 1429 3841 1481 τοῦ

2293 1526 2600 1596 στρατηγοῦ
2627 1526 2820 1589 ταῦτα,
2854 1527 2901 1578 οἱ
2936 1527 2991 1577 ἐν
3027 1528 3089 1592 τῇ
3120 1525 3266 1576 κάτω
3293 1524 3445 1575 πόλει
3486 1523 3585 1591 τὴν
3627 1521 3844 1589 γινομέ-

2290 1633 2388 1682 νην
2419 1618 2524 1687 ἰδία
2553 1619 2663 1677 τοῖς
2703 1617 2998 1678 Ῥωμαίοις
3033 1615 3328 1682 πυθόμενοι
3369 1613 3664 1684 σύμϐασιν,
3709 1613 3843 1664 ἀπο-

2288 1707 2479 1778 δράναι
2515 1707 2708 1768 νυκτὸς
2742 1708 2894 1758 αὐτοὶ
2939 1706 3342 1759 ἐϐουλεύσαντο.
3387 1705 3493 1756 Καὶ
3532 1703 3633 1766 τὰς
3673 1701 3845 1765 πύλας

2288 1799 2465 1854 αὐτῶν
2495 1799 2840 1864 ἀνοιξάντων,
2874 1800 3024 1869 παρὰ
3046 1799 3154 1853 τῶν
3182 1799 3279 1866 τὴν
3307 1796 3596 1868 ὁμολογίαν
3628 1810 3846 1862 πεποιη·

2293 1891 2469 1960 μένων
2523 1893 2658 1962 πρὸς
2705 1893 2796 1944 τὸν
2835 1893 3039 1944 Βάσσον
3071 1888 3172 1962 ἧκε
3210 1892 3462 1960 μήνυσις.
3516 1891 3576 1941 Oi
3617 1888 3717 1956 μὲν
3759 1882 3846 1939 οῦν

2291 1986 2398 2038 τῶν
2432 1987 2680 2049 ἐξιόντων
2726 1984 3192 2054 ἐρρωμενέστατοι
3228 1981 3472 2050 ἔφθασαν
3515 1979 3844 2039 διεκπεσεῖν,

2289 2078 2395 2130 τῶν
2426 2078 2468 2128 δ’
2491 2078 2636 2129 ἔνδον
2674 2075 3128 2144 καταληφθέντων
3162 2072 3352 2142 ἄνδρες
3377 2073 3472 2142 μὲν
3503 2069 3847 2140 ἀνῃρέθησαν

2291 2168 2386 2219 ἐπὶ
2415 2167 2602 2237 χιλίοις
2633 2168 2970 2229 ἑπτακόσιοι,
3003 2165 3202 2232 γύναια
3232 2163 3287 2215 δὲ
3319 2164 3413 2216 καὶ
3437 2161 3624 2222 παῖδες
3656 2158 3848 2228 ἠνδρα-

2297 2260 2646 2328 ποδίσθησαν.
2685 2259 2796 2321 Τάς
2818 2259 2873 2311 δέ
2899 2258 3034 2325 πρὸς
3065 2257 3183 2317 τοὺς
3218 2255 3556 2322 παραδόντας
3583 2251 3647 2302 τὸ
3682 2249 3847 2318 φρού-

2299 2367 2411 2418 ριον
2441 2350 2726 2419 ὁμολογίας
2753 2348 3038 2414 φυλάσσων
3079 2351 3106 2399 6
3148 2348 3374 2409 Βάσσος,
3415 2342 3610 2405 αὐτούς
3649 2358 3709 2393 τε
3746 2342 3843 2407 ἀφ-

2293 2441 2419 2508 ῆκε,
2453 2441 2546 2493 καὶ
2588 2440 2679 2492 τὸν
2714 2439 2974 2508 Ἐλεάζαρ
3015 2437 3282 2491 ἀπέδωκε.
3320 2435 3506 2490 Ταῦτα
3550 2431 3846 2503 διαπραξά-

2297 2549 2478 2602 μενος,
2507 2531 2766 2600 ὴπείγετο
2795 2530 2891 2582 ἐπὶ
2917 2530 3006 2582 τὸν
3039 2528 3332 2596 λεγόμενον
3371 2527 3578 2595 Ἰάρδην
3617 2524 3843 2594 δρυμόν·

2296 2624 2481 2676 πολλοὶ
2515 2624 2622 2690 γὰρ
2651 2623 2785 2689 πρὸς
2813 2622 2978 2674 ἀὑτὸν
3001 2615 3142 2692 ἦσαν
3165 2620 3275 2671 τῶν
3314 2620 3457 2672 κατά
3490 2617 3588 2679 τὰς
3636 2618 3844 2683 πολιορ-

2295 2714 2418 2775 κίας
2456 2713 2716 2782 πρότερον
2745 2711 3118 2781 ἀποδράντων.
3161 2708 3362 2762 Ἐλθὼν
3393 2707 3484 2761 οῦν
3513 2708 3608 2760 ἐπὶ
3641 2706 3727 2766 τὸν
3761 2707 3845 2758 τό·

2297 2821 2415 2867 πον,
2446 2801 2739 2856 κυκλοῦται
2771 2803 2933 2855 αὑτὸν
2957 2804 3064 2863 τοῖς
3092 2800 3348 2853 ἱππεῦσιν
3371 2799 3611 2861 ἅπαντα,
3643 2802 3767 2857 τοὺς
3795 2796 3845 2846 δὲ

2297 2893 2496 2954 πεζοὺς
2527 2891 2896 2960 δενδροτομεῖν
2925 2893 3026 2960 τὴν
3057 2889 3185 2960 ὓλην
3217 2890 3522 2942 ἐκέλευσεν.
3552 2889 3615 2940 Oi
3663 2887 3705 2939 δ’
3739 2885 3846 2938 ἔχει

2298 2982 2780 3051 προσπεφευγότες
2822 2982 3065 3034 Ἰουδαῖοι
3093 2981 3276 3049 ἀθρόοι
3322 2983 3457 3049 μετὰ
3501 2980 3630 3048 βοῆς
3662 2977 3844 3040 ἀΐξαν-

2297 3095 2408 3141 τες,
2454 3077 2744 3130 ἐνέπιπτον
2780 3078 2894 3137 τοῖς
2929 3073 3372 3143 κυκλωσαμένοις
3407 3071 3624 3135 αὐτούς.
3669 3069 3756 3132 Ὧς
3793 3069 3846 3120 δὲ

640 3165 920 3233 καρτερῶς
970 3168 1163 3229 αὐτοὺς
1210 3171 1403 3222 ἐκεῖνοι
1446 3170 1709 3240 ἐδέχοντο,
1763 3173 1950 3242 χρόνος
1991 3171 2088 3240 μὲν
2126 3169 2184 3222 ού
2227 3167 2462 3239 βραχὺς
2494 3171 2561 3238 τῇ
2601 3170 2746 3238 μάχῃ
2786 3167 2972 3238 ἐτρίση
2996 3183 3010 3198 ο
3047 3166 3198 3228 τέλος
3235 3165 3292 3218 δὲ
3335 3166 3471 3233 αὑτῇ
3502 3165 3603 3232 οὐχ
3668 3165 3844 3230 ὅμοιον

637 3256 750 3316 τοῖς
802 3257 1064 3320 ἐναντίοις
1116 3261 1294 3330 ἀπέϐη
1343 3263 1551 3332 μέρεσι.
1596 3264 1880 3332 Ῥωμαίων
1929 3263 2025 3333 μὲν
2077 3263 2184 3332 γάρ
2228 3262 2422 3314 ἔπεσον
2466 3259 2691 3323 δώδεκα,
2728 3261 2899 3327 ὀλίγοι
2936 3259 2981 3312 δ’
3045 3258 3385 3330 ἐτρώθησαν.
3457 3256 3581 3310 Τῶν
3619 3255 3675 3306 δὲ
3727 3253 3846 3304 Ἰου-

638 3346 802 3400 δαίων
831 3350 891 3401 ἐκ
914 3350 1009 3417 τῆς
1034 3349 1211 3421 μάχης
1235 3354 1437 3419 ταύτης
1459 3355 1630 3417 οὐδεὶς
1655 3357 1907 3423 διέφυγεν
1933 3371 1947 3384 ·
2011 3354 2242 3415 ἁλόντες
2263 3354 2317 3404 δὲ
2373 3353 2468 3405 καὶ
2525 3350 2838 3420 τρισχιλίων
2888 3351 2985 3418 οὐχ
3054 3350 3270 3419 ἥττους,
3305 3351 3506 3412 πάντες
3557 3346 3842 3400 ἀπέθανον-

639 3434 846 3501 Βάσσος
899 3441 1106 3506 μέντοι,
1141 3444 1236 3504 καὶ
1295 3444 1542 3514 Λιῦἐριος
1585 3446 1857 3514 Μάξιμος,
1928 3446 1986 3508 ὃς
2043 3441 2109 3515 ἦν
2172 3441 2484 3512 ἐπίτροπος,
2555 3442 2734 3493 πᾶσαν
2783 3439 2879 3509 τὴν
2927 3439 3029 3507 γῆν
3076 3438 3368 3491 ἀποδόσθαι
3425 3438 3532 3490 τῶν
3588 3434 3844 3490 Ἰουδαίων

643 3532 793 3599 παρὰ
825 3533 1102 3602 Καίσαρος
1127 3536 1552 3607 ἐκελεύσθησαν·
1575 3540 1910 3600 ὀκτακοσίοις
1967 3527 2036 3591 δὲ’
2085 3537 2264 3606 μόνοις
2304 3536 2409 3588 ἀπὸ
2437 3536 2534 3604 τῆς
2571 3532 2858 3603 στρατείας
2905 3533 3272 3601 διαφιεμένοις
3304 3533 3502 3601 χωρίον
3532 3529 3733 3582 ἔδωκεν
3773 3529 3845 3588 εἰς

643 3621 976 3689 κατοίκησιν,
1005 3624 1297 3679 ὂκαλεῖται
1333 3629 1429 3696 μὲν
1469 3630 1734 3697 Ἐμαούς·
1769 3629 1960 3697 ἀπέχει
2029 3629 2084 3679 δὲ
2157 3626 2264 3678 τῶν
2317 3625 2704 3694 Ἰεροσολύμων
2766 3624 3008 3685 σταδίους
3061 3623 3372 3692 τριάκοντα.
3416 3623 3583 3691 Φόρον
3637 3622 3694 3674 δέ
3742 3619 3844 3678 τοῖς

643 3709 977 3781 ὁπουδήποτε
1022 3711 1172 3767 οὖσιν
1218 3719 1486 3781 Ἰουδαίοις
1522 3721 1776 3783 ἐπέταξε,
1851 3723 1943 3773 δύο
2015 3719 2265 3790 δραχμὰς
2296 3717 2522 3768 ἕκαστον
2601 3717 2829 3784 ἐτησίως
2894 3714 3169 3783 εἰσφέρειν
3232 3715 3311 3775 εἰς
3361 3713 3450 3763 τὸν
3481 3710 3841 3774 Καπιτώλιον,

645 3801 831 3874 ὥσπερ
865 3806 1126 3876 πρότερον
1155 3809 1234 3869 είς
1262 3811 1354 3861 τὸν
1386 3813 1441 3862 ἐν
1491 3811 1883 3882 Ἱεροσολύμοις
1910 3812 2036 3866 ναὸν
2063 3808 2398 3862 συνετέλουν.
3235 3847 3239 3859 ,
3377 3847 3384 3853 .

715 3893 903 3948 XXIX.
941 3897 1104 3953 Basso
1153 3900 1432 3964 defuncto,
1482 3903 1697 3960 Flavius
1737 3905 1881 3960 Silva
1914 3906 2190 3974 provincia

2367 3901 2494 3956 KO'.
2527 3901 2733 3955 Βάσσου
2779 3900 2834 3953 δέ
2893 3899 3338 3970 τελευτήσαντος,
3380 3899 3610 3963 θλάὄιος
3659 3897 3847 3958 Σίλϐας

647 3997 892 4054 suscepta
917 4028 932 4052 ,
965 3989 1232 4045 Masadam
1271 3995 1587 4060 castellum,
1629 3999 1802 4051 solum
1837 3998 2014 4051 adhuc
2036 4013 2101 4050 ex
2131 3997 2197 4049 iis

647 4093 769 4142 quae
817 4079 1127 4137 defecerant
1162 4085 1473 4153 reliquum,
1518 4088 1768 4143 obsidere
1807 4090 2058 4148 instituit.
2096 4089 2198 4142 Te-

649 4167 877 4220 rrebatur
911 4181 1090 4225 autem
1131 4190 1160 4228 a
1209 4177 1452 4242 sicariis,
1495 4194 1693 4247 qu...us
1720 4180 1802 4232 vir
1841 4190 2030 4246 potens
2063 4197 2199 4247 prte-

649 4269 768 4312 erat
809 4261 1125 4328 Eleazarus,
1170 4276 1235 4318 ex
1266 4269 1417 4322 Judze
1444 4271 1758 4337 posteritate
1781 4310 1794 4332 ,
1823 4272 1914 4340 qui
1954 4271 2055 4325 sub
2093 4271 2197 4342 Cy-

651 4353 803 4407 renio
832 4354 1014 4409 multis
1039 4371 1412 4425 persuaserat,
1443 4377 1508 4414 ne
1549 4363 2004 4432 descriptionibus
2045 4378 2199 4431 pare-

650 4454 769 4498 rent
812 4464 823 4498 :
856 4462 920 4500 ac
966 4448 1183 4516 regione
1215 4451 1394 4503 statim
1426 4451 1660 4519 potitus,
1704 4455 1876 4522 ipsum
1912 4455 2191 4509 castellum

651 4552 807 4591 muro
870 4537 1263 4603 circumdedit,
1324 4541 1389 4595 ad
1461 4542 1639 4611 fugam
1712 4545 2195 4599 intercludendum.

650 4627 854 4682 Deinde
877 4630 942 4682 ad
970 4633 1424 4699 oppugnationem
1449 4649 1777 4696 conversus,
1813 4644 1867 4688 et
1910 4652 2014 4703 qua
2049 4651 2199 4704 pote-

656 4726 737 4770 rat
777 4735 966 4788 aggere
1011 4721 1243 4786 exeitato
1289 4725 1589 4792 (castellum
1635 4717 1779 4781 enim
1821 4726 1882 4803 in
1919 4726 2026 4779 alto
2070 4742 2198 4780 saxo

653 4819 770 4861 erat
820 4812 1199 4877 exstructum,
1257 4815 1486 4870 vallibus
1544 4817 1766 4872 inﬁnita:
1811 4815 2199 4886 profunditatis

654 4905 989 4972 coronatum)
1024 4904 1288 4959 machinis
1318 4907 1566 4961 adductis
1592 4909 1727 4960 muri
1760 4920 1962 4977 partem
1989 4907 2198 4977 perfre-

654 4991 750 5056 git.
808 4987 912 5044 Sed
971 4994 1134 5049 alium
1200 4998 1375 5051 sicarii
1427 4999 1574 5052 intus
1632 5007 2046 5063 exstruverant,
2105 5001 2197 5067 qui

655 5080 852 5134 ictibus
905 5083 1133 5138 arietum
1189 5103 1441 5143 cessurus
1500 5106 1606 5143 non
1672 5099 1832 5142 esset.
1907 5090 2200 5146 Constabat

652 5173 798 5226 enim
840 5189 906 5228 ex
951 5174 1108 5243 lignis
1133 5179 1336 5248 duplici
1382 5181 1521 5235 serie
1553 5184 1695 5233 inter
1729 5195 1787 5232 se
1817 5183 2072 5234 connexis
2097 5224 2109 5241 ,
2146 5184 2197 5236 in

2301 3995 2601 4064 διαδέχεται
2657 3994 2757 4065 τὴν
2810 3992 3126 4064 ἡγεμονίαν.
3197 3992 3292 4056 Ὃς
3347 3993 3441 4046 ἐπὶ
3481 3992 3745 4060 Μασάδαν
3793 4004 3847 4043 το

2304 4087 2558 4157 φρούριον
2593 4087 2942 4156 ἐστράτευσε,
2992 4087 3153 4156 μόνον
3195 4085 3272 4138 ἔτι
3316 4083 3424 4137 τῶν
3466 4076 3846 4154 ἀφεστηκότων

2303 4179 2684 4249 περιλειφθέν-
2732 4181 2981 4247 κατεῖχον
3025 4179 3080 4231 δὲ
3121 4177 3278 4231 τοῦτο
3307 4177 3566 4247 σικάριοι,
3607 4170 3682 4228 ὧν
3723 4191 3839 4243 προ·

2303 4274 2538 4340 ειςτήκει
2579 4271 2800 4335 δυνατὸς
2834 4271 2972 4341 ἀνὴρ
3013 4270 3298 4340 Ἐλεάζαρ,
3342 4270 3609 4337 ἀπόγονος
3657 4268 3842 4330 Ἰούδα.

2302 4363 2393 4414 τοῦ
2438 4363 2720 4426 πείσαντος
2753 4364 2976 4428 πολλοὺς
3020 4363 3282 4418 ’1ουδαίων
3315 4362 3389 4434 μὴ
3425 4363 3706 4416 πείθεσθαι
3737 4362 3844 4422 ταῖς

2301 4454 2642 4522 ἀπογραφαῖς
2667 4456 2754 4504 ἐπὶ
2788 4456 3077 4523 Κυρηνίου.
3107 4455 3216 4508 Καὶ
3243 4457 3336 4523 τῆς
3364 4455 3464 4522 μέν
3486 4455 3670 4524 χώρας
3691 4452 3842 4512 εὐθὺς

2304 4545 2542 4616 ἐκράτει,
2586 4545 2646 4597 τὺ
2677 4545 2734 4597 δὲ
2769 4545 3024 4615 φρούριον
3062 4546 3232 4614 τείχει
3280 4545 3711 4614 περιεκύκλωσε,
3753 4542 3842 4610 τὴν

2303 4640 2382 4702 είς
2416 4638 2591 4709 φυγὴν
2620 4638 2796 4705 ἔξοδον
2826 4641 2938 4700 τοῖς
2970 4637 3118 4690 ἔνδον
3153 4637 3529 4706 ἀποφραγνύς.
3562 4631 3693 4689 Εἶτα
3718 4635 3845 4705 πρὸς

2305 4731 2619 4802 πολιορκία)
2647 4732 2931 4800 ἐτράπετο,
2965 4730 3058 4783 καὶ
3082 4729 3241 4799 χῶμα
3266 4727 3447 4798 χώσας
3475 4727 3603 4782 ἔνθα
3627 4726 3843 4781 δυνατὸν

2302 4818 2368 4892 ἦν
2393 4823 2502 4891 (ἐπὶ
2544 4824 2744 4888 πέτρας
2766 4824 2875 4894 γὰρ
2910 4822 3118 4893 ὑψηλῆς
3148 4822 3206 4874 τὺ
3238 4821 3495 4891 φρούριον
3516 4820 3840 4891 ᾠκοδόμητο,

2305 4913 2542 4982 φάραγξι
2587 4914 2745 4984 βάθος
2781 4913 3032 4983 ἐχούσαις
3080 4913 3308 4981 ἄπειρον
3355 4911 3840 4982 ἑστεφανωμέναις)

2305 5003 2550 5071 ἐπήγαγε
2592 5004 2689 5072 τὴν
2714 5005 2977 5068 ἑλέπολιν,
3015 5005 3110 5056 καὶ
3134 5003 3383 5077 διέρρηξε
3420 5007 3582 5076 μέρος
3610 5005 3703 5056 τοῦ
3737 5001 3841 5055 τεί-

2303 5111 2451 5164 χους.
2490 5093 2664 5163 Ὠφθη
2692 5095 2735 5147 δ’
2764 5094 2951 5164 ἕτερον
2980 5096 3130 5158 ἐντὸς
3160 5093 3263 5148 ὑπὸ
3293 5096 3402 5149 τῶν
3435 5095 3698 5164 σικαρίων
3725 5096 3840 5147 ἀντο

2303 5185 2676 5255 οικοδομηθέν,
2700 5185 2940 5239 τοιοῦτον
2963 5181 3072 5239 οἷον
3111 5188 3242 5255 μηδὲ
3271 5189 3389 5246 ταῖς
3414 5185 3667 5254 ἐμσολαῖς
3690 5186 3839 5253 εῖξειν

654 5282 884 5334 quorum
935 5268 1171 5321 medium
1221 5282 1417 5326 terram
1469 5273 1800 5344 ingerebant.
1860 5271 2028 5336 Quem
2073 5289 2191 5329 eum

2308 5253 2498 5344 μέλλον
2528 5253 2635 5328 τῶν
2662 5275 2978 5329 ἐλεπόλεων.
3026 5253 3121 5328 Ἐξ
3150 5275 3321 5338 ξύλων
3354 5253 3463 5344 γάρ
3488 5269 3576 5347 ἦν,
3613 5275 3704 5330 δύο
3734 5277 3839 5328 στι-

654 5357 1024 5411 iuacbinarum
1063 5357 1205 5411 ictus
1259 5377 1363 5413 non
1403 5363 1562 5415 modo
1609 5378 1714 5414 non
1757 5374 2195 5430 perrumperent,

656 5448 748 5502 sed
781 5464 847 5501 ex
873 5449 1228 5503 concussione
1254 5490 1267 5510 ,
1291 5449 1377 5503 illa
1411 5452 1687 5506 desidente
1718 5453 1960 5515 materia,
1994 5452 2198 5507 firmio-

659 5554 768 5591 rem
796 5540 1271 5602 red.lerent,-Silva
1297 5539 1494 5593 milites
1521 5537 1764 5596 hortatus
1779 5552 1880 5605 est,
1903 5551 1960 5594 ut
1982 5541 2201 5597 crebras

657 5627 801 5683 faces
843 5630 1539 5700 ardentesgjacularentur.
1574 5630 1707 5682 Tum
1762 5649 1951 5688 murus
1991 5632 2200 5701 ligneus

661 5718 783 5785 igne
836 5733 1118 5791 concepto.
1169 5740 1413 5794 magnam
1469 5723 1736 5777 ﬂammam
1787 5725 1990 5789 edidit,
2034 5742 2194 5795 quam

609 5805 861 5875 «Boreas
915 5812 1125 5879 spirans
1175 5815 1439 5885 principio
1501 5828 1734 5885 superne
1801 5815 1865 5867 ad
1931 5815 2202 5870 Romanos

660 5898 1005 5970 devolvebat,
1032 5905 1167 5962 adeo
1198 5917 1252 5961 ut
1278 5908 1556 5965 machinas
1596 5907 1986 5978 propemodum
2017 5909 2203 5964 inccn-

2303 5384 2428 5436 χους
2481 5367 2851 5437 παραλλήλους
2907 5367 3157 5436 ἐχόντων,
3206 5358 3286 5416 ὧν
3323 5365 3486 5434 μέσον
3523 5366 3839 5436 συνεφόρουν

2301 5461 2389 5511 τὸν
2440 5459 2585 5528 χοῦν.
2615 5459 2680 5511 Δί
2731 5458 2864 5524 γοῦν
2910 5458 3018 5508 τῶν
3057 5457 3465 5525 μηχανημάτων
3515 5457 3739 5527 ἐμϐολαὶ
3779 5455 3836 5529 οὐ

2307 5551 2466 5618 μόνον
2505 5548 2956 5619 οὑ-διεῤῥὴγνυον
2989 5547 3162 5609 τοῦτο,
3199 5549 3334 5603 ἀλλὰ
3366 5549 3462 5602 καὶ
3500 5550 3837 5621 στερρότερον

2303 5642 2379 5709 τῷ
2405 5640 2547 5706 σάλῳ
2573 5639 2850 5700 συνιζάνον
2877 5637 3189 5706 εἰργάζοντο
3209 5658 3220 5671 ·
3247 5641 3326 5694 διὸ
3349 5644 3458 5703 τοῖς
3492 5639 3836 5711 στρατιώταις

2304 5734 2330 5783 ὁ
2368 5730 2560 5790 Σίλϐας
2598 5728 2890 5797 λαμπάδας
2935 5729 3228 5797 καιομένας
3271 5730 3576 5794 ἀκοντίζειν
3620 5729 3836 5798 ἀθρόους

2306 5818 2761 5892 παρεκελεύσατο.
2797 5819 2869 5871 Τὸ
2898 5817 2954 5872 δὲ
3000 5823 3364 5892 πεποιημένον
3419 5823 3483 5874 ἐκ
3539 5820 3707 5884 ξύλων
3744 5815 3832 5867 τοῦ

2308 5911 2472 5981 πυρὶς
2506 5907 2848 5975 ἀντελάσετο,
2879 5911 2970 5963 καὶ
2993 5910 3164 5980 φλόγα
3195 5911 3398 5981 πολλὴν
3429 5911 3616 5980 ἀνῆκε.
3645 5908 3714 5960 Τὸ
3739 5905 3831 5974 μὶν
