3986 6338
168 520 284 593 Eii

1438 517 1836 616 ANNdLlUM
1877 517 2000 576 LIB
2065 516 2161 577 Vi.

3258 516 3365 579 5.49.

163 641 276 702 οὖν,
305 642 514 714 πρῶτον
571 642 747 697 πνέων
805 642 1001 715 βορῤἄς
1038 641 1239 697 ἄνωθεν
1276 642 1354 704 είς
1401 643 1526 704 τοὺς
1566 640 1701 693 Ῥω·
1726 622 1757 683 λ

1855 628 1975 680 ποι.
2032 624 2238 679 Deinde
2289 621 2584 675 vehemens
2631 629 2810 676 auster
2867 631 3054 676 contra
3109 632 3365 690 exortus,

167 740 361 806 μαίους
393 735 488 805 τὴν
518 735 690 805 φλόγα
723 734 1013 804 ἐπήλαυνε,
1046 733 1138 786 καὶ
1175 731 1370 802 μικροῦ
1404 732 1512 786 τῶν
1546 747 1717 802 μηχα-

163 827 425 898 νημάτων
449 829 627 898 ἦψατο
660 829 745 882 ἄν.
768 828 996 881 Ἔπειτα
1034 827 1188 888 νότος
1221 823 1583 886 ἁντιπνεύσας
1621 842 1712 875 πο⁹

164 897 283 985 λὺς.
331 923 410 990 τῷ
452 922 624 994 τείχει
681 919 881 988 ταύτην
917 919 1240 988 προσέϐαλε,
1282 935 1374 971 και
1422 897 1567 968 ἅπαν
1615 916 1715 986 ἤδη

167 1016 524 1082 κατέφλεκτο.
564 1015 685 1068 Ἐπὶ
717 1014 925 1075 τούτοις
956 1015 1003 1065 o’t
1032 1013 1128 1081 μὲν
1164 1010 1420 1080 Ῥωμαῖοι
1454 1007 1593 1062 κατὰ
1621 1007 1720 1074 τὴν

168 1105 430 1160 ἐπιοῦσαν
460 1107 575 1169 τοῖς
603 1103 879 1172 πολεμίοις
908 1102 1201 1170 ἐπιχειρεῖν
1228 1099 1446 1168 ἔμελλον
1468 1114 1498 1167 °_
1529 1092 1743 1148 Ἐλεάέ

170 1198 276 1268 ξαρ
316 1199 373 1251 δὲ
405 1202 517 1258 τοῖς
562 1199 619 1248 ἓν
652 1195 729 1264 τῷ
758 1194 1000 1267 φρουρίῳ
1029 1191 1346 1258 διαλεχθεὶς,
1379 1187 1558 1240 ἔπεισε
1590 1188 1724 1241 πάν-

169 1309 291 1357 τας,
331 1291 430 1354 τὰς
464 1308 522 1343 τε
559 1293 822 1357 γυναῖκας
857 1288 1064 1340 ἑαυτῶν
1099 1288 1190 1339 καὶ
1223 1286 1288 1339 τὰ
1323 1284 1486 1336 τέκνα
1520 1287 1725 1352 ἀνῃρη-

171 1383 357 1444 κότας,
390 1375 638 1443 ἐκείνοις,
668 1377 996 1432 ἐπαπελθείν
1021 1377 1269 1430 ἕκαστον.
1309 1377 1421 1429 Καὶ
1447 1373 1510 1444 δὴ
1535 1377 1724 1427 τούτου

171 1476 445 1540 δόξαντος,
475 1472 608 1541 ὁμοῦ
645 1488 704 1524 τε
736 1471 838 1534 τὰς
875 1471 1134 1537 γυναῖκας
1163 1468 1490 1536 ἠσπάζοντο,
1531 1466 1621 1518 καὶ
1658 1463 1726 1516 τα

172 1567 339 1619 τέκνα
363 1563 883 1634 προσηγκαλίζοντο,
924 1562 1036 1623 τοῖς
1071 1559 1366 1628 φιλήμασιν
1393 1556 1726 1627 ἐμφυόμενοι

174 1658 267 1710 καὶ
313 1655 661 1723 δακρύοντες,
710 1654 803 1707 καὶ⁸
836 1651 1215 1722 διιχειρίζοντο
1247 1649 1314 1702 τὰ
1348 1648 1577 1714 φίλτατα
1609 1646 1728 1706 ταῖς

175 1749 390 1819 χερσὶν,
417 1748 491 1811 ὼς
527 1747 601 1817 μή
636 1765 688 1800 τι
720 1745 871 1814 σφίσι
913 1745 1276 1814 προσήκοντα.
1311 1738 1443 1794 Εἶτα
1477 1738 1573 1808 τὴν
1601 1739 1732 1811 κτῆ-

176 1852 262 1897 σιν
292 1843 511 1896 ἃπασαν
548 1839 1024 1910 συναθροίσαντες,
1056 1837 1166 1906 πῦρ
1209 1834 1490 1888 ἐνέϐαλλον
1529 1834 1605 1893 εἰς
1639 1831 1735 1883 αύ-

172 1938 298 2004 τήν.
326 1935 531 2003 κλήρῳ
551 1933 596 1986 δ’
621 1933 863 2000 ἑλόμενοι
884 1931 1017 1984 δέκα
1042 1930 1169 1990 τοὺς
1193 1927 1485 1996 ἐσομένους
1511 1926 1735 1992 σφαγεῖς
1765 1957 1808 2011 Β

176 2027 458 2083 ἁπάντων.
490 2024 581 2076 ὑπ’
613 2021 793 2077 αὐτῶν
814 2022 1042 2081 ἕκαστος
1081 2021 1171 2072 ἐπί
1196 2021 1306 2080 τοῖς
1337 2018 1611 2084 φιλτάτοις
1642 2016 1730 2066 ἐκ·

177 2121 421 2173 τίννυτο.
457 2115 569 2171 Εἶτ’
602 2114 758 2178 αὖθις
801 2118 829 2170 ό
864 2116 1048 2186 κλήρῳ
1079 2114 1259 2182 λαχὼν
1283 2113 1409 2176 τοὺς
1439 2110 1590 2164 ἐννέα
1621 2110 1737 2163 διαρ-

179 2212 553 2280 γρησάμενος,
583 2211 677 2263 καὶ
723 2209 908 2279 κύκλῳ
961 2206 1356 2277 περιαθρήσας,
1391 2205 1461 2272 μή
1508 2202 1608 2255 πού
1647 2221 1731 2264 τις

181 2300 319 2363 (tab;
356 2300 785 2370 περιλέλειπται,
818 2296 1060 2365 ὡςέγνω
1101 2296 1308 2356 πάντας
1335 2293 1734 2362 ἀνῃρημένους.

183 2397 295 2462 πῦρ
349 2398 446 2462 μὲν
496 2395 630 2454 tot?
663 2391 949 2460 βασιλείοις
994 2391 1222 2457 ἐνίησιν,
1255 2389 1373 2441 ὅλον
1405 2387 1460 2438 δὲ
1504 2384 1561 2436 τὸ
1589 2382 1741 2448 ξίφος

185 2485 393 2547 ἐλάσας
439 2484 506 2535 δι’
543 2481 740 2535 ἐαυτοῦ
792 2481 1021 2549 πλησίον
1069 2479 1174 2532 τῶν
1207 2478 1422 2531 οἰκείων
1449 2476 1737 2528 κατέπεσε.

186 2580 297 2632 Καὶ
317 2577 367 2629 οι
403 2575 500 2643 μὲν
525 2574 905 2638 ἐτεθνήκεσαν,
933 2571 1291 2637 ὑπειληφότες
1322 2571 1391 2638 μή
1421 2585 1538 2620 τινα
1566 2565 1741 2625 ζῶντα

188 2667 645 2736 καταλειφθῆναι.
681 2666 877 2719 Ἔλαθε
933 2664 989 2718 δέ
1021 2663 1153 2733 γυνκὴ
1187 2661 1502 2731 πρεσϐῦτις,
1533 2658 1624 2711 καί
1655 2675 1740 2718 τις

189 2765 406 2828 ἑταίρα,
447 2764 538 2816 καὶ
574 2760 730 2813 πέντε
760 2758 941 2811 παιδία
985 2761 1096 2818 τοῖς
1141 2756 1429 2822 ὑπονόμοις
1470 2766 1744 2818 κατακρυ-

193 2856 423 2923 φθέντα.
457 2847 567 2905 Ἦν
597 2852 651 2907 δέ
683 2852 748 2904 τὺ
772 2852 880 2903 τῶν
913 2849 1228 2917 σφαγέντων
1274 2846 1499 2912 πλῆθος,
1533 2843 1626 2895 σὺν
1657 2860 1746 2907 γυ-

120 3023 122 3025 _
194 2949 342 3012 ναιξι
375 2948 472 3000 καὶ
508 2946 683 3006 παισὶ,
737 2943 999 2999 διακόσιοι
1053 2941 1186 3010 πρὸς
1239 2940 1520 3006 ἐξήκοντα.
1576 2935 1635 2986 Οί
1691 2933 1745 2983 δὲ

207 3042 475 3106 Ῥωμαῖοι
506 3036 808 3107 προσὸολὴν
841 3036 1009 3090 ἕωθεν
1047 3033 1343 3088 ἐποιοῦντο.
1382 3029 1661 3097 βλέποντες
1703 3025 1744 3076 δ’

195 3135 389 3187 οὐδένα
424 3132 532 3183 τῶν
561 3129 856 3197 πολεμίων,
893 3127 1090 3194 πολλὴν
1120 3125 1163 3176 δ’
1189 3124 1333 3176 ἔνδον
1363 3122 1619 3188 ἠρεμίαν.
1658 3117 1749 3169 καὶ

199 3226 317 3295 πῦρ
345 3223 741 3290 ἀναπτόμενον,
779 3219 1091 3286 διηπόρουν.
1138 3215 1246 3284 Καὶ
1279 3213 1428 3270 τέλος
1452 3207 1745 3280 ἠλάλαξαν,

199 3319 252 3370 εί
296 3333 422 3368 τινα
482 3313 588 3366 τῶν
643 3313 790 3375 ἐντ’δς
843 3308 1320 3377 προσκαλέσαιντο.
1360 3303 1470 3368 Τῆς
1519 3301 1574 3352 δέ
1627 3299 1751 3366 βοῆς
1780 3301 1821 3357 C.

201 3411 462 3470 αἴσθησις
500 3407 614 3468 τοῖς
644 3403 884 3472 γυναίοις
916 3399 1151 3467 ἐγένετο.
1197 3399 1301 3449 κὰκ
1327 3394 1433 3446 τῶν
1467 3392 1753 3460 ὑπονόμων

200 3498 488 3556 ἀναδῦσαι.
527 3499 596 3552 τὰ
648 3495 958 3566 πραχθέντα
1000 3495 1111 3561 τοῖς
1156 3489 1449 3557 Ῥωμαίοις
1493 3489 1753 3554 ἐμήνυον.

201 3598 263 3648 Οί
301 3595 351 3646 δ’
381 3591 657 3660 ἠπίστουν.
715 3585 802 3646 Ὦς
829 3585 887 3638 δὲ
911 3583 1019 3635 τῶν
1049 3579 1334 3649 βασιλείων
1369 3577 1642 3644 παρῆλθον
1671 3575 1755 3626 ἔν-

201 3690 315 3748 δον,
351 3683 448 3737 καὶ
484 3683 596 3742 τοῖς
627 3675 990 3749 ἀνῃρημένοις
1019 3673 1284 3742 ἐνέτυχον,
1316 3667 1622 3731 ἐθαύμαζον
1662 3665 1759 3734 τὴν

203 3776 566 3845 γενναιότητα
610 3770 718 3824 τῶν
773 3764 1004 3837 ἀνδρῶν,
1054 3765 1149 3816 καὶ
1201 3760 1294 3816 τοῦ
1363 3761 1595 3813 θανάτου
1662 3758 1761 3827 τὴν

209 3866 643 3936 καταφρόνησιν.
707 3858 940 3924 Τοιαύτη
999 3857 1094 3922 μὲν
1145 3854 1236 3908 οὖν
1275 3854 1306 3914 ἡ
1358 3853 1451 3920 τῆς
1503 3850 1766 3912 Μασάδας

209 3963 432 4028 ἐγένετο
462 3957 681 4016 ἅλωσις.
711 3952 819 4008 Καὶ
846 3948 986 4003 κατὰ
1018 3949 1116 4017 τὴν
1146 3948 1202 4000 ἐν
1225 3945 1480 4012 Αἰγύπτῳ
1519 3941 1767 4006 Ἀλεξάν-

209 4053 398 4121 δρειαν
425 4047 648 4106 πολλοὺς
675 4043 958 4096 ἀποθανεῖν
997 4037 1278 4092 Ἰουδαίους
1309 4032 1672 4102 συμϐέϐηκεν.
1701 4031 1764 4083 Ol

214 4146 325 4211 γὰρ
373 4143 438 4194 ἐκ
477 4137 578 4201 τῆς
621 4137 862 4195 στάσεως
907 4131 1017 4184 τῶν
1062 4128 1325 4198 σικαρίων
1362 4123 1768 4192 καταφυγόντες

216 4238 357 4298 ἐκεῖ,
393 4231 619 4291 πολλοὺς
645 4227 750 4279 τῶν
782 4223 1197 4291 ὑποδεξαμένων
1229 4219 1463 4274 ἔπειθον.
1494 4219 1592 4286 τῆς
1618 4216 1770 4268 ἔλευ-

218 4328 409 4396 θερίαε
443 4320 856 4376 ἀντιποιεῖσθαι.
892 4319 954 4369 Ei
1000 4317 1056 4369 δέ
1105 4331 1250 4375 τινες
1295 4313 1480 4370 αὐτοῖς
1535 4309 1642 4360 τῶν
1671 4309 1771 4360 οὐκ

221 4418 449 4488 ἀφανῶν
516 4413 783 4466 Ἰουδαίων
832 4407 1165 4468 ἀντέϐαινον,
1213 4402 1340 4462 τοὺς
1380 4400 1477 4468 μὲν
1513 4397 1769 4457 ἔκτεινον,

222 4512 352 4572 τοὺς
401 4505 447 4558 δ’
486 4504 676 4561 ἄλλους
709 4499 842 4565 πρδς
880 4495 1216 4551 ἀποστασίαν
1251 4487 1669 4561 προεκαλοῦντο.
1711 4490 1774 4542 Ui

221 4601 279 4654 δὲ
325 4598 425 4664 τῆς
472 4592 760 4663 γερουσίας
799 4587 1169 4659 πρωτεύοντες
1210 4585 1287 4637 είς
1325 4582 1620 4650 ἐκκλησίαν
1648 4579 1776 4640 τοὺς

225 4644 279 4654 ,-
484 4644 564 4663 Fr
621 4644 624 4645 ,
743 4644 757 4653 ,
844 4644 853 4659 ι
1150 4644 1160 4648 _
1484 4644 1492 4650 _

225 4688 522 4749 Ἰουδαίους
554 4685 926 4754 ἀθροίσαντες,
970 4680 1199 4751 ἤλεγχον
1231 4677 1330 4743 τὴν
1371 4673 1482 4727 τῶν
1515 4651 1854 4738 σικαρίωνιῙ)
1880 4644 2033 4715 (ιυετί

229 4785 516 4838 ἀπόνοιαν,
548 4778 642 4829 καὶ
694 4771 1031 4841 φυλάξασθαι
1080 4772 1138 4821 τὸ
1188 4768 1388 4834 πλῆθος
1437 4763 1781 4831 παρεκάλουν

228 4876 327 4929 τὸν
378 4871 440 4927 ἐξ
487 4867 667 4921 αὐτῶν
723 4865 958 4930 ὀλεθρον.
1017 4858 1348 4926 παραδοῦναι
1392 4856 1447 4908 δὲ
1495 4853 1783 4921 Ῥωμαίοις

233 4960 484 5022 ἑαυτούς.
511 4956 769 5024 Ἐπείσθη
789 4953 965 5006 τοίνυν
996 4951 1056 5003 τὸ
1079 4949 1285 5016 πλῆθος
1305 4948 1414 5009 τοῖς
1447 4945 1784 5012 λεγομένοις,

235 5055 335 5109 καὶ
366 5052 504 5123 πρὸς
537 5049 661 5111 τοὺς
693 5045 968 5117 σικαρίους
1001 5043 1265 5108 ἀίξαντες,
1309 5037 1652 5106 συνήρπαζον
1685 5036 1786 5087 αὑ-

235 5147 383 5207 τοὺς,
439 5145 532 5196 καὶ
584 5142 826 5195 ἑάλωσαν
870 5137 969 5205 μὲν
1023 5136 1147 5200 περὶ
1180 5133 1512 5197 ἑξακοσίους.
1547 5131 1700 5181 Ὅσοι
1729 5128 1785 5180 δὲ

238 5239 358 5292 τότε
390 5235 664 5300 διέφυγον,
697 5231 794 5284 οὐκ
831 5230 909 5291 είς
943 5225 1154 5294 μακρὰν
1202 5222 1588 5288 συλληφθέντες
1622 5221 1786 5272 ἐπαν-

243 5332 512 5402 ήχθησαν.
557 5327 652 5378 καὶ
681 5327 858 5393 πάσης
897 5322 1077 5380 αὐτοῖς
1121 5313 1498 5383 ἐπενεχθείσης
1528 5313 1782 5379 βασάνου,

243 5427 393 5484 ὅπως
419 5418 674 5488 Καίσαρα
701 5417 963 5485 δεσπότην
991 5410 1414 5483 ὁμολογήσωσιν,
1453 5404 1628 5466 οὐδεὶς
1673 5402 1790 5453 ἐνέ-

245 5519 440 5576 δωκεν,
482 5511 613 5565 ἀλλὰ
666 5509 863 5567 πάντες
917 5507 1015 5574 τὴν
1061 5504 1284 5571 γνώμην
1334 5495 1636 5566 ὑπερτέραν
1690 5493 1790 5561 τῆς

249 5601 494 5667 ἀνάγκης
518 5600 807 5667 ἐτήρησαν,
837 5594 1086 5649 Μάλιστα
1109 5593 1152 5645 δ’
1179 5595 1210 5660 ἡ
1244 5589 1350 5642 τῶν
1377 5587 1577 5641 παίδων
1609 5585 1793 5654 ἡλικία

246 5690 376 5751 τοὺς
408 5687 710 5755 θεωμένους
743 5684 1071 5751 ἐξὲπλησσεν
1093 5697 1108 5713 ο
1149 5681 1267 5732 οὐδὲ
1296 5680 1404 5747 γὰρ
1450 5677 1668 5730 ἐκείνων
1713 5691 1794 5735 τις

249 5774 554 5844 ἐξεκινήθη,
609 5775 861 5843 Καίσαρα
897 5771 1539 5838 δεσπότηνέξονομόισαι.
1581 5766 1794 5833 Ἥψατο

252 5870 307 5925 δέ
349 5867 446 5924 καὶ
479 5867 587 5922 τῶν
624 5868 751 5939 περὶ
778 5867 1035 5936 Κυρήνην
1062 5863 1270 5916 πόλεων
1318 5865 1351 5933 ἡ
1390 5862 1497 5913 τῶν
1534 5857 1796 5927 σικαρίων

256 5961 498 6018 ἀπόνοια.
533 5956 845 6015 Διεκπεσὼν
873 5956 980 6024 γὰρ
1011 5956 1088 6020 είς
1114 5954 1282 6020 αὐτὴν
1323 5950 1594 6017 Ἰωνάθης,
1630 5965 1796 6004 πονη-

1816 717 2060 773 eamdem
2079 714 2144 768 ad
2173 728 2385 768 murum
2410 712 2614 782 rejecit.
2641 712 2758 778 Quo
2783 712 2998 781 penitus
3021 720 3364 782 consumpto,

1815 824 1936 862 cum
1996 805 2220 860 Romani
2279 805 2435 874 311
2503 804 2760 873 postridie
2828 803 3011 856 hostes
3057 804 3364 870 aggressuri

1815 908 2031 962 essent,
2091 897 2380 951 Eleazarus
2441 897 2705 951 militibus
2763 895 2875 949 suis
2939 901 3253 963 persuasit,
3310 899 3370 949 ut

1818 991 2046 1059 quisque
2102 989 2362 1043 uxoribus
2411 997 2465 1042 et
2514 989 2701 1041 liberis
2739 985 2853 1040 suis
2894 985 3232 1046 interfectis,
3265 983 3369 1052 ipsi

1819 1095 2032 1148 quoque
2082 1079 2185 1131 sibi
2222 1095 2408 1132 manus
2451 1077 2687 1131 aii'erret.
2723 1077 2799 1130 Eo
2845 1075 3072 1128 consilio
3118 1071 3367 1141 probato,

1822 1172 1982 1224 simul
2018 1186 2212 1224 uxores
2248 1171 2549 1227 salutarunt
2571 1210 2584 1230 ,
2627 1177 2681 1221 et
2712 1168 2911 1220 liberos
2945 1164 3173 1234 amplexi
3207 1171 3368 1226 sunt,

1823 1264 2024 1318 osculis
2052 1278 2240 1316 eorum
2264 1280 2384 1317 eum
2417 1262 2542 1315 ﬂetu
2574 1260 2935 1318 inhaerentes,
2968 1256 3127 1309 simul
3161 1253 3370 1306 charis-

1823 1356 1988 1410 simns
2024 1370 2152 1409 suos
2181 1355 2295 1409 suis
2341 1353 2590 1407 manibus
2638 1361 2888 1417 tanquam
2936 1345 3092 1399 alieni
3123 1354 3369 1412 pereme-

1827 1455 1973 1500 runt.
2029 1445 2225 1498 Deindc
2272 1460 2400 1512 opes
2444 1443 2724 1496 universas
2760 1447 3043 1507 congestas
3098 1435 3150 1488 in
3194 1432 3370 1501 ignem

1827 1540 2194 1607 crmjecerunt.
2229 1545 2284 1590 et
2314 1538 2499 1588 decem
2526 1534 2656 1585 viris
2687 1541 2832 1585 sorte
2857 1528 3080 1582 delectis
3114 1542 3144 1579 a
3177 1524 3376 1591 quibus

1828 1646 2015 1683 omnes
2040 1637 2427 1689 niactarcntur,
2463 1626 2687 1694 quisque
2714 1638 2876 1690 super
2907 1618 3238 1674 charissimis
3267 1615 3380 1668 suis

1829 1721 2106 1777 occubuit.
2166 1718 2365 1771 Deinde
2430 1731 2568 1769 unus
2621 1716 2705 1769 cui
2774 1714 2823 1766 id
2881 1721 3028 1766 sorte
3079 1714 3377 1764 evenerat,
3473 1767 3475 1770 ι

1833 1829 2024 1870 novem
2058 1811 2219 1866 sociis
2251 1807 2550 1862 interfectis
2572 1846 2585 1866 .
2633 1805 2988 1870 lustratisque
3030 1798 3237 1867 angulis
3269 1811 3384 1847 orn-

1834 1906 1997 1961 nibus
2023 1946 2036 1964 ,
2068 1919 2135 1956 ne
2167 1896 2289 1971 quis
2327 1900 2462 1954 forte
2495 1898 2650 1951 vivus
2681 1895 2902 1950 relictus
2926 1899 3100 1950 esset,
3132 1897 3191 1942 ut
3219 1887 3382 1940 intel-

1836 2000 1966 2052 lexit
2023 2010 2210 2050 omnes
2269 1993 2478 2047 occisos
2534 2005 2694 2054 esse,
2748 1985 2950 2055 regiam
3005 1980 3292 2036 incendit:
3331 1987 3386 2029 et

1837 2091 2026 2146 adacto
2055 2103 2149 2157 per
2184 2095 2352 2139 totum
2384 2097 2581 2151 corpus
2611 2093 2740 2134 ense
2761 2120 2774 2142 ,
2811 2091 2977 2146 prope
3004 2090 3131 2129 suos
3167 2068 3386 2126 occidit.

1838 2178 2094 2246 Quamvis
2124 2183 2303 2229 autem
2338 2176 2590 2242 putaret,
2635 2168 2907 2223 neminem
2950 2165 3217 2217 viventem
3266 2156 3394 2212 reli-

1841 2283 1986 2328 ctum
2012 2285 2129 2324 esse
2165 2285 2179 2321 :
2220 2277 2394 2320 tamen
2435 2279 2570 2318 anus
2600 2259 2841 2331 quaedam
2869 2299 2882 2320 ,
2919 2263 2974 2309 et
3009 2249 3349 2307 meretricula
3373 2287 3388 2310 ,

1842 2372 1897 2416 et
1925 2363 2160 2430 quinque
2190 2355 2342 2426 pueri
2385 2355 2435 2407 in
2464 2349 2708 2405 cavernis
2743 2345 2910 2401 abditi
2935 2387 2948 2409 ,
2980 2358 3074 2397 eos
3100 2342 3389 2394 latuerant.

1843 2453 2253 2508 interfectorum
2285 2430 2421 2500 cum.
2440 2441 2760 2519 mulieribus
2785 2447 2840 2492 et
2867 2437 3049 2506 pueris
3072 2433 3221 2486 fuere
3244 2444 3390 2484 ccu.

1846 2543 2070 2598 Romani
2101 2555 2221 2594 cum
2250 2550 2404 2591 mane
2427 2538 2685 2602 impetum
2718 2531 2770 2583 i'n
2802 2527 3079 2582 castellum
3117 2522 3390 2580 facerent,

1847 2651 1946 2690 nec
1993 2635 2160 2687 ullum
2211 2631 2421 2683 hostem
2475 2630 2793 2682 cernerent,
2835 2619 2982 2670 intus
3023 2622 3200 2666 antem
3247 2618 3395 2660 tran-

1849 2728 2014 2798 quilla
2048 2734 2226 2779 essent
2250 2718 2449 2779 omnia,
2479 2727 2530 2769 et
2569 2711 2706 2783 ignis
2731 2709 2945 2762 arderet
2983 2722 2998 2761 :
3029 2699 3192 2758 animi
3220 2697 3393 2759 dubii,

1833 2803 2062 2874 χιίιιόριη
2108 2815 2394 2868 clamorem
2446 2805 2822 2865 sustulerunt,
2866 2807 2923 2852 ut
2960 2797 3192 2864 aliquem
3235 2791 3400 2844 elice-

1852 2920 1992 2964 rent.
2031 2907 2149 2973 Quo
2179 2905 2414 2958 clamore
2453 2895 2784 2952 muliercqu
2826 2907 2856 2945 e
2889 2885 3133 2945 cavernis
3173 2880 3395 2973 escitae,

1853 2997 2111 3054 Romanis
2156 2993 2284 3065 quid
2335 3004 2515 3045 aetum
2570 2975 2713 3040 esset
2771 2982 3157 3047 exposuerunt.
3205 2956 3397 3036 Neque

1853 3107 1980 3144 vero
2013 3089 2086 3142 illi
2122 3084 2503 3141 crediderunt,
2533 3077 2706 3129 donec
2741 3070 2938 3140 regiam
2969 3061 3236 3134 ingressi,
3267 3057 3399 3112 visis

1855 3181 2186 3237 interfectis.
2215 3185 2528 3245 generosam
2554 3168 2791 3221 virorum
2831 3159 3101 3225 indolem,
3128 3163 3182 3208 et
3216 3149 3402 3204 mortis

1856 3243 2238 3343 contemptum
2285 3275 2410 3324 sunt
2448 3261 2714 3316 admirati.
2750 3257 2826 3310 Ac
2874 3254 2940 3307 ad
2990 3253 3135 3305 hunc
3181 3243 3398 3300 modum

1855 3331 2155 3435 expugnata
2189 3371 2271 3416 est
2294 3354 2524 3412 Masada.
2550 3348 2761 3406 Accidit
2787 3334 2968 3399 autem
2996 3331 3404 3394 utAleXandria:

1856 3423 2068 3528 quoque
2115 3455 2168 3507 in
2204 3451 2432 3519 Egypto
2459 3444 2612 3498 multi
2655 3438 2825 3495 Iudaei
2869 3433 3227 3489 crederentur.
3269 3423 3402 3478 Nam

1857 3552 2017 3606 factio
2077 3517 2395 3603 sicariorum
2458 3555 2524 3594 eo
2595 3533 2850 3605 profuga,
2895 3525 3078 3580 multis
3133 3517 3404 3586 hospitum

1857 3654 2077 3695 suorum
2112 3641 2470 3706 persuaserat,
2499 3638 2557 3680 ut
2585 3641 2641 3680 se
2672 3623 2722 3676 in
2743 3621 3056 3690 libertatem
3083 3612 3405 3666 assererem.

1861 3734 1914 3789 Si
1947 3730 2042 3801 qui
2071 3702 2199 3783 vero
2229 3742 2293 3780 ex
2321 3721 2520 3777 Judmis
2549 3716 2693 3772 haud
2726 3708 3052 3783 ignobilibus
3075 3702 3412 3770 refragaretu-

1865 3838 1970 3888 tur,
2003 3824 2109 3877 illis
2153 3818 2385 3878 occisis,
2422 3822 2645 3868 caeteros
2698 3807 2764 3861 ad
2817 3800 3171 3858 defectionem
3224 3794 3410 3844 horta-

1863 3919 2080 3972 bantur.
2115 3911 2393 3976 Principes
2438 3918 2570 3957 vcro
2615 3906 2873 3957 senatus,
2914 3888 3114 3945 Judreis
3159 3883 3223 3938 ad
3277 3895 3410 3935 con-

1866 4011 2074 4063 cionem
2114 4000 2320 4058 vocatis
2343 4040 2357 4062 ,
2391 3994 2711 4049 sicariorum
2747 3981 3178 4054 desperationem
3219 3985 3413 4041 argue-

1868 4101 1995 4152 bant
2025 4114 2039 4151 :
2072 4107 2127 4148 et
2159 4059 2413 4162 populum
2448 4083 2825 4138 hortabantur,
2857 4085 2916 4128 ut
2949 4072 3172 4127 exitium
3211 4064 3277 4117 ab
3310 4059 3412 4112 illis

1871 4188 2164 4246 imminens
2213 4185 2509 4237 caverent,
2565 4185 2731 4241 seque
2803 4163 3059 4220 Romanis
3128 4155 3407 4222 dederent.

1869 4279 2056 4337 Paruit
2088 4272 2398 4335 multitudo,
2429 4277 2483 4322 et
2518 4267 2570 4320 in
2603 4261 2827 4318 sicarios
2857 4256 3059 4323 impetu
3092 4249 3231 4302 facto
3255 4243 3322 4298 ad
3351 4257 3416 4296 nc

1871 4387 2065 4428 eorum
2089 4359 2517 4435 comprehendit.
2539 4357 2641 4423 Qui
2668 4368 2794 4413 vero
2811 4360 2928 4414 tum
2947 4343 3270 4412 effugerant.
3305 4348 3414 4388 non

1872 4465 2040 4518 multo
2071 4467 2191 4529 post
2214 4423 2359 4522 capti
2389 4491 2403 4511 .
2434 4448 2750 4514 reductique
2784 4447 2908 4496 sunt
2940 4454 2954 4493 :
2985 4443 3042 4491 et
3079 4445 3202 4487 cum
3239 4423 3419 4480 omnis

1877 4553 2089 4625 generis
2135 4543 2419 4602 tormentis
2463 4537 2928 4594 excruciarentur.
2971 4544 2999 4583 a
3042 4525 3191 4605 nullo
3237 4528 3423 4574 extor-

2069 4639 2278 4710 potuit,
2325 4646 2384 4690 ut
2426 4634 2689 4690 Caesarem
2739 4626 2896 4697 312
2934 4621 3213 4676 dominum
3256 4624 3424 4681 agno-

1881 4743 2128 4794 scerent,
2159 4731 2250 4785 sed
2289 4741 2478 4783 omnes
2516 4723 2724 4775 animos
2760 4714 3078 4773 necessitate
3113 4704 3423 4774 superiores

1855 4821 2328 4886 icouservarttntJ
2364 4820 2423 4872 in
2476 4813 2670 4884 primis
2723 4821 2898 4863 tamen
2954 4811 3246 4872 puerorum
3295 4804 3423 4847 tetas

1886 4930 2218 4992 spectatur-cs
2249 4907 2626 4979 obstupefecit.
2678 4905 2809 4958 Nam
2853 4916 2918 4955 ne
2958 4898 3025 4952 ab
3065 4896 3279 4949 illorum
3308 4887 3429 4960 qui-

1885 4982 2006 5068 dem
2065 5010 2172 5062 ullo
2222 5000 2450 5072 exprimi
2501 4998 2718 5068 potuit,
2767 5004 2826 5048 ut
2852 4992 3115 5048 ϐαβαὶ-ειη
3149 4982 3428 5039 dominum

1886 5101 2236 5172 appellarent.
2287 5071 2618 5148 Sicariortirn
2670 5080 3065 5155 desperationis
3123 5071 3430 5140 contagium

1887 5163 2047 5248 etiam
2101 5188 2366 5257 Cyrenen:
2414 5183 2631 5238 invasit.
2668 5179 2802 5235 Nam
2847 5190 2968 5229 eum
3011 5169 3309 5226 Jonathas,
3353 5163 3436 5216 vir

1891 5278 2320 5352 improbissimus
2344 5317 2359 5340 ,
2407 5285 2522 5327 arte
2553 5281 2704 5327 texor
2729 5311 2743 5334 ,
2783 5282 2849 5321 eo
2895 5263 3188 5321 evasisset,
3232 5257 3437 5324 aliquot

1891 5347 2156 5445 pauperes
2224 5366 2326 5421 sibi
2399 5364 2716 5428 conciliatos
2782 5359 2836 5410 in
2887 5355 3161 5408 desertum
3208 5347 3433 5408 eduxit,

1892 5443 2132 5537 prodigia
2179 5471 2232 5514 et
2285 5457 2434 5525 signa
2490 5454 2764 5529 editurum
2812 5447 3102 5518 pollicitus.
3156 5443 3282 5496 Eam
3322 5454 3435 5492 rem

1892 5532 2280 5632 Cyrenensium
2315 5550 2628 5622 Judreorurn
2659 5556 2914 5616 proceres
2940 5581 2955 5606 ,
2985 5536 3190 5607 Catyllo
3225 5532 3434 5604 prtesidi

1895 5623 2214 5706 nuntiarunt
2252 5659 2268 5696 :
2312 5643 2406 5711 qui
2439 5631 2944 5708 militibusmissis,
2976 5628 3220 5683 Jonatha:
3251 5623 3434 5688 conju-

1896 5756 2042 5800 ratos
2091 5734 2517 5806 comprehendit.
2562 5731 2679 5801 ipse
2725 5726 2986 5785 Jonathas
3059 5732 3169 5776 tum
3221 5715 3434 5786 quidem

1895 5838 2120 5907 effugit.
2157 5804 2250 5886 sed
2297 5825 2543 5897 diligenti
2597 5820 2938 5890 indagatione
2987 5824 3215 5884 captus,
3259 5819 3315 5864 et
3373 5804 3433 5857 ad

1900 5901 2181 6005 prtesidem
2228 5921 2520 5997 perductus
2543 5958 2557 5982 ,
2593 5915 2647 5974 id
2681 5913 2955 5978 confecit,
2999 5917 3056 5964 ut
3095 5908 3204 5978 ipse
3239 5901 3414 5973 snppli
