3996 6328
513 363 516 366 ’
569 393 673 457 διο

1840 397 2128 456 JOANNIE

2229 396 2519 455 ἰΟΧΑἰὶᾸΞ
3655 389 3688 447 Et
3740 385 3762 443 ί

566 508 710 563 cium
754 504 1049 577 cﬂ‘ugcret,
1084 515 1138 560 ct
1165 507 1373 578 Catyllo
1420 509 1732 577 iniquorum
1775 510 2114 563 emolumen-

2229 507 2436 566 οότατος
2482 505 2785 573 ἄνθρωποῤ,
2819 507 2913 572 τὴν
2945 504 3136 573 τΞχνην
3175 504 3432 572 ὖεράντης.
3478 505 3622 555 uti;
3657 504 3769 551 τεῖν

567 605 745 650 torum
785 612 940 652 ansas
981 598 1247 666 praeberet
1293 617 1307 653 :
1359 600 1655 654 ditissimos
1690 600 1854 669 enim
1900 600 2119 670 Judzeos

566 673 758 738 eorum
825 687 1122 740 facinorum
1187 689 1295 742 sibi
1349 699 1598 744 auctores
1659 690 1930 748 exstitisse
1982 690 2118 743 falso

567 774 867 832 asserebat.
918 778 1063 846 Quas
1118 780 1420 833 calumnias
1469 797 1664 850 pra-ses
1704 782 1957 835 alacriter
2003 796 2118 834 am—

569 874 760 936 pz‘exus
781 913 793 929 ,
828 881 1022 937 praeter
1051 888 1168 925 eam
1201 874 1573 927 credulitatem
1617 874 1842 927 sicarios
1875 876 2118 928 eamdem

570 963 894 1032 calumniam
925 963 1187 1017 edocebat
1225 984 1238 1021 :
1271 967 1360 1033 qui
1393 966 1459 1019 ab
1497 967 1586 1019 illo
1627 967 1905 1019 subornati
1933 1005 1948 1028 ,
1984 967 2122 1020 mul-

573 1062 655 1104 tos
702 1065 1050 1107 accusarunt.
1102 1057 1175 1109 Ac
1244 1057 1552 1110 Jndmorum
1611 1046 1946 1112 calamitates
2006 1070 2119 1113 tum

573 1143 717 1193 hunc
765 1144 922 1196 tlnem
974 1145 1314 1210 habuerunt,
1362 1146 1743 1218 Hierosolymis
1787 1166 1815 1203 a
1868 1150 2123 1203 Romanis

569 1241 875 1289 extremum
907 1238 1127 1291 eversis.
1174 1239 1328 1301 Post,
1369 1239 1470 1292 sub
1502 1240 1644 1294 IElio
1690 1239 1929 1293 Adriano
1955 1241 2124 1308 impe-

568 1333 746 1378 ratore
777 1340 966 1381 rursus
995 1344 1089 1395 per
1115 1329 1437 1384 seditionem
1469 1347 1615 1384 arma
1644 1341 1830 1385 contra
1853 1331 2124 1383 Romanos

571 1425 873 1483 ceperunt:
925 1420 1017 1472 sed
1052 1428 1164 1474 tum
1204 1438 1419 1491 quoque
1447 1423 1573 1476 victi
1601 1464 1614 1486 ,
1648 1424 1926 1491 attritique
1958 1433 2084 1476 sunt
2108 1461 2122 1484 ν

571 1503 757 1582 multis
791 1505 1032 1562 millibus
1063 1509 1688 1581 interfectis,lperpaucis
1704 1513 2121 1580 superstitibus:

571 1591 624 1645 id
666 1594 807 1662 quod
832 1597 947 1650 suo
979 1599 1100 1654 loco
1139 1601 1425 1656 referetur.
1462 1603 1579 1658 1am
1606 1619 1727 1656 cum
1753 1604 2123 1658 Romanorum

571 1683 900 1740 mentionem
951 1688 1144 1744 fecerit
1187 1692 1415 1746 historia
1443 1734 1456 1757 ,
1488 1695 1676 1761 eisque
1720 1695 2013 1762 patentiam
2047 1696 2126 1748 in-

574 1772 770 1827 victam
818 1777 1070 1834 tribuerit
1097 1799 1111 1835 :
1138 1783 1362 1835 omnino
1403 1784 1774 1838 necessarium
1819 1793 1902 1836 est
1939 1784 2122 1838 dicere

2221 597 2438 663 ἁπόρων
2489 596 2742 646 ἀνέπεισε
2796 595 3081 663 προσέχειν
3125 593 3293 662 αὐτῷ,
3329 595 3419 644 καὶ
3459 596 3772 661 προήγαγεν

2220 688 2292 746 εἰς
2318 688 2412 755 τὴν
2438 686 2660 755 ἔρημον,
2685 689 2884 754 σημεῖα
2904 685 3095 749 δείξειν
3127 684 3217 736 καὶ
3254 684 3458 752 τέρατα
3485 682 3771 748 ὑπισχνού-

2223 795 2399 846 μενος.
2441 779 2500 830 Οί
2529 779 2583 828 δὲ
2615 778 2719 828 τῶν
2753 778 2844 828 ἐπὶ
2887 778 3140 845 Κυρήνης
3168 776 3435 828 Ἰουδαίων
3472 773 3775 840 πρωτεύον-

2219 884 2328 930 τες,
2354 868 2614 934 Κατύλλῳ
2635 867 2708 936 τῷ
2741 868 2832 936 τῆς
2855 869 3107 936 Κυρήνης
3131 867 3352 934 ἡγεμόνι
3381 865 3544 916 ταῦτα
3577 865 3777 930 ἁ-ίγέλη

2221 958 2420 1011 λουσιν.
2467 957 2525 1010 Ὀ
2557 960 2610 1010 δὲ
2651 957 2981 1027 στρατιώτας
3013 957 3357 1019 ἀποστείλας,
3392 957 3608 1022 συνέσχε
3644 956 3772 1017 τοὶς

2226 1046 2363 1116 μετὰ
2407 1047 2673 1100 Ἰωνάθου.
2702 1047 2872 1108 Αὐτὸς
2897 1047 2950 1098 δὲ
2979 1047 3006 1098 ό
3046 1045 3295 1108 Ἰωνάθης
3323 1045 3440 1095 τότε
3469 1044 3564 1112 μὲν
3587 1045 3775 1109 διέφυ-

2223 1155 2349 1205 γεν·
2385 1139 2657 1207 ἐπιμελῶς
2695 1139 2750 1190 δὲ
2779 1137 3031 1208 ξητηθεὶς
3062 1136 3195 1204 ἥλω,
3232 1135 3327 1188 καὶ
3356 1133 3606 1202 ἀναχθεὶς
3638 1134 3774 1200 πρὸς

2221 1234 2312 1284 τὸν
2356 1233 2614 1302 ἡγεμόνα,
2663 1233 2840 1300 ἐαυτῷ
2892 1231 2990 1299 μὲν
3017 1230 3329 1297 ἐμηχανᾶτο
3366 1228 3467 1295 τῆς
3509 1227 3775 1295 τιμωρίας

2223 1324 2472 1388 ἐξάλυξεν
2497 1341 2510 1353 ³
2558 1324 2633 1392 τῷ
2670 1323 2931 1391 Κατύλλῳ
2965 1322 3020 1374 δὲ
3055 1321 3308 1390 ἀφορμάς
3344 1319 3540 1372 ἀδίκων
3575 1317 3776 1384 κερδῶν

2224 1416 2666 1484 περιεποιήσατο.
2701 1415 2836 1475 Τοὺς
2875 1413 2981 1479 γὰρ
3023 1411 3458 1472 πλουσιωτάτους
3504 1408 3609 1459 τῶν
3647 1410 3776 1459 Ίου-

2223 1506 2387 1557 δαῖων
2436 1505 2609 1570 ἔλεγε,
2656 1504 3126 1572 καταψευδόμενος
3180 1503 3381 1564 αὐτῶν,
3429 1500 3776 1559 διδασκάλους

2200 1596 2371 1665 ἀὑτῷ
2413 1597 2516 1647 τῶν
2550 1597 2838 1665 δρωμένων
2866 1594 3144 1660 γενέσθαι.
3184 1594 3294 1646 Καὶ
3323 1595 3349 1644 ὁ
3381 1590 3603 1660 ⁴ἡγεμὼν
3642 1607 3772 1659 προ-

2228 1687 2413 1754 θύμως
2440 1688 2654 1757 ἐδέχετο
2683 1686 3059 1759 τὰς-διαϐολάς
3081 1701 3094 1714 ⁸
3132 1686 3266 1754 πρὸς
3298 1683 3353 1734 δὲ
3391 1683 3467 1751 τῷ
3502 1681 3777 1734 πιστεύειν

2229 1778 2445 1845 ῥᾳδίως,
2478 1779 2570 1829 καὶ
2599 1779 2698 1846 τὴν
2734 1777 2897 1842 ψευδῆ
2947 1776 3280 1844 κατηγορίαν
3325 1773 3448 1835 τοὺς
3504 1774 3776 1840 σικαρίους

573 1876 637 1916 ac
674 1863 905 1933 docere,
945 1881 1038 1923 aut
1088 1872 1383 1927 admonere
1427 1875 1697 1939 lectores,
1738 1876 1827 1944 qui
1873 1876 1981 1929 sint
2017 1875 2127 1928 Ro—

2229 1868 2488 1930 ἐδίδασκσ,
2520 1868 2612 1919 καὶ
2646 1845 2854 1919 πολλῶν
2879 1868 3156 1929 κατεῖπον,
3186 1865 3277 1917 ὑπ’
3308 1865 3517 1917 ἐκείνου
3553 1863 3782 1915 ὑποϐαλ-

573 1955 755 2021 mani,
798 1975 917 2027 qua:
976 1963 1150 2030 gentis
1205 1964 1385 2034 origo,
1428 1965 1571 2020 unde
1631 1982 1832 2020 nomen
1892 1965 2124 2028 habeat,

573 2047 770 2114 quibus
798 2065 984 2104 rerum
1015 2053 1352 2120 publicarum
1382 2055 1568 2109 formis
1600 2073 1692 2110 usa
1712 2096 1726 2119 ,
1765 2057 1962 2125 quibus
1986 2057 2128 2111 casi-

577 2133 679 2187 bus
725 2137 924 2204 jactata
973 2141 1077 2205 sit,
1130 2142 1331 2210 quibus
1385 2143 1692 2198 rationibus
1739 2145 1805 2198 ad
1865 2160 2128 2197 summam

571 2223 888 2297 felicitatem
935 2233 1278 2296 ascenderit,
1327 2242 1383 2287 ut
1419 2236 1514 2288 toti
1562 2235 1673 2289 fere
1706 2245 1972 2290 terrarum
2011 2237 2128 2292 orbi

577 2313 889 2382 imperarit.
933 2333 1194 2389 suamque
1249 2331 1572 2390 potestatem
1634 2325 1701 2378 ad
1748 2340 1936 2380 omnes
1995 2341 2131 2394 pt-ne

573 2410 922 2476 propagarit:
965 2421 1020 2466 et
1073 2422 1131 2465 ut
1170 2414 1436 2484 principio
1489 2417 1706 2485 regibus
1751 2418 2033 2486 paruerit,
2070 2433 2132 2472 ac

576 2503 699 2560 post
720 2495 786 2547 ad
815 2499 1138 2564 Optimatum
1189 2513 1541 2570 potestatem,
1570 2505 1684 2558 sive
1718 2507 2039 2563 dictaturam
2074 2516 2129 2562 et

576 2586 916 2640 consulatum
953 2590 1210 2644 reciderit
1245 2610 1260 2648 :
1297 2594 1491 2647 deinde
1524 2610 1712 2649 rursus
1758 2595 1823 2648 ad
1851 2595 2131 2649 democra-

579 2676 708 2728 tiam
754 2677 1043 2744 devoluta,
1097 2698 1221 2736 mox
1260 2684 1325 2738 ad
1370 2687 1734 2740 monarcbiam
1781 2687 1853 2740 sit
1897 2702 2129 2741 reversa.

585 2765 657 2820 De
694 2769 776 2823 bis
823 2771 987 2840 igitur
1011 2775 1172 2828 etiam
1207 2776 1499 2831 dicendum
1526 2788 1640 2843 est,
1671 2779 1978 2846 prolixitate
2009 2795 2136 2831 nar-

579 2859 839 2924 rationis,
899 2876 1161 2931 quantum
1215 2868 1331 2920 fieri
1392 2877 1603 2934 potest,
1651 2870 1705 2921 in
1754 2869 2134 2936 compendium

582 2958 897 3016 contracta,
947 2954 1220 3025 vitataque
1273 2959 1564 3011 verborum
1629 2959 1973 3012 multitudine
2021 2973 2036 3013 :
2078 2967 2137 3010 ut

581 3031 809 3089 historia
864 3046 920 3092 et
981 3039 1139 3098 facile
1210 3045 1471 3115 intelligi,
1514 3060 1570 3100 et
1630 3047 1893 3101 memoria
1962 3045 2135 3100 teneri

579 3136 764 3194 queat.

2227 1955 2464 2024 λόμενοι.
2511 1956 2770 2009 Ἐνταῦθα
2815 1956 2913 2025 μὲν
2949 1952 3042 2008 οὖν
3091 1957 3211 2007 τότε
3259 1957 3326 2007 τά
3370 1954 3477 2006 τῶν
3519 1951 3777 2004 Ἰουδαίων

2229 2049 2552 2119 ἐτελεύτησε
2590 2049 2758 2118 πάθη,
2808 2050 2913 2102 ὑπὸ
2954 2049 3242 2116 Ῥωμαίων
3288 2049 3384 2115 τῆς
3430 2044 3778 2115 Ἰερουσαλὴμ

2228 2142 2325 2212 τὴν
2359 2141 2676 2196 τελευταίαν
2721 2143 3053 2210 ὑποστάσης,
3090 2141 3309 2192 ἅλωσιν.
3343 2138 3450 2191 Kal.
3513 2137 3672 2199 αὖθις
3724 2139 3778 2190 δὲ

2227 2218 2405 2284 Αἰλίου
2442 2232 2548 2284 τῶν
2595 2231 2880 2300 Ῥωμαίων
2923 2230 3252 2301 κρατοῦντος
3297 2229 3574 2299 Ἀδριανοῦ
3621 2232 3775 2280 ἐστα-

2235 2323 2428 2375 σίασαν
2470 2322 2735 2386 Ἰουδαῖοι,
2776 2322 2870 2375 καὶ
2907 2324 3044 2375 κατὰ
3089 2321 3375 2387 Ῥωμαίων
3411 2318 3775 2386 ώπλίσθησαν.

2242 2414 2401 2465 Ἀλλὰ
2424 2415 2517 2465 καὶ
2541 2415 2659 2465 τότε
2687 2413 2994 2483 ήττήθησάν
3023 2429 3104 2475 τε,
3136 2413 3230 2464 καὶ
3253 2410 3628 2478 ἐξετρίσησαν,
3661 2410 3778 2462 πολ-

2229 2506 2338 2558 λῶν
2382 2506 2692 2574 φθαρεισῶν
2746 2505 3051 2573 μυριάδων,
3086 2504 3160 2566 ώς
3207 2504 3324 2556 λίαν
3369 2501 3775 2573 περιλειφθῆναι

2236 2596 2476 2666 βραχεῖς,
2508 2596 2637 2664 περί
2665 2590 2737 2648 ὧν
2773 2598 2830 2648 ἐν
2869 2597 2977 2657 τοῖς
3021 2595 3169 2657 ἰδίοις
3204 2597 3390 2655 τόποις
3429 2593 3778 2660 ίστορηθήσε-

2230 2705 2344 2740 ται.
2380 2686 2662 2755 Ῥωμαίων
2685 2686 2738 2738 δὲ
2768 2685 3097 2754 μνησθείσης
3123 2684 3220 2753 τῆς
3251 2685 3513 2750 ἱστορίας,
3545 2684 3639 2734 καὶ
3667 2683 3780 2733 τοὺο

2231 2797 2344 2842 τοις
2383 2778 2577 2846 κράτος
2607 2778 2946 2845 άναθεμένης
2977 2779 3264 2844 ἀήττητον,
3307 2775 3606 2840 ἀναγκαῖον
3649 2774 3777 2824 πάν-

2237 2886 2341 2930 τως
2373 2870 2550 2919 εἰπεῖν
2583 2869 2675 2917 καὶ
2697 2866 2953 2934 διδάξαιῆ
2988 2865 3294 2933 ἀναμνῆσαι
3322 2865 3446 2926 τοὺς
3469 2862 3780 2930 ἐντευξομέ-

2233 2972 2356 3022 νους
2376 2961 2549 3026 τούτῳ
2571 2958 2636 3027 δὴ
2658 2956 2731 3026 τῷ
2756 2957 3164 3025 συγγράμματι,
3183 2954 3323 3015 τίνες
3345 2970 3402 3004 τε
3428 2953 3475 3004 οἰ
3507 2954 3776 3020 Ῥωμαῖοι,

2233 3055 2326 3104 καὶ
2345 3051 2467 3104 ὅθεν
2494 3050 2695 3101 τούτων
2731 3050 2877 3110 ἔθνος
2906 3048 3193 3114 συνέστητο
3228 3045 3286 3108 ἐξ
3313 3047 3451 3113 ἀρχῆ
3466 3062 3505 3108 ς,
3541 3045 3637 3095 καὶ
3688 3042 3777 3092 πό-

2235 3144 2328 3196 θεν
2362 3144 2462 3211 τὴν
2491 3142 2679 3209 κλῆσιν
2710 3140 2857 3208 ἔσχε,
2896 3138 2990 3190 καὶ
3019 3136 3128 3188 τίσι
3159 3137 3455 3196 πολιτείαις
3494 3135 3777 3204 ἐχρήσατο,

581 3219 673 3269 καὶ
702 3221 842 3283 οἶαι-ς
868 3223 1059 3293 τύχαις
1093 3227 1372 3299 ἐνέκυρσε,
1404 3232 1498 3286 καὶ
1528 3234 1675 3296 ὅπως
1705 3214 2010 3305 προύκοψεν
2052 3241 2130 3298 είς
2170 3237 2515 3306 εὐδαιμονίας
2577 3235 2875 3303 ἀκρότητα,
2906 3231 2981 3294 ώς
3041 3226 3240 3298 μικροῦ
3270 3227 3554 3296 κυριεῦσαι
3585 3229 3682 3295 τῆς
3707 3229 3776 3279 0!-

580 3309 853 3380 κουμένης
881 3314 1115 3386 ἁπάσης.
1150 3321 1326 3374 καὶτὸ
1354 3325 1550 3393 κράτος
1590 3327 1729 3380 κατὰ
1788 3330 2004 3382 πάντων
2071 3327 2271 3399 σχεδὸν.
2311 3329 2703 3396 ἀναδήσασθαι,
2775 3328 2864 3377 καὶ
2909 3323 3053 3384 ὅπως
3102 3319 3412 3388 βασιλευθὲν
3463 3321 3522 3383 ἐξ
3592 3321 3772 3390 ἀρχῆς,

577 3402 659 3464 είς
709 3403 1132 3477 ἀριστοκρατίαν
1171 3412 1289 3481 ήτοι
1356 3413 1702 3486 δικτατορίας
1763 3421 1857 3474 καί
1899 3421 2163 3481 ὑπατείας
2207 3420 2494 3488 μετέπεσε,
2565 3418 2660 3470 καὶ
2729 3419 2808 3477 εἰς
2857 3413 3226 3480 δημοκρατίαν
3267 3410 3422 3470 αὖθις
3464 3413 3772 3480 μετήνικτοο

580 3489 698 3545 εἶτα
738 3498 816 3558 εἰς
860 3503 1156 3570 μοναρχίαν
1193 3505 1577 3574 ἐπανελήλυθε.

1667 3510 1886 3576 Ῥητέον
1963 3530 2052 3579 μοι
2123 3511 2304 3563 τοίνυν
2361 3513 2455 3564 καὶ
2513 3511 2643 3578 περὶ
2720 3506 2946 3566 τούτων,
2998 3505 3090 3555 καὶ
3141 3501 3445 3568 διηγητέον.
3509 3504 3584 3563 ὠς
3644 3506 3773 3560 ἐνὸν.

581 3584 920 3658 ἐπιτέμνοντι
969 3596 1031 3645 τὸ
1090 3595 1289 3658 πλάτος
1343 3598 1436 3665 τῆς
1494 3600 1814 3667 διηγήσεως,
1854 3607 1946 3656 καὶ
1999 3607 2099 3672 τὴν
2139 3603 2516 3680 μακρηγομίαν
2576 3599 2938 3658 συστέλλοντι,
2971 3595 3035 3646 ἶν’
3102 3590 3210 3645 εἷεν
3255 3595 3562 3648 εὐσύνοπτα
3594 3598 3659 3650 τά
3683 3599 3771 3664 τῆς

582 3680 842 3751 ἱστορίας,
884 3684 976 3736 καὶ
1013 3683 1109 3748 τὴν
1140 3686 1248 3738 τῶν
1283 3687 1542 3740 ἐπιόντων
1577 3690 1750 3743 ταῦτα
1799 3694 2020 3766 μνήμην
2055 3695 2131 3764 μὴ
2167 3695 2534 3764 διαφεύγοιεν.

1539 4045 1698 4115 sta
1772 3964 2124 4116 LIBER
2193 4023 2820 4116 SEPTIMUS.

655 4211 694 4262 1.
735 4210 933 4268 [Encas
975 4220 1097 4280 post
1140 4211 1432 4284 Troianum
1464 4216 1664 4271 bellum
1697 4217 1763 4272 ad
1790 4218 2128 4289 Aborigenes

2296 4216 2373 4272 Μ.
2429 4217 2642 4281 Αἰνείας
2698 4218 2836 4305 μετὰ
2887 4217 2977 4269 τὸν
3035 4216 3279 4284 Τρωῖκὶν
3355 4213 3592 4282 πόλεμον
3646 4218 3768 4287 πρὸς

586 4303 754 4363 venit,
787 4305 879 4370 qui
913 4318 1032 4359 eam
1063 4305 1365 4374 regionem,
1410 4308 1465 4361 in
1509 4324 1616 4377 qua
1657 4310 1826 4364 Roma
1876 4311 1977 4364 sita
2021 4319 2126 4376 est,

585 4393 713 4446 olim
748 4397 1058 4458 tenuerunt,
1101 4396 1292 4451 Latino
1329 4398 1503 4451 Fauni
1553 4400 1663 4453 ﬁlio
1714 4411 1975 4470 regnante
2014 4410 2130 4461 :et

588 4485 845 4538 Laurenti
868 4486 1023 4557 juxta
1057 4485 1284 4540 ﬂuvium
1324 4486 1632 4541 Numicium
1663 4492 1890 4557 appulit,
1921 4485 2022 4545 ubi
2064 4508 2132 4546 ex

549 4580 552 4584 ’
585 4577 807 4647 oraculo
833 4577 1065 4646 quodam
1122 4577 1409 4632 considere
1457 4578 1648 4632 voluit.
1671 4580 1834 4645 Quod
1865 4582 1983 4650 ejus
2013 4583 2130 4647 loci

586 4651 678 4716 rex
714 4662 938 4718 Latinus
985 4666 1385 4734 prohibiturus,
1415 4669 1704 4723 commisso
1738 4670 1922 4738 pratlio
1946 4671 2134 4745 .vinci-

587 4758 696 4806 tur.
736 4753 935 4807 Deinde
968 4770 1065 4824 per
1087 4759 1319 4821 somnia,
1350 4775 1472 4828 qua:
1502 4771 1728 4829 uterque
1748 4761 2020 4823 viderant,
2051 4778 2135 4816 re-

588 4841 862 4896 conciliati
885 4852 1011 4896 sunt
1039 4862 1051 4896 :
1076 4860 1140 4899 ac
1156 4846 1381 4901 Latinus
1408 4865 1669 4905 concesso
1690 4853 1967 4907 habitandi
1987 4855 2129 4918 loco,

592 4931 754 4984 filiam
799 4933 1074 4988 Laviniam
1114 4936 1300 4992 [Eueze
1343 4939 1398 4992 in
1432 4944 1837 4995 matrimonium
1882 4946 2131 5010 collocat,

590 5026 657 5078 de
693 5028 851 5094 cujus
874 5031 1095 5086 nomine
1122 5032 1313 5087 urbem
1344 5051 1374 5088 a
1403 5050 1460 5089 se
1491 5037 1761 5090 conditam
1797 5036 1997 5091 [Encas
2035 5038 2136 5090 La-

591 5118 796 5168 vinium
841 5121 1084 5176 nominat
1133 5140 1148 5176 :
1201 5125 1350 5193 regio
1390 5125 1622 5192 Latium,
1679 5129 1913 5197 populus
1954 5128 2132 5184 Latini

593 5206 865 5271 appellati.
892 5210 1075 5263 Rutuli
1100 5229 1232 5280 gens
1260 5200 1502 5280 finitima,
1534 5221 1667 5272 urbe
1691 5222 1863 5274 Ardea
1892 5222 2131 5285 oriundi,

590 5311 717 5368 ante
747 5297 936 5354 infensi
963 5300 1316 5368 Latinis,tnm
1340 5323 1555 5375 quoque
1587 5312 1784 5364 bellum
1814 5313 2134 5371 intulerunt.

592 5387 883 5449 adiuvante
925 5388 1109 5447 Turno
1155 5397 1273 5448 viro
1301 5397 1518 5462 illustri,
1553 5413 1781 5468 cognato
1813 5404 2010 5468 Latini,
2046 5407 2134 5460 cui

590 5476 662 5526 ob
686 5475 916 5530 Laviniae
935 5481 1149 5547 nuptias
1176 5485 1344 5538 iratus
1369 5496 1511 5547 erat,
1537 5489 1638 5541 sibi
1665 5492 2127 5561 priustlcsponsaa.

2241 4310 2614 4379 ’Δδορρίγινας
2647 4310 2860 4376 ἀφῖκτο,
2886 4309 2936 4360 οῖ
2986 4308 3177 4378 πρώην
3245 4308 3341 4376 τὴν
3374 4308 3560 4378 χώραν
3585 4308 3768 4378 ᾤκουν,

2230 4399 2350 4453 καθ’
2377 4400 2444 4469 ἢν
2486 4400 2519 4469 ή
2555 4397 2740 4468 Ῥώμη
2787 4398 3132 4460 πεπόλισται,
3187 4399 3413 4450 Λατίνου
3452 4399 3547 4450 τοῦ
3579 4399 3766 4451 Φαύνου

2229 4492 2351 4544 τότε
2373 4490 2471 4560 τὴν
2503 4489 2705 4543 τούτων
2734 4489 2906 4558 ἀρχὴν
2931 4489 3168 4557 ἔχοντος·
3202 4489 3295 4540 καὶ
3333 4489 3603 4558 προσέσχε
3636 4491 3766 4541 Λαυ-

2234 4583 2407 4654 ρέντῳ
2445 4584 2586 4636 κατὰ
2619 4581 2710 4634 τὸν
2759 4580 3056 4650 Νουμίκιον
3098 4579 3358 4648 ποταμὸν,
3392 4580 3522 4634 ἔνθα
3554 4581 3691 4634 κατά
3725 4597 3768 4631 τι

2231 4672 2295 4743 δὴ
2320 4672 2640 4742 θεοπρόπιον
2665 4670 2879 4738 λέγεται
2903 4669 3425 4738 παρασκευάζεσθαι
3450 4671 3766 4741 ποιήσασθαι

2231 4765 2330 4833 τὴν
2367 4764 2701 4833 κατοίκησιν.
2743 4763 2800 4816 Ὀ
2839 4764 2897 4816 δὲ
2951 4762 3050 4831 τῆς
3101 4760 3283 4832 χώρας
3322 4763 3505 4832 ἄρχων
3556 4765 3767 4821 Λατῖνος
3811 4831 3814 4834 γ

2233 4856 2461 4922 ἀπεῖργε
2506 4853 2582 4923 τῷ
2607 4853 2789 4924 Αἰνείᾳ
2811 4844 2908 4921 τὴν
2947 4855 3004 4905 ἐν
3033 4856 3098 4923 τῇ
3135 4854 3286 4924 χώρα
3325 4853 3657 4922 καθίδρυσιν,
3688 4853 3764 4906 καὶ

2236 4944 2525 5013 συμϐαλὼν
2574 4946 2824 5014 ἡττᾶται.
2850 4988 2852 4991 .
2881 4939 3010 4998 Εἶτα
3065 4946 3134 4998 δι’
3153 4945 3458 5010 ’ὀνειράτων
3509 4947 3764 5012 φανέντων

2233 5036 2433 5103 ἀμφοῖν
2465 5037 2936 5102 καταλλάττονται,
2968 5037 3183 5104 καὶτῆς
3212 5036 3586 5106 κατοικήσεως
3634 5034 3762 5104 αὑτῷ

2234 5131 2552 5197 παραχωρεῖ
2577 5145 2592 5161 ο
2618 5130 2712 5181 καί⁹
2741 5130 2839 5196 τὴν
2871 5128 3146 5195 θυγατέρα
3182 5127 3471 5179 Λαουϊνίαν
3493 5129 3576 5189 είς
3605 5127 3761 5193 γάμον

2234 5220 2529 5292 ἐκδίδωσιν,
2590 5219 2760 5272 Ἔνθα
2814 5221 2968 5274 πόλιν
3032 5221 3060 5271 ό
3127 5220 3340 5281 Αἰνείας
3398 5219 3757 5288 οἰκοδομήσας,

2233 5310 2504 5378 ὠνόμασε.
2545 5311 2824 5363 Λαουΐνιον
2849 5326 2862 5339 ·
2894 5310 2988 5379 ήτε
3041 5308 3191 5380 χώρα
3245 5312 3443 5362 Λάτιον
3480 5310 3757 5379 ἐπεκλήθη,

2233 5403 2324 5453 καὶ
2352 5403 2400 5453 οἱ
2438 5402 2710 5467 ἄνθρωποι
2738 5399 2787 5449 oi
2823 5400 2937 5450 ἐκεῖ
2972 5402 3193 5452 Λατῖνοι
3229 5399 3755 5468 προσηγορεύθησαν.

2229 5474 2542 5548 ..Ρουτοῦλοι
2573 5492 2628 5542 δὲ
2666 5490 2989 5560 όμοροῦντες
3032 5493 3098 5559 τῇ
3139 5488 3294 5558 χώρα
3325 5491 3388 5540 ὲκ
3424 5491 3627 5552 πόλεως
3661 5491 3760 5557 Ἀρ.

596 5567 774 5636 Pugna
808 5571 939 5624 inita
973 5580 1028 5625 et
1051 5573 1272 5630 Latinus
1301 5587 1355 5632 et.
1385 5579 1598 5632 Turnus
1638 5581 1858 5638 cadunt.
1878 5559 2046 5640 Ainea
2076 5599 2128 5642 et

2233 5585 2356 5646 δίας
2403 5581 2711 5652 ὁρμώμενοι
2735 5559 2779 5647 ,γ
2808 5584 2922 5658 καὶ.
2952 5581 3189 5650 πρόσθεν
3242 5579 3520 5650 δυσμενῶς
3571 5583 3760 5651 ἔχοντες

590 5660 871 5745 victoriam
905 5673 956 5716 et
984 5667 1157 5720 soceri
1186 5684 1408 5737 regnum
1433 5670 1650 5739 adepto.
1683 5671 1979 5740 Aliquanto
2009 5660 2141 5745 post.

593 5744 799 5811 ltutuli.
851 5756 1034 5812 ascitis
1064 5757 1468 5823 Tyrrhenorum
1517 5763 1752 5830 auxiliis,
1791 5744 2128 5821 Encamﬁvi-

2238 5676 2372 5742 πρὸς
2423 5673 2703 5736 Λατίνους.
2737 5673 2830 5725 καὶ
2874 5674 2993 5725 τότε
3038 5671 3271 5740 πόλεμον
3313 5673 3540 5742 ἤραντο,
3570 5667 3756 5737 ἐπαρή-

2238 5783 2422 5833 γοντος
2484 5767 2662 5830 αὐτοῖς
2690 5768 2782 5820 καὶ
2811 5765 3072 5836 Τούρνου,
3100 5763 3286 5834 ἀνδρὸς
3332 5759 3648 5834 ἐπιφανοῦς,
3676 5772 3756 5820 καὶ
