3986 6338
75 403 166 467 557

1299 387 1699 460 ANNALIUM
1741 387 1886 447 Lib.
1931 371 2062 446 vn’.

3152 392 3258 454 553

130 513 201 568 Β.
233 514 446 569 Τούτων
472 514 528 569 δὲ
553 516 678 587 περὶ
699 515 790 570 τδν
829 514 1106 587 Ῥωμύλον
1155 508 1603 583 συμϐεϐηκότων.

1780 497 1842 550 ν.
1869 495 2006 551 Cum
2043 495 2156 550 hinc
2179 495 2411 550 Romulo
2433 495 2775 562 accidissent,
2806 513 2986 567 regem
3007 497 3261 553 volebant

73 604 434 677 βασιλεύεσθαι
461 605 562 677 μὲν
588 606 762 660 ἐδόκει
793 607 960 661 πᾶσιν
979 621 993 635 ·
1027 605 1142 676 ἔρις
1169 603 1226 656 δέ
1251 620 1333 665 τις
1367 600 1461 652 καὶ
1487 596 1611 648 στά-

74 717 146 764 σις
165 697 355 769 ἐφύετο
383 701 500 765 τοῖς
550 700 608 754 ὲν
644 699 830 774 Ῥώμῃ
903 701 1000 769 οὐχ
1033 698 1171 765 ὑπὲρ
1221 693 1408 764 ἀνδρὸς
1451 687 1610 758 μόνον

72 791 501 862 ἡγεμονεύοντος,
536 790 674 846 ἀλλὰ
717 793 813 846 καὶ
846 792 971 846 πότε
984 808 1073 862 ρον
1104 789 1211 842 τών
1259 784 1434 855 γενῶν
1463 797 1609 853 παρ.

73 885 168 948 ἐξει
215 882 325 936 τὸν
378 883 632 955 ἄρξοντα.
692 884 816 945 Τοῖς
858 897 919 935 τε
968 881 1077 951 γὰρ
1125 876 1262 948 μετὰ
1333 871 1610 942 Ῥωμύλον

73 976 290 1041 πρώτοις
323 977 659 1029 συνοικίσασι
691 973 790 1046 τὴν
817 973 973 1028 πόλιν
1001 974 1103 1026 οὑκ
1154 968 1379 1024 ἀνεκτὸν
1411 965 1607 1026 ἐδόκει,

44 1135 48 1138 .
74 1064 183 1135 παρ’
206 1064 389 1118 αὐτῶν
416 1063 859 1136 προσληφθέντας
891 1062 1016 1124 τοὺς
1046 1061 1304 1122 Σαϐίνους
1351 1057 1430 1119 είς
1461 1056 1612 1107 πολι-

72 1159 226 1223 τείαν,
264 1157 456 1226 ἄρχειν
489 1157 600 1209 τῶν
636 1156 944 1225 δεξαμένων
973 1152 1277 1223 βιάζεσθαι.
1311 1151 1372 1203 Oi
1396 1147 1611 1200 Σαϐῖνοι

73 1248 118 1299 δὲ
138 1235 420 1317 ἑτέρωθεν
449 1251 532 1302 ὅτι
573 1249 667 1302 τοῦ
716 1248 914 1302 Τατίου
942 1247 1193 1309 θανόντος
1234 1246 1395 1316 μόνον
1420 1241 1609 1294 εἴασαν

73 1340 150 1390 τὸν
189 1338 464 1408 Ῥωμύλον
491 1339 781 1410 ἇρχειν,ἐξ
831 1339 1042 1394 ἑαυτῶν
1089 1338 1274 1409 ἠξίουν
1327 1333 1611 1405 αἱρεθῆναι

74 1431 151 1481 τὸν
175 1431 427 1500 ἄρξοντα.
453 1415 678 1501 Ἥριξον
703 1432 802 1501 μὲν
821 1426 912 1485 οὖν
938 1431 1083 1484 οὕτω
1101 1431 1164 1483 τὰ
1190 1429 1330 1500 μέρη
1349 1427 1608 1495 ἑκάτερα.

77 1521 352 1590 Μετεώρου
375 1521 422 1576 δ’
455 1524 549 1575 ἐπὶ
575 1521 787 1582 τούτοις
805 1521 958 1584 ϐντος
987 1519 1084 1574 τοῦ
1108 1517 1524 1586 πολιτεύματος,
1561 1513 1611 1566 οἱ

77 1611 333 1682 πατρίκιοι
354 1615 698 1683 πεντήκοντα
722 1613 816 1666 καὶ
838 1611 1032 1665 ἑκατὸν
1053 1611 1206 1672 ὄντες
1241 1606 1436 1671 ἔταξαν
1484 1604 1612 1657 ἑκα-

79 1721 180 1757 στον
205 1705 263 1756 ὲν
297 1707 457 1774 μέρει
503 1708 616 1769 τοῖς
663 1705 960 1774 βασιλικοῖς
993 1703 1343 1773 παρασήμοις
1373 1695 1609 1766 κοσμού-

80 1808 233 1860 μενον,
262 1793 414 1846 θύειν
444 1809 503 1845 τε
539 1795 649 1854 τοῖς
678 1792 842 1856 θεοῖς,
882 1792 979 1843 καὶ
1005 1787 1383 1859 χρηματίζειν,
1421 1782 1481 1846 ἓξ
1510 1781 1612 1852 μὲν

76 1846 154 1946 τῆς
181 1846 371 1940 νύκτὸς
391 1879 560 1950 ὧρας,
593 1846 651 1946 ἓξ
680 1881 735 1932 δὲ
765 1846 864 1948 τῆς
883 1846 1130 1948 ἡμέραςΐ
1163 1876 1231 1929 ἸΙ
1247 1846 1612 1945 καρῖδιανομὴ
1644 1846 1684 1900 Β

75 1972 166 2023 τῶν
199 1974 408 2042 καιρῶν
439 1975 580 2026 κατα
636 1973 697 2024 τὸ
740 1972 854 2025 ῐσον
881 1973 1135 2034 ἑκάστου,
1182 1971 1274 2022 καὶ
1324 1968 1460 2038 πρὸς
1490 1965 1616 2027 τοὺς

78 2065 318 2133 ἄρχοντας
349 2067 529 2129 καλῶς
568 2066 712 2135 ἔχειν
741 2067 943 2130 ἐδόκει,
991 2066 1085 2118 καὶ
1142 2063 1276 2132 πρὸς
1301 2061 1428 2122 τοὺς
1457 2059 1618 2127 ἀρχο-

81 2157 253 2222 μένους
287 2155 488 2215 αὑτούς
510 2173 524 2186 ο
556 2155 756 2225 ἀφῄρει
807 2157 913 2223 γὰρ
943 2155 1037 2206 τὸν
1076 2151 1267 2221 φθόνον
1324 2151 1358 2219 ἡ
1386 2149 1615 2218 ταχίστη

79 2244 159 2312 τῆς
183 2245 430 2309 ἔξουσίας
457 2246 739 2308 ἀπόθεσις,
765 2243 1012 2313 ὁρώντων
1045 2241 1154 2294 τῶν
1175 2239 1493 2308 ἀρχομένων
1518 2237 1617 2307 τῆς

79 2336 224 2406 αὐτῆς
263 2339 479 2409 ἡμέρας
532 2354 592 2388 τε
643 2339 738 2389 καὶ
773 2336 964 2398 νυκτὸς
987 2335 1078 2386 sto
1105 2333 1265 2385 αὑτὸν
1310 2330 1523 2398 ἰδιώτην
1554 2331 1618 2381 ἐκ

82 2427 325 2496 βασιλέως
372 2429 681 2496 γινόμενον.
742 2423 873 2478 Οἶδα
924 2427 1021 2495 μὲν
1056 2421 1149 2476 οὖν
1183 2422 1278 2476 καὶ
1304 2420 1470 2490 ἕτερά
1497 2436 1620 2472 τινα

84 2519 190 2587 περὶ
216 2520 312 2587 τῆς
339 2510 598 2586 τοιαύτης
650 2518 920 2587 εἰρημένα
967 2514 1163 2584 ἀρίεῆς,
1192 2513 1305 2564 ἀλλ’
1332 2511 1493 2572 αὑτὸς
1540 2508 1620 2576 τῷ

83 2610 418 2679 πιθανωτέρῳ
449 2608 675 2676 ἐθέμην.
703 2610 777 2660 Τὸ
806 2609 862 2660 δὲ
914 2606 1103 2674 σχῆμα
1130 2606 1227 2672 τῆς
1255 2602 1430 2672 ἀρχῆς
1460 2599 1620 2654 τοῦτο

86 2699 449 2763 μεσοϐασιλεία
486 2703 597 2761 τοῖς
662 2697 955 2766 Ῥωμαίοις
1005 2695 1310 2764 ὡνόμαστο,
1361 2691 1496 2746 ἀλλὰ
1529 2692 1620 2746 καὶ

84 2788 227 2852 οὑτως
254 2792 314 2855 es
341 2789 595 2850 ὑπονοίας
626 2789 854 2856 ὲτύονῖο
892 2787 1134 2857 θόρυϐοι,
1163 2786 1619 2854 ὑποπτευομένων

86 2883 170 2935 τῶν
193 2881 495 2955 πατρικίων
521 2885 600 2944 εἰς
640 2869 959 2949 ὀλιγαρχίαν
999 2880 1095 2948 τὴν
1124 2878 1404 2931 πολιτείαν
1461 2894 1621 2947 περι-

89 2975 233 3043 ιστᾷν,
262 2975 358 3026 καὶ
394 2974 468 3042 μὴ
491 2972 773 3042 βούλεσθαι
798 2968 1204 3039 βασιλεύεσθαι,
1245 2971 1309 3021 ὲκ
1343 2970 1398 3020 δὲ
1429 2968 1620 3020 τούτου

87 3064 515 3128 κατεστασίαζον.
561 3062 1007 3134 Ὀμονοησάντων
1064 3061 1120 3113 δὲ
1149 3063 1366 3114 πάντων
1397 3059 1619 3129 αίρεθῆ-

88 3173 158 3208 ναι
196 3157 280 3209 τὸν
315 3138 704 3225 βασιλεύσοντα
729 3195 742 3214 ,
795 3153 843 3204 οἱ
890 3151 1104 3203 Σαϐῖνοι
1143 3152 1253 3212 τοῖς
1324 3148 1618 3218 Ῥωμαίοις
1647 3191 1689 3246 C

89 3247 347 3316 προτέροις
406 3247 506 3314 τὴν
568 3246 778 3313 αἵρεσιν
840 3243 1051 3296 ἔδοσαν.
1110 3242 1173 3294 Oi
1207 3242 1347 3294 δ’ἐκ
1377 3240 1618 3291 Σαϐίνων

91 3339 264 3392 εἴλοντο
323 3339 513 3406 Νομᾶν
563 3337 886 3406 Πομπίλιον,
941 3335 1112 3404 ἄνδρα
1160 3334 1437 3402 γνώριμον
1489 3331 1618 3384 ὄντα

93 3432 200 3481 πᾶσι
243 3429 318 3481 δι’
372 3430 594 3499 ἀρετήν.
624 3427 942 3480 Στέλλονται
990 3425 1120 3491 γοῦν
1155 3425 1287 3490 πρὸς
1311 3424 1514 3473 ἐκεῖνον
1556 3423 1620 3473 ἐκ

102 3507 289 3591 Ῥώμης
322 3519 586 3588 πρέσϐεις
606 3535 622 3550 ο
650 3519 710 3570 οὐ
741 3518 848 3586 γὰρ
882 3518 940 3568 ὲν
967 3518 1032 3583 τῇ
1075 3513 1262 3582 Ῥώμῃ
1293 3513 1616 3580 μετῴκιστο,

102 3610 182 3663 ἀλλ’
205 3615 258 3666 ἐν
293 3612 542 3672 Σαϐίνοις
573 3607 661 3680 ἦν,
712 3612 805 3661 καὶ
840 3607 994 3659 πόλιν
1042 3605 1172 3675 ᾤκει
1207 3605 1310 3656 τῶν
1345 3603 1618 3672 Κυριτῶν,

100 3702 264 3770 πατρὸς
286 3699 366 3759 ὣν
389 3698 712 3768 Πομπωνίου
739 3696 926 3767 ἀνδρὸς
949 3695 1258 3761 εὐδοκίμου,
1289 3693 1467 3744 πᾶσαν
1494 3693 1621 3757 ἁρε-

92 3796 168 3861 τὴν
194 3797 354 3865 φύσει
382 3813 443 3848 τε
471 3796 566 3847 καὶ⁵
600 3794 821 3862 παιδείᾳ.
861 3790 1258 3862 ἐξησκημένος.
1322 3786 1488 3839 Ὅθεν
1507 3785 1622 3849 ,καὶ

93 3884 231 3952 ὄνομα
262 3888 412 3955 μέγα
453 3886 548 3938 καὶ⁸
574 3885 730 3947 δόξαν
761 3879 927 3952 εἶχεν,
959 3882 1032 3945 ὡς
1061 3883 1159 3959 καὶ
1186 3881 1378 3932 Τάτιον
1425 3878 1516 3929 τὸν
1542 3877 1620 3942 τῷ

101 3973 342 4045 Ῥωμύλῳ
405 3972 914 4043 συμϐασιλεύσαντα
986 3969 1252 4038 κηδεστὴν
1312 3967 1474 4019 αὑτὸν
1529 3965 1621 4016 ἐπὶ

92 4063 236 4136 Τατία
255 4066 448 4118 θέσθαι
479 4067 544 4134 τῇ
576 4063 828 4132 θυγατρὶ,
865 4063 931 4132 ἢν
963 4062 1091 4130 μίαν
1121 4061 1326 4120 ἐκεῖνος
1350 4056 1618 4124 ἐγείνατο·

91 4155 116 4223 ἡ
141 4157 262 4209 δέκα
293 4159 387 4210 ἐπὶ
420 4159 597 4226 τρισὶν
619 4157 900 4217 ἐνιαυτοὺς
933 4154 1010 4223 τῷ
1037 4152 1199 4222 Νομᾷ
1232 4151 1617 4217 συνοικήσασα,

94 4246 369 4312 μετήλλαξε
400 4249 499 4313 τὴν
523 4245 690 4312 ζωήν.
734 4242 792 4296 '0
821 4243 878 4296 δὲ
906 4242 1118 4311 Νομᾶς,
1148 4239 1414 4292 ἐκλείπων
1440 4236 1535 4298 τὰς
1565 4239 1622 4288 ἐν

90 4333 216 4386 ἄστει
247 4334 551 4404 διατριϐὰς,
590 4334 903 4405 ,ἁγραυλεῖν
940 4333 1007 4386 τα
1037 4330 1228 4396 πολλὰ,
1283 4328 1376 4381 καὶ
1412 4325 1617 4396 διατρί-

91 4423 187 4482 ϐειν
209 4427 398 4494 ἢθελεν
426 4427 482 4476 ὲν
517 4425 747 4493 λειμῶσι
777 4425 869 4476 καὶ
903 4421 1144 4475 ἄλσεσιν.
1181 4418 1358 4472 Ἧκον
1390 4415 1482 4471 οὖν
1513 4417 1620 4469 ἀπὸ

1710 603 1903 642 omnes
1934 605 1950 642 :
1982 587 2077 643 sed
2111 587 2482 644 Romanorum
2515 590 2729 642 animos
2771 599 3047 643 certamen
3075 603 3130 644 et
3175 606 3260 644 se-

1711 681 1848 736 ditio
1877 681 2148 740 versabat.
2187 697 2294 735 non
2325 680 2391 736 de
2416 681 2535 734 viro
2576 690 2808 741 tantum,
2833 682 2925 750 qui
2954 679 3256 751 principatu

1713 771 2019 841 potiretur:
2053 771 2146 825 sed
2202 771 2363 825 etiam
2423 771 2490 825 de
2569 781 2728 841 gente
2795 782 2916 825 utra
2963 774 3259 842 principem

1710 861 2002 931 przeberet.
2058 862 2190 916 Nam
2237 874 2291 916 ct
2343 863 2639 926 Romanis,
2681 862 2874 931 primis
2929 864 3080 917 urbis
3136 880 3263 919 cum

1709 955 1944 1010 Romulo
1974 955 2374 1016 conditoribus,
2404 970 2510 1008 non
2542 955 2824 1010 ferendum
2856 955 3162 1017 videbatur,
3203 951 3291 1010 ut'

1711 1045 1899 1102 Sabini
1926 1047 1977 1100 in
2012 1047 2285 1102 civitatem
2313 1047 2493 1112 asciti,
2539 1063 2766 1117 regnum
2805 1047 2908 1101 sibi
2954 1047 3008 1102 in
3059 1062 3174 1111 eos,
3230 1063 3261 1101 a

1710 1127 1910 1207 quibus
1942 1139 2147 1207 recepti
2194 1148 2404 1201 chent,
2459 1153 2557 1207 per
2619 1140 2727 1192 vim
2777 1138 3167 1195 vindicarent:
3202 1148 3262 1194 et

1713 1229 1933 1284 Sabinis
1964 1245 2028 1284 ex
2049 1230 2219 1284 altera
2249 1237 2403 1298 parte
2425 1229 2904 1293 contendentibus,
2934 1231 3084 1301 quia,
3107 1229 3264 1284 Tatio

1712 1331 1928 1378 mortuo
1952 1365 1965 1386 ,
2004 1321 2297 1376 Romulum
2343 1336 2574 1390 regnare
2601 1322 2982 1391 passiessent,
3023 1322 3109 1376 sui
3144 1323 3280 1375 cor;

1712 1415 1864 1485 poris
1921 1429 2100 1484 regem
2167 1414 2323 1484 321
2368 1413 2664 1467 creandum
2714 1429 2855 1469 esse.
2915 1410 3269 1468 Factionibus

1712 1507 1856 1562 inter
1882 1522 2002 1561 sese
2039 1507 2110 1562 ita
2131 1507 2490 1570 certantibus,
2520 1523 2642 1560 cum
2666 1506 2855 1560 civitas
2874 1506 2990 1560 sine
3013 1507 3265 1575 imperio,
3300 1500 3302 1503 ’

1712 1600 1986 1653 exercitus
2019 1598 2136 1653 sine
2167 1598 2305 1652 duce
2361 1608 2530 1659 esset,
2573 1599 2786 1666 patricii
2839 1613 3066 1652 numero
3095 1614 3124 1652 c
3152 1606 3209 1652 et
3234 1615 3265 1652 ι.

1713 1688 2139 1751 constituerunt,
2175 1698 2234 1742 ut
2255 1688 2486 1756 quilibet
2505 1689 2667 1757 regiis
2691 1688 2994 1756 insignibus
3017 1697 3266 1753 ornatus,

1713 1791 1770 1837 et
1823 1781 1929 1836 diis
1989 1781 2318 1842 immolaret,
2380 1791 2434 1834 et
2475 1781 2597 1850 jura
2626 1782 2871 1844 'diccret,
2926 1781 3270 1857 senislhoris
3352 1811 3354 1813 ν

1715 1883 1907 1937 noctu,
1958 1886 2010 1929 et
2033 1874 2256 1928 totidem
2291 1874 2547 1926 interdiu.
2610 1872 2734 1927 "~th
2781 1875 2924 1928 enim
2962 1885 3264 1944 temporum

1717 1963 2049 2029 distributio,
2102 1973 2322 2033 propter
2353 1965 2774 2033 aquabilitatem
2828 1976 2883 2019 et
2930 1968 3062 2035 ipsis
3102 1968 3263 2036 magi-

1714 2054 1978 2110 stratibus
2022 2065 2079 2110 et
2111 2056 2313 2125 populo
2337 2057 2619 2110 commoda
2645 2057 2928 2110 videbatur
3004 2068 3060 2112 et
3089 2059 3268 2111 celer-
3332 2065 3336 2070 '

1718 2147 1888 2200 rimus
1913 2147 2230 2217 magistratu
2255 2149 2437 2204 abitus
2460 2148 2677 2202 invidia:
2695 2148 2978 2201 minimum
2997 2149 3267 2210 habebat,

1717 2251 1841 2292 cum
1871 2239 2074 2292 subditi
2102 2241 2351 2292 eumdem
2391 2239 2583 2292 eodem
2614 2239 2722 2299 die,
2758 2240 3059 2309 eademque
3113 2251 3270 2294 nocte

1717 2339 1770 2384 ct
1803 2345 1983 2398 regem
2005 2338 2060 2383 et
2091 2331 2358 2398 privatum
2400 2340 2675 2384 cerneret.
2706 2329 2860 2384 llaud
2883 2349 2985 2386 nos
3007 2335 3271 2401 pra'tcrit.

1718 2419 1785 2474 de
1821 2421 1922 2474 hac
1968 2421 2178 2489 imperii
2229 2420 2423 2486 forma,
2455 2437 2574 2491 qua:
2622 2424 2994 2493 interregnum
3041 2426 3264 2490 dicitur,

1717 2512 1821 2567 alia
1842 2527 2061 2582 quoque
2082 2514 2282 2583 jactata
2312 2530 2432 2570 esse
2457 2533 2468 2569 :
2507 2531 2607 2584 ego
2633 2532 2762 2570 vero
2791 2531 2851 2569 ea
2884 2533 3001 2570 sum
3025 2521 3269 2578 secutus:

1718 2619 1838 2673 qum
1863 2604 1994 2657 mihi
2033 2603 2397 2672 probabiliora
2424 2605 2772 2659 videbantur.
2809 2605 3060 2660 Fremere
3088 2619 3267 2664 tamen

1717 2695 2074 2750 nihilominus
2092 2695 2259 2764 plebs,
2280 2697 2689 2764 multiplicatam
2711 2698 3053 2760 servitutem,
3072 2701 3272 2754 multos

1719 2805 1819 2858 pro
1846 2805 1954 2842 uno
1981 2789 2230 2843 dominos
2261 2788 2452 2841 factos.
2495 2787 2598 2841 Sed
2628 2789 2859 2842 tumultu
2886 2791 3103 2854 sedato,
3146 2809 3269 2846 cum

1720 2896 1911 2934 ODIDCS
1959 2895 2136 2949 regem
2185 2881 2480 2932 creandum
2538 2895 2659 2932 CSSO
2718 2883 3149 2945 ςοηδεηείεεοιιι,
3208 2899 3275 2938 ac

1680 2993 1686 2997 -
1721 2969 1907 3024 Sabini
1935 2973 2051 3039 ejus
2091 2970 2333 3037 eligendi
2375 2971 2692 3038 potestatem
2743 2974 3004 3027 Romanis
3047 2975 3276 3028 detulis-

1719 3068 1858 3123 sent,
1894 3061 2119 3114 Numam
2157 3062 2498 3130 Pompilium,
2528 3066 2683 3132 cujus
2708 3063 2902 3134 inclyta
2933 3066 3104 3118 virtus
3128 3067 3271 3136 apud

1720 3165 1911 3202 omnes
1965 3159 2116 3210 erat,
2165 3151 2400 3203 electum
2450 3168 2549 3220 per
2597 3153 2799 3222 legatos
2841 3153 3288 3211 aceersiverunt.-

1723 3240 1833 3293 Nec
1881 3241 2024 3293 enim
2087 3240 2269 3292 Roma:
2318 3239 2614 3301 habitabat,
2675 3240 2767 3292 sed
2816 3241 2868 3293 in
2919 3243 3155 3305 Sabinis,
3214 3245 3269 3299 in

1723 3335 1994 3399 Quiritum
2048 3336 2181 3388 urbe
2228 3333 2496 3392 habitans,
2537 3343 2686 3401 patre
2733 3345 2894 3391 natus
2952 3337 3268 3407 Pomponio,

1723 3429 1950 3494 prohato
1985 3427 2123 3483 viro,
2159 3424 2306 3476 omni
2357 3439 2556 3491 genere
2610 3427 2828 3480 virtutis
2880 3437 2934 3480 et
2980 3438 3176 3484 natura
3217 3440 3273 3485 et

1721 3517 2006 3583 disciplina
2029 3515 2299 3567 excultus.
2329 3515 2481 3569 Unde
2513 3526 2716 3570 tantum
2746 3535 2940 3574 nomen
2965 3532 3018 3575 ct
3043 3524 3267 3591 gloriam

1720 3617 2047 3661 conSecutus
2077 3608 2196 3664 fuit.
2233 3617 2291 3660 ut
2325 3608 2531 3667 Tatius,
2587 3609 2802 3662 Romuli
2847 3613 2986 3679 regis
3032 3615 3258 3682 collega,

1723 3701 1930 3755 Tatiam
1953 3701 2002 3754 ei
2034 3701 2194 3774 tiliam
2226 3704 2438 3753 unicam
2470 3699 2869 3765 desitondcret:
2901 3716 3018 3768 quia:
3063 3718 3184 3756 cum
3217 3705 3267 3756 ei

1722 3808 1894 3846 annos
1944 3807 2034 3844 xm
2067 3802 2232 3858 nupta
2266 3791 2474 3851 fuisset,
2523 3791 2686 3843 vitam
2743 3805 2867 3843 cum
2901 3802 3083 3870 inorte
3122 3809 3273 3848 como

1721 3883 1972 3936 mutavit.
2033 3882 2205 3935 Numa
2246 3897 2400 3943 vero,
2453 3882 2636 3935 relicta
2692 3883 2898 3936 urbana
2953 3885 3094 3948 vita,
3155 3887 3268 3939 ruri

1671 4042 1674 4044 γ
1718 3973 2041 4041 plerumque
2090 3971 2140 4024 in
2195 3973 2366 4041 pratis
2402 3983 2456 4045 ct
2489 3975 2716 4028 saltibus
2768 3974 2963 4044 degere
3012 3977 3267 4035 malebat.

1719 4064 1963 4132 Cumque
1994 4064 2222 4117 Romani
2248 4064 2408 4133 legati
2442 4064 2508 4116 ad
2529 4080 2651 4116 eum
2681 4067 2957 4120 venissent
3008 4085 3070 4119 XL
3093 4072 3269 4125 :etatis
3357 4133 3360 4137 _

1722 4170 1924 4209 annum
1984 4163 2258 4224 agentem,
2316 4170 2540 4223 regnum
2597 4156 2910 4220 oderentes,
2972 4162 3265 4216 recusavit.

1721 4245 1828 4300 Sed
1856 4262 1979 4300 cum
2013 4236 2299 4306 instarent,
2327 4257 2382 4298 et
2413 4247 2547 4298 nihil
2589 4263 2693 4299 non
2730 4246 2795 4298 ad
2830 4251 3264 4314 persuadendum

1722 4338 2068 4400 adhiberent,
2125 4345 2343 4390 orantes
2377 4354 2444 4391 ne
2492 4339 2767 4391 civitatem
2799 4339 2979 4394 denuo
3026 4341 3077 4394 in
3124 4345 3269 4396 sedi-

1724 4429 1927 4480 tionem
1982 4430 2036 4480 ct
2090 4427 2289 4480 bellum
2324 4429 2660 4494 intestinum
2712 4431 3008 4499 conjiceret
3058 4435 3267 4502 (neque

100 4513 292 4584 Ῥώμης
352 4518 400 4567 οἱ
433 4514 714 4584 πρέσϐεις,
761 4513 1048 4586 καλοὺντες
1083 4513 1174 4564 ἐπὶ
1206 4511 1304 4578 τὴν
1343 4505 1614 4577 βασιλείαν

1721 4517 1865 4570 cnim
1895 4531 2014 4571 esse
2059 4518 2257 4580 alium,
2303 4520 2355 4571 in
2404 4532 2560 4585 quem
2608 4519 2776 4572 ambze
2814 4530 3270 4591 partesgcousen-

90 4607 225 4658 αὑτὸν
247 4609 348 4677 ήδη
373 4607 812 4674 τεσσαρακοστὸν
842 4606 959 4666 ἔτος
984 4605 1212 4655 ἀνύοντα
1238 4617 1250 4630 ο
1280 4603 1308 4652 ὁ
1357 4602 1412 4652 δὲ
1433 4599 1613 4652 ,ἀπεί-

91 4715 223 4752 πατο.
259 4701 324 4750 Oi
353 4698 610 4766 πρέσϐεις
647 4695 692 4748 δ’
722 4697 1012 4758 ἐνέκειντο,
1061 4695 1234 4746 πάντα
1263 4693 1460 4760 τρόπον
1494 4690 1615 4741 πεί.

93 4806 188 4843 σειν
215 4791 375 4850 αὑτὸν
406 4788 814 4861 μηχανώμενοι,
845 4789 939 4840 καὶ
967 4789 1208 4856 δεόμενοι
1235 4787 1308 4856 μὴ
1339 4786 1436 4854 τὴν
1463 4783 1614 4836 πόλιν

91 4875 222 4941 αὖθις
263 4881 342 4942 είς
384 4879 576 4932 στάσιν
628 4876 908 4946 ἐμϐαλεῖν,
942 4876 1035 4927 καὶ
1063 4875 1322 4943 ἐμφύλιον
1361 4872 1610 4939 πόλεμον,

90 4970 172 5022 οὐκ
189 4972 334 5032 ϐντος
357 4972 572 5038 ἑτέρου,
603 4970 738 5039 πρὸς
767 4968 825 5018 ὃν
852 4968 1016 5036 ἄμφω
1040 4967 1105 5016 τὰ
1139 4966 1274 5033 μέρη
1301 4963 1616 5015 συννεύσου-

92 5072 177 5108 σιν.
215 5059 340 5127 Ἰδίᾳ
368 5057 552 5127 μέντοι
582 5059 675 5108 καὶ
704 5057 732 5106 ὁ
770 5057 950 5124 πατὴρ
1000 5057 1278 5121 παρεκίνει
1311 5053 1400 5103 τὸν
1430 5049 1613 5119 Νομᾶν

90 5146 320 5211 δέξασθαι
345 5151 444 5220 τὴν
470 5150 664 5220 ἀρχὴν,
701 5148 772 5209 ὡς
807 5149 948 5198 θεῖον
979 5146 1172 5218 δῶρον,
1199 5146 1293 5196 καὶ
1314 5145 1613 5214 ὑπηρεσίαν

93 5237 227 5304 Θεοῦ,
261 5245 354 5293 καὶ
388 5243 640 5310 πράξεων
674 5240 852 5292 καλῶν
884 5242 975 5290 καὶ
1000 5239 1252 5308 μεγάλων
1298 5237 1452 5305 ἀνδρὶ
1485 5253 1614 5304 φρο-

93 5324 211 5395 νίμῳ
231 5343 285 5380 τε
315 5332 409 5380 καὶ
441 5329 950 5400 χρηστῷὲσομένην
985 5328 1184 5391 αἰτίαν,
1225 5326 1519 5394 σύνδεσμόν
1554 5343 1610 5376 τε

92 5420 146 5484 τῇ
175 5419 404 5490 πατρίδι,
439 5420 532 5470 καὶ
561 5419 723 5475 παντὶ
749 5417 824 5487 τῷ
854 5401 1092 5470 Σαϐίνων
1123 5417 1263 5470 ἔθνει
1312 5418 1520 5476 εὐνοίας
1554 5433 1611 5466 τε

94 5514 171 5560 καὶ
219 5514 397 5585 φιλίας
436 5513 571 5585 πρὸς
619 5513 774 5565 πόλιν
805 5511 1038 5580 δυνατὴν
1091 5511 1182 5561 καὶ
1237 5510 1609 5578 ἀκμάζουσαν.

95 5599 290 5665 Τούτοις
315 5583 619 5668 ’ἐνδεδωκώς
649 5606 677 5657 ό
710 5605 916 5674 Νομᾶς,
939 5601 1102 5664 θύσας
1129 5591 1239 5664 τοῖς
1285 5601 1442 5660 θεοῖς,
1476 5615 1610 5666 προ-

94 5688 207 5763 ῆγεν
237 5695 315 5754 εἰς
356 5693 848 5767 Ῥώμην’,ὐπήντα
873 5697 929 5749 δι
965 5698 996 5763 ιι
1042 5693 1203 5764 βουλὴ
1234 5693 1392 5761 καιδ
1437 5689 1611 5758 ,δῆμτις

98 5782 443 5858 εὐφημοῦντες
471 5777 563 5840 καὶ
583 5785 878 5858 χαίροντες.
911 5787 1062 5841 Ἐπεὶ
1084 5784 1139 5838 δὲ
1171 5785 1508 5852 κατέστησαν
1533 5785 1610 5843 είς

1725 4609 1930 4678 tirent),
1963 4609 2188 4662 Numam
2212 4617 2363 4676 pater
2388 4621 2603 4677 quoque
2628 4611 2854 4662 seorsim
2884 4611 3132 4665 hortatus
3159 4624 3260 4677 est,

1719 4711 1780 4754 ut
1822 4701 2184 4768 principatum
2231 4709 2486 4753 tanquam
2518 4699 2765 4753 divitum:
2797 4701 3018 4765 donum,
3067 4711 3120 4754 et
3163 4720 3267 4756 nu-

1717 4796 1878 4845 minis
1911 4790 2252 4857 obsequium,
2309 4791 2510 4860 quique
2547 4794 2662 4845 viro
2721 4793 2862 4845 bono
2898 4803 2952 4846 et
3009 4796 3260 4862 prudenti

1718 4883 1973 4935 honestas
1996 4896 2322 4949 magnasque
2343 4899 2429 4936 res
2452 4884 2670 4951 gerendi
2695 4885 3030 4938 occasionem
3057 4888 3262 4954 pne-be-

1718 4981 1817 5032 ret,
1849 4980 1902 5023 et
1929 4972 2202 5024 vinculum
2231 4974 2446 5028 iuturus
2474 4985 2633 5034 esset,
2664 4984 2772 5040 quo
2805 4976 2975 5047 patria
3006 4984 3061 5029 et
3087 4980 3265 5031 omnis

1718 5062 2041 5114 Sabinorum
2071 5064 2218 5117 natio
2242 5063 2615 5117 benevolentia
2638 5073 2692 5116 et
2714 5065 2950 5118 amicitia
2979 5082 3101 5120 cum
3126 5069 3259 5120 urbe

1716 5155 1919 5220 potenti
1951 5164 2000 5206 et
2026 5154 2250 5208 ﬂorente
2273 5157 2647 5224 jungerentur.
2685 5155 2780 5209 llis
2802 5157 2987 5211 Numa:
3017 5159 3180 5218 victo.
3203 5170 3258 5212 et

1717 5264 1772 5300 re
1820 5247 1978 5316 322
2026 5249 2206 5303 divina
2261 5258 2508 5318 peracta,
2565 5250 2790 5304 Romam
2853 5251 3255 5320 proﬁciscenti,

1715 5353 1936 5397 senatus
1980 5346 2316 5413 populusque
2349 5344 2624 5397 Romanus
2660 5361 2780 5397 eum
2822 5345 2958 5398 Ιενιίε
2991 5347 3256 5398 acclama-

1718 5433 1956 5488 tionibus
1982 5434 2194 5488 obviam
2231 5435 2526 5503 egreditur.
2558 5434 2692 5489 Cum
2735 5436 2789 5489 in
2820 5436 2993 5508 (orum
3023 5435 3256 5488 deducto

1716 5523 1944 5592 insignia
1977 5526 2125 5593 regni
2152 5524 2500 5589 aii'errentur,
2538 5525 2778 5589 diﬂ‘erre,
2810 5543 2870 5580 ac
2915 5527 2980 5579 de
3005 5541 3061 5578 se
3108 5525 3256 5593 regni

1717 5612 1966 5666 ﬁrmandi
1993 5630 2151 5668 causa
2186 5615 2318 5668 deos
2347 5617 2554 5670 consuli
2577 5616 2740 5687 jussit
2777 5635 2788 5669 :
2820 5625 2875 5669 et
2905 5630 2962 5667 re
2990 5615 3175 5670 divina
3199 5615 3254 5669 in

1715 5698 1978 5768 Capitolio
2002 5711 2239 5771 peracta,
2260 5704 2554 5774 indutaque
2574 5715 2719 5760 veste
2752 5704 2918 5774 regia,
2946 5703 3254 5760 descendit.

1715 5791 2022 5864 Principatu
2055 5805 2326 5866 suscepto,
2383 5797 2614 5866 primum
2662 5810 2753 5851 ccc
2804 5805 3061 5862 armatos,
3112 5809 3254 5866 quos
