3986 6338
732 398 835 462 559

2016 390 2337 454 JOANNIS
2376 391 2691 453 ZONARI’E

3829 390 3929 452 560

728 506 995 566 Romulus
1032 506 1098 560 ad
1134 500 1436 558 custodiam
1467 498 1713 568 corporis
1741 510 1956 567 semper
1990 497 2271 561 habuerat,

2397 499 2471 570 τὴν
2527 498 2732 568 ἀγορὰν
2782 497 3241 567 προσφερομένων
3295 496 3443 567 αύτῷ
3471 497 3580 550 τῶν
3638 498 3930 567 βασιλικῶν

728 598 949 655 amovit.
998 597 1109 652 Nec
1142 595 1286 649 enim
1338 592 1555 656 decere,
1585 589 1651 643 iis
1698 588 1976 654 dillidere,
2037 590 2129 657 qui
2171 588 2275 658 ipsi

730 691 998 746 ﬁderent:
1050 702 1226 757 neque
1278 682 1649 739 difﬁdentibus
1705 681 2083 751 imperandum
2133 695 2275 734 esse.

729 783 934 839 Deinde
986 781 1180 835 urbem
1221 794 1251 832 e
1295 777 1431 831 dura
1478 783 1533 829 et
1581 774 1839 828 bellicosa
1889 774 2165 826 mitiorem
2223 782 2276 826 et
2318 787 2329 795 ·

728 874 876 943 pacis
903 872 1253 926 amantiorem
1284 865 1511 920 reddere
1530 878 1812 933 aggressus
1840 870 1923 916 est
1948 876 1964 914 :
1998 862 2274 929 edixitque

676 964 683 972 “
726 980 796 1019 ne
820 964 1107 1034 imaginem
1130 959 1220 1013 Dei
1242 959 1328 1011 vel
1350 957 1608 1016 humana,
1640 953 1723 1007 vel
1750 954 1971 1007 alterius
1988 953 2279 1006 animantis

729 1057 899 1112 forma
947 1055 1235 1124 erigerent.
1288 1050 1476 1117 Itaque
1533 1045 1689 1099 annis
1728 1060 1757 1099 c
1794 1055 1849 1101 et
1882 1061 1983 1097 Lxx
2027 1044 2277 1113 quamvis

734 1148 930 1217 templa
960 1144 1275 1205 conderent,
1304 1139 1511 1192 nullum
1540 1146 1723 1190 tamen
1762 1135 1820 1187 in
1861 1135 1929 1188 iis
1975 1149 2152 1202 neque
2197 1132 2281 1203 pi-

735 1247 911 1303 ctum,
936 1248 1113 1302 neque
1139 1232 1321 1285 ﬁctum
1351 1227 1703 1281 simulacrum
1718 1222 2057 1277 collocarunt
2084 1238 2097 1275 :
2132 1220 2279 1290 quod

731 1330 883 1383 nefas
940 1332 1116 1387 esset,
1178 1319 1590 1397 praestantiores
1644 1314 2010 1370 deterioribus
2072 1314 2278 1367 similes

731 1424 930 1484 facere,
956 1433 1131 1487 neque
1156 1417 1298 1469 Deus
1334 1415 1492 1467 aliter
1525 1410 1627 1465 nisi
1660 1420 1840 1464 mente
1888 1406 2278 1476 comprehendi

728 1519 931 1583 posset.
969 1508 1227 1562 Victimas
1256 1506 1573 1558 incruentas
1611 1501 1770 1553 farris
1802 1509 1867 1553 .ct
1899 1498 2180 1552 libationis
2202 1497 2281 1550 ci-

728 1604 890 1657 vibus
917 1600 1030 1655 suis
1053 1598 1245 1652 edixit.
1283 1596 1423 1648 Deos
1449 1595 1594 1647 enim
1639 1591 1784 1661 pacis
1805 1600 1863 1645 et
1918 1589 2145 1660 iustitiae
2180 1603 2275 1641 cu-

737 1693 941 1755 stodes,
975 1706 1003 1744 a
1032 1689 1177 1744 caede
1210 1701 1377 1756 puros
1404 1701 1522 1739 esse
1545 1694 1817 1753 oportere.
1865 1683 2052 1747 Neque
2108 1679 2275 1734 divini

729 1782 1023 1853 quidquam
1073 1779 1252 1833 obiter
1305 1787 1361 1830 et
1414 1775 1749 1849 negligenter
1791 1772 2122 1826 audiendum
2183 1778 2278 1823 aut

2379 592 2738 661 παρασήμων,
2801 591 3043 657 ἐπισχεῖν
3094 588 3376 652 κελεύσας,
3426 588 3531 657 ἔφη
3575 590 3782 643 δεῖσθαι
3841 594 3927 643 x:.'v

2377 681 2469 735 τοῦ
2504 681 2660 745 θεοῦ,
2692 682 2789 750 τὴν
2821 681 3097 749 βασιλείαν
3119 680 3478 749 ἐμπεδοῦντος
3506 681 3677 750 αὐτῷ.
3696 684 3932 735 Ἀνεισιν

2378 772 2470 826 οὖν
2490 775 2569 836 εἰς
2598 774 2655 825 τὸ
2685 772 3050 832 Καπιτώλιον.
3084 767 3552 837 καὶ’θύσας,·οὖτω
3577 773 3632 825 δὲ
3663 774 3761 842 τὴν
3788 774 3930 841 βασις

2379 865 2534 935 λικὴν
2574 863 2857 917 ἀναλαϐὼν
2888 863 3112 939 ἐσθῆτα,
3158 863 3465 917 κατέϐαινε.
3505 864 3849 932 Παραλαϐὼν
3879 866 3932 916 δὲ

2379 958 2477 1026 τὴν
2501 957 2672 1026 ἀρχὴν
2708 957 2923 1025 πρῶτον
2971 954 3067 1023 μὲν
3104 954 3165 1007 τὸ
3191 954 3300 1007 τῶν
3345 956 3674 1023 τριακοσίων
3727 955 3932 1007 διέλυσε

2382 1049 2651 1118 σύστημα,
2679 1048 2772 1112 οὓς
2806 1050 2931 1118 περὶ
2960 1051 3019 1100 τὺ
3068 1048 3229 1118 σῶμα
3276 1042 3386 1115 εἶχε
3421 1045 3699 1115 Ῥωμύλος
3727 1045 3846 1097 ἀεί’
3878 1046 3934 1096 ού

2380 1143 2488 1216 γάρ
2533 1143 2644 1195 δεῖν
2703 1143 2951 1194 ἀπιστεῖν
3002 1140 3350 1193 πιστεύουσιν
3395 1139 3597 1207 ἔλεγεν,
3628 1138 3749 1189 οὐδὲ
3784 1138 3934 1205 βασι-

2381 1232 2554 1285 λεύειν
2602 1232 2971 1293 ἀπιστούντων
3014 1230 3187 1299 ῆξίου.
3212 1225 3345 1283 Εἶτα
3381 1229 3480 1299 τὴν
3503 1228 3657 1280 πόλιν
3681 1229 3745 1279 ὲκ
3781 1227 3934 1293 σκλη-

2383 1328 2481 1396 ρᾶς
2512 1323 2603 1377 καὶ
2633 1323 2931 1390 πολεμικῆς
2980 1323 3252 1390 ἐπεχείρει
3286 1321 3683 1389 μαλακωτέραν
3716 1319 3933 1387 ποιῆσαι

2382 1418 2475 1469 καὶ
2528 1413 2978 1485 εἰρηνικωτέραν,
3008 1412 3378 1480 ἀνθρωποειδῆ
3413 1428 3469 1463 τε
3504 1412 3598 1463 καὶ
3623 1409 3936 1479 ζωόμορζον

2383 1508 2567 1561 εἰκόνα
2616 1506 2750 1557 Θεοῦ
2797 1505 3018 1574 ἀνιστᾷν
3092 1502 3374 1573 Ῥωμαίοις
3425 1503 3747 1570 ἀπείρηκεν,
3784 1500 3935 1551 Ὅθεν

2389 1600 2499 1671 οὐδέ
2524 1594 2593 1670 ἦν
2618 1597 2745 1668 παρ’
2766 1598 2947 1658 αὐτοῖς
2967 1594 3088 1648 οὔτε
3111 1580 3351 1664 γραπτὸν
3397 1592 3518 1645 οὔτε
3544 1593 3786 1645 πλαστὸν
3808 1588 3885 1643 εἷδ
3913 1609 3935 1651 ς

2399 1691 2555 1747 Θεοῦ.
2581 1691 2674 1745 Ἐν
2705 1688 2891 1742 ἐκατὸν
2922 1687 2978 1739 δὲ
3032 1688 3167 1753 πρὸς
3214 1687 3579 1755 ἐϐδομήκοντα
3631 1686 3778 1736 ἔτεσι
3804 1684 3934 1735 ναιὶν

2382 1785 2565 1847 αὐτοῖς
2605 1782 3055 1852 ἀνεγειρομένων,
3083 1779 3235 1832 οὐδὲν
3268 1778 3547 1848 ἔμμορφον
3573 1776 3793 1829 ἐποίουν
3824 1776 3935 1841 ἀερί-

728 1876 1022 1929 videndum
1061 1870 1354 1941 praecepit:
1386 1867 1479 1920 sed
1514 1871 1683 1920 otium
1718 1865 1983 1932 agendum
2006 1880 2035 1916 a
2072 1862 2282 1917 castoris

2397 1877 2585 1945 Βρυμα,
2638 1874 2713 1936 ὡς
2764 1871 2886 1925 οὔτε
2935 1874 3081 1925 ὅσιον
3151 1867 3448 1937 ἀφομοιοῦν
3498 1870 3611 1929 τοῖς
3641 1869 3847 1936 χείροσι
3875 1865 3933 1914 τὰ

732 1967 918 2026 rebus,
948 1973 1004 2017 et
1025 1961 1300 2030 religioni,
1345 1970 1405 2012 ut
1435 1959 1512 2012 rei
1547 1959 1793 2010 maxime
1842 1956 2053 2008 animos
2097 1954 2281 2008 inten-

733 2058 959 2112 dendos.
1012 2054 1113 2107 llis
1170 2049 1498 2111 rationibus,
1564 2058 1619 2101 et
1661 2048 1784 2099 aliis
1820 2044 2092 2115 pluribus,
2148 2060 2283 2113 quas

732 2151 801 2203 ob
836 2145 1241 2202 multitudinem
1274 2138 1748 2211 praetermisimus,
1804 2137 2005 2191 civium
2057 2151 2282 2189 suorum

734 2241 947 2294 animos
978 2238 1043 2289 ad
1093 2237 1349 2303 pietatem
1380 2231 1689 2286 assuefecit.
1748 2231 1867 2295 Ipse
1910 2238 2091 2281 autem
2131 2236 2284 2295 spem‘

735 2328 889 2385 suam
921 2330 993 2382 ita
1039 2329 1091 2379 in
1134 2324 1243 2377 Deo
1271 2324 1565 2389 collocasse
1589 2320 1784 2381 fertur,
1834 2326 1894 2371 ut
1940 2334 2061 2372 cum
2100 2318 2150 2372 ei
2184 2318 2285 2371 ali-

737 2422 953 2493 quando
978 2414 1301 2471 saérilicanti
1337 2414 1574 2477 hostium
1622 2410 1891 2464 adventus
1915 2409 2282 2471 nuntiaretur,

738 2513 1026 2571 Subridens
1073 2507 1315 2563 dixerit:
1354 2505 1465 2573 Ego
1514 2517 1643 2556 vero
1690 2500 1958 2554 sacriﬁco.
2015 2500 2216 2569 Agrum
2256 2513 2286 2551 a

740 2606 972 2661 Romulo
1002 2601 1144 2654 bello
1163 2607 1397 2666 partum,
1415 2596 1555 2647 inter
1586 2593 1775 2659 inopes
1799 2591 1945 2643 cives
1968 2588 2284 2643 distribuit:

740 2706 800 2750 ut
848 2692 1084 2761 impiam
1131 2687 1396 2741 scelerum
1442 2692 1721 2752 parentem
1766 2681 2000 2742 tolleret,
2044 2687 2100 2733 et
2141 2680 2287 2749 agri-

739 2786 956 2841 cultura
983 2781 1154 2835 ferum
1180 2776 1437 2846 p0pulum
1463 2774 1733 2835 domaret,
1771 2784 1889 2840 qua:
1933 2785 2113 2825 acrem
2142 2770 2290 2839 pacis

743 2890 982 2931 amorem
1010 2875 1063 2926 in
1088 2870 1284 2924 animis
1317 2866 1554 2921 excitare
1585 2873 1786 2933 posset.
1830 2864 2102 2916 Feruntur
2127 2863 2193 2915 ab
2223 2877 2290 2915 eo

743 2967 1032 3027 Januarius
1068 2973 1123 3017 et
1153 2958 1484 3015 Februarius
1524 2955 1746 3025 reliquis
1779 2953 2068 3009 mensibus
2096 2953 2291 3023 adiecti

744 3068 884 3116 esse,
921 3062 978 3107 et
1013 3067 1194 3106 annus
1217 3049 1284 3103 ad
1324 3062 1545 3102 cursum
1581 3046 1722 3100 luna:
1767 3045 1821 3098 in
1858 3060 1931 3097 xn
1962 3059 2174 3098 menses
2198 3047 2291 3097 de-

747 3142 1004 3211 scriptus,
1027 3157 1150 3196 cum
1202 3156 1234 3195 x
1272 3146 1395 3191 ante
1432 3135 1701 3189 mensium
1741 3132 1960 3185 habitus
2002 3140 2147 3185 esset
2187 3148 2200 3182 :
2233 3138 2294 3183 ut

747 3233 891 3301 apud
924 3232 1230 3287 .nonnullos
1278 3228 1540 3281 barbaros
1587 3222 1879 3277 trimestris
1932 3220 2182 3283 habetur,
2239 3231 2294 3273 et

749 3323 889 3376 inter
931 3319 1142 3376 Graecos
1180 3318 1318 3388 apud
1350 3316 1583 3369 Arcades
1613 3330 1688 3378 Iv,
1719 3312 1861 3383 apud
1894 3312 2205 3366 Acarnanes
2242 3326 2293 3365 vi

747 3413 1034 3468 mensium.
1092 3410 1247 3480 Apud
1291 3407 1572 3478 Egyptios
1640 3421 1770 3459 vero
1816 3414 2128 3458 menstruus
2191 3403 2294 3456 fuit

732 3521 955 3567 annus,
994 3503 1192 3558 deinde
1234 3499 1667 3571 quadrimestris.
1728 3496 1883 3551 Unde
1931 3495 2294 3565 antiquissimi

751 3596 882 3651 [also
936 3595 1244 3656 habentur,
1279 3607 1401 3646 eum
1485 3590 1541 3643 in
1610 3588 1939 3657 geneaIOgiis
1999 3588 2297 3655 inexplica-

750 3689 914 3741 bilem
944 3684 1100 3755 323
1142 3698 1405 3737 annorum
1439 3695 1721 3734 numerum
1753 3689 2069 3744 recensent,
2100 3680 2300 3748 quippe

751 3778 1027 3833 mensibus
1090 3791 1357 3829 annorum
1428 3774 1548 3827 loco
1619 3772 1908 3843 ponendis.
1975 3771 2298 3826 Ianuarium

754 3887 880 3924 vero
931 3871 1104 3923 Numa
1138 3879 1300 3938 caput
1342 3867 1470 3920 anni
1519 3880 1638 3919 esse
1682 3864 1891 3918 voluit:
1928 3865 2023 3932 qui
2062 3880 2185 3917 cum
2232 3863 2300 3919 ad

751 3960 1013 4027 justitiam
1066 3968 1120 4010 et
1163 3959 1417 4024 pietatem
1464 3956 1709 4009 subditos
1744 3957 1817 4010 ita
1857 3957 2300 4020 consuefecisset,

756 4063 945 4101 omnes
973 4046 1235 4101 bellorum
1268 4057 1448 4098 motus
1472 4046 1921 4112 conquieverunt.
1949 4045 2134 4113 Neque
2158 4046 2304 4099 enim

759 4140 990 4208 populus
1022 4139 1300 4193 Romanus
1340 4136 1604 4189 duntaxat
1657 4136 1912 4204 aequitate
1945 4146 2000 4189 et
2049 4151 2305 4191 mansue-

761 4231 948 4284 tudine
979 4231 1120 4299 regis
1149 4228 1322 4282 factus
1350 4238 1435 4283 est
1474 4228 1763 4281 humanior
1792 4245 1805 4280 :
1844 4227 1935 4281 sed
1966 4236 2020 4281 et
2071 4228 2307 4280 circum-

760 4320 905 4372 circa
931 4321 1186 4372 linitimas
1213 4320 1481 4383 civitates,
1510 4319 1731 4373 mutatis
1760 4319 2025 4380 moribus,
2060 4319 2208 4389 pacis
2252 4329 2308 4373 et

758 4411 1003 4479 justitize,
1053 4409 1289 4461 colenda:
1338 4421 1513 4476 terrae,
1568 4411 1773 4464 liberos
1823 4411 1877 4463 in
1914 4411 2306 4479 tranquillitate

2388 1967 2648 2037 βελτίονα,
2706 1963 2826 2016 οὔτε
2879 1961 3215 2031 ἐφάπτεσθαι
3258 1960 3431 2022 ἄλλως
3470 1958 3605 2011 Θεοῦ
3660 1958 3931 2023 δυνατὶνῆ

2384 2058 2587 2126 νοήσει.
2640 2055 2752 2109 Καὶ
2790 2057 2890 2117 τὰς
2940 2052 3129 2113 θυσίας
3175 2052 3229 2105 δὲ
3276 2051 3647 2120 ἀναιμάκτους
3676 2048 3933 2102 ποιεῖσθαι

2384 2146 2637 2199 ἐθέσπισε
2662 2145 2727 2197 δι’
2756 2144 2993 2211 ἀλφίτων
3015 2159 3073 2195 τε
3104 2143 3197 2195 καὶ
3225 2142 3458 2208 σπονδῆς
3482 2155 3497 2171 ο
3531 2142 3651 2191 Δεῖν
3688 2140 3796 2207 γὰρ
3826 2139 3934 2197 τεὺς

2388 2237 2563 2299 θεοὺς⁹
2594 2238 2814 2305 εἰρήνης
2838 2236 2930 2287 καὶ
2952 2233 3297 2301 δικαιοσύνης
3312 2233 3557 2300 φύλακας
3584 2231 3933 2295 δντάς,φόνου

2388 2327 2659 2394 καθαροὺς
2688 2321 2855 2378 εἶναι’
2884 2325 3017 2393 μήτε
3045 2324 3102 2375 δὲ
3133 2322 3354 2376 ἀκούειν
3375 2339 3427 2374 τι
3461 2322 3571 2375 τῶν
3596 2321 3780 2383 θείων,
3811 2320 3935 2389 μήτε

2386 2420 2517 2489 όρᾷν
2541 2420 2599 2470 ἐν
2628 2416 2892 2487 παρέργῳ
2931 2416 3023 2467 καὶ
3054 2414 3290 2485 ἀμελῶς,
3325 2413 3461 2466 ἀλλά
3492 2413 3691 2482 σχολὴν
3721 2412 3936 2479 ἄγοντας

2388 2514 2497 2564 ἀπὸ
2526 2510 2632 2562 τῶν
2682 2508 2875 2570 ἄλλων,
2924 2503 3018 2559 καλ
3070 2508 3435 2575 προσέχοντας
3459 2505 3558 2575 τὴν
3610 2505 3846 2556 διάνοιαν
3872 2503 3935 2563 ὼς

2393 2600 2590 2674 πράξει
2622 2600 2852 2669 μεγίστῃ
2882 2602 2947 2668 τῇ
2999 2600 3127 2667 περὶ
3158 2599 3257 2667 τὴν
3284 2596 3593 2649 εὐσέϐειαν.
3620 2594 3719 2647 Ἐκ
3742 2595 3798 2647 δὲ
3829 2594 3936 2645 τού-

2388 2711 2498 2746 των
2521 2692 2617 2745 καὶ
2645 2692 2818 2745 ἄλλων
2865 2692 3143 2751 πλειόνων,
3169 2691 3205 2745 ἀ
3225 2690 3311 2761 διᾲ
3341 2691 3401 2744 τὸ
3439 2689 3641 2757 πλῆθος
3676 2690 3932 2757 παρήκει·

2394 2802 2513 2855 μεν,
2538 2784 2778 2839 διάθεσιν
2810 2784 2946 2851 πρὸς
2976 2786 3036 2834 τδ
3060 2782 3216 2835 Θεῖον
3244 2785 3355 2845 τοῖς
3378 2782 3496 2834 τότε
3550 2779 3855 2848 ἀνθρώποις
3884 2777 3931 2838 ἐξ

2395 2879 2623 2948 ἐθισμοῦ
2651 2882 2679 2932 ό
2707 2879 2897 2948 Νομᾶς
2947 2877 3283 2945 ἐνεποίησεν.
3314 2875 3485 2928 Αὐτὸν
3513 2874 3568 2925 δὲ
3598 2872 3745 2925 οὕτω
3787 2872 3929 2939 φασὶν

2392 2973 2471 3035 εἰς
2492 2972 2551 3024 τὸ
2582 2972 2734 3024 Θεϊον
2762 2972 3101 3041 ἀνηρτῆσθαι
3133 2972 3249 3030 ταῖς
3277 2968 3507 3031 ἐλπίσιν,
3532 2964 3670 3019 ὥστε
3708 2978 3927 3033 προσαῖ·

2393 3062 2579 3129 γελίας
2631 3062 2779 3132 αὐτῷ
2808 3062 2987 3133 θύοντι
3036 3060 3167 3112 ποτὲ
3194 3058 3492 3127 γενομένης
3525 3057 3597 3118 ὡς
3626 3057 3924 3124 ἐπέρχονται

2395 3154 2665 3222 πολέμιοι,
2726 3154 2999 3221 μειδιάσαι
3046 3154 3141 3205 καὶ
3174 3153 3370 3213 εἰπεῖν,
3417 3148 3558 3214 Ἐγὼ
3584 3148 3641 3199 δὲ
3677 3147 3812 3199 θύω.
3844 3145 3933 3196 Καὶ

2395 3247 2491 3314 τὴν
2522 3246 2702 3315 χώραν
2729 3244 2785 3297 δὲ
2824 3247 2889 3314 ἢν
2923 3246 3093 3313 αἰχμῇ
3136 3242 3411 3311 Ῥωμύλος
3442 3241 3736 3308 ἐκτήσατο,
3762 3238 3934 3289 διένει·

2398 3354 2496 3406 μεν
2542 3332 2693 3397 οὗτος
2742 3339 2854 3398 τοῖς
2910 3336 3136 3401 ἀπόροις
3165 3334 3270 3387 τῶν
3323 3332 3579 3390 πολιτῶν,
3621 3330 3867 3396 ἀφαιρῶν
3888 3326 3936 3387 ἐξ

2397 3422 2574 3483 αὐτῶν
2597 3433 2692 3499 τήν
2720 3428 2974 3499 ἀπορίαν,
3003 3427 3077 3491 ὡς
3100 3427 3343 3496 ἀνάγκην
3371 3426 3468 3495 τῆς
3503 3423 3719 3485 ἀδικίας
3749 3438 3941 3487 ποιητι-

2398 3521 2521 3591 κὴν,
2551 3523 2645 3573 καὶ
2672 3520 2888 3592 τρέπων
2916 3521 2995 3584 εἰς
3018 3520 3295 3589 γεωργίαν
3324 3519 3399 3581 ὡς
3420 3518 3626 3586 ταύτης
3654 3512 3939 3585 ἐξημεροῦ-

2403 3629 2502 3683 σης
2532 3612 2623 3665 τὸν
2652 3612 2842 3680 δῆμον,
2897 3612 2990 3663 καὶ
3043 3612 3241 3680 δριμὺν
3272 3612 3492 3680 εἰρήνης
3533 3608 3832 3675 δυναμένης
3863 3606 3939 3670 ἐμ-

2407 3698 2581 3755 ποιεῖν
2642 3703 2841 3775 ἐρωτα.
2882 3704 3115 3769 Λέγεται
3155 3702 3211 3754 δέ
3262 3686 3357 3753 καὶ
3390 3698 3835 3767 τὺνἿανουάριον
3864 3698 3940 3748 καὶ

2404 3797 2495 3849 τὸν
2522 3794 2884 3864 Φεϐρουάριον
2926 3794 3056 3864 παρ’
3080 3791 3246 3845 αὑτοῦ
3268 3792 3382 3853 τοῖς
3408 3790 3540 3860 μησὶ
3570 3788 3937 3857 προστεθῆναι,

2403 3887 2783 3955 δωδεκάμηνον
2818 3885 2958 3961 κατά
2989 3884 3078 3936 τὸν
3110 3882 3211 3951 τῆς
3253 3880 3480 3953 σελήνης
3511 3881 3710 3951 δρόμον
3740 3878 3939 3947 venae;-

2404 3978 2665 4046 τήσαντος
2710 3975 3020 4041 λογίζεσθαι
3049 3976 3139 4028 τὸν
3166 3976 3435 4040 ἐνιαυτὸν,
3480 3976 3787 4042 δεκάμηνον
3829 3970 3943 4035 πρὸ⁴

2410 4068 2533 4120 σθεν
2558 4067 2706 4131 ὅντα,
2724 4066 2797 4127 ὡς
2826 4066 2986 4127 ἐνίοις
3005 4066 3112 4117 τῶν
3133 4066 3422 4134 βαρϐάρων
3438 4067 3718 4133 τρίμηνον,
3740 4064 3828 4114 καὶ
3849 4061 3939 4112 τῶν

2418 4158 2686 4229 Ἐλλήνων
2710 4158 2941 4227 Ἀρκάσι
2993 4158 3089 4226 μὲν
3121 4158 3481 4227 τετράμηνον,
3512 4158 3622 4216 τοῖς
3670 4157 3727 4207 δὲ
3767 4156 3938 4217 Ἀκαρυ

2401 4249 2560 4299 νᾶσιν
2582 4246 2866 4316 ἑξάμηνον.
2911 4246 3228 4319 ⁸ᾲίγυπτίοις
3273 4245 3330 4297 δὲ
3358 4245 3605 4312 μηνιαῖος
3638 4236 3707 4311 ἦν
3735 4244 3763 4294 ό
3784 4243 3934 4292 ἐνιαυ-

2410 4338 2521 4401 τὸς,
2549 4334 2668 4391 εἶτα
2693 4338 3031 4407 τετράμηνος
3053 4354 3066 4369 ·
3121 4337 3199 4388 διὸ
3230 4337 3322 4388 καὶ
3343 4334 3690 4410 ἀρχαιότατοι
3721 4328 3938 4384 δοκοῦσιν

2413 4427 2571 4497 εἶναι,
2604 4430 2784 4482 καίτοι
2839 4429 2915 4497 μὴ
2941 4428 3112 4490 ὄντες,
3144 4426 3346 4495 πλῆθος
3380 4427 3657 4495 ἀμήχανον
3711 4422 3839 4474 ἐτῶν
3866 4417 3939 4467 ἐπὶ

760 4498 1049 4563 educandi,
1084 4498 1322 4566 deosque
1358 4501 1651 4551 venerandi
1689 4500 1886 4567 cupido
1916 4504 2077 4569 cepit.
2120 4503 2292 4570 Nequt

2413 4524 2530 4583 ταῖς
2561 4520 2935 4588 γενεαλογίαις
2976 4521 3309 4587 εἰσάγοντες,
3376 4517 3472 4571 ἀτε
3523 4515 3586 4583 δὴ
3637 4514 3762 4575 τοὺς
3798 4512 3939 4581 μῆνας

765 4591 908 4642 enim
944 4590 1164 4654 bellum,
1197 4598 1290 4643 aut
1312 4588 1527 4651 seditio,
1556 4599 1651 4643 aut
1680 4603 1941 4642 novarum
1975 4606 2154 4643 rerum
2190 4602 2309 4645 stu-

766 4680 933 4741 dium,
952 4680 1122 4733 Numa
1146 4688 1428 4749 regnante,
1448 4680 1671 4733 exstitit.
1694 4679 1877 4748 Neque
1898 4680 2061 4734 etiam
2084 4681 2307 4745 invidia,

772 4770 1075 4833 inimicitia,
1110 4780 1203 4824 aut
1231 4771 1593 4838 conspiratio,
1625 4779 1785 4839 atque
1811 4772 2019 4826 insidia:
2053 4789 2118 4826 ex
2157 4774 2312 4846 cupi-

770 4863 934 4913 ditate
986 4861 1135 4928 regni
1187 4870 1373 4912 contra
1425 4860 1651 4913 Numam
1715 4872 2036 4928 comparatae
2084 4878 2312 4931 usquam

774 4960 1085 5004 narrantur.
1116 4950 1305 5012 Filiam
1359 4951 1669 5019 Pompiliani
1697 4950 1887 5004 Martio
1912 4952 2217 5021 deSpondit,
2245 4972 2311 5009 ex

774 5053 878 5103 qua
913 5041 961 5091 ei
990 5041 1171 5093 Ancus
1209 5039 1429 5092 Martius
1468 5056 1635 5107 nepos
1665 5053 1749 5096 est
1794 5042 2030 5110 genitus,
2053 5046 2144 5111 qui
2194 5055 2315 5112 post

776 5127 986 5180 Tullum
1022 5130 1309 5207 llostilium
1335 5131 1577 5198 regnavit
1602 5150 1614 5183 :
1647 5147 1754 5198 quo
1777 5133 1949 5186 Numa
1979 5135 2317 5207 quinquenni

776 5217 984 5280 relicto,
1012 5218 1262 5283 decessit,
1290 5237 1413 5275 cum
1449 5222 1704 5290 paulatim
1732 5225 1884 5278 senio
1906 5234 1961 5279 et
1984 5222 2092 5281 leni
2130 5229 2322 5282 morbo

778 5308 1082 5362 deiecisset.
1110 5310 1251 5364 Vixit
1272 5328 1445 5365 annos
1474 5329 1699 5377 Lxxxnl,
1722 5317 1966 5384 negnavit
1999 5334 2144 5373 xun.

2421 4614 2500 4674 εἰς
2522 4611 2656 4663 ἐτῶν
2684 4609 2958 4681 τιθέμενοι
3006 4609 3259 4681 ἀριθμόν.
3293 4609 3400 4662 Καὶ
3435 4607 3524 4660 τὸν
3564 4606 3876 4675 Ἰανουάριον
3897 4599 3941 4649 δὲ

2416 4700 2605 4768 Νομᾶς
2636 4701 2716 4761 εἰς
2749 4702 2922 4768 ἀρχὴν
2948 4702 3041 4752 τοῦ
3074 4701 3226 4761 ἔτους
3267 4700 3582 4768 ἀπένειμεν.
3623 4697 3781 4751 Οὕτω
3806 4695 3855 4746 δὲ
3881 4692 3942 4743 δι-

2418 4791 2680 4862 καιοσύνῃ
2722 4791 2815 4842 καὶ
2870 4790 3126 4860 εὐσεϐείᾳ
3186 4792 3560 4851 συνεθίσαντος
3599 4792 3661 4840 τὸ
3716 4790 3941 4853 ὑπήλοθνν

2420 4881 2648 4950 ἐξῄρητο
2700 4882 2877 4953 πάντα
2932 4881 2999 4933 τὰ
3035 4881 3130 4934 τοῦ
3164 4882 3423 4951 πολέμου.
3480 4880 3555 4931 Οὐ
3598 4878 3709 4947 γὰρ
3766 4871 3945 4943 pri-.076

2428 4970 2711 5038 Ῥωμαίων
2748 4971 2920 5041 δῆμος
2948 4975 3203 5041 ήμέρωτο
3221 4976 3285 5042 τῇ
3316 4972 3410 5024 τοῦ
3432 4971 3697 5042 βασιλέως
3751 4961 3943 5031 εὐνομίὲ

2422 5061 2601 5129 καὶτῇ
2643 5062 2931 5131 πραότητι,
2992 5064 3126 5116 ἀλλά
3153 5066 3247 5117 καὶ
3294 5066 3391 5125 τὰς
3421 5062 3602 5130 κύκλῳ
3636 5061 3811 5117 πόλεις
3834 5052 3946 5123 ἀρχὴ

2430 5150 2731 5219 μεταϐολῆς
2763 5150 2942 5214 ἔλαϐε,
2976 5152 3070 5204 καὶ
3096 5152 3258 5213 πόθος
3297 5150 3554 5220 εἰσερρύη
3590 5150 3797 5209 πάντας
3826 5145 3949 5209 είρῄ

2430 5229 2524 5306 VT}:
2578 5239 2674 5291 καὶ
2702 5238 2797 5291 τοῦ
2832 5240 3059 5303 δικαίου,
3094 5243 3195 5310 γῆν
3216 5240 3490 5307 φυτεύειν,
3526 5241 3618 5292 καὶ
3652 5240 3811 5292 τέκνα
3852 5231 3950 5300 τρέ-

2433 5344 2555 5395 φειν
2580 5332 2637 5383 ὲν
2663 5332 2882 5402 ἡσυχίᾳ,
2912 5334 3005 5385 καὶ
3036 5331 3291 5385 σέϐεσθαι
3320 5331 3495 5392 θεούς.
3532 5331 3669 5383 Οὔτε
3698 5330 3801 5396 γὰρ
3822 5324 3949 5375 1:63.5-

784 5417 900 5496 μοῖν
933 5399 1053 5451 οὔτε
1087 5403 1292 5496 στᾴσίςν
1324 5404 1448 5457 οὕτε
1484 5409 1844 5476 νεωτερισμδὶ
1898 5412 2053 5478 περὶ.
2085 5416 2358 5481 πολιτείας
2400 5422 2680 5493 ἱστόρηται
2712 5399 2871 5495 Νομά
2928 5420 3327 5496 βασιλεύοντος.
3369 5427 3490 5481 Οὐδ’
3539 5427 3627 5478 ἐπ’
3683 5423 3870 5476 ἐκεῖνόν
3886 5430 3951 5474 τις

783 5495 992 5601 φόνος.
1039 5494 1283 5601 ἢξλθρει,
1313 5498 1633 5601 ἢὶσύστ-ασις
1670 5503 1928 5601 ἀνδρῶν,
1997 5508 2088 5557 καὶ
2134 5510 2390 5583 ἐπιϐουλὴ
2417 5516 2483 5569 δι’
2556 5518 2734 5586 ἔρωτα
2794 5494 3071 5588 βασιλείας
3104 5521 3353 5587 γενέσθαι
3406 5538 3499 5573 ποι
3549 5522 3950 5589 άναγὲγραπτιεο

783 5588 1060 5691 ΘῨ-τῗτείρα
1104 5589 1145 5637 θ’
1486 5593 1808 5691 ίῖομπιλίαν.
1857 5599 2091 5669 Μαρκίῳ
2160 5605 2363 5675 ταύτην
2403 5608 2633 5680 ἐξέδοτο,
2665 5614 2722 5678 ἐξ
2780 5608 2843 5683 ἦς
2874 5615 3122 5684 Μάρκιος
3171 5616 3371 5683 Ἄγκος
3407 5614 3762 5683 θυγατριδώς
3794 5606 3954 5673 hic“

787 5679 947 5741 (1'37'1'.
982 5678 1036 5735 ὃς
1069 5680 1200 5744 μετὰ
1229 5681 1456 5732 Τοῦλλον
1492 5683 1785 5738 Ὀστίλλιον
1817 5689 2157 5747 ἐϐασίλευσε.
2229 5696 2427 5751 Τοῦτον
2493 5678 2761 5772 πενταέτη
2801 5678 3133 5758 ⁷καταλιπὼν
3191 5709 3219 5759 ό
3249 5678 3436 5775 Νομᾶς
3463 5678 3803 5771 ἐτελεύτησε,
3844 5703 3955 5748 x311

790 5769 1115 5867 {exeas-arm
1144 5772 1327 5838 γήρως
1359 5776 1643 5826 καῖνόςου.
1691 5777 1935 5847 μαλακῆς
1979 5784 2512 5858 ἁπομαραινόμενος,
2574 5794 2760 5862 χρόνον
2822 5797 3011 5867 τριετῆ
3068 5799 3179 5859 τοῖς
3239 5797 3573 5866 ὀγδοήκοητα
3622 5790 3951 5864 προςσιὼςπμ

790 5862 1101 5925 (ἐλπιέύτας
1124 5864 1219 5934 ἔτη
1249 5867 1337 5919 ἐπὶ
1374 5870 1519 5937 τρισὶ
1548 5873 1975 5945 τεσσαράκοντα,
2146 5912 2149 5915 .
2858 5862 2869 5866 ⁷
2999 5862 3009 5867 ⁷
3282 5862 3292 5866 '
3387 5862 3398 5866 '
3512 5869 3519 5876 '
