3986 6338
709 485 817 550 563

2001 489 2322 565 tempus
2364 491 2681 553 zonam;

3814 500 3910 562 561

707 615 839 655 vero
875 599 958 653 ob
1008 599 1158 669 pacis
1192 599 1456 663 studium,
1506 598 1724 672 injuriis
1753 610 2122 670 opportunum
2151 615 2266 655 esse

2375 599 2544 669 ὀργῆς
2575 600 2674 667 μὲν
2696 595 2840 668 εἶχον
2885 595 3213 666 Ῥωμαίους·
3243 599 3347 662 ἕως
3374 599 3430 654 δι
3465 603 3658 675 περιῆν
3691 607 3722 659 ό
3756 607 3913 664 Τοῦλτ

704 691 832 751 rati.
867 691 1079 761 [multis
1119 707 1184 747 ex
1236 696 1384 761 agris
1429 703 1678 763 egerunt.
1724 692 1818 746 llle
1866 699 2000 748 vero
2043 707 2266 764 gnarus,

704 785 856 855 pacis
904 799 1119 838 causam
1158 800 1280 840 esse
1318 785 1544 848 bellum,
1581 784 1788 840 invadit
1829 800 1946 849 eos,
1995 800 2024 838 a
2064 785 2269 855 quibus

705 876 1088 937 invadebatur.
1152 888 1320 947 atque
1379 878 1684 943 ulciscitur,
1750 879 1915 934 urbes
1964 888 2265 950 expugnat,

700 987 933 1042 quarum
991 990 1155 1028 unum
1201 959 1444 1029 evertité
1489 983 1547 1030 et
1578 975 1832 1046 captivis,
1879 991 2019 1046 quos
2065 975 2268 1030 multos

701 1077 944 1137 ceperat,
999 1083 1098 1138 pro
1149 1069 1437 1139 mancipiis
1482 1071 1677 1133 utitur,
1741 1070 1943 1126 multos
1992 1070 2159 1123 etiam
2211 1069 2265 1123 in

699 1156 979 1213 civitatem
1029 1159 1328 1214 Romanam
1361 1159 1548 1215 mittit.
1601 1159 1854 1225 Romani,
1891 1175 2016 1215 cum
2049 1158 2266 1214 finitimi

699 1245 1001 1315 p0tentiam
1041 1262 1282 1313 eorum,i
1308 1258 1364 1303 et
1411 1248 1675 1303 ditionem
1724 1264 1974 1304 crescere
2013 1263 2156 1319 σιεγε
2187 1248 2268 1304 1ο-

701 1348 905 1400 rentes.
941 1339 1131 1397 hostes
1161 1356 1219 1395 se
1241 1341 1474 1412 professi
1497 1349 1701 1406 essent,
1729 1340 1963 1398 Fidenas
1980 1341 2268 1398 obsidione

699 1440 1006 1500 ceperunt;
1038 1430 1273 1491 Sabinos
1315 1433 1644 1500 afﬂixerunt,
1681 1435 1959 1508 dispersos
1985 1433 2262 1506 aggressi;

699 1533 756 1576 et
783 1527 978 1582 castris
1031 1536 1222 1582 eorum
1262 1529 1460 1598 captis,
1501 1529 1640 1583 alios
1685 1540 1895 1583 terrore
1950 1528 2150 1599 injecto
2179 1527 2264 1583 vel

672 1685 674 1687 ρ
703 1612 906 1669 invitos
943 1632 1130 1685 pacem
1160 1633 1381 1672 servare
1407 1627 1724 1687 coegerunt.
1762 1616 1858 1674 His
1887 1617 2052 1671 rebus
2075 1615 2263 1687 gestis,

701 1702 941 1762 Marcius
994 1718 1223 1764 mortem
1268 1709 1428 1775 obiit,
1464 1726 1608 1765 anno
1657 1711 1810 1782 regni
1857 1726 1980 1765 xm
2017 1709 2268 1779 exemplo

698 1797 788 1852 avi
817 1799 1108 1870 religiosus
1133 1801 1361 1857 deorum
1388 1803 1584 1859 cultor.

2369 691 2484 754 λος,
2540 691 2777 754 δεδιότες
2824 691 3033 745 ἐκεῖνον
3079 691 3154 755 ὠς
3193 693 3456 762 μάχιμον,
3494 699 3910 756 συνεστέλλοντο.

2367 784 2470 850 Τὸν
2498 784 2556 837 δέ
2587 784 2833 855 Μάρκιον
2859 785 3173 838 εὐεπίθετον
3206 788 3540 857 ἡγησάμενοι
3577 790 3664 845 διὶ
3687 793 3748 846 τι,
3773 795 3913 863 εἰρη-

2368 877 2520 929 ναῖον
2549 876 2644 946 τῆς
2677 877 2926 946 γνώμης,
2954 879 3018 946 τῇ
3055 895 3111 929 τε
3141 876 3293 949 χώρᾳ
3327 879 3583 948 ἐπῆλθον,
3629 885 3726 938 καὶ
3757 884 3914 954 αὐτὴν

2367 969 2682 1039 ἐληῖσαντο.
2727 970 2916 1032 Συνεὶς
2965 969 3010 1022 δ’
3040 970 3247 1030 ἐκεῖνος
3278 971 3498 1039 εἰρήνης
3530 964 3670 1024 εἶναι
3707 975 3797 1026 τδν
3825 976 3915 1027 πόο

2366 1062 2530 1133 λεμον
2565 1061 2759 1127 αἴτιον,
2792 1060 3094 1116 ἐπιτίθεται
3120 1063 3232 1125 τοῖς
3253 1060 3616 1131 ἐπιθεμένοις,
3642 1063 3738 1116 καὶ
3767 1065 3916 1134 άντηο

2369 1153 2602 1227 μύνατο,
2658 1156 2752 1209 καὶ
2797 1155 2980 1219 πόλεις
3024 1151 3169 1208 εἷλεν
3222 1154 3422 1215 αὐτῶν,
3475 1147 3550 1207 ὧν
3593 1153 3722 1225 μίαν
3774 1157 3917 1210 κατέ-

2367 1245 2565 1316 σκαψε,
2603 1246 2698 1300 καὶ
2731 1245 2951 1308 πολλοῖς
3003 1244 3113 1298 τῶν
3159 1244 3401 1301 ἁλόντων
3426 1244 3502 1308 ὡς
3557 1243 3917 1316 αἰχμαλώτοις

2367 1339 2662 1410 ἐχρήσατο,
2687 1338 2782 1392 καὶ
2806 1340 2864 1402 ἐς
2893 1338 2991 1408 τὴν
3036 1337 3256 1414 Ῥώμην
3308 1337 3364 1390 δέ
3422 1338 3650 1404 συχνοὺς
3713 1336 3916 1406 ἐτέρους

2371 1429 2694 1501 μετῴκισεν.
2727 1430 3119 1500 Δῦξανομένων
3143 1430 3199 1483 δέ
3227 1429 3336 1485 τῶν
3383 1430 3688 1500 Ῥωμαίων,
3719 1429 3810 1482 καὶ
3830 1427 3918 1495 τῆς

2367 1522 2548 1594 χώρας
2564 1522 2718 1590 σφίσι
2746 1521 3200 1592 προστιθεμένης,
3223 1524 3273 1576 οἱ
3295 1522 3659 1592 πλησιόχωροι
3679 1520 3915 1591 ἤχθοντο,

2372 1616 2469 1670 καὶ
2487 1617 2714 1680 ἑαυτοὺς
2751 1613 3044 1687 Ῥωμαίοις
3087 1615 3526 1687 ἐξεπολέμωσαν·
3577 1615 3704 1668 ὅθεν
3753 1612 3916 1665 αὐτῶν

2371 1713 2675 1784 ϋιδηνάτας
2707 1699 2806 1785 μὲν
2835 1715 3122 1784 πολιορκίᾳ
3167 1711 3500 1784 ἐκράτησαν,
3561 1705 3823 1764 Σαϐίνους
3876 1703 3912 1755 δ’

2373 1804 2685 1872 ἐκάκωσαν,
2722 1807 2906 1871 αὐτοῖς
2949 1823 3011 1860 τε
3042 1805 3446 1876 προσπεσόντες
3487 1796 3910 1866 ἐσκεδασμένοις.

699 1892 798 1945 καὶ
863 1895 924 1947 τό
982 1897 1132 1964 σφῶν
1191 1898 2080 1970 ἑλόντεςστρατόπεδονοέτέρους
2112 1897 2156 1951 δ’
2199 1898 2632 1971 ἐκφοϐήσαντες,
2672 1901 2978 1973 εἰρηνεύειν
3025 1900 3120 1955 καὶ
3193 1897 3427 1961 ἄκοντας
3484 1885 3909 1965 παρεσκεύασαν·

637 2015 640 2018 -
701 1983 796 2038 καὶ
820 1985 914 2038 ἐπὶ
939 1984 1146 2050 τούτοις
1176 1988 1414 2059 Μαρκίῳ
1444 1991 1666 2042 ἐπέλιπε
1696 1990 1757 2043 τὸ
1806 1991 2094 2060 βιώσιμον,
2139 1990 2346 2042 εῐκοσιν
2377 1991 2657 2056 ἐνιαυτοὺς
2719 1993 2816 2046 καὶ
2868 1992 3140 2064 τέσσαρας
3163 1989 3416 2060 ἄρξαντι,
3448 1988 3544 2040 καὶ
3607 1984 3811 2054 πολλὴν
3834 1979 3912 2051 τοῦ

700 2078 857 2133 Θείου
887 2077 1141 2132 καταντδν
1166 2081 1386 2132 πάππον
1411 2081 1600 2150 Νομᾶν
1623 2082 1931 2152 ποιουμένῳ
1988 2083 2088 2151 τὴν
2136 2079 2459 2149 ἐπιμέλειαν
2480 2084 2617 2157 (8|).

768 2175 905 2233 VIII.
941 2176 1003 2230 L.
1037 2175 1371 2246 TarQUinius
1416 2149 1688 2234 Demarati
1738 2149 2010 2233 corinthii
2040 2149 2266 2239 exsulis,

2445 2149 2527 2235 ﬂ".
2555 2149 2785 2260 Ᾰούκιος
2811 2182 2869 2237 δι
2903 2177 3208 2252 Ταρκύνιος
3233 2179 3334 2250 τὴν
3373 2178 3546 2248 ἀρχὴν
3592 2170 3910 2246 ᾠκειώσατο.

699 2267 796 2338 qui
828 2268 1157 2335 Tarquinios
1200 2268 1360 2338 325
1405 2269 1727 2338 Tyrrhenia:
1757 2269 1948 2323 urbem
1982 2266 2265 2338 migrarat,

653 2361 656 2364 ’
699 2377 769 2417 ex
800 2361 1056 2430 indigena
1102 2359 1330 2414 muliere
1379 2360 1542 2422 (ilius,
1590 2361 1868 2415 Lucamon
1897 2370 2145 2425 vocatus,
2176 2374 2267 2415 re-

700 2467 866 2521 gnum
893 2451 997 2506 sibi
1041 2433 1360 2506 vindicavit.
1384 2449 1434 2505 is
1456 2465 1580 2504 cum
1612 2451 1854 2520 amplum
1879 2449 2268 2520 patrimonium

699 2540 1056 2609 suscepisset,
1097 2555 1196 2595 nec
1233 2547 1415 2594 tamen
1473 2549 1534 2594 ut
1561 2539 1770 2596 advena
1799 2555 1828 2593 a
1855 2538 2269 2609 Tarquiniensi-

699 2629 804 2687 bus
834 2634 900 2686 ad
934 2647 1179 2686 summos
1226 2632 1466 2688 honores
1510 2633 1862 2693 eveheretur,
1899 2631 2127 2686 Romam
2159 2631 2268 2687 mi-

700 2732 821 2794 grat
849 2740 861 2774 :
893 2733 1213 2792 mutatoque
1237 2721 1480 2787 nomine,
1506 2724 1575 2798 ab
1596 2725 1730 2778 urbe
1759 2724 1811 2778 in
1834 2739 1940 2792 qua
1971 2710 2262 2786 habitarat,

701 2813 766 2868 Ι...
796 2811 1129 2881 Tarquinius
1169 2814 1496 2882 appellatur.
1534 2813 1733 2868 Fertur
1771 2825 1975 2879 autem,
2027 2830 2150 2868 cum
2182 2829 2268 2869 se-

700 2904 826 2960 dem
879 2914 1140 2969 mutaret,
1192 2904 1390 2974 aqulla,
1421 2904 1723 2970 devolasse,
1780 2917 2048 2974 raptoque
2097 2905 2264 2975 pileo,

700 3010 864 3065 quem
889 2995 1065 3064 capite
1087 2996 1332 3065 gerebat,
1357 2996 1674 3051 subvolasse
1698 3011 1763 3050 ac
1783 3011 1987 3066 magno
2012 2997 2267 3065 clangore

701 3085 883 3151 edito,
931 3091 1184 3141 eumdem
1220 3088 1383 3158 capiti
1414 3095 1537 3156 apte
1571 3087 1903 3159 reposuisse.
1931 3088 2092 3146 [Unde
2130 3087 2265 3142 nihil

702 3178 911 3234 humile
941 3179 1125 3233 animo
1154 3181 1493 3249 conceperit,
1539 3189 1594 3234 et
1634 3181 1890 3235 alacriter
1918 3181 2103 3235 Romae
2136 3195 2268 3233 con-

702 3268 928 3333 sederit,
965 3269 1055 3322 ubi
1091 3285 1197 3323 non
1231 3271 1403 3324 multo
1437 3281 1560 3340 post
1594 3271 1648 3324 in
1676 3270 1868 3340 primis
1895 3280 1978 3325 est
2007 3285 2267 3324 numera-

701 3366 812 3412 tus.
847 3356 980 3411 Nam
1022 3353 1145 3410 cum
1179 3358 1378 3426 opibus
1418 3358 1564 3412 haud
1620 3374 1781 3428 parce
1815 3369 2082 3420 uteretur,
2132 3375 2266 3429 pru-

703 3449 889 3504 dentia
917 3456 973 3502 et
1003 3449 1312 3504 urbanitate
1354 3432 1759 3519 potentioribus
1796 3438 1898 3505 Sibi
1937 3449 2262 3511 conciliatis,

705 3557 737 3595 a
775 3540 978 3596 Marcio
1010 3542 1065 3595 in
1104 3541 1362 3609 patricios
1389 3551 1446 3597 et
1466 3549 1726 3598 senatum
1756 3542 1932 3597 lectus
1951 3541 2131 3604 est,'ct
2155 3539 2264 3595 dux

705 3631 982 3687 exercitus
1023 3633 1358 3702 designatus,
1403 3633 1609 3690 credita
1652 3636 1815 3690 etiam
1861 3635 2160 3689 liberorum
2207 3644 2264 3690 et

703 3722 859 3794 regni
909 3723 1098 3778 tutela.
1144 3725 1280 3778 Nam
1310 3740 1370 3779 se
1396 3729 1600 3780 bonum
1635 3727 1811 3780 virum
1843 3727 2135 3796 praebebat,
2165 3742 2264 3796 pe~

704 3817 923 3873 cuniam
949 3818 1241 3888 egentibus
1271 3818 1639 3888 impertiebat,
1682 3819 2000 3890 rogantibus
2029 3819 2265 3872 libenter

706 3911 917 3965 ferebat
961 3925 1144 3978 opem,
1195 3912 1397 3966 malum
1439 3911 1673 3966 faciebat
1715 3911 2001 3965 dicebatve
2037 3907 2262 3970 nemini,

705 4013 928 4071 accepta
976 4004 1243 4060 beneﬁcia
1284 4004 1662 4075 exaggerabat.
1711 4003 1962 4058 Oﬂensas
1991 4003 2076 4056 vel
2101 4003 2266 4058 dissi-

707 4093 970 4160 mulabat,
1017 4095 1099 4148 vel
1144 4105 1452 4151 extenuans
1496 4095 1759 4150 oblivioni
1795 4095 2130 4149 mandabat:
2171 4110 2266 4150 eos

705 4201 736 4238 a
763 4185 964 4255 quibus
1009 4185 1169 4238 Iasus
1214 4196 1381 4250 esset,
1427 4187 1566 4241 adeo
1617 4202 1723 4240 non
1772 4185 2162 4248 ulciscebatur,
2207 4195 2267 4240 ut

705 4279 871 4330 etiam
899 4275 1184 4344 beneﬁciis
1215 4275 1613 4331 demereretur.
1646 4279 1740 4332 His
1772 4279 2107 4332 moribus'et
2131 4279 2268 4332 Mar-

708 4369 855 4422 cium
900 4369 1099 4437 ipsum,
1130 4376 1186 4422 et
1215 4367 1395 4439 regios
1421 4367 1627 4422 amicos
1656 4368 1760 4422 sibi
1791 4370 2054 4431 devinxit,
2074 4369 2266 4423 existi-

713 4459 1006 4512 mationem
1036 4459 1135 4512 viri
1163 4459 1294 4514 boni
1327 4470 1384 4514 et
1417 4459 1681 4529 sapientis
1710 4469 2058 4521 consecutus,
2103 4474 2265 4526 quam

710 4566 820 4605 non
850 4558 1115 4618 perpetuo
1147 4551 1511 4604 conservavit.
1547 4549 1730 4604 Marcii
1759 4564 1994 4617 namque
2023 4547 2267 4603 defuncti

711 4645 926 4701 duobus
969 4643 1096 4698 ﬁliis
1127 4642 1374 4710 iniquum
1418 4658 1480 4695 se
1525 4643 1775 4710 praebuit.
1829 4653 2019 4711 erepto
2073 4659 2264 4713 regno,

711 4737 856 4807 quod
892 4751 1016 4790 cum
1050 4733 1157 4788 illis
1182 4742 1406 4786 senatus
1429 4732 1769 4803 populusque
1795 4735 2077 4788 delaturus
2104 4743 2265 4800 esset,

2368 2273 2429 2336 ὃς
2460 2275 2792 2346 Δημαράτου
2821 2274 2920 2341 μὶν
2940 2270 3009 2344 ἦν
3037 2274 3168 2335 παῖς
3198 2268 3513 2340 Κορινθίου,
3558 2266 3820 2335 φυγόντος
3866 2265 3910 2317 δὲ

2369 2359 2464 2413 καὶ
2497 2361 2576 2422 είς
2605 2360 2760 2413 πόλιν
2789 2359 3098 2431 Τυρσηνίδα
3127 2359 3460 2428 Ταρκυινίαν
3504 2357 3911 2426 ἐγκατοικήσαν-

2368 2447 2560 2514 cocti
2581 2449 2903 2519 αὐθιγενοῦς
2933 2447 3189 2517 γυναικὸς
3211 2449 3402 2519 ἐκείνῳ
3440 2445 3658 2516 ἐτέχθη,
3687 2443 3908 2498 Λουκού-

2373 2559 2491 2613 μων
2526 2541 2870 2612 ὀνομασθείς.
2904 2541 3079 2596 Πολλὰ
3151 2541 3333 2612 μέντοι
3389 2536 3661 2609 πατρόθεν
3683 2535 3909 2599 διαδεξά-

2372 2652 2554 2705 μενος,
2585 2635 2667 2689 ότι
2700 2633 2776 2706 μὴ
2801 2634 2910 2688 τῶν
2945 2633 3227 2702 πρωτείων
3256 2631 3410 2703 παρὰ
3460 2631 3568 2683 τῶν
3625 2629 3907 2699 Ταρκυινη-

2370 2723 2501 2779 σίων
2527 2724 2608 2789 ὡς
2636 2713 2844 2795 ἔπηλυς
2871 2723 3199 2794 κατηξίωτο,
3233 2721 3370 2793 πρὸς
3393 2721 3491 2792 τὴν
3559 2718 3782 2790 Ῥώμην
3823 2734 3904 2788 με-

2367 2813 2722 2882 ταναστεύει,
2760 2816 2857 2869 καὶ
2878 2814 2975 2885 τὴν
3014 2815 3209 2884 κλῆσιν
3265 2810 3775 2883 συμμεταθέμενος,
3828 2808 3905 2862 καὶ

2372 2906 2771 2978 μετωνομάσθη
2803 2905 3035 2968 Λούκιος
3083 2904 3386 2975 Ταρκύνιος
3463 2905 3528 2954 ἐκ
3564 2900 3665 2966 τῆς
3723 2899 3903 2957 πόλεως

2369 2999 2430 3052 ἐν
2458 2993 2493 3070 ἦ
2525 2997 2794 3070 παρῴκει.
2830 2997 3063 3065 Λέγεται
3092 2997 3150 3050 δὲ
3180 2993 3627 3065 μετοικιζομένου
3659 2991 3815 3051 ἀετὸς
3829 3004 3900 3039 κε-

2367 3090 2577 3154 ταπτάς
2599 3089 2844 3162 ἁρπάσαι
2873 3089 2964 3141 τὸν
3016 3087 3191 3152 πῖλον,
3241 3086 3300 3139 ὃν
3355 3081 3499 3154 εἶχεν
3561 3083 3654 3137 ἐπὶ
3711 3081 3804 3148 τῆς
3828 3095 3898 3130 κε-

2367 3178 2570 3253 φαλῆς,
2601 3183 2697 3236 καὶ
2738 3181 3129 3253 μετεωρισθεὶς
3188 3179 3281 3233 καὶ
3337 3175 3576 3248 κλάγξας
3635 3173 3729 3227 ἐπὶ
3770 3169 3901 3231 πολὺ,

2369 3274 2529 3338 αὖθις
2560 3271 2724 3328 αὐτὸν
2755 3273 3069 3344 ἐφαρμόσαι
3099 3273 3168 3342 τῇ
3214 3267 3382 3343 αὐτοῦ
3439 3266 3675 3335 κεφαλῇ,
3713 3265 3786 3325 ὡς
3834 3262 3904 3313 ινο

2369 3364 2560 3418 τεῦθεν
2592 3364 2758 3434 μηδὲν
2806 3362 3024 3415 ἐλπίσαι
3091 3361 3309 3430 μικρὸν,
3362 3358 3457 3411 καὶ
3513 3354 3806 3427 προθύμως
3848 3351 3901 3415 τῇ

2380 3456 2566 3526 Ῥώμη
2605 3453 3013 3523 ἐγκατοικῆσαι,
3043 3452 3162 3505 ὅθεν
3188 3453 3300 3514 τοῖς
3348 3449 3585 3521 πρώτοις
3664 3447 3723 3500 οὐ
3784 3443 3902 3515 μετὰ

2366 3548 2505 3602 πολὺ
2540 3545 2930 3618 συνηρίθμητο.
2976 3544 3064 3614 Τῷ
3120 3545 3176 3597 δὲ
3231 3544 3338 3612 γὰρ
3375 3541 3592 3611 πλούτῳ
3645 3537 3900 3611 χρώμενος

2369 3637 2772 3707 ἀφειδέστερον,
2807 3635 3022 3690 συνέσει
3055 3652 3113 3688 τε
3141 3636 3234 3687 καὶ
3264 3631 3600 3702 εὐτραπελία
3657 3631 3778 3692 τοὺς
3822 3627 3901 3681 δυο

2369 3730 2563 3790 νατοὺς
2597 3727 2987 3796 οἰκειούμενος,
3024 3729 3082 3790 ἐς
3145 3726 3274 3788 τοὺς
3317 3723 3648 3792 εὐπατρίδας
3692 3721 3784 3774 καὶ
3819 3718 3902 3784 τὴν

2370 3819 2565 3891 βουλὴν
2603 3819 2902 3888 κατελέχθη
2944 3816 3094 3888 παρὰ
3150 3816 3420 3886 Μαρκίου,
3479 3815 3572 3866 καὶ
3629 3807 3901 3882 στρατηγὸς

2370 3912 2690 3982 ἀπεδείχθη,
2724 3911 2815 3964 καὶ
2836 3912 2935 3980 τὴν
2957 3909 3062 3966 τῶν
3082 3908 3289 3961 παίδων
3311 3906 3523 3986 ἐκείνου,
3552 3902 3897 3975 ἐπιτροπείαν.

2371 4007 2595 4077 καὶτῆς
2630 4003 2909 4074 βασιλείας
2933 4002 3285 4055 πεπίστευτο.
3332 3997 3602 4051 Ἐδείκνυε
3637 3998 3743 4067 γὰρ
3793 3995 3898 4049 ἐαυ-

2368 4097 2461 4151 τὸν
2492 4097 2699 4164 ἀγαθὸν
2737 4095 2927 4164 ἄνδρα.
2951 4095 3252 4164 χρημάτων
3272 4111 3332 4146 τε
3353 4097 3466 4158 τοῖς
3517 4093 3787 4162 δεομένοις
3819 4104 3897 4155 με·

2368 4187 2632 4248 ταδιδοὺς,
2666 4186 2760 4237 καὶ
2789 4186 2978 4237 ἐαυτὸν
3004 4185 3220 4252 ἕτοιμον
3252 4185 3508 4253 παρέχων
3536 4184 3589 4235 εἴ
3634 4200 3714 4243 τις
3753 4179 3899 4232 δίοιτο

2370 4277 2535 4331 αὐτοῦ
2559 4279 2644 4337 εἰς
2674 4274 2948 4346 βοήθειαν·
2981 4273 3181 4343 φαῦλον
3210 4273 3266 4327 δέ
3293 4273 3474 4343 (89.)τι
3501 4271 3612 4326 οὗτ⁹
3637 4273 3895 4342 ἔπραττεν,

2371 4370 2484 4423 οὔτ’
2514 4371 2699 4440 ἔλεγεν
2715 4368 2909 4422 οὐδενί.
2936 4369 3045 4420 Καὶ
3069 4366 3186 4420 εἴτι
3222 4365 3359 4436 πρός
3388 4382 3550 4417 τινων
3580 4363 3640 4416 εὖ
3665 4363 3893 4427 ἔπασχεν.

2371 4465 2532 4534 ἐξῇρε
2565 4467 2624 4515 τὸ
2652 4464 2951 4530 γινόμενον·
2979 4465 3027 4514 εί
3059 4462 3112 4513 δέ
3144 4479 3195 4514 τι
3225 4461 3321 4514 καὶ
3351 4459 3752 4529 ἐπαχθέστερον
3776 4450 3895 4516 αύτῷ

2373 4555 2604 4621 γένοιτο,
2635 4553 2668 4622 ἢ
2700 4552 2809 4603 οὐδ’
2844 4549 3117 4616 ἐλογίζετο
3145 4550 3204 4602 τὸ
3233 4548 3509 4614 λυποῦν,ἢ
3539 4549 3634 4600 καὶ
3663 4543 3895 4613 φαυλίσας

2375 4642 2785 4712 παρελογίζετο·
2827 4642 2887 4693 οὑ
2923 4641 3084 4708 μόνον
3109 4657 3167 4691 τε
3191 4640 3290 4692 οὐκ
3317 4637 3563 4706 ἠμύνατο
3620 4635 3712 4687 τὸν
3770 4629 3894 4682 λελυ-

2376 4737 2615 4805 πηκότα,
2649 4732 2784 4786 άλλὰ
2813 4732 2906 4784 καὶ
2939 4731 3250 4800 εὐηργέτει.
3277 4730 3499 4792 Τούτοις
3536 4729 3696 4781 αὐτόν
3725 4741 3779 4779 τε
3822 4721 3894 4773 τὸν

715 4829 806 4883 ille
849 4830 1194 4884 senatoribus
1247 4826 1639 4899 potentissimis
1690 4825 1792 4879 sibi
1848 4824 2154 4894 adjunctis.
2213 4834 2266 4879 et

2377 4828 2642 4895 Μάρκιον,
2672 4824 2765 4877 καὶ
2794 4823 2919 4885 τοὺς
2949 4822 3076 4892 περὶ
3103 4821 3265 4874 αὑτὸν
3283 4819 3634 4891 ἐχειρώσατο,
3661 4809 3895 4876 καὶδόξαν

714 4920 1151 4976 adolescentibus
1205 4922 1396 4990 procul
1443 4921 1508 4975 ad
1579 4919 1922 4978 venationem
1987 4916 2268 4985 ablegatis,

715 5013 853 5068 nihil
895 5025 1002 5067 non
1036 5019 1092 5065 et
1145 5011 1280 5067 dixit
1307 5023 1364 5067 et
1402 5012 1551 5073 fecit,
1599 5011 1773 5065 donec
1821 5023 2046 5079 regnum
2097 5007 2270 5077 impe-

716 5112 947 5157 trasset:
993 5101 1042 5154 id
1073 5115 1129 5155 se
1155 5104 1358 5169 pueris,
1385 5102 1473 5156 ubi
1505 5103 1892 5164 adolevissent,
1923 5101 2269 5155 redditurum

715 5193 1004 5260 professus.
1042 5192 1242 5245 Rerum
1275 5202 1452 5245 autem
1502 5195 1706 5261 potitus
1739 5195 2015 5247 Romanos
2046 5193 2118 5246 ita
2163 5203 2269 5246 tra-

717 5283 904 5346 ctavit,
938 5293 996 5336 ut
1025 5285 1202 5354 regios
1231 5282 1607 5343 adolescentes
1634 5299 1911 5354 nunquam
1946 5284 2044 5352 ipsi
2079 5285 2274 5354 pra-la-

720 5376 828 5427 turi
857 5387 1060 5439 essent,
1090 5392 1323 5446 quorum
1372 5375 1585 5430 animos
1641 5387 1699 5430 et
1767 5393 1993 5446 corpora
2025 5385 2273 5430 assuetu-

719 5466 847 5522 dine
899 5465 1123 5536 ignavia:
1172 5484 1269 5537 per
1315 5468 1668 5540 benignitatis
1718 5469 1950 5536 speciem
2006 5468 2270 5536 corrupit.

2377 4919 2565 4987 ἀνδρὸς
2592 4917 2858 4986 ἐκτήσατο
2881 4913 3044 4983 σοφοῦ
3065 4930 3123 4965 τε
3147 4914 3240 4964 καὶ
3261 4911 3486 4979 ἀγαθοῖν
3516 4911 3629 4964 ἀλλ’
3659 4910 3717 4963 ού
3756 4917 3895 4973 προσ·

2380 5007 2558 5075 έμεινε
2587 5006 2744 5075 μέχρι
2768 5004 2956 5066 τέλους
2997 5002 3143 5072 αὐτῷ
3181 5004 3213 5072 ὴ
3244 5001 3525 5070 ὑπόληψις.
3550 5001 3656 5053 Τοῦ
3679 4992 3893 5063 Μαρκίου

2376 5098 2484 5165 γὰρ
2512 5098 2951 5164 τελευτήσαντος,
2991 5095 3174 5157 κακῶς
3194 5095 3452 5164 περὶτοὺς
3480 5091 3684 5144 ἐκείνου
3710 5080 3890 5145 διετέθη

2375 5191 2483 5244 δύω
2501 5191 2657 5251 υἱεῖς,
2676 5187 2767 5241 καὶ
2787 5187 2884 5257 τὴν
2901 5185 3175 5255 βασιλείαν
3193 5183 3599 5253 ἐσφετερίσατο.
3617 5179 3725 5247 Τῆς
3741 5194 3795 5229 τε
3808 5174 3894 5240 γὰρ

2379 5280 2571 5352 βουλῆς
2597 5280 2689 5332 καὶ
2719 5278 2812 5331 τοῦ
2837 5278 3010 5347 δήμου
3034 5279 3155 5340 τοὺς
3182 5275 3274 5329 τοῦ
3308 5273 3555 5344 Μαρκίου
3591 5272 3774 5330 παῖδας
3797 5283 3890 5335 χει-

2383 5375 2617 5443 ροτονεῖν
2655 5369 2978 5440 μελλόντων,
3014 5370 3222 5429 ἐκεῖνος
3248 5366 3356 5418 τῶν
3385 5364 3680 5434 βουλευτῶν
3709 5378 3766 5414 τε
3791 5357 3892 5413 τοὺς

2325 5455 2331 5464 ’
2377 5466 2784 5526 δυνατωτάτους
2849 5459 3107 5530 μετῆλθε,
3138 5458 3391 5522 καὶτοὺς
3440 5457 3703 5528 ὀρφανοὺς
3736 5447 3893 5519 πόρρω

1901 5621 2105 5682 Varia)
2138 5621 2446 5682 lectionis
2492 5631 2552 5682 et
2582 5602 2771 5681 notae.

795 5767 905 5834 (8|)
939 5765 1043 5820 λαὶ
1073 5765 1315 5830 πολλὴν
1346 5769 1449 5820 τοῦ
1509 5772 1667 5822 θείου
1705 5769 1851 5820 κατὰ
1887 5766 1988 5820 τρίτ’
2029 5765 2276 5818 πάππον

2459 5765 2568 5832 (89.)
2597 5765 2836 5818 φαῦλον
2865 5764 2949 5816 δέ.
2988 5763 3065 5818 Es
3114 5763 3301 5819 Dionis
3331 5764 3426 5820 lib.
3472 5779 3511 5828 ι,
3540 5761 3594 5816 in
3642 5747 3890 5821 Excerplis

652 5857 655 5861 ·
728 5837 968 5906 Νοῡμαν
994 5837 1330 5906 ποιουμένῳ
1359 5838 1471 5901 τήν
1500 5840 1860 5904 ἐπιμέλειαν.
1915 5839 2120 5892 Desunt
2165 5836 2266 5889 hau

2389 5835 2704 5891 \‘alcsianis.

730 5905 893 5966 verba
919 5905 977 5964 in
1002 5906 1162 5965 codd.
1193 5908 1326 5981 Reg.
1351 5917 1404 5966 et
1423 5907 1578 5965 Colb.
