3986 6338
204 494 311 557 573

1422 485 1824 550 ANNALIUM
1864 485 2008 545 LIB.
2045 482 2181 546 VII.
2286 545 2288 547 .

3297 478 3398 539 514

196 610 287 661 τὸν
317 588 531 674 πατέρα
562 602 635 667 ώς
654 599 930 672 ,τύραννον
953 599 1046 653 καὶ
1075 598 1454 670 παράσπονδον
1483 596 1751 665 ἔλοιδόρη·
1780 646 1782 653 .

1880 610 1909 649 n
1948 599 2168 665 patrem
2213 587 2516 644 maledictis
2554 587 2965 643 adducebantur
3000 602 3015 642 τ
3054 600 3082 640 a
3114 600 3221 656 quo
3276 601 3399 641 cum

198 715 312 753 σιν.
366 697 427 750 '0
456 696 513 748 δὲ
543 694 634 748 τὸν
665 694 778 746 υίὸν
801 692 1147 763 ἒμαστίγωσέ
1174 709 1233 744 τε
1267 693 1357 745 καὶ
1389 691 1751 762 ἀντημύνατο,

196 788 317 840 εἶτα
342 786 488 840 κατὰ
536 785 808 855 συνθήκας
861 786 995 853 πρὸς
1040 784 1329 847 Γαουῖνους
1362 781 1760 853 ιψευδαυτομό-

1854 702 1978 742 eum
2032 683 2216 739 hostili
2261 682 2391 738 odio
2433 680 2697 736 dissidere
2750 678 3078 741 crederent,
3130 678 3399 732 hominem

1856 776 2242 846 benignissime
2286 780 2678 842 susceperunt.
2714 780 2769 825 et
2814 772 3020 840 aliquot
3067 784 3189 822 cum
3242 784 3306 823 eo
3350 769 3402 821 in

196 880 354 946 λησε,
388 877 647 947 χρήματα
685 894 744 929 τε
779 878 871 929 καὶ
908 876 1156 945 ἑταίρους
1200 873 1569 947 παρειληφώς.
1606 873 1671 925 Ol
1703 870 1759 924 δὲ

1880 873 2162 926 ,ὶοιιιοηυω
2198 883 2383 937 agrum
2426 865 2815 934 impressiones
2858 878 3047 933 magna
3078 862 3229 916 clade
3258 861 3405 915 illata

198 966 603 1029 πιστεύσαντες
631 968 695 1035 τῇ
735 967 905 1035 σκηνῇ
948 964 1036 1018 διά
1074 981 1131 1017 τε
1160 966 1257 1034 τὴν
1307 962 1403 1016 τοῦ
1454 961 1760 1032 Ταρκυνίου

1880 967 2130 1020 'ecerunt.
2169 960 2264 1017 His
2298 960 2462 1029 igitur
2494 957 2563 1011 de
2597 958 2774 1013 causis
2797 996 2812 1017 ,
2846 964 2901 1009 et
2940 954 3083 1023 quod
3127 953 3406 1022 pecuniam

195 1055 487 1125 ὠμότητα,
513 1056 610 1110 καὶ
645 1058 723 1109 ὅτι
759 1058 879 1110 τότε
912 1056 1081 1110 πολλᾶ
1106 1050 1395 1126 καὶάληθῆ
1423 1056 1514 1107 τὸν
1553 1057 1764 1127 πατέρα

196 1148 561 1218 ἐκακηγόρει,
585 1145 875 1202 κάντεῦθεν
895 1147 1378 1218 ἐκπεπολεμῶσθαι
1394 1146 1541 1217 αὐτῷ
1563 1147 1762 1210 ἐδόκει,

198 1217 468 1305 ἐδέξαντό
498 1256 557 1292 τε
584 1240 744 1293 αὐτὸν
776 1217 1203 1309 ἀσμενέστατας,
1239 1241 1330 1292 καί
1359 1253 1511 1302 τινας
1544 1217 1767 1291 ἐπελεύ-

198 1349 318 1396 σεις
352 1332 503 1387 κατὰ
531 1332 630 1410 τῆς
679 1330 994 1399 Ῥωμαϊκῆς
1028 1330 1209 1403 χώρας
1241 1333 1336 1384 σὺν
1378 1330 1527 1400 αὐτῷ
1573 1331 1763 1399 ἐποιή-

198 1440 390 1487 σαντο,
427 1426 524 1480 καὶ
556 1425 617 1477 οὐ
664 1424 895 1495 μετρίως
921 1424 1056 1494 αὐτῇ
1084 1424 1437 1493 ἐλυμήναντο.
1468 1424 1564 1475 Διὰ
1591 1420 1764 1474 ταῦτα

196 1513 334 1583 γοῦν
364 1516 463 1568 καὶ
496 1503 700 1568 ὅτικαὶ
738 1516 994 1585 χρήματα
1026 1514 1130 1593 ἰδία
1160 1514 1220 1565 τέ
1252 1530 1361 1565 τισι
1394 1514 1641 1582 παρεῖχε,
1674 1510 1768 1562 καὶ

198 1608 256 1670 ις
288 1606 356 1658 τὸ
392 1606 571 1659 κοινὸν
620 1607 877 1676 ἀνήλισκε
919 1604 1180 1674 δαψιλῶς,
1224 1604 1391 1674 ᾑρέθη
1430 1604 1558 1673 παρ’
1594 1601 1769 1654 αὐτῶν

200 1700 537 1770 στρατηγὸς,
570 1698 661 1749 καὶ
688 1696 785 1768 τὴν
816 1696 923 1749 τῶν
965 1696 1253 1749 πολιτικῶν
1282 1696 1338 1745 ὲν
1383 1695 1561 1757 αὐτοῖς
1596 1708 1773 1761 πραγο

204 1791 401 1859 μάτων
469 1789 754 1858 ἐπετράπη
811 1790 1093 1860 διοίκησιν.
1149 1792 1271 1844 Ἐπὶ
1330 1790 1541 1851 τούτοις
1601 1788 1773 1858 λάθρα

200 1880 433 1950 πέμψας
470 1881 613 1942 τινὰ,
640 1882 708 1934 τὰ
743 1881 1023 1951 συμϐάντα
1072 1900 1129 1934 τε
1181 1883 1438 1951 ἐγνώρισε
1469 1880 1544 1949 τῷ
1584 1860 1771 1949 πατρὶ,

202 1972 301 2025 καὶ
338 1971 482 2043 πρὸς
510 1971 572 2023 τὸ
597 1970 791 2041 μέλλον
818 1971 1041 2042 γνώμην
1074 1974 1273 2042 ⁴ᾔτησεν
1307 1973 1366 2035 ἐξ
1403 1970 1586 2024 αὐτοῦ.
1629 1971 1686 2022 Ὀ
1715 1970 1773 2021 δὲ

201 2059 328 2116 orm
360 2063 466 2133 μὲν
490 2062 567 2133 τῷ
590 2061 893 2131 πεμφθέντι
918 2064 1086 2125 οὐδὲν,
1118 2065 1201 2116 ἴνα
1238 2065 1309 2134 μὴ
1340 2064 1466 2125 ἴσως
1497 2062 1774 2129 γνωσθεὶς,

202 2154 351 2207 ἑκών
389 2155 505 2227 τιῆ
557 2155 707 2209 ἄκων
749 2157 978 2221 ἐξείποι.
1009 2158 1098 2218 Εἰς
1140 2158 1194 2209 δὲ
1242 2157 1416 2225 κῆπον
1468 2152 1778 2221 εἰσαγαγὼν

202 2246 400 2309 αὐτὸν,
431 2248 491 2299 ὲν
523 2240 565 2314 ᾧ
599 2249 848 2316 μήκωνες
874 2243 1035 2315 ἦσαν,
1070 2248 1164 2307 τὰς
1202 2246 1411 2306 κιυδόας
1443 2246 1579 2313 (87‘)
1603 2242 1780 2296 αὐτῶν

202 2338 305 2402 τὰς
340 2339 725 2409 ὑπερεχούσας
781 2340 959 2409 ράδδῳ
1019 2338 1343 2402 κατέκλασε,
1405 2337 1498 2390 καὶ
1548 2338 1624 2397 εἰς
1678 2335 1779 2401 γῆν

204 2430 614 2507 κατεστόρησε,
643 2432 736 2484 καὶ
758 2428 900 2482 οὕτω
920 2432 1012 2481 τὸν
1036 2429 1431 2499 ἀγγελιαφόρον
1461 2424 1775 2496 ἀπέπεμψε.

206 2522 321 2576 Καὶ
350 2524 385 2575 6
420 2522 519 2593 μὲν
553 2522 616 2575 τὸ
643 2523 887 2592 πραχθὲν
919 2522 994 2593 τῷ
1022 2523 1198 2593 Σέξτῳ
1226 2520 1579 2592 ἀπήγγειλεν,
1618 2520 1779 2570 ἀσυν-

206 2612 349 2675 έτως
378 2612 523 2681 ἔχων
551 2613 647 2681 τῆς
676 2614 944 2683 πράξεως.
990 2613 1048 2666 '0
1084 2614 1139 2664 δὲ
1169 2614 1259 2664 τὸν
1289 2613 1411 2665 νοῦν
1445 2610 1645 2678 συνῆκε
1688 2609 1783 2677 τῆς

208 2705 560 2767 ὑποθέσεως,
590 2706 684 2757 καὶ
726 2706 848 2767 τοὺς
896 2690 1349 2774 ἀξιολογωτέρους
1372 2702 1478 2754 τῶν
1514 2702 1783 2754 Γαουῖνων

207 2797 341 2857 τοὺς
400 2796 502 2863 μὲν
534 2795 707 2866 λρθρα
742 2796 1048 2867 φαρμάκοις
1076 2795 1366 2863 διέφθειρε,
1415 2794 1539 2853 τοὺς
1595 2792 1649 2843 δὲ
1696 2791 1785 2844 διά

207 2900 382 2938 τινων
394 2882 577 2953 ῥῆθεν,
602 2883 835 2954 λῃστῶν,
876 2885 1064 2947 ἄλλους
1097 2885 1153 2937 δὲ
1188 2886 1250 2937 ἐκ
1306 2882 1665 2952 δικαστηρίων
1720 2882 1783 2933 ἀ·

216 2975 506 3053 πέκτεινε,
538 2976 899 3045 συκοφαντίας
930 2976 1049 3029 κατ’
1089 2975 1265 3029 αὐτῶν
1292 2974 1427 3044 πρὸς
1453 2972 1543 3025 τὸν
1578 2971 1785 3042 πατέρα

210 3064 516 3131 προδοσίας
570 3065 955 3134 πλαττόμενος.
1012 3068 1234 3132 Ὅμοιον
1263 3062 1317 3115 δέ
1372 3080 1426 3114 τι
1474 3062 1647 3131 τούτῳ
1693 3062 1787 3113 καὶ

210 3156 240 3208 ὁ
278 3155 576 3223 Ἡρόδοτος
613 3154 721 3226 (88)
772 3157 994 3226 ἱστορεῖ.
1048 3157 1373 3228 Περίανδρον
1423 3158 1528 3223 γὰρ
1560 3155 1650 3205 τὸν
1682 3154 1788 3205 Κυ-

1864 1056 2144 1127 aliquibus
2174 1052 2430 1123 privatim
2465 1051 2666 1113 dabat,
2698 1058 2752 1103 ct
2784 1048 2836 1101 in
2858 1040 3139 1113 publicum
3178 1042 3411 1095 liberali-

1862 1162 1948 1209 ter
1974 1147 2290 1207 eonierebat
2312 1187 2325 1209 ,
2357 1146 2469 1203 dux
2496 1146 2563 1199 ab
2590 1145 2669 1199 eis
2694 1152 2911 1197 creatus
2940 1148 3045 1202 est,
3084 1137 3411 1191 urbanarum

1862 1246 2027 1302 etiam
2057 1257 2242 1297 rerum
2275 1239 2750 1294 administratione
2782 1234 3093 1291 commissa.
3121 1230 3370 1285 Pustbazc
3398 1268 3411 1290 ,

1852 1354 1964 1410 per
1983 1334 2272 1407 quemdam
2304 1332 2442 1402 patri
2466 1341 2667 1386 statum
2694 1343 2873 1382 rerum
2932 1339 3151 1379 suarum
3179 1320 3410 1381 nuntiat,

1867 1409 2000 1500 quid
2043 1442 2103 1483 se
2136 1426 2315 1480 facere
2377 1423 2541 1487 velit,
2586 1421 2916 1477 sciscitatur.
2963 1416 3058 1469 ille
3105 1428 3231 1468 vero
3281 1409 3417 1464 nihil

1869 1518 2163 1591 respondet
2198 1516 2389 1571 nuntio
2415 1556 2428 1578 ,
2466 1531 2532 1569 ne
2557 1511 2808 1582 cognitus
2836 1508 2921 1563 vel
2952 1507 3137 1560 volens
3169 1503 3252 1556 vel
3280 1501 3419 1555 invi-

1871 1621 1958 1665 tus
1980 1622 2238 1664 arcanum
2263 1604 2456 1675 prodat
2484 1621 2498 1658 :
2530 1601 2625 1657 sed
2651 1600 2703 1655 in
2730 1602 2946 1654 hortum
2971 1596 3168 1651 aedium
3196 1590 3417 1654 transit,

1871 1705 2132 1766 sequente
2164 1694 2288 1757 illo,
2321 1702 2377 1747 et
2401 1708 2617 1755 summa
2642 1702 2970 1760 papaverum
3004 1685 3181 1753 capita
3225 1678 3418 1734 baculo

1875 1788 2108 1852 decutit,
2133 1787 2317 1853 itaque
2345 1784 2599 1838 nuntium
2638 1782 2840 1835 dimitit
2874 1798 2887 1833 :
2918 1779 3012 1848 qui
3042 1793 3099 1831 re
3132 1790 3235 1828 non
3263 1771 3423 1826 intel-

1874 1882 2036 1943 lecta,
2076 1878 2205 1949 quid
2236 1885 2417 1932 actum
2456 1885 2632 1930 esset.
2674 1872 2835 1927 Sexto
2866 1870 3161 1932 renuntiat.
3205 1866 3256 1919 ls
3292 1877 3422 1916 vero

1879 1970 2261 2025 animadverso
2290 1968 2460 2038 patris
2492 1966 2721 2020 consilio
2744 2003 2758 2025 ,
2791 1963 3125 2018 Gabinorum
3158 1957 3423 2027 primores

1873 2063 2068 2135 partim
2103 2062 2239 2115 clam
2274 2075 2486 2114 veneno
2524 2057 2780 2119 sustulit,
2826 2054 3023 2122 partim
3058 2068 3154 2120 per
3198 2045 3426 2102 sicarios

1876 2156 2148 2212 interfecit
2196 2172 2210 2208 :
2251 2150 2387 2207 alios
2427 2153 2480 2206 in
2518 2150 2723 2221 judicio
2765 2148 3057 2202 calumniis
3094 2153 3383 2211 oppressos
3409 2175 3423 2197 ,

1876 2248 2033 2318 quasi
2078 2246 2268 2301 urbem
2308 2243 2449 2313 patri
2500 2258 2600 2297 suo
2646 2240 2879 2311 prodere
2926 2236 3165 2293 vellenti,
3203 2229 3426 2285 amovit.

1878 2338 2066 2395 Simile
2114 2336 2377 2406 quiddam
2425 2332 2736 2388 Herodotus
2776 2331 2841 2383 de
2878 2326 3176 2383 Periandro
3217 2320 3430 2389 Cypseli

1878 2429 2021 2493 tilio,
2054 2425 2305 2483 Corinthi
2342 2439 2572 2497 tyranno
2595 2464 2608 2487 ,
2634 2422 2866 2477 scribit:
2910 2418 2999 2487 qui
3036 2431 3159 2470 cum
3192 2429 3220 2467 a
3255 2412 3431 2465 Thra-

1886 2520 2067 2576 sibulo
2111 2518 2280 2573 Mileti
2329 2528 2561 2588 tyranno
2594 2512 2881 2567 consilium
2922 2505 3171 2561 firmandi
3215 2499 3429 2569 imperii

1881 2614 2162 2682 petiisset,
2202 2606 2605 2677 Thrasybulum
2639 2601 2833 2656 nuntio
2863 2600 2996 2653 'voce
3027 2595 3165 2650 nihil
3198 2606 3427 2660 respou—

1881 2707 2027 2762 disse
2052 2725 2065 2759 :
2100 2703 2193 2758 sed
2220 2718 2285 2757 eo
2314 2702 2367 2755 in
2402 2708 2636 2768 segetem
2662 2694 2897 2749 deducto
2918 2731 2933 2755 ,
2968 2688 3163 2744 culmis
3190 2684 3436 2739 eminen-

1884 2790 2382 2855 tioribusresectis
2430 2797 2485 2840 et
2524 2784 2781 2854 abiectis,
2823 2779 3099 2835 hominem
3139 2771 3434 2828 dimisisse.

1882 2885 1985 2952 Qui
2011 2896 2263 2939 reversus
2285 2919 2299 2942 ,
2336 2879 2513 2947 deque
2545 2876 2693 2930 illius
2719 2871 2952 2927 consilio
2983 2877 3235 2937 rogatus,
3285 2861 3437 2914 dixe-

1854 2979 1957 3034 ‘rit
1981 3021 1997 3043 ,
2031 2992 2088 3032 se
2116 2975 2185 3030 ad
2218 2973 2491 3027 hominem
2542 2975 2735 3023 emotae
2769 2963 2969 3017 mentis
3008 2974 3127 3013 esse
3169 2955 3434 3038 missum,

1886 3079 2065 3134 neque
2085 3062 2230 3117 enim
2260 3060 2325 3114 ad
2355 3059 2685 3124 interrogata
2709 3051 3004 3122 quidquam
3022 3046 3176 3116 331
3214 3055 3436 3110 respon-

1888 3155 2054 3218 disse,
2073 3168 2135 3206 ac
2154 3150 2283 3229 quid
2308 3150 2396 3202 ille
2424 3147 2658 3207 fecisset,
2679 3142 2915 3195 narrarit
2941 3158 2956 3194 :
2988 3148 3041 3193 at
3058 3134 3438 3196 Periandrum,

208 3243 384 3310 ψέλου
465 3224 725 3311 τύραννον
783 3224 1045 3312 Κορίνθου
1104 3224 1389 3313 γενόμενον
1458 3241 1591 3310 φησι
1654 3239 1782 3309 πρὸς

1889 3224 2520 3310 ἱῄιοιιεοιατιιταεγὺυιί
2548 3236 2777 3297 ratione,
2805 3246 2995 3285 omnes
3025 3224 3439 3287 Corinthiorum

210 3331 604 3402 Θρασύϐουλον
651 3333 743 3386 τὸν
785 3332 1023 3405 Μιλήτου
1070 3335 1330 3404 τύραννον
1380 3331 1786 3403 διαπέμψασθαι

214 3422 651 3489 πυνθανόμενον,
700 3423 847 3488 ὅπως
893 3426 1039 3494 αὐτῷ
1074 3427 1138 3477 τὰ
1184 3418 1284 3493 τῆς
1320 3420 1495 3494 ἀρχῆς
1530 3423 1787 3491 ἀσφαλῶς

1891 3336 2166 3408 principes
2210 3330 2521 3387 sustulisse.
2572 3325 2653 3382 Ad
2688 3322 2939 3380 eumdem
2986 3317 3208 3399 modum
3242 3313 3440 3367 Sextus

1890 3402 2225 3483 etiamrcum
2265 3421 2494 3477 Gabinis
2533 3418 2688 3489 egit:
2729 3424 2785 3470 et
2826 3410 3141 3467 melioribus
3202 3402 3397 3459 occisis
3422 3440 3438 3464 ,

211 3512 352 3576 εξει.
388 3514 496 3564 Τὸν
518 3514 571 3565 δὲ
594 3514 966 3585 θρασύῶυλον
982 3493 1059 3587 τῷ
1082 3493 1471 3584 ἀπαγγείλαντι
1491 3515 1661 3568 ταῦτα
1686 3531 1782 3584 μγ,-

1889 3535 2079 3575 eorum
2116 3515 2376 3584 pecunias
2405 3512 2565 3580 vulgo
2608 3504 2912 3562 distribuit.
2964 3498 3167 3555 Deinde
3198 3496 3302 3550 illis
3348 3493 3442 3547 de-

212 3605 304 3658 δὶν
330 3604 756 3675 ἀποκρίνασθαιο
771 3608 1125 3675 ἀπαγαγόντα
1145 3610 1189 3660 δ’
1208 3611 1286 3669 εἰς
1308 3608 1475 3677 λήϊον,
1492 3609 1599 3660 τῶν
1621 3610 1782 3661 ἀστα-

1889 3610 2049 3671 letis,
2095 3604 2322 3675 reliquis
2366 3601 2642 3669 deceptis,
2688 3606 2744 3650 et
2807 3592 2989 3647 omnia
3048 3587 3439 3650 credentibus,

215 3696 372 3765 χὺων
387 3695 516 3757 τοὺς
536 3696 894 3767 ὑπερέχοντας
918 3700 1201 3766 ἐκτέμνειν
1226 3714 1280 3748 τε
1309 3699 1400 3750 καὶ
1431 3699 1664 3768 ῥιπτεῖν,
1694 3698 1782 3749 καὶ

1893 3713 2016 3753 eum
2068 3674 2327 3750 Romanis
2375 3688 2605 3760 captivis
2644 3694 2701 3741 et
2742 3681 3064 3750 transfugis,
3106 3693 3242 3747 quos
3278 3691 3340 3730 ea
3375 3674 3443 3727 de

215 3787 413 3850 οὕτως
460 3766 780 3858 ἀποπέμψαι
825 3789 913 3841 τὸν
939 3790 1286 3859 ἐσταλμένον.
1326 3766 1441 3842 Τὸν
1470 3790 1526 3861 δὲ
1565 3787 1782 3842 επανελε

1890 3782 2055 3844 ’σαυςα
2088 3786 2291 3841 multos
2320 3787 2589 3850 coegerat,
2621 3777 2811 3831 urbem
2845 3769 3156 3841 occupavit.
3190 3766 3444 3835 patrique

218 3879 417 3953 εὖντα,
456 3880 552 3933 καὶ
593 3854 806 3951 τηνγτοῦ
836 3854 1209 3951 Θρασυϐούλου
1247 3860 1551 3949 συμϐουλὴν
1579 3878 1782 3949 ἐρωτώ-

1898 3878 2143 3938 tradidit.
2170 3874 2275 3931 Sed
2303 3875 2368 3941 is,
2394 3889 2457 3929 ea
2484 3870 2596 3926 ﬁlio
2623 3881 2898 3930 concessa,
2930 3876 3054 3918 cum
3089 3858 3211 3913 aliis
3232 3854 3447 3927 populis

225 3989 421 4042 μενον,
452 3972 644 4036 είπεῐν,
673 3975 751 4034 είς
783 3973 1111 4043 παραπλῆγα
1132 3973 1463 4043 πεμφθῆναι,
1485 3973 1782 4041 καὶδιηγεῖ-

1896 3968 2097 4022 bellum
2123 3964 2309 4035 gessit.

223 4063 354 4115 σθαι
381 4065 489 4115 ὅσα
508 4034 709 4125 ἐκεῖνος
730 4034 970 4133 ἐποίησε,
1094 4081 1145 4116 τι
1167 4034 1298 4131 πρδς
1316 4034 1615 4133 δ’ήρωτήθη
1630 4034 1997 4130 φθεγξάμενος
2020 4071 2036 4088 ⁶
2060 4034 2149 4109 τὸν
2171 4055 2226 4107 δέ
2258 4071 2321 4122 γε
2343 4052 2671 4122 Περίανδρον
2698 4046 3001 4101 συνεικέναι
3040 4040 3130 4093 τὸν
3175 4036 3268 4090 τοῦ
3299 4034 3444 4102 Opa-

227 4156 502 4209 συὸούλου
541 4155 821 4225 λογισμὸν,
851 4157 943 4210 καὶ
975 4157 1099 4219 τοὺς
1126 4156 1484 4226 ὑπερέχοντας
1537 4155 1642 4208 τῶν
1693 4151 1995 4222 Κορινθίων
2028 4148 2272 4209 ἅπαντας
2304 4144 2583 4200 ἀπολέσαι.
2613 4142 2720 4195 Kal.
2747 4140 2776 4191 ὁ
2808 4136 2998 4201 Σέξτος
3023 4130 3115 4185 οὖν
3144 4128 3283 4181 οὓτω
3322 4123 3448 4183 τοὺς

227 4251 271 4304 Γ
272 4252 526 4313 αουτνους
558 4215 817 4321 μετῆλθε,
856 4252 951 4304 καὶ
990 4215 1112 4311 τοὺς
1159 4215 1256 4320 μὲν
1287 4215 1564 4320 κρείττους
1596 4215 1870 4310 ἀπώλλυε,
1899 4246 1975 4315 τῷ
2009 4243 2202 4312 πλήθει
2243 4240 2299 4292 δι
2328 4238 2397 4290 τὰ
2423 4238 2569 4305 σφῶν
2607 4235 2819 4302 διένεμε
2854 4232 3128 4301 χρήματα.
3162 4219 3273 4283 Καὶ
3311 4215 3448 4286 μετά

226 4341 396 4393 τοῦτο
446 4341 553 4392 τῶν
618 4340 715 4409 μὲν
761 4340 1161 4408 διαφθαρέντων
1212 4340 1331 4409 ἤδη,
1360 4339 1469 4391 τῶν
1490 4339 1547 4391 δὲ
1584 4339 1788 4391 λοιπῶν
1816 4329 2206 4407 ἠπατημένων,
2240 4333 2333 4385 καὶ
2368 4330 2544 4385 πάντα
2580 4326 2940 4379 πιστευόντων
2965 4317 3133 4389 αὐτῷ,
3174 4314 3309 4386 μετὰ
3340 4309 3447 4360 τῶν

230 4429 604 4502 αἰχμαλώτων
638 4405 944 4499 Ῥωμαίων,
965 4405 1067 4484 καὶ
1092 4432 1200 4484 τῶν
1230 4405 1559 4501 αὐτομόλων,
1590 4432 1681 4496 οὒς
1712 4405 1937 4493 πολλοὺς
1959 4430 2049 4483 διὰ
2074 4427 2232 4482 τοῦτο
2265 4413 2605 4493 συνήθροισε,
2631 4420 2861 4488 κατέσχε
2891 4419 2989 4487 τὴν
3028 4417 3200 4478 πόλιν,
3239 4409 3331 4463 καὶ
3371 4405 3449 4478 τῷ

233 4525 411 4595 πατρὶ
445 4523 811 4591 παραδέδωκε.
850 4524 1042 4586 Καὶ’δς
1070 4524 1283 4592 ἐκείνης
1310 4520 1508 4594 τῷυίῷ
1536 4522 1947 4592 παρεχώρησεν,
1986 4519 2145 4580 αὐτὸς
2172 4518 2227 4570 δὲ
2253 4516 2384 4585 πρὸς
2411 4515 2543 4569 ἄλλα
2578 4512 2914 4581 ἐπολέμησεν
2948 4509 3096 4574 ἔθνη.

312 4614 585 4676 1Ᾱ’.Τοὺς
634 4613 691 4666 δὲ
742 4613 839 4679 τῆς
871 4612 1131 4680 Σιϐύλλης
1180 4613 1459 4683 χρησμοὺς
1509 4610 1782 4680 Ῥωμαίοις

1966 4607 2061 4662 Xl.
2100 4605 2367 4661 Ceterum
2420 4604 2638 4658 oracula
2670 4600 2931 4669 Sibyllina
2980 4596 3065 4649 vel
3117 4594 3320 4648 invitus
3350 4606 3449 4660 po-

235 4709 336 4762 xci
364 4708 515 4759 ἄκων
547 4706 1001 4774 προσεποιήσατο.
1036 4704 1176 4774 Γυνὴ
1214 4704 1321 4772 γάρ
1352 4721 1434 4765 τις
1488 4694 1799 4771 θεόμαντις,

236 4800 307 4867 ἢν
331 4795 595 4848 Σιϐύλλαν
621 4792 922 4862 ὠνόμαζον,
948 4795 1003 4855 ἐς
1029 4794 1128 4863 τὴν
1165 4791 1384 4863 Ῥώμην
1418 4791 1667 4862 ἐλήλυθε,
1718 4788 1813 4858 βιο,

238 4890 371 4943 σλία
404 4886 530 4953 τρία
560 4885 591 4954 ἢ
625 4884 1071 4950 ὲννέαφέρουσα,
1098 4884 1383 4937 καὶταῦτα
1413 4882 1677 4953 πρίασθαι
1706 4880 1802 4951 ιτῷ

238 4978 539 5051 Ταρκυνίῳ
578 4975 770 5038 ἐδίδου,
802 4975 899 5026 καὶ
931 4972 1027 5044 τὴν
1056 4975 1218 5043 τιμὴν
1256 4956 1365 5026 τῶν
1421 4973 1639 5043 βιϐλίων
1670 4970 1804 5041 ὡρί-

241 5088 399 5125 σατο.
447 5066 686 5120 Ἐκείνου
719 5063 775 5117 δὲ
809 5064 882 5134 μὴ
914 5063 1346 5133 προσεσχηκότος
1376 5063 1533 5133 αὐτῇ,
1562 5062 1622 5114 τὸ
1669 5060 1726 5114 ἒν
1770 5060 1802 5131 ἢ

240 5161 317 5216 τὰ
342 5160 470 5229 τρία
492 5157 599 5210 τῶν
629 5155 848 5225 βιϐλίων
897 5155 1255 5207 κατέκαυσεν.
1308 5152 1394 5213 Ὠς
1424 5151 1468 5204 δ’
1500 5150 1656 5213 αὖθις
1702 5167 1803 5203 κα-

242 5244 551 5313 τωλιγώρει
599 5242 767 5311 αὐτῆς
814 5244 842 5294 ὁ
897 5240 1215 5313 Ταρκύνιος,
1238 5238 1382 5292 κακὰ
1440 5238 1549 5290 τῶν
1601 5236 1805 5291 λοιπῶν

245 5338 450 5405 ὁμοίως
495 5337 787 5407 διέφθειρε.
827 5334 1139 5404 Μελλοῦσης
1166 5332 1222 5385 δὲ
1252 5331 1345 5383 καὶ
1391 5330 1460 5381 τὰ
1514 5328 1595 5381 ἔτι
1647 5326 1806 5380 λοιπὰ

247 5426 629 5495 καταφλέξειν,
652 5428 966 5497 ἠνάγκασαν
997 5428 1155 5481 αὑτὸν
1182 5425 1230 5477 οἱ
1252 5422 1547 5486 οίωνισταὶ,
1577 5420 1645 5473 τὰ
1672 5420 1802 5487 γοῦν

253 5522 539 5591 σωζόμενα
584 5520 865 5592 πρίασθαι.
925 5521 1034 5575 Καὶ
1086 5520 1333 5588 ὠνήσατο
1360 5514 1548 5576 ταῦτα,
1578 5515 1701 5567 ὅσου
1740 5515 1806 5565 τὰ

1904 4699 2031 4767 pulo
2083 4697 2328 4752 Romano
2363 4695 2720 4764 comparavit.
2773 4688 2964 4743 Mulier
3012 4687 3157 4741 enim
3205 4684 3448 4754 quaedam

1901 4788 2141 4852 fatidica,
2174 4802 2332 4856 quam
2362 4786 2618 4855 Sibyllam
2646 4781 2981 4843 nominabat,
3013 4780 3245 4837 Romam.
3271 4791 3328 4829 Ill
3354 4782 3451 4827 aut

1905 4897 1958 4935 ix
2009 4879 2183 4936 libros
2226 4877 2439 4937 allatus,
2470 4875 2770 4943 Tarquinio
2798 4883 2949 4926 certo
3005 4869 3181 4939 pretio
3210 4865 3450 4927 venales,

1871 5043 1873 5045 ι
1902 4970 2205 5043 proposuit.
2232 4968 2326 5022 Illo
2354 4982 2486 5022 vero
2534 4982 2652 5021 eam
2680 4963 3003 5034 negligente,
3053 4960 3138 5016 vel
3168 4975 3331 5014 unum
3364 4955 3450 5011 vel

1905 5077 2014 5120 tres
2066 5063 2237 5116 libros
2280 5060 2507 5115 exussit.
2568 5060 2638 5115 Ut
2690 5059 2888 5113 iterum
2924 5075 2952 5110 a
3010 5071 3135 5125 rege
3198 5054 3452 5119 despecta

1902 5164 2007 5216 est,
2049 5168 2116 5207 ex
2152 5153 2377 5221 reliquis
2411 5152 2636 5206 totidem
2668 5150 2927 5205 abolevit.
2981 5148 3117 5201 Cum
3144 5155 3325 5198 autem
3356 5157 3453 5197 eos

1902 5245 2069 5298 etiam
2099 5244 2192 5313 qui
2232 5243 2509 5297 restabant
2534 5253 2841 5295 crematura
2864 5248 3030 5302 esset,
3062 5251 3293 5305 augures
3317 5248 3442 5290 eum

1906 5334 2143 5403 reliquos
2194 5348 2374 5413 emere
2429 5339 2774 5399 coegerunt:
2841 5331 3007 5397 idque
3052 5327 3208 5389 tanti,
3262 5325 3450 5394 quanti

1908 5424 2193 5478 universos
2214 5437 2404 5491 parare
2432 5420 2715 5490 potuisset.
2777 5421 2880 5473 Eos
2913 5418 3083 5471 libros
3110 5417 3324 5471 duobus
3368 5428 3454 5468 se-

1911 5512 2196 5565 natoribus
2244 5511 2600 5575 asservandus
2665 5509 2885 5563 tradidit
2932 5524 2945 5560 :
3003 5508 3205 5577 quique
3250 5506 3447 5573 scripta

1401 5654 1593 5740 verita
1622 5673 1925 5735 lectiones
1970 5679 2033 5734 et
2076 5682 2262 5755 notae.

334 5809 469 5878 (87‘)
493 5808 754 5873 Κωδύας.
775 5807 911 5863 Vide
937 5806 1160 5862 Henric.
1211 5807 1482 5864 Valesium
1512 5802 1579 5860 ad
1606 5798 2116 5868 Harpocrationcm,
2152 5816 2270 5869 pag.
2310 5797 2433 5861 501,
2457 5796 2547 5849 ubi
2576 5794 2641 5849 de
2669 5794 2771 5848 hac
2800 5805 2952 5846 voce.

335 5879 445 5951 (88)
490 5878 811 5947 Ἡρόδοτος.
836 5878 956 5937 Lib.
992 5892 1031 5945 ι,
1064 5892 1118 5947 p.
1141 5880 1193 5933 9.
