3996 6328
529 432 635 493 575

1791 430 2109 489 JOANNIS
2143 426 2463 486 ZONAR.E

3617 422 3733 486 576

527 538 614 591 illa
650 554 758 591 non
799 538 931 592 satis
971 545 1416 607 assequerentur.
1467 536 1607 590 duos
1648 537 1795 591 viros
1820 553 1849 591 e
1880 537 2079 591 Graecia

2190 535 2364 587 πάντα
2396 533 2693 601 κτήσασθαι
2725 532 2932 603 ἔμελλε,
2970 532 3063 586 καὶ
3119 532 3226 586 δύω
3275 531 3584 603 βουλευταῖς
3646 536 3738 586 ἁν-

528 629 781 682 mercede
804 629 1233 692 accersiverunt,
1261 629 1353 697 qui
1384 643 1479 683 eos
1513 629 1779 697 legerent,
1804 638 1964 696 atque
1996 628 2080 683 in—

528 729 979 789 terpretarentur.
1016 722 1255 775 Finitimi
1308 730 1487 775 autem
1520 720 1880 789 cognoscendi
1918 720 2081 783 avidi,

527 812 656 879 quid
698 813 762 865 iis
811 813 962 865 libris
1009 814 1407 877 contineretur,
1454 812 1624 865 altero
1670 810 1952 863 custodum
2012 810 2080 862 Μ.

524 904 737 970 Λιιυίίίο
774 904 1152 971 largitionibus
1204 912 1487 971 corrupto,
1527 902 1773 972 qumdam
1827 901 2084 955 transcri—

524 1000 768 1059 pserunt.
794 990 911 1055 Quo
938 990 1180 1044 facinore
1211 986 1447 1060 cognito,
1500 990 1709 1055 Marcus
1739 990 1895 1045 culeo
1934 990 2085 1043 insu-

528 1089 638 1144 tus,
679 1091 841 1149 atque
874 1082 1327 1139 submersuscst.
1358 1080 1415 1134 Id
1464 1082 1714 1151 supplicii
1744 1096 1915 1151 genus
1962 1086 2083 1149 post

525 1171 581 1224 in
615 1172 903 1237 parricidis
943 1172 1290 1226 observatum
1325 1190 1339 1225 :
1378 1180 1437 1226 ut
1487 1187 1662 1239 neque
1690 1183 1855 1235 terra,
1905 1187 2083 1239 neque

525 1277 686 1329 aqua,
717 1277 893 1330 neque
933 1263 1011 1315 sol
1047 1278 1234 1316 eorum
1268 1272 1441 1317 morte
1494 1263 1890 1332 inquinaretur.
1926 1263 2087 1316 Tem-

524 1352 671 1419 plum
700 1352 754 1406 in
782 1363 963 1406 monte
995 1352 1227 1421 Tarpeio
1278 1370 1343 1407 ex
1395 1356 1563 1422 patris
1595 1361 1720 1407 voto
1771 1351 2078 1405 aediﬁcavit.

524 1442 656 1495 Cum
691 1458 821 1497 vero
861 1451 1006 1497 terra
1031 1444 1097 1496 ad
1144 1443 1497 1497 fundamenta
1519 1444 1770 1513 jaeienda
1812 1443 2084 1497 effodere-

526 1542 633 1597 tur,
660 1534 762 1586 viri
797 1549 988 1588 recens
1038 1536 1233 1589 mortui
1268 1537 1443 1604 capite
1489 1536 1745 1593 invento.
1778 1536 1919 1600 quod
1961 1549 2085 1589 san-

522 1624 638 1691 guis
679 1624 916 1679 nondum
941 1625 1283 1690 destituerat,
1329 1626 1561 1680 Romani
1602 1626 1945 1697 Tyrrhenum
1992 1641 2084 1679 va-

536 1724 643 1767 tem
682 1718 981 1782 percontati
1035 1728 1183 1781 sunt,
1218 1719 1346 1787 quid
1380 1719 1775 1787 portenderet?
1800 1719 1867 1771 At
1896 1719 1987 1771 ille
2020 1717 2073 1770 id

523 1806 734 1873 signum
758 1808 810 1861 in
833 1808 1189 1878 Tyrrheniam
1218 1810 1600 1874 translaturus,
1626 1818 1833 1863 certum
1859 1811 1912 1863 in
1938 1819 2077 1863 terra

2184 626 2346 695 δράσι
2380 626 2675 691 φυλάσσειν
2704 625 3034 695 παρέδωκεν.
3079 625 3165 685 Ὠς
3186 626 3230 678 δ’
3256 626 3313 677 ού
3342 628 3479 677 πάνυ
3506 626 3614 677 τῶν
3643 642 3736 692 γε·-

2183 717 2515 785 γραςιμένων
2551 716 2823 779 συνίεσαν,
2856 718 2933 777 εἰς
2981 717 3080 785 τὴν
3123 715 3349 769 Ἐλλάδα
3406 717 3736 781 στείλαντες,

2183 806 2291 858 δύω
2326 806 2522 876 ἄνδρας
2548 809 2754 877 ἐκεῖθεν
2792 805 2983 873 μισθοῦ
3019 808 3244 875 ήγαγον,
3276 807 3397 863 τοὺς
3432 807 3731 871 ἀναγνωσην

2187 898 2376 963 μένους
2404 896 2573 949 ταῦτα
2633 898 2725 949 καὶ
2772 897 3223 966 ἑρμηνεύσοντας.
3277 898 3335 949 Οἱ
3382 896 3436 947 δέ
3473 899 3737 965 περίοικοι

2187 991 2373 1059 μαθεῖν
2404 989 2775 1059 ἐθελήσαντες,
2810 991 2836 1041 ὃ
2867 1007 2917 1040 τι
2949 989 3078 1042 ποτέ
3105 989 3164 1040 τὸ
3209 988 3295 1040 διὰ
3356 988 3460 1040 τῶν
3521 986 3740 1055 βιϐλίων

2184 1081 2269 1149 εἴη
2298 1080 2639 1151 δηλούμενον,
2672 1081 2760 1133 τὸν
2791 1082 2975 1151 ἕτερον
3006 1081 3113 1132 τῶν
3164 1080 3545 1148 φυλασσόντων
3597 1081 3738 1131 αὐτὰ

2184 1174 2408 1244 Μάρκον
2440 1174 2703 1227 Ἀκίλλιον
2733 1176 3008 1243 χρήμασιν
3030 1176 3445 1237 ἀναπείσαντες,
3474 1174 3737 1241 μετεγρὰ-

2183 1264 2351 1333 ψαντό
2409 1282 2548 1318 τινα.
2603 1265 2936 1328 Γνωσθέντος
2989 1265 3045 1317 δὲ
3113 1265 3205 1317 τοῦ
3264 1264 3447 1332 ἔργου,
3512 1266 3541 1314 ό
3579 1265 3737 1332 Μάρ-

2184 1370 2275 1416 κος
2301 1354 2408 1406 δύω
2437 1354 2660 1423 βύρσαις
2692 1356 3081 1426 συρῤαφείσαις
3124 1354 3439 1424 ἐμϐληθεὶς,
3473 1371 3741 1405 κατεπον-

2181 1443 2348 1513 τώθη,
2377 1444 2403 1495 ὃ
2430 1443 2488 1509 ἐξ
2516 1445 2721 1497 ἐκείνου
2753 1445 3044 1512 μετέπειτα
3087 1444 3227 1497 κατὰ
3284 1446 3390 1496 τῶν
3443 1445 3741 1513 πατροκτό-

2182 1552 2286 1587 νων
2317 1536 2661 1605 ἐπεκράτησε
2695 1534 2958 1601 γίνεσθαι,
2999 1535 3087 1587 ῖνα
3119 1536 3254 1605 μήτε
3291 1535 3441 1604 ήγῆ,
3486 1536 3621 1604 μήτε
3683 1535 3744 1585 τδ

2184 1625 2348 1693 ὕδωρ,
2380 1623 2515 1694 μήτε
2542 1628 2568 1677 ό
2593 1627 2742 1695 ἣλιος
2782 1626 2977 1697 μιανθῇ
3033 1627 3196 1680 αὐτοῦ
3239 1627 3585 1695 θνήσκοντος.
3637 1628 3743 1677 Τὸν

2182 1716 2238 1768 δὲ
2271 1714 2404 1768 νεὼν
2434 1717 2521 1769 τὸν
2550 1718 2606 1769 ἐν
2626 1716 2705 1787 τῷ
2732 1718 2987 1787 Ταρπεῖῳ
3015 1719 3129 1787 ὄρει
3165 1721 3305 1769 κατὰ
3359 1720 3457 1786 τὴν
3494 1717 3584 1769 τοῦ
3638 1736 3744 1769 παο

2182 1808 2307 1877 τρδς
2337 1808 2498 1878 εὐχὴν
2532 1808 2817 1879 ᾠκοδόμει.
2849 1809 2960 1877 Τῆς
2989 1809 3043 1860 δὲ
3094 1812 3195 1879 γῆς
3221 1809 3299 1870 είς
3327 1808 3423 1879 τὴν
3452 1810 3558 1861 τῶν
3580 1810 3746 1878 θεμε-

523 1896 756 1967 spatium
790 1901 1095 1970 designavit
1124 1920 1136 1954 :
1164 1902 1221 1955 in
1254 1916 1430 1969 eoque
1476 1902 1661 1955 Romae
1690 1902 1796 1956 situ
1844 1909 1900 1955 et
1944 1901 2079 1954 Tar-

2185 1866 2312 1949 λίων
2353 1866 2657 1966 καταϐολὴν
2696 1866 3205 1968 άναρῤηγνυμένηιςγ,
3229 1866 3415 1969 ἀνδρός
3433 1866 3745 1967 ,νεοθνῆτος

521 1991 644 2058 peio
674 2002 856 2046 monte
900 1995 1133 2058 incluso,
1172 1995 1381 2065 legatos
1409 1996 1637 2066 rogavit,
1692 1999 1771 2049 An
1807 2012 1869 2049 ea
1920 1995 2083 2049 Roma

521 2084 697 2132 esset?
727 2100 795 2135 an
816 2085 859 2135 is
888 2101 1033 2137 mons
1064 2093 1191 2139 esset
1216 2086 1241 2139 ?
1262 2102 1331 2139 an
1356 2093 1511 2152 caput
1535 2086 1604 2139 ibi
1624 2087 1888 2141 inventum
1914 2085 2087 2154 esset]?

522 2182 579 2222 ul
615 2174 716 2225 illis
750 2175 879 2227 nihil
916 2177 1349 2245 suspicantibus,
1388 2189 1443 2232 et
1477 2178 1551 2232 ita
1590 2192 1712 2232 esse
1763 2176 2084 2232 afﬁrmanti-

524 2267 643 2321 bus.
674 2268 817 2318 illius
852 2270 1086 2335 portenti
1120 2270 1202 2324 vis
1234 2272 1286 2324 in
1315 2287 1441 2326 eum
1493 2273 1696 2335 locum,
1743 2271 1796 2324 in
1828 2285 1936 2340 quo
1984 2269 2083 2325 de-

521 2354 745 2421 scriptio
778 2356 915 2409 facta
942 2368 1104 2421 esset,
1139 2361 1547 2417 transferretur.
1596 2361 1702 2418 Sed
1731 2361 1890 2433 332
1920 2362 2081 2432 legali

520 2446 587 2495 ab
609 2444 750 2499 illius
778 2451 885 2502 lilio
905 2448 1151 2505 fraudem
1179 2453 1331 2522 prius
1351 2454 1555 2518 edocti,
1576 2469 1698 2510 cum
1720 2464 2078 2526 rogarentur:

522 2532 645 2585 Non
685 2540 782 2597 hic,
840 2541 1116 2607 inquiunt,
1160 2542 1327 2599 Roma
1377 2545 1590 2609 colitur,
1621 2548 1713 2598 sed
1739 2546 1793 2598 in
1822 2544 2033 2598 Palatio
2064 2560 2082 2597 :

518 2634 569 2676 ct
604 2643 745 2678 mons
776 2628 951 2684 Roma:
977 2643 1073 2698 est,
1104 2642 1153 2686 et
1198 2642 1355 2704 caput
1386 2636 1442 2688 in
1469 2644 1643 2690 monte
1690 2637 1783 2691 illo
1817 2638 2083 2690 inuentum

522 2725 614 2766 est.
648 2717 795 2770 Vatis
826 2722 1120 2778 calliditate
1151 2724 1251 2777 liae
1285 2727 1497 2781 ratione
1522 2728 1697 2793 elusa,
1727 2743 1948 2785 omnem
1988 2745 2081 2784 ve-

522 2806 732 2860 ritatem
789 2810 1117 2879 didicerunt,
1168 2824 1225 2869 et
1261 2816 1474 2872 civibus
1520 2820 1636 2875 suis
1678 2822 2083 2888 renuntiarunt,

528 2915 623 2953 eos
653 2901 768 2956 fore
794 2904 1233 2973 potentissimos,
1289 2918 1345 2963 et
1391 2909 1643 2978 plurimis
1697 2912 2081 2981 imperaturos.

520 2991 689 3060 Igitur
720 2995 831 3049 bam
864 3012 1079 3063 quoque
1108 3012 1196 3051 res
1234 2998 1490 3052 ﬁduciam
1522 3001 1742 3055 illorum
1802 3004 1975 3064 auxit.
2030 3013 2084 3057 et

2185 1986 2395 2056 κεφαλὴ
2428 1988 2667 2054 ἀνεφάνη
2715 1986 2935 2055 ἔναιμος
2970 1987 3073 2043 ἔτι.
3130 1990 3421 2059 Ἐπεμψαν
3470 1990 3559 2041 οὖν
3606 1991 3744 2042 Ῥωο

2188 2079 2335 2146 μαῖοι
2399 2075 2533 2146 πρὸς
2562 2075 2731 2146 ἄνδρα
2783 2074 3061 2146 Τυρσηνὸν
3120 2077 3543 2147 τερατοσκόπον,
3606 2079 3749 2146 ἐρω-

2182 2167 2379 2231 τῶντες
2404 2168 2463 2220 τὸ
2489 2167 2578 2220 διὰ
2611 2167 2702 2220 τοῦ
2743 2167 3019 2234 Ιφανέντος
3070 2168 3415 2235 δηλούμενον.
3458 2169 3515 2220 '0
3573 2167 3633 2219 δέ
3689 2169 3749 2222 τὸ

2187 2263 2411 2331 σημεῖον
2440 2262 2518 2324 είς
2549 2262 2647 2330 τὴν
2673 2259 2980 2330 Τυρσηνίδα
3009 2262 3319 2330 μεταθεῖναι
3344 2262 3747 2330 μηχανησάμε-

2184 2369 2293 2415 νος,
2343 2352 2667 2421 διάγραμμα
2711 2353 2802 2403 ἐπί
2856 2351 2953 2421 τῆς
3011 2352 3111 2420 γῆς
3150 2353 3465 2423 ἐποιήσατο,
3518 2353 3610 2403 καὶ
3665 2353 3749 2413 εἰς

2179 2442 2313 2495 αὐτὸ
2342 2442 2441 2507 τήν
2470 2460 2528 2495 τε
2552 2442 2649 2510 τῆς
2688 2441 2906 2513 Ῥώμης
2937 2442 3085 2496 θέσιν
3110 2444 3368 2506 ἐντείνας,
3398 2443 3488 2495 καὶ
3512 2442 3571 2494 τὸ
3601 2443 3751 2509 Ταρ-

2184 2536 2334 2587 πεῖον
2389 2534 2534 2604 ὅρος,
2592 2535 2780 2605 ἔμελλε
2840 2537 2963 2597 τοὺς
3011 2536 3266 2605 πρέσεεις
3309 2534 3618 2603 ἀνερέσθαι,
3680 2534 3751 2589 Ἢ

2196 2626 2391 2695 Ῥώμη
2424 2627 2575 2693 αὕτη
2610 2627 2744 2679 ἐστι
2765 2643 2784 2691 ;
2818 2629 2881 2679 τὸ
2902 2626 3033 2695 ὅρος
3058 2626 3234 2679 τοῦτό
3252 2626 3418 2690 ἐστι;
3448 2625 3484 2691 ἠ
3509 2626 3748 2693 κεφαλὴ

2181 2716 2660 2784 ἐνταῦθαεύρέθη
2678 2732 2696 2781 ;
2727 2717 2798 2770 ἵν’
2823 2717 3043 2770 ἐκείνων
3090 2715 3253 2784 μηδὲν
3284 2716 3749 2784 ὑποτοπησάντων

2186 2808 2282 2861 καὶ
2317 2809 2722 2877 συμφησάντων
2745 2810 2777 2876 ή
2805 2808 3033 2877 δύναμις
3052 2806 3146 2859 τοῦ
3178 2808 3406 2878 σημείου
3439 2810 3517 2871 είς
3540 2807 3601 2860 τὺ
3636 2828 3745 2879 χω.

2188 2898 2320 2967 ρίον,
2375 2901 2432 2950 ἐν
2484 2891 2528 2965 ᾧ
2572 2899 2956 2969 διεγέγραπτο,
3014 2900 3333 2969 μετασταίη.
3391 2900 3497 2953 Καὶ
3552 2900 3578 2949 ό
3647 2901 3749 2967 μὲν
3808 2968 3811 2969 ν

2184 2989 2355 3043 ταῦτα
2384 2991 2707 3059 ἐτεχνήσατο
2731 3005 2746 3020 ·
2777 2991 2824 3042 οἱ
2846 2989 2903 3042 δὲ
2969 2990 3229 3058 πρέσϐεις
3270 2993 3421 3061 παρὰ
3472 2989 3563 3042 τοῦ
3594 2982 3746 3053 υίέος

520 3096 680 3137 mons
731 3101 795 3137 ex
832 3100 897 3141 eo
944 3088 1271 3159 Capitolium
1304 3099 1387 3145 est
1423 3091 1743 3161 appellatus.
1773 3092 1907 3165 Quia
1956 3108 2079 3149 vero

2186 3082 2394 3136 ἐκείνου
2448 3082 2714 3150 μαθόντες
2759 3084 2821 3136 τὺ
2850 3086 3150 3155 τέχνασμα,
3194 3086 3535 3155 ἐρωτώμενοι
3565 3101 3579 3116 ο
3621 3089 3746 3140 οὐκ

522 3173 850 3244 Tarquinius
876 3180 942 3233 ad
978 3183 1161 3252 templi
1185 3182 1673 3241 “aediﬁcationem
1698 3186 1930 3255 pecunia
1957 3201 2079 3257 age-

2183 3177 2439 3230 ἐγταῦθα
2483 3174 2726 3229 οἰκεῖται
2770 3176 2810 3242 ἠ
2847 3176 3053 3251 Ῥώμη,
3089 3177 3224 3231 ἀλλ’
3248 3178 3317 3229 ἐν
3346 3174 3425 3241 τῷ
3449 3181 3747 3243 Παλατίῳ,

520 3263 639 3331 bat,
694 3268 1024 3327 Ardeatibus
1059 3274 1205 3330 illato
1232 3276 1392 3339 bello,
1434 3290 1612 3345 neque
1660 3275 1946 3343 pecuniam
1988 3291 2078 3329 ac-

472 3412 475 3413 ν
518 3357 766 3424 quisivit,
797 3370 852 3417 et
880 3378 1048 3431 regno
1070 3366 1295 3420 excidit.
1322 3364 1453 3432 Quae
1484 3366 1764 3420 calamitas
1792 3368 1857 3420 ex
1897 3365 2082 3435 prodi-

401 3436 406 3442 ’
466 3489 470 3493 .
520 3445 624 3514 giis
656 3456 741 3502 est
796 3453 1231 3522 praesigniﬁcata.
1260 3454 1395 3510 Nam
1434 3466 1494 3511 et
1528 3456 1776 3511 vultures
1807 3468 1875 3510 ex
1908 3454 2079 3510 bortis

516 3537 638 3606 ejus
665 3540 843 3607 pullos
863 3545 1168 3613 aquilarum
1198 3548 1528 3618 expulerunt
1556 3565 1569 3603 :
1593 3555 1650 3603 et
1678 3547 1869 3620 anguis
1887 3550 2078 3621 ingens

517 3638 551 3678 ο
578 3629 841 3693 conclavi,
908 3633 960 3687 in
990 3651 1100 3704 quo
1150 3652 1274 3691 cum
1332 3638 1524 3695 amicis
1554 3640 1974 3707 convivabatur,
2020 3649 2078 3696 et

519 3716 697 3784 {ipsum
724 3730 780 3774 et
809 3726 1064 3779 convivas
1094 3727 1321 3797 fugavit.
1351 3730 1425 3784 [is
1447 3730 1515 3785 de
1562 3732 1746 3786 causis
1796 3731 1981 3786 Titum
2019 3739 2078 3786 et

518 3813 785 3860 amntem
820 3807 979 3875 ﬁlios,
1014 3812 1250 3882 Delphos
1272 3816 1439 3872 misit.
1475 3816 1687 3884 Quibus
1719 3819 2079 3889 cumrApollo

519 3898 909 3965 respondisset,
954 3910 1067 3957 tum
1097 3920 1223 3961 eum
1251 3906 1539 3977 imperium
1570 3911 1931 3977 amissurum,
1949 3928 2073 3967 cum

515 3986 667 4074 cmi;
711 3991 947 4047 humna
1015 4010 1149 4051 voce
1197 3999 1539 4069 loqueretur,
1610 4019 1707 4074 spe
1768 4005 1914 4060 bona
1970 4004 2077 4059 sibi

520 4073 796 4133 blanditus
848 4092 953 4149 est,
992 4101 1271 4157 nunquam
1324 4091 1378 4145 id
1426 4073 1707 4149 oraculum
1751 4106 2077 4151 eventurum

518 4171 689 4221 ratus.
710 4165 840 4222 Erat
862 4182 1040 4225 autem
1068 4175 1129 4229 L.
1151 4175 1361 4236 Junius.
1386 4180 1589 4235 sororis
1611 4180 1889 4250 Tarquinii
1913 4182 2074 4248 ﬁlius,

520 4258 680 4357 cujus
726 4270 932 4326 patrem
985 4270 1041 4318 et
1067 4268 1288 4323 fratrem
1333 4279 1597 4341 tyrannus
1654 4272 1972 4327 sustulerat.
2026 4273 2078 4328 Is

521 4353 646 4404 vitae
662 4366 772 4405 sua:
798 4353 1017 4423 timens,
1046 4359 1327 4416 stultitiam
1355 4362 1653 4430 simulavit,
1676 4365 1834 4434 cujus
1851 4364 2076 4419 numine

522 4441 694 4529 tutior
729 4456 877 4500 esset
908 4466 923 4501 :
960 4452 1106 4507 unde
1130 4453 1284 4508 Bruti
1308 4471 1509 4512 nomen
1529 4468 1613 4513 est
1641 4457 1893 4528 adeptus,
1928 4460 2073 4529 quod

2186 3266 2283 3319 καὶ
2313 3267 2376 3319 τὸ
2410 3266 2545 3333 ὄρος
2574 3266 2642 3318 ἐν
2674 3265 2748 3333 τῇ
2786 3267 3266 3335 Ῥωμαίωνέστὶ,
3296 3268 3390 3321 καί
3425 3268 3462 3335 ἡ
3505 3272 3746 3337 κεφαλὴ

2184 3359 2254 3411 ἐν
2282 3356 2359 3422 τῷ
2385 3357 2505 3425 ὄρει
2533 3358 2743 3426 ἐκείνῳ
2769 3358 2999 3426 εὑρέθη.
3032 3358 3188 3413 Οὕτω
3210 3359 3265 3412 δέ
3288 3346 3367 3429 τῷ
3418 3365 3744 3431 τερατοσκό-

2186 3470 2271 3523 πῳ
2303 3452 2750 3522 διακρουσθέντος
2797 3452 2892 3506 τοῦ
2921 3454 3345 3525 μηχανήματος,
3393 3457 3569 3509 πᾶσαν
3601 3458 3746 3509 ἐκεῖ·

2184 3562 2265 3599 νοι
2289 3546 2389 3615 τὴν
2413 3546 2670 3616 ἀλήθειαν
2691 3544 2915 3615 ἔμαθον,
2942 3546 3034 3599 καὶ
3057 3548 3169 3609 τοῖς
3199 3547 3444 3611 πολίταις
3481 3548 3747 3615 ἀνήγγει-

2182 3638 2301 3701 λαν,
2341 3638 2423 3691 ὅτι
2458 3639 2742 3708 κράτιστοι
2773 3638 3006 3702 ἔσονται,
3040 3639 3133 3691 καὶ
3156 3638 3425 3693 πλείστων
3459 3640 3745 3709 ἄρξουσιν.

2196 3728 2380 3789 Ἐλπὶς
2411 3728 2506 3779 οὖν
2538 3730 2659 3781 κάκ
2680 3728 2870 3803 τούτου
2898 3729 3083 3789 αὐτοῖς
3111 3730 3489 3797 προσεγένετο,
3513 3731 3746 3783 κὰντεῦο

2183 3818 2275 3871 θεν
2303 3818 2362 3871 τὸ
2385 3819 2510 3885 ὅρος
2538 3808 2939 3887 μετωνομάσθη
2972 3818 3103 3888 παρ’
3148 3818 3326 3871 αὐτῶν
3374 3820 3723 3873 Καπιτώλιον

2182 3907 2406 3961 Καπίτα
2430 3906 2537 3978 γὰρ
2565 3910 2630 3978 τῇ
2678 3906 2964 3977 Ῥωμαίων
3000 3906 3264 3978 διαλέκτῳ
3316 3908 3348 3979 ἦ
3388 3908 3595 3979 κεφαλὴ
3620 3910 3745 3962 ὀνο-

2185 4000 2433 4070 μάζεται.
2475 4000 2699 4070 Δεηθεὶς
2730 3999 2785 4059 δὲ
2821 3997 3113 4071 χρημάτων
3174 3999 3253 4061 είς
3278 3998 3397 4069 ”τὴν
3448 3999 3744 4069 οἰκοδομὴν

2181 4090 2309 4145 ναοῦ
2346 4091 2375 4143 ὀ
2414 4089 2737 4160 Ταρκύνιος,
2792 4090 3109 4159 ’Δρδεάταις
3164 4090 3433 4159 ἐπήνεγκε
3480 4090 3744 4165 πόλεμον,

2180 4182 2304 4235 ὅθεν
2324 4180 2449 4247 οὔτε
2472 4181 2731 4251 χρήματα
2753 4180 3180 4249 προσεκτήσατο,
3212 4180 3305 4231 καὶ
3332 4180 3431 4246 τῆς
3463 4179 3744 4249 βασιλείας

2179 4273 2429 4339 ἐξέπεσε.
2457 4270 2720 4338 Γεγόνασι
2757 4270 2801 4323 δ’
2836 4270 2984 4340 αὺτῷ
3018 4273 3112 4323 καὶ
3144 4270 3344 4341 σημεῖά
3400 4288 3520 4326 τινα
3563 4273 3717 4341 δήλω

2179 4364 2305 4416 τικά
2343 4364 2438 4432 τῆς
2462 4360 2810 4425 ἐκπτώσεως.
2848 4362 2951 4417 Ἐκ
2976 4380 3035 4414 τε
3068 4362 3175 4432 γὰρ
3203 4362 3299 4416 τοῦ
3342 4362 3520 4432 κήπου
3567 4364 3749 4416 αὑτοῦ

2181 4454 2351 4521 γῦπες
2379 4454 2628 4515 νεοσσοὺς
2654 4454 2922 4522 ἐξήλασαν
2965 4454 3159 4506 ἀετῶνο
3187 4453 3281 4509 καὶ
3330 4453 3391 4517 ἐξ
3446 4455 3742 4522 ἀνδρῶνα,

478 4588 486 4594 ,
519 4527 732 4585 fatuum
781 4536 1071 4605 signiﬁcat.
1122 4542 1204 4597 Ob
1230 4559 1348 4599 eam
1383 4548 1627 4603 stultitia:
1672 4527 2074 4606 simulationem

2182 4549 2238 4600 ἐν
2267 4544 2312 4617 ᾧ
2354 4545 2690 4596 συνειστιᾶτο
2716 4545 2909 4611 φίλοις,
2942 4545 3062 4610 ὄφις
3111 4547 3287 4611 μέγας
3318 4546 3602 4612 ἐπιφανεὶς
3634 4548 3707 4597 αὖ

521 4636 553 4675 a
604 4620 919 4694 Tarquiniis
978 4629 1215 4700 Delphos
1254 4633 1475 4701 ductus,
1528 4639 1830 4695 ludibrium
1884 4634 2073 4698 verius

521 4726 685 4781 quam
723 4720 975 4777 'comes;
1014 4722 1115 4774 etsi
1164 4723 1526 4793 proﬁtebatur
1575 4742 1632 4783 se
1680 4728 1783 4784 deo
1822 4731 2072 4786 baculum
2112 4750 2113 4753 η

510 4803 665 4861 “dono
694 4808 951 4875 laturum,
989 4812 1044 4867 in
1076 4829 1194 4883 quo
1236 4830 1361 4870 cum
1403 4818 1543 4872 nihil
1594 4829 1877 4889 appareret
1918 4820 2070 4886 boni,

520 4908 587 4949 ea
611 4913 826 4968 quoque
858 4903 925 4955 de
973 4919 1137 4961 causa
1170 4907 1471 4964 ridebatur.
1520 4911 1717 4966 Verum
1752 4927 1815 4967 ea
1868 4928 1927 4965 re
1977 4927 2075 4982 per

520 4988 778 5058 ambages
806 4992 1032 5062 effigiem
1080 5000 1366 5064 quamdam
1402 5001 1601 5071 ingenii
1632 5004 1715 5057 sui
1766 4996 2075 5073 'repmsen-

523 5079 693 5134 tabat.
726 5080 857 5135 Nam
889 5098 955 5137 eo
1006 5097 1293 5149 excavata,
1326 5090 1464 5143 clam
1504 5106 1694 5146 aurum
1749 5095 2069 5151 infuderat:

526 5180 583 5223 ut
609 5174 942 5238 ostenderet,
966 5176 1238 5244 ingenium
1266 5194 1483 5249 quoque
1516 5196 1675 5235 suum
1715 5174 1989 5255 integrum.
2016 5196 2073 5240 et

524 5260 847 5319 honorabile
892 5268 993 5321 sub
1047 5269 1407 5337 ignominioso
1455 5274 1699 5329 stultitia:
1766 5278 2070 5334 velamento

521 5350 858 5407 delitescere.
891 5357 1339 5435 Adolescentibus
1374 5378 1537 5433 porro
1569 5364 2064 5435 interrogantibus,

521 5442 646 5510 quis
672 5449 808 5511 patri
838 5463 1190 5507 successurus
1214 5463 1355 5511 esset
1380 5455 1403 5507 ’ί
1435 5456 1735 5525 Βοεροηάἰι
1766 5458 1922 5520 deus,
1946 5475 2070 5513 eum

521 5534 615 5602 qui
652 5546 877 5589 matrem
918 5541 1069 5604 prius
1106 5546 1468 5613 oscularetur,
1518 5564 1697 5602 rerum
1742 5550 2069 5617 potiturum.

520 5625 639 5690 Quo
670 5627 872 5681 Brutus
911 5629 1209 5696 intellecto.
1238 5648 1460 5703 terram,
1493 5642 1647 5709 quasi
1692 5641 1916 5694 fortuito
1946 5641 2091 5708 pro?

523 5714 728 5783 lapsus,
761 5718 1104 5775 deosculatus
1135 5735 1235 5778 est.
1268 5743 1428 5795 quam
1458 5746 1803 5787 communem
1829 5732 2073 5786 omnium

527 5819 757 5862 matrem
784 5825 907 5863 esse
940 5821 1081 5865 recte
1103 5812 1387 5881 judicavit.
1430 5820 1577 5876 Idem
1605 5824 1806 5881 Brutus
1838 5823 2072 5893 Tarqui-

2181 4639 2270 4693 τόν
2298 4654 2357 4690 τε
2383 4637 2475 4691 καὶ
2504 4636 2628 4697 τοὺς
2658 4636 2941 4697 συσσίτους
2970 4636 3211 4701 ἐξέὸαλε.
3246 4637 3345 4689 Διά
3366 4655 3444 4689 τοι
3473 4637 3644 4697 ταρτα
3686 4640 3711 4690 ἐ

2182 4729 2415 4796 Δελφοὺς
2444 4726 2601 4781 Τῖτόν
2627 4728 2797 4787 τεκαὶ
2832 4726 3126 4798 ’Δρῤοὖντα
3165 4709 3290 4790 τοὺς
3323 4729 3469 4788 υἱοὺς
3501 4730 3735 4796 επεμφε,

2181 4821 2288 4873 Τοῦ
2322 4820 2379 4871 δὲ
2412 4820 2737 4881 Ἀπόλλωνος
2762 4821 3061 4889 χρήσαντος
3110 4821 3231 4873 τότε
3258 4822 3356 4890 τῆς
3406 4820 3583 4888 ἀρχῆς
3644 4824 3709 4872 ἐκ

2179 4908 2654 4970 πσεῖσθαιαύτδν,
2678 4910 2765 4962 ὅτε
2783 4910 2927 4962 κύων
2945 4910 3258 4980 ἀνθρωπίνῃ
3282 4915 3429 4979 φωνῇ
3451 4897 3747 4978 χρήσαιτο,

2178 5001 2409 5067 ἀγαθαῖς
2439 4998 2650 5053 ἐλπίσιν
2676 5000 2915 5071 ᾐώρητο,
2947 5000 3019 5072 μὴ
3048 5001 3251 5072 οἰηθείς
3285 5017 3416 5053 ποτε
3474 4996 3733 5066 γενέσθαι

2175 5095 2236 5147 τὸ
2254 5088 2666 5163 μάντευμαῙΗν
2679 5094 2735 5147 δὲ
2754 5095 2979 5158 Λούκιος
2994 5095 3211 5155 Ἰούνιος
3230 5092 3465 5161 ἀδελφῆς
3476 5093 3567 5166 τοζῦ
3588 5093 3738 5163 Ταρ-

2176 5183 2360 5237 κυνίου
2384 5185 2518 5246 υίὸς,
2548 5179 2609 5236 οὗ
2637 5184 2728 5237 τὸν
2757 5185 2968 5255 πατέρα
2991 5186 3084 5237 καὶ
3110 5181 3455 5261 τδνιάδελφὸν
3475 5182 3705 5251 όΤαρκύ

2177 5296 2286 5340 νιος
2314 5279 2571 5329 ἔκτεινεν.
2605 5270 2771 5337 Οὗτος
2796 5271 2907 5338 οὖν,
2944 5274 3188 5342 καὶπερὶ
3220 5271 3396 5345 ἑαυτῷ
3450 5274 3728 5337 δεδοικὼς,

2177 5369 2384 5438 μωρίαν
2442 5370 2894 5437 προσεποιήσατο,
2948 5366 3151 5435 ταύτην
3195 5364 3389 5419 ἑαυτοῦ
3418 5368 3703 5433 προστησά

2168 5478 2332 5528 μενος
2366 5460 2627 5525 σώτειραν
2652 5497 2665 5511 .
2698 5456 2787 5509 Διδ
2830 5459 2922 5509 καὶ
2956 5457 3191 5528 Βροῦτος
3239 5457 3548 5525 ἐπεκλήθηο
3591 5458 3723 5521 τοῦς

2174 5552 2282 5618 γὰρ
2317 5551 2530 5618 εὐήθεις
2555 5547 2696 5601 οὓτω
2716 5552 2826 5613 τοῖς
2850 5551 3095 5612 Λατίνοις
3140 5550 3259 5612 έθος
3304 5548 3508 5602 καλεῖν.
3550 5550 3729 5603 Πλατ-

2174 5642 2393 5707 τόμενος
2425 5635 2517 5694 οὖν
2548 5642 2638 5693 τὸν
2688 5642 3047 5711 μωραίνοντα,
3097 5640 3209 5703 τοῖς
3259 5640 3354 5694 τοῦ
3409 5642 3719 5709 Ταρκυνίου

2174 5733 2361 5784 παισὶν
2396 5733 2474 5794 εις
2505 5732 2739 5801 Δελφοὺς
2753 5733 2970 5787 ἀπιοῦσι
2997 5732 3427 5803 συμπαρελήφθη
3451 5733 3527 5795 ὡς
3555 5729 3724 5801 ἄθυρ-

2172 5840 2265 5893 μα.
2310 5821 2366 5875 Ὀ
2395 5824 2449 5876 δέ
2476 5826 2568 5878 καὶ
2612 5826 2867 5899 ἀνάθημα
2889 5825 3073 5902 φέρειν
3108 5822 3260 5891 ἔλεγε
3291 5822 3365 5893 τῷ
3394 5822 3514 5892 Θεῷ
3532 5839 3553 5857 ·
3582 5822 3645 5874 τὸ
3670 5822 3723 5873 δ’
