3986 6338
571 355 676 418 579

1835 350 2157 420 JOANNIS
2198 351 2517 411 ZONARIE

3671 348 3790 413 580

567 465 743 529 missi,
790 471 902 515 tum
939 473 996 513 re
1049 455 1247 512 infecm
1295 455 1688 511 discesserunt.
1716 456 1844 511 Post
1909 458 2103 536 reversi

2214 461 2514 528 Ταρκυνιου
2546 457 2804 525 πρέσϐεις
2833 458 2913 520 είς
2948 455 3169 529 Ῥώμην
3200 453 3352 530 ἧκον,
3384 460 3512 531 περὶ
3541 462 3790 516 καθόδου

570 556 892 615 retulerunt,
927 549 970 603 si
1003 549 1142 602 bona
1174 561 1271 601 sua
1303 545 1427 615 ipsi,
1457 545 1650 601 amicis
1677 553 1733 600 et
1788 547 2103 601 necessariis

2213 549 2584 619 διαλεγόμενοι
2609 563 2623 578 ⁸
2655 547 2729 610 ώς
2761 547 2805 599 δ’
2839 547 2992 600 οὐδὲν
3019 547 3202 619 ἧνυον,
3228 552 3400 619 Ετερςιι
3443 547 3597 615 αὖθις
3652 553 3792 604 ἐπέο

566 650 940 705 redderentur,
975 639 1117 694 unde
1156 639 1412 694 exsilium
1446 639 1759 696 tolerarent.
1789 651 1914 717 eum
1944 652 2110 706 regno

565 739 725 812 334
765 749 1067 797 cessurum,
1105 732 1382 786 etbcllum
1410 728 1782 799 depositurum
1827 743 1966 782 esse.
1997 727 2113 794 Qua

567 832 830 902 petitione
876 841 997 880 cum
1046 822 1197 876 multi
1225 819 1593 885 ﬂecterentur,
1621 827 1782 888 atque
1815 818 1928 887 ipse
1978 820 2111 871 adeo

564 922 887 982 Collatinus,
926 916 1076 969 Bruti
1108 914 1309 983 collega
1348 912 1584 965 :Brutus
1619 925 1650 964 e
1679 910 1829 964 curia
1859 910 1913 963 in
1931 910 2108 963 lorum

564 1012 822 1075 excurrit,
849 1009 1172 1063 Collatinum
1194 1003 1526 1073 proditorem
1559 1001 1812 1071 appellat,
1859 1003 1952 1070 qui
1983 1002 2111 1055 belli

563 1114 618 1160 et
676 1099 975 1172 tyrannidis
1027 1098 1384 1150 instrumenta
1433 1093 1744 1162 largiretur.
1789 1092 1973 1162 Legati
2013 1108 2111 1163 per

559 1195 796 1262 speciem
865 1187 1168 1259 repetenda:
1219 1185 1461 1255 pecunia:
1525 1184 1710 1238 Romae
1765 1185 2108 1250 commorati,

558 1284 773 1339 nobiles
830 1282 1034 1350 aliquot
1097 1277 1467 1331 adolescentes
1525 1290 1895 1345 corrumpere,
1947 1285 2110 1345 atque

555 1375 700 1428 inter
724 1371 880 1432 alios,
913 1372 1076 1424 etiam
1107 1367 1256 1421 Bruti
1287 1367 1429 1420 ﬁlios
1466 1367 1606 1420 duos
1631 1367 1697 1420 ad
1743 1367 2108 1435 proditionem

557 1463 838 1533 impellere
883 1461 1233 1514 studuerunt.
1273 1465 1315 1511 A
1348 1457 1548 1526 quibus
1603 1457 1833 1527 benigne
1886 1468 2110 1529 accepta

557 1555 824 1620 oratione,
849 1555 1022 1606 visum
1051 1559 1134 1606 est
1160 1558 1318 1620 pacta
1346 1550 1703 1620 jurejurando
1725 1552 1937 1606 sancire
1966 1571 1980 1606 :
2013 1566 2108 1606 ea-

553 1664 660 1718 que
702 1647 768 1701 de
824 1660 986 1700 causa
1017 1645 1072 1698 in
1101 1643 1245 1698 aedes
1290 1657 1429 1712 pene
1463 1642 1708 1698 desertas
1739 1653 1794 1699 et
1847 1642 2108 1698 obseuras

554 1740 806 1809 ingressi,
838 1755 945 1793 non
995 1736 1497 1791 animadverterunt
1550 1736 1624 1790 ibi
1649 1751 1768 1791 esse
1797 1736 2108 1792 Vindicium

553 1847 794 1896 servum,
849 1831 941 1898 qui
973 1845 1084 1882 non
1120 1828 1186 1882 de
1218 1827 1504 1893 industria,
1563 1828 1659 1881 sed
1718 1831 1854 1882 forte
1887 1828 2106 1883 fortuna

555 1921 626 1976 ibi
654 1920 1002 1983 delitescens,
1032 1927 1306 1987 spectator
1344 1927 1612 1982 actorum,
1644 1925 1700 1970 et
1731 1916 1948 1973 auditor
1987 1933 2105 1972 ser-

551 2024 771 2066 monum
811 2011 912 2064 fuit
949 2027 963 2063 :
1001 2026 1122 2079 qua:
1150 2011 1334 2064 omnia
1371 2008 1438 2064 ad
1474 2008 1676 2064 caedem
1726 2010 2014 2064 consulum
2045 2018 2106 2065 ct

552 2104 915 2174 proditionem
973 2103 1127 2156 urbis
1187 2102 1526 2172 spectabant,
1572 2102 1773 2157 additis
1812 2102 1975 2170 etiam
2035 2103 2103 2156 ad

551 2194 906 2264 Tarquinium
964 2194 1185 2248 litteris.
1236 2192 1550 2263 Conjuratis
1594 2194 1873 2265 digressis,
1914 2208 2103 2249 servus

548 2289 729 2364 omnia
759 2274 954 2340 defert.
989 2285 1069 2339 llli
1097 2285 1406 2355 capiuntur,
1434 2285 1628 2340 litterae
1652 2285 1980 2343 atTeruntur.
2008 2287 2104 2342 De-

550 2377 827 2432 ducuntur
853 2377 906 2430 in
952 2374 1128 2429 forum
1167 2391 1181 2429 :
1213 2385 1426 2430 astante
1479 2376 1756 2441 Vindicio,
1788 2377 1983 2432 litterae
2013 2393 2101 2432 rc-

550 2469 808 2524 citantur.
857 2469 992 2522 Aliis
1014 2477 1267 2522 mcestum
1289 2467 1564 2521 silentium
1599 2468 1936 2535 tenentibus,
1962 2470 2102 2524 Bru-

554 2560 999 2614 tusnominatim
1055 2569 1343 2627 utrumque
1394 2558 1562 2610 lilium
1608 2558 1925 2614 allocutus:
1985 2559 2103 2613 Non

553 2649 827 2720 depcllitis,
849 2648 1042 2717 inquit,
1061 2650 1253 2700 crimen
1275 2647 1421 2703 ?lllis
1444 2649 1768 2714 tacentibus,
1794 2650 1857 2704 ad
1885 2651 2104 2706 lictores

553 2755 850 2796 conversus
877 2759 889 2794 :
918 2739 1070 2805 Quod
1107 2747 1289 2802 restat,
1322 2740 1419 2802 ait,
1450 2742 1605 2792 vestri
1663 2746 1888 2794 muneris
1918 2749 2012 2797 est.
2061 2742 2102 2795 li

553 2833 923 2888 adolescentes
951 2841 1194 2899 arreptos
1238 2830 1418 2900 ﬂagris
1464 2833 1781 2886 ceciderunt
1818 2849 1832 2887 ;
1869 2848 2100 2900 quorum

556 2922 926 2976 misericordia
975 2934 1097 2972 cum
1143 2919 1235 2971 alii
1283 2929 1653 2983 moverentur,
1715 2930 1867 2988 pater
1925 2937 2103 2990 neque

553 3012 740 3067 oculos
767 3011 871 3064 alio
901 3010 1114 3074 avertit,
1152 3027 1337 3080 neque
1365 3013 1534 3065 ullum
1587 3012 1982 3067 misericordia:
2031 3013 2104 3066 si-

553 3121 716 3177 gnum
746 3105 915 3171 dedit,
954 3105 1129 3174 quoad
1167 3105 1344 3176 securi
1394 3105 1636 3173 percussi
1679 3116 1826 3159 sunt.
1875 3105 1988 3160 Hoc
2018 3107 2101 3160 la-

554 3207 701 3252 etum
743 3210 918 3265 neque
945 3194 1164 3248 laudare
1221 3208 1397 3262 neque
1440 3195 1746 3262 vituperare
1791 3205 2103 3263 promptum

551 3297 656 3342 est.
689 3288 798 3341 Aut
823 3286 966 3340 enim
998 3285 1214 3340 virtutis
1251 3285 1481 3338 altitudo
1509 3285 1952 3354 perturbationes
1988 3301 2105 3341 om-

555 3394 650 3434 nes
680 3381 736 3434 in
763 3379 878 3448 ejus
923 3378 1103 3431 animo
1152 3378 1443 3447 oppressit,
1508 3386 1600 3432 aut
1641 3379 1964 3434 calamitatis
1990 3396 2104 3435 ma-

552 3472 780 3543 gnitudo
809 3472 859 3525 ei
919 3480 1197 3540 stuporem
1231 3471 1433 3525 attulit.
1489 3472 1756 3526 Neutrum
1805 3487 1935 3528 vero
1986 3474 2103 3530 exiv

551 3578 718 3635 guum
751 3571 852 3625 est,
884 3572 976 3616 aut
1005 3563 1302 3616 humanum
1333 3579 1345 3614 :
1379 3563 1474 3615 sed
1508 3575 1602 3616 aut
1650 3564 1976 3630 divinitatis,
2008 3577 2103 3620 aut

535 3652 1345 3719 'belluinze'immanitatis.‘His
1387 3653 1708 3720 interfectis,
1741 3671 1772 3709 a
1802 3656 1970 3710 Bruto
2006 3672 2102 3726 po-

553 3749 812 3805 stulatum
839 3754 941 3812 est,
976 3755 1036 3800 ut
1081 3749 1144 3800 de
1186 3746 1399 3801 caeteris
1436 3762 1653 3816 quoque
1698 3749 2100 3816 pronuntiaret.

553 3841 632 3894 Ad
659 3856 776 3909 qua:
808 3840 895 3893 ille
922 3858 936 3894 :
963 3839 1174 3903 Liberis,
1200 3840 1393 3907 inquit,
1424 3842 1547 3893 meis
1575 3841 1786 3895 idoneus
1820 3842 1893 3910 {ui
1909 3843 2100 3906 iudex;

555 3934 616 3984 de
650 3934 844 3984 arteria
874 3948 989 3985 vero
1020 3932 1209 3985 civibus
1231 3932 1348 3998 jam
1396 3933 1565 3986 liberis
1601 3935 1850 4005 suffragia
1888 3937 2104 4005 ferenda

553 4023 813 4090 permitto.
850 4021 1147 4074 Sententiis
1193 4021 1339 4084 latis,
1371 4036 1562 4077 omnes
1592 4025 1770 4079 securi
1813 4037 1940 4080 sunt
1972 4042 2101 4096 per-

553 4113 717 4180 cussi,
749 4122 909 4182 atque
958 4112 1101 4165 inter
1138 4113 1273 4166 alios
1324 4115 1537 4183 cognati
1564 4115 1772 4184 aliquot
1800 4117 2097 4173 Collatini:

553 4205 622 4257 ob
657 4221 792 4274 quos
820 4221 941 4260 cum
991 4207 1340 4269 irasceretur,
1372 4208 1554 4278 p0puli
1583 4225 1612 4261 a
1648 4209 1812 4264 Bruto
1845 4212 2100 4266 concitati

555 4296 804 4354 manibus
839 4315 972 4368 pene
1003 4299 1312 4368 discerptus
1350 4306 1512 4351 esset.
1544 4297 1886 4367 Magistratus
1921 4308 2101 4353 tamen

553 4394 601 4446 ei
630 4399 710 4444 est
742 4390 1054 4459 abrogatus,
1087 4391 1143 4443 Ρ.
1181 4391 1392 4445 Valerio
1421 4407 1735 4446 successore
1777 4392 1905 4447 dato
1941 4411 1955 4449 :
2008 4395 2099 4448 cui

2213 658 2440 710 στησαν,
2472 639 2801 708 ἀφίστασθαι
2829 637 2928 708 τῆς
2960 638 3267 708 βασιλείας,
3316 644 3410 695 καὶ
3460 646 3662 695 παύειν
3691 646 3792 695 τὸν

2212 731 2444 800 πόλεμον
2478 731 2725 798 λέγοντες
2783 729 2874 781 τὸν
2925 730 3245 799 Ταρκύνιον,
3301 734 3350 784 ei
3396 733 3460 785 τὰ
3509 734 3789 803 χρήματα
3842 753 3845 759 τ

2211 822 2412 875 δοθεῖεν
2440 822 2610 892 αὐτῷ,
2641 823 2736 875 iul.
2763 825 2873 886 τοῖς
2902 823 3099 891 φίλοις,
3131 826 3224 876 καὶ⁵
3252 826 3362 885 τοῖς
3396 826 3646 890 οἰκείοις,
3687 826 3792 894 ἀφ’

2209 907 2286 964 ῶν
2313 912 2695 968 διαϐιώσονται
2741 913 3054 982 φεύγοντες.
3105 914 3520 983 Ἐπικλωμένων
3557 915 3614 968 δὲ
3649 918 3792 967 πολ-

2210 1005 2338 1070 λῶν,
2366 1006 2460 1059 καὶ
2496 1005 2661 1060 αὐτοῦ
2704 1006 3029 1058 Κολλατίνου
3059 1005 3152 1058 τοῦ
3202 1005 3279 1073 τῷ
3309 994 3526 1076 Βρούτῳ
3567 1009 3789 1076 συνάρ-

2211 1113 2416 1165 χοντος,
2448 1098 2531 1161 εἰς
2558 1097 2766 1167 ἀγορὰν
2790 1099 2818 1150 6
2847 1096 3082 1169 Βροῦτος
3133 1098 3195 1150 ἐκ
3233 1097 3326 1150 τοῦ
3388 1097 3788 1170 βουλευτηρίου

2210 1187 2498 1258 ἐξέδραμε,
2534 1190 2801 1260 προδότην
2831 1190 2923 1244 τὸν
2961 1192 3285 1246 Κολλατῖνον
3315 1191 3624 1258 ἀποκαλῶν,
3692 1208 3792 1244 πο-

2211 1279 2376 1349 λέμου
2452 1280 2547 1334 καὶ
2611 1282 2921 1352 τυραννίδος
2967 1284 3219 1355 ἀφορμὰς
3278 1287 3660 1354 χαριζόμενον.
3721 1285 3790 1338 0'.

2212 1369 2468 1440 πρέσϐεις
2495 1370 2551 1422 δὲ
2603 1370 2696 1423 ἐπὶ
2751 1373 2818 1443 τῇ
2868 1371 3322 1441 τῶν-χρημάτων
3377 1371 3655 1441 προφάσει
3715 1374 3785 1440 τῇ

2221 1459 2408 1532 Ῥώμῃ
2441 1461 2892 1533 ἐνδιατρίϐοντες,
2922 1463 3149 1532 ῖσχυσαν
3180 1461 3488 1532 διαφθεῖραι
3513 1461 3624 1515 τῶν
3659 1465 3787 1516 ὲπι-

2214 1553 2406 1624 σήμων
2443 1555 2611 1618 τινὰς,
2642 1553 2762 1624 μεθ’
2805 1545 2880 1607 ὧν
2911 1557 3004 1607 καὶ
3035 1553 3144 1608 δύω
3176 1553 3269 1606 τοῦ
3309 1553 3549 1622 Βρούτου,
3577 1553 3786 1614 παῖδας

2209 1645 2436 1699 ἔπεισαν
2463 1647 2520 1697 ὲν
2548 1648 2616 1716 τῇ
2661 1645 2920 1717 προδοσίᾳ
2949 1645 3221 1714 γενέσθαι.
3276 1646 3362 1708 Ὠς
3393 1642 3486 1698 οὖν
3520 1645 3790 1697 συνέπει-

2215 1753 2314 1790 σαν
2342 1737 2409 1790 τὰ
2439 1738 2721 1808 μειράκια,
2747 1737 2889 1800 ἔδοξε
2935 1739 3030 1790 καὶ
3082 1739 3244 1806 ὅρκον
3291 1736 3572 1808 προθεῖναι
3685 1738 3788 1788 καὶ

2138 1812 2182 1874 Β
2209 1830 2302 1882 ἐπὶ
2333 1830 2540 1894 τούτοις
2567 1832 2646 1893 είς
2675 1830 2850 1882 οἰκίαν
2885 1826 3272 1900 συνῆλθονῘΗν
3287 1829 3350 1882 δὲ
3371 1830 3400 1881 6
3425 1823 3577 1892 οἶκος
3601 1828 3788 1898 ὑπέρ-

2206 1936 2344 1992 ημος
2375 1921 2469 1972 καὶ
2527 1917 2817 1988 σκοτώδης.
2855 1918 3084 1972 Ἐλαθεν
3114 1918 3206 1972 οὖν
3255 1920 3402 1973 ἔνδον
3450 1919 3523 1971 ὣν
3554 1920 3662 1970 οὐκ
3718 1922 3785 1971 ἐκ

2206 2010 2485 2079 προνοίας,
2549 2007 2685 2062 ἀλλὰ
2735 2008 2996 2079 τυχαίως,
3067 2010 3284 2077 οἰκέτης
3344 2009 3514 2080 ὄνομα
3563 2010 3789 2062 Οὐινδί-

2205 2118 2322 2165 κιος
2359 2099 2494 2172 (92),
2530 2100 2624 2154 καὶ
2648 2100 3057 2171 κατακρυφθεὶς
3113 2102 3256 2166 ἐκεῖ,
3314 2100 3510 2170 θεατής
3558 2115 3620 2153 τε
3666 2099 3784 2152 τῶν

2204 2195 2494 2264 δρωμένων
2517 2189 2606 2263 ἦν,
2636 2193 2734 2244 καὶ
2770 2191 2881 2244 τῶν
2934 2190 3368 2260 βεϐουλευμένων
3402 2191 3675 2260 ἐπήκοος·
3714 2189 3781 2243 ᾶ-

2205 2301 2310 2356 περ
2336 2281 2474 2357 ἦσαν
2500 2281 2698 2347 ,τοὺς
2746 2281 2983 2344 ὑπάτους
3038 2281 3268 2346 ἀνελεῖν,
3319 2282 3413 2336 καὶ
3456 2282 3554 2364 τὴν
3610 2279 3778 2332 πόλιν

2204 2375 2514 2446 προδοῦναι,
2541 2375 2647 2436 καὶ
2667 2373 2839 2427 ταῦτα
2866 2374 2943 2442 τῷ
2969 2373 3256 2443 Ταρκυνίῳ
3307 2371 3394 2425 διὰ
3460 2370 3567 2424 τῶν
3638 2372 3784 2441 πρέ-

2205 2469 2379 2522 σϐεων
2417 2468 2833 2522 ἐπεστάλκασιν.
2875 2465 3239 2519 Ἀπελθόντων
3266 2466 3322 2518 δὲ
3349 2465 3440 2518 τοῦ
3468 2465 3780 2538 οἰκήματος

2205 2558 2312 2612 τῶν
2344 2560 2688 2628 συνωμοτῶν,
2745 2549 2977 2624 ἐξελθών
3005 2557 3033 2609 6
3061 2557 3278 2627 οίκέτης
3331 2558 3542 2610 ἅπαντα
3604 2572 3780 2608 κατε-

2209 2653 2436 2722 μήνυσε,
2465 2651 2558 2705 καὶ
2589 2651 2723 2704 οἵτε
2752 2650 2851 2721 τὴν
2867 2649 3158 2721 προδοσίαν
3187 2648 3582 2717 μελετήσαντες
3612 2648 3777 2700 συνε-

2203 2745 2510 2814 λήφθησαν,
2542 2744 2637 2796 καὶ
2669 2744 2764 2798 τὰ.
2781 2742 3086 2812 γράμματα
3132 2740 3522 2810 ἐκομίσθησαν,
3557 2741 3657 2792 καὶ
3691 2741 3776 2802 είς

2204 2839 2304 2906 τὴν
2331 2837 2536 2906 ἀγορὰν
2559 2835 2945 2906 προαχθέντων
2977 2832 3176 2899 αὐτῶν,
3217 2833 3310 2885 καὶ
3359 2832 3450 2884 τὸν
3507 2833 3777 2886 Οὐΐνδικα

2208 2929 2641 2997 παρεστήσαντο,
2673 2929 2742 2981 τά
2770 2915 2829 2979 τε
2859 2928 3162 2998 γράμματα
3182 2923 3623 2994 ἀνεγνώσθησαν.
3660 2925 3777 2976 Καὶ

2205 3024 2252 3074 οἱ
2295 3021 2392 3091 μὲν
2420 3021 2566 3074 ἄλλοι
2594 3019 2652 3072 ἐν
2708 3021 2980 3092 κατηφείᾳ
3018 3017 3181 3093 ἦσαν,
3243 3019 3338 3072 καὶ
3411 3020 3613 3087 σιωπῇξ
3649 3019 3679 3069 6
3714 3015 3772 3068 δὲ

2209 3112 2440 3181 Βροῦτος
2472 3112 2729 3179 ὀνομαστὶ
2759 3111 2866 3163 τῶν
2896 3113 3056 3165 υίέων
3111 3111 3368 3179 ἑκάτερον
3425 3106 3770 3176 προσειπὼν,

2211 3203 2330 3254 Οὐκ
2381 3199 2794 3268 ἀπολογεῖσθε,
2834 3201 2958 3270 ἔφη,
3009 3201 3157 3268 πρὸς
3195 3197 3309 3267 τὴν
3358 3199 3771 3266 κατηγορίανς
3803 3212 3806 3216 ’

2206 3295 2312 3346 τῶν
2333 3293 2389 3346 δὲ
2428 3294 2774 3358 σιωπώντων,
2809 3295 3064 3366 στραφεὶς
3101 3293 3236 3364 πρὸς
3288 3292 3410 3352 τοὺς
3460 3282 3767 3360 ὑπηρέτας,

2219 3386 2547 3455 Ὺμέτερον,
2578 3383 2751 3451 εἴπεν,
2785 3385 2899 3454 ἤδη
2921 3389 2985 3439 τὸ
3001 3387 3212 3440 λοιπὸν
3235 3385 3428 3452 ἔργον.
3461 3384 3525 3434 Ol
3549 3383 3610 3436 δὲ
3640 3382 3771 3435 συλ-

2204 3479 2457 3540 λαϐόντες
2479 3481 2615 3541 τοὺς
2645 3480 2980 3542 νεανίσκους,
3035 3478 3249 3548 ῥάϐδοις
3273 3476 3589 3539 κατέξαινον
3616 3489 3630 3502 ·
3673 3476 3770 3528 καὶ

2203 3570 2312 3623 τῶν
2355 3571 2525 3622 ἄλλων
2555 3571 2941 3637 ἐπικλωμένων
2973 3573 3082 3632 τοῖς
3133 3569 3433 3636 πάσχουσιν
3463 3605 3477 3631 ,
3515 3570 3541 3619 6
3574 3567 3767 3636 πατὴρ

2204 3659 2314 3714 οὔτ’
2347 3661 2609 3730 ἀλλαχόσε
2641 3661 2737 3722 τὰς
2766 3661 2916 3728 ὄψεις
2950 3661 3256 3729 ἀπήγαγεν,
3284 3658 3408 3711 οὔτε
3442 3659 3550 3726 μὴν
3574 3657 3763 3710 οἴκτου

2204 3770 2255 3804 τι
2280 3752 2592 3816 ἐνεδείξατο,
2630 3754 2792 3822 μέχρι
2823 3753 3040 3819 πελέκει
3079 3753 3176 3816 τὰς
3211 3751 3448 3818 κεφαλὰς
3479 3748 3589 3801 τῶν
3637 3748 3765 3800 παί-

2202 3846 2306 3900 δων
2327 3845 2630 3915 ἀπέκοψαν.
2683 3847 2850 3898 Τοῦτο
2877 3846 2933 3898 δὲ
2962 3845 3072 3898 οὔτ’
3112 3846 3376 3910 ἐπαινεῖν,
3407 3843 3531 3898 οὗτε
3568 3844 3765 3912 ψέγειν

2203 3940 2318 3992 ἐστὶ
2339 3939 2540 4010 ῥᾴδιον.
2585 3939 2647 3991 Ἡ
2691 3939 2796 4008 γὰρ
2827 3940 3028 4008 ἀρετῆς
3057 3937 3186 4006 ὕψος
3212 3939 3290 4013 εἰς
3315 3937 3583 3990 ἀπάθειαν
3639 3937 3764 4000 ἐξέ-

2205 4053 2400 4103 στησεν
2426 4036 2588 4088 αὑτοῦ
2612 4036 2706 4106 τὴν
2727 4035 2921 4104 ψυχὴν,
2949 4035 2982 4103 ἢ
3018 4034 3222 4096 πάθους
3242 4032 3466 4102 μέγεθος
3485 4033 3566 4094 είς
3599 4031 3765 4083 ἀναλ-

2201 4129 2421 4200 γησίαν.
2484 4129 2777 4195 Οὑδέτερον
2815 4126 2870 4178 δὲ
2901 4128 3094 4194 μικρὸν
3127 4124 3234 4178 οὐδ’
3258 4126 3619 4195 ἀνθρώπινον,
3645 4124 3763 4178 ἀλλ’

2203 4219 2236 4289 ἢ
2269 4221 2432 4281 θεῖον,
2463 4219 2496 4286 ἢ
2533 4216 2813 4285 θηριῶδες.
2844 4215 2998 4267 Οῠτω
3030 4217 3084 4266 δὲ
3108 4215 3312 4267 τούτων
3346 4216 3642 4280 θανόντων,
3669 4217 3763 4268 καὶ

2204 4310 2331 4381 π;ρὶ
2359 4309 2466 4361 τῶν
2500 4307 2670 4360 ἄλλων
2711 4306 3032 4374 συνωμοτῶν
3056 4305 3234 4376 ψῆφον
3267 4307 3508 4373 ἐνεγκεῖν
3533 4308 3561 4356 6
3591 4305 3764 4374 Βροῦ-

2202 4419 2287 4464 τος
2311 4401 2574 4472 ἀπῄτητο.
2611 4399 2668 4454 Ὀ
2686 4400 2763 4463 δὲ,
2788 4399 2916 4468 Τοῖς
2955 4399 3072 4468 μὲν
3109 4399 3322 4462 υἱέσιν,
3353 4393 3534 4462 εἶπεν,
3579 4399 3764 4462 αὐτὸς

553 4501 583 4540 a
632 4485 779 4536 cultu
825 4493 879 4534 ct
930 4482 1270 4534 observantia
1344 4482 1564 4549 p0puli,
1633 4482 1923 4538 Publicola:
2009 4501 2103 4540 col

2205 4493 2483 4561 ἀποχρῶν
2510 4496 2622 4561 ειμι
2642 4487 2966 4559 δικαστήςέ
3009 4491 3140 4559 περὶ
3168 4490 3234 4542 δὲ
3254 4488 3370 4542 τῶν
3395 4489 3620 4555 ἄλλων,
3643 4485 3764 4553 τοῖς

554 4583 903 4644 gnomentum
1010 4571 1132 4623 luit.
1222 4569 1550 4638 Tarquinius
1635 4577 1911 4642 desperata
2001 4591 2100 4644 per

555 4662 712 4734 335
743 4661 1100 4731 proditiOuem
1131 4658 1279 4729 i'egui
1309 4663 1730 4730 recuperatioue,
1761 4666 1826 4718 ad
1866 4665 2096 4735 Tyrrhe-

557 4767 657 4805 ιον
684 4770 739 4808 se
767 4753 1013 4808 contulit.
1045 4757 1088 4805 A
1123 4753 1318 4824 quibus
1351 4769 1471 4808 cum
1504 4756 1707 4823 magnis
1745 4758 1916 4824 copiis
1941 4759 2100 4817 redu-

558 4853 793 4902 certatur,
848 4844 1097 4896 consules
1139 4843 1190 4895 in
1243 4845 1413 4897 aciem
1467 4845 1737 4899 Romanos
1771 4849 2096 4904 eduxerunt.

559 4931 637 5010 Ae
673 4946 862 5001 pugna:
888 4934 1151 5001 principio
1174 4933 1352 4987 Aruns
1380 4935 1655 5004 Tarquinii
1684 4940 1845 5004 ﬁlius,
1883 4949 1937 4994 et
1966 4941 2101 4994 Bru-

560 5031 647 5073 tus
681 5021 870 5074 consul
905 5021 1196 5088 Romanus,
1246 5026 1378 5078 adeo
1406 5025 1614 5081 infestis
1647 5032 1844 5086 animis
1874 5034 2014 5086 inter
2040 5050 2097 5087 sc

561 5120 975 5173 concurrerunt,
1009 5121 1066 5164 ut
1100 5124 1310 5179 neuter,
1360 5116 1484 5170 dum
1520 5119 1727 5174 hostem
1765 5125 2094 5191 vulneraret,

559 5202 644 5251 sui
677 5203 994 5270 protegendi
1027 5207 1270 5270 corporis
1308 5223 1531 5272 memor,
1564 5222 1789 5280 uterque
1827 5214 1938 5268 ictu
1966 5231 2097 5269 eon-

562 5291 728 5340 trario
769 5291 1199 5361 transﬁgeretur.
1255 5295 1380 5349 Acri
1430 5311 1548 5353 orto
1579 5305 1783 5369 proelio,
1833 5319 1887 5359 et
1915 5307 2101 5361 multis

563 5378 818 5434 utrinque
853 5382 1024 5445 caesis,
1062 5382 1265 5437 incerta
1315 5385 1540 5440 victoria
1570 5389 1689 5443 fuit.
1730 5391 1842 5446 Sub
1882 5405 2094 5448 noctem

2203 4587 2474 4645 πολίταις
2493 4576 2824 4650 ἐλευθέροις
2852 4577 2991 4635 οὖσι
3019 4571 3142 4648 τῆρ’
3165 4582 3372 4650 ψήφου
3404 4581 3759 4648 παραφωρῶ.

2201 4675 2395 4743 Yfﬁ/ou
2419 4674 2592 4726 τοίνυν
2609 4673 2872 4742 δοθείσης,
2902 4673 3096 4737 πάντες
3121 4669 3760 4744 ἐπελεκίσθησαν.Ἦσαν

2201 4767 2256 4816 δὲ
2306 4764 2508 4816 τούτων
2538 4763 2678 4823 τινὲς
2706 4764 2780 4832 τῷ
2812 4764 3118 4832 Κολλατίνῳ
3153 4765 3536 4833 προσήκοντες,
3566 4764 3636 4814 δι’
3668 4755 3759 4824 οὓς

2208 4855 2299 4906 καὶ
2323 4853 2603 4923 ὠργίζετο.
2642 4855 2803 4906 Ὅθεν
2836 4855 2862 4906 6
2887 4854 3120 4924 Βροῦτος
3143 4855 3285 4906 οὕτω
3310 4855 3429 4906 κατ’
3461 4854 3627 4906 αὑτοῦ
3669 4856 3758 4906 τὸν

2205 4950 2373 5019 δῆμον
2404 4949 2733 5018 παρώξυνεν,
2793 4949 2867 5010 ώς
2926 4949 3123 5019 μικροῦ
3169 4949 3278 5001 δεῖν
3310 4949 3402 5001 καὶ
3441 4949 3757 5020 αὐτοχειρίᾳ

2205 5043 2362 5092 αὑτὸν
2385 5041 2591 5095 ἀνελεῖν
2612 5057 2626 5070 ·
2653 5039 2789 5092 ἀλλὰ
2809 5039 2967 5094 τοῦτο
3006 5041 3103 5108 μὲν
3129 5042 3226 5091 οὐκ
3261 5041 3537 5110 ἐποίησαν,
3567 5040 3669 5110 τὴν
3708 5042 3754 5092 δ’

2205 5135 2376 5202 ἀρχὴν
2404 5133 2718 5201 ἠνάγκασαν
2745 5134 2903 5186 αὐτὸν
2960 5135 3230 5187 ἀπειπεῖν.
3264 5133 3481 5185 Εῖλοντο
3528 5131 3584 5183 δὲ
3639 5131 3753 5184 ἀντ’

2205 5225 2411 5276 ἐκείνου
2458 5226 2794 5295 συνάρχοντα
2873 5226 3100 5276 Πόπλιον
3152 5223 3464 5291 Οὐαλέριον,
3519 5222 3577 5284 ὃς
3644 5223 3751 5275 Πο-

2203 5316 2457 5377 πλικόλας
2533 5315 3004 5387 προσωνομάσθη,
3091 5319 3238 5386 δηλοῖ
3321 5314 3366 5368 δ’
3560 5314 3750 5383 κλῆσις

2203 5401 2645 5476 ὲξελληνιζομένη
2750 5408 3038 5475 Δημοκηδῆ
3097 5448 3111 5470 ,
3193 5401 3275 5474 νῆ’
3340 5404 3749 5476 Δημοτικώτα-

1723 5579 1919 5643 ναῖ’ἰω
1964 5585 2261 5649 lectiones
2308 5596 2367 5652 et
2403 5597 2585 5652 notae.

630 5730 739 5800 (92)
769 5737 1112 5806 oon-51mg.
1137 5743 1211 5799 ita
1243 5761 1380 5803 unus
1405 5765 1433 5804 e
1460 5748 1588 5820 Reg.
1627 5753 1691 5808 At
1721 5757 1856 5814 alter
1885 5771 1938 5816 et
1974 5761 2126 5818 Colb.
2170 5761 2473 5842 ’ίουνδεκιος
2503 5750 2810 5832 prail‘erunt.
2842 5759 2850 5767 ’
