3986 6338
644 407 757 471 583

1909 400 2231 461 JOANNIS
2258 400 2583 460 ZONAILE

632 541 731 580 σαν
785 522 832 574 οἱ
876 515 1176 588 Ταρκύνιοι
1223 515 1319 586 τὴν
1371 513 1651 584 βασιλείαν
1700 512 2023 577 ἀναλαϐεῖν,
2074 515 2186 576 τοῖς
2224 510 2489 582 δμοροῦσι

3758 396 3867 458 584

2569 512 2858 582 Ῥωμαίοις
2893 510 3070 562 ἔθνεσι
3102 507 3576 576 συμμαχούμενοι’
3648 508 3871 573 πάντες

629 603 684 664 δὲ
717 614 774 663 ἐν
803 614 921 672 ταῖς
948 610 1145 680 μάχαις
1177 608 1567 676 διεφθάρησαν,
1609 606 1743 675 πλὴν
1776 603 1870 656 τοῦ
1909 605 2182 674 γέροντος,
2223 602 2281 666 δς
2315 603 2409 656 καὶ
2469 604 2779 674 Σούπερϐος
2840 603 3104 664 ἐκαλεῖτο,
3128 597 3271 650 εἴποι
3294 599 3355 651 ἂν
3385 616 3465 662 τις
3489 599 3695 669 Ἕλλην
3722 600 3871 667 ἀνὴρ

640 702 1043 772 ’Υπερήφανοςο
1078 702 1343 759 Κάκεῖνος
1383 699 1441 751 δὲ
1476 697 1771 767 μετέπειτα
1802 698 1879 757 εἰς
1914 695 2109 765 Κύμην
2141 696 2239 763 τὴν
2279 698 2337 748 ἐν
2370 695 2558 767 ὀπικίᾳ
2592 696 2899 766 γενόμενος,
2928 691 3291 758 ἐτελεύτησεν.
3581 771 3588 777 ⁸

700 793 838 847 XIII.
879 791 1302 859 Tarquiniorum
1350 804 1438 843 res
1483 804 1561 841 eo
1600 788 1837 856 denique
1886 786 2192 841 redierunt.

2369 786 2467 841 II".
2501 789 2657 843 Οὕτω
2689 789 2788 859 μὲν
2817 787 2911 843 οὖν
2942 793 3053 855 τοῖς
3096 790 3417 861 Ταρκυνίοις
3446 789 3512 842 τὰ
3552 791 3868 859 πράγματα

632 886 741 939 Illis
766 895 946 939 aut-nm
980 883 1172 953 pulsis.
1202 882 1433 935 Romani
1458 880 1728 942 consules,
1764 888 1823 931 ut
1850 879 2055 932 dictum
2086 888 2189 934 est.

631 985 957 1031 creaverunt
983 992 997 1033 ;
1023 991 1087 1027 ex
1119 988 1349 1042 quorum
1380 986 1611 1025 numero
1638 971 1696 1025 P.
1724 968 1975 1024 Valerius
2031 983 2194 1039 quar-

634 1079 750 1122 tum
795 1067 898 1120 fuit
939 1066 1149 1127 consul,
1194 1071 1557 1133 cognomento
1601 1060 1898 1117 Publicola.
1934 1059 2037 1125 Qui
2068 1074 2205 1113 cum.

632 1161 749 1214 sine
780 1160 987 1226 collega
1014 1158 1389 1226 magistratum
1434 1163 1670 1223 gereret,
1715 1154 1944 1208 Romani
1974 1151 2192 1211 offensi,

628 1265 755 1303 eum
784 1264 889 1301 non
923 1249 1075 1301 Bruti
1105 1248 1421 1301 consulatus
1450 1247 1742 1310 hazrcdem,
1773 1245 1866 1308 sed
1894 1242 2195 1314 tyrannidis

632 1337 914 1407 Tarquinii
958 1352 1330 1391 successorem
1379 1336 1677 1399 exstitisse,
1731 1334 1824 1402 qui
1863 1347 1987 1386 cum
2019 1332 2194 1385 omni—

633 1430 735 1482 bus
766 1430 1004 1483 fascibus
1037 1438 1090 1481 et
1120 1428 1427 1489 securibus,
1456 1444 1521 1480 ex
1542 1426 1755 1479 aadibus
1786 1424 1949 1477 tantis
1976 1434 2192 1491 tamque

629 1521 934 1590 splendidis
1009 1520 1293 1588 prodiret,
1364 1520 1638 1572 dixerunt.
1703 1516 1916 1571 Etenim
1970 1514 2190 1569 domum

634 1608 1094 1677 sumptuosiorcm
1145 1607 1424 1673 habebat,
1471 1606 1590 1660 foro
1642 1606 2024 1675 pmpinquam.
2076 1605 2195 1671 Quo

630 1699 912 1754 Publicola
944 1699 1184 1766 cognito,
1241 1696 1491 1767 plurimis
1554 1697 1843 1765 cpificibus
1892 1696 2192 1758 accersitis,

628 1789 770 1843 aedes
828 1797 993 1842 noctu
1048 1788 1522 1855 destruxit'atque
1563 1786 1801 1841 evertit:
1860 1794 1918 1837 ut
1962 1785 2195 1839 Romani

632 1897 789 1934 mane
842 1881 893 1934 id
927 1880 1200 1945 videntes,
1256 1880 1416 1933 simul
1467 1888 1522 1932 et
1562 1877 1989 1948 magnitudinem
2028 1876 2194 1929 animi

630 1973 749 2041 ejus
782 1972 1136 2047 mirarentur,
1172 1980 1229 2024 et
1273 1980 1475 2025 tantam
1513 1977 1729 2037 tamque
1756 1968 2072 2037 praeclaram
2102 1970 2197 2021 do-

630 2080 779 2119 mum
831 2080 1077 2117 cversam
1131 2079 1252 2118 csse
1305 2064 1571 2116 dolerent.
1630 2061 1862 2115 Securos
1906 2074 2124 2128 quoque
2163 2074 2193 2113 a

2294 879 2689 949 ἐπεράνθησαν.
2728 881 2980 933 Ἐκείνων
3004 882 3047 933 δ’
3071 882 3410 955 ἐξωσθέντων
3428 886 3523 953 τῆς
3550 882 3866 950 βασιλείας,

2284 971 2510 1037 ὕπατοι,
2545 973 2619 1036 ὼς
2648 975 2881 1043 εἴρηται,
2916 977 3063 1046 παρὰ
3094 976 3198 1029 τῶν
3242 976 3529 1045 Ῥωμαίων
3552 976 3865 1046 ᾑρέθησαν,

2294 1057 2368 1117 ὧν
2402 1058 2481 1125 εἷς
2514 1060 2580 1135 ἦν
2611 1066 2704 1117 καὶ
2738 1066 2967 1129 Πόπλιος
3006 1066 3316 1135 Οὐαλέριος,
3342 1066 3400 1129 ὃς
3430 1068 3687 1134 τετράκις
3725 1067 3870 1120 ὑπά-

2294 1172 2507 1219 τευσεν,
2534 1157 2561 1207 ό
2596 1158 2687 1208 καὶ
2722 1157 3057 1219 Πόπλικόλας
3087 1159 3418 1230 ἐπικληθείς.
3444 1154 3611 1220 Οὗτος
3644 1158 3745 1210 οὖν
3772 1160 3869 1227 μό·
3892 1176 3907 1198 ι

2296 1264 2381 1308 vo;
2419 1244 2622 1316 ἄρχων,
2660 1249 2756 1300 καὶ
2788 1250 2863 1319 μὴ
2897 1251 3233 1320 συνάρχοντα
3258 1249 3514 1319 εἰληφὼς,
3559 1250 3909 1319 Ῥωμαόεςὶ-

2296 1341 2687 1407 προσέκρουσε,
2726 1339 2941 1407 λέγουσι
2976 1342 3049 1409 μὴ
3080 1341 3175 1409 τῆς
3203 1339 3295 1392 τοῦ
3331 1340 3566 1410 Βρούτου
3598 1339 3869 1410 κληρονό-
3894 1334 3907 1347 ’

2299 1444 2395 1496 μον
2431 1429 2688 1501 ὑπατείας
2713 1425 2875 1493 εἶναι,
2906 1430 3006 1501 τῆς
3042 1430 3099 1482 δὲ
3141 1431 3233 1483 τοῦ
3262 1433 3566 1501 Ταρκυνίου
3597 1432 3864 1501 τυραννί-

2248 1546 2251 1549 -
2295 1515 2383 1576 δος
2413 1516 2672 1587 διάδοχον,
2707 1518 2810 1569 ὑπὸ
2840 1519 3053 1587 ῥάϐδοις
3077 1519 3210 1589 ὁμοῦ
3248 1521 3451 1584 πάσαις
3483 1524 3573 1573 καί
3604 1521 3867 1573 πελέκεσι

2297 1606 2552 1674 προϊόντα
2578 1605 2637 1669 ἐξ
2663 1607 2837 1669 οἰκίας
2867 1607 3133 1677 τοσαύτης
3167 1608 3227 1660 τὸ
3266 1609 3495 1676 μέγεθος
3523 1609 3615 1658 καὶ
3643 1609 3709 1658 τὸ
3736 1605 3867 1658 κάλ-

2296 1696 2405 1758 λος.
2438 1696 2546 1749 Καὶ
2578 1696 2687 1766 γὰρ
2721 1697 3189 1769 πολυτελεστέραν·
3227 1695 3368 1769 εἶχεν
3408 1699 3607 1763 οἰκέειν,
3649 1701 3866 1771 ἐπικει-

2301 1788 2467 1859 μένην
2521 1790 2587 1859 τῇ
2642 1790 2836 1859 ἀγορᾷ.
2893 1789 3083 1843 Ταῦτα
3149 1792 3177 1842 ὁ
3236 1790 3574 1852 Ποπλικόλας
3645 1790 3863 1859 μαθὼν,

2296 1881 2544 1951 τεχνίτας
2601 1879 2886 1945 πλείστους
2947 1880 3291 1950 συναγαγὼν,
3343 1884 3541 1943 νυκτὸς
3584 1882 3863 1934 κατέϐαλε

2298 1971 2398 2040 τὴν
2458 1971 2656 2034 οἰκίαν,
2694 1971 2790 2025 καὶ⁸
2848 1971 3055 2039 ταύτην
3104 1972 3481 2040 κατέσκαψενο
3532 1970 3677 2023 ὥστε
3744 1970 3863 2040 μεθ’

2298 2064 2508 2134 ἡμέραν
2536 2065 2660 2125 τοὺς
2689 2064 2987 2132 Ῥωμαίους
3021 2063 3312 2132 βλέποντας
3335 2063 3394 2114 τὸ
3423 2063 3741 2132 γενόμενος),
3766 2062 3862 2130 τὴν

630 2156 868 2209 fascibus
913 2155 1186 2210 removit:
1226 2164 1282 2209 et
1314 2157 1487 2208 fasces
1533 2154 1679 2223 ipsos
1712 2168 1833 2206 cum
1884 2154 1937 2208 in
1974 2153 2194 2206 concio-

2300 2156 2397 2224 μὲν
2419 2156 2511 2207 τού
2536 2155 2725 2225 ἀνδρὸς
2752 2155 3231 2225 μεγαλοφροσύνην
3260 2155 3575 2222 θαυμάζειν,
3596 2154 3860 2223 ἄχθεσθαι

630 2263 755 2301 nem
796 2247 1063 2315 prodibat,
1093 2249 1294 2316 pepqu
1324 2247 1599 2300 submisit.
1636 2244 1891 2298 Pecunias
1926 2245 2053 2297 item
2087 2231 2196 2296 tra-

632 2340 931 2393 ctationem
982 2339 1105 2393 aliis
1156 2339 1456 2403 mandavit,
1502 2354 1567 2392 ne
1614 2337 1899 2390 consulum
1942 2352 2037 2404 per
2076 2340 2194 2389 eam

630 2410 879 2498 potentia
908 2440 1221 2499 augeretur,
1248 2440 1361 2483 tum
1388 2429 1625 2498 primum
1660 2428 2024 2496 quaestoribus
2054 2427 2199 2481 desi-

632 2522 832 2593 gnatis.
870 2520 909 2574 Ii
941 2521 1215 2591 principio
1240 2536 1528 2575 causarum
1561 2520 1875 2588 capitalium
1898 2519 2197 2588 cognitioni

638 2613 925 2681 praefuere,
957 2613 1026 2666 ab
1063 2612 1419 2682 inquisitione
1469 2611 1719 2665 veritatis
1750 2611 2073 2678 qumsitorcs
2101 2625 2197 2678 ap-

636 2701 859 2771 pellati:
903 2712 1029 2771 post
1075 2703 1237 2757 etiam
1275 2703 1471 2758 :erario
1508 2711 1635 2756 sunt
1668 2702 1930 2771 praefecti,
1982 2701 2200 2771 iudiciis

634 2792 870 2846 aliorum
921 2809 1065 2846 cura:
1116 2794 1441 2848 commissis.
1512 2794 1781 2863 Collegam
1823 2794 1924 2847 sibi
1986 2793 2196 2856 ascivit,

636 2883 900 2940 Lucretia:
931 2894 1135 2955 patrem
1171 2884 1505 2939 Lucretium.
1538 2884 1654 2949 Quo
1682 2884 1830 2938 brevi
1862 2895 2096 2946 mortuo,
2130 2884 2198 2937 Μ.

640 2975 900 3032 Horatius
930 2978 984 3030 in
1017 2977 1163 3031 illius
1189 2976 1347 3046 331
1394 2977 1572 3030 locum
1594 2976 1895 3039 suffectus,
1928 2976 2201 3043 reliquum

636 3069 898 3137 temporis
930 3069 1119 3123 consul
1149 3069 1273 3122 fuit.
1306 3068 1582 3123 Publicola
1644 3082 1834 3121 rursus
1877 3068 2064 3120 consul
2109 3067 2194 3120 fa-

642 3165 784 3221 ctus,
815 3160 1071 3228 collegam
1106 3160 1297 3212 habuit
1344 3159 1409 3213 T.
1456 3159 1794 3213 Lucretium.
1834 3158 2039 3211 Deinde
2075 3174 2199 3211 cum

584 3306 587 3307 ν
637 3247 825 3302 Sabini
874 3248 929 3301 in
976 3264 1163 3317 agrum
1209 3247 1511 3300 Romanum
1562 3247 1846 3301 duxissent
1878 3246 2197 3311 exercitum,

637 3341 831 3395 consul
872 3340 1189 3409 designatus
1218 3351 1302 3392 est
1350 3339 1418 3391 M.
1461 3338 1735 3405 Valerius,
1762 3339 2053 3392 Publicolae
2086 3338 2199 3391 fra-

2296 2247 2341 2300 δ’
2373 2250 2511 2317 ὑπὲρ
2545 2248 2643 2314 τῆς
2677 2248 2872 2312 οἰκίας,
2903 2248 2989 2298 διὰ
3020 2247 3079 2298 τὸ
3118 2247 3346 2315 μέγεθος
3392 2248 3484 2299 καὶ
3529 2246 3589 2298 τὸ
3620 2248 3822 2307 κάλλος
3842 2262 3855 2273 ·

2298 2337 2406 2391 Καὶ
2447 2339 2571 2399 τοὺς
2603 2336 2847 2402 πελέκεις
2875 2337 2930 2389 δὲ
2973 2338 3080 2389 τῶν
3114 2338 3325 2406 ῥάϐδων
3358 2338 3643 2400 ἀπέλυσεν,
3687 2338 3860 2392 αύτάς

2298 2450 2356 2483 τε
2396 2431 2495 2501 τὰς
2528 2431 2755 2500 ῥάϐδους
2783 2433 2862 2493 είς
2892 2430 3185 2501 ἐκκλησίαν
3212 2430 3420 2500 παριὼν
3450 2431 3628 2497 ἀφῆκε
3659 2430 3742 2500 τῷ
3774 2431 3861 2498 δή·

2302 2542 2386 2594 μῳ
2411 2537 2425 2552 ·
2465 2526 2557 2575 καὶ
2577 2525 2675 2594 τὴν
2698 2503 3119 2592 τῶν-χρημάτων
3144 2522 3406 2591 διοίκησιν
3433 2523 3613 2584 ἄλλοις
3638 2524 3861 2576 ἀπένει-

2304 2632 2422 2683 μεν,
2458 2614 2543 2667 ἴνα
2578 2615 2652 2684 μὴ
2686 2614 2889 2665 τούτων
2922 2615 3207 2682 ἐγκρατεῖς
3232 2614 3380 2675 ὄντες
3420 2616 3466 2667 oi
3497 2614 3860 2676 ὑπατεύοντες

2304 2706 2444 2775 μέγα
2479 2705 2765 2769 δύνωνται,
2806 2705 2893 2759 ὅτε
2934 2705 3147 2774 πρῶτον
3180 2706 3227 2756 οἱ
3257 2706 3449 2774 ταμίαι
3491 2705 3860 2776 γίνεσθαινήρ-

2304 2796 2480 2859 ξαντο,
2517 2797 2861 2865 κοιαίστορας
2898 2796 2945 2847 δ’
2992 2796 3215 2848 ἐκάλουν
3248 2795 3468 2857 αὐτούς.
3520 2795 3583 2846 Οἳ
3639 2795 3856 2863 πρῶτον

2305 2887 2404 2955 μὲν
2446 2885 2544 2947 τὰς
2592 2885 2923 2956 θανασίμους
2978 2886 3128 2949 δίκας
3172 2886 3435 2950 ἐδίκαζον,
3462 2886 3584 2939 ὅθεν
3625 2892 3724 2939 καὶ
3764 2886 3855 2955 τὴν

2303 2980 2674 3049 προσηγορίαν
2714 2979 2915 3048 ταύτην
2937 2979 3023 3032 διά
3061 2980 3158 3042 τὰς
3202 2981 3517 3047 ἀνακρίσεις
3564 2980 3851 3049 εσχήκασι,

2302 3072 2395 3123 καὶ
2439 3070 2527 3122 διὰ
2575 3072 2674 3140 τὴν
2712 3071 2811 3140 τῆς
2845 3072 3103 3141 ἀληθείας
3144 3071 3245 3139 τῆς
3281 3074 3345 3125 ἐκ
3378 3071 3485 3124 τῶν
3516 3073 3855 3142 άνακρίσεων

2302 3163 2551 3233 ζήτησιν.
2588 3163 2852 3233 ’Ὕστερον
2887 3164 2942 3215 δὲ
2975 3164 3069 3215 καὶ
3096 3164 3193 3231 τὴν
3212 3164 3321 3214 τῶν
3344 3163 3534 3214 κοινῶν
3555 3157 3857 3231 χρημάτων

2300 3252 2569 3322 διοίκησιν
2624 3252 2836 3322 ἔλαχον,
2898 3255 2989 3305 καὶ
3040 3253 3233 3322 ταμίαι
3292 3257 3851 3324 προσωνομάσθησαν.

2302 3343 2456 3396 Μετὰ
2478 3343 2651 3397 ταῦτα
2672 3344 2929 3414 δ’ὲτέροις
2965 3344 3062 3413 μὲν
3091 3344 3371 3413 ἐπετράπη
3399 3346 3463 3397 τά
3490 3345 3818 3415 δικαστήρια
3837 3360 3853 3377 ο

638 3440 743 3491 ter,
776 3438 831 3483 et
861 3431 1218 3487 Postliumius
1249 3430 1544 3514 Tubertus.
1584 3429 1689 3483 Sed
1721 3444 1842 3483 cum
1877 3444 1964 3483 res
1992 3429 2196 3483 bellicae

2303 3436 2499 3489 ἐκεῖνοι
2540 3434 2593 3488 δὲ
2630 3436 2737 3490 τῶν
2763 3436 3058 3504 χρημάτων
3085 3430 3225 3504 ἦσαν
3250 3435 3535 3503 διοικηταί.
3577 3433 3850 3496 Ἀπέδειξε

640 3523 870 3576 Consilio
899 3534 954 3576 et
1001 3524 1288 3591 praesentia
1318 3522 1612 3575 Publicolae
1660 3522 2196 3586 administrarentur,

638 3612 851 3666 Marcus
899 3613 1115 3665 duobus
1165 3613 1363 3678 prteliis
1412 3612 1603 3675 victor,
1664 3612 1719 3680 in
1775 3613 2076 3679 posteriore
2104 3628 2198 3666 xm

639 3700 883 3757 millibus
915 3702 1155 3757 hostium
1184 3703 1597 3769 caesis,‘nu|lum
1647 3702 1821 3756 civem
1870 3703 2071 3755 amisit.
2103 3702 2199 3756 Sc-

640 3804 840 3861 quente
860 3808 1023 3856 anno,
1058 3792 1239 3848 denuo
1264 3794 1486 3847 consule
1516 3792 1816 3858 Publicola,
1848 3808 2071 3847 consors
2099 3793 2198 3847 Sa-

640 3884 895 3937 binorum
932 3898 989 3939 et
1018 3885 1339 3939 Latinorum
1370 3886 1632 3939 adversus
1666 3886 1885 3939 Romam
1926 3885 2199 3953 expeditio

640 3979 1069 4047 exspectabatur.
1108 3981 1237 4035 Erat
1260 3992 1441 4035 autem
1470 3982 1524 4034 in
1551 3981 1767 4034 Sabinis
1800 3980 2010 4050 Appius
2039 3981 2199 4034 Clau-

643 4072 791 4135 dius,
830 4070 915 4124 vir
942 4081 997 4124 et
1031 4073 1227 4140 Opibus
1272 4080 1328 4125 et
1378 4072 1576 4126 robore
1623 4071 1870 4140 corporis
1913 4080 2198 4139 praestans,

642 4162 738 4216 sed
761 4162 1016 4229 opinione
1042 4161 1263 4215 virtutis
1283 4170 1337 4216 et
1360 4162 1673 4229 eloquentia
1698 4163 1750 4215 in
1776 4161 1969 4231 primis
1994 4161 2194 4214 clarus.

643 4249 787 4314 Quas
814 4252 884 4304 ob
914 4267 1004 4306 res
1043 4251 1246 4306 invidia
1281 4251 1624 4321 popularium
1672 4262 1939 4319 suscepta,
1973 4266 2095 4303 cum
2128 4251 2197 4303 ob

642 4340 949 4396 dissuasum
984 4342 1186 4395 bellum
1212 4341 1428 4397 insidiis
1456 4348 1823 4412 appeteretur,
1858 4354 2047 4409 magna
2068 4339 2200 4393 ami-

643 4447 834 4485 corum
864 4441 916 4485 et
948 4432 1227 4485 clientium
1257 4434 1545 4486 comitatus
1577 4448 1737 4485 manu
1767 4424 1998 4485 Romam
2022 4440 2198 4484 trans-

649 4522 804 4590 fugit.
836 4520 1045 4584 Quibus
1067 4536 1097 4574 a
1121 4521 1395 4575 Publicola
1419 4520 1653 4586 benigne
1679 4522 1964 4588 susceptis,
1994 4521 2200 4590 Appius

649 4595 790 4666 inter
822 4623 1002 4680 patres
1031 4614 1229 4678 lectus,
1266 4612 1514 4667 baudita
1557 4611 1727 4666 multo
1754 4619 1877 4680 post
1905 4612 2193 4679 prudentia

646 4708 898 4771 gerenda:
940 4706 1251 4774 reipublicae
1285 4704 1350 4758 ad
1392 4705 1621 4774 primam
1661 4702 1981 4773 dignitatem
2010 4718 2201 4771 perve-

2303 3525 2357 3578 δὲ
2395 3524 2571 3591 ἐαυτῷ
2606 3525 2941 3592 συνάρχοντα
2982 3523 3072 3575 τὸν
3119 3524 3214 3591 τῆς
3264 3523 3591 3590 Λουκριτίας
3644 3524 3850 3591 πατέρα

2302 3612 2638 3681 Λουκρίτιον.
2671 3612 2817 3679 Ταχὺ
2845 3612 2901 3663 δὲ
2922 3612 3109 3664 τούτου
3142 3612 3410 3675 θανόντος,
3438 3612 3607 3682 ᾑρέθη
3631 3615 3850 3683 Μάρκος

2315 3702 2561 3770 Ὁράτιος
2596 3702 2882 3769 συνάρχειν
2916 3701 3063 3769 αὐτῷ
3105 3700 3197 3752 τὸν
3221 3702 3511 3753 ὑπόλοιπον
3548 3704 3740 3771 καιρὸν
3760 3704 3846 3754 τοῦ

2302 3779 2569 3841 ἐνιαυτοῦ.
2610 3789 2855 3858 Αίρεθεὶς
2891 3789 3060 3841 δὲκαὶ
3090 3789 3244 3851 αὖθις
3287 3791 3489 3852 ὕπατος
3532 3794 3560 3841 ό
3585 3792 3848 3844 Ποπλικό-

2298 3879 2417 3944 λας,
2445 3878 2567 3947 ἔσχε
2604 3881 3043 3932 συνυπατεύοντα
3065 3882 3220 3933 Τῖτον
3250 3882 3585 3950 Λουκρίτιον.
3620 3883 3774 3935 Μετὰ
3796 3883 3847 3934 δὲ

2299 3970 2473 4023 ταῦτα
2496 3970 2735 4023 Σαϐίνων
2760 3971 3104 4038 ἐμϐαλόντων
3148 3977 3229 4035 είς
3266 3974 3364 4043 τὴν
3408 3974 3608 4045 χώραν,
3648 3976 3847 4036 ὕπατος

2299 4059 2578 4129 ἀνεδείχθη
2623 4058 2843 4127 Μάρκος
2885 4062 3197 4127 Οὐαλέριος,
3235 4064 3459 4130 ἀδελφὸς
3521 4065 3842 4126 Ποπλικόλα,

2300 4153 2393 4204 καὶ
2442 4153 2772 4221 Ποστούμιος
2839 4154 3136 4225 Τούϐερτος
3166 4156 3297 4225 (95).
3350 4159 3747 4227 Πραττομένων
3794 4160 3842 4211 δὲ

2300 4244 2407 4296 τῶν
2439 4246 2689 4313 πολέμων
2722 4245 2911 4317 γνώμῃ
2949 4250 3040 4301 καὶ
3080 4249 3351 4319 παρουσία
3396 4250 3488 4302 τοῦ
3516 4252 3839 4312 Ποπλικόλα,

2300 4334 2421 4387 δυσὶ
2466 4335 2661 4403 μάχαις
2693 4337 2720 4386 ὸ
2748 4337 2969 4405 Μάρκος
3007 4340 3276 4413 ἐνίκησεν,
3318 4335 3393 4392 ὧν
3430 4342 3488 4391 ἐν
3517 4346 3580 4411 τῇ
3629 4342 3843 4409 δευτέρᾳ

2303 4423 2504 4493 μηδένα
2535 4424 2818 4493 Ῥωμαίων
2846 4427 3153 4493 ἀποϐαλὼν,
3177 4430 3503 4499 τρισχιλίους
3523 4432 3613 4481 ἐπὶ
3640 4432 3839 4501 μυρίοι;

2298 4516 2407 4567 τῶν
2437 4516 2705 4585 πολεμίων
2728 4518 2926 4572 ἀνεῖλε.
2952 4519 3041 4588 Τῷ
3071 4520 3116 4571 δ’
3136 4519 3260 4588 ἐξῆς
3298 4522 3404 4573 ἔτει
3433 4518 3591 4575 πάλιν
3615 4524 3841 4575 ὑπάτευε

2302 4607 2657 4671 Ποπλικόλας,
2688 4610 2783 4662 καὶ
2813 4610 3177 4677 προσεδοκᾶτο
3205 4613 3443 4666 Σαϐίνων
3476 4629 3531 4666 τε
3566 4616 3661 4666 καὶ
3694 4614 3841 4667 Λατίο

2303 4717 2406 4752 νων
2452 4703 2863 4768 ὁμονοησάντων
2918 4704 3056 4755 κατά
3099 4705 3195 4772 τῆς
3249 4702 3466 4772 Ῥώμης
3503 4690 3837 4773 προσέλασις.

652 4796 749 4853 nit,
798 4806 1115 4873 acgentem
1159 4797 1440 4851 Claudiam
1484 4796 1727 4864 reliquit,
1789 4804 1908 4864 quae
1958 4802 2196 4863 tempore

2305 4785 2413 4841 Ἦν
2450 4789 2494 4840 δ’
2523 4791 2580 4841 ἐν
2621 4791 2868 4853 Σαϐίνοις
2922 4793 3061 4861 ἀνὴρ
3093 4793 3327 4855 Ἄππιος
3384 4795 3669 4861 Κλαύδιος,
3702 4798 3757 4848 ἔν
3790 4810 3838 4843 τε

650 4886 963 4953 longissimo
1007 4886 1215 4949 floruit,
1263 4901 1527 4941 summam
1577 4880 1768 4955 adepta
1793 4885 2196 4939 auctoritatem.

652 4976 838 5029 Sabini
871 4992 996 5030 vero
1031 4992 1147 5031 eam
1181 4991 1396 5044 quoque
1444 4976 1569 5030 belli
1615 4992 1830 5030 causam
1876 4975 2041 5035 nacti,
2075 4990 2197 5027 cum

652 5058 844 5135 magno
877 5068 1116 5121 exercitu
1152 5068 1376 5119 Romam
1426 5067 1740 5120 invaserunt
1784 5084 1796 5118 :
1839 5080 1977 5135 quos
2011 5065 2199 5119 Publi—

650 5158 789 5219 cola,
821 5159 1010 5225 Optimi
1050 5159 1206 5212 ducis
1234 5157 1423 5210 olIiciis
1452 5158 1686 5221 functus,
1734 5166 1867 5226 pene
1897 5173 2085 5211 omnes
2118 5157 2198 5209 in-

657 5247 884 5311 terfecit,
913 5249 1219 5317 populoque
1242 5248 1428 5317 spoliis
1456 5249 1690 5303 hostium
1718 5260 1771 5303 et
1800 5248 2030 5316 captivis
2052 5249 2201 5301 locu-

656 5337 877 5403 pletato,
930 5340 1260 5407 triumphum
1294 5339 1487 5400 duxit;
1532 5326 1834 5409 traditaque
1886 5338 2200 5407 reipublica:

656 5425 1124 5484 administratione
1168 5430 1452 5483 consulum
1518 5429 1961 5495 successoribus,
2017 5428 2195 5481 statim

2302 4881 2546 4949 χρήμασι
2594 4882 2686 4933 καὶ
2735 4879 2984 4951 σώματος
3026 4882 3185 4956 ῥώμῃ
3214 4887 3526 4952 πρωτεύων,
3560 4888 3617 4938 ἐν
3652 4888 3839 4955 ἀρετῆς

2300 4972 2357 5022 δὲ
2394 4971 2625 5039 μάλιστα
2651 4972 2777 5039 δόξῃ
2814 4975 3099 5042 ἐπιφανὴς,
3124 4977 3215 5027 καὶ
3242 4977 3395 5042 λόγου
3430 4977 3719 5045 δεινότητι.
3744 4980 3856 5029 Καὶ·

2302 5063 2391 5115 διὰ
2418 5063 2584 5115 ταῦτα
2616 5064 2973 5132 φθονούμενος
2997 5067 3381 5120 ἐπεϐουλεύετο
3404 5069 3553 5136 παρὰ
3584 5057 3837 5136 τῶι-θήμε-

2303 5154 2498 5221 γενῶν,
2536 5155 2614 5205 ὅτι
2676 5156 3018 5209 συνεϐούλευε
3074 5160 3409 5211 καταπαύειν
3454 5162 3543 5213 τὸν
3590 5165 3831 5230 πόλεμον.

2306 5242 2396 5293 Διὸ
2427 5242 2586 5303 αὐτός
2616 5259 2674 5294 τε
2706 5245 2769 5311 τῇ
2796 5244 3004 5312 “Ῥώμῃ
3047 5246 3453 5315 προσεληλύθει,
3487 5249 3578 5300 καὶ
3622 5250 3835 5306 πολλοὺς

2303 5334 2409 5385 τῶν
2439 5335 2610 5400 φίλων
2634 5350 2692 5385 τε
2716 5336 2809 5385 καὶ
2839 5335 3050 5386 οἰκείων
3080 5339 3401 5391 συνέπεσθαί
3429 5342 3477 5391 οἱ
3510 5342 3833 5394 συνέπεισεν.

2304 5423 2410 5485 Οὓς
2446 5423 2781 5486 Ποπλικόλας
2821 5426 3151 5496 φιλοφρόνως
3184 5429 3417 5493 ἐδέξατο,
3462 5430 3527 5499 τῇ
3565 5432 3728 5502 βουλῇ
3760 5433 3832 5484 τὸν

1820 5581 2018 5643 Variae
2048 5577 2355 5641 lectiones
2385 5583 2445 5638 et
2476 5584 2667 5638 notua.

734 5720 841 5791 ωδ)
878 5722 1232 5791 Ποστούμιος
1275 5724 1604 5790 Τούϐερτος.
1643 5724 1719 5777 Ita
1745 5723 1851 5777 duo
1882 5722 2041 5777 codd.
2065 5721 2195 5788 Reg.

2308 5718 2460 5774 Colb.
2498 5721 2704 5786 Livius,
2764 5722 2856 5778 lib.
2898 5741 2957 5791 tt,
2990 5725 3057 5778 Μ.
3118 5726 3327 5783 Valerio
3401 5700 3461 5784 Ρ.
3507 5732 3827 5788 Postumium

661 5788 923 5859 adiungit.
957 5791 1039 5846 W.
