3986 6338
638 447 741 512 εετ
1215 440 1229 451 '
1925 451 2245 513 JOANNIS
2283 452 2605 514 ZONARA!
2713 440 2716 444 ’
3753 452 3864 516 588

637 560 899 625 ctatione,
951 568 1010 615 ut
1057 561 1103 616 is
1128 563 1309 618 statim
1331 561 1407 618 ab
1440 561 1689 618 hostibus
1716 563 1984 621 interiret.
2018 563 2195 631 Quare

2301 566 2468 634 δῆμος
2501 565 2805 635 ἠρέμησεν,
2837 565 2960 638 ούχὶ
2989 567 3319 638 φεισάμενος
3348 567 3446 637 τῆς
3487 567 3710 638 βουλῆς,

641 667 818 720 neque
862 652 1062 707 mtenia
1107 653 1510 721 custodierunt,
1541 669 1720 724 neque
1747 655 1870 724 opis
1896 656 2194 726 quidquam

2301 657 2373 719 ὡς
2418 656 2572 727 παρὰ
2614 656 2724 710 τῶν
2771 656 3048 727 πολεμίων
3075 659 3196 711 ὅσον
3233 657 3385 710 οὔπω
3413 659 3867 729 φθαρησομένης.

566 4131 576 4142 ο
644 4117 750 4161 tem
803 4104 1128 4160 factionibus
1179 4103 1495 4157 distractum
1553 4099 1771 4154 ﬁnitimi

576 758 578 760 '
638 744 958 808 attulerunt,
1001 744 1173 800 donec
1212 744 1478 800 Servilius
1522 744 1594 800 ob
1640 760 1714 801 aes
1747 747 1988 802 alienum
2028 761 2198 801 nexos

631 835 823 903 solvit,
878 845 933 891 et
968 851 1036 892 ne
1081 835 1297 892 debitor
1326 836 1613 907 quisquam
1661 837 2026 908 expeditionis
2064 847 2199 893 tem-

637 940 769 994 pore
799 925 1183 996 appellaretur,
1210 926 1401 991 edixit,
1430 942 1597 998 seque
1621 926 1928 983 levaturum
1953 943 2027 984 ais
2060 928 2196 983 alie-

637 1031 769 1070 num
817 1016 1092 1085 promisit.
1133 1015 1271 1072 Tum
1326 1018 1492 1088 igitur
1533 1017 1620 1073 his
1647 1017 1931 1088 promissis
1975 1018 2196 1074 excitati

636 1104 800 1176 339
842 1107 1026 1162 hostes
1065 1107 1335 1162 vicerunt.
1384 1108 1511 1174 Sed,
1550 1123 1674 1164 cum
1700 1108 1901 1164 deinde
1949 1123 2054 1164 nec
2088 1124 2198 1166 iere

638 1198 818 1252 alieno
849 1198 1178 1266 levarentur,
1222 1213 1324 1254 nec
1361 1200 1469 1255 ulla
1497 1201 1754 1270 aequitate
1782 1209 2153 1256 tractarentur
2178 1241 2194 1268 ,

642 1305 830 1345 rursus
872 1290 940 1344 ab
983 1291 1136 1346 iratis
1176 1292 1593 1357 tumultuatum,
1638 1301 1695 1346 et
1723 1298 1915 1347 contra
1947 1301 2196 1348 senatum

636 1387 694 1434 et
716 1380 968 1434 consules
995 1391 1140 1435 mota
1158 1380 1376 1435 seditio.
1392 1381 1594 1436 Verum
1611 1380 1790 1436 denuo
1816 1390 2008 1436 exorto
2024 1382 2196 1449 bello,

627 1470 890 1528 consules
907 1487 1072 1526 novas
1091 1472 1301 1528 tabulas
1321 1472 1683 1527 decreverunt
1703 1490 1718 1532 :
1751 1473 1846 1530 sed
1862 1474 1984 1528 aliis
1998 1474 2194 1529 adver-

641 1561 903 1626 santibus,
921 1561 989 1615 bl.
1005 1561 1274 1626 Valerius,
1291 1562 1585 1617 Publicola
1608 1545 1845 1632 gentilis,
1864 1563 2030 1616 homo
2050 1561 2195 1633 apud

631 1651 852 1721 plebem
876 1653 1148 1722 gratiosus
1170 1691 1186 1718 ,
1228 1653 1470 1707 dictator
1495 1662 1580 1708 est
1629 1664 1866 1711 creatus.
1906 1653 1984 1709 Ac
2016 1664 2199 1710 tantus

626 1739 706 1792 ad
729 1755 853 1794 eum
889 1749 944 1794 et
976 1748 1084 1794 tam
1115 1741 1318 1805 alacer,
1364 1741 1638 1811 stipendio
1669 1744 1940 1812 promisso
1967 1759 2199 1799 concur-

626 1844 733 1884 sus
792 1835 986 1896 factus,
1041 1841 1101 1885 nt
1151 1840 1208 1888 et
1263 1831 1499 1888 Sabinos
1550 1833 1816 1888 vinceret.
1862 1842 1919 1887 et
1975 1833 2199 1888 Volscos

628 1920 949 1991 Equosque
992 1923 1208 1978 illorum
1255 1922 1572 1981 fmderatos.
1612 1922 1694 1978 Ob
1743 1923 1796 1978 id
1821 1924 1870 1978 ei
1902 1937 2027 1978 cum
2059 1923 2195 1978 alios

637 2009 899 2074 honores,
948 2020 1061 2065 tuin
1096 2013 1310 2066 Maximi
1357 2019 1778 2082 cognomentum
1807 2011 2193 2067 decreverunt.

634 2099 738 2168 Qui
772 2118 898 2157 cum
929 2105 1097 2159 multa
1137 2105 1191 2160 in
1225 2115 1420 2160 senatu
1451 2107 1505 2160 in
1542 2105 1724 2176 populi
1758 2106 1986 2177 gratiam
2022 2105 2192 2159 disse-

641 2193 877 2254 ruisset,
931 2208 1106 2261 neque
1155 2193 1458 2264 quidquam
1520 2194 1897 2262 impetrasset,
1943 2192 2118 2246 iratus
2162 2205 2194 2246 e

615 2282 788 2335 suria
821 2295 880 2334 se
912 2282 1187 2352 proripuit
1219 2299 1234 2341 :
1282 2291 1336 2337 et
1365 2297 1488 2337 cum
1525 2283 1666 2352 apud
1704 2281 1918 2351 plebem
1961 2281 2018 2334 in
2057 2295 2195 2334 con-

636 2373 793 2426 cione
823 2381 1073 2425 senatum
1109 2372 1357 2426 nonnihil
1383 2371 1812 2442 perstrinxisset,
1842 2370 2115 2426 dictatura
2137 2383 2199 2424 se

635 2463 926 2518 abdicavit.
959 2463 1120 2518 Plebs
1149 2478 1280 2518 vero
1310 2465 1484 2534 magis
1529 2464 1596 2518 ad
1627 2464 1950 2518 seditionem
1984 2464 2194 2516 irritata

635 2562 739 2609 est.
754 2553 886 2607 Nam
905 2552 1204 2609 creditores
1226 2555 1280 2607 in
1299 2554 1478 2609 alieno
1494 2555 1792 2623 repetendo
1820 2554 2192 2623 summumjus

639 2651 914 2713 urgentes,
968 2656 1148 2711 neque
1194 2643 1303 2696 ulla
1358 2643 1615 2710 aquitate
1663 2650 1855 2696 contra
1912 2641 2192 2696 debitores

638 2744 874 2798 utentes,
894 2749 995 2789 nec
1021 2735 1074 2789 id
1096 2735 1242 2804 quod
1261 2735 1567 2789 debebatur
1583 2743 1906 2802 exegerunt,
1933 2742 1988 2788 ct
2012 2735 2064 2787 in
2083 2734 2189 2787 alia

637 2827 794 2896 plura
837 2825 1182 2880 incommoda
1237 2823 1572 2879 inciderunt.
1601 2823 1789 2893 inopia
1825 2823 1994 2888 enim,
2026 2834 2190 2893 atque

638 2917 764 2971 inde
793 2925 912 2971 orta
935 2915 1270 2988 desperatio,
1308 2915 1512 2970 malum
1539 2923 1624 2970 est
1651 2915 1947 2969 admodum
1982 2915 2190 2969 violen-

639 3018 752 3063 tum
773 3049 788 3074 ,
815 3019 872 3064 et
897 3009 943 3062 si
973 3009 1381 3063 multitudinem
1411 3009 1518 3063 sibi
1545 3007 1802 3076 asciverit
1823 3047 1835 3070 ,
1873 3023 2010 3076 pene
2045 3007 2196 3060 inex-

642 3101 952 3172 pugnabile.
999 3100 1137 3155 Tum
1174 3101 1342 3170 igitur
1378 3100 1713 3170 locupletum
1760 3114 1885 3169 erga
1926 3112 2195 3168 pauperes

640 3194 923 3258 severitas,
964 3193 1324 3263 piurimorum
1395 3193 1662 3246 malorum
1714 3193 1978 3246 Romanis
2031 3205 2193 3244 causa
2221 3239 2260 3263 ι,

643 3284 1031 3339 fuit.-Utcnim
1066 3284 1266 3338 milites
1295 3283 1740 3352 expeditionibus
1773 3281 2186 3350 premebantur,

639 3387 694 3434 ct
726 3379 780 3432 in
822 3376 1009 3430 multis
1045 3376 1242 3444 saepius
1267 3373 1551 3427 evidenter
1584 3372 1797 3440 decepti
1833 3370 2050 3425 fuerant
2074 3408 2090 3432 ,
2121 3377 2190 3424 ‘et

640 3469 916 3525 debitores
942 3476 984 3522 a'
1004 3465 1426 3523 iteueratoribus
1451 3471 1507 3518 et
1552 3463 1911 3518 contumelias
1943 3474 1999 3517 et
2031 3461 2195 3532 ﬂagra

638 3561 1086 3632 perpetiebantur
1133 3577 1146 3612 :
1206 3566 1352 3612 tanta
1393 3555 1678 3612 iracundia
1713 3561 2084 3616 exarserunt,
2135 3560 2194 3606 ut

639 3653 864 3720 inopum
898 3642 1078 3702 multi
1130 3647 1265 3700 urbe
1291 3645 1613 3699 excederent
1682 3652 1738 3698 et
1792 3652 1972 3697 castra
2037 3643 2195 3696 dese-

639 3749 860 3807 rerent,
915 3749 970 3796 et
1013 3754 1080 3797 es
1117 3752 1246 3808 agro
1277 3738 1524 3792 Romano
1557 3735 1796 3790 hostium
1835 3734 2005 3788 instar
2044 3747 2194 3787 com-

639 3843 852 3888 meatus
899 3839 1170 3902 peterent.
1216 3830 1334 3895 Quo
1386 3828 1567 3892 facto,
1615 3841 1740 3881 cum
1790 3826 1947 3880 multi
1981 3826 2050 3879 ad
2099 3838 2194 3880 eos

639 3925 732 3994 qui
763 3923 1125 3979 secessionem
1157 3921 1409 3975 lacerant
1430 3959 1446 3987 ,
1482 3917 1826 3975 conﬂuerent
1858 3957 1873 3982 ,
1912 3926 2192 3972 senatores

639 4015 822 4077 veriti,
863 4028 936 4068 ne
994 4021 1051 4067 et
1088 4012 1142 4066 lii
1173 4013 1357 4080 magis
1395 4019 1870 4078 exasperarcntur,
1909 4018 1964 4063 et
2001 4008 2191 4062 civita-

1836 4098 2190 4162 invaderent,

643 4215 738 4267 νει·
787 4208 1034 4251 oratores
1068 4195 1212 4265 plebi
1257 4193 1483 4263 polliciti
1515 4203 1646 4247 sunt
1686 4208 1743 4246 se
1768 4191 2006 4246 facturos
2038 4190 2196 4260 quid-

642 4289 772 4359 quid
829 4290 942 4358 ipsa
981 4289 1165 4342 vellet.
1213 4286 1289 4339 Ea
1343 4301 1476 4339 vero
1508 4287 1744 4338 maxime
1775 4286 2077 4349 fremente,
2140 4295 2195 4340 et

644 4379 820 4432 nullas
879 4377 1120 4432 rationes
1178 4375 1547 4438 admittente,
1624 4373 1910 4428 Menenius
1960 4376 2195 4444 Agrippa

645 4485 786 4525 unus
833 4485 900 4524 ex
973 4469 1286 4524 oratoribus
1348 4468 1547 4537 petiit,
1605 4477 1664 4520 ut
1737 4466 1971 4520 fabulam
2034 4467 2194 4522 audi-

644 4572 809 4628 rent,
897 4570 953 4616 et
1047 4560 1326 4615 audientis
1385 4561 1719 4628 impetrata,
1816 4559 2016 4614 dixit:

645 4667 698 4710 ta
749 4641 1032 4725 aliquando
1081 4662 1261 4706 contra
1315 4662 1548 4706 ventrem
1597 4660 1902 4705 cwterorum
1933 4654 2194 4707 membro-

644 4764 761 4800 rum
795 4746 1074 4808 seditione,
1116 4745 1314 4798 dixisse
1351 4743 1546 4806 oculos,
1583 4759 1769 4797 manus
1813 4751 1861 4795 et
1903 4743 2056 4811 pedes
2099 4760 2193 4796 sua

645 4852 801 4904 Opera
842 4837 895 4888 in
928 4834 1094 4902 officio
1126 4849 1266 4896 esse;
1305 4834 1537 4900 linguam
1575 4840 1621 4882 et
1673 4831 1834 4894 labia,
1864 4845 1954 4899 per
1988 4847 2042 4882 se
2074 4833 2193 4882 arti-

645 4944 848 4979 morum
885 4941 1062 4979 sensus
1119 4924 1462 4980 annuntiari;
1513 4937 1665 4974 aures
1720 4921 1882 4991 350
1909 4939 2002 4975 suo
2041 4923 2195 4975 mini-

643 5021 797 5073 sterio
835 5019 1059 5072 aliorum
1087 5032 1344 5070 sermones
1385 5015 1452 5068 ad
1479 5025 1695 5068 mentem
1729 5017 2028 5084 pervenire;
2078 5033 2194 5070 ma-

646 5129 764 5174 nus,
791 5127 882 5164 suo
916 5109 1089 5163 labore
1121 5109 1300 5178 parari
1337 5123 1419 5159 res
1445 5105 1761 5158 necessarias
1783 5123 1801 5169 ;
1827 5106 1998 5175 pedes,
2031 5116 2194 5159 totum

646 5221 829 5271 rorpus
857 5221 886 5254 a
906 5219 958 5255 se
981 5201 1281 5260 sustentari,
1328 5214 1479 5268 seque
1506 5199 1608 5250 sive
1631 5200 1746 5260 iter,
1775 5199 1878 5251 sive
1917 5215 2041 5265 opus
2075 5197 2194 5264 ﬁat,

647 5297 749 5346 sive
787 5301 967 5354 stetur,
1002 5293 1240 5361 fatigari.
1270 5288 1505 5342 Ventrem
1541 5303 1657 5341 vero
1684 5289 1853 5340 solum
1882 5289 2049 5340 omnis
2081 5303 2198 5339 mu-

649 5385 783 5435 neris
812 5390 856 5433 et
900 5380 1087 5432 laboris
1122 5387 1380 5445 expertem
1403 5417 1416 5438 ,
1464 5377 1766 5428 ministeriis
1804 5376 2033 5428 omnium
2075 5385 2197 5428 tun;

649 5491 803 5542 quam
840 5487 1006 5541 regem
1047 5473 1140 5532 uti,
1168 5478 1213 5522 et
1248 5468 1523 5522 sudoribus
1555 5467 1768 5520 illorum
1793 5468 1957 5532 partis
1995 5468 2098 5535 frui
2123 5467 2198 5534 fa-

648 5553 950 5614 cultatibus.
988 5558 1222 5609 Ventrem
1263 5561 1368 5610 huic
1399 5560 1471 5610 ita
1499 5574 1551 5611 se
1585 5558 1770 5610 habete
1809 5563 2118 5624 con/essum,
2154 5558 2196 5608 si

649 5656 929 5715 rideretur,
973 5651 1102 5704 nihil
1145 5651 1239 5704 sibi
1272 5652 1449 5712 tribui,
1480 5652 1608 5704 nihil
1636 5652 1927 5703 ministrari
1956 5652 2193 5720 jussisse.

651 5745 883 5797 Membra
942 5747 1282 5797 communiter
1338 5745 1645 5810 decrevisse,
1683 5760 1745 5796 ne
1791 5745 1912 5812 quid
1961 5745 2198 5813 deiureps

599 5905 605 5910 ι
654 5836 818 5887 uentri
865 5837 1302 5890 simneditaretur.
1357 5834 1455 5895 Qui
1487 5852 1599 5888 cum
1634 5835 1830 5889 nullum
1869 5838 2033 5888 cibum
2065 5836 2199 5886 acci-

2298 749 2388 801 Διὸ
2407 747 2532 801 οὔτε
2554 747 2649 800 τοῦ
2681 746 2894 818 τείχους
2923 748 3107 802 έοεντο
3127 746 3398 822 φυλακὴν,
3422 748 3546 803 οὔτε
3577 751 3699 802 τινὰ
3723 765 3872 817 παρ-

2300 842 2447 909 εῖχον
2503 839 2780 910 βοήθειαν,
2838 840 3033 912 μέχρις
3090 842 3119 894 ό
3167 840 3473 911 Σερουΐλιος
3523 841 3654 903 τούς
3688 856 3748 893 τε
3803 841 3870 904 ἐξ

2301 928 2679 1000 ὑπερημερίας
2725 928 3132 1000 κρατουμένους
3172 929 3374 998 ἀφῆκε,
3407 929 3499 982 xci.
3529 929 3713 983 ἄδειαν
3752 929 3870 981 τῶν

2300 1022 2641 1090 είσπράξεων
2683 1020 2920 1075 καθόσον
2961 1020 3359 1090 στρατεύοιντο,
3401 1019 3727 1090 ἐψηφίσατο,
3767 1019 3870 1072 καὶ

2300 1111 2557 1180 κουφίσαι
2589 1112 2657 1164 τὰ
2683 1111 2821 1182 χρέα
2848 1110 3136 1181 ὑπέσχετο.
3171 1112 3304 1164 Τότε
3337 1110 3440 1181 μὲν
3460 1104 3555 1164 οὖν
3575 1109 3665 1163 διὰ
3685 1109 3870 1163 ταῦτα

2298 1204 2413 1264 τοῖς
2448 1202 2728 1271 πολεμίοις
2761 1201 3457 1272 ἐπεξελθόντες,ἐνίκησαν.
3490 1200 3644 1270 Mirr:
3673 1201 3732 1253 δέ
3755 1201 3872 1252 τῶν

2299 1290 2475 1361 χρεῶν
2509 1290 2920 1360 κουφισθέντας,
2967 1291 3104 1363 μήτ’
3133 1293 3294 1345 ἄλλου
3339 1292 3568 1362 μηδενὸς
3605 1293 3872 1360 τυχόντες

2299 1382 2600 1447 ἐπιεικοῦς,
2631 1383 2728 1438 καὶ
2771 1383 2935 1438 πάλιν
2977 1382 3276 1454 ἐθορύϐουν
3306 1399 3366 1436 τε
3415 1383 3510 1436 xai.
3537 1383 3866 1454 ὠργίζοντο,

2302 1474 2394 1525 καὶ
2449 1472 2590 1526 κατὰ
2647 1473 2746 1541 τῆς
2805 1471 3001 1545 βουλῆς
3060 1472 3155 1526 καὶ
3203 1473 3346 1539 κατὰ
3379 1470 3489 1526 τῶν
3539 1473 3874 1542 στρατηγῶν

2301 1563 2649 1626 ἐστασίαζον.
2687 1563 2936 1632 Πολέμου
2963 1563 3020 1617 δὶ
3053 1561 3212 1626 αὖθις
3248 1562 3655 1632 ἐπενεχθέντος,
3684 1563 3735 1614 oi
3767 1562 3875 1632 μὲν

2302 1657 2600 1724 στρατηγοὶ
2645 1654 2826 1724 χρεῶν
2872 1653 3162 1714 ἀποκοπὰς
3207 1652 3557 1723 ἐψηφίζοντο,
3593 1652 3868 1721 ἠναντιῶο

2300 1745 2474 1815 θησαν
2497 1746 2541 1800 δ’
2563 1746 2738 1817 ἕτεροι
2758 1763 2773 1777 ο
2801 1744 2883 1798 διδ
2903 1746 2993 1799 καὶ
3011 1745 3284 1815 δικτάτωρ
3313 1744 3520 1815 ἐρρήθη
3539 1736 3872 1816 ούαλλέριος

2300 1837 2544 1906 Μάρκος,
2580 1839 2644 1889 ἐκ
2678 1836 2779 1906 τῆς
2806 1835 2900 1890 τοῦ
2935 1835 3248 1890 Ποπλικόλα
3277 1834 3604 1902 συγγενείας
3634 1835 3872 1904 γενόμε-

2301 1945 2411 1992 νος,
2449 1928 2542 1979 και)⁸
2582 1926 2660 1995 τῷ
2692 1926 2887 1996 πλήθει
2925 1925 3251 1996 φιλούμενος
3271 1942 3285 1958 ο
3318 1925 3472 1980 ἐνθεν
3498 1943 3581 1984 τοι
3616 1926 3873 1979 τοσοῦτοι

2301 2018 2399 2070 καὶ
2428 2016 2570 2069 οὕτω
2601 2016 2923 2085 προθύμως,
2959 2018 3082 2071 ἐπεὶ
3120 2019 3306 2081 αὐτοῖς
3338 2018 3431 2070 καὶ
3458 2013 3600 2072 ἆθλα
3628 2018 3870 2090 ὑπέσχε-

2299 2129 2379 2178 το,
2414 2110 2804 2180 συνελέγησαν,
2827 2109 2902 2174 ὡς
2923 2110 3016 2163 καὶ
3047 2109 3155 2162 τῶν
3186 2109 3429 2163 Σαϐίνων
3455 2110 3748 2180 κρατῆσαι,
3774 2111 3872 2165 καὶ

2297 2203 2408 2255 τῶν
2434 2189 2876 2272 συμμαχούντων
2897 2204 3079 2265 αὐτοῖς
3101 2201 3453 2255 Οὐολούσκων
3482 2203 3576 2254 καὶ
3597 2203 3874 2256 Δίκουῶν.

2313 2292 2437 2344 Ἐπὶ
2467 2291 2678 2354 τούτοις
2709 2291 2876 2353 ἄλλας
2901 2307 2959 2343 τε
2990 2291 3067 2360 τῷ
3094 2289 3407 2360 Ούαλλερίῳ
3436 2291 3464 2342 ό
3496 2288 3674 2361 δῆμος
3699 2292 3871 2362 τιμὰς

2299 2381 2626 2452 ἐψηφίσατο,
2652 2383 2743 2435 καὶ
2773 2382 3021 2452 Μάξιμον
3052 2382 3426 2450 ἐπωνόμασεν,
3449 2381 3872 2452 ἐξελληνιζόμε-

2299 2489 2389 2526 νον
2437 2472 2496 2525 δέ
2543 2473 2818 2541 Μέγιστον
2879 2471 3137 2542 σημαίνει
3177 2471 3237 2524 τὸ
3267 2473 3461 2542 ὄνομα.
3499 2473 3560 2526 '0
3593 2473 3652 2527 δι
3681 2473 3874 2528 ’θέλων

2297 2562 2375 2634 τῷ
2403 2564 2559 2635 δήμῳ
2592 2562 2948 2636 χαρίσασθαι,
2981 2562 3153 2617 πολλὰ
3179 2563 3428 2634 διελέχθη
3463 2567 3530 2636 τῇ
3570 2564 3869 2636 Γερουσίᾳ,

2298 2656 2414 2710 ἀλλ’
2444 2657 2546 2709 οὐκ
2585 2655 2711 2726 ἔσχε
2750 2655 2958 2726 ταύτην
2998 2655 3300 2726 πειθήνιον.
3335 2656 3427 2710 Διδ
3458 2657 3557 2710 σὺν
3602 2659 3743 2728 ὀργῇ
3777 2659 3872 2711 ἐκ-

2299 2745 2547 2817 πηδήσας
2579 2744 2674 2798 τοῦ
2711 2744 3023 2814 Συνεδρίου,
3065 2745 3456 2815 δημηγορήσας
3499 2761 3562 2799 τε
3610 2748 3750 2817 πρὸς
3778 2747 3874 2802 tiu

2299 2835 2470 2906 δῆμόν
2515 2853 2639 2890 τινα
2680 2836 2823 2888 κατὰ
2855 2836 2954 2904 τῆς
2983 2835 3212 2905 βουλῆς,
3241 2837 3341 2904 τὴν
3375 2835 3678 2904 ἠγεμονίαν
3710 2838 3865 2891 ἀπεί-

2300 2944 2462 2984 πατο.
2505 2926 2619 2980 Καὶ
2646 2928 2674 2980 ό
2697 2927 2866 2996 δῆμος
2899 2926 2978 2979 ἔτι
3016 2925 3218 2996 μᾶλλον
3244 2928 3326 2990 είς
3359 2930 3547 2980 στάσιν
3585 2928 3867 2998 ἠρέθιστο.

2301 3018 2364 3071 Οἱ
2399 3017 2506 3087 γὰρ
2535 3017 2811 3071 δανεισταὶ
2840 3017 2937 3088 τῆς
2969 3018 3098 3088 περὶ
3126 3018 3195 3072 τὰ
3236 3019 3548 3088 συμϐόλαια
3579 3021 3870 3089 ἀκριϐείας

2298 3107 2570 3177 ἐχόμενοι,
2598 3107 2693 3160 καὶ
2739 3106 2905 3177 μηδὲν
2945 3109 3059 3170 τοῖς
3098 3106 3366 3176 ὄφλουσιν
3407 3108 3735 3174 ἐκδιδόντες,
3775 3110 3870 3163 τοῦ

2299 3198 2558 3269 ἀκριϐοῦς
2586 3215 2645 3251 τε
2675 3198 2997 3269 διήμαρτον,
3038 3201 3132 3253 καὶ
3176 3200 3392 3253 πολλῶν
3425 3201 3628 3270 ἐτέρων
3655 3202 3869 3255 ἀπέτυ-

2304 3307 2425 3360 χον.
2451 3290 2518 3345 Ἦ
2547 3289 2655 3360 γὰρ
2697 3291 2880 3355 πενία,
2927 3292 3075 3360 καὶὴ
3111 3293 3174 3343 ἐκ
3203 3291 3409 3362 ταύτης
3446 3292 3676 3345 ἀπόνοια
3703 3294 3872 3346 κακόν

2303 3382 2421 3432 ἐστι
2445 3378 2618 3448 βίαιον
2636 3395 2650 3409 ·
2683 3379 2732 3430 εί
2755 3378 2808 3430 δὲ
2839 3379 2932 3430 καὶ
2960 3378 3020 3432 τὸ
3046 3377 3250 3448 πλῆθος
3274 3378 3591 3448 προσλάϐοι,
3619 3380 3718 3432 καὶ
3742 3380 3867 3433 δυσ-

2304 3471 2649 3542 μαχώτατον.
2684 3470 2962 3525 Πλείστων
3007 3469 3138 3538 γοῦν
3182 3469 3378 3523 δεινῶν
3413 3473 3526 3533 τοῖς
3566 3471 3867 3540 Ῥωμαίοις

2300 3561 2450 3614 αἰτία
2477 3561 2510 3627 ὴ
2538 3559 2661 3612 τότε
2689 3560 2797 3612 τῶν
2820 3560 3209 3630 δυνατωτέρων
3242 3559 3378 3630 πρὸς
3399 3560 3526 3623 τοὺς
3547 3560 3868 3614 ὑποδεεστέ-

2305 3668 2431 3722 ρους
2467 3651 2722 3720 ἀκρίϐεια
2756 3652 2999 3723 γέγονεν.
3049 3653 3137 3714 Ὦς
3167 3651 3274 3721 γὰρ
3302 3655 3421 3714 ταῖς
3457 3653 3775 3720 στρατείαις
3807 3670 3864 3705 τι

2298 3740 2361 3792 τδ
2387 3740 2775 3810 στρατιωτικὸν
2803 3740 3078 3806 ἐπιέζετο,
3103 3742 3197 3793 καὶ
3227 3741 3393 3793 πολλὰ
3418 3740 3680 3804 πολλάκις
3713 3741 3865 3794 ἐλπί-

2302 3847 2401 3884 σαν
2441 3829 2628 3899 σαφῶς
2656 3829 2985 3898 ign-adtrito,
3020 3830 3114 3881 καὶ
3149 3828 3300 3898 παρὰ
3345 3828 3451 3882 τῶν
3480 3829 3782 3880 δανειστῶν
3814 3830 3862 3881 el

2301 3921 2575 3990 ὀφειλέται
2603 3920 2888 3991 ὑϐρίζοντο
2916 3922 3010 3974 καὶ
3037 3920 3305 3991 ᾐκίζοντο,
3335 3921 3392 3984 ἐς
3415 3919 3670 3973 τοσοῦτον
3691 3922 3863 3991 ὀργῆς

2302 4015 2693 4085 ἐξεκαύθησαν,
2719 4015 2791 4077 ὼς
2823 4015 2918 4067 καὶ
2941 4016 3040 4084 τὴν
3071 4015 3224 4067 πόλιν
3248 4015 3355 4067 τῶν
3384 4015 3606 4084 ἀπόρων
3633 4015 3863 4084 συχνοὺς

2302 4104 2568 4168 ἐκλιπεῖν,
2616 4108 2709 4159 καὶ
2738 4108 2802 4158 ἐκ
2835 4106 2927 4158 τοῦ
2959 4106 3324 4176 στρατοπέδου
3361 4104 3746 4174 ἀναχωρῆσαι,
3772 4108 3863 4158 καὶ

2303 4199 2366 4248 ἐκ
2391 4197 2490 4266 τῆς
2519 4196 2703 4267 χώρας
2727 4197 2802 4261 ὡς
2826 4197 3118 4266 πολεμίους
3140 4196 3236 4258 τὰς
3262 4197 3466 4264 τροφὰς
3489 4197 3859 4263 ἐρανίζεσθαι.

2301 4288 2458 4342 Οὕτω
2493 4288 2549 4340 δέ
2591 4289 2799 4342 τούτων
2845 4288 3296 4359 συνενεχθέντων,
3343 4290 3464 4341 ἐπεὶ
3495 4287 3684 4341 πολλοὶ
3725 4289 3861 4360 πρὸς

2301 4377 2426 4440 τοὺς
2455 4377 2799 4440 ἀποστάντας
2833 4377 3142 4449 συνέρρεον,
3172 4377 3448 4440 δείσαντες
3473 4378 3523 4430 οί
3548 4376 3859 4446 βουλευταὶ,

2306 4468 2380 4538 μὴ
2407 4467 2499 4520 ἐπὶ
2531 4467 2691 4520 πλέον
2713 4462 2856 4521 οὗτοι
2892 4486 2950 4521 τε
2986 4466 3433 4537 ἐκπολεμωθῶσι,
3457 4468 3548 4521 καὶ
3576 4470 3646 4538 τῇ
3676 4470 3864 4522 στάσει

2095 4559 2195 4615 Or-
2234 4587 2274 4640 η
2305 4558 2704 4612 συνεπίθωνται
2742 4561 2791 4610 oi
2833 4558 3127 4628 περίοικοι.
3170 4558 3674 4628 διεκηρυκεύσαντο
3729 4559 3862 4629 πρὸς

2301 4648 2521 4711 αὐτοὺς,
2558 4649 2657 4702 ὅσα
2690 4647 2826 4716 πρὸς
2859 4647 3055 4718 βουλῆς
3104 4643 3244 4719 ἦσαν
3295 4648 3476 4710 αύτοίς
3527 4649 3708 4700 ποιεῖν
3760 4651 3858 4703 ὑπο

2305 4737 2667 4807 ισχνούμενοι.
2705 4736 2790 4801 Ὠς
2816 4738 2871 4790 δέ
2901 4739 3136 4806 μάλιστα
3160 4738 3523 4806 ἐθρασύνοντο
3550 4737 3647 4793 καὶ
3672 4739 3861 4793 οὐδένα

2301 4828 2459 4892 λόγον
2481 4828 2743 4896 ἐδέχοντο,
2769 4823 2850 4893 εἷς
2885 4831 2995 4883 τῶν
3025 4828 3314 4899 πρέσϐεων
3346 4830 3651 4900 Ἀγρίππας
3674 4831 3858 4900 Μενήο

2302 4936 2434 4980 νιος,
2467 4920 2637 4987 μύθου
2676 4921 2820 4984 τινος
2863 4924 3004 4990 σφᾶς
3040 4921 3278 4976 ἀκοῦσαι
3314 4921 3532 4991 ἠξίωσε,
3559 4924 3656 4975 καὶ
3683 4923 3863 4993 τυχὼν

2301 5007 2452 5062 εἶπε·
2483 5009 2812 5065 Στασιὰσαι
2851 5012 2998 5080 πρὸς
3031 5011 3146 5079 τὴν
3173 5014 3431 5082 γαστέρα
3460 5011 3652 5066 πάντα
3676 5014 3755 5067 τὰ
3772 5013 3861 5083 pl-

2302 5105 2382 5167 λη
2406 5101 2510 5155 τοῦ
2539 5102 2832 5171 σώματος,
2863 5104 2960 5155 καὶ
2998 5103 3182 5171 φάναι
3215 5105 3357 5168 τοὺς
3387 5102 3857 5172 όφυα.ιμοὺς,·ὦς

2306 5193 2471 5261 ἡμεῖς
2509 5194 2614 5260 τάς
2649 5201 2712 5246 τέ
2733 5193 2934 5261 χεῖρας
2971 5194 3251 5262 ἐνεργοὺς
3278 5198 3364 5259 εις
3386 5195 3546 5265 ἔργα,
3587 5197 3687 5248 καί
3721 5197 3857 5260 τοὺς

2304 5289 2494 5352 πόδας
2521 5290 2670 5355 πρὸς
2699 5289 2945 5355 πορείαν
2980 5288 3282 5354 τιθέαμεν·
3321 5288 3436 5354 τὴν
3477 5286 3772 5357 γλῶσσαν
3797 5286 3860 5337 δὲ

2305 5377 2399 5428 καὶ
2435 5377 2505 5429 τὰ
2535 5377 2728 5444 χείλη,
2751 5377 2842 5430 ὅτι
2884 5375 2958 5429 δι’
2989 5373 3157 5444 ἡμῶν
3202 5375 3274 5429 τὰ
3303 5374 3412 5443 τῆς
3447 5373 3691 5442 καρδίας
3711 5376 3855 5439 ﬂavo

2304 5469 2568 5534 ,ιεύματα
2608 5466 3109 5535 ἐξαγγέλλονται·
3163 5469 3234 5522 τὰ
3272 5463 3392 5523 ὦτα
3431 5465 3482 5518 δ’
3511 5459 3609 5527 αὖ,
3651 5464 3734 5528 ὡς
3786 5464 3857 5516 δι’

2305 5557 2475 5625 ἡμῶν
2500 5561 2552 5612 al
2577 5559 2650 5610 δι’
2679 5557 2895 5624 ἐτέρων
2919 5558 3085 5627 λάροι
3116 5557 3195 5623 τῷ
3223 5559 3324 5611 νοτ
3346 5554 3852 5623 παραπέμπονται·

2306 5652 2409 5712 τὰς
2437 5646 2504 5698 δὲ
2537 5647 2755 5713 χεῖρας,
2800 5647 2886 5698 ὅτι
2926 5646 3224 5716 ἐργάτιδες
3273 5641 3448 5700 οὖσαι
3503 5641 3658 5713 ἡμεῖς
3702 5657 3852 5708 περι-

2306 5737 2627 5804 ποιούμεθα
2661 5738 3021 5805 πορισμούςο
3053 5737 3192 5803 τοὺς
3221 5735 3406 5800 πόδας
3444 5733 3494 5784 δ’
3534 5728 3728 5794 αὖθις,
3772 5735 3850 5783 ὅτι

2308 5828 2470 5882 ἅπαν
2495 5826 2662 5895 ἡμεῖς
2683 5825 2748 5882 τὸ
2770 5827 2938 5898 σῶμα
2956 5829 3255 5898 φέροντες,
3279 5825 3574 5892 κοπιῶμεν
3599 5827 3711 5877 κάν
3737 5822 3848 5881 ταῖς
