3986 6338
667 395 776 456 599
1697 453 1735 471 Α
1963 398 2195 460 ΙΟΑΝΝ

2317 400 2635 460 ΖΟΝΛΒᾸΞ
3777 394 3872 455 Gud

660 512 882 565 domum
944 511 1126 575 rediit,
1183 519 1346 580 atque
1409 511 1526 579 ipse
1574 512 1737 566 etiam
1796 529 1854 568 se
1906 515 2195 585 magistram

2297 569 2300 577 _
2334 515 2520 584 ρέντος
2556 516 2636 576 είς
2665 513 2726 565 τὸ
2761 513 3082 582 πολίτευμα,
3120 513 3213 566 καὶ
3239 509 3551 581 ἅπανταχοῦ
3574 509 3873 568 κικινάτους

659 600 955 656 abdicavit.
2335 604 2485 658 ἔστιν
2513 607 2666 676 όρᾷν.
2701 599 2867 668 Οὗτος
2901 601 2992 657 οὖν
3023 603 3297 672 δικτάτωρ
3330 600 3755 671 προχειρισθεὶς,
3789 602 3874 651 καὶ

655 691 968 762 αὐθημερὸν
1024 691 1454 762 ἐκστρατεύσας,
1503 692 1599 744 καὶ
1645 692 1798 761 τάχει
1827 695 1927 746 σὺν
1983 695 2256 765 ἀσφαλείᾳ
2289 695 2656 766 χρησάμενος,
2688 694 2783 749 καὶ
2849 697 2960 758 τοῖς
2985 696 3234 755 Αίκουοῖς
3265 692 3585 764 προσϐαλὼν
3617 693 3754 760 μετὰ
3786 690 3871 743 τοῦ

655 785 969 847 Μινουκίου,
997 784 1282 848 πλείστους
1322 772 1421 853 μὲν
1451 785 1741 854 διέφθειρε,
1770 786 1900 848 τοὺς
1944 784 1988 838 δ’
2019 786 2214 848 ἄλλους
2253 787 2591 856 ἐζώγρησεν,
2628 787 2722 850 οὓς
2775 787 2880 839 ὑπὸ
2915 788 3079 854 ζυγὸν
3141 785 3418 851 διαγαγὼν
3447 786 3681 853 ἀφῆκεν.
3731 782 3792 835 Ἦ
3821 782 3872 834 δὲ

655 877 914 947 πρᾶξιςὴ
966 878 1061 931 τοῦ
1102 876 1270 946 ζυγοῦ
1312 871 1490 931 τοιάδε
1541 895 1626 938 τις
1674 874 1773 949 ἦν’
1830 879 2099 948 σταυροὺς
2129 878 2220 932 δύο
2254 880 2411 948 ὄρθια
2454 880 2653 949 δηλαδὴ
2715 880 2848 944 ξύλα
2913 880 3158 949 διέχοντα
3208 877 3472 948 ἀλλήλων,
3538 878 3617 937 είς
3651 876 3748 944 τὴν
3774 874 3870 942 γῆν

655 975 1057 1043 κατεπήγνυον,
1097 971 1190 1024 καὶ
1237 972 1420 1034 αὐτοῖς
1459 971 1744 1024 ἐπετίθουν
1785 972 2077 1040 ἐγκάρσιω
2142 971 2364 1040 ἕτερον,
2430 976 2525 1025 καὶ
2584 973 2672 1025 διὰ
2706 972 2873 1042 μέσου
2921 974 3126 1023 τούτων
3165 970 3286 1032 τοὺς
3317 970 3543 1031 ἁλόντας
3562 967 3748 1035 διῆγον
3782 983 3871 1031 γυ-

656 1065 840 1133 μνοὺς,
865 1064 891 1116 ὃ
915 1065 1029 1126 τοῖς
1064 1063 1161 1130 μὲν
1182 1061 1348 1130 δρῶσι
1376 1061 1758 1132 λαμπρότητα,
1794 1063 1996 1132 πολλὴν
2017 1061 2063 1115 δ’
2129 1062 2352 1131 ἀτιμίαν
2371 1066 2483 1125 τοῖς
2537 1066 2833 1134 πάσχουσιν
2861 1062 3075 1131 ἔφερεν,
3138 1060 3278 1112 ὥστε
3339 1059 3488 1122 τινάς
3510 1060 3601 1111 τοῦ
3640 1057 3870 1109 τοιοῦτόν

651 1176 705 1210 τι
730 1157 920 1210 παθεῖν
967 1153 1351 1224 προαιρεῖσθαι
1383 1154 1587 1207 θανεῖν.
1614 1153 1722 1206 Καὶ
1756 1154 1912 1207 πόλιν
1943 1155 1999 1207 δέ
2030 1153 2210 1207 αὐτῶν
2252 1151 2549 1224 Κορουῗνον
2588 1149 2932 1224 καλουμένην
2992 1152 3150 1220 ἐλὼν,
3185 1151 3477 1222 ἐπανῆλθε,
3509 1152 3601 1204 καὶ
3665 1150 3755 1202 τὸν
3770 1150 3870 1204 Mt-

651 1247 862 1300 νούκιον
886 1247 975 1300 διά
996 1246 1096 1314 τὴν
1127 1241 1298 1315 ἦτταν
1319 1245 1418 1314 τὴν
1447 1247 1786 1314 στρατηγίαν
1812 1245 2087 1314 ἀφείλετο,
2119 1245 2220 1299 καὶ
2253 1243 2416 1308 αὐτὸς
2444 1245 2681 1299 ἀπέθετο
2705 1245 2804 1315 τὴν
2835 1246 3032 1316 ἀρχήν.

709 1342 904 1413 ,Χνιιι
973 1339 1176 1395 Deinde
1229 1338 1458 1394 Romani
1512 1339 1813 1394 domestico
1866 1339 2008 1392 bello
2065 1349 2192 1392 sunt

2370 1338 2477 1392 ΠΡ.
2517 1339 2578 1391 Oi
2597 1336 2781 1407 μέντοι
2807 1337 3064 1407 Ῥωμαῖοι
3105 1338 3300 1388 οἰκεῖον
3328 1329 3587 1404 ἐσχήκασι
3619 1334 3867 1402 πόλεμον,

649 1433 965 1492 conﬂictati.
1025 1446 1057 1486 a
1100 1431 1274 1487 servis
1322 1440 1378 1485 et
1428 1431 1710 1485 exsulibus
1771 1429 2029 1494 conflato,
2112 1429 2195 1498 qui

2303 1428 2359 1491 ὃς
2387 1429 2449 1479 ἐκ
2473 1422 2677 1481 δούλων
2700 1428 2930 1496 συνέστη
2965 1427 3062 1481 καὶ
3097 1426 3350 1494 φυγάδων
3371 1425 3555 1490 τινῶν,
3590 1424 3665 1489 οἳ,
3689 1425 3867 1486 νυκτὸς

649 1533 815 1579 noctu
851 1523 1031 1578 subita
1062 1523 1424 1590 impressione
1465 1521 1796 1589 Capitolium
1840 1533 2203 1590 occuparunt.

648 1616 753 1669 Sed
789 1614 938 1684 plebs
968 1621 1080 1667 tum
1110 1627 1326 1682 quoque
1354 1627 1460 1665 non
1494 1613 1646 1682 prius
1680 1627 1830 1666 arma
1855 1613 2021 1681 cepit,
2045 1626 2207 1679 quam

650 1707 888 1775 patriciis
921 1704 1121 1775 aliquid
1153 1703 1500 1758 detraxisset.
1533 1708 1610 1758 Ac
1634 1705 1931 1759 seditiosos
1960 1718 2201 1772 Oppres-

2306 1517 2628 1581 ἐπελθόντες
2660 1520 3014 1584 ἐξαπιναίως,
3035 1518 3128 1572 τοῦ
3159 1515 3507 1571 Καπιτωλίου
3539 1517 3863 1587 ἐκράτησαν.

2319 1608 2377 1660 Ὀ
2406 1609 2450 1662 δ’
2477 1609 2664 1680 ὅμιλος
2689 1611 2782 1662 καὶ
2805 1610 2926 1661 τότε
2957 1611 3017 1661 οὔ
3062 1609 3324 1678 πρότερον
3349 1609 3403 1659 ἐν
3431 1607 3616 1670 ὅπλοις
3635 1606 3860 1676 ἐγένετο,

2306 1699 2436 1770 πρίν
2462 1718 2513 1753 τι
2545 1701 2708 1754 πλέον
2740 1703 2888 1769 σχεῖν
2919 1699 3026 1752 τῶν
3052 1699 3411 1769 εὐπατριδῶν,
3447 1701 3798 1762 Ἐπελθόντες
3816 1700 3866 1750 δέ

647 1809 875 1853 serunt:
911 1797 1004 1851 sed
1043 1797 1244 1850 multos
1289 1812 1514 1850 suorum
1557 1796 1880 1851 amiserunt.
1915 1795 2011 1850 His
2044 1797 2195 1862 igitur

2308 1806 2372 1858 γε
2396 1796 2511 1857 τοῖς
2539 1794 2916 1857 στασιάσασιν,
2942 1796 3252 1864 ἐκράτησαν
3284 1795 3380 1870 μὲν
3416 1793 3867 1858 αὑτῶν,,πολλοὺς

647 1891 715 1944 dc
746 1891 927 1944 causis
958 1888 1187 1942 Romani
1211 1897 1265 1942 et
1303 1887 1567 1956 prodigiis
1601 1887 1928 1955 quibusdam
1960 1860 2195 1956 imp—nisi1

2307 1885 2363 1937 δέ
2403 1887 2510 1938 τῶν
2573 1887 2853 1954 σφετέρων
2898 1860 3193 1940 ἀπέδαλον.
3227 1860 3553 1939 Δινὰίταῦτα
3604 1888 3786 1938 τοίνυν
3822 1885 3866 1937 oi

646 1981 862 2034 omissis
881 1977 1082 2032 mutuis
1102 1977 1598 2042 criminationibus,
1622 1977 2012 2047 rempublicam
2032 1991 2203 2047 :equa-

645 2071 898 2125 biliorem
940 2069 1155 2125 eﬂicere
1211 2069 1599 2125 decreverunt.
1657 2071 1733 2124 Ac
1785 2080 1899 2124 tres
1938 2069 2091 2126 viros
2146 2070 2202 2124 in

645 2161 930 2225 Grarciam,
948 2160 1014 2214 ad
1043 2161 1259 2214 illorum
1282 2163 1431 2229 leges
1448 2169 1502 2215 et
1527 2161 1777 2215 instituta
1800 2145 2201 2230 cognoscenda,

645 2251 968 2322 ablegarunt
1009 2269 1022 2302 :
1064 2252 1268 2321 quibus
1317 2251 1516 2316 allatis,
1561 2251 1902 2306 tribunatum
1953 2259 2010 2308 et
2067 2252 2204 2307 alios

645 2347 908 2417 quosdam
955 2347 1306 2417 magistratus
1354 2347 1710 2417 abrogarunt.
1746 2362 2050 2417 eorumque
2083 2348 2203 2403 loco

641 2441 789 2494 viros
817 2455 907 2494 vttt
945 2442 1219 2510 principes
1252 2439 1611 2509 delegerunt:
1665 2439 1867 2510 illoque
1911 2455 2055 2496 anno
2093 2442 2202 2511 Ap-

640 2528 794 2598 pium
825 2528 1113 2584 Claudium
1149 2539 1205 2583 et
1235 2529 1418 2583 Titum
1457 2529 1754 2584 Genutiuln
1797 2531 2050 2586 consules
2076 2547 2199 2586 cum

645 2633 860 2673 summo
895 2620 1130 2690 imperio
1157 2627 1440 2683 crearunt,
1470 2618 1598 2672 data
1638 2627 1904 2688 potestate
1934 2620 2201 2674 condendi

642 2713 812 2781 leges,
843 2725 967 2765 cum
1015 2709 1337 2779 appendice.
1386 2724 1453 2764 ne
1481 2710 1547 2763 ab
1576 2711 1656 2765 eis
1685 2710 1999 2778 provocatio
2033 2719 2197 2765 esset.

641 2804 699 2859 Id
751 2804 895 2874 quod
949 2802 1100 2874 prius
1150 2818 1258 2856 non
1316 2802 1419 2856 nisi
1469 2802 1834 2858 dictatoribus
1881 2817 2201 2858 concessum

638 2900 760 2956 fuit.
803 2900 865 2954 Ili
905 2915 1003 2970 per
1031 2901 1178 2955 vices
1208 2900 1574 2970 imperarunt,
1608 2901 1808 2968 singuli
1849 2903 1903 2954 in
1933 2902 2050 2955 dies
2084 2902 2201 2956 sin-

637 2993 793 3061 gulos
825 2995 1174 3062 magistratus
1209 2991 1514 3062 insignibus
1540 2993 1741 3046 ornati.
1774 2993 1840 3046 Et
1873 2993 2019 3059 leges
2063 3010 2093 3047 a
2139 3010 2197 3048 se

637 3084 971 3155 conscriptas
1003 3086 1053 3138 in
1081 3085 1202 3139 foro
1228 3096 1633 3154 proposuerunt
1667 3105 1678 3136 :
1711 3100 1846 3153 quas
1869 3100 1991 3139 cum
2022 3084 2200 3139 omni-

635 3176 739 3230 bus
786 3177 1132 3246 probassent,
1177 3176 1242 3230 ad
1307 3176 1571 3246 populum
1608 3176 1873 3239 tulerunt,
1931 3178 2194 3239 sa‘ncitas-
2225 3201 2269 3259 ο

636 3281 742 3336 que
777 3268 830 3320 in
860 3283 892 3319 ι
927 3267 1138 3320 tabulas
1181 3269 1505 3322 retulerunt.
1544 3267 1674 3331 Quae
1713 3269 1859 3321 enim
1890 3268 2049 3338 digna
2095 3284 2194 3323 cu-

635 3357 812 3412 stodia
842 3356 1001 3429 347
1027 3357 1361 3425 iudicabant,
1397 3359 1452 3414 in
1482 3358 1696 3413 tabellis
1717 3361 2094 3414 asservabant.
2119 3361 2196 3416 Ac

636 3450 712 3505 illi
748 3467 886 3504 anno
913 3461 1124 3514 exacto,
1155 3451 1470 3523 magistratu
1495 3452 1774 3506 abierunt.
1808 3452 2020 3520 Quibus
2047 3453 2139 3510 alii
2166 3471 2195 3509 κ

635 3556 759 3596 cum
783 3543 1194 3604 successissent.
1232 3540 1303 3596 ita
1343 3553 1648 3613 gesserunt,
1699 3544 1854 3612 quasi
1884 3544 2198 3599 evertendas

569 3672 574 3676 .
636 3632 950 3702 reipublicae
973 3647 1135 3686 causa
1166 3633 1364 3686 delecti
1396 3643 1598 3688 essent.
1632 3631 1834 3688 Omnes
1852 3634 1998 3688 enim
2034 3635 2195 3689 simul
2242 3667 2251 3676 -

635 3737 703 3777 ex
729 3736 883 3791 aequo
912 3719 1252 3789 imperabant
1297 3736 1311 3773 :
1356 3720 1650 3791 ascitisquc
1695 3723 1962 3776 nobilium
2012 3723 2196 3777 adole-

632 3822 882 3869 scentum
911 3812 1302 3878 audacissimis,
1322 3828 1416 3881 per
1445 3812 1552 3866 vim
1585 3814 1752 3867 multa
1783 3824 2033 3882 egerunt.
2061 3813 2195 3869 Sero

635 3904 882 3982 tandem,
905 3904 1022 3982 sub
1069 3907 1198 3958 anni
1251 3905 1362 3959 fere
1415 3903 1601 3964 ﬁnem,
1638 3920 1810 3973 pauca
1854 3906 2101 3974 quaedam
2139 3905 2193 3959 in

635 3981 1103 4072 duabus‘tabulis
1169 4007 1360 4066 suapte
1414 3997 1744 4051 auctoritate
1796 3998 2192 4066 ascripserunt,

641 4101 747 4140 non
785 4088 850 4140 ad
908 4076 1279 4150 concordiam,
1319 4087 1412 4141 sed
1453 4087 1519 4140 ad
1563 4089 1793 4158 majores
1823 4086 2193 4140 dissentiones

637 4179 986 4249 pertinentia.
1029 4178 1324 4235 Duodecim
1369 4178 1536 4248 igitur
1587 4179 1782 4232 tabulae
1816 4178 1894 4232 sic
1933 4176 2193 4232 conlecta:

633 4281 780 4326 sunt.
814 4272 1118 4326 Decemviri
1161 4281 1342 4326 autem
1388 4287 1498 4325 non
1542 4270 1656 4324 haec
1692 4278 1901 4324 tantum
1935 4277 2190 4339 egerunt,

634 4361 726 4415 sed
759 4372 814 4416 et
848 4373 1096 4430 tempore
1140 4363 1487 4432 magistratus
1532 4376 1725 4416 eorum
1761 4361 1968 4432 elapso,
2014 4358 2193 4415 adhuc

634 4451 687 4503 in
720 4450 884 4524 rebus
922 4453 1175 4519 gerendis
1217 4461 1346 4506 sunt
1386 4453 1607 4514 versati,
1653 4453 1935 4523 republica
1991 4453 2042 4506 vi
2088 4468 2189 4522 op-

2321 1977 2580 2045 Ῥωμαίοι
2605 1979 2698 2029 καὶ
2725 1977 2815 2030 διά
2845 1996 2968 2031 τινα
2999 1980 3200 2048 σημεῖα
3227 1978 3652 2044 εὐλαϐηθέντες,
3681 1978 3787 2030 τῶν
3813 1993 3866 2028 τε

2308 2068 2443 2138 πρὸς
2493 2068 2755 2138 ἀλλήλους
2783 2069 3179 2140 ἀπηλλάγησαν
3232 2069 3616 2138 ἐγκλημάτων,
3657 2069 3750 2121 καὶ
3775 2069 3866 2138 τὴν

2309 2159 2591 2213 πολιτείαν
2645 2161 2900 2230 ἰσοτέραν
2971 2160 3302 2230 ποιήσασθαι
3358 2159 3716 2228 ἐψηφίσαντο.
3764 2161 3867 2214 Καὶ

2307 2256 2462 2322 τρεῖς
2499 2253 2700 2323 ἄνδρας
2743 2254 2824 2315 είς
2851 2252 2952 2322 τὴν
2999 2252 3224 2306 Ἑλλάδα
3252 2253 3344 2306 διὰ
3394 2254 3521 2315 τοὺς
3550 2254 3751 2323 νόμους
3779 2255 3866 2306 καὶ

2303 2345 2372 2396 τὰ
2395 2343 2523 2414 παρ’
2558 2345 2788 2406 ἐκείνοις
2824 2344 2920 2415 ἔθη
2963 2348 3282 2415 πεπόμφασι
3304 2358 3320 2374 ⁸
3371 2347 3468 2399 κα)⁵
3497 2345 3866 2414 κομισθέντων

2305 2434 2508 2497 αὐτῶν,
2532 2434 2630 2496 τάς
2671 2451 2729 2487 τε
2763 2435 2929 2499 ana,-
2956 2436 3130 2507 ἀρχὰς
3165 2440 3260 2488 καὶ
3303 2437 3401 2500 τὰς
3430 2436 3541 2489 τῶν
3573 2437 3864 2506 δημάρχων

2306 2525 2625 2586 κατέλυσαν,
2659 2527 2750 2578 καὶ
2788 2525 2988 2597 ἄνδρας
3033 2526 3176 2580 ὀκτὼ
3209 2527 3273 2581 ἐκ
3315 2526 3424 2580 τῶν
3474 2526 3709 2597 πρώτων
3745 2524 3867 2577 ἀνθ·

2303 2615 2527 2670 είλοντο.
2568 2617 2676 2669 Καὶ
2734 2617 2973 2670 ’Ἄππιον
3005 2616 3292 2677 Κλαύδιον,
3319 2617 3475 2670 Τῖτόν
3500 2633 3560 2669 τε
3587 2614 3864 2668 Γενούκιον

2303 2709 2595 2773 ἀπέδειξαν
2609 2709 2749 2763 κατὰ
2777 2709 2870 2763 τὸν
2898 2711 3143 2763 ἐνιαυτὸν
3169 2712 3376 2763 ἐκεῖνον
3412 2709 3750 2780 στρατηγοὺς
3775 2707 3866 2761 αὐ-

2302 2803 2660 2871 τοκράτορας,
2694 2803 2786 2854 καὶ
2816 2803 3014 2873 νόμους
3058 2803 3242 2866 αὐτοῖς
3285 2803 3600 2872 συγγράψαι
3642 2801 3864 2872 ἐπέτρε-

2303 2893 2434 2960 ψαν,
2465 2893 2598 2962 μηδέ
2637 2891 2768 2961 μίαν
2803 2910 2863 2946 τε
2903 2893 3058 2962 δίκην
3085 2895 3344 2964 ἐφέσιμον
3369 2895 3463 2949 ἀπ’
3502 2894 3682 2948 αὐτῶν
3713 2893 3863 2962 γενέ-

2258 2996 2260 2998 ’
2304 2983 2425 3038 σθαι
2456 2985 2951 3055 προσεψηφίσαντο,
2989 2985 3017 3038 ὃ
3065 2986 3258 3057 πρώην
3296 2986 3471 3040 οὐδενὶ
3519 2986 3625 3040 τῶν
3672 2985 3863 3057 ἀρχόν-

2300 3095 2408 3129 των
2463 3077 2602 3146 πλὴν
2655 3078 2765 3129 τῶν
2831 3077 3166 3148 δικτατόρων
3231 3079 3456 3132 ἐδέδοτο.
3519 3075 3739 3148 Ἧρξάν
3805 3092 3862 3129 τε

2301 3163 2446 3236 οὗτοι
2467 3169 2679 3239 ἡμέραν
2701 3170 2952 3234 ἕκαστος,
2978 3170 3204 3236 ἐναλλάξ
3230 3171 3288 3222 τὸ
3308 3171 3605 3242 πρόσχημα
3623 3169 3726 3239 τῆς
3741 3172 3863 3238 ἡγε-

2305 3261 2500 3328 μονίας
2559 3258 2970 3329 λαμϐάνοντες·
3022 3262 3118 3314 καὶ
3160 3262 3359 3331 νόμους
3406 3261 3860 3332 συγγράψαντες,

2300 3352 2377 3413 εἱς
2407 3352 2506 3421 τὴν
2531 3352 2736 3420 ἀγορὰν
2768 3352 3054 3423 ἐξέθηκαν,
3080 3352 3152 3417 οἶ,
3185 3352 3309 3406 ἐπεὶ¹
3340 3355 3506 3407 πᾶσιν
3545 3354 3774 3426 ἤρεσαν,
3811 3357 3862 3415 ἐς

2299 3443 2389 3492 τὸν
2425 3439 2600 3512 δῆμον
2627 3442 2966 3512 εἰσήχθησαν
2994 3483 3009 3507 ,
3054 3443 3150 3498 καὶ
3205 3444 3548 3514 κυρωθέντες
3575 3485 3591 3509 ,
3655 3445 3860 3497 σανίσιν

2301 3532 2685 3601 ἐνεγράφησαν
2736 3533 2889 3587 δέκα·
2921 3536 3022 3587 ὅσα
3080 3534 3188 3604 γὰρ
3245 3533 3496 3602 φυλακῆς
3566 3535 3861 3604 ἐκρίθησαν

2299 3620 2445 3686 ἆξ¹αν
2476 3622 2536 3674 ὲν
2570 3623 2830 3683 σανιδίοις
2866 3620 3314 3695 ἐθησαυρίζοντο.
3359 3626 3592 3678 Ἐκεῖνοι
3622 3626 3722 3693 μὲν
3750 3623 3859 3689 οὖν,

2300 3713 2393 3764 τὸν
2434 3714 2683 3764 ἐνιαυτὸν
2706 3713 3022 3777 ἀνύσαντες,
3046 3715 3262 3782 ἀφῆκαν
3280 3713 3379 3785 τὴν
3407 3713 3607 3784 ἀρχήν.
3646 3715 3859 3783 Ἐτεροι

2297 3804 2343 3857 δ’
2397 3803 2552 3868 αὖθις
2617 3805 2928 3876 αἳρεθέντες
2982 3807 3135 3872 δέκα,
3177 3807 3365 3880 ὥσπερ
3427 3809 3520 3860 ἐπὶ
3564 3807 3860 3861 καταλύσει

2297 3897 2395 3965 τῆς
2455 3893 2728 3965 πολιτείας
2779 3899 3246 3970 χειροτονηθέντες
3298 3883 3621 3966 ἐξίοκειλαν.
3654 3901 3861 3962 Πάντες

2297 3987 2405 4056 γὰρ
2439 3986 2556 4056 ἅμα
2589 3988 2700 4041 ἀπὸ
2747 3989 2849 4057 τῆς
2903 3989 3021 4058 ίσης
3051 3985 3242 4058 ἦρχον,
3294 3992 3389 4041 καὶ
3438 3989 3860 4052 νεανίσκουςέκ

2297 4075 2403 4128 τῶν
2465 4077 2805 4147 εὐπατριδῶν
2846 4075 3218 4147 θρασυτάτους
3247 4079 3631 4148 ἐκλεξάμενοι,
3690 4080 3858 4134 πολλὰ

2297 4165 2366 4219 δι’
2402 4168 2579 4221 αὐτῶν
2637 4169 2878 4235 ἐποίουν,
2930 4171 3041 4224 και
3072 4169 3246 4241 βίαια.
3293 4171 3420 4240 Ὀψέ
3477 4172 3534 4225 δέ
3584 4188 3718 4226 ποτε
3775 4173 3857 4225 ἐπ’

2297 4259 2478 4330 ἐξόδῳ,
2503 4261 2597 4312 τοῦ
2622 4259 2776 4326 ἔτους
2821 4261 2979 4330 ὀλίγα
3008 4265 3149 4318 ἄττα
3183 4266 3240 4316 ἐν
3279 4262 3387 4317 δύω
3435 4265 3619 4318 σανίσι
3694 4281 3860 4336 προσ-

2298 4351 2566 4421 έγραψαν,
2598 4353 2657 4416 ἐς
2689 4356 2870 4408 πάντα
2922 4353 2979 4406 δέ
3009 4355 3619 4427 αὐτογνωμονήσαντες,
3663 4359 3758 4426 ἀφ’
3787 4351 3858 4409 ὧν

2296 4442 2392 4512 οὐχ
2420 4442 2664 4512 ὁμόνοια,
2710 4442 2846 4495 ἀλλὰ
2872 4445 2966 4496 καὶ
2999 4443 3251 4514 διαφοραὶ
3288 4446 3506 4514 μείζους
3567 4443 3857 4518 Ῥωμαίοις

554 4600 558 4603 _
636 4555 844 4609 pressa,
872 4539 1054 4608 neque
1095 4549 1282 4593 senatu
1317 4555 1492 4609 neque
1533 4542 1733 4609 populo
1770 4551 2087 4606 convocato,
2120 4553 2188 4596 ne

2297 4535 2620 4604 γενήσεσθαι
2660 4534 2904 4606 ἔμελλον.
2935 4538 2997 4588 Δί
3043 4537 3142 4606 μὲν
3169 4535 3262 4590 οὖν
3311 4538 3604 4606 λεγόμεναι
3635 4541 3856 4594 Δώδεκα

633 4646 981 4686 successores
1038 4631 1141 4684 sibi
1186 4630 1470 4685 darentur.
1522 4631 1654 4687 Cum
1698 4644 1879 4688 autem
1925 4632 2089 4702 Aiqui
2124 4629 2188 4701 ﬁet

636 4719 819 4774 Sabini
892 4721 1149 4776 Burnauis
1207 4737 1356 4775 arma
1421 4722 1726 4788 inferrent,
1798 4739 1898 4793 per
1964 4723 2188 4779 idoneos

636 4809 888 4862 homines
941 4810 1282 4880 eﬂ'ecerunt,
1335 4823 1390 4864 ut
1452 4815 1553 4867 sibi
1610 4815 1749 4868 belli
1790 4816 2187 4870 administratio

634 4902 1004 4956 mandaretur.
1060 4903 1247 4971 Itaque
1300 4918 1364 4956 ex
1430 4906 1753 4958 decemviris
1807 4905 2026 4960 Servius
2082 4905 2188 4974 Op-

633 4994 756 5060 pius
802 4999 857 5044 et
908 4992 1113 5060 Appius
1151 4991 1410 5045 Claudius
1459 5009 1615 5047 suum
1657 4994 1949 5062 pristinum
2003 4994 2183 5048 locum

633 5084 977 5138 retinuerunt
1047 5099 1060 5136 :
1127 5085 1304 5138 catteri
1379 5094 1500 5137 octo
1566 5096 1752 5139 contra
1821 5087 2004 5140 hostes
2059 5099 2186 5141 sunt

633 5171 882 5240 profecti.
939 5174 1012 5225 Ita
1067 5173 1402 5246 factum,‘.ut
1454 5189 1577 5228 cum
1634 5184 1686 5228 et
1737 5177 1789 5229 in
1844 5177 1978 5231 urbe
2023 5187 2077 5233 et
2130 5180 2183 5230 in

632 5262 826 5316 castris
874 5264 1222 5318 turbarentur
1273 5266 1452 5320 omnia
1489 5307 1503 5330 ,
1567 5265 1746 5320 denuo
1810 5270 2006 5324 seditio
2068 5271 2181 5325 ori-

620 5363 805 5407 retur.
852 5354 984 5407 Nam
1034 5372 1155 5410 cum
1208 5368 1466 5425 pra-tores
1522 5358 1574 5411 in
1626 5359 1949 5414 Sabinorum
1994 5381 2181 5432 agrum

634 5447 1042 5514 impressionem
1079 5448 1351 5511 fecissent,
1389 5450 1447 5502 L.
1485 5451 1689 5508 Sicinio
1738 5454 1810 5504 rei
1849 5455 2053 5508 bellica:
2089 5471 2183 5522 pe-

636 5537 978 5601 ritissimum,
1012 5547 1059 5588 et
1099 5538 1384 5605 praecipuae
1427 5542 1568 5606 apud
1600 5542 1815 5609 plelcm
1845 5544 2186 5598 auctoritatis

632 5627 832 5689 ’virum,
858 5643 979 5682 cum
1006 5629 1128 5682 aliis
1153 5627 1218 5681 ad
1248 5630 1622 5694 occupandum
1648 5642 1883 5685 castrum
1905 5635 2179 5702 quoddam

636 5719 855 5771 missum
909 5739 1003 5789 per
1062 5723 1290 5776 comites
1336 5721 1454 5790 ejus
1513 5733 1882 5789 peremerunt.
1942 5727 2181 5779 Rumorc

636 5810 688 5862 in
719 5811 908 5865 castris
958 5831 1163 5880 sparso,
1212 5832 1333 5868 eum
1371 5830 1473 5867 una
1517 5829 1640 5867 cum
1684 5814 1801 5867 aliis
1836 5815 1901 5866 ab
1934 5816 2182 5869 hostibus

2292 4625 2464 4678 δέλτοι
2497 4626 2669 4688 οὕτως
2722 4630 2843 4680 τότε
2875 4628 3142 4694 ἐγένοντο.
3170 4629 3233 4682 Οί
3274 4629 3329 4681 δὲ
3360 4629 3650 4700 νομοθέται
3711 4634 3855 4684 ἐκεῖ·

2292 4735 2371 4771 νοι
2403 4719 2462 4770 οὑ
2503 4719 2664 4787 μόνον
2685 4719 2838 4771 ταῦτ’
2882 4719 3149 4788 ἔπραξαν,
3177 4721 3313 4775 ἀλλά
3342 4723 3439 4776 καὶ
3474 4724 3570 4776 τοῦ
3598 4723 3852 4776 ἐνιαυτοῦ

2290 4813 2388 4880 τῆς
2411 4811 2587 4881 ἀρχῆς
2619 4811 2804 4875 αὐτοῖς
2859 4811 3182 4878 διελθόντος,
3233 4814 3314 4868 ἔτι
3359 4817 3476 4877 τοῖς
3523 4815 3851 4885 πράγμασιν

2290 4904 2596 4971 ἐνέμειναν,
2633 4904 2726 4977 βίᾳ
2753 4906 2850 4976 τὴν
2885 4908 3040 4959 πόλιν
3065 4908 3409 4978 κατέχοντες,
3442 4907 3536 4960 καὶ
3579 4908 3720 4976 μηδέ
3753 4889 3851 4975 τὴν

2293 4993 2486 5064 βουλὴν
2524 4996 2555 5064 ἢ
2587 4997 2678 5050 τὸν
2717 4990 2887 5066 δῆμον
2918 4997 3286 5066 ἀθροίζοντες,
3324 4997 3410 5051 ἵνα
3463 4997 3540 5067 μῆ
3567 5000 3853 5054 συνελθόν-

2290 5106 2379 5151 τες
2419 5089 2701 5142 παύσωσιν
2726 5090 2940 5151 αὐτούς.
2980 5089 3226 5141 Αίκουῶν
3263 5088 3319 5141 δὲ
3355 5091 3449 5142 καὶ
3484 5090 3732 5144 Σαϐίνων
3754 5095 3850 5145 πό-

2289 5180 2452 5248 λεμον
2507 5180 2812 5250 αἰρομένων
2861 5182 3002 5244 κατά
3041 5180 3348 5252 Ῥωμαίων,
3388 5183 3510 5236 τότε
3558 5184 3688 5246 τοὺς
3726 5185 3850 5256 ἐπι-

2287 5270 2533 5338 τηδειους
2602 5272 2787 5333 αὐτοῖς
2849 5273 3372 5341 παρασκευάσαντες
3410 5313 3424 5337 ,
3484 5271 3849 5342 διεπράξαντο

2289 5362 2436 5429 σφίσι
2479 5363 2603 5426 τοὺς
2645 5361 2916 5430 πολέμους
2949 5364 3345 5436 ἐπιτραπῆναι.
3418 5363 3511 5417 Ἐκ
3563 5364 3695 5432 γοῦν
3746 5364 3846 5434 τῆς

2286 5453 2578 5522 δεκαρχίας
2591 5455 2773 5506 αὐτῶν
2795 5455 3044 5522 Σερούϊος
3071 5459 3169 5526 μὲν
3197 5459 3433 5520 Ὄππιος
3472 5457 3565 5510 καὶ
3607 5459 3842 5518 Ἄππιος

2288 5547 2549 5608 Κλαύδιος
2594 5547 2734 5597 κκτά
2757 5545 2941 5615 χώραν
2969 5549 3222 5617 ἔμειναν,
3257 5550 3312 5600 oi
3340 5550 3396 5602 δὲ
3423 5550 3566 5603 ὀκτὼ
3595 5552 3683 5603 ἐπὶ
3717 5551 3841 5610 τοὺς

2289 5638 2581 5704 πολεμίους
2611 5638 3000 5708 ἐστράτευσαν.
3036 5641 3220 5693 Πάντα
3257 5641 3356 5709 μὲν
3404 5641 3591 5698 ἁπλῶς
3646 5643 3742 5696 καὶ
3772 5642 3839 5693 τά

2287 5730 2343 5777 ἐν
2382 5725 2459 5794 τῷ
2479 5727 2632 5781 ἄστει
2652 5731 2745 5782 καὶ
2770 5731 2835 5783 τά
2862 5733 2921 5784 ἐν
2940 5735 3058 5794 τοῖς
3091 5734 3473 5802 στρατοπέδοις
3506 5735 3831 5803 τετάρακτο,

2287 5819 2573 5874 κάντεῦθεν
2604 5823 2794 5884 στάσις
2821 5818 2975 5887 αὖθις
2998 5823 3316 5895 συνηνέχθη.
3337 5824 3702 5894 Ἑμδαλόντες
3726 5824 3835 5894 γάρ
