3996 6328
626 385 741 454 603

1910 395 2225 487 JOANNIS
2257 379 2572 460 zomn’a

3738 402 3856 469 6M

632 483 1026 572 antiquissimis
1044 507 1378 578 temporibus
1405 509 1470 564 ad
1497 511 1643 566 solos
1663 512 1922 581 patricios
1943 483 2181 583 pertine-

2288 529 2372 583 γῳ
2426 515 2525 583 μὲν
2552 512 2717 585 τιμὴν
2767 515 2948 581 αὐτοῖς
2993 513 3180 588 ἔφερε
3214 519 3307 573 καὶ
3347 517 3585 589 ἀξίωμα,
3636 505 3880 592 (μόνοις

635 592 747 658 bat)
775 609 900 650 cum
924 613 1113 654 revera
1140 600 1193 654 id
1218 613 1462 670 agerent,
1489 620 1559 658 ne
1582 605 1786 659 tribuni
1814 616 1868 659 et
1896 606 2188 660 multitudo

633 684 850 751 quidvis
878 696 1082 744 temere
1111 701 1354 761 agerent,
1405 693 1501 750 sed
1539 711 1633 763 per
1665 711 1882 750 causam
1915 698 2190 769 auspicio-

553 805 564 824 .
631 785 756 826 rum
787 775 1079 845 aliquando
1127 779 1549 850 impedirentur.
1595 785 1818 839 Patricii
1851 797 1910 840 et
1965 795 2188 844 senatus

633 862 760 918 irati
804 869 1150 935 consulibus,
1200 880 1262 924 ut
1289 874 1473 941 populi
1511 874 1834 939 fautoribus,
1866 892 1966 933 nec
1996 879 2189 934 trium-

606 952 800 1021 'phum
823 956 1212 1024 decreverunt,
1259 964 1507 1031 quamvis
1545 975 1778 1035 uterque
1805 966 1991 1023 hostes
2022 969 2186 1024 vicis-

631 1051 740 1108 set,
763 1055 819 1098 et
847 1050 1030 1102 neutri
1058 1050 1201 1104 diem
1231 1051 1298 1106 de
1325 1068 1476 1108 more
1507 1056 1853 1126 assignarunt
1883 1076 1896 1112 :
1927 1061 2022 1115 sed
2044 1061 2188 1116 mul-

633 1133 817 1222 titudo
845 1146 904 1191 et
935 1137 1160 1193 biduum
1191 1140 1358 1197 ferias
1383 1145 1699 1208 celebravit.
1743 1159 1802 1203 et
1847 1149 2183 1222 triumphum

625 1218 741 1276 illis
783 1220 1053 1280 decrevit.
1105 1226 1182 1282 Ea
1219 1229 1494 1287 discordia
1540 1234 1668 1290 freti
1710 1237 1914 1304 hostes,
1949 1218 2186 1310 receptis

628 1311 794 1385 ω
817 1317 1016 1372 animis
1042 1319 1317 1380 Romanos
1342 1326 1680 1383 invaserunt.
1716 1333 1871 1386 Anno
1899 1345 2182 1402 sequente,

628 1399 810 1458 Marco
833 1405 1071 1464 Genutio
1103 1420 1162 1466 et
1189 1411 1261 1468 C.
1282 1413 1472 1471 Curtio
1508 1421 1845 1489 consulibus,
1874 1399 2181 1482 contentio;

626 1507 730 1548 nes
756 1496 1138 1570 retindegrata
1200 1513 1348 1560 sunt.
1401 1507 1535 1563 Nam
1579 1511 1804 1581 plebeiis
1840 1518 2183 1574 consulatum

624 1589 1011 1655 expetentibus
1037 1630 1055 1660 ,
1080 1595 1230 1664 quod
1257 1599 1472 1666 patricii
1496 1601 1563 1655 ad
1594 1603 1805 1671 plebem
1837 1614 2183 1666 transeuntes

629 1677 965 1735 tribunatum
992 1697 1249 1753 gererent
1284 1706 1299 1744 :
1336 1691 1579 1758 patriciis
1608 1707 1741 1750 vero
1763 1697 1965 1752 acriter
1994 1698 2180 1756 defen-

623 1768 899 1836 dentibus,
950 1776 1121 1832 multa
1147 1780 1416 1836 violenter
1438 1782 1666 1840 invicem
1687 1787 1908 1856 etjdict‘a
1945 1798 2002 1845 et
2037 1790 2178 1847 facta

622 1869 775 1915 sunt.
812 1861 892 1919 Ne
919 1865 1048 1936 quid
1077 1883 1206 1924 vero
1229 1871 1475 1929 deterius
1502 1889 1848 1947 sequeretur,
1882 1881 2183 1952 locupletes

629 1948 1002 2019 magistratum
1035 1954 1210 2025 ipsum
1237 1959 1379 2027 plebi
1413 1975 1824 2029 concesserunt,
1852 1969 1946 2022 sed
1975 1948 2178 2027 nomen

624 2052 738 2094 non
760 2047 1235 2103 eomunicarunt
1261 2068 1277 2104 :
1305 2051 1671 2125 dixeruntque
1700 2058 1950 2113 tribunos
1978 2062 2182 2118 milita-

626 2141 721 2182 res
766 2146 868 2199 pro
920 2137 1262 2206 consulibus,
1305 2157 1374 2197 ne
1427 2144 1755 2200 honoratum
1800 2151 2122 2206 vocabulum
2150 2169 2181 2208 a

625 2219 937 2285 promiscua
963 2227 1119 2279 turba
1154 2227 1553 2296 inquinaretur.
1576 2234 1786 2290 Placuit
1813 2237 1978 2308 igitur
1997 2247 2184 2295 ternos

624 2310 696 2364 ab
734 2320 966 2382 utraque
1003 2315 1236 2372 factione
1284 2322 1533 2377 tribunos
1565 2324 1751 2396 deligi,
1779 2316 2012 2386 duor/um
2048 2348 2182 2386 con-

625 2400 807 2456 sulum
837 2403 980 2459 loco.
1017 2405 1205 2476 Neque
1243 2419 1422 2466 tamen
1465 2413 1657 2468 horum
1717 2433 1918 2473 nomen
1961 2422 2180 2490 penitus

620 2489 849 2556 defecit,
891 2509 1015 2550 cum
1063 2497 1199 2552 alias
1231 2502 1440 2555 tribuni
1467 2498 1811 2561 crearentur.
1853 2489 2032 2578 Atque
2067 2513 2180 2569 haec

628 2581 705 2634 ita
737 2597 856 2636 esse
897 2597 1014 2639 acta
1062 2589 1318 2643 traditum
1365 2603 1468 2646 est.
1511 2595 1812 2650 Dictatorcs
1857 2610 2040 2655 autem
2069 2619 2178 2657 non

621 2669 730 2721 soli
769 2674 1021 2727 consules
1061 2679 1329 2742 (quamvis
1365 2695 1557 2733 eorum
1598 2686 1916 2750 auctoritas,
1965 2690 2178 2740 illorum

631 2757 946 2824 magistratu
997 2762 1166 2814 multo
1211 2767 1392 2819 minor
1424 2771 1591 2837 esset)
1637 2773 1732 2824 sed
1783 2776 1981 2826 tribuni
2013 2778 2178 2829 etiam

623 2844 922 2912 aliquando
965 2846 1341 2918 designarent.
1391 2854 1588 2911 Fertur
1633 2867 1814 2915 tamen
1860 2862 2045 2916 nullus
2079 2880 2179 2916 un-

623 2947 790 3001 quam
837 2934 1093 2992 tribunus
1138 2939 1524 3010 triumphasse,
1554 2949 1805 3016 quamvis
1845 2952 2001 3006 multi
2034 2969 2176 3023 saepe

628 3020 816 3079 hostes
857 3025 1134 3083 vicissent.
1181 3030 1258 3086 Ac
1272 3033 1503 3106 “tribuni
1538 3045 1649 3089 tum
1685 3038 1789 3094 hoc
1817 3041 1979 3096 modo
2006 3020 2174 3099 creati

623 3124 780 3169 sunt.
819 3116 1091 3176 Censores
1116 3137 1248 3178 vero
1279 3139 1423 3178 anno
1457 3137 1738 3194 sequente,
1767 3130 1998 3187 Barbato
2023 3143 2080 3190 et
2103 3136 2175 3191 Μ.
2199 3161 2248 3219 ο

626 3202 870 3260 Macrino
915 3223 1059 3265 coss.
1114 3211 1384 3284 designati
1423 3225 1550 3270 sunt
1595 3216 1658 3272 L.
1696 3218 1977 3289 Papyrius,
2020 3234 2075 3278 et
2110 3225 2173 3279 L.

624 3483 903 3545 poterant.
951 3481 1088 3538 Nam
1134 3486 1260 3555 jura
1309 3493 1631 3550 censoribus
1683 3498 1946 3554 attributa
1995 3503 2064 3557 ad
2122 3504 2177 3560 id

626 3581 806 3637 usque
835 3576 1052 3642 tempus
1085 3581 1394 3632 tenuerant.
1442 3580 1519 3635 Ac
1561 3583 1832 3655 principio
1866 3588 1979 3642 bini
2024 3590 2178 3646 fuere

623 3673 888 3716 censores
943 3664 1202 3733 patricii,
1257 3667 1353 3737 qui
1411 3669 1567 3736 initio
1631 3682 1688 3726 et
1759 3684 2038 3744 postremo
2108 3680 2178 3734 ad

623 3751 1058 3821 quinquennium
1103 3758 1492 3829 imperarunt:
1537 3762 1826 3836 interiecto
1872 3783 2004 3824 vero
2040 3779 2178 3826 tem-

621 3857 801 3912 pore,
851 3861 1065 3902 menses
1111 3866 1242 3926 xviri
1295 3853 1548 3924 ipsisque
1607 3859 1924 3916 consulibus
1985 3879 2179 3932 quam-

621 3932 707 3987 vis
771 3943 926 4003 parte
998 3934 1263 3992 duntaxat
1321 3945 1610 4009 potestatis
1665 3960 1854 4001 eorum
1916 3929 2215 4019 accepta,’

621 4023 938 4088 superiores
989 4039 1302 4086 evaserunt.
1353 4030 1594 4088 Muneris
1642 4050 1833 4090 eorum
1863 4037 2015 4101 fuit,
2075 4055 2178 4108 pus

627 4115 772 4176 blica
829 4118 1114 4195 vectigalia
1149 4120 1370 4177 elocare
1392 4160 1409 4187 ,
1447 4123 1565 4178 vias
1648 4132 1666 4176 ι
1705 4126 1920 4195 publica
1949 4127 2178 4183 :edillcia

621 4216 843 4266 curare,
873 4191 1139 4276 cujusque
1181 4208 1482 4266 facultates
1525 4191 1855 4276 describere.
1887 4231 2069 4272 mores
2093 4217 2176 4274 ci-

621 4293 772 4349 vium
801 4296 1092 4353 observare
1122 4308 1178 4354 et
1204 4301 1491 4370 explorare
1523 4321 1540 4359 :
1574 4319 1641 4359 ac
1684 4304 1842 4360 laude
1872 4306 2085 4378 dignos,
2116 4308 2170 4363 in

555 4422 563 4427 -
623 4384 821 4455 tribus,
844 4383 900 4438 in
929 4385 1177 4442 ordinem
1195 4401 1531 4458 equestrem,
1562 4393 1618 4448 in
1649 4405 1901 4450 senatum
1937 4395 2170 4461 referre,

624 4489 728 4545 pro
792 4473 1057 4546 cujusque
1104 4476 1314 4532 meritis

626 4566 824 4622 eodem
878 4557 1041 4642 modo
1069 4582 1138 4623 ex
1174 4567 1298 4622 albo
1329 4567 1535 4624 delere.
1579 4570 1641 4625 ιο
1675 4571 1819 4639 quod
1852 4574 2025 4644 majus
2059 4584 2179 4630 erat

585 4663 599 4669 "
629 4657 701 4720 iis
725 4648 1153 4728 omnibus,‘qua:
1191 4659 1508 4714 consulibus
1553 4661 2025 4731 relinquebantur.
2067 4666 2178 4721 Da-

625 4747 762 4802 liant
791 4757 986 4804 autem
1023 4749 1080 4804 in
1128 4747 1458 4822 unoqquue
1494 4753 1914 4826 jusjurandum,
1971 4771 2031 4812 se
2075 4773 2178 4814 nec

621 4840 798 4910 gratia
860 4853 964 4893 nec
1013 4839 1142 4895 odio
1195 4841 1494 4912 quidquam
1547 4852 1768 4901 acturos
1827 4863 1851 4909 :_
1913 4845 2011 4902 sed
2057 4849 2178 4903 sin-

626 4945 757 4984 cero
811 4929 1038 4994 animo,
1099 4943 1171 4984 ea
1228 4946 1350 5000 quae
1402 4946 1436 4987 e
1512 4933 1785 5006 republica
1835 4945 2058 5004 essent,
2121 4948 2181 4994 et

623 5019 1072 5086 deliberaturos,
1130 5028 1191 5075 et
1271 5032 1512 5079 acturos.
1580 5023 1843 5096 Papulum
1922 5025 2052 5081 item
2108 5027 2176 5084 ad

629 5113 896 5180 rogandas
957 5113 1106 5184 leges
1131 5150 1148 5177 ,
1195 5110 1359 5183 350
1415 5116 1628 5184 aliaque
1687 5117 1873 5172 munia
1919 5131 2180 5172 convoca-

629 5199 761 5256 baut
815 5218 829 5252 :
879 5209 938 5256 et
1004 5204 1266 5274 majorum
1323 5202 1734 5272 magistratuum
1799 5207 2174 5271 ornamentis,

626 5289 913 5348 lictoribus
957 5293 1216 5361 exceptis,
1265 5288 1581 5349 utebantur.
1610 5293 1692 5348 Ac
1739 5295 1844 5348 tale
1875 5309 2176 5350 censorum

627 5398 830 5441 munus
872 5383 993 5438 fuit.
1038 5385 1142 5450 Qui
1172 5403 1320 5454 vero,
1368 5401 1725 5443 cum‘census
1758 5390 2040 5457 agebatur,
2076 5403 2174 5443 sua

632 5477 856 5532 nomina
881 5485 938 5532 ct
984 5475 1546 5556 facultateslprofessi
1587 5495 1697 5535 non
1745 5491 1937 5547 erant,
1985 5496 2174 5536 eorum

635 5565 922 5624 facultates
967 5585 997 5624 a
1045 5570 1384 5636 censoribus,
1419 5573 1521 5642 ipsi
1550 5589 1580 5627 a
1626 5573 1943 5628 consulibus
1973 5574 2174 5628 vende-

640 5655 858 5715 bantur.
890 5660 956 5716 Et
984 5660 1100 5717 hac
1131 5659 1200 5716 ad
1235 5662 1448 5730 tempus
1487 5663 1705 5733 aliquod
1741 5664 1820 5718 sic
1870 5671 1991 5718 acta
2023 5671 2175 5718 sunt.

640 5747 768 5804 Post
817 5755 1168 5812 constitutum
1209 5762 1314 5821 est,
1369 5761 1429 5810 ut
1473 5739 1568 5824 qui
1610 5755 1777 5811 semel
1829 5756 1886 5810 in
1921 5763 2170 5839 senatum

2287 605 2394 675 γάρ
2447 605 2602 660 τοῦτο
2657 608 2722 660 ἐκ
2778 607 2922 661 πάνυ
2999 608 3231 678 ἀρχαίου
3300 601 3414 672 τοῖς
3481 600 3859 682 εὐπατρίδαις

2288 697 2679 768 ἐπετέτραπτο)
2735 699 2883 770 ἔργῳ
2936 698 2997 753 δέ
3054 699 3286 770 κώλυμα
3346 696 3438 772 ἦν,
3468 701 3557 756 ἵνα
3614 704 3693 775 μὴ
3744 706 3859 774 ρῳ-

2286 787 2415 850 δίως
2453 789 2503 840 οἱ
2553 788 2822 860 δήμαρχοι
2855 789 2961 844 ικαὶ
3021 790 3083 844 τὺ
3140 791 3342 861 πλῆθος
3406 794 3509 847 ὅσα
3566 793 3858 863 βούλοιντο

2288 877 2615 945 πράττοιεν,
2683 877 2827 932 ἀλλά
2903 878 3174 949 προφάσει
3257 881 3358 950 τῆς
3439 882 3857 947 οἰωνοσκοπίας

2286 966 2434 1019 ἐστιν
2486 961 2548 1022 οὗ
2594 967 2996 1038 ’ἐμποδίζοιντοο
3050 969 3372 1040 Ἀθχόμενοι
3411 970 3470 1024 δέ
3524 973 3640 1032 τοῖς
3698 972 3858 1026 {md-

2286 1074 2398 1119 τοις
2430 1058 2485 1110 οῐ
2533 1075 2591 1112 τε
2649 1058 2972 1130 εὐπατρίδαι
3019 1059 3116 1114 καὶ
3167 1061 3202 1131 ή
3263 1060 3449 1131 βουλὴ,
3488 1060 3564 1126 ὡς
3618 1062 3690 1116 τά
3747 1062 3856 1116 τοῦ

2286 1149 2529 1218 πλήθους
2606 1151 2940 1222 φρονοῦσιν,
3004 1154 3105 1206 οὐκ
3147 1152 3488 1223 ἐψηφίσαντο
3560 1156 3717 1226 σφίσι
3773 1155 3856 1208 τά

2285 1241 2550 1304 ἐπινίκια,
2580 1243 2815 1312 πόλεμον
2859 1245 3119 1316 ἐκατέρου
3157 1248 3514 1319 νικήσαντος,
3549 1245 3664 1300 οὐθ’
3703 1247 3856 1316 sps-

2285 1348 2388 1401 ραν
2427 1334 2644 1401 ’ἑκάστῳ
2691 1336 2992 1406 ἀπένειμαν
3037 1336 3226 1410 ὥσπερ
3265 1338 3500 1403 είθιστο,
3549 1339 3626 1394 Τὸ
3655 1340 3854 1408 μέντοι

2284 1423 2487 1494 πλῆθος
2561 1427 2656 1481 ἐπὶ
2691 1427 2811 1482 ’δύω
2865 1445 2925 1480 τε
2983 1428 3196 1498 ἡμέρας
3254 1428 3498 1498 ἐὼρτασε
3533 1469 3549 1495 ,
3599 1430 3698 1484 καὶ
3728 1432 3855 1494 τοῖς

2283 1513 2507 1577 ὑπάτοις
2562 1515 2629 1569 τά
2691 1518 2984 1587 νικητήρια
3053 1518 3409 1588 ἐψηφίσαντο.
3484 1519 3675 1584 Οὕτως
3748 1514 3852 1574 οὖν

2282 1603 2342 1665 ἐς
2403 1602 2666 1673 διαφορὰς
2726 1605 2836 1659 τῶν
2923 1606 3209 1676 Ῥωμαίων
3268 1606 3570 1675 ἐλθόντων,
3626 1611 3677 1662 oi
3757 1613 3854 1664 tv-

2281 1691 2472 1756 αντίοι,
2506 1693 2706 1760 σφίσιν,
2764 1694 3284 1765 ἀναθαρσήσαντες,
3344 1697 3582 1769 ἐπῄεσαν
3627 1699 3847 1759 αὐτοῖς.

2281 1784 2370 1853 Τῷ
2401 1785 2447 1838 δ’
2480 1785 2606 1855 ἐξῆς
2642 1786 2750 1839 ἔτει
2776 1788 3002 1861 Μάρκου
3028 1786 3069 1838 Γ
3071 1787 3318 1840 ενουκίου
3344 1792 3438 1841 καὶ
3469 1789 3631 1841 Γαΐου
3660 1789 3851 1860 Κουρο

2281 1875 2397 1928 τίου
2457 1876 2876 1940 ὑπατευόντων.
2911 1877 3006 1930 ἐπ’
3060 1875 3322 1946 ἀλλήλους
3391 1879 3721 1948 ὲτράτ-..οντοτ
3779 1881 3855 1934 οι

2280 1980 2341 2016 τε
2371 1965 2477 2035 γὰρ
2505 1964 2597 2018 τοῦ
2623 1965 2861 2035 πλήθους
2891 1964 2988 2019 καὶ
3035 1965 3326 2020 ὑπατεύειν
3366 1967 3580 2036 ήθελον,
3609 1967 3851 2038 ἐπείπερ

2280 2056 2622 2128 ἐδημάρχουν
2673 2058 2720 2110 oi
2773 2057 3094 2128 εὐπατρίδαι
3143 2057 3279 2128 πρὸς
3325 2059 3521 2120 αὐτοὺς
3577 2060 3851 2129 μεθιστά-

2283 2162 2456 2215 μενοι.
2512 2147 2620 2200 Καὶ
2665 2146 3070 2216 αἱέὐπατρίδαι
3101 2146 3221 2201 λίαν
3258 2149 3358 2217 τῆς
3405 2147 3613 2202 ὑπάτου
3664 2151 3850 2220 ἀρχῆς

2282 2235 2632 2305 περιείχοντο,
2685 2236 2777 2291 καὶ
2826 2237 2996 2292 πολλὰ
3061 2235 3183 2292 κατ’
3243 2237 3490 2309 ἀλλήλων
3542 2241 3639 2292 καὶ
3691 2241 3846 2311 βίαια

2281 2326 2465 2393 ἔλεγόν
2490 2344 2548 2379 τε
2587 2329 2685 2381 καὶ
2723 2328 3013 2399 ἐπραττον.
3057 2328 3178 2383 Ἵνα
3212 2329 3268 2382 δέ
3297 2327 3374 2398 μή
3409 2327 3544 2399 πρός
3568 2346 3624 2382 τι
3653 2332 3846 2400 χεῖρον

2281 2418 2594 2488 χωρήσωσι,
2628 2421 2721 2473 τοῦ
2771 2421 2870 2490 μέν
2923 2420 3083 2491 ἔργου
3129 2420 3226 2489 τῆς
3276 2421 3577 2490 ἡγεμονίας
3634 2422 3686 2474 οί
3746 2422 3844 2474 δυ-

2280 2514 2428 2561 νατοὶ
2484 2510 2666 2573 αὐτοῖς
2703 2510 3119 2581 ’παρεχώρησαν
3150 2516 3166 2540 ⁶
3221 2510 3317 2564 τοῦ
3365 2511 3422 2565 δὲ
3469 2513 3740 2581 ὀνόματος
3779 2513 3843 2565 οὐ

2283 2599 2617 2666 μετέδωκαν,
2651 2599 2766 2652 ἀλλ’
2795 2587 2910 2654 ἀνθ’
2935 2601 3153 2654 ὑπάτων
3183 2601 3498 2671 χιλιάρχους
3522 2603 3844 2673 ὠνόμασαν,

2283 2687 2366 2739 ἵνα
2403 2691 2476 2756 μὴ
2517 2690 2576 2740 τὸ
2603 2689 2698 2758 τῆς
2727 2690 2968 2760 κλήσεως
2998 2690 3215 2760 ἔντιμον
3241 2690 3320 2759 τῷ
3375 2693 3619 2760 σύρφακι
3663 2695 3844 2762 ὁμίλῳ

2281 2777 2796 2840 καταρρυπαίνοιτο.
2846 2777 2956 2829 Καὶ
3009 2779 3158 2844 τρεῖς
3190 2778 3286 2843 ἀφ’
3315 2778 3594 2848 ἐκατῳων
3625 2781 3845 2852 χιλιάρ-

2280 2875 2408 2924 χους
2434 2861 2551 2910 ἀντὶ
2589 2860 2697 2910 τῶν
2726 2862 2819 2912 δῦο
2848 2863 3067 2915 ὑπάτων
3113 2869 3384 2935 αίριτσθαι
3428 2870 3734 2933 συνέδοξεν.
3764 2875 3839 2924 οδ

2280 2946 2461 3015 μέντοι
2486 2948 2547 3000 τὸ
2581 2948 2688 3002 τῶν
2722 2950 2944 3004 ὑπάτων
2996 2953 3209 3016 ἐξέλιπε
3261 2957 3442 3010 τέλεον
3471 2959 3671 3027 ὄνομα,
3704 2961 3841 3013 ἀλλὰ

2278 3036 2405 3088 ποτέ
2436 3037 2534 3105 μέν
2571 3037 2766 3092 ὕπατοι
2800 3041 3118 3096 καθίσταντο
3147 3046 3278 3097 ποτέ
3328 3046 3384 3099 δέ
3433 3064 3496 3112 γε
3539 3048 3837 3116 χιλίαρχοι.

2278 3127 2433 3181 Οὕτω
2463 3129 2564 3199 μέν
2622 3130 2796 3183 ταῦτα
2856 3133 3217 3202 παραδέδοται
3262 3135 3524 3204 γίνεσθαι,
3563 3138 3745 3189 καίτοι
3776 3139 3838 3189 οὐ

2281 3215 2440 3286 μόνον
2459 3217 2566 3270 τῶν
2586 3217 2806 3272 ὑπάτων
2830 3221 3155 3291 δικτάτορας
3177 3224 3530 3292 ἀνειπόντων,
3553 3227 3840 3281 καὶταῦτα

2151 3353 2178 3364 _
2279 3303 2415 3357 πολῦ
2463 3305 2572 3375 ’τῆς
2623 3307 2796 3377 ἀρχῆς
2827 3311 3043 3380 ἐκείνης
3085 3310 3516 3383 ἐλαττουμένων,
3569 3316 3706 3371 ἀλλά
3744 3321 3841 3371 καὶ

2278 3391 2570 3464 χιλιάρχων
2611 3395 2770 3450 τοῦτο
2826 3401 3206 3471 πεποιηκότων
3252 3403 3444 3459 ἐνίοτε.
3493 3405 3728 3473 Λέγεται
3757 3407 3839 3472 δέ,

2277 3483 2358 3538 δτι
2387 3487 2560 3551 οὐδεὶς
2583 3487 2693 3544 τῶν
2741 3490 3058 3564 χιλιάρχων,
3112 3494 3292 3547 καίτοι
3335 3494 3546 3550 πολλῶν
3575 3499 3840 3562 πολλάκις

2278 3576 2635 3644 νικησάντων,
2671 3580 2906 3634 ἐπινίκια
2931 3582 3193 3653 ἐπεμψεν.
3222 3585 3283 3638 Oi
3305 3586 3406 3656 μιν
3433 3583 3526 3641 οὖν
3565 3589 3840 3661 χιλίαρχοι

2278 3663 2418 3716 οὕτω
2464 3665 2584 3718 τότε
2651 3668 2947 3738 ᾑρέθησαν.
2992 3673 3056 3725 Οί
3084 3673 3143 3752 δέ
3188 3675 3417 3744 τιμηταὶ
3459 3676 3538 3746 τῷ
3593 3679 3840 3751 ἐχομένῳ

2278 3753 2389 3808 ἐτει
2422 3755 2701 3825 Βαρϐάτου
2730 3760 2826 3813 καὶ
2854 3762 3082 3834 Μάρκου
3111 3765 3394 3840 Μακρίνοο
3430 3769 3838 3836 ὑπατευόντων,

2278 3849 2703 3921 κατεδείχθησαν
2745 3854 2842 3908 καὶ
2868 3854 3144 3925 ᾑρέθησαν
3181 3857 3413 3925 Λούκιος
3439 3877 3500 3914 τε
3533 3863 3837 3935 Παπείριος

2278 3939 2372 3990 καὶ
2406 3939 2632 4003 Δοὺκιος
2681 3942 3051 4013 Σεμπρώνιος.
3109 3946 3562 4022 Κεχειροτόνηντο
3621 3956 3702 4021 δέ,
3752 3957 3837 4009 ὅτι

2246 4027 2327 4078 ,οί
2376 4026 2570 4083 ὕπατοι
2607 4032 2856 4087 ἀδύνατοι
2915 4035 3009 4089 ἐπὶ
3059 4039 3236 4092 πάντα
3284 4040 3374 4094 διὰ
3423 4045 3484 4096 τὸ
3516 4043 3721 4114 πλῆθος
3748 4048 3841 4114 ἐε-

2277 4117 2467 4187 αρκεῐν
2517 4115 2677 4189 ἦσαν.
2730 4120 2812 4176 Τά
2857 4123 2968 4194 γάρ
2993 4127 3105 4191 τοῖς
3133 4133 3392 4200 τιμηταῖς
3418 4131 3838 4208 ἀπονεμηθέντα

2279 4207 2548 4278 προνόμια
2603 4211 2802 4265 ἐκεῖνοι
2833 4213 2995 4284 μέχρι
3023 4217 3145 4270 τότε
3171 4218 3411 4296 ἐποίουνι
3441 4221 3564 4277 Atio;
3596 4240 3657 4277 τε
3690 4220 3838 4296 ἦσαν

2275 4296 2324 4354 oi
2349 4302 2577 4372 τιμηταὶ
2605 4302 2665 4370 ἐξ
2698 4304 2873 4376 ἀρχῆς
2924 4301 3021 4360 καὶ
3062 4307 3129 4361 ἐκ
3157 4295 3269 4363 τῶν
3296 4310 3657 4383 εὐπατριδῶν.
3690 4295 3836 4384 ’Βρν

2275 4409 2369 4462 χον
2396 4393 2452 4446 δέ
2476 4393 2544 4447 τά
2582 4395 2681 4463 μέν
2721 4395 2912 4465 πρῶτα
2939 4397 3036 4464 καὶ
3057 4398 3128 4452 τά
3165 4394 3452 4456 τελευταία
3491 4404 3586 4458 ἐπὶ
3629 4421 3834 4460 πεντα-

1372 4491 1390 4530 :
1441 4479 1698 4548 improba
1754 4483 1875 4536 vita:
1921 4482 2170 4540 homines

2278 4481 2443 4551 ετίαν.
2476 4483 2568 4536 Ἐν
2596 4483 2652 4536 δέ
2686 4485 2764 4555 τῷ
2787 4485 2938 4557 μέσῳ
2957 4487 3134 4558 χρόνῳ
3168 4489 3265 4543 ἐπὶ
3306 4493 3456 4564 τρεῖς
3502 4493 3833 4567 ἑξαμήνους,

2277 4571 2373 4626 καὶ
2411 4573 2660 4642 ἐγίνοντο
2709 4575 2820 4630 τῶν
2869 4575 3091 4632 ὑπάτων
3139 4581 3383 4651 μείζους,
3437 4585 3617 4640 καίτοι
3664 4588 3834 4662 μέρος

2275 4663 2374 4735 τῆς
2399 4665 2622 4719 ικείνων
2648 4665 2904 4731 λαϐόντες
2955 4669 3152 4741 ἀρχῆς.
3198 4672 3359 4742 Ἐξῆν
3414 4673 3473 4734 δι
3518 4675 3704 4742 αὐτοῖς
3731 4679 3845 4742 τάς,

2246 4830 2248 4832 τ
2274 4751 2338 4808 τε
2377 4755 2671 4827 προσόδους
2699 4757 2801 4822 τὰς
2834 4758 3016 4823 κοινάς
3063 4761 3377 4832 ἐκμισθοῦν,
3412 4767 3508 4819 καὶ
3555 4767 3666 4821 τῶν
3694 4769 3830 4822 ὁδῶν

2276 4845 2373 4900 καὶ
2399 4846 2503 4898 τῶν
2527 4847 2801 4918 δημοσίων
2826 4849 3277 4927 οἰκοδομημάτων
3300 4855 3704 4924 ὐπιμελεῖσθαι,
3733 4863 3828 4914 καὶ

2275 4937 2374 4999 τὰς
2427 4937 2754 5008 ἀπογραφάς
2805 4941 2904 5012 τῆς
2937 4942 3168 5004 ἐκάστου
3225 4945 3486 5013 εὐπορίας
3539 4947 3823 5018 διατελεῐν,

2278 5028 2370 5081 καὶ
2409 5023 2500 5085 τὸν
2547 5031 2661 5102 βίον
2708 5031 2816 5085 τῶν
2849 5033 3084 5085 πολιτῶν
3113 5035 3434 5089 ἐπισκοπείν
3453 5053 3516 5090 τε
3565 5039 3662 5098 καὶ
3711 5041 3829 5108 ἐξε-

2276 5119 2479 5187 τάζειν,
2518 5124 2615 5176 καὶ
2648 5123 2774 5186 τοὺς
2818 5124 2918 5193 μὲν
2962 5121 3145 5186 ἀξίους
3177 5123 3404 5202 ἐπαίνου
3431 5127 3492 5191 ἐς
3518 5129 3621 5194 τάς
3651 5132 3850 5200 φυλάς·

2277 5212 2371 5263 καὶ
2399 5213 2456 5276 ἐς
2491 5213 2588 5284 τὴν
2633 5215 2843 5269 ἱππάδα
2887 5213 2982 5268 καὶ
3029 5213 3129 5284 τήν
3176 5217 3464 5287 γερουσίαν
3500 5221 3823 5293 ἐγγράφειν,

2277 5294 2453 5358 καθὼς
2480 5299 2728 5365 ἑκάστοις
2770 5301 3070 5376 προσήκειν
3117 5301 3393 5374 ἐνομίζετο
3417 5323 3435 5340 ο
3479 5309 3607 5373 τοὺς
3651 5311 3698 5365 δ’
3723 5314 3822 5367 οὐκ

2276 5379 2335 5437 εὖ
2400 5387 2662 5468 βιοῦντας,
2705 5389 3075 5459 ἁπανταχόθεν
3103 5391 3303 5464 ὁμοίως
3358 5397 3696 5468 ἀπαλείφειν.
3755 5394 3820 5458 Ὃ

2280 5479 2462 5547 μεῖζον
2482 5461 2696 5536 πάντων
2720 5476 2786 5551 ἦν
2811 5480 2920 5534 τῶν
2947 5481 3059 5545 τοῖς
3085 5461 3308 5550 ὑπάτοις
3332 5461 3814 5558 καταλειιρθέντων.

2279 5568 2492 5634 Πίστεις
2512 5571 2558 5624 δ’
2586 5572 2840 5639 ἐνόρκους
2869 5573 2954 5642 ἐφ’
2990 5573 3204 5647 ἑκάστῳ
3246 5577 3560 5648 πεποίηντο,
3591 5585 3666 5644 ὥς
3694 5582 3816 5636 οὐτε

2277 5659 2411 5728 πρὸς
2435 5661 2615 5733 χάριν,
2642 5661 2764 5715 οὕτε
2812 5662 2949 5732 πρὸς
2989 5663 3189 5735 ἔχθραν
3228 5684 3286 5720 τι
3316 5668 3588 5737 ποιοῦσιν,
3612 5671 3728 5726 ἀλλ’
3756 5673 3816 5737 ἐξ

2277 5749 2446 5821 ὀρθῆς
2492 5751 2715 5823 γνώμης
2766 5753 2834 5808 τὰ
2880 5755 3225 5828 συμφέροντα
3255 5761 3333 5830 τῷ
3361 5759 3525 5831 κοινῷ
3553 5762 3644 5814 καὶ
3689 5777 3811 5815 σκο-
