3986 6338
190 409 286 474 605

1419 413 1820 476 ANNALIUM
1862 414 2007 475 LIB.
2034 415 2168 478 VII.

3288 426 3397 489 606

187 521 461 587 ποῦσικαὶ
501 521 823 594 πράττουσι.
867 521 977 578 Καὶ
1021 522 1112 577 τὸν
1140 522 1311 592 δῆμον
1345 523 1436 579 ἐπί
1464 540 1522 576 τε
1550 525 1708 592 νόμω

1834 524 2010 581 lectus
2037 533 2204 588 esset,
2251 540 2348 595 per
2394 540 2611 581 omnem
2654 535 2869 584 aitatem
2905 529 2959 585 in
3000 547 3069 587 eo
3106 544 3396 593 maneret:

188 613 482 681 εἰσφοραῖς,
514 614 606 666 καὶ
630 616 743 677 τοῖς
768 614 951 677 ἄλλοις
993 614 1363 685 συνήθροιζον,
1400 616 1494 667 καὶ
1524 614 1602 684 τῷ
1629 613 1737 667 τῶν

189 701 443 771 μειζόνων
480 705 665 776 ἀρχῶν
698 707 909 776 κόσμῳ,
951 706 1092 776 πλὴν
1135 690 1446 776 ῥαϐδούχων
1474 707 1733 775 ἐχρῶντο.

184 795 414 866 Τοιαύτη
447 797 480 865 ή
506 797 617 851 τῶν
649 799 894 867 τιμητῶν
924 798 1168 867 ὑπῆρχεν
1200 800 1362 867 ἀρχή.
1397 796 1517 850 Τῶν
1549 798 1734 863 μέντοι

186 887 253 954 μὴ
285 888 764 958 ἀπογραψαμένων
793 890 891 952 τὰς
920 889 1109 952 οὐσίας
1139 892 1197 942 ἐν
1239 892 1358 957 ταῖς
1387 890 1734 958 ἀπογραφαῖς

180 977 268 1030 καὶ
309 980 557 1044 ἑαυτοὺς,
610 981 706 1042 τὰς
767 980 869 1048 μιν
917 980 1105 1043 οὐσίας
1149 980 1200 1034 οἱ
1253 981 1501 1049 τιμηταὶ,
1533 982 1733 1047 ,αὐτοὺς

179 1068 220 1121 δ’
246 1070 491 1134 ἐκείνους
520 1072 572 1125 οί
617 1071 816 1126 ὕπατοι
860 1074 1221 1144 ἐπίπρασκον.
1272 1073 1466 1143 Χρόνῳ
1511 1073 1608 1140 μὲν
1636 1068 1731 1125 οὖν

176 1180 275 1215 τινι
302 1163 458 1215 ταῦθ’
487 1162 661 1226 οὕτως
691 1163 964 1235 δπράχθη.
997 1164 1263 1233 Ὕστερον
1291 1164 1346 1217 δὲ
1374 1163 1464 1217 τὸν
1494 1163 1640 1229 ἅπαξ
1663 1166 1727 1235 τῇ

179 1251 330 1322 smn
393 1236 837 1321 καταλεχθέντα,
909 1253 997 1308 διά
1065 1253 1181 1323 βίου
1254 1254 1527 1323 βουλεύειν
1583 1254 1728 1326 εδοξε

179 1345 293 1412 μηδ’
337 1344 762 1413 ἁπαλείφεσθαι,
793 1347 843 1399 εί
874 1348 952 1417 μή
982 1363 1070 1410 τις
1094 1347 1358 1417 ἀδικήσας
1384 1346 1479 1400 καὶ
1520 1346 1728 1415 κριθεὶς

173 1435 431 1503 ἠτίμωτο,
468 1437 500 1506 ἦ
533 1437 717 1500 κακῶς
743 1437 850 1502 ζῶν
871 1438 1133 1508 ἠλέγχθη.
1163 1439 1299 1501 Τοὺς
1322 1437 1435 1507 γὰρ
1457 1438 1728 1500 τοιούτους

171 1528 491 1597 ἁπήλειφον,
514 1531 610 1583 καὶ
645 1531 760 1585 ἀντ’
788 1532 968 1584 αὐτῶν
1002 1533 1223 1602 ἐτέρους
1252 1532 1572 1602 ἐνέγραφον.
1605 1531 1725 1582 Τῶν

169 1617 220 1668 δέ
249 1620 604 1688 προσκαίρως
624 1622 903 1691 ἀρχόντων
945 1624 1215 1691 πρεσϐεῖα
1252 1622 1352 1675 ιιέν
1379 1621 1586 1675 ἐδέδοτο
1613 1623 1724 1684 τοῖς

167 1710 501 1782 δικτάτορσι,
538 1712 819 1784 δευτερεῖα
864 1715 922 1768 δέ
966 1732 1029 1783 γε
1076 1718 1190 1778 τοῖς
1245 1717 1524 1785 τιμηταῖς,
1586 1716 1619 1783 ἠ
1668 1713 1724 1768 δὲ

1837 630 2017 687 neque
2058 617 2334 672 deleretur
2370 635 2437 673 ex
2480 620 2624 686 albo,
2661 621 2764 675 nisi
2797 623 2866 677 ob
2902 623 3116 680 facinus
3165 625 3396 696 ignomi-

1836 707 1995 761 nioso
2041 708 2251 777 judicio
2298 712 2693 767 condemnatus
2741 724 2921 776 esset,
2973 727 3069 771 aut
3125 717 3385 786 improlxe

1833 799 1958 853 vita:
1985 814 2291 855 convmus.
2339 801 2569 869 Talibus,
2617 807 2762 860 enim
2798 807 2851 859 in
2884 807 3132 861 ordinem
3163 810 3391 872 coactis,

1832 891 1969 945 alios
1999 892 2054 944 in
2083 907 2272 945 eorum
2297 893 2477 947 locum
2509 895 2931 950 substituebant.
2965 896 3023 950 In
3061 896 3393 967 magistrati-

1833 982 1934 1037 bus
1966 992 2272 1051 temporum
2311 999 2473 1039 causa
2514 985 2801 1050 institutis,
2838 988 3143 1057 principem
3169 990 3389 1044 obtine-

1833 1072 1960 1126 bant
2007 1073 2186 1127 locum
2235 1076 2553 1138 dictatOres,
2602 1078 2913 1145 proximum
2953 1094 3232 1141 censores,
3276 1088 3388 1133 ter-

1834 1162 1967 1217 tium
1987 1165 2228 1233 magistri
2255 1167 2500 1236 equitum
2525 1185 2539 1220 :
2566 1168 2657 1237 qui
2677 1168 2832 1231 ordo,
2856 1168 2970 1224 sive
2996 1170 3050 1223 in
3072 1171 3387 1240 magistratu

1830 1263 2038 1318 essent,
2071 1256 2185 1309 sive
2214 1271 2281 1310 eo
2300 1258 2584 1324 abiissent,
2613 1260 3027 1314 observabatur.
3068 1261 3221 1326 Quod
3248 1262 3290 1314 si
3317 1261 3382 1314 ad

1830 1346 2090 1401 humilius
2138 1364 2334 1405 munus
2386 1350 2820 1415 descendissent,
2866 1352 3103 1420 priorem
3152 1350 3387 1420 dignita-

1830 1448 1936 1494 tem
1960 1439 2280 1496 inviolatam
2310 1443 2651 1499 obtinebant.
2692 1445 2843 1501 Unus
2874 1445 3092 1514 quidam
3131 1444 3386 1513 princeps

1826 1538 2048 1585 senatus
2103 1547 2198 1599 per
2255 1533 2308 1587 id
2356 1544 2592 1597 tempus,
2640 1535 2769 1588 dum
2823 1536 2869 1589 is
2927 1536 3100 1588 honos
3147 1533 3385 1588 durabat

1828 1621 2025 1689 (neque
2058 1621 2203 1675 enim
2258 1634 2561 1693 perpetuus
2605 1629 2743 1695 erat)
2799 1625 3051 1680 omnibus
3095 1625 3383 1694 dignitate,

1826 1728 1934 1768 non
1964 1714 2206 1781 potentia
2236 1716 2545 1783 praestabat.

166 1806 310 1875 τρίτη
370 1806 521 1872 τάξις
573 1807 683 1869 τοῖς
738 1808 1037 1878 ἱππάρχοις
1081 1808 1369 1878 νενέμητο.
1412 1807 1521 1860 Καὶ
1574 1805 1715 1858 οὕτω
1752 1807 1924 1859 ταῦτα
1972 1805 2251 1867 ἐτέτακτο,
2333 1806 2435 1860 κᾶν
2488 1806 2547 1858 ἐν
2637 1808 2757 1869 ταῖς
2817 1807 3012 1876 ἀρχαῖς
3069 1802 3228 1877 ἦσαν,
3279 1804 3385 1859 κᾶν

165 1896 577 1967 ἀπηλλάγησαν.
646 1898 708 1951 Εἰ
767 1900 875 1969 γάρ
925 1918 1008 1966 τις
1033 1900 1128 1954 κέκ
1177 1901 1421 1969 μείζονος
1475 1900 1648 1969 ἀρχῆς
1714 1902 1794 1962 είς
1831 1898 2225 1967 ὐποδεεστὲραν
2281 1898 2540 1968 κατέστη,
2590 1898 2653 1951 τὸ
2702 1900 2799 1968 τῆς
2850 1900 3125 1969 προτέρας
3170 1896 3385 1967 ἀξίωμα

165 1986 299 2057 εἶχεν
326 1990 613 2060 ἀκέραιον.
652 1987 745 2053 Εἷς
801 1990 859 2045 δέ
913 2009 1021 2054 τις,
1078 1992 1139 2045 ὃν
1189 1994 1462 2061 πρίγκιπα
1501 1992 1598 2060 μὲν
1621 1991 1715 2059 τῆς
1755 1991 2043 2061 γερουσίας
2113 1989 2399 2060 ὠνόμαζον
2453 1992 2685 2058 (λέγοιτο
2734 1991 2780 2046 δ’
2831 1992 2897 2045 ἂν
2927 1991 3047 2045 καθ’
3118 1989 3383 2060 Ἕλληνας

166 2078 475 2149 πρόκριτος)
505 2123 518 2144 ,
577 2082 908 2151 συμπάντων
968 2083 1185 2152 προεῖχε
1257 2082 1348 2139 τὸν
1416 2082 1606 2151 χρόνον
1656 2080 1715 2131 ὃν
1754 2081 2108 2149 προεκρίνετο
2157 2082 2239 2150 (οὐ
2295 2083 2403 2150 γὰρ
2453 2082 2539 2135 διὰ
2576 2083 2691 2153 βίον
2757 2100 2841 2145 τις
2890 2086 2971 2147 εἰς
3047 2082 3206 2137 τοῦτο
3253 2098 3389 2156 προ-

162 2171 497 2241 εχειρίζετο),
553 2177 648 2228 καὶ
689 2175 957 2247 προέφερε
987 2175 1097 2228 τῶν
1129 2175 1305 2231 ἄλλων
1352 2175 1429 2245 τῷ
1473 2173 1741 2241 ἀξιώματι
1778 2173 1837 2225 οὐ
1867 2175 1973 2242 μὴν
2003 2175 2093 2228 καὶ
2125 2175 2351 2244 δυνάμει
2372 2176 2567 2246 ὲχρῆτό
2594 2194 2721 2231 τινι.

226 2266 310 2322 κ’.
337 2268 549 2337 Χρόνον
586 2270 685 2337 μὲν
714 2269 807 2322 οὖν
846 2286 973 2322 τινα
1023 2270 1250 2340 είρήνην
1294 2268 1430 2337 πρὶς
1458 2267 1708 2347 ἀλλήλους

1894 2266 2009 2320 XX.
2048 2265 2127 2319 Ad
2161 2267 2307 2322 hunc
2357 2266 2579 2323 modum
2626 2285 2759 2340 pace
2797 2270 2864 2325 ad
2902 2281 3117 2342 tempus
3141 2273 3287 2331 domi
3325 2286 3383 2333 et

161 2360 248 2411 καὶ
271 2359 413 2427 πρὸς
445 2362 574 2423 τοὺς
609 2361 925 2431 περιοίκους
954 2363 1185 2432 ἤγαγον.
1214 2358 1347 2414 Εἶτα
1392 2360 1551 2429 λιμοῦ
1600 2362 1717 2411 ἐπι-

161 2452 554 2518 κρατήσαντος,
579 2450 720 2504 ὥστε
750 2453 904 2515 τινάς
930 2456 1026 2506 καὶ
1080 2454 1161 2515 είς
1194 2452 1285 2504 τὸν
1318 2450 1559 2518 ποταμὸν
1586 2452 1715 2502 ἐαυ-

156 2542 274 2605 τοὺς
304 2543 587 2613 ἐμδαλεῖν,
640 2544 716 2614 μὴ
760 2546 1023 2615 φέροντας
1056 2546 1150 2599 τὸν
1185 2545 1341 2615 λιμὸν
1370 2544 1712 2597 ἐστασίασαν.

159 2637 216 2690 Oi
242 2636 342 2707 μιν
372 2635 484 2707 γάρ
530 2638 655 2700 τούς
704 2637 973 2707 εὐπόρους
1030 2638 1106 2700 ὡς
1156 2639 1285 2707 περὶ
1335 2637 1425 2689 τὸν
1456 2638 1598 2688 σῖτον
1625 2651 1715 2686 κα-

157 2728 525 2801 κουργοῦντας
553 2732 610 2783 έν
641 2730 791 2801 αίτίᾳ
820 2729 1137 2799 πεποίηντο,
1168 2730 1216 2781 οί
1247 2729 1302 2781 δέ
1330 2727 1451 2790 τοὺς
1477 2729 1715 2796 πένητας

130 2820 227 2889 ,ὡς
258 2820 359 2891 τήν
389 2822 495 2892 γῆν
527 2821 602 2893 μὴ
634 2822 1055 2893 βουλευομένους
1080 2821 1433 2892 ἐργάζεσθαι.
1479 2820 1625 2873 Ἰδὼν
1657 2821 1712 2872 δέ

154 2913 305 2967 τοῦτο
356 2914 623 2983 Σπούριος
675 2914 945 2979 Μάλλιος,
981 2915 1121 2985 ἀνὴρ
1176 2914 1376 2978 ίππεύς
1434 2914 1709 2977 πλούσιος,

120 3043 123 3045 .
154 3000 423 3071 τυραννίδι
452 3001 860 3071 ἐπικεχείρηκε,
892 3004 983 3056 καὶ⁵
1014 3006 1159 3056 σῖτον
1184 3006 1246 3055 ἐκ
1283 3005 1383 3073 τῆς
1406 3003 1711 3073 περιχώρου

156 3094 478 3163 πριάμενος,
516 3094 732 3157 πολλοῖς
764 3096 864 3166 μέν
895 3096 1260 3161 ἐπευωνίζων,
1292 3096 1510 3157 πολλοῖς
1534 3097 1591 3150 δὲ
1618 3096 1711 3149 καὶ

154 3190 348 3255 προῖκα
384 3186 579 3251 ἐδίδου,
617 3189 729 3243 κάη
788 3188 977 3242 τούτου
1024 3189 1254 3259 συχνοὺς
1288 3187 1712 3258 προσῳκειωσά-

152 3294 333 3358 μενος,
366 3280 507 3334 ὅπλα
546 3298 606 3334 τε
637 3280 934 3352 ἐπορίσατο
969 3283 1061 3334 καὶ
1104 3281 1395 3351 φρουροὺς,
1422 3282 1517 3333 καὶ
1546 3281 1706 3350 ἐκρά-

46 3388 49 3395 ‘
98 3436 101 3443 η
148 3388 311 3441 τησεν
334 3374 402 3427 ἂν
426 3374 526 3442 τῆς
557 3374 787 3438 πόλεως,
825 3375 874 3427 εί
913 3375 986 3444 μή
1024 3373 1317 3437 Μινούκιος
1357 3373 1707 3442 Αὐγουρῖνος,

151 3463 281 3534 άνήρ
316 3464 693 3533 εὐπατρίδης,
738 3465 833 3516 ἐπὶ
892 3466 956 3532 τῇ
1006 3453 1274 3533 σιτοδοσίᾳ
1355 3465 1709 3532 τεταγμένος,

152 3559 237 3612 καὶ
295 3557 626 3626 αίτιώμενος
683 3558 776 3609 ἐπὶ
828 3559 893 3626 τῇ
956 3554 1210 3626 σιτοδείᾳ,
1267 3556 1574 3625 είσήγγειλε
1635 3560 1700 3627 τῇ

150 3650 306 3721 βουλῇ
332 3650 397 3704 τδ
430 3649 825 3719 πραττόμενον.
871 3649 1010 3702 ’11δέ
1048 3648 1329 3720 γερουσία,
1368 3649 1613 3718 μαθοῦσα
1644 3651 1705 3703 τὸ

153 3745 416 3810 μήνυμα,
477 3740 775 3812 δικτάτορα
829 3739 1143 3810 παραυτίκα
1196 3742 1254 3793 ἐν
1303 3739 1382 3811 τῷ
1450 3742 1707 3812 συνεδρίῳ

149 3832 332 3883 ἀνεῖπε
390 3813 487 3882 τὸν
537 3831 793 3882 Κυϊντιον
846 3829 939 3881 τὸν
978 3829 1212 3883 Λούκιον
1249 3831 1342 3884 τὸν
1393 3833 1702 3895 Κικινάτον,

149 3923 238 3975 καὶ
269 3921 448 3973 ταῦτα
478 3920 763 3989 παρήλικα
791 3919 919 3972 ὂντα
944 3919 1423 3989 (ὀγδοηκοντούτης
1455 3920 1559 3988 γάρ
1590 3916 1699 3990 ἦν).

149 4014 318 4065 Κάκεῖ
348 4011 450 4083 τὴν
479 4011 695 4081 ἡμέραν
726 4011 905 4063 πᾶσαν
946 4009 1233 4064 ἀνάλωσαν
1279 4010 1701 4080 συγκαθήμενοι,

148 4102 218 4166 ὥς
238 4123 293 4159 τι
312 4104 380 4174 δὴ
408 4103 808 4173 βουλευόμενοι,
835 4103 920 4155 ἵνα
954 4103 1029 4173 μὴ
1053 4103 1113 4155 τὸ
1136 4102 1359 4171 γεγονὸς
1381 4102 1701 4173 ἐκφοιτήσῃ.

146 4195 358 4259 Νυκτὸς
386 4195 446 4248 δὲ
476 4196 504 4247 ὀ
540 4194 816 4265 δικτάτωρ
841 4194 904 4248 τδ
934 4194 1277 4247 Καπιτώλιον
1304 4196 1397 4246 καὶ
1434 4195 1503 4246 τὰ
1541 4195 1703 4249 λοιπά

145 4286 209 4339 τά
262 4285 661 4355 ἐπικαιρότατα
695 4285 784 4336 διὰ
826 4284 936 4336 τῶν
989 4284 1198 4336 ἱππέων
1245 4282 1697 4351 προκαταλαϐὼν,

144 4380 308 4433 ἕωθεν
362 4379 456 4432 ἐπὶ
509 4377 602 4430 τὸν
651 4375 891 4431 Μάλλιον
936 4372 1149 4444 ἔπεμψε
1198 4372 1358 4426 Γάϊον
1397 4373 1701 4444 Σερουϊλιον

142 4473 232 4525 τὸν
253 4473 553 4541 ἵππαρχον,
575 4470 651 4531 ὡς
669 4468 736 4523 δι’
758 4468 885 4521 ἀλλο
900 4485 952 4521 τι
974 4468 1181 4521 ἐκεῖνον
1204 4467 1698 4538 μετακαλούμενος.

155 4559 211 4614 ’0
228 4564 284 4616 δέ
315 4561 759 4629 ὐποτοπήσαντός
781 4577 834 4613 τι
856 4560 949 4613 τοῦ
980 4560 1244 4623 Μαλλίου,
1272 4562 1365 4614 καὶ
1391 4561 1701 4629 διαμέλλονο

142 4668 231 4716 τος
272 4654 477 4716 δείσας,
508 4653 585 4721 μή
625 4652 730 4704 ὐπδ
776 4652 871 4705 τοῦ
923 4652 1165 4721 πλήθους
1208 4653 1522 4723 ἐξαρπασθῇ
1575 4655 1695 4724 (ἤδη

142 4740 250 4810 γὰρ
285 4739 641 4813 συνέτρεχον)
666 4740 875 4793 ἔκτεινε
914 4741 1006 4793 τὸν
1050 4741 1240 4811 ἀνδρα,
1278 4742 1311 4809 ἢ
1348 4743 1696 4813 αὐτογνωμο-

142 4834 330 4901 νήσας.
358 4833 391 4903 ἢ
417 4830 576 4886 τοῦτο
618 4826 1041 4901 κεκελευσμένος
1078 4832 1213 4901 πρὸς
1241 4831 1333 4885 τοῦ
1361 4832 1694 4903 δικτάτορος.

1816 2357 1950 2411 foris
1985 2359 2303 2421 constituta,
2341 2368 2491 2415 tanta
2539 2360 2712 2415 fames
2753 2361 2939 2416 urbem
2991 2366 3283 2434 oppressit,
3322 2372 3379 2420 ut

1814 2449 2035 2518 quidam
2076 2450 2311 2505 inediam
2338 2468 2446 2505 non
2479 2454 2755 2517 terentes,
2776 2454 2829 2507 in
2858 2453 3058 2508 ﬂumen
3090 2470 3150 2509 se
3176 2448 3371 2525 praeci-

1816 2543 2073 2611 pitarent.
2124 2543 2279 2599 Unde
2321 2554 2443 2597 orta
2478 2544 2771 2608 seditione,
2812 2560 3082 2614 pauperes
3115 2546 3377 2602 divitibus

1814 2649 2045 2689 annonae
2092 2636 2557 2705 suppressionem,
2611 2636 2811 2690 divites
2854 2638 3188 2707 pauperibus
3233 2640 3379 2709 agri-

1813 2726 2043 2781 r-ulturxe
2083 2729 2388 2798 neglectum
2419 2727 2632 2782 crimini
2680 2728 2903 2783 dabant.
2940 2729 3058 2795 Qua
3102 2729 3175 2783 de
3200 2745 3373 2784 causa

1814 2817 2046 2887 Spurius
2097 2819 2288 2873 Melius
2331 2834 2522 2889 eques,
2556 2819 2719 2873 homo
2758 2819 2930 2883 dives,
2983 2828 3292 2888 coemptum
3341 2836 3373 2874 a

1814 2909 2061 2964 ﬁnitimis
2098 2908 2461 2974 frumentum,
2511 2911 2634 2966 aliis
2681 2910 2909 2965 minoris
2952 2910 3371 2975 vendidit,‘aliis

1811 3002 2049 3071 gratuito
2090 3000 2265 3056 dedit.
2302 3001 2487 3071 anue
2511 3017 2570 3057 re
2597 3003 2779 3057 multis
2798 3004 2900 3058 sibi
2931 3002 3255 3064 conciliatis,
3275 3018 3372 3071 spe

1813 3094 1963 3163 regni
1983 3102 2269 3163 concepta,
2289 3108 2438 3147 arma
2454 3103 2510 3149 et
2526 3095 2791 3149 satellites
2808 3087 3169 3163 comparavit.
3191 3093 3369 3162 Atque

1812 3188 1949 3239 urbe
2007 3186 2211 3255 potitus
2237 3196 2403 3249 esset,
2472 3187 2576 3241 nisi
2609 3187 2869 3242 Minatius
2921 3186 3254 3257 Augurinus,
3286 3186 3372 3239 vir

1811 3276 2096 3346 patricius,
2134 3276 2211 3332 rei
2251 3275 2623 3330 frumentaria:
2658 3276 2967 3346 prefectus,
3007 3292 3130 3331 cum
3158 3278 3228 3330 ob
3268 3290 3369 3328 an-

1810 3386 1968 3425 nona:
1997 3370 2280 3439 penuriam
2320 3378 2701 3431 accusaretur,
2742 3384 2856 3424 rem
2902 3368 2967 3421 ad
2998 3378 3247 3422 senatum
3274 3367 3371 3421 de-

1812 3461 2041 3513 tulisset.
2120 3459 2221 3524 Qui
2276 3461 2459 3513 statim
2524 3460 2587 3512 L.
2645 3459 2926 3525 Quintium
2975 3459 3361 3514 Cincinnatum

1810 3551 2130 3606 dictatorem
2166 3549 2421 3605 dixerunt
2458 3551 2636 3606 virum
2672 3563 2880 3607 exactae
2924 3554 3121 3619 aetatis,
3165 3569 3367 3607 annum

1811 3655 2061 3716 agentem
2110 3660 2270 3711 Lxxx,
2294 3655 2458 3714 atque
2503 3645 2559 3699 in
2602 3646 2753 3701 curia
2792 3657 2963 3700 totum
2996 3647 3138 3701 diem
3163 3647 3351 3701 delibo

1808 3736 2046 3790 rantium
2080 3736 2262 3805 specie
2298 3736 2701 3800 consederunt,
2731 3752 2797 3791 ne
2825 3736 2877 3788 id
2917 3738 3192 3789 decretum
3220 3736 3367 3791 foras

1804 3828 2202 3881 elintinaretur.
2226 3827 2401 3880 Noctu
2434 3828 2671 3882 dictator
2695 3827 3029 3894 Capitolium
3061 3838 3117 3881 et
3141 3829 3242 3881 alia
3271 3846 3367 3899 op-

1806 3932 2038 3985 portuna
2068 3917 2185 3971 loca
2226 3933 2323 3985 per
2355 3919 2570 3987 equites
2602 3927 2857 3987 oceupat.
2896 3918 3049 3973 Mane
3075 3918 3138 3973 C.
3170 3919 3357 3974 Servi-

1804 4000 1961 4063 lium"
1981 4009 2297 4079 magistrum
2335 4012 2584 4079 equitnm
2616 4010 2682 4064 ad
2714 4011 2932 4065 Melium
2966 4012 3153 4075 mittit,
3196 4012 3356 4079 quasi

1804 4118 1901 4172 per
1932 4102 2093 4156 aliam
2118 4118 2337 4158 causam
2382 4104 2795 4158 accersendum.
2831 4103 2987 4173 351
3031 4103 3100 4156 At
3134 4103 3223 4157 ille
3251 4103 3361 4158 Me-

1806 4195 1942 4246 lium
1968 4195 2174 4262 aliquid
2210 4195 2579 4263 suspicantem
2625 4202 2682 4247 et
2712 4194 3190 4262 tergiversantem,
3217 4196 3362 4252 veri-

1804 4293 1891 4337 tus
1921 4299 1989 4337 ne
2018 4299 2286 4337 concursu
2325 4283 2509 4352 populi
2544 4285 2871 4353 eriperetur,
2922 4284 3203 4353 interﬁcit,
3237 4288 3354 4342 sive

1800 4383 1994 4441 suopte
2030 4373 2278 4436 consilio,
2312 4373 2425 4427 sive
2454 4372 2737 4429 dictatoris
2770 4374 2953 4443 jussu.
2982 4373 3062 4430 Ob
3092 4377 3237 4446 quod
3272 4377 3353 4431 fa-

1800 4475 1946 4520 ctum
1982 4466 2351 4520 tumultuante
2395 4464 2766 4530 multitudine,
2810 4465 3062 4539 Quintius
3092 4469 3353 4522 concione

1801 4558 2006 4623 habita,
2048 4570 2103 4613 et
2127 4558 2405 4611 frumento
2448 4558 2765 4622 distributo,
2812 4567 3065 4613 accusata
3097 4559 3351 4611 multato-

1798 4667 1905 4721 que
1940 4652 2179 4714 nemine,
2218 4660 2424 4705 motum
2453 4664 2578 4705 eum
2614 4650 2845 4704 sedavit.
2885 4649 3090 4704 Deinde
3118 4649 3348 4702 Romani

1797 4744 1955 4799 bellis
2018 4744 2171 4813 petiti
2223 4758 2252 4795 a
2300 4744 2529 4796 diversis
2571 4742 2847 4811 gentibus,
2887 4750 3111 4795 catteras
3162 4742 3351 4811 paucis

1796 4834 1989 4888 diebus
2017 4833 2282 4897 vicerunt,
2319 4831 2417 4885 sed
2450 4846 2573 4909 cum
2600 4830 2895 4902 Tyrrhenis
2924 4831 3085 4902 longo
3108 4842 3350 4902 tempore

142 4921 542 4995 Θορυδηθέντος
568 4923 617 4977 δ’
648 4924 742 4976 ἐπὶ
769 4921 945 4993 τούτῳ
974 4921 1070 4976 τοῦ
1103 4923 1362 4991 πλήθους,
1391 4926 1419 4976 ὁ
1442 4926 1692 4987 Κυΐντιος

1810 4924 2165 4979 decertarunt.
2191 4922 2411 4983 Milites,
2444 4938 2568 4976 cum
2600 4923 2955 4980 Postbumius
2974 4923 3130 4978 victis
3163 4922 3351 4991 [Equis

139 5008 548 5085 δημηγορήσας,
583 5015 677 5070 καὶ
718 5016 865 5079 σῖτον
913 5014 1067 5083 σφίσι
1100 5014 1420 5083 παρασχὼν,
1478 5017 1569 5069 καὶ
1618 5018 1690 5086 μή

140 5121 262 5161 τινα
280 5107 466 5177 ἐτερον
497 5108 531 5177 ή
562 5107 819 5173 κολάσας,
851 5108 884 5179 ἢ
912 5107 1385 5176 ἐπαιτιασάμενος,
1421 5108 1511 5160 τὸν
1537 5110 1694 5180 θόρυ-

140 5191 233 5243 ϐον
257 5188 482 5247 ιπαυσε.
505 5193 766 5264 Πολέμων
788 5196 845 5248 δὲ
870 5198 982 5259 τοῖς
1025 5196 1313 5266 Ῥωμαίοις
1340 5198 1402 5247 ἐκ
1422 5196 1691 5270 διαφόρων

144 5278 308 5359 ιθνῶν
340 5283 808 5353 έπενηνεγμένων,
838 5289 964 5350 τούς
994 5289 1092 5359 μιν
1123 5289 1182 5341 ἐν
1205 5288 1416 5355 ὀλίγαις
1454 5290 1691 5361 ἡμέραις

142 5371 418 5443 ἐνίκησαν,
436 5375 549 5436 τοῖς
572 5373 629 5426 δὲ
653 5368 955 5447 Τυρσηνοῖς
978 5378 1069 5432 ἐπὶ
1093 5379 1302 5449 μακρὸν
1320 5380 1687 5451 ἐπολέμησαν.

143 5462 471 5535 Ποστουμίου
500 5464 555 5517 δέ
583 5470 937 5539 νενικηκότος
966 5473 1092 5535 τοὺς
1142 5472 1426 5537 Δίκουούς,
1463 5475 1559 5528 καὶ
1595 5494 1689 5545 με·

146 5554 309 5627 γάλην
361 5556 516 5609 πόλιν
569 5557 783 5621 ἐλόντος
829 5562 1031 5627 αὐτῶν,
1079 5564 1161 5616 ὅτι
1206 5562 1331 5633 μήτ’
1384 5565 1598 5634 ἐκείνην
1642 5567 1691 5617 οἱ

143 5648 467 5716 στρατιῶται
499 5650 579 5715 είς
629 5655 911 5726 προνομὴν
963 5657 1402 5729 ἐξεχωρήθησαν,
1464 5660 1603 5732 μήτε
1636 5676 1689 5712 τι

136 5738 232 5806 τῆς
273 5739 417 5807 λείας
470 5742 799 5815 αἰτήσαντες
848 5747 1061 5813 ἔλαϐον,
1100 5751 1192 5804 τόν
1238 5768 1297 5804 τε
1351 5753 1551 5822 ταμίαν
1598 5752 1689 5805 τὸν

128 5829 496 5906 διατιθέμενον
527 5836 696 5910 αὐτὴν
729 5839 1086 5912 περιστάντες
1123 5841 1443 5911 ἐφόνευσαν,
1474 5844 1568 5899 καί
1598 5843 1689 5898 τὸν

1800 5030 2046 5085 magnam
2070 5030 2262 5070 eorum
2296 5015 2487 5070 urbem
2514 5024 2873 5086 expugnatam
2894 5055 2909 5079 ,
2940 5030 3051 5069 non
3081 5014 3349 5083 diripien-

1799 5110 1921 5164 dam
1964 5107 2223 5173 dedisset,
2262 5123 2443 5177 neque
2483 5124 2549 5162 ex
2599 5107 2869 5162 manubiis
2896 5104 3192 5174 quidquam
3217 5119 3348 5158 con-

1796 5202 2077 5267 cessisset,
2169 5211 2497 5271 quazstorcm
2581 5201 2857 5269 primum,
2917 5194 3115 5249 deinde
3168 5195 3345 5265 ipsum

1794 5295 1956 5349 etiam
1990 5292 2369 5348 Posthumium
2394 5333 2410 5358 ,
2438 5292 2803 5361 obiurgantem
2831 5325 2846 5348 ,
2875 5297 2929 5340 et
2957 5286 3118 5340 caedis
3154 5299 3344 5343 aucto-

1794 5402 1881 5440 res
1913 5385 1979 5439 ad
2011 5384 2332 5454 supplicium
2362 5383 2743 5454 postulantem,
2774 5376 3092 5431 occiderunt
3117 5397 3131 5434 :
3161 5395 3338 5448 neque

1790 5491 1983 5531 recens
2037 5485 2254 5543 captum
2300 5475 2601 5549 duntaxat.
2648 5469 2742 5524 sed
2792 5486 3006 5524 omnem
3058 5472 3333 5539 publicum

1783 5582 1971 5637 agrum
2010 5564 2113 5619 sibi
2154 5565 2525 5635 vindicarunt.
2589 5564 2663 5620 Ac
2708 5564 2961 5618 diuturna
3009 5562 3197 5615 fuisset
3240 5562 3332 5631 illa

1786 5658 2006 5719 seditio,
2060 5656 2164 5710 nisi
2214 5656 2339 5710 belli
2385 5659 2452 5711 ab
2496 5655 2684 5729 Equis
2719 5652 3065 5721 redintegrati
3112 5660 3322 5710 terrore

1785 5749 2145 5820 quievissent.
2186 5749 2428 5805 Caadium
2473 5749 2706 5821 νωτιαῖα
2749 5742 2935 5813 paucis
2979 5758 3318 5816 consumpta,

1788 5844 1971 5899 hostes
2000 5843 2271 5899 vicerunt.
2303 5842 2657 5912 Quamobrem
2688 5843 2929 5905 potentes
2954 5843 3007 5890 ει
3034 5842 3311 5897 manubias
