3986 6338
144 449 237 510 60)

1324 449 1720 510 ANNMJUM
1765 449 1904 508 LIB.
1947 449 2073 510 VII.

3235 454 3340 517 610

141 562 282 624 λωνι,
340 559 504 628 εὐχὴν
544 558 703 611 τοῦτο
743 559 869 628 πρὶν
901 559 1282 628 ποιησάμενος.
1343 561 1590 613 ’Λνέθετο
1629 561 1670 612 δῖ

1791 574 1898 609 non
1930 558 1984 611 in
2017 557 2320 626 direptione
2351 559 2523 624 urbis,
2558 557 2650 613 sed
2677 567 2919 628 tempere
2947 559 3130 630 elapso
3160 575 3345 616 exeru-

140 652 225 702 καὶ
255 651 504 720 κρατῆρα
535 650 787 718 χρυσοῦν,
819 652 882 702 ἐκ
905 650 998 702 τ-,ῦ
1026 651 1136 702 τῶν
1161 652 1434 718 γυναικῶν
1476 652 1679 719 κόσμου

141 742 516 809 πεποιημένον,
550 741 666 794 ἀνθ’
687 737 748 794 οὗ
782 742 914 810 τιμὴ
945 741 1135 805 αὑταῖς
1166 743 1510 813 παραχρῆμα
1544 743 1682 811 ἐψή-

139 849 306 899 φιστο.
353 832 503 884 ’11δέ
561 827 648 902 ἦν,
705 831 766 885 τὸ
822 834 910 884 ἐπ’
965 833 1250 903 ὀχημάτων
1297 835 1464 896 αὑτὰς
1499 834 1554 895 ἐς
1585 835 1682 895 τὰς

138 923 464 992 ⁴πανηγύρεις
527 924 753 992 φοιτᾷν,
808 924 1098 994 αὐτοποδίᾳ
1156 925 1494 995 βαδιζούσαις
1551 927 1680 995 πρό-

135 1031 284 1084 τερον
343 1018 398 1076 ἐς
452 1015 642 1078 αὐτάς.
677 1015 767 1083 Τῷ
811 1015 868 1067 δέ
904 1017 1166 1086 Καμίλλῳ
1229 1019 1599 1087 προσώχθισεν
1655 1021 1684 1070 ὁ

136 1107 317 1176 δῆμος,
348 1108 440 1160 καὶ
479 1109 776 1178 ἐνεμέσησε
805 1111 866 1160 τὸ
903 1109 1022 1178 μὲν,
1077 1110 1160 1162 δτι
1197 1110 1295 1180 τὴν
1325 1111 1555 1180 δεκάτην
1575 1111 1682 1162 τῶν

137 1200 380 1268 λαφύρων
430 1199 536 1252 οὐκ
593 1202 651 1251 ἐν
707 1200 784 1268 τῷ
831 1200 1224 1271 διαρπάζεσθαι
1282 1201 1490 1265 ταῦτα,
1549 1202 1682 1254 ἀλλὰ

139 1293 318 1359 καιροῦ
372 1292 735 1361 παρελθόντος
779 1292 1011 1356 ἐξείλετο
1057 1292 1134 1363 τῷ
1183 1293 1302 1364 Θεῷ
1332 1311 1346 1324 ο
1389 1296 1451 1346 τὸ
1493 1297 1538 1348 δ’
1600 1299 1682 1347 δτι

136 1383 194 1436 τά
237 1401 294 1434 τε
347 1384 483 1437 ἄλλα
549 1384 794 1453 σοϐαρῶς
851 1385 1246 1453 ἐθριάμϐευσε,
1306 1388 1401 1440 καὶ
1470 1388 1682 1457 πρῶτος

147 1474 425 1541 Ῥωμαίων
469 1475 643 1544 λευκῷ
689 1476 972 1545 τεθρίππῳ
1015 1477 1081 1528 τὰ
1127 1477 1368 1531 ἐπινίκια
1417 1477 1679 1546 ἔπεμψεν.

147 1567 204 1618 ἸΙ
225 1567 278 1618 δέ
309 1566 414 1619 τῶν
443 1568 727 1619 ἐπινικίων
765 1566 980 1635 πομπὴ,
1022 1569 1088 1636 ἣν
1115 1569 1207 1621 καὶ
1251 1568 1517 1638 θρίαμϐον
1555 1570 1682 1622 ἐκά-

137 1659 265 1722 λουν,
299 1659 476 1711 τοιάδε
507 1675 590 1720 τις
623 1659 850 1724 ἐγίνετο.
885 1658 1011 1711 Ὀτε
1056 1677 1107 1710 τι
1151 1659 1482 1729 κατωρθώοη
1517 1661 1678 1728 μέγα,

139 1750 218 1802 καὶ
239 1750 523 1831 ἐπινικίων
546 1750 784 1814 ἐπάξιον,
816 1751 1171 1820 αὐτοκράτωρ
1196 1753 1390 1804 αὐτίκα
1425 1755 1452 1805 ὁ
1485 1770 1684 1822 στρατη

136 1842 250 1904 ηγὸς
277 1842 382 1892 ὑπὸ
411 1840 519 1891 τῶν
551 1838 896 1908 στρατιωτῶν
943 1841 1252 1911 ὠνομάζετο
1279 1885 1293 1909 ,
1335 1843 1428 1897 καὶ
1469 1844 1682 1908 κλῶνας

1783 660 1964 718 ptam:
2005 660 2119 704 tum
2154 651 2298 720 quod
2335 652 2386 704 in
2418 652 2714 720 triumpho,
2743 667 2942 722 praeter
2977 663 3171 707 caetera
3200 655 3347 707 inso-

1781 739 1984 792 lentius
2009 749 2150 800 acta,
2180 739 2445 792 candidos
2477 755 2646 808 equos
2686 742 2872 793 currui
2901 742 3194 810 iunxisset.
3221 741 3349 794 Fuit

1782 843 1963 888 autem
2015 830 2278 898 triumphi
2334 830 2641 900 huiusmodi
2679 818 2840 884 ratio.
2886 831 2963 885 lle
3003 831 3137 885 bene
3172 843 3344 902 gesta,

1780 926 2040 994 jnstaque
2102 933 2254 990 parta
2286 977 2288 980 ,
2319 921 2546 975 victoria
2571 961 2585 983 .
2636 923 2744 976 dux
2799 926 2980 977 statim
3017 940 3046 977 a
3080 924 3360 978 militibus

1781 1017 2077 1082 imperator
2110 1014 2429 1081 appellatus,
2458 1013 2634 1066 fasces
2663 1015 2936 1068 laureatos
2961 1031 3058 1084 per
3085 1031 3340 1070 cursores

1783 1109 1835 1160 in
1882 1109 2068 1160 urbem
2113 1107 2381 1160 mittebat.
2425 1105 2648 1158 Donmm
2708 1123 2997 1164 reversus.
3046 1119 3344 1162 convocato

1782 1210 1996 1263 senatu,
2020 1200 2240 1253 decerni
2271 1201 2369 1253 sibi
2402 1201 2736 1268 triumphum
2767 1201 3026 1268 petebat:
3054 1216 3118 1255 ac
3149 1201 3345 1254 suifra-

1783 1292 1886 1362 giis
1923 1308 1951 1345 a
2005 1303 2196 1345 senatu
2241 1293 2559 1360 populoque
2604 1294 2948 1360 impetratis,
3001 1293 3345 1360 imperatoris

1781 1401 2088 1455 cognomen
2140 1397 2253 1440 tum
2300 1387 2348 1438 ei
2395 1386 2841 1438 conﬁrmabatur.
2889 1387 3039 1450 Quod
3080 1386 3125 1436 si
3162 1384 3343 1436 adhuc

1764 1479 2162 1547 magistratum
2209 1493 2404 1546 gerens
2443 1479 2718 1546 aliquem,
2775 1473 3011 1535 vicerat,
3067 1490 3132 1527 eo
3175 1475 3339 1526 etiam

1787 1571 1841 1624 in
1875 1571 2196 1625 celebritate
2224 1574 2497 1623 utebatur.
2530 1571 2622 1622 Sin
2659 1579 2874 1638 tempus
2906 1570 3145 1628 exierat,
3196 1567 3341 1620 aliud

1786 1677 1986 1714 nomen
2037 1660 2142 1713 sibi
2206 1659 2674 1714 accommodatum
2736 1657 3068 1710 assumebat.
3124 1654 3344 1707 Privato

1783 1755 1928 1807 enim
2000 1753 2338 1821 triumphare
2412 1768 2517 1804 non
2574 1749 2790 1803 licebat.
2845 1747 3184 1816 Triumphali
3245 1748 3345 1799 ha-

1786 1842 1900 1896 bitu
1981 1849 2258 1902 ornatus,
2345 1841 2573 1894 armillis
2631 1839 2901 1908 sumptis.
2987 1837 3174 1892 laurea
3258 1853 3344 1890 rc-

135 1931 318 1998 δάᾷνης
355 1931 590 1998 περιέδει
643 1933 759 1995 ταῖς
817 1933 1054 2002 ῥάόδοις,
1109 1935 1200 1986 καὶ
1253 1938 1364 1997 τοῖς
1403 1937 1670 2006 δρομοκή-

1783 1933 2038 1996 dimitus,
2068 1943 2122 1987 et
2153 1947 2362 1984 ramum
2395 1932 2586 1985 dextra
2613 1940 2837 1995 tenens,
2894 1929 3096 1998 popqu
3110 1945 3158 1981 ιιι
3208 1943 3344 1980 con~

138 2021 240 2086 ρυξι
293 2020 373 2090 (ι)
423 2023 535 2088 τοῖς
579 2021 677 2091 τὴν
711 2023 865 2092 νίκην
913 2025 1336 2092 καταγγέλλουσι
1373 2031 1437 2094 τῇ
1501 2030 1673 2094 πόλει,

135 2110 366 2178 κομίζειν
412 2110 602 2162 ἐδίδου.
668 2111 867 2164 Ἐλθὼν
917 2113 972 2165 δέ
1004 2115 1182 2167 οἴκαδε
1231 2116 1329 2185 τὴν
1387 2120 1674 2186 γερουσίαν

137 2200 456 2270 συνήθροιζε,
494 2203 588 2255 καὶ
632 2205 750 2274 ᾔτει
808 2203 1150 2273 ψηφίσασθαί
1190 2208 1239 2258 οἱ
1292 2209 1356 2261 τά
1410 2210 1668 2265 ἐπινίκια.

137 2294 227 2344 Καὶ
279 2293 327 2344 εί
385 2294 551 2361 ἐτυχε-
587 2293 765 2364 ψήφου
815 2297 964 2363 παρά
1009 2313 1065 2348 τε
1093 2296 1191 2364 τῆς
1225 2297 1420 2366 βουλῆς
1456 2301 1547 2352 καὶ
1577 2300 1670 2353 τοῦ

134 2387 326 2454 δήμου,
391 2387 705 2441 ἐϐεϐαιοῦτο
762 2387 912 2456 αὑτῷ
982 2389 1076 2441 καὶ
1129 2391 1160 2458 η
1236 2392 1519 2461 ἐπωνυμία
1577 2394 1671 2446 τοῦ

134 2478 535 2547 αὐτοκράτορος.
572 2479 676 2529 Kal
730 2480 778 2530 εί
833 2481 949 2545 μὲν,
977 2480 1033 2531 ἐν
1083 2483 1147 2549 τῇ
1189 2483 1327 2552 ἀρχῇ
1374 2479 1441 2552 ἦν
1482 2483 1581 2548 ἐτι,
1614 2488 1672 2538 ἐν

133 2563 464 2637 ᾔτυγχάνων
496 2569 734 2637 ἐνίκησε,
780 2571 954 2642 ταύτῃ
981 2572 1074 2623 καὶ
1121 2575 1506 2644 πανηγυρίζων
1553 2577 1673 2628 ἐκέ-

135 2677 298 2728 χρητο.
331 2660 394 2712 Εἰ
438 2660 483 2711 δ’
510 2663 538 2714 ὁ
587 2662 775 2731 χρόνος
817 2663 1152 2733 παρελήλυθε
1190 2667 1286 2734 τῆς
1322 2667 1511 2738 ἀρχῆς,
1543 2667 1671 2721 ἄλλο

134 2768 177 2800 τι
226 2754 535 2822 πρόσφοροι
569 2756 705 2824 αὐτῇ
736 2752 1004 2822 ἐλάμὸανε
1065 2758 1254 2826 ὄνομα.
1318 2759 1524 2833 ’ἰδιώτῃ
1563 2763 1671 2833 γάρ

135 2847 406 2912 νικητήρια
496 2845 709 2914 πέμψαι
798 2847 1086 2919 ἀπείρητο.
1176 2850 1673 2923 Ἐνσκευασάμενος

133 2933 178 2984 δὲ
207 2937 266 3004 τῇ
297 2935 574 3005 -ὲπινικίῳ
628 2941 818 3008 σκευῇ,
867 2941 959 2992 καὶ
1011 2939 1428 3010 περιϐραχιόνια
1471 2943 1669 3012 λαϐὼν,

136 3026 374 3093 στέφανόν
404 3045 462 3080 τε
483 3030 684 3100 δάςρνης
724 3031 1155 3100 ἀναδησάμενος,
1190 3036 1284 3086 καὶ
1307 3034 1512 3098 ,κλάδον
1540 3054 1673 3108 κρα-

134 3116 223 3168 τῶν
242 3122 306 3182 ,ἐν
342 3121 408 3189 τῇ
457 3119 627 3191 δεξιᾷ,
657 3121 747 3174 τὸν
792 3121 964 3191 δῆμον
1009 3124 1290 3178 συνεκάλει
1316 3141 1329 3154 ·
1379 3129 1475 3180 καὶ
1515 3128 1673 3181 ἐπαι-

133 3211 266 3274 νέσας
345 3215 467 3274 τοὺς
535 3214 1104 3284 συστρατευσαμένους
1165 3217 1311 3287 αὐτῷ
1366 3219 1670 3291 καὶκοινῇ,

134 3305 211 3354 καὶ
273 3305 381 3376 ἰδία
455 3305 641 3370 τινὰς,
718 3308 966 3377 ἐδωρεῖτο
1018 3307 1116 3378 μὲν
1162 3312 1314 3378 σφίσι
1370 3311 1664 3382 χρήματα,

136 3394 273 3464 ἐτίμα
316 3398 376 3449 δὲ
437 3397 534 3449 καὶ
598 3398 830 3467 κόσμῳ,
902 3399 1313 3471 περιϐραχιόνιά
1387 3405 1447 3455 τέ
1521 3422 1667 3469 τισι,

137 3493 209 3544 καὶ
241 3493 440 3562 δόρατα
493 3492 726 3561 ἀσίδηρα
781 3497 1028 3564 παρεῖχε,
1078 3498 1168 3548 καὶ
1196 3497 1489 3565 στεφάνους
1554 3502 1666 3562 τοῖς

144 3587 219 3651 μὲν
249 3585 505 3662 χρυσοῦς,
542 3587 654 3648 τοῖς
679 3586 734 3638 δὲ
761 3585 1033 3654 ἀργυροῦς
1079 3585 1272 3650 ἐδίδου,
1324 3585 1558 3656 τοῦνομά
1607 3606 1664 3641 τε

141 3679 342 3731 ἑκάστου
373 3681 589 3746 καὶτῆς
618 3677 894 3746 ἀριστείας
926 3678 1213 3747 φέροντας,
1246 3679 1306 3732 τὸ
1339 3680 1662 3750 ἐκτύπωμα.

137 3769 184 3822 El
205 3772 304 3842 γάρ
339 3770 552 3839 τείχους
577 3785 662 3831 τις
689 3767 898 3840 πρώτω
926 3769 1121 3840 ἐπέϐη,
1146 3770 1238 3823 καὶ
1263 3771 1471 3840 τείχους
1495 3775 1524 3825 ὁ
1551 3775 1664 3826 στέο

138 3879 277 3927 pavo;
308 3859 445 3924 εἶδος
482 3863 740 3933 ἐφέρετο’
767 3860 801 3932 ἦ
833 3861 926 3914 καὶ
967 3861 1384 3931 ἐξεπολιόρκησὲ
1438 3881 1512 3927 τι,
1573 3865 1668 3918 καὶ

136 3953 267 4005 τοῦτο
292 3955 514 4006 κάκεῖνο
540 3953 822 4005 είκόνιστο.
867 3951 1270 4019 Ἐναυκράτησὲ
1295 3968 1398 4015 τις,
1428 3955 1616 4004 ναυσὶν
1640 3956 1667 4007 6

139 4044 373 4109 στέφανος
403 4041 768 4108 ἐκεκόσμητο.
816 4039 1347 4109 Ἱπποκράτησέτις,
1369 4040 1588 4094 ἱππικόν
1613 4060 1667 4096 τι

136 4131 521 4195 ὲξετετύπωτο..
553 4129 611 4183 ’0
637 4130 692 4183 δὲ
720 4130 944 4200 πολίτην
973 4131 1093 4183 τινὰ
1124 4130 1189 4182 ἐκ
1223 4132 1422 4201 μάχης,
1475 4133 1510 4205 ἢ
1543 4134 1666 4186 ἐτέ-

140 4241 216 4290 pou
247 4223 513 4288 κινδύνου,
552 4223 585 4292 ἢ
623 4225 684 4273 ὲκ
717 4221 1030 4290 πολιορκίας
1063 4224 1276 4286 σώσας,
1328 4223 1580 4291 μέγιστόν
1608 4243 1666 4278 τε

137 4309 228 4382 εἶχε
253 4315 340 4365 τὸν
379 4313 621 4373 ἔπαινον,
654 4313 748 4373 καὶ
783 4310 1051 4380 ἐλάμϐανε
1089 4299 1351 4380 στέφανον
1389 4313 1668 4383 γινόμενον

138 4408 188 4459 ὲκ
213 4409 384 4475 δρυὸς,
419 4406 476 4470 ὃς
512 4407 647 4460 πολὺ
687 4405 902 4460 πάντων
925 4407 1016 4458 καὶ
1040 4405 1148 4458 τῶν
1172 4405 1425 4476 ἀργυρῶν
1445 4408 1537 4460 καὶ
1562 4402 1670 4460 τῶν

138 4500 327 4566 χρυτῶν
353 4501 426 4562 ὡς
458 4499 799 4568 ἐντιμότερος
834 4496 1224 4567 προτετίμητο.
1279 4499 1388 4551 Καὶ
1446 4500 1508 4551 οὐ
1547 4501 1667 4550 κατ’

1786 2024 2035 2084 vocabat.
2080 2022 2142 2076 Et
2183 2021 2449 2075 militibus
2491 2019 2746 2090 publice.
2813 2017 3138 2088 quibusdam
3177 2016 3344 2069 etiam

1781 2115 2006 2170 seorsim
2067 2113 2342 2175 laudatis,
2415 2112 2702 2182 pecuniam
2757 2111 3028 2170 donabat,
3085 2117 3141 2160 et
3183 2123 3341 2159 orna-

1780 2185 1963 2260 menta
2010 2222 2022 2258 :
2073 2204 2233 2274 353
2278 2216 2336 2257 ut
2369 2203 2646 2267 armillas,
2679 2202 2864 2255 hastas
2909 2188 3025 2254 sine
3053 2199 3234 2258 ferro,
3287 2209 3345 2250 et

1781 2310 2011 2364 coronas
2041 2297 2165 2350 aliis
2196 2310 2413 2356 aureas.
2457 2295 2580 2348 aliis
2643 2302 2949 2362 argenteas,
3001 2306 3256 2360 expresso
3290 2295 3342 2342 in

1781 2390 1847 2443 iis
1874 2389 2094 2442 nomine
2124 2397 2180 2441 et
2212 2387 2454 2440 facinore
2499 2387 2625 2438 viri.
2670 2386 2802 2439 Nam
2835 2385 2925 2453 qui
2963 2399 3177 2437 murum
3226 2384 3342 2448 pri-

1780 2491 1900 2529 mus
1927 2475 2356 2538 conscenderat,
2391 2485 2481 2528 aut
2538 2474 2819 2527 castellum
2866 2480 3202 2540 exunguarat
3231 2511 3243 2532 ,
3289 2468 3340 2521 ei

1779 2567 2008 2622 muralis
2030 2577 2084 2621 et
2114 2565 2475 2621 obsidionalis
2502 2564 2753 2619 dabatur.
2780 2563 2880 2628 Qui
2914 2563 3083 2616 classe
3112 2563 3337 2617 vicerat.

1777 2661 1896 2730 ejus
1931 2673 2130 2712 corona
2153 2659 2334 2728 specie
2375 2657 2594 2709 navium
2636 2663 2774 2709 erat.
2827 2653 2881 2706 Si
2907 2654 3114 2720 cquetri
3160 2665 3341 2722 pugna

1781 2749 2005 2812 vicerat,
2023 2749 2226 2818 aliquid
2241 2745 2632 2816 equestreeﬂin
2649 2747 2893 2816 gebatur.
2909 2745 3008 2812 Qui
3027 2763 3045 2797 ι
3058 2761 3153 2800 ero
3167 2745 3340 2799 civem

1780 2841 1833 2893 in
1853 2839 2067 2910 prmlio,
2087 2839 2396 2901 obsidione,
2431 2837 2604 2890 aliove
2635 2836 2880 2906 periculo
2904 2836 3181 2895 liberarat.
3210 2849 3338 2888 cum

1775 2947 2046 2986 summam
2069 2931 2286 2984 laudem
2303 2931 2719 2997 assequebatur,
2750 2938 2860 2981 tum
2892 2941 3152 2995 quernam
3177 2941 3336 2979 coro-

1778 3036 1901 3074 nam
1916 3019 2240 3088 accipiebat,
2253 3019 2410 3087 cujus
2429 3020 2602 3070 honos
2618 3017 2874 3070 omnibus
2891 3015 3162 3085 argenteis
3174 3024 3227 3070 et
3245 3031 3340 3068 ana

1778 3113 1886 3168 reis
1903 3111 2311 3181 praeferebatur.
2336 3110 2457 3165 Haec
2471 3109 2613 3162 dona
2632 3125 2740 3162 non
2759 3109 2961 3163 viritim
2985 3118 3218 3176 tantum,
3239 3108 3337 3162 sed

1777 3216 1833 3260 et
1858 3203 2175 3259 cohortibus
2191 3212 2245 3256 ct
2264 3203 2600 3257 exercitibus
2617 3201 2747 3255 totis
2770 3201 3170 3271 praebebantur.
3204 3203 3338 3270 Spo-

1780 3297 1976 3350 liorum
1994 3310 2183 3363 magna
2203 3309 2328 3363 pars
2345 3294 2483 3347 inter
2500 3293 2701 3347 milites
2713 3292 3161 3347 distribuebatur.
3189 3291 3334 3346 Fue-

1771 3387 2095 3446 runtetiam.
2113 3386 2207 3454 qui
2227 3387 2589 3452 totisumptus
2607 3385 2672 3436 ad
2694 3385 2912 3452 specula
2933 3385 3147 3458 publica
3166 3384 3330 3453 largis

1770 3489 1979 3534 rentur.
1995 3477 2150 3544 Quod
2165 3486 2473 3545 supererat,
2509 3476 2563 3530 in
2596 3475 2745 3536 fana.
2776 3476 2832 3530 in
2853 3476 3120 3545 porticus,
3156 3476 3328 3531 ctalia

1767 3570 1985 3640 publica
2000 3584 2163 3637 opera
2182 3568 2539 3623 conferebant
2576 3567 3052 3639 llistriumphator
3071 3570 3331 3638 peractis,

1767 3679 1989 3719 currum
2007 3661 2430 3727 conscendebat,
2454 3678 2630 3732 neque
2651 3663 2883 3727 bellicis,
2903 3678 3080 3733 neque
3096 3665 3162 3716 iis
3176 3664 3332 3717 simi-

1769 3759 1873 3812 lem
1896 3799 1910 3820 ,
1938 3771 2170 3826 quorum
2200 3756 2254 3808 in
2273 3755 2416 3808 ludis
2444 3771 2575 3809 usus
2605 3766 2706 3818 est,
2733 3756 2825 3810 sed
2853 3756 3023 3808 instar
3045 3756 3213 3810 turris
3237 3772 3330 3809 ro-

1769 3849 1951 3902 tundae
1972 3848 2303 3900 conlectum.
2328 3845 2517 3912 Neque
2544 3847 2693 3900 solus
2715 3861 2777 3899 eo
2796 3845 3097 3899 vehebatur
3127 3887 3138 3899 .
3163 3846 3256 3900 sed
3282 3847 3328 3900 si

1766 3939 1984 4000 liberos,
2006 3948 2096 3991 aut
2111 3949 2364 4006 cognatos
2379 3936 2586 4006 aliquos
2603 3936 2855 3998 habebat,
2877 3937 2956 3992 vel
2976 3953 3100 3995 sua:
3117 3941 3196 3993 vel
3216 3940 3331 3994 illo-

1768 4047 1888 4085 rum
1925 4031 2133 4100 puellas
2149 4041 2204 4085 et
2228 4031 2438 4100 puellos
2472 4032 2525 4083 in
2561 4046 2626 4084 eo
2656 4031 2979 4094 collocabat,
3006 4034 3330 4102 grandiores

1767 4119 2280 4191 cquisjugalibuset
2309 4119 2676 4174 anterioribus
2707 4101 3037 4190 imponebat.
3066 4101 3118 4176 Si
3146 4125 3330 4190 plures

1769 4227 1929 4267 erant
1951 4253 1964 4276 ,
1993 4214 2150 4282 equis
2185 4213 2563 4280 singularibus
2592 4214 2857 4266 victorem
2901 4198 3322 4269 con'litabanlur.

1770 4306 2100 4361 Czeterorum
2149 4305 2345 4358 civium
2387 4304 2670 4371 equitabat
2719 4320 2912 4369 nemo,
2955 4305 3048 4360 sed
3099 4307 3325 4362 laureati

1769 4412 1960 4452 oiiines
1993 4395 2386 4464 sequebantur.
2440 4393 2590 4449 Unus
2624 4396 2751 4450 item
2787 4397 3039 4464 publicus’
3081 4399 3328 4455 minister

1771 4489 1824 4541 in
1861 4489 1978 4556 ipso
2009 4502 2171 4538 curru
2208 4485 2528 4549 vehebatur,
2559 4503 2815 4540 coronam
2848 4505 3067 4565 auream
3095 4491 3328 4561 gemmis

138 4589 280 4659 ἄνδρα
321 4581 484 4660 μόνον
519 4589 921 4656 ἀριστεύσαντα
953 4589 1126 4674 ταῦτα
1153 4589 1372 4653 ἐδίδοτο,
1397 4589 1534 4641 ἀλλὰ
1571 4591 1661 4641 καὶ

1775 4578 2150 4644 interpolatam
2169 4592 2334 4645 supra
2360 4579 2648 4648 caputeius
2671 4589 2881 4644 tenens,
2903 4594 2952 4634 et
2975 4591 3120 4633 retro
3137 4581 3325 4634 videre

137 4675 307 4748 λόχοις,
331 4682 425 4733 καὶ
457 4679 839 4750 στρατοπέδοις
868 4678 1007 4739 ὅλοις
1052 4681 1361 4747 παρείχετο.
1415 4681 1520 4731 Καὶ
1559 4681 1666 4731 τῶν

137 4768 366 4840 λαφύρων
400 4771 571 4822 πολλὰ
603 4770 698 4839 μὲν
753 4771 862 4831 τοῖς
897 4771 1389 4838 στρατευσαμένοις
1437 4771 1672 4823 διανενέ-

143 4879 276 4928 μτιτο.
303 4864 440 4932 Ἤδη
471 4861 524 4913 δέ
553 4878 694 4922 τινες
724 4861 820 4913 καὶ
853 4861 1014 4912 παντὶ
1070 4860 1149 4929 τῷ
1204 4861 1265 4930 δή
1278 4879 1359 4931 μῳ
1404 4863 1669 4927 διέδοσαν,

140 4953 217 5004 καὶ
237 4954 512 5007 ἐδαπάνων
541 4951 618 5013 εἰς
647 4953 744 5021 τὴν
783 4952 1111 5021 πανήγυριν,
1146 4954 1241 5004 καὶ
1293 4953 1662 5021 ἐδημοσίευον.

141 5043 298 5096 Καὶεῑ
317 5061 368 5098 τι
407 5043 814 5113 περιελέλειπτο
836 5081 853 5106 ,
879 5043 957 5104 εἰς
985 5043 1165 5104 ναοὺς,
1191 5043 1269 5105 είς
1297 5043 1475 5106 στοὰς,
1508 5045 1542 5114 ἢ
1569 5045 1663 5096 καί

137 5144 178 5178 τι
195 5129 366 5199 ἕτερον
389 5131 648 5198 δημόσιον
672 5132 832 5199 ἔργον
852 5129 1156 5200 ἀνήλισκον.
1181 5127 1344 5182 Ταῦθ’
1366 5132 1392 5182 ὀ
1411 5135 1662 5200 πομπέὺς

140 5222 364 5288 ποιήσας,
389 5224 468 5283 είς
495 5222 557 5271 τὸ
595 5222 750 5290 ἅρμα
779 5224 1048 5276 ἀνέϐαινε.
1081 5222 1154 5273 Τὸ
1190 5222 1245 5274 δὲ
1271 5223 1332 5292 δὴ
1371 5224 1519 5293 ἆρμα
1543 5226 1658 5278 οὔτ’

139 5311 510 5381 ἀγωνιστηρίῳ,
542 5311 664 5363 οὔτε
709 5313 1115 5383 πολεμιστηρίῳ
1148 5307 1212 5383 ἦν
1240 5315 1494 5382 ἐμφερὲς,
1541 5315 1654 5367 ἀλλ’

139 5400 182 5462 ἐς
203 5403 394 5471 πύργου
449 5405 773 5474 περιφεροῦς
815 5406 1011 5474 τρὸπον
1079 5403 1410 5475 ἐξείργαστο.
1443 5406 1551 5457 Καὶ
1595 5409 1656 5459 οὺ

144 5492 270 5556 μόνος
293 5492 356 5566 ἦν
379 5497 434 5547 ἐν
473 5495 549 5564 τῷ
573 5496 777 5564 ἅρματι
805 5533 819 5558 ,
857 5497 969 5548 ἀλλ’
1010 5497 1073 5550 ἄν
1126 5515 1187 5566 γε
1236 5497 1326 5549 καὶ
1373 5497 1566 5558 παῖδας
1619 5500 1650 5568 ἦ

1765 4671 2000 4741 jubeus:
2054 4684 2163 4736 quo
2214 4667 2500 4730 monebat,
2543 4678 2602 4721 ut
2642 4671 2866 4739 reliquze
2932 4672 3055 4726 vitae
3102 4688 3326 4727 cursum

1771 4763 2118 4833 provideret.
2162 4775 2261 4813 nec
2288 4773 2353 4811 eo
2392 4759 2596 4811 honore
2631 4761 2806 4813 elatus
2837 4763 3165 4829 superbiret.
3216 4767 3323 4834 Ap-

1774 4872 1937 4925 pensa
1981 4867 2198 4922 quoque
2229 4861 2346 4904 erat
2379 4851 2568 4903 currui
2609 4852 2730 4905 nola
2761 4862 2815 4906 et
2848 4853 3116 4924 ﬂagellum
3142 4899 3156 4921 ,
3204 4873 3325 4926 que

1771 4945 2094 5004 innuebant,
2152 4956 2274 4995 eum
2301 4941 2350 4994 iu
2395 4951 2570 4996 tantas
2607 4944 2942 4999 calamitates
2975 4964 3132 5017 posse
3186 4931 3326 5004 inci;

1770 5040 1896 5090 dere
1919 5078 1931 5098 ,
1969 5043 2026 5086 ut
2064 5041 2157 5085 aut
2185 5031 2366 5102 ﬂagris
2403 5034 2724 5096 caederetur,
2759 5046 2852 5090 aut
2882 5038 3074 5106 capitis
3098 5040 3324 5092 damna.-

1770 5142 1940 5184 retur.
1968 5127 2101 5183 Nam
2133 5127 2226 5196 qui
2269 5128 2339 5182 ob
2373 5129 2590 5184 facinus
2625 5141 2873 5183 extremo
2915 5132 3181 5200 supplicio
3210 5133 3326 5185 alli-

1766 5222 2054 5278 cicbantur
2079 5259 2094 5285 ,
2159 5221 2313 5276 nolas
2341 5232 2553 5291 gestare
2598 5223 2845 5277 solebant
2878 5241 2888 5274 :
2926 5240 2991 5275 ne
3021 5224 3141 5292 quis
3177 5225 3317 5278 inter

1763 5314 2026 5375 cundum,
2056 5324 2309 5369 contactu
2337 5317 2552 5369 illorum
2593 5316 2808 5384 piaculo
2840 5331 2893 5370 se
2923 5318 3311 5387 obstringeret.

1767 5406 1856 5460 Sic
1889 5416 2070 5458 autem
2096 5407 2342 5460 exornati
2378 5409 2567 5460 urbem
2605 5407 3049 5476 ingrediebantur
3077 5452 3088 5472 ,
3130 5411 3321 5477 spoliis

1760 5507 1815 5551 ct
1860 5497 2098 5550 victoriae
2141 5499 2442 5569 insignibus
2487 5501 2966 5564 antecedentibus,
3018 5505 3068 5555 in
3117 5502 3322 5569 quibus

1276 5654 1472 5714 Varia!
1505 5655 1803 5717 lectiones
1850 5661 1908 5715 et
1953 5663 2135 5715 nota).

195 5771 258 5850 (ξ)
283 5775 701 5850 Δρομοιιῄρυξι.
748 5777 1081 5850 Ῑαρειίανὶἰι,
1118 5795 1223 5850 qua
1267 5795 1398 5837 voce
1439 5797 1660 5838 rursum

1782 5782 1910 5836 titur
1953 5782 2112 5844 infra,
2177 5784 2272 5838 lib.
2303 5800 2376 5850 ix,
2411 5795 2540 5839 scct.
2575 5784 2624 5841 8.
2648 5785 2778 5837 Vide
2804 5783 3016 5839 llenric.
3048 5784 3314 5840 Valesium

142 5838 193 5891 ad
221 5837 616 5912 llarpocralion.
638 5837 698 5912 Vp.
741 5847 865 5900 272.
