3986 6338
641 456 745 524 ϐίί
1880 450 2164 511 JOANNI:

2260 450 2561 511 [ON/indi
2976 507 2979 510 .
3731 443 3840 508 612

629 588 885 643 expressa
939 579 1096 628 erant
1134 571 1392 636 castella,
1439 573 1642 638 urbes,
1695 579 1907 626 montes
1933 610 1947 635 ,
1987 569 2164 623 fluvii.

2283 570 2562 635 συγγενεῖς
2601 567 2676 637 (5)
2706 583 2860 630 τινας
2892 559 3026 636 εἶχε,
3062 564 3332 619 κάκείνων
3383 565 3481 628 τὰς
3535 563 3636 634 μὲν
3672 562 3847 634 κόρας

628 667 870 735 paludes
890 707 904 730 ,
939 666 1107 720 maria
1136 708 1150 731 ,
1188 665 1426 732 denique
1462 666 1642 720 omnia
1673 680 1790 734 quze
1820 674 1974 731 capta
2001 670 2158 715 erant

2293 662 2383 712 καὶ
2410 660 2472 712 τὰ
2502 659 2704 728 ἇῤῥενα
2732 658 2800 710 τὰ
2831 655 3023 722 νεογνὰ
3076 656 3134 707 ὲν
3185 655 3334 722 αὐτῷ
3366 651 3674 715 ἀνεϐίϐαζε,
3715 651 3850 711 τοὺς

623 759 779 824 Quod
815 761 855 812 si
879 774 1076 828 pompa
1102 771 1209 811 uno
1233 758 1320 811 die
1348 759 1528 826 peragi
1563 773 1667 811 non
1701 763 1947 825 poterat,
1980 769 2164 808 secun-

2288 750 2342 802 δὲ
2370 750 2689 818 ἀδροτέροινζ
2721 748 2813 801 ἐπὶ
2834 748 2958 809 τοὺς
2998 746 3198 809 ἵππους
3222 743 3345 808 τούς
3368 761 3425 796 τε
3471 741 3694 809 ζυγίους
3748 741 3850 792 καὶ

624 847 728 900 dus
771 859 824 901 et
867 848 1062 902 tertius
1108 846 1451 901 sumebatur.
1507 846 1578 900 Iis
1633 845 1796 918 rebus
1845 843 2164 913 przemissis,

2288 841 2410 901 τοὺς
2443 840 2796 908 σειραφόρους
2822 837 3097 890 ἀνετίθετο
3116 852 3130 867 ⁸
3161 838 3209 889 εί
3232 835 3288 887 δὲ
3312 834 3525 897 πλείους
3559 828 3725 902 ἦσαν,
3751 830 3850 883 ἐπὶ

624 936 986 1005 triumphator
1013 937 1071 990 in
1096 935 1271 989 forum
1298 933 1457 1006 355
1483 934 1786 988 Romanum
1817 931 2050 994 delatus,
2077 931 2164 984 ali-

2285 932 2527 998 κελήτων
2556 930 2633 998 τῷ
2660 931 2868 997 πομπεῖ
2909 927 3344 996 παριππεύοντες
3406 927 3846 992 συνεπόμπευον.

619 1036 753 1095 quot
786 1027 1017 1095 captivis
1051 1027 1105 1080 in
1128 1041 1402 1079 carcerem
1429 1025 1551 1079 duci
1584 1022 1872 1092 occidique
1895 1021 2084 1091 jussis.
2122 1021 2164 1073 in

2278 1019 2397 1072 Τῶν
2429 1019 2476 1070 δ’
2501 1017 2674 1072 ἄλλων
2701 1017 2872 1080 οὐδεὶς
2901 1016 3113 1086 ὠχεῖτο,
3145 1014 3259 1069 ἀλλ’
3291 1013 3610 1082 ἐστεμμένοι
3659 1011 3846 1080 δάφνῃ

618 1119 944 1188 Capitolium
991 1117 1348 1172 invehebatur
1369 1135 1383 1172 :
1407 1117 1589 1186 ibique
1611 1116 1816 1184 aliquot
1835 1112 2164 1169 caeremoniis

2279 1110 2475 1172 πὰιτες
2515 1108 2780 1170 ἐϐάδιζον.
2809 1107 3039 1176 Οίκέτης
3077 1108 3260 1175 μέντοι
3308 1106 3568 1174 δημόσιος
3613 1102 3703 1156 ἑπ⁹
3743 1103 3847 1154 αὐ⁴

627 1210 896 1278 pcractis,
938 1217 992 1264 et
1024 1209 1264 1263 donariis
1299 1207 1561 1262 dedicatis
1582 1246 1598 1270 ,
1635 1223 1759 1261 cum
1791 1209 1845 1260 in
1877 1203 2164 1276 porticibus

2281 1200 2374 1254 τοῦ
2411 1202 2717 1273 παρωχεῖτο
2746 1197 2841 1251 τοῦ
2867 1198 3132 1266 ἂρματος,
3162 1197 3256 1250 τὸν
3292 1197 3554 1265 στέφανον
3603 1193 3710 1246 τῶν
3761 1192 3847 1243 λί-

621 1299 695 1353 ibi
734 1312 984 1355 comatus
1010 1309 1189 1363 esset,
1219 1300 1432 1369 vesperi
1467 1298 1617 1353 tibiis
1647 1306 1703 1351 et
1733 1296 1927 1352 ﬁstulis
1955 1305 2164 1350 antece-

2274 1294 2384 1345 θων
2435 1292 2545 1344 τῶν
2578 1291 2918 1360 χρυσοδέτων
2947 1289 3298 1358 ὑπερανέχων
3326 1288 3516 1348 αὐτοῦ,
3562 1286 3657 1338 καὶ
3683 1286 3845 1349 Ξλεγε

616 1391 872 1444 dentibus
901 1392 1123 1445 domum
1169 1391 1398 1445 redibat.
1447 1387 1526 1443 Ac
1554 1387 1864 1457 triumphus
1894 1387 2022 1442 olim
2072 1385 2164 1437 hu-

2271 1382 2406 1450 πρδς
2437 1381 2623 1444 αὐτὸν,
2679 1380 2884 1432 Ὀπίσω
2917 1379 3102 1448 βλέπε,
3138 1379 3198 1430 τδ
3233 1376 3462 1432 κατόπιν
3496 1375 3699 1445 δηλαδὴ
3742 1373 3845 1427 καὶ

611 1483 848 1551 ςιιεῖηοιίὶ
896 1483 1036 1537 fuit:
1071 1483 1166 1537 sed
1210 1481 1510 1536 seditiones
1537 1489 1593 1533 et
1624 1479 1887 1534 factiones
1931 1477 2164 1547 plurima

2274 1473 2340 1524 τὰ
2371 1471 2566 1536 ιφεξῆς
2591 1468 2895 1537 προσκόπει
2917 1466 3012 1521 τοῦ
3047 1466 3184 1536 βίον,
3215 1465 3338 1536 μηδ’
3362 1465 3467 1519 ὕπὸ
3493 1464 3600 1516 τῶν
3637 1463 3845 1530 1:196:-

577 1562 583 1568 ’
616 1570 669 1625 in
692 1574 772 1626 eis
805 1574 1150 1627 innovarunt.

2272 1576 2380 1612 των
2425 1559 2667 1627 ὲπαρθῇς
2714 1557 2811 1610 καὶ
2873 1557 3311 1627 ὑπερφρονήσεις.
3366 1556 3475 1608 Καὶ
3520 1553 3706 1606 κώδων
3759 1553 3840 1617 (6)

615 1664 918 1730 ἁπήρτητο,
948 1663 1041 1716 καὶ
1071 1661 1270 1728 piat:
1305 1661 1398 1714 τοῦ
1433 1661 1692 1729 ἅρματος,
1728 1654 2032 1712 ὶνδεικτικά
2069 1652 2160 1705 τοῦ
2200 1652 2290 1704 καὶ
2346 1652 2676 1720 δυστυχῆσαι
2710 1651 2870 1703 αὐτὸν
2915 1649 3201 1712 δύνασθαι,
3240 1647 3385 1701 ὥστε
3413 1647 3511 1700 καὶ
3573 1643 3842 1712 αἱκισθῆο

611 1754 774 1822 ναι,ἢ
823 1754 916 1804 καὶ
980 1752 1331 1820 δικαιωθῆναι
1379 1751 1578 1804 θανεῖν.
1629 1752 1764 1810 Τοὺς
1788 1752 1897 1817 γὰρ
1946 1748 2036 1798 ίπί
2083 1759 2189 1797 τινι
2232 1745 2542 1814 ἀτοπήματι
2586 1743 3079 1804 καταδικασθέντας
3139 1742 3338 1805 θανεῖν,
3401 1739 3686 1807 νενόμιστο
3731 1753 3846 1789 κω-

607 1844 956 1910 δωνιοφοριῖν,
994 1843 1078 1894 ἴνα
1113 1843 1299 1909 μηδεὶς
1339 1840 1642 1908 βαδίζουσιν
1663 1839 1844 1900 αὐτοῖς
1904 1838 2374 1906 ἐγχριμπτόμενος
2408 1836 2712 1904 μιάσματος
2770 1835 3206 1905 ἁναπίμπληταιέ
3247 1833 3404 1897 Οὕτω
3461 1828 3519 1882 δὲ
3551 1827 3844 1890 σταλέντες

607 1933 861 2003 εἰσῄεσαν
887 1934 964 1995 είς
996 1935 1092 2002 τὴν
1126 1930 1299 1995 πόλιν,
1335 1929 1545 1997 ἔχοντες
1575 1929 1967 1997 προπέμποντα
2015 1928 2164 1997 σφῶν
2201 1927 2270 1980 τὰ
2322 1927 2496 1981 σκύλα
2537 1943 2598 1980 τε
2663 1927 2758 1980 καὶ
2784 1928 2852 1980 τὰ
2902 1926 3158 1995 τρόπαια,
3201 1925 3294 1977 καὶ
3319 1923 3380 1975 ἑν
3421 1923 3595 1974 εἰκόσι
3649 1921 3718 1972 τὰ
3780 1933 3841 1972 τε

605 2025 922 2092 αἰχμάλωτα
951 2022 1186 2094 φρούρια
1221 2019 1523 2089 ἠσκημένα,
1573 2021 1756 2082 πόλεις
1781 2037 1838 2073 τε
1886 2022 1980 2074 καὶ
2024 2021 2147 2091 ὅρη,
2190 2022 2285 2074 καὶ
2342 2021 2641 2089 ποταμοὺς,
2705 2019 2922 2088 λίμνας,
2965 2017 3264 2080 θαλάσσας,
3322 2014 3392 2068 τά
3433 2028 3492 2066 τε
3537 2011 3843 2082 σύμπαντα

601 2121 698 2173 ὃσα
725 2119 1053 2172 ἑαλώκεσαν.
1086 2118 1194 2170 Καὶ
1238 2117 1285 2167 εί
1344 2116 1442 2183 μὲν
1490 2115 1590 2183 μία
1637 2116 1817 2183 ἡμέρα
1883 2111 1951 2185 ἦν
2007 2115 2308 2186 ὲξαρκοῦσα
2364 2116 2498 2184 πρδς
2555 2115 2655 2186 τὴν
2717 2115 2923 2179 τούτων
2997 2111 3256 2180 πομπήν·
3289 2111 3338 2162 εί
3383 2109 3440 2162 δὲ
3495 2109 3572 2179 μὴ
3633 2109 3729 2161 καὶ
3780 2109 3841 2162 ἂν

599 2210 823 2276 δευτέρᾳ
857 2209 1124 2280 καὶτρίτη
1149 2205 1447 2274 ἐπέμπετο.
1498 2204 1926 2274 Προδιελθόντων
1956 2205 2000 2258 δ’
2060 2206 2304 2268 ἐκείνων,
2363 2205 2535 2268 οὓτως
2571 2207 2601 2258 6
2669 2204 2921 2274 πομπεὺς
2951 2204 3029 2265 είς
3092 2200 3190 2273 τὴν
3225 2198 3519 2268 Ῥωμαίων
3547 2197 3840 2268 κομισθεὶς

598 2299 826 2369 ἀγορὰν.
859 2298 953 2350 καὶ
981 2297 1089 2350 τῶν
1111 2296 1470 2367 αἰχμαλώτων
1492 2296 1646 2357 τινας
1676 2296 1755 2358 είς
1787 2295 1848 2347 τὶι
1907 2280 2284 2366 δεσμωτήριον
2330 2296 2641 2366 ἀπαχθῆναι
2668 2297 2761 2348 καὶ
2811 2294 3192 2363 θανατωθῆναι
3241 2291 3840 2362 κελ.εύσας.ἁνηλαυιεν

603 2393 684 2456 είς
711 2391 772 2444 τδ
795 2389 1156 2451 Καπιτώλιον,
1186 2391 1277 2442 καί
1295 2406 1445 2452 τινας
1467 2390 1582 2441 ἐκεῖ
1601 2387 1817 2450 τελετὰς
1844 2387 1949 2457 πλη
1959 2387 2162 2457 ρώσας,
2204 2390 2299 2442 καὶ
2325 2387 2696 2458 προσαγαγὼν
2718 2387 3062 2458 ἀναθήματα,
3122 2387 3216 2438 καὶ
3241 2383 3390 2453 παρὰ
3414 2384 3533 2445 ταῖς
3585 2381 3704 2434 ἐκεῖ
3723 2380 3840 2434 δειο

597 2482 809 2550 πνήσας
830 2468 1032 2546 στοαῖς,
1046 2480 1180 2549 πρὸς
1198 2481 1432 2550 ἑσπέραν
1461 2480 1638 2532 οίκαδε
1661 2481 1777 2549 μετ’
1800 2480 1978 2533 αὐλῶν
1995 2481 2090 2534 καὶ
2105 2481 2382 2551 συρίγγων
2434 2483 2738 2551 ἁπήοχετο.
2773 2547 2792 2550 _
2806 2481 3039 2534 Τοιαῦτα
3058 2479 3156 2550 μὲν
3172 2473 3312 2549 ἦσαν
3333 2475 3499 2530 πάλαι
3519 2478 3586 2531 τὰ
3603 2470 3835 2547 νικητή.

599 2592 723 2646 ρια·
765 2577 820 2628 ai
849 2576 906 2628 δι
933 2577 1153 2636 στάσεις
1218 2577 1278 2627 αῖ
1309 2591 1368 2627 τε
1397 2573 1706 2629 δυναστεῖαι
1750 2574 1979 2628 πλεῖστα
2004 2577 2364 2646 ἐνεωτέρισαν
2394 2575 2484 2628 ἐπ’
2521 2576 2724 2639 αὐτοῖς.

667 2667 830 2722 Χῖαι.
863 2666 976 2721 Etsi
1000 2680 1182 2720 autem
1207 2668 1355 2736 plebs
1382 2707 1397 2730 ,
1433 2675 1492 2720 ut
1519 2668 1630 2738 jam
1669 2667 1875 2721 dictum
1899 2677 2015 2732 est,
2055 2665 2160 2722 Ca-

2333 2667 2462 2724 KB'.
2511 2669 2574 2721 El.
2606 2668 2662 2722 δὲ
2697 2668 2810 2732 καὶ,
2859 2666 2936 2728 ὡς
2967 2666 3066 2738 ἠδη
3100 2666 3401 2735 ίστόρηται.
3429 2665 3457 2716 6
3496 2662 3672 2732 δῆμος
3706 2663 3832 2732 ιμί-

598 2761 809 2815 milium
837 2759 1049 2819 oderat,
1081 2769 1258 2813 tamen
1289 2759 1360 2814 ob
1392 2759 1597 2813 bellum
1620 2756 1888 2812 Faliscum
1914 2772 2164 2813 necessa-

598 2853 680 2907 rio
701 2852 980 2906 tribunum
1004 2849 1236 2904 militum
1272 2850 1580 2921 designant.
1607 2847 1710 2914 Qui
1733 2864 1859 2904 cum
1878 2849 2064 2920 praclio
2080 2849 2162 2903 vi-

598 2943 782 3005 cisset,
804 2941 956 2994 urbis
973 2939 1164 2994 valida:
1179 2981 1196 3004 ,
1211 2939 1297 2993 cui
1326 2939 1740 2995 Faieriinumen
1759 2951 1898 3005 erat,
1924 2940 2168 2995 obsidio-

597 3049 667 3088 ne
704 3033 840 3086 nihil
867 3032 1206 3102 proficiebat.
1238 3031 1409 3099 Quam
1441 3033 1590 3088 cive‘s
1610 3032 1683 3088 ita
1712 3033 2160 3096 contemnebant,

597 3137 660 3181 ut
688 3140 878 3180 eorum
901 3125 1062 3180 liberi
1093 3141 1216 3180 cum
1239 3133 1572 3195 praeceptore
1590 3125 1742 3196 juxta
1765 3125 1964 3180 mcenia
1979 3124 2163 3179 deain-
2203 3173 2208 3178 .

600 3219 855 3272 bularent
870 3227 925 3271 et
942 3212 1372 3272 exercitationes
1386 3217 1827 3286 frequentarent.
1850 3217 2037 3285 Itaque
2055 3217 2166 3271 Ro-

597 3309 743 3363 mani
784 3324 842 3362 rc
869 3308 1063 3363 infecta
1079 3307 1371 3364 discessuri
1389 3318 1568 3371 erant.
1591 3307 1699 3362 nisi
1716 3322 1844 3362 casu
1863 3309 2059 3364 retenti
2073 3325 2164 3364 es-

598 3409 739 3455 sent.
765 3400 816 3454 is
841 3401 983 3455 enim
1009 3397 1330 3470 praeceptor,
1347 3399 1462 3454 sive
1487 3415 1555 3455 ex
1577 3399 1785 3455 oll‘ensa
1809 3399 2012 3470 aliqua.
2046 3400 2163 3455 sive

598 3491 734 3546 lucri
752 3504 845 3560 spe
857 3491 1068 3544 civibus
1085 3489 1366 3554 insidians,
1383 3490 1625 3560 quotidie
1638 3505 1835 3560 pueros
1851 3505 2019 3560 prope
2033 3506 2166 3547 mo:-

598 3582 687 3635 nia
704 3577 877 3652 prima
919 3581 1272 3654 perducebat,
1310 3597 1513 3652 eosque
1546 3585 1782 3652 peractis
1818 3583 2164 3659 exercitatio-

546 3679 556 3693 '
600 3675 760 3729 nibus
792 3674 972 3728 statim
996 3673 1311 3729 reducebat.
1339 3673 1581 3744 Denique
1617 3687 1807 3728 omnes
1830 3674 1885 3728 in
1909 3671 2167 3733 excubias

597 3761 1273 3832 Romanorum'conjcctos,
1285 3761 1356 3815 ad
1371 3761 1658 3830 Camillum
1675 3762 1798 3816 duci
1811 3764 1993 3834 jussit:
2007 3764 2168 3834 eique

597 3853 754 3912 dixit.
774 3869 872 3922 per
889 3869 986 3908 eos
1005 3869 1210 3924 pueros
1224 3870 1283 3910 se
1305 3863 1472 3910 totam
1501 3855 1577 3910 illi
1599 3855 1790 3911 urbem
1806 3857 2041 3912 tradere.
2065 3855 2168 3914 Ca-

601 3939 782 3992 millus
809 3939 862 3993 id
900 3939 1112 3997 facinus
1141 3942 1442 3998 detestatus
1465 3983 1480 4008 ,
1500 3944 1814 4014 imperatori
1833 3957 2024 4019 suapte
2055 3948 2165 4002 vir-

2267 2778 2353 2816 σει
2386 2762 2481 2814 τὸν
2531 2761 2830 2830 Κάμιλλον,
2871 2760 2988 2813 ἀλλ’
3033 2763 3061 2813 6
3095 2759 3228 2829 πρὸς
3257 2757 3556 2819 ⁴βαλίσιιους
3589 2755 3831 2826 πόλεμος

2262 2853 2537 2923 ἠνάγκασε
2558 2851 2836 2922 χιλίαρχον
2881 2851 3241 2920 ψηφισθῆναι
3264 2848 3449 2902 αὐτόν.
3492 2847 3600 2900 Καὶ
3626 2849 3828 2911 αὐτοὺς

2268 2945 2366 3014 μὲν
2398 2946 2655 3017 ἐνίκησαν
2699 2946 3089 3016 μαχεσάμενοι.
3124 2943 3578 3013 Πολιουρκοῦντες
3630 2943 3692 2995 δὲ
3731 2943 3830 2995 πό-

2262 3033 2345 3087 λιν
2371 3037 2548 3089 αύτῶν
2602 3038 2864 3108 ἐρυμνὴν,
2911 3026 3203 3104 Φαλερίους
3265 3035 3364 3105 (6')
3403 3034 3828 3105 ὠνομασμένην,

2263 3129 2416 3181 οὐδὲν
2448 3130 2630 3200 ἤνυον.
2665 3129 2820 3182 Οὕτω
2847 3131 2954 3198 γὰρ
3012 3129 3110 3195 τῆς
3149 3127 3462 3196 πολιορκίας
3487 3129 3536 3180 oi
3569 3127 3670 3196 τῆς
3728 3125 3828 3178 πό-

2265 3221 2397 3284 λεως
2430 3224 2816 3290 κατεφρόνουν,
2850 3221 2921 3284 ὡς
2953 3221 3187 3282 καὶτοὺς
3218 3221 3413 3281 παῖδας
3447 3218 3626 3272 αὐτῶν
3671 3219 3824 3288 παρὰ

2263 3313 2332 3364 τι
2352 3312 2508 3382 τείχη
2538 3315 3004 3382 περιπατήσοντας
3047 3312 3184 3382 μετὰ
3215 3311 3307 3365 τοῦ
3338 3309 3683 3374 διδασκάλου,
3729 3314 3827 3365 καὶ

2265 3405 2710 3472 γυμνασομένους
2740 3404 2948 3472 φοιτᾷν.
2983 3401 3100 3456 Κᾶν
3133 3399 3446 3472 ἀπέστησαν
3478 3401 3575 3470 τῆς
3604 3403 3826 3471 πολιορ-

2264 3496 2408 3556 κίας,
2443 3497 2492 3548 εί
2523 3497 2594 3566 μή
2625 3513 2676 3547 τι
2703 3495 3075 3564 συμϐέϐηκεν,
3096 3490 3262 3558 Οὗτος
3291 3493 3401 3564 γὰρ
3436 3493 3464 3544 6
3501 3494 3824 3556 διδασκαλος

2267 3587 2632 3640 ἐπιϐουλεύων
2665 3589 2776 3649 τοῖς
2800 3587 3065 3652 πολίταις,
3099 3587 3133 3657 ἢ
3167 3585 3237 3640 δι’
3262 3585 3432 3656 ὀργήν
3459 3601 3603 3649 τινα,
3627 3585 3662 3656 ἢ
3695 3604 3757 3639 κε
3768 3604 3828 3657 ρο

2265 3678 2386 3739 δους
2410 3678 2604 3740 ιλπίδι,
2629 3679 2839 3747 ἡμέρας
2867 3677 3105 3744 ἑκάστης
3133 3675 3302 3742 ἐξῆγε
3325 3676 3452 3737 τοὺς
3482 3678 3684 3739 παῖδας
3731 3678 3826 3729 ἐπὶ

2265 3769 2528 3838 τδιτεῖχος
2561 3768 2724 3836 ἐγγὺς
2745 3769 2805 3821 τδ
2828 3768 3063 3838 πρῶτον,
3086 3758 3423 3836 ¹καλείσεῖιιγεν
3444 3766 3542 3821 αδθ
3552 3787 3598 3830 ις
3625 3768 3824 3831 αὐτοὺς

2265 3859 2714 3930 γυμνασαμένους
2749 3859 2932 3920 εὐθύς.
2966 3859 3132 3922 Τέλος
3165 3858 3210 3911 δ’
3238 3859 3318 3921 είς
3354 3860 3481 3923 τοὺς
3539 3859 3825 3929 προφύλα-

2206 4004 2230 4027 ,
2265 3966 2367 4013 κας
2394 3949 2502 4003 τῶν
2539 3949 2822 4016 Ῥωμαίων
2881 3949 3132 4002 ἐνέϐαλεν
3182 3950 3448 4014 ἅπαντας,
3505 3948 3600 4001 καὶ
3666 3948 3824 4014 ἄγειν

601 4036 738 4093 tute,
788 4044 894 4082 non
943 4030 1120 4086 aliena
1159 4032 1510 4103 improbitate
1541 4010 1704 4097 freto,
1749 4035 1890 4090 bella
1925 4010 2160 4106 gerenda

2264 4010 2516 4093 ἐκέλευσε
2540 4010 2676 4110 πρὸς
2721 4040 2817 4093 τὸν
2846 4041 3142 4108 Κάμιλλον.
3175 4041 3286 4094 Καὶ
3321 4010 3605 4110 παραστὰς
3648 4010 3822 4109 αὐτῷ,

599 4131 721 4171 esse
749 4118 905 4171 dixit.
951 4116 1028 4172 Ac
1056 4119 1378 4189 magistrum
1409 4120 1674 4175 nudatum
1698 4162 1714 4188 ,
1750 4122 2004 4195 manibus
2039 4135 2160 4195 post

600 4217 810 4277 tergum
842 4208 1063 4279 illigatis
1086 4248 1102 4272 ,
1133 4211 1506 4278 reducendum
1541 4211 1781 4268 Falerios
1813 4216 2000 4285 pueris
2045 4227 2159 4272 tra-

603 4298 777 4354 didit:
802 4300 971 4371 virgis
995 4309 1051 4356 et
1080 4300 1308 4371 ﬂagellis
1331 4302 1495 4370 datis,
1526 4317 1586 4360 ut
1608 4307 1944 4375 proditorem
1969 4309 2160 4364 verbe-

602 4393 760 4447 ribus
791 4392 848 4446 in
871 4393 1063 4447 urbem
1100 4403 1345 4464 agerent.
1382 4394 1695 4451 Proditionc
1723 4399 1937 4468 cognita
1963 4441 1978 4464 ,
2021 4415 2158 4454 con-

602 4491 875 4546 cursuque
922 4479 1159 4532 virorum
1197 4489 1253 4534 et
1289 4482 1586 4536 mulierum
1635 4484 2056 4542 lamentantium
2105 4488 2159 4542 in

603 4567 804 4622 mmnia
850 4567 1029 4632 facto,
1061 4569 1217 4638 pueri
1257 4573 1572 4641 magistrum
1610 4575 1812 4629 nudum
1858 4578 2158 4633 adducunt.

602 4658 722 4725 Quo
749 4661 1064 4729 spectaculo
1110 4662 1346 4731 promoti
1381 4664 1612 4727 Falisci,
1645 4682 1703 4720 re
1744 4673 1980 4738 cognita,
2016 4672 2161 4725 ultro

605 4749 938 4804 deditionem
965 4751 1190 4806 Camillo
1229 4753 1515 4816 fecerunt,
1552 4771 1610 4811 se
1639 4757 1784 4813 illius
1824 4771 1930 4814 tam
1951 4761 2158 4829 jusmm

604 4839 891 4908 imperium
939 4857 1050 4895 suae
1101 4844 1337 4899 libertati
1393 4862 1708 4915 prteponere
1756 4853 2006 4919 professi.
2051 4855 2182 4925 Qui,

613 4947 738 4987 cum
772 4942 992 5003 accepta
1025 4938 1274 5005 pecunia,
1299 4939 1532 5008 dataque
1555 4959 1684 5011 pace
1711 4950 2041 5008 recessisset.
2061 4953 2161 5005 nii-

603 5029 727 5108 iitcs
756 5027 1069 5096 direptione
1103 5029 1434 5085 Faleriorum
1464 5035 1728 5102 frustrati,
1759 5041 1940 5109 populi
1972 5043 2158 5097 odium

604 5116 659 5169 ci
688 5117 1005 5185 obiecerunt
1031 5134 1050 5172 :
1089 5133 1154 5172 ac
1180 5123 1350 5190 magis
1374 5135 1528 5179 aucta
1568 5126 1790 5196 invidia,
1832 5133 2162 5202 repetunda-

609 5219 728 5257 rum
777 5216 1063 5261 accusatus
1113 5217 1237 5272 esl,
1281 5220 1342 5262 nt
1400 5214 1493 5280 qui
1541 5213 1874 5284 Tyrrhenam
1923 5221 2158 5287 praedam

2260 4133 2439 4184 πᾶσαν
2486 4127 2606 4184 είπε
2653 4131 2997 4201 παραδιδόναι
3023 4131 3119 4202 τήν
3150 4131 3301 4184 πόλιν
3332 4131 3421 4185 διὰ
3448 4132 3556 4183 τῶν
3590 4133 3820 4185 παίδων.

2273 4219 2502 4282 Ἐκεῖνος
2525 4221 2580 4272 δὲ
2602 4219 2774 4272 δεινὸν
2797 4219 2858 4271 τὸ
2891 4219 3048 4287 ἔργον
3079 4217 3450 4288 ἡγησάμενος,
3507 4220 3600 4271 καὶ
3646 4221 3820 4291 ἀρετῇ

2260 4313 2436 4382 φήσας
2469 4312 2572 4380 ίδέᾳ
2601 4311 2693 4363 τὸν
2726 4311 2898 4378 μέγαν
2932 4311 3255 4380 στρατηγὸν,
3287 4311 3403 4363 ἀλλ’
3438 4312 3537 4364 οὐκ
3566 4310 3822 4380 ἀλλοτρίᾳ

2260 4409 2427 4471 κακίᾳ
2451 4399 2754 4471 θαρροῦντα
2779 4400 2972 4470 χρῆναι
2995 4401 3327 4468 στρατεύειν.
3372 4402 3668 4468 προσέταξε
3723 4417 3820 4468 γυ-

2261 4493 2540 4562 μνωθῆναι
2571 4494 2669 4563 μὲν
2688 4496 2777 4545 τὸν
2807 4493 3141 4555 διδάσκαλον,
3171 4494 3261 4545 καὶ
3290 4493 3556 4563 δεσμῆσαι
3583 4497 3682 4556 τὰς
3708 4499 3818 4562 χεῖ-

2260 4603 2358 4655 ρας
2386 4584 2633 4649 ὄπισθεν,
2665 4587 2775 4648 τοῖς
2804 4585 2862 4637 δὲ
2897 4576 3050 4638 παισὶ
3079 4585 3307 4652 ῥάϐδους
3344 4585 3547 4650 δοῦναι,
3588 4587 3685 4639 καὶ
3715 4590 3817 4655 μά-

2261 4694 2472 4746 στιγας,
2535 4678 2622 4730 ίνα
2677 4678 2898 4740 ταύταις
2943 4679 3034 4730 τὸν
3090 4679 3356 4748 προδότην
3395 4680 3659 4748 δήσαντες
3721 4681 3815 4733 καὶ

2257 4767 2567 4832 τύπτοντες,
2626 4769 2706 4831 είς
2756 4768 2853 4836 τὴν
2902 4768 3054 4819 πόλιν
3102 4767 3387 4826 ἐλαύνωσι.
3449 4770 3570 4822 Τῶν
3629 4771 3686 4824 δι
3719 4787 3816 4823 πο·

2257 4857 2416 4910 λιτῶν
2485 4857 2610 4929 ἄρτι
2696 4857 2931 4924 γνόντων
3015 4860 3114 4927 τὴν
3196 4861 3485 4928 πρώοσέαν
3517 4899 3533 4923 ,
3615 4861 3814 4930 δρόμος

2258 4946 2325 5020 ἦν
2373 4951 2465 5003 ἐπὶ
2521 4955 2587 5006 τὰ
2643 4953 2816 5022 τείχη,
2896 4953 2989 5005 καὶ
3051 4953 3246 5024 θρῆνος
3328 4954 3537 5022 ἀνδρῶν
3604 4971 3663 5007 τε
3725 4956 3814 5007 καὶ

2259 5043 2552 5111 γυναικῶν.
2589 5045 2744 5097 Οὖτω
2767 5045 2821 5096 δὲ
2847 5044 3203 5111 διακειμένων
3234 5044 3434 5102 αὐτῶν,
3459 5045 3738 5112 προσῆγον
3764 5045 3814 5096 oi

2260 5133 2446 5196 παῖδες
2472 5135 2674 5204 γυμνὸν
2702 5133 2790 5186 τὸν
2821 5134 3152 5206 δ.δασκαλον.
3188 5131 3367 5202 Ὅπερ
3401 5134 3598 5198 ίδόντες
3625 5137 3674 5188 οί
3701 5137 3814 5187 Φα-

2258 5223 2452 5288 λίσκοι,
2486 5227 2579 5278 καὶ
2622 5225 2882 5295 μαθόντες
2923 5225 3071 5285 ὅπως
3102 5224 3338 5292 ἐγένετο,
3381 5226 3642 5295 φέροντες
3682 5229 3810 5280 ἑαυ-

607 5295 988 5364 subripuisset,
1035 5313 1137 5354 nec
1168 5302 1222 5355 in
1251 5304 1504 5358 aerarium
1540 5304 1664 5361 inde
1689 5309 1982 5378 quidquam
2011 5311 2155 5366 intu-

2261 5316 2386 5378 τοὺς
2407 5315 2678 5370 ἐθελονταὶ
2702 5315 2777 5383 τῷ
2811 5315 3067 5383 Καμίλλῳ
3110 5317 3433 5387 παρέδοσαν,
3483 5318 3583 5387 τὴν
3642 5314 3811 5388 ἧτταν

611 5388 778 5440 lis-set.
829 5385 981 5442 Unde
1028 5399 1174 5445 tanta
1219 5392 1499 5449 iracundia
1533 5399 1717 5465 populi
1760 5401 2153 5459 condemnatus

2261 5407 2543 5476 ἀγαπῆσαι
2577 5410 2679 5478 πρὸ
2729 5409 2826 5474 τῆς
2876 5385 3304 5479 ἐλευθερίαςδια
3333 5411 3429 5478 τὴν
3459 5385 3808 5481 δικαιοσύνην

610 5485 721 5535 cst,
753 5484 812 5528 ut
854 5476 1048 5544 privati
1090 5481 1269 5537 luctus
1305 5484 1483 5553 illius,
1519 5498 1735 5542 mortuo
1770 5491 1944 5546 altero
1993 5495 2104 5549 filio
2131 5535 2146 5559 ,

2257 5499 2420 5551 αὑτοῦ
2452 5502 2717 5569 λέγοντες.
2764 5501 3032 5571 Χρήματα
3067 5503 3160 5558 οἷον
3188 5502 3388 5568 λαϐὼν,
3423 5505 3544 5558 ’καὶ⁵
3590 5505 3808 5558 σπεισά-

1153 5648 1159 5652 _
1779 5583 1970 5643 Variae
1999 5585 2306 5649 lectiones
2347 5599 2407 5650 et
2438 5600 2626 5652 nota}.

682 5659 1076 5754 (Sili-€605
1097 5672 1434 5754 cumis/'5'.
1461 5675 1594 5730 Vide
1625 5679 1839 5754 Henrjc.
1881 5681 2148 5737 Valesiuni

2260 5686 2759 5754 ilarpocrationvm.

612 5727 695 5817 ad.
710 5731 918 5817 ιδιυιυιιιί
956 5727 1275 5817 [ialnas'cerii
1295 5727 1590 5817 Excerpta,‘

687 5802 759 5858 ili)
799 5802 898 5853 Καὶ
933 5805 1149 5860 κώδων.
1223 5809 1350 5864 Vide
1409 5802 1718 5890 lle..ricimi_
1750 5802 2020 5876 Valesium
2080 5825 2144 5879 ad

2254 5767 2418 5880 57gb“)
2450 5764 2796 5826 Φαλερίους.
2827 5761 3011 5817 Dionis
3046 5773 3301 5834 excerpta
3345 5766 3646 5833 Valet-iam,
3679 5780 3802 5836 pag.
