3986 6338
684 459 791 523 iii?)

1974 454 2292 517 IOANNIS
2329 455 2648 518 ZONAi'i/E
2699 513 2702 519 .

3709 426 3902 525 ’διο

683 577 788 630 bus
833 573 987 642 visis,
1021 572 1323 641 Camillus,
1363 585 1684 642 eorumque
1724 568 1947 625 casibus
1988 567 2239 638 cognitis,

2345 565 2667 632 δεδωκότες,
2703 568 2799 622 καὶ
2831 569 3042 641 ταύτης
3082 569 3571 643 ἀποχωρήσαντες)
3615 570 3742 626 καθ’
3789 571 3906 624 έδδν

682 668 893 731 statim,
926 674 987 723 ut
1029 673 1166 729 erat,
1203 663 1451 720 Sutrium
1501 668 1763 736 properat
1792 677 1806 714 :
1838 674 1902 715 ac
1934 658 2120 714 subito
2148 672 2244 728 sg-

655 772 924 825 ‘grcssus,
957 755 1146 810 urbem
1195 754 1341 809 nulla
1392 751 1657 806 munitam
1701 749 1976 811 custodia,
2031 747 2246 804 civibus

696 848 1026 903 incolumem
1053 845 1247 901 eodem
1306 841 1397 898 die
1449 841 1712 898 restituit.
1747 840 1847 896 His
1879 838 2049 894 rebus
2078 837 2245 908 gestis

685 933 1085 1005 triumphavit,
1137 945 1387 1002 magnam
1448 929 1680 1000 gloriam
1732 927 1984 998 adcplus.
2026 926 2245 981 Marcus

681 1045 814 1084 vero
843 1027 1094 1089 Manlius,
1128 1025 1220 1095 qui
1258 1022 1467 1093 primus
1486 1021 1674 1077 Gallos
1691 1019 1967 1090 Capitolio
2006 1017 2243 1089 depulit,

682 1124 827 1179 unde
861 1117 1152 1191 Capitolini
1210 1130 1412 1170 nomen
1443 1122 1527 1169 est
1571 1111 1826 1181 adeptus,
1873 1125 1985 1182 pm
2031 1109 2246 1166 caeteris

685 1214 912 1270 Camillo
949 1208 1238 1274 invidens,
1292 1221 1522 1278 regnum
1572 1203 1892 1260 aifectavit:
1942 1219 2118 1274 eaque
2173 1203 2243 1259 de

685 1320 846 1362 causa
882 1303 1040 1374 plebe
1070 1299 1177 1355 sibi
1211 1296 1492 1368 obsequiis
1523 1296 1795 1360 devincta,
1830 1297 1886 1350 in
1922 1296 2080 1366 cujus
2117 1311 2244 1366 gra-

684 1399 814 1452 tiam
868 1393 1007 1450 nibil
1040 1407 1150 1447 non
1179 1389 1438 1455 faciebat,
1499 1403 1531 1443 a
1577 1387 1817 1462 factione
1848 1401 1947 1442 sua
1979 1385 2047 1442 ad
2078 1385 2240 1457 Capi-

603 1521 605 1523 -
682 1487 873 1542 tolium
904 1481 1282 1551 occupandum
1340 1479 1522 1535 dictus
1583 1486 1687 1533 est.
1749 1478 1930 1546 Quare
1979 1475 2246 1534 Camillus

680 1583 934 1647 quartum
992 1571 1230 1628 dictator
1295 1576 1380 1623 est
1430 1567 1636 1622 dictus.
1693 1564 1896 1621 Senatu
1953 1574 2137 1620 autem
2191 1571 2248 1619 et

678 1661 1089 1735 magistratibus
1134 1657 1352 1713 caeteris
1414 1653 1710 1710 admodum
1766 1653 2161 1717 consternatis,
2191 1659 2248 1707 et

678 1756 810 1830 quid
866 1751 1135 1823 agendum
1163 1747 1331 1822 359
1389 1757 1534 1803 esset
1593 1745 2001 1811 dubitantibus,
2052 1758 2246 1800 servus

677 1847 896 1919 quidam
951 1843 1263 1916 promisit,
1330 1855 1388 1896 se
1461 1838 1831 1909 Capitolinum
1902 1836 1982 1892 eis
2056 1837 2246 1891 viven—

2347 656 2428 711 ιτι
2484 659 2600 713 ϐντι
2642 659 2721 730 τῷ
2777 660 3041 733 Καμίλλῳ
3068 661 3208 733 μετά
3244 663 3520 733 γυναικῶν
3564 665 3664 718 καὶ
3701 663 3907 717 τέκνων

2346 748 2623 821 ὑπήντων.
2659 747 2768 815 οὓς
2794 750 2923 805 ίδὼν
2960 754 2991 806 6
3020 753 3318 832 Κάμιλλος,
3367 755 3462 808 καὶ
3503 754 3576 808 τὰ
3636 753 3908 826 συμϐεϐη-

2345 839 2483 894 κότα
2512 839 2840 912 πυθόμενος,
2896 843 3096 897 αὐτίκα
3129 843 3264 916 1:96;
3288 846 3352 899 τδ
3388 844 3667 916 Σούτριον,
3719 843 3799 907 ὥς
3833 841 3907 897 εί-

2345 945 2461 1001 χεν,
2503 931 2789 1002 ἠπείγετο,
2813 934 2906 987 καὶ
2939 935 3365 1006 ἀπροσδοκήτως
3387 935 3537 1004 αὐτῷ
3559 936 3902 1007 προσϐαλὼν,

2344 1017 2654 1088 ἀφύλακτόν
2676 1037 2736 1074 τε
2766 1020 2966 1093 εὑρὼν,
3002 1022 3209 1087 ἀπαθές
3241 1023 3429 1076 κακῶν
3461 1021 3773 1093 αὑθημερδν
3794 1024 3903 1084 τοῖς

2345 1111 2598 1177 πολίταις
2636 1113 2772 1167 αὐτὸ
2829 1113 3157 1169 ἀνεσώσατο.
3229 1113 3654 1185 Ὲθριάμϐευσεν
3683 1113 3778 1168 οὖν
3816 1116 3904 1167 έπι

2346 1201 2582 1265 τούτοις,
2629 1204 2782 1273 ἄγων
2834 1206 2904 1260 τὰ
2941 1206 3213 1270 ἐπινίκια,
3265 1207 3362 1260 καὶ
3415 1206 3510 1260 tut
3553 1205 3696 1276 μέγα
3748 1205 3902 1274 δόξης

2344 1294 2532 1365 ᾔρετο.
2559 1295 2790 1365 Μάρκος
2817 1296 2876 1350 δέ
2900 1299 2930 1351 6
2954 1297 3193 1362 Μάλλιος
3219 1297 3434 1370 πρῶτος
3478 1298 3607 1361 τοὺς
3664 1297 3903 1358 Κελτοὺς

2344 1386 2424 1457 τῷ
2457 1387 2794 1460 Καπιτωλίῳ
2823 1387 3235 1457 προσϐαλόντας
3267 1391 3333 1443 έκ
3359 1389 3458 1460 τῆς
3479 1389 3657 1459 ἀκρας
3683 1387 3904 1457 ὠσάμε-

2345 1494 2453 1542 νος,
2490 1468 2625 1533 ὅθεν
2646 1479 2742 1534 καὶ
2763 1480 3147 1544 Καπιτωλῖνος
3169 1481 3631 1554 προσωνομάσθη,
3694 1481 3901 1550 ιρθονῶν

2344 1569 2424 1641 τῷ
2452 1571 2720 1643 Καμίλλῳ
2755 1571 2957 1644 μᾶλλον
2989 1572 3099 1626 τῶν
3127 1572 3322 1639 ἄλλων,
3345 1573 3618 1644 τυραννίδι
3652 1572 3898 1628 έπέθετο.

2346 1663 2456 1717 Καὶ
2479 1663 2568 1717 διὰ.
2597 1663 2757 1718 τοῦτο
2788 1665 3052 1737 ᾠκειοῦτο
3068 1666 3159 1720 τὸν
3190 1666 3381 1735 ὅμιλον
3415 1665 3793 1737 δημαγωγῶν,
3815 1668 3899 1718 καὶ

2345 1755 2521 1810 πάντα
2573 1757 2828 1828 πράττων
2868 1762 2949 1823 είς
2982 1759 3281 1829 θεραπείαν
3341 1756 3533 1813 αὑτοῦ.
3584 1757 3898 1828 Παραλαεὸν

2345 1844 2437 1902 οὖν
2469 1848 2632 1903 αὐτὸν
2654 1849 2714 1903 τὸ
2736 1849 2940 1920 πλῆθος
2973 1853 3252 1922 ἀνήγαγεν
3293 1855 3374 1917 είς
3416 1851 3478 1906 τδ
3530 1851 3894 1914 Καπιτώλιον,

679 1952 785 1994 tem
819 1927 1165 1992 traditurum.
1203 1930 1566 2001 Aceeptisque
1600 1928 1846 1995 armatis,
1873 1937 1929 1984 et
1975 1927 2115 1982 clam
2146 1941 2239 1997 per

2349 1940 2442 1993 καὶ
2464 1941 2733 2011 κατέσχον
2757 1941 2910 1997 αὑτό.
2942 1930 3044 1996 ῚΔιὺ
3087 1946 3180 1997 καὶ
3220 1943 3490 2015 δικτάτωρ
3537 1943 3598 1998 τὸ
3645 1944 3897 2015 τέταρτον

679 2027 908 2083 insidias
941 2023 1044 2092 sub
1070 2020 1342 2092 Capitolio
1370 2018 1683 2084 collocatis,
1717 2017 2010 2087 transfugas
2054 2015 2238 2086 specie

682 2136 740 2175 se
768 2119 833 2172 ad
891 2118 1042 2171 illum
1094 2113 1306 2170 confert
1340 2129 1354 2167 :
1407 2112 1633 2183 ejusque
1667 2111 1810 2165 facto
1840 2108 2170 2173 collaudato,
2207 2123 2238 2163 a

677 2210 957 2266 conservis
985 2207 1100 2263 suis
1140 2205 1339 2261 auxilia
1364 2203 1674 2274 pollicetur.
1706 2201 1837 2268 Quae
1861 2216 1987 2256 cum
2011 2201 2236 2268 diceret,

679 2302 858 2356 virum
891 2299 1055 2370 paulo
1095 2297 1312 2366 longius
1347 2309 1379 2349 a
1415 2291 1924 2358 circumstantibus,
1964 2300 2025 2346 ut
2050 2290 2237 2345 arcani

679 2387 886 2458 aliquid
913 2386 1184 2446 dict-atus,
1211 2382 1266 2437 in
1298 2394 1425 2437 eum
1455 2377 1708 2449 Capitolii
1733 2379 1936 2444 locum,
1959 2392 2069 2449 quo
2087 2375 2239 2433 'insi-

681 2480 786 2535 dia:
830 2477 1105 2533 collocatae
1143 2480 1324 2538 erant,
1371 2468 1719 2540 perductum,
1775 2467 2101 2539 ιιι-πάρεισι.
2160 2465 2239 2520 ita

683 2563 877 2641 captus
905 2568 960 2622 in
993 2561 1308 2636 praetorium
1348 2559 1681 2616 abducitur:
1719 2559 1814 2613 ubi
1842 2573 1966 2612 cum
2001 2572 2089 2612 res
2111 2569 2239 2613 suas

652 2671 860 2733 -geslas
896 2660 1374 2715 commemoraret,
1427 2661 1485 2706 et
1542 2648 1814 2719 Capitolio
1855 2647 2136 2717 iudicibus
2172 2661 2240 2703 ac

675 2746 1054 2810 circumstanti
1085 2758 1302 2800 coronas
1338 2743 1428 2812 (ex
1474 2755 1542 2796 eo
1575 2742 1723 2796 enim
1760 2740 1883 2795 loco
1919 2739 2106 2797 videri
2143 2752 2240 2808 po-

682 2846 840 2912 terat)
869 2838 1112 2903 ostenso,
1149 2847 1211 2891 ut
1246 2843 1303 2891 et
1334 2847 1538 2899 arcem,
1571 2841 1627 2887 et
1657 2846 1754 2886 eos
1784 2832 1878 2900 qui
1919 2830 2050 2884 illuc
2101 2844 2238 2883 con-

681 2939 963 3008 fugerant,
989 2931 1387 2992 conservasset,
1441 2928 1492 2979 in
1541 2923 1857 2978 memoriam
1912 2930 2235 2977 revocaret:

675 3029 911 3098 judiccs,
943 3021 1296 3077 miseratione
1340 3017 1586 3081 adducti,
1630 3026 1757 3070 eum
1793 3027 1973 3084 neque
2016 3012 2240 3066 absolu-

683 3133 817 3180 tum,
871 3128 1045 3183 neque
1091 3109 1406 3164 damnatum
1456 3104 1809 3175 ampliarunt.
1843 3104 1922 3158 Eo
1974 3101 2238 3159 Camillus

682 3202 1153 3276 cognito,judices
1179 3201 1237 3254 in
1265 3199 1432 3252 alium
1461 3197 1645 3252 iocum
1670 3195 1933 3261 traduxit,
1969 3195 2114 3251 unde
2135 3193 2234 3249 Ca-

2341 2028 2512 2100 ᾑρέθη
2539 2033 2568 2085 6
2599 2032 2898 2102 Κάμιλλος.
2926 2035 3050 2088 Τῶν
3087 2034 3146 2089 δδ
3168 2036 3268 2105 τῆς
3294 2035 3592 2108 γερουσίας
3643 2036 3739 2089 καὶ
3796 2035 3896 2088 τῶν

2339 2123 2397 2174 έν
2417 2122 2560 2175 τέλει
2580 2125 2637 2186 ίις
2667 2125 2812 2193 μέγα
2835 2125 2954 2189 δέος
2985 2127 3454 2194 ἐμπεπτωκότων,
3492 2127 3586 2179 καὶ
3638 2124 3897 2196 ἀπορούνο

2341 2228 2451 2266 των
2471 2212 2524 2265 τί
2554 2212 2620 2266 ἂν
2658 2213 2952 2284 πράξαιεν,
2986 2214 3174 2281 δοῦλός
3207 2232 3292 2281 τις
3317 2217 3506 2281 αὐτοῖς
3562 2217 3893 2289 προσελθὼν,

2339 2298 2516 2363 ζῶντα
2543 2300 2635 2353 τὸν
2661 2301 3036 2357 Καπιτωλῖνον
3062 2303 3216 2374 σφίσι
3241 2303 3589 2374 παραδώσειν
3607 2305 3892 2375 ὑπέσχετο.

2344 2390 2544 2444 Λαϐὼν
2567 2390 2660 2444 οὖν
2690 2393 2935 2459 ὁπλίτας,
2963 2394 3062 2449 καὶ
3090 2395 3263 2462 τάξας
3289 2395 3490 2459 αὐτοὺς
3522 2397 3746 2466 ἀφανῶς
3798 2399 3896 2449 ἐνε-

2337 2480 2549 2551 δρεύειν
2573 2482 2678 2536 ὑπὸ
2714 2483 2774 2536 τὸ
2803 2485 3168 2552 Καπιτώλιον,
3192 2485 3269 2550 ὡς
3293 2486 3589 2555 αὐτόμολος
3615 2487 3698 2555 τῷ
3726 2488 3896 2542 Καπι-

2337 2573 2547 2645 τωλίνῳ
2571 2579 3044 2648 προσκεχωρήκει,
3084 2577 3361 2648 έπῄνειτε
3412 2578 3575 2631 αὑτὸν
3627 2566 3733 2649 τῆς
3784 2580 3892 2632 im-

2338 2666 2662 2736 χειρήσεως,
2698 2668 2796 2724 καὶ
2822 2666 3077 2737 βοήθειαν
3108 2668 3262 2740 παρά
3284 2668 3394 2721 τῶν
3421 2668 3733 2739 ὁμοδούλων
3755 2669 3893 2737 αὖτῷ

2342 2755 2735 2823 ἐπηγγέλλετο.
2770 2756 2881 2810 Καὶ
2904 2757 3079 2812 ταῦτά
3108 2759 3157 2812 oi
3200 2759 3604 2831 διαλεγόμενος,
3644 2763 3891 2833 ἀπήγαγε

2339 2844 2432 2898 τὸν
2462 2847 2634 2915 ἄνδρα
2661 2849 2851 2920 πόρρω
2880 2850 2990 2903 τῶν
3010 2853 3470 2923 περιεστηκότων,
3491 2853 3571 2916 ὡς
3594 2854 3657 2925 δή
3700 2871 3755 2906 τι
3791 2858 3890 2905 κοι-

2341 2935 2729 3007 νολογούμενος
2759 2939 2907 3009 αὐτῷ
2943 2939 3354 3008 ίδιαίτατα,.κα“ι
3372 2944 3557 3014 ἡρέμα
3581 2946 3889 2997 κατ’έκείνο

2339 3028 2434 3080 τοῦ
2468 3030 2820 3084 Καπιτωλίου
2849 3031 3101 3110 προσῄει,
3143 3031 3268 3087 καθ’
3303 3033 3332 3087 δ
3387 3035 3421 3105 ἡ
3454 3034 3643 3105 ένέδρα
3669 3035 3892 3107 έλελόχιο

2343 3135 2459 3179 στο,
2488 3120 2744 3175 κάκεῖθεν
2774 3122 2938 3174 αὐτὸν
2970 3121 3122 3176 κ’ἀτω
3149 3123 3431 3192 ἀπώσατο,
3453 3125 3511 3190 ὃς
3551 3127 3650 3182 καὶ
3678 3127 3891 3199 ληφθείς

2339 3211 2744 3284 ἀποκεκόμιστο
2801 3216 2939 3287 πρὸς
2973 3217 3032 3269 τὸ
3063 3215 3439 3288 δικαστήριον.
3485 3217 3543 3271 '0
3593 3217 3654 3271 δὲ
3698 3220 3799 3288 τὰς
3839 3234 3890 3269 τε

682 3299 931 3371 pitolium
964 3292 1206 3363 conspici
1256 3306 1366 3347 non
1405 3299 1639 3361 poterat.
1679 3288 1783 3345 Ubi
1817 3289 2236 3354 condemnatus,

2343 3279 2620 3373 ἀριστείας
2651 3279 2939 3376 κατέλεγε,
2973 3306 3067 3361 καὶ
3099 3307 3159 3360 τὸ
3188 3279 3541 3361 Καπιτώλιον
3568 3310 3686 3372 τοίς
3737 3279 3797 3361 τὲ
3821 3308 3891 3360 δι-

681 3401 729 3448 τι
767 3391 821 3444 in
844 3384 1177 3456 Capitolium
1205 3383 1529 3455 perductus,
1572 3381 1641 3436 de
1669 3393 1804 3450 rupe
1837 3379 2070 3450 Tarpeia
2098 3395 2238 3449 prac-

683 3480 962 3548 cipitatur,
1017 3475 1162 3531 unde
1219 3473 1405 3530 Gallos
1450 3473 1567 3543 ipse
1625 3471 1963 3542 proﬂigarat.
2026 3468 2235 3525 Deinde

687 3571 851 3626 multa
877 3568 1014 3624 bella
1046 3567 1241 3638 partim
1271 3565 1374 3636 ipsi
1417 3564 1559 3628 urbi,
1596 3563 1791 3634 partim
1819 3562 2080 3633 subjectis
2104 3561 2238 3617 civi-

688 3664 890 3720 tatibus
921 3661 1069 3714 iilata
1092 3698 1106 3720 .
1142 3659 1371 3713 Romani
1400 3667 1456 3712 et
1491 3671 1590 3727 per
1608 3656 1922 3718 Camillum,
1953 3665 2010 3710 et
2031 3671 2098 3710 co
2123 3656 2233 3727 jam

682 3754 836 3812 senio
884 3752 1090 3814 cincto,
1144 3765 1243 3820 per
1275 3749 1412 3804 alios
1462 3751 1645 3804 omnia
1697 3751 2085 3819 propulsarunt
2121 3766 2136 3802 :
2179 3756 2237 3804 et

683 3864 898 3905 summo
927 3848 1041 3901 otio
1071 3844 1140 3899 ab
1163 3845 1366 3899 exteris
1395 3842 1649 3927 postibus
1697 3843 1880 3911 potiti,
1915 3841 2060 3896 inter
2113 3855 2234 3896 sese

683 3945 983 3996 certarunt.
1013 3934 1148 3990 Nam
1176 3949 1300 3989 cum
1333 3933 1400 3987 bl.
1429 3934 1630 3988 Fabius
1668 3931 1952 4003 patricius,
2001 3931 2234 3987 duarum

686 4030 919 4083 ﬁliai-um
947 4034 1123 4098 pater,
1164 4036 1295 4079 natu
1323 4024 1582 4096 majorem
1621 4022 1834 4078 Licinio
1868 4022 2100 4090 Stoloni,
2135 4023 2236 4079 ho-

685 4121 816 4175 mini
854 4119 1014 4188 longe
1037 4115 1314 4172 inferioris
1345 4115 1705 4180 conditionis,
1734 4115 2005 4186 juniorem
2051 4115 2235 4185 Sulpi-

687 4212 762 4267 tio
799 4207 978 4274 Rufo,
1043 4207 1126 4260 sui
1170 4205 1274 4260 loci
1335 4205 1488 4270 viro,
1541 4203 1922 4272 despondisset
1959 4223 1974 4258 :
2015 4205 2234 4260 interim

685 4304 814 4356 dum
847 4298 1022 4354 Rufus
1050 4307 1165 4351 tum
1197 4295 1452 4350 tribunus
1493 4295 1549 4348 in
1600 4292 1718 4348 ioro
1745 4287 1994 4348 versatur
2015 4334 2030 4357 ,
2077 4309 2238 4350 soror

689 4407 908 4448 uxorem
933 4393 1052 4460 ejus
1080 4389 1292 4444 invisit.
1315 4389 1414 4444 illo
1449 4395 1779 4450 revertente,
1807 4403 1930 4442 cum
1948 4388 2120 4442 lictor
2143 4404 2236 4444 ve-

688 4486 784 4543 teri
822 4481 1054 4553 quadam
1095 4478 1495 4535 consuetudine
1525 4478 1671 4533 fores
1706 4478 1970 4547 pulsaret,
2001 4479 2067 4533 ad
2109 4493 2236 4534 eum

686 4576 972 4648 strepitum
1003 4573 1218 4640 mulier,
1263 4571 1409 4626 illius
1447 4571 1524 4626 rei
1557 4570 1798 4626 insolens
1824 4610 1839 4634 ,
1881 4573 2233 4641 expavescit:

686 4681 858 4738 eaque
883 4666 947 4719 de
973 4676 1136 4719 causa
1171 4661 1284 4717 risu
1310 4671 1367 4716 et
1403 4675 1436 4716 a
1461 4675 1651 4716 sorore
1695 4669 1752 4715 et
1785 4675 1816 4715 a
1837 4662 2049 4717 caeteris
2090 4669 2236 4730 orto,

690 4769 748 4812 ut
777 4755 988 4827 plebeia
1035 4751 1386 4816 muliercula,
1442 4752 1744 4807 deridetur.
1777 4752 1951 4818 Quam
2001 4754 2090 4808 illa
2122 4769 2236 4808 rem

673 4851 876 4918 iniquo
907 4848 1089 4912 animo
1116 4846 1320 4912 ferens,
1361 4844 1619 4899 maritum
1655 4844 1723 4900 ad
1750 4845 2018 4915 petendos
2065 4847 2242 4904 bono-

691 4955 777 4998 res
813 4938 1000 4994 incitat
1026 4954 1039 4991 :
1067 4939 1224 5007 cujus
1273 4935 1513 5006 impulsu
1537 4933 1750 5002 Stolon,
1801 4951 1860 4990 re
1892 4950 2016 4990 cum
2047 4937 2111 4991 L.
2137 4938 2238 4994 Se-

691 5030 803 5086 xtio
828 5029 912 5083 sui
945 5026 1160 5083 ordinis
1214 5025 1434 5080 homine
1469 5025 1871 5081 communicata
1897 5065 1912 5090 ,
1971 5041 2068 5096 per
2131 5029 2240 5082 vim

693 5117 1027 5173 tribunatum
1077 5125 1311 5187 uterque
1354 5113 1754 5184 expetiverunt,
1803 5117 2030 5170 confuso
2061 5118 2242 5186 reipu-

693 5201 845 5261 blicae
865 5206 1077 5270 ordine,
1109 5217 1167 5259 ut
1196 5221 1293 5275 per
1320 5217 1496 5259 annos
1524 5212 1759 5274 quatuor
1791 5205 1936 5258 nulla
1979 5215 2124 5260 esset
2148 5221 2244 5276 po-

690 5298 801 5366 puli
837 5296 1168 5358 obedientia,
1218 5297 1570 5362 patriciorum
1611 5297 1850 5354 comitiis
1897 5296 2238 5368 interruptis.

645 5377 661 5400 ’
692 5389 968 5456 Auetaque
1009 5387 1167 5442 turba
1217 5385 1306 5444 illa
1335 5397 1500 5451 esset,
1530 5387 1633 5441 nisi
1682 5389 1991 5442 nuntiatum
2028 5390 2242 5454 fuisset,

692 5481 876 5535 Callos
932 5477 1112 5531 denuo
1172 5479 1398 5533 Romam
1464 5481 1766 5534 invasuros.
1822 5480 2033 5535 Omissa
2078 5482 2242 5550 igitur

695 5570 839 5622 omni
873 5569 1014 5622 inter
1045 5583 1103 5621 se
1125 5570 1492 5634 contentione,
1521 5569 1858 5640 Camilloque
1880 5571 2040 5642 360
2065 5574 2242 5641 quin-

695 5669 807 5710 tum
838 5659 1102 5712 dictatore
1137 5657 1320 5722 dicto,
1368 5668 1556 5712 contra
1606 5658 1786 5712 hostes
1809 5669 1938 5712 sunt
1988 5662 2238 5730 proiecti.

603 5819 606 5823 ι
695 5749 796 5805 Sed
827 5758 1111 5817 antequam
1163 5743 1407 5818 prndium
1456 5751 1909 5816 ceriitnitleretur,
1968 5753 2242 5822 singulare

693 5850 970 5894 certamen
1001 5852 1082 5894 est
1125 5841 1340 5896 initmn.
1376 5839 1529 5896 Titus
1561 5836 1702 5898 enim
1746 5841 1993 5911 Manlius,
2033 5848 2116 5900 vir
2151 5863 2242 5908 ua-

2342 3392 2569 3456 κάζουσι
2599 3395 2694 3448 καὶ⁵
2721 3398 2836 3466 τοῖς
2861 3397 3227 3469 περιεστῶσιν
3283 3396 3518 3464 ἐδείκνυ,
3554 3386 3803 3453 ἄποπτον
3838 3397 3890 3450 δν

2343 3485 2570 3552 ἐκεῖθεν,
2607 3488 2702 3540 καὶ
2732 3487 2832 3559 τῆς
2863 3488 3144 3561 σωτηρίας
3188 3489 3359 3544 αὑτοῦ
3415 3505 3477 3544 τε
3529 3490 3624 3544 καὶ
3675 3491 3788 3545 τῶν
3839 3492 3888 3541 ὲ)

2343 3576 2489 3647 αὐτῷ
2535 3579 3028 3649 προσπεφευγότων
3073 3581 3310 3636 πολιτῶν
3367 3582 3802 3654 ἀνεμίμνησκεν,
3822 3581 3887 3642 ὠς

2342 3669 2594 3722 ἐντεῦθεν
2631 3671 3010 3730 κατακλᾶσθαι
3044 3672 3171 3737 τοὺς
3200 3672 3484 3739 δικαστὰς,
3534 3674 3628 3727 καὶ
3680 3673 3884 3742 ὑπερτί-

2344 3757 2530 3812 θεσθαι
2560 3759 2658 3830 τὴν
2685 3752 2888 3831 ψῆφον,
2925 3760 3055 3831 μήτ’
3082 3761 3383 3830 ,ἀφιένταςς
3424 3763 3562 3832 μήτε
3606 3761 3888 3816 καταδικά-

2344 3847 2555 3913 ζοντας.
2585 3850 2756 3904 Τοῦτο
2781 3850 2846 3922 δὴ
2872 3853 3069 3923 νοήσας
3094 3853 3122 3906 6
3156 3852 3457 3922 Κάμιλλος,
3487 3853 3570 3915 είς
3609 3853 3771 3907 ἄλλον
3810 3853 3888 3904 τό·

2345 3957 2446 3994 πον
2466 3941 2527 3994 τὸ
2550 3941 2901 4013 δικαστήριον
2927 3944 3313 4014 συνεστήσατο,
3335 3942 3455 3996 ὃθεν
3479 3943 3580 3997 οὐκ
3610 3938 3681 4017 ἦν
3708 3944 3770 3997 τδ
3786 3944 3889 3996 Ka-

2343 4028 2596 4083 πιτώλιον
2627 4030 2892 4083 ἄποπτον·
2918 4031 3016 4083 καὶ
3040 4029 3476 4100 καταψηφισθεὶς
3504 4032 3533 4085 6
3582 4030 3884 4087 Καπιτωλῖο

2343 4136 2429 4182 νος
2465 4122 2603 4186 ἐκεῖ,
2637 4120 2888 4190 ςἀπήχθη
2914 4138 2973 4174 τε
3005 4123 3086 4184 είς
3119 4121 3181 4175 τδ
3211 4120 3585 4188 Καπιτώλιον,
3617 4122 3718 4176 καὶ
3763 4123 3884 4176 κατᾶ

2343 4211 2442 4278 τῆς
2474 4211 2678 4278 πέτρας
2699 4210 2914 4274 ὠσθεὶς·
2952 4209 3232 4274 ἀπώλετο,
3292 4210 3415 4264 καθ’
3447 4206 3515 4282 ἧς
3563 4207 3774 4275 tacetve;
3807 4212 3885 4264 τιν

2346 4300 2548 4354 Κελτὺν
2575 4302 3036 4372 κατεκρήμνισεν.
3075 4297 3209 4356 Εἶτα
3239 4301 3454 4356 πολλῶν
3481 4302 3736 4373 πολέμων
3763 4303 3884 4357 κατά

2345 4407 2403 4442 τε
2431 4390 2526 4457 τῆς
2557 4389 2782 4463 Ῥώμης
2810 4390 3002 4461 αὐτῆς,
3036 4393 3132 4444 καὶ
3182 4391 3292 4445 τῶν
3331 4391 3710 4461 ὑποκειμένων
3762 4393 3880 4458 αὐτῇ

2347 4476 2557 4530 πόλεων
2585 4478 2915 4548 κινηθέντων
2936 4480 3322 4548 έπεξελθρντες
3375 4482 3491 4543 τοῖς
3539 4481 3803 4543 έναντίοις
3840 4482 3881 4532 oi

2356 4566 2639 4636 Ῥωμαῖοι,
2664 4568 2752 4621 διά
2778 4585 2840 4621 τε
2858 4568 2953 4623 τοῦ
2980 4571 3264 4641 Καμίλλου
3307 4572 3404 4627 καὶ
3437 4570 3512 4626 δι’
3562 4573 3770 4646 έτέρων
3795 4572 3880 4642 ήδη

2343 4659 2551 4712 ἐκείνου
2585 4659 3097 4730 ὑπεργηράσαντος,
3133 4691 3136 4699 ι
3169 4663 3299 4728 τούς
3341 4680 3402 4717 τε
3458 4664 3728 4735 πολέμους
3773 4678 3881 4717 κατ·

2341 4749 2609 4815 έπαυσαν,
2637 4753 2728 4804 καὶ
2757 4755 2982 4824 εἰρήνην
3029 4754 3250 4824 βαθεῖαν
3281 4755 3438 4826 [σχον
3491 4757 3629 4827 πρὸς
3662 4757 3783 4820 τοὺς
3802 4759 3879 4808 ix-

2341 4842 2459 4906 τος,
2489 4844 2627 4913 πρὸς
2657 4846 2921 4916 ἀλλήλους
2961 4848 3018 4900 δι
3045 4835 3391 4916 ἐστασίαζον.
3423 4849 3650 4920 Μάρκος
3692 4848 3794 4919 γάρ
3811 4864 3877 4907 τις

2343 4935 2540 4999 Φάϐιος
2591 4938 2946 5008 εὐπατρίδης,
2983 4937 3301 5010 θυγατέρων
3341 4940 3435 4994 δύο
3457 4943 3741 5012 τυγχάνων
3791 4955 3880 4989 παο

2343 5026 2472 5092 τὴρ,
2511 5025 2611 5092 τήν
2637 5024 2739 5093 μιν
2803 5025 3181 5098 πρεσϐυτέραν
3229 5027 3485 5097 Λικιννίῳ
3517 5029 3629 5081 τινὶ
3657 5027 3874 5081 Στόλωνι

2345 5113 2721 5182 κατηγγύησε,
2753 5114 2888 5168 πολὺ
2914 5115 3078 5169 αὑτοῦ
3103 5117 3540 5188 καταδεεστέρφο.
3559 5116 3662 5188 τήν
3688 5118 3743 5169 δὲ
3769 5130 3880 5168 νεω-

2346 5202 2508 5270 τέραν
2544 5203 2850 5276 Σουλπικίῳ
2894 5205 3112 5276 Ῥούφῳ
3136 5207 3293 5276 ἀνδρὶ
3317 5206 3564 5277 ὁμοτίμῳ
3607 5206 3875 5278 συνῴκισε.

2347 5291 2777 5364 Χιλιαρχοῦντος
2811 5292 2906 5350 οὖν
2939 5295 3035 5348 τοῦ
3069 5294 3453 5366 Ῥούφου,·καὶ
3481 5298 3634 5365 δντος
3667 5302 3729 5355 έν
3761 5300 3876 5366 610-

2317 5383 2321 5388 ‘
2347 5383 2437 5452 ρᾲ,
2466 5389 2602 5453 πρὸς
2623 5386 2722 5454 τὴν
2748 5384 2984 5454 γυναῖκα
3005 5387 3173 5440 αὐτοῦ
3199 5391 3232 5458 ἠ
3258 5388 3461 5471 ἀδελφή
3498 5391 3671 5462 αὐτῆς
3718 5406 3877 5460 παραυ

2345 5479 2587 5544 γέγονεν.
2639 5478 3002 5546 Ἀφικομένου
3025 5479 3071 5531 δ’
3095 5479 3330 5545 ἐκείνου,
3361 5482 3458 5552 τὴν
3484 5482 3652 5552 θύραν
3699 5485 3727 5537 6
3763 5483 3875 5553 ραὸο

2344 5571 2530 5641 δοῦχος
2555 5572 2696 5626 κατά
2733 5573 2792 5624 τὸ
2819 5571 2938 5634 ἔθος
2964 5575 3192 5642 ἀρχαῖον
3213 5572 3464 5644 ἔκρουσεε
3495 5575 3791 5645 Διεπτοήθη
3827 5572 3872 5624 δὲ

2348 5661 2480 5729 πρὸς
2505 5661 2596 5713 τὸν
2627 5662 2868 5728 πάταγον
2896 5663 2930 5730 ἡ
2955 5662 3091 5731 γυνὴ
3107 5660 3259 5715 οὔπω
3287 5663 3473 5715 τούτου
3499 5665 3871 5734 πεπειραμέιη.

2349 5753 2456 5801 Καὶ
2492 5753 2660 5820 γέλως
2685 5753 2779 5804 ἐπὶ
2811 5753 2984 5821 τούτῳ
3019 5756 3110 5805 καὶ
3137 5756 3286 5822 παρᾶ
3314 5753 3411 5822 τῆς
3427 5754 3658 5826 ἀδελφῆς
3672 5759 3762 5809 καὶ
3784 5753 3874 5805 τῶν

2347 5843 2625 5912 παρόντων
2657 5844 2894 5910 ἐγένετο,
2933 5846 3026 5897 καὶ
3057 5844 3135 5910 ὼς
3176 5845 3375 5906 ἰδιῶτις
3407 5845 3678 5911 ἐσκώφθη.
3733 5845 3804 5907 Τῇ
3829 5842 3874 5892 ἃ
