3986 6338
155 465 242 525 133
1332 470 1670 528 ANNALIU

1777 471 1917 528 Llli.
1961 471 2059 528 ΗΞ
2083 473 2126 529 Ι.

3229 471 3333 533 632

148 574 315 628 ἐκτῶν
349 573 602 643 λαφὺρων
637 575 1010 644 ἐδημοσίευσεν
1041 593 1052 604 ·
1103 579 1129 627 ό
1166 577 1209 629 δ’
1233 578 1414 648 ἕτερος
1463 580 1662 643 ὕπατος

1774 592 1930 637 ratus.
1954 599 2016 636 ac
2042 583 2223 649 fugere
2261 598 2271 631 :
2303 591 2427 633 ante
2465 579 2633 647 patris
2662 580 2954 634 adventum
2988 593 3180 637 manus
3203 594 3336 632 eon-

147 664 264 716 κατὰ
312 662 418 714 τῶν
470 663 762 732 Τυρσηνῶν
819 665 1170 733 στρατεύσας,
1206 667 1297 718 καὶ
1331 672 1670 736 καταστήσας

145 756 314 811 αὑτοὺς
341 753 406 805 δι’
429 754 632 821 ὀλίγου,
661 753 802 819 σῖτόν
831 771 890 806 τε
919 758 1010 807 καὶ
1039 757 1296 826 χρήματα
1338 762 1464 829 παρ’
1495 761 1669 813 αὑτῶν

145 845 434 916 εἰσπράξας,
477 845 546 898 τὰ
596 846 691 914 μὲν
741 849 850 908 τοῖς
903 850 1259 915 στρατιώταις
1315 849 1554 915 διέδωκε,
1607 851 1672 903 τὰ

140 937 496 1005 δἐίσήνεγκεν
537 939 613 999 είς
660 938 782 998 τοὺς
813 937 1136 1008 θησαυρούς.
1175 940 1586 1008 Συμϐεϐηκότος
1617 942 1671 992 δὲ

141 1027 300 1094 λοιμοῦ
341 1027 579 1097 ἰσχυροῦ,
610 1028 659 1078 εί
686 1027 946 1094 Σαμνῖται
978 1032 1069 1082 καὶ
1107 1031 1361 1083 Φάλισκοι
1405 1049 1675 1100 καταφρο-

138 1119 370 1185 νήσαντες
403 1118 513 1168 τῶν
558 1116 843 1186 Ῥωμαίων
888 1118 976 1171 διά
1033 1136 1093 1169 τε
1141 1121 1238 1191 τὴν
1271 1123 1442 1180 νότον,
1471 1126 1558 1172 καὶ
1590 1122 1673 1173 ὅτι

136 1211 240 1270 τοὺς
285 1209 520 1270 ὑπάτους
549 1209 607 1260 οὑ
647 1211 766 1261 κατ’
801 1209 1002 1279 ἀρετὴν
1033 1211 1255 1280 ᾕρηντο,
1292 1213 1364 1274 ὡς
1395 1214 1468 1281 μὴ
1519 1213 1674 1264 πολέ-

143 1316 238 1364 μων
283 1297 468 1360 ὄντων,
518 1299 912 1368 παρεκίνησαν.
973 1301 1248 1364 Μαθόντες
1311 1303 1403 1354 οὖν
1451 1305 1596 1355 τοῦθ’
1625 1305 1673 1357 οἱ

147 1387 419 1456 Ῥωμαῖοι,
488 1389 687 1458 Ἰουνίῳ
749 1391 846 1458 μὲν
907 1392 1123 1462 Βρούτῳ
1188 1393 1276 1444 τὸν
1330 1395 1670 1464 Καρουίλιον,

141 1477 331 1546 Κυίντῳ
352 1479 407 1529 δὲ
439 1480 620 1548 Φαϐίῳ
653 1482 744 1532 τὶν
776 1482 985 1552 πατέρα
1014 1484 1104 1534 τὸν
1145 1483 1393 1536 Ῥοῦλλον
1427 1486 1517 1538 τὸν
1548 1487 1670 1539 Μά-

142 1567 272 1634 ξιμον
301 1569 745 1638 ὑποστρατήγους
774 1571 827 1639 ἥ,
850 1573 1208 1639 πρεσϐευτὰς,
1242 1576 1670 1646 συνεξέπεμψαν.

148 1659 197 1708 '0
227 1659 319 1724 μὲν¹
341 1656 433 1709 οὖν
468 1660 698 1755 Epiro;
728 1660 1027 1722 Φαλίσκους
1067 1663 1302 1732 ἐνίκησε,
1339 1668 1430 1717 καὶ
1457 1668 1523 1718 τὰ
1551 1668 1671 1718 τού-

137 1765 226 1800 των
262 1753 349 1803 καὶ
395 1751 461 1801 τά
510 1751 618 1802 τῶν
658 1751 834 1804 ἄλλων
867 1752 1162 1824 Τυρσηνῶν
1192 1754 1449 1823 ὲληῖζετο.
1475 1759 1671 1822 Φάϐιος

134 1837 180 1888 δὲ
203 1839 289 1905 τῆς
327 1840 542 1909 Ῥώμης
575 1842 678 1910 πρὸ
734 1843 825 1895 τοῦ
879 1846 1079 1913 πατρὸς
1110 1843 1390 1909 ἐξελάσας,
1426 1850 1514 1900 καὶ
1548 1852 1670 1912 τους

136 1928 381 1995 Σαμνίτας
443 1930 718 1999 ληῖζεσθαι
785 1934 881 2002 τὴν
949 1937 1278 2004 Καμπανίδα
1335 1938 1666 2008 πυθόμενος,
1706 1916 1741 1968 Β

133 2018 393 2086 ima-{3:9,
425 2025 754 2090 προσκόποις
777 2025 834 2076 τὲ
867 2042 1004 2076 τισιν
1034 2027 1212 2080 αὑτῶν
1269 2029 1524 2098 ἐντυχὼν,
1578 2034 1670 2084 καὶ

1774 689 1955 727 serere
1985 687 2302 741 properans,
2340 683 2397 724 ut
2450 687 2604 724 suum
2653 682 2797 725 esset
2837 671 3028 732 decus,
3062 670 3210 723 nullo
3243 685 3332 722 or-

1773 765 1898 817 dine
1922 762 2210 832 processit;
2239 770 2292 814 et
2326 762 2377 814 in
2400 761 2671 815 confertos
2695 760 2878 814 hostes
2905 761 3179 828 delapsus,
3205 773 3330 811 cum

1772 853 2012 906 exercitu
2077 866 2250 905 cmsus
2321 860 2486 910 esset.
2547 852 2650 904 nisi
2711 867 2834 904 mox
2900 851 3327 918 supervenisset.

1774 945 1921 998 Multi
1957 945 2117 998 etiam
2157 953 2280 1011 post
2314 943 2556 1010 praelium
2593 944 2896 1011 perierunt,
2930 957 3105 1010 neque
3155 941 3332 994 medi-

1772 1051 1897 1088 cum
1946 1051 2121 1104 neque
2165 1034 2455 1104 quidquam
2509 1035 2807 1086 valetudini
2849 1032 3103 1087 curanda:
3146 1039 3329 1100 aptum

1776 1128 2036 1179 habentes
2068 1145 2080 1177 :
2113 1125 2255 1194 quod
2290 1125 2689 1194 impedimentis
2714 1125 2870 1192 longe
2899 1131 3326 1183 anteverterant,

1774 1233 1869 1285 spe
1918 1217 2159 1269 victoriae
2191 1217 2372 1268 statim
2425 1216 2824 1282 adipiscendae;
2866 1229 2930 1267 ac
2978 1214 3082 1266 nisi
3127 1223 3332 1280 patrem

1773 1311 1891 1378 ejus
1921 1309 1972 1360 in
2000 1308 2302 1375 propinquo
2333 1322 2453 1360 esse
2483 1309 2580 1359 rati
2611 1306 2880 1359 Samnites
2907 1319 3051 1358 metu
3081 1302 3334 1356 recessis-

1774 1410 1916 1461 sent,
1957 1400 2177 1452 omnino
2241 1397 2504 1465 postridie
2553 1411 2770 1465 quoquc
2833 1411 2930 1450 eos
2981 1393 3326 1449 occidiSsent.

1772 1491 1902 1557 Quin
1933 1506 2054 1545 cum
2101 1492 2156 1544 in
2208 1491 2400 1543 urbem
2443 1489 2688 1542 nuntiata
2729 1497 2934 1548 essent,
2963 1500 3154 1555 magna
3195 1482 3334 1536 indi-

1773 1584 2033 1653 gnatione
2065 1592 2202 1646 orta,
2241 1592 2296 1638 et
2328 1583 2540 1637 consuli
2575 1591 2829 1636 revocato
2860 1580 2948 1632 die
2984 1578 3148 1636 dicta,
3177 1589 3331 1643 pater
3376 1591 3384 1602 '

1773 1677 1892 1745 ejus
1915 1689 2102 1736 senex,
2141 1680 2251 1725 tum
2281 1673 2413 1734 suis,
2456 1683 2567 1726 tum
2597 1673 2862 1741 majorum
2912 1683 3132 1724 suorum
3166 1666 3331 1719 rebus

1773 1765 2029 1834 praeclare
2068 1754 2233 1832 gestis
2262 1763 2720 1825 commemoratis,
2756 1761 2926 1815 ﬁlium
2959 1760 3091 1812 nihil
3122 1757 3328 1810 illisin-

1775 1855 1997 1924 dignum
2047 1853 2314 1908 facturum
2359 1851 2653 1921 pollicitus.
2688 1862 3073 1920 acceptamque
3121 1847 3329 1903 cladem

1771 1948 1914 2000 artati
1944 1947 2239 2015 imputans,
2273 1945 2347 1997 ira
2373 1944 2558 2013 populi
2583 1943 2844 2010 mitigata,
2869 1957 2992 1995 eum
3023 1956 3089 1994 co
3145 1939 3328 2007 profe-

1773 2048 1914 2100 ctus,
1937 2037 2207 2090 Samnites
2235 2036 2408 2090 vietos
2445 2035 2639 2088 castris
2670 2035 2839 2097 exuit,
2872 2046 3029 2102 agros
3061 2031 3289 2085 vastavit
3315 2049 3326 2083 :

131 2113 316 2178 ταχέως
345 2114 767 2184 ἀποχωροῦντας
807 2119 942 2186 σφᾶς
987 2118 1339 2188 θεασάμενος,
1372 2123 1578 2182 πάντας
1608 2141 1666 2175 τε

135 2203 397 2270 πολεμίους
422 2207 539 2258 ἐκεῖ
564 2208 853 2278 τυγχάνειν
884 2211 1122 2280 ἐνόμισε,
1151 2213 1252 2264 καὶ
1284 2213 1502 2281 φεύγειν
1553 2217 1667 2265 ὲπι-

134 2309 301 2345 στευσε
329 2312 342 2325 ·
396 2298 502 2348 κάκ
530 2299 720 2351 τούτου
751 2302 995 2364 σπεύσας
1021 2303 1202 2365 αὑτοῖς
1235 2303 1528 2372 συμϐαλεῖν
1562 2305 1667 2376 πρό

129 2381 210 2433 τοῦ
238 2385 319 2436 τὶν
351 2388 561 2454 πατέρα
595 2390 758 2444 αὑτοῦ
795 2391 1108 2458 ἀφικέσθαι,
1145 2392 1211 2443 ἵν’
1246 2392 1406 2446 αὑτοῦ
1461 2393 1519 2444 τδ
1569 2409 1664 2444 κα-

128 2475 404 2546 τόρθωμα,
474 2481 608 2532 ἀλλὰ
673 2482 746 2550 μὴ
807 2483 1017 2535 ἐκείνου
1069 2485 1219 2553 δοκῇ,
1282 2484 1665 2555 προεχώρησεν

1770 2140 1824 2184 et
1857 2129 2111 2198 praedam,
2169 2142 2287 2194 qua:
2327 2141 2514 2194 magna
2557 2135 2694 2183 erat,
2745 2124 2935 2192 partim
2982 2121 3033 2198 in
3080 2120 3326 2174 a:rariu:n

1768 2194 1974 2279 retulit,
2009 2217 2204 2287 partim
2268 2216 2536 2269 militibus
2589 2215 2753 2283 333
2816 2194 3114 2266 distribuit.
3160 2209 3231 2263 Ea
3261 2208 3326 2260 de

1768 2321 1930 2360 causa
1961 2319 2082 2358 eum
2126 2304 2225 2372 ipsi
2272 2301 2436 2356 Fabio
2462 2303 2636 2355 honos
2665 2312 2746 2355 est
2773 2301 3031 2355 habitus:
3067 2309 3178 2352 tum
3222 2297 3330 2349 tilio

1767 2396 2114 2467 permissum,
2155 2405 2211 2449 ut
2263 2396 2424 2449 etiam
2465 2395 2724 2464 deinceps
2761 2409 2859 2463 pro
2892 2392 3114 2448 consule
3160 2391 3331 2458 impc-'

1768 2496 1929 2546 raret,
1960 2494 2070 2538 tum
2102 2501 2318 2554 quoque
2337 2497 2489 2552 patre
2517 2487 2693 2554 legato
2719 2495 2896 2545 utens,
2932 2485 3050 2551 qui,
3073 2481 3213 2534 nihil
3240 2493 3328 2533 se-

128 2565 452 2630 ἁσυντάκτως
475 2588 490 2601 -
547 2573 640 2622 καὶ
670 2572 980 2642 περιπεσὼν
1004 2572 1220 2642 ἀθρόοις
1247 2577 1357 2635 τοῖς
1388 2575 1665 2642 πολεμίοις

1774 2577 1972 2631 nectuti
1998 2592 2108 2630 suae
2133 2591 2385 2646 parcens,
2415 2579 2532 2645 ipsc
2553 2575 2956 2629 administravit
2982 2574 3162 2625 omnia
3200 2568 3330 2624 :sed

131 2662 336 2713 πανσυδὶ
370 2663 435 2714 ἂν
467 2664 753 2734 διεφθάρη,
810 2670 859 2717 εί
921 2667 996 2735 μὴ
1046 2667 1140 2730 νὺξ
1191 2667 1423 2735 ἐγένετο.
1477 2667 1665 2720 Πολλοὶ

1774 2668 2196 2742 dissimulanter,
2232 2679 2291 2723 ut
2316 2685 2343 2722 a
2373 2668 2482 2722 ﬁlio
2508 2679 2628 2723 acta
2658 2683 2778 2723 esse
2809 2665 3148 2722 viderentur.

128 2754 166 2805 δ’
197 2753 278 2806 οὑν
306 2760 396 2810 καὶ
433 2759 572 2825 μετὰ
641 2761 812 2813 ταῦτα
865 2761 1177 2830 τεθνήκασι,
1237 2761 1363 2831 μήτ’
1406 2761 1593 2832 ἰατροῦ
1665 2764 1791 2832 μήτ’
1820 2763 2123 2834 ἐπιτηδείου
2154 2763 2294 2827 τ.ν³;ς
2334 2763 2615 2830 παρόντος,
2645 2762 2732 2816 διὰ
2762 2761 2821 2814 τὺ
2869 2761 3000 2814 πολὺ
3075 2757 3178 2828 πρὸ
3221 2755 3330 2808 τῶν

100 2913 103 2916 _
131 2852 456 2922 σκευοφόρων
493 2855 688 2918 αὑτοὺς
716 2857 1034 2925 ἐπειχθῆναι
1084 2857 1157 2920 ὡς
1209 2858 1410 2910 αὐτίκα
1462 2859 1802 2927 νικήσοντας’
1866 2859 1953 2912 καλ
2019 2859 2230 2919 πάντως
2291 2857 2356 2910 ἂν
2383 2858 2477 2910 καὶ
2505 2858 2783 2910 ἀπώλοντο
2814 2855 2910 2925 τῆς
2941 2850 3249 2922 ὑστεραίας,
3282 2850 3330 2901 εἰ

133 2943 195 3011 μὴ
225 2947 269 2995 οἱ
304 2947 566 3014 Σαμνῖται
590 2949 680 3001 τὸν
717 2952 926 3019 πατέρα
952 2949 1116 3002 αὑτοῦ
1147 2953 1312 3018 ἐγγυς
1345 2948 1482 3002 εἶναι
1553 2953 1894 3020 νομίσαντες,
1957 2951 2167 3007 ἔδεισάν
2219 2969 2278 3005 τε
2342 2952 2437 3003 καὶ
2463 2951 2832 3020 ἀνεχώρησαν.
2894 2946 3188 3013 Πυθόμενοι
3220 2939 3328 3010 (10)

130 3036 176 3088 δέ
214 3038 355 3090 ταῦθ’
387 3041 436 3091 oi
481 3043 538 3092 ἐν
574 3039 656 3127 ,τῷ
684 3040 855 3101 ἄστει,
884 3042 1072 3104 δεινῶς
1135 3045 1561 3111 ἠγανάκτησαν·
1609 3045 1704 3097 καὶ
1747 3040 2230 3114 μεταπεμψάμενοι
2314 3049 2402 3100 τὸν
2449 3049 2670 3106 ὕπατον,
2723 3043 2962 3096 εὐθύνειν
3012 3039 3220 3110 ἤθελον.
3269 3033 3331 3088 Ὀ

131 3128 176 3179 δὲ
197 3129 362 3198 γέρων
387 3133 413 3182 ό
447 3123 636 3184 τούτου
672 3131 873 3201 πατὴρ,
901 3131 1312 3200 καταριθμήσας
1340 3133 1408 3184 τά
1439 3149 1497 3184 τε
1523 3135 1698 3185 οἰκεῖα
1741 3133 1831 3185 καὶ
1867 3135 1933 3185 τὰ
1995 3135 2102 3188 τῶν
2137 3135 2416 3203 προγόνων
2450 3134 2936 3204 άνδραγαθήματα,
2973 3130 3064 3182 καὶ
3088 3121 3330 3194 ’ὑποσχόο

134 3241 273 3290 μενος
321 3225 482 3292 μηδὲν
530 3224 704 3277 αὑτῶν
749 3224 974 3294 πράξειν
1008 3226 1223 3292 ἀνάξιον
1291 3227 1381 3278 τὸν
1451 3227 1586 3287 υἱὸν,
1643 3227 1734 3278 καὶ
1774 3227 1869 3296 τὴν
1919 3226 2106 3279 τούτου
2154 3229 2381 3299 νεότητα
2431 3227 2561 3297 πρὸς
2589 3227 2647 3279 τδ
2683 3225 2936 3294 ἀτύχημα
2988 3216 3328 3290 προϐαλόμε-

133 3333 220 3378 νος,
263 3319 354 3386 τῆς
407 3317 577 3387 ὀργῆς
617 3317 810 3379 αὐτοὺς
857 3318 1052 3370 αὐτίκα
1089 3317 1388 3388 παρέλυσε,
1451 3320 1543 3372 καί
1605 3321 1660 3371 οἱ
1704 3318 2054 3384 συνεξελθὼν,
2136 3321 2280 3392 μάχῃ
2330 3324 2454 3384 τοὺς
2528 3320 2797 3389 Σαμνίτας
2828 3305 3065 3385 ἐνίκησε,
3113 3309 3207 3364 καὶ
3265 3307 3327 3358 τὸ

133 3415 470 3484 στρατόπεδον
501 3415 679 3468 αὑτῶν
709 3408 820 3466 εἷλε
846 3429 860 3444 ·
897 3415 995 3484 τήν
1027 3433 1085 3466 τε
1135 3413 1318 3484 χώραν
1375 3415 1665 3485 ἐπόρθησε,
1711 3417 1801 3467 καὶ
1870 3416 2017 3468 λείαν
2058 3417 2258 3487 πολλὴν
2326 3418 2527 3487 ἥλασεο
2576 3417 2669 3469 καὶ
2701 3415 2767 3468 τὰ
2812 3414 2910 3482 μὲν
2934 3411 3098 3479 αὑτῆς
3128 3408 3323 3476 ἐδημο-

135 3507 295 3569 σίωσε,
327 3505 393 3558 τὰ
442 3505 496 3556 δὲ
549 3503 676 3567 τοῖς
699 3505 1056 3574 στρατιώταις
1093 3507 1400 3574 κατένειμε.
1433 3505 1531 3557 Διά
1579 3521 1660 3556 τοι
1701 3505 1874 3556 ταῦτα
1903 3507 1950 3558 οἱ
1997 3507 2255 3574 Ῥωμαῖοι
2296 3507 2498 3559 ἐκεῖνόν
2572 3524 2633 3557 τε
2701 3503 3050 3573 ἐμεγάλυνον,
3104 3495 3198 3549 καὶ
3233 3495 3324 3546 τὸν

136 3598 226 3646 υίόν
251 3599 338 3650 καὶ
371 3598 448 3659 είς
475 3596 534 3649 τὸ
563 3595 754 3649 ἔπειτα
786 3598 905 3667 ἀντὶ
929 3597 1133 3648 ὑπάτου
1163 3595 1326 3664 ἄρξαι
1388 3593 1704 3654 ἐκέλευσαν,
1745 3595 2141 3666 ὑποστρατήγῳ
2209 3599 2300 3649 καὶ
2326 3595 2446 3648 τότε
2479 3594 2554 3664 τῷ
2589 3596 2753 3664 πατρὶ
2786 3591 3085 3664 χρώμενον.
3120 3588 3226 3642 Καὶ
3253 3585 3332 3639 ὡς·

136 3695 288 3748 πάντα
322 3695 416 3766 μὲν
448 3695 608 3757 αὑτὸς
636 3693 843 3764 διῴκει,
867 3695 961 3747 καὶ
985 3693 1134 3760 διῆγε
1168 3693 1332 3764 μηδὲν
1361 3691 1457 3744 τοῦ
1522 3693 1706 3762 γήρως
1748 3694 2084 3764 φειδόμενος,
2147 3695 2209 3748 οὑ
2256 3697 2437 3765 μέντοι
2468 3693 2560 3746 καὶ
2592 3690 2804 3760 ἔνδηλος
2833 3684 2900 3760 ἦν
2931 3685 2996 3742 δι’
3027 3681 3217 3739 ἑαυτοῦ
3257 3679 3327 3734 τὰ

134 3792 412 3859 πράγματα
465 3788 741 3857 πράττων,
773 3787 907 3842 ἀλλὰ
933 3787 1031 3856 τὴν
1060 3788 1216 3852 δόξαν
1249 3787 1356 3839 τῶν
1387 3785 1560 3855 ἔργων
1596 3784 1670 3854 τῷ
1711 3788 1862 3839 παιδὶ
1894 3790 2196 3856 προσῆπτε.

190 3882 258 3935 B’.
291 3883 444 3936 Μετὰ
470 3882 527 3934 δὲ
557 3882 727 3936 ταῦτα
758 3882 1053 3952 δημάρχων
1082 3881 1241 3935 τινῶν
1266 3881 1439 3951 χρεῶν
1464 3883 1671 3932 ἀποκο-
1701 3885 1742 3939 C

135 3973 224 4040 πὴν
253 3971 720 4039 εἰσηγησαμένων,
753 3973 874 4022 ἐπεὶ
919 3972 992 4038 μὴ
1041 3973 1134 4023 καὶ
1180 3971 1329 4037 παρὰ
1363 3970 1471 4021 τῶν
1500 3969 1672 4022 δανει.⁴

136 4065 255 4115 στῶν
315 4063 453 4130 αὑτη
508 4062 728 4125 ἐδίδοτο,
764 4063 1048 4114 ἐστασίασε
1082 4064 1141 4114 τὸ
1175 4063 1418 4131 πλῆθος-ο
1468 4066 1560 4115 καὶ
1612 4065 1672 4114 οὑ

134 4156 378 4226 πρότερον
406 4154 474 4209 τὰ
519 4147 900 4224 τῆςστάσεως
955 4136 1326 4222 κατηυνάσθη,
1367 4155 1471 4216 ἓως
1516 4155 1672 4207 πολέ-

137 4265 230 4314 μιοι
258 4253 319 4318 τῇ
352 4249 501 4300 πόλει
535 4246 856 4315 ἐπήλθοσαν.
883 4242 1094 4313 Ἦρξαν
1133 4248 1187 4297 δὲ
1259 4246 1366 4297 τῶν
1425 4247 1674 4315 πολέμων

135 4339 175 4389 cl
201 4338 534 4410 ταραντῖνοι,
568 4337 911 4408 Ἰ“υρσηνοὺς,
948 4339 1038 4390 καὶ
1067 4338 1333 4403 Γαλάτας,
1363 4339 1454 4390 καὶ
1473 4337 1670 4406 Σαμνί-

136 4447 238 4493 τας,
273 4432 368 4483 καὶ
400 4430 593 4492 ἄλλους
627 4429 1178 4498 προσεταιρισάμενοι
1207 4429 1475 4490 πλείονας.
1516 4427 1674 4480 Ἀλλὰ

136 4524 244 4584 τοὺς
275 4524 372 4592 μὲν
397 4522 590 4582 ἄλλους
622 4523 671 4573 οἱ
709 4520 963 4589 Ῥωμαῖοι
995 4521 1361 4588 συμϐαλόντες
1392 4521 1671 4588 διαφόροις

141 4613 319 4682 μάχαις
355 4617 636 4682 ἐνίκησαν,
666 4615 757 4665 καὶ
783 4613 1008 4673 ὑπάτοις
1051 4613 1238 4666 ἄλλοτε
1270 4614 1469 4674 ἄλλοις.
1516 4615 1577 4664 Οἱ
1615 4613 1671 4664 δὲ

139 4705 457 4774 Ταραντῖνοι,
490 4705 664 4757 καίτοι
696 4706 850 4757 αὑτοὶ
905 4704 996 4756 τὸν
1039 4703 1270 4770 πόλεμον
1323 4703 1670 4770 παρασνευά-

140 4811 330 4859 σαντες,
385 4797 534 4863 ὅμως
585 4793 737 4848 οὔπω
787 4795 924 4864 πρὸς
978 4794 1155 4870 μρχην
1207 4793 1671 4862 άντικατέστησαν

140 4886 386 4956 φανερῶς.
417 4885 831 4955 Ναυαρχοῦντος
875 4885 932 4938 δὲ
965 4885 1194 4938 Λουκίου
1226 4884 1541 4953 Οὐαλερίου,
1582 4884 1672 4935 καὶ

140 4981 366 5049 τριήρεσι
393 4978 754 5047 προσορμίσαι
790 4976 1140 5046 βουληθέντος
1169 4978 1223 5037 ἐς
1254 4975 1525 5044 Τάραντα,
1553 4976 1674 5026 ἐπεὶ

142 5070 284 5136 ἀπῄει
322 5072 402 5122 ὅτι
433 5069 530 5121 σὺν
559 5069 744 5129 αὑταῖς
795 5068 1092 5136 ἀπεστάλη,
1131 5066 1301 5132 φίλιον
1348 5069 1446 5136 τὴν
1491 5067 1672 5136 χώραν

142 5160 420 5229 ἡγούμενος
439 5176 452 5189 ο
490 5161 538 5212 οί
592 5159 912 5228 Ταραντῖνοι
938 5160 1056 5209 κατ’
1088 5155 1266 5208 αὑτῶν
1289 5157 1669 5226 ὑποτοπήσαν-

142 5266 218 5311 τες
263 5253 352 5304 τὺν
400 5251 723 5321 Οὐαλλέριον
772 5249 925 5303 πλεῖν
973 5250 1037 5300 ἐκ
1087 5246 1181 5299 τοῦ
1243 5248 1537 5308 συνειδότος
1596 5241 1670 5299 ὧν

144 5341 309 5410 ἔδρων,
345 5344 462 5410 μετ’
493 5342 662 5412 ὀργῆς
688 5341 1119 5412 ἁντανήχθησαν,
1149 5340 1241 5392 καί
1274 5341 1670 5407 προσπεσόντες

146 5435 271 5505 αὑτῷ
299 5435 465 5505 μηδὲν
496 5433 751 5502 πολέμιον
791 5433 1089 5495 ἐλπίσαντι,
1134 5429 1432 5484 κατέδυσαν
1466 5430 1670 5481 ἐκεῖνόν

146 5538 194 5584 τε
227 5529 312 5578 xit
340 5527 534 5586 ἄλλους
565 5524 790 5586 πολλούς
817 5541 830 5555 ·
862 5527 960 5578 καὶ
980 5524 1108 5586 τοὺς
1138 5522 1383 5583 ἁλόντας,
1414 5522 1538 5583 τοὺς
1573 5522 1670 5589 μὲν

149 5614 434 5683 καθεῖρξαν,
481 5617 606 5680 τοὺς
653 5617 708 5668 δέ
758 5619 851 5668 καὶ
890 5616 1233 5669 ἂπέκτειναν.
1267 5613 1564 5682 Πυθόμενοι
1614 5611 1667 5663 δὲ

1851 3883 1914 3935 ll.
1957 3885 2084 3936 Post
2112 3886 2244 3944 haec,
2276 3899 2397 3937 cum
2429 3880 2631 3934 tribuni
2667 3876 2841 3946 plebis
2876 3876 3046 3942 legem
3072 3872 3137 3925 de
3170 3868 3326 3923 novis

1777 3971 1976 4025 tabulis
2031 3983 2317 4041 rogarent,
2371 3971 2457 4022 cui
2520 3968 2820 4022 creditores
2876 3965 3322 4021 intercesserunt,

1769 4074 1893 4117 orta
1945 4063 2143 4116 seditio
2197 4079 2305 4115 non
2355 4060 2663 4129 conquievit
2714 4059 2883 4126 prius,
2937 4070 3098 4123 quam
3144 4053 3327 4106 hostes

1776 4155 1962 4207 urbem
1997 4154 2334 4206 invaserunt.
2372 4151 2502 4205 Belli
2551 4153 2671 4220 ejus
2702 4147 3027 4218 principium
3063 4161 3094 4203 α
3125 4145 3328 4198 Taren-

1777 4245 1908 4298 tinis
1936 4254 2116 4297 ortum
2156 4252 2260 4307 est,
2287 4243 2378 4312 qui
2411 4257 2468 4296 se
2503 4240 2820 4312 Tyrrhenis,
2849 4238 3036 4301 Gallis,
3070 4233 3324 4287 Samniti-

1774 4335 1896 4397 bus,
1943 4345 1997 4386 et
2046 4334 2297 4402 pluribus
2341 4334 2463 4386 aliis
2514 4333 2933 4398 conjunxerunt.
2985 4327 3052 4379 At
3099 4323 3322 4376 Romani

1774 4435 2017 4488 caeteros,
2050 4440 2146 4493 per
2179 4425 2314 4477 alios
2341 4431 2502 4491 atque
2530 4423 2664 4475 alios
2699 4419 2948 4487 consules
2983 4403 3318 4469 devicerunt.

1777 4517 2054 4572 Tarentini
2090 4527 2300 4581 autem,
2357 4515 2604 4586 quamvis
2634 4513 2759 4567 belli
2818 4519 3088 4572 auctores,
3145 4517 3319 4562 tamen

1775 4619 1960 4678 aperte
1997 4609 2052 4662 in
2097 4609 2268 4663 aciem
2317 4607 2560 4662 nonduin
2599 4605 3011 4662 descenderant.
3057 4600 3319 4654 Caeterum

1775 4701 1834 4754 L.
1869 4701 2139 4754 Valerium
2171 4699 2360 4752 classis
2382 4698 2724 4766 praelectum,
2753 4695 2879 4748 dum
2912 4693 3023 4744 ibat
3058 4703 3164 4757 quo
3195 4687 3321 4738 mis-

1775 4808 1868 4846 sus
1913 4801 2050 4852 erat,
2097 4787 2315 4842 Tarenti
2368 4788 2720 4857 appulsurum
2766 4785 2902 4850 (eam
2943 4779 3086 4834 enim
3134 4776 3318 4829 urbem

1774 4882 1957 4952 populi
1983 4880 2206 4931 Romani
2241 4877 2468 4931 amicam
2501 4892 2621 4931 esse
2646 4873 2916 4946 putabat),
2947 4886 3012 4924 ex
3038 4867 3318 4923 conscien-

1776 4974 1848 5025 tia
1875 4972 2176 5024 facinorum
2208 4985 2430 5023 suoruin
2454 4980 2642 5023 contra
2673 4983 2728 5021 se
2751 4982 2872 5020 esse
2896 4967 3119 5018 missum
3145 4961 3320 5023 suspi-

1775 5062 1902 5125 cati,
1935 5062 2195 5114 iracunde
2236 5062 2440 5129 impetu
2475 5059 2636 5120 facto,
2673 5058 2806 5110 nihil
2849 5056 3043 5113 hostile
3072 5062 3318 5106 metuen-

1775 5167 1906 5214 tem,
1935 5167 2058 5205 cum
2087 5151 2270 5205 multis
2298 5150 2419 5204 aliis
2447 5149 2825 5203 demerserunt
2854 5167 2866 5200 :
2900 5154 3087 5212 captos
3124 5140 3317 5209 partim

1779 5245 1834 5299 in
1866 5257 2139 5298 carcerem
2174 5239 2547 5306 conjecenmt,
2591 5239 2784 5306 partim
2828 5233 3163 5288 occiderunt.
3204 5230 3321 5295 Quo

1782 5334 2007 5389 Romani
2035 5331 2240 5396 audito,
2262 5330 2362 5384 etsi
2385 5330 2620 5399 graviter
2641 5343 2757 5380 eam
2785 5324 3032 5393 injuriam
3055 5323 3319 5378 ferebant,

1781 5439 1961 5481 tamen
1994 5440 2089 5491 per
2119 5424 2322 5491 legatos
2355 5437 2475 5474 eum
2502 5420 2584 5473 eis
2610 5419 3020 5488 expostularunt
3055 5435 3067 5468 ;
3121 5413 3319 5482 quibus

1778 5535 1887 5571 non
1910 5515 2068 5568 modo
2087 5513 2371 5581 niliilicqui
2396 5526 2714 5580 responsum
2750 5518 2852 5573 est,
2895 5508 2989 5563 sed
3011 5508 3318 5558 eti-amcos:-

1781 5610 2000 5663 tumelia
2018 5608 2177 5672 facta,
2196 5608 2253 5672 L,
2272 5604 2570 5660 Pcsthumii
2586 5605 2880 5673 legatorum
2897 5599 3156 5670 principis
3172 5604 3316 5650 veste

1301 5723 1502 5783 Varite
1535 5723 1838 5782 lectiones
1880 5730 1938 5780 et
1985 5732 2168 5799 notae.

213 5846 310 5920 (ιο)
339 5855 680 5922 Πυθόμενοι.
705 5851 837 5909 Vide
861 5853 1124 5921 Excerpta
1146 5850 1328 5906 Dionis
1360 5850 1658 5908 Valesiana,
1702 5845 1902 5916 p.586.
