3986 6338
681 386 781 478 631

1935 411 2258 472 JOANNIS
2297 409 2616 472 ZONARE
2703 404 2705 407 ’

3799 408 3900 470 652

668 531 767 584 ιηίει
806 548 817 582 :
845 527 936 582 sed
966 526 1178 580 tandem
1206 528 1433 582 Ruinani
1470 526 1652 580 multis
1679 526 1899 588 occisis,
1929 535 1984 578 et
2010 540 2102 576 νιιι
2126 523 2237 577 ele-

2347 540 2433 576 νου
2465 525 2590 587 τοὺς
2623 522 2924 586 ἀναϐάτας,
2956 521 3442 594 περιπλανωμένου
3472 541 3531 577 τι
3563 523 3705 579 καιτά
3736 525 3899 596 ζήτη-

679 622 898 694 phantis
923 622 1113 691 captis,
1141 621 1336 675 castris
1367 622 1532 675 etiam
1560 619 1717 689 potiti
1774 619 2045 671 \‘icerunt.
2106 617 2236 678 Pyr.

683 715 814 767 rhus
842 729 967 767 vero
994 730 1115 767 cum
1153 715 1339 784 paucis
1367 714 1647 782 equitibus
1679 712 1975 765 Tarentum
2023 709 2240 780 refugit,

640 830 642 833 -
680 813 844 873 atque
882 803 1002 856 inde
1037 805 1087 855 in
1127 803 1351 872 Epirum
1389 801 1678 872 navigavit,
1715 811 1773 854 ut
1808 800 2107 861 rediturus,
2148 798 2246 852 lli-

669 898 802 951 Jone
833 910 952 949 cum
981 894 1232 965 praesidio
1273 893 1495 948 Tarenti
1529 895 1718 948 relicto
1755 910 1769 947 :
1801 893 2035 961 dataque
2082 891 2236 954 sella,

679 1003 798 1055 qua:
831 987 958 1040 loris
993 1003 1022 1039 e
1049 985 1213 1040 Nician
1250 989 1320 1040 ob
1353 986 1722 1056 proditionem
1748 986 1914 1040 occisi
1947 984 2085 1054 pelle
2109 997 2244 1037 conc

681 1078 868 1132 stricta
906 1085 1040 1133 erat.
1064 1076 1140 1130 Ac
1169 1076 1374 1129 Niciam
1398 1075 1617 1146 quidem
1643 1076 1714 1129 ita
1743 1077 1888 1129 ultus
1906 1085 2004 1128 est.
2043 1074 2246 1128 Taren-

680 1169 824 1223 tinos
871 1179 1051 1222 autem
1076 1170 1282 1239 aliquot
1309 1171 1681 1228 adolescentes
1726 1169 1796 1223 ob
1835 1168 2061 1222 dicteria
2092 1181 2243 1236 quae-

677 1260 798 1316 dam
826 1260 1132 1324 puniturus,
1154 1261 1383 1328 rogavit,
1411 1276 1508 1314 cur
1528 1277 1589 1314 ea
1617 1260 1912 1329 petulantia
1931 1259 2015 1314 usi
2038 1266 2241 1312 essent.

671 1349 774 1415 Qui
807 1365 928 1402 cum
965 1352 1403 1421 respondissent:
1435 1350 1500 1405 Se
1535 1351 1683 1421 longe
1710 1351 1864 1422 plura
1898 1361 1944 1403 et
1974 1350 2244 1404 acerbiora

677 1444 732 1496 in
787 1459 903 1496 eum
953 1444 1112 1512 fuisse
1143 1446 1394 1506 dicturos,
1451 1446 1549 1498 nisi
1581 1447 1788 1520 vinum-
1813 1444 2116 1511 defecisset:
2149 1457 2244 1497 eos

678 1549 800 1608 cum
828 1535 938 1588 risu
971 1536 1198 1591 dimisit.
1233 1536 1472 1606 Pyrrhus
1509 1536 1671 1604 igitur
1703 1534 2108 1589 illustrissimus
2137 1533 2244 1585 im-

676 1637 916 1694 perator,
940 1625 1032 1694 qui
1060 1626 1288 1679 multum
1313 1626 1533 1680 terroris
1553 1626 1813 1679 Romanis
1839 1625 2022 1696 ejecit,
2049 1625 2242 1694 quinto

679 1734 821 1769 anno
854 1717 1037 1770 relicta
1063 1718 1233 1781 italia,
1266 1728 1319 1773 et
1351 1719 1405 1772 in
1432 1718 1693 1773 Graeciam
1721 1719 2070 1786 expeditione
2117 1733 2242 1770 sus-

677 1820 855 1876 cepta,
954 1823 1061 1860 non
1134 1809 1302 1864 multo
1378 1817 1500 1878 post
1568 1809 1726 1878 Argis
1794 1807 1975 1877 periit.
2051 1807 2242 1860 Mulier

676 1900 820 1952 enim
872 1899 1139 1968 quaedam,
1223 1909 1280 1952 ut
1360 1899 1554 1964 fertur,
1637 1911 1762 1953 eum
1817 1908 2238 1968 prmtereuntem

676 1989 860 2042 videre
937 1990 1204 2057 cupiens,
1287 2005 1317 2043 e
1394 1990 1680 2057 superiore
1772 1989 1894 2043 loco
1977 1989 2233 2058 delapsa,

669 2081 898 2133 occidit.
999 2081 1199 2132 Eodem
1291 2095 1435 2134 anno
1527 2079 1810 2134 Fabricius
1879 2088 1934 2134 et
2028 2080 2241 2149 Pappus

679 2190 934 2229 censores
1007 2173 1154 2240 facti,
1205 2189 1327 2228 cum
1385 2175 1523 2229 alios
1574 2174 1788 2243 equites
1841 2182 1896 2228 et
1941 2183 2238 2238 senatores,

681 2276 792 2317 tum
890 2265 1182 2326 Ruﬁnum,
1260 2266 1511 2335 quamvis
1593 2265 1984 2329 dictatorium,
2072 2272 2252 2336 atque,

681 2345 843 2425 379
873 2357 1069 2410 iterum
1095 2357 1440 2410 consularem
1465 2396 1481 2422 ,
1516 2366 1810 2420 notarunt,
1852 2356 1996 2425 quod
2052 2354 2239 2409 decem

680 2448 1155 2518 pondo-argentea
1208 2462 1334 2500 vasa
1385 2446 1639 2501 habebat.
1682 2446 1760 2500 lta
1831 2446 2059 2500 Romani
2107 2461 2239 2514 pau-

681 2548 948 2609 pertatem
970 2554 1077 2592 non
1106 2540 1159 2591 in
1193 2553 1386 2607 parum
1422 2537 1675 2592 habendo
1700 2577 1714 2601 ,
1761 2535 1856 2590 sed
1917 2537 1973 2589 in
2008 2536 2238 2589 multum

685 2629 1158 2698 concupiscendo,
1195 2629 1426 2698 positam
1473 2642 1595 2682 esse
1622 2627 1976 2681 crediderunt
2010 2644 2024 2679 :
2069 2643 2240 2695 eaque

680 2721 748 2772 de
799 2736 961 2774 causa
1006 2719 1415 2788 magistratibus
1462 2727 1517 2772 et
1563 2718 1686 2771 aliis
1730 2717 1798 2770 ob
1845 2717 2238 2785 rempublicam

682 2825 908 2879 peregre
942 2808 1294 2872 abeuntibus,
1327 2799 1580 2862 via'ticnm
1607 2807 1916 2862 etannulus
1952 2822 1981 2861 e
2021 2807 2241 2876 publico

680 2902 932 2954 dabatur.
983 2898 1264 2953 Tarentini
1302 2896 1525 2967 quidam
1551 2889 1837 2964 Milonem,
1879 2914 1908 2952 a
1951 2915 2062 2968 quo
2101 2899 2240 2952 male

682 2992 891 3060 accepti
940 2991 1181 3055 fuerant,
1228 2991 1433 3045 Nicone
1479 2992 1616 3056 duce
1654 2991 1884 3060 agressi,
1931 2975 2239 3044 cuminihil

672 3082 1061 3150 profecissent,
1112 3081 1335 3134 castello
1367 3081 1604 3150 quodam
1655 3095 1767 3134 sua:
1813 3080 2042 3135 ditionis
2078 3096 2242 3152 occur

2350 630 2435 667 σιν
2482 615 2580 684 τῆς
2630 614 2855 684 μητρὸς,
2884 613 3145 683 κάκείνης
3181 614 3274 666 ἐπὶ
3317 613 3490 684 τούτῳ
3520 615 3901 685 ταραχθείσης,

2347 707 2442 758 καὶ
2489 707 2596 757 τῶν
2651 703 2826 759 ἄλλων
2874 704 3180 772 ἐλεφάντων
3219 705 3647 776 θορυὸηθὲντων,
3699 706 3904 776 φύρδην

2347 797 2718 868 ἀνεμίχθησαν
2741 797 2976 853 ἅπαντα.
3009 796 3170 859 Τέλος
3203 797 3258 851 δὲ
3290 799 3338 850 ot
3382 797 3640 865 Ῥωμαῖοι
3669 800 3903 868 ἐπεκρα-

2346 905 2544 958 τησαν,
2606 891 2840 959 συχνοὺς
2888 892 3331 954 ἀποκτείναντες,
3369 891 3462 943 καὶ
3505 891 3650 944 ὀκτὼ
3698 892 3902 952 ἑλόντες

2349 981 2667 1049 ἐλέφαντας,
2709 982 2804 1034 καὶ
2857 983 2917 1035 τὸ
2970 982 3276 1053 χαράκωμα
3305 981 3570 1054 κατέσχον
3600 984 3798 1036 αὐτῶν.
3838 982 3901 1033 Ὀ

2347 1071 2404 1125 δὲ
2441 1072 2656 1142 Πύρρος
2677 1074 2775 1125 σὺν
2802 1074 3001 1141 ὀλίγοις
3030 1074 3255 1126 ίππεῦσι
3284 1074 3540 1142 διέφυγεν
3569 1075 3650 1137 είς
3674 1075 3764 1127 τὸν
3798 1076 3899 1128 Τά-

2355 1181 2543 1234 ραντα,
2569 1165 2776 1218 ἐκεῖθεν
2807 1166 2861 1217 δὲ
2906 1153 2984 1226 εἷς
3012 1166 3112 1235 τὴν
3140 1166 3415 1236 ἔΗπιιρον
3447 1167 3808 1229 ἀπέπλευσεν,
3834 1167 3900 1228 ὡς

2347 1253 2500 1319 αὖθις
2535 1257 2839 1326 ἐπανήξων,
2873 1256 2964 1308 τὸν
2994 1258 3215 1310 Μίλωνα
3249 1257 3388 1327 μετὰ
3423 1259 3664 1327 φρουρᾶς
3690 1259 3769 1320 είς
3806 1257 3902 1308 τά-

2349 1366 2517 1420 ραντα
2544 1349 2894 1418 καταλείψας,
2921 1351 3043 1412 δοὺς
3070 1350 3250 1413 αὐτοῖς
3274 1349 3462 1419 δίφρον
3486 1351 3596 1420 (16)
3626 1351 3812 1421 ίμάσιν
3842 1352 3899 1403 ἐκ

2346 1441 2440 1493 τοῦ
2505 1441 2773 1511 δέρματος
2828 1441 2920 1493 τοῦ
2971 1441 3164 1494 Νικίου
3202 1441 3573 1510 ¹ἐνδεδεμένον,
3608 1442 3667 1494 ὃν
3713 1444 3808 1495 ἐπὶ
3840 1447 3898 1510 τῇ

2348 1533 2607 1603 προδοσίᾳ
2665 1533 3005 1608 ἀπέκτεινεν.
3063 1533 3166 1586 Τὸν
3225 1532 3324 1604 μὲν
3365 1529 3458 1587 οὖν
3500 1533 3898 1596 Νικίανιοῖηως

2346 1624 2747 1693 ἐτιμωρήσατο.
2799 1624 3134 1688 Νεανίσκους
3200 1624 3256 1677 δέ
3303 1642 3454 1688 τινας
3505 1628 3564 1679 ἐν
3628 1628 3897 1696 συμποσίῳ

2348 1715 2671 1784 σκώψαντας
2699 1716 2882 1779 αὑτὸν,
2916 1718 3338 1788 τιμωρήσασθαι
3384 1718 3626 1788 ἔμελλεν.
3673 1705 3896 1788 Ἐρωτῄ-

2349 1821 2443 1868 σας
2477 1807 2520 1857 δ’
2553 1807 2772 1869 αὐτοὺς,
2809 1807 2897 1859 διὰ
2925 1808 2976 1859 τί
3010 1810 3310 1872 ἔσκωπτον,
3335 1810 3456 1860 ἐπεὶ
3507 1810 3894 1878 ἀπεκρίθησαν,

2342 1896 2446 1959 δτι,
2477 1896 2640 1948 Πολὺ
2675 1899 2860 1950 πλείω
2901 1897 2998 1950 καί
3031 1897 3412 1966 χαλεπώτερα
3439 1900 3771 1967 εἰρήκειμεν
3811 1899 3893 1959 ἂν,

2341 1989 2393 2036 ει
2434 1985 2520 2053 μὴ
2552 1988 2583 2038 ό
2619 1981 2782 2051 οἶνος
2816 1985 2970 2054 ἡμᾶς
3010 1988 3378 2053 ἐπιλέλοιπε,
3414 1988 3650 2055 γελάσας
3699 1989 3896 2058 ἀφῆκεν

2343 2077 2565 2140 αὐτούς.
2606 2077 2817 2148 Πύρρος
2850 2078 2949 2147 μὲν
2990 2077 3081 2131 οὖν
3114 2080 3540 2148 ἐπιφανέστατος
3582 2084 3645 2134 ἐν
3677 2098 3894 2150 στρατη-

2340 2172 2453 2236 γοῖς
2479 2170 2787 2240 γενόμενος,
2823 2174 2915 2223 καὶ
2948 2170 3110 2239 φόϐον
3134 2170 3299 2223 πολὺν
3327 2176 3434 2234 τοῖς
3478 2175 3772 2244 Ῥωμαίοις
3809 2177 3894 2242 ιμ-

2342 2259 2544 2324 ὄαλὼν,
2605 2262 2697 2313 καὶ
2747 2261 2984 2330 πέμπτῳ
3024 2263 3133 2314 ἔτει
3171 2261 3268 2331 τὴν
3310 2264 3541 2316 Ἰταλίαν
3593 2265 3785 2330 λιπὼν,
3815 2268 3896 2318 καὶ

2343 2350 2435 2400 ἐπὶ
2476 2351 2572 2418 τὴν
2619 2350 2842 2403 Ἐλλάδα
2880 2346 3238 2418 στρατεύσας,
3276 2354 3335 2406 οὐ
3381 2355 3563 2425 πολλῷ
3595 2356 3818 2425 ὕστερον
3845 2361 3892 2408 ἐν

2346 2443 2537 2510 Ἀργει
2565 2441 2825 2496 ἀπέθανε.
2866 2443 3011 2514 Γυνὴ
3045 2445 3150 2517 γάρ
3206 2463 3309 2511 τις,
3344 2448 3417 2510 ὼς
3449 2448 3608 2516 λόγος
3640 2451 3772 2520 ἔχει,
3802 2469 3896 2502 πα·

2343 2535 2526 2604 ριὸντα
2578 2534 2740 2586 αὑτὸν
2807 2535 2936 2589 ίδεῖν
2986 2537 3094 2589 ἀπὸ
3152 2537 3246 2590 τοῦ
3299 2540 3489 2606 τέγους
3524 2543 3894 2612 ὲπιθυμήσασα

2341 2626 2574 2694 ἐσφάλη,
2599 2626 2691 2677 καὶ
2723 2619 3038 2694 ἐμπεσοῦσα
3071 2628 3374 2698 διέφθειρεν
3401 2632 3580 2685 αὑτὸν.
3623 2632 3713 2685 Ἐν
3747 2634 3800 2686 δέ
3830 2634 3895 2699 τῷ

2343 2719 2491 2788 αὐτῷ
2525 2718 2635 2770 ἔτει
2668 2718 2695 2770 ὅ
2732 2734 2790 2769 τε
2825 2719 3115 2788 Φαϐρίκιος
3160 2722 3254 2773 καὶ
3285 2723 3311 2773 ὁ
3341 2720 3570 2788 Πάππος
3617 2726 3891 2796 ἐτιμήτευ-

2345 2826 2465 2874 σαν,
2495 2811 2588 2862 καὶ
2617 2809 2811 2872 ἄλλους
2838 2827 2896 2863 τε
2923 2811 3031 2862 τῶν
3065 2812 3274 2865 ἱππέων
3307 2815 3636 2883 ἀπήλειψαν,
3668 2820 3761 2868 καὶ
3799 2817 3890 2868 τῶν

2344 2902 2662 2971 βουλευτῶν,
2713 2904 2805 2955 καὶ
2846 2905 2936 2955 τὸν
2977 2902 3253 2972 Ῥουφῖνον
3309 2907 3510 2978 καίπερ
3554 2907 3890 2974 δικτατορεύ·

2345 3013 2538 3058 σαντα,
2563 2997 2654 3048 καὶ
2681 2995 2760 3058 δὶς
2786 2995 3188 3051 ὑπατεύσαντα.
3217 2997 3396 3051 Αἴτιον
3426 2999 3469 3051 δ’
3500 3001 3582 3052 ὅτι
3607 3001 3778 3069 σκεύη
3804 3003 3890 3066 ἁρ-

2342 3091 2485 3157 γυρᾶ
2524 3088 2720 3158 λιτρῶν
2765 3090 2894 3141 δέκα
2926 3087 3100 3158 εἶχεν·
3136 3089 3304 3153 οὕτως
3334 3093 3382 3144 οἱ
3422 3093 3681 3162 Ῥωμαῖοι
3714 3095 3890 3147 πενίαν

685 3181 831 3241 pato,
893 3187 1017 3227 eum
1072 3173 1422 3228 infestarunt.
1461 3174 1527 3227 Et
1589 3190 1711 3229 cum
1758 3174 2080 3230 didicissent
2129 3173 2239 3230 Ro-

2347 3181 2408 3233 οὺ
2431 3182 2489 3232 τὸ
2525 3181 2621 3251 μὲν
2652 3181 2816 3232 πολλὰ
2849 3181 3166 3249 κεκτῆσθαι,
3197 3172 3330 3245 ἀλλὰ
3359 3183 3419 3235 τὸ
3450 3172 3659 3236 πολλῶν
3683 3185 3890 3247 δεῖσθαι,

687 3281 880 3320 manus
935 3275 1124 3319 contra
1179 3281 1236 3319 se
1269 3265 1473 3324 bellum
1513 3267 1715 3331 moliri,
1763 3267 1956 3336 legatis
2013 3267 2239 3321 Romam

683 3356 886 3421 inissis,
956 3371 1144 3425 pacem
1232 3358 1615 3426 impetrarunt.
1695 3355 2019 3410 Ptolemaeus
2110 3357 2240 3411 item

683 3450 1112 3521 Philadelphus,
1185 3443 1402 3533 Egypti'
1435 3462 1578 3533 tux,
1628 3449 1822 3523 Pyrrhi
1885 3449 2129 3505 cladibus
2187 3459 2240 3504 et

687 3543 1055 3596 Romanorum
1107 3537 1459 3618 incrementis
1509 3543 1772 3613 cognitis,
1809 3557 1865 3596 et
1902 3559 2129 3597 munera
2159 3540 2241 3596 eis

689 3635 859 3698 misit,
921 3643 975 3688 et
1032 3633 1326 3688 amicitiam
1395 3634 1622 3704 pepigit.
1681 3635 1800 3698 Quo
1860 3635 2090 3689 Romani
2151 3635 2244 3687 de-

684 3728 892 3791 lectati,
945 3724 1182 3780 vicissim
1232 3724 1438 3794 legatos
1478 3725 1545 3778 ad
1598 3725 1750 3778 illum
1793 3725 2107 3779 miserunt:
2148 3727 2237 3794 qui

681 3819 970 3887 magnifice
1001 3819 1069 3872 ab
1103 3817 1195 3872 illo
1232 3816 1440 3881 donati;
1489 3832 1717 3872 munera
1765 3817 1820 3870 in
1866 3818 2119 3870 aerarium
2154 3833 2240 3870 re-

684 3913 828 3965 t'crre
862 3912 1172 3974 voluerunt,
1221 3911 1315 3964 sed
1347 3925 1412 3964 ea
1442 3919 1667 3964 senatus
1694 3919 1804 3964 non
1835 3910 2070 3964 admissa
2096 3912 2242 3979 ipsos

691 4004 890 4058 habere
935 4004 1118 4072 jussit.
1160 4004 1287 4058 Post
1328 4002 1443 4057 haac
1495 4003 1904 4079 Sanmites'pcr
1943 4003 2239 4058 Carviliqu

689 4097 1049 4165 subegerunt,
1083 4095 1332 4148 Lucanos
1364 4103 1420 4148 ct
1453 4080 1670 4147 Brutios
1709 4109 1807 4162 per
1837 4095 2130 4163 Papyrium
2161 4097 2241 4148 vi-

681 4195 905 4243 cerunt.
956 4187 1101 4240 Idem
1143 4186 1403 4257 Papyrius
1450 4186 1612 4239 etiam
1647 4184 1973 4240 Tarentinos
2006 4186 2237 4240 domuit.

688 4280 789 4346 Qui
819 4264 942 4334 cum
974 4279 1227 4333 Milonem
1253 4293 1393 4348 κει-ε
1423 4287 1762 4348 paterentur,
1794 4287 1849 4332 et
1874 4294 1916 4331 a-
1937 4278 2051 4332 suis
2078 4278 2236 4332 Milu-

690 4373 768 4436 ni,
802 4382 860 4425 ut
899 4371 1104 4425 dictum
1138 4381 1240 4434 est,
1272 4370 1484 4424 infestis
1544 4381 1901 4440 urgerentur,
1959 4369 2242 4439 Carthagi-

686 4463 960 4517 niensium
995 4476 1151 4529 Opem
1182 4460 1563 4529 implorarent,
1600 4461 1791 4530 Pyrrhi
1831 4461 2052 4531 cognito
2100 4461 2241 4513 inte-

2350 3271 2619 3340 ἐνόμιζον.
2656 3272 2766 3324 Καὶ
2789 3271 2876 3324 διὰ
2903 3269 3061 3323 τοῦτο
3101 3275 3214 3335 τοῖς
3242 3290 3298 3324 τε
3329 3272 3553 3344 ἄρχουσι
3592 3277 3708 3338 τοῖς
3748 3276 3890 3344 ἐκδη·

2352 3363 2530 3434 μοῦσι,
2561 3366 2656 3418 καὶ
2679 3367 2791 3428 τοῖς
2831 3364 3008 3429 ἄλλοις
3040 3368 3152 3428 τοῖς
3185 3367 3326 3418 κατά
3358 3384 3410 3418 τι
3451 3369 3680 3438 πρᾶγμα
3716 3371 3778 3438 τῇ
3813 3369 3890 3419 πό-

2348 3458 2426 3510 λει
2469 3457 2724 3528 διαφέρον
2759 3457 2982 3524 ἐξιοῦσι,
3016 3459 3081 3510 τά
3111 3475 3169 3510 τε
3217 3458 3351 3510 ἄλλα
3387 3458 3456 3511 τὰ
3490 3461 3780 3527 ἀναγκαῖα,
3811 3460 3892 3512 καὶ

2348 3549 2633 3610 δακτύλιος
2665 3549 2729 3602 ἐκ
2752 3548 2846 3602 τοῦ
2886 3549 3148 3620 δημοσίου
3173 3551 3389 3604 ἐδίδοτο.
3418 3552 3536 3602 Τῶν
3565 3553 3889 3621 Ταραντίνων

2347 3640 2403 3691 δέ
2441 3657 2582 3701 τινες
2608 3641 2948 3701 κακωθέντες
2977 3639 3080 3691 ὑπὸ
3106 3640 3203 3692 τοῦ
3230 3641 3495 3704 Μίλωνος,
3527 3644 3780 3696 ἐπέθεντο
3808 3643 3891 3694 azi-

2348 3730 2445 3800 τῷ,
2491 3731 2712 3784 Νίκωνα
2757 3733 3216 3802 προστησάμενοι.
3262 3731 3350 3795 Ὦς
3399 3733 3443 3784 δ’
3476 3734 3627 3787 οὐδὲν
3683 3735 3887 3803 ἤνυσαν.

2347 3822 2523 3891 τεῖχός
2573 3838 2624 3874 τι
2674 3822 2771 3892 τῆς
2803 3823 3071 3892 σφετέρας
3113 3827 3296 3893 χώρας
3340 3823 3620 3894 κατέσχον,
3661 3825 3890 3878 κάκεῖθεν

2347 3913 2658 3983 ὁρμώμενοι
2707 3913 2784 3982 τῷ
2831 3916 3037 3968 Μίλωνι
3080 3915 3338 3986 ἐπῄεσαν.
3387 3917 3543 3970 Ἐπεὶ
3585 3917 3642 3971 δὲ
3687 3918 3890 3990 ᾔσθοντο

2347 4010 2474 4071 τοὺς
2519 4009 2816 4078 Ῥωμαίους
2840 4011 3146 4083 πολεμῆσαι
3179 4014 3328 4082 σφίσι
3365 4013 3742 4084 βουλομένους,
3775 4011 3888 4081 πρέ-

2351 4099 2500 4160 σϐεις
2537 4103 2614 4164 είς
2645 4101 2741 4170 τὴν
2775 4102 2996 4172 Ῥώμην
3021 4104 3288 4169 ἔστειλαν,
3312 4107 3411 4157 καὶ
3444 4106 3671 4177 εἰρήνης
3697 4107 3882 4176 ἔτυχον.

2349 4192 2458 4244 Καὶ
2513 4191 2846 4260 Πτολεμαῖος
2898 4193 2953 4245 δὲ
3005 4196 3032 4246 ὁ
3075 4194 3400 4263 Φιλάδελφος
3446 4197 3599 4266 ὁτῆς
3635 4197 3885 4265 Αἰγύπτου

2351 4281 2626 4350 βασιλεὺς,
2651 4285 2741 4336 τόν
2767 4302 2823 4337 τε
2855 4285 3070 4357 Πύρρον
3101 4288 3283 4350 κακῶς
3317 4288 3675 4359 ἁπηλλαχότα
3703 4285 3882 4359 μαθὼν.

2349 4373 2442 4425 καὶ
2491 4373 2618 4436 τοὺς
2662 4374 2965 4443 Ῥωμαίους
2997 4376 3415 4448 αὐξανομένους,
3446 4380 3596 4450 δῶρά
3638 4397 3699 4432 τε
3731 4380 3884 4436 αὐτοῖς

2351 4464 2583 4534 έπεμψε,
2622 4467 2712 4518 καὶ
2743 4467 3031 4536 ὁμολογίαν
3064 4471 3372 4540 ἐποιήσατο.
3407 4470 3516 4524 Καὶ
3548 4472 3598 4523 οί
3654 4471 3882 4538 Ῥωμαῖοι

636 4608 638 4610 ,
692 4556 823 4608 ritu.
878 4554 948 4606 At
1000 4553 1150 4612 Milo,
1199 4551 1253 4604 in
1315 4551 1592 4619 angustias
1659 4550 1950 4616 redactus,
1988 4551 2241 4606 Romanis

2350 4554 2442 4606 ἐπὶ
2473 4554 2647 4624 τούτῳ
2686 4555 2961 4624 ἡσθέντες,
3004 4558 3261 4628 πρέσϐεις
3307 4560 3442 4631 πρὸς
3482 4561 3644 4614 αὐτὸν
3681 4560 3881 4614 ἁντεπὲ·

701 4659 868 4712 terra,
939 4644 1477 4715 Cartluzgiuiensibus
1512 4646 1656 4698 .mari
1713 4645 2108 4714 prementibus,
2160 4660 2248 4697 ar-

687 4758 808 4798 ccm
869 4740 1095 4811 Papyrio
1149 4755 1212 4794 ea
1271 4739 1591 4793 conditione
1653 4737 1923 4803 tradidit,
2001 4748 2059 4791 ut
2131 4738 2236 4791 sibi

693 4849 819 4887 cum
878 4833 1124 4902 pecuniis
1180 4841 1234 4885 ct
1287 4829 1555 4885 militibus
1630 4830 1887 4883 incolumi
1964 4827 2245 4882 discedere

689 4914 904 4980 liceret.
972 4923 1100 4976 lude
1151 4923 1648 4990 Carthaginienses,
1712 4929 1769 4972 ut
1821 4920 2083 4972 Romanis
2144 4919 2243 4972 fm-

697 5018 890 5082 tlerati,
922 5021 1264 5070 recesserunt
1293 5030 1309 5068 ξ
1364 5011 1506 5066 Urbs
1539 5012 1764 5082 Papyrio
1805 5011 2139 5065 deditionem
2176 5011 2252 5065 le-

675 5109 802 5170 .eit,
835 5107 999 5160 armis
1050 5113 1104 5159 ct
1158 5104 1386 5157 navibus
1421 5103 1650 5165 traditis,
1701 5103 1980 5172 inurisque
2023 5102 2246 5164 dirutis,

698 5210 753 5252 et
806 5198 1013 5252 tributo
1059 5197 1336 5266 imposito.
1377 5195 1691 5249 Tarentinis
1725 5195 1987 5258 subactis,
2021 5194 2249 5249 Romani

697 5292 964 5364 Rhegium
999 5289 1313 5344 invaserunt
1347 5308 1360 5344 :
1416 5288 1561 5358 quod
1594 5286 1885 5342 Crotonem
1935 5274 2247 5356 proditione

695 5390 904 5449 captam
945 5379 1298 5444 evertissent,
1349 5388 1403 5431 et
1452 5379 1725 5431 Romanos
1772 5378 1828 5432 lu
1875 5377 2010 5432 urbe
2054 5377 2246 5446 depre-

701 5473 901 5526 hensos
949 5470 1293 5524 occidissent.
1337 5467 1689 5520 Mamertinus
1739 5465 1995 5522 Messana:
2046 5466 2250 5547 habita-

2355 4643 2590 4713 στειλάν,
2623 4649 2673 4700 οἳ
2712 4649 3105 4721 μεγαλοπρεπῆ
3145 4652 3293 4721 δῶρα
3319 4652 3450 4720 παρ’
3477 4653 3685 4705 ἐκείνου
3723 4652 3881 4704 λαϐόν-

2352 4756 2462 4804 τες,
2499 4741 2577 4802 είς
2601 4738 2661 4790 τὸ
2697 4739 2957 4808 δημόσιον
2980 4741 3148 4794 ταῦτα
3171 4745 3411 4812 εἰσῆγον.
3463 4743 3526 4795 Ἠ
3565 4743 3622 4796 δὲ
3656 4743 3808 4813 βουλὴ
3833 4739 3878 4791 οὗ

2352 4829 2682 4898 προσήκατο,
2715 4829 2831 4882 ἀλλ’
2859 4832 3039 4884 εἴασεν
3061 4833 3254 4894 αὐτοὺς
3280 4833 3453 4886 ταῦτα
3482 4833 3646 4904 ἔχειν.
3676 4833 3815 4886 Μετὰ
3835 4831 3878 4880 δὲ

2353 4921 2526 4973 ταῦτα
2559 4919 2681 4986 τούς
2708 4939 2765 4973 τε
2801 4923 3073 4992 Σαμνίτας
3110 4923 3196 4977 διὰ
3243 4925 3565 4995 Καρουῖλίου
3615 4922 3878 4986 ὑπέταξαν.

2351 5012 2442 5063 καὶ
2472 5012 2765 5065 Λευκανῶν
2819 5013 2911 5067 καὶ
2956 5013 3221 5082 Βρεττίων
3269 5015 3354 5068 διὰ
3393 5017 3692 5086 Παπειρίου
3740 5013 3877 5080 ἐκρα-

2348 5119 2539 5170 τησαν.
2585 5105 2694 5157 Καὶ
2737 5105 2864 5166 τοὺς
2911 5105 3275 5174 Ταραντίνους
3318 5107 3347 5157 ὁ
3395 5105 3557 5168 αὐτὸς
3616 5107 3878 5172 Παπείριος

2348 5194 2692 5264 ἐχειρώσατο.
2738 5196 3052 5266 Ἀχθόμενοι
3100 5198 3206 5266 γὰρ
3254 5197 3329 5266 τῷ
3374 5196 3604 5262 Μίλωνι,
3637 5199 3730 5251 καὶ
3768 5193 3877 5261 πρὸς

2348 5283 2455 5336 τῶν
2481 5288 2760 5353 σφετέρων
2793 5287 3140 5355 κακούμενοι,
3180 5286 3306 5350 τῶν,
3346 5286 3420 5350 ὼς
3450 5288 3686 5357 εἴρηται,
3720 5283 3879 5338 {mlt-

2354 5377 2528 5443 μένων
2557 5378 2633 5445 τῷ
2657 5377 2883 5441 Μίλωνι,
2924 5378 3322 5448 Καρχηδονίους
3348 5379 3759 5441 ἐπεκαλέσαντο,
3780 5373 3878 5427 ἐπεὶ

2353 5469 2444 5518 καὶ
2491 5470 2579 5521 τὸν
2623 5469 2835 5539 ῐιᾶῥρον
2881 5471 3131 5522 τεθνάναι
3170 5469 3390 5539 ἔμαθον.
3439 5471 3498 5525 ⁸0
3525 5470 3580 5524 δὲ
3623 5471 3792 5524 Μίλων
3832 5468 3876 5517 ὲν

1823 5620 2017 5682 Varie:
2060 5619 2364 5682 lectiones
2408 5629 2468 5682 et
2516 5629 2704 5682 notae.

772 5751 879 5820 (ιο)
913 5749 1059 5816 Δοὺς
1085 5748 1242 5814 αὐτῷ
1265 5749 1497 5816 δίφρον,
1534 5757 1639 5820 etc.
1698 5747 1814 5801 lluc
1867 5756 2113 5820 spectant
2140 5747 2240 5820 ista

707 5816 1021 5890 llareélliui,
1068 5822 1179 5891 lib.
1214 5835 1365 5886 χχιιι,
1391 5827 1526 5872 extr.
1574 5816 1712 5870 Nam
1733 5819 1877 5886 quod
1908 5818 2243 5887 supersedere

2346 5746 2745 5823 solio‘darnnuti
2779 5749 2838 5801 ob
2868 5750 3198 5819 iniquitatem
3222 5753 3404 5814 iudiris
3441 5753 3572 5805 alius
3609 5754 3875 5823 cogebatur,

2352 5827 2446 5872 aut
2473 5818 2631 5884 ﬁnxit
2660 5829 2912 5886 vetustas,
2950 5818 3041 5875 aut
3064 5822 3189 5876 olim
3220 5829 3537 5879 consuetudo
3565 5818 3788 5879 cesserit.
