4002 6332
97 494 197 559 661

1325 482 1724 543 ΑΝΝᾹΙΛΠΜ
1767 482 1910 540 LIB.
1952 479 2118 538 VlIl.

3189 434 3195 440 ’
3227 469 3328 528 ore

94 606 330 658 1)::3'60U
367 602 668 672 προελθεῖν,
716 599 846 669 παρ’
865 598 987 650 ὅσον
1013 591 1079 666 ἦν
1115 596 1171 647 ἐν
1197 595 1422 664 Μεσήνῃ
1440 596 1466 645 6
1489 591 1664 645 Κλαύ-

1802 591 2069 646 lieronem
2112 589 2178 641 de
2203 589 2353 655 pacis
2384 584 2787 640 conditionibus
2815 584 3048 651 legatum
3072 580 3328 633 misisset.

95 698 230 758 διος.
263 697 324 747 Ὀ
354 694 434 756 δὲ,
470 690 756 762 βιάσασθαι
790 689 890 759 τὴν
919 689 1144 758 πρόοδον
1174 686 1248 757 μὴ
1283 685 1514 753 τολμῶν,
1545 684 1675 754 πρὸς

1802 683 1912 736 iam
1938 698 2061 735 cum
2109 680 2329 750 quidam
2365 679 2624 742 venisset,
2679 691 2801 730 cum
2831 690 2939 743 quo
2965 675 3031 728 de
3064 688 3192 742 pace
3223 681 3332 725 tra—

98 789 201 848 τὰς
252 784 607 856 Συρακούσας
658 785 752 836 κα)⁸
799 781 888 834 τὸν
937 781 1160 849 Ἱέρωνα
1208 781 1478 848 ἐτράπετο
1507 817 1521 839 ,
1578 794 1678 846 φυο

1781 784 1975 839 ctaret,
2017 775 2161 828 inter
2189 771 2613 842 colloqaendum
2649 769 2902 840 paulatim
2965 765 3208 828 recessit,
3236 764 3333 817 dor

99 875 277 944 λακὴν
315 879 371 928 ἐν
415 876 482 943 τῇ
519 875 746 942 Μεσήνῃ
771 869 1112 924 καταλιπών.
1149 868 1258 920 Καὶ
1285 865 1589 938 προσέῦαλέ
1620 881 1677 917 τε

1802 886 1881 923 nec
1909 869 1961 921 in
1991 878 2122 944 ωαχ
2139 866 2405 935 pervenit.
2439 866 2505 919 Et
2538 863 2663 933 quia
2690 862 2818 915 urbs
2853 860 3007 915 facile
3057 859 3174 927 capi
3228 873 3336 910 non

100 967 270 1028 αὐτὸς
293 965 372 1034 τῷ
411 966 587 1026 ἄστει,
621 961 862 1016 κάκεῖνοί
897 977 1032 1016 ποτε,
1063 957 1366 1028 ἐπεξῄεσαν
1392 975 1404 988 ·
1452 958 1544 1011 καὶ
1571 959 1598 1010 ὁ
1623 957 1681 1008 τέ

1802 969 2017 1020 tolerat,
2046 971 2100 1013 et
2131 959 2347 1012 obsidio
2401 973 2524 1012 cum
2551 957 2620 1009 ob
2667 953 2950 1024 penuriam
2980 958 3336 1010 commeatus,

105 1055 205 1122 μέν
230 1053 521 1122 ἐκράτουν,
566 1052 656 1104 ότέ
686 1051 730 1103 δ’
762 1049 1092 1120 ἐκρατοῦντο
1119 1047 1392 1116 ἑκάτεροι.
1427 1046 1534 1099 Καί
1554 1060 1680 1096 ποτε

105 1149 162 1196 ἐν
195 1146 384 1215 χωρίῳ
419 1143 586 1212 στενῷ
612 1146 640 1196 6
680 1142 886 1204 ὕπατος
912 1141 1176 1209 γεγονὼς,
1216 1139 1356 1192 ἑάλω
1395 1138 1481 1201 ἂν,
1518 1138 1563 1189 εί
1610 1133 1684 1205 μὴ

105 1237 214 1306 πρὸ
243 1234 339 1288 τοῦ
369 1234 759 1304 περισχεθῆναι
784 1232 996 1302 έπεμψε
1036 1232 1173 1301 πρὸς
1202 1230 1292 1283 τὸν
1328 1229 1574 1300 Ἱέρωνα,
1606 1229 1684 1290 είς

106 1327 412 1397 συμϐάσεις
444 1327 508 1395 δή
542 1344 696 1388 τινας
746 1325 911 1380 αὐτὸν
960 1324 1460 1394 προσκαλούμενος.
1506 1321 1683 1384 Οὕτω,

106 1420 213 1487 γὰρ
263 1418 517 1482 ἐλθόντος
559 1419 722 1481 τινὸς,
760 1419 896 1488 πρὸς
941 1417 1000 1470 ὃν
1037 1417 1231 1487 ἔμελλε
1293 1414 1684 1486 συμϐήσεσθαι,

108 1510 384 1576 διελέγετό
433 1527 492 1563 τε
518 1509 688 1580 αὐτῷ,
715 1512 811 1564 καὶ
843 1509 1114 1580 ὑπαπῄει,
1147 1512 1340 1580 μέχρις
1363 1501 1424 1561 οὑ
1459 1508 1593 1577 πρὸς
1627 1507 1688 1559 τὸ

112 1601 352 1668 ἀσφαλὲς
383 1599 733 1672 ἀπεχώρησε.
773 1602 886 1671 Τῆς
925 1601 981 1655 δὲ
1015 1601 1224 1664 πόλεως
1259 1599 1455 1670 ῥαδίως
1483 1598 1688 1653 ἁλῶναι

118 1693 186 1760 μὴ
236 1692 571 1764 δυναμένης,
629 1694 724 1748 καὶ
786 1694 880 1762 τῆς
960 1693 1289 1762 προσεδρίας
1349 1691 1556 1760 ἀπόρου
1605 1690 1690 1744 διά

115 1777 312 1837 σπάνιν
343 1785 510 1856 οὔσης
547 1786 758 1848 σιτίων,
805 1786 897 1838 καὶ
939 1786 1026 1838 διὰ
1069 1785 1223 1838 νόσον
1269 1783 1368 1852 τῆς
1412 1783 1688 1853 στρατιᾶς,

112 1864 420 1946 ἀπανέστη.
479 1878 587 1932 Καὶ
633 1879 682 1930 οἱ
744 1877 1102 1944 Συρακούσιοι
1174 1877 1431 1938 εἵποντο,
1487 1876 1580 1926 καὶ
1636 1876 1690 1937 ἐς

113 1969 304 2034 λόγους
343 1971 456 2031 τοῖς
497 1969 950 2038 σκεδαννυμένοις
997 1969 1186 2038 ᾔεσαν.
1236 1968 1344 2021 Καὶ
1371 1967 1695 2022 ἐσπείσαντο

117 2057 202 2120 ἂν,
257 2059 310 2110 εἰ
367 2060 458 2110 καὶ
506 2059 534 2109 6
603 2055 786 2126 Ἱέρων
848 2059 1123 2126 συμὸἧναι
1173 2057 1458 2127 ἠθέλησεν.
1528 2055 1587 2109 '0
1635 2057 1692 2109 δὲ

118 2149 354 2212 ὕπατος,
389 2149 636 2220 φρουράν
684 2153 741 2202 ἐν
791 2153 856 2220 τῇ
907 2149 1134 2220 Μεσήνῃ
1193 2149 1526 2212 καταλιπὼν,
1563 2147 1695 2201 ἀπέ-

117 2242 354 2294 πλευσεν
384 2244 462 2305 είς
507 2243 567 2294 τὸ
631 2239 866 2311 Ῥήγιον.
927 2243 989 2294 Ol
1054 2241 1314 2309 Ῥωμαῖοι
1367 2240 1444 2305 δὲ,
1477 2239 1598 2291 ἐπεὶ
1627 2237 1696 2289 τὰ

115 2334 442 2404 Τυρσηνικίι
501 2333 892 2404 καθειστήκει,
967 2333 1059 2385 καὶ
1117 2331 1187 2385 τὰ
1253 2335 1309 2385 ἐν
1365 2335 1430 2402 τῇ
1502 2330 1699 2400 Ἰταλίᾳ

116 2425 370 2495 ἀκριϐῶς
420 2427 712 2495 είρήνουν,
781 2426 847 2476 τὰ
898 2424 954 2478 δὲ
1013 2424 1118 2477 τῶν
1172 2423 1560 2494 Καρχηδονίων
1607 2422 1698 2473 ἐπὶ

120 2515 287 2568 πλέον
330 2517 635 2579 συνίστατο,
663 2515 832 2585 ἄμφω
871 2515 995 2578 τοὺς
1026 2514 1265 2576 ὑπάτους
1309 2517 1366 2577 ἐς
1402 2514 1500 2584 τὴν
1548 2513 1702 2565 Σικε-

117 2607 236 2658 λίαν
268 2605 675 2677 ἐκστρατεῦσαι
703 2608 1016 2660 ἐκέλευσαν.
1045 2607 1451 2676 ιιεραιωθέντες
1473 2601 1565 2658 οὖν
1591 2606 1619 2658 ὅ
1641 2621 1699 2657 τε

117 2696 372 2765 Μάξιμος
422 2695 716 2765 υὺαλέριος
771 2699 865 2750 καὶ
933 2699 962 2749 6
1028 2697 1364 2759 Ὀκεακίλιος
1426 2699 1701 2766 Κράσσος,

118 2791 213 2842 καὶ
249 2787 344 2840 διὰ
377 2791 474 2858 τῆς
514 2790 678 2860 νήσου
714 2790 850 2859 όμοῦ
895 2807 953 2843 τε
998 2792 1378 2862 πορευόμενοι,
1425 2792 1524 2843 καὶ
1555 2790 1703 2860 διχῆ,

122 2881 358 2944 πολλοὺς
387 2881 650 2954 ὁμολογίᾳ
692 2883 1156 2954 παρεστήσαντο.-
1192 2884 1279 2946 '0;
1333 2882 1392 2936 δὲ
1438 2882 1504 2936 τά
1534 2881 1704 2934 πλείω

118 2973 424 3040 ᾠκείωντο,
460 2975 597 3045 πρὸς
633 2977 731 3039 τὰς
807 2975 1160 3048 Συρακούσας
1207 2975 1498 3046 ὥρμησαν.
1539 2973 1649 3028 Καὶ
1677 2973 1706 3024 6

130 3065 325 3134 Ἱέρων
357 3067 635 3144 φοϐηθεὶς,
666 3068 1132 3137 διεκηρυκεύσατο
1180 3069 1334 3136 σφίσι
1389 3069 1487 3130 τὰς
1519 3067 1704 3130 πόλεις

121 3153 179 3208 τε
205 3155 274 3220 ἃς
315 3155 614 3229 ἀφῄρηντο,
660 3159 946 3222 ἀποδιδοὺς
984 3160 1076 3212 καὶ
1105 3161 1361 3229 χρήματα
1408 3159 1702 3226 ὑπισχνούο

1787 1062 1901 1107 tum
1938 1060 2163 1121 propter
2189 1051 2331 1104 luem
2373 1049 2424 1102 in
2452 1049 2696 1102 exercitu
2732 1055 3082 1116 grassantem.
3115 1043 3343 1097 faculta-

1789 1153 1893 1200 tem
1931 1160 2037 1198 non
2073 1142 2329 1202 habebat.
2385 1140 2612 1204 recessit
2681 1138 3003 1209 Syracusani
3037 1145 3217 1190 autent
3253 1134 3343 1188 seé

1787 1248 2023 1306 quentcs
2054 1276 2068 1299 ,
2103 1250 2226 1288 cum
2261 1231 2526 1301 dispersis
2581 1229 3035 1298 colloquebautur
3077 1245 3088 1278 :
3134 1242 3193 1278 ac
3245 1241 3338 1293 pa-

1787 1345 1905 1384 cem
1933 1329 2210 1390 fecissent,
2245 1328 2288 1380 si
2320 1327 2483 1380 etiam
2517 1324 2714 1378 llieron
2737 1322 3044 1376 consentire
3065 1320 3341 1372 voluisset.

1787 1421 1988 1477 Consul
2017 1419 2270 1488 prmsidio
2291 1419 2547 1472 Messana:
2574 1416 2784 1479 relicto,
2815 1412 3078 1479 Rhegium
3117 1411 3342 1490 trajecit.

1793 1513 2021 1568 Romani
2057 1509 2321 1564 llctruriae
2375 1509 2541 1562 rebus
2601 1505 2940 1576 compositis,
2994 1515 3153 1572 atque
3198 1501 3347 1553 Italia

1791 1607 1948 1676 plane
1980 1600 2738 1673 pacata,Carthaginiensium
2772 1608 2951 1651 autem
2985 1595 3190 1650 viribus
3234 1609 3352 1648 cre-

1792 1697 2075 1752 scentibus
2097 1736 2111 1762 ,
2144 1703 2437 1763 utrumque
2470 1693 2746 1746 consulem
2794 1692 2844 1743 in
2880 1689 3118 1753 Siciliam
3144 1687 3354 1755 ircjus-

1794 1797 2016 1846 serunt.
2044 1789 2212 1858 Igitur
2246 1786 2506 1842 Valerius
2531 1783 2795 1839 Maximus
2823 1791 2871 1834 ct
2890 1779 3354 1836 OctaciliusCras-

1795 1898 1909 1946 sus,
1945 1891 2052 1936 tam
2087 1880 2316 1934 seorsim
2342 1896 2502 1946 quam
2534 1893 2638 1930 una
2697 1876 2926 1929 insulam
2985 1880 3350 1944 peragrantes,

1799 1975 1999 2029 multos
2040 1974 2093 2026 in
2129 1971 2463 2026 deditionem
2489 1976 2818 2037 acceperunt
2853 1985 2864 2019 :
2895 1982 2957 2021 ac
2987 1966 3121 2020 locis
3158 1965 3353 2032 pleris-

1793 2082 1900 2136 que
1954 2063 2253 2135 adjunctis,
2302 2063 2601 2134 Syracusas
2653 2057 3077 2112 contenderunt.
3114 2055 3355 2120 Quorum

1795 2129 2144 2209 successibus
2174 2129 2573 2223 385'llieron
2606 2151 2849 2210 territus,
2875 2146 3104 2202 redditis
3131 2144 3359 2198 urbibus
3396 2129 3402 2135 ’

1797 2260 1933 2314 quas
1957 2246 2038 2299 eis
2055 2245 2352 2307 ademerat,
2375 2243 2749 2313 promissaque
2780 2238 3028 2310 pecunia.
3057 2247 3110 2290 et
3133 2237 3359 2307 captivis

1799 2335 2061 2396 diu'iissis,
2124 2349 2311 2404 pacem
2380 2334 2554 2403 petiit,
2607 2342 2769 2401 atque
2827 2329 3182 2399 impetravit:
3216 2328 3358 2396 quod

1801 2429 2076 2488 consules,
2106 2427 2226 2496 ejus
2265 2427 2460 2495 opibus
2496 2424 2790 2494 adjunctis,
2819 2420 3302 2488 Carthaginienses
3330 2434 3358 2470 a

1802 2535 1858 2572 se
1890 2518 2103 2572 facilius
2132 2518 2391 2570 debellari
2414 2532 2572 2584 posse
2601 2516 2879 2568 rebantur.
2913 2513 3088 2566 Paetis
3111 2509 3357 2571 firmatis,

1803 2609 1867 2663 ad
1897 2610 2031 2664 alias
2075 2609 2259 2676 urbes,
2317 2610 2370 2662 in
2406 2608 2608 2677 quibus
2651 2608 2852 2662 Punica
2903 2604 3151 2675 priesidia
3182 2612 3359 2667 erant,

1805 2701 2076 2765 conversi,
2116 2716 2255 2770 aque
2283 2700 2495 2755 czeteris
2537 2699 2761 2768 repulsi,
2799 2697 3078 2767 Segestani
3130 2694 3270 2748 ultro
3305 2710 3361 2747 se

1801 2794 2090 2849 dedentem
2129 2800 2478 2861 acceperunt.
2513 2791 2672 2847 Cives
2697 2791 2845 2844 enim
2876 2789 2946 2842 ob
3005 2785 3366 2842 necessitudi-

1802 2901 1926 2940 nem
1958 2886 2060 2939 sibi
2096 2900 2220 2939 cum
2253 2883 2516 2938 Romanis
2549 2882 2976 2937 intercedentem
3012 2881 3158 2948 (nam
3200 2894 3358 2933 suum

1802 2993 2020 3048 quoque
2063 2987 2244 3031 ortum
2303 2977 2368 3030 ad
2404 2975 2632 3029 Aineam
2688 2983 2968 3027 auctorem
3029 2971 3361 3038 referebant)

1801 3067 2350 3137 Carthaginiensibus
2395 3066 2573 3130 caesis,
2627 3065 2843 3118 illorum
2878 3063 3000 3117 ﬁdei
3035 3077 3092 3117 se
3135 3063 3364 3117 commi-

1803 3165 2016 3211 serunt.

129 3261 318 3313 μενος,
351 3247 442 3297 καὶ
477 3249 600 3312 τοὺς
634 3248 1012 3316 αίχμαλώτους
1036 3249 1359 3319 ἐλευθερῶν,
1389 3251 1482 3302 καὶ
1505 3250 1692 3319 ἔτυχεν
1731 3249 1825 3300 ἐπὶ
1881 3248 2090 3311 τούτοις
2118 3249 2378 3302 σπονδῶν.
2440 3250 2504 3301 Ol.
2531 3249 2637 3318 γάρ
2671 3248 2865 3301 ὑπατοι
2893 3249 3020 3319 ῥᾷον
3049 3249 3170 3316 μετ’
3199 3243 3365 3299 αὑτοῦ

125 3340 610 3412 καταστρέψασθαι
637 3344 764 3408 τοὺς
793 3345 1199 3415 Καρχηδονίους
1236 3345 1519 3415 ἐνόμισαν.
1590 3343 1905 3412 Συμϐάντες
1968 3344 2014 3396 δ’
2077 3343 2247 3414 αὐτῷ,
2298 3344 2429 3413 πρὸς
2459 3345 2552 3408 τὰς
2579 3343 2770 3406 λοιπὰς
2797 3343 2978 3406 πόλεις
3013 3324 3116 3394 ὑπὸ
3147 3343 3368 3410 Καρχη-

123 3436 321 3490 δονίων
346 3437 758 3506 φρουρουμένας
784 3438 1102 3508 ἐτράποντο.
1131 3440 1242 3492 Καὶ
1267 3441 1374 3492 τῶν
1400 3441 1498 3510 μὲν
1555 3439 1730 3492 ἄλλων
1769 3439 2250 3509 άπεκρούσθησαν,
2295 3441 2565 3508 Ἕγεσταν
2629 3440 2673 3493 δ’
2721 3440 2973 3492 ἑκουσίαν
3013 3439 3222 3492 ἔλαϐον.
3272 3438 3368 3490 Διὰ

127 3534 228 3600 γὰρ
266 3530 370 3601 τὴν
407 3533 540 3601 πρὸς
576 3532 884 3601 Ῥωμαίους
917 3534 1192 3587 οἰκείωσιν
1223 3536 1271 3586 οἱ
1300 3536 1357 3586 ἐν
1385 3535 1549 3602 αὐτῇ,
1616 3532 1725 3585 ἀπὸ
1764 3532 1856 3584 τοῦ
1932 3534 2146 3604 Λίλνείου
2186 3534 2435 3600 λέγοντες
2468 3533 2770 3600 γεγονέναι,
2815 3515 3370 3601 προσεχώρησανἀὑο

133 3627 231 3688 τοῖς
267 3625 400 3687 τοὺς
424 3624 827 3693 Καρχηδονίους
860 3624 1243 3692 φονεύσαντες.

196 3674 250 3771 Ιῑ.
280 3674 398 3769 Καί
419 3716 467 3768 οί
493 3674 1323 3786 pavent-0:53.666inpiam
1353 3717 1438 3778 είς
1470 3718 1531 3768 τὸ
1571 3716 1696 3787 Ῥή-

1874 3717 1941 3772 Χ.
1995 3715 2328 3771 Consulibus
2380 3715 2451 3769 ob
2502 3713 2796 3768 hibernmn
2845 3721 3060 3782 tempus
3107 3711 3375 3782 Rhegium

131 3827 246 3876 γιον
275 3809 520 3878 ἀπῆραν.
558 3807 916 3878 Καρχηδόνιοι
973 3809 1032 3862 δέ
1061 3810 1138 3872 είς
1198 3808 1384 3876 Σαρδὼ
1431 3809 1490 3862 τὸ
1518 3809 1702 3863 πλεῖον

133 3903 403 3968 ἐκόμισαν
429 3900 524 3952 τοῦ
565 3899 820 3969 στρατοῦ,
865 3900 931 3954 ἶν’
970 3900 1184 3953 ἐκεῖθεν
1234 3903 1300 3970 τῇ
1349 3900 1534 3974 Ῥώμῃ
1588 3903 1706 3955 ἐπί-

134 3992 362 4053 οωνται,
401 3990 494 4042 καὶ
526 3990 557 4058 ἦ
605 3992 791 4042 τέλεον
836 3990 980 4044 οὕτω
1005 3992 1101 4060 τῆς
1137 3991 1383 4054 Σικελίας
1429 3994 1703 4060 ἐκστήσω-

133 4099 236 4142 σιν,
290 4083 324 4150 ἦ
389 4081 878 4150 διαπεραιωθέντας
939 4082 1357 4148 ἀσθενεστέρους
1386 4084 1700 4152 ποιήσωσιν.

132 4173 277 4227 Ἀλλ’
313 4172 434 4225 οὒτε
466 4173 681 4237 τούτου,
746 4173 868 4226 οὔτε
917 4174 1023 4243 μὴν
1075 4175 1285 4227 ἐκείνου
1327 4175 1610 4244 ἐπέτυχον.
1640 4177 1701 4228 Ol

130 4268 238 4336 γάρ
288 4265 551 4334 Ῥωμαῖοι
587 4259 684 4336 τ’ήν
715 4282 772 4318 τε
801 4267 1007 4318 οἰκείαν
1033 4265 1354 4333 ἐφύλαττον,
1419 4269 1512 4318 καὶ
1559 4267 1704 4331 ἀξιό-

135 4377 314 4429 μαχον
344 4359 422 4419 είς
454 4358 704 4412 Σικελίαν
733 4358 964 4428 δύναμιν
1003 4359 1256 4428 ἔπεμψαν
1292 4358 1430 4429 μετὰ
1473 4362 1706 4414 Ποστου-

134 4455 258 4521 μίου
313 4451 579 4516 Ἀλϐίνου,
610 4451 705 4505 καὶ
741 4453 879 4520 μετὰ
903 4451 1157 4519 Α-ίμιλίου
1196 4453 1454 4506 Κοΐντου.
1498 4451 1730 4504 Ἐλθόν-.

132 4561 220 4607 τες
241 4544 302 4597 δὲ
336 4543 416 4605 εἰς
448 4541 700 4595 Σικελίαν
746 4544 795 4602 oi
831 4541 1048 4604 ὕπατοι,
1106 4543 1192 4594 ἐπ’
1214 4543 1557 4613 ’Λκράγαντα
1594 4542 1702 4610 ὦρ-

138 4653 345 4706 μησαν,
363 4635 644 4688 κάνταῦθα
662 4633 914 4688 ’Δννίϐαν
926 4635 1018 4686 τὸν
1038 4634 1311 4696 Γίσκωνος
1329 4635 1700 4702 ἐπολιόρκουν.

135 4728 198 4778 Οἱ
251 4727 312 4776 ἐν
360 4724 665 4792 Καρχηδόνι
715 4725 1047 4791 πυθόμενοι,
1101 4725 1348 4775 ’Ἄννωνα
1416 4722 1562 4790 αὑτῷ
1609 4723 1705 4775 σὺν

134 4817 306 4884 πολλῇ
357 4815 501 4883 χειρὶ
552 4815 982 4882 συμμαχήσοντα
1052 4813 1325 4881 ἔπεμψαν.
1394 4815 1454 4866 Ὀ
1519 4814 1576 4867 δὲ
1647 4815 1705 4875 ἐς

144 4902 479 4978 ⁹Πράκλειαν
509 4905 699 4969 ἐλθὼν,
746 4906 807 4957 οὑ
839 4907 1027 4974 πόρρω
1087 4905 1253 4960 οὖσαν
1315 4906 1702 4978 Ἀκράγαντος,

132 4997 422 5068 ἐπολέμει.
464 4997 572 5049 Καὶ
611 4996 783 5065 μάχαι
812 4996 1028 5060 πλείους
1065 4999 1160 5050 καὶ
1230 4998 1463 5068 μεγάλαι
1493 4998 1538 5050 δ’
1588 4997 1702 5065 ἐγί-

1814 3810 2068 3873 reversis,
2111 3809 2594 3879 Carthaginienses
2627 3807 2886 3878 majorem
2921 3808 3203 3876 copiarum
3250 3823 3371 3875 par.

1816 3915 1922 3956 tem
1955 3904 2007 3956 in
2041 3901 2346 3956 Sardiniam
2383 3900 2804 3962 transtulerunt,
2843 3908 2902 3952 ut
2931 3897 3057 3952 inde
3102 3898 3386 3951 llemauos.

1812 3993 2238 4063 aggrederentur
2265 4013 2278 4046 :
2313 3999 2478 4060 atque
2502 3999 2596 4044 aut
2624 3990 2845 4060 penitus
2871 3988 3052 4043 Sicilia
3085 3990 3373 4062 pellerent,

1813 4097 1905 4141 aut
1952 4086 1997 4141 si
2045 4084 2411 4155 trajecissenl,
2463 4084 2610 4137 \‘ires
2659 4098 2849 4137 eorum
2903 4092 3211 4153 carperent.
3268 4083 3371 4138 Sed

1815 4189 2076 4241 neutrum
2103 4177 2183 4233 eis
2228 4175 2515 4239 successit,
2553 4174 2815 4228 Romanis
2843 4182 2896 4228 et
2927 4190 3023 4228 sua
3071 4175 3367 4233 tuentibus.

1812 4281 1866 4325 et
1900 4270 2138 4325 Siciliam
2179 4254 2302 4323 eum
2332 4267 2497 4339 justis
2535 4267 2732 4336 copiis,
2765 4266 3067 4321 Posthumii
3107 4266 3287 4319 Albini
3317 4277 3372 4320 et

1811 4363 1877 4430 ρ.
1911 4361 2118 4417 Ειιιίιὶἰ
2179 4352 2344 4415 ductu
2393 4367 2555 4427 atque
2601 4358 2877 4427 auspiciis,
2930 4357 3366 4412 defendentibus.

1813 4455 1916 4519 Qui
1949 4468 2070 4506 cum
2109 4452 2159 4504 in
2196 4450 2428 4503 insulam
2467 4450 2768 4509 venissent.
2803 4448 3154 4504 llamtibalem
3182 4450 3371 4504 Gisco-

1819 4546 1904 4598 nis
1941 4543 2110 4596 ﬁiium
2155 4541 2433 4612 Agrigenti
2481 4541 2837 4596 obsederunt.
2887 4540 3003 4607 Quo
3048 4542 3370 4612 Carthagine

1812 4635 2020 4697 audito,
2071 4633 2264 4705 Hanno
2298 4649 2422 4688 cum
2474 4648 2663 4703 magna
2705 4649 2866 4687 manu
2903 4634 3105 4687 auxilio
3153 4633 3367 4697 missus,

1817 4728 2108 4792 Heracleae,
2167 4743 2288 4797 qua:
2339 4743 2530 4797 parum
2581 4728 2878 4796 Agrigento
2925 4726 3110 4788 distat,
3168 4726 3377 4781 bellum

1812 4822 1978 4889 gessit
2015 4841 2027 4874 :
2059 4835 2122 4874 ac
2156 4820 2324 4872 multa
2355 4835 2656 4888 magnaque
2687 4819 2866 4886 praelia
2899 4828 3026 4872 sunt
3057 4820 3370 4880 commissa.
3448 4819 3452 4826 ’

1814 4912 2054 4981 primum
2080 4909 2342 4963 Hannone
2364 4908 2638 4976 consules,
2667 4907 2867 4962 deinde
2893 4909 3213 4964 consulibus
3238 4911 3373 4964 Hau-

1810 5009 2010 5058 honem
2054 5001 2495 5072 provocantibus.
2534 5001 2667 5056 Nam
2712 5001 2840 5056 dum
2892 5001 3118 5057 Romani
3153 5004 3376 5070 e0piam.

134 5092 428 5146 νοντοοκαὶ
467 5091 532 5144 τὰ
601 5089 700 5160 μὲν
751 5088 944 5160 πρῶτα
988 5093 1016 5142 6
1046 5093 1252 5142 Ἀννων
1291 5093 1418 5154 τοὺς
1465 5091 1698 5151 ὑπάτους

1810 5097 2145 5153 cibariorum
2192 5095 2488 5157 habebant.
2521 5111 2750 5149 nume-ro
2787 5095 3016 5148 militum
3055 5093 3365 5152 iufeviores,

137 5182 501 5250 προύκαλεῖτο
559 5183 640 5245 είς
680 5181 937 5251 πόλεμον,
970 5177 1071 5234 εἷθ’
1111 5180 1336 5250 ὕστερον
1393 5184 1598 5237 ἐκεῖνον
1651 5183 1701 5233 οί

146 5273 412 5341 Ῥωμαῖοι
449 5274 876 5345 προὺκέκληντο.
911 5274 1058 5337 Ἕως
1093 5272 1322 5344 μὲνογὰρ
1351 5275 1580 5342 ἄφθονον
1628 5271 1705 5327 εἶ’-μ

137 5378 232 5431 χον
261 5362 312 5413 οί
357 5361 619 5428 Ῥωμαῖοι
642 5365 870 5435 τροφὴν,
903 5367 1004 5420 οὐκ
1054 5366 1301 5436 ἐτόλμων
1339 5366 1703 5435 μαχέσασθαι,

138 5453 215 5517 τῷ
251 5451 447 5521 πλήθει
489 5452 956 5524 ἐλαττονοὺμενοι,
987 5458 1130 5527 λιμῷ
1151 5459 1322 5527 δὲτὴν
1353 5457 1506 5510 πόλιν
1549 5461 1708 5528 αἱρή-

142 5560 255 5596 σειν
290 5544 534 5613 ήλτᾳζον.
580 5546 733 5598 Ἐπεὶ
762 5548 818 5600 δὲ
854 5550 1004 5603 σίτου
1049 5552 1358 5615 ἐσπάνιζον,
1414 5550 1568 5602 αὑτοὶ
1605 5553 1704 5618 μὲν

144 5635 623 5690 ἀποκινδυνεύσειν
649 5638 1074 5708 προεθυμοῦντο.
1105 5645 1164 5696 '0
1196 5644 1251 5696 δὲ
1288 5644 1494 5698 Ἀννων
1519 5641 1703 5706 ὤκνει,

144 5725 490 5789 ὑποπτεύσας
537 5727 624 5781 διὰ
684 5730 781 5799 τὴν
831 5732 1141 5801 προθυμίαν
1190 5735 1695 5805 ἐνεδρευθήσεσθαι.

142 5819 232 5871 Διὸ
264 5819 319 5872 οἵ
350 5836 410 5872 τε
443 5818 591 5871 ἄλλοι
616 5820 685 5872 τὰ
713 5823 821 5874 τῶν
852 5823 1142 5893 Ῥωμαίων
1171 5828 1492 5896 Θεραπεύειν
1521 5827 1704 5894 ἠξίουν

148 5910 220 5974 ὡς
254 5911 436 5982 ἀκμὴν
493 5914 873 5984 νενικηκότων,
923 5918 1015 5969 καὶ
1069 5919 1097 5970 6
1137 5918 1315 5990 Ἱέρων
1375 5920 1707 5990 ἀπροθύμως

1811 5206 2044 5261 pugnam
2095 5189 2497 5252 detrectabant,
2533 5205 2591 5243 se
2622 5190 2762 5242 laute
2807 5186 2997 5240 urbem
3031 5192 3368 5253 expugnatu-

1814 5293 1902 5331 ros
1934 5279 2218 5347 sperantes
2267 5294 2279 5330 :
2321 5292 2442 5332 cum
2472 5294 2601 5332 vero
2655 5271 2931 5331 frumento
2977 5273 3373 5337 delicerent,ad

1808 5367 2200 5424 decertandum
2252 5370 2476 5430 alacres~
2515 5368 2640 5422 facti
2673 5375 2818 5423 sunt.
2847 5365 3036 5419 Hanno
3090 5382 3216 5420 vero
3265 5383 3364 5435 pu-

1810 5459 2009 5527 gnandi
2045 5459 2374 5533 copiam'eis
2403 5461 2579 5514 facere
2606 5460 2802 5518 noluit.
2839 5458 3045 5512 veritus
3072 5475 3138 5513 ne
3172 5458 3366 5511 alacri-

1811 5560 1920 5604 tate
1966 5552 2054 5607 illa
2088 5552 2139 5604 iu
2169 5552 2400 5610 insidias
2433 5550 2804 5620 peilicetetur.
2841 5550 2994 5606 Unde
3030 5550 3227 5605 factum
3260 5556 3363 5604 est.

1809 5653 1867 5693 ut
1897 5654 1947 5696 et
1994 5645 2084 5698 alii
2121 5645 2381 5701 Romanis
2412 5653 2667 5713 tanquam
2697 5644 2997 5698 victoribus
3037 5637 3317 5697 studerent
3350 5659 3362 5693 :

1776 5742 1859 5785 -οι
1897 5735 2098 5788 llieron
2134 5744 2258 5789 ante
2291 5735 2528 5806 segniter
2573 5736 2822 5790 auxiliari
2855 5736 3067 5796 solitus,
3105 5743 3215 5786 tum
3250 5733 3365 5786 fru-

1809 5837 2052 5877 mentum
2106 5825 2477 5888 submitteret,
2521 5828 2665 5881 unde
2698 5826 2921 5879 Romani
2968 5825 3177 5878 animos
3215 5841 3366 5880 rece-

1810 5928 2030 5988 perunt.
2070 5917 2260 5972 llanno
2309 5935 2528 5989 quoque
2561 5934 2790 5991 pugnam
2825 5917 3166 5972 committere
3213 5915 3368 5970 insti-
