  <div class='ocr_page' id='page_1' title='image "/cluster/home/n/w/nwhite01/storage/ocr_20150623/134/pst.000005714506/341.png"; bbox 0 0 3986 6338; ppageno 0'>
   <div class='ocr_carea' id='block_1_1' title="bbox 594 430 759 491">
    <p class='ocr_par' dir='ltr' id='par_1_1' title="bbox 594 430 759 491">
     <span class='ocr_line' id='line_1_1' title="bbox 594 430 759 491; baseline -0.006 0"><span class='ocrx_word' id='word_1_1' title='bbox 594 430 698 491; x_wconf 78' lang='grc' dir='ltr'>66Ἶ</span> <span class='ocrx_word' id='word_1_2' title='bbox 756 444 759 447; x_wconf 78' lang='lat'><em>‘</em></span> 
     </span>
    </p>
   </div>
   <div class='ocr_carea' id='block_1_2' title="bbox 1879 398 2557 499">
    <p class='ocr_par' dir='ltr' id='par_1_2' title="bbox 1879 398 2557 499">
     <span class='ocr_line' id='line_1_2' title="bbox 1879 398 2557 499; baseline -0.003 -2"><span class='ocrx_word' id='word_1_3' title='bbox 1879 438 2202 499; x_wconf 80' lang='lat' dir='ltr'>JOANNlS</span> <span class='ocrx_word' id='word_1_4' title='bbox 2242 406 2557 497; x_wconf 61' lang='lat' dir='ltr'><strong>zemas</strong></span> 
     </span>
    </p>
   </div>
   <div class='ocr_carea' id='block_1_3' title="bbox 3721 442 3833 503">
    <p class='ocr_par' dir='ltr' id='par_1_3' title="bbox 3721 442 3833 503">
     <span class='ocr_line' id='line_1_3' title="bbox 3721 442 3833 503; baseline -0.018 0"><span class='ocrx_word' id='word_1_5' title='bbox 3721 442 3833 503; x_wconf 81' lang='lat'><em>668</em></span> 
     </span>
    </p>
   </div>
   <div class='ocr_carea' id='block_1_4' title="bbox 593 514 2160 625">
    <p class='ocr_par' dir='ltr' id='par_1_4' title="bbox 593 542 2160 621">
     <span class='ocr_line' id='line_1_4' title="bbox 593 542 2160 621; baseline 0.007 -26"><span class='ocrx_word' id='word_1_6' title='bbox 593 542 1034 611; x_wconf 84' lang='lat' dir='ltr'><strong>prehendissem,</strong></span> <span class='ocrx_word' id='word_1_7' title='bbox 1063 548 1242 604; x_wconf 89' lang='lat' dir='ltr'><strong>omnis</strong></span> <span class='ocrx_word' id='word_1_8' title='bbox 1278 550 1583 621; x_wconf 86' lang='lat' dir='ltr'><strong>eonjuratio</strong></span> <span class='ocrx_word' id='word_1_9' title='bbox 1629 550 1887 620; x_wconf 82' lang='lat' dir='ltr'><strong>dissipata</strong></span> <span class='ocrx_word' id='word_1_10' title='bbox 1921 558 2023 607; x_wconf 91' lang='lat' dir='ltr'><strong>est.</strong></span> <span class='ocrx_word' id='word_1_11' title='bbox 2062 552 2160 606; x_wconf 87' lang='lat' dir='ltr'>Se-</span> 
     </span>
    </p>
   </div>
   <div class='ocr_carea' id='block_1_5' title="bbox 2262 514 3835 625">
    <p class='ocr_par' dir='ltr' id='par_1_5' title="bbox 2262 533 3835 625">
     <span class='ocr_line' id='line_1_5' title="bbox 2262 533 3835 625; baseline 0.002 -22"><span class='ocrx_word' id='word_1_12' title='bbox 2262 550 2371 604; x_wconf 82' lang='grc' dir='ltr'>θὼν</span> <span class='ocrx_word' id='word_1_13' title='bbox 2403 551 2458 603; x_wconf 81' lang='grc' dir='ltr'>δὲ</span> <span class='ocrx_word' id='word_1_14' title='bbox 2489 533 2865 621; x_wconf 33' lang='grc' dir='ltr'>τοῦτο’Ἕριος</span> <span class='ocrx_word' id='word_1_15' title='bbox 2894 550 3158 616; x_wconf 81' lang='grc' dir='ltr'>ῐίοτίλιος,</span> <span class='ocrx_word' id='word_1_16' title='bbox 3185 555 3213 607; x_wconf 86' lang='grc' dir='ltr'>ό</span> <span class='ocrx_word' id='word_1_17' title='bbox 3234 553 3333 622; x_wconf 84' lang='grc' dir='ltr'>τῆς</span> <span class='ocrx_word' id='word_1_18' title='bbox 3361 552 3610 623; x_wconf 76' lang='grc' dir='ltr'>βοηθείας</span> <span class='ocrx_word' id='word_1_19' title='bbox 3635 556 3835 625; x_wconf 74' lang='grc' dir='ltr'>ἄρχων</span> 
     </span>
    </p>
   </div>
   <div class='ocr_carea' id='block_1_6' title="bbox 593 638 2156 713">
    <p class='ocr_par' dir='ltr' id='par_1_6' title="bbox 593 638 2156 713">
     <span class='ocr_line' id='line_1_6' title="bbox 593 638 2156 713; baseline 0.005 -24"><span class='ocrx_word' id='word_1_20' title='bbox 593 638 780 705; x_wconf 19' lang='lat' dir='ltr'><strong>qluenti</strong></span> <span class='ocrx_word' id='word_1_21' title='bbox 814 647 999 694; x_wconf 57' lang='lat' dir='ltr'><strong>aestate</strong></span> <span class='ocrx_word' id='word_1_22' title='bbox 1042 640 1270 695; x_wconf 80' lang='lat' dir='ltr'><strong>Romani</strong></span> <span class='ocrx_word' id='word_1_23' title='bbox 1300 650 1355 696; x_wconf 89' lang='lat' dir='ltr'>et</span> <span class='ocrx_word' id='word_1_24' title='bbox 1396 641 1871 713; x_wconf 80' lang='lat' dir='ltr'><strong>Carthaginienses</strong></span> <span class='ocrx_word' id='word_1_25' title='bbox 1908 643 2070 698; x_wconf 84' lang='lat' dir='ltr'>simul</span> <span class='ocrx_word' id='word_1_26' title='bbox 2100 652 2156 697; x_wconf 93' lang='lat' dir='ltr'>et</span> 
     </span>
    </p>
   </div>
   <div class='ocr_carea' id='block_1_7' title="bbox 594 722 2155 806">
    <p class='ocr_par' dir='ltr' id='par_1_7' title="bbox 594 722 2155 806">
     <span class='ocr_line' id='line_1_7' title="bbox 594 722 2155 806; baseline 0.007 -26"><span class='ocrx_word' id='word_1_27' title='bbox 594 726 648 780; x_wconf 89' lang='lat' dir='ltr'>in</span> <span class='ocrx_word' id='word_1_28' title='bbox 684 728 865 784; x_wconf 84' lang='lat' dir='ltr'>Sicilia</span> <span class='ocrx_word' id='word_1_29' title='bbox 898 722 946 785; x_wconf 90' lang='lat' dir='ltr'>et</span> <span class='ocrx_word' id='word_1_30' title='bbox 981 732 1033 787; x_wconf 95' lang='lat' dir='ltr'>in</span> <span class='ocrx_word' id='word_1_31' title='bbox 1076 732 1327 789; x_wconf 82' lang='lat' dir='ltr'>Sardinia</span> <span class='ocrx_word' id='word_1_32' title='bbox 1358 735 1562 789; x_wconf 87' lang='lat' dir='ltr'><strong>bellum</strong></span> <span class='ocrx_word' id='word_1_33' title='bbox 1602 745 1906 806; x_wconf 78' lang='lat' dir='ltr'><strong>gesserunt.</strong></span> <span class='ocrx_word' id='word_1_34' title='bbox 1948 736 2155 791; x_wconf 87' lang='lat' dir='ltr'><strong>Deinde</strong></span> 
     </span>
    </p>
   </div>
   <div class='ocr_carea' id='block_1_8' title="bbox 550 822 2155 898">
    <p class='ocr_par' dir='ltr' id='par_1_8' title="bbox 550 822 2155 898">
     <span class='ocr_line' id='line_1_8' title="bbox 550 822 2155 898; baseline 0.008 -27"><span class='ocrx_word' id='word_1_35' title='bbox 550 854 553 855; x_wconf 50' lang='grc' dir='ltr'><em>ν</em></span> <span class='ocrx_word' id='word_1_36' title='bbox 594 835 718 872; x_wconf 82' lang='lat' dir='ltr'>eum</span> <span class='ocrx_word' id='word_1_37' title='bbox 758 822 985 887; x_wconf 76' lang='lat' dir='ltr'><strong>Attilius</strong></span> <span class='ocrx_word' id='word_1_38' title='bbox 1034 824 1263 898; x_wconf 85' lang='lat' dir='ltr'><strong>Latinus</strong></span> <span class='ocrx_word' id='word_1_39' title='bbox 1306 827 1358 880; x_wconf 91' lang='lat' dir='ltr'>in</span> <span class='ocrx_word' id='word_1_40' title='bbox 1405 826 1642 883; x_wconf 90' lang='lat' dir='ltr'><strong>Siciliam</strong></span> <span class='ocrx_word' id='word_1_41' title='bbox 1678 830 1940 892; x_wconf 77' lang='lat' dir='ltr'>venisset,</span> <span class='ocrx_word' id='word_1_42' title='bbox 1988 838 2155 898; x_wconf 89' lang='lat' dir='ltr'><strong>atque</strong></span> 
     </span>
    </p>
   </div>
   <div class='ocr_carea' id='block_1_9' title="bbox 592 902 2153 978">
    <p class='ocr_par' dir='ltr' id='par_1_9' title="bbox 592 902 2153 978">
     <span class='ocr_line' id='line_1_9' title="bbox 592 902 2153 978; baseline 0.009 -14"><span class='ocrx_word' id='word_1_43' title='bbox 592 902 964 969; x_wconf 67' lang='lat' dir='ltr'><strong>Mutistratum</strong></span> <span class='ocrx_word' id='word_1_44' title='bbox 1000 917 1190 971; x_wconf 87' lang='lat' dir='ltr'><strong>urbem</strong></span> <span class='ocrx_word' id='word_1_45' title='bbox 1222 935 1252 972; x_wconf 93' lang='lat' dir='ltr'>a</span> <span class='ocrx_word' id='word_1_46' title='bbox 1284 918 1446 974; x_wconf 85' lang='lat' dir='ltr'><strong>Floro</strong></span> <span class='ocrx_word' id='word_1_47' title='bbox 1498 921 1772 975; x_wconf 85' lang='lat' dir='ltr'><strong>obsessam</strong></span> <span class='ocrx_word' id='word_1_48' title='bbox 1806 920 2103 976; x_wconf 82' lang='lat' dir='ltr'><strong>invenisset</strong></span> <span class='ocrx_word' id='word_1_49' title='bbox 2136 939 2153 978; x_wconf 86' lang='lat'><strong>:</strong></span> 
     </span>
    </p>
   </div>
   <div class='ocr_carea' id='block_1_10' title="bbox 491 1000 2151 1081">
    <p class='ocr_par' dir='ltr' id='par_1_10' title="bbox 491 1000 2151 1081">
     <span class='ocr_line' id='line_1_10' title="bbox 491 1000 2151 1081; baseline 0.007 -29"><span class='ocrx_word' id='word_1_50' title='bbox 491 1074 494 1080; x_wconf 18' lang='grc' dir='ltr'><strong>Α</strong></span> <span class='ocrx_word' id='word_1_51' title='bbox 578 1000 763 1075; x_wconf 78' lang='lat' dir='ltr'><strong>,copiis</strong></span> <span class='ocrx_word' id='word_1_52' title='bbox 817 1003 965 1058; x_wconf 84' lang='lat' dir='ltr'><strong>illius</strong></span> <span class='ocrx_word' id='word_1_53' title='bbox 1013 1021 1163 1071; x_wconf 81' lang='lat' dir='ltr'><strong>usus,</strong></span> <span class='ocrx_word' id='word_1_54' title='bbox 1210 1024 1333 1062; x_wconf 90' lang='lat' dir='ltr'>cum</span> <span class='ocrx_word' id='word_1_55' title='bbox 1380 1010 1575 1063; x_wconf 73' lang='lat' dir='ltr'><strong>mmnia</strong></span> <span class='ocrx_word' id='word_1_56' title='bbox 1603 1021 1960 1081; x_wconf 72' lang='lat' dir='ltr'><strong>oppugnaret,</strong></span> <span class='ocrx_word' id='word_1_57' title='bbox 1996 1012 2151 1080; x_wconf 87' lang='lat' dir='ltr'><strong>oppi-</strong></span> 
     </span>
    </p>
   </div>
   <div class='ocr_carea' id='block_1_11' title="bbox 558 1089 2157 1167">
    <p class='ocr_par' dir='ltr' id='par_1_11' title="bbox 558 1089 2157 1167">
     <span class='ocr_line' id='line_1_11' title="bbox 558 1089 2157 1167; baseline 0.008 -24"><span class='ocrx_word' id='word_1_58' title='bbox 558 1089 717 1145; x_wconf 87' lang='lat' dir='ltr'><strong>dani</strong></span> <span class='ocrx_word' id='word_1_59' title='bbox 773 1095 1045 1165; x_wconf 90' lang='lat' dir='ltr'><strong>principio</strong></span> <span class='ocrx_word' id='word_1_60' title='bbox 1093 1113 1216 1152; x_wconf 91' lang='lat' dir='ltr'>cum</span> <span class='ocrx_word' id='word_1_61' title='bbox 1269 1099 1809 1167; x_wconf 82' lang='lat' dir='ltr'><strong>Carthaginiensibus</strong></span> <span class='ocrx_word' id='word_1_62' title='bbox 1835 1101 1884 1156; x_wconf 90' lang='lat' dir='ltr'>ei</span> <span class='ocrx_word' id='word_1_63' title='bbox 1940 1101 2157 1156; x_wconf 90' lang='lat' dir='ltr'><strong>fortiter</strong></span> 
     </span>
    </p>
   </div>
   <div class='ocr_carea' id='block_1_12' title="bbox 590 1180 2155 1257">
    <p class='ocr_par' dir='ltr' id='par_1_12' title="bbox 590 1180 2155 1257">
     <span class='ocr_line' id='line_1_12' title="bbox 590 1180 2155 1257; baseline 0.01 -27"><span class='ocrx_word' id='word_1_64' title='bbox 590 1180 928 1238; x_wconf 81' lang='lat' dir='ltr'><strong>restiterunt.</strong></span> <span class='ocrx_word' id='word_1_65' title='bbox 966 1184 1067 1239; x_wconf 80' lang='lat' dir='ltr'><strong>Sed</strong></span> <span class='ocrx_word' id='word_1_66' title='bbox 1097 1188 1358 1243; x_wconf 80' lang='lat' dir='ltr'><strong>uxoribus</strong></span> <span class='ocrx_word' id='word_1_67' title='bbox 1398 1199 1452 1244; x_wconf 89' lang='lat' dir='ltr'>et</span> <span class='ocrx_word' id='word_1_68' title='bbox 1496 1191 1685 1245; x_wconf 89' lang='lat' dir='ltr'><strong>liberis</strong></span> <span class='ocrx_word' id='word_1_69' title='bbox 1710 1190 2155 1257; x_wconf 81' lang='lat' dir='ltr'><strong>lamentantibus,</strong></span> 
     </span>
    </p>
   </div>
   <div class='ocr_carea' id='block_1_13' title="bbox 588 1269 2157 1351">
    <p class='ocr_par' dir='ltr' id='par_1_13' title="bbox 588 1269 2157 1351">
     <span class='ocr_line' id='line_1_13' title="bbox 588 1269 2157 1351; baseline 0.008 -29"><span class='ocrx_word' id='word_1_70' title='bbox 588 1269 789 1323; x_wconf 85' lang='lat' dir='ltr'><strong>omissa</strong></span> <span class='ocrx_word' id='word_1_71' title='bbox 826 1271 1168 1343; x_wconf 80' lang='lat' dir='ltr'><strong>defensione,</strong></span> <span class='ocrx_word' id='word_1_72' title='bbox 1194 1279 1743 1349; x_wconf 76' lang='lat' dir='ltr'><strong>Carthaginiensibus</strong></span> <span class='ocrx_word' id='word_1_73' title='bbox 1767 1292 1926 1337; x_wconf 90' lang='lat' dir='ltr'><strong>noctu</strong></span> <span class='ocrx_word' id='word_1_74' title='bbox 1949 1283 2157 1351; x_wconf 77' lang='lat' dir='ltr'><strong>digres-</strong></span> 
     </span>
    </p>
   </div>
   <div class='ocr_carea' id='block_1_14' title="bbox 588 1360 2154 1443">
    <p class='ocr_par' dir='ltr' id='par_1_14' title="bbox 588 1360 2154 1443">
     <span class='ocr_line' id='line_1_14' title="bbox 588 1360 2154 1443; baseline 0.008 -30"><span class='ocrx_word' id='word_1_75' title='bbox 588 1360 683 1422; x_wconf 82' lang='lat' dir='ltr'><strong>sis,</strong></span> <span class='ocrx_word' id='word_1_76' title='bbox 720 1364 896 1431; x_wconf 89' lang='lat' dir='ltr'><strong>primo</strong></span> <span class='ocrx_word' id='word_1_77' title='bbox 925 1366 1167 1423; x_wconf 84' lang='lat' dir='ltr'><strong>diluculo</strong></span> <span class='ocrx_word' id='word_1_78' title='bbox 1203 1381 1386 1439; x_wconf 84' lang='lat' dir='ltr'><strong>portas</strong></span> <span class='ocrx_word' id='word_1_79' title='bbox 1412 1374 1554 1427; x_wconf 78' lang='lat' dir='ltr'><strong>ultro</strong></span> <span class='ocrx_word' id='word_1_80' title='bbox 1572 1382 1925 1443; x_wconf 88' lang='lat' dir='ltr'><strong>aperuerunt.</strong></span> <span class='ocrx_word' id='word_1_81' title='bbox 1952 1374 2154 1429; x_wconf 77' lang='lat' dir='ltr'><strong>Verum</strong></span> 
     </span>
    </p>
   </div>
   <div class='ocr_carea' id='block_1_15' title="bbox 587 1449 2155 1531">
    <p class='ocr_par' dir='ltr' id='par_1_15' title="bbox 587 1449 2155 1531">
     <span class='ocr_line' id='line_1_15' title="bbox 587 1449 2155 1531; baseline 0.01 -29"><span class='ocrx_word' id='word_1_82' title='bbox 587 1449 819 1508; x_wconf 78' lang='lat' dir='ltr'><strong>Romani</strong></span> <span class='ocrx_word' id='word_1_83' title='bbox 853 1456 1106 1527; x_wconf 74' lang='lat' dir='ltr'><strong>ingressi,</strong></span> <span class='ocrx_word' id='word_1_84' title='bbox 1143 1462 1347 1516; x_wconf 92' lang='lat' dir='ltr'><strong>nemini</strong></span> <span class='ocrx_word' id='word_1_85' title='bbox 1379 1474 1740 1531; x_wconf 86' lang='lat' dir='ltr'><strong>pepercerunt</strong></span> <span class='ocrx_word' id='word_1_86' title='bbox 1768 1458 1783 1521; x_wconf 19' lang='lat'>‘:</span> <span class='ocrx_word' id='word_1_87' title='bbox 1814 1452 1988 1519; x_wconf 87' lang='lat' dir='ltr'><strong>donec</strong></span> <span class='ocrx_word' id='word_1_88' title='bbox 2015 1464 2155 1520; x_wconf 87' lang='lat' dir='ltr'><strong>Atti-</strong></span> 
     </span>
    </p>
   </div>
   <div class='ocr_carea' id='block_1_16' title="bbox 588 1540 2154 1631">
    <p class='ocr_par' dir='ltr' id='par_1_16' title="bbox 588 1540 2154 1631">
     <span class='ocr_line' id='line_1_16' title="bbox 588 1540 2154 1631; baseline 0.013 -38"><span class='ocrx_word' id='word_1_89' title='bbox 588 1540 693 1597; x_wconf 75' lang='lat' dir='ltr'><strong>liUS</strong></span> <span class='ocrx_word' id='word_1_90' title='bbox 743 1551 1086 1631; x_wconf 66' lang='lat' dir='ltr'><strong>pronuntiari</strong></span> <span class='ocrx_word' id='word_1_91' title='bbox 1138 1554 1318 1623; x_wconf 74' lang='lat' dir='ltr'><strong>jussit,</strong></span> <span class='ocrx_word' id='word_1_92' title='bbox 1354 1556 1588 1624; x_wconf 72' lang='lat' dir='ltr'><strong>prtedam</strong></span> <span class='ocrx_word' id='word_1_93' title='bbox 1637 1567 1692 1611; x_wconf 93' lang='lat' dir='ltr'>ct</span> <span class='ocrx_word' id='word_1_94' title='bbox 1742 1559 1995 1613; x_wconf 77' lang='lat' dir='ltr'><strong>homines</strong></span> <span class='ocrx_word' id='word_1_95' title='bbox 2035 1558 2154 1628; x_wconf 81' lang='lat' dir='ltr'><strong>ejus</strong></span> 
     </span>
    </p>
   </div>
   <div class='ocr_carea' id='block_1_17' title="bbox 587 1634 2156 1721">
    <p class='ocr_par' dir='ltr' id='par_1_17' title="bbox 587 1634 2156 1721">
     <span class='ocr_line' id='line_1_17' title="bbox 587 1634 2156 1721; baseline 0.011 -34"><span class='ocrx_word' id='word_1_96' title='bbox 587 1634 704 1690; x_wconf 86' lang='lat' dir='ltr'><strong>fore</strong></span> <span class='ocrx_word' id='word_1_97' title='bbox 733 1641 824 1706; x_wconf 86' lang='lat' dir='ltr'><strong>qui</strong></span> <span class='ocrx_word' id='word_1_98' title='bbox 856 1643 1109 1711; x_wconf 82' lang='lat' dir='ltr'><strong>cepisset.</strong></span> <span class='ocrx_word' id='word_1_99' title='bbox 1148 1646 1284 1702; x_wconf 92' lang='lat' dir='ltr'><strong>Tum</strong></span> <span class='ocrx_word' id='word_1_100' title='bbox 1317 1648 1537 1704; x_wconf 88' lang='lat' dir='ltr'><strong>demum</strong></span> <span class='ocrx_word' id='word_1_101' title='bbox 1586 1652 1809 1721; x_wconf 74' lang='lat' dir='ltr'><strong>reliquis</strong></span> <span class='ocrx_word' id='word_1_102' title='bbox 1834 1652 2027 1721; x_wconf 82' lang='lat' dir='ltr'><strong>captis.</strong></span> <span class='ocrx_word' id='word_1_103' title='bbox 2062 1665 2156 1705; x_wconf 85' lang='lat' dir='ltr'><strong>ur-</strong></span> 
     </span>
    </p>
   </div>
   <div class='ocr_carea' id='block_1_18' title="bbox 588 1723 1417 1803">
    <p class='ocr_par' dir='ltr' id='par_1_18' title="bbox 588 1723 1417 1803">
     <span class='ocr_line' id='line_1_18' title="bbox 588 1723 1417 1803; baseline 0.021 -25"><span class='ocrx_word' id='word_1_104' title='bbox 588 1723 712 1782; x_wconf 85' lang='lat' dir='ltr'>bem</span> <span class='ocrx_word' id='word_1_105' title='bbox 740 1730 1004 1803; x_wconf 86' lang='lat' dir='ltr'><strong>direptam</strong></span> <span class='ocrx_word' id='word_1_106' title='bbox 1032 1737 1417 1794; x_wconf 86' lang='lat' dir='ltr'><strong>incenderunt.</strong></span> 
     </span>
    </p>
   </div>
   <div class='ocr_carea' id='block_1_19' title="bbox 2264 642 3834 717">
    <p class='ocr_par' dir='ltr' id='par_1_19' title="bbox 2264 642 3834 717">
     <span class='ocr_line' id='line_1_19' title="bbox 2264 642 3834 717; baseline 0.003 -23"><span class='ocrx_word' id='word_1_107' title='bbox 2264 643 2705 712; x_wconf 79' lang='grc' dir='ltr'>προσεποιήσατο</span> <span class='ocrx_word' id='word_1_108' title='bbox 2742 645 3076 714; x_wconf 78' lang='grc' dir='ltr'>συμφρονεῖν</span> <span class='ocrx_word' id='word_1_109' title='bbox 3132 642 3336 708; x_wconf 82' lang='grc' dir='ltr'>αύτοῖς,</span> <span class='ocrx_word' id='word_1_110' title='bbox 3376 645 3477 702; x_wconf 73' lang='grc' dir='ltr'>,ἵνα</span> <span class='ocrx_word' id='word_1_111' title='bbox 3537 645 3834 717; x_wconf 80' lang='grc' dir='ltr'>ἀκριῦὡσῃ</span> 
     </span>
    </p>
   </div>
   <div class='ocr_carea' id='block_1_20' title="bbox 2262 729 3835 809">
    <p class='ocr_par' dir='ltr' id='par_1_20' title="bbox 2262 729 3835 809">
     <span class='ocr_line' id='line_1_20' title="bbox 2262 729 3835 809; baseline 0.003 -23"><span class='ocrx_word' id='word_1_112' title='bbox 2262 738 2372 789; x_wconf 81' lang='grc' dir='ltr'>πᾶν</span> <span class='ocrx_word' id='word_1_113' title='bbox 2405 736 2464 789; x_wconf 82' lang='grc' dir='ltr'>τὸ</span> <span class='ocrx_word' id='word_1_114' title='bbox 2495 729 2815 807; x_wconf 71' lang='grc' dir='ltr'>δεδογμένον</span> <span class='ocrx_word' id='word_1_115' title='bbox 2842 736 3047 799; x_wconf 77' lang='grc' dir='ltr'>αὐτοῖς,</span> <span class='ocrx_word' id='word_1_116' title='bbox 3081 737 3175 791; x_wconf 69' lang='grc' dir='ltr'>καὶ</span> <span class='ocrx_word' id='word_1_117' title='bbox 3214 736 3338 789; x_wconf 79' lang='grc' dir='ltr'>ἐπεὶ</span> <span class='ocrx_word' id='word_1_118' title='bbox 3383 736 3457 809; x_wconf 82' lang='grc' dir='ltr'>μὴ</span> <span class='ocrx_word' id='word_1_119' title='bbox 3515 730 3626 801; x_wconf 75' lang='grc' dir='ltr'>οἷός</span> <span class='ocrx_word' id='word_1_120' title='bbox 3666 754 3733 790; x_wconf 85' lang='grc' dir='ltr'>τε</span> <span class='ocrx_word' id='word_1_121' title='bbox 3765 732 3835 808; x_wconf 84' lang='grc' dir='ltr'>ἦν</span> 
     </span>
    </p>
   </div>
   <div class='ocr_carea' id='block_1_21' title="bbox 2263 820 3834 901">
    <p class='ocr_par' dir='ltr' id='par_1_21' title="bbox 2263 820 3834 901">
     <span class='ocr_line' id='line_1_21' title="bbox 2263 820 3834 901; baseline 0.003 -22"><span class='ocrx_word' id='word_1_122' title='bbox 2263 820 2649 896; x_wconf 78' lang='grc' dir='ltr'>καταμηνῦσαι</span> <span class='ocrx_word' id='word_1_123' title='bbox 2694 827 2754 879; x_wconf 77' lang='grc' dir='ltr'>τὸ</span> <span class='ocrx_word' id='word_1_124' title='bbox 2790 824 3063 897; x_wconf 79' lang='grc' dir='ltr'>βούλευμα</span> <span class='ocrx_word' id='word_1_125' title='bbox 3103 828 3324 896; x_wconf 78' lang='grc' dir='ltr'>(πάντες</span> <span class='ocrx_word' id='word_1_126' title='bbox 3352 829 3461 897; x_wconf 80' lang='grc' dir='ltr'>γὰρ</span> <span class='ocrx_word' id='word_1_127' title='bbox 3495 829 3626 901; x_wconf 82' lang='grc' dir='ltr'>περὶ</span> <span class='ocrx_word' id='word_1_128' title='bbox 3658 828 3834 883; x_wconf 73' lang='grc' dir='ltr'>αὐτὸν</span> 
     </span>
    </p>
   </div>
   <div class='ocr_carea' id='block_1_22' title="bbox 2260 914 3833 991">
    <p class='ocr_par' dir='ltr' id='par_1_22' title="bbox 2260 914 3833 991">
     <span class='ocr_line' id='line_1_22' title="bbox 2260 914 3833 991; baseline 0.003 -22"><span class='ocrx_word' id='word_1_129' title='bbox 2260 914 2400 988; x_wconf 77' lang='grc' dir='ltr'>ἦσαν</span> <span class='ocrx_word' id='word_1_130' title='bbox 2434 920 2484 970; x_wconf 82' lang='lat' dir='ltr'>oi</span> <span class='ocrx_word' id='word_1_131' title='bbox 2523 918 2811 989; x_wconf 75' lang='grc' dir='ltr'>Σαμνῖται)</span> <span class='ocrx_word' id='word_1_132' title='bbox 2840 918 3055 972; x_wconf 80' lang='grc' dir='ltr'>ἔπεισεν</span> <span class='ocrx_word' id='word_1_133' title='bbox 3080 919 3279 981; x_wconf 78' lang='grc' dir='ltr'>αὐτοὺς</span> <span class='ocrx_word' id='word_1_134' title='bbox 3308 919 3503 991; x_wconf 81' lang='grc' dir='ltr'>βουλῆς</span> <span class='ocrx_word' id='word_1_135' title='bbox 3547 920 3833 989; x_wconf 79' lang='grc' dir='ltr'>ἀγομένης</span> 
     </span>
    </p>
   </div>
   <div class='ocr_carea' id='block_1_23' title="bbox 2261 1007 3833 1078">
    <p class='ocr_par' dir='ltr' id='par_1_23' title="bbox 2261 1007 3833 1078">
     <span class='ocr_line' id='line_1_23' title="bbox 2261 1007 3833 1078; baseline 0.001 -19"><span class='ocrx_word' id='word_1_136' title='bbox 2261 1008 2339 1069; x_wconf 86' lang='grc' dir='ltr'>είς</span> <span class='ocrx_word' id='word_1_137' title='bbox 2366 1008 2462 1077; x_wconf 84' lang='grc' dir='ltr'>τὴν</span> <span class='ocrx_word' id='word_1_138' title='bbox 2490 1008 2696 1077; x_wconf 77' lang='grc' dir='ltr'>ἀγορὰν</span> <span class='ocrx_word' id='word_1_139' title='bbox 2728 1007 3110 1078; x_wconf 80' lang='grc' dir='ltr'>ἀθροισθῆναι,</span> <span class='ocrx_word' id='word_1_140' title='bbox 3152 1010 3246 1063; x_wconf 68' lang='grc' dir='ltr'>καὶ</span> <span class='ocrx_word' id='word_1_141' title='bbox 3270 1009 3601 1077; x_wconf 77' lang='grc' dir='ltr'>καταδοῆσαι</span> <span class='ocrx_word' id='word_1_142' title='bbox 3634 1009 3833 1074; x_wconf 78' lang='grc' dir='ltr'>αὐτοῦ,</span> 
     </span>
    </p>
   </div>
   <div class='ocr_carea' id='block_1_24' title="bbox 2261 1095 3831 1171">
    <p class='ocr_par' dir='ltr' id='par_1_24' title="bbox 2261 1095 3831 1171">
     <span class='ocr_line' id='line_1_24' title="bbox 2261 1095 3831 1171; baseline 0.002 -22"><span class='ocrx_word' id='word_1_143' title='bbox 2261 1095 2335 1160; x_wconf 82' lang='grc' dir='ltr'>ὡς</span> <span class='ocrx_word' id='word_1_144' title='bbox 2368 1099 2495 1168; x_wconf 77' lang='grc' dir='ltr'>περὶ</span> <span class='ocrx_word' id='word_1_145' title='bbox 2524 1098 2616 1151; x_wconf 80' lang='grc' dir='ltr'>τὸν</span> <span class='ocrx_word' id='word_1_146' title='bbox 2642 1100 2789 1152; x_wconf 87' lang='grc' dir='ltr'>σῖτον</span> <span class='ocrx_word' id='word_1_147' title='bbox 2815 1099 3227 1170; x_wconf 82' lang='grc' dir='ltr'>ἀδικουμένους,</span> <span class='ocrx_word' id='word_1_148' title='bbox 3275 1102 3442 1171; x_wconf 84' lang='grc' dir='ltr'>ὅνπερ</span> <span class='ocrx_word' id='word_1_149' title='bbox 3491 1099 3831 1170; x_wconf 72' lang='grc' dir='ltr'>ἐλάμϐανον.</span> 
     </span>
    </p>
   </div>
   <div class='ocr_carea' id='block_1_25' title="bbox 2262 1191 3833 1267">
    <p class='ocr_par' dir='ltr' id='par_1_25' title="bbox 2262 1191 3833 1267">
     <span class='ocr_line' id='line_1_25' title="bbox 2262 1191 3833 1267; baseline -0.003 -21"><span class='ocrx_word' id='word_1_150' title='bbox 2262 1194 2383 1247; x_wconf 87' lang='grc' dir='ltr'>Τῶν</span> <span class='ocrx_word' id='word_1_151' title='bbox 2428 1196 2484 1249; x_wconf 86' lang='grc' dir='ltr'>δὲ</span> <span class='ocrx_word' id='word_1_152' title='bbox 2514 1197 2671 1250; x_wconf 71' lang='grc' dir='ltr'>τοῦτο</span> <span class='ocrx_word' id='word_1_153' title='bbox 2708 1198 3076 1267; x_wconf 82' lang='grc' dir='ltr'>ποιησάντων,</span> <span class='ocrx_word' id='word_1_154' title='bbox 3129 1193 3562 1267; x_wconf 68' lang='grc' dir='ltr'>μεταπεμφθεὶς,</span> <span class='ocrx_word' id='word_1_155' title='bbox 3617 1191 3697 1252; x_wconf 84' lang='grc' dir='ltr'>ὡς</span> <span class='ocrx_word' id='word_1_156' title='bbox 3746 1191 3833 1242; x_wconf 81' lang='grc' dir='ltr'>αῖ-</span> 
     </span>
    </p>
   </div>
   <div class='ocr_carea' id='block_1_26' title="bbox 2258 1281 3834 1356">
    <p class='ocr_par' dir='ltr' id='par_1_26' title="bbox 2258 1281 3834 1356">
     <span class='ocr_line' id='line_1_26' title="bbox 2258 1281 3834 1356; baseline -0.003 -20"><span class='ocrx_word' id='word_1_157' title='bbox 2258 1300 2372 1346; x_wconf 86' lang='grc' dir='ltr'>τιος</span> <span class='ocrx_word' id='word_1_158' title='bbox 2402 1284 2495 1337; x_wconf 84' lang='grc' dir='ltr'>τοῦ</span> <span class='ocrx_word' id='word_1_159' title='bbox 2531 1285 2787 1354; x_wconf 73' lang='grc' dir='ltr'>θορύϐου,</span> <span class='ocrx_word' id='word_1_160' title='bbox 2818 1286 3077 1356; x_wconf 78' lang='grc' dir='ltr'>ἐξέφηνεν</span> <span class='ocrx_word' id='word_1_161' title='bbox 3122 1286 3303 1349; x_wconf 83' lang='grc' dir='ltr'>αὐτοῖς</span> <span class='ocrx_word' id='word_1_162' title='bbox 3345 1284 3444 1355; x_wconf 80' lang='grc' dir='ltr'>τὴν</span> <span class='ocrx_word' id='word_1_163' title='bbox 3500 1281 3834 1351; x_wconf 75' lang='grc' dir='ltr'>ἐπιϐουλήν.</span> 
     </span>
    </p>
   </div>
   <div class='ocr_carea' id='block_1_27' title="bbox 2260 1373 3833 1449">
    <p class='ocr_par' dir='ltr' id='par_1_27' title="bbox 2260 1373 3833 1449">
     <span class='ocr_line' id='line_1_27' title="bbox 2260 1373 3833 1449; baseline -0.002 -21"><span class='ocrx_word' id='word_1_164' title='bbox 2260 1376 2368 1428; x_wconf 74' lang='grc' dir='ltr'>Καὶ</span> <span class='ocrx_word' id='word_1_165' title='bbox 2392 1376 2513 1429; x_wconf 83' lang='grc' dir='ltr'>τότε</span> <span class='ocrx_word' id='word_1_166' title='bbox 2546 1377 2647 1449; x_wconf 74' lang='grc' dir='ltr'>μὲν</span> <span class='ocrx_word' id='word_1_167' title='bbox 2685 1378 3063 1449; x_wconf 71' lang='grc' dir='ltr'>ἡσυχάσαντας</span> <span class='ocrx_word' id='word_1_168' title='bbox 3099 1377 3456 1446; x_wconf 78' lang='grc' dir='ltr'>ἀπέπεμψαν.</span> <span class='ocrx_word' id='word_1_169' title='bbox 3495 1374 3716 1437; x_wconf 84' lang='grc' dir='ltr'>Νυκτὸς</span> <span class='ocrx_word' id='word_1_170' title='bbox 3775 1373 3833 1425; x_wconf 76' lang='grc' dir='ltr'>δὲ</span> 
     </span>
    </p>
   </div>
   <div class='ocr_carea' id='block_1_28' title="bbox 2260 1468 3834 1542">
    <p class='ocr_par' dir='ltr' id='par_1_28' title="bbox 2260 1468 3834 1542">
     <span class='ocr_line' id='line_1_28' title="bbox 2260 1468 3834 1542; baseline -0.001 -20"><span class='ocrx_word' id='word_1_171' title='bbox 2260 1470 2553 1522; x_wconf 75' lang='grc' dir='ltr'>συνέλαϐον</span> <span class='ocrx_word' id='word_1_172' title='bbox 2585 1471 2809 1525; x_wconf 75' lang='grc' dir='ltr'>ἕκαστοι</span> <span class='ocrx_word' id='word_1_173' title='bbox 2831 1473 2949 1525; x_wconf 81' lang='grc' dir='ltr'>τῶν</span> <span class='ocrx_word' id='word_1_174' title='bbox 2967 1473 3199 1542; x_wconf 80' lang='grc' dir='ltr'>ἐχόντων</span> <span class='ocrx_word' id='word_1_175' title='bbox 3223 1472 3447 1535; x_wconf 81' lang='grc' dir='ltr'>δούλους</span> <span class='ocrx_word' id='word_1_176' title='bbox 3470 1470 3622 1531; x_wconf 82' lang='grc' dir='ltr'>τινὰς</span> <span class='ocrx_word' id='word_1_177' title='bbox 3650 1468 3712 1534; x_wconf 77' lang='grc' dir='ltr'>ἐξ</span> <span class='ocrx_word' id='word_1_178' title='bbox 3736 1468 3834 1521; x_wconf 83' lang='grc' dir='ltr'>αύ-</span> 
     </span>
    </p>
   </div>
   <div class='ocr_carea' id='block_1_29' title="bbox 2257 1546 3832 1632">
    <p class='ocr_par' dir='ltr' id='par_1_29' title="bbox 2257 1546 3832 1632">
     <span class='ocr_line' id='line_1_29' title="bbox 2257 1546 3832 1632; baseline 0 -23"><span class='ocrx_word' id='word_1_179' title='bbox 2257 1556 2388 1622; x_wconf 84' lang='grc' dir='ltr'>τῶν,</span> <span class='ocrx_word' id='word_1_180' title='bbox 2412 1560 2507 1611; x_wconf 85' lang='grc' dir='ltr'>καί</span> <span class='ocrx_word' id='word_1_181' title='bbox 2541 1560 2714 1622; x_wconf 79' lang='grc' dir='ltr'>οὕτως</span> <span class='ocrx_word' id='word_1_182' title='bbox 2746 1562 2778 1631; x_wconf 90' lang='grc' dir='ltr'>ή</span> <span class='ocrx_word' id='word_1_183' title='bbox 2812 1563 2959 1615; x_wconf 85' lang='grc' dir='ltr'>πᾶσα</span> <span class='ocrx_word' id='word_1_184' title='bbox 3002 1561 3221 1632; x_wconf 84' lang='grc' dir='ltr'>διελύθη</span> <span class='ocrx_word' id='word_1_185' title='bbox 3288 1546 3623 1630; x_wconf 81' lang='grc' dir='ltr'>συνωμοσία.</span> <span class='ocrx_word' id='word_1_186' title='bbox 3650 1556 3760 1626; x_wconf 79' lang='grc' dir='ltr'>,Τῷ</span> <span class='ocrx_word' id='word_1_187' title='bbox 3787 1557 3832 1609; x_wconf 89' lang='grc' dir='ltr'>δ’</span> 
     </span>
    </p>
   </div>
   <div class='ocr_carea' id='block_1_30' title="bbox 2257 1649 3834 1724">
    <p class='ocr_par' dir='ltr' id='par_1_30' title="bbox 2257 1649 3834 1724">
     <span class='ocr_line' id='line_1_30' title="bbox 2257 1649 3834 1724; baseline -0.003 -21"><span class='ocrx_word' id='word_1_188' title='bbox 2257 1653 2629 1723; x_wconf 78' lang='grc' dir='ltr'>ἐπιγενομένῳ</span> <span class='ocrx_word' id='word_1_189' title='bbox 2656 1652 2807 1724; x_wconf 82' lang='grc' dir='ltr'>θέρει</span> <span class='ocrx_word' id='word_1_190' title='bbox 2840 1652 2898 1706; x_wconf 79' lang='grc' dir='ltr'>έν</span> <span class='ocrx_word' id='word_1_191' title='bbox 2922 1670 2981 1707; x_wconf 82' lang='grc' dir='ltr'>τε</span> <span class='ocrx_word' id='word_1_192' title='bbox 3006 1657 3069 1723; x_wconf 83' lang='grc' dir='ltr'>τῇ</span> <span class='ocrx_word' id='word_1_193' title='bbox 3105 1653 3328 1724; x_wconf 75' lang='grc' dir='ltr'>Σικελίᾳ</span> <span class='ocrx_word' id='word_1_194' title='bbox 3368 1653 3464 1706; x_wconf 74' lang='grc' dir='ltr'>καὶ</span> <span class='ocrx_word' id='word_1_195' title='bbox 3508 1653 3571 1721; x_wconf 77' lang='grc' dir='ltr'>τῇ</span> <span class='ocrx_word' id='word_1_196' title='bbox 3628 1649 3834 1719; x_wconf 79' lang='grc' dir='ltr'>Σαρδοῖ</span> 
     </span>
    </p>
   </div>
   <div class='ocr_carea' id='block_1_31' title="bbox 2259 1738 3830 1815">
    <p class='ocr_par' dir='ltr' id='par_1_31' title="bbox 2259 1738 3830 1815">
     <span class='ocr_line' id='line_1_31' title="bbox 2259 1738 3830 1815; baseline -0.003 -17"><span class='ocrx_word' id='word_1_197' title='bbox 2259 1743 2375 1813; x_wconf 75' lang='grc' dir='ltr'>ἅμα</span> <span class='ocrx_word' id='word_1_198' title='bbox 2404 1745 2749 1815; x_wconf 77' lang='grc' dir='ltr'>ἐπολέμησαν</span> <span class='ocrx_word' id='word_1_199' title='bbox 2771 1746 2821 1797; x_wconf 81' lang='lat' dir='ltr'>oi</span> <span class='ocrx_word' id='word_1_200' title='bbox 2861 1745 3126 1815; x_wconf 85' lang='grc' dir='ltr'>Ῥωμαῖοί</span> <span class='ocrx_word' id='word_1_201' title='bbox 3148 1763 3206 1797; x_wconf 88' lang='grc' dir='ltr'>τε</span> <span class='ocrx_word' id='word_1_202' title='bbox 3241 1746 3334 1798; x_wconf 70' lang='grc' dir='ltr'>καὶ</span> <span class='ocrx_word' id='word_1_203' title='bbox 3359 1746 3410 1798; x_wconf 79' lang='grc' dir='ltr'>οἱ</span> <span class='ocrx_word' id='word_1_204' title='bbox 3430 1738 3830 1815; x_wconf 78' lang='grc' dir='ltr'>Καρχηδόνιοι.</span> 
     </span>
    </p>
   </div>
   <div class='ocr_carea' id='block_1_32' title="bbox 588 1820 3833 1909">
    <p class='ocr_par' dir='ltr' id='par_1_32' title="bbox 588 1820 3833 1909">
     <span class='ocr_line' id='line_1_32' title="bbox 588 1820 3833 1909; baseline 0.003 -33"><span class='ocrx_word' id='word_1_205' title='bbox 588 1820 697 1876; x_wconf 75' lang='grc' dir='ltr'>Καὶ</span> <span class='ocrx_word' id='word_1_206' title='bbox 728 1826 867 1895; x_wconf 82' lang='grc' dir='ltr'>μετά</span> <span class='ocrx_word' id='word_1_207' title='bbox 890 1828 1035 1883; x_wconf 80' lang='grc' dir='ltr'>τοῦτ’</span> <span class='ocrx_word' id='word_1_208' title='bbox 1077 1832 1344 1896; x_wconf 82' lang='grc' dir='ltr'>Ἀττίλιος</span> <span class='ocrx_word' id='word_1_209' title='bbox 1384 1835 1613 1899; x_wconf 86' lang='grc' dir='ltr'>Λατῖνος</span> <span class='ocrx_word' id='word_1_210' title='bbox 1673 1838 1731 1899; x_wconf 81' lang='grc' dir='ltr'>ἐς</span> <span class='ocrx_word' id='word_1_211' title='bbox 1774 1840 1872 1905; x_wconf 86' lang='grc' dir='ltr'>την</span> <span class='ocrx_word' id='word_1_212' title='bbox 1912 1836 2163 1890; x_wconf 82' lang='grc' dir='ltr'>Σικελίαν</span> <span class='ocrx_word' id='word_1_213' title='bbox 2201 1837 2394 1900; x_wconf 82' lang='grc' dir='ltr'>ἐλθὼν,</span> <span class='ocrx_word' id='word_1_214' title='bbox 2470 1841 2565 1893; x_wconf 82' lang='grc' dir='ltr'>καὶ</span> <span class='ocrx_word' id='word_1_215' title='bbox 2609 1839 3020 1909; x_wconf 82' lang='grc' dir='ltr'>Μουτίστρατον</span> <span class='ocrx_word' id='word_1_216' title='bbox 3099 1838 3257 1893; x_wconf 79' lang='grc' dir='ltr'>πόλιν</span> <span class='ocrx_word' id='word_1_217' title='bbox 3311 1839 3415 1893; x_wconf 75' lang='grc' dir='ltr'>ὑπὸ</span> <span class='ocrx_word' id='word_1_218' title='bbox 3477 1838 3570 1892; x_wconf 83' lang='grc' dir='ltr'>τοῦ</span> <span class='ocrx_word' id='word_1_219' title='bbox 3604 1836 3833 1905; x_wconf 75' lang='grc' dir='ltr'>Φλώρου</span> 
     </span>
    </p>
   </div>
   <div class='ocr_carea' id='block_1_33' title="bbox 585 1921 3836 2009">
    <p class='ocr_par' dir='ltr' id='par_1_33' title="bbox 585 1921 3836 2009">
     <span class='ocr_line' id='line_1_33' title="bbox 585 1921 3836 2009; baseline 0.004 -37"><span class='ocrx_word' id='word_1_220' title='bbox 585 1921 1058 1998; x_wconf 73' lang='grc' dir='ltr'>πολιορκουμένην</span> <span class='ocrx_word' id='word_1_221' title='bbox 1075 1929 1274 1999; x_wconf 84' lang='grc' dir='ltr'>εὑρὼν,</span> <span class='ocrx_word' id='word_1_222' title='bbox 1306 1933 1371 2000; x_wconf 77' lang='grc' dir='ltr'>τῇ</span> <span class='ocrx_word' id='word_1_223' title='bbox 1399 1936 1722 2005; x_wconf 76' lang='grc' dir='ltr'>παρασκευῇ</span> <span class='ocrx_word' id='word_1_224' title='bbox 1747 1935 1959 2007; x_wconf 61' lang='grc' dir='ltr'>ἐκείνοι)</span> <span class='ocrx_word' id='word_1_225' title='bbox 2016 1936 2306 2009; x_wconf 82' lang='grc' dir='ltr'>ἐχρήσατο.</span> <span class='ocrx_word' id='word_1_226' title='bbox 2341 1936 2450 1988; x_wconf 78' lang='lat' dir='ltr'>Kal</span> <span class='ocrx_word' id='word_1_227' title='bbox 2509 1937 2816 2007; x_wconf 77' lang='grc' dir='ltr'>προσϐολὰς</span> <span class='ocrx_word' id='word_1_228' title='bbox 2849 1935 2981 2007; x_wconf 73' lang='grc' dir='ltr'>περὶ</span> <span class='ocrx_word' id='word_1_229' title='bbox 3018 1936 3078 1989; x_wconf 79' lang='grc' dir='ltr'>τὸ</span> <span class='ocrx_word' id='word_1_230' title='bbox 3167 1938 3345 2007; x_wconf 85' lang='grc' dir='ltr'>τεῖχος</span> <span class='ocrx_word' id='word_1_231' title='bbox 3398 1934 3565 1988; x_wconf 80' lang='grc' dir='ltr'>αὐτοῦ</span> <span class='ocrx_word' id='word_1_232' title='bbox 3640 1933 3836 1985; x_wconf 83' lang='grc' dir='ltr'>πόιου-</span> 
     </span>
    </p>
   </div>
   <div class='ocr_carea' id='block_1_34' title="bbox 588 2016 3833 2098">
    <p class='ocr_par' dir='ltr' id='par_1_34' title="bbox 588 2016 3833 2098">
     <span class='ocr_line' id='line_1_34' title="bbox 588 2016 3833 2098; baseline 0.002 -31"><span class='ocrx_word' id='word_1_233' title='bbox 588 2016 775 2084; x_wconf 79' lang='grc' dir='ltr'>μὲνου,</span> <span class='ocrx_word' id='word_1_234' title='bbox 812 2020 1028 2091; x_wconf 87' lang='grc' dir='ltr'>πρῶτον</span> <span class='ocrx_word' id='word_1_235' title='bbox 1060 2022 1163 2092; x_wconf 79' lang='grc' dir='ltr'>μὲν</span> <span class='ocrx_word' id='word_1_236' title='bbox 1224 2025 1272 2077; x_wconf 80' lang='lat' dir='ltr'>oi</span> <span class='ocrx_word' id='word_1_237' title='bbox 1323 2024 1609 2095; x_wconf 81' lang='grc' dir='ltr'>ἐπιχώριοι</span> <span class='ocrx_word' id='word_1_238' title='bbox 1669 2025 1941 2096; x_wconf 82' lang='grc' dir='ltr'>μετὰτῶν</span> <span class='ocrx_word' id='word_1_239' title='bbox 1989 2025 2370 2096; x_wconf 79' lang='grc' dir='ltr'>Καρχηδονίων</span> <span class='ocrx_word' id='word_1_240' title='bbox 2435 2025 2708 2097; x_wconf 79' lang='grc' dir='ltr'>ἠμύνοντο</span> <span class='ocrx_word' id='word_1_241' title='bbox 2773 2026 3069 2098; x_wconf 84' lang='grc' dir='ltr'>κραταιῶς.</span> <span class='ocrx_word' id='word_1_242' title='bbox 3102 2026 3223 2080; x_wconf 83' lang='grc' dir='ltr'>Τῶν</span> <span class='ocrx_word' id='word_1_243' title='bbox 3276 2027 3330 2080; x_wconf 75' lang='grc' dir='ltr'>δέ</span> <span class='ocrx_word' id='word_1_244' title='bbox 3382 2023 3662 2089; x_wconf 80' lang='grc' dir='ltr'>γυναικῶν</span> <span class='ocrx_word' id='word_1_245' title='bbox 3733 2025 3833 2076; x_wconf 77' lang='grc' dir='ltr'>καὶ</span> 
     </span>
    </p>
   </div>
   <div class='ocr_carea' id='block_1_35' title="bbox 584 2098 3837 2188">
    <p class='ocr_par' dir='ltr' id='par_1_35' title="bbox 584 2098 3837 2188">
     <span class='ocr_line' id='line_1_35' title="bbox 584 2098 3837 2188; baseline 0.003 -31"><span class='ocrx_word' id='word_1_246' title='bbox 584 2098 932 2164; x_wconf 74' lang='grc' dir='ltr'>τῶνπαίδων</span> <span class='ocrx_word' id='word_1_247' title='bbox 964 2114 1021 2175; x_wconf 84' lang='grc' dir='ltr'>ἐς</span> <span class='ocrx_word' id='word_1_248' title='bbox 1054 2113 1265 2185; x_wconf 83' lang='grc' dir='ltr'>δάκρυα</span> <span class='ocrx_word' id='word_1_249' title='bbox 1308 2116 1402 2167; x_wconf 74' lang='grc' dir='ltr'>καὶ</span> <span class='ocrx_word' id='word_1_250' title='bbox 1465 2116 1522 2178; x_wconf 80' lang='grc' dir='ltr'>ἐς</span> <span class='ocrx_word' id='word_1_251' title='bbox 1583 2116 1831 2185; x_wconf 87' lang='grc' dir='ltr'>οίμωγάς</span> <span class='ocrx_word' id='word_1_252' title='bbox 1905 2116 2313 2188; x_wconf 81' lang='grc' dir='ltr'>προαχθέντων,</span> <span class='ocrx_word' id='word_1_253' title='bbox 2384 2117 2485 2171; x_wconf 87' lang='grc' dir='ltr'>οὐκ</span> <span class='ocrx_word' id='word_1_254' title='bbox 2554 2119 2834 2187; x_wconf 84' lang='grc' dir='ltr'>ἀντέσχον.</span> <span class='ocrx_word' id='word_1_255' title='bbox 2877 2116 3326 2183; x_wconf 78' lang='grc' dir='ltr'>⁴Υπεξελθὸντων</span> <span class='ocrx_word' id='word_1_256' title='bbox 3366 2117 3423 2170; x_wconf 81' lang='grc' dir='ltr'>δὲ</span> <span class='ocrx_word' id='word_1_257' title='bbox 3472 2114 3668 2178; x_wconf 80' lang='grc' dir='ltr'>νυκτὸς</span> <span class='ocrx_word' id='word_1_258' title='bbox 3723 2116 3837 2168; x_wconf 80' lang='grc' dir='ltr'>τῶν</span> 
     </span>
    </p>
   </div>
   <div class='ocr_carea' id='block_1_36' title="bbox 587 2190 3833 2280">
    <p class='ocr_par' dir='ltr' id='par_1_36' title="bbox 587 2190 3833 2280">
     <span class='ocr_line' id='line_1_36' title="bbox 587 2190 3833 2280; baseline 0.002 -29"><span class='ocrx_word' id='word_1_259' title='bbox 587 2196 996 2269; x_wconf 77' lang='grc' dir='ltr'>Καρχηδονίων,</span> <span class='ocrx_word' id='word_1_260' title='bbox 1049 2202 1163 2272; x_wconf 70' lang='grc' dir='ltr'>ἅμα</span> <span class='ocrx_word' id='word_1_261' title='bbox 1186 2206 1252 2274; x_wconf 82' lang='grc' dir='ltr'>τῇ</span> <span class='ocrx_word' id='word_1_262' title='bbox 1287 2203 1360 2273; x_wconf 74' lang='grc' dir='ltr'>ἕῳ</span> <span class='ocrx_word' id='word_1_263' title='bbox 1406 2204 1503 2269; x_wconf 84' lang='grc' dir='ltr'>τὰς</span> <span class='ocrx_word' id='word_1_264' title='bbox 1554 2205 1729 2271; x_wconf 85' lang='grc' dir='ltr'>πύλας</span> <span class='ocrx_word' id='word_1_265' title='bbox 1791 2206 2069 2260; x_wconf 79' lang='grc' dir='ltr'>ἐθελονταὶ</span> <span class='ocrx_word' id='word_1_266' title='bbox 2137 2207 2188 2258; x_wconf 80' lang='grc' dir='ltr'>οἱ</span> <span class='ocrx_word' id='word_1_267' title='bbox 2225 2206 2510 2280; x_wconf 85' lang='grc' dir='ltr'>ἐπιχώριοι</span> <span class='ocrx_word' id='word_1_268' title='bbox 2573 2190 2935 2262; x_wconf 76' lang='grc' dir='ltr'>ἀνεπέτασαν.</span> <span class='ocrx_word' id='word_1_269' title='bbox 2964 2205 3313 2269; x_wconf 80' lang='grc' dir='ltr'>Εἰσελθόντες</span> <span class='ocrx_word' id='word_1_270' title='bbox 3339 2207 3394 2259; x_wconf 84' lang='grc' dir='ltr'>δὲ</span> <span class='ocrx_word' id='word_1_271' title='bbox 3438 2207 3489 2257; x_wconf 82' lang='grc' dir='ltr'>οῖ</span> <span class='ocrx_word' id='word_1_272' title='bbox 3533 2206 3833 2272; x_wconf 64' lang='grc' dir='ltr'>Ῥωμαῖοι*</span> 
     </span>
    </p>
   </div>
   <div class='ocr_carea' id='block_1_37' title="bbox 589 2295 3836 2371">
    <p class='ocr_par' dir='ltr' id='par_1_37' title="bbox 589 2295 3836 2371">
     <span class='ocr_line' id='line_1_37' title="bbox 589 2295 3836 2371; baseline 0.001 -23"><span class='ocrx_word' id='word_1_273' title='bbox 589 2295 800 2357; x_wconf 80' lang='grc' dir='ltr'>πάντας</span> <span class='ocrx_word' id='word_1_274' title='bbox 830 2296 1107 2364; x_wconf 80' lang='grc' dir='ltr'>ἐφόνευον·</span> <span class='ocrx_word' id='word_1_275' title='bbox 1158 2299 1264 2363; x_wconf 73' lang='grc' dir='ltr'>ἕως</span> <span class='ocrx_word' id='word_1_276' title='bbox 1302 2297 1568 2371; x_wconf 72' lang='grc' dir='ltr'>ἐκήρυξεν</span> <span class='ocrx_word' id='word_1_277' title='bbox 1622 2303 1651 2354; x_wconf 97' lang='lat'>6</span> <span class='ocrx_word' id='word_1_278' title='bbox 1719 2302 2006 2368; x_wconf 83' lang='grc' dir='ltr'>Ἀττίλιος,</span> <span class='ocrx_word' id='word_1_279' title='bbox 2042 2302 2152 2370; x_wconf 84' lang='grc' dir='ltr'>τὴν</span> <span class='ocrx_word' id='word_1_280' title='bbox 2190 2301 2386 2368; x_wconf 83' lang='grc' dir='ltr'>λοιπήν</span> <span class='ocrx_word' id='word_1_281' title='bbox 2449 2317 2510 2353; x_wconf 83' lang='grc' dir='ltr'>τε</span> <span class='ocrx_word' id='word_1_282' title='bbox 2572 2301 2723 2355; x_wconf 88' lang='grc' dir='ltr'>λείαν</span> <span class='ocrx_word' id='word_1_283' title='bbox 2758 2300 3009 2363; x_wconf 70' lang='grc' dir='ltr'>καὶτοὺς</span> <span class='ocrx_word' id='word_1_284' title='bbox 3048 2299 3369 2368; x_wconf 81' lang='grc' dir='ltr'>ἀνθρώπους</span> <span class='ocrx_word' id='word_1_285' title='bbox 3414 2298 3509 2351; x_wconf 79' lang='grc' dir='ltr'>τοῦ</span> <span class='ocrx_word' id='word_1_286' title='bbox 3568 2297 3836 2363; x_wconf 72' lang='grc' dir='ltr'>λαϐόντος</span> 
     </span>
    </p>
   </div>
   <div class='ocr_carea' id='block_1_38' title="bbox 482 2384 3423 2466">
    <p class='ocr_par' dir='ltr' id='par_1_38' title="bbox 482 2384 3423 2466">
     <span class='ocr_line' id='line_1_38' title="bbox 482 2384 3423 2466; baseline 0.003 -27"><span class='ocrx_word' id='word_1_287' title='bbox 482 2430 483 2433; x_wconf 55' lang='grc' dir='ltr'>η</span> <span class='ocrx_word' id='word_1_288' title='bbox 580 2384 750 2443; x_wconf 67' lang='grc' dir='ltr'>εἶναι.</span> <span class='ocrx_word' id='word_1_289' title='bbox 792 2390 1019 2445; x_wconf 80' lang='grc' dir='ltr'>Ἔκτοτε</span> <span class='ocrx_word' id='word_1_290' title='bbox 1050 2390 1157 2465; x_wconf 78' lang='grc' dir='ltr'>γᾲρ</span> <span class='ocrx_word' id='word_1_291' title='bbox 1186 2393 1314 2456; x_wconf 86' lang='grc' dir='ltr'>τοὺς</span> <span class='ocrx_word' id='word_1_292' title='bbox 1345 2391 1567 2457; x_wconf 86' lang='grc' dir='ltr'>λοιπούς</span> <span class='ocrx_word' id='word_1_293' title='bbox 1603 2409 1662 2448; x_wconf 88' lang='grc' dir='ltr'>τε</span> <span class='ocrx_word' id='word_1_294' title='bbox 1694 2393 2041 2466; x_wconf 75' lang='grc' dir='ltr'>ἐζώγρησαν,</span> <span class='ocrx_word' id='word_1_295' title='bbox 2065 2395 2157 2448; x_wconf 73' lang='grc' dir='ltr'>καὶ</span> <span class='ocrx_word' id='word_1_296' title='bbox 2192 2394 2292 2465; x_wconf 83' lang='grc' dir='ltr'>τὴν</span> <span class='ocrx_word' id='word_1_297' title='bbox 2328 2393 2485 2447; x_wconf 87' lang='grc' dir='ltr'>πόλιν</span> <span class='ocrx_word' id='word_1_298' title='bbox 2516 2394 3022 2465; x_wconf 70' lang='grc' dir='ltr'>προδιαρπάσαντες</span> <span class='ocrx_word' id='word_1_299' title='bbox 3047 2395 3423 2466; x_wconf 75' lang='grc' dir='ltr'>κατέπρησαν.</span> 
     </span>
    </p>
   </div>
   <div class='ocr_carea' id='block_1_39' title="bbox 656 2481 2160 2562">
    <p class='ocr_par' dir='ltr' id='par_1_39' title="bbox 656 2481 2155 2561">
     <span class='ocr_line' id='line_1_39' title="bbox 656 2481 2155 2561; baseline 0.003 -22"><span class='ocrx_word' id='word_1_300' title='bbox 656 2481 772 2539; x_wconf 79' lang='lat' dir='ltr'>XII.</span> <span class='ocrx_word' id='word_1_301' title='bbox 807 2485 937 2541; x_wconf 88' lang='lat' dir='ltr'><strong>Inde</strong></span> <span class='ocrx_word' id='word_1_302' title='bbox 976 2486 1321 2543; x_wconf 85' lang='lat' dir='ltr'><strong>Camarinam</strong></span> <span class='ocrx_word' id='word_1_303' title='bbox 1376 2488 1836 2561; x_wconf 88' lang='lat' dir='ltr'><strong>iucircumspecte</strong></span> <span class='ocrx_word' id='word_1_304' title='bbox 1894 2490 2155 2561; x_wconf 78' lang='lat' dir='ltr'><strong>aggressi,</strong></span> 
     </span>
    </p>
   </div>
   <div class='ocr_carea' id='block_1_40' title="bbox 2262 2481 3834 2562">
    <p class='ocr_par' dir='ltr' id='par_1_40' title="bbox 2330 2488 3834 2562">
     <span class='ocr_line' id='line_1_40' title="bbox 2330 2488 3834 2562; baseline 0.002 -21"><span class='ocrx_word' id='word_1_305' title='bbox 2330 2488 2431 2542; x_wconf 90' lang='lat' dir='ltr'>lB&#39;.</span> <span class='ocrx_word' id='word_1_306' title='bbox 2477 2490 2722 2551; x_wconf 70' lang='grc' dir='ltr'>Ἐκεῖθεν</span> <span class='ocrx_word' id='word_1_307' title='bbox 2758 2490 2812 2545; x_wconf 69' lang='grc' dir='ltr'>’δ’</span> <span class='ocrx_word' id='word_1_308' title='bbox 2876 2490 2970 2545; x_wconf 76' lang='grc' dir='ltr'>ἐπὶ</span> <span class='ocrx_word' id='word_1_309' title='bbox 3025 2492 3348 2562; x_wconf 81' lang='grc' dir='ltr'>Καμερίναν</span> <span class='ocrx_word' id='word_1_310' title='bbox 3401 2490 3834 2561; x_wconf 80' lang='grc' dir='ltr'>ἀπερισκέπτως</span> 
     </span>
    </p>
   </div>
   <div class='ocr_carea' id='block_1_41' title="bbox 566 2558 2156 2653">
    <p class='ocr_par' dir='ltr' id='par_1_41' title="bbox 566 2558 2156 2653">
     <span class='ocr_line' id='line_1_41' title="bbox 566 2558 2156 2653; baseline 0.002 -19"><span class='ocrx_word' id='word_1_311' title='bbox 566 2558 749 2649; x_wconf 43' lang='lat' dir='ltr'><strong>‘atque</strong></span> <span class='ocrx_word' id='word_1_312' title='bbox 785 2580 839 2634; x_wconf 91' lang='lat' dir='ltr'>in</span> <span class='ocrx_word' id='word_1_313' title='bbox 875 2580 991 2634; x_wconf 82' lang='lat' dir='ltr'><strong>loca</strong></span> <span class='ocrx_word' id='word_1_314' title='bbox 1031 2579 1249 2634; x_wconf 84' lang='lat' dir='ltr'><strong>insidiis</strong></span> <span class='ocrx_word' id='word_1_315' title='bbox 1273 2568 1537 2651; x_wconf 85' lang='lat' dir='ltr'><strong>occupata</strong></span> <span class='ocrx_word' id='word_1_316' title='bbox 1568 2558 1800 2652; x_wconf 76' lang='lat' dir='ltr'><strong>delapsi,</strong></span> <span class='ocrx_word' id='word_1_317' title='bbox 1835 2558 2027 2637; x_wconf 79' lang='lat' dir='ltr'><strong>omnes</strong></span> <span class='ocrx_word' id='word_1_318' title='bbox 2061 2599 2156 2653; x_wconf 91' lang='lat' dir='ltr'><strong>pc-</strong></span> 
     </span>
    </p>
   </div>
   <div class='ocr_carea' id='block_1_42' title="bbox 588 2658 2155 2743">
    <p class='ocr_par' dir='ltr' id='par_1_42' title="bbox 588 2658 2155 2743">
     <span class='ocr_line' id='line_1_42' title="bbox 588 2658 2155 2743; baseline 0.003 -16"><span class='ocrx_word' id='word_1_319' title='bbox 588 2675 812 2737; x_wconf 86' lang='lat' dir='ltr'><strong>rissent,</strong></span> <span class='ocrx_word' id='word_1_320' title='bbox 844 2675 946 2728; x_wconf 89' lang='lat' dir='ltr'><strong>nisi</strong></span> <span class='ocrx_word' id='word_1_321' title='bbox 985 2675 1053 2727; x_wconf 85' lang='grc' dir='ltr'>Μ.</span> <span class='ocrx_word' id='word_1_322' title='bbox 1084 2658 1469 2743; x_wconf 82' lang='lat' dir='ltr'><strong>Calphurnius,</strong></span> <span class='ocrx_word' id='word_1_323' title='bbox 1499 2670 1752 2732; x_wconf 84' lang='lat' dir='ltr'><strong>tribunus</strong></span> <span class='ocrx_word' id='word_1_324' title='bbox 1780 2676 2039 2741; x_wconf 81' lang='lat' dir='ltr'><strong>militum,</strong></span> <span class='ocrx_word' id='word_1_325' title='bbox 2064 2693 2155 2731; x_wconf 84' lang='lat' dir='ltr'><strong>ca-</strong></span> 
     </span>
    </p>
   </div>
   <div class='ocr_carea' id='block_1_43' title="bbox 590 2763 2158 2830">
    <p class='ocr_par' dir='ltr' id='par_1_43' title="bbox 590 2763 2158 2830">
     <span class='ocr_line' id='line_1_43' title="bbox 590 2763 2158 2830; baseline 0.003 -12"><span class='ocrx_word' id='word_1_326' title='bbox 590 2763 892 2818; x_wconf 82' lang='lat' dir='ltr'><strong>lamitatem</strong></span> <span class='ocrx_word' id='word_1_327' title='bbox 943 2779 1061 2818; x_wconf 86' lang='lat' dir='ltr'>eam</span> <span class='ocrx_word' id='word_1_328' title='bbox 1119 2774 1245 2827; x_wconf 78' lang='lat' dir='ltr'><strong>arte</strong></span> <span class='ocrx_word' id='word_1_329' title='bbox 1302 2768 1650 2821; x_wconf 80' lang='lat' dir='ltr'><strong>correxisset.</strong></span> <span class='ocrx_word' id='word_1_330' title='bbox 1705 2768 1840 2822; x_wconf 87' lang='lat' dir='ltr'><strong>Nam</strong></span> <span class='ocrx_word' id='word_1_331' title='bbox 1908 2783 2034 2830; x_wconf 87' lang='lat' dir='ltr'>cum</span> <span class='ocrx_word' id='word_1_332' title='bbox 2089 2784 2158 2822; x_wconf 84' lang='lat' dir='ltr'><strong>ex</strong></span> 
     </span>
    </p>
   </div>
   <div class='ocr_carea' id='block_1_44' title="bbox 589 2850 2156 2928">
    <p class='ocr_par' dir='ltr' id='par_1_44' title="bbox 589 2850 2156 2928">
     <span class='ocr_line' id='line_1_44' title="bbox 589 2850 2156 2928; baseline 0.003 -20"><span class='ocrx_word' id='word_1_333' title='bbox 589 2855 846 2909; x_wconf 65' lang='lat' dir='ltr'><strong>tinnitibus</strong></span> <span class='ocrx_word' id='word_1_334' title='bbox 869 2870 1038 2910; x_wconf 75' lang='lat' dir='ltr'><strong>unum</strong></span> <span class='ocrx_word' id='word_1_335' title='bbox 1067 2856 1338 2912; x_wconf 88' lang='lat' dir='ltr'><strong>tumulum</strong></span> <span class='ocrx_word' id='word_1_336' title='bbox 1372 2857 1442 2912; x_wconf 91' lang='lat' dir='ltr'>ob</span> <span class='ocrx_word' id='word_1_337' title='bbox 1468 2850 1828 2928; x_wconf 59' lang='lat' dir='ltr'><strong>praecipitium</strong></span> <span class='ocrx_word' id='word_1_338' title='bbox 1854 2874 1962 2917; x_wconf 86' lang='lat' dir='ltr'>non</span> <span class='ocrx_word' id='word_1_339' title='bbox 1991 2874 2156 2913; x_wconf 57' lang='lat' dir='ltr'><strong>occuo</strong></span> 
     </span>
    </p>
   </div>
   <div class='ocr_carea' id='block_1_45' title="bbox 589 2946 2155 3020">
    <p class='ocr_par' dir='ltr' id='par_1_45' title="bbox 589 2946 2155 3020">
     <span class='ocr_line' id='line_1_45' title="bbox 589 2946 2155 3020; baseline 0.003 -20"><span class='ocrx_word' id='word_1_340' title='bbox 589 2955 774 3016; x_wconf 88' lang='lat' dir='ltr'><strong>patum</strong></span> <span class='ocrx_word' id='word_1_341' title='bbox 795 2946 1043 3015; x_wconf 83' lang='lat' dir='ltr'><strong>vidisset,</strong></span> <span class='ocrx_word' id='word_1_342' title='bbox 1071 2963 1165 3008; x_wconf 84' lang='lat' dir='ltr'>ccc</span> <span class='ocrx_word' id='word_1_343' title='bbox 1216 2948 1385 3020; x_wconf 74' lang='lat'>389</span> <span class='ocrx_word' id='word_1_344' title='bbox 1410 2965 1439 3003; x_wconf 88' lang='lat' dir='ltr'>a</span> <span class='ocrx_word' id='word_1_345' title='bbox 1473 2946 1697 3004; x_wconf 77' lang='lat' dir='ltr'><strong>Consule</strong></span> <span class='ocrx_word' id='word_1_346' title='bbox 1730 2950 1932 3005; x_wconf 89' lang='lat' dir='ltr'><strong>milites</strong></span> <span class='ocrx_word' id='word_1_347' title='bbox 1956 2951 2116 3019; x_wconf 88' lang='lat' dir='ltr'><strong>petiit</strong></span> <span class='ocrx_word' id='word_1_348' title='bbox 2140 2968 2155 3005; x_wconf 87' lang='lat'>:</span> 
     </span>
    </p>
   </div>
   <div class='ocr_carea' id='block_1_46' title="bbox 588 3040 2157 3109">
    <p class='ocr_par' dir='ltr' id='par_1_46' title="bbox 588 3040 2157 3109">
     <span class='ocr_line' id='line_1_46' title="bbox 588 3040 2157 3109; baseline 0.004 -19"><span class='ocrx_word' id='word_1_349' title='bbox 588 3052 728 3106; x_wconf 88' lang='lat' dir='ltr'><strong>quos</strong></span> <span class='ocrx_word' id='word_1_350' title='bbox 773 3053 897 3093; x_wconf 89' lang='lat' dir='ltr'>cum</span> <span class='ocrx_word' id='word_1_351' title='bbox 930 3054 1163 3109; x_wconf 79' lang='lat' dir='ltr'><strong>propere</strong></span> <span class='ocrx_word' id='word_1_352' title='bbox 1214 3041 1307 3095; x_wconf 91' lang='lat' dir='ltr'><strong>illo</strong></span> <span class='ocrx_word' id='word_1_353' title='bbox 1348 3040 1689 3108; x_wconf 83' lang='lat' dir='ltr'><strong>adduxisset,</strong></span> <span class='ocrx_word' id='word_1_354' title='bbox 1721 3051 1782 3096; x_wconf 94' lang='lat' dir='ltr'>ut</span> <span class='ocrx_word' id='word_1_355' title='bbox 1813 3042 2063 3098; x_wconf 89' lang='lat' dir='ltr'><strong>hostibus</strong></span> <span class='ocrx_word' id='word_1_356' title='bbox 2100 3042 2157 3097; x_wconf 88' lang='lat' dir='ltr'>in</span> 
     </span>
    </p>
   </div>
   <div class='ocr_carea' id='block_1_47' title="bbox 590 3131 2154 3204">
    <p class='ocr_par' dir='ltr' id='par_1_47' title="bbox 590 3131 2154 3204">
     <span class='ocr_line' id='line_1_47' title="bbox 590 3131 2154 3204; baseline 0.003 -20"><span class='ocrx_word' id='word_1_357' title='bbox 590 3146 647 3184; x_wconf 81' lang='lat' dir='ltr'>se</span> <span class='ocrx_word' id='word_1_358' title='bbox 677 3131 979 3195; x_wconf 87' lang='lat' dir='ltr'><strong>conversis,</strong></span> <span class='ocrx_word' id='word_1_359' title='bbox 1004 3132 1191 3187; x_wconf 54' lang='lat' dir='ltr'><strong>caeteri</strong></span> <span class='ocrx_word' id='word_1_360' title='bbox 1229 3132 1557 3204; x_wconf 78' lang='lat' dir='ltr'><strong>eﬁ‘ugerent,</strong></span> <span class='ocrx_word' id='word_1_361' title='bbox 1592 3149 1703 3188; x_wconf 91' lang='lat' dir='ltr'>non</span> <span class='ocrx_word' id='word_1_362' title='bbox 1742 3133 2004 3204; x_wconf 89' lang='lat' dir='ltr'><strong>deceptus</strong></span> <span class='ocrx_word' id='word_1_363' title='bbox 2048 3142 2154 3190; x_wconf 88' lang='lat' dir='ltr'><strong>est.</strong></span> 
     </span>
    </p>
   </div>
   <div class='ocr_carea' id='block_1_48' title="bbox 589 3220 2159 3301">
    <p class='ocr_par' dir='ltr' id='par_1_48' title="bbox 589 3220 2159 3301">
     <span class='ocr_line' id='line_1_48' title="bbox 589 3220 2159 3301; baseline 0.003 -25"><span class='ocrx_word' id='word_1_364' title='bbox 589 3220 728 3276; x_wconf 84' lang='lat' dir='ltr'><strong>Nam</strong></span> <span class='ocrx_word' id='word_1_365' title='bbox 760 3222 950 3301; x_wconf 82' lang='lat' dir='ltr'><strong>hostes</strong></span> <span class='ocrx_word' id='word_1_366' title='bbox 999 3238 1193 3277; x_wconf 89' lang='lat' dir='ltr'><strong>eorum</strong></span> <span class='ocrx_word' id='word_1_367' title='bbox 1244 3226 1450 3293; x_wconf 89' lang='lat' dir='ltr'><strong>impetu</strong></span> <span class='ocrx_word' id='word_1_368' title='bbox 1485 3226 1741 3296; x_wconf 81' lang='lat' dir='ltr'><strong>perculsi,</strong></span> <span class='ocrx_word' id='word_1_369' title='bbox 1776 3227 2001 3281; x_wconf 89' lang='lat' dir='ltr'><strong>consule</strong></span> <span class='ocrx_word' id='word_1_370' title='bbox 2033 3241 2159 3281; x_wconf 89' lang='lat' dir='ltr'>cum</span> 
     </span>
    </p>
   </div>
   <div class='ocr_carea' id='block_1_49' title="bbox 591 3314 2157 3385">
    <p class='ocr_par' dir='ltr' id='par_1_49' title="bbox 591 3314 2157 3385">
     <span class='ocr_line' id='line_1_49' title="bbox 591 3314 2157 3385; baseline 0.002 -18"><span class='ocrx_word' id='word_1_371' title='bbox 591 3316 708 3368; x_wconf 81' lang='lat' dir='ltr'><strong>suis</strong></span> <span class='ocrx_word' id='word_1_372' title='bbox 770 3325 830 3368; x_wconf 89' lang='lat' dir='ltr'>ut</span> <span class='ocrx_word' id='word_1_373' title='bbox 865 3315 976 3383; x_wconf 86' lang='lat' dir='ltr'>jam</span> <span class='ocrx_word' id='word_1_374' title='bbox 1022 3315 1199 3385; x_wconf 81' lang='lat' dir='ltr'><strong>captis</strong></span> <span class='ocrx_word' id='word_1_375' title='bbox 1269 3315 1499 3379; x_wconf 81' lang='lat' dir='ltr'><strong>relictis,</strong></span> <span class='ocrx_word' id='word_1_376' title='bbox 1538 3324 1728 3370; x_wconf 86' lang='lat' dir='ltr'><strong>contra</strong></span> <span class='ocrx_word' id='word_1_377' title='bbox 1761 3314 2157 3383; x_wconf 85' lang='lat' dir='ltr'><strong>Calphurnium</strong></span> 
     </span>
    </p>
   </div>
   <div class='ocr_carea' id='block_1_50' title="bbox 594 3406 2159 3477">
    <p class='ocr_par' dir='ltr' id='par_1_50' title="bbox 594 3406 2159 3477">
     <span class='ocr_line' id='line_1_50' title="bbox 594 3406 2159 3477; baseline 0.002 -18"><span class='ocrx_word' id='word_1_378' title='bbox 594 3416 995 3462; x_wconf 86' lang='lat' dir='ltr'><strong>concurrerunt</strong></span> <span class='ocrx_word' id='word_1_379' title='bbox 1044 3414 1146 3464; x_wconf 88' lang='lat' dir='ltr'><strong>:-et</strong></span> <span class='ocrx_word' id='word_1_380' title='bbox 1196 3407 1369 3463; x_wconf 86' lang='lat' dir='ltr'><strong>atroci</strong></span> <span class='ocrx_word' id='word_1_381' title='bbox 1415 3422 1595 3477; x_wconf 76' lang='lat' dir='ltr'><strong>pugna</strong></span> <span class='ocrx_word' id='word_1_382' title='bbox 1638 3406 1951 3472; x_wconf 84' lang='lat' dir='ltr'><strong>commissa,</strong></span> <span class='ocrx_word' id='word_1_383' title='bbox 2002 3408 2159 3462; x_wconf 87' lang='lat' dir='ltr'><strong>multi</strong></span> 
     </span>
    </p>
   </div>
   <div class='ocr_carea' id='block_1_51' title="bbox 592 3497 2163 3569">
    <p class='ocr_par' dir='ltr' id='par_1_51' title="bbox 592 3497 2163 3569">
     <span class='ocr_line' id='line_1_51' title="bbox 592 3497 2163 3569; baseline 0.003 -19"><span class='ocrx_word' id='word_1_384' title='bbox 592 3498 757 3553; x_wconf 73' lang='lat' dir='ltr'><strong>etiam</strong></span> <span class='ocrx_word' id='word_1_385' title='bbox 784 3515 850 3553; x_wconf 81' lang='lat' dir='ltr'><strong>ex</strong></span> <span class='ocrx_word' id='word_1_386' title='bbox 874 3499 1000 3565; x_wconf 91' lang='lat' dir='ltr'><strong>illis,</strong></span> <span class='ocrx_word' id='word_1_387' title='bbox 1024 3499 1121 3555; x_wconf 87' lang='lat' dir='ltr'>sed</span> <span class='ocrx_word' id='word_1_388' title='bbox 1146 3500 1223 3559; x_wconf 87' lang='lat' dir='ltr'><strong>illi</strong></span> <span class='ocrx_word' id='word_1_389' title='bbox 1268 3511 1363 3558; x_wconf 68' lang='lat' dir='ltr'><strong>ac</strong></span> <span class='ocrx_word' id='word_1_390' title='bbox 1403 3514 1598 3554; x_wconf 88' lang='lat' dir='ltr'><strong>omnes</strong></span> <span class='ocrx_word' id='word_1_391' title='bbox 1630 3497 1933 3569; x_wconf 83' lang='lat' dir='ltr'><strong>perierunt,</strong></span> <span class='ocrx_word' id='word_1_392' title='bbox 1966 3512 2163 3568; x_wconf 65' lang='lat' dir='ltr'><strong>praeter</strong></span> 
     </span>
    </p>
   </div>
   <div class='ocr_carea' id='block_1_52' title="bbox 596 3590 2159 3660">
    <p class='ocr_par' dir='ltr' id='par_1_52' title="bbox 596 3590 2159 3660">
     <span class='ocr_line' id='line_1_52' title="bbox 596 3590 2159 3660; baseline 0.001 -17"><span class='ocrx_word' id='word_1_393' title='bbox 596 3606 764 3643; x_wconf 89' lang='lat' dir='ltr'><strong>unum</strong></span> <span class='ocrx_word' id='word_1_394' title='bbox 796 3590 1193 3660; x_wconf 87' lang='lat' dir='ltr'><strong>Calphurnium</strong></span> <span class='ocrx_word' id='word_1_395' title='bbox 1222 3610 1235 3645; x_wconf 74' lang='grc' dir='ltr'>ι</span> <span class='ocrx_word' id='word_1_396' title='bbox 1283 3591 1378 3660; x_wconf 87' lang='lat' dir='ltr'><strong>qui</strong></span> <span class='ocrx_word' id='word_1_397' title='bbox 1421 3608 1544 3646; x_wconf 91' lang='lat' dir='ltr'>eum</span> <span class='ocrx_word' id='word_1_398' title='bbox 1583 3607 1692 3660; x_wconf 68' lang='lat' dir='ltr'><strong>pra:</strong></span> <span class='ocrx_word' id='word_1_399' title='bbox 1721 3591 2043 3647; x_wconf 87' lang='lat' dir='ltr'><strong>vulneribus</strong></span> <span class='ocrx_word' id='word_1_400' title='bbox 2075 3593 2159 3645; x_wconf 82' lang='lat' dir='ltr'><strong>in-</strong></span> 
     </span>
    </p>
   </div>
   <div class='ocr_carea' id='block_1_53' title="bbox 593 3683 2158 3753">
    <p class='ocr_par' dir='ltr' id='par_1_53' title="bbox 593 3683 2158 3753">
     <span class='ocr_line' id='line_1_53' title="bbox 593 3683 2158 3753; baseline 0.001 -16"><span class='ocrx_word' id='word_1_401' title='bbox 593 3694 708 3738; x_wconf 86' lang='lat' dir='ltr'><strong>star</strong></span> <span class='ocrx_word' id='word_1_402' title='bbox 748 3684 949 3742; x_wconf 86' lang='lat' dir='ltr'><strong>mortui</strong></span> <span class='ocrx_word' id='word_1_403' title='bbox 1002 3683 1148 3737; x_wconf 90' lang='lat' dir='ltr'><strong>inter</strong></span> <span class='ocrx_word' id='word_1_404' title='bbox 1173 3683 1439 3737; x_wconf 83' lang='lat' dir='ltr'><strong>cadavera</strong></span> <span class='ocrx_word' id='word_1_405' title='bbox 1484 3684 1769 3753; x_wconf 84' lang='lat' dir='ltr'><strong>iacuisset,</strong></span> <span class='ocrx_word' id='word_1_406' title='bbox 1821 3684 2011 3738; x_wconf 88' lang='lat' dir='ltr'><strong>vivens</strong></span> <span class='ocrx_word' id='word_1_407' title='bbox 2067 3700 2158 3738; x_wconf 86' lang='lat' dir='ltr'><strong>re-</strong></span> 
     </span>
    </p>
   </div>
   <div class='ocr_carea' id='block_1_54' title="bbox 2258 2583 3833 2654">
    <p class='ocr_par' dir='ltr' id='par_1_54' title="bbox 2258 2583 3833 2654">
     <span class='ocr_line' id='line_1_54' title="bbox 2258 2583 3833 2654; baseline -0.001 -19"><span class='ocrx_word' id='word_1_408' title='bbox 2258 2583 2539 2651; x_wconf 81' lang='grc' dir='ltr'>γενόμενοι</span> <span class='ocrx_word' id='word_1_409' title='bbox 2577 2590 2636 2645; x_wconf 76' lang='grc' dir='ltr'>ἐς</span> <span class='ocrx_word' id='word_1_410' title='bbox 2668 2583 2844 2653; x_wconf 83' lang='grc' dir='ltr'>χωρία</span> <span class='ocrx_word' id='word_1_411' title='bbox 2887 2583 3354 2654; x_wconf 78' lang='grc' dir='ltr'>προλελοχισμένα</span> <span class='ocrx_word' id='word_1_412' title='bbox 3392 2584 3675 2637; x_wconf 75' lang='grc' dir='ltr'>ἐνέπεσονο</span> <span class='ocrx_word' id='word_1_413' title='bbox 3741 2584 3833 2636; x_wconf 80' lang='grc' dir='ltr'>καὶ</span> 
     </span>
    </p>
   </div>
   <div class='ocr_carea' id='block_1_55' title="bbox 2258 2675 3833 2747">
    <p class='ocr_par' dir='ltr' id='par_1_55' title="bbox 2258 2675 3833 2747">
     <span class='ocr_line' id='line_1_55' title="bbox 2258 2675 3833 2747; baseline 0 -20"><span class='ocrx_word' id='word_1_414' title='bbox 2258 2675 2489 2729; x_wconf 71' lang='grc' dir='ltr'>πανσυδὶ</span> <span class='ocrx_word' id='word_1_415' title='bbox 2517 2676 2583 2728; x_wconf 84' lang='grc' dir='ltr'>ἂν</span> <span class='ocrx_word' id='word_1_416' title='bbox 2616 2675 2961 2746; x_wconf 86' lang='grc' dir='ltr'>ἐφθάρησαν,</span> <span class='ocrx_word' id='word_1_417' title='bbox 2998 2677 3046 2728; x_wconf 79' lang='grc' dir='ltr'>εί</span> <span class='ocrx_word' id='word_1_418' title='bbox 3072 2678 3147 2746; x_wconf 84' lang='grc' dir='ltr'>μὴ</span> <span class='ocrx_word' id='word_1_419' title='bbox 3176 2677 3402 2747; x_wconf 80' lang='grc' dir='ltr'>Μάρκος</span> <span class='ocrx_word' id='word_1_420' title='bbox 3446 2676 3833 2746; x_wconf 77' lang='grc' dir='ltr'>Καλπούρνιος</span> 
     </span>
    </p>
   </div>
   <div class='ocr_carea' id='block_1_56' title="bbox 2261 2765 3831 2837">
    <p class='ocr_par' dir='ltr' id='par_1_56' title="bbox 2261 2765 3831 2837">
     <span class='ocr_line' id='line_1_56' title="bbox 2261 2765 3831 2837; baseline 0 -19"><span class='ocrx_word' id='word_1_421' title='bbox 2261 2765 2558 2835; x_wconf 86' lang='grc' dir='ltr'>χιλιαρχῶν</span> <span class='ocrx_word' id='word_1_422' title='bbox 2591 2766 2754 2837; x_wconf 79' lang='grc' dir='ltr'>σοφίᾳ</span> <span class='ocrx_word' id='word_1_423' title='bbox 2789 2766 3022 2836; x_wconf 82' lang='grc' dir='ltr'>μετῆλθε</span> <span class='ocrx_word' id='word_1_424' title='bbox 3052 2766 3113 2819; x_wconf 84' lang='grc' dir='ltr'>τὸ</span> <span class='ocrx_word' id='word_1_425' title='bbox 3150 2766 3494 2837; x_wconf 86' lang='grc' dir='ltr'>δυστύχημα.</span> <span class='ocrx_word' id='word_1_426' title='bbox 3540 2767 3685 2822; x_wconf 81' lang='grc' dir='ltr'>Ἰδὼν</span> <span class='ocrx_word' id='word_1_427' title='bbox 3724 2767 3831 2837; x_wconf 83' lang='grc' dir='ltr'>γάρ</span> 
     </span>
    </p>
   </div>
   <div class='ocr_carea' id='block_1_57' title="bbox 2259 2848 3830 2929">
    <p class='ocr_par' dir='ltr' id='par_1_57' title="bbox 2259 2848 3830 2929">
     <span class='ocr_line' id='line_1_57' title="bbox 2259 2848 3830 2929; baseline 0.001 -19"><span class='ocrx_word' id='word_1_428' title='bbox 2259 2875 2381 2911; x_wconf 87' lang='grc' dir='ltr'>τινα</span> <span class='ocrx_word' id='word_1_429' title='bbox 2403 2857 2511 2910; x_wconf 86' lang='grc' dir='ltr'>τῶν</span> <span class='ocrx_word' id='word_1_430' title='bbox 2540 2848 2702 2928; x_wconf 77' lang='grc' dir='ltr'>πέριξ</span> <span class='ocrx_word' id='word_1_431' title='bbox 2732 2857 2910 2926; x_wconf 83' lang='grc' dir='ltr'>λόφων</span> <span class='ocrx_word' id='word_1_432' title='bbox 2955 2858 3117 2927; x_wconf 89' lang='grc' dir='ltr'>μόνον</span> <span class='ocrx_word' id='word_1_433' title='bbox 3156 2858 3272 2911; x_wconf 83' lang='grc' dir='ltr'>-ὑπὺ</span> <span class='ocrx_word' id='word_1_434' title='bbox 3324 2858 3419 2911; x_wconf 81' lang='grc' dir='ltr'>τοῦ</span> <span class='ocrx_word' id='word_1_435' title='bbox 3468 2858 3830 2929; x_wconf 75' lang='grc' dir='ltr'>κρημνώδους</span> 
     </span>
    </p>
   </div>
   <div class='ocr_carea' id='block_1_58' title="bbox 2263 2948 3833 3021">
    <p class='ocr_par' dir='ltr' id='par_1_58' title="bbox 2263 2948 3833 3021">
     <span class='ocr_line' id='line_1_58' title="bbox 2263 2948 3833 3021; baseline 0.001 -20"><span class='ocrx_word' id='word_1_436' title='bbox 2263 2949 2340 3020; x_wconf 80' lang='grc' dir='ltr'>μὴ</span> <span class='ocrx_word' id='word_1_437' title='bbox 2380 2948 2948 3021; x_wconf 75' lang='grc' dir='ltr'>προκατειλημμένον,</span> <span class='ocrx_word' id='word_1_438' title='bbox 2999 2948 3225 3012; x_wconf 78' lang='grc' dir='ltr'>ὁπλίτας</span> <span class='ocrx_word' id='word_1_439' title='bbox 3281 2950 3635 3019; x_wconf 85' lang='grc' dir='ltr'>τριακοσίους</span> <span class='ocrx_word' id='word_1_440' title='bbox 3673 2950 3833 3021; x_wconf 66' lang='grc' dir='ltr'>παρὰ</span> 
     </span>
    </p>
   </div>
   <div class='ocr_carea' id='block_1_59' title="bbox 2258 3038 3831 3115">
    <p class='ocr_par' dir='ltr' id='par_1_59' title="bbox 2258 3038 3831 3115">
     <span class='ocr_line' id='line_1_59' title="bbox 2258 3038 3831 3115; baseline 0 -25"><span class='ocrx_word' id='word_1_441' title='bbox 2258 3038 2601 3115; x_wconf 55' lang='lat'>1066236100</span> <span class='ocrx_word' id='word_1_442' title='bbox 2642 3040 2909 3109; x_wconf 68' lang='grc' dir='ltr'>ᾐτήσατο,</span> <span class='ocrx_word' id='word_1_443' title='bbox 2962 3039 3058 3094; x_wconf 71' lang='grc' dir='ltr'>καὶ</span> <span class='ocrx_word' id='word_1_444' title='bbox 3111 3038 3209 3093; x_wconf 76' lang='grc' dir='ltr'>σὺν</span> <span class='ocrx_word' id='word_1_445' title='bbox 3265 3039 3450 3102; x_wconf 83' lang='grc' dir='ltr'>αὐτοῖς</span> <span class='ocrx_word' id='word_1_446' title='bbox 3500 3040 3590 3092; x_wconf 60' lang='grc' dir='ltr'>ἐπ’</span> <span class='ocrx_word' id='word_1_447' title='bbox 3618 3039 3831 3092; x_wconf 76' lang='grc' dir='ltr'>ἐκεῖνον</span> 
     </span>
    </p>
   </div>
   <div class='ocr_carea' id='block_1_60' title="bbox 2260 3125 3829 3201">
    <p class='ocr_par' dir='ltr' id='par_1_60' title="bbox 2260 3125 3829 3201">
     <span class='ocr_line' id='line_1_60' title="bbox 2260 3125 3829 3201; baseline 0 -19"><span class='ocrx_word' id='word_1_448' title='bbox 2260 3125 2539 3201; x_wconf 80' lang='grc' dir='ltr'>ὥρμησεν,</span> <span class='ocrx_word' id='word_1_449' title='bbox 2595 3128 2662 3181; x_wconf 79' lang='grc' dir='ltr'>ἶν’</span> <span class='ocrx_word' id='word_1_450' title='bbox 2693 3129 2741 3181; x_wconf 82' lang='lat' dir='ltr'>oi</span> <span class='ocrx_word' id='word_1_451' title='bbox 2769 3129 2995 3197; x_wconf 89' lang='grc' dir='ltr'>πόλεμοι</span> <span class='ocrx_word' id='word_1_452' title='bbox 3051 3126 3189 3198; x_wconf 78' lang='grc' dir='ltr'>πρὸς</span> <span class='ocrx_word' id='word_1_453' title='bbox 3243 3127 3445 3190; x_wconf 84' lang='grc' dir='ltr'>αὐτοὺς</span> <span class='ocrx_word' id='word_1_454' title='bbox 3478 3126 3829 3197; x_wconf 82' lang='grc' dir='ltr'>τράπωνται,</span> 
     </span>
    </p>
   </div>
   <div class='ocr_carea' id='block_1_61' title="bbox 2261 3218 3828 3289">
    <p class='ocr_par' dir='ltr' id='par_1_61' title="bbox 2261 3218 3828 3289">
     <span class='ocr_line' id='line_1_61' title="bbox 2261 3218 3828 3289; baseline -0.001 -13"><span class='ocrx_word' id='word_1_455' title='bbox 2261 3222 2559 3276; x_wconf 72' lang='grc' dir='ltr'>κάντεῦθεν</span> <span class='ocrx_word' id='word_1_456' title='bbox 2589 3223 2640 3277; x_wconf 76' lang='grc' dir='ltr'>οἱ</span> <span class='ocrx_word' id='word_1_457' title='bbox 2692 3222 2874 3273; x_wconf 78' lang='grc' dir='ltr'>λοιποὶ</span> <span class='ocrx_word' id='word_1_458' title='bbox 2921 3218 3269 3287; x_wconf 75' lang='grc' dir='ltr'>διαφύγωσι·</span> <span class='ocrx_word' id='word_1_459' title='bbox 3296 3219 3389 3272; x_wconf 77' lang='grc' dir='ltr'>καὶ</span> <span class='ocrx_word' id='word_1_460' title='bbox 3417 3219 3578 3289; x_wconf 69' lang='grc' dir='ltr'>ἔσχεν</span> <span class='ocrx_word' id='word_1_461' title='bbox 3627 3220 3828 3284; x_wconf 79' lang='grc' dir='ltr'>οὕτως.</span> 
     </span>
    </p>
   </div>
   <div class='ocr_carea' id='block_1_62' title="bbox 2274 3296 3833 3381">
    <p class='ocr_par' dir='ltr' id='par_1_62' title="bbox 2274 3296 3833 3381">
     <span class='ocr_line' id='line_1_62' title="bbox 2274 3296 3833 3381; baseline 0.002 -18"><span class='ocrx_word' id='word_1_462' title='bbox 2274 3313 2361 3379; x_wconf 74' lang='grc' dir='ltr'>Ὡς</span> <span class='ocrx_word' id='word_1_463' title='bbox 2384 3312 2493 3381; x_wconf 68' lang='grc' dir='ltr'>γὰρ</span> <span class='ocrx_word' id='word_1_464' title='bbox 2517 3313 2616 3379; x_wconf 80' lang='grc' dir='ltr'>τὴν</span> <span class='ocrx_word' id='word_1_465' title='bbox 2651 3310 2830 3380; x_wconf 77' lang='grc' dir='ltr'>ὁρμὴν</span> <span class='ocrx_word' id='word_1_466' title='bbox 2860 3296 3044 3362; x_wconf 82' lang='grc' dir='ltr'>αύτῶν</span> <span class='ocrx_word' id='word_1_467' title='bbox 3068 3304 3217 3377; x_wconf 74' lang='grc' dir='ltr'>¹είδον</span> <span class='ocrx_word' id='word_1_468' title='bbox 3245 3310 3295 3361; x_wconf 85' lang='lat' dir='ltr'>oi</span> <span class='ocrx_word' id='word_1_469' title='bbox 3336 3310 3590 3371; x_wconf 79' lang='grc' dir='ltr'>ἐναντίοι,</span> <span class='ocrx_word' id='word_1_470' title='bbox 3621 3310 3833 3366; x_wconf 82' lang='grc' dir='ltr'>ἐκπλα-</span> 
     </span>
    </p>
   </div>
   <div class='ocr_carea' id='block_1_63' title="bbox 2261 3399 3831 3472">
    <p class='ocr_par' dir='ltr' id='par_1_63' title="bbox 2261 3399 3831 3472">
     <span class='ocr_line' id='line_1_63' title="bbox 2261 3399 3831 3472; baseline -0.001 -16"><span class='ocrx_word' id='word_1_471' title='bbox 2261 3404 2470 3472; x_wconf 80' lang='grc' dir='ltr'>γέντες,</span> <span class='ocrx_word' id='word_1_472' title='bbox 2502 3401 2595 3454; x_wconf 83' lang='grc' dir='ltr'>τὸν</span> <span class='ocrx_word' id='word_1_473' title='bbox 2648 3402 2746 3470; x_wconf 81' lang='grc' dir='ltr'>μὲν</span> <span class='ocrx_word' id='word_1_474' title='bbox 2791 3399 2997 3453; x_wconf 81' lang='grc' dir='ltr'>ὕπατον</span> <span class='ocrx_word' id='word_1_475' title='bbox 3048 3402 3144 3453; x_wconf 75' lang='grc' dir='ltr'>καὶ</span> <span class='ocrx_word' id='word_1_476' title='bbox 3178 3403 3303 3465; x_wconf 79' lang='grc' dir='ltr'>τοὺς</span> <span class='ocrx_word' id='word_1_477' title='bbox 3365 3401 3495 3470; x_wconf 82' lang='grc' dir='ltr'>περὶ</span> <span class='ocrx_word' id='word_1_478' title='bbox 3529 3400 3721 3466; x_wconf 74' lang='grc' dir='ltr'>αὐτὸν,</span> <span class='ocrx_word' id='word_1_479' title='bbox 3752 3401 3831 3465; x_wconf 83' lang='grc' dir='ltr'>ὡς</span> 
     </span>
    </p>
   </div>
   <div class='ocr_carea' id='block_1_64' title="bbox 2220 3490 3833 3567">
    <p class='ocr_par' dir='ltr' id='par_1_64' title="bbox 2220 3490 3833 3567">
     <span class='ocr_line' id='line_1_64' title="bbox 2220 3490 3833 3567; baseline -0.004 -17"><span class='ocrx_word' id='word_1_480' title='bbox 2220 3502 2221 3505; x_wconf 68' lang='grc'><em>“</em></span> <span class='ocrx_word' id='word_1_481' title='bbox 2262 3498 2361 3567; x_wconf 84' lang='grc' dir='ltr'>ήδη</span> <span class='ocrx_word' id='word_1_482' title='bbox 2395 3494 2728 3559; x_wconf 80' lang='grc' dir='ltr'>ἑαλωκότας,</span> <span class='ocrx_word' id='word_1_483' title='bbox 2777 3493 3090 3560; x_wconf 83' lang='grc' dir='ltr'>κατέλιπον,</span> <span class='ocrx_word' id='word_1_484' title='bbox 3125 3493 3219 3546; x_wconf 77' lang='grc' dir='ltr'>ἐπὶ</span> <span class='ocrx_word' id='word_1_485' title='bbox 3246 3492 3301 3546; x_wconf 77' lang='grc' dir='ltr'>δὲ</span> <span class='ocrx_word' id='word_1_486' title='bbox 3328 3490 3422 3546; x_wconf 75' lang='grc' dir='ltr'>τὸν</span> <span class='ocrx_word' id='word_1_487' title='bbox 3451 3492 3833 3564; x_wconf 82' lang='grc' dir='ltr'>Καλπούρνιον</span> 
     </span>
    </p>
   </div>
   <div class='ocr_carea' id='block_1_65' title="bbox 2265 3583 3834 3657">
    <p class='ocr_par' dir='ltr' id='par_1_65' title="bbox 2265 3583 3834 3657">
     <span class='ocr_line' id='line_1_65' title="bbox 2265 3583 3834 3657; baseline -0.003 -18"><span class='ocrx_word' id='word_1_488' title='bbox 2265 3587 2621 3657; x_wconf 87' lang='grc' dir='ltr'>συνέδραμον.</span> <span class='ocrx_word' id='word_1_489' title='bbox 2649 3584 2760 3638; x_wconf 77' lang='grc' dir='ltr'>Καὶ</span> <span class='ocrx_word' id='word_1_490' title='bbox 2823 3587 2999 3655; x_wconf 73' lang='grc' dir='ltr'>μάχης</span> <span class='ocrx_word' id='word_1_491' title='bbox 3032 3585 3261 3654; x_wconf 78' lang='grc' dir='ltr'>ἰσχυρᾶς</span> <span class='ocrx_word' id='word_1_492' title='bbox 3301 3584 3613 3651; x_wconf 83' lang='grc' dir='ltr'>γεγονυίας,</span> <span class='ocrx_word' id='word_1_493' title='bbox 3647 3583 3834 3637; x_wconf 81' lang='grc' dir='ltr'>πολλοὶ</span> 
     </span>
    </p>
   </div>
   <div class='ocr_carea' id='block_1_66' title="bbox 2267 3672 3835 3747">
    <p class='ocr_par' dir='ltr' id='par_1_66' title="bbox 2267 3672 3835 3747">
     <span class='ocr_line' id='line_1_66' title="bbox 2267 3672 3835 3747; baseline -0.003 -16"><span class='ocrx_word' id='word_1_494' title='bbox 2267 3679 2367 3747; x_wconf 81' lang='grc' dir='ltr'>μὲν</span> <span class='ocrx_word' id='word_1_495' title='bbox 2397 3677 2689 3743; x_wconf 79' lang='grc' dir='ltr'>κάκείνων,</span> <span class='ocrx_word' id='word_1_496' title='bbox 2723 3678 2922 3739; x_wconf 83' lang='grc' dir='ltr'>πάντες</span> <span class='ocrx_word' id='word_1_497' title='bbox 2950 3676 2994 3728; x_wconf 82' lang='grc' dir='ltr'>δ’</span> <span class='ocrx_word' id='word_1_498' title='bbox 3024 3677 3071 3727; x_wconf 87' lang='lat' dir='ltr'>ol</span> <span class='ocrx_word' id='word_1_499' title='bbox 3122 3672 3424 3744; x_wconf 82' lang='grc' dir='ltr'>τριακόσιοι</span> <span class='ocrx_word' id='word_1_500' title='bbox 3458 3674 3659 3728; x_wconf 78' lang='grc' dir='ltr'>ἔπεσον</span> <span class='ocrx_word' id='word_1_501' title='bbox 3684 3692 3699 3707; x_wconf 82' lang='grc'><em>’</em></span> <span class='ocrx_word' id='word_1_502' title='bbox 3736 3676 3835 3741; x_wconf 78' lang='grc' dir='ltr'>μό⁴</span> 
     </span>
    </p>
   </div>
   <div class='ocr_carea' id='block_1_67' title="bbox 520 3765 2160 3846">
    <p class='ocr_par' dir='ltr' id='par_1_67' title="bbox 520 3770 2160 3846">
     <span class='ocr_line' id='line_1_67' title="bbox 520 3770 2160 3846; baseline -0.001 -15"><span class='ocrx_word' id='word_1_503' title='bbox 520 3828 523 3831; x_wconf 87' lang='grc'>.</span> <span class='ocrx_word' id='word_1_504' title='bbox 594 3786 801 3846; x_wconf 81' lang='lat' dir='ltr'><strong>pertus.</strong></span> <span class='ocrx_word' id='word_1_505' title='bbox 847 3770 1021 3831; x_wconf 85' lang='lat' dir='ltr'><strong>evasit</strong></span> <span class='ocrx_word' id='word_1_506' title='bbox 1066 3776 1376 3831; x_wconf 82' lang='lat' dir='ltr'><strong>incolumis.</strong></span> <span class='ocrx_word' id='word_1_507' title='bbox 1420 3775 1634 3830; x_wconf 85' lang='lat' dir='ltr'><strong>Interea</strong></span> <span class='ocrx_word' id='word_1_508' title='bbox 1672 3790 1804 3830; x_wconf 88' lang='lat' dir='ltr'><strong>vero</strong></span> <span class='ocrx_word' id='word_1_509' title='bbox 1868 3775 2023 3830; x_wconf 63' lang='lat' dir='ltr'><strong>dum&#39;</strong></span> <span class='ocrx_word' id='word_1_510' title='bbox 2069 3790 2160 3830; x_wconf 81' lang='lat' dir='ltr'>ccc</span> 
     </span>
    </p>
   </div>
   <div class='ocr_carea' id='block_1_68' title="bbox 2262 3765 3830 3846">
    <p class='ocr_par' dir='ltr' id='par_1_68' title="bbox 2264 3765 3830 3839">
     <span class='ocr_line' id='line_1_68' title="bbox 2264 3765 3830 3839; baseline 0.001 -20"><span class='ocrx_word' id='word_1_511' title='bbox 2264 3784 2353 3831; x_wconf 86' lang='grc' dir='ltr'>νος</span> <span class='ocrx_word' id='word_1_512' title='bbox 2381 3768 2436 3820; x_wconf 82' lang='grc' dir='ltr'>δὲ</span> <span class='ocrx_word' id='word_1_513' title='bbox 2458 3768 2863 3839; x_wconf 83' lang='grc' dir='ltr'>περιεσέσωστο</span> <span class='ocrx_word' id='word_1_514' title='bbox 2908 3768 2935 3819; x_wconf 90' lang='lat'>6</span> <span class='ocrx_word' id='word_1_515' title='bbox 2977 3765 3377 3836; x_wconf 78' lang='grc' dir='ltr'>Καλπούρνιος,</span> <span class='ocrx_word' id='word_1_516' title='bbox 3415 3765 3650 3834; x_wconf 81' lang='grc' dir='ltr'>τρωθεὶς</span> <span class='ocrx_word' id='word_1_517' title='bbox 3684 3765 3789 3837; x_wconf 71' lang='grc' dir='ltr'>μέν</span> <span class='ocrx_word' id='word_1_518' title='bbox 3816 3784 3830 3799; x_wconf 91' lang='grc'><strong>·</strong></span> 
     </span>
    </p>
   </div>
   <div class='ocr_carea' id='block_1_69' title="bbox 595 3946 2162 4028">
    <p class='ocr_par' dir='ltr' id='par_1_69' title="bbox 595 3946 2162 4028">
     <span class='ocr_line' id='line_1_69' title="bbox 595 3946 2162 4028; baseline -0.001 -15"><span class='ocrx_word' id='word_1_519' title='bbox 595 3958 882 4015; x_wconf 85' lang='lat' dir='ltr'><strong>Camarina</strong></span> <span class='ocrx_word' id='word_1_520' title='bbox 912 3969 967 4014; x_wconf 90' lang='lat' dir='ltr'>et</span> <span class='ocrx_word' id='word_1_521' title='bbox 1011 3958 1134 4013; x_wconf 90' lang='lat' dir='ltr'><strong>aliis</strong></span> <span class='ocrx_word' id='word_1_522' title='bbox 1160 3958 1407 4013; x_wconf 81' lang='lat' dir='ltr'><strong>urbibus</strong></span> <span class='ocrx_word' id='word_1_523' title='bbox 1438 3946 1637 4028; x_wconf 20' lang='lat' dir='ltr'><strong>par-tim</strong></span> <span class='ocrx_word' id='word_1_524' title='bbox 1661 3960 1734 4025; x_wconf 90' lang='lat' dir='ltr'>vi,</span> <span class='ocrx_word' id='word_1_525' title='bbox 1768 3960 1967 4028; x_wconf 86' lang='lat' dir='ltr'><strong>partim</strong></span> <span class='ocrx_word' id='word_1_526' title='bbox 2004 3958 2162 4014; x_wconf 86' lang='lat' dir='ltr'><strong>dedi-</strong></span> 
     </span>
    </p>
   </div>
   <div class='ocr_carea' id='block_1_70' title="bbox 600 4049 2159 4122">
    <p class='ocr_par' dir='ltr' id='par_1_70' title="bbox 600 4049 2159 4122">
     <span class='ocr_line' id='line_1_70' title="bbox 600 4049 2159 4122; baseline -0.001 -18"><span class='ocrx_word' id='word_1_527' title='bbox 600 4049 747 4105; x_wconf 80' lang='lat' dir='ltr'><strong>tione</strong></span> <span class='ocrx_word' id='word_1_528' title='bbox 804 4050 1066 4114; x_wconf 77' lang='lat' dir='ltr'><strong>subactis,</strong></span> <span class='ocrx_word' id='word_1_529' title='bbox 1116 4050 1183 4105; x_wconf 87' lang='lat' dir='ltr'>ad</span> <span class='ocrx_word' id='word_1_530' title='bbox 1232 4051 1487 4122; x_wconf 87' lang='lat' dir='ltr'><strong>Liparam</strong></span> <span class='ocrx_word' id='word_1_531' title='bbox 1529 4050 1896 4121; x_wconf 80' lang='lat' dir='ltr'><strong>proficiscitur</strong></span> <span class='ocrx_word' id='word_1_532' title='bbox 1943 4070 1955 4105; x_wconf 89' lang='lat'><strong>:</strong></span> <span class='ocrx_word' id='word_1_533' title='bbox 1996 4066 2159 4121; x_wconf 87' lang='lat' dir='ltr'><strong>quam</strong></span> 
     </span>
    </p>
   </div>
   <div class='ocr_carea' id='block_1_71' title="bbox 594 4135 2164 4211">
    <p class='ocr_par' dir='ltr' id='par_1_71' title="bbox 594 4135 2164 4211">
     <span class='ocr_line' id='line_1_71' title="bbox 594 4135 2164 4211; baseline 0.001 -16"><span class='ocrx_word' id='word_1_534' title='bbox 594 4156 722 4195; x_wconf 87' lang='lat' dir='ltr'>cum</span> <span class='ocrx_word' id='word_1_535' title='bbox 766 4139 1038 4195; x_wconf 75' lang='lat' dir='ltr'><strong>Hamilcar</strong></span> <span class='ocrx_word' id='word_1_536' title='bbox 1084 4144 1224 4196; x_wconf 88' lang='lat' dir='ltr'><strong>clam</strong></span> <span class='ocrx_word' id='word_1_537' title='bbox 1271 4153 1435 4197; x_wconf 91' lang='lat' dir='ltr'><strong>noctu</strong></span> <span class='ocrx_word' id='word_1_538' title='bbox 1462 4135 1805 4211; x_wconf 52' lang='lat' dir='ltr'><strong>occupant,</strong></span> <span class='ocrx_word' id='word_1_539' title='bbox 1835 4143 2016 4205; x_wconf 87' lang='lat' dir='ltr'><strong>subita</strong></span> <span class='ocrx_word' id='word_1_540' title='bbox 2038 4159 2164 4196; x_wconf 84' lang='lat' dir='ltr'><strong>eru-</strong></span> 
     </span>
    </p>
   </div>
   <div class='ocr_carea' id='block_1_72' title="bbox 524 4234 2165 4311">
    <p class='ocr_par' dir='ltr' id='par_1_72' title="bbox 524 4234 2165 4311">
     <span class='ocr_line' id='line_1_72' title="bbox 524 4234 2165 4311; baseline 0.004 -28"><span class='ocrx_word' id='word_1_541' title='bbox 524 4276 527 4283; x_wconf 43' lang='grc' dir='ltr'><em>ς</em></span> <span class='ocrx_word' id='word_1_542' title='bbox 600 4234 788 4311; x_wconf 87' lang='lat' dir='ltr'><strong>ptioue</strong></span> <span class='ocrx_word' id='word_1_543' title='bbox 832 4234 997 4295; x_wconf 77' lang='lat' dir='ltr'><strong>facta,</strong></span> <span class='ocrx_word' id='word_1_544' title='bbox 1029 4234 1230 4289; x_wconf 85' lang='lat' dir='ltr'><strong>multos</strong></span> <span class='ocrx_word' id='word_1_545' title='bbox 1260 4236 1490 4289; x_wconf 68' lang='lat' dir='ltr'><strong>caecidit.</strong></span> <span class='ocrx_word' id='word_1_546' title='bbox 1524 4235 1689 4291; x_wconf 84' lang='lat' dir='ltr'><strong>Caius</strong></span> <span class='ocrx_word' id='word_1_547' title='bbox 1720 4250 1852 4290; x_wconf 91' lang='lat' dir='ltr'><strong>vero</strong></span> <span class='ocrx_word' id='word_1_548' title='bbox 1899 4234 2165 4305; x_wconf 86' lang='lat' dir='ltr'><strong>Sulpitius</strong></span> 
     </span>
    </p>
   </div>
   <div class='ocr_carea' id='block_1_73' title="bbox 537 4320 2163 4396">
    <p class='ocr_par' dir='ltr' id='par_1_73' title="bbox 537 4320 2163 4396">
     <span class='ocr_line' id='line_1_73' title="bbox 537 4320 2163 4396; baseline 0.002 -17"><span class='ocrx_word' id='word_1_549' title='bbox 537 4329 540 4331; x_wconf 38' lang='grc' dir='ltr'>λ</span> <span class='ocrx_word' id='word_1_550' title='bbox 600 4340 710 4380; x_wconf 90' lang='lat' dir='ltr'>non</span> <span class='ocrx_word' id='word_1_551' title='bbox 738 4325 900 4380; x_wconf 89' lang='lat' dir='ltr'><strong>modo</strong></span> <span class='ocrx_word' id='word_1_552' title='bbox 931 4320 1196 4395; x_wconf 65' lang='lat' dir='ltr'><strong>sardiniae</strong></span> <span class='ocrx_word' id='word_1_553' title='bbox 1246 4329 1507 4396; x_wconf 75' lang='lat' dir='ltr'><strong>pleraque</strong></span> <span class='ocrx_word' id='word_1_554' title='bbox 1539 4328 1657 4382; x_wconf 88' lang='lat' dir='ltr'><strong>loca</strong></span> <span class='ocrx_word' id='word_1_555' title='bbox 1708 4326 2036 4393; x_wconf 84' lang='lat' dir='ltr'><strong>infestavit’:</strong></span> <span class='ocrx_word' id='word_1_556' title='bbox 2067 4326 2163 4382; x_wconf 89' lang='lat' dir='ltr'>sed</span> 
     </span>
    </p>
   </div>
   <div class='ocr_carea' id='block_1_74' title="bbox 598 4406 2164 4490">
    <p class='ocr_par' dir='ltr' id='par_1_74' title="bbox 598 4406 2164 4490">
     <span class='ocr_line' id='line_1_74' title="bbox 598 4406 2164 4490; baseline 0 -17"><span class='ocrx_word' id='word_1_557' title='bbox 598 4418 945 4473; x_wconf 81' lang='lat' dir='ltr'><strong>successibus</strong></span> <span class='ocrx_word' id='word_1_558' title='bbox 987 4406 1181 4481; x_wconf 72' lang='lat' dir='ltr'><strong>elatus,</strong></span> <span class='ocrx_word' id='word_1_559' title='bbox 1227 4419 1392 4472; x_wconf 87' lang='lat' dir='ltr'><strong>etiam</strong></span> <span class='ocrx_word' id='word_1_560' title='bbox 1424 4428 1615 4473; x_wconf 88' lang='lat' dir='ltr'><strong>contra</strong></span> <span class='ocrx_word' id='word_1_561' title='bbox 1660 4419 1883 4490; x_wconf 86' lang='lat' dir='ltr'><strong>Libyam</strong></span> <span class='ocrx_word' id='word_1_562' title='bbox 1940 4420 2045 4474; x_wconf 78' lang='lat' dir='ltr'><strong>iter</strong></span> <span class='ocrx_word' id='word_1_563' title='bbox 2076 4420 2164 4473; x_wconf 83' lang='lat' dir='ltr'><strong>in-</strong></span> 
     </span>
    </p>
   </div>
   <div class='ocr_carea' id='block_1_75' title="bbox 602 4501 2164 4579">
    <p class='ocr_par' dir='ltr' id='par_1_75' title="bbox 602 4501 2164 4579">
     <span class='ocr_line' id='line_1_75' title="bbox 602 4501 2164 4579; baseline 0.001 -16"><span class='ocrx_word' id='word_1_564' title='bbox 602 4501 798 4564; x_wconf 58' lang='lat' dir='ltr'><strong>tendit.</strong></span> <span class='ocrx_word' id='word_1_565' title='bbox 856 4508 941 4573; x_wconf 47' lang='lat' dir='ltr'>,Ac</span> <span class='ocrx_word' id='word_1_566' title='bbox 972 4507 1463 4579; x_wconf 72' lang='lat' dir='ltr'><strong>Carthaginienses</strong></span> <span class='ocrx_word' id='word_1_567' title='bbox 1507 4525 1631 4564; x_wconf 85' lang='lat' dir='ltr'>cum</span> <span class='ocrx_word' id='word_1_568' title='bbox 1684 4508 1952 4564; x_wconf 90' lang='lat' dir='ltr'><strong>Annibale</strong></span> <span class='ocrx_word' id='word_1_569' title='bbox 1987 4511 2164 4565; x_wconf 85' lang='lat' dir='ltr'><strong>solve-</strong></span> 
     </span>
    </p>
   </div>
   <div class='ocr_carea' id='block_1_76' title="bbox 604 4590 2164 4671">
    <p class='ocr_par' dir='ltr' id='par_1_76' title="bbox 604 4590 2164 4671">
     <span class='ocr_line' id='line_1_76' title="bbox 604 4590 2164 4671; baseline -0.001 -15"><span class='ocrx_word' id='word_1_570' title='bbox 604 4611 750 4661; x_wconf 88' lang='lat' dir='ltr'><strong>runt.</strong></span> <span class='ocrx_word' id='word_1_571' title='bbox 781 4590 980 4671; x_wconf 51' lang='lat' dir='ltr'><strong>patriai</strong></span> <span class='ocrx_word' id='word_1_572' title='bbox 998 4610 1304 4655; x_wconf 79' lang='lat' dir='ltr'><strong>metuentes</strong></span> <span class='ocrx_word' id='word_1_573' title='bbox 1330 4618 1343 4653; x_wconf 91' lang='lat'><strong>:</strong></span> <span class='ocrx_word' id='word_1_574' title='bbox 1370 4600 1465 4655; x_wconf 88' lang='lat' dir='ltr'>sed</span> <span class='ocrx_word' id='word_1_575' title='bbox 1489 4612 1653 4655; x_wconf 82' lang='lat' dir='ltr'><strong>vento</strong></span> <span class='ocrx_word' id='word_1_576' title='bbox 1678 4600 1908 4654; x_wconf 84' lang='lat' dir='ltr'><strong>adverso</strong></span> <span class='ocrx_word' id='word_1_577' title='bbox 1938 4602 2164 4671; x_wconf 87' lang='lat' dir='ltr'><strong>repulsi,</strong></span> 
     </span>
    </p>
   </div>
   <div class='ocr_carea' id='block_1_77' title="bbox 593 3837 2160 3937">
    <p class='ocr_par' dir='ltr' id='par_1_77' title="bbox 593 3837 2157 3937">
     <span class='ocr_line' id='line_1_77' title="bbox 593 3837 2157 3937; baseline 0.003 -20"><span class='ocrx_word' id='word_1_578' title='bbox 593 3837 855 3937; x_wconf 73' lang='lat' dir='ltr'><strong>pugnant,</strong></span> <span class='ocrx_word' id='word_1_579' title='bbox 886 3866 1052 3922; x_wconf 89' lang='lat' dir='ltr'><strong>etiam</strong></span> <span class='ocrx_word' id='word_1_580' title='bbox 1102 3867 1294 3922; x_wconf 86' lang='lat' dir='ltr'><strong>consul</strong></span> <span class='ocrx_word' id='word_1_581' title='bbox 1341 3865 1586 3931; x_wconf 81' lang='lat' dir='ltr'><strong>Attilius,</strong></span> <span class='ocrx_word' id='word_1_582' title='bbox 1622 3866 1838 3921; x_wconf 68' lang='lat' dir='ltr'><strong>‘evitat&#39;o</strong></span> <span class='ocrx_word' id='word_1_583' title='bbox 1888 3866 2157 3936; x_wconf 89' lang='lat' dir='ltr'><strong>periculo,</strong></span> 
     </span>
    </p>
   </div>
   <div class='ocr_carea' id='block_1_78' title="bbox 2262 3837 3835 3937">
    <p class='ocr_par' dir='ltr' id='par_1_78' title="bbox 2263 3837 3835 3928">
     <span class='ocr_line' id='line_1_78' title="bbox 2263 3837 3835 3928; baseline -0.001 -16"><span class='ocrx_word' id='word_1_584' title='bbox 2263 3858 2441 3913; x_wconf 84' lang='grc' dir='ltr'>λαθὼν</span> <span class='ocrx_word' id='word_1_585' title='bbox 2487 3837 2546 3912; x_wconf 64' lang='grc' dir='ltr'>δ’⁷</span> <span class='ocrx_word' id='word_1_586' title='bbox 2576 3862 2635 3912; x_wconf 89' lang='grc' dir='ltr'>ἐν</span> <span class='ocrx_word' id='word_1_587' title='bbox 2671 3861 2787 3921; x_wconf 85' lang='grc' dir='ltr'>τοῖς</span> <span class='ocrx_word' id='word_1_588' title='bbox 2839 3859 3055 3927; x_wconf 79' lang='grc' dir='ltr'>νεκροῖς</span> <span class='ocrx_word' id='word_1_589' title='bbox 3108 3858 3362 3927; x_wconf 88' lang='grc' dir='ltr'>κείμενος</span> <span class='ocrx_word' id='word_1_590' title='bbox 3390 3857 3495 3910; x_wconf 85' lang='grc' dir='ltr'>ὑπὸ</span> <span class='ocrx_word' id='word_1_591' title='bbox 3517 3858 3629 3910; x_wconf 84' lang='grc' dir='ltr'>τῶν</span> <span class='ocrx_word' id='word_1_592' title='bbox 3655 3875 3835 3928; x_wconf 78' lang='grc' dir='ltr'>τραυο</span> 
     </span>
    </p>
   </div>
   <div class='ocr_carea' id='block_1_79' title="bbox 2265 3952 3834 4027">
    <p class='ocr_par' dir='ltr' id='par_1_79' title="bbox 2265 3952 3834 4027">
     <span class='ocr_line' id='line_1_79' title="bbox 2265 3952 3834 4027; baseline -0.001 -18"><span class='ocrx_word' id='word_1_593' title='bbox 2265 3955 2470 4025; x_wconf 88' lang='grc' dir='ltr'>μάτων,</span> <span class='ocrx_word' id='word_1_594' title='bbox 2494 3955 2569 4019; x_wconf 85' lang='grc' dir='ltr'>ὡς</span> <span class='ocrx_word' id='word_1_595' title='bbox 2614 3955 2908 4027; x_wconf 87' lang='grc' dir='ltr'>τεθνηκὼς,</span> <span class='ocrx_word' id='word_1_596' title='bbox 2944 3955 3074 4009; x_wconf 80' lang='grc' dir='ltr'>ἔνθα</span> <span class='ocrx_word' id='word_1_597' title='bbox 3138 3954 3301 4019; x_wconf 65' lang='grc' dir='ltr'>ζωὸς.</span> <span class='ocrx_word' id='word_1_598' title='bbox 3318 3952 3572 4023; x_wconf 78' lang='grc' dir='ltr'>εὑρεθεὶς</span> <span class='ocrx_word' id='word_1_599' title='bbox 3624 3952 3834 4018; x_wconf 79' lang='grc' dir='ltr'>ἐσώθη.</span> 
     </span>
    </p>
   </div>
   <div class='ocr_carea' id='block_1_80' title="bbox 2273 4041 3834 4119">
    <p class='ocr_par' dir='ltr' id='par_1_80' title="bbox 2273 4041 3834 4119">
     <span class='ocr_line' id='line_1_80' title="bbox 2273 4041 3834 4119; baseline -0.003 -18"><span class='ocrx_word' id='word_1_600' title='bbox 2273 4050 2365 4101; x_wconf 83' lang='grc' dir='ltr'>Ἐν</span> <span class='ocrx_word' id='word_1_601' title='bbox 2393 4041 2438 4115; x_wconf 82' lang='grc' dir='ltr'><strong>ᾧ</strong></span> <span class='ocrx_word' id='word_1_602' title='bbox 2468 4049 2512 4102; x_wconf 82' lang='grc' dir='ltr'>δ’</span> <span class='ocrx_word' id='word_1_603' title='bbox 2534 4049 2584 4100; x_wconf 85' lang='grc' dir='ltr'>οἱ</span> <span class='ocrx_word' id='word_1_604' title='bbox 2636 4049 2939 4119; x_wconf 84' lang='grc' dir='ltr'>τριακόσιοι</span> <span class='ocrx_word' id='word_1_605' title='bbox 2979 4046 3266 4116; x_wconf 85' lang='grc' dir='ltr'>ἐμάχοντο,</span> <span class='ocrx_word' id='word_1_606' title='bbox 3288 4048 3328 4119; x_wconf 31' lang='lat'><em>&#39;6</em></span> <span class='ocrx_word' id='word_1_607' title='bbox 3367 4045 3571 4109; x_wconf 77' lang='grc' dir='ltr'>ὕπατος</span> <span class='ocrx_word' id='word_1_608' title='bbox 3607 4045 3834 4117; x_wconf 83' lang='grc' dir='ltr'>ἀπεχώ-</span> 
     </span>
    </p>
   </div>
   <div class='ocr_carea' id='block_1_81' title="bbox 2246 4132 3835 4209">
    <p class='ocr_par' dir='ltr' id='par_1_81' title="bbox 2246 4132 3835 4209">
     <span class='ocr_line' id='line_1_81' title="bbox 2246 4132 3835 4209; baseline -0.003 -17"><span class='ocrx_word' id='word_1_609' title='bbox 2246 4132 2418 4209; x_wconf 81' lang='grc' dir='ltr'>ρησε.</span> <span class='ocrx_word' id='word_1_610' title='bbox 2466 4140 2755 4208; x_wconf 81' lang='grc' dir='ltr'>Διαφυγὼν</span> <span class='ocrx_word' id='word_1_611' title='bbox 2801 4140 2846 4194; x_wconf 87' lang='grc' dir='ltr'>δ’</span> <span class='ocrx_word' id='word_1_612' title='bbox 2874 4138 3069 4202; x_wconf 79' lang='grc' dir='ltr'>οὕτως,</span> <span class='ocrx_word' id='word_1_613' title='bbox 3104 4138 3200 4206; x_wconf 86' lang='grc' dir='ltr'>τήν</span> <span class='ocrx_word' id='word_1_614' title='bbox 3246 4152 3306 4190; x_wconf 86' lang='grc' dir='ltr'>τε</span> <span class='ocrx_word' id='word_1_615' title='bbox 3352 4137 3683 4205; x_wconf 84' lang='grc' dir='ltr'>Καμαρῐναν</span> <span class='ocrx_word' id='word_1_616' title='bbox 3744 4136 3835 4191; x_wconf 87' lang='grc' dir='ltr'>καί</span> 
     </span>
    </p>
   </div>
   <div class='ocr_carea' id='block_1_82' title="bbox 2263 4226 3840 4307">
    <p class='ocr_par' dir='ltr' id='par_1_82' title="bbox 2263 4226 3840 4307">
     <span class='ocr_line' id='line_1_82' title="bbox 2263 4226 3840 4307; baseline -0.001 -24"><span class='ocrx_word' id='word_1_617' title='bbox 2263 4230 2452 4292; x_wconf 79' lang='grc' dir='ltr'>ἄλλας·</span> <span class='ocrx_word' id='word_1_618' title='bbox 2478 4226 2661 4293; x_wconf 83' lang='grc' dir='ltr'>πόλεις</span> <span class='ocrx_word' id='word_1_619' title='bbox 2692 4231 2806 4307; x_wconf 8' lang='grc' dir='ltr'>,τὰς</span> <span class='ocrx_word' id='word_1_620' title='bbox 2843 4229 2941 4299; x_wconf 87' lang='grc' dir='ltr'>μὲν</span> <span class='ocrx_word' id='word_1_621' title='bbox 3008 4228 3120 4299; x_wconf 80' lang='grc' dir='ltr'>βίᾳ,</span> <span class='ocrx_word' id='word_1_622' title='bbox 3180 4226 3279 4290; x_wconf 83' lang='grc' dir='ltr'>τὰς</span> <span class='ocrx_word' id='word_1_623' title='bbox 3327 4226 3385 4279; x_wconf 79' lang='grc' dir='ltr'>δὲ</span> <span class='ocrx_word' id='word_1_624' title='bbox 3425 4226 3543 4307; x_wconf 26' lang='grc' dir='ltr'>καὶι</span> <span class='ocrx_word' id='word_1_625' title='bbox 3569 4226 3840 4303; x_wconf 76' lang='grc' dir='ltr'>ὁμολογία</span> 
     </span>
    </p>
   </div>
   <div class='ocr_carea' id='block_1_83' title="bbox 2271 4306 3838 4390">
    <p class='ocr_par' dir='ltr' id='par_1_83' title="bbox 2271 4306 3838 4390">
     <span class='ocr_line' id='line_1_83' title="bbox 2271 4306 3838 4390; baseline -0.003 -17"><span class='ocrx_word' id='word_1_626' title='bbox 2271 4321 2667 4390; x_wconf 81' lang='grc' dir='ltr'>παρεστήσατο.</span> <span class='ocrx_word' id='word_1_627' title='bbox 2692 4306 2994 4375; x_wconf 49' lang='grc' dir='ltr'>’Ἐντεῦθεν</span> <span class='ocrx_word' id='word_1_628' title='bbox 3038 4319 3131 4372; x_wconf 78' lang='grc' dir='ltr'>ἐπὶ</span> <span class='ocrx_word' id='word_1_629' title='bbox 3157 4318 3254 4387; x_wconf 83' lang='grc' dir='ltr'>τὴν</span> <span class='ocrx_word' id='word_1_630' title='bbox 3285 4306 3543 4388; x_wconf 83' lang='grc' dir='ltr'>Λιπάραν</span> <span class='ocrx_word' id='word_1_631' title='bbox 3573 4316 3838 4388; x_wconf 84' lang='grc' dir='ltr'>ὥρμησεν</span> 
     </span>
    </p>
   </div>
   <div class='ocr_carea' id='block_1_84' title="bbox 2264 4409 3838 4479">
    <p class='ocr_par' dir='ltr' id='par_1_84' title="bbox 2264 4409 3838 4479">
     <span class='ocr_line' id='line_1_84' title="bbox 2264 4409 3838 4479; baseline -0.003 -14"><span class='ocrx_word' id='word_1_632' title='bbox 2264 4414 2293 4465; x_wconf 91' lang='lat'>6</span> <span class='ocrx_word' id='word_1_633' title='bbox 2341 4412 2620 4475; x_wconf 78' lang='grc' dir='ltr'>Ἀττίλιος.</span> <span class='ocrx_word' id='word_1_634' title='bbox 2665 4412 2875 4473; x_wconf 82' lang='grc' dir='ltr'>Νυκτὸς</span> <span class='ocrx_word' id='word_1_635' title='bbox 2904 4412 2983 4462; x_wconf 82' lang='grc' dir='ltr'>-δὲ</span> <span class='ocrx_word' id='word_1_636' title='bbox 3025 4412 3204 4464; x_wconf 86' lang='grc' dir='ltr'>λαθὼν</span> <span class='ocrx_word' id='word_1_637' title='bbox 3246 4409 3622 4479; x_wconf 80' lang='grc' dir='ltr'>προκατέσχεν</span> <span class='ocrx_word' id='word_1_638' title='bbox 3668 4409 3838 4478; x_wconf 70' lang='grc' dir='ltr'>αὐτὴν</span> 
     </span>
    </p>
   </div>
   <div class='ocr_carea' id='block_1_85' title="bbox 2265 4499 3835 4573">
    <p class='ocr_par' dir='ltr' id='par_1_85' title="bbox 2265 4499 3835 4573">
     <span class='ocr_line' id='line_1_85' title="bbox 2265 4499 3835 4573; baseline -0.002 -16"><span class='ocrx_word' id='word_1_639' title='bbox 2265 4505 2294 4557; x_wconf 86' lang='lat'>6</span> <span class='ocrx_word' id='word_1_640' title='bbox 2360 4503 2623 4573; x_wconf 78' lang='grc' dir='ltr'>Ἀμίλκας</span> <span class='ocrx_word' id='word_1_641' title='bbox 2657 4519 2671 4534; x_wconf 89' lang='grc'><strong>·</strong></span> <span class='ocrx_word' id='word_1_642' title='bbox 2724 4502 2820 4554; x_wconf 78' lang='grc' dir='ltr'>καὶ</span> <span class='ocrx_word' id='word_1_643' title='bbox 2879 4501 3187 4563; x_wconf 78' lang='grc' dir='ltr'>ἐπεξελθὼν</span> <span class='ocrx_word' id='word_1_644' title='bbox 3240 4499 3551 4567; x_wconf 83' lang='grc' dir='ltr'>αἰφνιδίως,</span> <span class='ocrx_word' id='word_1_645' title='bbox 3604 4499 3835 4563; x_wconf 82' lang='grc' dir='ltr'>πολλοὺς</span> 
     </span>
    </p>
   </div>
   <div class='ocr_carea' id='block_1_86' title="bbox 2264 4591 3835 4667">
    <p class='ocr_par' dir='ltr' id='par_1_86' title="bbox 2264 4591 3835 4667">
     <span class='ocr_line' id='line_1_86' title="bbox 2264 4591 3835 4667; baseline -0.001 -20"><span class='ocrx_word' id='word_1_646' title='bbox 2264 4596 2559 4667; x_wconf 74' lang='grc' dir='ltr'>διέφθειρε.</span> <span class='ocrx_word' id='word_1_647' title='bbox 2600 4595 2759 4656; x_wconf 81' lang='grc' dir='ltr'>Γάϊος</span> <span class='ocrx_word' id='word_1_648' title='bbox 2810 4593 2867 4647; x_wconf 80' lang='grc' dir='ltr'>δὲ</span> <span class='ocrx_word' id='word_1_649' title='bbox 2912 4593 3234 4655; x_wconf 85' lang='grc' dir='ltr'>Σουλπίκιος</span> <span class='ocrx_word' id='word_1_650' title='bbox 3265 4591 3364 4661; x_wconf 81' lang='grc' dir='ltr'>τῆς</span> <span class='ocrx_word' id='word_1_651' title='bbox 3402 4608 3477 4647; x_wconf 16' lang='grc' dir='ltr'>τε.</span> <span class='ocrx_word' id='word_1_652' title='bbox 3502 4591 3748 4663; x_wconf 85' lang='grc' dir='ltr'>Σαρδοῦς</span> <span class='ocrx_word' id='word_1_653' title='bbox 3772 4592 3835 4645; x_wconf 82' lang='grc' dir='ltr'>τὰ</span> 
     </span>
    </p>
   </div>
   <div class='ocr_carea' id='block_1_87' title="bbox 602 4683 2160 4762">
    <p class='ocr_par' dir='ltr' id='par_1_87' title="bbox 602 4692 2160 4762">
     <span class='ocr_line' id='line_1_87' title="bbox 602 4692 2160 4762; baseline -0.001 -14"><span class='ocrx_word' id='word_1_654' title='bbox 602 4695 765 4749; x_wconf 87' lang='lat' dir='ltr'><strong>ambo</strong></span> <span class='ocrx_word' id='word_1_655' title='bbox 792 4703 1157 4757; x_wconf 75' lang='lat' dir='ltr'><strong>recesserunt.</strong></span> <span class='ocrx_word' id='word_1_656' title='bbox 1214 4692 1424 4750; x_wconf 88' lang='lat' dir='ltr'><strong>Deinde</strong></span> <span class='ocrx_word' id='word_1_657' title='bbox 1468 4692 1692 4748; x_wconf 82' lang='lat' dir='ltr'><strong>Attilius</strong></span> <span class='ocrx_word' id='word_1_658' title='bbox 1723 4692 2045 4747; x_wconf 81' lang='lat' dir='ltr'><strong>Annibalem</strong></span> <span class='ocrx_word' id='word_1_659' title='bbox 2070 4707 2160 4762; x_wconf 86' lang='lat' dir='ltr'>per</span> 
     </span>
    </p>
   </div>
   <div class='ocr_carea' id='block_1_88' title="bbox 2262 4683 3834 4762">
    <p class='ocr_par' dir='ltr' id='par_1_88' title="bbox 2267 4683 3834 4759">
     <span class='ocr_line' id='line_1_88' title="bbox 2267 4683 3834 4759; baseline -0.004 -18"><span class='ocrx_word' id='word_1_660' title='bbox 2267 4690 2495 4742; x_wconf 82' lang='grc' dir='ltr'>πλεῖστα</span> <span class='ocrx_word' id='word_1_661' title='bbox 2543 4688 2870 4759; x_wconf 81' lang='grc' dir='ltr'>κατέδραμε,</span> <span class='ocrx_word' id='word_1_662' title='bbox 2920 4684 3016 4739; x_wconf 72' lang='grc' dir='ltr'>καὶ</span> <span class='ocrx_word' id='word_1_663' title='bbox 3070 4683 3489 4755; x_wconf 81' lang='grc' dir='ltr'>ὑπερφρονήσας</span> <span class='ocrx_word' id='word_1_664' title='bbox 3528 4685 3594 4737; x_wconf 84' lang='grc' dir='ltr'>ἐκ</span> <span class='ocrx_word' id='word_1_665' title='bbox 3618 4683 3834 4745; x_wconf 81' lang='grc' dir='ltr'>τούτου,</span> 
     </span>
    </p>
   </div>
   <div class='ocr_carea' id='block_1_89' title="bbox 606 4772 2160 4861">
    <p class='ocr_par' dir='ltr' id='par_1_89' title="bbox 606 4783 2160 4861">
     <span class='ocr_line' id='line_1_89' title="bbox 606 4783 2160 4861; baseline -0.002 -22"><span class='ocrx_word' id='word_1_666' title='bbox 606 4786 938 4861; x_wconf 77' lang='lat' dir='ltr'><strong>subornatos</strong></span> <span class='ocrx_word' id='word_1_667' title='bbox 961 4786 1288 4857; x_wconf 80' lang='lat' dir='ltr'><strong>transfugas,</strong></span> <span class='ocrx_word' id='word_1_668' title='bbox 1326 4794 1582 4857; x_wconf 88' lang='lat' dir='ltr'><strong>tanquam</strong></span> <span class='ocrx_word' id='word_1_669' title='bbox 1622 4784 1804 4839; x_wconf 90' lang='lat' dir='ltr'><strong>denuo</strong></span> <span class='ocrx_word' id='word_1_670' title='bbox 1844 4784 1897 4838; x_wconf 91' lang='lat' dir='ltr'>in</span> <span class='ocrx_word' id='word_1_671' title='bbox 1928 4783 2160 4842; x_wconf 81' lang='lat' dir='ltr'><strong>Africam</strong></span> 
     </span>
    </p>
   </div>
   <div class='ocr_carea' id='block_1_90' title="bbox 2262 4772 3835 4861">
    <p class='ocr_par' dir='ltr' id='par_1_90' title="bbox 2268 4772 3835 4850">
     <span class='ocr_line' id='line_1_90' title="bbox 2268 4772 3835 4850; baseline -0.006 -17"><span class='ocrx_word' id='word_1_672' title='bbox 2268 4773 2527 4850; x_wconf 80' lang='grc' dir='ltr'>ὥρμησεν</span> <span class='ocrx_word' id='word_1_673' title='bbox 2567 4778 2660 4831; x_wconf 76' lang='grc' dir='ltr'>ἐπὶ</span> <span class='ocrx_word' id='word_1_674' title='bbox 2704 4779 2804 4848; x_wconf 83' lang='grc' dir='ltr'>τὴν</span> <span class='ocrx_word' id='word_1_675' title='bbox 2859 4776 3085 4846; x_wconf 82' lang='grc' dir='ltr'>Διϐύην.</span> <span class='ocrx_word' id='word_1_676' title='bbox 3120 4775 3229 4829; x_wconf 83' lang='grc' dir='ltr'>Καί</span> <span class='ocrx_word' id='word_1_677' title='bbox 3276 4774 3501 4845; x_wconf 80' lang='grc' dir='ltr'>ἀπῆραν</span> <span class='ocrx_word' id='word_1_678' title='bbox 3535 4774 3635 4844; x_wconf 80' lang='grc' dir='ltr'>μὲν</span> <span class='ocrx_word' id='word_1_679' title='bbox 3669 4776 3768 4827; x_wconf 79' lang='grc' dir='ltr'>καὶ</span> <span class='ocrx_word' id='word_1_680' title='bbox 3788 4772 3835 4825; x_wconf 81' lang='grc' dir='ltr'>οῖ</span> 
     </span>
    </p>
   </div>
   <div class='ocr_carea' id='block_1_91' title="bbox 606 4862 2160 4951">
    <p class='ocr_par' dir='ltr' id='par_1_91' title="bbox 606 4877 2160 4949">
     <span class='ocr_line' id='line_1_91' title="bbox 606 4877 2160 4949; baseline 0.001 -19"><span class='ocrx_word' id='word_1_681' title='bbox 606 4879 978 4947; x_wconf 78' lang='lat' dir='ltr'><strong>navigaturus.</strong></span> <span class='ocrx_word' id='word_1_682' title='bbox 1015 4878 1251 4949; x_wconf 86' lang='lat' dir='ltr'><strong>decepit.</strong></span> <span class='ocrx_word' id='word_1_683' title='bbox 1285 4878 1421 4936; x_wconf 75' lang='lat' dir='ltr'>Cum</span> <span class='ocrx_word' id='word_1_684' title='bbox 1450 4878 1618 4949; x_wconf 77' lang='lat' dir='ltr'><strong>igitur</strong></span> <span class='ocrx_word' id='word_1_685' title='bbox 1645 4877 1901 4935; x_wconf 89' lang='lat' dir='ltr'><strong>celeriter</strong></span> <span class='ocrx_word' id='word_1_686' title='bbox 1931 4892 1963 4931; x_wconf 91' lang='lat' dir='ltr'>e</span> <span class='ocrx_word' id='word_1_687' title='bbox 1996 4885 2160 4946; x_wconf 90' lang='lat' dir='ltr'><strong>portu</strong></span> 
     </span>
    </p>
   </div>
   <div class='ocr_carea' id='block_1_92' title="bbox 2262 4862 3837 4951">
    <p class='ocr_par' dir='ltr' id='par_1_92' title="bbox 2270 4862 3837 4951">
     <span class='ocr_line' id='line_1_92' title="bbox 2270 4862 3837 4951; baseline -0.007 -24"><span class='ocrx_word' id='word_1_688' title='bbox 2270 4872 2638 4951; x_wconf 83' lang='grc' dir='ltr'>Καρχηδόνιοι</span> <span class='ocrx_word' id='word_1_689' title='bbox 2672 4872 2769 4924; x_wconf 80' lang='grc' dir='ltr'>σὺν</span> <span class='ocrx_word' id='word_1_690' title='bbox 2796 4868 3158 4941; x_wconf 73' lang='grc' dir='ltr'>τῷἋννίὸᾳ,</span> <span class='ocrx_word' id='word_1_691' title='bbox 3184 4868 3313 4938; x_wconf 82' lang='grc' dir='ltr'>περὶ</span> <span class='ocrx_word' id='word_1_692' title='bbox 3353 4869 3466 4929; x_wconf 86' lang='grc' dir='ltr'>τοῖς</span> <span class='ocrx_word' id='word_1_693' title='bbox 3506 4866 3646 4918; x_wconf 55' lang='lat' dir='ltr'><strong>afuat</strong></span> <span class='ocrx_word' id='word_1_694' title='bbox 3694 4862 3837 4917; x_wconf 79' lang='grc' dir='ltr'>δεδό-</span> 
     </span>
    </p>
   </div>
   <div class='ocr_carea' id='block_1_93' title="bbox 606 4955 2160 5043">
    <p class='ocr_par' dir='ltr' id='par_1_93' title="bbox 606 4968 2160 5043">
     <span class='ocr_line' id='line_1_93' title="bbox 606 4968 2160 5043; baseline -0.001 -18"><span class='ocrx_word' id='word_1_695' title='bbox 606 4970 877 5033; x_wconf 80' lang='lat' dir='ltr'><strong>solvisset,</strong></span> <span class='ocrx_word' id='word_1_696' title='bbox 906 4968 1173 5043; x_wconf 86' lang='lat' dir='ltr'><strong>Sulpitius</strong></span> <span class='ocrx_word' id='word_1_697' title='bbox 1194 4982 1390 5029; x_wconf 83' lang='lat' dir='ltr'><strong>contra</strong></span> <span class='ocrx_word' id='word_1_698' title='bbox 1405 4986 1535 5026; x_wconf 86' lang='lat' dir='ltr'>eum</span> <span class='ocrx_word' id='word_1_699' title='bbox 1563 4972 1835 5033; x_wconf 86' lang='lat' dir='ltr'><strong>invectus,</strong></span> <span class='ocrx_word' id='word_1_700' title='bbox 1872 4970 2160 5040; x_wconf 87' lang='lat' dir='ltr'><strong>plerasque</strong></span> 
     </span>
    </p>
   </div>
   <div class='ocr_carea' id='block_1_94' title="bbox 2262 4955 3835 5043">
    <p class='ocr_par' dir='ltr' id='par_1_94' title="bbox 2267 4955 3835 5029">
     <span class='ocr_line' id='line_1_94' title="bbox 2267 4955 3835 5029; baseline -0.006 -12"><span class='ocrx_word' id='word_1_701' title='bbox 2267 4981 2379 5028; x_wconf 85' lang='grc' dir='ltr'>τες.</span> <span class='ocrx_word' id='word_1_702' title='bbox 2426 4963 2910 5026; x_wconf 73' lang='grc' dir='ltr'>’Δντιπνεύσαντος</span> <span class='ocrx_word' id='word_1_703' title='bbox 2937 4961 2995 5014; x_wconf 78' lang='grc' dir='ltr'>δὲ</span> <span class='ocrx_word' id='word_1_704' title='bbox 3051 4959 3362 5029; x_wconf 78' lang='grc' dir='ltr'>πνεύματος</span> <span class='ocrx_word' id='word_1_705' title='bbox 3417 4955 3633 5023; x_wconf 87' lang='grc' dir='ltr'>σφίσιν,</span> <span class='ocrx_word' id='word_1_706' title='bbox 3669 4955 3835 5026; x_wconf 63' lang='grc' dir='ltr'>ἄμφω</span> 
     </span>
    </p>
   </div>
   <div class='ocr_carea' id='block_1_95' title="bbox 607 5042 2160 5140">
    <p class='ocr_par' dir='ltr' id='par_1_95' title="bbox 607 5042 2160 5140">
     <span class='ocr_line' id='line_1_95' title="bbox 607 5042 2160 5140; baseline -0.001 -25"><span class='ocrx_word' id='word_1_707' title='bbox 607 5078 773 5118; x_wconf 90' lang='lat' dir='ltr'><strong>naves</strong></span> <span class='ocrx_word' id='word_1_708' title='bbox 815 5063 955 5134; x_wconf 81' lang='lat' dir='ltr'><strong>ejus,</strong></span> <span class='ocrx_word' id='word_1_709' title='bbox 1005 5076 1117 5130; x_wconf 69' lang='lat' dir='ltr'><strong>pra:</strong></span> <span class='ocrx_word' id='word_1_710' title='bbox 1152 5063 1381 5140; x_wconf 75' lang='lat' dir='ltr'><strong>caligine</strong></span> <span class='ocrx_word' id='word_1_711' title='bbox 1424 5063 1518 5118; x_wconf 83' lang='lat' dir='ltr'>diu</span> <span class='ocrx_word' id='word_1_712' title='bbox 1570 5063 1886 5133; x_wconf 82' lang='lat' dir='ltr'><strong>ignorantes</strong></span> <span class='ocrx_word' id='word_1_713' title='bbox 1915 5061 2043 5131; x_wconf 90' lang='lat' dir='ltr'><strong>quid</strong></span> <span class='ocrx_word' id='word_1_714' title='bbox 2087 5059 2160 5115; x_wconf 88' lang='lat' dir='ltr'>rei</span> 
     </span>
    </p>
   </div>
   <div class='ocr_carea' id='block_1_96' title="bbox 2262 5042 3834 5140">
    <p class='ocr_par' dir='ltr' id='par_1_96' title="bbox 2270 5042 3834 5140">
     <span class='ocr_line' id='line_1_96' title="bbox 2270 5042 3834 5140; baseline -0.006 -31"><span class='ocrx_word' id='word_1_715' title='bbox 2270 5055 2650 5140; x_wconf 70' lang='grc' dir='ltr'>ὑπεχώρησαν.</span> <span class='ocrx_word' id='word_1_716' title='bbox 2701 5056 2811 5109; x_wconf 82' lang='lat' dir='ltr'>Kal</span> <span class='ocrx_word' id='word_1_717' title='bbox 2857 5052 3019 5123; x_wconf 83' lang='grc' dir='ltr'>μετὰ</span> <span class='ocrx_word' id='word_1_718' title='bbox 3055 5051 3227 5135; x_wconf 84' lang='grc' dir='ltr'>ταῦτα</span> <span class='ocrx_word' id='word_1_719' title='bbox 3279 5046 3481 5116; x_wconf 76' lang='grc' dir='ltr'>ἔσφηλε</span> <span class='ocrx_word' id='word_1_720' title='bbox 3533 5042 3623 5099; x_wconf 86' lang='grc' dir='ltr'>διά</span> <span class='ocrx_word' id='word_1_721' title='bbox 3672 5061 3834 5100; x_wconf 84' lang='grc' dir='ltr'>τινων</span> 
     </span>
    </p>
   </div>
   <div class='ocr_carea' id='block_1_97' title="bbox 605 5128 2160 5225">
    <p class='ocr_par' dir='ltr' id='par_1_97' title="bbox 605 5128 2160 5224">
     <span class='ocr_line' id='line_1_97' title="bbox 605 5128 2160 5224; baseline -0.004 -12"><span class='ocrx_word' id='word_1_722' title='bbox 605 5168 775 5215; x_wconf 80' lang='lat' dir='ltr'><strong>esset.</strong></span> <span class='ocrx_word' id='word_1_723' title='bbox 817 5170 880 5211; x_wconf 86' lang='lat' dir='ltr'>ac</span> <span class='ocrx_word' id='word_1_724' title='bbox 931 5154 1200 5217; x_wconf 84' lang='lat' dir='ltr'><strong>turbatas,</strong></span> <span class='ocrx_word' id='word_1_725' title='bbox 1243 5128 1503 5209; x_wconf 61' lang='lat' dir='ltr'><strong>demersit</strong></span> <span class='ocrx_word' id='word_1_726' title='bbox 1547 5174 1561 5210; x_wconf 87' lang='lat'><strong>:</strong></span> <span class='ocrx_word' id='word_1_727' title='bbox 1608 5155 1835 5224; x_wconf 68' lang='lat' dir='ltr'><strong>reliquae</strong></span> <span class='ocrx_word' id='word_1_728' title='bbox 1864 5155 1930 5208; x_wconf 92' lang='lat' dir='ltr'>ad</span> <span class='ocrx_word' id='word_1_729' title='bbox 1962 5163 2160 5207; x_wconf 86' lang='lat' dir='ltr'><strong>terram</strong></span> 
     </span>
    </p>
   </div>
   <div class='ocr_carea' id='block_1_98' title="bbox 2262 5128 3834 5225">
    <p class='ocr_par' dir='ltr' id='par_1_98' title="bbox 2267 5128 3834 5219">
     <span class='ocr_line' id='line_1_98' title="bbox 2267 5128 3834 5219; baseline -0.009 -17"><span class='ocrx_word' id='word_1_730' title='bbox 2267 5130 2709 5219; x_wconf 72' lang='grc' dir='ltr'>ψευδαυτομόλων</span> <span class='ocrx_word' id='word_1_731' title='bbox 2751 5147 2843 5200; x_wconf 83' lang='grc' dir='ltr'>τὸν</span> <span class='ocrx_word' id='word_1_732' title='bbox 2884 5128 3131 5199; x_wconf 77' lang='grc' dir='ltr'>Ἀννίϐαν</span> <span class='ocrx_word' id='word_1_733' title='bbox 3159 5144 3187 5194; x_wconf 89' lang='lat'>6</span> <span class='ocrx_word' id='word_1_734' title='bbox 3225 5138 3509 5219; x_wconf 61' lang='grc' dir='ltr'>Ἀκίλιος,</span> <span class='ocrx_word' id='word_1_735' title='bbox 3540 5138 3615 5202; x_wconf 85' lang='grc' dir='ltr'>ὡς</span> <span class='ocrx_word' id='word_1_736' title='bbox 3643 5138 3709 5202; x_wconf 83' lang='grc' dir='ltr'>ἐς</span> <span class='ocrx_word' id='word_1_737' title='bbox 3738 5138 3834 5205; x_wconf 71' lang='grc' dir='ltr'>τὴν</span> 
     </span>
    </p>
   </div>
   <div class='ocr_carea' id='block_1_99' title="bbox 607 5225 2160 5318">
    <p class='ocr_par' dir='ltr' id='par_1_99' title="bbox 607 5244 2160 5318">
     <span class='ocr_line' id='line_1_99' title="bbox 607 5244 2160 5318; baseline -0.003 -16"><span class='ocrx_word' id='word_1_738' title='bbox 607 5249 985 5318; x_wconf 76' lang='lat' dir='ltr'><strong>profugerunt.</strong></span> <span class='ocrx_word' id='word_1_739' title='bbox 1005 5256 1169 5318; x_wconf 88' lang='lat' dir='ltr'><strong>atque</strong></span> <span class='ocrx_word' id='word_1_740' title='bbox 1195 5247 1384 5301; x_wconf 91' lang='lat' dir='ltr'><strong>inanes</strong></span> <span class='ocrx_word' id='word_1_741' title='bbox 1404 5254 1574 5315; x_wconf 67' lang='lat' dir='ltr'><strong>captae</strong></span> <span class='ocrx_word' id='word_1_742' title='bbox 1596 5256 1745 5300; x_wconf 87' lang='lat' dir='ltr'><strong>sunt.</strong></span> <span class='ocrx_word' id='word_1_743' title='bbox 1776 5246 1908 5301; x_wconf 86' lang='lat' dir='ltr'><strong>Nam</strong></span> <span class='ocrx_word' id='word_1_744' title='bbox 1931 5244 2160 5299; x_wconf 84' lang='lat' dir='ltr'><strong>Annibal</strong></span> 
     </span>
    </p>
   </div>
   <div class='ocr_carea' id='block_1_100' title="bbox 2262 5225 3834 5318">
    <p class='ocr_par' dir='ltr' id='par_1_100' title="bbox 2271 5225 3834 5311">
     <span class='ocr_line' id='line_1_100' title="bbox 2271 5225 3834 5311; baseline -0.008 -16"><span class='ocrx_word' id='word_1_745' title='bbox 2271 5241 2477 5311; x_wconf 78' lang='grc' dir='ltr'>Λιϐύην</span> <span class='ocrx_word' id='word_1_746' title='bbox 2546 5238 2703 5297; x_wconf 78' lang='grc' dir='ltr'>αὖθις</span> <span class='ocrx_word' id='word_1_747' title='bbox 2754 5236 3147 5305; x_wconf 69' lang='grc' dir='ltr'>πλευσόμενοςζ</span> <span class='ocrx_word' id='word_1_748' title='bbox 3172 5231 3381 5305; x_wconf 80' lang='grc' dir='ltr'>Σπουδῇ</span> <span class='ocrx_word' id='word_1_749' title='bbox 3430 5248 3491 5285; x_wconf 87' lang='grc' dir='ltr'>τε</span> <span class='ocrx_word' id='word_1_750' title='bbox 3539 5225 3635 5285; x_wconf 78' lang='grc' dir='ltr'>οὖν</span> <span class='ocrx_word' id='word_1_751' title='bbox 3686 5228 3834 5299; x_wconf 80' lang='grc' dir='ltr'>αὐτῷ</span> 
     </span>
    </p>
   </div>
   <div class='ocr_carea' id='block_1_101' title="bbox 610 5318 2160 5409">
    <p class='ocr_par' dir='ltr' id='par_1_101' title="bbox 610 5318 2160 5409">
     <span class='ocr_line' id='line_1_101' title="bbox 610 5318 2160 5409; baseline -0.006 -13"><span class='ocrx_word' id='word_1_752' title='bbox 610 5357 733 5396; x_wconf 85' lang='lat' dir='ltr'>eum</span> <span class='ocrx_word' id='word_1_753' title='bbox 770 5318 984 5409; x_wconf 84' lang='lat' dir='ltr'><strong>portum</strong></span> <span class='ocrx_word' id='word_1_754' title='bbox 1036 5356 1145 5396; x_wconf 92' lang='lat' dir='ltr'>non</span> <span class='ocrx_word' id='word_1_755' title='bbox 1204 5348 1379 5393; x_wconf 85' lang='lat' dir='ltr'><strong>tutum</strong></span> <span class='ocrx_word' id='word_1_756' title='bbox 1417 5351 1536 5390; x_wconf 87' lang='lat' dir='ltr'><strong>esse</strong></span> <span class='ocrx_word' id='word_1_757' title='bbox 1566 5336 1796 5398; x_wconf 86' lang='lat' dir='ltr'><strong>videret,</strong></span> <span class='ocrx_word' id='word_1_758' title='bbox 1835 5336 1903 5390; x_wconf 90' lang='lat' dir='ltr'>iis</span> <span class='ocrx_word' id='word_1_759' title='bbox 1942 5335 2160 5396; x_wconf 86' lang='lat' dir='ltr'><strong>relictis,</strong></span> 
     </span>
    </p>
   </div>
   <div class='ocr_carea' id='block_1_102' title="bbox 2262 5318 3835 5409">
    <p class='ocr_par' dir='ltr' id='par_1_102' title="bbox 2274 5321 3835 5404">
     <span class='ocr_line' id='line_1_102' title="bbox 2274 5321 3835 5404; baseline -0.008 -17"><span class='ocrx_word' id='word_1_760' title='bbox 2274 5333 2620 5404; x_wconf 77' lang='grc' dir='ltr'>ἐξαναχθέντι</span> <span class='ocrx_word' id='word_1_761' title='bbox 2684 5327 3017 5387; x_wconf 83' lang='grc' dir='ltr'>ἐπιπλεύσας</span> <span class='ocrx_word' id='word_1_762' title='bbox 3066 5327 3104 5378; x_wconf 82' lang='grc' dir='ltr'>-ὁ</span> <span class='ocrx_word' id='word_1_763' title='bbox 3173 5325 3519 5389; x_wconf 81' lang='grc' dir='ltr'>Σουλπίκιος,</span> <span class='ocrx_word' id='word_1_764' title='bbox 3581 5324 3687 5386; x_wconf 78' lang='grc' dir='ltr'>τὰς</span> <span class='ocrx_word' id='word_1_765' title='bbox 3737 5321 3835 5393; x_wconf 76' lang='grc' dir='ltr'>μὲν</span> 
     </span>
    </p>
   </div>
   <div class='ocr_carea' id='block_1_103' title="bbox 612 5417 2169 5495">
    <p class='ocr_par' dir='ltr' id='par_1_103' title="bbox 612 5417 2169 5495">
     <span class='ocr_line' id='line_1_103' title="bbox 612 5417 2169 5495; baseline -0.008 -6"><span class='ocrx_word' id='word_1_766' title='bbox 612 5436 667 5489; x_wconf 93' lang='lat' dir='ltr'>in</span> <span class='ocrx_word' id='word_1_767' title='bbox 713 5431 902 5486; x_wconf 89' lang='lat' dir='ltr'><strong>urbem</strong></span> <span class='ocrx_word' id='word_1_768' title='bbox 952 5430 1144 5487; x_wconf 88' lang='lat' dir='ltr'><strong>Sulcos</strong></span> <span class='ocrx_word' id='word_1_769' title='bbox 1178 5448 1237 5488; x_wconf 88' lang='lat' dir='ltr'>se</span> <span class='ocrx_word' id='word_1_770' title='bbox 1270 5429 1558 5486; x_wconf 71' lang='lat' dir='ltr'><strong>contulit:</strong></span> <span class='ocrx_word' id='word_1_771' title='bbox 1592 5426 1776 5495; x_wconf 84' lang='lat' dir='ltr'><strong>ibique</strong></span> <span class='ocrx_word' id='word_1_772' title='bbox 1814 5417 1932 5479; x_wconf 88' lang='lat' dir='ltr'><strong>orta</strong></span> <span class='ocrx_word' id='word_1_773' title='bbox 1980 5428 2169 5478; x_wconf 84' lang='lat' dir='ltr'><strong>contra</strong></span> 
     </span>
    </p>
   </div>
   <div class='ocr_carea' id='block_1_104' title="bbox 612 5513 2173 5593">
    <p class='ocr_par' dir='ltr' id='par_1_104' title="bbox 612 5513 2173 5593">
     <span class='ocr_line' id='line_1_104' title="bbox 612 5513 2173 5593; baseline -0.007 -16"><span class='ocrx_word' id='word_1_774' title='bbox 612 5540 735 5579; x_wconf 70' lang='lat' dir='ltr'><strong>runt</strong></span> <span class='ocrx_word' id='word_1_775' title='bbox 757 5522 1041 5592; x_wconf 85' lang='lat' dir='ltr'><strong>seditione</strong></span> <span class='ocrx_word' id='word_1_776' title='bbox 1069 5519 1621 5593; x_wconf 77' lang='lat' dir='ltr'><strong>Carthaginiensium,</strong></span> <span class='ocrx_word' id='word_1_777' title='bbox 1654 5530 1779 5568; x_wconf 92' lang='lat' dir='ltr'>cum</span> <span class='ocrx_word' id='word_1_778' title='bbox 1805 5514 1954 5567; x_wconf 89' lang='lat' dir='ltr'><strong>solus</strong></span> <span class='ocrx_word' id='word_1_779' title='bbox 1982 5513 2046 5566; x_wconf 91' lang='lat' dir='ltr'>ad</span> <span class='ocrx_word' id='word_1_780' title='bbox 2077 5528 2173 5566; x_wconf 86' lang='lat' dir='ltr'>eos</span> 
     </span>
    </p>
   </div>
   <div class='ocr_carea' id='block_1_105' title="bbox 615 5605 2173 5686">
    <p class='ocr_par' dir='ltr' id='par_1_105' title="bbox 615 5605 2173 5686">
     <span class='ocr_line' id='line_1_105' title="bbox 615 5605 2173 5686; baseline -0.008 -15"><span class='ocrx_word' id='word_1_781' title='bbox 615 5616 928 5686; x_wconf 89' lang='lat' dir='ltr'><strong>prodiisset,</strong></span> <span class='ocrx_word' id='word_1_782' title='bbox 964 5613 1149 5683; x_wconf 89' lang='lat' dir='ltr'><strong>periit.</strong></span> <span class='ocrx_word' id='word_1_783' title='bbox 1177 5615 1255 5670; x_wconf 78' lang='lat' dir='ltr'><strong>Ex</strong></span> <span class='ocrx_word' id='word_1_784' title='bbox 1281 5629 1349 5669; x_wconf 91' lang='lat' dir='ltr'>eo</span> <span class='ocrx_word' id='word_1_785' title='bbox 1377 5624 1622 5681; x_wconf 89' lang='lat' dir='ltr'><strong>tempore</strong></span> <span class='ocrx_word' id='word_1_786' title='bbox 1656 5605 1886 5665; x_wconf 81' lang='lat' dir='ltr'><strong>Romani</strong></span> <span class='ocrx_word' id='word_1_787' title='bbox 1923 5605 2173 5661; x_wconf 89' lang='lat' dir='ltr'><strong>securius</strong></span> 
     </span>
    </p>
   </div>
   <div class='ocr_carea' id='block_1_106' title="bbox 617 5697 2175 5780">
    <p class='ocr_par' dir='ltr' id='par_1_106' title="bbox 617 5697 2175 5780">
     <span class='ocr_line' id='line_1_106' title="bbox 617 5697 2175 5780; baseline -0.008 -18"><span class='ocrx_word' id='word_1_788' title='bbox 617 5726 778 5780; x_wconf 79' lang='lat' dir='ltr'><strong>agros</strong></span> <span class='ocrx_word' id='word_1_789' title='bbox 819 5706 1162 5780; x_wconf 81' lang='lat' dir='ltr'><strong>populantes,</strong></span> <span class='ocrx_word' id='word_1_790' title='bbox 1209 5706 1275 5759; x_wconf 90' lang='lat' dir='ltr'>ab</span> <span class='ocrx_word' id='word_1_791' title='bbox 1310 5705 1572 5760; x_wconf 86' lang='lat' dir='ltr'><strong>llannoue</strong></span> <span class='ocrx_word' id='word_1_792' title='bbox 1620 5700 1748 5755; x_wconf 90' lang='lat' dir='ltr'><strong>victi</strong></span> <span class='ocrx_word' id='word_1_793' title='bbox 1776 5706 1922 5754; x_wconf 88' lang='lat' dir='ltr'><strong>sunt.</strong></span> <span class='ocrx_word' id='word_1_794' title='bbox 1960 5697 2082 5752; x_wconf 60' lang='lat' dir='ltr'><strong>Haac</strong></span> <span class='ocrx_word' id='word_1_795' title='bbox 2107 5711 2175 5751; x_wconf 90' lang='lat' dir='ltr'>eo</span> 
     </span>
    </p>
   </div>
   <div class='ocr_carea' id='block_1_107' title="bbox 618 5789 2175 5873">
    <p class='ocr_par' dir='ltr' id='par_1_107' title="bbox 618 5789 2175 5873">
     <span class='ocr_line' id='line_1_107' title="bbox 618 5789 2175 5873; baseline -0.006 -20"><span class='ocrx_word' id='word_1_796' title='bbox 618 5818 762 5855; x_wconf 85' lang='lat' dir='ltr'><strong>anno</strong></span> <span class='ocrx_word' id='word_1_797' title='bbox 812 5813 957 5873; x_wconf 76' lang='lat' dir='ltr'><strong>gesta</strong></span> <span class='ocrx_word' id='word_1_798' title='bbox 1002 5806 1132 5855; x_wconf 85' lang='lat' dir='ltr'><strong>sunt</strong></span> <span class='ocrx_word' id='word_1_799' title='bbox 1169 5816 1183 5852; x_wconf 88' lang='lat'><strong>:</strong></span> <span class='ocrx_word' id='word_1_800' title='bbox 1222 5805 1277 5852; x_wconf 89' lang='lat' dir='ltr'>et</span> <span class='ocrx_word' id='word_1_801' title='bbox 1321 5798 1668 5853; x_wconf 89' lang='lat' dir='ltr'><strong>continenter</strong></span> <span class='ocrx_word' id='word_1_802' title='bbox 1705 5791 1913 5862; x_wconf 76' lang='lat' dir='ltr'><strong>lapides</strong></span> <span class='ocrx_word' id='word_1_803' title='bbox 1944 5790 2011 5847; x_wconf 89' lang='lat' dir='ltr'>de</span> <span class='ocrx_word' id='word_1_804' title='bbox 2035 5789 2175 5845; x_wconf 66' lang='lat' dir='ltr'><strong>caelo</strong></span> 
     </span>
    </p>
   </div>
   <div class='ocr_carea' id='block_1_108' title="bbox 624 5882 2175 5967">
    <p class='ocr_par' dir='ltr' id='par_1_108' title="bbox 624 5882 2175 5967">
     <span class='ocr_line' id='line_1_108' title="bbox 624 5882 2175 5967; baseline -0.007 -20"><span class='ocrx_word' id='word_1_805' title='bbox 624 5893 785 5950; x_wconf 83' lang='lat' dir='ltr'><strong>simul</strong></span> <span class='ocrx_word' id='word_1_806' title='bbox 817 5894 1021 5967; x_wconf 83' lang='lat' dir='ltr'><strong>plures,</strong></span> <span class='ocrx_word' id='word_1_807' title='bbox 1063 5888 1343 5967; x_wconf 74' lang='lat' dir='ltr'><strong>grandinis</strong></span> <span class='ocrx_word' id='word_1_808' title='bbox 1387 5889 1577 5954; x_wconf 84' lang='lat' dir='ltr'><strong>instar,</strong></span> <span class='ocrx_word' id='word_1_809' title='bbox 1618 5887 1801 5941; x_wconf 69' lang='lat' dir='ltr'><strong>Roma:</strong></span> <span class='ocrx_word' id='word_1_810' title='bbox 1834 5882 2175 5946; x_wconf 69' lang='lat' dir='ltr'><strong>deciderunt.</strong></span> 
     </span>
    </p>
   </div>
   <div class='ocr_carea' id='block_1_109' title="bbox 2276 5408 3831 5503">
    <p class='ocr_par' dir='ltr' id='par_1_109' title="bbox 2276 5408 3831 5503">
     <span class='ocr_line' id='line_1_109' title="bbox 2276 5408 3831 5503; baseline -0.006 -28"><span class='ocrx_word' id='word_1_811' title='bbox 2276 5408 2497 5485; x_wconf 86' lang='grc' dir='ltr'>πλείους</span> <span class='ocrx_word' id='word_1_812' title='bbox 2529 5420 2641 5475; x_wconf 86' lang='grc' dir='ltr'>τῶν</span> <span class='ocrx_word' id='word_1_813' title='bbox 2684 5419 2821 5473; x_wconf 79' lang='grc' dir='ltr'>νεῶν</span> <span class='ocrx_word' id='word_1_814' title='bbox 2849 5415 3285 5503; x_wconf 23' lang='grc' dir='ltr'>ἀγνοούσαςεύπὺ</span> <span class='ocrx_word' id='word_1_815' title='bbox 3312 5416 3545 5489; x_wconf 82' lang='grc' dir='ltr'>ὁμίχλης</span> <span class='ocrx_word' id='word_1_816' title='bbox 3573 5415 3667 5468; x_wconf 74' lang='grc' dir='ltr'>ἐπὶ</span> <span class='ocrx_word' id='word_1_817' title='bbox 3684 5408 3831 5467; x_wconf 79' lang='grc' dir='ltr'>’πολὺ</span> 
     </span>
    </p>
   </div>
   <div class='ocr_carea' id='block_1_110' title="bbox 2274 5504 3832 5584">
    <p class='ocr_par' dir='ltr' id='par_1_110' title="bbox 2274 5504 3832 5584">
     <span class='ocr_line' id='line_1_110' title="bbox 2274 5504 3832 5584; baseline -0.008 -15"><span class='ocrx_word' id='word_1_818' title='bbox 2274 5517 2336 5569; x_wconf 79' lang='grc' dir='ltr'>τὸ</span> <span class='ocrx_word' id='word_1_819' title='bbox 2368 5516 2674 5584; x_wconf 78' lang='grc' dir='ltr'>γινόμενον,</span> <span class='ocrx_word' id='word_1_820' title='bbox 2722 5511 2819 5565; x_wconf 75' lang='grc' dir='ltr'>καὶ</span> <span class='ocrx_word' id='word_1_821' title='bbox 2868 5510 3275 5580; x_wconf 85' lang='grc' dir='ltr'>ταραττομένας</span> <span class='ocrx_word' id='word_1_822' title='bbox 3328 5508 3616 5563; x_wconf 75' lang='grc' dir='ltr'>κατέδυσεο</span> <span class='ocrx_word' id='word_1_823' title='bbox 3643 5507 3738 5568; x_wconf 87' lang='grc' dir='ltr'>τάς</span> <span class='ocrx_word' id='word_1_824' title='bbox 3771 5504 3832 5556; x_wconf 71' lang='grc' dir='ltr'>δὲ</span> 
     </span>
    </p>
   </div>
   <div class='ocr_carea' id='block_1_111' title="bbox 2236 5590 3833 5668">
    <p class='ocr_par' dir='ltr' id='par_1_111' title="bbox 2236 5590 3833 5668">
     <span class='ocr_line' id='line_1_111' title="bbox 2236 5590 3833 5668; baseline -0.008 -13"><span class='ocrx_word' id='word_1_825' title='bbox 2236 5654 2239 5655; x_wconf 65' lang='lat'>,</span> <span class='ocrx_word' id='word_1_826' title='bbox 2275 5603 2466 5663; x_wconf 80' lang='grc' dir='ltr'>λοιπὰς</span> <span class='ocrx_word' id='word_1_827' title='bbox 2509 5592 2924 5668; x_wconf 85' lang='grc' dir='ltr'>καταφυγούσας</span> <span class='ocrx_word' id='word_1_828' title='bbox 2967 5598 3024 5660; x_wconf 73' lang='grc' dir='ltr'>ές</span> <span class='ocrx_word' id='word_1_829' title='bbox 3068 5602 3170 5667; x_wconf 78' lang='grc' dir='ltr'>τὴν</span> <span class='ocrx_word' id='word_1_830' title='bbox 3206 5598 3311 5666; x_wconf 67' lang='grc' dir='ltr'>γῆν</span> <span class='ocrx_word' id='word_1_831' title='bbox 3356 5599 3521 5661; x_wconf 75' lang='grc' dir='ltr'>κενὰς</span> <span class='ocrx_word' id='word_1_832' title='bbox 3569 5590 3731 5648; x_wconf 78' lang='grc' dir='ltr'>εἷλεν.</span> <span class='ocrx_word' id='word_1_833' title='bbox 3772 5590 3833 5643; x_wconf 83' lang='lat'>&#39;0</span> 
     </span>
    </p>
   </div>
   <div class='ocr_carea' id='block_1_112' title="bbox 2276 5672 3833 5762">
    <p class='ocr_par' dir='ltr' id='par_1_112' title="bbox 2276 5672 3833 5762">
     <span class='ocr_line' id='line_1_112' title="bbox 2276 5672 3833 5762; baseline -0.007 -17"><span class='ocrx_word' id='word_1_834' title='bbox 2276 5693 2385 5762; x_wconf 80' lang='grc' dir='ltr'>γὰρ</span> <span class='ocrx_word' id='word_1_835' title='bbox 2426 5689 2690 5752; x_wconf 80' lang='grc' dir='ltr'>’Δννίσας,</span> <span class='ocrx_word' id='word_1_836' title='bbox 2741 5689 2841 5741; x_wconf 80' lang='grc' dir='ltr'>οὐκ</span> <span class='ocrx_word' id='word_1_837' title='bbox 2864 5689 3088 5758; x_wconf 82' lang='grc' dir='ltr'>ἀσφαλῆ</span> <span class='ocrx_word' id='word_1_838' title='bbox 3116 5689 3208 5742; x_wconf 67' lang='grc' dir='ltr'>τὸν</span> <span class='ocrx_word' id='word_1_839' title='bbox 3261 5672 3453 5759; x_wconf 79' lang='grc' dir='ltr'>λιμένα</span> <span class='ocrx_word' id='word_1_840' title='bbox 3480 5687 3644 5759; x_wconf 77' lang='grc' dir='ltr'>ὀρῶν,</span> <span class='ocrx_word' id='word_1_841' title='bbox 3676 5698 3833 5736; x_wconf 82' lang='grc' dir='ltr'>κατα-</span> 
     </span>
    </p>
   </div>
   <div class='ocr_carea' id='block_1_113' title="bbox 2278 5773 3811 5852">
    <p class='ocr_par' dir='ltr' id='par_1_113' title="bbox 2278 5773 3811 5852">
     <span class='ocr_line' id='line_1_113' title="bbox 2278 5773 3811 5852; baseline -0.012 -7"><span class='ocrx_word' id='word_1_842' title='bbox 2278 5780 2448 5836; x_wconf 76' lang='grc' dir='ltr'>λιπὼν</span> <span class='ocrx_word' id='word_1_843' title='bbox 2491 5781 2658 5842; x_wconf 74' lang='grc' dir='ltr'>αὐτὰς</span> <span class='ocrx_word' id='word_1_844' title='bbox 2696 5780 3044 5852; x_wconf 84' lang='grc' dir='ltr'>ἀνεχώρησεν</span> <span class='ocrx_word' id='word_1_845' title='bbox 3088 5783 3167 5845; x_wconf 81' lang='grc' dir='ltr'>είς</span> <span class='ocrx_word' id='word_1_846' title='bbox 3206 5781 3358 5833; x_wconf 88' lang='grc' dir='ltr'>πόλιν</span> <span class='ocrx_word' id='word_1_847' title='bbox 3396 5776 3685 5839; x_wconf 84' lang='grc' dir='ltr'>Σουλκούς.</span> <span class='ocrx_word' id='word_1_848' title='bbox 3717 5773 3811 5825; x_wconf 83' lang='grc' dir='ltr'>Ἕν</span> 
     </span>
    </p>
   </div>
   <div class='ocr_carea' id='block_1_114' title="bbox 2281 5860 3822 5946">
    <p class='ocr_par' dir='ltr' id='par_1_114' title="bbox 2281 5860 3822 5946">
     <span class='ocr_line' id='line_1_114' title="bbox 2281 5860 3822 5946; baseline -0.01 -16"><span class='ocrx_word' id='word_1_849' title='bbox 2281 5876 2346 5930; x_wconf 89' lang='grc' dir='ltr'>θα</span> <span class='ocrx_word' id='word_1_850' title='bbox 2390 5872 2797 5930; x_wconf 82' lang='grc' dir='ltr'>στασιασάντων</span> <span class='ocrx_word' id='word_1_851' title='bbox 2830 5872 2965 5946; x_wconf 79' lang='grc' dir='ltr'>πρὸς</span> <span class='ocrx_word' id='word_1_852' title='bbox 2999 5872 3161 5927; x_wconf 75' lang='grc' dir='ltr'>αὔτὸν</span> <span class='ocrx_word' id='word_1_853' title='bbox 3203 5868 3612 5942; x_wconf 71' lang='grc' dir='ltr'>Καρχηδονίου,</span> <span class='ocrx_word' id='word_1_854' title='bbox 3643 5860 3822 5935; x_wconf 70' lang='grc' dir='ltr'>προῆλ-</span> 
     </span>
    </p>
   </div>
  </div>
