3986 6338
168 429 282 490 δεῖν

1400 425 1805 487 ANNALIUM
1844 426 1990 487 LIB.
2037 427 2199 489 VIII.

3279 439 3386 502 δ’ίο

163 545 226 597 θὲ
259 561 316 596 τε
342 544 398 617 ἐς
425 543 620 606 αὐτοὺς
653 543 832 612 μόνος,
874 539 968 594 καὶ
991 537 1256 593 ἀπώλετο.
1301 539 1641 608 Ἀδεέστερον
1678 540 1714 591 δ’

1825 538 1970 593 Idem
2016 541 2068 593 in
2105 541 2337 608 Albano,
2372 550 2427 600 et
2464 541 2592 595 alibi
2625 558 2840 613 quoque
2875 546 3093 601 factum.
3123 546 3385 605 Consules
3434 590 3436 592 -

173 640 238 689 ἐκ
263 636 452 688 τούτου
487 635 585 704 τὴν
643 633 827 704 χώραν
867 632 1295 701 κατατρέχοντες
1344 633 1391 684 οἱ
1431 633 1714 702 Ῥωμαῖοι,

166 726 482 798 ’ἡττήθησαν
534 727 636 779 ὑπὸ
671 728 962 786 Ἄννωνος.
1000 723 1200 776 -Ταῦτα
1229 726 1285 775 ὲν
1311 724 1385 792 τῷ
1412 724 1518 776 ἔτει
1545 724 1718 794 τούτῳ

167 820 407 887 ἐγένετο.
442 819 550 872 Καὶ
596 818 830 886 συνεχῶς
858 816 992 890 λίθοι
1023 815 1080 881 ἐξ
1110 815 1338 885 οὑρανοῦ
1373 817 1426 877 ἐς
1460 817 1554 885 τὴν
1593 815 1724 868 Ῥώ-

172 929 284 978 μην
316 910 430 979 ἅμα
477 909 683 971 πολλοὶ,
711 908 784 970 ὡς
831 906 922 957 καὶ
970 906 1176 976 χαλάζῃ
1208 907 1460 967 ἐοικέναι,
1506 907 1719 959 ἕπετον.

169 1003 276 1055 Καὶ
311 1003 365 1062 ὲς
395 1002 455 1052 τὸ
502 1000 756 1054 Ἀλὸανδν
785 1000 875 1050 καῖ
904 998 1082 1051 ἄλλοθι
1111 997 1280 1049 λίθους
1307 997 1502 1065 ὁμοίιος
1528 997 1722 1066 συνέϐη

170 1091 595 1160 κατενεχθῆναι.
628 1092 688 1142 (li
723 1081 766 1142 8'
805 1087 1019 1152 ὕπατοι,
1056 1088 1146 1139 ἐπὶ
1176 1087 1423 1138 Σικελίαν
1459 1088 1722 1150 ἐλθόντες,

170 1184 261 1240 ἐπὶ
296 1183 548 1250 Λιπάραν
594 1181 977 1249 ἐστράτευσαν.
1021 1179 1169 1230 Ἐπεὶ
1209 1177 1252 1230 δ’
1295 1180 1398 1230 ὑπὸ
1429 1179 1526 1244 τὴν
1552 1179 1723 1249 ἄκραν

168 1272 267 1342 τὴν
326 1272 622 1342 Τυνδαρίδα
661 1271 1010 1338 καλουμένην
1057 1268 1450 1339 ναυλοχοῦντας
1499 1271 1725 1339 ᾔσθοντο

171 1365 298 1426 τοὺς
338 1361 737 1433 Καρχηδονίους
758 1401 773 1428 ,
805 1360 923 1430 διχῇ
959 1362 1048 1412 τὸν
1096 1359 1263 1411 πλοῦν
1293 1359 1584 1414 ἐποιοῦντο.
1616 1344 1722 1412 Καὶ

167 1453 395 1519 θατέρου
443 1454 550 1506 τῶν
608 1453 829 1505 ὑπάτων
875 1454 952 1519 τῷ
994 1452 1180 1520 ἡμίσει
1231 1450 1324 1502 τοῦ
1383 1449 1634 1503 ναυτικοῦ
1664 1452 1723 1502 τὸ

167 1545 515 1614 ἀκρωτήριον
546 1541 971 1611 περιϐαλόντος,
1012 1542 1237 1610 νομίσας
1265 1544 1291 1593 ό
1329 1542 1589 1612 Ἀμίλκας
1621 1545 1720 1610 μό-

167 1652 283 1696 νους
328 1629 488 1697 εἶναι,
522 1634 812 1702 ἑξανήχθη.
867 1633 956 1694 Ὠς
996 1633 1171 1685 δὲκαὶ
1225 1635 1274 1686 οί
1313 1634 1490 1688 λοιποὶ
1535 1631 1744 1701 ἐπεγέο’

166 1741 335 1789 νοντο,
369 1725 504 1795 προς
535 1724 709 1794 φυγὴν
743 1724 1008 1794 ἐχώρησε,
1033 1725 1125 1776 καὶ
1154 1725 1245 1776 τοῦ
1281 1725 1535 1778 ναυτικοῦ
1568 1726 1719 1778 πλεῖ-

169 1834 290 1870 στον
327 1817 619 1869 ἀπέϐαλεν.
664 1817 1025 1885 Ἐπαρθέντες
1069 1818 1115 1869 δ’
1153 1819 1201 1869 οί
1247 1819 1530 1889 Ῥωμαῖοι,
1565 1821 1719 1874 Σικε-

169 1910 286 1960 λίαν
323 1910 439 1978 μὲν,
476 1909 549 1970 ώς
574 1910 674 1978 ἤδη
707 1911 974 1977 σφετέραν
1002 1909 1190 1972 οὖσαν,
1223 1909 1537 1971 κατέλιπον,
1567 1915 1629 1982 τῇ
1661 1913 1715 1965 δὲ

117 1987 333 2067 ΔΛιὸὑῃ
378 2002 440 2069 τῇ
497 2017 556 2051 τε
612 2001 916 2070 Καρχηδόνι
979 2001 1328 2071 ἐπιχειρῆσαι
1386 2004 1711 2074 ἐτόλμησαν.

174 2090 427 2157 Ἡγοῦντο
477 2091 530 2144 δὲ
562 2091 743 2144 αὑτῶν
776 2094 801 2145 ὅ
839 2109 896 2144 τε
941 2091 1229 2164 Ῥηγοῦλος
1277 2096 1304 2146 ό
1347 2095 1591 2164 Μάρκος,
1621 2098 1715 2150 καὶ

162 2181 386 2246 Λούκιος
435 2184 661 2247 Μάλιος,
707 2183 766 2248 ἐξ
797 2185 998 2254 ἀρετῆς
1055 2186 1463 2256 προκριθέντες.
1514 2187 1622 2238 Καὶ
1668 2191 1714 2238 οἱ

173 2273 288 2342 μὲν,
334 2277 411 2335 είς
446 2273 545 2340 τὴν
577 2274 826 2328 Σικελίαν
884 2276 1235 2342 πλεύσαντες,
1265 2278 1332 2330 τὰ
1353 2280 1531 2330 ὲκεῖσε
1564 2277 1716 2329 καθί-

165 2380 322 2427 στων,
379 2365 473 2417 καὶ
527 2365 618 2418 τὸν
671 2367 729 2428 ἐς
785 2365 882 2435 τὴν
913 2367 1117 2437 Διὸύην
1163 2369 1487 2439 ηὑτρέπιζον
1518 2367 1707 2422 πλοῦν.

165 2454 522 2524 Καρχηδόνιοι
554 2455 611 2507 δὲ
644 2457 742 2508 οὑκ
779 2457 1070 2524 ἀνέμειναν
1125 2460 1320 2523 αὐτοὺς
1384 2461 1713 2514 ἐπιπλεῦσαι

166 2546 366 2612 σφίσιν,
417 2547 553 2600 ἀλλὰ
629 2550 1186 2618 παρασκευασάμενοι
1258 2553 1391 2622 πρὸς
1467 2553 1714 2606 Σικελίαν

161 2636 632 2706 ἡπείχθησαν,καὶ
673 2639 822 2704 παρὰ
857 2642 920 2709 τῇ
980 2639 1393 2710 Ἠρακλειώτιδι
1439 2643 1495 2703 ἐς
1530 2644 1716 2713 χεῖρας

165 2727 403 2797 ἀλλήλοις
440 2723 620 2798 ἦλθον.
665 2729 975 2800 ’ἰσορρόπου
1025 2731 1080 2783 δὲ
1131 2733 1230 2802 τῆς
1275 2733 1580 2801 ναυμαχίας
1621 2733 1718 2788 ἐπὶ

166 2820 292 2870 πολὺ
328 2821 642 2892 γινομένης,
683 2823 838 2882 τέλος
887 2821 1191 2894 ὑπερέσχον
1221 2823 1500 2893 Ῥωμαῖοι.
1534 2809 1719 2894 Ἀμίλ-

155 2924 259 2971 ¹πίας
288 2909 342 2961 δὲ
392 2911 711 2981 ἀντιστῆναι
755 2913 941 2973 αὑτοῖς
973 2913 1158 2966 οὐκέτι
1210 2914 1436 2983 ἐτόλμα·
1468 2917 1716 2969 Ἀννωνα

167 3001 216 3051 δὲ
259 3002 395 3072 πρὸς
443 3003 646 3065 αὐτοὺς
675 3003 945 3072 επεμψεν,
986 3005 1058 3066 ὡς
1090 3007 1229 3077 ὑπὲρ
1259 3009 1502 3078 είρηνης,
1529 3009 1714 3077 βουλό-

171 3107 316 3155 μενος
342 3093 434 3144 τὸν
467 3094 658 3162 καιρὸν
701 3095 909 3162 τρίϐειν
964 3095 1182 3166 (ἤλπιζε
1219 3096 1329 3170 γὰρ
1377 3097 1709 3165 στράτευμον

1828 633 1878 685 ἰιι
1922 631 2156 686 Siciliam
2205 633 2454 702 profecti,
2507 632 2758 702 Liparam
2799 650 3203 707 oppugnarunt.
3244 639 3413 696 Cum

1825 731 2002 774 autem
2022 721 2121 775 sub
2143 721 2415 791 Tyndario
2429 727 2801 793 promontorio
2819 724 3296 795 Carthaginienses
3322 731 3375 784 in

1827 812 2037 865 insidiis
2054 828 2175 866 esse
2201 814 2602 882 cognovissent,
2632 831 2796 870 naves
2819 816 3137 873 diviserunt.
3161 820 3222 873 Et
3254 803 3389 874 cum‘

1825 903 1962 956 alter
2023 903 2210 956 consul
2274 905 2500 958 svmisse
2555 907 2743 960 classis
2797 911 3223 976 promontorium
3262 913 3382 970 eir-

1822 995 2210 1059 cumdedisset,
2233 1005 2380 1049 ratus
2416 997 2688 1051 IIamiIcar
2707 1013 2831 1052 eum
2853 999 3025 1052 solum
3051 1016 3190 1063 esse,
3219 1018 3381 1054 naves

1827 1104 1951 1140 snas
1984 1096 2167 1140 contra
2198 1087 2402 1141 eduxit.
2433 1089 2536 1143 Sed
2571 1091 2791 1160 reliquis
2820 1092 2979 1145 etiam
3009 1109 3065 1147 se
3091 1098 3382 1149 ostenden~

1830 1179 1993 1238 tibus,
2034 1180 2084 1230 in
2113 1178 2288 1248 fugam
2333 1180 2540 1242 versus.
2583 1183 2866 1235 maximam
2919 1187 3134 1238 navium
3173 1197 3382 1256 partem

1825 1271 2025 1324 amisit.
2061 1270 2172 1323 Iioc
2203 1287 2458 1325 successu
2490 1274 2616 1325 elati
2657 1275 2906 1335 Romani.
2947 1275 3153 1338 Sicilia,
3184 1289 3241 1331 nt
3265 1279 3375 1347 jam
3427 1262 3430 1265 I

1827 1361 2196 1423 suaeditionis,
2233 1364 2442 1425 relicta,
2469 1365 2631 1433 390
2657 1365 2877 1436 Libyam
2908 1376 2962 1419 et
2993 1367 3376 1437 Carthaginem

1827 1463 2008 1522 petere.
2049 1455 2163 1507 ausi
2197 1466 2344 1517 sunt,
2375 1455 2544 1510 ductu
2589 1469 2645 1511 et
2687 1459 2944 1527 auspiciis
2999 1460 3067 1514 SI.
3100 1459 3293 1529 Reguli
3325 1471 3381 1514 et

1826 1546 1884 1598 L.
1935 1545 2113 1599 Manlii
2161 1563 2172 1597 :
2209 1548 2297 1615 qui
2341 1549 2409 1599 ob
2456 1549 2712 1602 virtutem
2755 1552 2961 1617 prmlati
2994 1553 3225 1613 umeris,
3255 1567 3377 1605 cum

1826 1637 1878 1689 in
1911 1637 2091 1690 Sicilia
2133 1637 2489 1706 appulissent,
2545 1639 2725 1693 insula
2771 1642 3040 1701 ordinata,
3081 1641 3382 1711 navigatio-

1825 1742 1945 1778 nem
1974 1725 2226 1795 Libycam
2260 1727 2616 1781 adornarunt.
2667 1728 2867 1782 Verum
2903 1711 3380 1797 Carthaginienses

1825 1819 2257 1870 eorutnadventu
2284 1834 2389 1871 non
2417 1828 2745 1889 exspectato,
2775 1820 2943 1872 classe
2966 1821 3382 1872 οεΙυτίιυι-οοηι-

1824 1919 2028 1977 parata,
2073 1910 2222 1980 juxta
2261 1909 2572 1963 IIeracleam
2622 1900 2746 1963 cum
2791 1909 2874 1963 eis
2922 1909 3196 1979 congressi
3230 1919 3376 1962 sunt.

1823 2000 2068 2068 Cumque
2098 1999 2189 2052 diu
2229 2017 2383 2069 mquo
2416 1995 2585 2054 Marte
2620 2011 2913 2069 pugnatum
2951 2009 3115 2062 esset,
3150 1999 3378 2054 Romani

1822 2091 2039 2144 tandem
2100 2090 2372 2143 vicerunt.
2429 2089 2666 2141 Amilear
2706 2103 2835 2142 vero
2880 2104 2986 2140 non
3030 2088 3260 2155 amplius
3299 2086 3380 2138 eis

1823 2184 2074 2235 resistere
2108 2196 2292 2241 ausus.
2345 2191 2399 2235 et
2447 2196 2572 2236 cum
2622 2196 2772 2250 spem
2805 2181 3052 2242 haberet,
3081 2181 3243 2233 domo
3275 2177 3379 2232 sibi

1823 2274 2047 2325 missum
2101 2271 2165 2325 iri
2199 2273 2520 2337 exercitum,
2553 2282 2764 2341 tempus
2807 2270 3094 2326 extrahere
3134 2269 3393 2337 cupiens,

1827 2364 2144 2418 Hannonem
2181 2364 2248 2418 ad
2282 2380 2377 2419 eos
2409 2381 2504 2434 per
2540 2367 2778 2436 speciem
2815 2364 3063 2433 petendae
3095 2364 3241 2432 pacis
3274 2361 3379 2414 mi-

1817 2456 1907 2509 sit.
1940 2455 2110 2521 Quem
2136 2471 2261 2510 cum
2282 2456 2500 2525 quidam
2522 2454 3102 2525 comprehendendum
3122 2469 3240 2507 esse
3268 2453 3380 2506 cla-

1825 2548 2104 2610 mitarent,
2154 2548 2300 2615 quod
2333 2548 2497 2601 etiam
2536 2546 3013 2616 Carthaginienses
3064 2543 3374 2600 Cornelium

1821 2638 2012 2692 fraude
2042 2639 2310 2707 cepissent
2356 2657 2369 2691 :
2413 2635 2468 2690 Si
2493 2637 2653 2702 istud,
2700 2637 2897 2705 inquit.
2946 2636 3188 2706 feceritis,
3239 2635 3378 2703 Afris

1819 2731 1981 2786 nihilo
2017 2731 2134 2799 jam
2183 2732 2572 2798 prwstantiores
2602 2730 2766 2782 eritis.
2803 2727 2878 2782 Ea
2911 2734 3018 2781 tam
3070 2737 3377 2796 opportuna
3419 2729 3423 2733 ’

1821 2823 2134 2878 adulatione
2190 2820 2478 2876 incolumis
2533 2823 2724 2875 evasit.
2771 2821 2851 2875 Illi
2907 2835 3038 2874 vero
3087 2834 3278 2873 rursus
3325 2821 3376 2872 in

1821 2915 2025 2969 bellum
2049 2911 2439 2968 incubuerunt.
2467 2911 2815 2967 Ac'consules
2834 2909 3074 2966 Messana
3111 2908 3399 2979 proiectos-

1825 3005 2097 3058 ﬂamilcar
2125 3015 2179 3058 et
2210 3003 2401 3056 Hanno
2431 3003 2620 3068 divisis
2650 3003 2826 3071 copiis
2852 3001 3109 3071 utrinque
3137 3000 3379 3054 circum-

1825 3096 1958 3148 dare
1989 3103 2321 3148 statuerunt.
2367 3092 2472 3146 Sed
2526 3092 2718 3147 IIanno
2769 3107 2957 3146 eorum
2998 3107 3217 3147 accessu
3269 3107 3378 3146 non

168 3184 208 3233 0i
240 3183 658 3255 πεμφθήσεσθαι
701 3186 958 3252 οἴκοθεν),
996 3189 1206 3240 Ἀννων
1234 3188 1292 3241 δὲ
1346 3188 1597 3258 βοώντων
1626 3208 1708 3242 τι-

1820 3191 2147 3256 exspectato,
2177 3184 2243 3238 ad
2280 3183 2664 3254 Carthaginem
2718 3184 3000 3238 tutandam
3043 3185 3374 3254 properavit.

172 3275 262 3326 νῶν
310 3277 597 3330 συλλαϐεῖν
637 3279 818 3342 αὑτὸν,
871 3280 954 3332 ὅτι
1021 3281 1116 3333 καὶ
1145 3281 1507 3351 Καρχηδόνιοι
1530 3283 1712 3355 ἀπάτῃ

171 3368 446 3420 συνέλαϐον
495 3369 586 3422 τὸν
637 3370 955 3441 Κορνήλιονο
1012 3373 1121 3426 Ἂν
1164 3373 1340 3427 τοῦτο
1400 3373 1714 3442 ποιήσητε,

172 3451 329 3522 εἶπεν,
369 3460 553 3512 οὐδὲν
601 3460 687 3514 ἔτι
726 3462 1030 3530 κρείττους
1067 3462 1184 3517 τῶν
1209 3467 1440 3520 Λιϐύων
1478 3467 1714 3520 ἔσεσθε.

170 3548 394 3614 Ἐκεῖνος
424 3553 522 3619 μὲν
539 3551 630 3606 οὑν
647 3553 1012 3623 εὐκαιρότατα
1035 3555 1320 3620 θωπεύσας
1339 3559 1552 3620 αὑτοὺς,
1569 3559 1716 3610 οὐδὲν

174 3640 379 3706 ἔπαθεν,
399 3643 448 3696 oi.
477 3643 533 3695 δὲ
561 3645 655 3696 καὶ
681 3640 838 3707 αὖθις
868 3645 962 3698 τοῦ
986 3647 1229 3716 πολέμου
1261 3648 1490 3717 εἴχοντο.
1525 3651 1632 3702 Καὶ
1665 3649 1715 3702 oi

176 3734 264 3798 μὲν
311 3734 508 3788 ὕπατοι
553 3737 616 3788 ἐκ
672 3737 769 3807 τῆς
807 3737 1062 3809 Μεσήνης
1107 3738 1317 3805 ἔπλεον,
1364 3741 1624 3811 ’Λμίλκας
1656 3743 1712 3796 δὲ

173 3829 256 3879 καὶ
282 3833 490 3884 Ἀννων
519 3831 908 3905 διαιρεθέντες,
942 3835 1327 3906 ἀμφοτέρωθεν
1354 3838 1724 3908 αὑτοὺςπερι-

177 3927 312 3989 σχεῖν
367 3926 663 3995 ἐμελέτων.
715 3917 909 3980 Ἃλλ’ὀ
966 3929 1066 3995 μὲν
1101 3930 1312 3982 Ἀννων
1364 3929 1458 3997 οὑχ
1509 3929 1714 3997 ὑπέστη

178 4018 493 4083 προσιόντας
534 4018 756 4082 αὐτούς·
785 4018 1275 4089 προκαταπλεύσας
1307 4019 1351 4070 δ’
1381 4020 1457 4079 είς
1492 4019 1716 4087 Καρχηο

173 4103 302 4172 δόνα,
331 4108 535 4176 ταύτην
568 4109 878 4176 ἐφίλασσεν.
923 4109 980 4161 Ὁ
1004 4107 1059 4160 δὲ
1099 4107 1381 4178 Ἀμίλκας,
1409 4106 1712 4174 πυθόμενος

1819 3281 1935 3347 Quo
1965 3280 2200 3334 Amilcar
2227 3281 2465 3348 cognito,
2487 3280 2679 3335 eodem
2711 3280 2832 3334 loco
2863 3281 3080 3334 mansit.
3106 3280 3374 3334 Caeterum

1821 3374 2050 3428 Romani
2083 3387 2346 3427 exscensn
2382 3372 2436 3425 in
2464 3381 2663 3425 terram
2701 3370 2865 3436 facto,
2896 3370 3151 3439 Aspidem
3184 3369 3372 3423 urbem

1820 3467 2179 3519 invaserunt:
2231 3479 2370 3533 quos
2412 3452 2533 3516 cum
2570 3463 2719 3516 cives
2766 3463 3032 3521 accedere
3085 3461 3373 3520 vidissent,

1821 3573 1851 3611 e
1883 3556 2062 3609 medio
2087 3563 2456 3608 excesserunt.
2512 3553 2591 3607 Ita
2647 3553 2838 3606 urbem
2884 3552 3112 3606 Romani
3147 3564 3375 3603 vacuam

1823 3657 2086 3718 ceperunt
2120 3664 2134 3703 :
2181 3663 2353 3717 eaque
2395 3646 2460 3700 ad
2514 3646 2640 3700 belli
2683 3645 2902 3716 gerendi
2934 3643 3376 3699 commoditatem

1801 3740 1923 3802 'usi,
1962 3749 2122 3807 atque
2182 3738 2306 3792 inde
2338 3753 2624 3807 erumpere
2665 3737 2832 3801 soliti,
2866 3751 3022 3806 agros
3058 3742 3374 3804 vastarunt;

1817 3841 1873 3886 et
1911 3832 2045 3883 alias
2087 3830 2249 3884 urbes
2277 3831 2348 3892 vi,
2393 3831 2523 3883 alias
2546 3828 2822 3882 deditione
2859 3827 3215 3894 subegeruut,
3249 3837 3367 3875 ma.-

1815 3939 2082 3993 gnamque
2132 3921 2364 3989 prmdam
2415 3930 2723 3989 ceperunt:
2773 3929 2829 3973 et
2872 3918 3200 3984 transfugas,
3241 3929 3373 3970 suo-

1815 4031 2044 4084 rumque
2092 4015 2381 4084 plurimos,
2437 4012 2592 4067 bellis
2640 4011 2916 4082 prioribus
2960 4019 3170 4081 captos,
3218 4021 3371 4062 rece-

1819 4114 2037 4176 perunt.

172 4206 331 4271 τοῦτο,
394 4204 536 4258 κατὰ
586 4204 769 4274 χώραν
808 4202 1021 4273 ἔμενεν.
1069 4201 1357 4264 Ἑκόάντες
1402 4201 1446 4253 δ’
1504 4203 1582 4265 είς
1631 4201 1728 4272 τὴν
1765 4205 1868 4272 γῆν
1937 4201 1986 4253 oi
2058 4200 2343 4270 Ῥωμαῖοι,
2375 4198 2468 4252 ἐπὶ
2515 4197 2612 4269 τὴν
2661 4195 2890 4251 Ἀσπίδα
2932 4196 3030 4266 τὴν
3059 4195 3214 4249 πόλιν
3236 4192 3373 4265 ἐχώ-

88 4324 92 4328 ~
175 4316 351 4368 ρησαν.
387 4298 496 4360 Οὓς
533 4299 736 4361 ἰδόντες
776 4298 1101 4369 προσιόντας
1135 4298 1186 4349 oi
1250 4299 1553 4368 ἐπιχώριοι,
1618 4297 2048 4367 προῦπεξῆλθον,
2107 4297 2202 4348 καὶ
2248 4296 2455 4366 ἀμαχεὶ
2507 4296 2870 4364 κατασχόντες
2913 4294 3084 4361 αὐτὴν
3156 4292 3206 4343 οί
3251 4289 3375 4343 Ῥω-

176 4396 327 4460 μαῖοι,
354 4392 448 4447 τοῦ
491 4391 730 4461 πολέμου
758 4393 1097 4463 ὁρμητήριον
1139 4393 1486 4461 ἐποιήσαντο.
1521 4393 1830 4454 Κάντεῦθεν
1869 4393 1967 4460 τήν
2029 4405 2089 4441 τε
2149 4388 2250 4457 γῆν
2283 4387 2571 4456 ἐπόρθουν,
2619 4386 2714 4439 καὶ
2764 4385 2951 4445 πόλεις
2995 4385 3092 4445 τὰς
3126 4383 3224 4454 μὲν
3254 4382 3373 4436 ἐθε-

174 4485 400 4552 λουσίας,
435 4486 531 4551 τὰς
561 4487 616 4542 δὲ
645 4485 796 4558 φόϐῳ
821 4486 1220 4557 προσεκτῶντο,
1246 4487 1400 4540 λείαν
1460 4503 1521 4538 τε
1589 4485 1789 4555 πολλὴν
1825 4485 2153 4552 ἐλὰμσανον,
2209 4481 2307 4535 καὶ
2358 4480 2697 4551 αὐτομόλους
2760 4479 3049 4542 πλείστους
3103 4478 3371 4549 ἐδέχοντο,

172 4583 254 4634 καὶ
285 4584 394 4636 τῶν
423 4583 636 4637 οἰκείων
680 4585 905 4654 συχνοὺς
930 4584 1037 4636 τῶν
1068 4584 1125 4636 ἑν
1166 4585 1280 4646 τοῖς
1310 4584 1439 4652 πρὶν
1475 4583 1713 4635 ἁλόντων
1754 4580 2008 4646 πολέμοις
2038 4579 2374 4649 ἐκομίζοντο.

234 4675 308 4729 ΙΓ.
361 4677 642 4745 Χειμῶνος
683 4677 738 4731 δὲ
786 4679 1173 4747 ἐπιγενομένου
1203 4719 1216 4741 ,
1247 4677 1454 4740 Μάλιος
1503 4677 1604 4745 μὲν
1636 4679 1713 4738 είς

1885 4675 2024 4730 XIII.
2071 4675 2207 4731 Cum
2260 4676 2434 4744 hiems
2486 4675 2931 4746 supervenisset,-
2967 4674 3196 4728 Manlius
3246 4688 3367 4725 eum

184 4763 388 4838 Ῥώμην
423 4766 612 4838 σὺντῇ
645 4767 763 4838 λείᾳ
796 4767 1126 4829 ἀπέπλευσε,
1170 4767 1460 4838 Ῥηγοῦλος
1490 4769 1533 4822 δ’
1556 4772 1611 4822 ὲν
1640 4773 1707 4842 τῇ

145 4855 332 4929 κΛιϐύῃ
365 4856 646 4927 ὑπέμεινε.
668 4858 775 4910 Καὶ
805 4859 853 4910 oi
892 4859 1247 4930 Καρχηδόνιοι
1271 4861 1326 4914 ἐν
1358 4860 1521 4913 παντὶ
1555 4861 1710 4932 κακῷ

183 4948 438 5014 γεγόνασι,
477 4947 576 5019 τῆς
632 4947 818 5020 χώρας
855 4966 914 5002 τε
951 4950 1328 5021 πορθουμένης
1379 4953 1583 5020 αὐτῶν,
1613 4957 1709 5006 καὶ

174 5035 271 5091 τῶν
300 5040 592 5112 περιοίκων
621 5040 1086 5113 ἀλλοτριουμένων
1105 5080 1120 5106 ,
1155 5043 1248 5096 καὶ
1301 5045 1713 5116 κατειληθέντες

177 5127 247 5189 είς
291 5132 350 5182 τὸ
403 5135 578 5203 τεῖχος
633 5133 927 5205 ἡσύχαζον.
975 5133 1254 5205 Ῥηγούλῳ
1307 5136 1363 5188 δὲ
1432 5139 1583 5207 παρὰ
1618 5139 1712 5192 τὸν

179 5215 448 5289 Βαγράδαν
514 5228 770 5296 ’ποταμὸν
854 5227 1407 5298 στρατοπεδευομένῳ
1437 5269 1451 5292 ,
1490 5230 1709 5296 δράκων

181 5306 410 5381 ἐπεφάνη
441 5313 846 5388 ὑπερμεγέθης,
881 5314 941 5373 οὗ
979 5318 1061 5374 τὸ,
1098 5318 1272 5389 μῆκος
1321 5318 1536 5384 λέγεται
1572 5314 1711 5372 εἶναι

183 5401 335 5454 ποδῶν
362 5404 555 5459 ἑκατὸν
589 5405 723 5476 πρὸς
751 5386 952 5474 είκοσιο
991 5386 1217 5480 καὶ-γάνρ
1245 5412 1276 5480 ἡ
1305 5408 1524 5477 λεεηρὶς
1546 5409 1710 5462 αὑτοῦ

184 5493 250 5557 εἰς
282 5494 375 5567 τὴν
412 5494 628 5569 Ῥώμην
656 5499 952 5568 κεκόμιστο
979 5502 1047 5555 δι’
1089 5501 1373 5566 ἐπίδειξιν.
1425 5501 1712 5568 Ἀνὰλογον

187 5586 234 5640 δὲ
257 5592 341 5644 καὶ
385 5591 478 5645 τὸν
515 5583 671 5647 ἄλλον
715 5593 879 5662 δγκον
911 5597 1001 5648 τοῦ
1035 5596 1284 5667 σώματος
1315 5595 1480 5665 εἶχεν·
1516 5594 1576 5658 δς
1609 5613 1705 5648 συ-

189 5683 324 5749 χνοὺς
355 5683 463 5737 τῶν
509 5688 856 5756 στρατιωτῶν
892 5689 1015 5750 τοὺς
1049 5690 1145 5758 μὲν
1178 5689 1506 5753 πελάζοντας
1533 5688 1703 5757 αὑτῷ,

191 5774 364 5837 τοὺςδὲ
395 5777 488 5831 καὶ
541 5778 788 5840 πίνοντας
831 5779 895 5830 ὲκ
949 5779 1043 5831 τοῦ
1104 5780 1350 5849 ποταμοῦ
1408 5779 1700 5849 διέφθειρε.

197 5863 583 5942 Κατειργάσατο
618 5869 664 5923 δ’
710 5870 871 5925 αὑτὸν
901 5872 928 5924 ὁ
984 5870 1269 5941 Ῥηγοῦλος
1310 5873 1506 5944 uineae
1539 5890 1701 5944 στρα-

1813 4769 2088 4824 manubiis
2139 4768 2362 4822 Romam
2417 4768 2708 4838 navigavit,
2751 4766 3019 4834 Reguius
3071 4767 3121 4818 in
3186 4764 3365 4819 Africa

1814 4862 2009 4916 mansit
2040 4860 2510 4929 Carthaginienses
2556 4874 2685 4912 vero
2753 4858 2930 4911 omnis
2971 4857 3185 4927 generis
3216 4857 3389 4912 malis‘

1812 4952 2188 5010 conﬂictantes
2237 4957 2475 5018 (namet
2526 4967 2654 5020 ager
2692 4951 3026 5015 vastabatur,
3057 4961 3107 5005 et
3154 4952 3369 5005 Iinitimi

1812 5041 2210 5110 alienabantur)
2243 5042 2384 5097 intra
2418 5045 2617 5098 muenia
2641 5044 2946 5114 conglobati
2981 5059 3039 5098 se
3072 5047 3363 5097 continue-

1812 5146 1961 5192 runt.
2013 5135 2218 5204 Regulo
2263 5135 2330 5188 ad
2385 5135 2680 5206 Bagradam
2724 5136 2924 5196 ﬂumen
2957 5141 3359 5190 castrametato.

1813 5229 1979 5282 draco
2022 5227 2210 5296 ingens
2235 5230 2384 5282 visus
2403 5239 2508 5292 est,
2533 5231 2689 5300 cujus
2716 5228 2993 5298 longitudo
3021 5224 3219 5295 pedum
3263 5239 3366 5279 cxx

1813 5320 1978 5374 fuisse
2039 5320 2383 5389 perhibetur,
2462 5330 2520 5376 et
2559 5323 2716 5391 pellis
2765 5316 3146 5372 ostentationis
3198 5332 3360 5370 causa

1813 5409 2038 5464 Romam
2097 5411 2306 5481 perlata
2361 5428 2503 5469 esse.
2565 5410 2914 5482 Longitudini
2979 5418 3139 5465 tantae
3196 5409 3365 5463 totius

1814 5506 1985 5561 moles
2006 5507 2245 5576 corporis
2274 5509 2572 5578 respondit.
2603 5507 2738 5560 Eum
2769 5505 3108 5574 postmultos
3143 5493 3378 5566 milites,”

1818 5600 1914 5668 qui
1945 5600 2027 5654 vel
2048 5600 2270 5668 propius
2287 5606 2646 5662 accesserant,
2670 5598 2750 5651 vel
2792 5614 2822 5652 e
2845 5596 3066 5651 ﬂumine
3091 5597 3358 5656 biberant,

1815 5690 2125 5753 devoratos,
2142 5689 2382 5758 Regulus
2404 5677 2633 5740 militum
2655 5689 2825 5758 copiis
2843 5699 2896 5742 et
2923 5686 3206 5756 catapultis
3227 5699 3370 5738 con-.

1810 5783 1954 5838 fecit.
1984 5781 2139 5850 391
2166 5780 2486 5837 Amilcarem
2509 5790 2688 5834 autem
2712 5781 2766 5835 in
2793 5781 2992 5838 silvoso
3042 5772 3362 5831 tumuloca-

1811 5884 1922 5929 stra
1975 5874 2262 5930 habeulen
2345 5884 2510 5928 noctu
2557 5887 2858 5944 aggressus.
2892 5869 3090 5925 multos
3140 5867 3194 5923 in
3257 5884 3353 5924 cu-
