3986 6338
597 425 694 484 ίιἹΙ

1867 410 2149 473 JOANNIJ

2250 411 2534 474 LONMLE
2753 467 2757 476 ,
3696 421 3800 480 (ιῖ2

599 534 800 588 ldlibus
823 574 834 590 .
875 531 1074 583 multos
1107 533 1459 596 experrectus
1509 523 1711 578 occidit
1742 542 1756 577 2
1811 524 1853 577 si
1890 516 2145 592 qui'vcro

2252 527 2460 576 τιωτὼν
2509 529 2600 578 καὶ
2647 532 2919 598 μηχαναῖς
2964 506 3276 596 λιθοδϋοις.
3321 534 3437 587 Καὶ
3467 534 3557 587 τὸν
3584 536 3684 604 μὲν
3716 538 3800 587 oi:-

598 629 925 682 evaserant,
985 620 1052 671 ab
1113 617 1180 671 iis
1230 617 1324 686 qui
1373 607 1504 668 ‘vias
1565 613 1981 677 custodiebant,
2051 628 2146 691 ex-

597 713 738 780 cepti
803 711 1104 779 perierunt.
1178 707 1286 762 δίου
1317 722 1505 775 magna
1565 721 1690 773 pars
1728 697 2148 773 Carthaginien-

597 808 736 857 sium
779 811 862 856 est
913 802 1223 869 absumpta,
1270 809 1325 853 et
1355 799 1537 852 multa:
1567 798 1728 851 urbes
1755 799 1819 850 ad
1871 798 2145 851 Romanos

594 894 932 948 (lu-fecerunt.
976 892 1160 959 Itaque
1207 891 1241 942 ii
1273 889 1366 957 qui
1403 893 1454 942 in
1492 888 1624 942 urbe
1655 897 1829 951 erant,
1869 889 2026 941 veriti
2076 904 2144 942 ne

595 994 940 1053 caperentur,
972 971 1362 1037 caduceatores
1385 981 1449 1034 ad
1485 996 1609 1036 eum
1638 980 1903 1035 miserunt
1931 998 1949 1043 ;
1989 989 2049 1032 ut
2080 995 2144 1033 co

599 1076 862 1129 tolerabili
898 1077 1076 1144 aliqua
1112 1075 1365 1144 pactione
1396 1082 1597 1132 amoto,
1631 1075 1921 1128 imminens
1947 1076 2144 1128 malum

600 1166 1058 1234 subterfugerent.
1095 1165 1228 1218 Cum
1273 1174 1450 1219 autem
1503 1168 1669 1220 multa
1719 1183 1979 1236 perquam
2029 1183 2145 1218 nio-

601 1259 733 1310 lvsta
771 1259 1095 1326 postularet,
1144 1266 1200 1310 ut
1249 1260 1392 1323 pacis
1423 1261 1764 1315 conditiones
1810 1261 1946 1313 nihil
1998 1260 2146 1314 aliud

597 1364 759 1417 quam
813 1349 1083 1402 excidium
1113 1349 1438 1419 judicarent,
1483 1353 1600 1420 paci
1647 1353 1848 1406 bellum
1897 1353 2149 1421 praetule-

599 1451 746 1495 ruut.
779 1443 1020 1511 Regulus
1052 1445 1195 1496 enim
1227 1444 1291 1497 ad
1341 1445 1389 1496 id
1434 1461 1604 1514 usque
1641 1456 1853 1516 tempus
1887 1461 2148 1515 prospera

598 1532 816 1587 fortuna
857 1550 1007 1599 usus,
1057 1535 1254 1588 animis
1276 1548 1332 1590 et
1355 1537 1493 1590 [astu
1538 1537 1675 1590 adeo
1709 1538 1900 1605 plenus
1935 1539 2058 1600 fuit,
2092 1548 2150 1591 ut

605 1625 824 1678 ltomam
856 1626 1142 1688 scriberet,
1169 1643 1226 1682 se
1267 1637 1410 1682 metu
1442 1628 1752 1698 obsignatas
1777 1629 1980 1684 habere
2011 1628 2148 1684 Car—

603 1714 837 1783 thaginis
886 1724 1088 1783 portas.
1120 1715 1266 1769 idem
1297 1717 1526 1771 allectus
1546 1727 1598 1771 ct
1628 1719 1744 1787 ejus
1765 1719 2008 1773 militum
2031 1759 2045 1778 .
2093 1728 2150 1773 et

2243 633 2351 677 τως
2393 616 2720 688 διέφθειρεν.
2775 621 2866 690 Τῷ
2912 621 2970 675 δὲ
3027 623 3259 694 Ἀμίλκᾳ
3283 629 3372 679 ἐπὶ
3404 629 3680 699 μετεώρου
3711 632 3798 681 καὶ

2246 707 2508 770 ξυλώδους
2540 713 3092 783 στρατοπεδευομένῳ
3130 717 3326 789 χωρίου
3359 719 3576 789 νύκτωρ
3605 721 3798 787 προσέ-

2215 799 2392 866 ·μιξε,
2438 801 2532 851 καὶ
2576 800 2805 864 πολλοὺς
2835 803 2938 869 μὲν
2966 805 3025 856 ὲν
3079 808 3203 865 ταῖς
3235 807 3441 871 εὐναῖς,
3485 810 3718 870 πολλοὺς
3757 811 3802 862 δ’

2247 891 2630 957 ἐξεγερθέντας
2669 892 2946 948 διώλεσεν.
3003 897 3064 949 Εἰ
3117 897 3174 948 δέ
3221 915 3369 960 τινες
3399 899 3494 951 καὶ
3521 901 3796 969 διέφυγον,

2246 986 2358 1044 τοῖς
2388 983 2486 1042 τὰς
2506 982 2658 1046 ὀδοὺς
2697 985 2958 1052 τηροῦσιν
2993 987 3365 1065 ἐμπίπτοντες
3393 989 3651 1046 ὧλλυντο.
3700 994 3802 1046 Καὶ

2245 1074 2386 1126 οὕτω
2416 1074 2522 1127 τῶν
2551 1092 2608 1128 τε
2640 1077 3025 1144 Καρχηδονίων
3050 1079 3215 1149 μέρος
3249 1081 3500 1150 ἀναλώθη
3528 1084 3688 1149 πολὺ,
3715 1088 3804 1138 καλ

2249 1165 2430 1226 πόλεις
2469 1165 2649 1217 αὐτῶν
2685 1168 2878 1236 συχναὶ
2927 1171 3064 1239 πρὶς
3103 1170 3408 1239 Ῥωμαίους
3457 1173 3803 1242 μεθίσταντο.

2246 1256 2578 1325 Φοϐηοέντες
2618 1258 2662 1310 δ’
2711 1259 2760 1310 οί
2791 1261 2848 1310 ὲν
2883 1262 2946 1327 τῇ
3017 1260 3168 1313 πόλει
3211 1262 3284 1332 μὴ
3322 1262 3514 1327 ἁλῶσι,
3549 1266 3805 1338 διεκήρυ-

2250 1346 2512 1398 κεύσαντο
2564 1346 2699 1416 πρὸς
2745 1347 2836 1400 τὸν
2885 1347 3112 1412 ὕπατον,
3166 1352 3316 1414 ὅπως
3364 1353 3628 1426 ὁμολογίᾳ
3700 1357 3805 1410 τινὶ

2248 1433 2483 1486 ἐπιεικεῖ
2520 1435 2945 1504 ἀποπέμψαντες
2970 1429 3157 1502 αὺτὸν,
3186 1441 3248 1493 τὺ
3282 1442 3608 1512 παραυτίκα
3637 1444 3805 1498 δεινὸν

2250 1525 2655 1593 ὑπεκφύγωσιν,
2700 1527 2853 1580 Ἐπεὶ
2889 1529 2945 1580 δὲ
2993 1529 3163 1582 πολλά
3187 1533 3493 1603 ἀπῃτοῦντο
3522 1537 3619 1591 καὶ
3665 1554 3796 1606 φορ-

2246 1617 2413 1681 τικὰ,
2445 1616 2519 1678 ώς
2569 1616 2771 1669 ἅλωσιν
2833 1616 3013 1671 αὐτῶν
3079 1618 3283 1688 ἀκριϐῆ
3333 1622 3654 1690 νομίζεσθαι
3708 1626 3805 1689 τὰς

2251 1706 2503 1769 σπονδὰς,
2563 1704 2820 1774 πολεμεῖν
2855 1707 3055 1774 μᾶλλον
3081 1708 3306 1762 εἴλοντο.
3361 1711 3418 1764 '0
3449 1711 3638 1779 μέντοι
3685 1711 3804 1782 Ῥη-

597 1802 798 1855 civium
827 1805 1194 1864 Romanorum
1233 1806 1335 1862 fuit
1369 1824 1384 1863 :
1417 1808 1560 1862 unde
1595 1808 1797 1863 factum
1831 1818 1933 1871 est,
1966 1810 2149 1863 utim-

2250 1796 2462 1863 γοῦ).ος,
2519 1797 2679 1866 μέχρι
2723 1796 2844 1849 τότε
2901 1798 3176 1868 εὐτυχῶν,
3232 1802 3551 1872 αὐχήματος
3615 1804 3808 1872 μεστὸς

596 1894 898 1964 piugerent.
958 1898 1089 1951 Nam
1121 1899 1655 1970 Carthaginiensibus
1704 1920 1826 1959 cum
1867 1906 1980 1963 alii.
2035 1916 2149 1959 tum

2255 1889 2472 1954 ἐγένετο
2502 1891 2598 1943 καὶ
2625 1892 3000 1961 φρονήματος,
3033 1894 3176 1948 ὥστε
3219 1895 3314 1950 καὶ
3343 1899 3578 1967 γράφειν
3605 1899 3687 1961 είς
3712 1899 3807 1966 τὴν

596 1985 939 2055 Xanthippus
957 1987 1397 2048 Lacedaemonius
1409 1995 1610 2050 auxilio
1627 1997 2029 2062 venerunt.Qui
2053 1998 2154 2050 ini-

598 2084 816 2142 pet-ator
843 2086 1060 2133 creatus
1095 2087 1238 2149 (nam
1267 2083 1316 2136 ei
1341 2094 1397 2137 et
1417 2086 1647 2152 populus
1663 2088 1861 2156 cupide
1881 2103 2148 2143 summam

600 2181 782 2218 rerum
819 2167 1038 2232 detulit,
1080 2179 1135 2223 et
1165 2171 1403 2229 Amilcar
1432 2179 1723 2247 ezeterique
1757 2182 2031 2252 principes
2067 2187 2150 2237 ul-

600 2265 684 2308 tro
716 2264 1019 2328 cesserunt)
1049 2276 1172 2314 cum
1207 2262 1309 2316 alia
1349 2265 1518 2332 probe
1546 2270 1843 2338 ordinavit,
1880 2284 1995 2329 tum
2020 2276 2152 2331 Car-

598 2345 962 2415 thaginienscs
1001 2364 1031 2403 a
1069 2351 1320 2415 tumulis,
1358 2354 1412 2408 in
1450 2357 1650 2425 quibus
1690 2377 1797 2428 prae
1839 2375 1983 2418 metu
2023 2382 2151 2436 age-

599 2435 750 2502 bant,
787 2437 838 2491 in
869 2440 1147 2507 planitiem
1177 2443 1423 2508 deduxit,
1459 2448 1548 2501 ubi
1577 2459 1632 2502 et
1656 2435 2145 2518 equitatbseoruni

597 2536 653 2580 et
690 2528 1007 2597 elephantes
1047 2533 1342 2601 plurimum
1381 2547 1651 2605 poterant.
1700 2542 1798 2596 Hic
1841 2544 1963 2599 aliis
2015 2557 2152 2600 tem-

598 2618 820 2683 poribus
871 2621 1108 2688 quietus,
1154 2630 1489 2694 exspectavit
1525 2631 1653 2685 dum
1701 2634 1928 2689 Romani
1971 2649 2149 2693 castra

600 2705 938 2775 negligenter
984 2717 1287 2766 tuerentur.
1331 2714 1469 2769 Elati
1519 2716 1664 2771 enim
1704 2721 1954 2785 victoria,
2001 2723 2150 2776 Xan-

602 2795 848 2864 thippum
875 2806 933 2851 ut
951 2798 1252 2856 Grzeculum
1277 2805 1404 2873 (quo
1427 2809 1648 2862 nomine
1665 2825 1760 2877 per
1774 2821 2148 2880 contemptum

606 2893 856 2956 utuntur)
897 2891 1033 2945 nihil
1069 2891 1330 2949 facientes
1353 2935 1368 2959 ,
1400 2899 1576 2952 securi
1608 2903 1906 2969 agitabant.
1947 2904 2036 2958 Sic
2067 2904 2150 2958 af-

602 2979 774 3034 fectos
812 2981 1086 3038 Romanos
1137 2985 1387 3053 adortus,
1430 3005 1732 3060 eorumque
1771 2995 2018 3063 equitatu
2058 3005 2152 3066 per

599 3072 919 3140 elephantos
949 3075 1253 3146 proﬂigato,
1281 3081 1481 3136 multos
1503 3074 1723 3146 occidit,
1759 3086 1961 3140 multos
1984 3090 2148 3155 cepit,

2264 1976 2504 2044 Ῥώμην,
2532 1978 2614 2030 ὅτι
2645 1984 3196 2051 κατεσφραγισμένας
3236 1985 3349 2054 ἔχει
3395 1987 3493 2048 τὰς
3515 1988 3628 2040 τῶν
3655 1989 3808 2056 Καρ⁴

2253 2069 2725 2148 χηδονίωνίπύλας
2771 2073 2876 2126 ὑπὸ
2927 2074 3022 2127 τοῦ
3080 2078 3268 2144 φόϐου.
3296 2080 3376 2132 Τὰ
3400 2082 3490 2134 ἶσα
3527 2081 3583 2132 δὲ
3631 2083 3725 2135 καὶ
3761 2083 3807 2132 οί

2253 2165 2352 2216 σὺν
2382 2163 2552 2232 αὐτῷ,
2592 2165 2684 2216 καὶ
2729 2165 2778 2216 οί
2816 2166 2897 2218 ἐν’
2923 2167 2989 2235 τῇ
3031 2165 3216 2238 Ῥώμῃ
3249 2170 3530 2239 ἐφρόνουν·
3561 2172 3685 2224 ὅθεν
3719 2173 3806 2224 καὶ

2252 2257 2581 2325 ἐσφάλησαν.
2617 2251 2822 2311 Ἦλθον
2856 2259 2955 2326 μὲν
2986 2259 3096 2331 γὰρ
3122 2263 3235 2323 τοϊς
3285 2262 3681 2332 Καρχηδονίοις
3714 2265 3808 2315 καὶ

2251 2347 2428 2416 ἕτεροι
2461 2347 2762 2418 σύμμαχοι,
2788 2342 2917 2416 ἦλθε
2939 2347 2998 2401 δὲ
3027 2351 3122 2402 καὶ
3148 2345 3212 2404 ἐκ
3234 2350 3640 2420 Λακεδαίμονος
3670 2353 3810 2406 Ξάν-

2251 2439 2471 2501 θιππος.
2507 2435 2693 2504 Οὗτος,
2725 2440 2822 2509 τὴν
2872 2441 3252 2512 αὐτοκράτορα
3284 2444 3390 2496 τῶν
3421 2445 3809 2513 Καρχηδονίων

2253 2530 2429 2599 ἀρχὴν
2455 2530 2692 2597 εἰληφὼς
2729 2531 2778 2598 (ὅ
2801 2548 2860 2592 τε
2895 2530 3005 2599 γὰρ
3033 2531 3202 2601 δῆμος
3230 2533 3378 2604 αὐτῷ
3415 2535 3483 2587 τὰ
3509 2518 3810 2606 πράγματα

2252 2622 2552 2690 προθύμως
2588 2622 2880 2690 ἐπέτρεψε,
2912 2624 3008 2677 καὶ
3040 2625 3068 2676 ό
3105 2625 3369 2693 ’Λμίλκας
3429 2627 3524 2679 καὶ
3559 2627 3613 2680 οί
3635 2627 3809 2680 λοιποὶ

2250 2713 2300 2763 οἱ
2333 2715 2390 2764 ἐν
2423 2715 2565 2765 τέλει
2596 2716 2866 2778 ἑκουσίως
2898 2717 3216 2789 ἐξέστησαν)
3259 2719 3330 2771 τά
3361 2736 3416 2771 τε
3452 2720 3587 2774 ἄλλα
3639 2738 3808 2789 παρε-

2255 2805 2525 2854 σκεύασεν
2579 2800 2665 2866 εὖ,
2708 2806 2802 2859 καὶ
2827 2805 2932 2858 ἀπὸ
2959 2805 3065 2858 τῶν
3107 2806 3398 2876 μετεώρων
3425 2810 3554 2871 τοὺς
3585 2811 3808 2880 Καρχη-

2252 2894 2484 2957 δονίους,
2511 2897 2569 2948 ὲν
2618 2891 2704 2959 οἷς
2748 2897 2853 2950 ὑπὸ
2884 2897 3038 2962 δέους
3074 2894 3234 2969 ἦσαν,
3273 2899 3586 2968 κατήγαγεν
3633 2903 3712 2963 είς
3748 2901 3805 2951 τὸ

2251 2987 2477 3055 ὁμαλὸν,
2513 2989 2568 3040 έν
2612 2980 2658 3056 ᾧ
2684 2989 2720 3058 ἥ
2755 3005 2814 3043 τι
2844 2989 3038 3054 ίππεία
3070 2990 3251 3043 αὐτῶν
3298 2991 3392 3043 καὶ
3429 2991 3478 3042 οί
3523 2989 3808 3058 ἐλέφαντες

2254 3078 2505 3131 πλεῖστον
2551 3078 2792 3148 ίσχύσειν
2876 3079 3122 3149 [μελλονο
3175 3080 3270 3135 καὶ
3335 3081 3429 3134 τὸν
3507 3079 3609 3149 μὲν
3655 3081 3806 3135 ἄλλον

599 3174 763 3235 atque
802 3166 977 3235 ipsum
1005 3169 1292 3240 Regulum.
1330 3171 1444 3239 Qua
1481 3174 1707 3230 victoria
1729 3174 2148 3246 Carthaginien-

2252 3170 2442 3237 χρόνον
2490 3167 2752 3239 ήσύχαζε’
2784 3173 3033 3241 τηρήσας
3071 3171 3129 3225 δέ
3175 3189 3306 3246 ποτε
3332 3171 3458 3234 τοὺς
3499 3170 3803 3240 Ῥωμαίους

599 3269 689 3311 ses
737 3250 836 3311 etsi
874 3259 1084 3315 animos
1131 3274 1469 3330 receperant,
1517 3273 1693 3319 tamen
1744 3270 1988 3335 captivos
2022 3286 2151 3324 con-

599 3346 923 3405 servaram:
965 3365 1029 3402 ne
1065 3350 1099 3404 ii
1131 3367 1368 3422 quoque,
1404 3370 1541 3424 quos
1570 3356 1774 3424 pridem
1802 3359 2027 3412 Romani
2056 3377 2146 3415 ce-

563 3427 809 3505 perant.
869 3440 1274 3495 occiderentur.
1320 3442 1397 3497 Ac
1451 3455 1677 3500 caeteros
1728 3449 1946 3515 quidem
2013 3452 2172 3506 bene.

586 3534 924 3592 tractarunt,
957 3529 1225 3597 Regulum
1257 3531 1436 3585 autem
1467 3535 1724 3589 omnibus
1753 3539 1926 3590 modis
1948 3540 2150 3594 :iﬂlixe-

604 3625 752 3671 runt.
778 3617 912 3672 Nam
947 3629 1001 3673 et
1034 3627 1238 3672 tantum
1290 3621 1398 3674 cibi
1440 3624 1770 3689 prwbebaut,
1818 3627 1961 3680 unde
1989 3631 2150 3682 vitam

601 3717 911 3763 sustentare
964 3719 1168 3778 posset,
1215 3719 1272 3765 et
1321 3713 1667 3767 continenter
1695 3716 2044 3783 elephantum
2085 3718 2150 3772 ad

599 3815 723 3854 cum
756 3800 1100 3856 adducebant
1134 3820 1146 3855 :
1175 3820 1202 3856 a
1229 3820 1335 3873 quo
1362 3806 1603 3869 territus,
1635 3823 1810 3876 neque
1842 3809 2023 3863 animo
2059 3828 2155 3865 ue-

599 3907 706 3960 quc
752 3906 980 3962 corpore
1037 3898 1475 3964 conquiesceret.
1543 3898 1787 3967 Denique
1859 3912 1978 3968 post
2020 3884 2152 3956 thas

554 3982 912 4045 Kvexationes
963 3997 1086 4036 eum
1162 3986 1212 4036 in
1260 4000 1533 4038 carcerem
1581 3989 1955 4055 eonjeeerunt.
2014 3990 2154 4045 Suos

601 4074 763 4125 etiam
790 4073 1084 4128 foederatos
1115 4075 1494 4130 crudelissime
1528 4073 1848 4132 tractarunt.
1878 4081 2009 4134 Nam
2027 4098 2151 4134 eum

600 4162 828 4236 ea'qua:
867 4167 1227 4236 promiserant
1279 4168 1438 4238 392
1472 4180 1726 4238 prastare
1768 4187 1873 4224 non
1906 4185 2151 4240 possunt,

599 4275 696 4314 eos
738 4259 1080 4320 dimiserunt,
1114 4268 1172 4313 ut
1205 4261 1474 4329 stipendia
1521 4277 1628 4314 non
1660 4263 1830 4316 multo
1863 4276 1984 4332 post
2024 4283 2153 4334 per-

601 4350 848 4404 soluturi.
887 4349 992 4405 Sed
1036 4360 1284 4406 vectores
1320 4368 1510 4406 eorum
1546 4343 1848 4422 jussert’mt,
1877 4356 1944 4410 iis
1976 4358 2027 4410 in
2061 4358 2154 4411 de-

601 4447 744 4490 serta
807 4437 1040 4505 quadam
1095 4439 1268 4492 insula
1317 4441 1599 4508 expositis,
1648 4443 1785 4495 clam
1848 4446 2151 4502 discedere.

601 4530 972 4600 Xanthippum
998 4530 1088 4584 alii
1122 4531 1467 4585 submersum
1506 4532 1573 4585 ab
1610 4533 1678 4586 iis
1711 4534 1916 4598 lerunt,
1945 4538 2153 4592 abeun-

2251 3235 2744 3331 καταφρονητικῶς
2774 3235 3183 3331 αὺλιξομένουις·
3218 3235 3361 3333 μέγα
3404 3262 3514 3333 γὰρ
3544 3235 3805 3332 φρονοῦν-

2249 3372 2338 3416 τες
2357 3358 2420 3423 τῇ
2456 3354 2605 3426 νίκῃ,
2657 3355 2750 3407 καὶ
2787 3354 2878 3422 τὸν
2903 3354 3218 3410 Ξάνθιππον
3263 3357 3340 3418 ὼς
3380 3355 3612 3425 Γραικὸν
3643 3356 3806 3425 ὑπερ·

2250 3447 2484 3516 ορῶντες
2549 3445 2716 3512 (οὕτω
2766 3446 2878 3517 γὰρ
2937 3447 3170 3501 καλοῦσι
3225 3448 3353 3509 τοὺς
3386 3446 3805 3517 Ἕλληνας,κα⁴ί

2252 3541 2330 3600 είς
2376 3538 2576 3601 δνειδος
2631 3537 2947 3605 δυσγενείας
2983 3539 3062 3608 τῷ
3105 3541 3458 3609 προσρήματι
3485 3543 3606 3593 κατ’
3633 3540 3807 3593 αὐτῶν

2252 3626 2512 3696 χρῶνται)
2570 3627 2693 3688 τὰς’
2737 3629 3160 3698 στρατοπεδείας
3191 3654 3195 3659 -
3229 3629 3654 3700 ἀπερισκέπτως
3709 3648 3805 3684 πε-

2253 3719 2500 3783 ποίηντοο
2527 3718 2701 3781 οὕτως
2736 3715 2831 3772 οῦν
2871 3721 2990 3781 ’τοῖς
3051 3719 3347 3789 Ῥωμαίοις
3392 3721 3754 3790 διακειμένοις
3781 3724 3805 3771 ὁ

2252 3811 2566 3868 Ξάνθιππος
2611 3809 2880 3876 ἐπελθὼν,
2907 3811 3002 3864 καὶ
3040 3812 3100 3864 τὸ
3131 3809 3356 3865 ίππικὺν
3386 3812 3565 3866 αὐτῶν
3591 3811 3684 3866 διὰ
3702 3812 3803 3864 τῶν

2255 3895 2562 3969 ἐλεφάντων
2591 3901 2952 3971 τρεψάμενος,
2981 3902 3208 3963 πολλοὺς
3232 3902 3330 3971 μὲν
3367 3901 3660 3969 κατέκοψε,
3686 3902 3804 3954 πολτ

2253 3993 2380 4055 λοὺς
2409 3991 2467 4044 δὲ
2517 3993 2612 4045 καὶ
2661 3991 2975 4063 ἐζώγρησε,
3013 3993 3110 4044 καὶ
3162 3993 3327 4046 αὑτὸν
3369 3993 3462 4045 τὸν
3501 3990 3800 4059 Ῥηγοῦλον.

2254 4085 2363 4135 Καὶ
2397 4085 2454 4134 ὲν
2489 4083 2799 4151 φρονήματι
2825 4083 2913 4136 διὰ
2947 4083 3122 4135 ταῦτα
3156 4079 3297 4152 ἦσαν
3320 4083 3369 4135 οἱ
3420 4080 3804 4151 Καρχηδόνιοι,

2253 4173 2376 4232 τοὺς
2427 4171 2485 4224 δὲ
2517 4171 2744 4234 ἁλόντας
2777 4171 3139 4240 περιέσωσαν.
3180 4171 3269 4224 ῐνα
3320 4171 3394 4240 μὴ
3420 4158 3514 4223 καὶ
3553 4170 3604 4222 οί
3664 4166 3820 4238 παρὰ.

2253 4262 2365 4313 τῶν
2404 4263 2692 4330 Ῥωμαίων
2741 4263 3006 4332 πρότερον
3039 4262 3099 4326 ἐξ
3125 4261 3304 4314 αὐτῶν
3347 4261 3805 4332 αἰχμαλωτισθέν-

2254 4369 2343 4411 τες
2376 4349 2671 4402 κτανϐὦσι.
2705 4351 2840 4410 Τοὺς
2876 4338 2974 4418 μιν
3003 4347 3098 4403 οῦν
3136 4350 3330 4411 ἄλλους
3365 4351 3471 4402 τῶν
3496 4350 3805 4401 ἑαλωκότων

2275 4439 2563 4510 Ῥωμαίων
2589 4440 2647 4491 ὲν
2691 4439 2958 4507 θεραπείᾳ
3000 4434 3292 4510 εἴχον,.τὸν
3331 4439 3388 4492 δι
3430 4437 3728 4506 Ῥηγοῦλον
3754 4441 3807 4489 ὲν

2258 4535 2406 4605 πάσῃ
2451 4531 2720 4603 κακουχίᾳ
2767 4532 3100 4603 πεποίηντο,
3152 4532 3358 4602 τροφή-ν
3402 4548 3460 4582 τε
3493 4530 3644 4600 αὑτῷ
3693 4532 3806 4584 ὅσον

602 4634 707 4680 tem
741 4624 1060 4693 persecutis.
1099 4623 1201 4710 Alii
1247 4637 1434 4676 navem
1471 4625 1519 4677 ei
1567 4624 1747 4689 datam
1779 4637 2018 4681 veterem
2041 4669 2058 4691 ,.
2100 4641 2149 4685 et

2259 4629 2473 4696 ἁποζῇν
2504 4629 2815 4698 προσῆγον,
2854 4626 2948 4678 καὶ
2983 4626 3252 4692 ἐλέφαντα
3291 4623 3631 4694 προσέφερον
3662 4637 3804 4674 συνε-

604 4714 883 4766 ruinarum
919 4711 1152 4778 plenam,
1193 4711 1534 4766 extrinsecus
1567 4729 1757 4767 recens
1798 4714 2054 4782 pieatam,
2096 4728 2149 4772 ut

2257 4719 2390 4787 χῶς,
2435 4719 2583 4779 ὅπως
2642 4717 2730 4769 ὑπ’
2766 4715 2932 4769 αὐτοῦ
2963 4715 3407 4784 δειματούμενος,
3439 4716 3578 4783 μήτε
3607 4713 3684 4780 τῷ
3709 4711 3803 4763 σώ-

607 4804 660 4858 ἰη
685 4817 747 4856 ea
791 4818 884 4870 per
913 4816 970 4854 se
995 4802 1438 4872 submergeretur
1471 4820 1484 4856 :
1521 4820 1630 4872 quo
1659 4806 1705 4859 is
1733 4805 2114 4862 animadverso
2137 4849 2149 4868 .

2261 4823 2414 4874 ματι.
2447 4806 2587 4872 μήτε
2628 4807 2692 4873 τῇ
2742 4803 2950 4872 διανοίᾳ
2987 4803 3273 4873 ἡσυχάζοι.
3320 4803 3444 4857 Ἐπὶ
3503 4801 3696 4869 συχνὸν
3753 4797 3800 4848 δὲ

603 4895 708 4950 alia
741 4895 860 4948 n'avi
893 4909 1188 4949 conscensa
1213 4894 1466 4948 evaserit.
1502 4893 1556 4946 Id
1581 4910 1708 4948 vero
1740 4895 1962 4962 factum,
1991 4915 2058 4951 ne
2089 4898 2149 4950 ab

2257 4895 2608 4959 κακώσαντες
2669 4893 2838 4957 οὕτως
2878 4897 3040 4947 αὐτὸν
3081 4897 3163 4957 είς
3189 4894 3560 4961 δεσμωτήριον
3606 4891 3798 4944 ῐοεντο.

603 4988 699 5041 illo
720 4986 1024 5042 conservati
1052 4985 1390 5039 viderentur.
1427 4985 1695 5039 Putabant
1717 4986 1887 5049 enim,
1924 5003 1990 5041 eo
2024 4989 2149 5041 sub-

2260 4986 2398 5048 Τοὺς
2436 4985 2492 5037 δὲ
2525 4985 2824 5054 σφετέρους
2874 4984 3198 5052 συμμάχους
3225 4983 3272 5035 oi
3305 4982 3665 5052 Καρχηδόνιοι
3700 4980 3800 5031 δειο

602 5077 732 5142 lato,
754 5078 918 5133 etiam
945 5092 1126 5130 rerum
1159 5087 1434 5146 gestarum
1456 5076 1680 5144 gloriam
1702 5093 1808 5131 una
1829 5079 2149 5145 perituram.

2251 5080 2448 5132 νότατα
2507 5076 2978 5147 μετεχειρίσαντο.
3026 5075 3100 5127 Οὐ
3127 5075 3234 5144 γὰρ
3257 5072 3633 5141 ,εὐποροῦντες
3671 5070 3794 5122 ἁπο-

601 5173 785 5227 δοῦναι
821 5175 1002 5234 αὐτοῖς
1029 5173 1064 5228 ἃ.
1098 5171 1526 5241 προῦπέσχοντο,
1565 5171 1900 5241 ἀπέπεμψαν
1925 5175 2140 5239 αὐτοὺς,
2169 5175 2244 5238 ώς
2289 5176 2382 5228 καὶ
2427 5175 2518 5225 τὸν
2549 5171 2742 5241 μισθὸν
2793 5171 2976 5232 αὐτοῖς
3025 5171 3126 5222 οὐκ
3153 5171 3208 5232 ἐς
3247 5167 3464 5238 μακρὰν
3493 5166 3794 5219 ἀποδώσονο

603 5281 692 5325 τες
714 5303 727 5316 .
771 5265 1086 5317 Ἐκέλευσαν
1133 5263 1189 5316 δὲ
1233 5266 1344 5326 τοῖς
1376 5263 1660 5332 κομίζουσι
1705 5264 1848 5333 σφᾶς
1880 5265 1959 5325 είς
1982 5264 2196 5337 ἐρήμην
2227 5266 2350 5319 τινὰ
2375 5266 2536 5335 νῆσον
2579 5262 2892 5325 ἔκδιδάσαι,
2927 5261 3022 5354 καί
3075 5262 3253 5332 λάθρα
3278 5259 3645 5354 ἀποπλεῦσαι.
3691 5252 3800 5354 Fc}

606 5358 698 5419 τῂν
760 5355 1068 5409 Ξάνθιππον
1115 5357 1169 5409 δὲ
1210 5357 1260 5408 οί
1300 5356 1398 5426 μέν
1455 5374 1587 5424 φασι
1651 5355 2041 5409 καταποντίσαι
2091 5361 2286 5421 αὐτοὺς
2349 5357 2751 5410 ἀποπλῶσαντι
2794 5353 3245 5416 ἐπιπλεύσανταςο
3288 5353 3337 5403 οί
3387 5349 3444 5402 δὲ
3467 5347 3599 5401 ναῦν
3659 5347 3794 5408 αὐτφ

610 5447 790 5500 δοῦναι
841 5447 1096 5508 παλαιὰν,
1124 5449 1304 5515 μηδὲν
1351 5450 1708 5516 στέργουσαν,
1741 5447 1859 5498 νέον
1908 5448 2430 5510 καταπιττώσαντες
2471 5445 2693 5510 ἔξωθεν,
2731 5444 2798 5495 ἵν’
2833 5448 2968 5514 αὐτῇ
3007 5446 3091 5512 ἐφ’
3139 5441 3332 5496 ἑαυτοῦ
3381 5435 3793 5502 καταποντισῡηο
3825 5457 3828 5460 ’

608 5544 696 5595 τὸν
744 5542 827 5594 δὲ’
871 5540 1062 5606 γνόντα
1108 5540 1260 5592 τοῦτο
1330 5543 1409 5604 είς
1465 5541 1656 5608 ἑτέραν
1690 5539 1946 5608 ἐμϐῆναι,
1997 5542 2088 5592 καί
2142 5541 2284 5594 οὕτω
2323 5539 2676 5608 διασωθῆναι.
2718 5536 2900 5590 Ταῦτα
2951 5536 2996 5589 δ’
3057 5537 3297 5599 ἐποίουν,
3352 5533 3542 5602 ἵναμὴ
3605 5530 3792 5584 δοκοῖεν

613 5633 745 5700 πρδς
798 5632 1006 5683 ἐκείνου
1077 5629 1362 5685 σεσῶσθαι.
1434 5631 1726 5702 Ἐνόμισαν
1791 5631 1939 5698 γὰρ,
2015 5629 2354 5695 ἀπολωλότος
2401 5629 2588 5691 αὑτοῦ,
2621 5631 2712 5681 καὶ
2739 5629 2838 5695 τὴν
2901 5627 3012 5680 τῶν
3068 5625 3257 5695 ἔργων’
3302 5625 3462 5689 δόξαν
3511 5618 3789 5674 συναπολέ-

616 5724 757 5774 σθαι.

693 5810 822 5864 λιν.
869 5813 1118 5872 Romanis
1170 5832 1230 5871 ι’ῖι
1269 5817 1420 5873 clade
1460 5819 1696 5887 tnwstis,
1739 5818 1870 5875 illud
1901 5818 2142 5874 dolorem

2336 5816 2434 5868 ω’.
2463 5813 2526 5866 Ui.
2550 5811 2594 5864 δ’
2628 5814 2682 5864 ὲν
2709 5815 2775 5884 τῇ
2811 5808 2993 5882 Ῥώμῃ
3022 5811 3220 5880 ἤλγουν
3250 5805 3346 5878 μὲν
3370 5805 3456 5862 διὰ
3486 5805 3543 5861 τὸ
3573 5801 3784 5874 συμϐὰν,
