3986 6338
611 413 721 473 675
1903 404 2224 465 JOANNIS
2265 402 2582 463 ZONAR/E
3732 400 3844 461 ("~76

612 519 1156 592 Carthaginiensibus
1183 522 1363 572 autem
1391 516 1453 570 ad
1490 530 1724 586 pugnam
1753 530 1810 570 se
1828 517 2168 584 parantibus,

2277 513 2533 567 ναυτικοῦ
2594 513 2877 582 μαθόντες,
2917 511 3168 582 ἔπεμψαν
3218 514 3296 575 είς
3353 511 3618 578 Σικελίαν,
3654 514 3844 566 πᾶσαν

615 629 711 683 per
753 612 869 666 dies
895 611 1201 679 complures
1228 626 1298 661 ιιι(
1319 620 1369 648 *ιι
1407 608 1688 665 simulato.
1719 606 1920 669 elTecit,
1954 618 2012 661 ut
2038 607 2165 660 elati

2273 603 2530 669 ὑποτάξαι
2563 606 2681 658 τότε
2716 603 3048 668 ἐλπίζοντες.
3083 605 3190 658 Καὶ
3216 604 3322 665 ἕως
3381 604 3480 674 μὲν
3521 604 3687 673 ἄμφω
3735 622 3846 656 παι

616 704 811 756 animis
869 702 1131 755 audacius
1186 699 1385 754 mcenia
1433 707 1828 768 oppugnarent.
1893 698 2169 766 Signoque

2275 700 2441 767 ρῆσαν
2472 701 2520 750 οἱ
2553 698 2746 752 ὕπατοι
2776 698 3053 759 Καικίλιος
3085 697 3357 759 Μέτελλος
3386 697 3481 750 καλ⁷
3513 697 3674 756 Γαῖος
3705 697 3847 750 Φού-

615 795 761 855 dato,
811 793 1070 847 Romanis
1121 793 1304 845 subito
1352 793 1522 859 portis
1577 792 1832 845 omnibus
1883 806 2168 859 erumpere

611 885 794 956 jussis,
825 885 981 937 facile
1005 884 1136 936 vicit
1159 885 1210 957 in
1239 884 1522 952 angustias
1544 883 1796 936 redactos
1831 901 1843 936 :
1875 883 2016 936 unde
2046 900 2168 937 cum

613 977 844 1029 evadere
896 991 1003 1028 non
1051 982 1289 1042 possent,
1339 975 1390 1027 in
1424 983 1570 1027 tanta
1605 985 1661 1028 et
1699 976 1940 1029 virorum
1974 987 2028 1030 et
2059 977 2170 1032 ele-

623 1067 950 1134 pliantorum
979 1066 1362 1126 multitudine,
1398 1066 1778 1121 turbabantur.
1824 1067 1929 1122 Sed
1962 1070 2169 1122 interea

613 1158 802 1211 classis
841 1157 1040 1211 Punica
1070 1159 1381 1226 appellens,
1411 1159 1561 1211 exitii
1594 1174 1756 1212 causa
1789 1160 1840 1212 in
1871 1161 2058 1229 primis
2091 1162 2170 1216 eis

614 1255 876 1308 luit.Nam
893 1255 1018 1307 dum
1040 1271 1206 1309 naves
1225 1257 1589 1309 conscendere
1605 1259 1959 1322 conti-mlunt,
1975 1258 2169 1326 partim

613 1346 666 1398 iu
699 1346 829 1399 mari
867 1346 1174 1414 perierunt,
1207 1345 1403 1413 partim
1441 1345 1508 1398 ab
1543 1347 1849 1415 elephantis
1872 1357 1926 1402 et
1958 1364 2078 1402 sese
2113 1358 2170 1402 et

611 1437 864 1491 homines
892 1437 1214 1506 urgentibus
1253 1437 1589 1500 conculcati,
1625 1440 1816 1506 partim
1853 1457 1880 1491 a
1913 1440 2170 1496 Romanis

611 1529 775 1581 occisi
823 1538 969 1581 sunt.
1021 1527 1174 1597 Capti
1209 1529 1372 1582 etiam
1420 1529 1572 1582 multi
1603 1539 1656 1582 et
1690 1530 1789 1582 viri
1827 1540 1881 1584 et
1912 1531 2172 1600 elephan-

612 1628 694 1672 tes
727 1636 741 1673 :
786 1621 876 1688 qui
906 1635 1028 1673 cum
1072 1621 1360 1687 magistros
1403 1635 1532 1674 suos
1571 1638 1676 1674 non
1710 1622 1873 1694 395
1905 1623 2172 1678 habentes

2273 809 2406 861 ριος,
2445 791 2702 860 ἠρέμουν.
2744 792 2834 853 Ὠς
2876 790 2932 842 δὲ
2977 791 3108 861 πρὸς
3157 789 3256 856 τὴν
3295 786 3510 858 Ῥώμην
3547 788 3767 857 ἀπῆρεν
3797 790 3844 839 ’ό

2269 884 2511 952 Φούριος,
2555 885 2968 954 κατεφρόνησαν
3011 882 3103 935 τοῦ
3148 883 3441 942 Μετέλλου.
3476 885 3570 935 καὶ
3613 884 3755 952 πρὸς
3787 883 3847 933 τὸ

2273 977 2553 1045 Πάνορμον
2579 971 2763 1046 ἦλθον.
2807 977 2862 1027 Ὀ
2888 976 2940 1027 δὲ
2963 974 3230 1037 Μέτελλος
3257 976 3636 1036 κατασκόπους
3666 974 3846 1026 ἐλθεῖν

2274 1067 2457 1137 μαθὼν
2504 1071 2566 1120 ἐκ
2599 1068 2702 1119 τῶν
2748 1067 3043 1136 πολεμίων,
3077 1067 3295 1136 ἤθροισε
3327 1066 3451 1127 τοὺς
3486 1069 3542 1118 ἐν
3571 1068 3635 1136 τῇ
3685 1064 3845 1116 πόλει

2272 1163 2503 1226 πάντας,
2533 1162 2627 1214 καὶ
2681 1161 2981 1230 διαλεχθεὶς
3026 1160 3231 1222 αὐτοῖς,
3272 1159 3520 1229 ἀλλήλων
3575 1157 3846 1210 λαϐέσθαι

2273 1254 2454 1321 σφίσιν
2509 1252 2782 1306 ἐκέλευσε.
2848 1253 2952 1303 Καὶ
3017 1248 3188 1312 οὕτως
3237 1249 3468 1302 ἕκαστον
3527 1246 3848 1317 ἀνακρίνων

2269 1345 2414 1406 ὅστις
2441 1361 2497 1398 τε
2523 1346 2605 1416 εἴη
2635 1345 2728 1396 καὶ
2748 1343 2774 1395 ὃ
2800 1355 2852 1396 τι
2883 1342 3129 1414 πράττοι,
3153 1339 3507 1410 κατεφώρασε
3531 1341 3657 1400 τοὺς
3687 1337 3846 1391 πολε-

2275 1436 2446 1505 μίους.
2478 1435 2836 1505 Καρχηδόνιοι
2870 1435 2925 1488 δὲ
2952 1431 3444 1505 παρετάξαντο,ὼς,
3476 1430 3838 1500 μαχούμενοι,

2273 1529 2365 1579 καὶ
2409 1528 2677 1589 Μέτελλος
2715 1526 2940 1579 δεδιέναι
2985 1527 3381 1596 προσεποιεῖτο.
3414 1521 3620 1574 Τούτου
3674 1521 3723 1574 δ’
3753 1521 3842 1572 ἐπὶ

2272 1620 2491 1682 πλείους
2520 1621 2731 1689 ἡμέρας
2763 1617 3072 1686 γινομένου,
3120 1618 3169 1669 οί
3205 1612 3564 1685 Καρχηδόνιοι
3609 1613 3842 1682 ὲςερονη-

610 1721 1090 1780 exasperarentur,
1138 1710 1384 1766 Metellus
1416 1713 1677 1782 captivis,
1731 1714 1825 1783 qui
1865 1729 1960 1769 eos
1987 1717 2165 1786 cepis-

2275 1712 2637 1782 ματίσθησαν,
2665 1711 2760 1762 καὶ
2791 1708 3153 1780 προσέϐαλλον
3187 1707 3537 1779 θρασύτερον.
3567 1705 3680 1756 Καὶ
3722 1703 3840 1756 τότε

611 1812 754 1866 sent,
780 1805 1006 1857 salutem
1025 1813 1080 1857 et
1100 1803 1477 1872 impunitatem
1499 1806 1769 1874 praeconio
1788 1809 2027 1882 promitti
2048 1809 2166 1878 jus-

2273 1807 2299 1857 ὁ
2326 1805 2590 1866 Μέτελλος
2619 1805 2843 1874 σημεῖον
2871 1805 2982 1864 τοῖς
3022 1801 3309 1868 Ῥωμαίοις
3335 1794 3437 1870 ἦρε
3457 1814 3472 1829 ο
3505 1798 3614 1850 κὰκ
3645 1794 3839 1846 τούτου

613 1895 703 1948 sit.
729 1894 820 1949 Sic
839 1895 912 1948 illi
941 1895 1394 1949 nansuetissimis
1420 1905 1476 1949 et
1502 1899 1647 1951 notis
1672 1901 1866 1967 captis,
1887 1879 2049 1954 etiam
2068 1915 2169 1953 (ιω-

2273 1896 2618 1960 ἐξαπιναίως,
2637 1896 2831 1946 ἐκεῖνοι
2862 1894 3001 1945 κατὰ
3027 1892 3205 1952 πάσας
3246 1889 3341 1950 τὰς
3367 1887 3541 1948 πύλας
3574 1883 3842 1953 ἐπεκδραο

613 1997 758 2038 teros
787 1996 1160 2042 attraxerunt:
1200 1985 1291 2055 qui
1324 2001 1448 2050 cxx,
1483 2004 1712 2042 numero
1740 1989 1817 2044 sic
1845 2006 1941 2059 per
1975 1990 2169 2045 fretum

2275 1989 2486 2056 μόντες,
2550 1985 2745 2056 ῥαδίως
2788 1983 3122 2053 ἐκράτησαν,
3158 1979 3256 2034 καὶ
3303 1981 3361 2042 ἐς
3414 1976 3597 2030 στενὸν
3646 1977 3839 2035 αὐτοὺς

611 2077 836 2130 Romam
868 2087 995 2131 sunt
1022 2078 1277 2133 traducﬁ.
1305 2079 1454 2132 Dolia
1479 2081 1644 2134 multa
1668 2082 1808 2134 inter
1840 2097 1958 2136 sese
1983 2082 2169 2137 devin-

2273 2081 2652 2142 κατέκλεισαν,
2709 2076 2849 2129 ὥστε
2911 2074 3101 2145 μηκέτ’
3141 2073 3492 2142 ἀναχωρῆσαι
3544 2068 3614 2122 δι’
3677 2066 3838 2120 αὐτοῦ

613 2179 825 2229 xerunt.
855 2178 910 2222 et
946 2169 1104 2237 lignis
1126 2170 1345 2222 insertis
1382 2171 1452 2222 ita
1484 2171 1874 2230 distinxerunt.
1908 2183 1968 2226 ut
1998 2187 2169 2242 neque

2273 2172 2586 2243 δυνηθῆναι.
2629 2169 3126 2238 Στενοχωρούμενοι
3158 2167 3265 2235 γὰρ
3287 2164 3386 2218 an
3409 2165 3503 2217 καὶ
3531 2161 3688 2215 αὐτοὶ
3719 2158 3841 2212 πολ-

611 2267 1021 2328 separarentur,
1057 2275 1237 2327 neque
1262 2258 1474 2312 coirent
1501 2276 1514 2311 :
1544 2274 1718 2326 eaque
1769 2263 2018 2318 trabibus
2047 2278 2169 2317 eon-

2273 2265 2352 2317 ).o\
2389 2265 2558 2325 δντες,
2613 2262 2704 2316 καὶ
2753 2259 2978 2320 πολλοὺς
3025 2256 3322 2325 ἐλέφαντας
3353 2254 3564 2324 ἔχοντες
3617 2253 3841 2319 ἐταράτ-

607 2356 799 2412 strata,
853 2348 1145 2401 sarmentis
1198 2356 1254 2401 et
1305 2357 1452 2401 terra
1505 2347 1736 2417 ingesta,
1779 2351 2169 2421 circumsepse-

2273 2371 2444 2406 τοντο.
2473 2355 2590 2405 Κάν
2612 2352 2787 2420 mus-qi
2813 2349 2873 2400 τὸ
2901 2349 3153 2401 ναυτικὸν
3179 2346 3240 2399 τὸ
3269 2344 3506 2398 Λιϐυκὸν
3527 2339 3841 2412 προσπελά-

608 2448 758 2500 runt,
797 2431 868 2491 'ut
918 2447 1195 2491 structura
1251 2438 1339 2492 illa
1389 2438 1587 2492 stabuli
1646 2441 1818 2493 instar
1876 2452 2067 2496 esset:
2113 2443 2169 2498 in

2276 2463 2374 2499 σαν
2409 2446 2586 2506 αὐτοῖς
2619 2431 2838 2510 ἕγένετο
2869 2441 3072 2511 φθορᾶς
3113 2438 3448 2493 αἰτιώτατον.
3489 2427 3715 2497 ’ἰδόντες
3739 2437 3841 2504 γὰρ

607 2543 838 2596 eamque
886 2528 1250 2592 introductos,
1295 2532 1412 2582 sine
1447 2543 1610 2582 sensu
1659 2531 2018 2599 navigationis
2063 2543 2169 2588 tra-

2275 2539 2370 2600 τὰς
2403 2538 2555 2603 ναῦς,
2588 2536 2854 2605 ὥρμησαν
2883 2536 2960 2596 είς
2994 2533 3184 2597 αὐτὰς,
3211 2534 3302 2585 καὶ
3324 2529 3603 2599 ἐμϐαίνειν
3625 2526 3841 2592 ἐξεϐιαο

602 2620 874 2690 jecerunt.
921 2620 1030 2672 Hac
1087 2618 1314 2672 victoria
1361 2620 1534 2688 potito
1588 2619 1835 2683 Metello,
1899 2623 2169 2678 Asdrubal

2278 2628 2450 2691 ζοντο,
2495 2629 2587 2680 καὶ
2618 2629 2664 2678 οἱ
2703 2627 2801 2695 μὲν
2846 2629 2924 2686 εἰς
2956 2626 3054 2692 τὴν
3083 2622 3358 2676 θάλασσαν
3407 2620 3721 2681 ἐνέπιπτον,
3752 2618 3840 2670 καὶ

609 2708 720 2762 dux
744 2718 855 2761 tum
884 2708 1104 2777 quidem
1136 2712 1344 2763 evasit:
1381 2710 1476 2762 sed
1511 2721 1632 2777 post
1659 2726 1686 2763 a
1719 2702 2169 2789 Carthaginensi-

2279 2721 2610 2787 ἐφθείροντο.
2656 2721 2705 2770 οἱ
2747 2718 2802 2770 δὲ
2855 2717 2955 2768 ὑπὸ
2993 2715 3099 2767 τῶν
3127 2706 3434 2780 ἐλεφάντων
3460 2709 3838 2779 ἐμπελαζομέ-

595 2801 711 2856 ,bus
746 2809 1054 2864 revocatus,
1081 2810 1242 2870 atque
1271 2801 1325 2854 in
1357 2817 1577 2856 crucem
1603 2813 1758 2859 actus
1785 2816 1888 2860 est.

2280 2829 2383 2864 νων
2431 2809 2681 2878 αλλήλοις
2722 2823 2782 2860 τε
2818 2807 2909 2859 καὶ
2939 2806 3048 2867 τοῖς
3080 2802 3386 2873 ἀνθρώποις
3417 2799 3735 2853 ὰπιὶιλλυντο
3756 2813 3768 2826 ·
3794 2797 3836 2848 οί

604 2896 663 2950 δὲ
701 2898 806 2950 ὑπὸ
845 2896 950 2948 τῶν
1014 2897 1300 2964 Ῥωμαίων
1351 2897 1673 2962 ἐκτείνοντο,
1737 2901 1923 2956 πολλοὶ
1973 2904 2030 2956 δὲ
2077 2907 2171 2959 καὶ
2220 2907 2420 2972 ζῶντες
2473 2904 2737 2967 ἑάλωσαν,
2799 2901 2989 2971 ἄνδρες
3034 2915 3094 2952 τε
3132 2897 3227 2952 καὶ
3257 2895 3565 2964 δλέφαντες.
3624 2890 3834 2958 Ἐπειδὴ

609 2990 716 3057 γὰρ
774 2989 902 3042 ἄνευ
969 2988 1079 3041 τᾶν
1111 2987 1354 3056 συνήθων
1383 2988 1564 3055 σφίσιν
1607 2989 1813 3060 ἀνδρῶν
1847 2993 1996 3053 ὄντες
2033 2996 2395 3068 ἠγριαίνοντο,
2443 2997 2706 3067 κήρυγμα
2758 2997 2869 3056 τοῖς
2905 2990 3272 3063 αἰχμαλώτοις
3302 2986 3624 3050 όΜέτελλος
3659 2985 3835 3054 ἐποιή-

611 3101 765 3148 σατο,
828 3085 1099 3154 σωτηρίαν
1130 3083 1220 3136 καὶ
1243 3081 1428 3135 ἄδειαν
1461 3086 1571 3146 τοῖς
1607 3085 1962 3141 συλλαϐοὖσιν
1985 3090 2180 3155 αὐτοὺς
2225 3093 2398 3146 διδοῦν
2419 3109 2433 3124 ⁸
2477 3095 2571 3146 καὶ
2595 3091 2768 3154 οὕτως
2793 3086 3185 3160 προσελθόντες
3249 3086 3364 3147 τοῖς
3403 3081 3553 3152 σφῶν
3602 3079 3835 3154 πραοτά-

607 3192 744 3240 τοις,
798 3174 1038 3236 ἐκείνους
1095 3189 1154 3224 τε
1214 3170 1300 3223 διὰ
1338 3173 1437 3244 τὴν
1486 3175 1772 3245 συνήθειαν
1837 3179 2200 3249 ἐχειρώσαντο
2230 3184 2472 3246 καὶτοὺς
2500 3180 2689 3242 ἄλλους
2721 3176 3266 3249 πῳσεπεσπὰσαντο.
3301 3173 3395 3236 οὓς
3442 3171 3539 3225 καὶ
3617 3171 3700 3232 είς
3741 3167 3833 3236 τὴν

619 3265 838 3335 Ῥώμην
883 3265 1165 3334 ἐκόμισαν,
1198 3265 1388 3318 ἑκατὸν
1452 3264 1607 3327 ὄντας
1658 3262 1749 3318 icui
1779 3269 2000 3335 εῐκοσιν,
2026 3271 2197 3335 οὕτως
2236 3275 2430 3338 αὐτοὺς
2463 3273 2554 3326 τὸν
2605 3270 2847 3342 πορθμὸν
2881 3268 3308 3339 περαιῶσαντες.
3375 3264 3575 3333 Πίθους
3611 3259 3830 3315 πολλοὺς

611 3358 970 3427 συνδήσαντες
1001 3355 1272 3424 ἀλλήλοις,
1309 3357 1400 3407 καὶ
1432 3355 1608 3422 ξύλοις
1632 3357 1971 3425 διαλαϐόντες
1997 3365 2157 3431 sedc,
2196 3367 2332 3420 ὥστε
2377 3367 2505 3437 μήτ’
2528 3362 2876 3434 ἀπαρτᾶσθαι
2907 3363 3067 3430 σφᾶς,
3101 3361 3239 3431 μήτε
3267 3356 3625 3426 συμπίπτεινο
3653 3355 3830 3414 δοκοὺς

610 3447 696 3499 ἐπ’
754 3447 931 3502 αὐτῶν
968 3447 1269 3506 ὲπέτειναν,
1313 3443 1407 3497 καὶ
1443 3444 1574 3515 ὕλην
1602 3446 1693 3498 καὶ
1721 3449 1824 3515 γῆν
1848 3451 2214 3522 ἐπεφόρησαν,
2248 3453 2554 3523 φράξαντές
2580 3469 2640 3505 τε
2672 3451 2830 3522 πέριξ
2855 3451 2913 3504 τὸ
2931 3451 3150 3522 χωρίον,
3181 3447 3256 3512 ὡς
3284 3447 3420 3517 αὐλῇ
3446 3463 3553 3498 τινι
3576 3445 3829 3498 ἐοικέναιν

610 3540 692 3602 εἰς
717 3537 872 3590 τοῦτο
903 3538 1097 3597 αὐτοὺς
1137 3536 1486 3602 ἐπεϐίϐασαν,
1535 3539 1628 3590 καὶ
1695 3538 1883 3608 διεπόρ
1918 3541 2180 3611 θμευσαν,
2235 3547 2342 3598 οὐδ’
2399 3546 2819 3616 αἰσθανομένους
2871 3546 2952 3598 ὃτι
3001 3543 3257 3605 πλέοιεν.
3297 3539 3356 3592 '0
3415 3537 3514 3610 μὲν
3551 3531 3646 3590 οὖν
3718 3533 3828 3588 Μέ-

607 3631 790 3694 τελλος
857 3631 1028 3694 οὕτως
1079 3633 1365 3702 ἐνίκησεν·
1409 3641 1438 3686 ο
1488 3634 1532 3688 δ’
1576 3632 1904 3703 Ἀσδρούϐας
1959 3635 1986 3686 ό
2024 3635 2131 3689 τῶν
2195 3637 2578 3708 Καρχηδονίων
2643 3637 2944 3706 στρατηγὸς
3009 3635 3200 3696 σωθεὶς
3247 3631 3392 3694 τότε,
3463 3629 3695 3696 ὕστερον
3735 3626 3828 3680 ὑπὸ

607 3726 717 3778 τῶν
785 3723 1168 3793 Καρχηδονίων
1231 3725 1436 3795 ὲκλῂθη
1473 3766 1490 3792 ,
1552 3726 1645 3778 καὶ
1708 3727 2164 3798 ἀνεσκολοπίσθη.

677 3815 794 3871 XV.
820 3813 1295 3883 Carthaginienses
1321 3832 1443 3869 cum
1474 3815 1597 3869 aliis
1628 3814 1695 3869 de
1717 3815 1918 3877 causis,
1939 3823 2053 3868 tum
2092 3813 2161 3867 ob

2336 3813 2434 3869 IE'.
2467 3816 2529 3866 Ol
2560 3813 2919 3884 Καρχηδόνιοι
2944 3813 2998 3871 δὲ
3028 3811 3521 3884 διεκηρυκεύσαντο
3546 3815 3661 3874 τοῖς
3699 3812 3825 3864 Ῥω-

611 3909 945 3978 captivorum
988 3905 1394 3959 multitudinem
1425 3943 1438 3966 ,
1475 3905 1702 3958 Romam
1749 3904 1955 3975 legatos
2001 3905 2168 3959 mise-

2274 3907 2452 3976 μαίοις
2485 3907 2572 3961 διά
2594 3924 2651 3958 τε
2674 3907 2860 3972 τᾶλλα,
2889 3908 2980 3960 καὶ
3006 3905 3064 3959 τὸ
3087 3904 3288 3977 πλῆθος
3313 3903 3426 3957 τῶν
3448 3901 3824 3972 αίχμαλὼτωνο

611 4001 763 4055 runt,
797 3996 1051 4065 adjuncto
1091 3996 1321 4065 Regulo,
1375 4011 1535 4064 quem
1572 4003 1796 4065 propter
1827 3995 2082 4049 virtutem
2114 4003 2169 4049 et

613 4089 997 4144 auctoritatem
1018 4087 1153 4139 nihil
1177 4103 1284 4141 non
1305 4088 1718 4156 impetraturum
1739 4086 2165 4152 arbitrabantur,

611 4178 965 4252 jurejurando
1016 4179 1364 4242 obstrictum,
1420 4175 1481 4230 u’t
1525 4178 1752 4232 rediret.
1798 4175 1848 4231 ιε
1877 4187 1933 4232 et
1959 4178 2081 4233 aliis
2113 4179 2167 4234 in

613 4271 778 4324 rebus
820 4287 877 4323 se
903 4285 1000 4339 pro
1031 4268 1484 4336 Carthaginiense
1508 4269 1696 4336 gessit.
1736 4282 1914 4335 neque
1949 4282 2170 4321 uxorein

611 4361 678 4414 ad
705 4362 1033 4429 colloquium
1061 4361 1281 4414 admisit
1309 4376 1321 4412 :
1347 4374 1522 4427 neque
1559 4368 1772 4422 urbem,
1799 4358 2050 4428 quamvis
2076 4372 2172 4411 vo-

611 4468 852 4517 caretur,
909 4454 1188 4521 ingressus
1241 4459 1346 4505 est.
1396 4450 1502 4504 Sed
1544 4459 1734 4504 senatu
1781 4460 1932 4503 extra
1978 4450 2168 4503 urbem

611 4553 804 4599 coacto
842 4543 937 4605 (ita
973 4543 1118 4596 enim
1153 4541 1483 4609 respondere
1515 4541 1705 4610 legatis
1734 4541 1971 4595 hostium
2001 4541 2170 4596 moris

2271 3997 2511 4060 καὶτοῖς
2546 3997 2809 4067 πρέσϐεσι
2860 3995 2954 4049 καὶ
3000 3995 3162 4049 αὐτὸν
3206 3995 3296 4049 τὸν
3351 3994 3644 4064 Ῥηγοῦλον
3704 4009 3821 4044 aov-

2271 4089 2540 4157 έπεμψαν,
2568 4089 2674 4140 πᾶν
2709 4086 2775 4139 δι’
2799 4087 2965 4140 αὑτοῦ
2990 4086 3266 4157 οἰηθέντες
3291 4078 3715 4155 κατωρθωκέναι
3743 4083 3821 4135 διὰ

2269 4176 2367 4247 τὴν
2394 4176 2593 4246 ἀρετὴν
2616 4177 2709 4231 καὶ
2735 4177 2795 4230 τὸ
2827 4176 3041 4241 ἀξίωμα
3070 4174 3164 4229 τοῦ
3201 4176 3414 4247 ἀνδρός.
3446 4175 3738 4245 ὀρκωσάν
3767 4191 3820 4225 τε

2270 4268 2452 4332 αὐτὸν,
2496 4265 2530 4339 ἦ
2579 4271 2685 4340 μὴν
2738 4269 3043 4340 ἐπανήξειν.
3088 4270 3195 4324 Καὶ
3215 4268 3286 4332 -δς
3310 4269 3380 4322 τά
3406 4285 3464 4323 τε
3486 4268 3620 4322 ἄλλα
3644 4269 3716 4330 ὡς
3748 4261 3819 4326 εἷς

2271 4358 2379 4410 τῶν
2420 4360 2800 4430 Καρχηδονίων
2850 4361 3232 4430 ἐπραττεικαὶ
3280 4359 3402 4420 οὔτε
3447 4361 3548 4429 τὴν
3596 4361 3819 4428 γυναῖκα

2272 4451 2351 4514 είς
2405 4450 2592 4519 λόγους
2624 4451 2860 4518 ἐδέξατο,
2911 4453 3034 4504 οὗτε
3081 4451 3179 4522 τὴν
3234 4452 3388 4504 πόλιν
3449 4451 3688 4520 είσῆλθε,
3736 4452 3818 4502 καὶ

2270 4545 2442 4598 ταῦτα
2473 4543 2824 4615 καλούμενος,
2856 4544 2969 4598 ἀλλ’
3002 4543 3104 4610 ἐξω
3131 4544 3224 4598 τοῦ
3258 4545 3469 4615 τείχους
3499 4545 3600 4614 τῆς
3633 4543 3816 4614 βουλῆς

612 4639 751 4703 erat)
787 4636 840 4689 in
887 4635 1179 4688 concilium
1208 4632 1584 4695 introductus,
1613 4633 1745 4686 dixit
1775 4647 1788 4684 :
1830 4630 1964 4696 Nos,
1996 4632 2061 4687 P.
2095 4632 2158 4686 ϐ.

615 4728 1068 4796 Carthaginienses
1086 4727 1154 4779 ad
1175 4743 1259 4779 vos
1291 4727 1541 4778 miserunt
1572 4730 1718 4790 (nam
1745 4739 1835 4793 ego
1861 4734 2058 4794 quoque
2079 4725 2172 4793 ju-

617 4836 671 4871 re
692 4819 815 4871 belli
835 4835 1008 4872 servus
1038 4835 1215 4871 eorum
1248 4818 1416 4885 factus
1444 4821 1582 4883 sum)
1621 4826 1852 4887 petentes
1874 4817 1926 4868 in
1960 4817 2166 4884 primis,

617 4919 673 4962 ut
712 4926 816 4979 pax
845 4912 905 4963 iis
928 4909 1326 4973 conditionibus,
1360 4925 1488 4977 quas
1521 4911 1770 4978 utrinque
1815 4908 2167 4975 probaueritis,

614 5003 753 5069 ﬁat:
783 5003 863 5054 sin
893 5002 943 5052 id
990 5001 1185 5062 nolitis,
1237 5011 1292 5050 ut
1326 4998 1511 5052 saltem
1555 4999 1746 5066 captivi
1789 5007 2168 5068 permutentur.

617 5094 743 5148 Haec
783 5093 1020 5157 locutus,
1060 5107 1181 5144 cum
1211 5090 1400 5160 legatis
1430 5091 1678 5154 secessit,
1715 5098 1776 5142 ut
1804 5090 2033 5144 Romani
2067 5091 2168 5145 soli

2273 4637 2651 4707 ἀθροισθείσης
2679 4636 2772 4707 (ὡς
2796 4637 2914 4700 ἔθος
2931 4632 3009 4710 ’ἦν
3030 4637 3389 4708 χρηματίζειν
3416 4637 3523 4689 τῶν
3551 4636 3815 4706 πολεμίων

2271 4731 2381 4792 τοῖς
2415 4729 2727 4799 πρέσϐεσιν)
2755 4729 3033 4798 εἰσαχθεὶς
3081 4732 3159 4790 εἰς
3189 4729 3248 4782 τὸ
3302 4728 3600 4799 συνέδριον,
3637 4726 3813 4781 εἶπεν·

2283 4819 2486 4889 Ἦμᾶς,
2509 4816 2555 4874 ὦ
2587 4820 2853 4887 πατέρες,
2880 4821 3026 4887 πρὸς
3056 4820 3210 4890 ὑμᾶς
3233 4820 3624 4890 Καρχηδόνιοι
3654 4820 3816 4886 £3514-

2273 4915 2401 4979 ψαν
2451 4909 2683 4977 (ἐκεῖνοι
2737 4909 2847 4978 γάρ
2893 4926 2970 4979 με
3022 4911 3374 4974 seruatam,
3423 4909 3552 4963 ἐπεὶ
3611 4909 3814 4970 δοῦλος

2275 5001 2472 5054 αὐτῶν
2516 5002 2675 5071 νόμῳ
2717 5003 2982 5070 πολέμου
3033 5003 3366 5072 γεγένημαι)
3429 5002 3523 5054 καί
3587 5001 3810 5065 ἀξιοῦσι

2270 5093 2533 5161 μάλιστα
2557 5094 2673 5163 μὲν
2697 5094 2792 5147 καί
2819 5095 2921 5147 τὸν
2947 5097 3219 5161 πόλεμον
3240 5094 3541 5147 λύσασθαι
3562 5096 3657 5146 ἐπὶ
3681 5109 3813 5146 συν-

618 5187 1002 5241 deliberarent.
1029 5183 1164 5238 Cum
1196 5193 1379 5238 autem
1422 5199 1449 5236 a
1491 5200 1631 5239 coss.
1669 5185 1932 5238 interesse
1963 5183 2169 5242 delibe-

2275 5186 2486 5254 θήκαις
2538 5187 2667 5252 ταῖς
2718 5187 3039 5250 δοκούσαις
3090 5184 3329 5253 ἀμφοῖν,
3377 5188 3430 5239 ει
3479 5184 3547 5238 δὲ
3597 5183 3680 5254 μὴ
3709 5180 3811 5234 τῶν

620 5281 814 5332 rationi
857 5280 1162 5348 juberetur,
1210 5293 1319 5331 non
1350 5277 1547 5345 paruit.
1585 5277 1900 5346 priusquam
1951 5275 2004 5328 id
2047 5273 2178 5328 Car-

623 5370 996 5438 thaginienses
1021 5369 1510 5440 perinisissent.fAc
1539 5369 1735 5422 tacitus
1757 5368 2020 5428 assidens,
2051 5382 2171 5421 cum

619 5465 941 5516 sententiam
967 5472 1265 5534 rogaretur,
1291 5465 1364 5517 ait
1392 5481 1404 5516 :
1434 5462 1576 5531 Ego,
1603 5459 1663 5513 P.
1696 5459 1754 5514 C.
1783 5462 1827 5513 si
1877 5458 1958 5512 vel
1986 5459 2172 5514 millies

619 5565 800 5623 raptus
829 5554 995 5623 fuero,
1016 5565 1238 5625 vestrum
1268 5571 1401 5606 unus
1432 5568 1566 5607 sum.
1607 5550 1748 5603 Nam
1783 5568 1952 5604 meum
1988 5568 2174 5621 corpus

618 5663 770 5716 penes
794 5646 1245 5716 Carthaginienses
1264 5657 1357 5708 est,
1379 5646 1580 5697 animus
1604 5660 1721 5696 vero
1741 5660 1880 5696 meus
1897 5644 2172 5698 vobiscum.

619 5736 690 5788 Ac
707 5734 838 5787 illud
867 5735 1069 5804 quidem
1095 5733 1380 5787 alienatum
1400 5748 1429 5782 a
1453 5731 1618 5784 vobis:
1637 5732 1739 5793 hic,
1765 5746 1862 5797 quo
1889 5732 2058 5783 minus
2073 5731 2174 5783 Ro-

623 5841 894 5878 manorum
915 5827 1017 5890 .sit,
1040 5824 1232 5893 efﬁcere
1263 5838 1411 5876 nemo
1433 5829 1598 5893 potest
1621 5832 1642 5874 ':
1664 5834 1726 5874 ac
1750 5829 1800 5871 ut
1824 5820 2079 5888 captivus,
2104 5823 2172 5874 ad

2274 5277 2660 5345 αἰχμαλώτων
2696 5275 3065 5341 ποιήσασθαι
3101 5277 3396 5344 ἄλλαγμα.
3422 5273 3606 5326 Ταῦτα
3637 5271 3810 5332 είπὼν,

2277 5368 2508 5436 μετέστη
2559 5369 2696 5437 μετὰ
2748 5367 2858 5419 τῶν
2909 5365 3211 5436 πρέσϐεων,
3243 5367 3315 5429 ὡς
3343 5368 3408 5435 ᾷν
3443 5363 3566 5419 καθ’
3604 5363 3811 5422 ἑαυτοὺς

2272 5463 2320 5514 οἱ
2383 5461 2640 5522 Ῥωμαῖοι
2701 5459 3112 5528 βουλεύσωνται.
3175 5459 3514 5513 Κελευόντων
3562 5458 3618 5509 δὲ
3666 5456 3812 5510 αὑτὸν

2272 5555 2380 5606 τῶν
2413 5553 2632 5606 ὑπάτων
2660 5554 3065 5622 συμμετασχεῖν
3096 5550 3244 5618 σφίσι
3273 5549 3372 5618 τῆς
3399 5547 3729 5618 διαγνώμης,
3758 5543 3807 5594 ού

2279 5641 2408 5709 πρὶν
2433 5640 2680 5709 ἐπείσθη,
2710 5641 2814 5706 πρὸ
2847 5639 2938 5692 τοῦ
2974 5639 3340 5706 ἐπιτραπῆναι
3373 5638 3523 5707 παρὰ
3545 5636 3656 5688 τῶν
3683 5637 3812 5698 Καρ-

2279 5733 2556 5801 χηδονίων.
2599 5733 2655 5786 '0
2687 5733 2742 5785 δὲ
2775 5732 2910 5790 τέως
2948 5732 3045 5800 μὲν
3082 5729 3308 5809 ἐσιώπα.
3348 5729 3497 5782 Ἐπεὶ
3529 5727 3572 5779 δ’
3606 5729 3655 5778 οι
3705 5724 3813 5798 βου·

2278 5823 2465 5877 λευταὶ
2496 5826 2668 5878 εἰπεῖν
2695 5824 2857 5878 αὑτὸν
2887 5823 3112 5896 γνώμην
3143 5821 3419 5896 ἐκέλευον,
3468 5815 3615 5872 εἶπεν
3642 5834 3654 5849 ·
3698 5811 3816 5876 Eli“
