4002 6332
621 409 766 472 me
829 400 832 405 ’

1949 413 2270 474 JOANNIS
2307 413 2623 473 ΖΟΝΑιῖιΕ

3741 410 3841 473 680

649 522 875 588 plurimi
919 521 1136 594 ἰωίιοτίί
1161 521 1300 588 ausi,
1378 523 1576 592 partim
1632 539 1944 580 successum
2003 524 2205 578 habue-

2309 524 2592 594 ὀρύγματα
2623 523 2944 592 ἐμϐαλόντες
2973 523 3243 593 ἔφθειρον.
3283 491 3518 575 dinei-6i
3568 539 3711 586 τινες
3748 523 3851 578 τῶν

650 621 798 673 runt,
848 613 1040 681 partim
1089 614 1388 683 perierunt.
1417 605 1555 668 Doni
1585 605 1746 668 ambo
1786 616 2040 669 consules
2077 616 2204 668 ade-

653 711 792 762 rant,
818 718 975 770 aequo
1005 713 1176 758 marte
1213 705 1575 774 pugnabatur.
1625 704 1729 758 Sed
1768 720 1890 758 cum
1925 705 2113 759 morbo
2149 714 2203 758 et

651 795 789 845 fame
817 801 1224 860 premerentur,
1262 796 1434 864 iisque
1469 796 1536 849 de
1567 797 1747 850 causis
1783 796 1918 849 alter
1948 811 2076 850 suos
2100 796 2201 849 mi-

549 925 552 928 .
649 875 771 936 lites
805 883 1026 937 domum
1078 886 1386 949 reduceret,
1420 885 1660 940 Amilcar
1687 903 1980 955 erumpere
2015 902 2198 949 ausus,

650 976 927 1026 machinas
956 975 1238 1038 incendit,
1287 976 1605 1030 defensores
1646 982 1831 1030 earum
1869 977 2068 1030 occidit
2099 994 2113 1033 :
2148 987 2203 1030 et

648 1070 893 1136 equitatu
934 1071 1182 1139 Deprano
1221 1072 1448 1134 emisso,
1478 1072 1751 1125 Ronanos
1774 1071 2116 1140 pabulatione
2149 1077 2204 1121 et

649 1173 957 1216 commeatu
997 1163 1358 1232 prohibendo,
1396 1180 1699 1233 eorumque
1729 1165 1906 1217 socios
1949 1163 2204 1216 infestan-

651 1253 742 1314 do,
775 1255 988 1307 Ardeba
1027 1255 1246 1307 interim
1279 1256 1414 1308 alias
1441 1255 1662 1318 Siciliae,
1699 1256 1834 1309 alias
1865 1255 2029 1307 Italiae
2052 1269 2201 1308 oram

649 1344 971 1413 pepulante,
1004 1345 1069 1398 ad
1105 1361 1375 1399 summam
1419 1347 1658 1413 inopiam
1697 1341 1926 1414 redegit.
1965 1344 2068 1398 Sed
2098 1344 2207 1396 Lu-

649 1436 737 1488 cio
769 1434 933 1489 Junio
962 1437 1190 1490 classem
1227 1449 1472 1505 parante.
1497 1436 1761 1491 Claudius
1789 1435 2025 1490 Pulcher
2062 1435 2208 1506 Lily-

651 1524 826 1578 baanm
859 1543 1088 1596 propere
1129 1529 1266 1582 abiit
1300 1545 1313 1581 :
1365 1539 1418 1582 et
1457 1529 1720 1582 militibus
1757 1531 1808 1581 in
1839 1543 2000 1581 naves
2033 1529 2207 1596 impo-

650 1616 790 1678 sitis,
831 1616 1147 1670 llannonem
1177 1617 1683 1688 Carthaginiensem
1718 1622 1769 1671 in
1817 1619 2202 1687 quinqueremi

650 1705 993 1773 navigantem
1048 1708 1502 1774 comprehendit:
1549 1707 1692 1761 unde
1741 1697 1969 1759 Roinani
2019 1723 2208 1760 exem-

652 1796 798 1862 plum
841 1797 1276 1852 fabricandarum
1323 1801 1542 1852 navium
1577 1801 1906 1869 petiverunt.
1943 1801 2044 1854 Sc-l
2080 1815 2201 1851 cum

2305 615 2606 685 συμμάχων
2638 620 2703 686 τῇ
2734 631 2790 668 τε
2831 615 3132 685 παρατάσει
3181 615 3283 684 τῆς
3333 615 3650 684 πολιορκίας
3685 617 3848 684 ἀχθόο

2303 724 2476 775 μενοι,
2519 707 2609 760 καὶ
2646 706 2722 776 τῷ
2773 706 2846 775 μὴ
2881 708 2972 759 τὸν
3007 706 3197 775 μισθὸν
3233 707 3414 768 αὐτοῖς
3463 708 3648 776 ἐντελῆ
3681 726 3842 760 καταο

2303 796 2627 860 ϐάλλεσθαι,
2686 796 2973 866 προδοῦναι
3032 797 3092 848 τὸ
3146 797 3343 865 χωρίον
3390 801 3499 858 τοῖς
3557 798 3848 864 Ῥωμαίοις

2301 885 2767 955 διεκηρυκεύοντο,
2797 887 3080 956 ἐφώρασεν
3114 889 3142 938 ό
3193 886 3465 955 ,Ἃμίλκας
3498 889 3556 938 τὸ
3597 887 3845 954 βουλευό-

2306 995 2483 1046 μενον,
2530 977 2627 1028 οὑκ
2662 978 2886 1046 ἐξέφηνε
2919 978 2994 1042 δὲ,
3033 978 3118 1030 ἵνα
3169 977 3244 1046 μὴ
3297 977 3586 1047 πολεμώσῃ
3634 978 3846 1039 cincti;

2303 1069 2558 1137 χρήματα
2591 1068 2646 1120 δὲ
2674 1072 2782 1129 τοῖς
2811 1070 3070 1137 ἄρχουσιν
3102 1069 3278 1120 αὐτῶν
3313 1070 3625 1137 παρασχὼν,
3660 1071 3752 1120 καὶ
3779 1069 3847 1136 τῷ

2304 1158 2497 1225 πλήθει
2567 1159 3082 1226 προσυποσχόμενος
3158 1159 3359 1226 ἕτερα,

2303 1249 2637 1317 ᾠκειώσατο,
2696 1249 2834 1302 ὥστε
2887 1249 3009 1318 μηδ’
3041 1249 3375 1319 ἀρνήσασθαι
3413 1250 3511 1317 τὴν
3547 1249 3844 1315 προδοσίαν,

2305 1338 2438 1389 ἀλλὰ
2490 1340 2581 1390 καὶ
2631 1340 2756 1400 τοὺς
2825 1339 3166 1401 τελευταίους
3220 1340 3481 1408 πρέσϐεις
3539 1338 3848 1398 ἐπανιόντας

2305 1427 2626 1479 ἀπώσασθαι
2660 1444 2673 1456 ·
2702 1428 2751 1479 οἳ
2789 1429 2919 1496 πρὸς
2950 1429 3072 1490 τοὺς
3103 1430 3338 1490 ὑπάτους
3363 1426 3843 1496 αὐτομολήσαντες,

2304 1519 2420 1585 γῆν
2454 1535 2513 1570 τε
2563 1520 2619 1569 ἐν
2667 1520 2880 1589 Σικελίᾳ
2920 1521 3009 1572 καὶ
3064 1518 3204 1587 ἕτερ’
3233 1519 3366 1571 ἄττα
3405 1518 3615 1570 ἔλαϐον.
3664 1516 3842 1569 ’Δκού-

2307 1627 2495 1671 σαντες
2537 1609 2592 1661 δὲ
2637 1608 2808 1660 ταῦτα
2853 1611 2903 1659 οί
2939 1610 3074 1660 οἶκοι
3108 1607 3486 1677 Καρχηδόνιοι,
3549 1607 3842 1674 πέμπουσιν

2316 1699 2570 1769 Ἀρδέϐαν
2595 1701 2687 1750 συν
2710 1700 2866 1750 ναυσὶ
2897 1698 3177 1760 πλείσταις
3202 1700 3281 1760 είς
3304 1697 3364 1748 τὸ
3388 1697 3697 1754 Λιλύϐαιον,
3717 1699 3841 1747 σῖτον

2307 1795 2581 1858 άγούσαις,
2618 1796 2708 1842 καὶ
2739 1793 3008 1860 χρήματα.
3055 1791 3162 1843 Καὶ
3194 1790 3253 1853 ὃς
3301 1791 3544 1859 χειμῶνα
3591 1791 3842 1858 ἐπιτηρζ-

3430 1159 3601 1220 οὕτως
3660 1161 3847 1220 αὐτοὺς

650 1887 853 1940 classes
899 1903 1041 1957 saepe
1099 1889 1572 1958 perieiitarentur‘,
1621 1908 1933 1960 quanquam
2014 1893 2202 1944 crebro

2309 1901 2423 1948 σας,
2470 1863 2808 1936 εἰσέπλευσε.
2843 1883 2966 1936 Κάκ
2999 1882 3186 1934 τούτου
3220 1883 3310 1935 καὶ
3347 1881 3494 1933 ἄλλοι
3547 1883 3732 1950 συχνοὶ
3763 1899 3842 1932 κα-

649 1986 732 2030 tot
785 1968 1005 2030 navium
1039 2020 1054 2041 ,
1104 1981 1159 2033 in
1217 1981 1416 2050 quibus
1466 1982 1623 2036 multi
1685 1984 1786 2036 viri
1843 1993 1897 2036 et
1959 1983 2205 2051 pecuniae

2309 1979 2514 2046 ταίρειν
2542 1976 2735 2044 ὁμοίως
2769 1975 3024 2042 ἐτόλμων·
3059 1977 3149 2028 καὶ
3178 1976 3225 2026 σί
3254 1975 3354 2044 μὲν
3392 1973 3777 2042 ἐπετύγχανον,
3801 1973 3838 2023 tl

648 2076 837 2130 erant,
886 2070 1110 2123 interitu
1165 2071 1470 2128 dolebant:
1517 2081 1695 2128 tamen
1745 2089 1851 2127 non
1897 2085 2200 2134 cesserunt,

2309 2071 2357 2124 δὲ
2381 2070 2711 2123 ἀπώλλυντο.
2750 2069 2890 2130 Ἕως
2922 2069 3021 2134 μὲν
3053 2065 3146 2120 οὖν
3176 2067 3340 2136 ἄμφω
3365 2070 3616 2136 παρῆσαν
3642 2067 3692 2118 οί
3724 2067 3842 2117 ὓπα-

649 2155 744 2214 sed
773 2146 1058 2224 quemdam
1097 2160 1148 2212 in
1173 2170 1362 2212 senatu
1393 2163 1459 2214 de
1490 2177 1620 2230 pace
1650 2178 1774 2216 cum
1794 2164 2205 2238 Carthaginien-

2309 2179 2408 2222 τοι,
2460 2160 2730 2222 ἱσοπαλεῖς
2781 2160 2828 2210 οί
2883 2159 3093 2226 ἀγῶνες
3143 2158 3399 2225 ἐγίνοντο.
3451 2158 3628 2210 Νότου
3667 2158 3724 2211 δὲ
3766 2159 3843 2208 καὶ

650 2248 801 2301 sibus
841 2249 1083 2304 facienda
1133 2252 1376 2306 locutum
1429 2255 1797 2320 occiderunt,
1849 2266 1906 2310 et
1973 2257 2205 2309 dictato-

2309 2251 2466 2318 λιμοῦ
2515 2251 2820 2321 τρυχόντων
2851 2249 3066 2310 αὐτοὺς,
3095 2249 3190 2300 καὶ
3217 2249 3310 2300 τοῦ
3348 2249 3534 2318 ἐτέρου
3561 2250 3740 2301 οἴκαδε
3771 2249 3843 2300 διά

651 2354 766 2392 rem
796 2339 1053 2413 dixerunt
1091 2341 1440 2404 Collatinum,
1478 2346 1795 2418 magistrum
1822 2348 2068 2415 equitum
2094 2345 2204 2398 Me—

2309 2341 2473 2398 ταῦτα
2510 2343 2603 2393 σὺν
2656 2343 2764 2403 τοῖς
2799 2339 2938 2409 ἀμφ’
2969 2340 3131 2392 αὑτὸν
3161 2339 3530 2409 ξστρατιώταις
3575 2339 3846 2407 ἀναχωρή-

652 2435 842 2487 tellum
877 2455 891 2490 ;
924 2434 1059 2487 nihil
1081 2441 1260 2488 tamen
1286 2436 1635 2488 memorabile
1655 2445 1961 2501 gesserunt.
1995 2435 2201 2488 Interea

2311 2450 2518 2496 σαντος,
2563 2433 2823 2500 Ἀμίλκας
2858 2432 3138 2502 θαρρήσας
3189 2431 3428 2500 ἐπεξῄει,
3479 2431 3572 2483 καὶ
3618 2432 3716 2492 τὰς
3752 2447 3844 2497 μη-

647 2519 845 2576 Jusius
869 2523 1081 2578 Ericetn
1122 2523 1377 2596 subegit;
1424 2525 1478 2579 et
1520 2524 1774 2579 Carthalo
1806 2514 2085 2594 [Egizbalo
2110 2539 2205 2594 po-

2309 2525 2475 2595 χανάς
2535 2512 2877 2593 ἐνεπίμπραῖ
2934 2527 3026 2576 καὶ
3071 2525 3196 2586 τοὺς
3257 2523 3632 2592 ἐπαμύνοντας
3674 2524 3846 2582 αὑταῖς

651 2612 808 2673 titus,
843 2611 1064 2666 Junium
1093 2617 1258 2683 cepit.

2311 2618 2547 2686 ἔφθειρε,
2575 2619 2667 2668 καί⁵
2696 2619 2728 2686 ή
2759 2616 2922 2679 ἵππος
2953 2615 3114 2668 αὐτοῦ
3144 2617 3208 2668 ἐκ
3236 2615 3329 2668 τοῦ
3364 2615 3643 2685 Δρεπάνου
3684 2615 3844 2684 ὀρμιυ⁸

655 2703 813 2773 μένη,
849 2706 918 2759 τά
946 2722 1004 2756 τε
1045 2706 1320 2773 ἐπιτήδεια
1362 2705 1680 2775 κομίζεσθαι
1725 2710 1849 2772 τοὺς
1896 2710 2200 2778 Ῥωμαίους
2238 2709 2465 2776 ἐκώλυε,
2523 2711 2617 2762 καὶ
2677 2710 2776 2780 τὴν
2806 2709 2981 2763 αὐτῶν
3015 2708 3326 2778 συμμαχίδα
3357 2708 3667 2776 κατέτρεχε,
3697 2704 3781 2756 καὶ
3823 2700 3845 2748 ὁ

663 2796 918 2866 ’Δρδέϐας
946 2798 1074 2851 ποτὲ
1114 2800 1209 2867 μὶν
1239 2800 1335 2870 τῆς
1366 2801 1636 2868 Σικελίας,
1668 2801 1796 2854 ποτέ
1832 2802 1892 2855 δὲ
1953 2804 2049 2871 τῆς
2101 2803 2327 2864 Ἰταλίας
2392 2805 2460 2855 τὰ
2525 2802 2764 2871 παράλια
2799 2802 3031 2870 ἔκειρεν,
3060 2801 3181 2854 ὅθεν
3205 2802 3254 2853 οί
3285 2801 3555 2868 Ῥωμαῖοι
3581 2800 3639 2850 ἐν
3667 2796 3844 2864 ἀπορίᾳ

651 2889 1012 2956 κατέστησαν.
1041 2890 1186 2950 Τέως
1214 2891 1393 2960 μέντοι
1423 2891 1653 2955 Λούκιος
1695 2891 1912 2956 Ἰούνιος
1975 2891 2234 2962 ήτοίμαζε
2275 2891 2546 2956 ναυτικὸν,
2603 2891 2866 2951 Κλαύδιος
2935 2889 2993 2944 δὲ
3045 2891 3314 2960 Ποῦλχρος
3359 2891 3438 2952 είς
3470 2889 3527 2941 τὺ
3577 2888 3840 2941 Λιλύϐαιεν

650 2979 1318 3050 ἑπειχθεὶς,καὶτριήρεις
1353 2981 1662 3051 πληρώσας,
1716 2983 1974 3037 συνέλαϐε
2014 2984 2081 3036 δι’
2140 2982 2318 3035 αὐτῶν
2389 2983 2634 3036 Ἀννωνα
2703 2982 2792 3034 τὸν
2850 2980 3214 3051 Καρχηδόνιον
3245 2980 3540 3033 ἐκπλέοντα
3583 2981 3839 3062 ττεντήρει⁹

653 3072 745 3119 καὶ
772 3067 1116 3138 παράδειγμα
1142 3073 1254 3134 τοῖς
1290 3072 1582 3142 Ῥωμαίοις
1613 3075 1707 3143 τῆς
1735 3075 2075 3143 κατασκευῆς
2133 3075 2238 3126 τῶν
2276 3074 2408 3127 νεῶν
2475 3073 2709 3141 ἐγένετο.
2749 3072 3011 3136 Πολλάκις
3076 3073 3129 3124 δὲ
3178 3072 3272 3124 τοῦ
3309 3069 3560 3125 ναυτικοῦ
3593 3071 3842 3124 κινδυνεύ.

652 3174 824 3219 οντος,
848 3158 1171 3228 ἐϐαρύνοντο
1201 3163 1249 3212 oi
1287 3162 1546 3231 Ῥωμαῖοι
1576 3165 1641 3233 τῇ
1695 3167 1907 3232 συνεχεῖ
1968 3165 2074 3215 τῶν
2149 3165 2282 3216 νεῶν
2322 3164 2512 3234 φθορᾷ.
2551 3163 2774 3231 ’Δνδρας
2809 3164 2915 3231 γὰρ
2946 3164 3171 3231 συχνοὺς
3216 3163 3310 3215 καὶ
3351 3165 3602 3232 χρήματα
3639 3162 3841 3213 πλεῖστα

652 3247 711 3296 ἐν
743 3243 964 3306 ταύταις
991 3245 1333 3299 ἀπώλλυσαν.
1371 3248 1444 3299 Οὐ
1479 3249 1663 3316 μέντοι
1691 3266 1752 3315 γε
1785 3254 1876 3302 καὶ
1923 3251 2194 3312 ἐνέδοσαν,
2237 3251 2372 3302 ἀλλᾶ
2441 3251 2530 3304 καί
2578 3267 2695 3301 τινα
2763 3247 3132 3315 φθεγξάμενον
3179 3247 3308 3316 περὶ
3339 3247 3692 3313 καταλλαγῶν
3727 3245 3838 3315 πρὸς

654 3339 1053 3407 Καρχηδονίους
1086 3342 1234 3410 ἐντῇ
1272 3339 1435 3410 βουλῇ
1487 3341 1861 3412 διεχρήσαντο,
1931 3345 2025 3395 καὶ
2105 3343 2358 3413 λεχθῆναι
2439 3342 2730 3411 δικτάτορα
2782 3340 3132 3409 ἐψηφίσαντο.
3187 3340 3292 3392 Καὶ
3348 3329 3616 3410 δικτάτωρ
3677 3343 3766 3409 μὲν
3815 3353 3836 3402 δ

655 3417 975 3492 Κολλατῖνος
1004 3430 1220 3499 ἐλέχθη,
1249 3431 1558 3502 ἱππάρχησε
1590 3435 1646 3485 δέ
1680 3437 1706 3485 ό
1734 3434 2021 3498 Μέτελ).ος’
2085 3435 2234 3487 οὐδὲν
2304 3437 2359 3487 δὲ
2411 3437 2630 3506 μνήμης
2684 3433 2925 3502 ἔπραξαν
2975 3431 3144 3496 ἀξιον.
3191 3432 3276 3484 Ἐν
3322 3425 3366 3498 ᾧ
3419 3432 3475 3484 δὲ
3541 3433 3835 3490 Κολλατῒνης

653 3519 920 3588 δικτάτωρ
965 3519 1197 3586 ἐλέγετο,
1232 3522 1290 3571 ἐν
1334 3522 1507 3591 τούτῳ
1550 3524 1640 3576 τὸν
1699 3524 1908 3594 Ἔρυκα
1951 3526 2335 3595 παρεστήσατο
2403 3527 2430 3578 ό
2516 3523 2750 3586 Ἰούνιος,
2819 3521 2910 3574 καὶ
2943 3523 2970 3574 ὁ
3001 3519 3302 3590 Καρθάλων
3350 3524 3609 3590 κατέσχεν
3641 3522 3838 3586 Αίγίῢς,

652 3608 884 3667 λον.ικαὶ
909 3607 1188 3675 ἐζώγρησε
1217 3609 1307 3658 τὶν
1341 3608 1583 3663 Ἰούνιον.
2027 3625 2032 3630 “
2737 3622 2744 3623 '
2871 3663 2874 3666 .
3177 3683 3183 3687 _

720 3693 853 3748 XVI.
886 3693 1143 3764 Sequenti
1171 3698 1313 3751 anno
1350 3694 1415 3752 ο.
1449 3696 1707 3752 Aurelius
1739 3711 1794 3753 et
1827 3700 1886 3754 P.
1919 3700 2200 3767 Servilius,

2382 3696 2492 3763 ις’.
2519 3697 2609 3765 Τῷ
2643 3697 2687 3748 δ’
2718 3696 2840 3765 ἑξῆς
2865 3696 2974 3748 ἔτει
3013 3697 3277 3766 Αὐρήλιος
3307 3697 3462 3758 Γάϊος
3510 3699 3605 3750 καί
3642 3696 3835 3768 Σερουϊ-

651 3787 964 3853 magistratu
1006 3787 1150 3838 inito
1187 3827 1203 3851 ,
1265 3787 1562 3859 Lilybaeum
1611 3799 1669 3844 et
1721 3791 2028 3861 Drepanum
2074 3795 2205 3849 infe-

2310 3787 2418 3846 λιος
2450 3784 2716 3861 Πούπλιος
2753 3785 2850 3855 τὴν
2880 3784 3056 3857 ἀρχὴν
3114 3785 3368 3848 λαϐόντες
3400 3788 3518 3838 τότε
3549 3787 3833 3844 Λιλύϐαιον,

653 3884 883 3939 stantes,
937 3886 1075 3931 terra
1133 3877 1607 3950 Carthaginienses
1655 3883 2075 3950 prohibuerunt,
2116 3903 2205 3941 eo-

2310 3881 2400 3930 καὶ
2447 3878 2508 3929 τὸ
2553 3879 2828 3947 Δρέπανον
2855 3877 3103 3941 ἐλύπουν,
3137 3879 3228 3931 καὶ
3277 3879 3401 3942 τοὺς
3453 3879 3837 3949 Καρχηδονίους

653 3978 884 4032 rumque
919 3966 1095 4019 socias
1138 3967 1387 4023 civitates
1434 3968 1767 4023 alnixerunt.
1794 3969 2047 4026 Carthalo
2085 3989 2206 4028 eum

651 4055 822 4110 variis
865 4055 1165 4111 rationibus
1202 4070 1387 4113 contra
1429 4074 1525 4115 eos
1571 4062 1792 4116 tentatis
1826 4062 1961 4116 nihil
1992 4063 2207 4119 eﬂ‘ecis-

651 4157 756 4210 set,
789 4147 842 4200 in
873 4147 1081 4202 Italiam
1107 4149 1261 4211 abiit,
1299 4158 1358 4202 ut
1382 4159 1476 4203 aut
1503 4154 1754 4206 consules
1775 4169 1843 4208 eo
1875 4155 2206 4218 traduceret,

652 4248 746 4290 aut
779 4237 985 4292 interea
1019 4255 1176 4309 agros
1216 4249 1472 4302 vastaret,
1520 4251 1577 4295 et
1627 4243 1792 4296 urbes
1817 4253 2036 4312 caperet
2066 4263 2080 4299 :
2114 4246 2208 4300 sed

652 4345 722 4383 ne
750 4330 824 4382 ibi
853 4332 1074 4398 quidem
1127 4334 1176 4387 ei
1223 4333 1519 4402 quidquam
1567 4334 1852 4391 successit.
1899 4335 2032 4388 Nam
2087 4351 2208 4389 cum

652 4405 961 4489 Strategum
1012 4422 1221 4475 aedilem
1267 4424 1560 4478 adventare
1603 4427 1904 4490 didicisset,
1974 4429 2028 4482 in
2072 4425 2210 4481 Sici-

651 4512 780 4565 liam
806 4512 985 4566 rediit.
1028 4510 1125 4566 Ubi
1154 4527 1277 4567 cum
1306 4514 1675 4570 conductitius
1713 4517 1870 4571 miles
1901 4518 1972 4571 ob
2001 4519 2209 4588 stipen-

659 4603 808 4656 dium
860 4605 1325 4669 tumultuaretur,
1379 4601 1589 4660 multos
1627 4607 1682 4660 in
1743 4607 1972 4662 desertis
2022 4611 2213 4664 insulis

653 4692 925 4758 expositos
941 4694 1180 4763 reliquit,
1197 4696 1784 4767 multosCartbaginem
1801 4699 1970 4752 misit.
1984 4698 2215 4764 Quocae-

560 4804 568 4811 ~
658 4776 1006 4847 tericOgnito
1042 4782 1328 4852 indignati,
1377 4801 1464 4839 res
1513 4792 1683 4839 novas
1727 4789 2065 4854 Spectabant.
2100 4789 2206 4841 Sed

659 4866 916 4929 Amilcar,
943 4884 1223 4924 successor
1253 4873 1566 4928 Carthaloni
1595 4876 1753 4944 397
1796 4880 1976 4943 (latus,
2011 4881 2209 4931 multos

659 4973 852 5011 eorum
903 4971 1066 5012 noctu
1119 4946 1342 5025 occidit,
1375 4966 1573 5020 multos
1629 4967 1684 5019 in
1733 4971 1861 5021 mari
1921 4970 2202 5024 demersit.

2306 3969 2404 4034 τῆς
2432 3967 2536 4036 γῆς
2564 3970 2844 4038 ἀπεῖργον,
2872 3971 2963 4021 καὶ
3007 3968 3107 4038 τὴν
3136 3963 3314 4022 αὐτῶν
3349 3971 3662 4039 συμμαχίδα
3696 3969 3834 4021 κατέ-

2310 4074 2511 4128 κειρον.
2547 4059 2610 4110 ’⁸0
2643 4055 2734 4110 οὖν
2775 4059 3072 4128 Καρθάλων
3107 4061 3458 4128 πολυτρόπως
3503 4064 3833 4130 ἐπιχειρήσας

2312 4147 2426 4197 κατ’
2450 4146 2644 4208 αὐτῶν,
2676 4147 2750 4208 ὡς
2776 4146 2925 4200 οὐδὲν
2954 4147 3166 4216 ήνυσεν,
3199 4148 3278 4209 είς
3324 4148 3553 4200 Ἰταλίαν
3576 4148 3830 4217 ὥρμησεν.

2313 4236 2378 4287 ἶν’
2408 4235 2548 4288 οὕτω
2576 4239 2700 4298 τους
2729 4237 2966 4300 ὑπάτους
3011 4240 3300 4311 μεταγάγῃ
3346 4240 3478 4303 ἐκεῖ,
3508 4243 3556 4290 εἰ
3591 4245 3720 4301 τέως
3756 4238 3833 4306 τὴν

2311 4327 2490 4395 χώραν
2526 4327 2771 4402 κακώσῃ,
2819 4331 2912 4381 καὶ
2957 4330 3138 4391 πόλεις
3186 4332 3410 4402 αἱρήσῃ.
3459 4331 3598 4383 ’Δλλ’
3628 4332 3732 4383 ουδ’
3763 4334 3834 4395 iv;

2310 4419 2481 4472 ταῦθά
2515 4436 2567 4471 τι
2607 4421 2753 4488 αὐτῷ
2783 4413 3205 4490 προσεχώρησε*
3254 4422 3345 4473 τὸν
3404 4424 3511 4490 γὰρ
3559 4420 3834 4490 στρατηγὸν

2311 4511 2399 4563 τὸν
2444 4509 2980 4580 ἁστυνόμονμαθὼν
3029 4511 3415 4580 πλησιάζοντα,
3472 4516 3553 4576 είς
3607 4514 3832 4566 Σικελίαν

2313 4603 2858 4655 ἀνέπ).ευσεν.”Ενθα
2907 4603 3014 4654 τῶν
3061 4603 3402 4674 μισθοφόρων
3454 4607 3830 4658 στασιασάντων

2311 4693 2398 4744 διὰ
2423 4692 2511 4743 τὸν
2539 4694 2748 4760 μισθὸν,
2791 4696 3016 4761 συχνοὺς
3057 4695 3152 4762 μὲν
3188 4696 3239 4756 ia,-
3272 4698 3464 4763 νήσους
3494 4697 3726 4764 ἐρήμους
3755 4696 3826 4744 ἐκ·

2315 4783 2540 4845 ϐιϐάσας
2563 4785 2841 4856 κατέλιπε.
2876 4785 3096 4847 πολλοὺς
3126 4787 3180 4838 δὲ
3212 4788 3303 4838 καὶ
3328 4789 3384 4846 ἐς
3412 4788 3511 4854 τὴν
3539 4784 3829 4856 Καρχηδόνι

2316 4875 2650 4928 ἀπέστειλεν.
2693 4875 2757 4925 "O
2789 4876 3003 4942 γνόντ;ς
3039 4878 3086 4927 οί
3120 4877 3294 4930 λοιποὶ
3326 4880 3726 4945 ἠγανάκτησαν,
3755 4875 3829 4927 καὶ

2316 4952 2653 5033 νεωτερίσειν
2683 4949 2924 5034 ἔμελλον.
2946 4961 3046 5018 ⁷ον
3087 4968 3343 5035 Ἀμίλκας
3363 4967 3827 5046 διαδσξὰμενοςοτὸν

657 5047 868 5102 Interea
905 5051 1135 5105 Romani
1190 5065 1504 5122 perpetuam
1555 5073 1678 5111 cum
1738 5058 1970 5115 Hierone
2010 5063 2200 5116 amici—

2309 5058 2661 5126 Καρθάλωνα,
2706 5059 2929 5120 πολλοὺς
2957 5057 3052 5126 μὲν
3098 5059 3282 5120 νυκτὸς
3313 5061 3600 5127 κατέκοψε,
3639 5060 3829 5117 πολλοὺς

614 5135 620 5146 ’
657 5137 788 5192 tiam
821 5154 1134 5208 sanxerunt,
1164 5144 1407 5199 remissis
1434 5147 1650 5202 tributis
1687 5143 1901 5204 annuis.
1932 5151 2199 5223 Sequenti

658 5240 803 5282 anno
840 5230 980 5294 bello
1025 5235 1207 5287 navali
1258 5243 1480 5304 propter
1527 5238 1746 5291 crebras
1790 5240 1973 5295 clades
2008 5251 2063 5296 et
2103 5243 2202 5295 im-

661 5333 882 5386 pensas,
911 5323 1124 5390 publice
1150 5326 1550 5380 abstinuerunt.
1585 5320 1687 5382 Sed
1715 5330 1931 5397 quidam
1957 5334 2206 5400 privatim

661 5409 895 5463 navibus
928 5415 1228 5479 postulatis,
1279 5432 1413 5485 quas
1456 5418 1826 5482 restituerent,
1868 5433 1922 5476 et
1969 5423 2205 5490 praedam

661 5501 772 5554 sibi
802 5496 1171 5570 vendicarcnt,
1211 5526 1332 5563 cum
1372 5512 1503 5566 alias
1549 5494 2014 5566 cladesbustibus
2068 5513 2211 5565 intu-

662 5593 870 5659 lerunt,
906 5604 1021 5650 tum
1066 5585 1361 5666 Hipponem
1407 5605 1597 5656 urbem
1652 5603 1903 5672 Libycam
1959 5604 2206 5672 ingressi,

671 5683 878 5752 navigia
910 5687 1087 5739 omnia
1117 5700 1172 5741 et
1215 5690 1405 5743 multas
1433 5692 1574 5746 mdes
1609 5702 1958 5766 cremarunt.’
1985 5694 2052 5746 Et
2089 5708 2210 5745 cum

679 5768 821 5824 cives
852 5786 1036 5840 portus
1063 5777 1268 5832 aditum
1305 5781 1509 5834 catenis
1540 5781 1876 5846 clausissent,
1917 5798 1980 5836 ex
2022 5796 2214 5850 magno

2303 5151 2359 5202 δὲ
2389 5155 2477 5202 καί
2495 5153 2916 5205 κατεπόντωσεν.
2937 5151 3020 5202 Ἐν
3034 5151 3264 5220 τοσούτῳ
3283 5151 3326 5201 δ’
3347 5153 3393 5202 οἱ
3411 5152 3668 5219 Ῥωμαῖοι
3679 5152 3830 5220 φιλίαν

2309 5244 2471 5295 ἀΐδιον
2497 5243 2630 5311 πρὸς
2689 5243 2907 5311 Ἱέρωνα
2949 5241 3324 5309 διεπράξαντο,
3377 5245 3471 5295 καὶ
3501 5244 3829 5310 προσαςμῑμαν

2313 5331 2411 5382 ὅσα
2444 5331 2570 5402 παρ’
2595 5331 2758 5383 αὐτοῦ
2789 5329 3013 5392 ἐπετίως
3059 5329 3379 5400 ἐλάμϐανον.
3415 5333 3505 5399 Τῷ
3528 5332 3574 5395 δ’
3595 5333 3717 5398 ἑξῆς
3743 5330 3828 5380 ἔτει

2313 5422 2404 5474 τοῦ
2434 5421 2718 5474 θαλαττίου
2754 5420 2988 5488 πολέμου
3045 5421 3277 5490 δημοσία
3336 5423 3434 5490 μὲν
3489 5424 3536 5473 σί
3601 5424 3827 5491 Ῥωμαῖοι

2316 5512 2614 5580 ἀπέσχοντο
2672 5509 2758 5560 διὰ
2806 5510 2872 5562 τά
2919 5510 3264 5580 ἀναλώματα.
3307 5511 3430 5581 Ἰδίᾳ
3475 5512 3532 5564 δέ
3563 5531 3702 5577 τινες
3729 5513 3828 5577 νῆας

2315 5605 2653 5671 αἰτήσαντες,
2705 5600 2832 5652 ὥστ’
2860 5604 3070 5663 ἐκείνας
3123 5604 3219 5670 μὲν
3263 5603 3725 5674 ἀποκαταστῆσαι,
3752 5605 3829 5665 τὴν

2313 5691 2460 5743 λείαν
2491 5691 2546 5742 δὲ
2575 5688 2976 5754 οἰκειώσασθαι,
3004 5692 3133 5761 ἄλλα
3162 5709 3221 5742 τε
3246 5693 3368 5755 τοὺς
3411 5696 3694 5762 πολεμίους
3727 5695 3830 5744 ixi.

2317 5797 2516 5846 κωσαν,
2553 5780 2644 5832 καὶ
2683 5773 3014 5842 ὲς’⁹ιππῶνα
3039 5780 3274 5853 Λιϐυκὴν
3311 5783 3458 5835 πόλιν
3499 5784 3829 5857 ¹εἰσπλεύσαν-
