  <div class='ocr_page' id='page_1' title='image "/cluster/home/n/w/nwhite01/storage/ocr_20150623/134/pst.000005714506/349.png"; bbox 0 0 3986 6338; ppageno 0'>
   <div class='ocr_carea' id='block_1_1' title="bbox 714 420 820 481">
    <p class='ocr_par' dir='ltr' id='par_1_1' title="bbox 714 420 820 481">
     <span class='ocr_line' id='line_1_1' title="bbox 714 420 820 481; baseline 0.009 -1"><span class='ocrx_word' id='word_1_1' title='bbox 714 420 820 481; x_wconf 76' lang='lat'><strong>683</strong></span> 
     </span>
    </p>
   </div>
   <div class='ocr_carea' id='block_1_2' title="bbox 2001 419 3934 489">
    <p class='ocr_par' dir='ltr' id='par_1_2' title="bbox 2001 419 3934 489">
     <span class='ocr_line' id='line_1_2' title="bbox 2001 419 3934 489; baseline 0.003 -7"><span class='ocrx_word' id='word_1_2' title='bbox 2001 420 2320 482; x_wconf 75' lang='lat' dir='ltr'><strong>JOANNIS</strong></span> <span class='ocrx_word' id='word_1_3' title='bbox 2361 419 2681 480; x_wconf 63' lang='lat' dir='ltr'><strong>ZONARE</strong></span> <span class='ocrx_word' id='word_1_4' title='bbox 3841 429 3934 489; x_wconf 76' lang='grc'><strong>684</strong></span> 
     </span>
    </p>
   </div>
   <div class='ocr_carea' id='block_1_3' title="bbox 719 535 2276 612">
    <p class='ocr_par' dir='ltr' id='par_1_3' title="bbox 719 535 2276 608">
     <span class='ocr_line' id='line_1_3' title="bbox 719 535 2276 608; baseline 0.002 -21"><span class='ocrx_word' id='word_1_5' title='bbox 719 536 983 590; x_wconf 89' lang='lat' dir='ltr'><strong>rationem</strong></span> <span class='ocrx_word' id='word_1_6' title='bbox 1013 535 1230 608; x_wconf 89' lang='lat' dir='ltr'><strong>adigere</strong></span> <span class='ocrx_word' id='word_1_7' title='bbox 1258 537 1568 592; x_wconf 82' lang='lat' dir='ltr'><strong>voluerunt.</strong></span> <span class='ocrx_word' id='word_1_8' title='bbox 1603 537 1828 592; x_wconf 88' lang='lat' dir='ltr'><strong>Romani</strong></span> <span class='ocrx_word' id='word_1_9' title='bbox 1857 537 2011 608; x_wconf 85' lang='lat' dir='ltr'><strong>prius</strong></span> <span class='ocrx_word' id='word_1_10' title='bbox 2037 547 2276 606; x_wconf 83' lang='lat' dir='ltr'><strong>acceptas</strong></span> 
     </span>
    </p>
   </div>
   <div class='ocr_carea' id='block_1_4' title="bbox 2376 535 3935 612">
    <p class='ocr_par' dir='ltr' id='par_1_4' title="bbox 2386 537 3935 612">
     <span class='ocr_line' id='line_1_4' title="bbox 2386 537 3935 612; baseline 0.001 -22"><span class='ocrx_word' id='word_1_11' title='bbox 2386 537 2621 608; x_wconf 83' lang='grc' dir='ltr'>χηδόνιοι</span> <span class='ocrx_word' id='word_1_12' title='bbox 2655 540 2712 602; x_wconf 90' lang='grc' dir='ltr'><strong>ἐς</strong></span> <span class='ocrx_word' id='word_1_13' title='bbox 2739 538 2949 592; x_wconf 86' lang='grc' dir='ltr'>τελείαν</span> <span class='ocrx_word' id='word_1_14' title='bbox 3000 539 3308 606; x_wconf 78' lang='grc' dir='ltr'><strong>ἀπόγνωσιν</strong></span> <span class='ocrx_word' id='word_1_15' title='bbox 3350 539 3474 604; x_wconf 76' lang='grc' dir='ltr'>τοὺς</span> <span class='ocrx_word' id='word_1_16' title='bbox 3521 540 3833 612; x_wconf 73' lang='grc' dir='ltr'><strong>Ῥωμαίους</strong></span> <span class='ocrx_word' id='word_1_17' title='bbox 3858 543 3935 593; x_wconf 72' lang='grc' dir='ltr'>τοῦ</span> 
     </span>
    </p>
   </div>
   <div class='ocr_carea' id='block_1_5' title="bbox 718 626 2276 698">
    <p class='ocr_par' dir='ltr' id='par_1_5' title="bbox 718 626 2276 698">
     <span class='ocr_line' id='line_1_5' title="bbox 718 626 2276 698; baseline 0.003 -21"><span class='ocrx_word' id='word_1_18' title='bbox 718 626 895 680; x_wconf 82' lang='lat' dir='ltr'><strong>clades</strong></span> <span class='ocrx_word' id='word_1_19' title='bbox 920 629 1183 681; x_wconf 86' lang='lat' dir='ltr'><strong>resarcire</strong></span> <span class='ocrx_word' id='word_1_20' title='bbox 1207 628 1555 683; x_wconf 88' lang='lat' dir='ltr'><strong>studuerunt.</strong></span> <span class='ocrx_word' id='word_1_21' title='bbox 1594 628 1699 683; x_wconf 89' lang='lat' dir='ltr'><strong>Sed</strong></span> <span class='ocrx_word' id='word_1_22' title='bbox 1726 644 1892 698; x_wconf 84' lang='lat' dir='ltr'><strong>penes</strong></span> <span class='ocrx_word' id='word_1_23' title='bbox 1920 629 2022 683; x_wconf 88' lang='lat' dir='ltr'><strong>hos</strong></span> <span class='ocrx_word' id='word_1_24' title='bbox 2049 630 2276 684; x_wconf 85' lang='lat' dir='ltr'><strong>victoria</strong></span> 
     </span>
    </p>
   </div>
   <div class='ocr_carea' id='block_1_6' title="bbox 715 717 2278 792">
    <p class='ocr_par' dir='ltr' id='par_1_6' title="bbox 715 717 2278 792">
     <span class='ocr_line' id='line_1_6' title="bbox 715 717 2278 792; baseline 0.004 -22"><span class='ocrx_word' id='word_1_25' title='bbox 715 717 834 774; x_wconf 89' lang='lat' dir='ltr'><strong>fuit.</strong></span> <span class='ocrx_word' id='word_1_26' title='bbox 881 719 1016 774; x_wconf 82' lang='lat' dir='ltr'><strong>Nam</strong></span> <span class='ocrx_word' id='word_1_27' title='bbox 1043 718 1572 790; x_wconf 85' lang='lat' dir='ltr'><strong>Carthaginiensium</strong></span> <span class='ocrx_word' id='word_1_28' title='bbox 1627 736 1833 787; x_wconf 85' lang='lat' dir='ltr'><strong>naves,</strong></span> <span class='ocrx_word' id='word_1_29' title='bbox 1894 729 2094 792; x_wconf 67' lang='lat' dir='ltr'><strong>praeter</strong></span> <span class='ocrx_word' id='word_1_30' title='bbox 2144 722 2278 776; x_wconf 89' lang='lat' dir='ltr'><strong>alias</strong></span> 
     </span>
    </p>
   </div>
   <div class='ocr_carea' id='block_1_7' title="bbox 713 808 2276 881">
    <p class='ocr_par' dir='ltr' id='par_1_7' title="bbox 713 808 2276 881">
     <span class='ocr_line' id='line_1_7' title="bbox 713 808 2276 881; baseline 0.001 -18"><span class='ocrx_word' id='word_1_31' title='bbox 713 808 975 874; x_wconf 69' lang='lat' dir='ltr'><strong>sarcinss,</strong></span> <span class='ocrx_word' id='word_1_32' title='bbox 1011 811 1345 865; x_wconf 90' lang='lat' dir='ltr'><strong>frumentum</strong></span> <span class='ocrx_word' id='word_1_33' title='bbox 1382 821 1439 866; x_wconf 91' lang='lat' dir='ltr'><strong>et</strong></span> <span class='ocrx_word' id='word_1_34' title='bbox 1497 813 1783 881; x_wconf 87' lang='lat' dir='ltr'><strong>pecuniam</strong></span> <span class='ocrx_word' id='word_1_35' title='bbox 1840 812 2119 876; x_wconf 86' lang='lat' dir='ltr'><strong>vehentes,</strong></span> <span class='ocrx_word' id='word_1_36' title='bbox 2155 827 2276 881; x_wconf 90' lang='lat' dir='ltr'><strong>gra-</strong></span> 
     </span>
    </p>
   </div>
   <div class='ocr_carea' id='block_1_8' title="bbox 713 900 2275 972">
    <p class='ocr_par' dir='ltr' id='par_1_8' title="bbox 713 900 2275 972">
     <span class='ocr_line' id='line_1_8' title="bbox 713 900 2275 972; baseline 0.002 -21"><span class='ocrx_word' id='word_1_37' title='bbox 713 900 1000 958; x_wconf 77' lang='lat' dir='ltr'><strong>vabantur.</strong></span> <span class='ocrx_word' id='word_1_38' title='bbox 1059 901 1252 955; x_wconf 81' lang='lat' dir='ltr'><strong>Hanno</strong></span> <span class='ocrx_word' id='word_1_39' title='bbox 1309 901 1567 972; x_wconf 84' lang='lat' dir='ltr'><strong>elapsus,</strong></span> <span class='ocrx_word' id='word_1_40' title='bbox 1633 903 1814 956; x_wconf 87' lang='lat' dir='ltr'><strong>statim</strong></span> <span class='ocrx_word' id='word_1_41' title='bbox 1892 902 2275 971; x_wconf 79' lang='lat' dir='ltr'><strong>Carthaginem</strong></span> 
     </span>
    </p>
   </div>
   <div class='ocr_carea' id='block_1_9' title="bbox 711 990 2274 1058">
    <p class='ocr_par' dir='ltr' id='par_1_9' title="bbox 711 990 2274 1058">
     <span class='ocr_line' id='line_1_9' title="bbox 711 990 2274 1058; baseline 0 -16"><span class='ocrx_word' id='word_1_42' title='bbox 711 991 1043 1058; x_wconf 80' lang='lat' dir='ltr'><strong>properavit.</strong></span> <span class='ocrx_word' id='word_1_43' title='bbox 1081 990 1185 1044; x_wconf 88' lang='lat' dir='ltr'><strong>Sed</strong></span> <span class='ocrx_word' id='word_1_44' title='bbox 1228 1006 1258 1043; x_wconf 91' lang='lat' dir='ltr'><strong>a</strong></span> <span class='ocrx_word' id='word_1_45' title='bbox 1289 991 1505 1045; x_wconf 89' lang='lat' dir='ltr'><strong>civibus</strong></span> <span class='ocrx_word' id='word_1_46' title='bbox 1531 991 1812 1046; x_wconf 87' lang='lat' dir='ltr'><strong>iracundia</strong></span> <span class='ocrx_word' id='word_1_47' title='bbox 1848 1001 1906 1045; x_wconf 89' lang='lat' dir='ltr'><strong>et</strong></span> <span class='ocrx_word' id='word_1_48' title='bbox 1948 999 2094 1045; x_wconf 89' lang='lat' dir='ltr'><strong>metu</strong></span> <span class='ocrx_word' id='word_1_49' title='bbox 2125 1004 2274 1043; x_wconf 87' lang='lat' dir='ltr'><strong>com-</strong></span> 
     </span>
    </p>
   </div>
   <div class='ocr_carea' id='block_1_10' title="bbox 706 1082 2274 1152">
    <p class='ocr_par' dir='ltr' id='par_1_10' title="bbox 706 1082 2274 1152">
     <span class='ocr_line' id='line_1_10' title="bbox 706 1082 2274 1152; baseline 0.001 -19"><span class='ocrx_word' id='word_1_50' title='bbox 706 1082 891 1146; x_wconf 82' lang='lat' dir='ltr'><strong>motis,</strong></span> <span class='ocrx_word' id='word_1_51' title='bbox 941 1082 997 1134; x_wconf 88' lang='lat' dir='ltr'><strong>in</strong></span> <span class='ocrx_word' id='word_1_52' title='bbox 1037 1097 1256 1136; x_wconf 90' lang='lat' dir='ltr'><strong>crucem</strong></span> <span class='ocrx_word' id='word_1_53' title='bbox 1288 1094 1442 1137; x_wconf 89' lang='lat' dir='ltr'><strong>actus</strong></span> <span class='ocrx_word' id='word_1_54' title='bbox 1484 1093 1588 1144; x_wconf 87' lang='lat' dir='ltr'><strong>est.</strong></span> <span class='ocrx_word' id='word_1_55' title='bbox 1624 1093 1678 1138; x_wconf 89' lang='lat' dir='ltr'><strong>et</strong></span> <span class='ocrx_word' id='word_1_56' title='bbox 1719 1083 1876 1152; x_wconf 79' lang='lat' dir='ltr'><strong>legati</strong></span> <span class='ocrx_word' id='word_1_57' title='bbox 1921 1082 1989 1135; x_wconf 88' lang='lat' dir='ltr'><strong>de</strong></span> <span class='ocrx_word' id='word_1_58' title='bbox 2037 1097 2167 1151; x_wconf 87' lang='lat' dir='ltr'><strong>pace</strong></span> <span class='ocrx_word' id='word_1_59' title='bbox 2206 1083 2274 1135; x_wconf 87' lang='lat' dir='ltr'><strong>ad</strong></span> 
     </span>
    </p>
   </div>
   <div class='ocr_carea' id='block_1_11' title="bbox 702 1172 2275 1244">
    <p class='ocr_par' dir='ltr' id='par_1_11' title="bbox 702 1172 2275 1244">
     <span class='ocr_line' id='line_1_11' title="bbox 702 1172 2275 1244; baseline 0 -18"><span class='ocrx_word' id='word_1_60' title='bbox 702 1172 960 1227; x_wconf 83' lang='lat' dir='ltr'><strong>Catulum</strong></span> <span class='ocrx_word' id='word_1_61' title='bbox 997 1175 1168 1229; x_wconf 86' lang='lat' dir='ltr'><strong>missi.</strong></span> <span class='ocrx_word' id='word_1_62' title='bbox 1205 1174 1304 1240; x_wconf 85' lang='lat' dir='ltr'><strong>Qui</strong></span> <span class='ocrx_word' id='word_1_63' title='bbox 1341 1176 1486 1244; x_wconf 92' lang='lat' dir='ltr'><strong>quod</strong></span> <span class='ocrx_word' id='word_1_64' title='bbox 1527 1185 1582 1230; x_wconf 92' lang='lat' dir='ltr'><strong>et</strong></span> <span class='ocrx_word' id='word_1_65' title='bbox 1643 1191 1825 1229; x_wconf 86' lang='lat' dir='ltr'><strong>annus</strong></span> <span class='ocrx_word' id='word_1_66' title='bbox 1853 1176 1972 1244; x_wconf 82' lang='lat' dir='ltr'><strong>ejus</strong></span> <span class='ocrx_word' id='word_1_67' title='bbox 1997 1176 2105 1244; x_wconf 90' lang='lat' dir='ltr'><strong>jam</strong></span> <span class='ocrx_word' id='word_1_68' title='bbox 2137 1188 2275 1243; x_wconf 91' lang='lat' dir='ltr'><strong>pene</strong></span> 
     </span>
    </p>
   </div>
   <div class='ocr_carea' id='block_1_12' title="bbox 709 1266 2276 1336">
    <p class='ocr_par' dir='ltr' id='par_1_12' title="bbox 709 1266 2276 1336">
     <span class='ocr_line' id='line_1_12' title="bbox 709 1266 2276 1336; baseline 0.001 -19"><span class='ocrx_word' id='word_1_69' title='bbox 709 1267 938 1329; x_wconf 79' lang='lat' dir='ltr'><strong>exierat,</strong></span> <span class='ocrx_word' id='word_1_70' title='bbox 987 1280 1162 1335; x_wconf 90' lang='lat' dir='ltr'><strong>neque</strong></span> <span class='ocrx_word' id='word_1_71' title='bbox 1205 1266 1358 1320; x_wconf 82' lang='lat' dir='ltr'><strong>brevi</strong></span> <span class='ocrx_word' id='word_1_72' title='bbox 1395 1277 1640 1336; x_wconf 88' lang='lat' dir='ltr'><strong>tempore</strong></span> <span class='ocrx_word' id='word_1_73' title='bbox 1674 1267 2020 1336; x_wconf 78' lang='lat' dir='ltr'><strong>Carthaginis</strong></span> <span class='ocrx_word' id='word_1_74' title='bbox 2061 1267 2276 1319; x_wconf 81' lang='lat' dir='ltr'><strong>exscin-</strong></span> 
     </span>
    </p>
   </div>
   <div class='ocr_carea' id='block_1_13' title="bbox 710 1357 2274 1428">
    <p class='ocr_par' dir='ltr' id='par_1_13' title="bbox 710 1357 2274 1428">
     <span class='ocr_line' id='line_1_13' title="bbox 710 1357 2274 1428; baseline -0.001 -18"><span class='ocrx_word' id='word_1_75' title='bbox 710 1357 902 1411; x_wconf 73' lang='lat' dir='ltr'><strong>dendae</strong></span> <span class='ocrx_word' id='word_1_76' title='bbox 950 1373 1099 1428; x_wconf 85' lang='lat' dir='ltr'><strong>spem</strong></span> <span class='ocrx_word' id='word_1_77' title='bbox 1156 1358 1413 1421; x_wconf 88' lang='lat' dir='ltr'><strong>habebat,</strong></span> <span class='ocrx_word' id='word_1_78' title='bbox 1461 1366 1517 1413; x_wconf 90' lang='lat' dir='ltr'><strong>et</strong></span> <span class='ocrx_word' id='word_1_79' title='bbox 1574 1358 1993 1412; x_wconf 84' lang='lat' dir='ltr'><strong>successoribus</strong></span> <span class='ocrx_word' id='word_1_80' title='bbox 2043 1358 2274 1428; x_wconf 90' lang='lat' dir='ltr'><strong>gloriam</strong></span> 
     </span>
    </p>
   </div>
   <div class='ocr_carea' id='block_1_14' title="bbox 693 1447 2272 1518">
    <p class='ocr_par' dir='ltr' id='par_1_14' title="bbox 693 1447 2272 1518">
     <span class='ocr_line' id='line_1_14' title="bbox 693 1447 2272 1518; baseline 0 -16"><span class='ocrx_word' id='word_1_81' title='bbox 693 1447 954 1502; x_wconf 61' lang='lat' dir='ltr'><strong>dabuntur</strong></span> <span class='ocrx_word' id='word_1_82' title='bbox 988 1463 1213 1503; x_wconf 83' lang='lat' dir='ltr'><strong>suorum</strong></span> <span class='ocrx_word' id='word_1_83' title='bbox 1242 1449 1547 1513; x_wconf 82' lang='lat' dir='ltr'><strong>invidebat,</strong></span> <span class='ocrx_word' id='word_1_84' title='bbox 1580 1464 1611 1502; x_wconf 91' lang='lat' dir='ltr'><strong>a</strong></span> <span class='ocrx_word' id='word_1_85' title='bbox 1650 1463 1783 1518; x_wconf 89' lang='lat' dir='ltr'><strong>pace</strong></span> <span class='ocrx_word' id='word_1_86' title='bbox 1809 1465 1918 1503; x_wconf 92' lang='lat' dir='ltr'><strong>non</strong></span> <span class='ocrx_word' id='word_1_87' title='bbox 1948 1449 2272 1512; x_wconf 89' lang='lat' dir='ltr'><strong>abhorrens,</strong></span> 
     </span>
    </p>
   </div>
   <div class='ocr_carea' id='block_1_15' title="bbox 707 1541 2277 1612">
    <p class='ocr_par' dir='ltr' id='par_1_15' title="bbox 707 1541 2277 1612">
     <span class='ocr_line' id='line_1_15' title="bbox 707 1541 2277 1612; baseline 0.001 -18"><span class='ocrx_word' id='word_1_88' title='bbox 707 1541 956 1595; x_wconf 87' lang='lat' dir='ltr'><strong>inducias</strong></span> <span class='ocrx_word' id='word_1_89' title='bbox 987 1541 1135 1606; x_wconf 85' lang='lat' dir='ltr'><strong>fecit,</strong></span> <span class='ocrx_word' id='word_1_90' title='bbox 1171 1542 1426 1612; x_wconf 88' lang='lat' dir='ltr'><strong>pecunia,</strong></span> <span class='ocrx_word' id='word_1_91' title='bbox 1459 1541 1733 1596; x_wconf 87' lang='lat' dir='ltr'><strong>frumento</strong></span> <span class='ocrx_word' id='word_1_92' title='bbox 1749 1541 2106 1598; x_wconf 75' lang='lat' dir='ltr'><strong>etobsidibus</strong></span> <span class='ocrx_word' id='word_1_93' title='bbox 2122 1557 2277 1596; x_wconf 89' lang='lat' dir='ltr'><strong>acce-</strong></span> 
     </span>
    </p>
   </div>
   <div class='ocr_carea' id='block_1_16' title="bbox 707 1633 2271 1705">
    <p class='ocr_par' dir='ltr' id='par_1_16' title="bbox 707 1633 2271 1705">
     <span class='ocr_line' id='line_1_16' title="bbox 707 1633 2271 1705; baseline -0.001 -19"><span class='ocrx_word' id='word_1_94' title='bbox 707 1634 836 1701; x_wconf 88' lang='lat' dir='ltr'><strong>ptis,</strong></span> <span class='ocrx_word' id='word_1_95' title='bbox 878 1641 938 1687; x_wconf 89' lang='lat' dir='ltr'><strong>ut</strong></span> <span class='ocrx_word' id='word_1_96' title='bbox 984 1633 1212 1688; x_wconf 84' lang='lat' dir='ltr'><strong>Romam</strong></span> <span class='ocrx_word' id='word_1_97' title='bbox 1257 1635 1464 1705; x_wconf 78' lang='lat' dir='ltr'><strong>legatos</strong></span> <span class='ocrx_word' id='word_1_98' title='bbox 1493 1636 1803 1698; x_wconf 89' lang='lat' dir='ltr'><strong>mitterent;</strong></span> <span class='ocrx_word' id='word_1_99' title='bbox 1838 1650 1901 1688; x_wconf 92' lang='lat' dir='ltr'><strong>ea</strong></span> <span class='ocrx_word' id='word_1_100' title='bbox 1934 1634 2271 1697; x_wconf 90' lang='lat' dir='ltr'><strong>conditione,</strong></span> 
     </span>
    </p>
   </div>
   <div class='ocr_carea' id='block_1_17' title="bbox 700 1723 2273 1795">
    <p class='ocr_par' dir='ltr' id='par_1_17' title="bbox 700 1723 2273 1795">
     <span class='ocr_line' id='line_1_17' title="bbox 700 1723 2273 1795; baseline 0.001 -18"><span class='ocrx_word' id='word_1_101' title='bbox 700 1733 768 1777; x_wconf 80' lang='lat' dir='ltr'><strong>ut</strong></span> <span class='ocrx_word' id='word_1_102' title='bbox 803 1733 912 1778; x_wconf 86' lang='lat' dir='ltr'><strong>tota</strong></span> <span class='ocrx_word' id='word_1_103' title='bbox 943 1723 1127 1779; x_wconf 83' lang='lat' dir='ltr'><strong>Sicilia</strong></span> <span class='ocrx_word' id='word_1_104' title='bbox 1160 1735 1214 1780; x_wconf 88' lang='lat' dir='ltr'><strong>et</strong></span> <span class='ocrx_word' id='word_1_105' title='bbox 1238 1725 1496 1780; x_wconf 89' lang='lat' dir='ltr'><strong>omnibus</strong></span> <span class='ocrx_word' id='word_1_106' title='bbox 1527 1725 2050 1795; x_wconf 84' lang='lat' dir='ltr'><strong>circumjaeenlibus</strong></span> <span class='ocrx_word' id='word_1_107' title='bbox 2080 1723 2273 1778; x_wconf 87' lang='lat' dir='ltr'><strong>insulis</strong></span> 
     </span>
    </p>
   </div>
   <div class='ocr_carea' id='block_1_18' title="bbox 708 1815 2272 1886">
    <p class='ocr_par' dir='ltr' id='par_1_18' title="bbox 708 1815 2272 1886">
     <span class='ocr_line' id='line_1_18' title="bbox 708 1815 2272 1886; baseline 0 -16"><span class='ocrx_word' id='word_1_108' title='bbox 708 1815 965 1872; x_wconf 77' lang='lat' dir='ltr'><strong>Romanis</strong></span> <span class='ocrx_word' id='word_1_109' title='bbox 993 1818 1270 1882; x_wconf 89' lang='lat' dir='ltr'><strong>cederent,</strong></span> <span class='ocrx_word' id='word_1_110' title='bbox 1302 1832 1476 1886; x_wconf 90' lang='lat' dir='ltr'><strong>neque</strong></span> <span class='ocrx_word' id='word_1_111' title='bbox 1513 1816 1803 1870; x_wconf 87' lang='lat' dir='ltr'><strong>Hieronem</strong></span> <span class='ocrx_word' id='word_1_112' title='bbox 1821 1817 2154 1871; x_wconf 84' lang='lat' dir='ltr'><strong>lacesserent</strong></span> <span class='ocrx_word' id='word_1_113' title='bbox 2187 1825 2272 1872; x_wconf 87' lang='lat' dir='ltr'><strong>:et</strong></span> 
     </span>
    </p>
   </div>
   <div class='ocr_carea' id='block_1_19' title="bbox 703 1889 2346 1982">
    <p class='ocr_par' dir='ltr' id='par_1_19' title="bbox 703 1889 2346 1982">
     <span class='ocr_line' id='line_1_19' title="bbox 703 1889 2346 1982; baseline -0.001 -22"><span class='ocrx_word' id='word_1_114' title='bbox 703 1909 992 1975; x_wconf 81' lang='lat' dir='ltr'><strong>pecuniam</strong></span> <span class='ocrx_word' id='word_1_115' title='bbox 1019 1909 1212 1977; x_wconf 84' lang='lat' dir='ltr'><strong>partim</strong></span> <span class='ocrx_word' id='word_1_116' title='bbox 1242 1922 1373 1976; x_wconf 83' lang='lat' dir='ltr'><strong>pace</strong></span> <span class='ocrx_word' id='word_1_117' title='bbox 1404 1907 1545 1960; x_wconf 77' lang='lat' dir='ltr'><strong>facta</strong></span> <span class='ocrx_word' id='word_1_118' title='bbox 1565 1910 1774 1982; x_wconf 84' lang='lat' dir='ltr'><strong>statim,</strong></span> <span class='ocrx_word' id='word_1_119' title='bbox 1807 1908 2001 1976; x_wconf 83' lang='lat' dir='ltr'><strong>partim</strong></span> <span class='ocrx_word' id='word_1_120' title='bbox 2034 1919 2275 1976; x_wconf 85' lang='lat' dir='ltr'><strong>postnu-</strong></span> <span class='ocrx_word' id='word_1_121' title='bbox 2308 1889 2346 1941; x_wconf 79' lang='grc' dir='ltr'>Β</span> 
     </span>
    </p>
   </div>
   <div class='ocr_carea' id='block_1_20' title="bbox 708 1997 2273 2069">
    <p class='ocr_par' dir='ltr' id='par_1_20' title="bbox 708 1997 2273 2069">
     <span class='ocr_line' id='line_1_20' title="bbox 708 1997 2273 2069; baseline 0.001 -20"><span class='ocrx_word' id='word_1_122' title='bbox 708 2007 982 2053; x_wconf 82' lang='lat' dir='ltr'><strong>nierarent</strong></span> <span class='ocrx_word' id='word_1_123' title='bbox 1020 2019 1032 2054; x_wconf 92' lang='lat'><strong>:</strong></span> <span class='ocrx_word' id='word_1_124' title='bbox 1075 2008 1131 2054; x_wconf 91' lang='lat' dir='ltr'><strong>et</strong></span> <span class='ocrx_word' id='word_1_125' title='bbox 1176 2001 1449 2054; x_wconf 85' lang='lat' dir='ltr'><strong>Romanos</strong></span> <span class='ocrx_word' id='word_1_126' title='bbox 1484 1999 1727 2068; x_wconf 89' lang='lat' dir='ltr'><strong>captivos</strong></span> <span class='ocrx_word' id='word_1_127' title='bbox 1762 1999 1931 2069; x_wconf 89' lang='lat' dir='ltr'><strong>gratis</strong></span> <span class='ocrx_word' id='word_1_128' title='bbox 1959 1997 2273 2064; x_wconf 89' lang='lat' dir='ltr'><strong>redderent,</strong></span> 
     </span>
    </p>
   </div>
   <div class='ocr_carea' id='block_1_21' title="bbox 706 2089 2273 2160">
    <p class='ocr_par' dir='ltr' id='par_1_21' title="bbox 706 2089 2273 2160">
     <span class='ocr_line' id='line_1_21' title="bbox 706 2089 2273 2160; baseline -0.004 -13"><span class='ocrx_word' id='word_1_129' title='bbox 706 2109 832 2148; x_wconf 87' lang='lat' dir='ltr'><strong>suos</strong></span> <span class='ocrx_word' id='word_1_130' title='bbox 853 2108 979 2147; x_wconf 89' lang='lat' dir='ltr'><strong>vero</strong></span> <span class='ocrx_word' id='word_1_131' title='bbox 996 2091 1470 2146; x_wconf 87' lang='lat' dir='ltr'><strong>redimerent.Tali</strong></span> <span class='ocrx_word' id='word_1_132' title='bbox 1485 2091 1735 2160; x_wconf 86' lang='lat' dir='ltr'><strong>pactione</strong></span> <span class='ocrx_word' id='word_1_133' title='bbox 1755 2089 1893 2143; x_wconf 88' lang='lat' dir='ltr'><strong>facta</strong></span> <span class='ocrx_word' id='word_1_134' title='bbox 1912 2089 2103 2157; x_wconf 85' lang='lat' dir='ltr'><strong>(solam</strong></span> <span class='ocrx_word' id='word_1_135' title='bbox 2130 2089 2273 2142; x_wconf 89' lang='lat' dir='ltr'><strong>enim</strong></span> 
     </span>
    </p>
   </div>
   <div class='ocr_carea' id='block_1_22' title="bbox 707 2182 2277 2254">
    <p class='ocr_par' dir='ltr' id='par_1_22' title="bbox 707 2182 2277 2254">
     <span class='ocr_line' id='line_1_22' title="bbox 707 2182 2277 2254; baseline -0.004 -16"><span class='ocrx_word' id='word_1_136' title='bbox 707 2185 808 2238; x_wconf 85' lang='lat' dir='ltr'><strong>sub</strong></span> <span class='ocrx_word' id='word_1_137' title='bbox 826 2187 1013 2254; x_wconf 86' lang='lat' dir='ltr'><strong>jugum</strong></span> <span class='ocrx_word' id='word_1_138' title='bbox 1041 2183 1316 2237; x_wconf 84' lang='lat' dir='ltr'><strong>missionis</strong></span> <span class='ocrx_word' id='word_1_139' title='bbox 1337 2182 1687 2251; x_wconf 85' lang='lat' dir='ltr'><strong>ignominiam</strong></span> <span class='ocrx_word' id='word_1_140' title='bbox 1705 2182 1938 2234; x_wconf 87' lang='lat' dir='ltr'><strong>Arnilcar</strong></span> <span class='ocrx_word' id='word_1_141' title='bbox 1955 2182 2277 2249; x_wconf 85' lang='lat' dir='ltr'><strong>deprecatus</strong></span> 
     </span>
    </p>
   </div>
   <div class='ocr_carea' id='block_1_23' title="bbox 703 2268 2276 2343">
    <p class='ocr_par' dir='ltr' id='par_1_23' title="bbox 703 2268 2276 2343">
     <span class='ocr_line' id='line_1_23' title="bbox 703 2268 2276 2343; baseline -0.003 -18"><span class='ocrx_word' id='word_1_142' title='bbox 703 2277 812 2343; x_wconf 81' lang='lat' dir='ltr'><strong>est)</strong></span> <span class='ocrx_word' id='word_1_143' title='bbox 846 2273 1114 2326; x_wconf 83' lang='lat' dir='ltr'><strong>militibus</strong></span> <span class='ocrx_word' id='word_1_144' title='bbox 1147 2287 1175 2326; x_wconf 93' lang='lat' dir='ltr'><strong>e</strong></span> <span class='ocrx_word' id='word_1_145' title='bbox 1222 2271 1622 2326; x_wconf 84' lang='lat' dir='ltr'><strong>munitionibus</strong></span> <span class='ocrx_word' id='word_1_146' title='bbox 1653 2271 1888 2334; x_wconf 87' lang='lat' dir='ltr'><strong>eductis,</strong></span> <span class='ocrx_word' id='word_1_147' title='bbox 1923 2268 2144 2322; x_wconf 89' lang='lat' dir='ltr'><strong>domum</strong></span> <span class='ocrx_word' id='word_1_148' title='bbox 2187 2284 2276 2322; x_wconf 88' lang='lat' dir='ltr'><strong>re-</strong></span> 
     </span>
    </p>
   </div>
   <div class='ocr_carea' id='block_1_24' title="bbox 705 2360 2276 2434">
    <p class='ocr_par' dir='ltr' id='par_1_24' title="bbox 705 2360 2276 2434">
     <span class='ocr_line' id='line_1_24' title="bbox 705 2360 2276 2434; baseline -0.003 -16"><span class='ocrx_word' id='word_1_149' title='bbox 705 2365 827 2428; x_wconf 84' lang='lat' dir='ltr'><strong>diit,</strong></span> <span class='ocrx_word' id='word_1_150' title='bbox 871 2366 1188 2433; x_wconf 85' lang='lat' dir='ltr'><strong>priusquam</strong></span> <span class='ocrx_word' id='word_1_151' title='bbox 1233 2362 1620 2434; x_wconf 81' lang='lat' dir='ltr'><strong>jusjurandum</strong></span> <span class='ocrx_word' id='word_1_152' title='bbox 1665 2361 1907 2416; x_wconf 87' lang='lat' dir='ltr'><strong>daretur.</strong></span> <span class='ocrx_word' id='word_1_153' title='bbox 1954 2360 2057 2426; x_wconf 85' lang='lat' dir='ltr'><strong>Qui</strong></span> <span class='ocrx_word' id='word_1_154' title='bbox 2090 2362 2276 2414; x_wconf 71' lang='lat' dir='ltr'><strong>Roma:</strong></span> 
     </span>
    </p>
   </div>
   <div class='ocr_carea' id='block_1_25' title="bbox 705 2451 2277 2524">
    <p class='ocr_par' dir='ltr' id='par_1_25' title="bbox 705 2451 2277 2524">
     <span class='ocr_line' id='line_1_25' title="bbox 705 2451 2277 2524; baseline -0.004 -14"><span class='ocrx_word' id='word_1_155' title='bbox 705 2465 883 2519; x_wconf 83' lang='lat' dir='ltr'><strong>erant,</strong></span> <span class='ocrx_word' id='word_1_156' title='bbox 932 2456 1158 2516; x_wconf 83' lang='lat' dir='ltr'><strong>victoria</strong></span> <span class='ocrx_word' id='word_1_157' title='bbox 1211 2455 1469 2509; x_wconf 89' lang='lat' dir='ltr'><strong>celeriter</strong></span> <span class='ocrx_word' id='word_1_158' title='bbox 1517 2454 1755 2524; x_wconf 87' lang='lat' dir='ltr'><strong>cognita,</strong></span> <span class='ocrx_word' id='word_1_159' title='bbox 1807 2454 1882 2507; x_wconf 87' lang='lat' dir='ltr'><strong>ita</strong></span> <span class='ocrx_word' id='word_1_160' title='bbox 1934 2463 2064 2507; x_wconf 85' lang='lat' dir='ltr'><strong>sunt</strong></span> <span class='ocrx_word' id='word_1_161' title='bbox 2111 2451 2277 2521; x_wconf 80' lang='lat'><strong>399</strong></span> 
     </span>
    </p>
   </div>
   <div class='ocr_carea' id='block_1_26' title="bbox 706 2544 2276 2616">
    <p class='ocr_par' dir='ltr' id='par_1_26' title="bbox 706 2544 2276 2616">
     <span class='ocr_line' id='line_1_26' title="bbox 706 2544 2276 2616; baseline -0.004 -15"><span class='ocrx_word' id='word_1_162' title='bbox 706 2548 901 2601; x_wconf 84' lang='lat' dir='ltr'><strong>annuis</strong></span> <span class='ocrx_word' id='word_1_163' title='bbox 937 2548 1086 2609; x_wconf 88' lang='lat' dir='ltr'><strong>elati,</strong></span> <span class='ocrx_word' id='word_1_164' title='bbox 1114 2549 1266 2616; x_wconf 87' lang='lat' dir='ltr'><strong>quasi</strong></span> <span class='ocrx_word' id='word_1_165' title='bbox 1315 2546 1474 2616; x_wconf 81' lang='lat' dir='ltr'><strong>plane</strong></span> <span class='ocrx_word' id='word_1_166' title='bbox 1522 2544 1852 2602; x_wconf 81' lang='lat' dir='ltr'><strong>debellatum</strong></span> <span class='ocrx_word' id='word_1_167' title='bbox 1899 2553 2045 2599; x_wconf 89' lang='lat' dir='ltr'><strong>esset</strong></span> <span class='ocrx_word' id='word_1_168' title='bbox 2075 2559 2091 2596; x_wconf 91' lang='lat'><em>:</em></span> <span class='ocrx_word' id='word_1_169' title='bbox 2128 2544 2276 2612; x_wconf 88' lang='lat' dir='ltr'><strong>lega-</strong></span> 
     </span>
    </p>
   </div>
   <div class='ocr_carea' id='block_1_27' title="bbox 709 2634 2278 2710">
    <p class='ocr_par' dir='ltr' id='par_1_27' title="bbox 709 2634 2278 2710">
     <span class='ocr_line' id='line_1_27' title="bbox 709 2634 2278 2710; baseline -0.003 -18"><span class='ocrx_word' id='word_1_170' title='bbox 709 2642 883 2710; x_wconf 87' lang='lat' dir='ltr'><strong>tisque</strong></span> <span class='ocrx_word' id='word_1_171' title='bbox 923 2634 1308 2710; x_wconf 67' lang='lat' dir='ltr'><strong>praesentibus,</strong></span> <span class='ocrx_word' id='word_1_172' title='bbox 1350 2653 1407 2692; x_wconf 87' lang='lat' dir='ltr'><strong>se</strong></span> <span class='ocrx_word' id='word_1_173' title='bbox 1453 2654 1562 2692; x_wconf 90' lang='lat' dir='ltr'><strong>non</strong></span> <span class='ocrx_word' id='word_1_174' title='bbox 1588 2639 1824 2706; x_wconf 87' lang='lat' dir='ltr'><strong>amplius</strong></span> <span class='ocrx_word' id='word_1_175' title='bbox 1869 2638 2149 2690; x_wconf 89' lang='lat' dir='ltr'><strong>continere</strong></span> <span class='ocrx_word' id='word_1_176' title='bbox 2180 2650 2278 2704; x_wconf 86' lang='lat' dir='ltr'><strong>po-</strong></span> 
     </span>
    </p>
   </div>
   <div class='ocr_carea' id='block_1_28' title="bbox 709 2728 2269 2800">
    <p class='ocr_par' dir='ltr' id='par_1_28' title="bbox 709 2728 2269 2800">
     <span class='ocr_line' id='line_1_28' title="bbox 709 2728 2269 2800; baseline -0.002 -17"><span class='ocrx_word' id='word_1_177' title='bbox 709 2741 951 2794; x_wconf 82' lang='lat' dir='ltr'><strong>luerunt,</strong></span> <span class='ocrx_word' id='word_1_178' title='bbox 999 2746 1094 2800; x_wconf 89' lang='lat' dir='ltr'><strong>spe</strong></span> <span class='ocrx_word' id='word_1_179' title='bbox 1151 2733 1318 2785; x_wconf 84' lang='lat' dir='ltr'><strong>totius</strong></span> <span class='ocrx_word' id='word_1_180' title='bbox 1361 2729 1560 2783; x_wconf 77' lang='lat' dir='ltr'><strong>Africa:</strong></span> <span class='ocrx_word' id='word_1_181' title='bbox 1607 2728 1941 2797; x_wconf 70' lang='lat' dir='ltr'><strong>occupandae</strong></span> <span class='ocrx_word' id='word_1_182' title='bbox 1980 2737 2269 2795; x_wconf 89' lang='lat' dir='ltr'><strong>concepta.</strong></span> 
     </span>
    </p>
   </div>
   <div class='ocr_carea' id='block_1_29' title="bbox 707 2819 2272 2890">
    <p class='ocr_par' dir='ltr' id='par_1_29' title="bbox 707 2819 2272 2890">
     <span class='ocr_line' id='line_1_29' title="bbox 707 2819 2272 2890; baseline -0.001 -16"><span class='ocrx_word' id='word_1_183' title='bbox 707 2821 894 2890; x_wconf 87' lang='lat' dir='ltr'><strong>Itaque</strong></span> <span class='ocrx_word' id='word_1_184' title='bbox 943 2820 1350 2875; x_wconf 87' lang='lat' dir='ltr'><strong>conditionibus</strong></span> <span class='ocrx_word' id='word_1_185' title='bbox 1395 2836 1424 2874; x_wconf 90' lang='lat' dir='ltr'><strong>a</strong></span> <span class='ocrx_word' id='word_1_186' title='bbox 1469 2836 1573 2873; x_wconf 91' lang='lat' dir='ltr'><strong>con</strong></span> <span class='ocrx_word' id='word_1_187' title='bbox 1614 2819 1797 2873; x_wconf 80' lang='lat' dir='ltr'><strong>ulibus</strong></span> <span class='ocrx_word' id='word_1_188' title='bbox 1837 2820 2135 2888; x_wconf 88' lang='lat' dir='ltr'><strong>propositis</strong></span> <span class='ocrx_word' id='word_1_189' title='bbox 2162 2833 2272 2873; x_wconf 93' lang='lat' dir='ltr'><strong>non</strong></span> 
     </span>
    </p>
   </div>
   <div class='ocr_carea' id='block_1_30' title="bbox 705 2911 2276 2981">
    <p class='ocr_par' dir='ltr' id='par_1_30' title="bbox 705 2911 2276 2981">
     <span class='ocr_line' id='line_1_30' title="bbox 705 2911 2276 2981; baseline -0.001 -16"><span class='ocrx_word' id='word_1_190' title='bbox 705 2914 1139 2981; x_wconf 86' lang='lat' dir='ltr'><strong>acquiescentes,</strong></span> <span class='ocrx_word' id='word_1_191' title='bbox 1171 2923 1223 2966; x_wconf 91' lang='lat' dir='ltr'><strong>et</strong></span> <span class='ocrx_word' id='word_1_192' title='bbox 1258 2912 1544 2981; x_wconf 89' lang='lat' dir='ltr'><strong>pecuniam</strong></span> <span class='ocrx_word' id='word_1_193' title='bbox 1588 2911 1864 2981; x_wconf 86' lang='lat' dir='ltr'><strong>promissa</strong></span> <span class='ocrx_word' id='word_1_194' title='bbox 1910 2915 2068 2980; x_wconf 86' lang='lat' dir='ltr'><strong>longe</strong></span> <span class='ocrx_word' id='word_1_195' title='bbox 2103 2913 2276 2981; x_wconf 86' lang='lat' dir='ltr'><strong>majo-</strong></span> 
     </span>
    </p>
   </div>
   <div class='ocr_carea' id='block_1_31' title="bbox 707 3004 2274 3074">
    <p class='ocr_par' dir='ltr' id='par_1_31' title="bbox 707 3004 2274 3074">
     <span class='ocr_line' id='line_1_31' title="bbox 707 3004 2274 3074; baseline -0.001 -16"><span class='ocrx_word' id='word_1_196' title='bbox 707 3021 817 3060; x_wconf 86' lang='lat' dir='ltr'><strong>rem</strong></span> <span class='ocrx_word' id='word_1_197' title='bbox 852 3006 1202 3074; x_wconf 83' lang='lat' dir='ltr'><strong>postularunt</strong></span> <span class='ocrx_word' id='word_1_198' title='bbox 1233 3023 1246 3058; x_wconf 90' lang='lat'><strong>:</strong></span> <span class='ocrx_word' id='word_1_199' title='bbox 1284 3014 1340 3060; x_wconf 90' lang='lat' dir='ltr'><strong>et</strong></span> <span class='ocrx_word' id='word_1_200' title='bbox 1387 3004 1814 3070; x_wconf 79' lang='lat' dir='ltr'><strong>interdixerunt,</strong></span> <span class='ocrx_word' id='word_1_201' title='bbox 1846 3019 1914 3058; x_wconf 91' lang='lat' dir='ltr'><strong>ne</strong></span> <span class='ocrx_word' id='word_1_202' title='bbox 1957 3004 2132 3072; x_wconf 83' lang='lat' dir='ltr'><strong>longis</strong></span> <span class='ocrx_word' id='word_1_203' title='bbox 2178 3018 2274 3057; x_wconf 89' lang='lat' dir='ltr'><strong>na-</strong></span> 
     </span>
    </p>
   </div>
   <div class='ocr_carea' id='block_1_32' title="bbox 707 3086 2270 3164">
    <p class='ocr_par' dir='ltr' id='par_1_32' title="bbox 707 3086 2270 3164">
     <span class='ocr_line' id='line_1_32' title="bbox 707 3086 2270 3164; baseline -0.001 -14"><span class='ocrx_word' id='word_1_204' title='bbox 707 3097 864 3150; x_wconf 84' lang='lat' dir='ltr'><strong>vibus</strong></span> <span class='ocrx_word' id='word_1_205' title='bbox 901 3099 983 3150; x_wconf 90' lang='lat' dir='ltr'><strong>vel</strong></span> <span class='ocrx_word' id='word_1_206' title='bbox 1017 3097 1083 3150; x_wconf 88' lang='lat' dir='ltr'><strong>ad</strong></span> <span class='ocrx_word' id='word_1_207' title='bbox 1115 3097 1346 3158; x_wconf 86' lang='lat' dir='ltr'><strong>Italiam,</strong></span> <span class='ocrx_word' id='word_1_208' title='bbox 1375 3097 1457 3148; x_wconf 91' lang='lat' dir='ltr'><strong>vel</strong></span> <span class='ocrx_word' id='word_1_209' title='bbox 1490 3094 1556 3148; x_wconf 89' lang='lat' dir='ltr'><strong>ad</strong></span> <span class='ocrx_word' id='word_1_210' title='bbox 1591 3086 1722 3148; x_wconf 84' lang='lat' dir='ltr'><strong>alias</strong></span> <span class='ocrx_word' id='word_1_211' title='bbox 1750 3095 1930 3150; x_wconf 85' lang='lat' dir='ltr'><strong>socias</strong></span> <span class='ocrx_word' id='word_1_212' title='bbox 1960 3096 2270 3164; x_wconf 87' lang='lat' dir='ltr'><strong>provincias</strong></span> 
     </span>
    </p>
   </div>
   <div class='ocr_carea' id='block_1_33' title="bbox 706 3186 2340 3274">
    <p class='ocr_par' dir='ltr' id='par_1_33' title="bbox 706 3186 2340 3274">
     <span class='ocr_line' id='line_1_33' title="bbox 706 3186 2340 3274; baseline -0.001 -32"><span class='ocrx_word' id='word_1_213' title='bbox 706 3189 1049 3250; x_wconf 82' lang='lat' dir='ltr'><strong>accederent,</strong></span> <span class='ocrx_word' id='word_1_214' title='bbox 1085 3197 1176 3241; x_wconf 89' lang='lat' dir='ltr'><strong>aut</strong></span> <span class='ocrx_word' id='word_1_215' title='bbox 1213 3187 1567 3241; x_wconf 81' lang='lat' dir='ltr'><strong>conductitiis</strong></span> <span class='ocrx_word' id='word_1_216' title='bbox 1598 3186 1722 3240; x_wconf 90' lang='lat' dir='ltr'><strong>inde</strong></span> <span class='ocrx_word' id='word_1_217' title='bbox 1750 3187 2020 3241; x_wconf 88' lang='lat' dir='ltr'><strong>militibus</strong></span> <span class='ocrx_word' id='word_1_218' title='bbox 2051 3196 2268 3241; x_wconf 90' lang='lat' dir='ltr'><strong>uteren-</strong></span> <span class='ocrx_word' id='word_1_219' title='bbox 2297 3212 2340 3274; x_wconf 66' lang='grc' dir='ltr'><strong>ρ</strong></span> 
     </span>
    </p>
   </div>
   <div class='ocr_carea' id='block_1_34' title="bbox 707 3279 2272 3350">
    <p class='ocr_par' dir='ltr' id='par_1_34' title="bbox 707 3279 2272 3350">
     <span class='ocr_line' id='line_1_34' title="bbox 707 3279 2272 3350; baseline -0.001 -16"><span class='ocrx_word' id='word_1_220' title='bbox 707 3293 812 3334; x_wconf 89' lang='lat' dir='ltr'><strong>tur.</strong></span> <span class='ocrx_word' id='word_1_221' title='bbox 851 3285 1025 3350; x_wconf 81' lang='lat' dir='ltr'><strong>Atque</strong></span> <span class='ocrx_word' id='word_1_222' title='bbox 1058 3280 1131 3333; x_wconf 91' lang='lat' dir='ltr'><strong>ita</strong></span> <span class='ocrx_word' id='word_1_223' title='bbox 1165 3284 1340 3350; x_wconf 88' lang='lat' dir='ltr'><strong>primo</strong></span> <span class='ocrx_word' id='word_1_224' title='bbox 1369 3280 1509 3332; x_wconf 91' lang='lat' dir='ltr'><strong>bello</strong></span> <span class='ocrx_word' id='word_1_225' title='bbox 1549 3279 1781 3342; x_wconf 90' lang='lat' dir='ltr'><strong>Punico,</strong></span> <span class='ocrx_word' id='word_1_226' title='bbox 1815 3293 1959 3333; x_wconf 91' lang='lat' dir='ltr'><strong>anno</strong></span> <span class='ocrx_word' id='word_1_227' title='bbox 1993 3293 2188 3348; x_wconf 88' lang='lat' dir='ltr'><strong>quarto</strong></span> <span class='ocrx_word' id='word_1_228' title='bbox 2217 3291 2272 3334; x_wconf 93' lang='lat' dir='ltr'><strong>et</strong></span> 
     </span>
    </p>
   </div>
   <div class='ocr_carea' id='block_1_35' title="bbox 706 3355 2274 3440">
    <p class='ocr_par' dir='ltr' id='par_1_35' title="bbox 706 3355 2274 3440">
     <span class='ocr_line' id='line_1_35' title="bbox 706 3355 2274 3440; baseline -0.003 -12"><span class='ocrx_word' id='word_1_229' title='bbox 706 3375 967 3429; x_wconf 78' lang='lat' dir='ltr'><strong>vicesimo</strong></span> <span class='ocrx_word' id='word_1_230' title='bbox 1007 3391 1036 3425; x_wconf 86' lang='lat' dir='ltr'><strong>a</strong></span> <span class='ocrx_word' id='word_1_231' title='bbox 1064 3372 1324 3426; x_wconf 79' lang='lat' dir='ltr'><strong>Romanis</strong></span> <span class='ocrx_word' id='word_1_232' title='bbox 1363 3355 1641 3434; x_wconf 62' lang='lat' dir='ltr'><strong>conlecto,</strong></span> <span class='ocrx_word' id='word_1_233' title='bbox 1689 3370 1916 3424; x_wconf 89' lang='lat' dir='ltr'><strong>Catulus</strong></span> <span class='ocrx_word' id='word_1_234' title='bbox 1969 3373 2274 3440; x_wconf 83' lang='lat' dir='ltr'><strong>triumpha-</strong></span> 
     </span>
    </p>
   </div>
   <div class='ocr_carea' id='block_1_36' title="bbox 703 3462 2273 3532">
    <p class='ocr_par' dir='ltr' id='par_1_36' title="bbox 703 3462 2273 3532">
     <span class='ocr_line' id='line_1_36' title="bbox 703 3462 2273 3532; baseline -0.004 -10"><span class='ocrx_word' id='word_1_235' title='bbox 703 3470 801 3522; x_wconf 87' lang='lat' dir='ltr'><strong>vit.</strong></span> <span class='ocrx_word' id='word_1_236' title='bbox 833 3468 1067 3532; x_wconf 84' lang='lat' dir='ltr'><strong>Quintus</strong></span> <span class='ocrx_word' id='word_1_237' title='bbox 1100 3481 1226 3520; x_wconf 87' lang='lat' dir='ltr'><strong>vero</strong></span> <span class='ocrx_word' id='word_1_238' title='bbox 1270 3464 1578 3526; x_wconf 86' lang='lat' dir='ltr'><strong>Luctalius,</strong></span> <span class='ocrx_word' id='word_1_239' title='bbox 1640 3471 1761 3531; x_wconf 91' lang='lat' dir='ltr'><strong>post</strong></span> <span class='ocrx_word' id='word_1_240' title='bbox 1816 3462 2163 3517; x_wconf 90' lang='lat' dir='ltr'><strong>consulatum</strong></span> <span class='ocrx_word' id='word_1_241' title='bbox 2219 3465 2273 3516; x_wconf 93' lang='lat' dir='ltr'><strong>in</strong></span> 
     </span>
    </p>
   </div>
   <div class='ocr_carea' id='block_1_37' title="bbox 705 3555 2271 3628">
    <p class='ocr_par' dir='ltr' id='par_1_37' title="bbox 705 3555 2271 3628">
     <span class='ocr_line' id='line_1_37' title="bbox 705 3555 2271 3628; baseline -0.005 -12"><span class='ocrx_word' id='word_1_242' title='bbox 705 3564 944 3616; x_wconf 83' lang='lat' dir='ltr'><strong>Siciliam</strong></span> <span class='ocrx_word' id='word_1_243' title='bbox 995 3559 1293 3628; x_wconf 86' lang='lat' dir='ltr'><strong>profectus,</strong></span> <span class='ocrx_word' id='word_1_244' title='bbox 1343 3572 1466 3610; x_wconf 91' lang='lat' dir='ltr'><strong>cum</strong></span> <span class='ocrx_word' id='word_1_245' title='bbox 1521 3555 1690 3609; x_wconf 90' lang='lat' dir='ltr'><strong>fratre</strong></span> <span class='ocrx_word' id='word_1_246' title='bbox 1738 3555 1931 3609; x_wconf 84' lang='lat' dir='ltr'><strong>Catulo</strong></span> <span class='ocrx_word' id='word_1_247' title='bbox 1977 3557 2159 3609; x_wconf 88' lang='lat' dir='ltr'><strong>omnia</strong></span> <span class='ocrx_word' id='word_1_248' title='bbox 2199 3556 2271 3610; x_wconf 88' lang='lat' dir='ltr'><strong>ibi</strong></span> 
     </span>
    </p>
   </div>
   <div class='ocr_carea' id='block_1_38' title="bbox 704 3648 2271 3716">
    <p class='ocr_par' dir='ltr' id='par_1_38' title="bbox 704 3648 2271 3716">
     <span class='ocr_line' id='line_1_38' title="bbox 704 3648 2271 3716; baseline -0.003 -10"><span class='ocrx_word' id='word_1_249' title='bbox 704 3651 1000 3706; x_wconf 84' lang='lat' dir='ltr'><strong>ordinavit.</strong></span> <span class='ocrx_word' id='word_1_250' title='bbox 1063 3649 1262 3703; x_wconf 82' lang='lat' dir='ltr'><strong>Siculis</strong></span> <span class='ocrx_word' id='word_1_251' title='bbox 1330 3663 1480 3700; x_wconf 89' lang='lat' dir='ltr'><strong>arma</strong></span> <span class='ocrx_word' id='word_1_252' title='bbox 1537 3648 1833 3716; x_wconf 87' lang='lat' dir='ltr'><strong>adempta:</strong></span> <span class='ocrx_word' id='word_1_253' title='bbox 1903 3657 2012 3701; x_wconf 90' lang='lat' dir='ltr'><strong>tota</strong></span> <span class='ocrx_word' id='word_1_254' title='bbox 2072 3649 2271 3713; x_wconf 78' lang='lat' dir='ltr'><strong>insula,</strong></span> 
     </span>
    </p>
   </div>
   <div class='ocr_carea' id='block_1_39' title="bbox 700 3737 2276 3808">
    <p class='ocr_par' dir='ltr' id='par_1_39' title="bbox 700 3737 2276 3808">
     <span class='ocr_line' id='line_1_39' title="bbox 700 3737 2276 3808; baseline -0.003 -12"><span class='ocrx_word' id='word_1_255' title='bbox 700 3743 958 3796; x_wconf 78' lang='lat' dir='ltr'><strong>Hieronis</strong></span> <span class='ocrx_word' id='word_1_256' title='bbox 1005 3749 1234 3808; x_wconf 85' lang='lat' dir='ltr'><strong>excepto</strong></span> <span class='ocrx_word' id='word_1_257' title='bbox 1285 3737 1538 3806; x_wconf 90' lang='lat' dir='ltr'><strong>imperio,</strong></span> <span class='ocrx_word' id='word_1_258' title='bbox 1573 3752 1603 3789; x_wconf 90' lang='lat' dir='ltr'><strong>a</strong></span> <span class='ocrx_word' id='word_1_259' title='bbox 1650 3737 1908 3789; x_wconf 89' lang='lat' dir='ltr'><strong>Romanis</strong></span> <span class='ocrx_word' id='word_1_260' title='bbox 1937 3737 2183 3801; x_wconf 88' lang='lat' dir='ltr'><strong>subacta,</strong></span> <span class='ocrx_word' id='word_1_261' title='bbox 2220 3747 2276 3791; x_wconf 91' lang='lat' dir='ltr'><strong>et</strong></span> 
     </span>
    </p>
   </div>
   <div class='ocr_carea' id='block_1_40' title="bbox 703 3825 2273 3897">
    <p class='ocr_par' dir='ltr' id='par_1_40' title="bbox 703 3825 2273 3897">
     <span class='ocr_line' id='line_1_40' title="bbox 703 3825 2273 3897; baseline -0.004 -11"><span class='ocrx_word' id='word_1_262' title='bbox 703 3833 942 3887; x_wconf 86' lang='lat' dir='ltr'><strong>amicitia</strong></span> <span class='ocrx_word' id='word_1_263' title='bbox 1000 3846 1124 3884; x_wconf 89' lang='lat' dir='ltr'><strong>cum</strong></span> <span class='ocrx_word' id='word_1_264' title='bbox 1169 3827 1722 3897; x_wconf 84' lang='lat' dir='ltr'><strong>Carthaginiensibus</strong></span> <span class='ocrx_word' id='word_1_265' title='bbox 1789 3825 2110 3880; x_wconf 90' lang='lat' dir='ltr'><strong>constituta.</strong></span> <span class='ocrx_word' id='word_1_266' title='bbox 2168 3826 2273 3880; x_wconf 86' lang='lat' dir='ltr'><strong>Sed</strong></span> 
     </span>
    </p>
   </div>
   <div class='ocr_carea' id='block_1_41' title="bbox 706 3917 2272 3991">
    <p class='ocr_par' dir='ltr' id='par_1_41' title="bbox 706 3917 2272 3991">
     <span class='ocr_line' id='line_1_41' title="bbox 706 3917 2272 3991; baseline -0.004 -13"><span class='ocrx_word' id='word_1_267' title='bbox 706 3935 921 3991; x_wconf 79' lang='lat' dir='ltr'><strong>utrique</strong></span> <span class='ocrx_word' id='word_1_268' title='bbox 950 3922 1110 3990; x_wconf 84' lang='lat' dir='ltr'><strong>paulo</strong></span> <span class='ocrx_word' id='word_1_269' title='bbox 1137 3930 1262 3990; x_wconf 89' lang='lat' dir='ltr'><strong>post</strong></span> <span class='ocrx_word' id='word_1_270' title='bbox 1293 3920 1525 3974; x_wconf 88' lang='lat' dir='ltr'><strong>scorsim</strong></span> <span class='ocrx_word' id='word_1_271' title='bbox 1556 3919 1659 3972; x_wconf 87' lang='lat' dir='ltr'><strong>alia</strong></span> <span class='ocrx_word' id='word_1_272' title='bbox 1689 3933 1905 3988; x_wconf 87' lang='lat' dir='ltr'><strong>gessere</strong></span> <span class='ocrx_word' id='word_1_273' title='bbox 1941 3917 2102 3973; x_wconf 85' lang='lat' dir='ltr'><strong>bella.</strong></span> <span class='ocrx_word' id='word_1_274' title='bbox 2138 3919 2272 3973; x_wconf 82' lang='lat' dir='ltr'><strong>Nam</strong></span> 
     </span>
    </p>
   </div>
   <div class='ocr_carea' id='block_1_42' title="bbox 703 4011 2271 4083">
    <p class='ocr_par' dir='ltr' id='par_1_42' title="bbox 703 4011 2271 4083">
     <span class='ocr_line' id='line_1_42' title="bbox 703 4011 2271 4083; baseline -0.004 -12"><span class='ocrx_word' id='word_1_275' title='bbox 703 4015 1201 4083; x_wconf 62' lang='lat' dir='ltr'><strong>Carthaginienses,</strong></span> <span class='ocrx_word' id='word_1_276' title='bbox 1223 4011 1417 4079; x_wconf 88' lang='lat' dir='ltr'><strong>reliqui</strong></span> <span class='ocrx_word' id='word_1_277' title='bbox 1447 4026 1639 4063; x_wconf 90' lang='lat' dir='ltr'><strong>eorum</strong></span> <span class='ocrx_word' id='word_1_278' title='bbox 1670 4011 2037 4079; x_wconf 87' lang='lat' dir='ltr'><strong>stipendiarii,</strong></span> <span class='ocrx_word' id='word_1_279' title='bbox 2068 4021 2122 4064; x_wconf 92' lang='lat' dir='ltr'><strong>et</strong></span> <span class='ocrx_word' id='word_1_280' title='bbox 2152 4026 2271 4064; x_wconf 89' lang='lat' dir='ltr'><strong>ser-</strong></span> 
     </span>
    </p>
   </div>
   <div class='ocr_carea' id='block_1_43' title="bbox 705 4101 2272 4168">
    <p class='ocr_par' dir='ltr' id='par_1_43' title="bbox 705 4101 2272 4168">
     <span class='ocr_line' id='line_1_43' title="bbox 705 4101 2272 4168; baseline -0.006 -5"><span class='ocrx_word' id='word_1_281' title='bbox 705 4110 832 4163; x_wconf 87' lang='lat' dir='ltr'><strong>vitia</strong></span> <span class='ocrx_word' id='word_1_282' title='bbox 867 4105 1121 4168; x_wconf 79' lang='lat' dir='ltr'><strong>civitatis,</strong></span> <span class='ocrx_word' id='word_1_283' title='bbox 1145 4113 1199 4158; x_wconf 91' lang='lat' dir='ltr'><strong>et</strong></span> <span class='ocrx_word' id='word_1_284' title='bbox 1232 4103 1386 4156; x_wconf 81' lang='lat' dir='ltr'><strong>inulti</strong></span> <span class='ocrx_word' id='word_1_285' title='bbox 1414 4117 1478 4156; x_wconf 78' lang='lat' dir='ltr'><strong>ex</strong></span> <span class='ocrx_word' id='word_1_286' title='bbox 1505 4101 1772 4165; x_wconf 84' lang='lat' dir='ltr'><strong>finitimis,</strong></span> <span class='ocrx_word' id='word_1_287' title='bbox 1803 4104 2030 4154; x_wconf 83' lang='lat' dir='ltr'><strong>adversa</strong></span> <span class='ocrx_word' id='word_1_288' title='bbox 2055 4103 2272 4154; x_wconf 90' lang='lat' dir='ltr'><strong>illorum</strong></span> 
     </span>
    </p>
   </div>
   <div class='ocr_carea' id='block_1_44' title="bbox 706 4192 2276 4262">
    <p class='ocr_par' dir='ltr' id='par_1_44' title="bbox 706 4192 2276 4262">
     <span class='ocr_line' id='line_1_44' title="bbox 706 4192 2276 4262; baseline -0.004 -9"><span class='ocrx_word' id='word_1_289' title='bbox 706 4203 921 4254; x_wconf 82' lang='lat' dir='ltr'><strong>fortuna</strong></span> <span class='ocrx_word' id='word_1_290' title='bbox 957 4198 1102 4262; x_wconf 86' lang='lat' dir='ltr'><strong>freti,</strong></span> <span class='ocrx_word' id='word_1_291' title='bbox 1139 4197 1474 4249; x_wconf 86' lang='lat' dir='ltr'><strong>invaserunt.</strong></span> <span class='ocrx_word' id='word_1_292' title='bbox 1504 4194 1730 4248; x_wconf 88' lang='lat' dir='ltr'><strong>Romani</strong></span> <span class='ocrx_word' id='word_1_293' title='bbox 1763 4207 1884 4246; x_wconf 82' lang='lat' dir='ltr'><strong>cum</strong></span> <span class='ocrx_word' id='word_1_294' title='bbox 1924 4193 1992 4245; x_wconf 84' lang='lat' dir='ltr'><strong>ab</strong></span> <span class='ocrx_word' id='word_1_295' title='bbox 2023 4192 2276 4246; x_wconf 84' lang='lat' dir='ltr'><strong>hostibus</strong></span> 
     </span>
    </p>
   </div>
   <div class='ocr_carea' id='block_1_45' title="bbox 704 4287 2276 4351">
    <p class='ocr_par' dir='ltr' id='par_1_45' title="bbox 704 4287 2276 4351">
     <span class='ocr_line' id='line_1_45' title="bbox 704 4287 2276 4351; baseline -0.004 -4"><span class='ocrx_word' id='word_1_296' title='bbox 704 4293 921 4347; x_wconf 90' lang='lat' dir='ltr'><strong>illorum</strong></span> <span class='ocrx_word' id='word_1_297' title='bbox 965 4296 1402 4351; x_wconf 84' lang='lat' dir='ltr'><strong>accerserentur,</strong></span> <span class='ocrx_word' id='word_1_298' title='bbox 1456 4287 1594 4340; x_wconf 85' lang='lat' dir='ltr'><strong>adeo</strong></span> <span class='ocrx_word' id='word_1_299' title='bbox 1630 4300 1738 4338; x_wconf 92' lang='lat' dir='ltr'><strong>non</strong></span> <span class='ocrx_word' id='word_1_300' title='bbox 1793 4293 2172 4347; x_wconf 84' lang='lat' dir='ltr'><strong>assenserunt,</strong></span> <span class='ocrx_word' id='word_1_301' title='bbox 2217 4294 2276 4341; x_wconf 91' lang='lat' dir='ltr'><strong>ut</strong></span> 
     </span>
    </p>
   </div>
   <div class='ocr_carea' id='block_1_46' title="bbox 703 4376 2275 4449">
    <p class='ocr_par' dir='ltr' id='par_1_46' title="bbox 703 4376 2275 4449">
     <span class='ocr_line' id='line_1_46' title="bbox 703 4376 2275 4449; baseline -0.004 -14"><span class='ocrx_word' id='word_1_302' title='bbox 703 4397 826 4435; x_wconf 88' lang='lat' dir='ltr'><strong>cum</strong></span> <span class='ocrx_word' id='word_1_303' title='bbox 863 4395 970 4449; x_wconf 86' lang='lat' dir='ltr'><strong>per</strong></span> <span class='ocrx_word' id='word_1_304' title='bbox 1021 4379 1227 4447; x_wconf 82' lang='lat' dir='ltr'><strong>legatos</strong></span> <span class='ocrx_word' id='word_1_305' title='bbox 1283 4376 1639 4431; x_wconf 85' lang='lat' dir='ltr'><strong>reconciliare</strong></span> <span class='ocrx_word' id='word_1_306' title='bbox 1696 4376 1814 4429; x_wconf 90' lang='lat' dir='ltr'><strong>illos</strong></span> <span class='ocrx_word' id='word_1_307' title='bbox 1865 4389 1971 4427; x_wconf 92' lang='lat' dir='ltr'><strong>non</strong></span> <span class='ocrx_word' id='word_1_308' title='bbox 2023 4385 2275 4446; x_wconf 83' lang='lat' dir='ltr'><strong>possent,</strong></span> 
     </span>
    </p>
   </div>
   <div class='ocr_carea' id='block_1_47' title="bbox 703 4467 2276 4539">
    <p class='ocr_par' dir='ltr' id='par_1_47' title="bbox 703 4467 2276 4539">
     <span class='ocr_line' id='line_1_47' title="bbox 703 4467 2276 4539; baseline -0.003 -12"><span class='ocrx_word' id='word_1_309' title='bbox 703 4489 894 4528; x_wconf 91' lang='lat' dir='ltr'><strong>omnes</strong></span> <span class='ocrx_word' id='word_1_310' title='bbox 932 4468 1471 4539; x_wconf 82' lang='lat' dir='ltr'><strong>Carthaginiensium</strong></span> <span class='ocrx_word' id='word_1_311' title='bbox 1524 4467 1766 4536; x_wconf 87' lang='lat' dir='ltr'><strong>captivos</strong></span> <span class='ocrx_word' id='word_1_312' title='bbox 1811 4468 1982 4536; x_wconf 82' lang='lat' dir='ltr'><strong>gratis</strong></span> <span class='ocrx_word' id='word_1_313' title='bbox 2034 4469 2276 4522; x_wconf 87' lang='lat' dir='ltr'><strong>dimitte-</strong></span> 
     </span>
    </p>
   </div>
   <div class='ocr_carea' id='block_1_48' title="bbox 2380 629 3936 702">
    <p class='ocr_par' dir='ltr' id='par_1_48' title="bbox 2380 629 3936 702">
     <span class='ocr_line' id='line_1_48' title="bbox 2380 629 3936 702; baseline 0.001 -20"><span class='ocrx_word' id='word_1_314' title='bbox 2380 629 2638 684; x_wconf 79' lang='grc' dir='ltr'>ναυτικοῦ</span> <span class='ocrx_word' id='word_1_315' title='bbox 2665 633 3083 701; x_wconf 81' lang='grc' dir='ltr'><strong>καταστήσωσιν</strong></span> <span class='ocrx_word' id='word_1_316' title='bbox 3107 647 3121 659; x_wconf 84' lang='lat'><strong><em>°</em></strong></span> <span class='ocrx_word' id='word_1_317' title='bbox 3153 631 3201 683; x_wconf 82' lang='grc' dir='ltr'><strong>οί</strong></span> <span class='ocrx_word' id='word_1_318' title='bbox 3235 631 3279 684; x_wconf 81' lang='grc' dir='ltr'>δ’</span> <span class='ocrx_word' id='word_1_319' title='bbox 3303 632 3391 685; x_wconf 75' lang='grc' dir='ltr'>ἵνα</span> <span class='ocrx_word' id='word_1_320' title='bbox 3421 633 3514 684; x_wconf 73' lang='grc' dir='ltr'>καὶ</span> <span class='ocrx_word' id='word_1_321' title='bbox 3551 633 3652 695; x_wconf 79' lang='grc' dir='ltr'><strong>τὰς</strong></span> <span class='ocrx_word' id='word_1_322' title='bbox 3682 633 3936 702; x_wconf 70' lang='grc' dir='ltr'>προτέρας</span> 
     </span>
    </p>
   </div>
   <div class='ocr_carea' id='block_1_49' title="bbox 2378 721 3936 792">
    <p class='ocr_par' dir='ltr' id='par_1_49' title="bbox 2378 721 3936 792">
     <span class='ocr_line' id='line_1_49' title="bbox 2378 721 3936 792; baseline -0.001 -16"><span class='ocrx_word' id='word_1_323' title='bbox 2378 723 2824 776; x_wconf 86' lang='grc' dir='ltr'>ἀνακαλέσωνται</span> <span class='ocrx_word' id='word_1_324' title='bbox 2858 722 3177 791; x_wconf 80' lang='grc' dir='ltr'>συμφοράς·</span> <span class='ocrx_word' id='word_1_325' title='bbox 3221 723 3370 792; x_wconf 80' lang='grc' dir='ltr'>ὅμως</span> <span class='ocrx_word' id='word_1_326' title='bbox 3393 721 3438 774; x_wconf 80' lang='grc' dir='ltr'>δ’</span> <span class='ocrx_word' id='word_1_327' title='bbox 3462 722 3555 775; x_wconf 75' lang='grc' dir='ltr'>οὖν</span> <span class='ocrx_word' id='word_1_328' title='bbox 3589 724 3638 775; x_wconf 88' lang='grc' dir='ltr'><strong>οί</strong></span> <span class='ocrx_word' id='word_1_329' title='bbox 3687 724 3936 792; x_wconf 70' lang='grc' dir='ltr'>Ῥωμαῖοι</span> 
     </span>
    </p>
   </div>
   <div class='ocr_carea' id='block_1_50' title="bbox 2379 815 3936 886">
    <p class='ocr_par' dir='ltr' id='par_1_50' title="bbox 2379 815 3936 886">
     <span class='ocr_line' id='line_1_50' title="bbox 2379 815 3936 886; baseline 0.002 -20"><span class='ocrx_word' id='word_1_330' title='bbox 2379 815 2477 885; x_wconf 80' lang='grc' dir='ltr'>τὴν</span> <span class='ocrx_word' id='word_1_331' title='bbox 2501 815 2658 885; x_wconf 87' lang='grc' dir='ltr'>νίκην</span> <span class='ocrx_word' id='word_1_332' title='bbox 2689 817 3011 886; x_wconf 69' lang='grc' dir='ltr'>ἤραντο.Τά</span> <span class='ocrx_word' id='word_1_333' title='bbox 3039 816 3146 884; x_wconf 86' lang='grc' dir='ltr'><strong>γάρ</strong></span> <span class='ocrx_word' id='word_1_334' title='bbox 3181 816 3290 872; x_wconf 87' lang='grc' dir='ltr'><strong>τῶν</strong></span> <span class='ocrx_word' id='word_1_335' title='bbox 3321 816 3707 884; x_wconf 74' lang='grc' dir='ltr'><strong>Καρχηδονίων</strong></span> <span class='ocrx_word' id='word_1_336' title='bbox 3741 819 3936 884; x_wconf 70' lang='grc' dir='ltr'>σκάφτ,</span> 
     </span>
    </p>
   </div>
   <div class='ocr_carea' id='block_1_51' title="bbox 2379 907 3935 979">
    <p class='ocr_par' dir='ltr' id='par_1_51' title="bbox 2379 907 3935 979">
     <span class='ocr_line' id='line_1_51' title="bbox 2379 907 3935 979; baseline 0.001 -21"><span class='ocrx_word' id='word_1_337' title='bbox 2379 908 2574 977; x_wconf 79' lang='grc' dir='ltr'>φορτία</span> <span class='ocrx_word' id='word_1_338' title='bbox 2621 907 2856 977; x_wconf 81' lang='grc' dir='ltr'>φέροντα</span> <span class='ocrx_word' id='word_1_339' title='bbox 2911 910 3046 979; x_wconf 59' lang='grc' dir='ltr'>πρὶς</span> <span class='ocrx_word' id='word_1_340' title='bbox 3107 911 3218 970; x_wconf 85' lang='grc' dir='ltr'>τοῖς</span> <span class='ocrx_word' id='word_1_341' title='bbox 3275 909 3475 972; x_wconf 73' lang='grc' dir='ltr'>ἄλλοις,</span> <span class='ocrx_word' id='word_1_342' title='bbox 3533 909 3626 962; x_wconf 73' lang='grc' dir='ltr'>καὶ</span> <span class='ocrx_word' id='word_1_343' title='bbox 3657 913 3830 970; x_wconf 86' lang='grc' dir='ltr'>σῖτον,</span> <span class='ocrx_word' id='word_1_344' title='bbox 3859 911 3935 961; x_wconf 73' lang='grc' dir='ltr'>καὶ</span> 
     </span>
    </p>
   </div>
   <div class='ocr_carea' id='block_1_52' title="bbox 2379 999 3936 1070">
    <p class='ocr_par' dir='ltr' id='par_1_52' title="bbox 2379 999 3936 1070">
     <span class='ocr_line' id='line_1_52' title="bbox 2379 999 3936 1070; baseline 0.001 -19"><span class='ocrx_word' id='word_1_345' title='bbox 2379 999 2658 1068; x_wconf 82' lang='grc' dir='ltr'>χρήματα,</span> <span class='ocrx_word' id='word_1_346' title='bbox 2689 1000 3038 1070; x_wconf 80' lang='grc' dir='ltr'>ἐϐαρύνοντο.</span> <span class='ocrx_word' id='word_1_347' title='bbox 3057 1001 3116 1053; x_wconf 83' lang='grc' dir='ltr'><strong>Ὀ</strong></span> <span class='ocrx_word' id='word_1_348' title='bbox 3140 1001 3184 1053; x_wconf 82' lang='grc' dir='ltr'>δ’</span> <span class='ocrx_word' id='word_1_349' title='bbox 3212 1002 3441 1065; x_wconf 81' lang='grc' dir='ltr'>Ἀννων,</span> <span class='ocrx_word' id='word_1_350' title='bbox 3467 999 3773 1070; x_wconf 85' lang='grc' dir='ltr'>διαφυγὼν,</span> <span class='ocrx_word' id='word_1_351' title='bbox 3793 1001 3936 1061; x_wconf 68' lang='grc' dir='ltr'>εὐθὺς</span> 
     </span>
    </p>
   </div>
   <div class='ocr_carea' id='block_1_53' title="bbox 2377 1089 3934 1162">
    <p class='ocr_par' dir='ltr' id='par_1_53' title="bbox 2377 1089 3934 1162">
     <span class='ocr_line' id='line_1_53' title="bbox 2377 1089 3934 1162; baseline 0.001 -22"><span class='ocrx_word' id='word_1_352' title='bbox 2377 1091 2458 1152; x_wconf 83' lang='grc' dir='ltr'><strong>είς</strong></span> <span class='ocrx_word' id='word_1_353' title='bbox 2478 1090 2574 1158; x_wconf 84' lang='grc' dir='ltr'>τὴν</span> <span class='ocrx_word' id='word_1_354' title='bbox 2604 1091 2929 1162; x_wconf 81' lang='grc' dir='ltr'><strong>Καρχηδόνα</strong></span> <span class='ocrx_word' id='word_1_355' title='bbox 2953 1090 3213 1161; x_wconf 75' lang='grc' dir='ltr'>ἠπείχθη.</span> <span class='ocrx_word' id='word_1_356' title='bbox 3240 1092 3300 1143; x_wconf 87' lang='grc' dir='ltr'><strong>Οἱ</strong></span> <span class='ocrx_word' id='word_1_357' title='bbox 3323 1090 3683 1160; x_wconf 71' lang='grc' dir='ltr'><strong>Καρχηδόνιοι</strong></span> <span class='ocrx_word' id='word_1_358' title='bbox 3709 1090 3765 1142; x_wconf 78' lang='grc' dir='ltr'><strong>δέ</strong></span> <span class='ocrx_word' id='word_1_359' title='bbox 3796 1089 3934 1158; x_wconf 86' lang='grc' dir='ltr'><strong>θυμῷ</strong></span> 
     </span>
    </p>
   </div>
   <div class='ocr_carea' id='block_1_54' title="bbox 2377 1179 3933 1252">
    <p class='ocr_par' dir='ltr' id='par_1_54' title="bbox 2377 1179 3933 1252">
     <span class='ocr_line' id='line_1_54' title="bbox 2377 1179 3933 1252; baseline 0.001 -20"><span class='ocrx_word' id='word_1_360' title='bbox 2377 1179 2698 1250; x_wconf 72' lang='grc' dir='ltr'><strong>ληφθέντες,</strong></span> <span class='ocrx_word' id='word_1_361' title='bbox 2733 1183 2826 1234; x_wconf 75' lang='grc' dir='ltr'>καὶ</span> <span class='ocrx_word' id='word_1_362' title='bbox 2855 1183 3026 1252; x_wconf 67' lang='grc' dir='ltr'>φόϐῳ,</span> <span class='ocrx_word' id='word_1_363' title='bbox 3058 1182 3149 1235; x_wconf 77' lang='grc' dir='ltr'>τὸν</span> <span class='ocrx_word' id='word_1_364' title='bbox 3176 1182 3274 1251; x_wconf 77' lang='grc' dir='ltr'>μὲν</span> <span class='ocrx_word' id='word_1_365' title='bbox 3305 1182 3752 1249; x_wconf 88' lang='grc' dir='ltr'>ἀνεσταύρωσαν,</span> <span class='ocrx_word' id='word_1_366' title='bbox 3779 1183 3933 1251; x_wconf 78' lang='grc' dir='ltr'>πρέσ-</span> 
     </span>
    </p>
   </div>
   <div class='ocr_carea' id='block_1_55' title="bbox 2379 1269 3933 1342">
    <p class='ocr_par' dir='ltr' id='par_1_55' title="bbox 2379 1269 3933 1342">
     <span class='ocr_line' id='line_1_55' title="bbox 2379 1269 3933 1342; baseline 0 -20"><span class='ocrx_word' id='word_1_367' title='bbox 2379 1269 2493 1332; x_wconf 84' lang='grc' dir='ltr'>6εις</span> <span class='ocrx_word' id='word_1_368' title='bbox 2517 1270 2571 1322; x_wconf 80' lang='grc' dir='ltr'>δὲ</span> <span class='ocrx_word' id='word_1_369' title='bbox 2603 1270 2740 1340; x_wconf 76' lang='grc' dir='ltr'>πρὸς</span> <span class='ocrx_word' id='word_1_370' title='bbox 2767 1273 2987 1341; x_wconf 75' lang='grc' dir='ltr'>εἰρήνην</span> <span class='ocrx_word' id='word_1_371' title='bbox 3013 1271 3088 1340; x_wconf 85' lang='grc' dir='ltr'>τῷ</span> <span class='ocrx_word' id='word_1_372' title='bbox 3115 1271 3347 1342; x_wconf 79' lang='grc' dir='ltr'>Κατύλῳ</span> <span class='ocrx_word' id='word_1_373' title='bbox 3368 1273 3711 1340; x_wconf 79' lang='grc' dir='ltr'>πεπόμφασι.</span> <span class='ocrx_word' id='word_1_374' title='bbox 3744 1272 3851 1324; x_wconf 75' lang='grc' dir='ltr'>Καὶ</span> <span class='ocrx_word' id='word_1_375' title='bbox 3871 1272 3933 1339; x_wconf 80' lang='grc' dir='ltr'>τῷ</span> 
     </span>
    </p>
   </div>
   <div class='ocr_carea' id='block_1_56' title="bbox 2379 1353 3934 1431">
    <p class='ocr_par' dir='ltr' id='par_1_56' title="bbox 2379 1353 3934 1431">
     <span class='ocr_line' id='line_1_56' title="bbox 2379 1353 3934 1431; baseline -0.001 -18"><span class='ocrx_word' id='word_1_376' title='bbox 2379 1360 2514 1431; x_wconf 77' lang='grc' dir='ltr'>πρὸς</span> <span class='ocrx_word' id='word_1_377' title='bbox 2543 1359 2739 1430; x_wconf 83' lang='grc' dir='ltr'>βουλῆς</span> <span class='ocrx_word' id='word_1_378' title='bbox 2771 1355 2840 1430; x_wconf 80' lang='grc' dir='ltr'>ἦν</span> <span class='ocrx_word' id='word_1_379' title='bbox 2870 1362 2963 1414; x_wconf 81' lang='grc' dir='ltr'>τὸν</span> <span class='ocrx_word' id='word_1_380' title='bbox 2993 1353 3229 1431; x_wconf 84' lang='grc' dir='ltr'>πόλεμον</span> <span class='ocrx_word' id='word_1_381' title='bbox 3266 1360 3678 1415; x_wconf 86' lang='grc' dir='ltr'>καταλύσασθαι</span> <span class='ocrx_word' id='word_1_382' title='bbox 3699 1402 3713 1426; x_wconf 91' lang='grc'><strong>,</strong></span> <span class='ocrx_word' id='word_1_383' title='bbox 3735 1363 3829 1414; x_wconf 77' lang='grc' dir='ltr'>,ὅτι</span> <span class='ocrx_word' id='word_1_384' title='bbox 3859 1363 3934 1412; x_wconf 73' lang='grc' dir='ltr'>ἐπὶ</span> 
     </span>
    </p>
   </div>
   <div class='ocr_carea' id='block_1_57' title="bbox 2377 1449 3936 1524">
    <p class='ocr_par' dir='ltr' id='par_1_57' title="bbox 2377 1449 3936 1524">
     <span class='ocr_line' id='line_1_57' title="bbox 2377 1449 3936 1524; baseline -0.002 -21"><span class='ocrx_word' id='word_1_385' title='bbox 2377 1449 2541 1521; x_wconf 78' lang='grc' dir='ltr'>ἐξόδῳ</span> <span class='ocrx_word' id='word_1_386' title='bbox 2568 1449 2736 1516; x_wconf 75' lang='grc' dir='ltr'>οὔσης</span> <span class='ocrx_word' id='word_1_387' title='bbox 2761 1450 2909 1522; x_wconf 80' lang='grc' dir='ltr'>αὐτῷ</span> <span class='ocrx_word' id='word_1_388' title='bbox 2932 1450 3030 1520; x_wconf 84' lang='grc' dir='ltr'>τῆς</span> <span class='ocrx_word' id='word_1_389' title='bbox 3068 1453 3244 1524; x_wconf 83' lang='grc' dir='ltr'>ἀρχῆς</span> <span class='ocrx_word' id='word_1_390' title='bbox 3272 1451 3395 1507; x_wconf 74' lang='grc' dir='ltr'>οὕτε</span> <span class='ocrx_word' id='word_1_391' title='bbox 3435 1453 3502 1506; x_wconf 88' lang='grc' dir='ltr'><strong>δι’</strong></span> <span class='ocrx_word' id='word_1_392' title='bbox 3527 1451 3712 1520; x_wconf 83' lang='grc' dir='ltr'>ὀλίγου</span> <span class='ocrx_word' id='word_1_393' title='bbox 3737 1453 3936 1522; x_wconf 60' lang='grc' dir='ltr'>ἐξαιρῇ-</span> 
     </span>
    </p>
   </div>
   <div class='ocr_carea' id='block_1_58' title="bbox 2378 1543 3933 1614">
    <p class='ocr_par' dir='ltr' id='par_1_58' title="bbox 2378 1543 3933 1614">
     <span class='ocr_line' id='line_1_58' title="bbox 2378 1543 3933 1614; baseline -0.001 -20"><span class='ocrx_word' id='word_1_394' title='bbox 2378 1559 2485 1595; x_wconf 60' lang='grc' dir='ltr'>σειε.</span> <span class='ocrx_word' id='word_1_395' title='bbox 2510 1543 2606 1610; x_wconf 82' lang='grc' dir='ltr'>τὴν</span> <span class='ocrx_word' id='word_1_396' title='bbox 2642 1543 2965 1614; x_wconf 83' lang='grc' dir='ltr'>Καρχηδόνα</span> <span class='ocrx_word' id='word_1_397' title='bbox 3001 1543 3247 1614; x_wconf 72' lang='grc' dir='ltr'>ἡλπιζεν,</span> <span class='ocrx_word' id='word_1_398' title='bbox 3277 1543 3402 1596; x_wconf 75' lang='grc' dir='ltr'>οὔτε</span> <span class='ocrx_word' id='word_1_399' title='bbox 3425 1545 3533 1606; x_wconf 82' lang='grc' dir='ltr'>τοῖς</span> <span class='ocrx_word' id='word_1_400' title='bbox 3557 1543 3824 1613; x_wconf 82' lang='grc' dir='ltr'>διαδόχοις</span> <span class='ocrx_word' id='word_1_401' title='bbox 3852 1544 3933 1611; x_wconf 77' lang='grc' dir='ltr'>τὴν</span> 
     </span>
    </p>
   </div>
   <div class='ocr_carea' id='block_1_59' title="bbox 2375 1633 3934 1708">
    <p class='ocr_par' dir='ltr' id='par_1_59' title="bbox 2375 1633 3934 1708">
     <span class='ocr_line' id='line_1_59' title="bbox 2375 1633 3934 1708; baseline 0.001 -21"><span class='ocrx_word' id='word_1_402' title='bbox 2375 1633 2532 1700; x_wconf 78' lang='grc' dir='ltr'>δόξαν</span> <span class='ocrx_word' id='word_1_403' title='bbox 2569 1634 2677 1687; x_wconf 89' lang='grc' dir='ltr'><strong>τῶν</strong></span> <span class='ocrx_word' id='word_1_404' title='bbox 2700 1637 2895 1689; x_wconf 80' lang='grc' dir='ltr'>ἐαυτοῦ</span> <span class='ocrx_word' id='word_1_405' title='bbox 2923 1637 3102 1690; x_wconf 87' lang='grc' dir='ltr'>πόνων</span> <span class='ocrx_word' id='word_1_406' title='bbox 3133 1637 3457 1690; x_wconf 78' lang='grc' dir='ltr'>καταλιπεῖν</span> <span class='ocrx_word' id='word_1_407' title='bbox 3492 1637 3672 1708; x_wconf 69' lang='grc' dir='ltr'>ἤθελε.</span> <span class='ocrx_word' id='word_1_408' title='bbox 3701 1637 3792 1690; x_wconf 73' lang='grc' dir='ltr'>Διὸ</span> <span class='ocrx_word' id='word_1_409' title='bbox 3821 1639 3934 1688; x_wconf 65' lang='lat' dir='ltr'><strong>ava-</strong></span> 
     </span>
    </p>
   </div>
   <div class='ocr_carea' id='block_1_60' title="bbox 2377 1725 3929 1798">
    <p class='ocr_par' dir='ltr' id='par_1_60' title="bbox 2377 1725 3929 1798">
     <span class='ocr_line' id='line_1_60' title="bbox 2377 1725 3929 1798; baseline 0.003 -22"><span class='ocrx_word' id='word_1_410' title='bbox 2377 1725 2557 1796; x_wconf 78' lang='grc' dir='ltr'>κωχὴν</span> <span class='ocrx_word' id='word_1_411' title='bbox 2581 1727 2899 1796; x_wconf 80' lang='grc' dir='ltr'>ἐποιήσατο,</span> <span class='ocrx_word' id='word_1_412' title='bbox 2951 1729 3046 1780; x_wconf 63' lang='grc' dir='ltr'><strong>καὶ⁹</strong></span> <span class='ocrx_word' id='word_1_413' title='bbox 3094 1728 3198 1798; x_wconf 86' lang='grc' dir='ltr'>χρή</span> <span class='ocrx_word' id='word_1_414' title='bbox 3210 1746 3352 1795; x_wconf 85' lang='grc' dir='ltr'>ματα</span> <span class='ocrx_word' id='word_1_415' title='bbox 3384 1731 3479 1782; x_wconf 76' lang='grc' dir='ltr'>καὶ</span> <span class='ocrx_word' id='word_1_416' title='bbox 3508 1732 3654 1782; x_wconf 82' lang='grc' dir='ltr'>σῖτον</span> <span class='ocrx_word' id='word_1_417' title='bbox 3683 1731 3777 1782; x_wconf 73' lang='grc' dir='ltr'>καὶ</span> <span class='ocrx_word' id='word_1_418' title='bbox 3805 1730 3929 1798; x_wconf 80' lang='grc' dir='ltr'>δμή-</span> 
     </span>
    </p>
   </div>
   <div class='ocr_carea' id='block_1_61' title="bbox 2384 1817 3928 1891">
    <p class='ocr_par' dir='ltr' id='par_1_61' title="bbox 2384 1817 3928 1891">
     <span class='ocr_line' id='line_1_61' title="bbox 2384 1817 3928 1891; baseline 0.001 -23"><span class='ocrx_word' id='word_1_419' title='bbox 2384 1835 2508 1888; x_wconf 85' lang='grc' dir='ltr'>ρους</span> <span class='ocrx_word' id='word_1_420' title='bbox 2544 1817 2691 1887; x_wconf 81' lang='grc' dir='ltr'>αὐτῷ</span> <span class='ocrx_word' id='word_1_421' title='bbox 2723 1818 2925 1881; x_wconf 81' lang='grc' dir='ltr'>δόντες,</span> <span class='ocrx_word' id='word_1_422' title='bbox 2961 1820 3028 1870; x_wconf 77' lang='grc' dir='ltr'><strong>ἶν’</strong></span> <span class='ocrx_word' id='word_1_423' title='bbox 3063 1820 3120 1882; x_wconf 85' lang='grc' dir='ltr'><strong>ἐς</strong></span> <span class='ocrx_word' id='word_1_424' title='bbox 3167 1820 3265 1890; x_wconf 76' lang='grc' dir='ltr'>τὴν</span> <span class='ocrx_word' id='word_1_425' title='bbox 3309 1820 3526 1891; x_wconf 82' lang='grc' dir='ltr'>Ῥώμην</span> <span class='ocrx_word' id='word_1_426' title='bbox 3563 1821 3928 1890; x_wconf 75' lang='grc' dir='ltr'>πρεσϐεύσων-</span> 
     </span>
    </p>
   </div>
   <div class='ocr_carea' id='block_1_62' title="bbox 2377 1908 3928 1984">
    <p class='ocr_par' dir='ltr' id='par_1_62' title="bbox 2377 1908 3928 1984">
     <span class='ocr_line' id='line_1_62' title="bbox 2377 1908 3928 1984; baseline 0.001 -24"><span class='ocrx_word' id='word_1_427' title='bbox 2377 1927 2464 1961; x_wconf 78' lang='grc' dir='ltr'><strong>ται</strong></span> <span class='ocrx_word' id='word_1_428' title='bbox 2531 1910 2622 1960; x_wconf 72' lang='grc' dir='ltr'>ἐπὶ</span> <span class='ocrx_word' id='word_1_429' title='bbox 2674 1908 2752 1979; x_wconf 84' lang='grc' dir='ltr'>τῷ</span> <span class='ocrx_word' id='word_1_430' title='bbox 2801 1910 3052 1974; x_wconf 76' lang='grc' dir='ltr'>Σικελίας</span> <span class='ocrx_word' id='word_1_431' title='bbox 3104 1927 3165 1963; x_wconf 90' lang='grc' dir='ltr'><strong>τε</strong></span> <span class='ocrx_word' id='word_1_432' title='bbox 3199 1913 3398 1974; x_wconf 76' lang='grc' dir='ltr'>αὐτοὺς</span> <span class='ocrx_word' id='word_1_433' title='bbox 3449 1913 3630 1984; x_wconf 80' lang='grc' dir='ltr'>πάσης</span> <span class='ocrx_word' id='word_1_434' title='bbox 3690 1913 3928 1980; x_wconf 71' lang='grc' dir='ltr'>ἐκστῆναι</span> 
     </span>
    </p>
   </div>
   <div class='ocr_carea' id='block_1_63' title="bbox 2392 1999 3928 2076">
    <p class='ocr_par' dir='ltr' id='par_1_63' title="bbox 2392 1999 3928 2076">
     <span class='ocr_line' id='line_1_63' title="bbox 2392 1999 3928 2076; baseline 0 -23"><span class='ocrx_word' id='word_1_435' title='bbox 2392 1999 2701 2068; x_wconf 78' lang='grc' dir='ltr'>Ῥωμαίοις,</span> <span class='ocrx_word' id='word_1_436' title='bbox 2762 2003 2855 2056; x_wconf 77' lang='grc' dir='ltr'>καὶ</span> <span class='ocrx_word' id='word_1_437' title='bbox 2905 2004 3086 2065; x_wconf 84' lang='grc' dir='ltr'>πάσας</span> <span class='ocrx_word' id='word_1_438' title='bbox 3124 2004 3223 2066; x_wconf 85' lang='grc' dir='ltr'>τὰς</span> <span class='ocrx_word' id='word_1_439' title='bbox 3269 2004 3431 2074; x_wconf 78' lang='grc' dir='ltr'>πέριξ</span> <span class='ocrx_word' id='word_1_440' title='bbox 3458 2005 3658 2076; x_wconf 82' lang='grc' dir='ltr'>νήσους</span> <span class='ocrx_word' id='word_1_441' title='bbox 3687 2004 3928 2062; x_wconf 79' lang='grc' dir='ltr'>ἐκλιπεῖν,</span> 
     </span>
    </p>
   </div>
   <div class='ocr_carea' id='block_1_64' title="bbox 2376 2092 3927 2168">
    <p class='ocr_par' dir='ltr' id='par_1_64' title="bbox 2376 2092 3927 2168">
     <span class='ocr_line' id='line_1_64' title="bbox 2376 2092 3927 2168; baseline 0 -24"><span class='ocrx_word' id='word_1_442' title='bbox 2376 2094 2470 2144; x_wconf 76' lang='grc' dir='ltr'>καὶ</span> <span class='ocrx_word' id='word_1_443' title='bbox 2498 2095 2634 2164; x_wconf 81' lang='grc' dir='ltr'>μήτε</span> <span class='ocrx_word' id='word_1_444' title='bbox 2669 2092 2747 2164; x_wconf 80' lang='grc' dir='ltr'>τῷ</span> <span class='ocrx_word' id='word_1_445' title='bbox 2782 2094 2990 2162; x_wconf 83' lang='grc' dir='ltr'>Ἱέρωνι</span> <span class='ocrx_word' id='word_1_446' title='bbox 3023 2094 3301 2165; x_wconf 78' lang='grc' dir='ltr'>πολεμεῖν·</span> <span class='ocrx_word' id='word_1_447' title='bbox 3335 2096 3429 2148; x_wconf 79' lang='grc' dir='ltr'>καὶ</span> <span class='ocrx_word' id='word_1_448' title='bbox 3458 2097 3722 2168; x_wconf 78' lang='grc' dir='ltr'>χρήματα</span> <span class='ocrx_word' id='word_1_449' title='bbox 3761 2095 3825 2149; x_wconf 85' lang='grc' dir='ltr'><strong>τά</strong></span> <span class='ocrx_word' id='word_1_450' title='bbox 3847 2097 3927 2164; x_wconf 78' lang='grc' dir='ltr'>μὲν</span> 
     </span>
    </p>
   </div>
   <div class='ocr_carea' id='block_1_65' title="bbox 2377 2181 3926 2256">
    <p class='ocr_par' dir='ltr' id='par_1_65' title="bbox 2377 2181 3926 2256">
     <span class='ocr_line' id='line_1_65' title="bbox 2377 2181 3926 2256; baseline 0 -21"><span class='ocrx_word' id='word_1_451' title='bbox 2377 2181 2492 2252; x_wconf 74' lang='grc' dir='ltr'>ἅμα</span> <span class='ocrx_word' id='word_1_452' title='bbox 2523 2184 2600 2251; x_wconf 83' lang='grc' dir='ltr'>τῷ</span> <span class='ocrx_word' id='word_1_453' title='bbox 2654 2184 2981 2235; x_wconf 76' lang='grc' dir='ltr'>σπείσασθαι</span> <span class='ocrx_word' id='word_1_454' title='bbox 3027 2183 3231 2248; x_wconf 86' lang='grc' dir='ltr'>δοῦναι,</span> <span class='ocrx_word' id='word_1_455' title='bbox 3255 2187 3322 2237; x_wconf 76' lang='grc' dir='ltr'><strong>τά</strong></span> <span class='ocrx_word' id='word_1_456' title='bbox 3355 2185 3410 2238; x_wconf 85' lang='grc' dir='ltr'><strong>δέ</strong></span> <span class='ocrx_word' id='word_1_457' title='bbox 3438 2186 3530 2239; x_wconf 73' lang='grc' dir='ltr'>καὶ</span> <span class='ocrx_word' id='word_1_458' title='bbox 3561 2185 3791 2256; x_wconf 77' lang='grc' dir='ltr'>ὕστερον</span> <span class='ocrx_word' id='word_1_459' title='bbox 3812 2201 3828 2217; x_wconf 89' lang='grc'><strong>·</strong></span> <span class='ocrx_word' id='word_1_460' title='bbox 3852 2188 3926 2238; x_wconf 71' lang='grc' dir='ltr'>καὶ</span> 
     </span>
    </p>
   </div>
   <div class='ocr_carea' id='block_1_66' title="bbox 2377 2273 3926 2345">
    <p class='ocr_par' dir='ltr' id='par_1_66' title="bbox 2377 2273 3926 2345">
     <span class='ocr_line' id='line_1_66' title="bbox 2377 2273 3926 2345; baseline 0.001 -20"><span class='ocrx_word' id='word_1_461' title='bbox 2377 2274 2500 2334; x_wconf 73' lang='grc' dir='ltr'>τοὺς</span> <span class='ocrx_word' id='word_1_462' title='bbox 2526 2274 2624 2343; x_wconf 79' lang='grc' dir='ltr'>μὲν</span> <span class='ocrx_word' id='word_1_463' title='bbox 2648 2273 2870 2326; x_wconf 83' lang='grc' dir='ltr'>ἐκείνων</span> <span class='ocrx_word' id='word_1_464' title='bbox 2895 2275 3229 2344; x_wconf 79' lang='grc' dir='ltr'>αὐτομόλους</span> <span class='ocrx_word' id='word_1_465' title='bbox 3264 2277 3354 2328; x_wconf 78' lang='grc' dir='ltr'>καὶ</span> <span class='ocrx_word' id='word_1_466' title='bbox 3384 2275 3767 2345; x_wconf 80' lang='grc' dir='ltr'>αἰχμαλώτους</span> <span class='ocrx_word' id='word_1_467' title='bbox 3795 2279 3926 2344; x_wconf 76' lang='grc' dir='ltr'>προτ-</span> 
     </span>
    </p>
   </div>
   <div class='ocr_carea' id='block_1_67' title="bbox 2377 2363 3924 2436">
    <p class='ocr_par' dir='ltr' id='par_1_67' title="bbox 2377 2363 3924 2436">
     <span class='ocr_line' id='line_1_67' title="bbox 2377 2363 3924 2436; baseline -0.002 -20"><span class='ocrx_word' id='word_1_468' title='bbox 2377 2382 2449 2416; x_wconf 85' lang='grc' dir='ltr'><strong>κα</strong></span> <span class='ocrx_word' id='word_1_469' title='bbox 2472 2363 2775 2433; x_wconf 76' lang='grc' dir='ltr'>ἐκπέμψαι,</span> <span class='ocrx_word' id='word_1_470' title='bbox 2801 2366 2925 2427; x_wconf 80' lang='grc' dir='ltr'>τοὺς</span> <span class='ocrx_word' id='word_1_471' title='bbox 2949 2365 2997 2416; x_wconf 80' lang='grc' dir='ltr'>δ’</span> <span class='ocrx_word' id='word_1_472' title='bbox 3019 2365 3229 2418; x_wconf 79' lang='grc' dir='ltr'>ἑαυτῶν</span> <span class='ocrx_word' id='word_1_473' title='bbox 3267 2363 3556 2436; x_wconf 87' lang='grc' dir='ltr'>πρίασθαι.</span> <span class='ocrx_word' id='word_1_474' title='bbox 3585 2363 3818 2433; x_wconf 82' lang='grc' dir='ltr'>Τοιαύτη</span> <span class='ocrx_word' id='word_1_475' title='bbox 3846 2366 3924 2432; x_wconf 73' lang='grc' dir='ltr'>μὲν</span> 
     </span>
    </p>
   </div>
   <div class='ocr_carea' id='block_1_68' title="bbox 2376 2449 3924 2526">
    <p class='ocr_par' dir='ltr' id='par_1_68' title="bbox 2376 2449 3924 2526">
     <span class='ocr_line' id='line_1_68' title="bbox 2376 2449 3924 2526; baseline -0.001 -20"><span class='ocrx_word' id='word_1_476' title='bbox 2376 2449 2469 2506; x_wconf 80' lang='grc' dir='ltr'>οὖν</span> <span class='ocrx_word' id='word_1_477' title='bbox 2499 2455 2530 2522; x_wconf 81' lang='grc' dir='ltr'><strong>η</strong></span> <span class='ocrx_word' id='word_1_478' title='bbox 2562 2453 2830 2523; x_wconf 77' lang='grc' dir='ltr'>σύμϐασις</span> <span class='ocrx_word' id='word_1_479' title='bbox 2863 2455 3183 2526; x_wconf 83' lang='grc' dir='ltr'>ὡμολόγητο</span> <span class='ocrx_word' id='word_1_480' title='bbox 3220 2455 3424 2525; x_wconf 87' lang='grc' dir='ltr'>(μόνην</span> <span class='ocrx_word' id='word_1_481' title='bbox 3466 2457 3576 2526; x_wconf 82' lang='grc' dir='ltr'>γὰρ</span> <span class='ocrx_word' id='word_1_482' title='bbox 3600 2456 3699 2526; x_wconf 72' lang='grc' dir='ltr'>τὴν</span> <span class='ocrx_word' id='word_1_483' title='bbox 3733 2454 3822 2513; x_wconf 78' lang='grc' dir='ltr'>τοῦ</span> <span class='ocrx_word' id='word_1_484' title='bbox 3851 2453 3924 2516; x_wconf 79' lang='grc' dir='ltr'><strong>ζυ-</strong></span> 
     </span>
    </p>
   </div>
   <div class='ocr_carea' id='block_1_69' title="bbox 2375 2545 3923 2618">
    <p class='ocr_par' dir='ltr' id='par_1_69' title="bbox 2375 2545 3923 2618">
     <span class='ocr_line' id='line_1_69' title="bbox 2375 2545 3923 2618; baseline -0.001 -21"><span class='ocrx_word' id='word_1_485' title='bbox 2375 2545 2474 2613; x_wconf 81' lang='grc' dir='ltr'><strong>γοῦ</strong></span> <span class='ocrx_word' id='word_1_486' title='bbox 2506 2546 2730 2615; x_wconf 78' lang='grc' dir='ltr'>ἀτιμίαν</span> <span class='ocrx_word' id='word_1_487' title='bbox 2787 2548 2814 2598; x_wconf 84' lang='grc' dir='ltr'>ὁ</span> <span class='ocrx_word' id='word_1_488' title='bbox 2873 2547 3138 2614; x_wconf 83' lang='grc' dir='ltr'>’Δμίλκας</span> <span class='ocrx_word' id='word_1_489' title='bbox 3193 2546 3606 2618; x_wconf 76' lang='grc' dir='ltr'>παρῃτήσατο)’</span> <span class='ocrx_word' id='word_1_490' title='bbox 3663 2548 3812 2600; x_wconf 75' lang='grc' dir='ltr'>καὶὸ</span> <span class='ocrx_word' id='word_1_491' title='bbox 3844 2546 3923 2615; x_wconf 79' lang='grc' dir='ltr'>μὲν</span> 
     </span>
    </p>
   </div>
   <div class='ocr_carea' id='block_1_70' title="bbox 2373 2634 3920 2706">
    <p class='ocr_par' dir='ltr' id='par_1_70' title="bbox 2373 2634 3920 2706">
     <span class='ocr_line' id='line_1_70' title="bbox 2373 2634 3920 2706; baseline -0.001 -19"><span class='ocrx_word' id='word_1_492' title='bbox 2373 2634 2541 2687; x_wconf 83' lang='grc' dir='ltr'>ταῦτα</span> <span class='ocrx_word' id='word_1_493' title='bbox 2579 2635 2926 2704; x_wconf 80' lang='grc' dir='ltr'>συνθέμενος,</span> <span class='ocrx_word' id='word_1_494' title='bbox 2963 2635 3056 2688; x_wconf 75' lang='grc' dir='ltr'>καὶ</span> <span class='ocrx_word' id='word_1_495' title='bbox 3089 2635 3214 2699; x_wconf 83' lang='grc' dir='ltr'>τοὺς</span> <span class='ocrx_word' id='word_1_496' title='bbox 3239 2634 3580 2706; x_wconf 81' lang='grc' dir='ltr'>στρατιώτας</span> <span class='ocrx_word' id='word_1_497' title='bbox 3611 2637 3675 2689; x_wconf 77' lang='grc' dir='ltr'><strong>ἐκ</strong></span> <span class='ocrx_word' id='word_1_498' title='bbox 3703 2637 3808 2688; x_wconf 85' lang='grc' dir='ltr'><strong>τῶν</strong></span> <span class='ocrx_word' id='word_1_499' title='bbox 3831 2653 3920 2688; x_wconf 81' lang='grc' dir='ltr'>τει-</span> 
     </span>
    </p>
   </div>
   <div class='ocr_carea' id='block_1_71' title="bbox 2375 2723 3921 2798">
    <p class='ocr_par' dir='ltr' id='par_1_71' title="bbox 2375 2723 3921 2798">
     <span class='ocr_line' id='line_1_71' title="bbox 2375 2723 3921 2798; baseline 0.001 -21"><span class='ocrx_word' id='word_1_500' title='bbox 2375 2728 2486 2794; x_wconf 81' lang='grc' dir='ltr'><strong>χῶν</strong></span> <span class='ocrx_word' id='word_1_501' title='bbox 2514 2723 2815 2794; x_wconf 77' lang='grc' dir='ltr'>ἐξαγαγὼν,</span> <span class='ocrx_word' id='word_1_502' title='bbox 2842 2725 3184 2779; x_wconf 79' lang='grc' dir='ltr'>ἀπέπλευσεν</span> <span class='ocrx_word' id='word_1_503' title='bbox 3206 2728 3408 2793; x_wconf 74' lang='grc' dir='ltr'>οἴκαδε,</span> <span class='ocrx_word' id='word_1_504' title='bbox 3434 2729 3566 2798; x_wconf 79' lang='grc' dir='ltr'>πρὶν</span> <span class='ocrx_word' id='word_1_505' title='bbox 3593 2729 3721 2791; x_wconf 81' lang='grc' dir='ltr'>τοὺς</span> <span class='ocrx_word' id='word_1_506' title='bbox 3751 2730 3921 2796; x_wconf 76' lang='grc' dir='ltr'>ὅρκους</span> 
     </span>
    </p>
   </div>
   <div class='ocr_carea' id='block_1_72' title="bbox 2374 2818 3919 2890">
    <p class='ocr_par' dir='ltr' id='par_1_72' title="bbox 2374 2818 3919 2890">
     <span class='ocr_line' id='line_1_72' title="bbox 2374 2818 3919 2890; baseline 0.001 -22"><span class='ocrx_word' id='word_1_507' title='bbox 2374 2818 2754 2887; x_wconf 78' lang='grc' dir='ltr'>ἐπενεχθῆναι.</span> <span class='ocrx_word' id='word_1_508' title='bbox 2799 2818 2864 2871; x_wconf 81' lang='lat' dir='ltr'><strong>Oi.</strong></span> <span class='ocrx_word' id='word_1_509' title='bbox 2915 2818 2959 2871; x_wconf 89' lang='grc' dir='ltr'>δ’</span> <span class='ocrx_word' id='word_1_510' title='bbox 3000 2819 3058 2870; x_wconf 85' lang='grc' dir='ltr'><strong>ἐν</strong></span> <span class='ocrx_word' id='word_1_511' title='bbox 3078 2822 3146 2888; x_wconf 77' lang='grc' dir='ltr'>τῇ</span> <span class='ocrx_word' id='word_1_512' title='bbox 3199 2818 3387 2889; x_wconf 80' lang='grc' dir='ltr'>Ῥώμη</span> <span class='ocrx_word' id='word_1_513' title='bbox 3420 2821 3521 2888; x_wconf 71' lang='grc' dir='ltr'>τήν</span> <span class='ocrx_word' id='word_1_514' title='bbox 3576 2836 3636 2872; x_wconf 83' lang='grc' dir='ltr'><strong>τε</strong></span> <span class='ocrx_word' id='word_1_515' title='bbox 3685 2821 3919 2890; x_wconf 68' lang='grc' dir='ltr'>νίκηνδᾶ</span> 
     </span>
    </p>
   </div>
   <div class='ocr_carea' id='block_1_73' title="bbox 2377 2910 3920 2982">
    <p class='ocr_par' dir='ltr' id='par_1_73' title="bbox 2377 2910 3920 2982">
     <span class='ocr_line' id='line_1_73' title="bbox 2377 2910 3920 2982; baseline 0.001 -21"><span class='ocrx_word' id='word_1_516' title='bbox 2377 2913 2606 2982; x_wconf 80' lang='grc' dir='ltr'>βραχέος</span> <span class='ocrx_word' id='word_1_517' title='bbox 2642 2910 2842 2980; x_wconf 76' lang='grc' dir='ltr'>ἔμαθον</span> <span class='ocrx_word' id='word_1_518' title='bbox 2875 2911 2968 2963; x_wconf 80' lang='grc' dir='ltr'>καὶ</span> <span class='ocrx_word' id='word_1_519' title='bbox 3014 2910 3334 2980; x_wconf 76' lang='grc' dir='ltr'>ἐπήρθησαν</span> <span class='ocrx_word' id='word_1_520' title='bbox 3386 2910 3463 2970; x_wconf 83' lang='grc' dir='ltr'><strong>ὡς</strong></span> <span class='ocrx_word' id='word_1_521' title='bbox 3514 2913 3824 2965; x_wconf 81' lang='grc' dir='ltr'>παντάπασι</span> <span class='ocrx_word' id='word_1_522' title='bbox 3848 2928 3920 2962; x_wconf 69' lang='grc' dir='ltr'>κει</span> 
     </span>
    </p>
   </div>
   <div class='ocr_carea' id='block_1_74' title="bbox 2375 3001 3919 3072">
    <p class='ocr_par' dir='ltr' id='par_1_74' title="bbox 2375 3001 3919 3072">
     <span class='ocr_line' id='line_1_74' title="bbox 2375 3001 3919 3072; baseline -0.001 -20"><span class='ocrx_word' id='word_1_523' title='bbox 2375 3003 2728 3072; x_wconf 73' lang='grc' dir='ltr'>κρατηκότες.</span> <span class='ocrx_word' id='word_1_524' title='bbox 2777 3002 2886 3054; x_wconf 75' lang='grc' dir='ltr'>Καὶ</span> <span class='ocrx_word' id='word_1_525' title='bbox 2929 3001 3037 3054; x_wconf 84' lang='grc' dir='ltr'><strong>τῶν</strong></span> <span class='ocrx_word' id='word_1_526' title='bbox 3089 3001 3369 3070; x_wconf 75' lang='grc' dir='ltr'>πρέσϐεων</span> <span class='ocrx_word' id='word_1_527' title='bbox 3429 3001 3711 3068; x_wconf 69' lang='grc' dir='ltr'>ἐλθόντων,</span> <span class='ocrx_word' id='word_1_528' title='bbox 3763 3003 3919 3054; x_wconf 82' lang='grc' dir='ltr'>οὐκέτι</span> 
     </span>
    </p>
   </div>
   <div class='ocr_carea' id='block_1_75' title="bbox 2349 3095 3922 3167">
    <p class='ocr_par' dir='ltr' id='par_1_75' title="bbox 2349 3095 3922 3167">
     <span class='ocr_line' id='line_1_75' title="bbox 2349 3095 3922 3167; baseline -0.004 -14"><span class='ocrx_word' id='word_1_529' title='bbox 2349 3097 2628 3167; x_wconf 86' lang='grc' dir='ltr'>,κατέχειν</span> <span class='ocrx_word' id='word_1_530' title='bbox 2662 3098 2889 3159; x_wconf 78' lang='grc' dir='ltr'>ἑαυτοὺς</span> <span class='ocrx_word' id='word_1_531' title='bbox 2916 3095 3204 3166; x_wconf 71' lang='grc' dir='ltr'>ἠδύναντο,</span> <span class='ocrx_word' id='word_1_532' title='bbox 3263 3096 3356 3148; x_wconf 78' lang='grc' dir='ltr'>καὶ</span> <span class='ocrx_word' id='word_1_533' title='bbox 3407 3096 3506 3166; x_wconf 77' lang='grc' dir='ltr'>τὴν</span> <span class='ocrx_word' id='word_1_534' title='bbox 3549 3096 3756 3166; x_wconf 74' lang='grc' dir='ltr'>Λιϐύην</span> <span class='ocrx_word' id='word_1_535' title='bbox 3799 3097 3922 3166; x_wconf 68' lang='grc' dir='ltr'>ἐχειν</span> 
     </span>
    </p>
   </div>
   <div class='ocr_carea' id='block_1_76' title="bbox 2374 3188 3923 3259">
    <p class='ocr_par' dir='ltr' id='par_1_76' title="bbox 2374 3188 3923 3259">
     <span class='ocr_line' id='line_1_76' title="bbox 2374 3188 3923 3259; baseline -0.001 -18"><span class='ocrx_word' id='word_1_536' title='bbox 2374 3189 2594 3244; x_wconf 73' lang='grc' dir='ltr'>ἃπασαν</span> <span class='ocrx_word' id='word_1_537' title='bbox 2645 3189 2896 3258; x_wconf 66' lang='grc' dir='ltr'>ἤλπιζον.</span> <span class='ocrx_word' id='word_1_538' title='bbox 2932 3188 3024 3240; x_wconf 80' lang='grc' dir='ltr'><strong>Διὸ</strong></span> <span class='ocrx_word' id='word_1_539' title='bbox 3072 3188 3192 3240; x_wconf 80' lang='grc' dir='ltr'>οὐδὲ</span> <span class='ocrx_word' id='word_1_540' title='bbox 3226 3190 3344 3249; x_wconf 86' lang='grc' dir='ltr'>ταῖς</span> <span class='ocrx_word' id='word_1_541' title='bbox 3395 3188 3489 3240; x_wconf 78' lang='grc' dir='ltr'>τοῦ</span> <span class='ocrx_word' id='word_1_542' title='bbox 3519 3188 3730 3242; x_wconf 81' lang='grc' dir='ltr'>ὑπάτου</span> <span class='ocrx_word' id='word_1_543' title='bbox 3757 3190 3923 3259; x_wconf 77' lang='grc' dir='ltr'>ὁμολοο</span> 
     </span>
    </p>
   </div>
   <div class='ocr_carea' id='block_1_77' title="bbox 2375 3279 3923 3348">
    <p class='ocr_par' dir='ltr' id='par_1_77' title="bbox 2375 3279 3923 3348">
     <span class='ocr_line' id='line_1_77' title="bbox 2375 3279 3923 3348; baseline -0.002 -17"><span class='ocrx_word' id='word_1_544' title='bbox 2375 3281 2522 3347; x_wconf 83' lang='grc' dir='ltr'>γίαις</span> <span class='ocrx_word' id='word_1_545' title='bbox 2547 3282 2857 3348; x_wconf 83' lang='grc' dir='ltr'>ἐνέμειναν,</span> <span class='ocrx_word' id='word_1_546' title='bbox 2893 3279 3029 3331; x_wconf 83' lang='grc' dir='ltr'><strong>ἀλλά</strong></span> <span class='ocrx_word' id='word_1_547' title='bbox 3091 3279 3184 3330; x_wconf 66' lang='grc' dir='ltr'>καὶ</span> <span class='ocrx_word' id='word_1_548' title='bbox 3213 3280 3475 3348; x_wconf 81' lang='grc' dir='ltr'>χρήματα</span> <span class='ocrx_word' id='word_1_549' title='bbox 3530 3281 3729 3342; x_wconf 78' lang='grc' dir='ltr'>αὐτοὺς</span> <span class='ocrx_word' id='word_1_550' title='bbox 3767 3280 3923 3346; x_wconf 81' lang='grc' dir='ltr'>πολλῷ</span> 
     </span>
    </p>
   </div>
   <div class='ocr_carea' id='block_1_78' title="bbox 2377 3368 3922 3439">
    <p class='ocr_par' dir='ltr' id='par_1_78' title="bbox 2377 3368 3922 3439">
     <span class='ocr_line' id='line_1_78' title="bbox 2377 3368 3922 3439; baseline -0.001 -17"><span class='ocrx_word' id='word_1_551' title='bbox 2377 3371 2548 3422; x_wconf 86' lang='grc' dir='ltr'>πλείω</span> <span class='ocrx_word' id='word_1_552' title='bbox 2581 3370 2689 3422; x_wconf 86' lang='grc' dir='ltr'><strong>τῶν</strong></span> <span class='ocrx_word' id='word_1_553' title='bbox 2717 3369 3120 3438; x_wconf 78' lang='grc' dir='ltr'>ὑπεσχημένων</span> <span class='ocrx_word' id='word_1_554' title='bbox 3149 3368 3486 3439; x_wconf 80' lang='grc' dir='ltr'>ἐπράξαντο·</span> <span class='ocrx_word' id='word_1_555' title='bbox 3513 3371 3607 3422; x_wconf 82' lang='grc' dir='ltr'>καὶ</span> <span class='ocrx_word' id='word_1_556' title='bbox 3639 3373 3922 3439; x_wconf 82' lang='grc' dir='ltr'>ἀπηγόρευο</span> 
     </span>
    </p>
   </div>
   <div class='ocr_carea' id='block_1_79' title="bbox 2377 3460 3919 3532">
    <p class='ocr_par' dir='ltr' id='par_1_79' title="bbox 2377 3460 3919 3532">
     <span class='ocr_line' id='line_1_79' title="bbox 2377 3460 3919 3532; baseline 0.001 -19"><span class='ocrx_word' id='word_1_557' title='bbox 2377 3478 2477 3514; x_wconf 87' lang='grc' dir='ltr'><strong>σαν</strong></span> <span class='ocrx_word' id='word_1_558' title='bbox 2509 3461 2659 3530; x_wconf 82' lang='grc' dir='ltr'>σφίσι</span> <span class='ocrx_word' id='word_1_559' title='bbox 2713 3462 2852 3531; x_wconf 87' lang='grc' dir='ltr'>μήτε</span> <span class='ocrx_word' id='word_1_560' title='bbox 2882 3461 2982 3532; x_wconf 83' lang='grc' dir='ltr'>τὴν</span> <span class='ocrx_word' id='word_1_561' title='bbox 3027 3460 3276 3523; x_wconf 87' lang='grc' dir='ltr'>Ἰταλίαν,</span> <span class='ocrx_word' id='word_1_562' title='bbox 3305 3463 3437 3531; x_wconf 82' lang='grc' dir='ltr'>μήτε</span> <span class='ocrx_word' id='word_1_563' title='bbox 3471 3462 3570 3532; x_wconf 76' lang='grc' dir='ltr'>τὴν</span> <span class='ocrx_word' id='word_1_564' title='bbox 3597 3462 3696 3528; x_wconf 76' lang='grc' dir='ltr'><strong>ἔξω</strong></span> <span class='ocrx_word' id='word_1_565' title='bbox 3725 3479 3919 3532; x_wconf 81' lang='grc' dir='ltr'>συμμα-</span> 
     </span>
    </p>
   </div>
   <div class='ocr_carea' id='block_1_80' title="bbox 2376 3551 3921 3624">
    <p class='ocr_par' dir='ltr' id='par_1_80' title="bbox 2376 3551 3921 3624">
     <span class='ocr_line' id='line_1_80' title="bbox 2376 3551 3921 3624; baseline -0.003 -19"><span class='ocrx_word' id='word_1_566' title='bbox 2376 3554 2494 3624; x_wconf 87' lang='grc' dir='ltr'>χίδα</span> <span class='ocrx_word' id='word_1_567' title='bbox 2535 3551 2682 3621; x_wconf 81' lang='grc' dir='ltr'>σφῶν</span> <span class='ocrx_word' id='word_1_568' title='bbox 2713 3553 2951 3621; x_wconf 81' lang='grc' dir='ltr'>μακραῖς</span> <span class='ocrx_word' id='word_1_569' title='bbox 2974 3553 3134 3604; x_wconf 70' lang='grc' dir='ltr'>ναυσὶ</span> <span class='ocrx_word' id='word_1_570' title='bbox 3170 3552 3504 3620; x_wconf 84' lang='grc' dir='ltr'>παραπλεῖν,</span> <span class='ocrx_word' id='word_1_571' title='bbox 3534 3553 3567 3623; x_wconf 70' lang='grc' dir='ltr'>ἢ</span> <span class='ocrx_word' id='word_1_572' title='bbox 3596 3552 3921 3622; x_wconf 68' lang='grc' dir='ltr'>μισθοφόροις</span> 
     </span>
    </p>
   </div>
   <div class='ocr_carea' id='block_1_81' title="bbox 2375 3634 3919 3716">
    <p class='ocr_par' dir='ltr' id='par_1_81' title="bbox 2375 3634 3919 3716">
     <span class='ocr_line' id='line_1_81' title="bbox 2375 3634 3919 3716; baseline -0.001 -21"><span class='ocrx_word' id='word_1_573' title='bbox 2375 3634 2658 3696; x_wconf 67' lang='grc' dir='ltr'>τισὶν’ἀπ’</span> <span class='ocrx_word' id='word_1_574' title='bbox 2719 3642 2899 3694; x_wconf 83' lang='grc' dir='ltr'>αὐτῶν</span> <span class='ocrx_word' id='word_1_575' title='bbox 2963 3641 3291 3710; x_wconf 81' lang='grc' dir='ltr'>κεχρῆσθαι.</span> <span class='ocrx_word' id='word_1_576' title='bbox 3363 3643 3421 3694; x_wconf 91' lang='lat'><strong>&#39;0</strong></span> <span class='ocrx_word' id='word_1_577' title='bbox 3461 3643 3564 3711; x_wconf 74' lang='grc' dir='ltr'>μὲν</span> <span class='ocrx_word' id='word_1_578' title='bbox 3614 3640 3704 3696; x_wconf 85' lang='grc' dir='ltr'>οὖν</span> <span class='ocrx_word' id='word_1_579' title='bbox 3731 3644 3919 3716; x_wconf 76' lang='grc' dir='ltr'>πρῶτος</span> 
     </span>
    </p>
   </div>
   <div class='ocr_carea' id='block_1_82' title="bbox 2376 3726 3920 3801">
    <p class='ocr_par' dir='ltr' id='par_1_82' title="bbox 2376 3726 3920 3801">
     <span class='ocr_line' id='line_1_82' title="bbox 2376 3726 3920 3801; baseline -0.001 -18"><span class='ocrx_word' id='word_1_580' title='bbox 2376 3735 2488 3794; x_wconf 87' lang='grc' dir='ltr'>τοῖς</span> <span class='ocrx_word' id='word_1_581' title='bbox 2523 3731 2918 3801; x_wconf 83' lang='grc' dir='ltr'>Καρχηδονίοις</span> <span class='ocrx_word' id='word_1_582' title='bbox 2951 3732 3185 3800; x_wconf 64' lang='grc' dir='ltr'>πόλεμος</span> <span class='ocrx_word' id='word_1_583' title='bbox 3217 3733 3330 3794; x_wconf 88' lang='grc' dir='ltr'>τοῖς</span> <span class='ocrx_word' id='word_1_584' title='bbox 3362 3726 3656 3799; x_wconf 75' lang='grc' dir='ltr'>Ῥωμαίοις</span> <span class='ocrx_word' id='word_1_585' title='bbox 3685 3735 3758 3794; x_wconf 79' lang='grc' dir='ltr'><strong>είς</strong></span> <span class='ocrx_word' id='word_1_586' title='bbox 3784 3732 3920 3784; x_wconf 78' lang='grc' dir='ltr'>τοῦτο</span> 
     </span>
    </p>
   </div>
   <div class='ocr_carea' id='block_1_83' title="bbox 2379 3823 3919 3892">
    <p class='ocr_par' dir='ltr' id='par_1_83' title="bbox 2379 3823 3919 3892">
     <span class='ocr_line' id='line_1_83' title="bbox 2379 3823 3919 3892; baseline -0.001 -17"><span class='ocrx_word' id='word_1_587' title='bbox 2379 3823 2643 3892; x_wconf 80' lang='grc' dir='ltr'>κατέληξε</span> <span class='ocrx_word' id='word_1_588' title='bbox 2689 3824 2936 3892; x_wconf 80' lang='grc' dir='ltr'>τετάρτῳ</span> <span class='ocrx_word' id='word_1_589' title='bbox 2969 3825 3078 3875; x_wconf 76' lang='grc' dir='ltr'>ἔτει</span> <span class='ocrx_word' id='word_1_590' title='bbox 3111 3824 3206 3876; x_wconf 78' lang='grc' dir='ltr'>καὶ</span> <span class='ocrx_word' id='word_1_591' title='bbox 3241 3823 3495 3888; x_wconf 82' lang='grc' dir='ltr'>εἰκοστῷ,</span> <span class='ocrx_word' id='word_1_592' title='bbox 3553 3825 3646 3877; x_wconf 77' lang='grc' dir='ltr'>καὶ</span> <span class='ocrx_word' id='word_1_593' title='bbox 3673 3823 3756 3876; x_wconf 82' lang='grc' dir='ltr'>ἐπ’</span> <span class='ocrx_word' id='word_1_594' title='bbox 3788 3824 3919 3889; x_wconf 82' lang='grc' dir='ltr'>αὐτῷ</span> 
     </span>
    </p>
   </div>
   <div class='ocr_carea' id='block_1_84' title="bbox 2377 3915 3917 3984">
    <p class='ocr_par' dir='ltr' id='par_1_84' title="bbox 2377 3915 3917 3984">
     <span class='ocr_line' id='line_1_84' title="bbox 2377 3915 3917 3984; baseline -0.001 -15"><span class='ocrx_word' id='word_1_595' title='bbox 2377 3917 2581 3984; x_wconf 69' lang='grc' dir='ltr'>ἢγαγεν</span> <span class='ocrx_word' id='word_1_596' title='bbox 2608 3917 2635 3967; x_wconf 86' lang='grc' dir='ltr'><strong>ὁ</strong></span> <span class='ocrx_word' id='word_1_597' title='bbox 2663 3917 2913 3978; x_wconf 82' lang='grc' dir='ltr'>Κατύλος</span> <span class='ocrx_word' id='word_1_598' title='bbox 2947 3918 3012 3968; x_wconf 81' lang='grc' dir='ltr'><strong>τά</strong></span> <span class='ocrx_word' id='word_1_599' title='bbox 3031 3915 3294 3980; x_wconf 73' lang='grc' dir='ltr'>ἐπινίκια,</span> <span class='ocrx_word' id='word_1_600' title='bbox 3323 3918 3627 3981; x_wconf 71' lang='grc' dir='ltr'>Κύῖντοςδέ</span> <span class='ocrx_word' id='word_1_601' title='bbox 3655 3917 3917 3975; x_wconf 73' lang='grc' dir='ltr'>Δουτάτιτς</span> 
     </span>
    </p>
   </div>
   <div class='ocr_carea' id='block_1_85' title="bbox 2379 4005 3915 4076">
    <p class='ocr_par' dir='ltr' id='par_1_85' title="bbox 2379 4005 3915 4076">
     <span class='ocr_line' id='line_1_85' title="bbox 2379 4005 3915 4076; baseline -0.005 -15"><span class='ocrx_word' id='word_1_602' title='bbox 2379 4008 2710 4072; x_wconf 82' lang='grc' dir='ltr'>ὑπατεύσας,</span> <span class='ocrx_word' id='word_1_603' title='bbox 2732 4006 2977 4076; x_wconf 81' lang='grc' dir='ltr'>ἀπῆλθεν</span> <span class='ocrx_word' id='word_1_604' title='bbox 3007 4010 3064 4069; x_wconf 92' lang='grc' dir='ltr'><strong>ἐς</strong></span> <span class='ocrx_word' id='word_1_605' title='bbox 3091 4008 3367 4073; x_wconf 82' lang='grc' dir='ltr'>Σικελίαν,</span> <span class='ocrx_word' id='word_1_606' title='bbox 3400 4009 3492 4060; x_wconf 77' lang='grc' dir='ltr'>καὶ</span> <span class='ocrx_word' id='word_1_607' title='bbox 3517 4008 3656 4075; x_wconf 85' lang='grc' dir='ltr'><strong>μετά</strong></span> <span class='ocrx_word' id='word_1_608' title='bbox 3676 4006 3765 4061; x_wconf 82' lang='grc' dir='ltr'>τοῦ</span> <span class='ocrx_word' id='word_1_609' title='bbox 3786 4005 3915 4058; x_wconf 75' lang='grc' dir='ltr'>ἀδελ-</span> 
     </span>
    </p>
   </div>
   <div class='ocr_carea' id='block_1_86' title="bbox 2379 4099 3915 4169">
    <p class='ocr_par' dir='ltr' id='par_1_86' title="bbox 2379 4099 3915 4169">
     <span class='ocr_line' id='line_1_86' title="bbox 2379 4099 3915 4169; baseline -0.004 -17"><span class='ocrx_word' id='word_1_610' title='bbox 2379 4100 2478 4168; x_wconf 77' lang='grc' dir='ltr'>φοῦ</span> <span class='ocrx_word' id='word_1_611' title='bbox 2535 4099 2778 4152; x_wconf 84' lang='grc' dir='ltr'>Κατύλου</span> <span class='ocrx_word' id='word_1_612' title='bbox 2829 4101 3006 4151; x_wconf 79' lang='grc' dir='ltr'>πάντα</span> <span class='ocrx_word' id='word_1_613' title='bbox 3038 4100 3106 4151; x_wconf 81' lang='grc' dir='ltr'>τὰ</span> <span class='ocrx_word' id='word_1_614' title='bbox 3157 4101 3276 4151; x_wconf 82' lang='grc' dir='ltr'>ἐκεῖ</span> <span class='ocrx_word' id='word_1_615' title='bbox 3319 4102 3715 4169; x_wconf 81' lang='grc' dir='ltr'>κατεστήσατο,</span> <span class='ocrx_word' id='word_1_616' title='bbox 3756 4099 3915 4152; x_wconf 68' lang='grc' dir='ltr'>καὶτὰ</span> 
     </span>
    </p>
   </div>
   <div class='ocr_carea' id='block_1_87' title="bbox 2378 4188 3913 4261">
    <p class='ocr_par' dir='ltr' id='par_1_87' title="bbox 2378 4188 3913 4261">
     <span class='ocr_line' id='line_1_87' title="bbox 2378 4188 3913 4261; baseline -0.004 -16"><span class='ocrx_word' id='word_1_617' title='bbox 2378 4192 2515 4245; x_wconf 77' lang='grc' dir='ltr'>ὅπλα</span> <span class='ocrx_word' id='word_1_618' title='bbox 2540 4191 2648 4243; x_wconf 84' lang='grc' dir='ltr'><strong>τῶν</strong></span> <span class='ocrx_word' id='word_1_619' title='bbox 2674 4193 2731 4244; x_wconf 86' lang='grc' dir='ltr'><strong>ἐν</strong></span> <span class='ocrx_word' id='word_1_620' title='bbox 2761 4191 2901 4259; x_wconf 85' lang='grc' dir='ltr'><strong>αὐτῇ</strong></span> <span class='ocrx_word' id='word_1_621' title='bbox 2934 4189 3238 4257; x_wconf 75' lang='grc' dir='ltr'>ἀφείλοντο.</span> <span class='ocrx_word' id='word_1_622' title='bbox 3276 4191 3494 4242; x_wconf 84' lang='grc' dir='ltr'>Σικελία</span> <span class='ocrx_word' id='word_1_623' title='bbox 3527 4192 3625 4261; x_wconf 75' lang='grc' dir='ltr'>μὲν</span> <span class='ocrx_word' id='word_1_624' title='bbox 3654 4188 3741 4244; x_wconf 82' lang='grc' dir='ltr'>οὖν</span> <span class='ocrx_word' id='word_1_625' title='bbox 3769 4189 3913 4247; x_wconf 79' lang='grc' dir='ltr'>οὕτως</span> 
     </span>
    </p>
   </div>
   <div class='ocr_carea' id='block_1_88' title="bbox 2378 4282 3912 4356">
    <p class='ocr_par' dir='ltr' id='par_1_88' title="bbox 2378 4282 3912 4356">
     <span class='ocr_line' id='line_1_88' title="bbox 2378 4282 3912 4356; baseline -0.005 -18"><span class='ocrx_word' id='word_1_626' title='bbox 2378 4285 2481 4338; x_wconf 85' lang='grc' dir='ltr'><strong>ὑπὸ</strong></span> <span class='ocrx_word' id='word_1_627' title='bbox 2524 4284 2811 4354; x_wconf 84' lang='grc' dir='ltr'>Ῥωμαίων</span> <span class='ocrx_word' id='word_1_628' title='bbox 2856 4283 3151 4336; x_wconf 81' lang='grc' dir='ltr'>δεδούλωτο</span> <span class='ocrx_word' id='word_1_629' title='bbox 3199 4282 3337 4354; x_wconf 77' lang='grc' dir='ltr'>πλὴν</span> <span class='ocrx_word' id='word_1_630' title='bbox 3366 4285 3463 4351; x_wconf 87' lang='grc' dir='ltr'>τῆς</span> <span class='ocrx_word' id='word_1_631' title='bbox 3499 4284 3672 4356; x_wconf 82' lang='grc' dir='ltr'>ἀρχῆς</span> <span class='ocrx_word' id='word_1_632' title='bbox 3718 4283 3805 4336; x_wconf 79' lang='grc' dir='ltr'>τοῦ</span> <span class='ocrx_word' id='word_1_633' title='bbox 3838 4282 3912 4332; x_wconf 80' lang='grc' dir='ltr'>Ὶέ-</span> 
     </span>
    </p>
   </div>
   <div class='ocr_carea' id='block_1_89' title="bbox 2382 4374 3908 4447">
    <p class='ocr_par' dir='ltr' id='par_1_89' title="bbox 2382 4374 3908 4447">
     <span class='ocr_line' id='line_1_89' title="bbox 2382 4374 3908 4447; baseline -0.003 -20"><span class='ocrx_word' id='word_1_634' title='bbox 2382 4392 2571 4447; x_wconf 74' lang='grc' dir='ltr'>ρωνοςο</span> <span class='ocrx_word' id='word_1_635' title='bbox 2609 4379 2673 4427; x_wconf 89' lang='grc' dir='ltr'><strong>ἐκ</strong></span> <span class='ocrx_word' id='word_1_636' title='bbox 2702 4374 2758 4426; x_wconf 81' lang='grc' dir='ltr'>δὲ</span> <span class='ocrx_word' id='word_1_637' title='bbox 2799 4375 2991 4426; x_wconf 87' lang='grc' dir='ltr'>τούτου</span> <span class='ocrx_word' id='word_1_638' title='bbox 3029 4375 3163 4444; x_wconf 76' lang='grc' dir='ltr'>πρὸς</span> <span class='ocrx_word' id='word_1_639' title='bbox 3202 4375 3327 4438; x_wconf 77' lang='grc' dir='ltr'>τοὺς</span> <span class='ocrx_word' id='word_1_640' title='bbox 3360 4375 3758 4445; x_wconf 80' lang='grc' dir='ltr'>Καρχηδονῐους</span> <span class='ocrx_word' id='word_1_641' title='bbox 3784 4374 3908 4444; x_wconf 73' lang='grc' dir='ltr'>φιλία</span> 
     </span>
    </p>
   </div>
   <div class='ocr_carea' id='block_1_90' title="bbox 2379 4461 3907 4536">
    <p class='ocr_par' dir='ltr' id='par_1_90' title="bbox 2379 4461 3907 4536">
     <span class='ocr_line' id='line_1_90' title="bbox 2379 4461 3907 4536; baseline -0.001 -16"><span class='ocrx_word' id='word_1_642' title='bbox 2379 4465 2446 4536; x_wconf 77' lang='grc' dir='ltr'>ἦν</span> <span class='ocrx_word' id='word_1_643' title='bbox 2467 4469 2671 4528; x_wconf 78' lang='grc' dir='ltr'>αὐτοῖς.</span> <span class='ocrx_word' id='word_1_644' title='bbox 2732 4467 2936 4532; x_wconf 78' lang='grc' dir='ltr'>’Δμιρω</span> <span class='ocrx_word' id='word_1_645' title='bbox 2987 4464 3032 4514; x_wconf 83' lang='grc' dir='ltr'>δ’</span> <span class='ocrx_word' id='word_1_646' title='bbox 3094 4461 3252 4525; x_wconf 85' lang='grc' dir='ltr'>αὖθις</span> <span class='ocrx_word' id='word_1_647' title='bbox 3273 4466 3363 4527; x_wconf 82' lang='grc' dir='ltr'>-εἰς</span> <span class='ocrx_word' id='word_1_648' title='bbox 3415 4464 3685 4533; x_wconf 83' lang='grc' dir='ltr'>πολέμους</span> <span class='ocrx_word' id='word_1_649' title='bbox 3721 4465 3907 4530; x_wconf 73' lang='grc' dir='ltr'>ἐτέρους</span> 
     </span>
    </p>
   </div>
   <div class='ocr_carea' id='block_1_91' title="bbox 704 4533 2276 4630">
    <p class='ocr_par' dir='ltr' id='par_1_91' title="bbox 704 4558 2270 4630">
     <span class='ocr_line' id='line_1_91' title="bbox 704 4558 2270 4630; baseline -0.003 -11"><span class='ocrx_word' id='word_1_650' title='bbox 704 4575 848 4630; x_wconf 86' lang='lat' dir='ltr'><strong>rent,</strong></span> <span class='ocrx_word' id='word_1_651' title='bbox 907 4564 1243 4617; x_wconf 89' lang='lat' dir='ltr'><strong>frumentum</strong></span> <span class='ocrx_word' id='word_1_652' title='bbox 1298 4563 1601 4623; x_wconf 84' lang='lat' dir='ltr'><strong>mitterent,</strong></span> <span class='ocrx_word' id='word_1_653' title='bbox 1653 4575 1683 4613; x_wconf 88' lang='lat' dir='ltr'><strong>e</strong></span> <span class='ocrx_word' id='word_1_654' title='bbox 1743 4560 1910 4613; x_wconf 85' lang='lat' dir='ltr'><strong>sociis</strong></span> <span class='ocrx_word' id='word_1_655' title='bbox 1969 4558 2270 4628; x_wconf 85' lang='lat' dir='ltr'><strong>provinciis</strong></span> 
     </span>
    </p>
   </div>
   <div class='ocr_carea' id='block_1_92' title="bbox 2376 4533 3906 4630">
    <p class='ocr_par' dir='ltr' id='par_1_92' title="bbox 2379 4533 3906 4629">
     <span class='ocr_line' id='line_1_92' title="bbox 2379 4533 3906 4629; baseline 0.014 -28"><span class='ocrx_word' id='word_1_656' title='bbox 2379 4533 2545 4629; x_wconf 44' lang='lat' dir='ltr'><strong>imm;</strong></span> <span class='ocrx_word' id='word_1_657' title='bbox 2579 4554 2698 4626; x_wconf 85' lang='grc' dir='ltr'>μετ’</span> <span class='ocrx_word' id='word_1_658' title='bbox 2733 4555 2913 4622; x_wconf 81' lang='grc' dir='ltr'>ὀλίγον</span> <span class='ocrx_word' id='word_1_659' title='bbox 2960 4554 3325 4622; x_wconf 74' lang='grc' dir='ltr'>κατέστησαν.</span> <span class='ocrx_word' id='word_1_660' title='bbox 3377 4554 3502 4615; x_wconf 81' lang='grc' dir='ltr'><strong>Τοῖς</strong></span> <span class='ocrx_word' id='word_1_661' title='bbox 3527 4555 3635 4622; x_wconf 83' lang='grc' dir='ltr'>γὰρ</span> <span class='ocrx_word' id='word_1_662' title='bbox 3666 4551 3906 4622; x_wconf 75' lang='grc' dir='ltr'>Καρχηδο-</span> 
     </span>
    </p>
   </div>
   <div class='ocr_carea' id='block_1_93' title="bbox 703 4651 2268 4721">
    <p class='ocr_par' dir='ltr' id='par_1_93' title="bbox 703 4651 2268 4721">
     <span class='ocr_line' id='line_1_93' title="bbox 703 4651 2268 4721; baseline -0.003 -9"><span class='ocrx_word' id='word_1_663' title='bbox 703 4655 1083 4713; x_wconf 77' lang='lat' dir='ltr'><strong>cooscribendi</strong></span> <span class='ocrx_word' id='word_1_664' title='bbox 1119 4654 1308 4706; x_wconf 85' lang='lat' dir='ltr'><strong>militis</strong></span> <span class='ocrx_word' id='word_1_665' title='bbox 1342 4661 1668 4721; x_wconf 87' lang='lat' dir='ltr'><strong>potestatem</strong></span> <span class='ocrx_word' id='word_1_666' title='bbox 1704 4651 1920 4716; x_wconf 88' lang='lat' dir='ltr'><strong>darent,</strong></span> <span class='ocrx_word' id='word_1_667' title='bbox 1961 4652 2268 4708; x_wconf 70' lang='lat' dir='ltr'><strong>clementia:</strong></span> 
     </span>
    </p>
   </div>
   <div class='ocr_carea' id='block_1_94' title="bbox 703 4744 2270 4816">
    <p class='ocr_par' dir='ltr' id='par_1_94' title="bbox 703 4744 2270 4816">
     <span class='ocr_line' id='line_1_94' title="bbox 703 4744 2270 4816; baseline -0.003 -12"><span class='ocrx_word' id='word_1_668' title='bbox 703 4751 918 4804; x_wconf 85' lang='lat' dir='ltr'><strong>laudem</strong></span> <span class='ocrx_word' id='word_1_669' title='bbox 961 4747 1129 4816; x_wconf 81' lang='lat' dir='ltr'><strong>magis</strong></span> <span class='ocrx_word' id='word_1_670' title='bbox 1180 4754 1532 4813; x_wconf 85' lang='lat' dir='ltr'><strong>occupantes,</strong></span> <span class='ocrx_word' id='word_1_671' title='bbox 1585 4759 1746 4812; x_wconf 88' lang='lat' dir='ltr'><strong>quam</strong></span> <span class='ocrx_word' id='word_1_672' title='bbox 1793 4744 1909 4797; x_wconf 88' lang='lat' dir='ltr'><strong>suis</strong></span> <span class='ocrx_word' id='word_1_673' title='bbox 1967 4745 2270 4799; x_wconf 82' lang='lat' dir='ltr'><strong>rationibus</strong></span> 
     </span>
    </p>
   </div>
   <div class='ocr_carea' id='block_1_95' title="bbox 703 4836 2269 4906">
    <p class='ocr_par' dir='ltr' id='par_1_95' title="bbox 703 4836 2269 4906">
     <span class='ocr_line' id='line_1_95' title="bbox 703 4836 2269 4906; baseline -0.003 -11"><span class='ocrx_word' id='word_1_674' title='bbox 703 4843 1070 4895; x_wconf 84' lang='lat' dir='ltr'><strong>consulentes.</strong></span> <span class='ocrx_word' id='word_1_675' title='bbox 1124 4839 1276 4894; x_wconf 89' lang='lat' dir='ltr'><strong>Unde</strong></span> <span class='ocrx_word' id='word_1_676' title='bbox 1346 4848 1473 4906; x_wconf 85' lang='lat' dir='ltr'><strong>post</strong></span> <span class='ocrx_word' id='word_1_677' title='bbox 1533 4837 1587 4890; x_wconf 92' lang='lat' dir='ltr'><strong>in</strong></span> <span class='ocrx_word' id='word_1_678' title='bbox 1645 4836 1861 4905; x_wconf 87' lang='lat' dir='ltr'><strong>negotia</strong></span> <span class='ocrx_word' id='word_1_679' title='bbox 1938 4837 2269 4890; x_wconf 87' lang='lat' dir='ltr'><strong>inciderunt.</strong></span> 
     </span>
    </p>
   </div>
   <div class='ocr_carea' id='block_1_96' title="bbox 706 4928 2273 4996">
    <p class='ocr_par' dir='ltr' id='par_1_96' title="bbox 706 4928 2273 4996">
     <span class='ocr_line' id='line_1_96' title="bbox 706 4928 2273 4996; baseline -0.006 -7"><span class='ocrx_word' id='word_1_680' title='bbox 706 4935 941 4989; x_wconf 83' lang='lat' dir='ltr'><strong>Amilcar</strong></span> <span class='ocrx_word' id='word_1_681' title='bbox 970 4936 1115 4987; x_wconf 90' lang='lat' dir='ltr'><strong>enim</strong></span> <span class='ocrx_word' id='word_1_682' title='bbox 1145 4932 1451 4986; x_wconf 79' lang='lat' dir='ltr'><strong>Barcliinus</strong></span> <span class='ocrx_word' id='word_1_683' title='bbox 1489 4930 1603 4996; x_wconf 87' lang='lat' dir='ltr'><strong>ille,</strong></span> <span class='ocrx_word' id='word_1_684' title='bbox 1635 4930 1795 4982; x_wconf 88' lang='lat' dir='ltr'><strong>victis</strong></span> <span class='ocrx_word' id='word_1_685' title='bbox 1833 4928 2086 4982; x_wconf 90' lang='lat' dir='ltr'><strong>hostibus</strong></span> <span class='ocrx_word' id='word_1_686' title='bbox 2107 4967 2122 4992; x_wconf 94' lang='lat'><strong>,</strong></span> <span class='ocrx_word' id='word_1_687' title='bbox 2165 4929 2273 4980; x_wconf 88' lang='lat' dir='ltr'><strong>Ro-</strong></span> 
     </span>
    </p>
   </div>
   <div class='ocr_carea' id='block_1_97' title="bbox 707 5021 2268 5093">
    <p class='ocr_par' dir='ltr' id='par_1_97' title="bbox 707 5021 2268 5093">
     <span class='ocr_line' id='line_1_97' title="bbox 707 5021 2268 5093; baseline -0.004 -13"><span class='ocrx_word' id='word_1_688' title='bbox 707 5042 916 5090; x_wconf 80' lang='lat' dir='ltr'><strong>manos,</strong></span> <span class='ocrx_word' id='word_1_689' title='bbox 958 5040 1270 5093; x_wconf 87' lang='lat' dir='ltr'><strong>quanquam</strong></span> <span class='ocrx_word' id='word_1_690' title='bbox 1299 5024 1379 5077; x_wconf 88' lang='lat' dir='ltr'><strong>eis</strong></span> <span class='ocrx_word' id='word_1_691' title='bbox 1427 5022 1852 5087; x_wconf 88' lang='lat' dir='ltr'><strong>iulensissimus,</strong></span> <span class='ocrx_word' id='word_1_692' title='bbox 1899 5021 2038 5075; x_wconf 88' lang='lat' dir='ltr'><strong>bello</strong></span> <span class='ocrx_word' id='word_1_693' title='bbox 2080 5029 2268 5089; x_wconf 87' lang='lat' dir='ltr'><strong>petere</strong></span> 
     </span>
    </p>
   </div>
   <div class='ocr_carea' id='block_1_98' title="bbox 679 5112 2274 5182">
    <p class='ocr_par' dir='ltr' id='par_1_98' title="bbox 679 5112 2274 5182">
     <span class='ocr_line' id='line_1_98' title="bbox 679 5112 2274 5182; baseline -0.005 -11"><span class='ocrx_word' id='word_1_694' title='bbox 679 5136 1054 5180; x_wconf 80' lang='lat' dir='ltr'><strong>.nonausus,</strong></span> <span class='ocrx_word' id='word_1_695' title='bbox 1109 5124 1298 5172; x_wconf 87' lang='lat' dir='ltr'><strong>contra</strong></span> <span class='ocrx_word' id='word_1_696' title='bbox 1351 5113 1766 5182; x_wconf 86' lang='lat' dir='ltr'><strong>magistratuum</strong></span> <span class='ocrx_word' id='word_1_697' title='bbox 1827 5113 2160 5166; x_wconf 83' lang='lat' dir='ltr'><strong>voluntatem</strong></span> <span class='ocrx_word' id='word_1_698' title='bbox 2219 5112 2274 5164; x_wconf 90' lang='lat' dir='ltr'><strong>iu</strong></span> 
     </span>
    </p>
   </div>
   <div class='ocr_carea' id='block_1_99' title="bbox 712 5205 2006 5282">
    <p class='ocr_par' dir='ltr' id='par_1_99' title="bbox 712 5205 2006 5282">
     <span class='ocr_line' id='line_1_99' title="bbox 712 5205 2006 5282; baseline -0.007 -16"><span class='ocrx_word' id='word_1_699' title='bbox 712 5213 1022 5282; x_wconf 83' lang='lat' dir='ltr'><strong>Hispaniam</strong></span> <span class='ocrx_word' id='word_1_700' title='bbox 1051 5211 1205 5264; x_wconf 85' lang='lat' dir='ltr'><strong>abiit.</strong></span> <span class='ocrx_word' id='word_1_701' title='bbox 1244 5208 1348 5262; x_wconf 82' lang='lat' dir='ltr'><strong>Sed</strong></span> <span class='ocrx_word' id='word_1_702' title='bbox 1390 5207 1506 5260; x_wconf 66' lang='lat' dir='ltr'><strong>haec</strong></span> <span class='ocrx_word' id='word_1_703' title='bbox 1535 5213 1655 5274; x_wconf 91' lang='lat' dir='ltr'><strong>post</strong></span> <span class='ocrx_word' id='word_1_704' title='bbox 1688 5205 1827 5258; x_wconf 85' lang='lat' dir='ltr'><strong>facta</strong></span> <span class='ocrx_word' id='word_1_705' title='bbox 1858 5213 2006 5257; x_wconf 83' lang='lat' dir='ltr'><strong>sunt.</strong></span> 
     </span>
    </p>
   </div>
   <div class='ocr_carea' id='block_1_100' title="bbox 2376 4637 3902 4718">
    <p class='ocr_par' dir='ltr' id='par_1_100' title="bbox 2376 4637 3902 4718">
     <span class='ocr_line' id='line_1_100' title="bbox 2376 4637 3902 4718; baseline -0.009 -15"><span class='ocrx_word' id='word_1_706' title='bbox 2376 4651 2505 4715; x_wconf 78' lang='grc' dir='ltr'>νίοις</span> <span class='ocrx_word' id='word_1_707' title='bbox 2541 4651 2592 4702; x_wconf 78' lang='grc' dir='ltr'>οἵ</span> <span class='ocrx_word' id='word_1_708' title='bbox 2633 4665 2693 4701; x_wconf 90' lang='grc' dir='ltr'><strong>τε</strong></span> <span class='ocrx_word' id='word_1_709' title='bbox 2727 4647 3031 4718; x_wconf 78' lang='grc' dir='ltr'>περίλοιποι</span> <span class='ocrx_word' id='word_1_710' title='bbox 3062 4647 3170 4698; x_wconf 87' lang='grc' dir='ltr'><strong>τῶν</strong></span> <span class='ocrx_word' id='word_1_711' title='bbox 3216 4637 3728 4716; x_wconf 78' lang='grc' dir='ltr'>μισθοφορησάντων</span> <span class='ocrx_word' id='word_1_712' title='bbox 3762 4647 3902 4711; x_wconf 74' lang='grc' dir='ltr'>σφίσι,</span> 
     </span>
    </p>
   </div>
   <div class='ocr_carea' id='block_1_101' title="bbox 2376 4737 3905 4810">
    <p class='ocr_par' dir='ltr' id='par_1_101' title="bbox 2376 4737 3905 4810">
     <span class='ocr_line' id='line_1_101' title="bbox 2376 4737 3905 4810; baseline -0.008 -14"><span class='ocrx_word' id='word_1_713' title='bbox 2376 4747 2470 4797; x_wconf 71' lang='grc' dir='ltr'>καὶ</span> <span class='ocrx_word' id='word_1_714' title='bbox 2502 4743 2560 4795; x_wconf 81' lang='grc' dir='ltr'>τὸ</span> <span class='ocrx_word' id='word_1_715' title='bbox 2594 4740 2844 4794; x_wconf 74' lang='grc' dir='ltr'>δουλεῦον</span> <span class='ocrx_word' id='word_1_716' title='bbox 2870 4741 2926 4793; x_wconf 79' lang='grc' dir='ltr'>τὸ</span> <span class='ocrx_word' id='word_1_717' title='bbox 2955 4743 3012 4791; x_wconf 89' lang='grc' dir='ltr'><strong>ἐν</strong></span> <span class='ocrx_word' id='word_1_718' title='bbox 3044 4742 3109 4810; x_wconf 78' lang='grc' dir='ltr'>τῇ</span> <span class='ocrx_word' id='word_1_719' title='bbox 3147 4741 3322 4804; x_wconf 77' lang='grc' dir='ltr'>πόλει,</span> <span class='ocrx_word' id='word_1_720' title='bbox 3346 4740 3440 4792; x_wconf 75' lang='grc' dir='ltr'>καὶ</span> <span class='ocrx_word' id='word_1_721' title='bbox 3465 4738 3573 4792; x_wconf 87' lang='grc' dir='ltr'><strong>τῶν</strong></span> <span class='ocrx_word' id='word_1_722' title='bbox 3599 4737 3905 4808; x_wconf 77' lang='grc' dir='ltr'>ὁμορούντων</span> 
     </span>
    </p>
   </div>
   <div class='ocr_carea' id='block_1_102' title="bbox 2377 4826 3907 4902">
    <p class='ocr_par' dir='ltr' id='par_1_102' title="bbox 2377 4826 3907 4902">
     <span class='ocr_line' id='line_1_102' title="bbox 2377 4826 3907 4902; baseline -0.01 -12"><span class='ocrx_word' id='word_1_723' title='bbox 2377 4837 2567 4890; x_wconf 74' lang='grc' dir='ltr'>πολλοὶ</span> <span class='ocrx_word' id='word_1_724' title='bbox 2596 4834 2731 4902; x_wconf 84' lang='grc' dir='ltr'>πρὸς</span> <span class='ocrx_word' id='word_1_725' title='bbox 2763 4835 2861 4895; x_wconf 73' lang='grc' dir='ltr'><strong>τὰς</strong></span> <span class='ocrx_word' id='word_1_726' title='bbox 2909 4831 3192 4901; x_wconf 61' lang='grc' dir='ltr'>συμφορὰς</span> <span class='ocrx_word' id='word_1_727' title='bbox 3241 4831 3420 4885; x_wconf 81' lang='grc' dir='ltr'>αὐτῶν</span> <span class='ocrx_word' id='word_1_728' title='bbox 3471 4831 3828 4884; x_wconf 79' lang='grc' dir='ltr'>συνεπέθεντο.</span> <span class='ocrx_word' id='word_1_729' title='bbox 3858 4826 3907 4874; x_wconf 77' lang='lat' dir='ltr'><strong>Ui</strong></span> 
     </span>
    </p>
   </div>
   <div class='ocr_carea' id='block_1_103' title="bbox 2379 4922 3906 4999">
    <p class='ocr_par' dir='ltr' id='par_1_103' title="bbox 2379 4922 3906 4999">
     <span class='ocr_line' id='line_1_103' title="bbox 2379 4922 3906 4999; baseline -0.01 -17"><span class='ocrx_word' id='word_1_730' title='bbox 2379 4948 2441 4999; x_wconf 86' lang='grc' dir='ltr'>γε</span> <span class='ocrx_word' id='word_1_731' title='bbox 2477 4930 2581 4998; x_wconf 76' lang='grc' dir='ltr'><strong>μὴν</strong></span> <span class='ocrx_word' id='word_1_732' title='bbox 2620 4928 2907 4997; x_wconf 84' lang='grc' dir='ltr'>Ῥωμαῖοι,</span> <span class='ocrx_word' id='word_1_733' title='bbox 2942 4923 3428 4994; x_wconf 77' lang='grc' dir='ltr'>ἐπικαλεσαμένων</span> <span class='ocrx_word' id='word_1_734' title='bbox 3474 4925 3669 4986; x_wconf 76' lang='grc' dir='ltr'>αὐτοὺς</span> <span class='ocrx_word' id='word_1_735' title='bbox 3709 4922 3807 4973; x_wconf 85' lang='grc' dir='ltr'><strong>τῶν</strong></span> <span class='ocrx_word' id='word_1_736' title='bbox 3831 4933 3906 4968; x_wconf 75' lang='grc' dir='ltr'>πο-</span> 
     </span>
    </p>
   </div>
   <div class='ocr_carea' id='block_1_104' title="bbox 2376 5009 3904 5090">
    <p class='ocr_par' dir='ltr' id='par_1_104' title="bbox 2376 5009 3904 5090">
     <span class='ocr_line' id='line_1_104' title="bbox 2376 5009 3904 5090; baseline -0.008 -19"><span class='ocrx_word' id='word_1_737' title='bbox 2376 5021 2684 5090; x_wconf 78' lang='grc' dir='ltr'>λεμούντων</span> <span class='ocrx_word' id='word_1_738' title='bbox 2755 5018 3008 5082; x_wconf 82' lang='grc' dir='ltr'>ἐκείνοις,</span> <span class='ocrx_word' id='word_1_739' title='bbox 3069 5015 3186 5069; x_wconf 74' lang='grc' dir='ltr'>οὔθ’</span> <span class='ocrx_word' id='word_1_740' title='bbox 3243 5017 3595 5086; x_wconf 81' lang='grc' dir='ltr'>ὑπήκουσαν,</span> <span class='ocrx_word' id='word_1_741' title='bbox 3655 5009 3904 5072; x_wconf 73' lang='grc' dir='ltr'>ἀλλὰκαὶ</span> 
     </span>
    </p>
   </div>
   <div class='ocr_carea' id='block_1_105' title="bbox 2375 5099 3902 5181">
    <p class='ocr_par' dir='ltr' id='par_1_105' title="bbox 2375 5099 3902 5181">
     <span class='ocr_line' id='line_1_105' title="bbox 2375 5099 3902 5181; baseline -0.01 -17"><span class='ocrx_word' id='word_1_742' title='bbox 2375 5111 2995 5181; x_wconf 74' lang='grc' dir='ltr'>ἀντιπρεσϐευσὰμενοι,</span> <span class='ocrx_word' id='word_1_743' title='bbox 3024 5109 3118 5159; x_wconf 77' lang='grc' dir='ltr'>καὶ</span> <span class='ocrx_word' id='word_1_744' title='bbox 3146 5108 3220 5177; x_wconf 77' lang='grc' dir='ltr'>μὴ</span> <span class='ocrx_word' id='word_1_745' title='bbox 3251 5106 3575 5180; x_wconf 75' lang='grc' dir='ltr'>δυνηθέντες</span> <span class='ocrx_word' id='word_1_746' title='bbox 3611 5099 3902 5162; x_wconf 59' lang='lat' dir='ltr'><strong>mundis:</strong></span> 
     </span>
    </p>
   </div>
   <div class='ocr_carea' id='block_1_106' title="bbox 2376 5192 3900 5269">
    <p class='ocr_par' dir='ltr' id='par_1_106' title="bbox 2376 5192 3900 5269">
     <span class='ocr_line' id='line_1_106' title="bbox 2376 5192 3900 5269; baseline -0.009 -13"><span class='ocrx_word' id='word_1_747' title='bbox 2376 5204 2610 5268; x_wconf 73' lang='grc' dir='ltr'>αὐτοὺς,</span> <span class='ocrx_word' id='word_1_748' title='bbox 2663 5203 2915 5262; x_wconf 74' lang='grc' dir='ltr'>καὶτοὺς</span> <span class='ocrx_word' id='word_1_749' title='bbox 2965 5197 3345 5269; x_wconf 77' lang='grc' dir='ltr'>αἰχμαλώτους</span> <span class='ocrx_word' id='word_1_750' title='bbox 3371 5194 3485 5250; x_wconf 81' lang='grc' dir='ltr'><strong>τῶν</strong></span> <span class='ocrx_word' id='word_1_751' title='bbox 3537 5192 3900 5267; x_wconf 75' lang='grc' dir='ltr'>Καρχηδονίων.</span> 
     </span>
    </p>
   </div>
   <div class='ocr_carea' id='block_1_107' title="bbox 707 5282 3903 5370">
    <p class='ocr_par' dir='ltr' id='par_1_107' title="bbox 707 5282 3903 5370">
     <span class='ocr_line' id='line_1_107' title="bbox 707 5282 3903 5370; baseline -0.006 -16"><span class='ocrx_word' id='word_1_752' title='bbox 707 5304 866 5364; x_wconf 77' lang='grc' dir='ltr'>ὅσους</span> <span class='ocrx_word' id='word_1_753' title='bbox 899 5298 1064 5370; x_wconf 75' lang='grc' dir='ltr'>εἶχον,</span> <span class='ocrx_word' id='word_1_754' title='bbox 1129 5297 1347 5366; x_wconf 79' lang='grc' dir='ltr'>ἀφῆκαν</span> <span class='ocrx_word' id='word_1_755' title='bbox 1388 5299 1612 5365; x_wconf 80' lang='grc' dir='ltr'>προῖκα,</span> <span class='ocrx_word' id='word_1_756' title='bbox 1657 5298 1748 5345; x_wconf 78' lang='grc' dir='ltr'>καὶ</span> <span class='ocrx_word' id='word_1_757' title='bbox 1777 5298 1919 5347; x_wconf 82' lang='grc' dir='ltr'>σῖτον</span> <span class='ocrx_word' id='word_1_758' title='bbox 1962 5293 2234 5362; x_wconf 75' lang='grc' dir='ltr'>ἔπεμψαν,</span> <span class='ocrx_word' id='word_1_759' title='bbox 2260 5293 2352 5344; x_wconf 68' lang='grc' dir='ltr'>καὶ</span> <span class='ocrx_word' id='word_1_760' title='bbox 2387 5292 2748 5362; x_wconf 79' lang='grc' dir='ltr'>μισθοφόρους</span> <span class='ocrx_word' id='word_1_761' title='bbox 2779 5293 2841 5342; x_wconf 84' lang='grc' dir='ltr'><strong>ἐκ</strong></span> <span class='ocrx_word' id='word_1_762' title='bbox 2874 5290 2971 5358; x_wconf 76' lang='grc' dir='ltr'>τῆς</span> <span class='ocrx_word' id='word_1_763' title='bbox 3010 5291 3215 5349; x_wconf 82' lang='grc' dir='ltr'>οίκιίας</span> <span class='ocrx_word' id='word_1_764' title='bbox 3254 5287 3595 5357; x_wconf 77' lang='grc' dir='ltr'>συμμαχίδος</span> <span class='ocrx_word' id='word_1_765' title='bbox 3643 5283 3810 5344; x_wconf 72' lang='grc' dir='ltr'>αὐτοῖς</span> <span class='ocrx_word' id='word_1_766' title='bbox 3829 5282 3903 5329; x_wconf 71' lang='grc' dir='ltr'><strong>ιπ-</strong></span> 
     </span>
    </p>
   </div>
   <div class='ocr_carea' id='block_1_108' title="bbox 693 5378 3899 5466">
    <p class='ocr_par' dir='ltr' id='par_1_108' title="bbox 693 5378 3899 5466">
     <span class='ocr_line' id='line_1_108' title="bbox 693 5378 3899 5466; baseline -0.005 -20"><span class='ocrx_word' id='word_1_767' title='bbox 693 5396 1010 5466; x_wconf 73' lang='grc' dir='ltr'>-αγαγέσθαι</span> <span class='ocrx_word' id='word_1_768' title='bbox 1070 5393 1394 5462; x_wconf 68' lang='grc' dir='ltr'>ἐπέτρεψαν,</span> <span class='ocrx_word' id='word_1_769' title='bbox 1425 5391 1582 5456; x_wconf 79' lang='grc' dir='ltr'>δόξαν</span> <span class='ocrx_word' id='word_1_770' title='bbox 1641 5390 1933 5451; x_wconf 77' lang='grc' dir='ltr'>ἐπιεικείας</span> <span class='ocrx_word' id='word_1_771' title='bbox 1987 5388 2291 5458; x_wconf 83' lang='grc' dir='ltr'>θηρώμενοι</span> <span class='ocrx_word' id='word_1_772' title='bbox 2351 5388 2569 5457; x_wconf 82' lang='grc' dir='ltr'>μᾶλλον,</span> <span class='ocrx_word' id='word_1_773' title='bbox 2606 5386 2640 5454; x_wconf 78' lang='grc' dir='ltr'>ἢ</span> <span class='ocrx_word' id='word_1_774' title='bbox 2695 5382 2790 5436; x_wconf 81' lang='grc' dir='ltr'>τοῦ</span> <span class='ocrx_word' id='word_1_775' title='bbox 2842 5383 3213 5453; x_wconf 75' lang='grc' dir='ltr'>συμφέροντος</span> <span class='ocrx_word' id='word_1_776' title='bbox 3243 5381 3428 5443; x_wconf 82' lang='grc' dir='ltr'>αὐτοῖς</span> <span class='ocrx_word' id='word_1_777' title='bbox 3469 5378 3899 5452; x_wconf 61' lang='grc' dir='ltr'>προμηθούμενον</span> 
     </span>
    </p>
   </div>
   <div class='ocr_carea' id='block_1_109' title="bbox 711 5469 3900 5556">
    <p class='ocr_par' dir='ltr' id='par_1_109' title="bbox 711 5469 3900 5556">
     <span class='ocr_line' id='line_1_109' title="bbox 711 5469 3900 5556; baseline -0.009 -12"><span class='ocrx_word' id='word_1_778' title='bbox 711 5492 831 5546; x_wconf 80' lang='grc' dir='ltr'>ὅθεν</span> <span class='ocrx_word' id='word_1_779' title='bbox 892 5489 1193 5556; x_wconf 74' lang='grc' dir='ltr'>πράγματα</span> <span class='ocrx_word' id='word_1_780' title='bbox 1244 5482 1401 5552; x_wconf 78' lang='grc' dir='ltr'>Ισχον</span> <span class='ocrx_word' id='word_1_781' title='bbox 1444 5481 1749 5532; x_wconf 75' lang='grc' dir='ltr'>ιίσέπειτα.</span> <span class='ocrx_word' id='word_1_782' title='bbox 1820 5481 1876 5530; x_wconf 88' lang='lat'><strong>&#39;0</strong></span> <span class='ocrx_word' id='word_1_783' title='bbox 1927 5480 2034 5549; x_wconf 80' lang='grc' dir='ltr'><strong>γὰρ</strong></span> <span class='ocrx_word' id='word_1_784' title='bbox 2089 5479 2350 5548; x_wconf 82' lang='grc' dir='ltr'>’Δμίλκας</span> <span class='ocrx_word' id='word_1_785' title='bbox 2389 5476 2648 5539; x_wconf 80' lang='grc' dir='ltr'>ἐκεῖνοςὺ</span> <span class='ocrx_word' id='word_1_786' title='bbox 2693 5475 2985 5544; x_wconf 80' lang='grc' dir='ltr'>Βαρχίδης,</span> <span class='ocrx_word' id='word_1_787' title='bbox 3046 5472 3168 5525; x_wconf 75' lang='grc' dir='ltr'>ἐπεὶ</span> <span class='ocrx_word' id='word_1_788' title='bbox 3197 5471 3319 5533; x_wconf 75' lang='grc' dir='ltr'>τοὺς</span> <span class='ocrx_word' id='word_1_789' title='bbox 3367 5470 3643 5534; x_wconf 75' lang='grc' dir='ltr'>ἐναντίους</span> <span class='ocrx_word' id='word_1_790' title='bbox 3670 5469 3900 5535; x_wconf 71' lang='grc' dir='ltr'>ἐνίκησεν,</span> 
     </span>
    </p>
   </div>
   <div class='ocr_carea' id='block_1_110' title="bbox 711 5557 3901 5651">
    <p class='ocr_par' dir='ltr' id='par_1_110' title="bbox 711 5557 3901 5651">
     <span class='ocr_line' id='line_1_110' title="bbox 711 5557 3901 5651; baseline -0.009 -16"><span class='ocrx_word' id='word_1_791' title='bbox 711 5585 804 5642; x_wconf 69' lang='grc' dir='ltr'>επὶ</span> <span class='ocrx_word' id='word_1_792' title='bbox 839 5584 932 5651; x_wconf 81' lang='grc' dir='ltr'>μὲν</span> <span class='ocrx_word' id='word_1_793' title='bbox 955 5580 1084 5638; x_wconf 62' lang='grc' dir='ltr'>τοὺς</span> <span class='ocrx_word' id='word_1_794' title='bbox 1158 5573 1477 5642; x_wconf 83' lang='grc' dir='ltr'>Ῥωμαίους,</span> <span class='ocrx_word' id='word_1_795' title='bbox 1539 5572 1740 5641; x_wconf 80' lang='grc' dir='ltr'>καίπερ</span> <span class='ocrx_word' id='word_1_796' title='bbox 1788 5571 1962 5640; x_wconf 80' lang='grc' dir='ltr'>κάρτα</span> <span class='ocrx_word' id='word_1_797' title='bbox 2023 5572 2195 5639; x_wconf 82' lang='grc' dir='ltr'>μισῶν</span> <span class='ocrx_word' id='word_1_798' title='bbox 2243 5570 2458 5633; x_wconf 77' lang='grc' dir='ltr'>αὐτοὺς,</span> <span class='ocrx_word' id='word_1_799' title='bbox 2515 5569 2616 5621; x_wconf 76' lang='grc' dir='ltr'>οὐκ</span> <span class='ocrx_word' id='word_1_800' title='bbox 2669 5567 2935 5633; x_wconf 64' lang='grc' dir='ltr'>ἐτόλμησε</span> <span class='ocrx_word' id='word_1_801' title='bbox 2967 5561 3315 5633; x_wconf 81' lang='grc' dir='ltr'>στρατεῦσαι,</span> <span class='ocrx_word' id='word_1_802' title='bbox 3367 5562 3423 5624; x_wconf 78' lang='grc' dir='ltr'><strong>ἐς</strong></span> <span class='ocrx_word' id='word_1_803' title='bbox 3460 5562 3517 5614; x_wconf 73' lang='grc' dir='ltr'><strong>δέ</strong></span> <span class='ocrx_word' id='word_1_804' title='bbox 3563 5561 3660 5631; x_wconf 73' lang='grc' dir='ltr'>τὴν</span> <span class='ocrx_word' id='word_1_805' title='bbox 3705 5557 3901 5629; x_wconf 76' lang='grc' dir='ltr'>Ἰϐηρίαν</span> 
     </span>
    </p>
   </div>
   <div class='ocr_carea' id='block_1_111' title="bbox 715 5657 3012 5742">
    <p class='ocr_par' dir='ltr' id='par_1_111' title="bbox 715 5657 3012 5742">
     <span class='ocr_line' id='line_1_111' title="bbox 715 5657 3012 5742; baseline -0.006 -17"><span class='ocrx_word' id='word_1_806' title='bbox 715 5674 869 5742; x_wconf 81' lang='grc' dir='ltr'><strong>παρά</strong></span> <span class='ocrx_word' id='word_1_807' title='bbox 934 5671 1158 5738; x_wconf 85' lang='grc' dir='ltr'>γνώμην</span> <span class='ocrx_word' id='word_1_808' title='bbox 1184 5667 1293 5718; x_wconf 81' lang='grc' dir='ltr'><strong>τῶν</strong></span> <span class='ocrx_word' id='word_1_809' title='bbox 1323 5669 1459 5718; x_wconf 74' lang='grc' dir='ltr'>οἶκοι</span> <span class='ocrx_word' id='word_1_810' title='bbox 1485 5664 1655 5718; x_wconf 85' lang='grc' dir='ltr'>τελῶν</span> <span class='ocrx_word' id='word_1_811' title='bbox 1696 5663 1928 5732; x_wconf 66' lang='grc' dir='ltr'>ἀπῆρεν.</span> <span class='ocrx_word' id='word_1_812' title='bbox 1991 5665 2152 5720; x_wconf 81' lang='grc' dir='ltr'>Ἀλλά</span> <span class='ocrx_word' id='word_1_813' title='bbox 2178 5662 2351 5717; x_wconf 80' lang='grc' dir='ltr'>ταῦτα</span> <span class='ocrx_word' id='word_1_814' title='bbox 2396 5663 2489 5732; x_wconf 71' lang='grc' dir='ltr'>μὲν</span> <span class='ocrx_word' id='word_1_815' title='bbox 2519 5663 2734 5730; x_wconf 76' lang='grc' dir='ltr'>ἐγένετο</span> <span class='ocrx_word' id='word_1_816' title='bbox 2765 5657 3012 5728; x_wconf 73' lang='grc' dir='ltr'>ὕστερον.</span> 
     </span>
    </p>
   </div>
   <div class='ocr_carea' id='block_1_112' title="bbox 779 5756 2265 5817">
    <p class='ocr_par' dir='ltr' id='par_1_112' title="bbox 779 5756 2265 5817">
     <span class='ocr_line' id='line_1_112' title="bbox 779 5756 2265 5817; baseline -0.005 0"><span class='ocrx_word' id='word_1_817' title='bbox 779 5764 963 5817; x_wconf 65' lang='grc' dir='ltr'>Χγιιι.</span> <span class='ocrx_word' id='word_1_818' title='bbox 996 5762 1133 5815; x_wconf 83' lang='grc' dir='ltr'>Τυιη</span> <span class='ocrx_word' id='word_1_819' title='bbox 1165 5771 1346 5814; x_wconf 89' lang='lat' dir='ltr'><strong>autem</strong></span> <span class='ocrx_word' id='word_1_820' title='bbox 1385 5759 1612 5812; x_wconf 88' lang='lat' dir='ltr'><strong>Romani</strong></span> <span class='ocrx_word' id='word_1_821' title='bbox 1646 5773 1768 5812; x_wconf 88' lang='lat' dir='ltr'><strong>cum</strong></span> <span class='ocrx_word' id='word_1_822' title='bbox 1804 5756 2028 5811; x_wconf 85' lang='lat' dir='ltr'><strong>Faliscis</strong></span> <span class='ocrx_word' id='word_1_823' title='bbox 2059 5757 2265 5811; x_wconf 89' lang='lat' dir='ltr'><strong>bellum</strong></span> 
     </span>
    </p>
   </div>
   <div class='ocr_carea' id='block_1_113' title="bbox 708 5850 2262 5926">
    <p class='ocr_par' dir='ltr' id='par_1_113' title="bbox 708 5850 2262 5926">
     <span class='ocr_line' id='line_1_113' title="bbox 708 5850 2262 5926; baseline -0.005 -18"><span class='ocrx_word' id='word_1_824' title='bbox 708 5864 1009 5926; x_wconf 71' lang='lat' dir='ltr'><strong>gesserunt,</strong></span> <span class='ocrx_word' id='word_1_825' title='bbox 1039 5853 1234 5908; x_wconf 74' lang='lat' dir='ltr'><strong>Manlio</strong></span> <span class='ocrx_word' id='word_1_826' title='bbox 1261 5850 1538 5921; x_wconf 83' lang='lat' dir='ltr'><strong>Torquato</strong></span> <span class='ocrx_word' id='word_1_827' title='bbox 1568 5865 1756 5918; x_wconf 84' lang='lat' dir='ltr'><strong>agrum</strong></span> <span class='ocrx_word' id='word_1_828' title='bbox 1779 5851 2001 5904; x_wconf 75' lang='lat' dir='ltr'><strong>illorum</strong></span> <span class='ocrx_word' id='word_1_829' title='bbox 2031 5859 2221 5905; x_wconf 87' lang='lat' dir='ltr'><strong>urente</strong></span> <span class='ocrx_word' id='word_1_830' title='bbox 2250 5863 2262 5900; x_wconf 91' lang='lat'><strong>:</strong></span> 
     </span>
    </p>
   </div>
   <div class='ocr_carea' id='block_1_114' title="bbox 2453 5745 3898 5818">
    <p class='ocr_par' dir='ltr' id='par_1_114' title="bbox 2453 5745 3898 5818">
     <span class='ocr_line' id='line_1_114' title="bbox 2453 5745 3898 5818; baseline -0.009 -11"><span class='ocrx_word' id='word_1_831' title='bbox 2453 5753 2561 5810; x_wconf 85' lang='lat' dir='ltr'><strong>lll&#39;.</strong></span> <span class='ocrx_word' id='word_1_832' title='bbox 2595 5753 2727 5806; x_wconf 86' lang='grc' dir='ltr'>Τότε</span> <span class='ocrx_word' id='word_1_833' title='bbox 2760 5751 2814 5803; x_wconf 79' lang='grc' dir='ltr'><strong>δέ</strong></span> <span class='ocrx_word' id='word_1_834' title='bbox 2853 5752 2942 5804; x_wconf 81' lang='grc' dir='ltr'>καὶ</span> <span class='ocrx_word' id='word_1_835' title='bbox 2973 5753 3021 5804; x_wconf 81' lang='grc' dir='ltr'>οἱ</span> <span class='ocrx_word' id='word_1_836' title='bbox 3062 5751 3326 5818; x_wconf 84' lang='grc' dir='ltr'>Ῥωμαῖοι</span> <span class='ocrx_word' id='word_1_837' title='bbox 3355 5749 3640 5812; x_wconf 72' lang='grc' dir='ltr'>Φαλίσκοις</span> <span class='ocrx_word' id='word_1_838' title='bbox 3665 5745 3898 5813; x_wconf 72' lang='grc' dir='ltr'>ἐπολέμη-</span> 
     </span>
    </p>
   </div>
   <div class='ocr_carea' id='block_1_115' title="bbox 2371 5833 3897 5916">
    <p class='ocr_par' dir='ltr' id='par_1_115' title="bbox 2371 5833 3897 5916">
     <span class='ocr_line' id='line_1_115' title="bbox 2371 5833 3897 5916; baseline -0.009 -15"><span class='ocrx_word' id='word_1_839' title='bbox 2371 5863 2496 5911; x_wconf 78' lang='grc' dir='ltr'>σαν,</span> <span class='ocrx_word' id='word_1_840' title='bbox 2526 5847 2624 5902; x_wconf 66' lang='grc' dir='ltr'>καὶ</span> <span class='ocrx_word' id='word_1_841' title='bbox 2679 5843 2889 5908; x_wconf 78' lang='grc' dir='ltr'>Μάλιος</span> <span class='ocrx_word' id='word_1_842' title='bbox 2944 5842 3321 5916; x_wconf 63' lang='grc' dir='ltr'>Τουριιουάτος</span> <span class='ocrx_word' id='word_1_843' title='bbox 3373 5840 3473 5911; x_wconf 76' lang='grc' dir='ltr'>τὴν</span> <span class='ocrx_word' id='word_1_844' title='bbox 3525 5841 3700 5913; x_wconf 81' lang='grc' dir='ltr'>χώραν</span> <span class='ocrx_word' id='word_1_845' title='bbox 3753 5833 3897 5891; x_wconf 55' lang='lat' dir='ltr'><strong>uini&quot;</strong></span> 
     </span>
    </p>
   </div>
  </div>
