3986 6338
612 453 639 506 ἰ
650 453 718 504 U35

1861 443 2181 507 JOANNIS
2221 442 2546 505 ZONARE

3700 449 3800 511 705

612 553 893 609 resistente
930 564 986 607 et
1015 568 1222 623 sparsa,
1245 552 1459 611 facilius
1485 556 1742 614 infra‘eos
1768 560 2008 615 transiit.
2043 557 2155 613 Sei-

2262 558 2518 626 διαϐῆναι
2554 558 2875 629 προσέταξε.
2901 558 3010 613 Καὶ
3026 558 3170 613 οὕτω
3205 557 3298 613 τοῦ
3326 557 3515 623 ὓδατος
3547 560 3673 631 περὶ
3703 565 3808 624 τοῖς

610 647 699 714 pio
722 645 791 700 ab
827 644 1078 698 hostibus
1126 645 1521 716 deprehensus,
1577 664 1637 705 se
1661 651 1785 706 loco
1827 666 1936 705 non
1966 648 2155 703 movit.

606 732 684 786 Ac
710 747 944 802 pugnam
983 732 1218 797 iniisset,
1271 734 1374 789 nisi
1405 734 1611 791 Gallica
1655 738 1857 792 auxilia
1899 745 2063 793 noctu
2090 737 2157 791 ad

608 824 795 877 hostes
849 822 1285 893 transfugissent.
1349 825 1424 880 Ea
1480 841 1538 880 re
1568 827 1839 892 turbatus,
1879 835 1936 883 et
1968 827 2159 882 dolore

603 914 849 970 vulneris
875 925 1122 977 vexatus,
1155 916 1260 971 sub
1304 927 1519 971 noctem
1549 929 1729 974 castra
1759 921 1813 974 in
1863 919 2169 992 editiorem

604 1007 782 1060 locum
836 1006 1138 1065 transtulit.
1196 1007 1511 1077 vallumque
1572 1010 1918 1075 communiit,
1969 1016 2161 1079 pe'Se-

602 1106 803 1167 quente
850 1099 1088 1153 nemine.
1117 1098 1326 1153 Deinde
1361 1099 1846 1170 Carthaginienses
1865 1109 2157 1165 venerunt,

601 1201 658 1246 et
679 1189 900 1244 flumine
931 1189 1221 1259 interiecto
1243 1189 1400 1262 ιιι
1431 1192 1802 1247 castrametati
1833 1202 1980 1248 sunt.
2015 1189 2155 1248 Dum

600 1279 786 1350 Scipio
819 1290 933 1332 tum
989 1295 1053 1333 ex
1084 1278 1276 1336 dolore
1325 1281 1590 1346 vulneris,
1622 1293 1736 1338 tum
1777 1283 1849 1337 ob
1874 1292 2155 1351 acceptam

599 1372 810 1426 cladem
868 1386 988 1426 sese
1023 1373 1332 1433 continens,
1384 1377 1570 1441 plures
1606 1375 1794 1444 copias
1848 1380 2155 1444 exspectat,

599 1461 836 1516 Annibal
860 1461 1044 1516 multis
1073 1460 1271 1516 frustra
1303 1462 1544 1529 tentatis;
1592 1472 1651 1517 ut
1671 1478 1798 1518 eum
1826 1464 1894 1519 ad
1920 1480 2156 1535 pugnam

597 1554 846 1618 eliceret,
873 1569 1001 1608 eum
1025 1554 1250 1622 penuria
1274 1548 1613 1610 commeatus
1636 1555 1933 1618 laboraret,
1958 1558 2153 1613 castel-

598 1648 710 1703 lum
739 1649 1010 1719 quoddam
1043 1659 1128 1704 est
1151 1649 1394 1713 adortus,
1421 1647 1475 1703 iu
1497 1665 1609 1719 quo
1645 1651 1890 1706 Romani
1922 1653 2155 1708 multum

599 1738 861 1794 frumenti
906 1740 1206 1807 repositum
1254 1740 1661 1796 habebant:et
1713 1740 1844 1811 quia
1901 1742 1954 1796 vi
2015 1741 2154 1796 nihil

601 1828 936 1896 proﬁciebat,
972 1831 1330 1886 castellanum
1361 1833 1594 1902 pecunia
1616 1834 1954 1902 corrumpit,
2011 1841 2072 1887 ut
2099 1831 2153 1886 id

597 1921 698 1974 sibi
724 1921 918 1991 prodat
952 1939 967 1977 :
1000 1938 1113 1991 quo
1138 1933 1434 1992 occupato,
1474 1923 1638 1977 etiam
1695 1923 1908 1978 caeteris
1959 1923 2156 1991 partim

608 2012 683 2077 vi,
733 2013 930 2081 partim
988 2028 1207 2068 aurose
1261 2014 1560 2083 potiturum
1619 2015 1877 2083 speravit.
1946 2014 2155 2070 Interea

602 2100 842 2171 Longus,
880 2103 1122 2159 Siciliam
1153 2104 1329 2174 legato
1350 2104 1575 2169 credita,
1609 2105 1907 2160 accersitus
1932 2104 1998 2159 ad
2034 2102 2156 2160 Sci-

598 2196 816 2261 pionem
862 2195 1056 2265 venit:
1097 2210 1198 2250 nec
1244 2197 1418 2249 multo
1469 2204 1592 2265 post
1636 2211 1703 2254 ex
1748 2196 2068 2262 ambitione,
2098 2205 2156 2250 et

596 2285 743 2353 quod
779 2287 1110 2354 praedatores
1158 2286 1424 2356 quosdam
1455 2295 1763 2355 superarat.
1807 2287 1937 2341 dum
1971 2287 2026 2342 in
2055 2304 2156 2358 pu-

596 2391 758 2444 gnam
817 2379 948 2436 ruit.
1007 2378 1062 2432 in
1109 2377 1339 2433 insidias
1382 2378 1641 2448 delapsus
1671 2379 1941 2450 impingit,
1977 2393 2031 2434 et
2087 2381 2156 2436 ab

595 2467 860 2523 Annibale
918 2484 1042 2524 cum
1091 2469 1372 2539 equitibus
1420 2479 1474 2526 et
1523 2470 1831 2539 elephantis
1888 2471 1940 2524 in
1974 2471 2155 2542 fugam

593 2562 934 2615 convertitur
970 2579 983 2615 :
1016 2562 1070 2615 in
1126 2577 1235 2631 qua
1271 2561 1426 2614 multi
1478 2562 1628 2626 caesi,
1651 2562 1813 2616 multi
1866 2572 2069 2617 temere
2100 2566 2155 2620 in

593 2641 819 2706 fluvium
867 2653 1189 2722 pr.ecipitati
1239 2652 1543 2722 perierunt,
1575 2654 1736 2723 pauci
1785 2669 1908 2728 cum
1971 2654 2158 2723 Longo

591 2756 841 2796 evasere.
865 2741 1100 2802 Annibal
1151 2757 1284 2797 vero
1310 2758 1375 2797 ea
1425 2743 1654 2797 victoria
1676 2758 1784 2798 non
1816 2754 1901 2799 est
1922 2745 2154 2813 laetatus,

592 2831 735 2902 quod
761 2841 817 2886 et
838 2833 1042 2887 milites
1061 2832 1263 2887 multus
1295 2841 1351 2888 et
1371 2832 1695 2902 elephantos
1717 2849 1912 2891 omnes
1955 2848 2158 2906 praeter

594 2939 784 2986 unum,
844 2922 1045 2994 frigore
1099 2931 1158 2978 et
1193 2922 1512 2978 vulneribus
1538 2923 1821 2981 confectus
1875 2927 2154 2982 amiserat.

593 3010 771 3066 Factis
799 3011 966 3080 igitur
989 3010 1110 3067 sine
1145 3010 1351 3072 findere
1392 3012 1652 3068 induciis.
1680 3014 1898 3085 utrique
1947 3015 2016 3070 ad
2067 3031 2158 3071 so-

590 3103 708 3157 cios
732 3118 792 3158 se
819 3102 1196 3165 contulerunt,
1233 3111 1292 3158 et
1320 3102 1376 3156 in
1398 3117 1591 3158 eorum
1617 3104 1849 3160 urbibus
1897 3105 2156 3162 hiberna—

591 3203 735 3248 runt.
764 3196 841 3249 Ac
872 3194 1132 3249 Romanis
1157 3204 1496 3250 commeatus
1533 3195 1749 3250 abunde
1795 3197 2143 3282 suppetebat.
2175 3217 2221 3276 ο

588 3283 819 3339 Annibal
846 3292 1026 3338 autem
1060 3299 1185 3340 cum
1208 3299 1271 3341 ea
1300 3300 1422 3355 quae
1440 3286 1575 3339 socii
1603 3285 1832 3350 dabant,
1864 3287 2000 3342 satis
2039 3303 2148 3342 non

588 3382 795 3436 essent,
825 3372 1203 3442 Romanorum
1252 3386 1419 3441 pagus
1442 3381 1500 3425 et
1566 3372 1766 3440 oppida
1824 3373 2150 3442 invadenda,

587 3461 722 3517 alias
752 3462 1026 3525 vincebat,
1054 3462 1191 3516 alias
1211 3461 1580 3531 repellebatur
1613 3481 1628 3518 :
1658 3463 1956 3532 aliquando
1987 3480 2154 3535 eque-

589 3554 688 3611 atri
737 3554 1036 3609 certamine
1074 3569 1104 3608 a
1158 3553 1345 3624 Longo
1404 3553 1603 3620 victus,
1666 3555 1866 3611 vulnus
1919 3559 2150 3628 accepit.

591 3646 748 3702 Unde
773 3646 994 3714 quidam
1016 3662 1083 3700 ex
1113 3647 1376 3701 Romanis
1404 3655 1620 3717 sumpta
1649 3646 1864 3711 fiducia,
1904 3665 2002 3718 per
2033 3666 2153 3706 sese

589 3745 782 3790 contra
822 3752 946 3790 eum
983 3737 1181 3791 muenia
1232 3746 2004 3805 oppugnantem,eruperunt.
2041 3739 2151 3792 Sed

587 3837 642 3881 et
691 3827 766 3880 illi
800 3827 923 3882 caesi
951 3836 1098 3888 sunt,
1125 3833 1180 3879 et
1212 3825 1470 3894 oppidum
1495 3824 1636 3879 facta
1693 3827 1970 3880 deditione
1997 3843 2152 3882 ever-

588 3931 709 3971 sum
736 3931 752 3970 :
777 3926 833 3970 et
865 3932 929 3970 ex
961 3915 1192 3985 captivis
1220 3914 1448 3968 Romani
1487 3927 1678 3969 omnes
1721 3915 2015 3981 interfecti,
2048 3932 2152 3970 cae-

589 4003 690 4057 teri
713 4003 942 4057 dimissi.
969 4004 1224 4058 Eamdem
1257 4005 1521 4060 rationem
1560 4005 1616 4058 in
1637 4005 1893 4060 omnibus
1920 4006 2150 4074 captivis

587 4091 917 4162 observavit,
955 4103 1015 4145 ut
1039 4109 1136 4159 per
1168 4108 1263 4147 eos
1284 4094 1450 4148 urbes
1477 4095 1582 4149 sibi
1633 4096 1972 4150 conciliaret.
2000 4096 2147 4161 Quin

587 4199 653 4236 ex
682 4183 905 4260 reliquis
938 4183 1102 4237 etiam
1115 4181 1304 4245 Gallis,
1327 4182 1619 4253 Liguribus
1631 4193 1687 4237 et
1709 4184 2147 4250 Etrusciszmnlti,

588 4275 848 4329 Romanis
883 4274 937 4327 in
974 4273 1090 4328 suis
1115 4274 1333 4343 oppidis
1354 4274 1550 4343 partim
1574 4275 1791 4341 occisis,
1835 4277 2031 4344 partim
2057 4276 2152 4332 de-

589 4364 744 4433 ditis,
770 4365 1114 4418 defecerunt.
1164 4364 1395 4420 Annibal
1437 4366 1490 4420 in
1539 4365 1814 4421 Etruriam
1862 4367 2060 4432 iturus,
2117 4386 2148 4424 a

591 4455 778 4522 Longo
810 4468 1004 4521 magna
1037 4462 1358 4522 tempestate
1387 4455 1675 4509 lacessitus
1695 4466 1779 4510 est
1811 4473 1825 4509 :
1861 4466 1916 4511 et
1959 4457 2147 4512 multis

2259 645 2442 712 δγκοις
2473 642 2583 700 τῶν
2609 647 2762 713 ζώων
2790 647 3238 717 ἑμποδιζομόνου,
3262 649 3357 702 καὶ
3387 649 3809 718 σκεδαννυμένου

2262 738 2394 807 ῥᾷον
2423 737 2578 792 κάτω
2615 737 2768 807 σφῶν
2793 738 3185 810 διεπεραιώθη.
3220 739 3605 810 Καταληφθεὶς
3639 739 3734 794 οὖν
3781 740 3808 791 δ

2258 826 2500 881 Σκιπίων
2527 830 2669 883 κατὰ
2697 829 2883 899 χώραν
2911 829 3118 900 ἔμεινε.
3165 831 3277 886 Καὶ
3301 831 3598 900 ιμαχὲσατ⁹
3629 831 3717 896 άν,
3763 830 3810 883 ει

2260 920 2336 989 μη
2370 920 2564 983 νυκτδς
2590 921 2643 974 si
2673 921 2935 985 Γαλάται,
2962 922 3016 975 ui
3047 921 3167 993 μετ’
3210 920 3380 976 αὐτοῦ
3418 921 3808 992 ηὐτομόλησαν.

2268 1010 2329 1065 '0
2358 1010 2406 1064 δ’
2429 1011 2527 1066 οὖν
2554 1011 2817 1078 Σκιπίων,
2847 1013 2942 1066 ἐπὶ
2985 1013 3162 1085 τούτῳ
3203 1012 3516 1084 ταραχθεὶς,
3559 1012 3657 1066 καὶ
3706 1013 3806 1066 ύπδ

2255 1101 2353 1156 τοῦ
2397 1101 2715 1174 τραύματος
2777 1103 3227 1174 ταλαιπωρήσας,
3271 1103 3379 1157 ύπδ
3414 1104 3589 1158 νύκτα
3656 1099 3806 1168 αὖθις

2257 1189 2540 1261 ὶεανέστη,
2563 1192 2658 1246 καὶ
2684 1193 2778 1246 ἐπὶ
2795 1191 3070 1265 μετεώρου
3094 1191 3160 1246 sb
3170 1193 3464 1263 τάφρευμα
3494 1193 3800 1262 ιποιησατο.

2257 1280 2450 1348 Δίωξις
2463 1281 2521 1335 δὶ
2539 1281 2708 1336 αὐτού
2736 1281 2836 1336 οὐκ
2856 1283 3090 1351 εγενετο.
3114 1283 3268 1337 Μετὰ
3297 1281 3356 1336 δι
3375 1281 3537 1336 τοῦτο
3555 1282 3806 1350 ἀφίκοντο

2257 1369 2354 1422 καὶ
2377 1371 2427 1424 οξ
2459 1370 2844 1441 Καρχηδόνιοι,
2867 1371 2964 1424 καὶ
2987 1370 3082 1422 τὸν
3107 1371 3357 1440 ποταμδν
3378 1370 3469 1423 διὰ
3481 1371 3807 1440 μίσουποιη·

2258 1460 2506 1532 σάμενοι,
2537 1461 3118 1532 δστρατοπεδεύσαντο.
3158 1461 3220 1516 '0
3268 1461 3368 1530 μὶν
3427 1458 3522 1515 οὖν
3573 1461 3810 1514 Σκιπίων

2256 1552 2348 1606 διά
2376 1569 2437 1606 τε
2466 1553 2531 1606 sb
2555 1553 2780 1624 τραῦμα
2811 1555 2903 1607 καὶ
2947 1553 3036 1607 διὰ
3084 1552 3153 1607 τά
3197 1552 3585 1623 συμϐεϐηκότα
3633 1552 3805 1621 ἀνεῖχε

2256 1645 2352 1696 καὶ
2374 1643 2604 1714 δύναμιν
2625 1647 3034 1714 μετεπέμπετο⁸
3077 1643 3324 1705 ’Λννίϐας
3360 1643 3441 1708 δὲ,
3473 1642 3644 1697 πολλὰ
3692 1657 3808 1694 πει-

2232 1733 2430 1807 ράσας
2456 1735 2829 1807 παρακινῆσαι
2858 1735 2995 1802 πρδς
3029 1724 3226 1805 μάχην
3258 1733 3445 1798 αύτδν,
3500 1733 3626 1789 ἐπεὶ
3681 1730 3800 1784 οὔτε

2258 1823 2404 1878 τοῦτ’
2430 1825 2694 1894 ἠδυνήθη,
2723 1827 2816 1878 καὶ
2840 1826 3049 1894 τροφῆς
3075 1824 3358 1886 ίσπάνισε,
3383 1823 3628 1894 φρουρίῳ
3649 1838 3808 1893 προσ-

2187 1886 2229 1944 B
2255 1886 2467 1982 έϐαλεν,
2496 1919 2556 1970 ιν
2648 1886 2795 1979 uisu;
2819 1949 2822 1951 »
3035 1915 3147 1969 τῶν
3172 1886 3461 1986 Ῥωμαίων
3488 1886 3807 1970 ἔδικτα-Καὶ

2257 2007 2424 2078 μηδὲν
2481 2007 2776 2077 περαίνων,
2827 2006 2923 2060 τὸν
2965 2006 3315 2077 φρούραρχον
3367 2004 3658 2076 διεφθειρί
3681 2007 3810 2076 χρήο

2257 2115 2410 2165 μασι,
2446 2098 2667 2151 κάκεῖνό
2693 2115 2751 2150 τε
2780 2097 3041 2168 προδοθὲν
3068 2098 3247 2161 ελσϐε,
3284 2098 3472 2153 καὶτὰ
3499 2098 3636 2152 ἄλλα
3666 2099 3808 2167 σχεῖν

2252 2188 2321 2240 τά
2366 2188 2462 2257 μὲν
2493 2188 2697 2252 ὅπλοις,
2740 2189 2806 2240 τά
2830 2188 2884 2241 δὲ
2917 2188 3126 2259 χρυσίῳ
3169 2189 3463 2257 ιπήλπισε.
3492 2189 3614 2242 Κάν
3641 2186 3808 2258 τούτῳ

2252 2278 2284 2330 δ
2308 2279 2542 2347 Λόγγος,
2563 2279 2662 2348 τὴν
2684 2277 2932 2332 Σικελίαν
2956 2278 3036 2348 τῷ
3063 2278 3464 2349 ὑποστρατήγῳ
3494 2278 3804 2343 πιστεύσας,

2255 2366 2394 2434 πρὸς
2428 2367 2519 2420 τδν
2565 2365 2845 2420 Σκιπίωνα
2897 2367 3237 2436 κεκλημένος
3293 2367 3543 2436 άφίκετοο
3603 2367 3700 2420 καὶ
3745 2366 3804 2418 οὐ

2255 2458 2436 2528 πολλῷ
2467 2457 2694 2529 ὕστερον
2720 2459 2824 2512 ύπδ
2860 2458 3197 2529 φιλοτιμίας,
3233 2459 3330 2512 καὶ
3353 2459 3434 2512 δτι
3465 2457 3619 2519 τινάς
3643 2474 3807 2511 καταο

2253 2549 2549 2620 τρέχοντας
2570 2549 2672 2618 τὴν
2694 2549 2881 2622 χώραν
2909 2551 3238 2620 εκράτησεν,
3261 2551 3342 2613 είς
3370 2548 3679 2622 παράταξιν
3703 2549 3806 2619 ῶρ-

2256 2655 2419 2710 μησε,
2469 2638 2566 2694 καὶ
2617 2639 2827 2709 ἐσφάλη
2895 2639 3142 2708 ινέδραις
3191 2639 3526 2712 περιπεσώνο
3577 2639 3669 2694 καὶ
3714 2637 3804 2693 τοῦ

2265 2729 2484 2784 ’Λννίϐα
2542 2728 2918 2795 maneam;
2970 2730 3110 2799 μετὰ
3157 2729 3267 2805 τῶν
3323 2730 3506 2795 πεζῶν
3550 2730 3648 2784 καὶ
3705 2729 3806 2785 sint

2254 2817 2582 2887 ιλεφάντων,
2608 2819 2659 2894 ui
2693 2821 2812 2888 μετ’
2834 2817 2999 2872 αὐτοῦ
3027 2819 3349 2892 ἐτράπησαν
3370 2823 3450 2885 είς
3476 2822 3678 2892 φυγὴν,
3716 2824 3805 2875 καὶ

2256 2908 2446 2961 πολλοὶ
2465 2907 2842 2978 διεφθάρησαν
2867 2908 3036 2980 φόνῳ,
3057 2909 3246 2962 πολλοὶ
3276 2911 3335 2963 δὲ
3363 2912 3462 2965 καὶ
3488 2915 3571 2976 είς
3594 2912 3684 2964 τδν
3715 2927 3807 2964 πο·

2253 3000 2430 3070 ταμὸν
2450 2999 2871 3070 ἀπερισκέπτως
2897 3000 3228 3071 ιμπεσόντες
3248 2999 3574 3070 ίπνίγησαν,
3599 3002 3673 3065 ώς
3700 3001 3805 3056 61i-

2255 3105 2385 3164 γους
2423 3089 2563 3159 μετά
2590 3087 2685 3143 τοῦ
2721 3089 2934 3159 Λόγγου
2978 3090 3368 3162 περισωθῆναι.
3393 3091 3640 3161 Νικήσας
3678 3092 3802 3163 μένα

2257 3198 2338 3235 τοι
2367 3184 2396 3236 ὁ
2427 3181 2695 3246 Ἀννίϐας,
2719 3181 2818 3238 οὐκ
2838 3180 3086 3252 κεχαιρεν,
3117 3183 3202 3237 ὅτι
3221 3183 3560 3254 στρατιώτας
3592 3200 3653 3237 τε
3683 3185 3806 3238 πολ-

2255 3274 2379 3336 λοὺς
2403 3274 2643 3337 καὶτοὺς
2684 3271 2980 3340 ιλέφαντας
3010 3273 3150 3342 πλὴν
3199 3274 3316 3337 ἑνὸς
3338 3274 3444 3328 ύπδ
3479 3273 3574 3327 τοῦ
3600 3273 3802 3344 χειμῶ-

2253 3381 2342 3426 νος
2388 3363 2486 3417 καὶ
2551 3362 2661 3416 τῶν
2714 3363 3050 3433 τραυμάτων
3105 3364 3404 3421 ἀπέϐαλεν.
3454 3365 3677 3435 ’Δνοχὴν
3715 3363 3802 3417 οὖν

2253 3453 2520 3507 ἄσπονδον
2548 3455 2929 3525 ποιησάμενοι,
2977 3454 3115 3526 πρὸς
3159 3455 3260 3523 τὴν
3288 3455 3605 3525 συμμαχίδα
3656 3456 3800 3523 σςῶν

2252 3545 2502 3615 ἑκάτεροι
2526 3544 2835 3616 ἐχώρησαν,
2863 3547 2964 3598 κάν
2993 3548 3111 3609 ταῖς
3153 3546 3372 3600 πόλεσιν
3430 3547 3606 3600 αὐτῶν
3659 3546 3798 3616 ἐχεί-

2257 3636 2449 3704 μαζον.
2475 3637 2585 3689 Καὶ
2613 3638 2725 3699 τοῖς
2771 3636 2870 3704 μὲν
2909 3637 3203 3706 Ῥωμαίοις
3247 3635 3456 3705 ἄφθονα
3499 3636 3688 3707 ἐφοίτα
3732 3630 3799 3689 τά

2251 3728 2551 3795 ἐπιτήδεια·
2571 3726 2629 3779 '0
2649 3726 2696 3780 δ’
2724 3727 2993 3792 ’Δννίϐας,
3021 3729 3121 3780 οὐκ
3142 3727 3481 3798 ἀρκούμενος
3515 3729 3628 3790 τοῖς
3653 3728 3798 3796 παρά

2250 3813 2359 3866 τῶν
2385 3815 2689 3884 συμμάχων
2713 3802 3044 3883 διδομένοις,
3069 3817 3188 3879 ταῖς
3210 3833 3268 3868 τε
3309 3815 3526 3888 κώμαις
3562 3819 3654 3871 καὶ
3682 3820 3797 3877 ταῖς

2251 3906 2440 3958 πόλεσι
2476 3905 2582 3958 τῶν
2623 3906 2911 3974 Ῥωμαίων
2938 3909 3316 3977 προσπίπτων,
3339 3907 3410 3960 τά
3428 3909 3528 3978 μὲν
3550 3912 3743 3980 ἑκράτε
3753 3928 3788 3976 ι,

2249 3996 2316 4049 τὰ
2338 3997 2384 4051 δ’
2431 3995 2788 4066 ἀπεκρούετο,
2843 3996 2936 4051 καί
2995 4014 3129 4050 ποτε
3176 3998 3254 4070 τῷ
3299 3999 3513 4071 ἱππικῷ
3547 4001 3652 4054 ύπδ
3704 4000 3793 4053 τοῦ

2251 4089 2458 4154 Λόγγου
2488 4088 2728 4157 νικηθεὶς
2763 4087 2998 4159 ἐτρώθη.
3033 4091 3420 4161 Θαρσήσαντες
3463 4088 3557 4146 οὖν
3588 4095 3653 4145 ὲκ
3679 4092 3796 4145 τού-

2248 4193 2341 4228 του
2370 4176 2513 4237 τινὲς
2543 4177 2651 4227 τῶν
2698 4175 3004 4244 Ῥωμαίων,
3027 4177 3121 4230 καὶ
3169 4178 3287 4232 καθ’
3351 4181 3580 4242 ἑαυτούς
3631 4198 3794 4246 προσ-

2249 4267 2494 4320 ϐάλλοντι
2548 4265 2730 4327 αὐτοῖς
2761 4257 3054 4334 ἐπεξῆλθον
3082 4303 3098 4328 ,
3130 4265 3413 4331 κάκείνους
3471 4285 3532 4321 τε
3563 4269 3793 4340 ἔφθειρε,

2249 4358 2342 4411 καὶ
2370 4355 2464 4410 τοῦ
2495 4357 2695 4428 χωρίου
2726 4355 2989 4426 ὁμολογίᾳ
3028 4355 3322 4428 ἐκράτησε.
3350 4358 3461 4411 Καὶ
3514 4359 3642 4413 αὐτὸ
3701 4361 3794 4429 μὲν

2249 4446 2558 4514 κατέσκαψε
2579 4463 2593 4477 ⁸
2625 4445 2733 4501 τῶν
2763 4447 2808 4499 δ’
2836 4447 3195 4517 αἰχμαλώτων
3219 4448 3344 4511 τοὺς
3369 4448 3471 4517 μὲν
3504 4448 3794 4518 Ῥωμαίους

591 4544 859 4612 utrinque
904 4542 1081 4605 ca'sis,
1123 4544 1176 4595 in
1203 4543 1477 4610 Liguriam
1522 4545 1820 4612 profectus,
1855 4547 1949 4600 diu
1981 4547 2055 4601 ibi
2086 4563 2144 4601 se

2252 4541 2560 4602 ἀπέκτεινε,
2586 4540 2712 4600 τοὺς
2739 4541 2785 4592 δ’
2816 4540 3006 4602 ἄλλους
3029 4541 3229 4608 ἁφῆκν
3251 4541 3405 4592 τοῦτο
3433 4541 3488 4593 δὲ
3514 4541 3597 4610 ἐφ’
3626 4542 3790 4594 ἅπασι

586 4622 882 4710 continuit,
903 4649 1031 4689 suos
1063 4648 1280 4703 quoque
1331 4645 1616 4701 suspectos
1655 4635 1883 4699 habens,
1935 4637 2141 4692 nemini

561 4742 790 4779 .imnere
823 4726 1088 4780 credens:
1113 4726 1207 4780 sed
1229 4734 1283 4781 ct
1329 4737 1476 4782 veste
1508 4736 1714 4782 mutata
1769 4738 1822 4782 et
1859 4743 2013 4782 coma
2044 4745 2141 4798 ap-

2246 4633 2359 4694 τοῖς
2389 4630 2792 4700 ζωγρουμὲνοις
2826 4629 3020 4691 ἐποίει,
3050 4628 3150 4691 τὰς
3176 4629 3360 4692 πόλεις
3401 4629 3469 4691 δι’
3515 4631 3695 4683 αὐτῶν
3716 4632 3790 4682 οἱ·

2249 4723 2585 4792 κειούμενος.
2631 4721 2849 4788 ’Λμέλει
2876 4719 3104 4773 καὶτῶν
3137 4719 3338 4772 λοιπῶν
3381 4720 3635 4774 Γαλατῶν
3671 4720 3790 4774 πολ-

587 4815 828 4884 posltitia
864 4826 1040 4881 utens,
1063 4829 1118 4870 et
1143 4817 1276 4871 alias
1304 4818 1411 4871 alia
1448 4819 1626 4889 lingua
1679 4819 1907 4887 loquens
1941 4818 2148 4894 (plures

2252 4815 2327 4868 λοὶ
2359 4815 2452 4868 καὶ
2477 4812 2694 4882 Λιγύων
2724 4814 2819 4866 καὶ
2845 4811 3143 4898 Τυρσηνῶν
3173 4815 3297 4876 τοὺς
3340 4813 3643 4880 Ῥωμαίους
3676 4813 3791 4875 τοὺς

584 4906 732 4957 enim
766 4916 946 4968 norat,
982 4909 1262 4976 ipsamque
1302 4909 1569 4976 Latinam)
1598 4919 1653 4963 et
1699 4920 1862 4962 noctu
1895 4917 1950 4963 et
1984 4910 2147 4965 inter-

2252 4906 2375 4975 παρ’
2406 4904 2590 4965 αὐτοῖς
2612 4903 2771 4966 δντας
2788 4907 2836 4957 ul
2867 4904 2964 4973 μὲν
2986 4904 3344 4972 φονεύσαντες
3387 4908 3436 4960 οί
3464 4906 3521 4960 δὲ
3556 4908 3790 4967 διδόντες

586 4998 681 5048 diu
711 4993 945 5063 plurima
969 5003 1025 5049 et
1055 4996 1274 5050 videbat
1299 4997 1458 5066 412
1482 5011 1537 5052 et
1565 4999 1821 5052 audiebat
1853 5017 1866 5051 :
1898 4999 2141 5067 quaedam

2252 4996 2603 5066 μετέστησαν·
2631 4996 2690 5058 ἐς
2715 4995 2896 5066 δὲτὴν
2943 4997 3251 5066 Τυρσηνίδα
3303 4996 3380 5067 τῷ
3440 4997 3658 5068 ’Δννίϐᾳ
3699 5013 3789 5049 πο-

585 5099 750 5138 etiam
778 5084 1122 5153 loquebatur,
1150 5101 1380 5155 persona
1410 5101 1505 5139 sua
1530 5087 1891 5142 dissimulata.

2252 5083 2514 5152 ιευομένῳ
2535 5085 2564 5136 6
2589 5084 2795 5152 Λόγγος
2825 5083 3067 5150 ἐπέθετο,
3103 5083 3369 5153 χειμῶνος
3401 5084 3597 5137 πολλοῦ
3647 5101 3788 5152 γενο-

591 5176 774 5242 μένου,
799 5175 1082 5228 Πεσόντων
1110 5175 1166 5229 δὲ
1196 5176 1526 5245 ἀμφοτέροις
1557 5176 1784 5238 πολλῶν,
1813 5179 1840 5228 ὁ
1882 5178 2149 5244 Ἀννίϐας,
2189 5180 2247 5240 ἐς
2287 5174 2387 5244 τὴν
2457 5174 2792 5245 Διγυστικὴν
2815 5174 3005 5239 ἐλθὼν,
3059 5174 3413 5246 ἐνδιέτριψεν·
3475 5176 3788 5231 ὑποπτεύων

587 5263 642 5313 δὲ
668 5266 760 5314 καὶ
787 5265 910 5325 τοὺς
957 5265 1271 5334 σφετέρους,
1327 5264 1500 5317 οὐδενὶ
1569 5264 1763 5334 ῥᾳδίως
1821 5257 2125 5331 ὶπίστευεν,
2165 5265 2300 5320 ἀλλὰ
2345 5265 2443 5335 τὴν
2496 5267 2698 5336 ἐσθῆτά
2757 5284 2814 5318 τε
2851 5266 3198 5338 μεταϐάλλων
3233 5268 3328 5320 καὶ
3359 5269 3559 5339 κόμαις
3585 5269 3788 5340 χρώμε-

593 5370 679 5413 νος
709 5355 1031 5422 περιθέτοις,
1062 5358 1161 5425 τήν
1186 5374 1242 5409 τε
1273 5356 1507 5420 διάλεξιν
1538 5357 1725 5411 ἄλλοτε
1749 5421 1752 5424 ν
1776 5356 1943 5427 μλλην
1966 5358 2285 5429 ποιούμενος
2346 5359 2481 5429 (ᾔδει
2539 5360 2650 5429 γὰρ
2717 5359 2958 5420 πλείους,
2989 5357 3080 5414 καὶ
3107 5359 3205 5429 τὴν
3236 5360 3345 5415 τῶν
3384 5363 3650 5432 Λατίνων)
3702 5371 3786 5421 καὶ

535 5507 539 5513 _
591 5456 804 5515 νύκτωρ
829 5448 921 5498 καὶ
976 5451 1091 5516 μεθ’
1122 5452 1333 5521 ἡμέραν
1363 5450 1529 5504 πολλὰ
1562 5451 1853 5505 ἐπεσκόπει
1901 5452 2065 5523 ἧκουὲ
2093 5469 2151 5507 τε
2184 5453 2410 5506 πλεῖστα
2444 5455 2518 5516 ώς
2581 5458 2680 5508 οὐκ
2722 5452 2990 5514 ’Λννίϐας,
3036 5452 3128 5506 καί
3182 5472 3303 5508 τινα
3352 5458 3428 5520 ώς
3482 5459 3669 5526 ἕτερός
3709 5473 3783 5520 τις

593 5536 910 5606 ἐφθέγγετο.
2326 5537 2334 5540 ”

665 5626 827 5681 XXV.
861 5627 995 5681 Dum
1023 5627 1140 5680 haec
1171 5629 1222 5680 in
1261 5631 1412 5685 italia
1448 5643 1732 5703 geruntur,
1768 5635 1908 5689 alter
1961 5633 2144 5703 Scipio
2183 5651 2188 5655 ·

598 5713 758 5772 (Zains
792 5719 844 5772 in
879 5718 1150 5789 Hispaniis
1184 5722 1391 5788 appulit
1437 5741 1450 5780 :
1496 5733 1551 5778 el
1591 5741 1740 5781 oram
1774 5728 1890 5791 ejus
1937 5727 2144 5781 mariti-

607 5823 742 5862 ;narn
777 5824 992 5866 onmem
1028 5826 1197 5880 usque
1224 5811 1286 5865 ad
1318 5812 1551 5879 lbcrum,
1579 5819 1743 5872 multa
1769 5819 1931 5873 etiam
1983 5833 2142 5889 supe-

2325 5633 2454 5687 KE'.
2495 5635 2581 5685 Ἒν
2613 5625 2824 5701 μὲνοῦν
2855 5632 2919 5699 τῇ
2966 5630 3166 5701 Ἰταλίᾳ
3212 5633 3385 5686 ταῦτα
3440 5634 3665 5702 ἐγίνετο.
3731 5637 3783 5690 ’0

2249 5725 2293 5777 δ’
2321 5725 2501 5793 ἕτερος
2533 5723 2768 5773 Σκιπίων
2803 5723 2829 5772 ὀ
2885 5722 3043 5784 Γάϊος
3087 5725 3166 5784 εἰς
3214 5723 3309 5791 τὴν
3357 5725 3590 5796 Ἰϐηρίαν
3636 5732 3784 5802 περέ-

2253 5807 2468 5881 πλευσε,
2500 5816 2588 5867 καὶ
2619 5813 2682 5866 τὰ
2717 5813 3128 5882 παραθαλάσσια
3152 5815 3320 5886 αὐτῆς
3346 5818 3502 5891 μέχρι
3522 5820 3617 5876 τοῦ
3649 5823 3760 5888 ’16η
