  <div class='ocr_page' id='page_1' title='image "/cluster/home/n/w/nwhite01/storage/ocr_20150623/134/pst.000005714506/360.png"; bbox 0 0 3986 6338; ppageno 0'>
   <div class='ocr_carea' id='block_1_1' title="bbox 186 404 3367 486">
    <p class='ocr_par' dir='ltr' id='par_1_1' title="bbox 186 404 3367 486">
     <span class='ocr_line' id='line_1_1' title="bbox 186 404 3367 486; baseline 0.011 -37"><span class='ocrx_word' id='word_1_1' title='bbox 186 409 281 473; x_wconf 76' lang='lat'><strong>.705</strong></span> <span class='ocrx_word' id='word_1_2' title='bbox 990 422 995 425; x_wconf 71' lang='grc'><em>’</em></span> <span class='ocrx_word' id='word_1_3' title='bbox 1382 404 1788 466; x_wconf 65' lang='lat' dir='ltr'><strong>ANNALZUM</strong></span> <span class='ocrx_word' id='word_1_4' title='bbox 1833 406 1986 467; x_wconf 87' lang='lat' dir='ltr'><strong>LIB.</strong></span> <span class='ocrx_word' id='word_1_5' title='bbox 2025 406 2194 469; x_wconf 87' lang='lat' dir='ltr'><strong>VllI.</strong></span> <span class='ocrx_word' id='word_1_6' title='bbox 3261 423 3367 486; x_wconf 80' lang='lat'><strong>706</strong></span> 
     </span>
    </p>
   </div>
   <div class='ocr_carea' id='block_1_2' title="bbox 185 510 1703 591">
    <p class='ocr_par' dir='ltr' id='par_1_2' title="bbox 185 510 1703 590">
     <span class='ocr_line' id='line_1_2' title="bbox 185 510 1703 590; baseline -0.003 -21"><span class='ocrx_word' id='word_1_7' title='bbox 185 536 265 590; x_wconf 76' lang='grc' dir='ltr'><strong>ρος</strong></span> <span class='ocrx_word' id='word_1_8' title='bbox 294 516 463 572; x_wconf 74' lang='grc' dir='ltr'>πάντα</span> <span class='ocrx_word' id='word_1_9' title='bbox 501 514 593 570; x_wconf 77' lang='grc' dir='ltr'>καὶ</span> <span class='ocrx_word' id='word_1_10' title='bbox 624 512 735 569; x_wconf 83' lang='grc' dir='ltr'><strong>τῶν</strong></span> <span class='ocrx_word' id='word_1_11' title='bbox 790 514 903 569; x_wconf 71' lang='grc' dir='ltr'>ἄνω</span> <span class='ocrx_word' id='word_1_12' title='bbox 928 512 1098 583; x_wconf 71' lang='grc' dir='ltr'>συχνὰ</span> <span class='ocrx_word' id='word_1_13' title='bbox 1147 510 1220 566; x_wconf 78' lang='grc' dir='ltr'>τὰ</span> <span class='ocrx_word' id='word_1_14' title='bbox 1274 511 1372 584; x_wconf 66' lang='grc' dir='ltr'>μὲν</span> <span class='ocrx_word' id='word_1_15' title='bbox 1408 513 1519 584; x_wconf 74' lang='grc' dir='ltr'>βίᾳ,</span> <span class='ocrx_word' id='word_1_16' title='bbox 1552 512 1620 566; x_wconf 78' lang='grc' dir='ltr'>τὰ</span> <span class='ocrx_word' id='word_1_17' title='bbox 1667 512 1703 565; x_wconf 86' lang='grc' dir='ltr'>δ’</span> 
     </span>
    </p>
   </div>
   <div class='ocr_carea' id='block_1_3' title="bbox 1806 510 3367 591">
    <p class='ocr_par' dir='ltr' id='par_1_3' title="bbox 1829 513 3367 591">
     <span class='ocr_line' id='line_1_3' title="bbox 1829 513 3367 591; baseline 0.015 -25"><span class='ocrx_word' id='word_1_18' title='bbox 1829 513 1971 567; x_wconf 85' lang='lat' dir='ltr'><strong>riora</strong></span> <span class='ocrx_word' id='word_1_19' title='bbox 2012 514 2149 577; x_wconf 86' lang='lat' dir='ltr'><strong>loca,</strong></span> <span class='ocrx_word' id='word_1_20' title='bbox 2202 514 2398 584; x_wconf 77' lang='lat' dir='ltr'><strong>partim</strong></span> <span class='ocrx_word' id='word_1_21' title='bbox 2426 517 2500 583; x_wconf 89' lang='lat' dir='ltr'><strong>vi,</strong></span> <span class='ocrx_word' id='word_1_22' title='bbox 2550 520 2747 588; x_wconf 90' lang='lat' dir='ltr'><strong>partim</strong></span> <span class='ocrx_word' id='word_1_23' title='bbox 2802 522 3101 591; x_wconf 84' lang='lat' dir='ltr'><strong>deditione,</strong></span> <span class='ocrx_word' id='word_1_24' title='bbox 3156 529 3367 589; x_wconf 79' lang='lat' dir='ltr'><strong>Bauno-</strong></span> 
     </span>
    </p>
   </div>
   <div class='ocr_carea' id='block_1_4' title="bbox 183 603 1703 683">
    <p class='ocr_par' dir='ltr' id='par_1_4' title="bbox 183 603 1703 677">
     <span class='ocr_line' id='line_1_4' title="bbox 183 603 1703 677; baseline -0.004 -16"><span class='ocrx_word' id='word_1_25' title='bbox 183 609 355 661; x_wconf 72' lang='grc' dir='ltr'>έιόντα</span> <span class='ocrx_word' id='word_1_26' title='bbox 391 605 744 677; x_wconf 79' lang='grc' dir='ltr'>προσείληφε,</span> <span class='ocrx_word' id='word_1_27' title='bbox 771 605 971 660; x_wconf 75' lang='grc' dir='ltr'>καὶτὸν</span> <span class='ocrx_word' id='word_1_28' title='bbox 1014 603 1269 658; x_wconf 87' lang='grc' dir='ltr'>Βαννῶνα</span> <span class='ocrx_word' id='word_1_29' title='bbox 1295 603 1409 672; x_wconf 75' lang='grc'><strong>(32)</strong></span> <span class='ocrx_word' id='word_1_30' title='bbox 1462 604 1608 673; x_wconf 78' lang='grc' dir='ltr'>μάχῃ</span> <span class='ocrx_word' id='word_1_31' title='bbox 1632 622 1703 656; x_wconf 87' lang='grc' dir='ltr'>νι-</span> 
     </span>
    </p>
   </div>
   <div class='ocr_carea' id='block_1_5' title="bbox 1806 603 3366 683">
    <p class='ocr_par' dir='ltr' id='par_1_5' title="bbox 1814 609 3366 683">
     <span class='ocr_line' id='line_1_5' title="bbox 1814 609 3366 683; baseline 0.015 -26"><span class='ocrx_word' id='word_1_32' title='bbox 1814 620 1936 658; x_wconf 88' lang='lat' dir='ltr'><strong>nem</strong></span> <span class='ocrx_word' id='word_1_33' title='bbox 1966 620 2183 675; x_wconf 88' lang='lat' dir='ltr'><strong>quoque</strong></span> <span class='ocrx_word' id='word_1_34' title='bbox 2214 609 2402 676; x_wconf 59' lang='lat' dir='ltr'><strong>praelia</strong></span> <span class='ocrx_word' id='word_1_35' title='bbox 2431 609 2635 665; x_wconf 90' lang='lat' dir='ltr'><strong>victum</strong></span> <span class='ocrx_word' id='word_1_36' title='bbox 2669 615 2833 683; x_wconf 86' lang='lat' dir='ltr'><strong>cepit.</strong></span> <span class='ocrx_word' id='word_1_37' title='bbox 2863 615 3072 681; x_wconf 84' lang='lat' dir='ltr'><strong>Quibus</strong></span> <span class='ocrx_word' id='word_1_38' title='bbox 3093 620 3366 681; x_wconf 78' lang='lat' dir='ltr'><strong>Asdrubal</strong></span> 
     </span>
    </p>
   </div>
   <div class='ocr_carea' id='block_1_6' title="bbox 182 694 1703 784">
    <p class='ocr_par' dir='ltr' id='par_1_6' title="bbox 182 694 1703 767">
     <span class='ocr_line' id='line_1_6' title="bbox 182 694 1703 767; baseline -0.001 -17"><span class='ocrx_word' id='word_1_39' title='bbox 182 701 332 767; x_wconf 76' lang='grc' dir='ltr'>κήσας</span> <span class='ocrx_word' id='word_1_40' title='bbox 380 694 717 766; x_wconf 76' lang='grc' dir='ltr'>ἰζώγρησεν.</span> <span class='ocrx_word' id='word_1_41' title='bbox 782 696 849 751; x_wconf 86' lang='grc'><strong>’0</strong></span> <span class='ocrx_word' id='word_1_42' title='bbox 900 695 958 749; x_wconf 66' lang='grc' dir='ltr'>δὲ</span> <span class='ocrx_word' id='word_1_43' title='bbox 1008 694 1103 749; x_wconf 82' lang='grc' dir='ltr'><strong>τοῦ</strong></span> <span class='ocrx_word' id='word_1_44' title='bbox 1155 695 1398 749; x_wconf 69' lang='grc' dir='ltr'>Ἀννίϐου</span> <span class='ocrx_word' id='word_1_45' title='bbox 1452 694 1703 765; x_wconf 78' lang='grc' dir='ltr'>ὁμαίμων</span> 
     </span>
    </p>
   </div>
   <div class='ocr_carea' id='block_1_7' title="bbox 1806 694 3366 784">
    <p class='ocr_par' dir='ltr' id='par_1_7' title="bbox 1812 695 3366 784">
     <span class='ocr_line' id='line_1_7' title="bbox 1812 695 3366 784; baseline 0.013 -37"><span class='ocrx_word' id='word_1_46' title='bbox 1812 695 1983 784; x_wconf 74' lang='lat' dir='ltr'><strong>lrater</strong></span> <span class='ocrx_word' id='word_1_47' title='bbox 2047 698 2334 753; x_wconf 82' lang='lat' dir='ltr'><strong>Annibalis</strong></span> <span class='ocrx_word' id='word_1_48' title='bbox 2356 702 2610 772; x_wconf 80' lang='lat' dir='ltr'><strong>cognitis,</strong></span> <span class='ocrx_word' id='word_1_49' title='bbox 2649 704 2801 760; x_wconf 90' lang='lat' dir='ltr'><strong>Ibero</strong></span> <span class='ocrx_word' id='word_1_50' title='bbox 2842 723 3121 779; x_wconf 72' lang='lat' dir='ltr'><strong>superato,</strong></span> <span class='ocrx_word' id='word_1_51' title='bbox 3148 720 3204 769; x_wconf 72' lang='lat' dir='ltr'><strong>et</strong></span> <span class='ocrx_word' id='word_1_52' title='bbox 3242 717 3366 784; x_wconf 82' lang='lat' dir='ltr'><strong>qni-.</strong></span> 
     </span>
    </p>
   </div>
   <div class='ocr_carea' id='block_1_8' title="bbox 190 783 1703 873">
    <p class='ocr_par' dir='ltr' id='par_1_8' title="bbox 190 784 1703 873">
     <span class='ocr_line' id='line_1_8' title="bbox 190 784 1703 873; baseline -0.004 -31"><span class='ocrx_word' id='word_1_53' title='bbox 190 786 522 856; x_wconf 70' lang='grc' dir='ltr'>Ἀσδρούϐας,</span> <span class='ocrx_word' id='word_1_54' title='bbox 566 786 759 857; x_wconf 88' lang='grc' dir='ltr'>μαθὼν</span> <span class='ocrx_word' id='word_1_55' title='bbox 786 785 979 873; x_wconf 81' lang='grc' dir='ltr'>ταῦτα,</span> <span class='ocrx_word' id='word_1_56' title='bbox 1011 786 1166 851; x_wconf 76' lang='grc' dir='ltr'>διέϐη</span> <span class='ocrx_word' id='word_1_57' title='bbox 1220 785 1311 838; x_wconf 78' lang='grc' dir='ltr'><strong>τὸν</strong></span> <span class='ocrx_word' id='word_1_58' title='bbox 1355 785 1572 855; x_wconf 82' lang='grc' dir='ltr'>Ἰδηρα,</span> <span class='ocrx_word' id='word_1_59' title='bbox 1615 784 1703 837; x_wconf 73' lang='grc' dir='ltr'>καὶ</span> 
     </span>
    </p>
   </div>
   <div class='ocr_carea' id='block_1_9' title="bbox 1806 783 3365 873">
    <p class='ocr_par' dir='ltr' id='par_1_9' title="bbox 1808 783 3365 873">
     <span class='ocr_line' id='line_1_9' title="bbox 1808 783 3365 873; baseline 0.014 -35"><span class='ocrx_word' id='word_1_60' title='bbox 1808 783 2037 842; x_wconf 81' lang='lat' dir='ltr'><strong>busdam</strong></span> <span class='ocrx_word' id='word_1_61' title='bbox 2071 806 2135 843; x_wconf 81' lang='lat' dir='ltr'><strong>ex</strong></span> <span class='ocrx_word' id='word_1_62' title='bbox 2184 790 2250 851; x_wconf 82' lang='lat' dir='ltr'><strong>iis</strong></span> <span class='ocrx_word' id='word_1_63' title='bbox 2298 792 2391 861; x_wconf 88' lang='lat' dir='ltr'><strong>qui</strong></span> <span class='ocrx_word' id='word_1_64' title='bbox 2447 795 2767 850; x_wconf 80' lang='lat' dir='ltr'><strong>defecerant</strong></span> <span class='ocrx_word' id='word_1_65' title='bbox 2816 802 3072 870; x_wconf 85' lang='lat' dir='ltr'><strong>receptis,</strong></span> <span class='ocrx_word' id='word_1_66' title='bbox 3121 783 3365 873; x_wconf 85' lang='lat' dir='ltr'><strong>Scipioni</strong></span> 
     </span>
    </p>
   </div>
   <div class='ocr_carea' id='block_1_10' title="bbox 178 868 1707 948">
    <p class='ocr_par' dir='ltr' id='par_1_10' title="bbox 178 868 1707 948">
     <span class='ocr_line' id='line_1_10' title="bbox 178 868 1707 948; baseline -0.002 -18"><span class='ocrx_word' id='word_1_67' title='bbox 178 879 271 930; x_wconf 81' lang='grc' dir='ltr'><strong>τῶν</strong></span> <span class='ocrx_word' id='word_1_68' title='bbox 297 880 674 948; x_wconf 68' lang='grc' dir='ltr'><strong>μεταστάντων</strong></span> <span class='ocrx_word' id='word_1_69' title='bbox 702 877 854 941; x_wconf 74' lang='grc' dir='ltr'>τινὰς</span> <span class='ocrx_word' id='word_1_70' title='bbox 881 868 1220 947; x_wconf 64' lang='grc' dir='ltr'>έὲτηγὰγετοέ</span> <span class='ocrx_word' id='word_1_71' title='bbox 1241 876 1337 930; x_wconf 83' lang='grc' dir='ltr'><strong>τοῦ</strong></span> <span class='ocrx_word' id='word_1_72' title='bbox 1371 877 1427 930; x_wconf 77' lang='grc' dir='ltr'>δὲ</span> <span class='ocrx_word' id='word_1_73' title='bbox 1470 876 1707 930; x_wconf 72' lang='grc' dir='ltr'>Σκιπίωο</span> 
     </span>
    </p>
   </div>
   <div class='ocr_carea' id='block_1_11' title="bbox 177 967 1705 1039">
    <p class='ocr_par' dir='ltr' id='par_1_11' title="bbox 177 967 1705 1039">
     <span class='ocr_line' id='line_1_11' title="bbox 177 967 1705 1039; baseline -0.001 -19"><span class='ocrx_word' id='word_1_74' title='bbox 177 986 252 1031; x_wconf 69' lang='grc' dir='ltr'><strong>νος</strong></span> <span class='ocrx_word' id='word_1_75' title='bbox 314 968 641 1031; x_wconf 71' lang='grc' dir='ltr'><strong>ἐπελθόντος</strong></span> <span class='ocrx_word' id='word_1_76' title='bbox 694 967 865 1038; x_wconf 79' lang='grc' dir='ltr'>αὐτῷ,</span> <span class='ocrx_word' id='word_1_77' title='bbox 927 969 1298 1039; x_wconf 81' lang='grc' dir='ltr'>ἀνεχώρησεν.</span> <span class='ocrx_word' id='word_1_78' title='bbox 1337 969 1396 1022; x_wconf 86' lang='grc' dir='ltr'>Οί</span> <span class='ocrx_word' id='word_1_79' title='bbox 1461 969 1507 1020; x_wconf 81' lang='grc' dir='ltr'>δ’</span> <span class='ocrx_word' id='word_1_80' title='bbox 1553 969 1611 1019; x_wconf 78' lang='grc' dir='ltr'>ὲν</span> <span class='ocrx_word' id='word_1_81' title='bbox 1638 970 1705 1039; x_wconf 80' lang='grc' dir='ltr'>τῇ</span> 
     </span>
    </p>
   </div>
   <div class='ocr_carea' id='block_1_12' title="bbox 164 1052 1706 1128">
    <p class='ocr_par' dir='ltr' id='par_1_12' title="bbox 164 1052 1706 1128">
     <span class='ocr_line' id='line_1_12' title="bbox 164 1052 1706 1128; baseline -0.001 -17"><span class='ocrx_word' id='word_1_82' title='bbox 164 1052 350 1128; x_wconf 67' lang='grc' dir='ltr'>Ῥώμη</span> <span class='ocrx_word' id='word_1_83' title='bbox 372 1059 465 1112; x_wconf 77' lang='grc' dir='ltr'><strong>τὸν</strong></span> <span class='ocrx_word' id='word_1_84' title='bbox 492 1057 786 1128; x_wconf 90' lang='grc' dir='ltr'>Φλαμίνιον</span> <span class='ocrx_word' id='word_1_85' title='bbox 818 1060 912 1111; x_wconf 68' lang='grc' dir='ltr'><strong>καὶ</strong></span> <span class='ocrx_word' id='word_1_86' title='bbox 935 1059 1027 1113; x_wconf 80' lang='grc' dir='ltr'>τὸν</span> <span class='ocrx_word' id='word_1_87' title='bbox 1072 1058 1229 1111; x_wconf 81' lang='grc' dir='ltr'><strong>Γάϊον</strong></span> <span class='ocrx_word' id='word_1_88' title='bbox 1272 1057 1427 1120; x_wconf 77' lang='grc' dir='ltr'>αὖθις</span> <span class='ocrx_word' id='word_1_89' title='bbox 1464 1057 1706 1120; x_wconf 79' lang='grc' dir='ltr'><strong>ὑπάτους</strong></span> 
     </span>
    </p>
   </div>
   <div class='ocr_carea' id='block_1_13' title="bbox 173 1150 1703 1222">
    <p class='ocr_par' dir='ltr' id='par_1_13' title="bbox 173 1150 1703 1222">
     <span class='ocr_line' id='line_1_13' title="bbox 173 1150 1703 1222; baseline -0.001 -19"><span class='ocrx_word' id='word_1_90' title='bbox 173 1151 375 1207; x_wconf 75' lang='grc' dir='ltr'>εἴλοντο.</span> <span class='ocrx_word' id='word_1_91' title='bbox 412 1150 659 1215; x_wconf 79' lang='grc' dir='ltr'>’Δννίδας</span> <span class='ocrx_word' id='word_1_92' title='bbox 687 1152 731 1205; x_wconf 75' lang='grc' dir='ltr'>δ’</span> <span class='ocrx_word' id='word_1_93' title='bbox 764 1153 890 1222; x_wconf 72' lang='grc' dir='ltr'>ἄρτι</span> <span class='ocrx_word' id='word_1_94' title='bbox 915 1152 1007 1205; x_wconf 77' lang='grc' dir='ltr'>τοῦ</span> <span class='ocrx_word' id='word_1_95' title='bbox 1041 1152 1200 1222; x_wconf 76' lang='grc' dir='ltr'>ἔαρος</span> <span class='ocrx_word' id='word_1_96' title='bbox 1255 1153 1595 1215; x_wconf 74' lang='grc' dir='ltr'><strong>ἐπιστάντος,</strong></span> <span class='ocrx_word' id='word_1_97' title='bbox 1624 1150 1703 1214; x_wconf 85' lang='grc' dir='ltr'>ὼς</span> 
     </span>
    </p>
   </div>
   <div class='ocr_carea' id='block_1_14' title="bbox 172 1241 1705 1314">
    <p class='ocr_par' dir='ltr' id='par_1_14' title="bbox 172 1241 1705 1314">
     <span class='ocr_line' id='line_1_14' title="bbox 172 1241 1705 1314; baseline -0.002 -18"><span class='ocrx_word' id='word_1_98' title='bbox 172 1244 298 1310; x_wconf 81' lang='grc' dir='ltr'>έγνω</span> <span class='ocrx_word' id='word_1_99' title='bbox 324 1243 416 1296; x_wconf 79' lang='grc' dir='ltr'><strong>τδν</strong></span> <span class='ocrx_word' id='word_1_100' title='bbox 464 1244 759 1313; x_wconf 86' lang='grc' dir='ltr'>Φλαμίνιον</span> <span class='ocrx_word' id='word_1_101' title='bbox 800 1244 940 1314; x_wconf 78' lang='grc' dir='ltr'>μετὰ</span> <span class='ocrx_word' id='word_1_102' title='bbox 1002 1242 1098 1296; x_wconf 82' lang='grc' dir='ltr'>τοῦ</span> <span class='ocrx_word' id='word_1_103' title='bbox 1135 1243 1443 1314; x_wconf 76' lang='grc' dir='ltr'>Σερουϊλίου</span> <span class='ocrx_word' id='word_1_104' title='bbox 1475 1241 1705 1312; x_wconf 86' lang='grc' dir='ltr'>Γεμίνου</span> 
     </span>
    </p>
   </div>
   <div class='ocr_carea' id='block_1_15' title="bbox 169 1333 1706 1406">
    <p class='ocr_par' dir='ltr' id='par_1_15' title="bbox 169 1333 1706 1406">
     <span class='ocr_line' id='line_1_15' title="bbox 169 1333 1706 1406; baseline -0.003 -17"><span class='ocrx_word' id='word_1_105' title='bbox 169 1338 296 1405; x_wconf 69' lang='grc' dir='ltr'>χειρὶ</span> <span class='ocrx_word' id='word_1_106' title='bbox 324 1334 493 1406; x_wconf 74' lang='grc' dir='ltr'>πολλῇ</span> <span class='ocrx_word' id='word_1_107' title='bbox 528 1334 614 1388; x_wconf 57' lang='lat' dir='ltr'><strong>tr.”</strong></span> <span class='ocrx_word' id='word_1_108' title='bbox 643 1336 807 1389; x_wconf 64' lang='grc' dir='ltr'>αὐτὸν</span> <span class='ocrx_word' id='word_1_109' title='bbox 841 1336 1006 1400; x_wconf 75' lang='grc' dir='ltr'>ίόντα,</span> <span class='ocrx_word' id='word_1_110' title='bbox 1041 1341 1177 1405; x_wconf 80' lang='grc' dir='ltr'>πρδς</span> <span class='ocrx_word' id='word_1_111' title='bbox 1221 1334 1499 1405; x_wconf 76' lang='grc' dir='ltr'>ἐξαπάτην</span> <span class='ocrx_word' id='word_1_112' title='bbox 1528 1333 1706 1386; x_wconf 80' lang='grc' dir='ltr'>αὐτῶν</span> 
     </span>
    </p>
   </div>
   <div class='ocr_carea' id='block_1_16' title="bbox 168 1424 1705 1497">
    <p class='ocr_par' dir='ltr' id='par_1_16' title="bbox 168 1424 1705 1497">
     <span class='ocr_line' id='line_1_16' title="bbox 168 1424 1705 1497; baseline 0 -20"><span class='ocrx_word' id='word_1_113' title='bbox 168 1427 385 1495; x_wconf 74' lang='grc' dir='ltr'>ἐτράπη,</span> <span class='ocrx_word' id='word_1_114' title='bbox 418 1425 514 1478; x_wconf 79' lang='grc' dir='ltr'>καὶ</span> <span class='ocrx_word' id='word_1_115' title='bbox 546 1425 913 1495; x_wconf 73' lang='grc' dir='ltr'><strong>πλαττόμενος</strong></span> <span class='ocrx_word' id='word_1_116' title='bbox 942 1426 1308 1497; x_wconf 73' lang='grc' dir='ltr'>ένδιατρίψειν</span> <span class='ocrx_word' id='word_1_117' title='bbox 1332 1424 1450 1477; x_wconf 72' lang='grc' dir='ltr'>ἐκεῖ</span> <span class='ocrx_word' id='word_1_118' title='bbox 1477 1424 1573 1477; x_wconf 73' lang='grc' dir='ltr'>καὶ</span> <span class='ocrx_word' id='word_1_119' title='bbox 1602 1424 1705 1493; x_wconf 82' lang='grc' dir='ltr'><strong>μά-</strong></span> 
     </span>
    </p>
   </div>
   <div class='ocr_carea' id='block_1_17' title="bbox 166 1514 1702 1585">
    <p class='ocr_par' dir='ltr' id='par_1_17' title="bbox 166 1514 1702 1585">
     <span class='ocr_line' id='line_1_17' title="bbox 166 1514 1702 1585; baseline -0.001 -16"><span class='ocrx_word' id='word_1_120' title='bbox 166 1532 253 1584; x_wconf 83' lang='grc' dir='ltr'><strong>χην</strong></span> <span class='ocrx_word' id='word_1_121' title='bbox 286 1514 568 1583; x_wconf 73' lang='grc' dir='ltr'>συνάψειν,</span> <span class='ocrx_word' id='word_1_122' title='bbox 599 1516 721 1569; x_wconf 73' lang='grc' dir='ltr'>ἐπεὶ</span> <span class='ocrx_word' id='word_1_123' title='bbox 756 1519 1077 1585; x_wconf 79' lang='grc' dir='ltr'>νομίσαντες</span> <span class='ocrx_word' id='word_1_124' title='bbox 1135 1516 1297 1569; x_wconf 79' lang='grc' dir='ltr'>αὐτὸν</span> <span class='ocrx_word' id='word_1_125' title='bbox 1324 1517 1371 1568; x_wconf 76' lang='lat'><strong>0!</strong></span> <span class='ocrx_word' id='word_1_126' title='bbox 1441 1514 1702 1584; x_wconf 78' lang='grc' dir='ltr'>Ῥωμαῖοι</span> 
     </span>
    </p>
   </div>
   <div class='ocr_carea' id='block_1_18' title="bbox 166 1606 1702 1680">
    <p class='ocr_par' dir='ltr' id='par_1_18' title="bbox 166 1606 1702 1680">
     <span class='ocr_line' id='line_1_18' title="bbox 166 1606 1702 1680; baseline -0.001 -20"><span class='ocrx_word' id='word_1_127' title='bbox 166 1608 291 1660; x_wconf 73' lang='grc' dir='ltr'>κατὰ</span> <span class='ocrx_word' id='word_1_128' title='bbox 316 1608 503 1680; x_wconf 86' lang='grc' dir='ltr'>χώραν</span> <span class='ocrx_word' id='word_1_129' title='bbox 533 1607 739 1678; x_wconf 76' lang='grc' dir='ltr'>μένειν,</span> <span class='ocrx_word' id='word_1_130' title='bbox 769 1608 985 1679; x_wconf 76' lang='grc' dir='ltr'>ἀμελῶς</span> <span class='ocrx_word' id='word_1_131' title='bbox 1024 1608 1136 1661; x_wconf 85' lang='grc' dir='ltr'><strong>τῶν</strong></span> <span class='ocrx_word' id='word_1_132' title='bbox 1188 1608 1323 1661; x_wconf 81' lang='grc' dir='ltr'>ὁδῶν</span> <span class='ocrx_word' id='word_1_133' title='bbox 1374 1606 1552 1677; x_wconf 75' lang='grc' dir='ltr'>ἔσχον,</span> <span class='ocrx_word' id='word_1_134' title='bbox 1608 1606 1702 1659; x_wconf 68' lang='grc' dir='ltr'>επὶ</span> 
     </span>
    </p>
   </div>
   <div class='ocr_carea' id='block_1_19' title="bbox 163 1696 1701 1769">
    <p class='ocr_par' dir='ltr' id='par_1_19' title="bbox 163 1696 1701 1769">
     <span class='ocr_line' id='line_1_19' title="bbox 163 1696 1701 1769; baseline -0.001 -19"><span class='ocrx_word' id='word_1_135' title='bbox 163 1699 243 1751; x_wconf 83' lang='grc' dir='ltr'>τοῦ</span> <span class='ocrx_word' id='word_1_136' title='bbox 280 1700 650 1769; x_wconf 78' lang='grc' dir='ltr'>στρατοπέδου</span> <span class='ocrx_word' id='word_1_137' title='bbox 680 1700 807 1761; x_wconf 80' lang='grc' dir='ltr'>τοὺς</span> <span class='ocrx_word' id='word_1_138' title='bbox 842 1700 1045 1762; x_wconf 78' lang='grc' dir='ltr'>ἱππέας</span> <span class='ocrx_word' id='word_1_139' title='bbox 1074 1698 1400 1765; x_wconf 83' lang='grc' dir='ltr'>κατέλιπεν.</span> <span class='ocrx_word' id='word_1_140' title='bbox 1438 1697 1607 1761; x_wconf 79' lang='grc' dir='ltr'>Λύτδς</span> <span class='ocrx_word' id='word_1_141' title='bbox 1654 1696 1701 1749; x_wconf 85' lang='grc' dir='ltr'>δ’</span> 
     </span>
    </p>
   </div>
   <div class='ocr_carea' id='block_1_20' title="bbox 163 1788 1703 1862">
    <p class='ocr_par' dir='ltr' id='par_1_20' title="bbox 163 1788 1703 1862">
     <span class='ocr_line' id='line_1_20' title="bbox 163 1788 1703 1862; baseline 0 -22"><span class='ocrx_word' id='word_1_142' title='bbox 163 1789 253 1840; x_wconf 78' lang='grc' dir='ltr'><strong>ὑπὸ</strong></span> <span class='ocrx_word' id='word_1_143' title='bbox 297 1788 465 1842; x_wconf 91' lang='grc' dir='ltr'>νύκτα</span> <span class='ocrx_word' id='word_1_144' title='bbox 522 1790 660 1858; x_wconf 74' lang='grc' dir='ltr'>ἄρας</span> <span class='ocrx_word' id='word_1_145' title='bbox 692 1792 764 1859; x_wconf 83' lang='grc' dir='ltr'>τά</span> <span class='ocrx_word' id='word_1_146' title='bbox 824 1808 884 1843; x_wconf 88' lang='grc' dir='ltr'><strong>τε</strong></span> <span class='ocrx_word' id='word_1_147' title='bbox 942 1791 1240 1862; x_wconf 78' lang='grc' dir='ltr'>στενόπορα</span> <span class='ocrx_word' id='word_1_148' title='bbox 1303 1788 1421 1859; x_wconf 78' lang='grc' dir='ltr'>μεθ’</span> <span class='ocrx_word' id='word_1_149' title='bbox 1473 1788 1703 1858; x_wconf 74' lang='grc' dir='ltr'>ἡσυχίας</span> 
     </span>
    </p>
   </div>
   <div class='ocr_carea' id='block_1_21' title="bbox 163 1878 1698 1951">
    <p class='ocr_par' dir='ltr' id='par_1_21' title="bbox 163 1878 1698 1951">
     <span class='ocr_line' id='line_1_21' title="bbox 163 1878 1698 1951; baseline 0.001 -21"><span class='ocrx_word' id='word_1_150' title='bbox 163 1878 325 1949; x_wconf 80' lang='grc' dir='ltr'>διῆλθε</span> <span class='ocrx_word' id='word_1_151' title='bbox 356 1880 453 1934; x_wconf 75' lang='grc' dir='ltr'>καὶ</span> <span class='ocrx_word' id='word_1_152' title='bbox 481 1882 620 1951; x_wconf 68' lang='grc' dir='ltr'>πρὸς</span> <span class='ocrx_word' id='word_1_153' title='bbox 660 1880 893 1951; x_wconf 78' lang='grc' dir='ltr'>Ἀρίτιον</span> <span class='ocrx_word' id='word_1_154' title='bbox 928 1882 1210 1950; x_wconf 74' lang='grc' dir='ltr'><strong>ἠπείγετο.</strong></span> <span class='ocrx_word' id='word_1_155' title='bbox 1267 1882 1376 1934; x_wconf 80' lang='grc' dir='ltr'><strong>Καὶ</strong></span> <span class='ocrx_word' id='word_1_156' title='bbox 1403 1880 1452 1933; x_wconf 79' lang='lat' dir='ltr'><strong>oi</strong></span> <span class='ocrx_word' id='word_1_157' title='bbox 1489 1881 1698 1945; x_wconf 76' lang='grc' dir='ltr'>ἱππεῖς,</span> 
     </span>
    </p>
   </div>
   <div class='ocr_carea' id='block_1_22' title="bbox 164 1970 1701 2043">
    <p class='ocr_par' dir='ltr' id='par_1_22' title="bbox 164 1970 1701 2043">
     <span class='ocr_line' id='line_1_22' title="bbox 164 1970 1701 2043; baseline 0.003 -24"><span class='ocrx_word' id='word_1_158' title='bbox 164 1970 270 2022; x_wconf 66' lang='lat' dir='ltr'><strong>issi</strong></span> <span class='ocrx_word' id='word_1_159' title='bbox 295 1970 430 2025; x_wconf 78' lang='grc' dir='ltr'>πολὺ</span> <span class='ocrx_word' id='word_1_160' title='bbox 458 1971 748 2041; x_wconf 77' lang='grc' dir='ltr'>προῆλθεν,</span> <span class='ocrx_word' id='word_1_161' title='bbox 799 1970 1048 2043; x_wconf 67' lang='grc' dir='ltr'>ἀπῄεσαν</span> <span class='ocrx_word' id='word_1_162' title='bbox 1086 1970 1235 2041; x_wconf 82' lang='grc' dir='ltr'>αὐτῷ</span> <span class='ocrx_word' id='word_1_163' title='bbox 1274 1971 1620 2042; x_wconf 71' lang='grc' dir='ltr'>ἐφεπόμενοιο</span> <span class='ocrx_word' id='word_1_164' title='bbox 1651 1974 1701 2024; x_wconf 82' lang='lat' dir='ltr'><strong>oi</strong></span> 
     </span>
    </p>
   </div>
   <div class='ocr_carea' id='block_1_23' title="bbox 167 2058 1701 2133">
    <p class='ocr_par' dir='ltr' id='par_1_23' title="bbox 167 2058 1701 2133">
     <span class='ocr_line' id='line_1_23' title="bbox 167 2058 1701 2133; baseline 0.001 -20"><span class='ocrx_word' id='word_1_165' title='bbox 167 2062 206 2113; x_wconf 76' lang='grc' dir='ltr'><strong>δ’</strong></span> <span class='ocrx_word' id='word_1_166' title='bbox 230 2058 442 2127; x_wconf 77' lang='grc' dir='ltr'>ὕπατοι,</span> <span class='ocrx_word' id='word_1_167' title='bbox 479 2062 698 2131; x_wconf 82' lang='grc' dir='ltr'>γνόντες</span> <span class='ocrx_word' id='word_1_168' title='bbox 745 2063 1108 2133; x_wconf 74' lang='grc' dir='ltr'>ἠπατημένοι,</span> <span class='ocrx_word' id='word_1_169' title='bbox 1139 2064 1364 2133; x_wconf 71' lang='grc' dir='ltr'>Γεμῖνος</span> <span class='ocrx_word' id='word_1_170' title='bbox 1394 2062 1493 2132; x_wconf 76' lang='grc' dir='ltr'>μὲν</span> <span class='ocrx_word' id='word_1_171' title='bbox 1536 2062 1701 2116; x_wconf 82' lang='grc' dir='ltr'>αὑτοῦ</span> 
     </span>
    </p>
   </div>
   <div class='ocr_carea' id='block_1_24' title="bbox 166 2154 1703 2227">
    <p class='ocr_par' dir='ltr' id='par_1_24' title="bbox 166 2154 1703 2227">
     <span class='ocr_line' id='line_1_24' title="bbox 166 2154 1703 2227; baseline 0.004 -22"><span class='ocrx_word' id='word_1_172' title='bbox 166 2154 433 2224; x_wconf 80' lang='grc' dir='ltr'>ὑπέμεινε,</span> <span class='ocrx_word' id='word_1_173' title='bbox 463 2156 609 2223; x_wconf 86' lang='grc' dir='ltr'>τούς</span> <span class='ocrx_word' id='word_1_174' title='bbox 627 2157 676 2209; x_wconf 79' lang='grc' dir='ltr'>τ’</span> <span class='ocrx_word' id='word_1_175' title='bbox 699 2158 1073 2227; x_wconf 76' lang='grc' dir='ltr'>ἀφεστηκότας</span> <span class='ocrx_word' id='word_1_176' title='bbox 1100 2158 1365 2212; x_wconf 75' lang='grc' dir='ltr'>κακώσων</span> <span class='ocrx_word' id='word_1_177' title='bbox 1404 2161 1498 2211; x_wconf 78' lang='grc' dir='ltr'>καὶ</span> <span class='ocrx_word' id='word_1_178' title='bbox 1530 2156 1703 2212; x_wconf 82' lang='grc' dir='ltr'>κωλύ-</span> 
     </span>
    </p>
   </div>
   <div class='ocr_carea' id='block_1_25' title="bbox 164 2248 1705 2320">
    <p class='ocr_par' dir='ltr' id='par_1_25' title="bbox 164 2248 1705 2320">
     <span class='ocr_line' id='line_1_25' title="bbox 164 2248 1705 2320; baseline 0.003 -23"><span class='ocrx_word' id='word_1_179' title='bbox 164 2260 259 2297; x_wconf 84' lang='grc' dir='ltr'><strong>σων</strong></span> <span class='ocrx_word' id='word_1_180' title='bbox 288 2249 651 2318; x_wconf 73' lang='grc' dir='ltr'>ἐπικουρῆσαι</span> <span class='ocrx_word' id='word_1_181' title='bbox 681 2248 1073 2319; x_wconf 77' lang='grc' dir='ltr'>Καρχηδονίοις</span> <span class='ocrx_word' id='word_1_182' title='bbox 1096 2264 1111 2278; x_wconf 74' lang='grc' dir='ltr'><strong>ο</strong></span> <span class='ocrx_word' id='word_1_183' title='bbox 1147 2250 1437 2320; x_wconf 88' lang='grc' dir='ltr'>Φλαμίνιος</span> <span class='ocrx_word' id='word_1_184' title='bbox 1460 2249 1516 2302; x_wconf 80' lang='grc' dir='ltr'>δὲ</span> <span class='ocrx_word' id='word_1_185' title='bbox 1544 2250 1705 2320; x_wconf 83' lang='grc' dir='ltr'>μόνος</span> 
     </span>
    </p>
   </div>
   <div class='ocr_carea' id='block_1_26' title="bbox 165 2337 1700 2412">
    <p class='ocr_par' dir='ltr' id='par_1_26' title="bbox 165 2337 1700 2412">
     <span class='ocr_line' id='line_1_26' title="bbox 165 2337 1700 2412; baseline 0.006 -25"><span class='ocrx_word' id='word_1_186' title='bbox 165 2337 392 2401; x_wconf 73' lang='grc' dir='ltr'>ἐδίωκεν.</span> <span class='ocrx_word' id='word_1_187' title='bbox 434 2338 507 2391; x_wconf 81' lang='grc' dir='ltr'>ίν’</span> <span class='ocrx_word' id='word_1_188' title='bbox 544 2338 710 2393; x_wconf 83' lang='grc' dir='ltr'>αύτοῦ</span> <span class='ocrx_word' id='word_1_189' title='bbox 758 2342 923 2409; x_wconf 86' lang='grc' dir='ltr'>μόνου</span> <span class='ocrx_word' id='word_1_190' title='bbox 976 2341 1039 2393; x_wconf 85' lang='grc' dir='ltr'><strong>τδ</strong></span> <span class='ocrx_word' id='word_1_191' title='bbox 1076 2340 1237 2411; x_wconf 68' lang='grc' dir='ltr'>ἔργον</span> <span class='ocrx_word' id='word_1_192' title='bbox 1282 2342 1382 2409; x_wconf 82' lang='grc' dir='ltr'>τῆς</span> <span class='ocrx_word' id='word_1_193' title='bbox 1421 2343 1605 2412; x_wconf 79' lang='grc' dir='ltr'>νίκης,</span> <span class='ocrx_word' id='word_1_194' title='bbox 1628 2341 1700 2405; x_wconf 83' lang='grc' dir='ltr'><strong>ὡς</strong></span> 
     </span>
    </p>
   </div>
   <div class='ocr_carea' id='block_1_27' title="bbox 164 2426 1701 2501">
    <p class='ocr_par' dir='ltr' id='par_1_27' title="bbox 164 2426 1701 2501">
     <span class='ocr_line' id='line_1_27' title="bbox 164 2426 1701 2501; baseline 0.003 -22"><span class='ocrx_word' id='word_1_195' title='bbox 164 2426 305 2497; x_wconf 76' lang='grc' dir='ltr'>ᾤετο,</span> <span class='ocrx_word' id='word_1_196' title='bbox 338 2429 587 2496; x_wconf 77' lang='grc' dir='ltr'>γένηται,</span> <span class='ocrx_word' id='word_1_197' title='bbox 644 2428 827 2482; x_wconf 75' lang='grc' dir='ltr'>καὶτὸ</span> <span class='ocrx_word' id='word_1_198' title='bbox 858 2430 1091 2496; x_wconf 79' lang='grc' dir='ltr'>’Δρίτιον</span> <span class='ocrx_word' id='word_1_199' title='bbox 1139 2432 1568 2501; x_wconf 79' lang='grc' dir='ltr'>προκατέλασεν.</span> <span class='ocrx_word' id='word_1_200' title='bbox 1642 2432 1701 2484; x_wconf 82' lang='grc' dir='ltr'>ὐ</span> 
     </span>
    </p>
   </div>
   <div class='ocr_carea' id='block_1_28' title="bbox 164 2516 1702 2592">
    <p class='ocr_par' dir='ltr' id='par_1_28' title="bbox 164 2516 1702 2592">
     <span class='ocr_line' id='line_1_28' title="bbox 164 2516 1702 2592; baseline 0.003 -22"><span class='ocrx_word' id='word_1_201' title='bbox 164 2518 261 2588; x_wconf 78' lang='grc' dir='ltr'><strong>γὰρ</strong></span> <span class='ocrx_word' id='word_1_202' title='bbox 287 2516 561 2584; x_wconf 68' lang='grc' dir='ltr'>Ἀννίϐας,</span> <span class='ocrx_word' id='word_1_203' title='bbox 595 2520 1009 2590; x_wconf 72' lang='grc' dir='ltr'>συντομωτέραν</span> <span class='ocrx_word' id='word_1_204' title='bbox 1044 2522 1408 2592; x_wconf 75' lang='grc' dir='ltr'>τραπόμενος,</span> <span class='ocrx_word' id='word_1_205' title='bbox 1463 2522 1702 2585; x_wconf 87' lang='grc' dir='ltr'>δυσόδοις</span> 
     </span>
    </p>
   </div>
   <div class='ocr_carea' id='block_1_29' title="bbox 161 2608 1703 2684">
    <p class='ocr_par' dir='ltr' id='par_1_29' title="bbox 161 2608 1703 2684">
     <span class='ocr_line' id='line_1_29' title="bbox 161 2608 1703 2684; baseline 0.006 -25"><span class='ocrx_word' id='word_1_206' title='bbox 161 2608 388 2679; x_wconf 67' lang='grc' dir='ltr'>ἐνέτυχε,</span> <span class='ocrx_word' id='word_1_207' title='bbox 417 2610 512 2664; x_wconf 75' lang='grc' dir='ltr'>καὶ</span> <span class='ocrx_word' id='word_1_208' title='bbox 540 2610 868 2682; x_wconf 67' lang='grc' dir='ltr'>ἀνθρώπους</span> <span class='ocrx_word' id='word_1_209' title='bbox 912 2612 1163 2684; x_wconf 78' lang='grc' dir='ltr'>συχνοὺς,</span> <span class='ocrx_word' id='word_1_210' title='bbox 1205 2614 1301 2667; x_wconf 80' lang='grc' dir='ltr'>καὶ</span> <span class='ocrx_word' id='word_1_211' title='bbox 1350 2613 1518 2667; x_wconf 69' lang='grc' dir='ltr'>πολλὰ</span> <span class='ocrx_word' id='word_1_212' title='bbox 1567 2614 1703 2669; x_wconf 69' lang='grc' dir='ltr'>ὐπο-</span> 
     </span>
    </p>
   </div>
   <div class='ocr_carea' id='block_1_30' title="bbox 164 2696 1703 2774">
    <p class='ocr_par' dir='ltr' id='par_1_30' title="bbox 164 2696 1703 2774">
     <span class='ocr_line' id='line_1_30' title="bbox 164 2696 1703 2774; baseline 0.006 -22"><span class='ocrx_word' id='word_1_213' title='bbox 164 2696 332 2768; x_wconf 79' lang='grc' dir='ltr'>ξῦγια,</span> <span class='ocrx_word' id='word_1_214' title='bbox 358 2700 457 2754; x_wconf 72' lang='grc' dir='ltr'>καὶ</span> <span class='ocrx_word' id='word_1_215' title='bbox 485 2703 578 2755; x_wconf 70' lang='grc' dir='ltr'>τὸν</span> <span class='ocrx_word' id='word_1_216' title='bbox 596 2702 783 2773; x_wconf 62' lang='grc' dir='ltr'>ἕτερον</span> <span class='ocrx_word' id='word_1_217' title='bbox 798 2702 909 2756; x_wconf 85' lang='grc' dir='ltr'><strong>τῶν</strong></span> <span class='ocrx_word' id='word_1_218' title='bbox 938 2702 1237 2774; x_wconf 79' lang='grc' dir='ltr'>ὀφθαλμῶν</span> <span class='ocrx_word' id='word_1_219' title='bbox 1257 2703 1549 2769; x_wconf 74' lang='grc' dir='ltr'>ἀπέϐαλεν.</span> <span class='ocrx_word' id='word_1_220' title='bbox 1574 2704 1703 2773; x_wconf 67' lang='grc' dir='ltr'><strong>Ὀψὲ</strong></span> 
     </span>
    </p>
   </div>
   <div class='ocr_carea' id='block_1_31' title="bbox 163 2791 1704 2867">
    <p class='ocr_par' dir='ltr' id='par_1_31' title="bbox 163 2791 1704 2867">
     <span class='ocr_line' id='line_1_31' title="bbox 163 2791 1704 2867; baseline 0.003 -21"><span class='ocrx_word' id='word_1_221' title='bbox 163 2791 204 2844; x_wconf 74' lang='grc' dir='ltr'>δ’</span> <span class='ocrx_word' id='word_1_222' title='bbox 236 2791 323 2847; x_wconf 76' lang='grc' dir='ltr'>οὖν</span> <span class='ocrx_word' id='word_1_223' title='bbox 362 2794 502 2863; x_wconf 66' lang='grc' dir='ltr'>πρὸς</span> <span class='ocrx_word' id='word_1_224' title='bbox 531 2794 595 2848; x_wconf 73' lang='lat' dir='ltr'><strong>sb</strong></span> <span class='ocrx_word' id='word_1_225' title='bbox 622 2794 858 2865; x_wconf 79' lang='grc' dir='ltr'>’Δρίτιον</span> <span class='ocrx_word' id='word_1_226' title='bbox 883 2795 1077 2860; x_wconf 73' lang='grc' dir='ltr'>ιλθὼν,</span> <span class='ocrx_word' id='word_1_227' title='bbox 1109 2798 1204 2851; x_wconf 85' lang='grc' dir='ltr'>καὶ</span> <span class='ocrx_word' id='word_1_228' title='bbox 1233 2795 1413 2867; x_wconf 85' lang='grc' dir='ltr'>εύρὼν</span> <span class='ocrx_word' id='word_1_229' title='bbox 1448 2799 1562 2849; x_wconf 69' lang='grc' dir='ltr'>ἐκεῖ</span> <span class='ocrx_word' id='word_1_230' title='bbox 1610 2797 1704 2851; x_wconf 69' lang='grc' dir='ltr'><strong>τὸν</strong></span> 
     </span>
    </p>
   </div>
   <div class='ocr_carea' id='block_1_32' title="bbox 162 2883 1701 2958">
    <p class='ocr_par' dir='ltr' id='par_1_32' title="bbox 162 2883 1701 2958">
     <span class='ocr_line' id='line_1_32' title="bbox 162 2883 1701 2958; baseline 0.004 -23"><span class='ocrx_word' id='word_1_231' title='bbox 162 2883 461 2951; x_wconf 82' lang='grc' dir='ltr'>Φλαμίνιον,</span> <span class='ocrx_word' id='word_1_232' title='bbox 500 2886 908 2957; x_wconf 68' lang='grc' dir='ltr'>κατεφρόνησεν</span> <span class='ocrx_word' id='word_1_233' title='bbox 927 2886 1116 2952; x_wconf 81' lang='grc' dir='ltr'>αὐτοῦ,</span> <span class='ocrx_word' id='word_1_234' title='bbox 1152 2889 1245 2941; x_wconf 82' lang='grc' dir='ltr'>καὶ</span> <span class='ocrx_word' id='word_1_235' title='bbox 1285 2888 1435 2958; x_wconf 70' lang='grc' dir='ltr'>μάχῃ</span> <span class='ocrx_word' id='word_1_236' title='bbox 1487 2888 1585 2957; x_wconf 69' lang='grc' dir='ltr'>μὲν</span> <span class='ocrx_word' id='word_1_237' title='bbox 1638 2886 1701 2941; x_wconf 77' lang='grc' dir='ltr'><strong>ού</strong></span> 
     </span>
    </p>
   </div>
   <div class='ocr_carea' id='block_1_33' title="bbox 164 2973 1701 3047">
    <p class='ocr_par' dir='ltr' id='par_1_33' title="bbox 164 2973 1701 3047">
     <span class='ocr_line' id='line_1_33' title="bbox 164 2973 1701 3047; baseline 0.001 -21"><span class='ocrx_word' id='word_1_238' title='bbox 164 2974 411 3028; x_wconf 82' lang='grc' dir='ltr'>συνέύαλε</span> <span class='ocrx_word' id='word_1_239' title='bbox 438 2973 521 3044; x_wconf 78' lang='grc' dir='ltr'>(τδ</span> <span class='ocrx_word' id='word_1_240' title='bbox 558 2974 669 3044; x_wconf 81' lang='grc' dir='ltr'><strong>γὰρ</strong></span> <span class='ocrx_word' id='word_1_241' title='bbox 697 2976 897 3047; x_wconf 84' lang='grc' dir='ltr'>χωρίον</span> <span class='ocrx_word' id='word_1_242' title='bbox 945 2977 1326 3046; x_wconf 76' lang='grc' dir='ltr'>ἁνεπιτήδειόν</span> <span class='ocrx_word' id='word_1_243' title='bbox 1379 2979 1429 3030; x_wconf 80' lang='lat' dir='ltr'><strong>oi</strong></span> <span class='ocrx_word' id='word_1_244' title='bbox 1487 2977 1701 3045; x_wconf 76' lang='grc' dir='ltr'>έδόκει),</span> 
     </span>
    </p>
   </div>
   <div class='ocr_carea' id='block_1_34' title="bbox 163 3065 1703 3140">
    <p class='ocr_par' dir='ltr' id='par_1_34' title="bbox 163 3065 1703 3140">
     <span class='ocr_line' id='line_1_34' title="bbox 163 3065 1703 3140; baseline 0.002 -21"><span class='ocrx_word' id='word_1_245' title='bbox 163 3067 348 3136; x_wconf 74' lang='grc' dir='ltr'>πεῖραν</span> <span class='ocrx_word' id='word_1_246' title='bbox 367 3067 427 3121; x_wconf 73' lang='grc' dir='ltr'>δι</span> <span class='ocrx_word' id='word_1_247' title='bbox 448 3065 615 3121; x_wconf 82' lang='grc' dir='ltr'>αὐτοῦ</span> <span class='ocrx_word' id='word_1_248' title='bbox 648 3068 991 3138; x_wconf 82' lang='grc' dir='ltr'>ποιούμενος,</span> <span class='ocrx_word' id='word_1_249' title='bbox 1032 3068 1215 3139; x_wconf 80' lang='grc' dir='ltr'>έκειρε</span> <span class='ocrx_word' id='word_1_250' title='bbox 1246 3066 1348 3140; x_wconf 72' lang='grc' dir='ltr'>τὴν</span> <span class='ocrx_word' id='word_1_251' title='bbox 1365 3069 1569 3140; x_wconf 80' lang='grc' dir='ltr'>χώραν·</span> <span class='ocrx_word' id='word_1_252' title='bbox 1601 3070 1703 3122; x_wconf 81' lang='grc' dir='ltr'>κάν</span> 
     </span>
    </p>
   </div>
   <div class='ocr_carea' id='block_1_35' title="bbox 1807 881 3363 950">
    <p class='ocr_par' dir='ltr' id='par_1_35' title="bbox 1807 881 3363 950">
     <span class='ocr_line' id='line_1_35' title="bbox 1807 881 3363 950; baseline 0.013 -21"><span class='ocrx_word' id='word_1_253' title='bbox 1807 886 2071 933; x_wconf 82' lang='lat' dir='ltr'><strong>contrase</strong></span> <span class='ocrx_word' id='word_1_254' title='bbox 2103 881 2257 934; x_wconf 83' lang='lat' dir='ltr'><strong>eunti</strong></span> <span class='ocrx_word' id='word_1_255' title='bbox 2280 884 2463 937; x_wconf 84' lang='lat' dir='ltr'><strong>cessit.</strong></span> <span class='ocrx_word' id='word_1_256' title='bbox 2497 885 2728 941; x_wconf 79' lang='lat' dir='ltr'><strong>Romani</strong></span> <span class='ocrx_word' id='word_1_257' title='bbox 2761 887 3085 947; x_wconf 84' lang='lat' dir='ltr'><strong>Flaminium</strong></span> <span class='ocrx_word' id='word_1_258' title='bbox 3103 895 3363 950; x_wconf 75' lang='lat' dir='ltr'><strong>etCaiuu&#39;i</strong></span> 
     </span>
    </p>
   </div>
   <div class='ocr_carea' id='block_1_36' title="bbox 1808 970 3363 1049">
    <p class='ocr_par' dir='ltr' id='par_1_36' title="bbox 1808 970 3363 1049">
     <span class='ocr_line' id='line_1_36' title="bbox 1808 970 3363 1049; baseline 0.01 -25"><span class='ocrx_word' id='word_1_259' title='bbox 1808 970 1990 1024; x_wconf 89' lang='lat' dir='ltr'><strong>denuo</strong></span> <span class='ocrx_word' id='word_1_260' title='bbox 2013 972 2267 1026; x_wconf 89' lang='lat' dir='ltr'><strong>consules</strong></span> <span class='ocrx_word' id='word_1_261' title='bbox 2289 987 2565 1030; x_wconf 81' lang='lat' dir='ltr'><strong>crearunt.</strong></span> <span class='ocrx_word' id='word_1_262' title='bbox 2592 978 2825 1034; x_wconf 77' lang='lat' dir='ltr'><strong>Annibal</strong></span> <span class='ocrx_word' id='word_1_263' title='bbox 2850 982 2938 1036; x_wconf 88' lang='lat' dir='ltr'><strong>ubi</strong></span> <span class='ocrx_word' id='word_1_264' title='bbox 2970 982 3190 1041; x_wconf 88' lang='lat' dir='ltr'><strong>ineunte</strong></span> <span class='ocrx_word' id='word_1_265' title='bbox 3213 1003 3363 1049; x_wconf 72' lang='lat' dir='ltr'><strong>vero,</strong></span> 
     </span>
    </p>
   </div>
   <div class='ocr_carea' id='block_1_37' title="bbox 1808 1060 3363 1145">
    <p class='ocr_par' dir='ltr' id='par_1_37' title="bbox 1808 1060 3363 1145">
     <span class='ocr_line' id='line_1_37' title="bbox 1808 1060 3363 1145; baseline 0.011 -30"><span class='ocrx_word' id='word_1_266' title='bbox 1808 1060 2130 1115; x_wconf 80' lang='lat' dir='ltr'><strong>Flaminium</strong></span> <span class='ocrx_word' id='word_1_267' title='bbox 2190 1073 2246 1117; x_wconf 90' lang='lat' dir='ltr'><strong>et</strong></span> <span class='ocrx_word' id='word_1_268' title='bbox 2295 1063 2585 1121; x_wconf 87' lang='lat' dir='ltr'><strong>Servilium</strong></span> <span class='ocrx_word' id='word_1_269' title='bbox 2642 1069 2930 1127; x_wconf 88' lang='lat' dir='ltr'><strong>Geminum</strong></span> <span class='ocrx_word' id='word_1_270' title='bbox 2990 1090 3114 1129; x_wconf 90' lang='lat' dir='ltr'><strong>cum</strong></span> <span class='ocrx_word' id='word_1_271' title='bbox 3172 1092 3363 1145; x_wconf 81' lang='lat' dir='ltr'><strong>magna</strong></span> 
     </span>
    </p>
   </div>
   <div class='ocr_carea' id='block_1_38' title="bbox 1807 1152 3367 1233">
    <p class='ocr_par' dir='ltr' id='par_1_38' title="bbox 1807 1152 3367 1233">
     <span class='ocr_line' id='line_1_38' title="bbox 1807 1152 3367 1233; baseline 0.012 -30"><span class='ocrx_word' id='word_1_272' title='bbox 1807 1164 1969 1204; x_wconf 90' lang='lat' dir='ltr'><strong>manu</strong></span> <span class='ocrx_word' id='word_1_273' title='bbox 1993 1152 2285 1207; x_wconf 85' lang='lat' dir='ltr'><strong>adventare</strong></span> <span class='ocrx_word' id='word_1_274' title='bbox 2316 1157 2590 1224; x_wconf 76' lang='lat' dir='ltr'><strong>cognovit,</strong></span> <span class='ocrx_word' id='word_1_275' title='bbox 2624 1159 2692 1212; x_wconf 90' lang='lat' dir='ltr'><strong>ad</strong></span> <span class='ocrx_word' id='word_1_276' title='bbox 2739 1177 2833 1215; x_wconf 89' lang='lat' dir='ltr'><strong>eos</strong></span> <span class='ocrx_word' id='word_1_277' title='bbox 2863 1162 3214 1233; x_wconf 83' lang='lat' dir='ltr'><strong>decipiendos</strong></span> <span class='ocrx_word' id='word_1_278' title='bbox 3238 1184 3367 1221; x_wconf 81' lang='lat' dir='ltr'><strong>con-</strong></span> 
     </span>
    </p>
   </div>
   <div class='ocr_carea' id='block_1_39' title="bbox 1808 1241 3362 1324">
    <p class='ocr_par' dir='ltr' id='par_1_39' title="bbox 1808 1241 3362 1324">
     <span class='ocr_line' id='line_1_39' title="bbox 1808 1241 3362 1324; baseline 0.01 -34"><span class='ocrx_word' id='word_1_279' title='bbox 1808 1252 2019 1302; x_wconf 86' lang='lat' dir='ltr'><strong>versus,</strong></span> <span class='ocrx_word' id='word_1_280' title='bbox 2075 1256 2245 1310; x_wconf 83' lang='lat' dir='ltr'><strong>seque</strong></span> <span class='ocrx_word' id='word_1_281' title='bbox 2293 1241 2364 1298; x_wconf 88' lang='lat' dir='ltr'><strong>ibi</strong></span> <span class='ocrx_word' id='word_1_282' title='bbox 2427 1257 2763 1300; x_wconf 79' lang='lat' dir='ltr'><strong>moraturum</strong></span> <span class='ocrx_word' id='word_1_283' title='bbox 2822 1259 2876 1303; x_wconf 87' lang='lat' dir='ltr'><strong>et</strong></span> <span class='ocrx_word' id='word_1_284' title='bbox 2907 1266 3098 1319; x_wconf 68' lang='lat' dir='ltr'><strong>pugnae</strong></span> <span class='ocrx_word' id='word_1_285' title='bbox 3154 1258 3362 1324; x_wconf 83' lang='lat' dir='ltr'><strong>copiam</strong></span> 
     </span>
    </p>
   </div>
   <div class='ocr_carea' id='block_1_40' title="bbox 1806 1327 3359 1399">
    <p class='ocr_par' dir='ltr' id='par_1_40' title="bbox 1806 1327 3359 1399">
     <span class='ocr_line' id='line_1_40' title="bbox 1806 1327 3359 1399; baseline 0.008 -17"><span class='ocrx_word' id='word_1_286' title='bbox 1806 1327 1914 1384; x_wconf 84' lang='lat' dir='ltr'><strong>illis</strong></span> <span class='ocrx_word' id='word_1_287' title='bbox 1959 1329 2229 1385; x_wconf 81' lang='lat' dir='ltr'><strong>facturum</strong></span> <span class='ocrx_word' id='word_1_288' title='bbox 2291 1334 2624 1399; x_wconf 86' lang='lat' dir='ltr'><strong>simulando,</strong></span> <span class='ocrx_word' id='word_1_289' title='bbox 2658 1337 2786 1390; x_wconf 88' lang='lat' dir='ltr'><strong>dum</strong></span> <span class='ocrx_word' id='word_1_290' title='bbox 2823 1340 3054 1395; x_wconf 76' lang='lat' dir='ltr'><strong>Romani</strong></span> <span class='ocrx_word' id='word_1_291' title='bbox 3090 1359 3277 1399; x_wconf 86' lang='lat' dir='ltr'><strong>verum</strong></span> <span class='ocrx_word' id='word_1_292' title='bbox 3308 1347 3359 1399; x_wconf 83' lang='lat' dir='ltr'><strong>id</strong></span> 
     </span>
    </p>
   </div>
   <div class='ocr_carea' id='block_1_41' title="bbox 1806 1422 3362 1503">
    <p class='ocr_par' dir='ltr' id='par_1_41' title="bbox 1806 1422 3362 1503">
     <span class='ocr_line' id='line_1_41' title="bbox 1806 1422 3362 1503; baseline 0.009 -30"><span class='ocrx_word' id='word_1_293' title='bbox 1806 1433 1929 1475; x_wconf 86' lang='lat' dir='ltr'><strong>esse</strong></span> <span class='ocrx_word' id='word_1_294' title='bbox 1964 1422 2090 1486; x_wconf 83' lang='lat' dir='ltr'><strong>rati,</strong></span> <span class='ocrx_word' id='word_1_295' title='bbox 2126 1424 2240 1477; x_wconf 82' lang='lat' dir='ltr'><strong>vias</strong></span> <span class='ocrx_word' id='word_1_296' title='bbox 2290 1425 2632 1495; x_wconf 83' lang='lat' dir='ltr'><strong>negligenter</strong></span> <span class='ocrx_word' id='word_1_297' title='bbox 2682 1430 3022 1495; x_wconf 83' lang='lat' dir='ltr'><strong>custodiunt,</strong></span> <span class='ocrx_word' id='word_1_298' title='bbox 3082 1434 3362 1503; x_wconf 71' lang='lat' dir='ltr'><strong>equitibus</strong></span> 
     </span>
    </p>
   </div>
   <div class='ocr_carea' id='block_1_42' title="bbox 1806 1511 3361 1590">
    <p class='ocr_par' dir='ltr' id='par_1_42' title="bbox 1806 1511 3361 1590">
     <span class='ocr_line' id='line_1_42' title="bbox 1806 1511 3361 1590; baseline 0.009 -27"><span class='ocrx_word' id='word_1_299' title='bbox 1806 1511 1860 1565; x_wconf 88' lang='lat' dir='ltr'><strong>in</strong></span> <span class='ocrx_word' id='word_1_300' title='bbox 1913 1512 2110 1567; x_wconf 82' lang='lat' dir='ltr'><strong>castris</strong></span> <span class='ocrx_word' id='word_1_301' title='bbox 2150 1515 2374 1581; x_wconf 83' lang='lat' dir='ltr'><strong>relictis,</strong></span> <span class='ocrx_word' id='word_1_302' title='bbox 2433 1527 2714 1590; x_wconf 89' lang='lat' dir='ltr'><strong>noctuque</strong></span> <span class='ocrx_word' id='word_1_303' title='bbox 2743 1524 2976 1577; x_wconf 72' lang='lat' dir='ltr'><strong>sarcinis</strong></span> <span class='ocrx_word' id='word_1_304' title='bbox 3022 1525 3282 1590; x_wconf 88' lang='lat' dir='ltr'><strong>collectis,</strong></span> <span class='ocrx_word' id='word_1_305' title='bbox 3306 1535 3361 1580; x_wconf 90' lang='lat' dir='ltr'><strong>et</strong></span> 
     </span>
    </p>
   </div>
   <div class='ocr_carea' id='block_1_43' title="bbox 1805 1604 3357 1677">
    <p class='ocr_par' dir='ltr' id='par_1_43' title="bbox 1805 1604 3357 1677">
     <span class='ocr_line' id='line_1_43' title="bbox 1805 1604 3357 1677; baseline 0.009 -22"><span class='ocrx_word' id='word_1_306' title='bbox 1805 1604 2070 1672; x_wconf 82' lang='lat' dir='ltr'><strong>angustiis</strong></span> <span class='ocrx_word' id='word_1_307' title='bbox 2094 1620 2193 1674; x_wconf 90' lang='lat' dir='ltr'><strong>per</strong></span> <span class='ocrx_word' id='word_1_308' title='bbox 2220 1607 2392 1660; x_wconf 90' lang='lat' dir='ltr'><strong>otium</strong></span> <span class='ocrx_word' id='word_1_309' title='bbox 2420 1612 2715 1677; x_wconf 86' lang='lat' dir='ltr'><strong>superatis,</strong></span> <span class='ocrx_word' id='word_1_310' title='bbox 2748 1612 2993 1668; x_wconf 82' lang='lat' dir='ltr'><strong>Aretium</strong></span> <span class='ocrx_word' id='word_1_311' title='bbox 3035 1616 3314 1669; x_wconf 88' lang='lat' dir='ltr'><strong>contendit</strong></span> <span class='ocrx_word' id='word_1_312' title='bbox 3344 1634 3357 1669; x_wconf 91' lang='lat'>:</span> 
     </span>
    </p>
   </div>
   <div class='ocr_carea' id='block_1_44' title="bbox 1805 1693 3363 1770">
    <p class='ocr_par' dir='ltr' id='par_1_44' title="bbox 1805 1693 3363 1770">
     <span class='ocr_line' id='line_1_44' title="bbox 1805 1693 3363 1770; baseline 0.01 -25"><span class='ocrx_word' id='word_1_313' title='bbox 1805 1693 2082 1761; x_wconf 82' lang='lat' dir='ltr'><strong>equitibus</strong></span> <span class='ocrx_word' id='word_1_314' title='bbox 2102 1695 2289 1763; x_wconf 89' lang='lat' dir='ltr'><strong>etiam,</strong></span> <span class='ocrx_word' id='word_1_315' title='bbox 2310 1712 2432 1751; x_wconf 82' lang='lat' dir='ltr'><strong>cunt</strong></span> <span class='ocrx_word' id='word_1_316' title='bbox 2451 1699 2607 1770; x_wconf 75' lang='lat' dir='ltr'><strong>longe</strong></span> <span class='ocrx_word' id='word_1_317' title='bbox 2627 1703 3007 1770; x_wconf 89' lang='lat' dir='ltr'><strong>processisset,</strong></span> <span class='ocrx_word' id='word_1_318' title='bbox 3030 1706 3363 1760; x_wconf 86' lang='lat' dir='ltr'><strong>consecutis.</strong></span> 
     </span>
    </p>
   </div>
   <div class='ocr_carea' id='block_1_45' title="bbox 1804 1783 3362 1861">
    <p class='ocr_par' dir='ltr' id='par_1_45' title="bbox 1804 1783 3362 1861">
     <span class='ocr_line' id='line_1_45' title="bbox 1804 1783 3362 1861; baseline 0.007 -23"><span class='ocrx_word' id='word_1_319' title='bbox 1804 1783 2071 1843; x_wconf 85' lang='lat' dir='ltr'><strong>Consules</strong></span> <span class='ocrx_word' id='word_1_320' title='bbox 2121 1796 2182 1843; x_wconf 87' lang='lat' dir='ltr'><strong>ut</strong></span> <span class='ocrx_word' id='word_1_321' title='bbox 2212 1805 2270 1844; x_wconf 88' lang='lat' dir='ltr'><strong>se</strong></span> <span class='ocrx_word' id='word_1_322' title='bbox 2310 1791 2569 1861; x_wconf 84' lang='lat' dir='ltr'><strong>deceptos</strong></span> <span class='ocrx_word' id='word_1_323' title='bbox 2612 1809 2732 1847; x_wconf 85' lang='lat' dir='ltr'><strong>esse</strong></span> <span class='ocrx_word' id='word_1_324' title='bbox 2760 1805 3071 1858; x_wconf 88' lang='lat' dir='ltr'><strong>senserunt.</strong></span> <span class='ocrx_word' id='word_1_325' title='bbox 3102 1797 3362 1852; x_wconf 84' lang='lat' dir='ltr'><strong>Geminus</strong></span> 
     </span>
    </p>
   </div>
   <div class='ocr_carea' id='block_1_46' title="bbox 1804 1877 3364 1952">
    <p class='ocr_par' dir='ltr' id='par_1_46' title="bbox 1804 1877 3364 1952">
     <span class='ocr_line' id='line_1_46' title="bbox 1804 1877 3364 1952; baseline 0.006 -21"><span class='ocrx_word' id='word_1_326' title='bbox 1804 1877 1878 1931; x_wconf 91' lang='lat' dir='ltr'><strong>ibi</strong></span> <span class='ocrx_word' id='word_1_327' title='bbox 1908 1880 2196 1943; x_wconf 75' lang='lat' dir='ltr'><strong>mansit,ut</strong></span> <span class='ocrx_word' id='word_1_328' title='bbox 2246 1897 2341 1937; x_wconf 89' lang='lat' dir='ltr'><strong>eos</strong></span> <span class='ocrx_word' id='word_1_329' title='bbox 2379 1884 2473 1952; x_wconf 91' lang='lat' dir='ltr'><strong>qui</strong></span> <span class='ocrx_word' id='word_1_330' title='bbox 2509 1883 2823 1940; x_wconf 77' lang='lat' dir='ltr'><strong>defecerant</strong></span> <span class='ocrx_word' id='word_1_331' title='bbox 2863 1897 3100 1952; x_wconf 81' lang='lat' dir='ltr'><strong>vexaret,</strong></span> <span class='ocrx_word' id='word_1_332' title='bbox 3143 1897 3198 1941; x_wconf 82' lang='lat' dir='ltr'><strong>ct</strong></span> <span class='ocrx_word' id='word_1_333' title='bbox 3234 1888 3364 1943; x_wconf 82' lang='lat' dir='ltr'><strong>Car-</strong></span> 
     </span>
    </p>
   </div>
   <div class='ocr_carea' id='block_1_47' title="bbox 1805 1969 3364 2045">
    <p class='ocr_par' dir='ltr' id='par_1_47' title="bbox 1805 1969 3364 2045">
     <span class='ocr_line' id='line_1_47' title="bbox 1805 1969 3364 2045; baseline 0.007 -22"><span class='ocrx_word' id='word_1_334' title='bbox 1805 1969 2235 2039; x_wconf 85' lang='lat' dir='ltr'><strong>thaginiensibus</strong></span> <span class='ocrx_word' id='word_1_335' title='bbox 2271 1988 2427 2041; x_wconf 88' lang='lat' dir='ltr'><strong>opem</strong></span> <span class='ocrx_word' id='word_1_336' title='bbox 2482 1974 2626 2029; x_wconf 83' lang='lat' dir='ltr'><strong>ferre</strong></span> <span class='ocrx_word' id='word_1_337' title='bbox 2670 1978 3010 2045; x_wconf 81' lang='lat' dir='ltr'><strong>prohiberet.</strong></span> <span class='ocrx_word' id='word_1_338' title='bbox 3070 1980 3364 2034; x_wconf 79' lang='lat' dir='ltr'><strong>Flaminius</strong></span> 
     </span>
    </p>
   </div>
   <div class='ocr_carea' id='block_1_48' title="bbox 1801 2061 3365 2135">
    <p class='ocr_par' dir='ltr' id='par_1_48' title="bbox 1801 2061 3365 2135">
     <span class='ocr_line' id='line_1_48' title="bbox 1801 2061 3365 2135; baseline 0.008 -24"><span class='ocrx_word' id='word_1_339' title='bbox 1801 2073 1932 2113; x_wconf 85' lang='lat' dir='ltr'><strong>vero</strong></span> <span class='ocrx_word' id='word_1_340' title='bbox 1963 2061 2112 2116; x_wconf 89' lang='lat' dir='ltr'><strong>solus</strong></span> <span class='ocrx_word' id='word_1_341' title='bbox 2138 2063 2406 2119; x_wconf 85' lang='lat' dir='ltr'><strong>abeuntes</strong></span> <span class='ocrx_word' id='word_1_342' title='bbox 2446 2079 2793 2135; x_wconf 89' lang='lat' dir='ltr'><strong>persecutus,</strong></span> <span class='ocrx_word' id='word_1_343' title='bbox 2822 2078 2877 2121; x_wconf 90' lang='lat' dir='ltr'><strong>ut</strong></span> <span class='ocrx_word' id='word_1_344' title='bbox 2901 2070 3127 2122; x_wconf 83' lang='lat' dir='ltr'><strong>victoria</strong></span> <span class='ocrx_word' id='word_1_345' title='bbox 3153 2070 3365 2124; x_wconf 80' lang='lat' dir='ltr'><strong>scilicet</strong></span> 
     </span>
    </p>
   </div>
   <div class='ocr_carea' id='block_1_49' title="bbox 1802 2152 3366 2230">
    <p class='ocr_par' dir='ltr' id='par_1_49' title="bbox 1802 2152 3366 2230">
     <span class='ocr_line' id='line_1_49' title="bbox 1802 2152 3366 2230; baseline 0.006 -25"><span class='ocrx_word' id='word_1_346' title='bbox 1802 2152 1886 2205; x_wconf 88' lang='lat' dir='ltr'><strong>sui</strong></span> <span class='ocrx_word' id='word_1_347' title='bbox 1923 2155 2087 2207; x_wconf 85' lang='lat' dir='ltr'><strong>unius</strong></span> <span class='ocrx_word' id='word_1_348' title='bbox 2114 2168 2281 2217; x_wconf 86' lang='lat' dir='ltr'><strong>esset,</strong></span> <span class='ocrx_word' id='word_1_349' title='bbox 2317 2156 2561 2211; x_wconf 88' lang='lat' dir='ltr'><strong>Aretium</strong></span> <span class='ocrx_word' id='word_1_350' title='bbox 2590 2167 2714 2213; x_wconf 83' lang='lat' dir='ltr'><strong>ante</strong></span> <span class='ocrx_word' id='word_1_351' title='bbox 2744 2161 3055 2230; x_wconf 74' lang='lat' dir='ltr'><strong>occupavit.</strong></span> <span class='ocrx_word' id='word_1_352' title='bbox 3087 2161 3218 2214; x_wconf 78' lang='lat' dir='ltr'><strong>Nam</strong></span> <span class='ocrx_word' id='word_1_353' title='bbox 3253 2162 3366 2215; x_wconf 83' lang='lat' dir='ltr'><strong>An—</strong></span> 
     </span>
    </p>
   </div>
   <div class='ocr_carea' id='block_1_50' title="bbox 1802 2242 3365 2320">
    <p class='ocr_par' dir='ltr' id='par_1_50' title="bbox 1802 2242 3365 2320">
     <span class='ocr_line' id='line_1_50' title="bbox 1802 2242 3365 2320; baseline 0.009 -26"><span class='ocrx_word' id='word_1_354' title='bbox 1802 2242 1953 2296; x_wconf 91' lang='lat' dir='ltr'><strong>nibal</strong></span> <span class='ocrx_word' id='word_1_355' title='bbox 2005 2244 2136 2297; x_wconf 90' lang='lat' dir='ltr'><strong>dum</strong></span> <span class='ocrx_word' id='word_1_356' title='bbox 2188 2246 2508 2315; x_wconf 86' lang='lat' dir='ltr'><strong>compendia</strong></span> <span class='ocrx_word' id='word_1_357' title='bbox 2560 2251 2775 2317; x_wconf 70' lang='lat' dir='ltr'><strong>qumrit,</strong></span> <span class='ocrx_word' id='word_1_358' title='bbox 2838 2251 2891 2303; x_wconf 90' lang='lat' dir='ltr'><strong>in</strong></span> <span class='ocrx_word' id='word_1_359' title='bbox 2949 2251 3095 2304; x_wconf 87' lang='lat' dir='ltr'><strong>Invia</strong></span> <span class='ocrx_word' id='word_1_360' title='bbox 3126 2250 3365 2320; x_wconf 68' lang='lat' dir='ltr'><strong>incidit:</strong></span> 
     </span>
    </p>
   </div>
   <div class='ocr_carea' id='block_1_51' title="bbox 1804 2333 3363 2410">
    <p class='ocr_par' dir='ltr' id='par_1_51' title="bbox 1804 2333 3363 2410">
     <span class='ocr_line' id='line_1_51' title="bbox 1804 2333 3363 2410; baseline 0.006 -25"><span class='ocrx_word' id='word_1_361' title='bbox 1804 2333 2113 2402; x_wconf 88' lang='lat' dir='ltr'><strong>multosque</strong></span> <span class='ocrx_word' id='word_1_362' title='bbox 2160 2338 2435 2403; x_wconf 76' lang='lat' dir='ltr'><strong>mortales,</strong></span> <span class='ocrx_word' id='word_1_363' title='bbox 2496 2339 2667 2392; x_wconf 88' lang='lat' dir='ltr'><strong>multa</strong></span> <span class='ocrx_word' id='word_1_364' title='bbox 2744 2340 3012 2410; x_wconf 74' lang='lat' dir='ltr'><strong>iumenta,</strong></span> <span class='ocrx_word' id='word_1_365' title='bbox 3053 2351 3107 2395; x_wconf 88' lang='lat' dir='ltr'><strong>et</strong></span> <span class='ocrx_word' id='word_1_366' title='bbox 3132 2341 3363 2395; x_wconf 88' lang='lat' dir='ltr'><strong>alterum</strong></span> 
     </span>
    </p>
   </div>
   <div class='ocr_carea' id='block_1_52' title="bbox 1801 2412 3365 2499">
    <p class='ocr_par' dir='ltr' id='par_1_52' title="bbox 1801 2412 3365 2499">
     <span class='ocr_line' id='line_1_52' title="bbox 1801 2412 3365 2499; baseline 0.003 -22"><span class='ocrx_word' id='word_1_367' title='bbox 1801 2426 2023 2477; x_wconf 90' lang='lat' dir='ltr'><strong>oculum</strong></span> <span class='ocrx_word' id='word_1_368' title='bbox 2056 2426 2261 2479; x_wconf 85' lang='lat' dir='ltr'><strong>amisit.</strong></span> <span class='ocrx_word' id='word_1_369' title='bbox 2295 2426 2429 2481; x_wconf 86' lang='lat' dir='ltr'><strong>Sero</strong></span> <span class='ocrx_word' id='word_1_370' title='bbox 2460 2428 2677 2483; x_wconf 89' lang='lat' dir='ltr'><strong>tandem</strong></span> <span class='ocrx_word' id='word_1_371' title='bbox 2709 2412 2775 2482; x_wconf 84' lang='lat' dir='ltr'><strong>ad</strong></span> <span class='ocrx_word' id='word_1_372' title='bbox 2808 2430 3054 2483; x_wconf 83' lang='lat' dir='ltr'><strong>Aretium</strong></span> <span class='ocrx_word' id='word_1_373' title='bbox 3111 2444 3365 2499; x_wconf 83' lang='lat' dir='ltr'><strong>progres-</strong></span> 
     </span>
    </p>
   </div>
   <div class='ocr_carea' id='block_1_53' title="bbox 1802 2516 3365 2591">
    <p class='ocr_par' dir='ltr' id='par_1_53' title="bbox 1802 2516 3365 2591">
     <span class='ocr_line' id='line_1_53' title="bbox 1802 2516 3365 2591; baseline 0.003 -21"><span class='ocrx_word' id='word_1_374' title='bbox 1802 2531 1915 2581; x_wconf 86' lang='lat' dir='ltr'><strong>sus,</strong></span> <span class='ocrx_word' id='word_1_375' title='bbox 1947 2516 2273 2572; x_wconf 87' lang='lat' dir='ltr'><strong>Flaminium</strong></span> <span class='ocrx_word' id='word_1_376' title='bbox 2297 2519 2408 2572; x_wconf 88' lang='lat' dir='ltr'><strong>illic</strong></span> <span class='ocrx_word' id='word_1_377' title='bbox 2441 2518 2724 2573; x_wconf 78' lang='lat' dir='ltr'><strong>inventum</strong></span> <span class='ocrx_word' id='word_1_378' title='bbox 2768 2520 3097 2589; x_wconf 84' lang='lat' dir='ltr'><strong>contempsit</strong></span> <span class='ocrx_word' id='word_1_379' title='bbox 3129 2536 3229 2575; x_wconf 87' lang='lat' dir='ltr'><strong>:ae</strong></span> <span class='ocrx_word' id='word_1_380' title='bbox 3260 2536 3365 2591; x_wconf 82' lang='lat' dir='ltr'><strong>pu-</strong></span> 
     </span>
    </p>
   </div>
   <div class='ocr_carea' id='block_1_54' title="bbox 1803 2607 3419 2678">
    <p class='ocr_par' dir='ltr' id='par_1_54' title="bbox 1803 2607 3419 2678">
     <span class='ocr_line' id='line_1_54' title="bbox 1803 2607 3419 2678; baseline 0.001 -16"><span class='ocrx_word' id='word_1_381' title='bbox 1803 2623 1907 2678; x_wconf 80' lang='lat' dir='ltr'><strong>gna</strong></span> <span class='ocrx_word' id='word_1_382' title='bbox 1936 2607 2157 2678; x_wconf 84' lang='lat' dir='ltr'><strong>quidem</strong></span> <span class='ocrx_word' id='word_1_383' title='bbox 2187 2607 2457 2678; x_wconf 81' lang='lat' dir='ltr'><strong>abstinuit</strong></span> <span class='ocrx_word' id='word_1_384' title='bbox 2483 2608 2657 2677; x_wconf 88' lang='lat' dir='ltr'><strong>(locus</strong></span> <span class='ocrx_word' id='word_1_385' title='bbox 2684 2610 2829 2665; x_wconf 86' lang='lat' dir='ltr'><strong>enim</strong></span> <span class='ocrx_word' id='word_1_386' title='bbox 2870 2611 3251 2665; x_wconf 85' lang='lat' dir='ltr'><strong>incommodus</strong></span> <span class='ocrx_word' id='word_1_387' title='bbox 3279 2613 3364 2664; x_wconf 81' lang='lat' dir='ltr'><strong>vi-</strong></span> <span class='ocrx_word' id='word_1_388' title='bbox 3416 2637 3419 2641; x_wconf 94' lang='lat'><strong><em>-</em></strong></span> 
     </span>
    </p>
   </div>
   <div class='ocr_carea' id='block_1_55' title="bbox 1804 2699 3360 2773">
    <p class='ocr_par' dir='ltr' id='par_1_55' title="bbox 1804 2699 3360 2773">
     <span class='ocr_line' id='line_1_55' title="bbox 1804 2699 3360 2773; baseline 0.001 -17"><span class='ocrx_word' id='word_1_389' title='bbox 1804 2699 2079 2767; x_wconf 87' lang='lat' dir='ltr'><strong>debatur).</strong></span> <span class='ocrx_word' id='word_1_390' title='bbox 2106 2699 2201 2755; x_wconf 88' lang='lat' dir='ltr'><strong>sed</strong></span> <span class='ocrx_word' id='word_1_391' title='bbox 2231 2700 2769 2772; x_wconf 75' lang='lat' dir='ltr'><strong>hominisingenium</strong></span> <span class='ocrx_word' id='word_1_392' title='bbox 2800 2702 3140 2773; x_wconf 87' lang='lat' dir='ltr'><strong>periclitans,</strong></span> <span class='ocrx_word' id='word_1_393' title='bbox 3170 2719 3360 2773; x_wconf 80' lang='lat' dir='ltr'><strong>agrum</strong></span> 
     </span>
    </p>
   </div>
   <div class='ocr_carea' id='block_1_56' title="bbox 1803 2793 3368 2861">
    <p class='ocr_par' dir='ltr' id='par_1_56' title="bbox 1803 2793 3368 2861">
     <span class='ocr_line' id='line_1_56' title="bbox 1803 2793 3368 2861; baseline 0.001 -11"><span class='ocrx_word' id='word_1_394' title='bbox 1803 2796 2061 2851; x_wconf 81' lang='lat' dir='ltr'><strong>vastavit.</strong></span> <span class='ocrx_word' id='word_1_395' title='bbox 2090 2793 2225 2849; x_wconf 91' lang='lat' dir='ltr'><strong>Cum</strong></span> <span class='ocrx_word' id='word_1_396' title='bbox 2260 2810 2392 2848; x_wconf 80' lang='lat' dir='ltr'><strong>vero</strong></span> <span class='ocrx_word' id='word_1_397' title='bbox 2423 2794 2655 2849; x_wconf 82' lang='lat' dir='ltr'><strong>Romani</strong></span> <span class='ocrx_word' id='word_1_398' title='bbox 2683 2797 3078 2861; x_wconf 81' lang='lat' dir='ltr'><strong>eseurrisscnt,</strong></span> <span class='ocrx_word' id='word_1_399' title='bbox 3110 2794 3368 2851; x_wconf 86' lang='lat' dir='ltr'><strong>simulato</strong></span> 
     </span>
    </p>
   </div>
   <div class='ocr_carea' id='block_1_57' title="bbox 1806 2885 3369 2955">
    <p class='ocr_par' dir='ltr' id='par_1_57' title="bbox 1806 2885 3369 2955">
     <span class='ocr_line' id='line_1_57' title="bbox 1806 2885 3369 2955; baseline -0.001 -14"><span class='ocrx_word' id='word_1_400' title='bbox 1806 2896 1953 2941; x_wconf 87' lang='lat' dir='ltr'><strong>metu</strong></span> <span class='ocrx_word' id='word_1_401' title='bbox 1986 2885 2204 2939; x_wconf 77' lang='lat' dir='ltr'><strong>reduxit</strong></span> <span class='ocrx_word' id='word_1_402' title='bbox 2231 2887 2532 2941; x_wconf 79' lang='lat' dir='ltr'><strong>exercitum</strong></span> <span class='ocrx_word' id='word_1_403' title='bbox 2565 2902 2579 2937; x_wconf 89' lang='lat'><strong>:</strong></span> <span class='ocrx_word' id='word_1_404' title='bbox 2613 2895 2669 2940; x_wconf 90' lang='lat' dir='ltr'><strong>et</strong></span> <span class='ocrx_word' id='word_1_405' title='bbox 2697 2897 2863 2941; x_wconf 89' lang='lat' dir='ltr'><strong>noctu</strong></span> <span class='ocrx_word' id='word_1_406' title='bbox 2916 2885 3112 2941; x_wconf 85' lang='lat' dir='ltr'><strong>castris</strong></span> <span class='ocrx_word' id='word_1_407' title='bbox 3150 2901 3369 2955; x_wconf 77' lang='lat' dir='ltr'><strong>promo-</strong></span> 
     </span>
    </p>
   </div>
   <div class='ocr_carea' id='block_1_58' title="bbox 1806 2976 3488 3045">
    <p class='ocr_par' dir='ltr' id='par_1_58' title="bbox 1806 2976 3488 3045">
     <span class='ocr_line' id='line_1_58' title="bbox 1806 2976 3488 3045; baseline -0.001 -15"><span class='ocrx_word' id='word_1_408' title='bbox 1806 2977 1898 3039; x_wconf 88' lang='lat' dir='ltr'><strong>tis,</strong></span> <span class='ocrx_word' id='word_1_409' title='bbox 1934 2976 2165 3044; x_wconf 89' lang='lat' dir='ltr'><strong>locoque</strong></span> <span class='ocrx_word' id='word_1_410' title='bbox 2191 2991 2384 3045; x_wconf 67' lang='lat' dir='ltr'><strong>pugna</strong></span> <span class='ocrx_word' id='word_1_411' title='bbox 2416 2976 2614 3029; x_wconf 90' lang='lat' dir='ltr'><strong>idoneo</strong></span> <span class='ocrx_word' id='word_1_412' title='bbox 2643 2985 2822 3044; x_wconf 82' lang='lat' dir='ltr'><strong>capto,</strong></span> <span class='ocrx_word' id='word_1_413' title='bbox 2859 2976 3103 3045; x_wconf 88' lang='lat' dir='ltr'><strong>peditum</strong></span> <span class='ocrx_word' id='word_1_414' title='bbox 3157 2984 3367 3045; x_wconf 84' lang='lat' dir='ltr'><strong>partem</strong></span> <span class='ocrx_word' id='word_1_415' title='bbox 3482 3030 3488 3042; x_wconf 71' lang='grc'><strong>,</strong></span> 
     </span>
    </p>
   </div>
   <div class='ocr_carea' id='block_1_59' title="bbox 1804 3065 3365 3136">
    <p class='ocr_par' dir='ltr' id='par_1_59' title="bbox 1804 3065 3365 3136">
     <span class='ocr_line' id='line_1_59' title="bbox 1804 3065 3365 3136; baseline -0.001 -14"><span class='ocrx_word' id='word_1_416' title='bbox 1804 3065 2093 3123; x_wconf 79' lang='lat' dir='ltr'><strong>maximam</strong></span> <span class='ocrx_word' id='word_1_417' title='bbox 2126 3066 2181 3121; x_wconf 91' lang='lat' dir='ltr'><strong>in</strong></span> <span class='ocrx_word' id='word_1_418' title='bbox 2228 3066 2505 3121; x_wconf 85' lang='lat' dir='ltr'><strong>montibus</strong></span> <span class='ocrx_word' id='word_1_419' title='bbox 2534 3066 2586 3119; x_wconf 93' lang='lat' dir='ltr'><strong>in</strong></span> <span class='ocrx_word' id='word_1_420' title='bbox 2624 3065 2839 3121; x_wconf 89' lang='lat' dir='ltr'><strong>insidiis</strong></span> <span class='ocrx_word' id='word_1_421' title='bbox 2871 3066 3175 3131; x_wconf 86' lang='lat' dir='ltr'><strong>collocavit,</strong></span> <span class='ocrx_word' id='word_1_422' title='bbox 3206 3066 3365 3136; x_wconf 85' lang='lat' dir='ltr'><strong>equi-</strong></span> 
     </span>
    </p>
   </div>
   <div class='ocr_carea' id='block_1_60' title="bbox 162 3155 1703 3231">
    <p class='ocr_par' dir='ltr' id='par_1_60' title="bbox 162 3156 1698 3231">
     <span class='ocr_line' id='line_1_60' title="bbox 162 3156 1698 3231; baseline 0.002 -21"><span class='ocrx_word' id='word_1_423' title='bbox 162 3156 324 3230; x_wconf 78' lang='grc' dir='ltr'>τούτῳ</span> <span class='ocrx_word' id='word_1_424' title='bbox 350 3158 806 3231; x_wconf 63' lang='grc' dir='ltr'>ἐπεκδραμόντων</span> <span class='ocrx_word' id='word_1_425' title='bbox 838 3160 947 3213; x_wconf 87' lang='grc' dir='ltr'><strong>τῶν</strong></span> <span class='ocrx_word' id='word_1_426' title='bbox 992 3159 1300 3229; x_wconf 84' lang='grc' dir='ltr'>Ῥωμαίων,</span> <span class='ocrx_word' id='word_1_427' title='bbox 1328 3160 1698 3229; x_wconf 74' lang='grc' dir='ltr'>ιπανήγαγεν,</span> 
     </span>
    </p>
   </div>
   <div class='ocr_carea' id='block_1_61' title="bbox 1806 3155 3437 3231">
    <p class='ocr_par' dir='ltr' id='par_1_61' title="bbox 1808 3155 3437 3228">
     <span class='ocr_line' id='line_1_61' title="bbox 1808 3155 3437 3228; baseline -0.002 -13"><span class='ocrx_word' id='word_1_428' title='bbox 1808 3168 1976 3215; x_wconf 88' lang='lat' dir='ltr'><strong>tatum</strong></span> <span class='ocrx_word' id='word_1_429' title='bbox 2025 3172 2244 3213; x_wconf 88' lang='lat' dir='ltr'><strong>omnem</strong></span> <span class='ocrx_word' id='word_1_430' title='bbox 2295 3166 2447 3212; x_wconf 76' lang='lat' dir='ltr'><strong>extra</strong></span> <span class='ocrx_word' id='word_1_431' title='bbox 2503 3158 2783 3228; x_wconf 70' lang='lat' dir='ltr'><strong>angustias</strong></span> <span class='ocrx_word' id='word_1_432' title='bbox 2842 3155 2979 3211; x_wconf 91' lang='lat' dir='ltr'><strong>clam</strong></span> <span class='ocrx_word' id='word_1_433' title='bbox 3007 3157 3063 3212; x_wconf 91' lang='lat' dir='ltr'><strong>in</strong></span> <span class='ocrx_word' id='word_1_434' title='bbox 3105 3156 3367 3212; x_wconf 85' lang='lat' dir='ltr'><strong>subsidiis</strong></span> <span class='ocrx_word' id='word_1_435' title='bbox 3428 3186 3437 3192; x_wconf 88' lang='lat'><strong>-</strong></span> 
     </span>
    </p>
   </div>
   <div class='ocr_carea' id='block_1_62' title="bbox 165 3248 1702 3323">
    <p class='ocr_par' dir='ltr' id='par_1_62' title="bbox 165 3248 1702 3323">
     <span class='ocr_line' id='line_1_62' title="bbox 165 3248 1702 3323; baseline 0.002 -22"><span class='ocrx_word' id='word_1_436' title='bbox 165 3248 251 3305; x_wconf 78' lang='grc' dir='ltr'>ἵνα,</span> <span class='ocrx_word' id='word_1_437' title='bbox 269 3250 552 3320; x_wconf 72' lang='grc' dir='ltr'>φοὸἕῖσθαι</span> <span class='ocrx_word' id='word_1_438' title='bbox 579 3251 730 3323; x_wconf 76' lang='grc' dir='ltr'>δόξῃ.</span> <span class='ocrx_word' id='word_1_439' title='bbox 758 3251 870 3320; x_wconf 83' lang='grc' dir='ltr'>Τῆς</span> <span class='ocrx_word' id='word_1_440' title='bbox 897 3252 954 3305; x_wconf 78' lang='grc' dir='ltr'>δὲ</span> <span class='ocrx_word' id='word_1_441' title='bbox 974 3251 1169 3315; x_wconf 76' lang='grc' dir='ltr'>νυκτὸς</span> <span class='ocrx_word' id='word_1_442' title='bbox 1199 3251 1515 3317; x_wconf 72' lang='grc' dir='ltr'>έξαναστὰς,</span> <span class='ocrx_word' id='word_1_443' title='bbox 1578 3252 1702 3304; x_wconf 73' lang='grc' dir='ltr'>επι-</span> 
     </span>
    </p>
   </div>
   <div class='ocr_carea' id='block_1_63' title="bbox 162 3343 1702 3415">
    <p class='ocr_par' dir='ltr' id='par_1_63' title="bbox 162 3343 1702 3415">
     <span class='ocr_line' id='line_1_63' title="bbox 162 3343 1702 3415; baseline 0.001 -21"><span class='ocrx_word' id='word_1_444' title='bbox 162 3343 359 3412; x_wconf 68' lang='grc' dir='ltr'>τηδειόν</span> <span class='ocrx_word' id='word_1_445' title='bbox 374 3360 429 3395; x_wconf 89' lang='grc' dir='ltr'><strong>τι</strong></span> <span class='ocrx_word' id='word_1_446' title='bbox 451 3344 803 3415; x_wconf 73' lang='grc' dir='ltr'>χωρίον,πρδς</span> <span class='ocrx_word' id='word_1_447' title='bbox 824 3346 921 3412; x_wconf 77' lang='grc' dir='ltr'>τὴν</span> <span class='ocrx_word' id='word_1_448' title='bbox 941 3345 1123 3415; x_wconf 83' lang='grc' dir='ltr'>μάχην</span> <span class='ocrx_word' id='word_1_449' title='bbox 1142 3345 1337 3414; x_wconf 84' lang='grc' dir='ltr'>εὑρὼν,</span> <span class='ocrx_word' id='word_1_450' title='bbox 1365 3346 1569 3413; x_wconf 76' lang='grc' dir='ltr'>ἔμεινε.</span> <span class='ocrx_word' id='word_1_451' title='bbox 1593 3345 1702 3396; x_wconf 78' lang='grc' dir='ltr'><strong>Καὶ</strong></span> 
     </span>
    </p>
   </div>
   <div class='ocr_carea' id='block_1_64' title="bbox 163 3430 1699 3505">
    <p class='ocr_par' dir='ltr' id='par_1_64' title="bbox 163 3430 1699 3505">
     <span class='ocr_line' id='line_1_64' title="bbox 163 3430 1699 3505; baseline 0.003 -24"><span class='ocrx_word' id='word_1_452' title='bbox 163 3430 249 3483; x_wconf 77' lang='grc' dir='ltr'>τοῦ</span> <span class='ocrx_word' id='word_1_453' title='bbox 278 3432 375 3499; x_wconf 69' lang='grc' dir='ltr'>μὲν</span> <span class='ocrx_word' id='word_1_454' title='bbox 401 3432 568 3496; x_wconf 77' lang='grc' dir='ltr'>πεζοῦ</span> <span class='ocrx_word' id='word_1_455' title='bbox 595 3434 656 3485; x_wconf 69' lang='grc' dir='ltr'><strong>τὸ</strong></span> <span class='ocrx_word' id='word_1_456' title='bbox 695 3432 880 3485; x_wconf 80' lang='grc' dir='ltr'>πλεῖον</span> <span class='ocrx_word' id='word_1_457' title='bbox 918 3434 1060 3486; x_wconf 73' lang='grc' dir='ltr'>κατὰ</span> <span class='ocrx_word' id='word_1_458' title='bbox 1096 3434 1163 3486; x_wconf 83' lang='grc' dir='ltr'>τὰ</span> <span class='ocrx_word' id='word_1_459' title='bbox 1188 3434 1287 3503; x_wconf 85' lang='grc' dir='ltr'><strong>δρη</strong></span> <span class='ocrx_word' id='word_1_460' title='bbox 1329 3433 1491 3505; x_wconf 73' lang='grc' dir='ltr'>λοχᾷν</span> <span class='ocrx_word' id='word_1_461' title='bbox 1521 3433 1699 3501; x_wconf 75' lang='grc' dir='ltr'>ἔταξε,</span> 
     </span>
    </p>
   </div>
   <div class='ocr_carea' id='block_1_65' title="bbox 163 3522 1699 3594">
    <p class='ocr_par' dir='ltr' id='par_1_65' title="bbox 163 3522 1699 3594">
     <span class='ocr_line' id='line_1_65' title="bbox 163 3522 1699 3594; baseline 0.005 -24"><span class='ocrx_word' id='word_1_462' title='bbox 163 3522 217 3571; x_wconf 61' lang='grc' dir='ltr'><strong>τὸ</strong></span> <span class='ocrx_word' id='word_1_463' title='bbox 238 3522 283 3574; x_wconf 81' lang='grc' dir='ltr'>δ’</span> <span class='ocrx_word' id='word_1_464' title='bbox 319 3522 546 3576; x_wconf 75' lang='grc' dir='ltr'>ἱππικὸν</span> <span class='ocrx_word' id='word_1_465' title='bbox 577 3522 799 3592; x_wconf 83' lang='grc' dir='ltr'>σύμπαν</span> <span class='ocrx_word' id='word_1_466' title='bbox 826 3523 931 3588; x_wconf 68' lang='grc' dir='ltr'><strong>ἔξω</strong></span> <span class='ocrx_word' id='word_1_467' title='bbox 966 3524 1076 3577; x_wconf 88' lang='grc' dir='ltr'><strong>τῶν</strong></span> <span class='ocrx_word' id='word_1_468' title='bbox 1102 3525 1302 3578; x_wconf 87' lang='grc' dir='ltr'>στενῶν</span> <span class='ocrx_word' id='word_1_469' title='bbox 1328 3524 1549 3594; x_wconf 75' lang='grc' dir='ltr'>ἀφανῶς</span> <span class='ocrx_word' id='word_1_470' title='bbox 1599 3527 1699 3593; x_wconf 71' lang='grc' dir='ltr'><strong>ἑφ-</strong></span> 
     </span>
    </p>
   </div>
   <div class='ocr_carea' id='block_1_66' title="bbox 162 3608 1703 3683">
    <p class='ocr_par' dir='ltr' id='par_1_66' title="bbox 162 3608 1703 3683">
     <span class='ocr_line' id='line_1_66' title="bbox 162 3608 1703 3683; baseline 0.001 -20"><span class='ocrx_word' id='word_1_471' title='bbox 162 3608 388 3680; x_wconf 68' lang='grc' dir='ltr'>εἶρεύειν</span> <span class='ocrx_word' id='word_1_472' title='bbox 415 3611 681 3677; x_wconf 76' lang='grc' dir='ltr'>ἐκέλευσε,</span> <span class='ocrx_word' id='word_1_473' title='bbox 715 3612 807 3666; x_wconf 75' lang='grc' dir='ltr'>καὶ</span> <span class='ocrx_word' id='word_1_474' title='bbox 855 3612 1015 3676; x_wconf 64' lang='grc' dir='ltr'>αὐτὸς</span> <span class='ocrx_word' id='word_1_475' title='bbox 1042 3613 1135 3666; x_wconf 74' lang='grc' dir='ltr'>επὶ</span> <span class='ocrx_word' id='word_1_476' title='bbox 1177 3611 1269 3666; x_wconf 81' lang='grc' dir='ltr'>τοῦ</span> <span class='ocrx_word' id='word_1_477' title='bbox 1312 3612 1550 3683; x_wconf 66' lang='grc' dir='ltr'>γηλόφου</span> <span class='ocrx_word' id='word_1_478' title='bbox 1585 3610 1703 3683; x_wconf 84' lang='grc' dir='ltr'>μετ’</span> 
     </span>
    </p>
   </div>
   <div class='ocr_carea' id='block_1_67' title="bbox 163 3702 1705 3775">
    <p class='ocr_par' dir='ltr' id='par_1_67' title="bbox 163 3702 1705 3775">
     <span class='ocr_line' id='line_1_67' title="bbox 163 3702 1705 3775; baseline 0.005 -24"><span class='ocrx_word' id='word_1_479' title='bbox 163 3702 347 3768; x_wconf 81' lang='grc' dir='ltr'>ὀλίγων</span> <span class='ocrx_word' id='word_1_480' title='bbox 373 3703 931 3772; x_wconf 72' lang='grc' dir='ltr'>ἐστρατοπεδεύσατο.</span> <span class='ocrx_word' id='word_1_481' title='bbox 975 3703 1036 3757; x_wconf 86' lang='lat'><strong>&#39;0</strong></span> <span class='ocrx_word' id='word_1_482' title='bbox 1051 3704 1107 3759; x_wconf 74' lang='grc' dir='ltr'>δὲ</span> <span class='ocrx_word' id='word_1_483' title='bbox 1137 3703 1445 3775; x_wconf 83' lang='grc' dir='ltr'>Φλαμίνιος</span> <span class='ocrx_word' id='word_1_484' title='bbox 1466 3707 1524 3758; x_wconf 82' lang='grc' dir='ltr'>ὲν</span> <span class='ocrx_word' id='word_1_485' title='bbox 1575 3719 1705 3773; x_wconf 74' lang='grc' dir='ltr'>φροο</span> 
     </span>
    </p>
   </div>
   <div class='ocr_carea' id='block_1_68' title="bbox 166 3792 1699 3865">
    <p class='ocr_par' dir='ltr' id='par_1_68' title="bbox 166 3792 1699 3865">
     <span class='ocr_line' id='line_1_68' title="bbox 166 3792 1699 3865; baseline -0.001 -21"><span class='ocrx_word' id='word_1_486' title='bbox 166 3794 357 3863; x_wconf 70' lang='grc' dir='ltr'>νήματι</span> <span class='ocrx_word' id='word_1_487' title='bbox 379 3793 478 3859; x_wconf 78' lang='grc' dir='ltr'>ὢν,</span> <span class='ocrx_word' id='word_1_488' title='bbox 510 3796 604 3849; x_wconf 73' lang='grc' dir='ltr'>καὶ</span> <span class='ocrx_word' id='word_1_489' title='bbox 626 3796 717 3847; x_wconf 67' lang='grc' dir='ltr'><strong>ἐπὶ</strong></span> <span class='ocrx_word' id='word_1_490' title='bbox 738 3794 1012 3865; x_wconf 82' lang='grc' dir='ltr'>μετεώρου</span> <span class='ocrx_word' id='word_1_491' title='bbox 1031 3797 1130 3848; x_wconf 83' lang='grc' dir='ltr'>σὺν</span> <span class='ocrx_word' id='word_1_492' title='bbox 1151 3795 1349 3861; x_wconf 81' lang='grc' dir='ltr'>ὀλίγοις</span> <span class='ocrx_word' id='word_1_493' title='bbox 1372 3794 1535 3848; x_wconf 74' lang='grc' dir='ltr'>αὐτὸν</span> <span class='ocrx_word' id='word_1_494' title='bbox 1555 3792 1699 3855; x_wconf 85' lang='grc' dir='ltr'>ίδὼν,</span> 
     </span>
    </p>
   </div>
   <div class='ocr_carea' id='block_1_69' title="bbox 164 3882 1703 3957">
    <p class='ocr_par' dir='ltr' id='par_1_69' title="bbox 164 3882 1703 3957">
     <span class='ocr_line' id='line_1_69' title="bbox 164 3882 1703 3957; baseline 0 -22"><span class='ocrx_word' id='word_1_495' title='bbox 164 3886 254 3954; x_wconf 80' lang='grc' dir='ltr'>τήν</span> <span class='ocrx_word' id='word_1_496' title='bbox 278 3903 336 3937; x_wconf 83' lang='grc' dir='ltr'><strong>τε</strong></span> <span class='ocrx_word' id='word_1_497' title='bbox 375 3885 569 3954; x_wconf 77' lang='grc' dir='ltr'>λοιπὴν</span> <span class='ocrx_word' id='word_1_498' title='bbox 595 3886 855 3954; x_wconf 74' lang='grc' dir='ltr'>στρατιὰν</span> <span class='ocrx_word' id='word_1_499' title='bbox 883 3882 1073 3957; x_wconf 77' lang='grc' dir='ltr'><strong>τιόρρω</strong></span> <span class='ocrx_word' id='word_1_500' title='bbox 1107 3901 1209 3937; x_wconf 78' lang='grc' dir='ltr'><strong>ποι</strong></span> <span class='ocrx_word' id='word_1_501' title='bbox 1236 3883 1585 3950; x_wconf 77' lang='grc' dir='ltr'>πεπομφέναι</span> <span class='ocrx_word' id='word_1_502' title='bbox 1614 3899 1703 3935; x_wconf 87' lang='grc' dir='ltr'>νο-</span> 
     </span>
    </p>
   </div>
   <div class='ocr_carea' id='block_1_70' title="bbox 168 3975 1703 4046">
    <p class='ocr_par' dir='ltr' id='par_1_70' title="bbox 168 3975 1703 4046">
     <span class='ocr_line' id='line_1_70' title="bbox 168 3975 1703 4046; baseline 0.005 -21"><span class='ocrx_word' id='word_1_503' title='bbox 168 3976 339 4042; x_wconf 85' lang='grc' dir='ltr'>μίσας,</span> <span class='ocrx_word' id='word_1_504' title='bbox 377 3975 575 4045; x_wconf 78' lang='grc' dir='ltr'>ῥᾳδίως</span> <span class='ocrx_word' id='word_1_505' title='bbox 605 3976 990 4045; x_wconf 80' lang='grc' dir='ltr'>μεμονωμένον</span> <span class='ocrx_word' id='word_1_506' title='bbox 1037 3976 1288 4046; x_wconf 77' lang='grc' dir='ltr'>αἱρήσειν</span> <span class='ocrx_word' id='word_1_507' title='bbox 1343 3976 1562 4046; x_wconf 75' lang='grc' dir='ltr'>ἠλπισε,</span> <span class='ocrx_word' id='word_1_508' title='bbox 1610 3979 1703 4033; x_wconf 76' lang='grc' dir='ltr'>καὶ</span> 
     </span>
    </p>
   </div>
   <div class='ocr_carea' id='block_1_71' title="bbox 163 4052 1704 4143">
    <p class='ocr_par' dir='ltr' id='par_1_71' title="bbox 163 4052 1704 4143">
     <span class='ocr_line' id='line_1_71' title="bbox 163 4052 1704 4143; baseline 0.005 -28"><span class='ocrx_word' id='word_1_509' title='bbox 163 4066 213 4126; x_wconf 85' lang='grc' dir='ltr'>ὲς</span> <span class='ocrx_word' id='word_1_510' title='bbox 240 4064 296 4117; x_wconf 73' lang='grc' dir='ltr'>τδ</span> <span class='ocrx_word' id='word_1_511' title='bbox 320 4052 501 4119; x_wconf 81' lang='grc' dir='ltr'>στενὸν</span> <span class='ocrx_word' id='word_1_512' title='bbox 527 4067 945 4143; x_wconf 77' lang='grc' dir='ltr'>ἀπερισκέπτως</span> <span class='ocrx_word' id='word_1_513' title='bbox 976 4066 1213 4137; x_wconf 59' lang='lat' dir='ltr'><strong>ames,</strong></span> <span class='ocrx_word' id='word_1_514' title='bbox 1252 4066 1525 4120; x_wconf 81' lang='grc' dir='ltr'>κάνταῦθα</span> <span class='ocrx_word' id='word_1_515' title='bbox 1586 4069 1704 4139; x_wconf 54' lang='lat' dir='ltr'><strong>(«sat</strong></span> 
     </span>
    </p>
   </div>
   <div class='ocr_carea' id='block_1_72' title="bbox 162 4153 1705 4231">
    <p class='ocr_par' dir='ltr' id='par_1_72' title="bbox 162 4153 1705 4231">
     <span class='ocr_line' id='line_1_72' title="bbox 162 4153 1705 4231; baseline 0.004 -23"><span class='ocrx_word' id='word_1_516' title='bbox 162 4156 264 4227; x_wconf 80' lang='grc' dir='ltr'>γὰρ</span> <span class='ocrx_word' id='word_1_517' title='bbox 290 4153 377 4231; x_wconf 77' lang='grc' dir='ltr'><strong>ἦν)</strong></span> <span class='ocrx_word' id='word_1_518' title='bbox 399 4157 681 4229; x_wconf 73' lang='grc' dir='ltr'>ηὐλίσατο,</span> <span class='ocrx_word' id='word_1_519' title='bbox 717 4159 809 4211; x_wconf 75' lang='grc' dir='ltr'>καὶ</span> <span class='ocrx_word' id='word_1_520' title='bbox 846 4158 952 4211; x_wconf 74' lang='grc' dir='ltr'>ὑπὸ</span> <span class='ocrx_word' id='word_1_521' title='bbox 978 4160 1155 4228; x_wconf 83' lang='grc' dir='ltr'>μέσας</span> <span class='ocrx_word' id='word_1_522' title='bbox 1183 4157 1386 4223; x_wconf 89' lang='grc' dir='ltr'>νύκτας</span> <span class='ocrx_word' id='word_1_523' title='bbox 1409 4160 1512 4211; x_wconf 80' lang='grc' dir='ltr'><strong>ὑπὸ</strong></span> <span class='ocrx_word' id='word_1_524' title='bbox 1540 4178 1705 4215; x_wconf 80' lang='grc' dir='ltr'>καταο</span> 
     </span>
    </p>
   </div>
   <div class='ocr_carea' id='block_1_73' title="bbox 144 4243 1702 4319">
    <p class='ocr_par' dir='ltr' id='par_1_73' title="bbox 144 4243 1702 4319">
     <span class='ocr_line' id='line_1_73' title="bbox 144 4243 1702 4319; baseline 0.006 -25"><span class='ocrx_word' id='word_1_525' title='bbox 144 4244 469 4319; x_wconf 10' lang='grc' dir='ltr'>,φρονήσεως</span> <span class='ocrx_word' id='word_1_526' title='bbox 508 4244 705 4307; x_wconf 80' lang='grc' dir='ltr'>αὐτοὺς</span> <span class='ocrx_word' id='word_1_527' title='bbox 734 4243 1079 4312; x_wconf 74' lang='grc' dir='ltr'>ἀφυλάκτους</span> <span class='ocrx_word' id='word_1_528' title='bbox 1105 4246 1465 4311; x_wconf 81' lang='grc' dir='ltr'>καθεύδοντας</span> <span class='ocrx_word' id='word_1_529' title='bbox 1493 4265 1702 4303; x_wconf 80' lang='grc' dir='ltr'>παντα-</span> 
     </span>
    </p>
   </div>
   <div class='ocr_carea' id='block_1_74' title="bbox 164 4332 1705 4411">
    <p class='ocr_par' dir='ltr' id='par_1_74' title="bbox 164 4332 1705 4411">
     <span class='ocr_line' id='line_1_74' title="bbox 164 4332 1705 4411; baseline 0.005 -25"><span class='ocrx_word' id='word_1_530' title='bbox 164 4332 309 4401; x_wconf 83' lang='grc' dir='ltr'>χόθεν</span> <span class='ocrx_word' id='word_1_531' title='bbox 334 4332 473 4404; x_wconf 81' lang='grc' dir='ltr'>ὁμοῦ</span> <span class='ocrx_word' id='word_1_532' title='bbox 506 4336 799 4405; x_wconf 79' lang='grc' dir='ltr'>περιέσχον</span> <span class='ocrx_word' id='word_1_533' title='bbox 851 4336 904 4389; x_wconf 82' lang='grc' dir='ltr'><strong>οί</strong></span> <span class='ocrx_word' id='word_1_534' title='bbox 942 4337 1302 4408; x_wconf 75' lang='grc' dir='ltr'>Καρχηδόνιοι</span> <span class='ocrx_word' id='word_1_535' title='bbox 1356 4339 1453 4392; x_wconf 79' lang='grc' dir='ltr'>καὶ</span> <span class='ocrx_word' id='word_1_536' title='bbox 1492 4341 1705 4411; x_wconf 81' lang='grc' dir='ltr'>πόρρω-</span> 
     </span>
    </p>
   </div>
   <div class='ocr_carea' id='block_1_75' title="bbox 164 4424 1705 4500">
    <p class='ocr_par' dir='ltr' id='par_1_75' title="bbox 164 4424 1705 4500">
     <span class='ocr_line' id='line_1_75' title="bbox 164 4424 1705 4500; baseline 0.005 -24"><span class='ocrx_word' id='word_1_537' title='bbox 164 4424 248 4476; x_wconf 85' lang='grc' dir='ltr'><strong>θεν</strong></span> <span class='ocrx_word' id='word_1_538' title='bbox 272 4426 541 4489; x_wconf 71' lang='grc' dir='ltr'>ἀκοντίοις</span> <span class='ocrx_word' id='word_1_539' title='bbox 573 4426 670 4480; x_wconf 78' lang='grc' dir='ltr'>καὶ</span> <span class='ocrx_word' id='word_1_540' title='bbox 692 4427 1005 4498; x_wconf 79' lang='grc' dir='ltr'>σφενδόναις</span> <span class='ocrx_word' id='word_1_541' title='bbox 1052 4430 1148 4483; x_wconf 85' lang='grc' dir='ltr'>καὶ</span> <span class='ocrx_word' id='word_1_542' title='bbox 1200 4429 1520 4500; x_wconf 79' lang='grc' dir='ltr'>τοξεύμασι,</span> <span class='ocrx_word' id='word_1_543' title='bbox 1580 4431 1705 4494; x_wconf 80' lang='grc' dir='ltr'>τοὺς</span> 
     </span>
    </p>
   </div>
   <div class='ocr_carea' id='block_1_76' title="bbox 1805 3246 3368 3321">
    <p class='ocr_par' dir='ltr' id='par_1_76' title="bbox 1805 3246 3368 3321">
     <span class='ocr_line' id='line_1_76' title="bbox 1805 3246 3368 3321; baseline -0.004 -14"><span class='ocrx_word' id='word_1_544' title='bbox 1805 3265 1927 3307; x_wconf 83' lang='lat' dir='ltr'><strong>esse</strong></span> <span class='ocrx_word' id='word_1_545' title='bbox 1968 3248 2153 3321; x_wconf 84' lang='lat' dir='ltr'><strong>jussit,</strong></span> <span class='ocrx_word' id='word_1_546' title='bbox 2176 3248 2293 3319; x_wconf 87' lang='lat' dir='ltr'><strong>ipse</strong></span> <span class='ocrx_word' id='word_1_547' title='bbox 2349 3248 2405 3303; x_wconf 86' lang='lat' dir='ltr'><strong>in</strong></span> <span class='ocrx_word' id='word_1_548' title='bbox 2441 3248 2650 3302; x_wconf 89' lang='lat' dir='ltr'><strong>tumulo</strong></span> <span class='ocrx_word' id='word_1_549' title='bbox 2689 3263 2813 3302; x_wconf 88' lang='lat' dir='ltr'><strong>cum</strong></span> <span class='ocrx_word' id='word_1_550' title='bbox 2848 3246 3039 3318; x_wconf 88' lang='lat' dir='ltr'><strong>paucis</strong></span> <span class='ocrx_word' id='word_1_551' title='bbox 3075 3257 3251 3303; x_wconf 88' lang='lat' dir='ltr'><strong>castra</strong></span> <span class='ocrx_word' id='word_1_552' title='bbox 3267 3247 3368 3301; x_wconf 45' lang='lat' dir='ltr'><strong>ba;</strong></span> 
     </span>
    </p>
   </div>
   <div class='ocr_carea' id='block_1_77' title="bbox 1807 3339 3365 3409">
    <p class='ocr_par' dir='ltr' id='par_1_77' title="bbox 1807 3339 3365 3409">
     <span class='ocr_line' id='line_1_77' title="bbox 1807 3339 3365 3409; baseline -0.004 -11"><span class='ocrx_word' id='word_1_553' title='bbox 1807 3343 1945 3398; x_wconf 85' lang='lat' dir='ltr'><strong>buit.</strong></span> <span class='ocrx_word' id='word_1_554' title='bbox 1966 3341 2035 3396; x_wconf 87' lang='lat' dir='ltr'><strong>At</strong></span> <span class='ocrx_word' id='word_1_555' title='bbox 2072 3341 2369 3395; x_wconf 85' lang='lat' dir='ltr'><strong>Flaminius</strong></span> <span class='ocrx_word' id='word_1_556' title='bbox 2394 3341 2497 3395; x_wconf 86' lang='lat' dir='ltr'><strong>sibi</strong></span> <span class='ocrx_word' id='word_1_557' title='bbox 2532 3339 2724 3404; x_wconf 79' lang='lat' dir='ltr'><strong>ﬁdens,</strong></span> <span class='ocrx_word' id='word_1_558' title='bbox 2752 3357 2876 3394; x_wconf 90' lang='lat' dir='ltr'><strong>cum</strong></span> <span class='ocrx_word' id='word_1_559' title='bbox 2924 3356 3048 3395; x_wconf 88' lang='lat' dir='ltr'><strong>eum</strong></span> <span class='ocrx_word' id='word_1_560' title='bbox 3077 3356 3199 3394; x_wconf 89' lang='lat' dir='ltr'><strong>cum</strong></span> <span class='ocrx_word' id='word_1_561' title='bbox 3233 3356 3365 3409; x_wconf 83' lang='lat' dir='ltr'><strong>pau-</strong></span> 
     </span>
    </p>
   </div>
   <div class='ocr_carea' id='block_1_78' title="bbox 1806 3430 3363 3500">
    <p class='ocr_par' dir='ltr' id='par_1_78' title="bbox 1806 3430 3363 3500">
     <span class='ocr_line' id='line_1_78' title="bbox 1806 3430 3363 3500; baseline -0.002 -13"><span class='ocrx_word' id='word_1_562' title='bbox 1806 3434 1885 3487; x_wconf 89' lang='lat' dir='ltr'><strong>cis</strong></span> <span class='ocrx_word' id='word_1_563' title='bbox 1911 3433 1965 3486; x_wconf 93' lang='lat' dir='ltr'><strong>in</strong></span> <span class='ocrx_word' id='word_1_564' title='bbox 2010 3432 2148 3487; x_wconf 90' lang='lat' dir='ltr'><strong>colle</strong></span> <span class='ocrx_word' id='word_1_565' title='bbox 2173 3431 2421 3495; x_wconf 82' lang='lat' dir='ltr'><strong>vidisset,</strong></span> <span class='ocrx_word' id='word_1_566' title='bbox 2462 3440 2519 3485; x_wconf 93' lang='lat' dir='ltr'><strong>et</strong></span> <span class='ocrx_word' id='word_1_567' title='bbox 2549 3431 2711 3499; x_wconf 88' lang='lat' dir='ltr'><strong>longe</strong></span> <span class='ocrx_word' id='word_1_568' title='bbox 2762 3430 3043 3500; x_wconf 75' lang='lat' dir='ltr'><strong>ablegasse</strong></span> <span class='ocrx_word' id='word_1_569' title='bbox 3091 3431 3363 3499; x_wconf 86' lang='lat' dir='ltr'><strong>reliquum</strong></span> 
     </span>
    </p>
   </div>
   <div class='ocr_carea' id='block_1_79' title="bbox 1807 3518 3364 3591">
    <p class='ocr_par' dir='ltr' id='par_1_79' title="bbox 1807 3518 3364 3591">
     <span class='ocr_line' id='line_1_79' title="bbox 1807 3518 3364 3591; baseline -0.003 -14"><span class='ocrx_word' id='word_1_570' title='bbox 1807 3522 2114 3577; x_wconf 80' lang='lat' dir='ltr'><strong>exercitum</strong></span> <span class='ocrx_word' id='word_1_571' title='bbox 2143 3529 2383 3590; x_wconf 84' lang='lat' dir='ltr'><strong>putaret,</strong></span> <span class='ocrx_word' id='word_1_572' title='bbox 2409 3535 2504 3589; x_wconf 87' lang='lat' dir='ltr'><strong>spe</strong></span> <span class='ocrx_word' id='word_1_573' title='bbox 2532 3520 2651 3591; x_wconf 83' lang='lat' dir='ltr'><strong>ejus</strong></span> <span class='ocrx_word' id='word_1_574' title='bbox 2674 3519 2748 3574; x_wconf 89' lang='lat' dir='ltr'><strong>ita</strong></span> <span class='ocrx_word' id='word_1_575' title='bbox 2784 3518 3033 3573; x_wconf 90' lang='lat' dir='ltr'><strong>destituti</strong></span> <span class='ocrx_word' id='word_1_576' title='bbox 3068 3518 3227 3573; x_wconf 79' lang='lat' dir='ltr'><strong>facile</strong></span> <span class='ocrx_word' id='word_1_577' title='bbox 3272 3536 3364 3573; x_wconf 87' lang='lat' dir='ltr'><strong>ca-</strong></span> 
     </span>
    </p>
   </div>
   <div class='ocr_carea' id='block_1_80' title="bbox 1806 3610 3367 3686">
    <p class='ocr_par' dir='ltr' id='par_1_80' title="bbox 1806 3610 3367 3686">
     <span class='ocr_line' id='line_1_80' title="bbox 1806 3610 3367 3686; baseline -0.004 -16"><span class='ocrx_word' id='word_1_578' title='bbox 1806 3613 1993 3686; x_wconf 89' lang='lat' dir='ltr'><strong>piendi</strong></span> <span class='ocrx_word' id='word_1_579' title='bbox 2037 3622 2323 3683; x_wconf 82' lang='lat' dir='ltr'><strong>concepta,</strong></span> <span class='ocrx_word' id='word_1_580' title='bbox 2384 3619 2588 3666; x_wconf 89' lang='lat' dir='ltr'><strong>temere</strong></span> <span class='ocrx_word' id='word_1_581' title='bbox 2648 3610 2924 3680; x_wconf 74' lang='lat' dir='ltr'><strong>angustias</strong></span> <span class='ocrx_word' id='word_1_582' title='bbox 3007 3617 3091 3664; x_wconf 89' lang='lat' dir='ltr'><strong>est</strong></span> <span class='ocrx_word' id='word_1_583' title='bbox 3158 3610 3367 3679; x_wconf 83' lang='lat' dir='ltr'><strong>ingres-</strong></span> 
     </span>
    </p>
   </div>
   <div class='ocr_carea' id='block_1_81' title="bbox 1808 3699 3365 3775">
    <p class='ocr_par' dir='ltr' id='par_1_81' title="bbox 1808 3699 3365 3775">
     <span class='ocr_line' id='line_1_81' title="bbox 1808 3699 3365 3775; baseline -0.006 -12"><span class='ocrx_word' id='word_1_584' title='bbox 1808 3725 1925 3775; x_wconf 88' lang='lat' dir='ltr'><strong>sus,</strong></span> <span class='ocrx_word' id='word_1_585' title='bbox 1980 3709 2165 3775; x_wconf 87' lang='lat' dir='ltr'><strong>ibique</strong></span> <span class='ocrx_word' id='word_1_586' title='bbox 2206 3707 2414 3773; x_wconf 89' lang='lat' dir='ltr'><strong>(serum</strong></span> <span class='ocrx_word' id='word_1_587' title='bbox 2471 3705 2616 3757; x_wconf 89' lang='lat' dir='ltr'><strong>enim</strong></span> <span class='ocrx_word' id='word_1_588' title='bbox 2672 3703 2780 3757; x_wconf 87' lang='lat' dir='ltr'><strong>diei</strong></span> <span class='ocrx_word' id='word_1_589' title='bbox 2823 3700 2959 3775; x_wconf 81' lang='lat' dir='ltr'><strong>erat)</strong></span> <span class='ocrx_word' id='word_1_590' title='bbox 2993 3699 3221 3769; x_wconf 81' lang='lat' dir='ltr'><strong>quievit.</strong></span> <span class='ocrx_word' id='word_1_591' title='bbox 3250 3701 3365 3754; x_wconf 84' lang='lat' dir='ltr'><strong>Sub</strong></span> 
     </span>
    </p>
   </div>
   <div class='ocr_carea' id='block_1_82' title="bbox 1802 3777 3365 3867">
    <p class='ocr_par' dir='ltr' id='par_1_82' title="bbox 1802 3777 3365 3867">
     <span class='ocr_line' id='line_1_82' title="bbox 1802 3777 3365 3867; baseline -0.006 -11"><span class='ocrx_word' id='word_1_592' title='bbox 1802 3777 2037 3867; x_wconf 42' lang='lat' dir='ltr'><strong>noctem.</strong></span> <span class='ocrx_word' id='word_1_593' title='bbox 2064 3797 2297 3851; x_wconf 88' lang='lat' dir='ltr'><strong>mediam</strong></span> <span class='ocrx_word' id='word_1_594' title='bbox 2359 3792 2839 3864; x_wconf 81' lang='lat' dir='ltr'><strong>Carthaginienses</strong></span> <span class='ocrx_word' id='word_1_595' title='bbox 2878 3806 2975 3846; x_wconf 90' lang='lat' dir='ltr'><strong>eos</strong></span> <span class='ocrx_word' id='word_1_596' title='bbox 3023 3792 3141 3861; x_wconf 79' lang='lat' dir='ltr'><strong>sjne</strong></span> <span class='ocrx_word' id='word_1_597' title='bbox 3196 3808 3365 3847; x_wconf 82' lang='lat' dir='ltr'><strong>excu-</strong></span> 
     </span>
    </p>
   </div>
   <div class='ocr_carea' id='block_1_83' title="bbox 1806 3883 3365 3959">
    <p class='ocr_par' dir='ltr' id='par_1_83' title="bbox 1806 3883 3365 3959">
     <span class='ocr_line' id='line_1_83' title="bbox 1806 3883 3365 3959; baseline -0.006 -12"><span class='ocrx_word' id='word_1_598' title='bbox 1806 3892 1913 3947; x_wconf 90' lang='lat' dir='ltr'><strong>biis</strong></span> <span class='ocrx_word' id='word_1_599' title='bbox 1982 3889 2142 3959; x_wconf 85' lang='lat' dir='ltr'><strong>(adeo</strong></span> <span class='ocrx_word' id='word_1_600' title='bbox 2204 3887 2309 3942; x_wconf 83' lang='lat' dir='ltr'><strong>sibi</strong></span> <span class='ocrx_word' id='word_1_601' title='bbox 2369 3884 2740 3957; x_wconf 65' lang='lat' dir='ltr'><strong>praelidebant)</strong></span> <span class='ocrx_word' id='word_1_602' title='bbox 2806 3883 3187 3946; x_wconf 85' lang='lat' dir='ltr'><strong>dormientes,</strong></span> <span class='ocrx_word' id='word_1_603' title='bbox 3241 3898 3365 3937; x_wconf 90' lang='lat' dir='ltr'><strong>cum</strong></span> 
     </span>
    </p>
   </div>
   <div class='ocr_carea' id='block_1_84' title="bbox 1806 3973 3370 4056">
    <p class='ocr_par' dir='ltr' id='par_1_84' title="bbox 1806 3973 3370 4056">
     <span class='ocr_line' id='line_1_84' title="bbox 1806 3973 3370 4056; baseline -0.008 -16"><span class='ocrx_word' id='word_1_604' title='bbox 1806 3983 1966 4056; x_wconf 64' lang='lat'><strong>513</strong></span> <span class='ocrx_word' id='word_1_605' title='bbox 1993 3981 2184 4037; x_wconf 90' lang='lat' dir='ltr'><strong>eodem</strong></span> <span class='ocrx_word' id='word_1_606' title='bbox 2216 3988 2458 4049; x_wconf 85' lang='lat' dir='ltr'><strong>tempore</strong></span> <span class='ocrx_word' id='word_1_607' title='bbox 2506 3977 2575 4031; x_wconf 89' lang='lat' dir='ltr'><strong>ab</strong></span> <span class='ocrx_word' id='word_1_608' title='bbox 2607 3974 2757 4030; x_wconf 89' lang='lat' dir='ltr'><strong>omni</strong></span> <span class='ocrx_word' id='word_1_609' title='bbox 2798 3984 2951 4043; x_wconf 84' lang='lat' dir='ltr'><strong>parte</strong></span> <span class='ocrx_word' id='word_1_610' title='bbox 2984 3973 3370 4028; x_wconf 88' lang='lat' dir='ltr'><strong>circumdede-</strong></span> 
     </span>
    </p>
   </div>
   <div class='ocr_carea' id='block_1_85' title="bbox 1808 4062 3367 4141">
    <p class='ocr_par' dir='ltr' id='par_1_85' title="bbox 1808 4062 3367 4141">
     <span class='ocr_line' id='line_1_85' title="bbox 1808 4062 3367 4141; baseline -0.008 -11"><span class='ocrx_word' id='word_1_611' title='bbox 1808 4085 1938 4130; x_wconf 90' lang='lat' dir='ltr'><strong>runt</strong></span> <span class='ocrx_word' id='word_1_612' title='bbox 1969 4096 1979 4126; x_wconf 93' lang='lat'>:</span> <span class='ocrx_word' id='word_1_613' title='bbox 2018 4084 2180 4141; x_wconf 87' lang='lat' dir='ltr'><strong>atque</strong></span> <span class='ocrx_word' id='word_1_614' title='bbox 2204 4070 2423 4125; x_wconf 88' lang='lat' dir='ltr'><strong>eminus</strong></span> <span class='ocrx_word' id='word_1_615' title='bbox 2451 4066 2668 4137; x_wconf 84' lang='lat' dir='ltr'><strong>jaculis,</strong></span> <span class='ocrx_word' id='word_1_616' title='bbox 2727 4062 2932 4127; x_wconf 85' lang='lat' dir='ltr'><strong>lundis,</strong></span> <span class='ocrx_word' id='word_1_617' title='bbox 2968 4063 3198 4134; x_wconf 84' lang='lat' dir='ltr'><strong>sagittis,</strong></span> <span class='ocrx_word' id='word_1_618' title='bbox 3228 4063 3367 4118; x_wconf 90' lang='lat' dir='ltr'><strong>alios</strong></span> 
     </span>
    </p>
   </div>
   <div class='ocr_carea' id='block_1_86' title="bbox 1808 4156 3367 4233">
    <p class='ocr_par' dir='ltr' id='par_1_86' title="bbox 1808 4156 3367 4233">
     <span class='ocr_line' id='line_1_86' title="bbox 1808 4156 3367 4233; baseline -0.009 -12"><span class='ocrx_word' id='word_1_619' title='bbox 1808 4166 2071 4222; x_wconf 81' lang='lat' dir='ltr'><strong>cubantes</strong></span> <span class='ocrx_word' id='word_1_620' title='bbox 2094 4162 2295 4233; x_wconf 80' lang='lat' dir='ltr'><strong>adhuc,</strong></span> <span class='ocrx_word' id='word_1_621' title='bbox 2326 4158 2463 4212; x_wconf 90' lang='lat' dir='ltr'><strong>alios</strong></span> <span class='ocrx_word' id='word_1_622' title='bbox 2490 4172 2640 4211; x_wconf 88' lang='lat' dir='ltr'><strong>arma</strong></span> <span class='ocrx_word' id='word_1_623' title='bbox 2678 4156 2990 4221; x_wconf 84' lang='lat' dir='ltr'><strong>induentes,</strong></span> <span class='ocrx_word' id='word_1_624' title='bbox 3019 4156 3243 4225; x_wconf 85' lang='lat' dir='ltr'><strong>impune</strong></span> <span class='ocrx_word' id='word_1_625' title='bbox 3272 4169 3367 4209; x_wconf 88' lang='lat' dir='ltr'><strong>oc-</strong></span> 
     </span>
    </p>
   </div>
   <div class='ocr_carea' id='block_1_87' title="bbox 1809 4241 3370 4311">
    <p class='ocr_par' dir='ltr' id='par_1_87' title="bbox 1809 4241 3370 4311">
     <span class='ocr_line' id='line_1_87' title="bbox 1809 4241 3370 4311; baseline -0.008 0"><span class='ocrx_word' id='word_1_626' title='bbox 1809 4241 2079 4311; x_wconf 66' lang='lat' dir='ltr'><strong>ciderunt.</strong></span> <span class='ocrx_word' id='word_1_627' title='bbox 2123 4248 2352 4305; x_wconf 73' lang='lat' dir='ltr'><strong>Romani</strong></span> <span class='ocrx_word' id='word_1_628' title='bbox 2391 4250 2536 4304; x_wconf 91' lang='lat' dir='ltr'><strong>enim</strong></span> <span class='ocrx_word' id='word_1_629' title='bbox 2573 4250 2628 4303; x_wconf 89' lang='lat' dir='ltr'><strong>in</strong></span> <span class='ocrx_word' id='word_1_630' title='bbox 2666 4248 2907 4305; x_wconf 88' lang='lat' dir='ltr'><strong>tenebris</strong></span> <span class='ocrx_word' id='word_1_631' title='bbox 2944 4254 2999 4301; x_wconf 91' lang='lat' dir='ltr'><strong>et</strong></span> <span class='ocrx_word' id='word_1_632' title='bbox 3047 4245 3246 4299; x_wconf 86' lang='lat' dir='ltr'><strong>nebula</strong></span> <span class='ocrx_word' id='word_1_633' title='bbox 3272 4260 3370 4299; x_wconf 90' lang='lat' dir='ltr'><strong>ne-</strong></span> 
     </span>
    </p>
   </div>
   <div class='ocr_carea' id='block_1_88' title="bbox 1808 4335 3371 4409">
    <p class='ocr_par' dir='ltr' id='par_1_88' title="bbox 1808 4335 3371 4409">
     <span class='ocr_line' id='line_1_88' title="bbox 1808 4335 3371 4409; baseline -0.008 -9"><span class='ocrx_word' id='word_1_634' title='bbox 1808 4345 1956 4400; x_wconf 87' lang='lat' dir='ltr'><strong>mine</strong></span> <span class='ocrx_word' id='word_1_635' title='bbox 1986 4342 2235 4398; x_wconf 91' lang='lat' dir='ltr'><strong>cominus</strong></span> <span class='ocrx_word' id='word_1_636' title='bbox 2276 4353 2591 4409; x_wconf 86' lang='lat' dir='ltr'><strong>congresso,</strong></span> <span class='ocrx_word' id='word_1_637' title='bbox 2642 4339 2844 4394; x_wconf 87' lang='lat' dir='ltr'><strong>virtute</strong></span> <span class='ocrx_word' id='word_1_638' title='bbox 2889 4352 2985 4391; x_wconf 89' lang='lat' dir='ltr'><strong>sua</strong></span> <span class='ocrx_word' id='word_1_639' title='bbox 3025 4335 3104 4390; x_wconf 91' lang='lat' dir='ltr'><strong>uti</strong></span> <span class='ocrx_word' id='word_1_640' title='bbox 3131 4350 3239 4389; x_wconf 89' lang='lat' dir='ltr'><strong>non</strong></span> <span class='ocrx_word' id='word_1_641' title='bbox 3272 4347 3371 4404; x_wconf 87' lang='lat' dir='ltr'><strong>po-</strong></span> 
     </span>
    </p>
   </div>
   <div class='ocr_carea' id='block_1_89' title="bbox 1808 4414 3370 4501">
    <p class='ocr_par' dir='ltr' id='par_1_89' title="bbox 1808 4414 3370 4501">
     <span class='ocr_line' id='line_1_89' title="bbox 1808 4414 3370 4501; baseline -0.01 -9"><span class='ocrx_word' id='word_1_642' title='bbox 1808 4444 2053 4493; x_wconf 87' lang='lat' dir='ltr'><strong>tuerunt.</strong></span> <span class='ocrx_word' id='word_1_643' title='bbox 2100 4432 2309 4499; x_wconf 82' lang='lat' dir='ltr'><strong>Tantus</strong></span> <span class='ocrx_word' id='word_1_644' title='bbox 2356 4441 2540 4486; x_wconf 86' lang='lat' dir='ltr'><strong>autem</strong></span> <span class='ocrx_word' id='word_1_645' title='bbox 2592 4414 2859 4501; x_wconf 79' lang='lat' dir='ltr'><strong>tumultus</strong></span> <span class='ocrx_word' id='word_1_646' title='bbox 2910 4428 3033 4492; x_wconf 82' lang='lat' dir='ltr'><strong>fuit,</strong></span> <span class='ocrx_word' id='word_1_647' title='bbox 3075 4435 3220 4481; x_wconf 87' lang='lat' dir='ltr'><strong>tanta</strong></span> <span class='ocrx_word' id='word_1_648' title='bbox 3247 4441 3370 4494; x_wconf 87' lang='lat' dir='ltr'><strong>per-</strong></span> 
     </span>
    </p>
   </div>
   <div class='ocr_carea' id='block_1_90' title="bbox 170 4502 1703 4591">
    <p class='ocr_par' dir='ltr' id='par_1_90' title="bbox 170 4510 1703 4591">
     <span class='ocr_line' id='line_1_90' title="bbox 170 4510 1703 4591; baseline 0.002 -18"><span class='ocrx_word' id='word_1_649' title='bbox 170 4519 260 4590; x_wconf 67' lang='grc' dir='ltr'>μιν</span> <span class='ocrx_word' id='word_1_650' title='bbox 280 4510 673 4590; x_wconf 70' lang='grc' dir='ltr'>εὐναζομένους</span> <span class='ocrx_word' id='word_1_651' title='bbox 694 4521 799 4588; x_wconf 71' lang='lat' dir='ltr'><strong>In,</strong></span> <span class='ocrx_word' id='word_1_652' title='bbox 827 4521 1030 4585; x_wconf 66' lang='grc' dir='ltr'>τοῦςαδε</span> <span class='ocrx_word' id='word_1_653' title='bbox 1058 4522 1128 4574; x_wconf 79' lang='grc' dir='ltr'>τὰ</span> <span class='ocrx_word' id='word_1_654' title='bbox 1162 4523 1303 4574; x_wconf 85' lang='grc' dir='ltr'>δπλα</span> <span class='ocrx_word' id='word_1_655' title='bbox 1332 4521 1703 4591; x_wconf 74' lang='grc' dir='ltr'>λαμϐάνοντας</span> 
     </span>
    </p>
   </div>
   <div class='ocr_carea' id='block_1_91' title="bbox 1806 4502 3369 4591">
    <p class='ocr_par' dir='ltr' id='par_1_91' title="bbox 1809 4515 3369 4585">
     <span class='ocr_line' id='line_1_91' title="bbox 1809 4515 3369 4585; baseline -0.01 -3"><span class='ocrx_word' id='word_1_656' title='bbox 1809 4515 2072 4585; x_wconf 83' lang='lat' dir='ltr'><strong>turbatio.</strong></span> <span class='ocrx_word' id='word_1_657' title='bbox 2109 4534 2295 4579; x_wconf 89' lang='lat' dir='ltr'><strong>tantus</strong></span> <span class='ocrx_word' id='word_1_658' title='bbox 2324 4531 2504 4577; x_wconf 89' lang='lat' dir='ltr'><strong>terror</strong></span> <span class='ocrx_word' id='word_1_659' title='bbox 2524 4536 2619 4574; x_wconf 85' lang='lat' dir='ltr'><strong>eos</strong></span> <span class='ocrx_word' id='word_1_660' title='bbox 2648 4518 2868 4583; x_wconf 88' lang='lat' dir='ltr'><strong>invasit,</strong></span> <span class='ocrx_word' id='word_1_661' title='bbox 2906 4526 2964 4570; x_wconf 89' lang='lat' dir='ltr'><strong>ut</strong></span> <span class='ocrx_word' id='word_1_662' title='bbox 3029 4523 3369 4570; x_wconf 58' lang='lat' dir='ltr'><strong>terrmmotus</strong></span> 
     </span>
    </p>
   </div>
   <div class='ocr_carea' id='block_1_92' title="bbox 164 4609 1705 4683">
    <p class='ocr_par' dir='ltr' id='par_1_92' title="bbox 164 4609 1705 4683">
     <span class='ocr_line' id='line_1_92' title="bbox 164 4609 1705 4683; baseline 0.004 -22"><span class='ocrx_word' id='word_1_663' title='bbox 164 4609 412 4673; x_wconf 67' lang='grc' dir='ltr'>ἔκτεινον,</span> <span class='ocrx_word' id='word_1_664' title='bbox 434 4612 592 4664; x_wconf 74' lang='grc' dir='ltr'>αὐτοὶ</span> <span class='ocrx_word' id='word_1_665' title='bbox 611 4611 687 4680; x_wconf 82' lang='grc' dir='ltr'>μή</span> <span class='ocrx_word' id='word_1_666' title='bbox 712 4628 764 4663; x_wconf 92' lang='grc' dir='ltr'><strong>τι</strong></span> <span class='ocrx_word' id='word_1_667' title='bbox 793 4610 965 4663; x_wconf 78' lang='grc' dir='ltr'>δεινὸν</span> <span class='ocrx_word' id='word_1_668' title='bbox 1006 4612 1449 4681; x_wconf 73' lang='grc' dir='ltr'>ἀντιπασχόντες·</span> <span class='ocrx_word' id='word_1_669' title='bbox 1504 4613 1555 4666; x_wconf 77' lang='grc' dir='ltr'>οι</span> <span class='ocrx_word' id='word_1_670' title='bbox 1594 4614 1705 4683; x_wconf 82' lang='grc' dir='ltr'><strong>γὰρ</strong></span> 
     </span>
    </p>
   </div>
   <div class='ocr_carea' id='block_1_93' title="bbox 180 4692 1705 4774">
    <p class='ocr_par' dir='ltr' id='par_1_93' title="bbox 180 4692 1705 4774">
     <span class='ocr_line' id='line_1_93' title="bbox 180 4692 1705 4774; baseline 0.003 -21"><span class='ocrx_word' id='word_1_671' title='bbox 180 4702 451 4774; x_wconf 75' lang='grc' dir='ltr'>Ῥωμαῖοι,</span> <span class='ocrx_word' id='word_1_672' title='bbox 488 4700 715 4771; x_wconf 72' lang='grc' dir='ltr'>μηδενὸς</span> <span class='ocrx_word' id='word_1_673' title='bbox 741 4701 923 4765; x_wconf 78' lang='grc' dir='ltr'>αὐτοῖς</span> <span class='ocrx_word' id='word_1_674' title='bbox 954 4692 1424 4774; x_wconf 76' lang='grc' dir='ltr'>συμπλεκομένου,</span> <span class='ocrx_word' id='word_1_675' title='bbox 1483 4705 1705 4769; x_wconf 86' lang='grc' dir='ltr'>σκότους</span> 
     </span>
    </p>
   </div>
   <div class='ocr_carea' id='block_1_94' title="bbox 164 4790 1705 4868">
    <p class='ocr_par' dir='ltr' id='par_1_94' title="bbox 164 4790 1705 4868">
     <span class='ocr_line' id='line_1_94' title="bbox 164 4790 1705 4868; baseline 0.003 -23"><span class='ocrx_word' id='word_1_676' title='bbox 164 4808 219 4845; x_wconf 79' lang='grc' dir='ltr'><strong>τε</strong></span> <span class='ocrx_word' id='word_1_677' title='bbox 253 4795 342 4846; x_wconf 79' lang='grc' dir='ltr'>καὶ</span> <span class='ocrx_word' id='word_1_678' title='bbox 368 4792 602 4865; x_wconf 83' lang='grc' dir='ltr'>ὁμίχλης</span> <span class='ocrx_word' id='word_1_679' title='bbox 626 4790 818 4860; x_wconf 72' lang='grc' dir='ltr'>οὔσης,</span> <span class='ocrx_word' id='word_1_680' title='bbox 867 4795 967 4847; x_wconf 83' lang='grc' dir='ltr'>οὐκ</span> <span class='ocrx_word' id='word_1_681' title='bbox 1000 4791 1144 4865; x_wconf 81' lang='grc' dir='ltr'>εἶχον</span> <span class='ocrx_word' id='word_1_682' title='bbox 1172 4798 1237 4866; x_wconf 68' lang='grc' dir='ltr'><strong>τῇ</strong></span> <span class='ocrx_word' id='word_1_683' title='bbox 1289 4799 1529 4867; x_wconf 78' lang='grc' dir='ltr'>σφετέρᾳ</span> <span class='ocrx_word' id='word_1_684' title='bbox 1572 4797 1705 4868; x_wconf 79' lang='grc' dir='ltr'>χρή-</span> 
     </span>
    </p>
   </div>
   <div class='ocr_carea' id='block_1_95' title="bbox 168 4882 1706 4959">
    <p class='ocr_par' dir='ltr' id='par_1_95' title="bbox 168 4882 1706 4959">
     <span class='ocr_line' id='line_1_95' title="bbox 168 4882 1706 4959; baseline 0.004 -25"><span class='ocrx_word' id='word_1_685' title='bbox 168 4883 349 4938; x_wconf 86' lang='grc' dir='ltr'>σασθαι</span> <span class='ocrx_word' id='word_1_686' title='bbox 385 4885 579 4956; x_wconf 67' lang='grc' dir='ltr'>ἀρετῇ.</span> <span class='ocrx_word' id='word_1_687' title='bbox 633 4882 898 4959; x_wconf 57' lang='lat' dir='ltr'><strong>Tempta;</strong></span> <span class='ocrx_word' id='word_1_688' title='bbox 939 4884 984 4938; x_wconf 81' lang='grc' dir='ltr'>δ’</span> <span class='ocrx_word' id='word_1_689' title='bbox 1034 4885 1250 4953; x_wconf 75' lang='grc' dir='ltr'>ὶγένετο</span> <span class='ocrx_word' id='word_1_690' title='bbox 1316 4886 1563 4957; x_wconf 58' lang='grc' dir='ltr'>θόρυϐος,</span> <span class='ocrx_word' id='word_1_691' title='bbox 1612 4887 1706 4940; x_wconf 74' lang='grc' dir='ltr'>καὶ</span> 
     </span>
    </p>
   </div>
   <div class='ocr_carea' id='block_1_96' title="bbox 167 4974 1705 5049">
    <p class='ocr_par' dir='ltr' id='par_1_96' title="bbox 167 4974 1705 5049">
     <span class='ocr_line' id='line_1_96' title="bbox 167 4974 1705 5049; baseline 0.001 -21"><span class='ocrx_word' id='word_1_692' title='bbox 167 4977 375 5049; x_wconf 82' lang='grc' dir='ltr'>τοιαύτη</span> <span class='ocrx_word' id='word_1_693' title='bbox 418 4974 742 5049; x_wconf 77' lang='grc' dir='ltr'>ταραχώδης</span> <span class='ocrx_word' id='word_1_694' title='bbox 772 4975 1030 5045; x_wconf 78' lang='grc' dir='ltr'>εκπληξις</span> <span class='ocrx_word' id='word_1_695' title='bbox 1054 4978 1315 5045; x_wconf 77' lang='grc' dir='ltr'>κατέσχεν</span> <span class='ocrx_word' id='word_1_696' title='bbox 1356 4977 1571 5040; x_wconf 81' lang='grc' dir='ltr'>αὐτοὺς,</span> <span class='ocrx_word' id='word_1_697' title='bbox 1630 4976 1705 5040; x_wconf 83' lang='grc' dir='ltr'><strong>ὡς</strong></span> 
     </span>
    </p>
   </div>
   <div class='ocr_carea' id='block_1_97' title="bbox 174 5066 1702 5139">
    <p class='ocr_par' dir='ltr' id='par_1_97' title="bbox 174 5066 1702 5139">
     <span class='ocr_line' id='line_1_97' title="bbox 174 5066 1702 5139; baseline -0.001 -20"><span class='ocrx_word' id='word_1_698' title='bbox 174 5066 417 5135; x_wconf 71' lang='grc' dir='ltr'>μηδδτῶν</span> <span class='ocrx_word' id='word_1_699' title='bbox 441 5067 687 5139; x_wconf 85' lang='grc' dir='ltr'>σεισμῶν</span> <span class='ocrx_word' id='word_1_700' title='bbox 734 5068 842 5121; x_wconf 90' lang='grc' dir='ltr'><strong>τῶν</strong></span> <span class='ocrx_word' id='word_1_701' title='bbox 888 5068 1010 5121; x_wconf 69' lang='grc' dir='ltr'>τότε</span> <span class='ocrx_word' id='word_1_702' title='bbox 1049 5068 1359 5136; x_wconf 76' lang='grc' dir='ltr'>γενομένων</span> <span class='ocrx_word' id='word_1_703' title='bbox 1400 5066 1702 5131; x_wconf 74' lang='grc' dir='ltr'>αἰσθέσθαι,</span> 
     </span>
    </p>
   </div>
   <div class='ocr_carea' id='block_1_98' title="bbox 170 5156 1707 5228">
    <p class='ocr_par' dir='ltr' id='par_1_98' title="bbox 170 5156 1707 5228">
     <span class='ocr_line' id='line_1_98' title="bbox 170 5156 1707 5228; baseline 0.001 -21"><span class='ocrx_word' id='word_1_704' title='bbox 170 5156 357 5227; x_wconf 82' lang='grc' dir='ltr'>καίπερ</span> <span class='ocrx_word' id='word_1_705' title='bbox 386 5156 562 5209; x_wconf 75' lang='grc' dir='ltr'>πολλὰ</span> <span class='ocrx_word' id='word_1_706' title='bbox 595 5162 693 5226; x_wconf 74' lang='grc' dir='ltr'><strong>μεν</strong></span> <span class='ocrx_word' id='word_1_707' title='bbox 720 5158 1124 5228; x_wconf 81' lang='grc' dir='ltr'>οίκοδομήματα</span> <span class='ocrx_word' id='word_1_708' title='bbox 1170 5157 1503 5227; x_wconf 73' lang='grc' dir='ltr'>κατερράγη,</span> <span class='ocrx_word' id='word_1_709' title='bbox 1537 5157 1707 5211; x_wconf 78' lang='grc' dir='ltr'>πολλὰ</span> 
     </span>
    </p>
   </div>
   <div class='ocr_carea' id='block_1_99' title="bbox 168 5244 1712 5319">
    <p class='ocr_par' dir='ltr' id='par_1_99' title="bbox 168 5244 1712 5319">
     <span class='ocr_line' id='line_1_99' title="bbox 168 5244 1712 5319; baseline 0.002 -21"><span class='ocrx_word' id='word_1_710' title='bbox 168 5244 221 5299; x_wconf 63' lang='grc' dir='ltr'><strong>δὲ</strong></span> <span class='ocrx_word' id='word_1_711' title='bbox 241 5248 330 5300; x_wconf 72' lang='grc' dir='ltr'><strong>καὶ</strong></span> <span class='ocrx_word' id='word_1_712' title='bbox 359 5247 469 5301; x_wconf 88' lang='grc' dir='ltr'><strong>τῶν</strong></span> <span class='ocrx_word' id='word_1_713' title='bbox 508 5246 651 5318; x_wconf 82' lang='grc' dir='ltr'>ὀρῶν</span> <span class='ocrx_word' id='word_1_714' title='bbox 682 5248 749 5301; x_wconf 75' lang='grc' dir='ltr'><strong>τα</strong></span> <span class='ocrx_word' id='word_1_715' title='bbox 786 5249 886 5317; x_wconf 69' lang='grc' dir='ltr'>μὲν</span> <span class='ocrx_word' id='word_1_716' title='bbox 914 5249 1117 5319; x_wconf 82' lang='grc' dir='ltr'>διέσχε,</span> <span class='ocrx_word' id='word_1_717' title='bbox 1149 5250 1216 5301; x_wconf 82' lang='grc' dir='ltr'>τὰ</span> <span class='ocrx_word' id='word_1_718' title='bbox 1249 5247 1306 5300; x_wconf 67' lang='grc' dir='ltr'>δὲ</span> <span class='ocrx_word' id='word_1_719' title='bbox 1333 5248 1431 5300; x_wconf 77' lang='grc' dir='ltr'>καὶ</span> <span class='ocrx_word' id='word_1_720' title='bbox 1482 5250 1712 5301; x_wconf 78' lang='grc' dir='ltr'>συνέπε-</span> 
     </span>
    </p>
   </div>
   <div class='ocr_carea' id='block_1_100' title="bbox 174 5338 1711 5409">
    <p class='ocr_par' dir='ltr' id='par_1_100' title="bbox 174 5338 1711 5409">
     <span class='ocr_line' id='line_1_100' title="bbox 174 5338 1711 5409; baseline 0.002 -22"><span class='ocrx_word' id='word_1_721' title='bbox 174 5352 277 5398; x_wconf 81' lang='grc' dir='ltr'>σεν,</span> <span class='ocrx_word' id='word_1_722' title='bbox 300 5338 371 5401; x_wconf 83' lang='grc' dir='ltr'><strong>ὡς</strong></span> <span class='ocrx_word' id='word_1_723' title='bbox 403 5338 501 5391; x_wconf 84' lang='grc' dir='ltr'><strong>καὶ</strong></span> <span class='ocrx_word' id='word_1_724' title='bbox 531 5338 629 5399; x_wconf 79' lang='grc' dir='ltr'>τὰς</span> <span class='ocrx_word' id='word_1_725' title='bbox 654 5338 945 5406; x_wconf 59' lang='grc' dir='ltr'>φάραγγας</span> <span class='ocrx_word' id='word_1_726' title='bbox 986 5339 1285 5409; x_wconf 74' lang='grc' dir='ltr'>εμφράξαι,</span> <span class='ocrx_word' id='word_1_727' title='bbox 1335 5338 1431 5391; x_wconf 73' lang='grc' dir='ltr'>καὶ</span> <span class='ocrx_word' id='word_1_728' title='bbox 1474 5339 1711 5409; x_wconf 67' lang='grc' dir='ltr'><strong>ποταμοὶ⁵</strong></span> 
     </span>
    </p>
   </div>
   <div class='ocr_carea' id='block_1_101' title="bbox 174 5425 1710 5501">
    <p class='ocr_par' dir='ltr' id='par_1_101' title="bbox 174 5425 1710 5501">
     <span class='ocr_line' id='line_1_101' title="bbox 174 5425 1710 5501; baseline 0.002 -21"><span class='ocrx_word' id='word_1_729' title='bbox 174 5425 225 5480; x_wconf 73' lang='grc' dir='ltr'>δι</span> <span class='ocrx_word' id='word_1_730' title='bbox 244 5429 339 5499; x_wconf 76' lang='grc' dir='ltr'>τῆς</span> <span class='ocrx_word' id='word_1_731' title='bbox 365 5428 604 5501; x_wconf 77' lang='grc' dir='ltr'>ἀρχαίας</span> <span class='ocrx_word' id='word_1_732' title='bbox 629 5427 806 5495; x_wconf 70' lang='grc' dir='ltr'>ἐξόδου</span> <span class='ocrx_word' id='word_1_733' title='bbox 835 5430 1283 5491; x_wconf 79' lang='grc' dir='ltr'>ἀποκλεισθέντες</span> <span class='ocrx_word' id='word_1_734' title='bbox 1322 5428 1488 5499; x_wconf 84' lang='grc' dir='ltr'>ἄλλην</span> <span class='ocrx_word' id='word_1_735' title='bbox 1550 5430 1710 5501; x_wconf 76' lang='grc' dir='ltr'>ἐτρά-</span> 
     </span>
    </p>
   </div>
   <div class='ocr_carea' id='block_1_102' title="bbox 175 5516 1708 5603">
    <p class='ocr_par' dir='ltr' id='par_1_102' title="bbox 175 5516 1708 5603">
     <span class='ocr_line' id='line_1_102' title="bbox 175 5516 1708 5603; baseline -0.001 -33"><span class='ocrx_word' id='word_1_736' title='bbox 175 5528 340 5597; x_wconf 65' lang='grc' dir='ltr'>ποντο.</span> <span class='ocrx_word' id='word_1_737' title='bbox 374 5517 618 5603; x_wconf 77' lang='grc' dir='ltr'>τοοῦτοι</span> <span class='ocrx_word' id='word_1_738' title='bbox 674 5516 885 5586; x_wconf 79' lang='grc' dir='ltr'>σεισμοὶ</span> <span class='ocrx_word' id='word_1_739' title='bbox 949 5516 1050 5588; x_wconf 72' lang='grc' dir='ltr'>μιν</span> <span class='ocrx_word' id='word_1_740' title='bbox 1080 5520 1187 5587; x_wconf 75' lang='grc' dir='ltr'>,την</span> <span class='ocrx_word' id='word_1_741' title='bbox 1222 5516 1523 5591; x_wconf 84' lang='grc' dir='ltr'>Τυρσηνίδα</span> <span class='ocrx_word' id='word_1_742' title='bbox 1578 5534 1708 5571; x_wconf 86' lang='grc' dir='ltr'>κατ-</span> 
     </span>
    </p>
   </div>
   <div class='ocr_carea' id='block_1_103' title="bbox 1808 4605 3370 4689">
    <p class='ocr_par' dir='ltr' id='par_1_103' title="bbox 1808 4605 3370 4689">
     <span class='ocr_line' id='line_1_103' title="bbox 1808 4605 3370 4689; baseline -0.008 -17"><span class='ocrx_word' id='word_1_743' title='bbox 1808 4618 1903 4689; x_wconf 92' lang='lat' dir='ltr'><strong>qui</strong></span> <span class='ocrx_word' id='word_1_744' title='bbox 1928 4625 2042 4671; x_wconf 90' lang='lat' dir='ltr'><strong>tum</strong></span> <span class='ocrx_word' id='word_1_745' title='bbox 2066 4613 2286 4674; x_wconf 79' lang='lat' dir='ltr'><strong>ﬁebant.</strong></span> <span class='ocrx_word' id='word_1_746' title='bbox 2315 4627 2419 4666; x_wconf 92' lang='lat' dir='ltr'><strong>non</strong></span> <span class='ocrx_word' id='word_1_747' title='bbox 2456 4609 2745 4671; x_wconf 82' lang='lat' dir='ltr'><strong>sentirent,</strong></span> <span class='ocrx_word' id='word_1_748' title='bbox 2776 4608 3021 4687; x_wconf 84' lang='lat' dir='ltr'><strong>quamvis</strong></span> <span class='ocrx_word' id='word_1_749' title='bbox 3045 4606 3212 4660; x_wconf 89' lang='lat' dir='ltr'><strong>multa</strong></span> <span class='ocrx_word' id='word_1_750' title='bbox 3236 4605 3370 4660; x_wconf 65' lang='lat' dir='ltr'><strong>2di-</strong></span> 
     </span>
    </p>
   </div>
   <div class='ocr_carea' id='block_1_104' title="bbox 1810 4699 3368 4771">
    <p class='ocr_par' dir='ltr' id='par_1_104' title="bbox 1810 4699 3368 4771">
     <span class='ocr_line' id='line_1_104' title="bbox 1810 4699 3368 4771; baseline -0.008 -10"><span class='ocrx_word' id='word_1_751' title='bbox 1810 4706 1931 4761; x_wconf 79' lang='lat' dir='ltr'><strong>ticia</strong></span> <span class='ocrx_word' id='word_1_752' title='bbox 1960 4710 2301 4764; x_wconf 90' lang='lat' dir='ltr'><strong>corruerent,</strong></span> <span class='ocrx_word' id='word_1_753' title='bbox 2338 4701 2493 4754; x_wconf 91' lang='lat' dir='ltr'><strong>multi</strong></span> <span class='ocrx_word' id='word_1_754' title='bbox 2529 4710 2743 4756; x_wconf 85' lang='lat' dir='ltr'><strong>montes</strong></span> <span class='ocrx_word' id='word_1_755' title='bbox 2778 4701 2973 4771; x_wconf 86' lang='lat' dir='ltr'><strong>partim</strong></span> <span class='ocrx_word' id='word_1_756' title='bbox 3006 4699 3368 4763; x_wconf 69' lang='lat' dir='ltr'><strong>nudarentur,</strong></span> 
     </span>
    </p>
   </div>
   <div class='ocr_carea' id='block_1_105' title="bbox 1811 4790 3368 4867">
    <p class='ocr_par' dir='ltr' id='par_1_105' title="bbox 1811 4790 3368 4867">
     <span class='ocr_line' id='line_1_105' title="bbox 1811 4790 3368 4867; baseline -0.005 -18"><span class='ocrx_word' id='word_1_757' title='bbox 1811 4795 2006 4867; x_wconf 86' lang='lat' dir='ltr'><strong>partim</strong></span> <span class='ocrx_word' id='word_1_758' title='bbox 2058 4792 2283 4861; x_wconf 88' lang='lat' dir='ltr'><strong>collapsi</strong></span> <span class='ocrx_word' id='word_1_759' title='bbox 2335 4792 2504 4846; x_wconf 87' lang='lat' dir='ltr'><strong>valles</strong></span> <span class='ocrx_word' id='word_1_760' title='bbox 2546 4792 2979 4862; x_wconf 87' lang='lat' dir='ltr'><strong>complanarcnt,</strong></span> <span class='ocrx_word' id='word_1_761' title='bbox 3033 4800 3089 4845; x_wconf 89' lang='lat' dir='ltr'><strong>et</strong></span> <span class='ocrx_word' id='word_1_762' title='bbox 3145 4790 3368 4843; x_wconf 80' lang='lat' dir='ltr'><strong>flumina</strong></span> 
     </span>
    </p>
   </div>
   <div class='ocr_carea' id='block_1_106' title="bbox 1812 4878 3368 4943">
    <p class='ocr_par' dir='ltr' id='par_1_106' title="bbox 1812 4878 3368 4943">
     <span class='ocr_line' id='line_1_106' title="bbox 1812 4878 3368 4943; baseline -0.008 -4"><span class='ocrx_word' id='word_1_763' title='bbox 1812 4883 2090 4939; x_wconf 85' lang='lat' dir='ltr'><strong>veteribus</strong></span> <span class='ocrx_word' id='word_1_764' title='bbox 2139 4880 2309 4935; x_wconf 83' lang='lat' dir='ltr'><strong>alveis</strong></span> <span class='ocrx_word' id='word_1_765' title='bbox 2355 4882 2619 4943; x_wconf 80' lang='lat' dir='ltr'><strong>exclusa,</strong></span> <span class='ocrx_word' id='word_1_766' title='bbox 2670 4882 2778 4935; x_wconf 89' lang='lat' dir='ltr'><strong>alio</strong></span> <span class='ocrx_word' id='word_1_767' title='bbox 2826 4890 3190 4933; x_wconf 78' lang='lat' dir='ltr'><strong>verterentur.</strong></span> <span class='ocrx_word' id='word_1_768' title='bbox 3240 4878 3368 4941; x_wconf 64' lang='lat' dir='ltr'><strong>Qua;</strong></span> 
     </span>
    </p>
   </div>
   <div class='ocr_carea' id='block_1_107' title="bbox 1810 4966 3368 5040">
    <p class='ocr_par' dir='ltr' id='par_1_107' title="bbox 1810 4966 3368 5040">
     <span class='ocr_line' id='line_1_107' title="bbox 1810 4966 3368 5040; baseline -0.01 -11"><span class='ocrx_word' id='word_1_769' title='bbox 1810 4989 1932 5029; x_wconf 88' lang='lat' dir='ltr'><strong>cum</strong></span> <span class='ocrx_word' id='word_1_770' title='bbox 1955 4972 2013 5025; x_wconf 88' lang='lat' dir='ltr'><strong>in</strong></span> <span class='ocrx_word' id='word_1_771' title='bbox 2038 4970 2256 5025; x_wconf 84' lang='lat' dir='ltr'><strong>Etruria</strong></span> <span class='ocrx_word' id='word_1_772' title='bbox 2281 4969 2493 5033; x_wconf 76' lang='lat' dir='ltr'><strong>ﬁerent,</strong></span> <span class='ocrx_word' id='word_1_773' title='bbox 2522 4987 2551 5026; x_wconf 92' lang='lat' dir='ltr'><strong>a</strong></span> <span class='ocrx_word' id='word_1_774' title='bbox 2578 4970 2944 5040; x_wconf 88' lang='lat' dir='ltr'><strong>pugnantibus</strong></span> <span class='ocrx_word' id='word_1_775' title='bbox 2972 4985 3076 5021; x_wconf 87' lang='lat' dir='ltr'><strong>non</strong></span> <span class='ocrx_word' id='word_1_776' title='bbox 3102 4977 3226 5021; x_wconf 88' lang='lat' dir='ltr'><strong>sunt</strong></span> <span class='ocrx_word' id='word_1_777' title='bbox 3252 4966 3368 5016; x_wconf 83' lang='lat' dir='ltr'><strong>ani-</strong></span> 
     </span>
    </p>
   </div>
   <div class='ocr_carea' id='block_1_108' title="bbox 1810 5054 3369 5131">
    <p class='ocr_par' dir='ltr' id='par_1_108' title="bbox 1810 5054 3369 5131">
     <span class='ocr_line' id='line_1_108' title="bbox 1810 5054 3369 5131; baseline -0.008 -13"><span class='ocrx_word' id='word_1_778' title='bbox 1810 5062 2111 5118; x_wconf 86' lang='lat' dir='ltr'><strong>madversa.</strong></span> <span class='ocrx_word' id='word_1_779' title='bbox 2145 5060 2357 5116; x_wconf 88' lang='lat' dir='ltr'><strong>Cecidit</strong></span> <span class='ocrx_word' id='word_1_780' title='bbox 2385 5063 2497 5131; x_wconf 88' lang='lat' dir='ltr'><strong>ipse</strong></span> <span class='ocrx_word' id='word_1_781' title='bbox 2535 5061 2852 5121; x_wconf 79' lang='lat' dir='ltr'><strong>Flaminius,</strong></span> <span class='ocrx_word' id='word_1_782' title='bbox 2882 5069 2936 5111; x_wconf 88' lang='lat' dir='ltr'><strong>et</strong></span> <span class='ocrx_word' id='word_1_783' title='bbox 2970 5058 3200 5110; x_wconf 81' lang='lat' dir='ltr'><strong>maxima</strong></span> <span class='ocrx_word' id='word_1_784' title='bbox 3232 5054 3369 5107; x_wconf 74' lang='lat' dir='ltr'><strong>ulul-</strong></span> 
     </span>
    </p>
   </div>
   <div class='ocr_carea' id='block_1_109' title="bbox 1814 5148 3366 5220">
    <p class='ocr_par' dir='ltr' id='par_1_109' title="bbox 1814 5148 3366 5220">
     <span class='ocr_line' id='line_1_109' title="bbox 1814 5148 3366 5220; baseline -0.006 -11"><span class='ocrx_word' id='word_1_785' title='bbox 1814 5152 2025 5210; x_wconf 88' lang='lat' dir='ltr'><strong>titudo:</strong></span> <span class='ocrx_word' id='word_1_786' title='bbox 2067 5152 2376 5220; x_wconf 89' lang='lat' dir='ltr'><strong>complures</strong></span> <span class='ocrx_word' id='word_1_787' title='bbox 2399 5154 2561 5208; x_wconf 69' lang='lat' dir='ltr'><strong>etiam</strong></span> <span class='ocrx_word' id='word_1_788' title='bbox 2590 5150 2796 5203; x_wconf 89' lang='lat' dir='ltr'><strong>tumulo</strong></span> <span class='ocrx_word' id='word_1_789' title='bbox 2812 5148 3044 5216; x_wconf 87' lang='lat' dir='ltr'><strong>quodam</strong></span> <span class='ocrx_word' id='word_1_790' title='bbox 3078 5155 3366 5213; x_wconf 83' lang='lat' dir='ltr'><strong>occupato.</strong></span> 
     </span>
    </p>
   </div>
   <div class='ocr_carea' id='block_1_110' title="bbox 1810 5224 3364 5314">
    <p class='ocr_par' dir='ltr' id='par_1_110' title="bbox 1810 5224 3364 5314">
     <span class='ocr_line' id='line_1_110' title="bbox 1810 5224 3364 5314; baseline -0.01 -15"><span class='ocrx_word' id='word_1_791' title='bbox 1810 5246 1903 5299; x_wconf 89' lang='lat' dir='ltr'><strong>ubi</strong></span> <span class='ocrx_word' id='word_1_792' title='bbox 1932 5242 2148 5307; x_wconf 78' lang='lat' dir='ltr'><strong>diluxit,</strong></span> <span class='ocrx_word' id='word_1_793' title='bbox 2184 5242 2307 5314; x_wconf 77' lang='lat' dir='ltr'><strong>fuga</strong></span> <span class='ocrx_word' id='word_1_794' title='bbox 2332 5224 2557 5298; x_wconf 72' lang='lat' dir='ltr'><strong>salutem</strong></span> <span class='ocrx_word' id='word_1_795' title='bbox 2582 5241 2886 5311; x_wconf 66' lang='lat' dir='ltr'><strong>quaesituri,</strong></span> <span class='ocrx_word' id='word_1_796' title='bbox 2934 5240 3097 5308; x_wconf 84' lang='lat' dir='ltr'><strong>capti,</strong></span> <span class='ocrx_word' id='word_1_797' title='bbox 3130 5252 3274 5290; x_wconf 82' lang='lat' dir='ltr'><strong>arma</strong></span> <span class='ocrx_word' id='word_1_798' title='bbox 3310 5243 3364 5286; x_wconf 76' lang='lat' dir='ltr'><strong>et</strong></span> 
     </span>
    </p>
   </div>
   <div class='ocr_carea' id='block_1_111' title="bbox 1807 5324 3365 5403">
    <p class='ocr_par' dir='ltr' id='par_1_111' title="bbox 1807 5324 3365 5403">
     <span class='ocr_line' id='line_1_111' title="bbox 1807 5324 3365 5403; baseline -0.009 -13"><span class='ocrx_word' id='word_1_799' title='bbox 1807 5334 2152 5403; x_wconf 85' lang='lat' dir='ltr'><strong>semetipsos,</strong></span> <span class='ocrx_word' id='word_1_800' title='bbox 2192 5335 2515 5403; x_wconf 86' lang='lat' dir='ltr'><strong>impunitate</strong></span> <span class='ocrx_word' id='word_1_801' title='bbox 2552 5332 2841 5401; x_wconf 85' lang='lat' dir='ltr'><strong>promissa,</strong></span> <span class='ocrx_word' id='word_1_802' title='bbox 2874 5330 3220 5386; x_wconf 87' lang='lat' dir='ltr'><strong>dediderunt.</strong></span> <span class='ocrx_word' id='word_1_803' title='bbox 3259 5324 3365 5379; x_wconf 81' lang='lat' dir='ltr'><strong>Sed</strong></span> 
     </span>
    </p>
   </div>
   <div class='ocr_carea' id='block_1_112' title="bbox 1802 5416 3358 5497">
    <p class='ocr_par' dir='ltr' id='par_1_112' title="bbox 1802 5416 3358 5497">
     <span class='ocr_line' id='line_1_112' title="bbox 1802 5416 3358 5497; baseline -0.011 -14"><span class='ocrx_word' id='word_1_804' title='bbox 1802 5427 2037 5483; x_wconf 83' lang='lat' dir='ltr'><strong>Annibal</strong></span> <span class='ocrx_word' id='word_1_805' title='bbox 2067 5427 2423 5497; x_wconf 83' lang='lat' dir='ltr'><strong>jurisjurandi</strong></span> <span class='ocrx_word' id='word_1_806' title='bbox 2462 5440 2651 5493; x_wconf 88' lang='lat' dir='ltr'><strong>parutn</strong></span> <span class='ocrx_word' id='word_1_807' title='bbox 2705 5439 2933 5484; x_wconf 87' lang='lat' dir='ltr'><strong>memor,</strong></span> <span class='ocrx_word' id='word_1_808' title='bbox 2969 5434 3157 5476; x_wconf 86' lang='lat' dir='ltr'><strong>omnes</strong></span> <span class='ocrx_word' id='word_1_809' title='bbox 3187 5416 3358 5483; x_wconf 86' lang='lat' dir='ltr'><strong>capti-</strong></span> 
     </span>
    </p>
   </div>
   <div class='ocr_carea' id='block_1_113' title="bbox 1804 5505 3442 5587">
    <p class='ocr_par' dir='ltr' id='par_1_113' title="bbox 1804 5505 3442 5587">
     <span class='ocr_line' id='line_1_113' title="bbox 1804 5505 3442 5587; baseline -0.009 -16"><span class='ocrx_word' id='word_1_810' title='bbox 1804 5532 1902 5572; x_wconf 85' lang='lat' dir='ltr'><strong>vos</strong></span> <span class='ocrx_word' id='word_1_811' title='bbox 1930 5516 2023 5587; x_wconf 89' lang='lat' dir='ltr'><strong>qui</strong></span> <span class='ocrx_word' id='word_1_812' title='bbox 2067 5515 2121 5569; x_wconf 81' lang='lat' dir='ltr'><strong>in</strong></span> <span class='ocrx_word' id='word_1_813' title='bbox 2174 5515 2365 5570; x_wconf 85' lang='lat' dir='ltr'><strong>castris</strong></span> <span class='ocrx_word' id='word_1_814' title='bbox 2388 5514 2565 5580; x_wconf 87' lang='lat' dir='ltr'><strong>erant,</strong></span> <span class='ocrx_word' id='word_1_815' title='bbox 2604 5530 2667 5569; x_wconf 78' lang='lat' dir='ltr'><strong>es</strong></span> <span class='ocrx_word' id='word_1_816' title='bbox 2707 5512 2943 5568; x_wconf 88' lang='lat' dir='ltr'><strong>subditis</strong></span> <span class='ocrx_word' id='word_1_817' title='bbox 2970 5520 3023 5564; x_wconf 84' lang='lat' dir='ltr'><strong>et</strong></span> <span class='ocrx_word' id='word_1_818' title='bbox 3048 5508 3210 5561; x_wconf 86' lang='lat' dir='ltr'><strong>sociis</strong></span> <span class='ocrx_word' id='word_1_819' title='bbox 3257 5506 3366 5559; x_wconf 83' lang='lat' dir='ltr'><strong>lto-</strong></span> <span class='ocrx_word' id='word_1_820' title='bbox 3437 5505 3442 5510; x_wconf 86' lang='grc'><em>’</em></span> 
     </span>
    </p>
   </div>
   <div class='ocr_carea' id='block_1_114' title="bbox 202 5672 2189 5736">
    <p class='ocr_par' dir='ltr' id='par_1_114' title="bbox 202 5672 2189 5736">
     <span class='ocr_line' id='line_1_114' title="bbox 202 5672 2189 5736; baseline 0 -3"><span class='ocrx_word' id='word_1_821' title='bbox 202 5727 208 5733; x_wconf 88' lang='grc'><strong>.</strong></span> <span class='ocrx_word' id='word_1_822' title='bbox 810 5704 815 5710; x_wconf 91' lang='grc'><strong><em>-</em></strong></span> <span class='ocrx_word' id='word_1_823' title='bbox 1330 5674 1523 5736; x_wconf 66' lang='lat' dir='ltr'><strong>Varias</strong></span> <span class='ocrx_word' id='word_1_824' title='bbox 1560 5672 1861 5735; x_wconf 85' lang='lat' dir='ltr'><strong>lectiones</strong></span> <span class='ocrx_word' id='word_1_825' title='bbox 1903 5678 1963 5734; x_wconf 88' lang='lat' dir='ltr'><strong>et</strong></span> <span class='ocrx_word' id='word_1_826' title='bbox 1997 5682 2189 5735; x_wconf 65' lang='lat' dir='ltr'><strong>notate.</strong></span> 
     </span>
    </p>
   </div>
   <div class='ocr_carea' id='block_1_115' title="bbox 186 5765 1703 5872">
    <p class='ocr_par' dir='ltr' id='par_1_115' title="bbox 186 5765 1701 5872">
     <span class='ocr_line' id='line_1_115' title="bbox 186 5765 1701 5872; baseline 0 -20"><span class='ocrx_word' id='word_1_827' title='bbox 186 5850 189 5852; x_wconf 61' lang='lat'>,</span> <span class='ocrx_word' id='word_1_828' title='bbox 235 5795 337 5872; x_wconf 74' lang='lat' dir='ltr'><strong>(sa)</strong></span> <span class='ocrx_word' id='word_1_829' title='bbox 368 5794 675 5855; x_wconf 74' lang='grc' dir='ltr'><strong>Βαννῶγα.</strong></span> <span class='ocrx_word' id='word_1_830' title='bbox 738 5796 1019 5868; x_wconf 77' lang='lat' dir='ltr'><strong>lta‘Regii</strong></span> <span class='ocrx_word' id='word_1_831' title='bbox 1064 5808 1119 5853; x_wconf 90' lang='lat' dir='ltr'><strong>et</strong></span> <span class='ocrx_word' id='word_1_832' title='bbox 1178 5798 1418 5853; x_wconf 84' lang='lat' dir='ltr'><strong>Colbert.</strong></span> <span class='ocrx_word' id='word_1_833' title='bbox 1473 5765 1701 5852; x_wconf 70' lang='lat' dir='ltr'><strong>wofaus</strong></span> 
     </span>
    </p>
   </div>
   <div class='ocr_carea' id='block_1_116' title="bbox 1806 5765 2291 5872">
    <p class='ocr_par' dir='ltr' id='par_1_116' title="bbox 1806 5798 2291 5853">
     <span class='ocr_line' id='line_1_116' title="bbox 1806 5798 2291 5853; baseline 0.004 -4"><span class='ocrx_word' id='word_1_834' title='bbox 1806 5799 2000 5853; x_wconf 79' lang='grc' dir='ltr'>ιανῶνα</span> <span class='ocrx_word' id='word_1_835' title='bbox 2031 5798 2291 5853; x_wconf 75' lang='lat' dir='ltr'><strong>ediderat.</strong></span> 
     </span>
    </p>
   </div>
  </div>
