3986 6338
646 412 750 498 707

1901 425 2220 490 JOANNIS
2257 427 2573 488 ZONAR/E

3757 426 3848 490 708

643 557 928 603 manorum
951 538 1195 596 dimisit:
1223 539 1496 594 Romanos
1518 535 1674 607 ipsos
1691 536 1742 591 in
1767 535 2001 593 vinculis
2023 552 2200 593 asser-

2309 555 2452 608 σχον,
2480 537 2542 590 οὐ
2577 537 2760 609 μέντοι
2783 540 2874 591 καὶ
2888 540 2935 593 οί
2973 538 3269 611 μαχόμενοι
3287 537 3347 592 ἐν
3373 538 3552 611 έννοίᾳ
3573 539 3731 610 σφῶν
3745 543 3852 610 i7!-

641 636 808 692 vavit.
855 633 951 688 His
990 634 1145 697 actis,
1179 630 1375 686 itinere
1419 629 1647 682 Romam
1681 629 1910 690 intento,
1941 629 2198 684 Narniam

641 741 817 796 usque
845 739 1004 795 agros
1050 721 1336 784 vastando,
1388 728 1442 774 et
1486 719 1649 774 urbes
1704 717 2028 787 subigendo,
2065 717 2201 787 Spo-

640 817 751 873 leto
783 825 1030 883 excepto,
1066 826 1407 883 progressus,
1455 810 1516 865 C.
1554 810 1880 866 Centenium
1913 819 2200 880 praetorem

637 909 1098 967 circumventum,
1121 902 1336 958 evitatis
1355 900 1723 972 cjttsiinsidiis,
1743 899 1966 955 occidit.
1995 900 2038 954 A
2066 899 2204 969 Spo-

529 996 532 999 ’
640 999 752 1054 leto
795 997 1068 1067 repulsus,
1116 1010 1240 1050 cum
1297 1003 1518 1064 pontem
1551 993 1711 1048 Naris
1737 992 2009 1062 deiectum
2036 991 2204 1046 vidis—

639 1099 746 1154 set,
779 1091 1034 1157 idemque
1066 1079 1277 1143 eaeteris
1307 1085 1648 1149 ﬂuminibus,
1690 1099 1812 1154 qua:
1845 1084 2079 1140 transire
2109 1099 2206 1139 ne-

639 1196 791 1236 cesse
840 1180 1098 1257 habebat,
1127 1193 1247 1232 esse
1286 1179 1490 1233 factum
1531 1176 1816 1232 audisset:
1858 1176 2061 1232 omisso
2093 1175 2204 1231 Ro-

639 1288 800 1326 mano
832 1273 1047 1336 itinere,
1102 1270 1159 1326 in
1198 1270 1550 1341 Campaniam
1599 1274 1659 1324 se
1703 1269 1994 1333 convertit,
2045 1268 2206 1339 cujus

640 1364 813 1421 solum
848 1362 1267 1429 fertilissimum,
1297 1371 1356 1418 et
1393 1362 1589 1417 urbem
1637 1360 1875 1430 Capuam
1911 1359 2204 1416 maximam

638 1468 760 1507 esse
798 1451 1079 1509 audiebat.
1102 1453 1250 1518 Quas
1276 1451 1321 1507 si
1347 1460 1689 1522 occupasset,
1741 1466 1798 1507 se
1816 1459 2023 1510 cetera
2051 1449 2205 1506 brevi
2234 1463 2236 1465 ‘

526 1609 530 1615 η
640 1554 885 1614 tempore
915 1545 1256 1614 adiecturum
1287 1542 1534 1613 putabat.
1564 1543 1796 1598 Romani
1828 1543 1985 1599 clade
2017 1541 2204 1598 audita

641 1634 820 1688 mmsti
846 1643 1010 1702 atque
1044 1632 1213 1696 anxii,
1259 1640 1312 1687 et
1354 1631 1677 1702 semetipsos
1725 1641 1780 1686 et
1811 1646 1983 1687 cassos
2012 1633 2207 1701 lugen-

641 1736 743 1791 tes,
791 1735 982 1792 pontes
1030 1723 1266 1787 Tiberis,
1301 1733 1503 1794 praeter
1537 1737 1730 1787 unum,
1774 1721 2118 1793 deiecerunt,
2147 1728 2208 1776 et

638 1817 838 1872 muenia
870 1815 1057 1874 multis
1087 1815 1141 1877 in
1160 1814 1305 1870 locis
1326 1815 1549 1870 rainosa
1582 1813 1836 1869 celeriter
1869 1811 2201 1872 refecerunt,

2301 645 2477 682 νοντο.
2509 630 2682 693 Αὐτός
2719 647 2775 682 τε
2811 625 2912 685 οὖν
2935 633 2964 685 ό
3000 630 3310 700 Φλαμίνιος.
3349 632 3442 685 καὶ
3504 631 3654 685 ἄλλοι
3715 650 3852 703 παμ-

2309 721 2537 792 πληθεῖς
2565 722 2780 777 ἔπεσον·
2819 724 3003 794 συχνοὶ
3034 722 3090 776 δὲ
3117 722 3208 776 ἐπί
3234 711 3356 776 τινα
3376 722 3536 793 λόφον
3561 723 3849 793 ἀνέδησαν·

2301 813 2428 874 ἐπεὶ
2462 812 2508 865 δ’
2531 814 2712 884 ἡμέρα
2741 815 2978 882 ιγένετο,
3002 817 3085 878 είς
3125 815 3302 885 φυγὴν
3329 813 3618 885 ὥρμησαν,
3635 817 3733 867 καὶ
3761 831 3849 868 κα-

2301 904 2688 975 ταληφθέντες,
2709 905 2778 959 τά
2804 923 2864 959 τε
2886 907 3035 960 ὅπλα
3056 906 3152 960 καὶ
3180 906 3403 970 ἑαυτοὺς
3427 905 3515 959 ὶπ⁹
3541 907 3697 976 ἀδείᾳ
3721 922 3850 976 παρ-

2303 993 2512 1047 έδοσαν.
2542 993 2610 1046 ’⁷0
2639 1009 2703 1061 γε
2736 995 2840 1064 μὴν
2882 992 3128 1056 Ἀννίϐας
3176 987 3352 1063 βραχὺ
3407 991 3514 1045 τῶν
3542 992 3854 1061 ὀμωμοσμέι

2307 1101 2413 1137 νων
2439 1085 2744 1154 ἐφρόντισε,
2787 1086 3009 1139 πάντων
3051 1085 3109 1138 δὲ
3137 1084 3245 1138 τῶν
3294 1085 3354 1136 έν
3393 1083 3473 1153 τῷ
3514 1083 3852 1153 στρατοπέδῳ

2307 1175 2564 1239 ἁλόντων,
2593 1175 2654 1228 τὸ
2679 1174 2778 1245 μὲν
2833 1175 3100 1246 ὑπήκοον,
3152 1175 3212 1229 τό
3236 1191 3319 1228 τε.
3363 1173 3713 1244 συμμαχικὸν
3760 1173 3856 1224 τῶν

2314 1262 2599 1332 Ῥωμαίων
2627 1264 2866 1334 ἀφῆκεν,
2900 1262 3100 1327 αὐτοὺς
3130 1263 3190 1316 δὶ
3234 1263 3474 1326 ἐκείνους
3521 1262 3694 1333 δήσας
3737 1261 3856 1328 £915-

2304 1350 2493 1406 λασσε.
2515 1353 2735 1422 Πράξας
2755 1353 2813 1406 δὲ
2833 1352 3030 1418 ταῦτα,
3060 1354 3154 1424 ἐπὶ
3179 1353 3279 1424 τὴν
3322 1351 3549 1422 Ῥώμην
3586 1351 3854 1421 ἠπείγετο,

2304 1445 2399 1497 καὶ
2429 1446 2595 1517 μέχρι
2629 1444 2728 1515 μὶν
2752 1445 2998 1517 Ναρνιᾶς
3023 1447 3124 1515 τήν
3156 1462 3215 1498 τε
3237 1445 3341 1516 γῆν
3369 1445 3605 1515 τέμνων,
3639 1445 3736 1498 καὶ
3764 1445 3852 1504 τὰς

2304 1536 2493 1601 πόλεις
2546 1538 2962 1608 προσαγόμενος
3023 1537 3165 1606 πλὴν
3226 1538 3543 1602 Σπολιτίου,
3611 1535 3852 1608 προῆλθε.

2304 1627 2463 1682 Γάῖόν
2500 1645 2560 1682 τε
2582 1627 2826 1682 ίνταῦθα
2861 1628 3154 1696 Κεντήνιον
3183 1626 3489 1696 στρατηγὸν
3521 1626 3854 1697 ινεδρεύοντα

2304 1719 2581 1792 περισχὼν
2610 1719 2879 1774 ἔκτεινεν.
2923 1718 3010 1781 Ὠς
3042 1719 3100 1771 δέ
3126 1718 3206 1790 τῷ
3240 1718 3509 1789 Σπολιτίῳ
3543 1703 3852 1788 «primum»:

2303 1811 2653 1883 ἀπεκρούσθη
2685 1851 2702 1876 ,
2734 1812 2827 1864 καὶ
2883 1812 2982 1882 τὴν
3014 1811 3109 1864 τοῦ
3157 1812 3394 1882 Ναείίρου
3443 1811 3694 1881 γέφυραν
3733 1810 3855 1863 καθ·

637 1918 692 1963 et
718 1908 1038 1965 dictatorem
1067 1908 1122 1963 in
1154 1906 1418 1962 concione
1439 1906 1695 1960 dixerunt
1718 1923 1730 1959 :
1756 1919 1818 1959 ac
1842 1905 1980 1960 bene
2009 1918 2198 1960 secum

2309 1903 2596 1974 ῃρημένην
2626 1899 2756 1970 εῐδε,
2784 1904 2879 1957 καὶ
2910 1904 3042 1974 περὶ
3065 1904 3192 1967 τοὺς
3211 1903 3403 1968 ἄλλους
3448 1903 3749 1973 ποταμοὺς,
3772 1901 3854 1963 οὓς

638 2001 723 2069 agi
759 1999 1156 2060 existimantes,
1193 1996 1240 2052 si
1269 1997 1371 2065 ipsi
1396 2003 1683 2050 manerent
1705 1994 2027 2059 incolumes,
2053 1995 2211 2049 nulla-

638 2091 804 2145 sociis
830 2090 1029 2146 auxilia
1082 2090 1371 2145 miserunt.
1418 2086 1525 2143 Sed
1570 2087 1855 2142 Annibalis
1887 2085 1944 2141 in
1971 2085 2203 2156 Campa-

638 2182 784 2236 niam
822 2179 1160 2249 prot‘eetione
1199 2178 1403 2243 audita,
1438 2178 1603 2232 etiam
1652 2177 1816 2232 sociis
1861 2191 2021 2246 opem
2053 2176 2198 2232 ferre

639 2270 1027 2324 decreverunt.
1098 2267 1356 2323 Annibali
1401 2267 1724 2323 dictatorem
1763 2266 1990 2323 Fabium
2032 2277 2090 2322 et
2129 2266 2201 2320 Μ.

638 2346 932 2417 minutiam
962 2362 1301 2430 magistrum
1347 2359 1596 2429 equitum
1642 2365 2058 2428 opposuerunt:
2107 2355 2201 2426 qui

639 2469 762 2508 eum
813 2467 880 2506 eo
918 2452 1225 2528 venissent,
1277 2454 1402 2507 eum
1442 2450 1535 2505 illo
1586 2464 1694 2506 non
1743 2450 2020 2519 congressi
2053 2457 2201 2516 sunt,

2303 1993 2600 2060 ἀναγκαῖον
2625 1993 2876 2058 διελθεῖν,
2902 1993 3061 2048 τοῦτο
3087 1994 3308 2064 γεγονὸς
3348 1993 3604 2060 επύθετο,
3637 1993 3734 2063 τῆς
3765 1993 3852 2062 μὲν

2302 2086 2394 2137 ἐπὶ
2421 2085 2517 2156 τὴν
2558 2085 2782 2156 Ῥώμην
2813 2087 2991 2156 ὁρμῆς
3038 2085 3300 2156 ιπέσχεν·
3350 2087 3409 2147 ις
3466 2086 3525 2139 δὲ
3563 2086 3855 2156 τὴν-Καμ-

2303 2177 2502 2232 πανίαν
2527 2177 2818 2246 ἐτράπετο,
2851 2177 2953 2248 τήν
2968 2194 3036 2231 τε
3069 2176 3253 2249 χώραν
3276 2177 3510 2248 ἀρίστην
3533 2179 3631 2231 καὶ
3652 2175 3745 2247 τὴν
3765 2177 3853 2228 πό-

2302 2267 2388 2322 λιν
2411 2266 2511 2338 τὴν
2542 2268 2776 2339 Καπύην
2811 2267 3077 2339 μεγίστην
3105 2267 3269 2322 οὖσαν
3301 2267 3541 2332 ἀκούων,
3595 2266 3851 2335 ενόμιζεν,

2303 2358 2351 2410 εί
2393 2359 2532 2427 σφᾶς
2559 2357 2988 2429 προκαταλάὸοι,
3034 2358 3128 2411 καὶ
3163 2342 3330 2412 τᾶλλα
3350 2357 3416 2410 δι’
3469 2356 3658 2424 ὀλίγον
3696 2369 3827 2426 προσ

2304 2448 2636 2524 κτήσασθαι.
2672 2447 2801 2502 Οίδ’
2830 2450 2888 2502 ὲν
2912 2451 2977 2520 τῇ
3012 2447 3211 2520 Ῥώμῃ
3234 2448 3532 2518 πυθόμενοι
3587 2449 3722 2520 περὶ·
3765 2445 3852 2512 τῆς

639 2546 734 2599 sed
767 2543 936 2613 tergis
967 2543 1318 2606 inhaerentes.
1366 2542 1734 2596 observarunt
1763 2541 1981 2610 quando
2011 2555 2069 2595 se
2099 2556 2198 2610 pu-

2309 2541 2719 2612 ἥττηςὴλγησαν
2733 2540 2828 2594 καὶ
2852 2531 2939 2593 διὰ
2965 2540 3213 2603 ἐκείνους
3225 2540 3322 2594 καὶ
3346 2540 3414 2593 δι’
3442 2540 3671 2602 ἑαυτοὺς
3684 2539 3858 2607 ὀδυρό-

638 2651 757 2706 gnae
803 2636 1027 2691 oﬂ‘erret
1071 2633 1310 2688 occasio.
1367 2631 1574 2688 Fabius
1602 2631 1753 2686 enim
1776 2645 1901 2685 cum
1933 2630 2204 2686 militibus

2309 2645 2460 2699 μενοι
2478 2631 2573 2682 καὶ
2590 2632 2647 2682 έν
2668 2630 2856 2701 ἀπόρῳ
2875 2625 3013 2702 ἦσαν
3031 2631 3130 2694 τάς
3151 2648 3208 2686 τε
3226 2630 3468 2702 γεφύρας
3484 2629 3581 2684 τοῦ
3598 2630 3854 2700 Τιϐέριδος

641 2725 869 2798 trepidis
896 2733 952 2788 et
979 2725 1138 2780 victis
1174 2733 1366 2780 contra
1412 2723 1578 2796 ιιι
1613 2725 1818 2794 plures,
1860 2731 1918 2776 et
1943 2724 2202 2793 victores,

2309 2720 2446 2789 πλὴν
2466 2721 2594 2789 μιᾶς
2615 2719 2886 2786 καθεῖλον,
2905 2720 3001 2774 καὶ
3013 2722 3081 2775 τὰ
3096 2721 3247 2793 τείχη
3269 2721 3506 2792 πολλαχῆ
3527 2729 3852 2789 πεπονηκῆτα

641 2812 825 2868 Martis
875 2813 1048 2867 aleam
1091 2812 1331 2881 experiri
1391 2811 1608 2868 noluit:
1649 2811 1922 2882 simulque
1955 2809 2204 2880 putabat,

2309 2811 2511 2882 σπουδῇ
2544 2810 2939 2873 ἐπεσκεύαζον.
2974 2814 3278 2884 Δικτάτορά
3317 2830 3378 2866 τε
3409 2811 3852 2884 προχειρίσασθαι

638 2919 750 2974 quo
777 2903 947 2974 magis
979 2917 1169 2972 agrum
1194 2909 1517 2968 vastassent,
1564 2917 1631 2958 eo
1671 2902 1836 2958 citius
1866 2909 2207 2967 commeatus

2309 2896 2684 2975 βουληθέντες,
2703 2901 2859 2955 αὐτοὶ
2886 2903 2945 2955 έν
2962 2903 3228 2976 ἐκκλησίᾳ
3251 2904 3411 2958 αὑτὸν
3430 2906 3672 2960 άνειπον.
3707 2905 3848 2971 Ἄγα-

641 2995 869 3066 penuria
901 2993 1264 3055 laboraturos.
1301 2991 1396 3048 llis
1424 2992 1746 3052 rationibus.
1784 2992 2073 3058 adductus,
2110 3007 2206 3048 ne-

2309 2988 2517 3054 πῶντες
2543 2990 2601 3044 δὲ
2635 2992 2683 3043 εί
2707 2991 2862 3046 αὐτοὶ
2893 2981 3044 3063 μόνοι
3071 2994 3326 3062 ’σωθεῖεν,
3355 2996 3456 3050 οὐκ
3480 2995 3728 3050 ἔστειλαν
3747 2997 3848 3056 τοῖς

642 3101 748 3155 que
778 3084 938 3139 alteri
970 3084 1181 3154 regioni
1216 3083 1334 3148 ulli,
1365 3097 1542 3153 neque
1580 3082 1894 3154 Campania:
1927 3097 2087 3154 opem
2118 3090 2208 3138 tu-

2309 3080 2622 3151 συμμάχοις
2650 3082 2928 3159 βοήθειαν.
2957 3085 3262 3156 Πυθόμενοι
3298 3087 3355 3140 δὲ
3399 3089 3493 3141 τὸν
3531 3086 3776 3143 ’Δννίδαν
3801 3087 3850 3147 is

641 3177 744 3230 lit:
795 3185 851 3231 et
890 3190 1081 3230 omnes
1126 3174 1314 3229 hostes
1358 3175 1409 3229 in
1446 3173 1744 3245 Campania
1790 3174 2102 3237 conclusos,
2149 3182 2205 3230 et

2310 3172 2646 3250 Καμπανίαν
2674 3175 3004 3246 ὁρμηθῆναι,
3046 3179 3109 3229 τό
3146 3195 3207 3230 τε
3247 3179 3342 3231 καὶ
3387 3179 3502 3243 τοῖς
3559 3179 3850 3248 συμμάχοις

644 3265 886 3338 undique
933 3267 1251 3334 ignorantes
1289 3263 1664 3319 circumdatos
1708 3264 2038 3318 observavit.
2068 3263 2204 3319 Nam

644 3355 747 3425 ipsi
802 3355 1022 3424 quidem
1069 3363 1124 3408 et
1164 3342 1230 3408 ex
1281 3353 1416 3406 mari
1459 3363 1515 3408 et
1561 3367 1631 3410 ex
1681 3353 1844 3409 sociis
1892 3353 2206 3408 civitatibus

645 3453 980 3500 commeatus
1001 3443 1216 3497 abunde
1246 3442 1567 3512 suppetebat
1593 3461 1608 3496 :
1643 3443 1750 3499 illis
1774 3459 1905 3498 vero
1925 3444 2060 3499 nihil
2081 3458 2202 3498 esse

645 3534 750 3588 nisi
799 3551 866 3589 ex
915 3549 1166 3604 agrorum
1213 3534 1516 3589 vastatione
1571 3546 1749 3590 norat.
1803 3533 1899 3590 His
1929 3534 1996 3589 de
2026 3534 2209 3590 causis

646 3639 852 3678 moram
881 3640 1037 3694 aequo
1085 3624 1294 3678 terebat
1323 3625 1530 3694 animo,
1563 3635 1618 3680 et
1646 3640 1678 3680 a
1703 3624 1914 3682 civibus
1940 3641 2050 3680 non
2088 3626 2208 3680 sine

644 3715 884 3782 querelis
915 3714 1214 3769 Cunctator
1244 3713 1551 3769 dicebatur.

2309 3262 2669 3334 ἐπικουρῆσαι
2701 3264 2968 3333 ἔγνωσαν·
2998 3267 3075 3337 τῷ
3108 3267 3156 3320 δ’
3199 3268 3418 3337 Ἀννίϐα
3449 3269 3543 3320 τὸν
3577 3269 3850 3334 δικτάτορα

2308 3352 2400 3404 τὸν
2424 3352 2643 3418 Φάϐιον,
2682 3355 2776 3408 καὶ⁹
2819 3357 2908 3409 τὸν
2942 3357 3224 3428 ἵππαρχον
3257 3358 3348 3412 τὸν
3379 3359 3608 3426 Μάρκον
3635 3359 3721 3410 τον
3751 3357 3848 3410 Μι-

2306 3441 2523 3496 νούκιον
2556 3445 3040 3517 άντικατέστησαν.
3069 3449 3134 3502 Οἳ
3170 3450 3257 3506 ἐπ’
3285 3451 3492 3502 ἐκεῖνον
3517 3447 3777 3510 ἐλθόντες,
3802 3448 3850 3508 ἐς

2306 3533 2403 3601 μὲν
2425 3536 2616 3605 χεῖρας
2648 3537 2796 3608 αὑτῷ
2820 3539 2920 3590 οὐκ
2939 3538 3134 3610 ᾔεσανον
3167 3541 3543 3609 παρεπόμενοι
3569 3539 3626 3594 δὲ
3659 3538 3844 3606 ἐπετή-

2307 3624 2459 3692 ρουν,
2507 3627 2663 3679 εῐπου
2689 3629 2880 3698 καιρὸς
2913 3631 3091 3699 μάχης
3125 3632 3457 3700 παραπέσοι·.
3484 3627 3851 3684 ἀποκινδυνεῦ-

2305 3730 2393 3766 σαι
2425 3719 2535 3786 γὰρ
2559 3718 2588 3769 ὁ
2619 3717 2818 3780 Φάσιος
2851 3721 3216 3790 κατεπτηχόσι
3248 3719 3609 3792 στρατιώταις
3647 3720 3737 3772 καὶ
3763 3718 3848 3787 ἠτ-

646 3805 923 3890 τημένοις,
956 3805 1089 3875 πρὸς
1115 3805 1335 3869 πλείους
1365 3805 1845 3878 καὶ“νενικηκότας
1879 3806 1981 3861 οὐκ
2013 3803 2198 3878 ἦθελε,
2233 3807 2326 3860 καὶ
2387 3807 2504 3877 ἅμα
2564 3809 2673 3887 ὅσῳ
2702 3810 2902 3880 μᾶλλον
2939 3811 3036 3883 τὴν
3055 3811 3237 3884 χώραν
3264 3814 3592 3878 κακώσειαν,
3617 3810 3850 3878 ’τοσούτῳ

648 3894 845 3949 θᾶσσον
875 3898 1150 3965 ἀπορῆσαι
1176 3899 1380 3968 τροφῆς
1434 3899 1632 3964 αὐτοὺς
1695 3899 1914 3970 ἤλπισε.
1965 3899 2239 3962 Τοιούτοις
2280 3898 2563 3969 χρώμενος
2608 3901 2912 3972 λογισμοῖς,
2983 3903 3096 3957 οὔτ’
3161 3905 3294 3978 ἄλλῃ
3352 3906 3508 3980 χώρᾳ
3566 3908 3849 3979 έπήμυνεν,

646 3991 771 4045 οὗτε
804 3991 869 4061 τῇ
911 3989 1232 4061 Καμπανίᾳ·
1265 3990 1617 4045 κατέκλεισεν
1646 3987 1740 4046 οὖν
1768 3991 1857 4046 διά
1883 3989 2061 4046 ταῦτα
2095 3991 2206 4047 πᾶν
2240 3991 2301 4044 τὸ
2359 3993 2622 4063 πολέμιον
2661 3996 2743 4058 είς
2767 3996 2866 4064 τὴν
2893 3998 3248 4069 Καμπανίαν.
3315 4001 3603 4073 Περισχὼν
3632 4001 3738 4075 γάρ
3766 4003 3853 4056 αὺο

647 4084 769 4145 τοὺς
801 4083 1172 4153 ἁπανταχόθεν
1201 4082 1302 4134 οὐκ
1328 4081 1536 4148 είδότας
1560 4083 1620 4136 ιν
1649 4083 1866 4153 φυλακῇ
1890 4084 2202 4155 ιποιήσατο.
2244 4084 2420 4150 Αὐτὸς
2490 4085 2591 4156 μὲν
2627 4085 2736 4158 γὰρ
2792 4088 2902 4140 κάκ
2926 4088 3034 4159 ¹¹τῆς
3067 4089 3366 4162 θαλάσσης,
3389 4093 3485 4146 καὶ
3517 4095 3578 4146 εκ
3600 4093 3702 4162 τῆς
3735 4107 3853 4158 σνμ,

650 4173 878 4250 μαχίδος
902 4175 1011 4227 τῶν
1046 4173 1368 4244 ἐπιτηδείων
1403 4173 1648 4245 εὐπορεῖ·
1711 4175 1943 4240 ἐκείνοις
1983 4174 2042 4229 δὲ
2107 4177 2246 4246 μόνα
2279 4178 2350 4233 τὰ
2415 4179 2479 4233 ὲκ
2508 4178 2606 4250 τῆς
2639 4179 2744 4248 γῆς
2773 4179 2841 4251 ῆν
2871 4179 3105 4252 ἔκειρον,
3135 4182 3452 4253 ὑπάρχοντα
3478 4183 3616 4254 ᾔδει.
3643 4186 3750 4241 Καὶ
3779 4186 3853 4237 δια

647 4267 808 4319 τοῦτο
837 4266 1015 4334 ἀνεῖχε
1047 4269 1142 4317 καὶ
1179 4266 1280 4334 τῆς
1316 4265 1622 4338 μελλήσεως
1650 4265 1750 4319 οὒκ
1777 4266 2084 4339 ιφρόντισε.
2117 4267 2210 4322 Διὸ
2240 4267 2337 4321 καὶ
2402 4270 2554 4341 παρὰ
2605 4269 2716 4325 τῶν
2743 4269 2978 4325 πολιτῶν
3007 4272 3196 4327 αἰτίαν
3232 4267 3375 4344 εῖχεν
3433 4274 3508 4340 ὡς
3580 4277 3675 4332 καὶ
3726 4276 3850 4334 Μιλ-

648 4359 815 4430 λητὴς
843 4355 1320 4424 ὲπωνομασθῆναι.

723 4449 908 4505 XXVI.
952 4447 1187 4503 Annibal
1226 4455 1430 4516 autem,
1463 4448 1701 4504 instante
1753 4449 1951 4516 hieme,
1991 4466 2116 4507 eum
2143 4451 2216 4508 ob

2395 4449 2539 4518 κεῖν.
2574 4449 2634 4507 '0
2667 4449 2711 4504 δ’
2757 4447 3005 4514 Ἀννίεας
3037 4452 3160 4506 ἐπεὶ
3188 4434 3324 4523 πρὸς
3350 4455 3595 4525 χειμῶνα
3639 4459 3848 4525 ιτίνιτο,

647 4547 993 4595 commeatus
1029 4539 1312 4607 penuriam
1365 4556 1434 4596 eo
1475 4541 1597 4625 loco
1631 4542 1923 4598 hibernare
1950 4557 2057 4598 non
2093 4559 2208 4615 pos

2319 4542 2415 4596 καὶ
2442 4541 2566 4596 οὔτε
2589 4541 2729 4598 κατὰ
2756 4542 2943 4614 χώραν
2978 4544 3240 4614 χειμάσαι
3295 4547 3491 4600 σπάνει
3539 4547 3650 4604 τῶν
3705 4551 3849 4615 ἀναγ-

642 4641 756 4696 eet,
789 4641 843 4685 et
871 4631 1053 4683 varias
1087 4630 1326 4684 rationes
1374 4631 1682 4705 Campaniae
1725 4634 1960 4689 exeundi
2011 4635 2213 4692 frustra

658 4727 939 4784 tentasset,
968 4718 1280 4788 hujusmodi
1309 4711 1599 4775 consilium
1627 4724 1792 4793 cepit.
1816 4722 2072 4795 Captivos
2099 4739 2215 4778 om-

658 4823 760 4862 nes
793 4817 1136 4869 convoeatos,
1187 4824 1255 4862 ne
1288 4807 1412 4879 quis
1456 4825 1645 4864 eorum
1669 4813 1955 4886 eﬁ‘ugeret,
1991 4823 2047 4870 et
2081 4814 2213 4885 quid

654 4891 912 4967 ageretur
957 4897 1214 4952 Romanis
1259 4899 1606 4969 signiﬁcaret,
1654 4897 1890 4958 occidit:
1931 4913 1986 4960 et
2024 4905 2213 4969 boum,

661 5004 798 5058 quos
841 4989 893 5041 in
943 4989 1138 5042 castris
1185 4990 1442 5055 habebat,
1486 4993 1747 5049 cornibus
1775 4993 1922 5050 faces
1949 4996 2211 5068 alligavit,

662 5087 936 5146 noctuque
966 5077 1032 5131 ad
1063 5078 1388 5135 Samnitieos
1442 5093 1655 5140 montes
1678 5086 1975 5155 profectus,
2008 5086 2215 5146 facibus

665 5169 902 5222 incensis
946 5169 1112 5223 boves
1143 5171 1506 5238 extimulavit,
1553 5174 1644 5243 qui
1672 5176 1779 5245 igni
1803 5186 1859 5232 et
1899 5175 2217 5237 verberibus

665 5255 723 5308 in
755 5254 958 5337 rabiem
991 5256 1124 5322 acti,
1169 5257 1355 5311 multis
1387 5258 1439 5312 in
1473 5259 1608 5315 locis
1649 5261 1782 5316 silva
1814 5264 2057 5326 incensa,
2085 5247 2217 5320 laci-

665 5345 773 5400 lem
804 5345 854 5397 ei
887 5346 1167 5400 transitum
1200 5349 1571 5417 praebuerunt.
1602 5336 1736 5406 Nam
1758 5353 2003 5429 .Romani
2035 5355 2131 5428 qui
2162 5354 2216 5409 in

665 5435 863 5488 castris
908 5444 964 5488 et
1005 5437 1235 5492 collibus
1288 5449 1463 5507 erant,
1513 5442 1742 5498 insidias
1790 5446 1972 5513 veriti,
2016 5462 2074 5502 se
2105 5460 2216 5507 non

669 5535 1100 5578 commoverunt.
1132 5526 1221 5582 Sic
1252 5529 1483 5585 Annibal
1530 5534 1596 5589 ad
1643 5532 1911 5591 Samnites
1947 5529 2215 5608 pervenit.

674 5613 750 5670 Ea
775 5630 830 5669 re
863 5615 1057 5671 Fabius
1099 5612 1268 5673 mane»
1295 5624 1530 5690 cognita,
1574 5626 1838 5683 abeuntes
1861 5643 2215 5700 persequens,

680 5703 747 5757 iis
777 5705 868 5772 qui
899 5707 965 5760 ad
998 5707 1183 5762 hostes
1230 5710 1569 5779 repellendos
1613 5716 1666 5770 in
1701 5718 1788 5772 via
1836 5717 2010 5773 relicti
2037 5730 2215 5781 erant.

717 5797 897 5861 agatis,
924 5811 1219 5867 eorumque
1267 5800 1429 5855 sociis
1465 5809 1771 5872 superatis:
1813 5823 1918 5862 non
1973 5810 2213 5877 procula

2316 4635 2485 4690 καίων
2512 4634 2764 4705 ἠδύνατο,
2794 4636 2890 4688 καὶ
2920 4635 3165 4709 πολλαχῆ
3220 4638 3488 4709 πειράσας
3524 4640 3720 4706 ἐξιέναι
3767 4645 3847 4710 τῆς

2314 4725 2646 4795 Καμπανίας
2703 4725 3000 4791 κεκώλυτο,
3046 4727 3290 4781 τοιοῦτόν
3352 4746 3402 4782 τι
3456 4731 3844 4804 ἐμηχανήσατο.

2312 4816 2454 4879 Τοὺς
2483 4815 2864 4888 αίχμαλώτους
2897 4817 3130 4883 πάντας,
3163 4819 3250 4872 ῐνα
3292 4822 3367 4891 μή
3395 4839 3478 4886 τις
3520 4824 3699 4878 αὐτῶν
3746 4824 3842 4877 δια-

2313 4904 2480 4974 φύγῃ,
2517 4906 2611 4957 καὶ
2648 4905 2709 4957 τὺ
2751 4904 3034 4973 γινόμενον
3097 4909 3339 4982 γνωρίσῃ
3390 4915 3505 4976 τοῖς
3556 4915 3842 4983 Ῥωμαίοις.

2313 4995 2617 5063 κατέσφαξε
2651 5011 2665 5028 ο
2701 4999 2795 5051 καὶ
2823 4999 2919 5062 τὰς
2945 5000 3001 5052 ὲν
3023 4999 3098 5070 τῷ
3122 5003 3468 5073 στρατοπέδῳ
3509 5005 3634 5074 βοῦς
3687 5006 3843 5076 ἁθροί-

2315 5104 2435 5153 σας,
2465 5088 2625 5158 δᾷδας
2654 5091 2766 5154 τοῖς
2799 5091 2976 5147 αὐτῶν
3006 5093 3308 5163 προσέδησε
3337 5095 3555 5165 κέρασι,
3585 5098 3676 5150 καὶ
3729 5097 3840 5166 πρὸς

2313 5181 2382 5234 τὰ
2406 5182 2548 5234 κατὰ
2572 5183 2697 5245 τοὺς
2727 5184 3000 5254 Σαμνίτας
3048 5186 3174 5255 δρηί
3205 5186 3310 5239 ὑπὸ
3369 5186 3541 5242 νύκτα
3592 5191 3841 5261 χωρήσας.

2315 5271 2413 5334 τάς
2447 5288 2507 5324 τε
2544 5272 2707 5342 δᾷδας
2735 5275 2906 5346 ἀνῆψε
2935 5278 3032 5330 καὶ
3061 5279 3157 5340 τὰς
3201 5277 3326 5348 βοῦς
3358 5281 3730 5352 ,ἰπετάραξειη
3772 5284 3842 5334 Οἱ-

2318 5362 2637 5434 στρηθείσαι
2664 5365 2708 5418 δ’
2741 5367 2944 5421 ἐκεῖναι
2971 5366 3060 5420 διὰ
3112 5369 3174 5422 τὸ
3199 5369 3309 5441 πῦρ
3357 5373 3456 5434 καὶ
3508 5374 3610 5442 τὴν
3660 5373 3838 5432 ἔλασιν,

2320 5453 2565 5524 πολλαχῆ
2595 5456 2694 5526 τὴν
2725 5456 2856 5526 ὓλην
2895 5458 3223 5529 ἐνέπρησαν,
3270 5461 3380 5514 κάκ
3425 5461 3620 5517 τούτου
3676 5465 3839 5534 ῥᾳδίαν

2319 5543 2592 5613 παρέσχον
2621 5545 2771 5612 αὑτῷ
2795 5546 2894 5613 τὴν
2923 5545 3243 5617 ὑπέρδασιν.
3272 5549 3336 5622 οἱ
3366 5547 3474 5620 γάρ
3503 5551 3562 5603 ιν
3594 5550 3673 5621 τῷ
3702 5550 3841 5612 πεδίῳ

2336 5632 2595 5701 Ῥωμαῖοι
2626 5636 2718 5687 καὶ
2747 5636 2798 5688 ot
2831 5637 2886 5688 ἐν
2923 5641 3033 5700 τοίς
3073 5636 3388 5710 μετεώροις,
3429 5637 3651 5712 ένέδρας
3703 5656 3841 5704 πτοηο

2321 5723 2524 5786 θέντες,
2577 5726 2678 5777 οὐκ
2729 5727 3085 5796 ικινήθησαν.
3143 5730 3251 5782 Καὶ
3297 5730 3468 5796 οὕτως
3531 5735 3560 5783 ὁ
3627 5729 3840 5784 ’Δννέδας

2328 5814 2534 5883 διῆλθε,
2567 5817 2658 5868 καὶ
2682 5817 2735 5879 ις
2758 5817 2858 5886 τὴν
2881 5818 3172 5898 Σαμνίτιδα
3204 5822 3489 5891 ίκομίσθη.
3518 5818 3592 5874 ’Ὀ
3624 5819 3713 5874 οὖν
3761 5819 3838 5873 οι·
