3986 6338
175 464 276 527 709

1358 446 1774 511 ANNAL‘lUM
1801 448 1953 509 LIB.
1992 446 2163 510 VIII.

3272 453 3380 517 7ιο

168 582 298 646 διας,
340 575 467 648 μεθ’
507 572 723 646 ἡμέραν
754 570 816 624 τδ
862 559 1157 639 γενόμενον
1190 566 1377 637 γνοὺς,
1417 564 1735 629 κατεδίωξε,

1848 561 2023 617 Ρωηίε
2053 569 2230 616 castra
2260 560 2463 631 posuit,
2496 559 2591 616 sed
2626 576 2803 633 pugna
2836 561 3154 627 detrectata.
3188 580 3283 621 eos
3316 585 3406 624 va-

172 668 425 735 xutﬁoéq
449 683 508 719 τε
540 662 1069 730 καταλελειμμένους
1117 663 1185 713 εν
1222 661 1288 730 τῇ
1320 658 1425 729 ὁδῷ
1459 657 1549 712 ἵνα
1589 657 1728 726 σφᾶς

170 759 380 831 εἶρξασι
415 756 772 830 τρεψάμενος,
811 752 903 806 καὶ
947 752 1072 814 τοὺς
1128 749 1500 822 βοηθήσαντας
1549 748 1734 809 αὐτοῖς

173 854 477 923 κρατήσας,
525 844 1065 920 ἐστρατοπεδεύσατο
1111 842 1211 911 μὲν
1263 842 1324 894 οὗ
1392 842 1580 912 πόρρω
1627 838 1734 891 τῶν

173 942 471 1012 πολεμίων,
501 930 561 993 οὐ
589 942 770 1008 μέντοι
803 939 898 990 καὶ
947 938 1003 1000 ἐς
1037 937 1226 1007 χεῖρας
1256 933 1488 995 ἐκείνοις
1544 927 1732 1000 ἦλθεν,

172 1034 280 1086 ἀλλ’
340 1027 779 1085 ἀποσκίδνασῦαί
834 1044 893 1079 τε
963 1025 1161 1086 αὐτοὺς
1222 1023 1317 1076 καὶ
1372 1018 1734 1093 προνομεύειν

172 1121 430 1178 ἐκώλυεν.
463 1122 628 1175 Ὥστε
671 1118 763 1172 τδν
801 1101 1072 1181 ’Δννίὸαν-,
1105 1114 1477 1183 ἀπορήσαντα,
1526 1111 1587 1162 τὸ
1635 1109 1730 1179 μὲν

173 1215 388 1283 πρῶτον
422 1214 515 1266 ἐπὶ
540 1211 640 1283 τὴν
677 1207 899 1281 Ῥώμην
928 1206 1193 1277 ὁρμῆσαν
1252 1205 1328 1267 ὡς
1370 1204 1416 1257 δ’
1458 1203 1565 1256 οὐκ
1604 1201 1739 1272 ὲμά-

171 1307 407 1377 χετο,δι’
437 1304 670 1375 ἡσυχίας
701 1302 759 1357 δὲ
793 1301 1201 1373 παρηκολούθει
1229 1298 1257 1350 ὀ
1302 1296 1525 1358 Φάὸιος,
1582 1294 1738 1356 αὖθις

173 1396 514 1468 ὑπέστρεψεν
569 1398 651 1459 είς
706 1394 769 1448 τὸ
815 1394 1072 1465 Σάμνιον.
1114 1391 1226 1446 Καὶ
1266 1392 1295 1444 ὁ
1339 1387 1539 1450 Φάσιος
1588 1383 1737 1455 αὐτῷ

171 1491 505 1560 ἐφεπόμενος
515 1486 583 1540 δι’
600 1485 902 1555 ἀσφαλείας
923 1484 1261 1556 προσήδρευε
1285 1477 1568 1552 προμηθοὺ
1578 1492 1737 1547 μενος

173 1581 305 1650 μήτε
351 1580 462 1632 τῶν
491 1579 707 1631 οἰκείων
733 1576 1028 1631 ἀποϐαλεῖν
1055 1590 1229 1639 τινας,
1248 1572 1342 1625 καὶ
1368 1570 1530 1633 αὐτὸς
1566 1568 1663 1639 μὲν
1681 1568 1737 1619 ἐν

171 1667 404 1738 εὐπορίᾳ⁵
446 1664 555 1719 τῶν
576 1663 892 1733 ἀναγκαίων
916 1663 1222 1733 τυγχάνων,
1282 1659 1474 1731 ικιίνῳ
1517 1659 1574 1711 δὲ
1629 1658 1738 1711 τῶν

169 1759 349 1813 ὅπλων
389 1759 545 1820 ἐκτὸς
571 1757 723 1811 οὐδὲν
745 1757 1034 1828 προσεῖναι
1080 1753 1248 1825 ὀρῶν,
1277 1753 1373 1807 καὶ
1432 1752 1553 1822 μηδ’
1593 1750 1741 1803 οίκο-

171 1849 260 1902 θεν
291 1849 633 1920 προσιοῦσαν
674 1848 1032 1917 ἐπικουρίαν.
1092 1850 1155 1900 Ol
1214 1846 1324 1916 γάρ
1380 1844 1736 1915 Καρχηδόνιοι

1839 654 1950 724 gari
1984 662 2039 708 et
2066 652 2277 723 pranlas
2305 668 2461 725 agere
2492 652 2795 723 prohibuit.
2828 653 3023 724 Itaque
3074 656 3307 712 Annibal
3336 660 3406 714 ob

1840 744 2172 799 cibariorum
2215 743 2507 814 penuriam
2566 746 2801 813 primum
2861 745 3086 799 Romam
3150 748 3409 806 invadere

1842 836 2048 891 statuit.
2074 834 2144 891 Ut
2171 844 2353 889 autem
2384 834 2585 888 Fabius
2618 851 2811 904 pugnae
2843 838 2998 905 copia
3021 848 3237 906 negata,
3282 855 3407 895 eum

1842 926 2179 995 pedetentim
2207 926 2601 989 assectabatur,
2660 927 2711 981 in
2760 926 3043 982 Samnium
3080 930 3284 985 rediit:
3327 931 3412 984 di-

1842 1026 2049 1072 ctatore
2077 1032 2358 1086 nunquam
2390 1018 2457 1071 ab
2488 1033 2553 1071 eo
2586 1017 2939 1085 discedente,
2970 1032 3133 1090 atque
3164 1023 3216 1076 in
3250 1023 3303 1078 id
3329 1024 3410 1077 in-

1845 1116 2017 1172 tento,
2043 1124 2111 1163 ne
2142 1124 2280 1178 quos
2314 1124 2537 1163 suorum
2565 1109 2865 1172 amitteret.
2895 1120 3088 1180 _utque
3121 1113 3234 1183 ipse
3265 1131 3410 1169 com.

1843 1209 2021 1254 meatu
2072 1200 2414 1255 abundaret:
2472 1200 2562 1255 ille
2604 1204 3041 1271 autem'praeter
3092 1220 3239 1259 arma
3275 1207 3411 1261 nihil

1844 1291 2092 1355 haberet,
2125 1307 2302 1362 neque
2340 1291 2504 1346 domo
2552 1295 2752 1349 auxilia
2790 1302 3083 1368 acciperet.
3114 1297 3245 1352 Nam
3277 1297 3413 1353 Car-

1846 1382 2213 1454 thaginienses
2254 1400 2381 1440 eum
2434 1384 2781 1453 deridebant,
2818 1391 3155 1444 scribentem
3183 1406 3240 1445 se
3271 1390 3412 1446 bene

1844 1487 1958 1527 rem
1991 1488 2201 1542 gerere,
2227 1482 2281 1528 et
2312 1475 2594 1544 proSperis
2632 1478 2708 1530 uti
2740 1480 3111 1547 successibus,
3144 1488 3199 1533 et
3229 1490 3409 1535 tamen

1844 1560 2128 1630 pecuniam
2155 1570 2212 1615 et
2240 1563 2442 1617 milites
2471 1562 2803 1634 ﬂagitantem
2830 1584 2848 1621 :
2889 1584 3067 1637 neque
3096 1571 3243 1623 enim
3273 1568 3415 1639 peti-
3496 1560 3499 1565 λ

1846 1654 2020 1707 tiones
2050 1668 2171 1707 cum
2199 1655 2549 1709 successibus
2600 1660 2933 1714 consentire.
2986 1660 3235 1716 Victores
3266 1664 3413 1718 enim

1846 1743 2061 1803 decere.
2099 1743 2438 1797 exercitibus
2467 1759 2604 1813 quos
2637 1744 2875 1801 habeant
2905 1758 3215 1813 contentos,
3248 1767 3415 1820 pecu-

1845 1834 1990 1889 niam
2028 1835 2247 1889 domum
2277 1835 2516 1900 mittere,
2550 1834 2713 1907 διε
2768 1853 2876 1892 non
2931 1840 3297 1896 emendicare.
3339 1844 3414 1899 Ac

171 1942 264 1995 καὶ
293 1944 354 1995 ὲν
383 1940 579 2010 γέλωτι
611 1938 772 1993 αὐτὴν
802 1938 1105 2004 ἐποιοῦντο,
1151 1938 1435 2010 γράφοντα
1481 1933 1538 1989 εὖ
1568 1937 1741 2006 πράτ-

1848 1928 1972 1981 dum
2001 1928 2202 1982 Fabius
2230 1928 2375 1997 apud
2406 1932 2708 1983 exercitum
2741 1929 2863 1991 fuit.
2890 1930 3028 1984 nihil
3054 1929 3269 1987 adversi
3304 1928 3416 1987 Ro;

171 2051 281 2087 τειν
311 2035 411 2087 καὶ
462 2033 633 2107 πολλά
665 2030 986 2102 κατορθοῦν,
1035 2031 1132 2083 καὶ
1218 2027 1557 2101 στρατιώτας
1605 2025 1736 2095 παρ’

171 2130 351 2182 αὐτῶν
387 2125 667 2192 αἰτοῦντα,
697 2127 789 2179 καὶ
817 2124 1100 2194 χρήματα,
1127 2122 1379 2188 λέγοντες
1409 2120 1483 2191 μὴ
1516 2134 1740 2188 συμφω-

173 2223 286 2274 νεῖν
317 2220 421 2282 τὰς
448 2220 696 2288 αἰτήσεις
727 2218 848 2278 ταῖς
880 2213 1278 2284 κατορθώσεσι.
1319 2210 1457 2273 Τοὺς
1509 2209 1618 2279 γὰρ
1661 2226 1737 2261 νι-

173 2314 385 2374 κῶντας
416 2311 683 2381 προσήκει
719 2309 812 2361 καὶ
832 2307 909 2377 τῷ
957 2306 1190 2374 παρόντι
1231 2300 1519 2373 ἀρκεῖσθαι
1574 2317 1741 2370 στρα-

172 2402 430 2475 τεύματι,
474 2406 569 2457 καὶ
623 2403 884 2473 χρήματα
941 2398 1179 2452 στέλλειν
1235 2394 1440 2458 οἶκαδε,
1504 2392 1619 2447 ἀλλ’
1677 2391 1738 2443 οὐ

174 2493 513 2566 προσαιτεῖν.
554 2494 695 2555 Ἕως
730 2492 829 2562 μὲν
849 2489 943 2544 οὖν
967 2488 1218 2557 ένεδήμει
1246 2487 1272 2538 ὁ
1309 2485 1529 2546 Φάσιος,
1569 2482 1739 2535 δεινὸν

172 2586 332 2639 οὐδὲν
354 2588 467 2647 τοῖς
508 2582 801 2653 Ῥωμαίοις
833 2580 1067 2645 ἐγένετο⁸
1094 2577 1168 2640 ὠς
1193 2576 1237 2629 δ’
1268 2577 1475 2635 ἐκεῖνος
1519 2574 1599 2634 είς
1640 2573 1737 2635 τὴν

182 2676 404 2746 Ῥώμην
433 2675 612 2743 ἀπῆρε
645 2672 787 2726 κατά
808 2688 859 2724 τι
890 2660 1171 2740 δημόσιον,
1203 2666 1492 2719 ἔπταισαν.
1553 2664 1609 2716 '0
1632 2663 1737 2732 γὰρ

183 2768 414 2838 Ῥοῦφος
448 2769 476 2821 ὁ
505 2768 801 2836 ίππαρχος,
831 2762 1093 2833 φρόνημα
1152 2758 1308 2812 κενὸν
1360 2759 1464 2811 ὑπὸ
1488 2757 1736 2827 νεότητος

174 2862 312 2933 ἔχων
337 2861 434 2914 καὶ
488 2858 597 2914 τῶν
651 2852 967 2925 πολεμικῶν
1021 2851 1358 2922 σφαλμάτων
1406 2848 1737 2920 ἀπερίοπτος

173 2954 248 3005 ὢν
277 2953 374 3007 καὶ
401 2954 466 3022 τῇ
504 2950 761 3021 μελλήσει
796 2945 892 3001 τοῦ
914 2943 1120 2997 Φαϐίου
1147 2944 1465 3014 ἀχθόμενος,
1487 2944 1608 2995 ἐπεὶ
1643 2942 1742 3012 τὴν

175 3046 512 3115 προστασίαν
546 3043 643 3111 τῆς
674 3039 936 3109 στρατιᾶς
986 3036 1144 3104 μόνος
1174 3036 1321 3105 ισχε,
1370 3037 1477 3088 τῶν
1514 3036 1612 3103 μὲν
1656 3036 1742 3085 ἑν-

175 3140 348 3192 τολῶν
373 3135 467 3190 τοῦ
497 3134 813 3203 δικτάτορος
836 3131 1192 3204 ὠλιγώρησεν
1213 3146 1225 3158 ⁸
1266 3129 1515 3200 ὁρμήσας
1566 3127 1612 3185 δ’
1662 3128 1741 3188 εἰς

176 3231 509 3303 παράταξιν,
546 3228 604 3281 τὸ
640 3228 739 3296 μὲν
779 3228 995 3297 πρῶτον
1021 3226 1180 3297 νικᾷν
1220 3220 1419 3287 ἔδοξεν,
1476 3216 1594 3272 εἶτα
1644 3220 1735 3319 ήτ-
1762 3256 1810 3319 C

174 3324 339 3394 τήθη.
371 3322 489 3375 Κᾶν
520 3320 755 3373 πανσυδὶ⁹
776 3318 1066 3389 διεφθάρη,
1102 3318 1151 3368 εί
1177 3316 1250 3387 μή
1278 3331 1422 3375 τινες
1454 3312 1738 3381 Σαμνιτῶν

178 3417 321 3471 κατὰ
350 3415 516 3484 τύχην
552 3416 663 3475 τοῖς
707 3413 999 3481 Ῥωμαίοις
1041 3411 1323 3479 ἐπίκουροι
1353 3405 1739 3476 ἀφικνούμενοι

177 3508 335 3573 δόξαν
382 3510 491 3568 τοῖς
545 3505 937 3575 Καρχηδονίοις
986 3503 1261 3572 παρέσχον
1312 3499 1593 3571 προσιέναι
1648 3500 1738 3550 τὸν

178 3598 402 3652 Φάϐιον.
441 3595 944 3665 Ἀναχωρησάντων
972 3587 1064 3645 οὖν
1093 3591 1180 3643 διὰ
1208 3589 1385 3655 τοῦτο,
1410 3589 1742 3657 κεκρατηκέ·

180 3709 268 3745 ναι
295 3690 533 3759 ὲνόμισε,
561 3687 656 3740 καὶ
687 3687 742 3748 ἐς
770 3686 868 3755 τὴν
904 3682 1121 3753 Ῥώμην
1152 3681 1211 3734 τδ
1237 3681 1396 3750 ἔργον
1424 3676 1742 3748 μεγαλύνων

181 3780 277 3834 καὶ
312 3779 400 3833 τὸν
429 3778 725 3847 δικτάτορα
744 3772 1184 3843 προσδιαόἀλλων
1216 3767 1548 3831 ἐπέστειλεν,
1579 3767 1743 3835 ὀκνη-

184 3877 277 3946 ρὺν
303 3876 398 3927 καὶ
424 3871 709 3941 Μελλητὴν
736 3864 1120 3922 αὐτὸνκαλῶν.
1149 3862 1244 3914 καὶ
1274 3862 1341 3913 τά
1360 3860 1469 3911 τῶν
1491 3858 1743 3910 ἐναντίων

184 3965 502 4036 φρονοῦντα.
536 3962 600 4017 οι
629 3960 676 4013 δ’
706 3961 764 4011 ὲν
785 3961 850 4028 τῇ
883 3956 1071 4027 Ῥώμῃ
1095 3952 1437 4021 νενικηκέναι
1467 3949 1558 4002 τὸν
1593 3947 1746 4001 Ῥοῦ-

185 4076 282 4128 φον
318 4057 483 4117 ὅντως
516 4052 795 4122 ἐνόμισαν,
831 4049 925 4103 καὶ
953 4042 1040 4100 οἶα
1070 4045 1220 4117 παρὰ
1246 4044 1402 4109 δόξαν
1436 4042 1745 4113 θαρσήσαν-

185 4166 299 4213 τες,
335 4148 427 4201 xui.
466 4145 699 4217 ἐπῄνουν
726 4140 890 4196 αὐτὸν
926 4140 1020 4193 καὶ
1043 4136 1267 4207 δτίμων.
1300 4137 1411 4189 Καὶ
1438 4133 1530 4187 τδν
1550 4134 1747 4189 Φάϐιον

188 4244 243 4292 ὲν
262 4236 469 4306 ὑποψίᾳ
497 4236 717 4305 σχόντες
747 4231 834 4284 διὰ
868 4228 1061 4291 ταῦτα,
1093 4229 1185 4281 καὶ
1217 4226 1297 4293 ὅτι
1321 4226 1389 4279 τά
1421 4226 1478 4277 ἐν
1511 4225 1750 4294 Καμπα-

187 4332 276 4399 νίᾳ
300 4329 471 4401 χωρία
493 4324 660 4381 αὑτοῦ
692 4324 791 4377 οὐκ
814 4320 1075 4392 ἐδῄωσαν,
1104 4318 1303 4389 μικροῦ
1326 4316 1540 4388 καὶτῆς
1568 4316 1747 4388 ἀρχῆς

189 4422 251 4474 ἂν
286 4419 616 4492 παρέλυσαν.
660 4414 802 4469 Ἀλλ’
832 4414 1037 4465 ἐκεῖνον
1074 4412 1172 4481 μὲν
1195 4411 1466 4482 χρήσιμον
1496 4410 1751 4479 νομίζονο

188 4531 279 4576 τες
313 4511 472 4578 εἶναι,
504 4512 607 4564 οὑκ
652 4508 918 4575 ἔπαυσαν,
947 4507 1023 4577 τῷ
1067 4504 1112 4559 δ’
1150 4506 1409 4574 ίππάρχῳ
1454 4502 1551 4572 τὴν
1580 4502 1749 4571 αὐτὴν

192 4608 440 4675 ἐξουσίαν
469 4604 859 4675 προσένειμαν,
891 4599 1213 4669 ὤστ’δᾶμφω
1262 4596 1369 4649 ἀπὸ
1392 4595 1488 4664 τῆς
1513 4594 1632 4660 ῐσης
1655 4581 1753 4661 dp?
1788 4617 1827 4671 ο

192 4720 331 4773 χειν.
373 4698 653 4763 Δοξάντων
694 4694 750 4746 δὲ
788 4691 1017 4755 τούτων,
1047 4691 1075 4742 ὁ
1109 4690 1205 4759 μὲν
1234 4686 1432 4748 Φάσιος
1478 4684 1601 4737 οὔτε
1642 4685 1752 4746 τοῖς

194 4793 457 4857 πολίταις,
496 4788 619 4842 οὒτε
648 4784 726 4854 τῷ
759 4785 974 4854 Ῥούφῳ
1004 4782 1160 4853 ἔσχεν
1189 4781 1377 4851 ὀργήν.
1421 4778 1479 4830 Ὀ
1511 4776 1567 4829 δὲ
1604 4774 1753 4827 Ῥοῦ-

198 4904 321 4955 φος,
346 4883 465 4937 οὐδὲ
489 4883 621 4950 πρὶν
651 4878 826 4951 ὀρθῶς
860 4874 1097 4948 φρονῶν,
1123 4873 1244 4926 τότε
1286 4870 1521 4943 μάλιστα
1551 4867 1755 4936 ἐπεφύ-

198 4996 353 5051 σητο,
374 4978 469 5033 καὶ
495 4974 749 5045 κατέχειν
782 4971 972 5026 ἑαυτὸν
998 4970 1100 5023 οὐκ
1125 4966 1377 5037 ἠδύνατο,
1405 4963 1520 5018 ἀλλ’
1544 4960 1757 5033 ἡμέραν

197 5073 348 5144 ήξίου
400 5070 530 5142 παρ’
573 5068 788 5141 ἡμέραν
839 5062 997 5135 ἦκαὶ
1050 5061 1265 5123 πλείους
1307 5058 1503 5129 ἐφεξῆς
1533 5052 1759 5118 ἐναλλὰξ

201 5166 360 5235 μόνος
391 5164 602 5233 ἄρχειν.
637 5159 831 5219 Δείσας
861 5155 905 5209 δ’
936 5158 964 5209 ὁ
988 5152 1183 5214 Φάϐιος
1212 5151 1287 5223 μή
1319 5168 1373 5203 τι
1404 5148 1574 5203 κακδν
1604 5144 1759 5215 ἐξερ-

200 5254 459 5323 γάσηται,
500 5251 555 5303 εί·
580 5249 763 5317 πάσης
789 5245 889 5315 τῆς
913 5244 1195 5313 δυνάμεως
1219 5240 1430 5308 γένοιτο
1460 5235 1757 5308 ἐγκρατὴς,

201 5343 338 5415 πρὸς
380 5340 667 5410 οὐδέτερον
714 5337 862 5407 αὐτῷ
908 5336 1216 5410 συνῄνεσεν,
1251 5331 1365 5385 ἀλλ’
1400 5329 1652 5398 ἐνείματο
1702 5326 1760 5379 ἰδ

205 5431 588 5503 στρατόπεδον,
618 5427 760 5482 ὥστε
796 5429 910 5490 τοῖς
943 5426 1170 5486 ὑπάτοις
1214 5421 1409 5491 ἐπίσης
1460 5418 1592 5472 ἰδίαν
1622 5416 1763 5469 ἑκά-

203 5539 358 5595 τερον
390 5523 545 5593 ίσχὺν
574 5522 753 5594 ἔχειν·
796 5520 891 5573 καὶ
927 5514 1326 5589 παραχρῆματὸ
1386 5510 1614 5577 Ῥοῦφος
1655 5509 1762 5562 άπ-

212 5597 764 5686 ιστρατοπεδεύσατο,
816 5613 902 5667 ίνα
948 5602 1252 5680 διάδηλοςῇ
1287 5602 1367 5657 δτι
1408 5601 1529 5656 καθ’
1573 5598 1765 5653 ἑαυτὸν

208 5709 388 5780 ἄρχει,
424 5707 535 5761 ἀλλ’
560 5708 659 5774 οὐχ
680 5706 787 5760 ὑπὸ
820 5706 896 5776 τῷ
923 5704 1219 5771 δικτάτορι.
1264 5699 1321 5752 '0
1360 5693 1454 5749 οὖν
1491 5692 1764 5778 ’Δννίδαω

210 5800 369 5867 τοῦτο
396 5798 734 5870 αἰσθόμενος,
784 5798 846 5859 ές
879 5796 1057 5866 μάχην
1097 5792 1263 5847 αὑτὸν
1309 5790 1644 5861 ὑπηγάγετο,
1692 5785 1767 5847 ὡς

214 5894 313 5946 ἐπὶ
333 5891 626 5961 καταλήψει
654 5889 746 5942 τοῦ
768 5889 971 5955 χωρίου
999 5881 1311 5952 προσελθών
1331 5896 1346 5912 ·
1379 5883 1470 5934 καὶ
1494 5893 1767 5943 περιστοι-

1843 2020 2017 2075 manis
2041 2019 2258 2075 accidit.
2285 2020 2362 2073 Eo
2390 2030 2573 2075 autem
2611 2022 2841 2077 Romam
2877 2022 2947 2077 ob
3002 2024 3215 2093 publica
3248 2042 3414 2096 nego-

1840 2110 1912 2162 tia
1968 2109 2234 2179 profecto,
2296 2110 2664 2181 impegeruut.
2720 2112 2897 2167 Rufus
2949 2115 3097 2167 enim
3156 2117 3413 2187 magister

1840 2197 2083 2265 equitum
2119 2199 2349 2268 juvenili
2384 2200 2613 2253 audacia
2641 2202 2943 2265 exsultans,
2976 2202 3215 2274 bellique
3250 2222 3412 2261 casus

1842 2302 1951 2339 non
2005 2286 2367 2357 prospiciens.
2408 2298 2465 2342 et
2520 2288 2673 2343 Fabii
2720 2291 3125 2345 cunctationem
3158 2310 3299 2365 agre
3332 2295 3417 2348 fe-

1842 2390 1988 2438 rens,
2023 2391 2147 2429 cum
2172 2377 2320 2431 solus
2351 2378 2641 2446 imperium
2674 2378 2905 2448 adeptus
2933 2390 3098 2446 esset,
3130 2382 3414 2437 mandato-

1842 2482 1959 2519 rum
1998 2467 2286 2522 dictatoris
2311 2468 2615 2533 immemor,
2659 2472 2776 2529 acie
2810 2486 2934 2525 cum
2972 2474 3129 2526 hoste
3161 2490 3417 2543 Congres-

1841 2572 1933 2611 ειιε
1986 2558 2258 2627 principio
2290 2559 2428 2613 bene
2464 2561 2745 2631 pugnavit,
2793 2563 2888 2617 sed
2947 2563 3160 2618 tandem
3216 2579 3415 2621 succu-

1843 2648 2006 2703 buit:
2050 2666 2111 2704 ac
2146 2650 2524 2707 internecione
2551 2652 2765 2707 deletus
2797 2665 2964 2719 esset,
2991 2656 3095 2711 nisi
3128 2658 3264 2711 torte
3300 2659 3414 2712 for-
3468 2698 3469 2701 η

1841 2749 1972 2793 tuna
1998 2740 2303 2796 Samnitum
2323 2742 2521 2796 auxilia
2546 2742 2611 2796 ad
2631 2744 2905 2799 Romanos
2931 2746 3242 2801 accedentia
3283 2746 3416 2803 Car-

1843 2832 2281 2905 thaginiensibus
2328 2834 2598 2889 adventus
2647 2835 2799 2889 Fabii
2851 2836 3165 2907 opinionem
3197 2837 3413 2893 attulis-

1842 2938 1987 2981 sent.
2023 2924 2125 2991 Qui
2158 2941 2282 2980 cum
2316 2926 2419 2980 hac
2447 2926 2515 2980 de
2548 2942 2713 2981 causa
2744 2928 3121 2991 recessissent,
3156 2944 3213 2982 se
3243 2930 3415 2983 victo-

1844 3029 1969 3067 rem
2006 3028 2132 3068 esse
2157 3013 2476 3078 arbitratus,
2507 3015 2733 3068 Romam
2774 3015 2985 3082 litteras
3020 3016 3186 3081 m?sit,
3216 3018 3418 3085 quibus

1846 3116 1903 3159 et
1931 3121 2043 3160 rem
2080 3115 2290 3175 gestam
2324 3104 2703 3175 exaggerabat.
2752 3117 2811 3161 et
2856 3104 3203 3170 dictatorem,
3235 3118 3291 3162 ut
3324 3123 3415 3164 se-

1846 3213 2003 3268 gnem
2033 3207 2087 3253 et
2121 3207 2497 3252 cunctatorem
2528 3208 2585 3252 et
2622 3198 2861 3253 hostium
2901 3202 3199 3256 studiosum
3223 3203 3415 3258 crimi-
3489 3247 3498 3252 .

1843 3290 2091 3345 uabatur.
2127 3290 2356 3345 Romani
2388 3305 2518 3344 vere
2551 3290 2745 3344 vicisse
2785 3290 2981 3345 Rufum
3013 3293 3248 3362 opinati,
3282 3310 3421 3364 pra!-

1844 3391 1931 3437 ter
1964 3383 2429 3453 exspectationem
2461 3384 2700 3451 receptis
2748 3383 2964 3447 animis,
2996 3400 3061 3439 eo
3110 3387 3417 3442 collaudato

1844 3484 1899 3529 et
1925 3476 2213 3538 honorato,
2242 3473 2470 3527 Fabium
2497 3485 2551 3528 et
2572 3474 2643 3527 ob
2667 3473 2999 3528 calumniam
3026 3491 3167 3538 eam,
3191 3488 3245 3531 et
3271 3481 3416 3548 quod

1844 3566 2033 3620 hostes
2062 3567 2177 3635 ejus
2206 3565 2410 3634 praedia
2442 3565 2495 3618 in
2526 3564 2819 3635 Campania
2858 3582 2960 3619 non
3016 3567 3409 3634 incendissent,

1843 3668 2156 3724 suspectum
2190 3655 2474 3721 habentes,
2510 3671 2699 3725 parum
2732 3656 2907 3709 abfuit
2936 3658 3068 3723 quin
3103 3659 3415 3726 magistratu

1844 3747 2145 3815 privarent.
2177 3746 2281 3801 Sed
2329 3763 2452 3814 cum
2484 3763 2608 3799 cum
2650 3750 2770 3799 usui
2816 3750 3133 3815 reipublicae
3164 3765 3284 3803 esse
3317 3767 3418 3819 pu-

1846 3844 2042 3895 tarent.
2064 3835 2115 3889 id
2131 3818 2349 3903 quidem
2370 3842 2475 3888 non
2494 3834 2764 3899 fecerunt,
2783 3836 2874 3889 sed
2896 3837 3152 3902 magistro
3170 3818 3399 3909 equitun

1844 3925 2091 3979 eamdem
2124 3931 2443 3992 potestatem
2471 3922 2766 3999 dederunt,
2824 3937 2839 3979 ε
2885 3937 2943 3980 ut
2971 3914 3135 3983 ambo
3172 3946 3237 3983 ex
3264 3946 3411 4001 aequo

1846 4018 2198 4086 imperarent.
2231 4015 2325 4069 His
2347 4014 2583 4070 decretis
2604 4059 2618 4080 ,
2643 4016 2843 4072 Fabius
2873 4034 3050 4089 neque
3083 4020 3296 4076 civibus
3323 4037 3415 4078 ne-

1848 4125 1954 4181 que
1974 4111 2195 4180 coilegte
2219 4111 2554 4165 succensuit.
2582 4110 2759 4164 Rufus
2786 4126 2916 4166 vero
2940 4115 3051 4184 jam
3078 4124 3204 4169 ante
3225 4132 3417 4185 parum

1850 4201 2116 4272 prudens,
2156 4211 2267 4256 tum
2306 4201 2475 4269 magis
2504 4201 2671 4254 etiam
2699 4200 2941 4267 inﬂatus,
2978 4213 3283 4275 temperare
3314 4207 3421 4262 sibi

1853 4310 1959 4348 non
1994 4294 2190 4361 potuit,
2219 4291 2352 4360 quin
2385 4291 2688 4360 postularet
2722 4302 2779 4345 ut
2825 4294 3019 4349 diebus
3049 4297 3294 4362 alternis,
3324 4306 3422 4350 aut

1852 4386 2014 4439 etiam
2065 4384 2314 4453 pluribus
2358 4383 2555 4439 diebus
2597 4399 2695 4453 per
2721 4385 2870 4439 vices
2911 4386 3059 4441 solus
3102 4387 3417 4456 imperaret.

1854 4472 2054 4526 Fabius
2092 4484 2275 4526 autem
2307 4472 2536 4536 veritus,
2603 4486 2671 4525 ne
2704 4474 2869 4525 totius
2901 4472 3173 4526 exercitus
3198 4483 3423 4545 accepto

1856 4564 2087 4632 imperio
2118 4578 2233 4619 rem
2262 4564 2401 4617 male
2433 4572 2646 4631 gereret
2676 4600 2691 4625 ,
2723 4570 2979 4615 neutrum
3006 4564 3298 4627 concessit,
3324 4565 3421 4620 sed

1855 4656 2042 4711 divisit
2071 4657 2395 4718 exercitum,
2427 4661 2484 4705 ut
2528 4667 2681 4707 more
2708 4667 2849 4707 coss.
2900 4664 3130 4724 uterque
3171 4672 3237 4711 ex
3266 4674 3425 4729 aequo

1858 4746 2097 4816 privatas
2144 4746 2297 4799 vires
2332 4743 2578 4797 haberet.
2620 4743 2794 4798 Rufus
2839 4746 3004 4814 igitur
3032 4749 3213 4801 statim
3248 4760 3425 4805 castra

1858 4838 2162 4900 transtulit,
2193 4846 2254 4890 ut
2284 4846 2593 4904 appareret,
2648 4853 2708 4891 se
2738 4848 2929 4907 suapte
2962 4842 3293 4897 auctoritate
3322 4844 3426 4897 im-

1859 4944 2070 4999 perare,
2104 4944 2215 4981 non
2263 4928 2490 4982 subesse
2542 4929 2821 4983 dictatori.
2881 4931 3001 4997 Quo
3041 4933 3274 4988 Annibal
3307 4935 3427 4988 ani-

1858 5025 2163 5087 madverso,
2186 5037 2311 5076 eum
2334 5022 2398 5075 ad
2429 5037 2664 5092 pugnam
2688 5024 2880 5079 elicuit
2913 5040 3009 5095 per
3041 5026 3275 5096 speciem
3308 5028 3427 5095 ejus

1858 5113 1961 5167 loci
1994 5112 2343 5183 occupandi:
2400 5121 2456 5168 et
2502 5114 2745 5181 undique
2797 5130 2894 5184 per
2938 5114 3167 5168 insidias
3197 5114 3431 5169 circum-

1858 5212 2105 5270 ventum,
2165 5205 2220 5258 in
2276 5205 2571 5259 discrimen
2625 5204 2853 5259 adduxit
2911 5205 3082 5259 totius
3142 5206 3429 5261 amittendi

1860 5297 2155 5359 exercitus,
2187 5294 2291 5349 nisi
2334 5295 2536 5349 Fabius
2570 5295 2782 5348 hostem
2814 5310 2842 5345 a
2873 5304 3023 5363 tergo
3050 5294 3280 5351 adortus
3329 5298 3429 5351 ob~

1863 5390 2116 5444 stitisset.
2150 5385 2264 5440 Hac
2307 5387 2462 5457 plaga
2514 5394 2758 5454 accepta,
2812 5384 2988 5440 Rufus
3040 5388 3268 5441 mutavit
3317 5387 3432 5441 ani-

1865 5497 2013 5536 mum
2046 5497 2059 5534 :
2090 5492 2146 5534 et
2177 5480 2424 5548 reliquiis
2447 5481 2723 5533 exercitus
2753 5480 2938 5534 statim
2975 5478 3042 5534 ad
3076 5480 3305 5534 Fabium
3333 5480 3432 5532 ad‘

1865 5574 2066 5636 ductis,
2108 5570 2400 5641 imperium
2437 5585 2565 5635 una,
2603 5586 2715 5625 non
2744 5570 3075 5644 exspectatis
3102 5558 3285 5641 pepuli
3312 5571 3431 5624 suf-

1866 5664 2071 5734 fragiis,
2102 5665 2242 5717 ultro
2271 5664 2319 5717 ei
2352 5662 2600 5726 tradidit,
2652 5660 2819 5737 διδ
2854 5662 2999 5733 quod
3047 5662 3195 5715 solus
3224 5677 3289 5715 ex
3318 5676 3433 5715 ma-

1868 5757 2052 5829 gistris
2073 5757 2316 5825 equitum
2342 5764 2660 5824 acceperat:
2697 5769 2809 5824 quo
2835 5753 3056 5807 nomine
3084 5752 3152 5806 ab
3175 5752 3432 5809 omnibus

1870 5858 1952 5903 est
1983 5848 2252 5902 laudatus.
2285 5846 2452 5913 idque
2486 5842 2685 5919 Fabius
2713 5844 2897 5898 statim
2924 5842 3060 5898 citra
3086 5842 3251 5897 ullam
3273 5841 3433 5895 dubi-
