4002 6332
126 463 212 524 τΞι
1332 466 1642 526 ANNALll

1778 469 1923 529 LlB.
1969 470 2073 530 IX.

3212 475 3317 531 τη

124 591 187 656 γει
221 574 427 636 Ἰούνιος
459 577 486 628 ὁ
509 577 778 649 δικτάτωρ
807 581 873 633 τὰ
905 583 1016 645 τοῖς
1044 584 1429 653 Καρχηδονίοις
1460 598 1642 650 παραγ

1770 602 1895 638 suos
1924 597 1976 639 et
2013 589 2126 656 ipse
2149 587 2438 641 observare
2471 597 2630 657 atque
2660 589 2837 643 facere.
2871 590 3105 656 iubebat.
3135 591 3320 659 Itaque

123 665 427 732 γελλόμενα,
472 671 716 733 καὶτοὺς
757 669 1060 739 Ῥωμαίους
1109 678 1281 726 ποιεῖν
1309 676 1506 744 ὁμοίως
1539 679 1658 728 ἐκέ-

121 757 250 816 λευε,
276 758 365 808 καὶ
408 761 528 809 σῖτα
563 760 656 812 καὶ
683 761 846 812 ὕπνον
869 765 925 814 ἐν
945 764 1022 832 τῷ
1039 765 1185 832 αὐτῷ
1213 767 1387 836 καιρῷ
1409 767 1652 838 ᾑροῦντο,

121 848 201 896 καὶ
230 848 321 906 τὰς
368 849 616 912 φυλακὰς
661 852 860 918 ὁμοίως
923 855 1282 920 ἐπεσκόπουν,
1346 859 1442 909 καὶ
1489 860 1654 911 τᾶλλα

119 937 295 1002 ἑπῖσης
329 937 620 1007 ἔπραττον.
660 943 1004 1011 Καταμαθὼν
1066 941 1158 996 οῦν
1205 947 1362 998 τοῦτο
1411 950 1654 1010 Ἀννίϐας

116 1028 376 1092 χειμέριον
409 1031 642 1099 ἐτήρησε
663 1033 851 1096 νύκτα,
880 1037 968 1088 καὶ
997 1039 1105 1098 τοῖς
1126 1038 1221 1103 μὲν
1248 1039 1354 1090 τῶν
1391 1057 1653 1107 στρατιω-

113 1116 207 1166 τῶν
237 1119 322 1167 ἐπ’
344 1120 522 1181 ἔξοδον
546 1124 637 1187 ἀφ’
658 1125 892 1193 ἐσπέρας
925 1129 1130 1179 άνεῖπε.
1181 1130 1285 1180 Τοῦ
1331 1130 1387 1182 δὲ
1437 1132 1652 1186 Ἰουνίου

112 1209 164 1256 τὸ
192 1211 316 1260 αὐτὸ
343 1215 689 1280 ποιήσαντος,
722 1219 784 1269 ἐκ
816 1219 1062 1288 διαδοχῆς
1078 1221 1264 1274 ἄλλοτε
1295 1223 1481 1286 ἄλλους
1507 1227 1653 1293 αὐτῷ

112 1301 460 1364 προσϐάλλειν
488 1306 788 1368 ἐκέλευσεν,
833 1309 898 1360 (ν’
935 1314 993 1361 ἐν
1038 1317 1248 1379 συνεχεῖ
1287 1314 1430 1381 πόνῳ
1473 1317 1652 1383 ἐκτῆς

110 1391 400 1456 ἀγρυπνίας
429 1396 520 1446 καὶ
556 1396 646 1448 τοῦ
679 1399 944 1465 χειμῶνος
977 1404 1166 1469 εἴησαν
1189 1419 1202 1433 ·
1233 1404 1391 1454 αὑτὸ;
1424 1405 1479 1456 δὲ
1518 1409 1653 1474 μετὰ

108 1477 204 1527 τῶν
244 1479 446 1532 λοιπῶν
484 1483 803 1540 ἀνεπαύετο.
843 1487 997 1540 Ἐπεὶ
1031 1490 1077 1539 δ’
1120 1491 1299 1560 ἡμέρα
1326 1493 1651 1562 ἐπιλάμψειν

108 1566 302 1633 ἔμελλε,
340 1571 402 1623 τὸ
439 1575 752 1644 στράτευμά
796 1595 852 1630 τε
915 1579 1074 1646 δῆθεν
1117 1582 1502 1648 ἀνεκαλέσατο,
1560 1588 1651 1638 καὶ

105 1659 200 1707 τῶν
244 1659 537 1742 ῬωμαίωνΓ
569 1665 637 1717 τά
661 1667 797 1719 ὅπλα
830 1669 1202 1737 ἀποθεμένων,
1234 1673 1326 1723 καὶ
1356 1675 1490 1742 πρὸς
1520 1677 1649 1730 ἀνά-

351 1712 371 1729 ,γ
398 1712 516 1714 ~w-——
580 1712 637 1717 --τ
665 1712 797 1719 ν-νν--υ
831 1712 1202 1737 -σ-νν-ι--υ-ννι
1236 1712 1326 1723 η’·-
1362 1712 1488 1742 "vv:
1520 1712 1649 1730 “"0—

106 1750 300 1801 παυλαν
358 1712 719 1824 τραπύμὲνων
739 1797 752 1814 .
807 1759 1040 1827 ἐπῆλθεν
1093 1763 1272 1823 αὐτοῖς
1335 1764 1506 1830 ἄφνω,
1558 1771 1651 1820 καὶ

107 1841 317 1904 συχνοὺς
347 1845 655 1906 ἀπέκτεινε,
681 1850 771 1900 καὶ
806 1850 864 1901 τὸ
895 1851 1181 1921 τάφρευμα
1211 1855 1492 1923 ἐκλειφθὲν
1515 1852 1646 1910 εἷλε.

109 1927 177 1980 Τὰ
200 1929 243 1980 δ’
296 1932 352 1982 ἐν
379 1936 444 2002 τῇ
485 1936 704 2006 Σικελίᾳ.
731 1940 899 2008 καὶτῇ
939 1942 1126 2010 Σαρδοῖ
1159 1945 1405 2009 ἐκινεῖτο,
1436 1947 1496 1997 ού
1523 1949 1650 2014 μέν·

102 2034 175 2070 τ-ἰι
203 2022 296 2099 καὶ
321 2025 654 2094 ἐπιστροφῆς
677 2045 816 2091 τινος
846 2033 993 2098 παρὰ
1013 2033 1117 2083 τῶν
1133 2033 1412 2102 Ῥωμαίων
1444 2038 1647 2108 ἔτυχον.

105 2109 326 2195 Ὑπατοι
349 2115 404 2166 δὲ
431 2116 458 2166 ὃ
489 2134 545 2168 τε
574 2117 815 2186 Γράκχος
845 2123 869 2170 ὁ
899 2122 1165 2191 ἱππαρχος
1200 2128 1290 2176 καὶ
1323 2127 1651 2195 Ποστούμιος

104 2194 331 2263 Ἀλϐῖνος
367 2203 662 2274 ᾑρέθησαν.
688 2209 794 2260 Καὶ
832 2212 860 2260 ὁ
893 2212 987 2277 μὲν
1022 2214 1256 2276 Ἀλῦῖνος
1294 2219 1428 2283 μετὰ
1457 2194 1651 2282 παντὸς

101 2287 184 2338 τοῦ
213 2291 444 2357 στρατοῦ
470 2295 573 2346 ὑπὸ
594 2296 702 2347 τῶν
723 2297 951 2352 Βοουῖων
983 2302 1210 2372 ἐφθάρη,
1242 2306 1306 2356 δι’
1333 2307 1490 2374 ὅρους
1516 2311 1650 2361 ὑλώ-

99 2376 210 2470 δους
256 2384 619 2456 πορευόμενος
650 2389 740 2438 καὶ
788 2391 1134 2459 ἐνεδρευθεὶς,
1185 2389 1244 2444 οὗ
1293 2399 1388 2466 τὴν
1415 2401 1649 2470 κεφαλὴν

100 2469 453 2538 ἀποτεμόντες
497 2476 548 2527 oi
597 2477 883 2547 βάρϐαροι,
949 2487 1040 2534 καὶ
1095 2486 1494 2554 ἐκκαθάραντες
1556 2469 1648 2544 καὶ

100 2564 615 2653 περιχρυσώσαντες,
667 2571 800 2638 πρὸς
843 2573 906 2623 τὰ
934 2575 1053 2640 ἱερά
1083 2578 1260 2628 αὐτῶν
1291 2581 1409 2630 άντὶ
1449 2583 1647 2653 φιάλης

99 2649 400 2742 ἐκέχρηντο.
461 2655 803 2722 Γεγόνασιδέ
835 2661 948 2712 τότε
992 2663 1212 2732 τέρατι·
1261 2666 1386 2735 βοῦς
1421 2686 1479 2720 τε
1538 2649 1644 2742 γάρ

101 2739 253 2793 ἵππον
285 2743 463 2808 ἔτεκε,
513 2749 604 2800 καὶ
636 2749 691 2800 ἐν
731 2749 972 2821 θαλάσσῃ
1003 2754 1269 2822 ἐξέλαμψε
1315 2759 1443 2828 πῦρ.
1496 2763 1556 2814 Oi
1589 2739 1646 2815 δ’

100 2829 282 2886 ὕπατοι
325 2836 570 2905 Γράκχος
635 2840 726 2892 καὶ
779 2841 994 2905 Φάσιος,
1028 2848 1639 2919 στρατοπεδευσάμενοι,

99 2920 178 2970 τόν
198 2932 279 2974 τε
321 2927 566 2979 Ἀννίϐαν
619 2930 676 2981 ἐν
725 2932 922 3002 Καπύῃ
975 2935 1100 2986 ὄντα
1147 2939 1468 3008 ἐπετήρουν,
1525 2944 1550 2994 ὅ
1590 2962 1639 2996 τι

100 3013 341 3080 πράσσει.
371 3017 479 3068 Καὶ
507 3019 868 3088 διεπέμποντο
899 3026 1248 3094 ἑκασταχόσε,
1287 3033 1397 3090 τοῖς
1421 3049 1476 3082 τε
1508 3051 1640 3101 συμ-

103 3104 281 3170 μάχοις
323 3107 622 3174 ἐπήμυνον,
667 3111 760 3161 καὶ
804 3114 924 3174 τοὺς
975 3116 1348 3185 ἀφεστηκότας
1405 3101 1671 3174 οίκειοῦ-’

1757 689 1811 729 et
1845 679 2026 730 cibum
2063 687 2118 731 et
2173 694 2422 731 somnum
2471 680 2660 732 eodem
2721 692 2962 748 tempore.
3006 683 3314 748 capiebant,

1757 768 2015 821 excubias
2032 769 2218 821 eodem
2258 770 2417 822 modo
2446 771 2710 832 visebant,
2741 781 3041 839 cateraque
3073 790 3134 824 ex
3165 789 3307 838 a-qur

1759 859 2048 914 faciebant.
2083 861 2200 924 Quo
2232 862 2461 914 Annibal
2487 864 2721 928 cognitu,
2764 872 3126 931 tempestnusa
3158 876 3313 916 nocte,

1755 960 1993 1019 captata,
2025 952 2166 1019 parti
2202 952 2432 1004 militum
2463 970 2490 1005 a
2523 970 2743 1020 vespera
2791 955 3181 1021 profectionem
3219 957 3308 1006 de-

1755 1044 1990 1096 nuntiat.
2026 1043 2187 1096 Junio
2218 1043 2268 1095 id
2294 1044 2521 1106 imitato,
2550 1061 2643 1112 per
2671 1047 2814 1097 vices
2846 1046 2978 1096 alios
2999 1056 3160 1112 atque
3179 1047 3312 1096 alios

1755 1136 2014 1201 impetum
2056 1135 2107 1187 in
2143 1136 2416 1189 Romanos
2444 1136 2618 1189 facere
2649 1138 2832 1204 jussit.
2861 1147 2916 1188 ut
2956 1140 3302 1188 continenti-i-

1755 1226 1949 1292 vigiliis
1968 1235 2354 1293 ettempestate.
2374 1228 2756 1295 fatigarentur:
2791 1229 2902 1294 ipse
2927 1244 3048 1279 cum
3083 1228 3311 1294 reliquis

1752 1319 1978 1387 quievit.
1999 1317 2131 1370 Cum
2147 1318 2463 1376 lucesceret.
2484 1319 2719 1371 esercilu
2741 1329 3008 1376 revocato.
3041 1320 3308 1371 Numanus

1756 1411 1848 1476 qui
1883 1410 2050 1462 armis
2085 1411 2279 1477 positis
2305 1408 2370 1460 ad
2402 1409 2638 1476 quietem
2659 1425 2713 1459 se
2740 1409 3108 1469 conferebant,
3131 1410 3309 1459 subito

1751 1514 2052 1567 aggressus,
2089 1500 2286 1554 multos
2305 1499 2523 1559 occidit.
2556 1511 2611 1553 et
2654 1501 2850 1553 vallum
2885 1500 2950 1551 ab
2985 1499 3063 1551 eis
3125 1500 3307 1549 descr-

1754 1599 1864 1642 tum
1901 1592 2062 1657 cepit.
2104 1591 2353 1643 Sardinia
2385 1601 2438 1643 et
2463 1591 2642 1644 Sicilia
2668 1592 2915 1658 quamvis
2943 1593 2992 1643 in
3025 1584 3170 1641 mOtn
3222 1605 3306 1640 es-

1751 1691 1890 1741 sent,
1922 1697 1949 1733 a
1979 1682 2238 1735 Romanis
2267 1698 2371 1734 non
2406 1683 2754 1736 curabuntur.
2788 1683 2940 1736 Coss.
2971 1681 3135 1734 creati
3162 1690 3306 1740 situt,

1750 1771 2026 1824 Gracchus
2075 1774 2328 1840 magister
2370 1774 2615 1839 equitum
2678 1783 2731 1825 et
2767 1775 3117 1826 Pustbumius
3161 1772 3308 1826 Albi-

1752 1876 1854 1913 nus
1880 1877 1893 1913 :
1918 1876 2147 1928 quorum
2185 1860 2271 1913 hic
2296 1876 2416 1914 cum
2451 1863 2594 1912 omni
2629 1863 2866 1912 exercitu
2900 1879 2926 1912 a
2966 1862 3109 1912 Boiis
3137 1875 3308 1914 casus

1757 1959 1858 2010 est,
1911 1950 1963 2001 in
2012 1951 2239 2002 transitu
2295 1951 2477 2003 silvosi
2511 1953 2709 2002 montis
2774 1952 2982 2004 insidiis
3023 1963 3303 2019 exceptus.

1755 2041 1912 2108 cujus
1969 2041 2144 2107 capite
2197 2041 2410 2094 barbari
2442 2053 2719 2099 excavata.
2770 2059 3008 2110 auroque
3062 2044 3304 2100 inducto.

1755 2145 1851 2196 pro
1882 2129 2062 2197 phiala
2092 2131 2143 2183 in
2180 2132 2346 2184 sacris
2371 2133 2449 2185 usi
2475 2143 2622 2185 sunt.
2644 2133 2890 2200 Prodigia
2922 2143 3032 2184 tum
3061 2135 3303 2186 fuerunt.

1752 2221 1883 2273 Nam
1920 2221 2018 2274 bos
2063 2238 2260 2291 equum
2311 2225 2538 2292 peperit,
2579 2232 2632 2275 et
2677 2223 2885 2277 ﬂamma
2921 2239 2949 2276 ο
2992 2225 3124 2276 mari
3171 2226 3305 2278 emi-

1751 2311 1881 2363 cuit.
1915 2311 2068 2366 Coss.
2111 2313 2391 2368 Gracchus
2420 2326 2474 2367 et
2527 2315 2745 2375 Fabius,
2780 2316 2908 2383 quid
2947 2316 3174 2368 Annibal
3206 2314 3305 2368 Ca-

1752 2413 1872 2465 pua.-
1905 2410 2109 2466 ageret,
2141 2402 2513 2462 observantes,
2573 2403 2817 2471 quolibet
2870 2405 3072 2472 legatus
3126 2405 3306 2456 mitte-

1752 2491 1900 2552 bant,
1953 2491 2115 2544 sociis
2170 2507 2324 2560 opem
2380 2492 2648 2559 ferebant,
2703 2511 2798 2547 eos
2853 2498 2942 2562 qui
2997 2497 3304 2549 defecerant

1751 2584 2110 2636 reconciliare
2177 2585 2538 2649 conabantur,
2613 2595 2666 2638 et
2719 2587 3088 2640 resistentium
3146 2602 3300 2656 agros

1747 2673 2168 2739 populabantur.
2200 2675 2427 2727 Annibal
2456 2691 2585 2728 vero
2612 2676 2738 2728 dum
2777 2685 3078 2729 commeatu
3127 2692 3301 2744 eoque

1745 2764 1909 2815 armis
1973 2777 2131 2831 parto
2168 2781 2276 2818 non
2336 2767 2666 2829 abundabat,
2703 2768 2945 2821 modeste
2994 2783 3114 2821 cum
3150 2783 3302 2821 exer-

1744 2853 1854 2905 citu
1900 2853 2136 2906 vivebat.
2171 2854 2238 2908 Ut
2271 2870 2432 2916 vero,
2462 2856 2640 2921 Capua
2687 2864 2970 2922 occupata,
3005 2856 3055 2908 in
3109 2871 3297 2924 magna

1743 2956 1921 2992 rerum
1953 2941 2224 2995 affluentia
2256 2944 2414 2997 otiosi
2442 2943 2838 2996 hibernarunt:
2867 2955 2920 2998 ct
2943 2947 3081 2998 vires
3107 2961 3297 3012 corpo-

1743 3045 1863 3083 rum
1934 3031 2165 3091 desidia,
2209 3042 2264 3085 et
2320 3032 2485 3085 robur
2541 3033 2845 3085 animorum
2907 3035 3118 3086 deliciis
3170 3045 3298 3087 sunt

1743 3121 2025 3174 imminuta
2057 3139 2071 3179 :
2105 3132 2416 3191 mutatoque
2445 3125 2588 3176 victu
2628 3125 2820 3191 patrio,
2853 3125 2902 3175 in
2940 3126 3139 3192 pradiis
3173 3125 3292 3177 vin-

101 3189 210 3241 σθαι
242 3193 563 3262 ἐπειρῶντο,
605 3200 672 3250 τά
707 3215 763 3249 τε
799 3200 904 3252 τῶν
935 3201 1347 3271 ἀνθισταμένων
1382 3209 1634 3264 ἐκάκουν.

1744 3213 1788 3265 ci
1823 3212 2151 3268 didicerunt.
2183 3214 2329 3266 Bello
2356 3217 2464 3282 jam
2505 3215 2760 3278 instante,
2791 3217 2843 3267 in
2883 3225 3090 3266 montes
3121 3224 3297 3269 trans—

109 3279 160 3330 '0
186 3281 227 3332 δ’
261 3285 530 3351 ’Δννίϐας,
557 3289 660 3352 ἓως
690 3291 787 3358 μὲν
817 3293 912 3360 τῆς
941 3293 1146 3362 τροφῆς
1169 3296 1359 3359 ἐνδεῶς
1388 3301 1636 3370 ηὐπόρει,

99 3369 183 3421 καὶ
202 3371 636 3442 διακινδυνεύων,
670 3384 962 3450 σωφρόνως
989 3386 1127 3451 μετὰ
1153 3386 1244 3436 τοῦ
1273 3387 1499 3456 στρατοῦ
1527 3393 1642 3463 διῆ-

98 3477 182 3517 γεν
202 3481 215 3494 ·
243 3465 317 3527 ώς
344 3467 399 3517 δὲ
433 3468 529 3536 τὴν
565 3471 793 3539 Καπύην
825 3471 1033 3536 ἔλαϐον,
1088 3477 1180 3526 καὶ
1215 3479 1424 3540 πολλοῖς
1454 3483 1641 3551 ἐπιτη-

99 3551 245 3612 δείοις
283 3555 338 3603 ἐν
375 3556 626 3627 ῥᾳστώνῃ
673 3560 1049 3627 διεχείμασαν,
1096 3566 1194 3630 τήν
1234 3582 1290 3615 τε
1335 3569 1486 3635 ἰσχὺν
1534 3571 1640 3622 τῶν

102 3643 354 3708 ιωμὰτων
411 3645 484 3714 μὴ
545 3648 902 3718 πονούμενοι,
967 3655 1058 3703 καὶ
1135 3655 1230 3724 τὴν
1297 3659 1486 3727 ῥώμην
1543 3663 1640 3730 τῆς

98 3731 310 3802 γνώμης
348 3736 452 3788 ὑπὸ
496 3741 594 3806 τῆς
640 3739 907 3804 εὐθυμίας
941 3744 1354 3814 ἠλαττώθησαν,
1404 3753 1496 3803 καὶ
1542 3754 1640 3822 τὴν

97 3821 314 3891 ⁴πάτριον
345 3825 677 3893 ἀμείψαντες
738 3830 967 3896 δίαιταν,
1021 3837 1324 3903 μετέμαθον
1378 3821 1638 3910 ἡττᾶσθαι

100 3913 405 3980 μαχόμενοι.
451 3916 604 3968 Ἐπεὶ
629 3919 684 3970 δὲ
710 3922 736 3970 ὁ
768 3921 1001 3989 πόλεμος
1029 3926 1126 3993 ήδη
1155 3929 1426 3990 ἐπέκειτο,
1458 3933 1512 3994 ἐς
1540 3935 1638 4003 ὅρη

100 4005 344 4072 μετέστη,
371 4007 462 4056 καὶ
490 4007 763 4076 ἐγύμναζε
797 4012 855 4062 τὸ
888 4017 1223 4083 στράτευμα.
1254 4021 1313 4070 Oi
1344 4020 1387 4071 δ’
1421 4023 1514 4092 οὐχ
1538 4020 1639 4077 οἷοί

96 4106 148 4183 τε
181 4092 243 4143 δι’
283 4094 464 4163 ὀλίγου
497 4097 770 4167 ῥωσθῆναι
804 4103 1081 4167 γεγόνασι.
1120 4106 1378 4175 Βοηθείας
1407 4111 1463 4162 δὲ
1495 4114 1639 4183 αὐτῷ

95 4182 294 4236 οἴκοθεν
331 4187 495 4254 ἄλλης
539 4206 596 4240 τε
631 4192 724 4241 καὶ
755 4193 1068 4260 ἐλεφάντων
1099 4197 1375 4269 ἐλθούσης,
1406 4182 1636 4274 ἀνεθάρέ

98 4285 218 4337 σησε
253 4290 266 4302 ·
300 4278 395 4326 καὶ
424 4278 516 4326 ἐπὶ
552 4277 649 4344 τὴν
679 4279 892 4340 Νῶλαν,
919 4282 993 4344 ώς
1017 4285 1258 4351 αἱρήσων
1280 4288 1467 4356 αὐτὴν,
1493 4291 1523 4356 ἢ
1549 4291 1637 4343 τόν

94 4376 151 4425 τε
201 4365 520 4434 Μάρκελλον
572 4369 668 4437 τὴν
729 4370 1018 4438 Σαμνίτιδα
1069 4376 1395 4444 πορθοῦντα,
1435 4383 1638 4453 ταύτης

69 4455 326 4529 ¹ἀπάξων,
359 4456 638 4527 ὥρμησεν.
699 4460 782 4521 Ὠς
824 4461 867 4512 δ’
904 4464 1056 4516 οὐδὲν
1091 4468 1364 4535 ἐπέραινε,
1410 4477 1506 4543 τῆς
1537 4477 1635 4544 μὲν

1743 3304 1824 3367 iit,
1884 3315 1940 3358 et
1966 3306 2163 3360 milites
2192 3308 2431 3359 exercuit
2471 3323 2481 3357 :
2516 3306 2608 3359 sed
2658 3323 2780 3358 cum
2823 3307 3017 3373 exiguo
3051 3315 3294 3373 tempore

1743 3395 1943 3448 ﬁrmari
1978 3411 2084 3448 non
2113 3407 2350 3462 possent,
2383 3397 2688 3462 elephantis
2747 3395 2971 3463 aliisque
3033 3394 3298 3448 militibus

1741 3484 1900 3537 domo
1931 3485 2189 3547 advectis,
2227 3488 2464 3538 animum
2513 3487 2734 3554 recepit.
2782 3487 3077 3554 Nolamque
3121 3502 3295 3554 oppu-

1739 3576 1939 3641 gnavit,
1992 3586 2046 3628 ut
2103 3576 2187 3628 vel
2245 3577 2432 3628 urbem
2484 3584 2722 3643 caperet,
2781 3576 2864 3628 vel
2929 3574 3230 3628 Marcellum
3263 3591 3292 3627 a

1743 3664 1947 3718 Samnii
1987 3667 2285 3720 vastatione
2321 3675 2620 3720 revocaret.
2649 3665 2783 3720 Cum
2820 3666 2954 3720 nihil
2985 3667 3288 3734 proliceret,

1741 3757 1876 3810 urbe
1917 3757 2124 3817 relicta,
2156 3773 2311 3825 agros
2335 3758 2582 3817 vastavit,
2651 3759 2826 3812 donec
2853 3759 3000 3826 justo
3029 3759 3214 3825 praelii)
3240 3758 3292 3808 vi

1740 3859 2053 3912 superatus,
2129 3865 2194 3901 ex
2249 3849 2610 3915 Hispanorum
2659 3856 2713 3900 et
2782 3849 3034 3901 Afrorum
3101 3848 3302 3902 crebra

1739 3936 1802 3988 ad
1847 3935 2117 3989 Romanos
2175 3938 2480 3990 defectione
2511 3939 2673 4005 (quod
2702 3939 2750 3990 ei
2802 3939 2950 4007 prius
2984 3939 3291 3992 nuntiatum

1737 4026 1896 4097 423
1928 4041 2086 4094 quam
2113 4028 2408 4094 acciderat)
2439 4045 2688 4097 magnum
2738 4031 2976 4083 dolorem
3020 4030 3199 4099 cepit:
3237 4041 3295 4086 et

1740 4118 1843 4171 sibi
1894 4118 1992 4187 ipsi
2025 4134 2086 4173 ac
2120 4119 2382 4172 militibus
2415 4120 2638 4182 diﬂisus,
2690 4120 2834 4172 omni
2873 4121 2960 4172 illa
3015 4121 3291 4188 provincia

1740 4210 1946 4272 relicta,
1977 4210 2214 4276 Capuam
2267 4211 2446 4271 rediit,
2486 4220 2648 4278 atque
2677 4211 2798 4264 inde
2845 4212 3005 4264 etiam
3035 4225 3153 4281 post
3185 4215 3296 4267 dis-

1738 4295 1919 4349 cessit.
1957 4297 2024 4349 At
2056 4294 2421 4364 Scipionibus,
2474 4297 2627 4350 Ibero
2673 4313 2828 4351 amne
2872 4298 2978 4367 jam
3017 4312 3290 4367 superato,

1739 4402 1896 4454 agros
1924 4387 2265 4441 vasrantibus
2296 4397 2348 4441 ct
2378 4387 2538 4442 urbes
2597 4390 2958 4458 capientibus,
2999 4392 3161 4443 etiam
3189 4391 3289 4444 Asr

1739 4477 1986 4537 drubale,
2019 4477 2110 4544 qui
2161 4479 2226 4529 ad
2273 4495 2334 4530 ea
2368 4481 2705 4546 prohibenda
2741 4481 3057 4532 festinanter
3102 4496 3289 4532 accur-

98 4545 293 4610 πόλεως
337 4551 543 4620 ἀπέστη
577 4568 591 4581 ·
641 4552 737 4621 τὴν
771 4553 824 4603 δὲ
856 4554 1037 4623 χώραν
1083 4557 1282 4626 ἔκειρε,
1336 4563 1525 4632 μέχρις
1574 4562 1634 4619 οὗ

1744 4575 1905 4628 rerat,
1940 4568 2054 4619 acie
2088 4566 2250 4630 victo,
2309 4568 2786 4634 Carthaginienses
2812 4571 3106 4638 majoribus
3141 4571 3289 4621 auxi-

102 4638 231 4704 μάχῃ
264 4643 403 4691 κατὰ
431 4642 487 4691 τὸ
529 4641 746 4710 ίσχυρὺν
790 4644 1019 4713 ἡττήθη,
1052 4648 1137 4713 ἐφ’
1178 4644 1221 4714 ᾧ
1269 4653 1357 4702 καὶ
1406 4654 1631 4722 ῆλγησε.

100 4727 274 4780 Πολλοὶ
311 4729 407 4796 μὲν
436 4731 544 4797 γὰρ
579 4731 811 4800 Ἰὅηρες,
853 4735 1032 4786 πολλοὶ
1062 4739 1116 4788 δὲ
1153 4743 1245 4791 καὶ
1281 4743 1390 4792 τῶν
1422 4746 1634 4798 Λιϐύων

99 4819 437 4884 ἐγκατέλιπον
479 4824 661 4885 αὑτὸν,
690 4827 783 4876 καὶ
817 4827 950 4895 πρὸς
982 4830 1103 4890 τοὺς
1141 4832 1446 4898 Ῥωμαίους
1471 4837 1632 4903 ηύτο-

68 4910 352 4979 -μόλησαν,
409 4914 437 4965 ὃ
469 4914 622 4967 οὔπω
657 4919 787 4984 πρὶν
842 4919 1032 4973 ἔπαθε.
1094 4924 1407 4990 Καταγνοὺς
1469 4928 1516 4979 δ’
1569 4930 1633 4980 ἐκ

98 5001 272 5054 τούτου
315 5004 408 5055 καὶ
447 5005 639 5057 ἐαυτοῦ
675 5009 768 5059 καὶ
788 5009 895 5059 τῶν
926 5015 1292 5079 στρατιωτῶν,
1324 5018 1501 5069 πᾶσαν
1534 5020 1632 5088 τὴν

99 5089 191 5156 γῆν
219 5094 434 5164 ἐκείνην
471 5095 706 5160 ἐξέλιπε,
739 5102 831 5149 καὶ
859 5100 939 5160 είς
962 5103 1055 5169 τὴν
1093 5106 1324 5173 Καπύην
1359 5110 1634 5180 ἀνεχώρη-

101 5196 181 5231 σεν
206 5199 219 5211 ·
271 5182 388 5237 εἶτα
419 5187 674 5239 κάκεῖθεν
723 5191 975 5258 μετέστη.
1010 5195 1071 5245 Oi
1102 5195 1157 5245 δὲ
1201 5197 1500 5262 Σκιπίωνες
1545 5203 1634 5254 τόν

99 5287 150 5321 τε
177 5272 364 5344 Ἴϐηρα
401 5279 642 5346 ποταμὸν
684 5280 957 5352 διέϐησαν,
995 5287 1087 5336 καὶ
1125 5287 1221 5355 τὴν
1261 5287 1442 5357 χώραν
1472 5291 1635 5359 ἐπόρ·

103 5362 232 5430 θουν,
275 5367 367 5419 καὶ
407 5369 586 5429 πόλεις
621 5374 981 5440 προσήγοντο.
1029 5379 1124 5427 καὶ
1157 5380 1246 5429 τον
1304 5382 1634 5450 Ἀσδρούϐαν

102 5451 179 5505 διὰ
215 5458 382 5510 ταῦτα
437 5459 638 5529 σπουδῇ
705 5463 994 5517 ἐπελθόντα
1053 5469 1197 5538 μάχῃ
1243 5469 1517 5538 ἐνίκησαν.
1571 5479 1634 5528 Οἱ

105 5543 443 5614 Καρχηδόνιοι
487 5550 563 5615 δὲ,
595 5551 763 5604 ταῦτα
830 5556 1114 5622 μαθόντες,
1174 5565 1266 5613 καὶ
1316 5553 1634 5631 νομίσαντες

105 5633 328 5699 πλείονος
381 5641 473 5689 τὸν
514 5641 911 5713 ’Δσδρούὸανῆ
970 5649 1060 5698 τὸν
1124 5651 1380 5707 Ἀννίϐαν»
1427 5654 1633 5708 δεῖσθαι

110 5722 363 5794 βοηθείας,
393 5729 488 5778 καὶ
519 5725 845 5799 φοϐηθέντες
873 5737 944 5801 μὴ
981 5738 1074 5788 καὶ
1106 5741 1159 5802 ἐς
1203 5743 1300 5809 τὴν
1338 5742 1544 5808 Λιὸύην
1583 5747 1634 5796 οἱ

107 5810 388 5881 Σκιπίωνες
420 5817 669 5886 διαξῆναι
706 5821 1114 5899 ἐπιχειρήσωσι,
1163 5831 1236 5901 τῷ
1279 5816 1377 5902 μὲν
1418 5832 1633 5903 Ἀννίϐᾳ

1736 4656 1823 4708 liis
1852 4656 2161 4722 Asdrubali,
2189 4676 2349 4728 quam
2374 4661 2643 4722 Annibali,
2679 4676 2814 4729 opus
2840 4677 2960 4714 esse
2984 4662 3107 4720 rati.
3137 4671 3192 4713 et
3223 4678 3288 4712 ne.

1737 4747 2018 4814 Scipiones
2070 4749 2121 4802 in
2172 4750 2406 4802 Africam
2447 4751 2758 4815 trajicerent
2797 4750 2994 4808 veriti,
3037 4749 3290 4800 Annibali

1737 4838 1916 4902 parvis
1968 4839 2361 4904 supplementis
2412 4839 2608 4895 missis,
2665 4839 2949 4890 maximam
3007 4837 3285 4903 copiarum

1735 4938 1942 4994 partem
1973 4943 2095 4979 cum
2130 4928 2350 4996 Magone
2382 4946 2539 4997 quam
2573 4931 2857 4982 Celerrime
2888 4931 2939 4982 in
2976 4929 3287 4997 lli~paniatn

1736 5019 2090 5087 ablegarunt:
2125 5021 2378 5088 jubentes
2433 5029 2506 5078 ut.
2576 5022 2738 5072 rebu;
2787 5021 2896 5072 illic
2948 5020 3283 5079 constitutis,

1736 5109 1852 5177 ipse
1881 5108 1935 5160 in
1963 5110 2228 5175 praesidiis
2252 5121 2414 5171 esset,
2474 5109 2742 5161 Asdrubal
2773 5119 2951 5160 autem
2987 5123 3105 5160 cum
3133 5123 3288 5159 exer—

1735 5200 1846 5252 citu
1883 5201 1937 5251 in
1972 5199 2178 5252 Italiam
2223 5201 2682 5270 proficisceretur.
2731 5187 2848 5263 Quo
2878 5199 3112 5266 cognito,
3167 5195 3286 5251 Sei-

1735 5291 1926 5358 piones
1958 5307 2129 5358 pugna
2162 5292 2558 5348 abstinuerunt.
2610 5308 2674 5343 ne
2700 5292 2836 5342 forte
2865 5289 3036 5340 victor
3076 5287 3279 5340 Asdru-

1737 5381 1821 5433 bal
1858 5380 1910 5433 in
1938 5381 2143 5434 Italiam
2174 5391 2506 5449 properaret.
2541 5381 2674 5434 Cum
2711 5389 2888 5432 autem
2921 5378 3050 5431 socii
3089 5379 3288 5431 Roma-

1735 5486 1930 5524 norum
1953 5472 2535 5541 aCartbaginiensibus
2560 5481 2899 5530 vexarentur,
2921 5469 3142 5521 Publius
3163 5483 3287 5519 cum

1736 5563 1988 5616 hostibus
2015 5579 2361 5631 congressus,
2399 5563 2566 5614 vicit:
2607 5561 2783 5614 Cueus
2816 5577 2845 5613 e
2879 5576 3054 5628 pugna
3079 5560 3284 5610 abeun-

1738 5664 1838 5717 tes,
1872 5666 2128 5723 exceptos
2159 5655 2377 5709 occidit.
2408 5655 2487 5709 0b
2519 5671 2635 5709 eam
2674 5655 2903 5713 cladem,
2955 5663 3005 5704 et
3041 5652 3288 5717 frequen-

1738 5753 1844 5800 tem
1894 5747 2108 5800 urbium
2141 5749 2526 5812 defectionem,
2575 5749 2734 5801 etiam
2785 5746 2925 5798 Afris
2973 5743 3173 5809 aliquot
3223 5744 3287 5794 ad

1737 5824 2011 5889 Romanos
2067 5839 2494 5902 transeuntibus,
2554 5834 2818 5890 Asdrubal
2888 5832 3141 5901 opinione
3195 5848 3289 5886 sua
