4012 6330
652 419 758 483 7‘27

1902 426 2209 488 JOANNIS

2314 426 2585 486 DNAREE
3751 426 3836 487 728

653 554 753 599 tes.
769 547 823 594 et
844 538 1069 593 classica
1082 538 1421 595 cecinerunt.
1443 539 1655 606 Quibus
1675 541 1841 596 rebus
1857 541 2209 611 Syracusanis

2318 544 2516 615 χωρίον
2543 544 2842 613 ὑπερϐῆναι
2888 543 2946 595 τ’)
2980 544 3175 614 τεῖχος.
3224 543 3341 597 Kh:
3381 543 3573 597 τούτου
3618 541 3769 595 πύλαι
3795 548 3837 594 τὲ

648 636 755 701 jam
778 633 903 685 vino
922 631 1200 702 gravibus,
1221 631 1405 687 subito
1432 634 1731 694 exterritis.
1754 634 1885 688 urbs
1918 646 2074 704 capta
2100 648 2205 700 est,

654 734 851 791 prater
902 722 1225 779 Acradinam
1278 734 1335 781 et
1390 726 1645 780 Insulam.
1702 726 1983 780 Marcellus
2027 738 2210 796 partes

651 828 837 884 captas
894 816 1115 885 diripit.
1163 817 1405 887 reliquas
1457 826 1846 887 oppugnatzet
1894 831 2206 887 quanquam

654 923 775 957 cum
807 907 995 961 labore
1033 916 1088 960 et
1124 906 1295 969 tarde,
1333 916 1509 960 tamen
1535 908 1701 975 capit.
1735 906 1945 972 Quibus
1980 907 2208 961 Romani

655 999 827 1067 potiti,
864 1008 1058 1066 praeter
1086 998 1223 1052 alios
1252 998 1472 1061 mullos,
1501 998 1665 1052 etiam
1699 998 2079 1051 Archimedem
2112 1012 2207 1051 oc-

652 1091 922 1144 ciderunt.
971 1091 1104 1144 Nam
1135 1105 1255 1143 eum
1288 1090 1514 1153 figuram
1550 1090 1840 1158 quamdam
1872 1089 2173 1144 dclinearet
2194 1130 2208 1155 ,

649 1190 705 1233 ct
734 1179 917 1231 hostes
950 1178 1140 1233 adesse
1172 1179 1426 1233 audiret:
1463 1179 1667 1249 Caput,
1726 1179 1936 1249 inquit,
1991 1190 2209 1248 petant,

654 1272 846 1323 lineam
880 1287 981 1323 non
1006 1280 1222 1339 petant;
1247 1288 1309 1325 ac
1341 1271 1568 1325 militem
1591 1272 1700 1341 jam
1728 1282 1992 1327 astantem
2021 1287 2209 1342 parum

652 1363 861 1417 curavit
882 1404 896 1426 ,
925 1363 993 1417 ab
1019 1378 1215 1431 eoque,
1245 1362 1388 1432 quod
1415 1378 1443 1415 a
1487 1362 1630 1417 linea
1656 1362 1937 1418 discedere
1957 1362 2210 1432 jussisset

654 1455 813 1514 irato,
832 1468 1004 1507 caesus
1033 1462 1133 1508 est.
1156 1452 1457 1517 Marcellus,
1474 1453 1757 1524 Syracusis
1785 1452 2128 1522 expugnatis,
2156 1462 2213 1506 et

654 1560 840 1615 magna
888 1544 1053 1615 426
1096 1545 1292 1599 Sicilia
1349 1556 1498 1613 parte
1558 1556 1912 1614 recuperata,
1965 1559 2211 1614 magnam

655 1636 864 1690 laudem
894 1643 1178 1690 assecutus
1198 1646 1300 1697 est,
1320 1643 1374 1689 et
1405 1650 1518 1688 eos.
1540 1635 1875 1703 designatus.
1904 1634 2035 1688 Nam
2074 1634 2213 1687 Tor~

655 1732 880 1788 «malum
938 1724 1014 1777 illi
1060 1724 1304 1792 quidem,
1336 1724 1429 1777 filii
1459 1724 1541 1778 sui
1575 1724 2007 1783 interfectorem,
2036 1722 2215 1791 elege-

659 1824 779 1868 rant
803 1833 815 1868 :
842 1815 934 1869 sed
958 1832 1081 1871 cum
1109 1817 1198 1871 ille
1222 1818 1743 1885 recusasset(neque
1767 1816 1911 1869 enim
1943 1831 2000 1869 se
2028 1816 2212 1885 populi

2313 653 2454 699 τινες
2501 637 2591 688 ὑπ’
2634 635 2813 688 αὐτῶν
2846 634 3218 705 ἀνεῴχθησαν,
3249 635 3341 686 καὶ
3385 634 3728 687 εἰσελθόντων
3764 636 3837 686 καὶ

2314 727 2545 796 ἐτέρων,
2604 726 2717 795 ἅμα
2786 727 2984 791 πάντες
3028 727 3135 781 ἀπὸ
3192 726 3439 793 σημείου,
3499 727 3592 778 καὶ
3653 726 3703 777 οἱ
3756 725 3841 776 Eam

2314 821 2407 870 καὶ
2439 818 2486 868 oi
2519 815 2645 880 ἔξω,
2677 819 3010 887 συνεϐόησαν
3039 819 3130 870 καὶ
3162 819 3268 879 τοῖς
3300 816 3488 885 δόρασι
3515 815 3611 876 τὰς
3637 815 3839 875 ἀσπίδας

2315 908 2701 976 συνέκρουσαν,
2763 908 2855 959 καὶ
2916 908 2964 959 ni
3011 907 3340 974 σαλπιγκταὶ
3417 906 3840 974 προσεπήχησαν.

2314 999 2693 1069 ὥστε-ἁθρόαν
2728 1001 2827 1071 τήν
2875 999 3139 1068 ἔκπληξιν
3183 1001 3295 1061 τοῖς
3329 996 3714 1067 Συρακουσίοις
3743 996 3841 1063 μηδ’

2313 1090 2487 1154 ἄλλως
2516 1091 2574 1144 εὖ
2612 1092 2827 1161 ἔχουσιν
2864 1092 2967 1143 ὑπὸ
3000 1091 3171 1161 μέθης
3204 1088 3502 1159 συμϐῆναι,
3529 1085 3623 1139 καὶ
3652 1086 3742 1153 τὴν
3769 1085 3844 1136 πό-

2312 1184 2393 1236 λιν
2418 1186 2639 1248 ἁλῶναι,
2683 1184 2819 1253 πλὴν
2849 1188 2947 1255 τῆς
2972 1184 3290 1252 Ἀχραδινῆς
3318 1184 3409 1236 καὶ
3442 1184 3538 1247 τῆς
3564 1180 3736 1248 Νήσου
3766 1196 3846 1228 κτι-

2313 1277 2598 1346 λουμένης.
2630 1276 2689 1330 '0
2727 1276 2819 1329 οὖν
2859 1270 3173 1345 Μάρκελλος
3217 1275 3282 1327 τά
3316 1292 3373 1326 τε
3414 1272 3691 1326 ἑαλωκότα
3719 1270 3846 1338 διήρ-

2316 1385 2456 1421 πασε
2496 1369 2587 1421 καὶ
2613 1371 2722 1430 τοῖς
2772 1368 2846 1436 μὴ
2885 1367 3070 1420 ἁλοῦσι
3101 1366 3423 1437 προσέϐαλε,
3459 1365 3555 1417 καὶ
3589 1364 3684 1417 σὺν
3728 1362 3851 1428 πόνῳ

2318 1463 2415 1529 μὲν
2440 1464 2529 1513 καὶ
2557 1460 2754 1529 χρόνῳ,
2788 1462 2938 1526 ὅμως
2965 1460 3009 1511 δ’
3041 1458 3132 1511 οὖν
3156 1460 3251 1513 καὶ
3280 1458 3391 1512 τῶν
3423 1457 3627 1510 λοιπῶν
3656 1455 3749 1522 τῆς
3770 1454 3851 1504 Συ-

2319 1548 2590 1618 ρακούσης
2631 1550 2953 1619 ἐκράτησεν.
2998 1549 3314 1619 Ἐγκρατεῖς
3342 1550 3398 1602 δὲ
3426 1547 3631 1600 τούτων
3664 1548 3708 1597 οἱ
3741 1545 3833 1595 Ῥω

2319 1641 2466 1707 μαῖοι
2499 1640 2783 1707 γενόμενοι
2814 1638 3009 1701 ἄλλους
3038 1656 3097 1693 τε
3135 1638 3384 1700 πολλοὺς,
3428 1639 3523 1690 καλ⁵
3562 1637 3651 1687 τὸν
3696 1636 3855 1703 Ἀρχι-

2319 1730 2493 1798 μήδην
2529 1731 2883 1783 ἀπέκτειναν.
2926 1730 3259 1799 Διάγραμμα
3290 1729 3398 1797 γάρ
3441 1746 3492 1780 τι
3541 1727 3860 1795 διαγράφωνι

2318 1822 2410 1871 καὶ
2438 1821 2677 1883 ἀκούσας
2709 1822 2833 1879 τοὺς
2879 1822 3172 1889 πολεμίους
3215 1819 3561 1887 ἐφίστασθαι,
3600 1819 3753 1883 Παρὰ
3777 1833 3849 1868 κε-

658 1921 857 1969 mores,
880 1922 1055 1976 neque
1074 1909 1332 1977 populum
1351 1908 1522 1975 ipsius
1543 1907 1829 1976 imperium
1860 1907 1968 1976 pati
2010 1906 2209 1978 posse),

2321 1909 2543 1978 φαιὰν,
2583 1911 2708 1978 ἔφη,
2753 1912 2848 1963 καί
2882 1910 2969 1980 μὴ
3019 1912 3173 1979 παρὰ
3198 1912 3490 1979 γραμμάν.
3536 1909 3859 1967 Ἐπτστάντος

657 1995 966 2049 Marcellum
992 2008 1048 2052 et
1076 1998 1342 2053 Valerium
1370 1999 1652 2052 Lavinium
1684 2014 1827 2053 coss.
1857 2009 2135 2053 crearunt.

2321 2000 2378 2053 δὲ
2409 2001 2557 2070 αύτῷ
2592 2002 2875 2069 πολεμίου,
2916 2002 3087 2073 βραχύ
3111 2019 3171 2053 τε
3208 2002 3515 2069 ἐφρόντισε,
3552 2003 3646 2053 καὶ
3686 1996 3858 2055 εἰπὼν.

667 2089 981 2158 Ἀπόστηθι,
1016 2089 1293 2161 ἄνθρωπε,
1326 2091 1432 2143 ἀπὸ
1466 2093 1564 2159 τῆς
1599 2091 1885 2161 γραμμῆς,
1918 2090 2205 2160 παρώξυνέ
2242 2108 2300 2144 τε
2330 2092 2516 2154 αὑτὸν,
2546 2092 2642 2144 καὶ
2710 2092 3014 2161 κατεκόπη.
3062 2094 3120 2145 Ὀ
3155 2092 3252 2162 μὲν
3276 2087 3369 2144 οὖν
3426 2087 3741 2156 Μάρκελλος
3772 2088 3856 2147 τὰς

656 2182 1003 2251 Συρακούσας
1026 2184 1179 2247 ἐλὼν,
1214 2185 1305 2236 καὶ
1342 2186 1437 2253 τῆς
1466 2185 1631 2254 ἄλλης
1668 2184 1916 2246 Σικελίας
1939 2183 2009 2236 τὰ
2066 2185 2236 2238 πλείω
2276 2186 2782 2256 προσαγαγόμενος,
2830 2188 2925 2239 καὶ
2964 2188 3219 2259 ἐπῃνεῖτο
3261 2185 3535 2255 μεγάλως,
3584 2184 3679 2237 καὶ
3736 2182 3859 2235 ὕπα-

660 2292 742 2336 τος
804 2275 1173 2331 ἀποδέδεικτο.

1255 2277 1623 2347 Προεϐἀλοντο
1677 2279 1775 2347 μὲν
1832 2277 1941 2348 γὰρ
1988 2276 2081 2330 τὸν
2123 2279 2518 2347 Τουρκουάτον,

2598 2281 2655 2342 ὃς
2710 2296 2840 2332 ποτε
2888 2281 2981 2333 τὸν
3070 2282 3183 2334 υἱὸν
3238 2279 3595 2331 ἀπέκτεινενσ
3656 2277 3775 2331 ἐπεὶ
3814 2276 3861 2328 δὲ

654 2372 858 2436 ἐκεῖνος
890 2370 1221 2440 ἀπηνῄνατο,
1255 2371 1421 2423 είπὼν
1456 2370 1529 2433 ὡς
1578 2370 1705 2422 Οὕτ¹
1742 2371 1837 2423 ἐὰν
1870 2368 1979 2437 ἐγὼ
2016 2370 2085 2423 τὰ
2150 2369 2387 2439 ὑμέτερα
2452 2371 2849 2441 ἁμαρτήματα,
2895 2371 3007 2425 οὔτ’
3049 2372 3116 2426 ἂν
3184 2373 3342 2441 ὑμεῖς
3378 2370 3479 2438 τὴν
3538 2370 3678 2439 ἐμὴν
3725 2372 3868 2440 ἀκρί-

654 2463 804 2514 ϐειαν
850 2462 1148 2529 ἐνέγκοιτε,
1182 2463 1271 2514 τὸν
1300 2462 1617 2532 Μάρκελλον
1658 2463 1753 2515 καὶ
1802 2464 2083 2515 Λαουΐνιον
2120 2461 2210 2515 τὸν
2250 2461 2547 2532 Οὐαλέριον
2581 2456 3017 2533 ἐχειροτόνησαν.

724 2558 813 2612 Vl.
876 2554 1129 2609 Marcello
1155 2571 1222 2610 ex
1254 2554 1438 2610 Sicilia
1484 2555 1730 2624 digresso
1758 2594 1773 2616 ,
1815 2554 2002 2623 copias
2046 2569 2215 2623 eque—

653 2659 794 2702 stres
822 2648 874 2701 in
907 2662 1026 2703 eam
1052 2648 1202 2701 misit
1230 2647 1486 2707 Annibal,
1509 2647 1708 2700 misere
1732 2644 2216 2715 etCartliaginien-

653 2752 740 2792 ses
764 2754 778 2787 :
805 2747 861 2791 et
915 2736 1123 2805 praliisr
1158 2737 1368 2805 aliquot
1398 2735 1667 2799 victores,
1694 2735 1956 2801 civitates
1999 2749 2217 2803 quoque

655 2832 1017 2899 subegerunt,
1050 2845 1112 2884 ac
1148 2828 1203 2882 ni
1238 2828 1527 2883 Cornelius
1576 2827 1852 2882 Dolabella
1891 2837 2092 2895 prator
2125 2841 2219 2879 su-

654 2920 1005 2987 pervenisset,
1034 2929 1199 2973 totam
1229 2919 1466 2973 Siciliam
1490 2916 1853 2986 subegissem.
1875 2914 2013 2969 Tum
2034 2915 2218 2984 Capua

652 3029 868 3080 «pioque
924 3029 953 3065 a
1010 3012 1272 3065 Romanis
1329 3020 1485 3079 capta
1542 3018 2001 3078 est:quanqualn
2045 3008 2217 3062 Anni-

656 3104 772 3157 balc
808 3120 900 3171 iter
932 3104 1147 3157 Latium
1178 3104 1405 3157 Romam
1438 3111 1626 3163 eunte,
1661 3110 1719 3154 ut
1746 3116 1843 3155 eos
1875 3102 1941 3154 ab
1974 3102 2092 3169 ejus
2123 3117 2213 3154 ur-

2394 2558 2485 2624 Q".
2536 2555 2890 2620 ’Δπελθόντος
2934 2558 2989 2609 δὲ
3025 2556 3118 2608 τοῦ
3160 2555 3479 2625 Μαρκέλλου
3520 2556 3584 2608 ἐκ
3621 2556 3870 2616 Σικελίας,

2321 2647 2554 2717 δύναμιν
2588 2649 2799 2701 ἱππέων
2830 2650 2887 2711 ὲς
2915 2647 3084 2716 αὐτὴν
3115 2649 3142 2701 ὁ
3180 2648 3428 2711 Ἀννίϐας
3462 2647 3768 2712 ἀπέστειλε,
3793 2663 3875 2698 και

2325 2739 2522 2809 ἑτέραν
2550 2742 2599 2793 oi
2646 2740 3007 2809 Καρχηδόνιοι
3054 2738 3329 2808 ἔπεμψαν,
3374 2738 3471 2791 καὶ
3517 2738 3717 2808 μάχαις
3746 2736 3875 2788 τισὶν

2326 2831 2584 2901 ἐνίκησαν
2613 2834 2706 2885 καὶ
2738 2832 2919 2895 πόλεις
2963 2831 3433 2901 προσεποιήσαντο
3458 2844 3475 2861 ο
3524 2830 3618 2881 καὶ
3646 2829 3699 2882 ετ
3719 2844 3780 2895 γε
3809 2827 3874 2897 μὴ

2327 2924 2623 2993 Κορνήλιος
2660 2922 2983 2985 Δολοϐέλλας
3017 2922 3321 2991 στρατηγὸς
3347 2919 3671 2989 ἐπελήλυθε,
3706 2922 3878 2972 πᾶσαν

2322 3014 2421 3084 τὴν
2448 3014 2700 3067 Σικελίαν
2730 3012 3096 3083 ἐχειρώσαντο
3128 3014 3213 3067 ἄν.
3247 3014 3354 3065 Καὶ
3379 3014 3411 3083 ή
3456 3012 3657 3079 Καπύη
3683 3011 3740 3062 δὲ
3767 3010 3875 3061 τότε

2273 3092 2276 3095 λ
2320 3105 2465 3159 ἐάλω
2497 3106 2647 3177 παρά
2694 3106 3002 3175 Ῥωμαίων,
3050 3105 3228 3158 καίτοι
3267 3104 3360 3157 τοῦ
3419 3102 3660 3179 ’Δννίϐου
3692 3102 3749 3164 ἐς
3788 3099 3876 3168 τὴν

655 3197 737 3249 bis
766 3196 1048 3250 obsidione
1078 3197 1387 3265 repelleret,
1430 3205 1486 3250 et
1519 3208 1690 3265 usque
1720 3192 1785 3246 ad
1819 3192 2060 3247 Tiberim
2092 3207 2209 3261 pro-

2331 3196 2553 3266 Ῥώμην
2599 3198 2944 3267 ὁρμήσαντος
2982 3198 3048 3249 ἶν’
3080 3197 3187 3249 ἀπὸ
3218 3196 3316 3262 τῆς
3352 3194 3586 3261 Καπύης
3624 3192 3749 3253 τοὺς
3787 3207 3876 3241 πο-

650 3303 873 3358 gresso,
907 3295 961 3341 et
992 3287 1369 3341 suburbanum
1423 3299 1611 3355 agrum
1661 3294 1928 3339 vastante.
1983 3283 2211 3336 Romani

653 3390 858 3440 autem,
899 3375 1149 3447 quamvis
1197 3376 1409 3437 territi,
1443 3385 1625 3431 tamen
1666 3376 1899 3430 alterum
1935 3374 2213 3427 consulem

656 3486 873 3523 manere
890 3472 1103 3539 Capua,
1118 3470 1349 3523 alterum
1372 3468 1569 3522 Urbem
1595 3466 1890 3522 defendere
1910 3466 2210 3540 jusserunt.

652 3559 728 3613 Ae
743 3560 999 3617 Claudius
1019 3560 1215 3631 Capua
1238 3560 1437 3614 mansit
1460 3559 1680 3630 (vulnus
1701 3558 1850 3611 enim
1872 3558 2206 3626 acceperat),

654 3651 877 3713 Flaccus
905 3653 1127 3705 Romam
1168 3651 1503 3722 properavit.
1531 3650 1799 3706 Caterum
1824 3650 2092 3703 Annibale
2121 3665 2212 3703 ex-

652 3742 936 3796 cursiones
981 3743 1212 3796 subinde
1256 3743 1310 3796 in
1365 3742 1541 3796 oculis
1590 3742 1793 3795 civium
1843 3739 2110 3801 faciente,
2158 3747 2214 3792 et

654 3831 822 3885 multa
862 3832 1103 3886 crudelia
1139 3832 1379 3887 facinora
1404 3834 1623 3896 edente,
1653 3830 1759 3885 alio
1800 3840 2049 3900 tempore
2080 3832 2212 3885 satis

654 3923 962 3977 habuerunt
1004 3925 1173 3991 ipsam
1222 3925 1415 3979 urbem
1464 3926 1628 3979 tueri.
1682 3923 1786 3979 Sed
1840 3940 1963 3979 cum
2018 3924 2209 3979 eodem

657 4012 901 4083 tempere
925 4024 979 4069 et
1005 4016 1057 4068 in
1083 4017 1280 4070 mania
1308 4031 1353 4069 et
1392 4017 1445 4069 in
1474 4026 1651 4070 castra
1677 4018 1941 4085 impetum
1967 4015 2211 4069 facturus

654 4123 673 4163 κέ
689 4117 817 4171 sset,
844 4105 961 4161 alea
986 4109 1143 4174 iacta,
1174 4119 1231 4161 ut
1257 4108 1431 4171 aiunt,
1461 4116 1842 4161 excurrcrunt.
1866 4106 2000 4161 Cum
2027 4116 2209 4160 autem

645 4201 754 4267 jam
786 4200 1001 4253 eminus
1033 4200 1359 4253 dimicarent
1386 4240 1399 4262 ,
1434 4200 1699 4253 serenitas
1740 4199 1793 4253 in
1825 4207 2208 4269 tempestatem

654 4291 924 4359 ingentem
956 4307 1077 4345 cum
1102 4292 1321 4347 turbine
1351 4294 1605 4355 maximo,
1634 4292 1947 4355 tonitribus,
1988 4292 2209 4363 grandi-

655 4392 721 4428 ne
755 4386 809 4427 et
844 4375 1144 4444 fulguribus
1179 4387 1261 4429 est
1293 4392 1551 4429 conversa
1580 4394 1592 4427 ε
1630 4385 1687 4429 ut
1724 4377 1882 4430 ambo
1913 4378 2207 4441 exercitus,

654 4468 800 4520 velut
826 4484 887 4520 ex
933 4467 1260 4535 composito,
1288 4468 1485 4536 cupide
1514 4484 1579 4522 eo
1603 4469 1915 4537 refugerent
1950 4469 2091 4524 unde
2120 4485 2211 4522 ve-

2318 3289 2668 3360 λιορκοῦιιτας
2713 3288 2885 3355 αὐτὴν
2940 3289 3147 3357 enim.
3206 3289 3299 3338 καὶ
3348 3285 3436 3340 διὰ
3488 3285 3595 3338 τῶν
3639 3284 3875 3338 Λατίνων

2318 3381 2610 3442 ἐλάσαντος
2648 3381 2741 3431 καὶ
2787 3380 2924 3448 πρὸς
2959 3382 3051 3431 τὸν
3085 3378 3312 3448 Τίϐεριν
3343 3377 3585 3436 ἐλθόντοε
3620 3379 3713 3429 καὶ
3746 3392 3874 3444 πορ-

2318 3471 2537 3534 θοῦντος
2575 3471 2643 3523 τὰ
2687 3471 2793 3541 πρὸ
2826 3468 2921 3523 τοῦ
2953 3470 3170 3532 ἄστεος.
3220 3472 3282 3521 Οί
3334 3468 3443 3537 γὰρ
3493 3470 3550 3520 ἐν
3587 3470 3652 3537 τῇ
3698 3466 3874 3534 Ῥώμῃ

2315 3560 2663 3631 ἐφοϐήθησαν
2712 3560 2832 3628 μὲν,
2886 3559 3224 3628 ἐψηφίσαντο
3283 3558 3340 3611 δὲ
3400 3558 3491 3610 τὸν
3539 3556 3722 3626 ἕτερον
3774 3555 3873 3607 τῶν

2316 3653 2537 3706 ὑπάτων
2572 3655 2627 3704 ἐν
2656 3652 2857 3721 Καπύῃ
2892 3644 3097 3719 μεῖναι,
3130 3651 3222 3703 τὸν
3254 3651 3297 3703 δ’
3325 3651 3511 3719 ἓτερον
3536 3649 3715 3711 αδτοῖς
3742 3650 3871 3700 ἐπα-

2318 3743 2503 3813 μῦναι.
2536 3744 2645 3799 Καὶ
2678 3743 2944 3805 Κλαύδιος
2979 3742 3077 3810 μὲν
3117 3742 3175 3793 ἐν
3224 3744 3286 3811 τῇ
3327 3740 3529 3809 Καπύῃ
3558 3742 3871 3808 κατέμεινεν

2317 3835 2603 3905 (ἐτέτρωτο
2626 3834 2778 3905 γὰρ),
2810 3833 3053 3895 Φλάκκος
3078 3834 3133 3885 δέ
3160 3834 3291 3903 πρὸς
3320 3835 3416 3899 τὴν
3473 3832 3687 3902 Ῥώμην
3726 3833 3869 3901 ἠπεί-

2313 3926 2437 3997 χθη.
2499 3926 2604 3978 Τοῦ
2642 3927 2684 3979 δ’
2739 3926 2982 3979 Ἀννίϐου
3030 3927 3127 3989 τάς
3163 3943 3220 3979 τε
3275 3926 3625 3995 καταδρομὰς
3667 3928 3721 3977 ἐν
3767 3928 3869 3985 τοῖς

2312 4018 2613 4087 ὀφθαλμοῖς
2656 4018 2835 4072 αὐτῶν
2876 4018 2971 4072 ἀεὶ⁹
2996 4019 3324 4087 ποιουμένου
3373 4019 3469 4072 καὶ
3518 4019 3685 4071 πολλὰ
3728 4016 3871 4069 δεινὰ

2314 4110 2565 4178 δρῶντος,
2590 4109 2680 4161 τὸν
2706 4110 2803 4175 μὲν
2828 4108 2985 4160 ἄλλον
3013 4110 3201 4178 χρόνον
3225 4109 3451 4176 ἠγάπων
3479 4110 3528 4160 εί
3549 4110 3617 4161 τὰ
3643 4126 3701 4171 γε
3728 4107 3873 4168 ἐντὸς

2314 4200 2420 4251 τῶν
2454 4198 2648 4268 τειχῶν
2687 4199 3104 4268 περιρὼσαιντο.
3174 4200 3329 4251 Ἐπεὶ
3373 4200 3430 4252 δέ
3476 4200 3570 4250 καὶ
3614 4202 3679 4267 τῇ
3726 4199 3871 4249 πόλει

2314 4294 2407 4346 καὶ
2467 4295 2579 4357 τοῖς
2636 4292 3021 4363 στρατοπέδοις
3072 4292 3187 4362 ἅμα
3246 4292 3576 4363 προσϐαλεῖν
3631 4292 3869 4361 ἔμελλεν,

2314 4386 2702 4457 ἀνεῤῥίψαντο,
2730 4387 2789 4437 τὸ
2818 4386 2913 4439 τοῦ
2944 4385 3126 4452 λόγου,
3157 4384 3345 4445 κύϐον,
3376 4388 3465 4438 καὶ
3488 4384 3871 4455 ἐπεξέδραμον.

2316 4479 2424 4530 Καὶ
2454 4477 2957 4546 ἁκροϐολιζομένων
2991 4478 3088 4546 ἤδη
3119 4476 3326 4545 χειμὼν
3372 4476 3430 4540 ἐξ
3466 4475 3683 4543 αἰθρίας
3726 4474 3870 4539 ἐξαί-

624 4567 865 4619 _nerant.
910 4558 1008 4611 Vix
1040 4574 1189 4611 arma
1220 4568 1538 4627 posuerant,
1562 4574 1685 4612 cum
1722 4561 1988 4614 serenitas
2030 4560 2207 4614 rediit.

2318 4586 2429 4631 σιος
2468 4568 2757 4635 ἐπεγένετο
2793 4567 2929 4635 μετά
2961 4567 3270 4636 πνεύματος
3302 4567 3603 4635 ἀμηχάνου,
3639 4565 3871 4636 βροντῶν

652 4650 884 4704 Annibal
908 4649 1154 4717 quamvis
1176 4650 1285 4712 illa,
1309 4650 1479 4719 ipsius
1506 4650 1790 4703 conﬂictus
1815 4660 2079 4718 tempore,
2103 4666 2209 4703 non

653 4743 769 4796 sine
802 4744 1023 4795 numine
1052 4742 1314 4797 accidisse
1349 4742 1597 4805 rebatur,
1626 4750 1805 4796 tamen
1834 4745 1901 4795 ab
1926 4742 2211 4796 obsidione

653 4852 758 4887 non
794 4830 1033 4891 destitit:
1062 4837 1153 4889 sed
1184 4852 1307 4890 eum
1337 4836 1516 4891 denuo
1540 4836 1831 4906 confligere
1862 4836 2207 4899 instituisset,

652 4926 949 4994 eademque
992 4928 1333 4991 acciderent,
1370 4930 1691 4997 pertimuit:
1723 4930 1886 4984 etiam
1918 4945 1983 4985 eo
2022 4931 2209 4984 obstu-

653 5017 928 5084 pcfaetus,
976 5017 1120 5085 quod
1155 5018 1384 5071 Romani
1428 5019 1481 5071 in
1531 5029 1680 5073 tanto
1720 5021 2035 5075 discrimine
2075 5036 2207 5075 con-

655 5110 851 5173 stituti,
892 5126 1066 5177 neque
1101 5110 1338 5178 Capuam
1372 5112 1777 5178 relinquerent.
1817 5122 1873 5166 et
1920 5123 2207 5181 pratorem

654 5215 779 5251 cum
806 5201 1071 5255 militibus
1095 5206 1144 5255 in
1176 5204 1486 5272 Hispaniam
1513 5203 1729 5257 missuri
1754 5213 1937 5257 essent
1958 5225 1971 5255 :
1994 5207 2207 5270 etquod

655 5290 880 5357 pecunia
916 5303 1168 5359 egentes.
1220 5306 1412 5361 praeter
1462 5294 1601 5356 alia,
1653 5295 1783 5349 illud
1834 5295 1997 5349 etiam
2033 5297 2207 5349 solum

654 5382 859 5451 publici
883 5386 1018 5453 agri,
1053 5387 1103 5437 in
1138 5402 1243 5453 quo
1276 5399 1455 5459 castra
1489 5388 1759 5450 habebat,
1802 5388 2207 5454 vendidissent;

642 5476 1047 5543 desperataque
1069 5482 1463 5547 expugnatione
1491 5480 1737 5544 recessit,
1769 5479 2001 5536 subinde
2030 5481 2207 5535 excla-

658 5584 829 5633 mans,
848 5568 891 5624 Ο
907 5568 1143 5624 Canna!
1167 5570 1360 5626 Canna:
1382 5577 1477 5630 lac
1502 5594 1567 5632 ne
1588 5577 1784 5647 Capua
1804 5577 2023 5647 quidem
2050 5594 2205 5647 opem

656 5661 885 5729 amplius
912 5661 1052 5717 ferre
1097 5663 1289 5719 voluit.
1316 5666 1554 5734 Capuani
1589 5686 1755 5735 vero,
1788 5687 2095 5740 quanquam
2140 5670 2206 5723 ad

659 5766 898 5806 summas
931 5757 1216 5825 angustias
1250 5756 1409 5829 427
1448 5759 1673 5816 redacti.
1697 5771 1875 5815 tamen
1916 5764 2205 5832 desperata

657 5843 810 5895 \cnia
834 5847 1174 5916 restiterunt,
1196 5850 1400 5905 auxilio
1429 5849 1715 5905 Annibalis
1746 5868 1838 5921 per
1866 5855 2080 5907 litteras
2109 5854 2207 5909 im-

2313 4676 2370 4713 τε
2404 4660 2492 4711 καὶ
2526 4658 2766 4728 χαλάζης
2798 4658 2890 4710 καὶ
2915 4657 3333 4728 ἀστραπῶν,νὼς
3371 4658 3535 4727 ἄμφω
3577 4654 3870 4725 ἀγαπητῶς

2312 4752 2387 4814 ὡς
2418 4753 2480 4813 ἐκ
2513 4750 2854 4820 συνθήματος
2887 4752 3181 4820 ἀναφυγεῖν
3205 4750 3326 4802 ὅθεν
3348 4749 3634 4818 ὥρμησαν,
3663 4751 3788 4818 ἄρτι
3816 4764 3870 4799 τε

2312 4844 2379 4895 τὰ
2412 4822 2565 4896 ὅπλα.
2594 4843 2960 4901 κατετίθεντο,
3008 4842 3098 4892 καὶ
3133 4839 3321 4909 αἰθρία
3368 4841 3609 4905 ἐγένετο.
3652 4840 3709 4892 Ὀ
3745 4839 3871 4907 γοῦν

2324 4936 2595 4997 Ἀννίϐας,
2649 4935 2823 4985 καίτοι
2864 4934 2959 4983 οὐκ
3000 4931 3151 4984 ἀθεεὶ
3193 4931 3549 4999 λογισάμενος
3589 4932 3742 4997 παρά
3783 4930 3869 4980 τὸν

2310 5029 2408 5095 τῆς
2437 5026 2655 5077 συνόδου
2688 5024 2876 5094 καιρὸν
2913 5022 3293 5092 συνενεχθῆναι
3315 5023 3381 5075 τά
3404 5023 3690 5089 γεγονότα,
3722 5022 3868 5090 ὅμως

2313 5117 2409 5169 οὐκ
2447 5116 2655 5185 ἀπέστη
2700 5116 2795 5183 τῆς
2841 5110 3181 5185 πολιορκίας,
3212 5114 3349 5166 ἀλλὰ
3396 5112 3490 5164 καὶ
3534 5112 3683 5174 αὖθις
3736 5116 3871 5182 μετὰ

2312 5205 2468 5258 τοῦτο
2510 5208 2803 5276 συμϐαλεῖν
2845 5208 3223 5276 ἐπεχείρησεν.
3283 5204 3372 5267 Ὠς
3416 5202 3474 5256 δὲ
3516 5204 3610 5256 καὶ
3650 5204 3775 5255 τότε
3806 5203 3870 5254 τὰ

2312 5296 2450 5349 αὑτά
2483 5298 2701 5372 συνέϐη,
2734 5298 3057 5351 κατέδεισε·
3099 5296 3193 5348 καὶ
3226 5294 3661 5365 προσεκπλαγεὶς
3686 5295 3774 5345 ὅτι
3816 5295 3871 5353 ὲν

2311 5382 2608 5461 τηλικούτῳ
2636 5393 2865 5458 κινδύνῳ
2891 5390 3062 5452 ὄντες,
3095 5387 3215 5441 οὔτε
3248 5392 3341 5457 τῆς
3374 5388 3605 5457 Καπύης
3629 5388 3869 5453 ἀπέστη-

2314 5502 2432 5547 σαν,
2465 5488 2560 5538 καὶ
2589 5488 2645 5547 ἐς
2677 5487 2775 5551 τὴν
2822 5482 3062 5551 Ἰϐηρίαν
3092 5485 3185 5536 καὶ
3212 5482 3551 5550 στρατιώτας
3576 5482 3664 5533 καὶ
3701 5494 3871 5548 στρομ

2311 5578 2476 5645 τηγὺν
2505 5577 2742 5643 πέμψειν
2767 5574 3013 5643 ἔμελλον,
3042 5575 3131 5627 καὶ
3160 5575 3240 5627 ὅτι
3266 5572 3563 5643 χρημάτων
3582 5573 3868 5641 δεηθέντες

2312 5668 2601 5733 ἐπώλησαν
2641 5666 2773 5718 ἄλλα
2808 5683 2863 5717 τε
2903 5667 2995 5721 καὶ
3043 5665 3100 5717 τὸ
3140 5664 3336 5733 χωρίον
3378 5665 3434 5715 ἐν
3463 5657 3506 5731 ᾧ
3535 5667 3865 5735 ἐστρατοπε-

2310 5756 2512 5817 δεύετο,
2534 5756 2787 5823 δημόσιον
2811 5756 2891 5817 ὃν,
2925 5758 3017 5807 καὶ
3048 5754 3318 5821 ἀπογνοὺς
3342 5756 3639 5825 ἀπανέστη,
3666 5754 3863 5807 πολλὰ·

2314 5869 2403 5916 κις·
2430 5853 2750 5922 ἀναϐοήσας,
2775 5846 3100 5915 ὪΚάννίιί,
3120 5850 3359 5915 Κάνναι,
3385 5851 3473 5903 καὶ
3509 5850 3627 5902 οὐδὲ
3656 5851 3714 5918 τῇ
3747 5848 3860 5901 K1-
