4012 6330
152 483 247 545 τῖς)

1361 477 1766 539 ANNALIUM
1809 476 1961 536 LIB.
2005 478 2105 536 IX.

3243 462 3350 520 73m

147 595 249 675 πξῃ
267 593 342 644 ἐτ’
367 591 728 660 ἐπικουρῆσαι
746 589 1027 660 ἠθέλησεν.
1050 591 1112 643 Οἱ
1127 588 1207 652 δὲ,
1235 589 1435 660 καίπερ
1456 591 1513 642 ὲν
1535 587 1692 642 ἀσθεο

1803 585 2159 653 βιοτειοηεεά
2195 581 2459 638 tabellarii
2495 595 2522 632 a
2555 578 2749 632 Flacco
2777 571 3158 643 comprehensi
3193 573 3352 640 (nam

144 684 412 744 νεστάτοις
445 682 615 746 ὅντες,
647 685 794 750 ὅμως
820 682 1143 749 ἀπογνόντες
1179 681 1254 746 ὡς
1283 682 1342 734 οὗ
1373 681 1687 749 τευξόμενοι

1803 678 2045 734 Ξιαυᾱῑιις
2065 693 2131 731 ex
2163 676 2387 730 vulnere
2409 675 2517 745 jam
2540 668 2894 739 decesserat),
2922 667 3170 720 manibus
3204 674 3355 717 trun-

147 775 473 845 σῠγγνώμης
503 774 655 845 παρὰ
691 774 1002 843 Ῥωμαίων,
1031 775 1298 844 ἀντεῖχον,
1336 775 1430 826 καὶ
1464 773 1540 843 τῷ
1574 775 1690 827 ’Δν-

145 867 260 936 νίϐα
293 867 610 920 ἐπέστειλαν
650 865 935 935 βοηθήσειν
967 866 1146 928 αὐτοῖς
1171 865 1467 931 ἀξιοῦντες.
1491 865 1692 934 Συλλη-

144 955 361 1023 φθέντες
377 958 435 1010 δὲ
454 958 503 1010 oi
522 958 628 1011 τῶν
648 957 943 1010 ἐπιστολῶν
963 959 1219 1027 κομισταὶ
1241 959 1389 1027 παρὰ
1405 955 1500 1010 τοῦ
1519 958 1693 1010 Φλάκ-

144 1065 233 1100 κου
253 1048 303 1118 (ό
321 1050 431 1117 γὰρ
448 1048 709 1110 Κλαύδιος
727 1048 864 1118 ἔφθη
882 1047 1155 1118 τεθνηκὼς
1171 1051 1233 1101 ἑκ
1249 1049 1342 1101 τοῦ
1359 1048 1690 1119 τραύματος)

140 1136 233 1198 τὰς
263 1138 457 1206 χεῖρας
486 1137 893 1205 ἀπετμήθησαν.
925 1137 1030 1197 Οὓς
1080 1138 1282 1200 ίδὸντες
1319 1140 1366 1189 oi
1403 1139 1694 1206 Καμπανοὶ

141 1225 328 1288 δεινῶς
356 1227 799 1295 κατεπλάγησαν,
831 1227 923 1280 καὶ
948 1229 1031 1279 ὅτι
1067 1229 1362 1297 πράξουσιν
1389 1229 1696 1282 ἐϐουλεύον-

139 1316 218 1370 eo.
249 1317 568 1388 Λεχθέντων
585 1317 643 1370 δὲ
667 1317 897 1382 πολλῶν,
914 1317 1131 1380 Ἰούϐιός
1153 1335 1237 1380 τις
1261 1320 1478 1388 Ούϊριος
1501 1321 1557 1371 ὲν
1584 1322 1696 1381 τοῖς

141 1407 374 1477 πρώτοις
402 1408 585 1462 αὐτῶν
614 1408 690 1461 ὢν
719 1409 811 1461 καὶ
839 1408 936 1478 τῆς
967 1411 1321 1471 ἀποστάσεως
1353 1410 1694 1473 αἰτιώτατος,

139 1500 250 1552 Μία
275 1497 424 1567 ἡμῖν
450 1499 640 1562 ἐστιν,
669 1501 790 1567 ἔφη,
827 1501 1138 1568 καταφυγὴ
1167 1503 1262 1555 καί
1285 1502 1632 1569 κὲλευθερία,
1667 1505 1698 1554 o'

140 1589 413 1654 miratae.
448 1591 561 1642 Καί
579 1608 676 1658 μοι
704 1592 1155 1658 ἀκολουθήσατε
1180 1595 1383 1647 οἴκαδε
1403 1609 1416 1626 ο
1452 1595 1565 1662 ἓχω
1592 1594 1700 1662 γάρ

144 1695 190 1729 τι
221 1680 539 1747 φάρμακον
548 1683 1146 1752 παρεσκευασμένον.
1185 1686 1290 1736 Kai.
1320 1687 1346 1736 ό
1376 1685 1493 1752 μὲν,
1527 1703 1705 1749 παρα·

140 1770 319 1822 λαϐὼν
352 1773 472 1833 τοὺς
506 1739 654 1841 αύτῷ
679 1773 1022 1836 πεισθέντας,
1048 1774 1306 1837 ἑκουσίως
1336 1777 1572 1829 ἀπέθανε
1605 1781 1701 1832 σὺν

143 1861 349 1925 αὐτοῖς,
399 1862 496 1914 καὶ
544 1865 592 1914 ct
651 1863 826 1915 λοιποὶ
883 1863 978 1924 τάς
1040 1864 1214 1926 πύλας
1256 1868 1368 1927 τοῖς
1410 1866 1701 1935 Ῥωμαίοις

143 1951 404 2019 ἀνέῳξαν.
446 1950 505 2003 '0
540 1951 595 2001 δὲ
625 1952 871 2013 Φλάκκος
910 1954 980 2007 τά
1017 1971 1074 2006 τε
1103 1954 1244 2006 ὅπλα
1281 1956 1458 2009 αὐτῶν
1493 1960 1586 2008 καὶ
1634 1958 1702 2010 τὰ

143 2043 400 2112 χρήματα
434 2044 614 2096 πάντα
652 2043 922 2110 ἀφείλετο,
956 2048 1182 2099 καὶτῶν
1218 2049 1427 2118 ἀνδρτῖλν
1458 2050 1568 2101 τῶν
1612 2067 1702 2102 κο-

145 2137 390 2204 ρυφαίων
422 2138 547 2198 τοὺς
579 2137 677 2205 μὲν
702 2139 1010 2201 ἀπέκτεινε,
1040 2140 1163 2198 τοὺς
1183 2140 1238 2192 δὲ
1270 2143 1327 2202 ἐς
1353 2140 1448 2210 τὴν
1477 2142 1702 2210 Ῥώμην

143 2225 377 2294 έπεμψε.
409 2227 603 2280 Μόνων
631 2227 676 2279 δ’
707 2227 976 2298 ἀπέσχετο
1004 2231 1111 2282 τῶν
1133 2231 1195 2282 ὲκ
1219 2230 1312 2282 τοῦ
1341 2232 1528 2298 ὁμίλου
1548 2251 1701 2302 περι-

143 2317 489 2385 λσιφθέντων,
532 2320 627 2371 ἐπὶ
659 2319 736 2388 τῷ
767 2322 858 2372 καὶ
897 2320 1135 2390 ἄρχοντα
1181 2323 1375 2386 αὐτοὺς
1419 2323 1702 2390 Ῥωμαίων

144 2406 466 2476 λαμϐάνειν,
497 2411 594 2462 καὶ
646 2413 786 2481 μήτε
840 2411 1032 2482 βουλὴν
1077 2413 1242 2481 ἔχειν,
1298 2417 1435 2483 μήτε
1491 2416 1703 2467 σύνοδον

147 2500 440 2554 ποιεῖσθαι.
465 2501 732 2569 ’Υστερον
763 2502 819 2555 δὲ
857 2503 951 2556 καὶ
977 2503 1111 2556 ἄλλα
1135 2506 1255 2557 τινα
1290 2507 1699 2575 προσεπῶφλον,

146 2591 523 2660 κατηγορῆσαι
554 2592 648 2645 τοῦ
670 2594 916 2646 Φλάκκου
946 2595 1334 2664 τολμήσαντες.
1381 2598 1700 2668 Ἐπεχείρη-

146 2697 243 2735 σαν
288 2683 348 2736 δὲ
391 2686 484 2737 καὶ
515 2686 564 2737 ot
594 2687 886 2754 Καμπανοὶ
910 2687 1000 2740 τοῦ
1020 2689 1266 2742 Φλάκκου
1303 2692 1697 2758 κατηγορῆσαι,

145 2777 238 2828 καὶ
265 2777 359 2829 τοῦ
385 2778 707 2848 Μαρκέλλου
733 2781 781 2832 οἱ
808 2780 1163 2850 Συρακούσιοι
1194 2783 1552 2844 ὑπατεύοντος
1576 2782 1700 2852 ήδη,

145 2870 238 2921 καὶ
271 2869 672 2939 ἀπελογήσατο.
703 2873 776 2925 Ού
802 2875 908 2944 γὰρ
931 2874 1162 2943 ἠθέλησε
1186 2874 1392 2945 πρᾶξαί
1419 2891 1471 2926 τι
1508 2874 1615 2926 τῶν
1637 2878 1700 2945 τῇ

145 2957 286 3026 ἀρχιῇ
319 2966 734 3030 προσηκόντων,
766 2966 896 3034 πρὶν
931 2965 1394 3035 ἀπολογήσασθαι.
1436 2968 1496 3018 Ol
1525 2967 1702 3036 Συρα-

146 3048 354 3102 κούσιοι
387 3049 466 3116 δὲ,
488 3054 852 3117 καταστάντες
881 3059 960 3118 εἰς
990 3057 1200 3122 λόγους,
1219 3059 1703 3127 οίκονομικώτερον

143 3143 208 3208 τῇ
265 3141 502 3207 διαλέξει
556 3145 876 3214 ἐχρήσαντο,
930 3146 1029 3198 οὐκ
1085 3149 1165 3207 είς
1222 3149 1554 3216 κατηγορίαν
1609 3148 1701 3199 τοῦ

1789 770 1898 824 cati
1933 779 2101 823 sunt:
2136 781 2246 836 quo
2279 765 2519 835 Capuani
2567 764 2685 836 viso
2736 760 3013 830 perculsi,
3047 759 3115 811 dc
3149 773 3302 810 sumn
3327 771 3356 807 a

1789 875 1972 914 rerum
1995 859 2394 914 deliberabant.
2420 857 2604 911 Multis
2635 853 2818 908 verbis
2841 851 3014 909 tactis.
3039 849 3230 903 Juvius
3259 847 3359 896 Vi—

1790 954 1935 1017 rius,
1973 954 2059 1004 vir
2091 953 2378 1021 princeps,
2419 947 2741 1003 delet-tionis
2773 946 3080 1012 przecipuus
3116 950 3310 992 auctor
3337 955 3351 992 :

1797 1042 1987 1107 Unum,
2015 1043 2210 1112 inquit.
2243 1042 2386 1094 nobis
2418 1040 2720 1108 confugium
2747 1045 2795 1088 et
2825 1036 3038 1088 libertas
3073 1040 3352 1090 csl,mors.

1809 1136 1904 1189 Vos
1923 1153 2004 1190 me
2015 1137 2225 1188 domum
2247 1133 2542 1202 sequimini,
2564 1145 2818 1183 venenum
2842 1129 2973 1179 enim
2998 1132 3357 1193 pra‘pnratttm

1794 1227 1975 1282 habeo.
2007 1225 2097 1280 Sic
2126 1223 2377 1279 abductis
2406 1222 2474 1276 iis
2507 1234 2713 1276 secum.
2748 1217 2947 1285 quibus
2976 1231 3036 1267 ea
3085 1213 3353 1266 sententia

1796 1319 2046 1390 placebat
2070 1358 2083 1381 ,
2112 1334 2216 1371 una
2251 1331 2375 1369 cum
2420 1315 2528 1369 illis
2566 1314 2710 1366 ultro
2739 1310 2919 1379 periit,
2956 1307 3135 1362 czeleri
3168 1316 3355 1374 portas

1797 1411 2060 1464 Romanis
2089 1414 2427 1477 aperuerunt
2452 1421 2464 1458 :
2496 1403 2697 1472 quibus
2725 1401 2946 1453 Flaccus
2992 1413 3142 1451 arma
3172 1395 3356 1450 omnia

1797 1509 1850 1556 et
1871 1500 2156 1570 pecuniam
2185 1511 2400 1551 omnem
2420 1493 2621 1549 ademit
2649 1511 2661 1545 :
2692 1502 2747 1545 et
2774 1489 3080 1558 principum
3115 1490 3357 1539 virorum

1801 1593 1940 1645 alios
1976 1589 2215 1651 occidit,
2265 1587 2401 1640 alios
2431 1586 2658 1638 Romam
2714 1582 2894 1636 misit.
2943 1579 3042 1631 soli
3079 1578 3252 1630 turba:
3292 1593 3355 1628 ex

1801 1684 2032 1754 plebeiis
2057 1682 2279 1750 reliquae
2307 1680 2375 1733 iis
2400 1675 2809 1732 conditionibus
2840 1672 3101 1741 pepercit.
3141 1681 3196 1722 ut
3227 1685 3358 1736 pra--

1804 1777 2173 1830 tori‘anano
2205 1780 2481 1842 parerent,
2517 1781 2576 1822 ut
2608 1769 2817 1820 nullum
2847 1774 3117 1823 senatum,
3144 1762 3354 1813 nullum

1803 1868 2094 1922 concilium
2127 1865 2413 1918 baberent.
2446 1862 2574 1915 Post
2607 1860 2770 1910 etiam
2813 1858 2932 1909 aliae
2965 1855 3146 1906 multa:
3184 1853 3360 1913 impo—

1809 1962 1947 2022 sit:e,
1976 1975 2099 2013 cum
2137 1957 2391 2011 Flaccum
2420 1967 2675 2007 accusare
2702 1952 2815 2002 ausi
2850 1956 3055 2007 essent,
3097 1944 3358 2010 Campani

1804 2052 2285 2123 quoquecumdem
2303 2062 2558 2102 accusare
2573 2045 2946 2101 instituerunt,
2961 2049 3012 2091 ct
3031 2035 3352 2107 Syracusani

1806 2146 2118 2202 Marcellum
2145 2145 2254 2210 jam
2288 2140 2587 2196 consulem.
2625 2137 2674 2190 ls
2703 2151 2759 2187 se
2788 2132 3067 2192 defendit,
3107 2146 3206 2182 nec
3237 2137 3362 2181 ante

1805 2234 2334 2310 eam,defensionem
2373 2229 2669 2297 quidquam
2704 2241 2802 2294 pro
2837 2219 3162 2277 auctoritate
3195 2221 3364 2288 impoo

1807 2331 1871 2382 rii
1901 2315 2091 2396 mre
2114 2325 2306 2379 voluit.
2342 2323 2543 2377 Verum
2580 2317 2928 2388 Syracusani,
2957 2313 3173 2367 dicendi
3211 2319 3366 2379 pote-

1808 2431 1947 2477 state
1977 2420 2119 2480 data,
2149 2430 2366 2472 causam
2396 2429 2549 2468 suam
2577 2409 2871 2464 artiﬁciose
2889 2414 3120 2476 egerunt
3145 2421 3159 2467 ;
3193 2402 3364 2457 omis-

1808 2527 1974 2582 saque
2004 2509 2240 2564 Marcelli
2270 2505 2638 2563 accusatione,
2665 2501 2730 2553 ad
2770 2513 2959 2568 preces
2990 2495 3264 2555 conversi,
3303 2505 3361 2544 se

1807 2620 1916 2657 non
1949 2603 2096 2654 ultro
2126 2598 2392 2652 defecisse
2421 2589 2750 2654 asserentes,
2783 2589 2992 2641 veniam
3027 2585 3363 2654 petiverunt.

1806 2695 1935 2761 Quae
1961 2708 2082 2746 cum
2111 2696 2477 2758 perorassent,
2505 2684 2557 2737 in
2591 2693 2789 2736 terram
2815 2677 3049 2747 prolapsi
3076 2686 3130 2729 et
3161 2677 3364 2728 lamen-

1810 2786 1904 2840 ιαιί
1933 2792 2078 2837 sunt.
2105 2778 2393 2848 Sulfragiis
2415 2775 2560 2837 latis,
2585 2772 2869 2827 Marcellus
2899 2768 3127 2823 crimine
3151 2766 3364 2819 solutus

1807 2885 1924 2931 est:
1951 2887 2007 2928 et
2034 2874 2338 2931 decretum,
2366 2868 2738 2936 Syracusanos
2768 2860 3094 2915 clementius
3125 2865 3365 2911 tractan-

1808 2961 1908 3019 dos
1946 2978 2068 3016 esse
2091 3003 2105 3026 ,
2144 2975 2253 3014 non
2296 2957 2366 3011 ob
2397 2955 2535 3010 facta
2571 2968 2781 3013 eorum,
2811 2950 2902 3005 sed
2941 2957 3164 3016 propter
3198 2943 3362 2998 verba

1806 3065 1856 3110 et
1881 3052 2320 3122 supplicationes.
2351 3047 2604 3100 Marcello
2641 3043 2820 3096 redire
2850 3042 2900 3093 in
2936 3038 3173 3092 Siciliam
3203 3051 3362 3088 recu-

1807 3158 1961 3200 sante.
1989 3187 2001 3208 ,
2038 3142 2321 3196 Lavinium
2359 3140 2645 3192 miserunt.
2702 3134 2834 3186 ("um
2882 3125 3364 3199 Syracusani-hoc

146 3231 494 3299 Μαρκέλλου,
539 3233 652 3285 ἀλλ’
683 3237 763 3295 είς
805 3215 1038 3288 ἱκετείαν
1070 3215 1367 3305 τραπέντες
1424 3215 1514 3288 καὶ
1567 3238 1698 3289 ἀπο-

1805 3238 1963 3292 modo
1985 3237 2198 3289 veniam
2230 3223 2916 3300 impetrassent,Campani
2939 3238 3002 3274 ex
3033 3218 3245 3273 inscitia
3280 3217 3363 3269 in-

145 3320 333 3388 λογίαν
383 3325 480 3377 τοῦ
526 3325 600 3394 μὴ
649 3325 864 3389 ἑκόντες
918 3327 1216 3396 ἀποστῆναι
1265 3329 1547 3395 Ῥωμαίων
1607 3331 1702 3381 καὶ

151 3416 476 3485 συγγνώμης
526 3405 725 3487 τυχεῖν
756 3417 1046 3482 ἀξιοῦντες.
1089 3419 1196 3471 Καὶ
1233 3419 1401 3471 ταῦτα
1430 3413 1715 3484 λέγοντες,¹

146 3507 225 3567 et;
266 3507 364 3576 τὴν
407 3509 512 3577 γῆν
550 3510 805 3571 πεσόντες
843 3509 1200 3577 ὠλοφύροντο.
1253 3511 1360 3562 Καὶ
1389 3511 1700 3578 διαγ-,ώμης

147 3598 462 3667 γενομένης,
527 3598 668 3662 ἔδοξε
726 3601 816 3652 τὸν
871 3600 1185 3668 Μάρκελλον
1246 3600 1343 3667 μὲν
1386 3600 1549 3668 μηδὲν
1588 3601 1700 3651 ἀδι⁹

149 3687 286 3746 κεῖν,
310 3686 435 3749 τοὺς
471 3689 654 3756 μέντοι
693 3689 1096 3758 Συρακουσίους
1131 3688 1533 3760 φιλανθρωπίας
1559 3691 1700 3748 τινος

149 3774 332 3840 ἀξίους
365 3773 525 3842 εἶναι,
556 3780 656 3832 οὐκ
701 3779 760 3844 ἐξ
788 3773 861 3833 ῶν
888 3781 1170 3850 ἐποίησαν,
1205 3781 1318 3832 ἀλλ’
1348 3781 1406 3845 ἐξ
1444 3776 1516 3833 ὧν
1551 3776 1701 3835 εἶπόν

147 3883 206 3919 τε
251 3870 344 3921 καὶ
369 3871 678 3925 ἱκέτευσαν.
701 3870 808 3922 Τοῦ
835 3871 890 3923 δὲ
917 3872 1240 3941 Μαρκέλλου
1280 3889 1519 3940 παραιτη
1532 3873 1700 3940 ταμέ-

149 3975 239 4009 νου
282 3959 342 4009 τὸ
378 3959 637 4010 ἀπελθεῖν
671 3963 748 4020 είς
778 3961 1046 4024 Σικελίαν,
1083 3963 1172 4012 τὸν
1204 3962 1484 4012 Λαουΐνιον
1530 3962 1700 4029 επεμ-

146 4049 276 4116 ψαν.
304 4052 410 4104 Καὶ
440 4053 491 4103 οἱ
532 4054 633 4119 μὲν
676 4053 1029 4120 Συρακούσιοι
1061 4052 1200 4104 οὕτω
1233 4054 1560 4124 συγγνώμης
1584 4055 1703 4105 ἔτυ-

147 4158 258 4208 χον.
284 4145 344 4198 Οἱ
372 4142 430 4195 δὲ
455 4143 746 4212 Καμπανοὶ
772 4143 864 4196 ὑπ’
893 4143 1250 4206 ἀπαιδευσίας
1274 4143 1605 4212 θρασύτερον
1636 4147 1696 4212 τῇ

147 4232 453 4304 κατηγορίᾳ
512 4234 875 4302 χρησάμενοι,
923 4234 1018 4286 καὶ
1076 4234 1508 4303 ὲπετιμήθησαν,
1570 4235 1702 4304 μηδὲ

148 4327 415 4394 παρόντος
462 4325 556 4376 τοῦ
587 4325 856 4386 Φλάκκου,
891 4325 1024 4377 ἀλλά
1057 4341 1197 4385 τινος
1222 4323 1329 4374 τῶν
1363 4325 1704 4393 ὑπεστρατηο

146 4415 394 4481 γηκότων
443 4411 595 4481 αὐτῷ
632 4413 1138 4482 ἀπολογησαμένου.
1191 4411 1451 4480 ’Δλούσης
1501 4412 1557 4462 δὲ
1604 4413 1700 4477 τῆς

149 4505 400 4575 Καπύης,
436 4507 533 4559 καὶ
566 4490 734 4557 τᾶλλα
770 4505 836 4557 τὰ
869 4504 1028 4575 πέριξ
1059 4505 1372 4573 πολίσματα
1415 4507 1526 4566 τοῖς
1568 4504 1674 4555 Ῥω

1807 3331 2078 3385 solentius
2109 3319 2478 3378 in'eonsnlem
2523 3318 2755 3375 invecti.
2791 3315 2956 3367 etiam
2991 3309 3258 3380 objurgati
3308 3316 3364 3360 et

1806 3423 2025 3492 gravius
2045 3417 2254 3471 multati
2284 3424 2431 3476 sunt,
2460 3412 2687 3465 absente
2713 3408 2927 3465 Flacco.
2953 3414 3008 3457 et
3039 3402 3271 3471 quodam
3298 3414 3365 3452 ex

1806 3515 1925 3582 ejus
1969 3511 2164 3575 legatis
2211 3520 2430 3561 causam
2476 3503 2716 3558 dicente.
2749 3500 2917 3567 Capta
2945 3499 3126 3564 Capua
3153 3537 3166 3552 .
3199 3495 3359 3548 etiam

1807 3604 2050 3657 ﬁnitima:
2104 3601 2356 3652 civitates
2407 3595 2670 3649 Romanis
2723 3598 3112 3651 accesserunt,
3170 3595 3368 3654 prmtcr

1805 3695 2102 3749 Atellanos.
2127 3690 2188 3743 lli
2216 3690 2386 3752 enim,
2413 3688 2548 3740 urbe
2580 3685 2820 3743 deserta,
2859 3696 2982 3734 cum
3015 3679 3281 3731 uxoribus
3308 3683 3361 3726 et

1807 3788 1998 3840 liberis
2044 3782 2362 3838 Annibalem
2411 3778 2687 3832 adierunt.
2729 3774 2904 3828 Etiam
2941 3771 3164 3836 reliqum
3195 3766 3362 3819 Italia:

1806 3887 2009 3946 partes,
2043 3871 2579 3941 Carthaginiensium
2606 3867 2883 3928 studiosre,
2919 3861 3204 3915 mutabant
3247 3845 3365 3910 anil—

1805 3983 1955 4027 mos,
1982 3974 2035 4017 et
2067 3981 2094 4018 a
2124 3963 2449 4017 consulibus
2481 3960 2680 4028 passim
2715 3955 3186 4010 circumcuntibus
3226 3947 3364 4001 reci-

1805 4059 2119 4126 piebantur.
2158 4052 2439 4107 Tarentini
2495 4060 2674 4102 autem
2721 4048 2960 4099 nondum
3012 4055 3195 4109 aperte
3240 4056 3362 4094 cum

1807 4148 2068 4203 Romanis
2124 4145 2433 4206 faciebant,
2489 4141 2583 4196 sed
2642 4140 2778 4193 clam
2822 4133 3366 4203 Carthaginiensibus

1805 4239 1971 4310 428
2019 4239 2439 4293 succensebant.
2472 4234 2703 4288 Romani
2738 4233 2961 4302 petitam
2995 4230 3062 4280 ab
3096 4223 3367 4279 Annibale

1807 4331 2148 4398 captivorum
2190 4329 2646 4398 permutationem
2690 4343 2796 4379 non
2837 4325 3200 4391 impetrarunt
3226 4361 3237 4381 ,
3294 4316 3366 4368 ob

1811 4420 2216 4478 Carthalnncm,
2257 4428 2316 4470 ut
2361 4418 2596 4479 hostem,
2647 4417 2787 4467 intra
2821 4412 3019 4466 mwnia
3073 4425 3178 4461 non
3214 4423 3366 4459 rece-

1810 4523 1982 4581 ptum.
2020 4509 2382 4574 Quamobrem
2425 4508 2468 4559 is
2503 4503 2984 4569 iratus.colloquio
3017 4501 3323 4552 detrectato
3348 4535 3363 4559 ,

151 4600 330 4667 μαίοις
390 4599 926 4669 προσκεχωρήκασι,
976 4599 1113 4668 πλὴν
1157 4597 1481 4650 Ἀτελανῶν.
1543 4589 1698 4648 Οὗτοι

1809 4604 1986 4657 statim
2025 4600 2268 4653 recessit.
2308 4599 2419 4652 Hoc
2452 4610 2693 4665 tempore
2728 4594 2980 4647 Lavinius
3003 4590 3208 4644 [Eleius
3236 4589 3367 4642 Phi-

152 4692 282 4759 γὰρ,
311 4692 620 4752 ἐκλιπόντες
646 4692 743 4760 τὴν
765 4691 918 4743 πόλιν
941 4692 1138 4753 αὐτῶν,
1169 4690 1435 4758 πανδημεὶ
1462 4690 1595 4755 πρὸς
1615 4688 1698 4742 τὸν

1809 4691 1939 4760 lippi
1969 4691 2147 4743 socios
2168 4689 2270 4741 sibi
2303 4688 2642 4749 conciliavit,
2681 4695 2735 4739 et
2759 4685 3064 4752 Philippum
3102 4695 3270 4746 usque,
3300 4678 3364 4728 ad

159 4781 404 4835 Ἀννίϐαν
431 4783 736 4852 ἐχώρησαν.
758 4783 866 4833 Καὶ
893 4783 928 4852 ἡ
957 4782 1090 4848 ἄλλη
1119 4782 1176 4833 δὲ
1209 4781 1407 4833 Ἰταλία
1436 4783 1468 4849 ἡ
1496 4783 1562 4832 τὰ
1597 4781 1698 4832 τῶν

1811 4782 2103 4849 Corcyram
2140 4794 2484 4846 progressum
2550 4779 2626 4832 ita
2680 4777 2897 4835 terruit,
2926 4785 2985 4826 ut
3016 4771 3260 4837 trepidus
3313 4768 3363 4818 in

148 4873 531 4940 Καρχηδονίων
587 4873 856 4943 φρονοῦσα
895 4872 1191 4941 ἠλλοιοῦτο.
1244 4873 1351 4925 Καὶ
1405 4871 1698 4938 περιιόντες

1814 4871 2179 4925 Macedoniam
2218 4884 2274 4920 se
2325 4869 2611 4935 reciperet.

147 4966 193 5016 οἱ
223 4964 417 5017 ῦπατοι
471 4965 892 5033 προσεποιοῦντο
931 4964 1117 5032 αὐτήν.
1154 4965 1472 5032 Ταραντῖνοι
1535 4963 1589 5013 δὲ
1629 4963 1874 5032 φανερῶς
1906 4962 2004 5029 μὲν
2068 4958 2281 5010 οὐδέπω
2335 4958 2402 5008 τὰ
2423 4958 2527 5008 τῶν
2560 4957 2845 5026 Ῥωμαίων
2869 4955 3127 5026 ᾑροῦντο·
3186 4953 3363 5021 λάθρα

149 5056 206 5108 δὲ
251 5057 361 5118 τοῖς
406 5057 800 5125 Καρχηδονίοις
838 5058 1080 5127 ήχθοντο.
1133 5059 1195 5109 Οἱ
1226 5058 1269 5109 δ⁹
1297 5061 1352 5110 ὲν
1397 5059 1461 5125 τῇ
1507 5055 1692 5127 Ῥώμῃ
1730 5052 2222 5122 διεκηρυκεύσαντο
2278 5051 2354 5120 τῷ
2416 5049 2633 5118 Ἀννίϐα
2663 5052 3013 5103 ἀνταπόδοσιν
3040 5048 3145 5099 τῶν
3173 5050 3366 5113 αἰχμα-

150 5148 336 5204 λώτων
390 5150 742 5222 ποιήσασθαι,
800 5150 860 5201 ού
922 5149 1328 5218 κατηλλάξαντο
1378 5150 1434 5202 δὲ
1482 5151 1702 5212 αὐτοὺς,
1778 5148 1900 5198 ἐπεὶ
1962 5148 2063 5200 οὐκ
2119 5147 2367 5210 ἐδέξαντο
2429 5147 2519 5197 τὸν
2569 5146 2909 5214 Καρθάλωνα
2970 5143 3060 5194 τοῦ
3154 5141 3364 5204 τείχους

153 5249 321 5311 ἐντος,
376 5251 451 5312 ὼς
499 5251 779 5319 πολέμιον.
825 5250 948 5303 Οὐδ’
1001 5253 1058 5313 ὲς
1105 5251 1294 5316 λόγους
1354 5249 1461 5320 γὰρ
1518 5253 1698 5313 αὐτοῖς
1735 5250 1907 5302 ἐλθεῖν
1989 5248 2274 5318 ἠθέλησεν,
2322 5245 2479 5305 εὐθὺς
2526 5241 2582 5292 δὲ
2633 5240 2970 5309 ὠργισμένος
3039 5232 3355 5298 ἀνέστρεψε-

152 5343 284 5393 Τότε
327 5343 510 5410 μέντοι
555 5345 648 5397 καλ⁵
728 5345 756 5396 ό
823 5344 1105 5406 Δαουῒνιος
1153 5347 1280 5407 τοὺς
1355 5345 1627 5407 Αἰτωλοὺς
1672 5344 2092 5412 συμμαχοῦντας
2151 5342 2404 5409 Φιλίππῳ
2454 5335 2931 5404 προσηταιρίσατο,
2997 5328 3087 5378 καὶ
3147 5328 3235 5377 τὸν
3275 5328 3362 5376 Φί-

153 5436 346 5490 λιππον
389 5435 551 5505 μέχρι
585 5436 874 5507 Κερκύρας
901 5437 1333 5507 προχωρήσαντα
1383 5433 1537 5502 αὖθις
1581 5438 1927 5507 ἐξεφόϐησεν,
1957 5436 2094 5489 ὥστε
2125 5435 2218 5487 καὶ
2245 5438 2297 5496 ἐς
2327 5436 2426 5504 τὴν
2458 5427 2793 5486 Μακεδονίαν
2831 5427 2980 5491 τάχει
3022 5420 3354 5472 ἐπανελθεῖν.

217 5553 290 5603 7.'.
323 5552 384 5604 Οἱ
422 5551 477 5603 δὲ
521 5552 576 5601 ὲν
605 5552 672 5619 τῇ
712 5549 896 5622 Ῥώμῃ
951 5552 1109 5604 Γάϊον
1161 5551 1423 5604 Κλαύδιον
1459 5553 1687 5620 Νέρωνα

150 5640 226 5700 εἰς
248 5640 342 5707 τὴν
379 5639 609 5709 Ἰϐηρίαν
634 5638 780 5706 μετὰ
805 5642 912 5690 τῶν
936 5640 1277 5708 στρατιωτῶν
1301 5639 1571 5707 ἔπεμψαν,
1601 5643 1695 5693 καὶ

149 5731 205 5793 δς
239 5730 629 5800 περιεκομίσθη
679 5730 756 5799 τῷ
801 5731 1038 5798 ναυτικῷ
1096 5731 1253 5800 μέχρι
1308 5731 1399 5784 τοῦ
1452 5730 1693 5799 Ἴϐηρος.

155 5824 319 5876 Ἔνθα
349 5826 439 5875 καὶ
469 5823 537 5875 τὰ
563 5823 724 5876 λοιπά
759 5825 1144 5893 στρατεύματα
1192 5823 1459 5892 εὑρηκὼς,
1497 5807 1692 5890 ἐπῆλθε

153 5914 227 5985 τῷ
278 5915 592 5987 Ἀσδρούϐα,
645 5917 774 5985 πρὶν
821 5915 1128 5986 γνωσθῆναι
1180 5917 1259 5968 ὅτι
1296 5915 1525 5985 πάρεστι
1573 5913 1693 5967 ~lia‘:

1869 5547 1977 5602 νη.
2015 5548 2079 5604 C.
2125 5547 2384 5603 Claudius
2415 5545 2556 5600 Nero
2590 5557 2712 5596 cum
2761 5540 3026 5594 militibus
3071 5539 3121 5589 in
3165 5537 3356 5600 llispa-

1799 5643 1943 5691 niam
1986 5640 2182 5692 missus
2221 5647 2324 5698 est,
2363 5645 2418 5692 et
2468 5635 2639 5688 classe
2690 5649 2858 5702 usque
2901 5632 2966 5684 ad
3006 5631 3214 5682 lbcrum
3262 5644 3357 5681 ve-

1802 5738 1961 5782 ctus:
2003 5731 2092 5783 ubi
2129 5730 2340 5784 caneris
2384 5726 2544 5780 etiam
2600 5726 2904 5795 legionibus
2960 5720 3210 5775 inventis.
3251 5719 3356 5773 As—

1799 5820 2101 5888 drubalem,
2138 5821 2448 5890 priusquam
2478 5835 2601 5873 eum
2649 5820 2834 5870 a-lesse
2878 5823 3077 5872 nosset,
3126 5828 3347 5882 Oppresv

1802 5929 1920 5969 sum
1953 5914 2305 5968 circunn'cuit
2337 5932 2348 5964 :
2396 5913 2486 5967 scd
2538 5914 2796 5980 dct‘t‘plus
2827 5919 2924 5962 est.
2979 5908 3172 5964 Videtis
3208 5909 3349 5960 enin"
