4012 6330
160 455 261 517 733

1404 455 1812 519 ANNALIUM
1854 457 2003 517 LIB.
2050 458 2157 517 IX.

3274 457 3385 521 734

168 572 353 639 Amm
383 572 580 639 ἇμντω·
616 572 706 625 καὶ
734 571 1063 642 στρατιώτας
1098 572 1244 644 παρὰ
1274 572 1367 627 τοῦ
1401 573 1716 645 Μαρκέλλου

1829 575 2124 644 ablegatus.
2187 572 2289 627 Sed
2343 588 2407 627 ne
2463 573 2535 626 ibi
2584 571 2803 641 quidem
2857 573 3109 643 magister
3144 575 3385 642 equitum

159 660 589 729 ἐπαγαγόμενοι,
634 661 734 729 τήν
785 678 843 713 τε
888 662 1129 730 φρουρὰν
1180 663 1288 716 τῶν
1334 664 1719 733 Καρχηδονίων

160 751 495 821 κατέκοψαν,
520 753 611 807 καὶ
637 752 736 821 τὴν
764 741 915 806 πόλιν
944 754 1053 814 τοῖς
1090 752 1373 822 Ῥωμαίοις
1390 755 1718 822 παρέδοσαν.

160 840 266 892 Καὶ
292 840 441 894 οὕτω
467 843 571 911 μέν
598 844 654 895 ἐν
677 844 741 913 τῇ
766 842 969 913 Ἰταλίᾳ
999 842 1154 911 ἔσχον
1187 845 1295 905 τοῖς
1327 845 1716 913 Καρχηδονίοις

158 931 224 982 τὰ
258 932 585 1002 πράγματα,
623 936 713 986 καὶ
742 934 851 986 οὐδ’
892 936 923 1002 ή
960 934 1177 999 Σικελία
1214 931 1280 1006 ἦν
1325 936 1582 996 εὐνοοῦσα
1621 937 1721 986 αὖ·

156 1024 292 1085 ταῖς,
348 1024 488 1077 ἀλλὰ
540 1024 616 1093 τῷ
662 1024 850 1093 ὑπάτῳ
885 1024 962 1095 τῷ
1002 1027 1268 1096 Λαουϊνίῳ
1316 1025 1717 1095 προσεχώρουν.

169 1112 389 1179 Ἡγείτο
429 1115 536 1182 μὲν
582 1115 688 1184 γὰρ
717 1116 827 1171 τῶν
869 1118 925 1169 ἐν
970 1120 1036 1187 τῇ
1061 1116 1307 1186 ,Σικελίᾳ
1340 1116 1720 1187 Καρχηδονίων

160 1201 403 1255 Ἀννσιν·
439 1208 894 1275 συνεστρατεύετο
917 1205 974 1259 δὲ
1005 1206 1153 1275 αύτῷ
1190 1208 1278 1259 xu‘t
1298 1206 1588 1270 Μουτίνας.
1623 1209 1719 1269 Ὃς

1823 667 1987 719 rebus
2014 666 2277 737 prmclare
2326 664 2514 733 gestis,
2572 663 2854 717 Hannonis
2904 665 3106 718 invidia
3167 668 3389 727 evitata,

1822 756 2140 825 magistratu
2173 753 2323 807 abire
2355 764 2575 808 coactus
2611 763 2713 807 est.
2745 753 2954 818 Quibus
3018 755 3231 821 injuriis
3297 771 3391 806 ex-

1839 848 2129 903 acerbatus
2168 847 2234 899 ad
2260 847 2533 900 Romanos
2556 862 2612 899 se
2641 846 2867 899 contulit
2902 865 2911 896 :
2948 861 3008 896 ac
3045 846 3275 911 primum
3302 846 3387 896 ad-

1822 941 2073 1009 jumeuto
2131 937 2269 1001 luit,
2329 946 2389 989 ut
2459 937 2539 989 eis
2618 937 2968 1003 Agrigentum
3044 935 3390 1003 proderetur.

1827 1028 2035 1083 Deinde
2071 1029 2125 1082 in
2158 1028 2282 1082 aliis
2325 1042 2541 1097 quoque
2578 1028 2741 1079 rebus
2782 1025 2997 1078 navavit
3033 1041 3277 1092 operam,
3336 1033 3395 1075 ut

1828 1129 1995 1175 totam
2049 1120 2289 1176 Siciliam
2363 1119 2568 1188 absque
2644 1134 2838 1187 magno
2911 1118 3099 1170 labore
3167 1128 3395 1182 recupe-

1824 1226 1883 1265 ra
1892 1220 2032 1266 rent.

161 1292 335 1343 συνὼν
358 1293 674 1365 τῷᾌννίϐᾳ
701 1294 912 1365 πρώην,
940 1298 1034 1347 καὶ
1061 1295 1369 1365 φθονηθεὶς,
1433 1295 1513 1347 ὅτι
1579 1298 1791 1363 μεγάλα
1830 1299 1965 1369 ἔργα
1997 1301 2199 1370 ἀρετῆς
2226 1301 2593 1363 ἐπεδείκνυτο,
2631 1300 2685 1360 ἐς
2710 1298 2967 1351 Σικελίαν
2995 1297 3270 1365 ἐπέμφθη.
3309 1295 3398 1356 Ὣς

158 1376 248 1431 οὖν
282 1384 448 1433 κάκεί
487 1383 756 1452 λαμπρῶς
788 1386 1072 1473 ἱππάρχει,
1116 1385 1308 1451 φθόνον
1339 1384 1433 1435 xui.
1468 1383 1604 1452 πρὸς
1626 1386 1725 1436 τοῦ
1769 1387 2036 1452 ’Ἄννωνος
2060 1384 2239 1457 ὦφλε,
2304 1389 2397 1440 καὶ
2460 1388 2547 1439 διὰ
2579 1388 2736 1438 τοῦτο
2765 1387 2860 1454 τῆς
2888 1386 3185 1454 ἱππαρχίας
3229 1384 3396 1435 ἐπαύ-

159 1474 247 1541 θη.
280 1475 591 1546 Περιαλγὴς
616 1476 746 1544 γοῦν
780 1478 867 1530 διὰ
899 1480 1070 1529 ταῦτα
1102 1479 1413 1544 γενόμενος,
1480 1477 1611 1545 πρὸς
1671 1479 1797 1541 τοὺς
1846 1479 2155 1549 Ῥωμαίους
2201 1481 2483 1535 ἀπέκλινε.
2522 1480 2629 1533 Καὶ
2682 1478 2896 1548 πρῶτον
2953 1477 3048 1545 μὲν
3106 1475 3398 1545 προδοσίαν

171 1566 547 1634 Ἀκράγαντος
603 1567 906 1635 συνέπραξε
968 1569 1171 1634 σφίσιν.
1235 1566 1363 1619 Εἶτα
1418 1568 1511 1620 καὶ
1556 1567 1723 1620 τᾶλλα
1768 1571 2297 1641 συγκατειργάσατο,
2351 1570 2489 1623 ὥστε
2540 1571 2722 1621 πᾶσαν
2782 1564 2934 1633 αὖθις
2982 1566 3080 1635 την
3149 1564 3395 1618 Σικελίαν

160 1657 249 1709 ὑπ’
284 1658 488 1720 αὐτοὺς
517 1658 646 1714 ἄνευ
675 1658 913 1727 μεγάλου
946 1660 1107 1711 πόνου
1133 1660 1405 1727 γενέσθαι.

229 1749 315 1804 η’.
366 1750 427 1801 ὐ
456 1748 513 1801 δὲ
536 1747 730 1810 Φάϐιος
761 1751 853 1802 καὶ
885 1749 1197 1811 ὀΦλάκκος,
1242 1750 1405 1813 ἄλλας
1443 1767 1499 1802 τε
1541 1750 1720 1812 πόλεις

163 1836 388 1917 πολλὰς,
424 1838 519 1893 καὶ
558 1839 649 1890 τδν
679 1839 954 1909 Τάραντα,
986 1839 1077 1892 τοῦ
1112 1842 1354 1894 ’Δννίϐου
1409 1841 1725 1911 κατέχοντος

164 1929 352 1990 aut)»,
417 1927 800 1998 ἐχειρώσαντο.
858 1930 1221 1993 Κελεύσαντες
1286 1933 1395 2003 γάρ
1460 1948 1568 1984 τισι
1628 1931 1727 2000 τὴν

164 2018 434 2088 Βρεττίαν
496 2022 872 2090 κατατρέχειν,
913 2022 979 2073 ἵν’
1018 2024 1046 2075 6
1082 2021 1329 2084 Ἀννίϐας
1376 2023 1456 2085 είς
1504 2023 1729 2076 ἐπικου-

168 2108 291 2174 ρίαν
318 2109 491 2177 αὐτῆς
514 2111 704 2181 ἁπάρῃ
730 2114 800 2162 ἐκ
837 2111 1134 2181 Τάραντος,
1159 2113 1280 2163 ἐπεὶ
1309 2112 1467 2166 τοῦτο
1491 2113 1728 2181 ἐγένετο,

164 2199 414 2262 Φλάκκος
459 2201 560 2270 μὲν
601 2203 804 2254 ἐκεῖνον
834 2204 1111 2273 ἐπετήρει,
1140 2202 1335 2266 Φάϐιος
1375 2204 1433 2255 δὲ
1466 2205 1524 2255 ἐν
1554 2202 1729 2271 τούτῳ

166 2290 357 2351 νυκτὸς
384 2292 464 2361 τῷ
493 2294 728 2363 Τάραντι
773 2297 888 2356 ταῖς
920 2312 975 2346 τε
1006 2297 1194 2348 ναυσὶν
1221 2297 1336 2364 ἅμα
1358 2296 1452 2348 καὶ
1480 2295 1558 2364 τῷ
1582 2294 1730 2361 πεζῷ

170 2384 519 2471 προσϐαλὼν,
551 2388 616 2455 τῇ
648 2402 707 2438 τε
739 2387 1010 2457 προσϐολῇ
1068 2390 1159 2441 καὶ
1209 2391 1273 2458 τῇ
1321 2389 1577 2459 προδοσίᾳ
1624 2385 1729 2441 εἷλε

170 2474 267 2541 τὴν
296 2475 473 2528 πόλιν.
521 2476 579 2529 Ὀ
612 2472 705 2528 οὖν
733 2478 979 2539 Ἀννίϐας
1011 2480 1097 2529 διὰ
1131 2482 1226 2546 τὴν
1257 2481 1472 2547 ἀπάτην
1499 2481 1733 2548 ἀχθόμε-

170 2580 278 2625 νος,
312 2564 795 2617 ἀντεπιϐουλεῦσαι
821 2565 895 2633 τῷ
926 2566 1107 2635 Φαϐίῳ
1138 2567 1453 2619 ἐσπούδασε.
1485 2570 1590 2620 Καὶ
1615 2570 1733 2619 ἑπι-

172 2651 365 2721 στο).ὴν
396 2652 543 2722 αὐτῴ
577 2656 638 2705 ὲκ
668 2655 1040 2706 Μεταποντίου
1090 2655 1164 2717 ὼς
1210 2658 1357 2722 παρὰ
1387 2656 1494 2707 τῶν
1530 2659 1732 2724 ἐπιχωο

176 2742 307 2809 pice";
365 2744 458 2794 ἐπὶ
509 2745 765 2815 προδοσίᾳ
819 2746 913 2813 τῆς
963 2746 1167 2807 πόλεως
1202 2745 1463 2814 ἔπεμψεν,
1510 2748 1733 2809 ἐλπίσας

172 2836 791 2911 ἀπερισκέπτωςιαὺτδν
823 2838 1113 2904 προσιόντα
1138 2837 1493 2905 ἐνεδρεύσειν.
1535 2839 1643 2890 Καὶ
1676 2837 1732 2899 ὃς

176 2926 492 2994 ύπετόπησε
549 2926 610 2977 τὸ
664 2928 1053 2997 πραττόμενον,
1121 2928 1215 2980 καὶ
1270 2928 1603 2996 παραϐαλὼν
1665 2930 1733 2982 τὰ

171 3014 479 3082 γράμματα
508 3018 623 3077 ταῖς
654 3017 960 3077 ἐπιστολαῖς
985 3017 1049 3079 ἃς
1091 3020 1197 3080 τοῖς
1227 3018 1577 3087 Ταραντίνοις
1604 3023 1733 3073 ποτὲ

174 3105 489 3175 ἐγεγράφει,
530 3105 915 3175 κατεφώρασεν
949 3110 1010 3159 ἐκ
1056 3110 1153 3177 τῆς
1196 3109 1375 3160 αὐτῶν
1419 3111 1733 3179 ὁμοιότητος

1897 1746 2033 1802 Vlll.
2073 1748 2143 1802 At
2194 1748 2394 1802 Fabius
2436 1756 2489 1799 et
2536 1747 2779 1806 Flaccus,
2844 1759 2967 1799 cum
3020 1744 3151 1797 alias
3210 1745 3397 1804 urbes.

1835 1849 1945 1893 tum
1972 1841 2288 1902 Tarentum,
2312 1848 2529 1893 tenente
2577 1849 2689 1892 tum
2728 1836 3012 1899 Annibale,
3042 1835 3397 1901 subegerunt.

1826 1931 1961 1983 Nam
2011 1944 2133 1984 cum
2181 1930 2397 1984 Brutios
2451 1932 2731 1983 incursare
2776 1927 3039 1997 quosdam
3088 1924 3398 1993 jussissent,
3500 1936 3503 1941 ί

1827 2033 2000 2086 eaque
2025 2018 2091 2073 de
2118 2032 2278 2071 causa
2320 2019 2572 2077 Annibal.
2616 2017 2804 2071 relicta
2853 2015 3011 2076 urbe,
3059 2014 3166 2066 illis
3200 2026 3401 2080 suppe-

1829 2112 1932 2165 tias
1982 2112 2105 2170 iret.
2154 2111 2379 2165 Flaccus
2408 2111 2557 2163 illum
2585 2110 2843 2162 observat
2875 2125 2887 2159 :
2925 2107 3124 2160 Fabius
3168 2105 3388 2156 interim

1829 2212 1995 2267 noctu
2058 2202 2262 2270 impetu
2318 2210 2457 2254 terra
2513 2201 2762 2269 marique
2828 2200 3010 2260 facto,
3069 2197 3264 2265 partim
3320 2194 3396 2256 vi,

1827 2292 2023 2359 partim
2076 2292 2382 2359 proditione
2430 2291 2722 2342 Tarentum
2767 2288 2931 2356 cepit.
2992 2285 3159 2350 Quem
3212 2284 3395 2337 dolum

1830 2382 1994 2454 430
2025 2398 2163 2451 :egre
2196 2382 2391 2457 ferens,
2415 2381 2666 2443 Annibal,
2719 2380 2829 2447 pari
2866 2379 2991 2433 dolo
3032 2376 3258 2429 Fabium
3314 2376 3397 2428 ul-

1832 2476 1963 2529 cisci
1995 2474 2205 2535 statuit,
2261 2476 2419 2542 eique
2453 2472 2663 2527 litteras
2680 2471 3171 2539 Metapontinorum
3196 2466 3395 2521 civium

1834 2568 2054 2619 nomine
2107 2564 2296 2618 scribit
2332 2564 2397 2617 de
2438 2562 2715 2632 prodenda
2745 2553 2963 2615 civitate
2995 2578 3008 2615 :
3046 2574 3169 2614 eum
3194 2568 3399 2611 temere

1834 2658 2204 2717 accedentem,
2257 2656 2310 2706 in
2362 2654 2588 2708 insidias
2647 2654 2993 2721 delapsurum
3049 2666 3167 2705 esse
3224 2660 3396 2703 ratus.

1832 2748 2032 2802 Verum
2072 2749 2160 2801 ille
2200 2751 2509 2815 suspicatus
2554 2745 2683 2814 quid
2734 2746 2810 2798 rei
2864 2754 3036 2805 esset,
3093 2742 3290 2796 litteris
3335 2739 3402 2795 iis

1834 2854 1957 2891 eum
1988 2838 2095 2890 illis
2142 2836 2497 2904 comparatis,
2549 2850 2686 2903 quas
2740 2832 3033 2903 aliquando
3085 2828 3401 2886 Tarentinis

1838 2932 2155 2999 scripserat,
2198 2930 2425 2982 insid'as
2464 2944 2530 2981 ex
2575 2942 2763 2981 earum
2816 2924 3176 2979 similitudine
3207 2923 3403 2990 depre—

1838 3023 2047 3075 hendit.
2106 3022 2400 3075 Enimvero
2461 3020 2662 3087 Scipio,
2717 3017 2966 3086 quamvis
3015 3024 3067 3068 et
3125 3015 3291 3083 patris
3346 3026 3402 3067 et

1837 3113 2014 3181 patrui
2046 3114 2245 3166 caulem
2280 3111 2468 3165 ulcisci
2515 3110 2762 3178 cupiens,
2798 3117 2853 3159 et
2881 3106 3005 3161 belli
3044 3106 3268 3175 gloriam
3306 3121 3394 3158 ex-

173 3198 232 3249 16
266 3198 657 3267 ἐπιϐοὶλευμα.
682 3198 919 3250 Σκιπίων
945 3199 1000 3249 δέ
1033 3198 1120 3250 τὸν
1150 3198 1306 3251 ἄλλον
1333 3199 1540 3267 χρόνον,
1564 3201 1610 3251 εί
1641 3201 1728 3253 xui

1838 3216 2048 3271 petens,
2086 3221 2190 3259 non
2234 3212 2411 3269 tamen
2445 3201 2780 3272 properavit,
2830 3201 2899 3253 ob
2933 3189 3168 3252 hostium
3216 3198 3400 3251 multi-

176 3290 486 3359 τιμωρῆσαι
518 3290 593 3357 τῷ
626 3291 791 3359 πατρὶ
824 3289 1016 3357 καὶτῷ
1046 3289 1172 3359 θείῳ
1203 3290 1467 3360 ἐγλίχετο,
1504 3292 1595 3344 καὶ
1630 3291 1731 3358 τῆς

172 3380 267 3433 τοῦ
296 3381 530 3450 πολέμου
570 3381 724 3447 δόξης
755 3382 1015 3449 ὠρέγετο,
1051 3382 1167 3434 ἀλλ’
1214 3384 1312 3434 οὐκ
1353 3384 1610 3451 ἠπείγετο
1647 3384 1734 3437 διὰ

174 3474 233 3523 τὸ
291 3472 496 3539 πλῆθος
550 3473 656 3525 τῶν
710 3473 986 3528 ἐναντίων.
1026 3475 1181 3526 Ἐπεὶ
1218 3474 1262 3525 δ’
1304 3474 1500 3545 ᾔσθετο
1538 3474 1735 3536 αὐτοὺς

176 3561 538 3630 χειμάζοντας
571 3561 758 3631 πόρρω
794 3579 905 3627 ποι,
937 3563 1178 3624 ἐκείνους
1203 3562 1304 3631 μὲν
1334 3563 1439 3625 εἷα,
1469 3565 1524 3625 ἐς
1556 3563 1610 3615 δὲ
1637 3564 1734 3633 τὴν

178 3653 501 3723 Καρχηδόνα
559 3652 657 3721 τὴν
702 3652 869 3724 ταύτῃ
913 3652 1169 3721 ὥρμησεν
1193 3669 1206 3682 ·
1238 3653 1299 3703 οὐ
1336 3654 1517 3722 μέντοι
1561 3670 1643 3713 τις
1676 3652 1734 3704 τὸ

177 3742 439 3812 παράπαν
464 3742 561 3812 τὴν
592 3744 763 3813 ὁρμὴν
811 3743 975 3796 αὑτοῦ
1004 3742 1207 3811 ἔγνωκε
1254 3746 1382 3813 πρὶν
1423 3744 1553 3815 πρὸς
1597 3745 1731 3813 αὐτῇ

176 3839 239 3903 τῇ
268 3836 579 3905 Καρχηδόνι
608 3835 883 3902 γενέσθαι,
910 3837 999 3888 καὶ
1031 3837 1189 3888 ἔλαϐε
1214 3838 1310 3890 σὺν
1342 3837 1487 3905 πόνῳ
1508 3837 1604 3903 τὴν
1636 3836 1731 3887 πό·-

176 3927 278 3980 λιν.
319 3927 584 3996 Ἀλούσης
624 3929 680 3980 δὲ
718 3929 816 3997 τῆς
853 3929 1219 3997 Καρχηδόνος,
1271 3928 1461 3991 στάσις
1500 3928 1731 3995 μεγίστη

182 4016 377 4084 μικροῦ
403 4016 511 4067 τῶν
535 4016 875 4083 στρατιωτῶν
902 4017 1115 4083 ἐγένετο
1138 4020 1221 4071 ἄν.
1249 4016 1354 4069 Τοῦ
1376 4019 1482 4084 γὰρ
1508 4016 1735 4067 Σκιπίω-

178 4125 266 4171 νος
323 4108 585 4176 στὲφανον
635 4107 1005 4178 ὑποσχομένου
1059 4106 1251 4161 δώσειν
1287 4107 1361 4178 τῷ
1404 4108 1604 4179 πρώτῳ
1640 4104 1733 4157 τοῦ

179 4202 386 4271 τείχους
418 4203 701 4264 ἐπιϐάντι,
730 4201 839 4253 δύω
872 4200 1082 4270 ἄνδρες,
1119 4202 1147 4253 6
1179 4202 1275 4270 μὲν
1310 4203 1599 4269 Ῥωμαίος,
1623 4203 1652 4253 6
1688 4202 1733 4255 δ’

176 4296 243 4347 ἐκ
268 4294 375 4345 τῶν
408 4296 710 4362 συμμάχων
739 4294 864 4361 περῖ
888 4292 1051 4345 αὐτοῦ
1076 4293 1514 4361 ἠμφισϐήτησαν.
1539 4297 1735 4359 Διαιρε-

180 4385 422 4453 ρομένων
444 4385 489 4437 δ’
524 4384 766 4448 ἐκείνων,
799 4384 891 4454 καὶ
925 4383 985 4435 τὸ
1014 4383 1140 4436 ἄλλο
1171 4382 1369 4452 πλῆθος
1404 4384 1731 4455 ἐθορυϐήθη,

172 4479 270 4531 ,καὶ
313 4476 403 4529 ἐπὶ
439 4474 690 4528 πλεῖστον
733 4473 1131 4546 ἐταράχθησαν,
1160 4472 1299 4527 ὥστε
1348 4475 1440 4527 καὶ
1480 4475 1649 4528 δεινόν
1683 4493 1733 4528 τι

178 4568 391 4637 δρᾶσαι,
425 4568 473 4621 εἰ
509 4569 582 4637 μὴ
609 4570 635 4620 ὁ
662 4566 902 4640 Σκιπίων
934 4569 1025 4619 καὶ
1056 4568 1221 4635 ἄμφω
1244 4568 1609 4634 ἐστεφάνωσε,
1638 4568 1729 4620 καὶ

180 4661 344 4732 συχνά
385 4662 483 4731 μὲν
539 4661 649 4722 τοῖς
679 4659 1031 4729 στρατιώταις
1060 4658 1300 4719 διέδωκε,
1337 4658 1505 4727 συχνὰ
1539 4659 1592 4711 δὲ
1635 4662 1729 4713 xui.

181 4760 290 4817 τοῖς
313 4752 595 4829 δημοσίοις
635 4751 982 4819 προσένειμε,
1025 4754 1113 4802 καὶ
1143 4750 1266 4808 τοὺς
1289 4752 1411 4801 ἐκεῖ
1433 4751 1729 4817 κατεχομέ-

180 4864 300 4909 νσυς
330 4847 566 4914 ὁμήρους
600 4844 795 4912 προῖκα
842 4842 1046 4903 πάντας
1099 4842 1206 4903 τοῖς
1258 4842 1480 4903 οἰκείοις
1520 4842 1729 4896 ἀπέδω-

182 4956 293 4996 κεν.
328 4938 489 4991 Ὀθεν
516 4933 700 4987 πολλοὶ
734 4933 831 5003 μὲν
849 4934 1032 5003 δῆμοι,
1051 4932 1236 4986 πολλοὶ
1266 4933 1319 4984 δὲ
1347 4933 1441 4985 καὶ
1474 4934 1727 4987 δυνάσται

172 5030 326 5100 ἀὖτῷ
350 5025 801 5099 προσεχώρησαν,
841 5025 1022 5087 καὶτὸ
1055 5024 1165 5078 τῶν
1203 5023 1548 5094 Κελτιϐήρων
1578 5023 1729 5087 ἔθνος

182 5122 317 5191 πρὸς
358 5123 469 5183 τοῖς
498 5121 726 5177 λοιποῖς.
754 5117 1029 5186 Παρθένον
1074 5118 1179 5187 γὰρ
1224 5118 1280 5167 ἐν
1312 5119 1424 5178 τοῖς
1452 5115 1731 5184 αἰχμαλὼ-

181 5229 290 5273 τοις
339 5210 515 5265 λαϐὼν
563 5209 749 5265 κάλλει
787 5208 1047 5275 ἐπιφανῆ,
1091 5207 1344 5273 ἐνομίσθη
1383 5208 1479 5275 μὲν
1514 5206 1728 5258 ἔσεσθαι

183 5302 346 5367 αὐτῆς
396 5303 454 5355 ἐν
489 5302 688 5371 ἔρωτι⁸
735 5300 922 5370 μαθὼν
965 5300 1019 5352 δὲ
1063 5301 1145 5351 ὅτι
1192 5298 1299 5349 τινὶ
1327 5297 1433 5349 τῶν
1484 5298 1541 5350 ἐν
1586 5297 1729 5351 τέλει

183 5390 533 5460 Κελτιϐήρων
586 5392 938 5460 ἐγγεγύηται,
991 5387 1375 5457 μετεπέμψατο
1416 5388 1599 5449 αὐτὸν,
1636 5389 1731 5443 καὶ

181 5481 278 5551 τὴν
321 5482 499 5537 νεᾶνιν
532 5482 909 5550 παραδέδωκε,
947 5480 1300 5550 προσεπιδοὺς
1329 5477 1422 5530 καὶ
1460 5479 1526 5533 τὰ
1562 5480 1729 5550 λύτρα

189 5572 223 5627 δ.
253 5574 303 5626 οἱ
344 5573 709 5644 προσήκοντες
754 5575 889 5643 αὐτῇ
924 5573 1351 5642 προσεκόμισαν,
1379 5570 1509 5622 Κὰκ
1539 5571 1727 5625 τούτου

193 5665 284 5718 καὶ
322 5666 565 5727 ἐκείνους
599 5665 696 5717 καὶ
734 5665 856 5727 τοὺς
887 5664 1102 5726 λοιποὺς
1131 5662 1495 5731 ἀνηρτήσατο.
1524 5662 1727 5715 Μαθὼν

190 5757 243 5810 δὲ
270 5754 361 5812 τὺν
392 5754 717 5827 Ἀσδρούϐαν
744 5755 835 5807 τὸν
860 5754 955 5808 τοῦ
986 5755 1233 5809 Ἀννίϐου
1272 5752 1496 5820 ἀδελφὺν
1526 5753 1724 5822 σπουδῇ

191 5848 420 5911 ἐπιόντα,
453 5848 544 5903 καὶ
572 5845 862 5914 ἀγνοοῦντα
898 5844 974 5898 ἔτι
1006 5844 1100 5915 τὴν
1130 5846 1227 5913 τῆς
1271 5844 1470 5906 πόλεως
1504 5843 1721 5907 ἅλωσιν,

1837 3297 2078 3350 tudinem
2111 3314 2124 3348 :
2155 3297 2249 3350 sed
2296 3312 2420 3350 cum
2470 3310 2565 3349 eos
2612 3294 2787 3361 longe'
2824 3293 2879 3344 in
2931 3290 3176 3350 hibernis
3209 3290 3397 3341 abesse

1835 3391 2199 3456 cognovisset.
2250 3388 2467 3442 omissis
2512 3386 2615 3446 eis.
2666 3393 2813 3437 tanta
2866 3383 3146 3436 celeritate
3187 3388 3241 3434 et
3289 3379 3397 3433 cir-

1834 3480 2247 3548 cumspectione
2299 3494 2492 3532 novam
2547 3475 2933 3543 Carthaginem
2994 3470 3297 3531 contendit,
3337 3476 3398 3521 ut

1833 3573 1951 3637 ejus
1986 3573 2253 3626 adventus
2286 3586 2395 3625 non
2424 3571 2581 3639 prius
2606 3568 2905 3621 rcsciret‘ur
2937 3578 3097 3634 quam
3159 3561 3393 3627 adesset,

1836 3662 2138 3731 urbemque
2183 3678 2291 3716 non
2329 3663 2446 3716 sine
2468 3662 2657 3716 labore
2713 3659 2879 3728 cepit.
2950 3658 3020 3711 Ea
3069 3663 3394 3724 expugnata,

1834 3768 1973 3821 pene
2016 3754 2247 3805 maxima
2287 3754 2429 3807 inter
2458 3753 2657 3805 milites
2691 3760 2808 3804 orta
2842 3758 2985 3802 esset
3008 3748 3221 3800 seditio.
3260 3746 3392 3797 Nam

1833 3856 1956 3893 cum
2013 3840 2197 3910 Scipio
2244 3842 2291 3895 ei
2322 3842 2415 3911 qui
2463 3842 2673 3909 primus
2700 3852 2915 3890 murum
2963 3833 3394 3897 conscendisset,

1826 3944 2091 3984 .coronam
2116 3930 2390 3999 pollicitus
2421 3936 2598 3990 esset,
2630 3926 2745 3981 duo
2778 3928 2897 3990 viri,
2933 3927 3070 3979 alter
3098 3924 3393 3986 Romanus,

1834 4020 1971 4073 alter
2016 4037 2082 4073 ex
2115 4019 2296 4077 sociis.
2330 4034 2448 4073 eam
2500 4018 2604 4073 sibi
2657 4017 2872 4071 laudem
2908 4016 3294 4079 vindicarunt;
3335 4028 3397 4066 ac

1834 4110 2033 4167 studiis
2057 4110 2427 4165 multitudinis
2454 4110 2736 4165 contentio
2764 4109 2831 4162 ad
2865 4108 3158 4161 maximum
3192 4106 3395 4158 tumul-

1836 4212 1948 4257 tum
1982 4206 2269 4273 processit.
2303 4204 2369 4257 Et
2403 4203 2546 4256 haud
2579 4203 2744 4255 dubie
2768 4200 2983 4270 gravius
3017 4198 3218 4267 aliquid
3250 4198 3396 4250 acci-

1834 4293 2025 4356 disset,
2063 4296 2119 4347 ni
2144 4293 2328 4361 Scipio
2361 4288 2652 4360 utrumque
2678 4296 3013 4344 eoronasset.
3044 4288 3187 4341 idem
3226 4287 3393 4340 multa

1833 4384 2121 4447 militibus,
2150 4385 2319 4436 multa
2349 4383 2512 4437 rebus
2537 4382 2767 4451 publicis
2796 4381 3023 4449 largitus
3042 4387 3163 4441 est;
3204 4386 3260 4429 et
3296 4376 3395 4427 ob-

1835 4476 2000 4539 sides,
2034 4475 2127 4545 qui
2154 4476 2228 4529 ibi
2263 4475 2607 4539 tenebantur,
2642 4488 2831 4527 omnes
2858 4472 2987 4540 jsuis
3044 4471 3160 4523 sine
3218 4465 3393 4535 pretio

1767 4556 1805 4608 ο
1838 4566 2099 4621 reddidit.
2134 4557 2253 4631 Quo
2290 4566 2513 4631 factum,
2573 4576 2630 4617 ut
2665 4564 2846 4617 multae
2906 4560 3175 4619 civitates,
3237 4554 3391 4607 multi

1833 4657 2074 4729 dynasta:
2100 4673 2158 4711 se
2180 4657 2247 4711 ad
2281 4657 2441 4711 ﬁdem
2469 4658 2587 4726 ejus
2610 4653 2963 4711 contulerint,
2995 4661 3044 4704 et
3074 4657 3267 4717 pneter
3292 4662 3394 4698 ca:-

1835 4759 1978 4804 teros
2009 4750 2291 4804 Celtiberi.
2314 4751 2447 4805 Nam
2493 4764 2615 4802 cum
2649 4748 2792 4800 inter
2832 4744 3075 4811 captivos
3124 4738 3390 4804 virginem

1830 4842 2116 4897 excellenti
2152 4840 2325 4894 forma
2358 4840 2614 4906 cepisset,
2667 4851 2785 4889 eam
2844 4834 3193 4897 adamaturus
3239 4836 3395 4894 puta-

1829 4933 2011 4987 batur.
2054 4932 2158 4986 Sed
2196 4946 2319 4986 cum
2355 4930 2588 4999 principi
2648 4930 2862 4983 cuidam
2906 4925 3047 4995 apud
3085 4923 3390 4978 Celtiberos

1831 5023 2156 5092 desponsam
2186 5037 2305 5076 esse
2336 5021 2708 5090 cognovisset,
2753 5018 2929 5073 accito
2967 5030 3186 5084 sponso,
3232 5011 3390 5079 pucl-

1828 5113 1933 5169 lam
1965 5113 2013 5167 ei
2048 5111 2294 5175 tradidit,
2331 5127 2435 5165 una
2471 5127 2595 5166 cum
2627 5108 2878 5179 pecunia,
2914 5121 3075 5175 quam
3137 5103 3257 5171 ejus
3294 5113 3390 5151 ne-

1830 5205 2054 5263 cessarii
2084 5220 2183 5277 pro
2209 5220 2275 5261 ea
2306 5203 2626 5259 redimenda
2656 5202 3021 5258 contulerant.
3071 5194 3187 5259 Quo
3220 5190 3394 5254 laeto,

1820 5308 1887 5353 et
1942 5298 2063 5352 illos
2097 5306 2153 5352 et
2182 5304 2410 5352 caeteros
2433 5295 2535 5349 sibi
2572 5292 2902 5349 conciliavit.
2958 5286 3247 5342 Asdrubali
3283 5282 3387 5337 ira-

1832 5389 1902 5445 tri
1928 5388 2230 5447 Annibalis.
2268 5403 2429 5456 quem
2478 5401 2707 5455 propere
2763 5383 3058 5436 adventare
3106 5386 3385 5447 cognorat,
3466 5426 3469 5429 .

1830 5492 2047 5551 captam
2069 5496 2189 5535 esse
2218 5482 2407 5535 urbem
2465 5478 2645 5530 adhuc
2694 5474 2986 5543 ignoranti,
3046 5479 3101 5524 et
3155 5468 3287 5521 nihil
3331 5468 3384 5519 in

1832 5572 2029 5627 itinere
2074 5571 2275 5626 hostile
2305 5569 2539 5633 timenti,
2564 5567 2840 5629 occurrit;
2902 5578 3076 5631 eoque
3126 5565 3383 5623 superato

1820 5670 1884 5714 et
1913 5661 2109 5714 castris
2124 5662 2244 5730 ejus
2273 5658 2573 5728 occupatis,
2603 5658 2805 5711 multos
2842 5656 2985 5710 illius
3005 5652 3107 5705 loci
3132 5647 3197 5701 ad
3226 5664 3250 5699 s
3272 5662 3383 5702 tam

1822 5750 2123 5805 amicitiam
2150 5750 2389 5818 pellexit.
2417 5749 2551 5804 Nam
2587 5750 2639 5803 in
2677 5764 2734 5801 re
2766 5746 2957 5801 bellica
2994 5755 3118 5796 acer
3148 5747 3290 5799 erat,
3322 5736 3387 5791 in

1831 5840 2594 5913 familiaribuscongrcssibus
2645 5840 2800 5903 lenis,
2832 5829 3208 5889 resistentibus
3267 5824 3381 5880 ίυει
