4002 6332
582 623 656 677 ob
690 624 822 676 illud
856 627 1084 681 maxime
1140 630 1210 683 ab
1259 635 1517 688 omnibus
1558 637 1964 703 honorabatur.
1996 648 2143 713 quod

583 713 751 766 veluti
786 716 1006 771 numine
1025 718 1235 774 aillatus‘
1257 724 1614 789 praedixisset,
1643 742 1701 781 se
1728 731 1778 782 in
1805 730 1986 785 hostili
2016 750 2145 803 agro

584 813 1089 861 castrametaturum
1125 811 1282 880 431
1314 830 1451 868 esse.
1478 817 1556 869 Ab
1577 817 1827 887 Hispanis
1847 838 2026 879 autem
2053 844 2142 882 rex

581 888 809 962 magnus
824 900 1210 964 appellabatur.
1231 902 1844 979 Asdrubale,desperata
1862 914 2139 984 Hispania,

582 981 634 1034 in
662 983 869 1037 Italiam
895 988 1134 1054 abituro,
1166 999 1221 1042 et
1252 992 1430 1047 hieme
1473 998 1718 1052 collectis
1774 1005 1920 1058 vasis
1962 981 2144 1060 disce;

580 1072 764 1137 dente,
789 1075 907 1142 ejus
959 1078 1199 1148 collegar,
1249 1082 1371 1137 loco
1409 1102 1519 1139 non
1576 1100 1804 1155 mutato,
1866 1098 2140 1163 negotium

582 1163 819 1231 Scipioni
856 1166 1214 1235 facessebant,
1244 1184 1305 1226 ut
1333 1190 1511 1244 neque
1554 1179 1911 1236 Asdrubalem
1959 1201 2143 1253 perse—

578 1265 864 1323 queretur,
920 1274 1098 1329 neque
1149 1263 1203 1316 in
1254 1263 1458 1320 Italiam
1521 1271 1819 1338 profectus,
1866 1274 2141 1334 Romanos

580 1344 704 1397 belli
778 1357 929 1414 parte
1012 1350 1236 1418 levaret,
1301 1372 1479 1427 neque
1565 1362 1948 1434 Carthaginem
2023 1377 2138 1424 tra-

574 1432 789 1501 jiceret.
842 1436 1023 1508 Scipio
1094 1442 1449 1501 Asdrubalem
1522 1432 1809 1507 abeuntem
1885 1471 1991 1509 non
2058 1454 2141 1513 est

578 1537 919 1593 persecutus,
961 1532 1054 1585 sed
1109 1549 1206 1603 per
1241 1552 1495 1594 cursores
1561 1542 1680 1612 eius
1737 1545 1977 1601 adventu
2030 1550 2137 1604 Ro-

579 1629 718 1668 mam
768 1620 1036 1687 nuntiato,
1083 1640 1145 1678 ea
1203 1644 1323 1696 qua:
1382 1640 1595 1701 tempus
1668 1638 1973 1705 postulabat
2043 1640 2141 1694 ad-

576 1706 925 1764 ministravit.
960 1714 1028 1767 Et
1055 1715 1182 1783 quia
1218 1718 1456 1787 videbat,
1506 1724 1689 1780 hostes
1746 1727 1799 1782 in
1858 1732 2137 1797 provincia
2194 1744 2201 1755 '

574 1794 742 1847 variis
782 1796 919 1853 locis
954 1800 1230 1871 dispersos
1261 1822 1417 1873 esse,
1475 1812 1683 1866 veritus
1723 1830 1791 1869 ne
1837 1818 1904 1869 ab
1953 1818 2136 1886 aliquo

572 1898 763 1940 omnes
786 1902 977 1942 eorum
1001 1894 1173 1961 copiae
1211 1896 1265 1949 in
1304 1914 1471 1952 unum
1501 1903 1964 1969 conducerentur,
2021 1911 2134 1976 ipse
2165 1885 2209 1941 Β

567 1976 763 2029 contra
792 1977 1148 2036 Asdrubalt-m
1180 1985 1433 2055 Gisgonis
1467 1990 1636 2044 tilium
1692 2004 1778 2048 est
1834 1997 2133 2065 profectus,

583 2063 850 2119 Sillanum
895 2068 949 2122 in
981 2070 1331 2129 Celtiberiam
1365 2089 1549 2133 contra
1580 2063 1879 2151 Magonem,
1912 2085 1972 2139 [ι.
2020 2087 2137 2141 Sci-

571 2156 789 2225 pionem
821 2160 1042 2216 fratrem
1074 2163 1129 2217 in
1175 2165 1527 2224 Bastitaniam
1564 2174 1749 2239 misit;
1781 2176 1875 2244 qui
1906 2186 1961 2232 et
1984 2178 2133 2233 illam

571 2246 716 2300 l'ello
746 2250 911 2317 cepit,
938 2262 992 2304 et
1016 2252 1297 2322 Magonem
1321 2258 1487 2322 vicit;
1512 2276 1747 2329 eumque
1771 2265 1837 2317 ad
1859 2252 2138 2321 Asdruba-

569 2336 677 2390 lcm
730 2338 1029 2409 fugientem
1070 2355 1415 2413 persecutus,
1467 2350 1533 2404 ad
1587 2351 1894 2420 Scipionem
1954 2357 2134 2423 rediit,

506 2490 511 2493 μ
569 2427 663 2494 qui
703 2432 943 2484 nondum
985 2435 1280 2503 quidquam
1317 2453 1575 2506 gesserat.
1632 2442 1767 2497 Cum
1839 2447 1995 2517 Mago
2065 2451 2133 2503 ad

568 2518 952 2585 Asdrubalem,
981 2524 1179 2581 Lucius
1201 2529 1267 2583 ad
1320 2528 1543 2586 fratrem
1586 2533 1896 2603 Scipionem
1948 2542 2133 2627 venis;

569 2617 672 2672 set,
697 2610 928 2676 primum
962 2616 1209 2683 equitatu
1242 2620 1295 2672 in
1318 2635 1542 2690 campos
1575 2623 1937 2682 decurrentes
1969 2610 2132 2684 dimi-

570 2699 787 2753 cabant.
820 2702 1027 2758 Deinde
1082 2715 1229 2761 totos
1277 2712 1550 2765 exercitus
1588 2713 1987 2779 instruxerunt,
2033 2737 2135 2776 nec

573 2804 751 2858 tamen
783 2793 848 2846 ad
888 2808 1082 2850 manus
1102 2806 1325 2853 ventum
1350 2809 1464 2866 est;
1500 2802 1668 2872 idque
1722 2822 1821 2874 per
1844 2809 1962 2864 dies
1988 2826 2138 2865 com-

569 2877 756 2946 plures
803 2884 1028 2941 factum.
1082 2886 1187 2943 Sed
1245 2892 1544 2960 aliquando
1591 2909 1769 2966 pugna
1825 2902 2133 2965 commissa,

570 2969 1117 3043 Carthaginiensibus
1135 2995 1437 3054 eorumque
1462 2984 1629 3040 sociis
1662 2988 1841 3054 victis,
1869 3001 2135 3060 captaque

570 3064 895 3130 munitione,
926 3071 1153 3126 Romani
1176 3090 1483 3133 commeatu
1517 3084 1589 3137 ibi
1623 3083 1849 3137 invento
1875 3084 1957 3138 usi
1982 3094 2130 3148 sunt.

1870 440 2194 504 IOANNIS
2227 446 2545 509 ΖΟΝΑΒᾹΞ

2246 653 2662 720 προῦπήντησεν
2705 654 2868 724 αὐτῷ,
2921 656 3011 707 καὶ
3055 657 3112 709 ὲν
3151 657 3229 726 τῷ
3253 662 3599 731 στρατοπέδῳ
3633 664 3799 717 αὐτοῦ

2245 745 2522 811 κρατήσας
2570 744 2907 813 ἐνηυλίσατο,
2936 747 3027 798 καὶ
3059 748 3285 810 πολλοὺς
3328 751 3437 803 τῶν
3483 753 3600 804 ἐκεῖ
3632 770 3803 821 προσ·

2242 835 2554 902 εποιήσατο.
2586 832 2691 888 Ἦν
2718 838 2815 905 μὲν
2850 838 2957 904 γὰρ
2982 839 3039 890 ἐν
3063 842 3182 901 ταῖς
3218 844 3575 910 στρατηγίαις
3601 844 3801 907 δεινὸς,

2243 924 2300 973 ἐν
2332 921 2388 973 δὲ
2429 924 2546 985 ταῖς
2574 924 2810 993 ὁμιλίαις
2840 928 3108 997 ἐπιεικὴς,
3155 936 3246 982 καὶ
3282 932 3338 993 ἐς
3380 933 3477 1003 μὲν
3506 934 3631 996 τοὺς
3675 936 3805 987 ἀνο-

2245 1014 2564 1081 ισταμένους
2591 1016 2718 1083 (ροϐε
2730 1018 2839 1083 ρὸς,
2879 1020 2934 1081 ἐς
2958 1019 3015 1071 δὲ
3044 1022 3169 1083 τοὺς
3190 1022 3509 1085 ὑπείκοντας
3536 1026 3627 1076 xui.
3656 1025 3804 1092 μάλα

2242 1103 2637 1173 φιλάνθρωπος.
2693 1108 2941 1161 Μάλιστα
2996 1110 3043 1162 δ’
3076 1111 3161 1163 ὅτι
3219 1113 3313 1164 καὶ
3372 1113 3610 1178 ἐθείασε,
3670 1131 3807 1182 πρε-

2241 1192 2407 1245 ειπὼν
2442 1193 2517 1257 ὠς
2564 1196 2621 1247 ἐν
2672 1200 2737 1266 τῇ
2773 1196 2880 1249 τῶν
2929 1198 3206 1267 πολεμίων
3256 1202 3801 1267 στρατοπεδεύσοιτο.

2242 1282 2441 1345 πάντες
2468 1284 2671 1353 ἐτίμων
2704 1288 2885 1341 αὐτόν.
2920 1291 2982 1343 Oi
3009 1290 3055 1342 δ’
3089 1290 3303 1362 Ἰϐηρες
3334 1293 3428 1344 καὶ
3452 1293 3677 1360 βασιλέα
3707 1295 3807 1361 μὲ-

2238 1391 2340 1441 γαν
2361 1374 2663 1444 ὠνόμαζον.
2705 1379 2762 1430 '0
2784 1378 2827 1431 δ’
2850 1380 3175 1449 Ἀσδρούϐας
3191 1383 3513 1446 ἀπελπίσας
3540 1387 3637 1453 τὴν
3664 1386 3808 1455 Ἴϐη-

2243 1467 2365 1534 ρέαν
2394 1468 2601 1536 ἀπᾶραι
2634 1468 2767 1537 πρὸς
2795 1470 2891 1539 τὴν
2922 1470 3154 1523 Ἰταλίαν
3174 1473 3457 1526 ἐϐούλετο.
3494 1476 3603 1529 Καὶ
3637 1477 3694 1526 ἐν
3722 1476 3804 1544 τῷ

2240 1558 2465 1625 χειμῶνι
2505 1560 2979 1628 συσκευασάμενος
3028 1563 3065 1633 ό
3106 1564 3202 1631 μὲν
3235 1564 3483 1633 ὥρμητο,
3509 1567 3558 1617 oi
3594 1566 3648 1617 δὲ
3702 1583 3803 1617 συ-

2240 1648 2535 1717 στράτηγοι
2568 1651 2734 1702 αὐτοῦ
2788 1653 2927 1704 κατὰ
2961 1654 3147 1723 χώραν
3200 1656 3507 1724 μείναντες,
3540 1658 3807 1725 ἀσχολίαν

2237 1739 2314 1806 τῷ
2374 1742 2634 1793 Σκιπίωνι
2690 1745 2970 1812 παρεῖχον,
3002 1744 3142 1797 ὥστε
3206 1744 3280 1813 μὴ
3330 1745 3420 1799 τὸν
3466 1745 3806 1816 ’Δσδρούϐαν

2238 1831 2543 1895 ἐπιδιῶξαι,
2589 1834 2724 1902 μήτε
2755 1837 2867 1894 τοῖς
2916 1836 2973 1886 ἐν
3000 1836 3067 1904 τῇ
3097 1834 3301 1905 Ἰταλίᾳ
3339 1835 3632 1913 Ῥωμαίοις
3679 1838 3807 1889 ἐπι-

2239 1921 2492 1987 κουφίσαι
2534 1921 2625 1971 τῗιν
2654 1921 2886 1990 πόλεμον
2916 1923 3220 1991 γινομένοις
3265 1925 3400 1987 ἐκεῖ,
3438 1925 3471 1993 ἢ
3517 1926 3659 1993 πρὸς
3702 1927 3806 1996 τὴν

2238 2011 2561 2080 Καρχηδόνα
2584 2010 2833 2067 πλεῦσαι.
2873 2012 2931 2065 ὐ
2956 2014 3012 2067 δέ
3044 2014 3284 2068 Σκιπίων
3304 2015 3394 2069 τὸν
3422 2016 3522 2084 μὲν
3546 2016 3810 2086 Ἀσδρού-

2236 2102 2337 2157 ϐαν
2388 2104 2488 2156 οὐκ
2539 2104 2792 2168 ἐπεδίωξε
2813 2121 2828 2137 ο
2859 2104 3076 2175 πέμψας
3096 2105 3173 2159 δὶς
3201 2107 3647 2177 δρομοκήρυκας,
3700 2110 3807 2179 τὴν

2236 2192 2495 2260 πρόσοδον
2519 2192 2683 2245 αὐτοῦ
2708 2196 2819 2256 τοῖς
2847 2196 2905 2246 ἐν
2934 2196 3002 2265 τῇ
3041 2193 3229 2269 Ῥώμῃ
3253 2196 3319 2248 δι’
3348 2196 3529 2251 αὐτῶν
3550 2200 3767 2267 προεκή
3786 2231 3799 2238 -

2239 2282 2416 2349 ρυξεν,
2448 2283 2605 2341 αὐτὸς
2632 2283 2685 2334 δὲ
2708 2282 2817 2334 τῶν
2840 2284 2897 2334 tv
2931 2283 3117 2353 χερσὶν
3136 2285 3331 2353 εἴχετο.
3364 2286 3469 2337 Καὶ
3498 2287 3641 2357 δρῶν
3674 2290 3807 2348 τοὺς
3900 2315 3917 2318 -

2238 2373 2510 2432 ἐναντίους
2547 2371 2784 2440 πολλαχῆ
2813 2375 2907 2440 τῆς
2942 2372 3124 2442 χώρας
3150 2374 3330 2438 ὄντας,
3373 2375 3561 2429 ἐδεδίει
3600 2379 3677 2447 μή
3720 2395 3807 2429 τι-

2238 2476 2319 2511 σιν
2377 2458 2557 2510 αὐτῶν
2610 2460 2915 2528 προσμίξας
2968 2462 3048 2520 είς
3096 2461 3155 2514 ἓν
3213 2460 3463 2520 ᾶπαντας
3514 2464 3804 2534 συναγάγῃ

2234 2551 2478 2619 ἀλλήλοις
2502 2552 2985 2622 ἐπικουρήσοντας.
3008 2553 3178 2617 Δὺτδς
3201 2554 3299 2623 μὲν
3325 2553 3416 2607 οὖν
3439 2556 3807 2625 ἐστράτευσεν

2237 2643 2322 2693 ἐπ’
2357 2641 2686 2711 Ἀσδρούϐαν
2718 2643 2808 2694 τὸν
2841 2643 3144 2710 Γίσγωνος⁶
3178 2645 3402 2697 Σιλανὸν
3432 2644 3487 2698 δὲ
3518 2646 3574 2707 ἐς
3608 2646 3799 2698 Κελτι-

2236 2731 2431 2801 ϐηρίαν
2480 2733 2574 2799 ἐπὶ
2628 2732 2892 2800 Μάγωνα,
2954 2735 3049 2785 καὶ
3098 2732 3328 2785 Λούκιον
3383 2732 3661 2785 Σκιπίωνα
3710 2734 3806 2784 τὶν

2235 2820 2469 2887 ἀδελφδν,
2496 2822 2552 2881 ἐς
2582 2820 2941 2873 Βαστιτανίαν
2966 2821 3230 2890 ἔπεμψεν,
3259 2821 3316 2883 δς
3350 2820 3566 2894 ἐκείνην
3585 2839 3663 2875 τι
3696 2840 3804 2875 πο-

2235 2909 2383 2977 λέμῳ
2432 2907 2682 2978 κατέσχε,
2721 2910 2813 2962 καὶ
2843 2910 2933 2963 τὸν
2963 2910 3207 2975 Μάγωνα
3247 2911 3486 2981 ἐνίκησε.
3528 2912 3636 2964 Καὶ
3664 2914 3803 2981 9:5-

2236 3015 2386 3065 γοντι
2440 2998 2588 3067 αὐτῷ
2647 2998 2779 3066 πρὸς
2830 2998 2923 3051 τὸν
2964 3000 3297 3070 ’Δσδρούϐαν
3326 3002 3798 3072 ἐπακολουθήσας,

2234 3083 2363 3159 ἦλθε
2396 3088 2527 3157 πρὸς
2557 3088 2647 3139 τὸν
2677 3087 2975 3169 Σκιπίωνα,
3009 3091 3173 3159 μήπω
3199 3090 3362 3159 μηδὲν
3384 3082 3801 3172 διαπέπραγμέο

571 3152 624 3205 id
654 3155 797 3222 quod
832 3156 1015 3229 Scipio
1046 3165 1231 3220 triduo
1253 3178 1378 3224 ante
1403 3174 1735 3228 vaticinatus
1761 3189 1885 3230 esse
1933 3175 2128 3230 fertur.

2244 3152 2360 3233 νον.
2424 3152 2725 3233 Ἐλθόντων
2777 3179 2869 3233 οὖν
2925 3152 3039 3233 τού·
3072 3152 3134 3234 τε
3186 3152 3644 3251 ἀίάγωνος-’πρδς
3678 3152 3801 3233 ῄτὺν

570 3240 703 3295 Nam
746 3260 870 3299 cum
905 3252 1066 3305 rebus
1111 3258 1437 3314 necessariis
1482 3260 1933 3321 destituerentur.
1988 3278 2130 3331 pra:-

569 3332 705 3385 dixit
730 3336 857 3404 (qua
914 3355 1045 3394 vero
1075 3352 1212 3408 arte,
1274 3347 1574 3418 ignoratur)
1623 3364 1680 3403 se
1719 3351 1773 3403 in
1824 3365 1948 3403 eum
1987 3352 2131 3406 diem

570 3421 806 3478 hostium
859 3429 1076 3485 cibariis
1138 3449 1336 3491 usuros
1375 3454 1516 3493 esse.
1570 3439 1697 3496 Post
1744 3440 1880 3507 hac,
1928 3440 2132 3495 Sillano

568 3524 756 3569 contra
793 3518 1029 3575 hostium
1059 3526 1315 3595 reliquias
1338 3530 1549 3594 relicto,
1569 3531 1703 3586 alias
1735 3534 1902 3587 nrbes
1927 3535 2125 3587 multas

526 3627 530 3630 ⁴
569 3604 674 3658 sibi
711 3607 989 3677 adjuuxit;
1020 3616 1397 3688 ordinatisque
1432 3622 1617 3685 rebus,
1651 3625 1704 3678 in
1735 3624 1996 3692 Hispania
2036 3624 2125 3677 bi-

569 3695 837 3764 bernavit,
857 3699 919 3754 L.
957 3702 1177 3758 fratrem
1212 3707 1432 3763 Romam
1461 3714 1629 3775 misit,
1663 3720 1802 3767 utet
1831 3730 1919 3767 res
1949 3722 2127 3783 gestas

569 3789 868 3856 nuntiaret,
922 3804 978 3849 et
1029 3798 1271 3864 captivos
1330 3816 1395 3855 eo
1439 3803 1767 3866 adduceret,
1822 3804 2124 3874 eademque

567 3889 731 3944 Opera
744 3893 805 3932 ex
824 3883 1077 3950 plorarct,
1094 3902 1212 3955 qua:
1224 3889 1289 3942 de
1302 3904 1360 3943 se
1383 3888 1747 3947 Romanorum
1764 3903 1906 3948 esset
1919 3894 2124 3965 opinio.

2233 3268 2582 3337 Ἀσδρούϐαν,
2633 3270 2727 3336 καὶ
2758 3270 2849 3321 τοῦ
2884 3271 3111 3323 Λουκίου
3143 3272 3279 3342 πρὸς
3318 3274 3406 3327 τὸν
3437 3274 3664 3341 ἀδελφὸν
3696 3275 3793 3326 τὸν

2230 3358 2529 3421 Σκιπίωνα,
2557 3359 2622 3411 τὰ
2654 3359 2753 3428 μὲν
2783 3361 2973 3429 πρῶτα
2994 3361 3073 3431 τῷ
3098 3362 3309 3432 ἱππικῷ
3333 3364 3687 3426 καταθέοντες
3710 3367 3799 3429 εἰς

2228 3449 2296 3502 τὰ
2325 3450 2480 3503 πεδία
2513 3450 2832 3520 διεμάχοντο
2852 3468 2866 3481 ·
2900 3446 3018 3504 σῖτα
3052 3454 3143 3505 καὶ
3170 3454 3276 3523 ὅλῳ
3307 3453 3384 3522 τῷ
3416 3454 3798 3524 στρατεύματι

2230 3540 2775 3608 ἀντιπαρετάσσοντο,
2808 3542 2867 3593 οὐ
2904 3541 3008 3611 μὴν
3048 3543 3142 3594 καὶ
3196 3545 3483 3612 ἐμάχοντο,
3536 3546 3631 3598 καὶ
3691 3548 3799 3625 turi:

2231 3628 2450 3689 πλείους
2481 3630 2695 3699 ἡμέρας
2718 3630 2874 3683 τοῦτο
2895 3631 3122 3698 ἐγίνετο.
3148 3632 3429 3701 Συμϐολῆς
3455 3634 3511 3685 δέ
3540 3653 3668 3688 ποτε
3700 3655 3793 3703 γι-

2231 3717 2482 3786 νομένης,
2511 3720 2561 3769 οἰ
2591 3734 2649 3769 τε
2680 3717 2959 3788 σύμμαχοι
2982 3718 3088 3771 τῶν
3113 3722 3493 3790 Καρχηδονίων
3515 3725 3607 3775 καὶ
3635 3727 3794 3777 αὐτοὶ

2232 3808 2438 3863 ἐκεῖνοι,
2466 3809 2796 3878 ἡττήθησαν,
2829 3810 2923 3862 καὶ
2961 3810 3021 3862 τὸ
3056 3810 3233 3881 ἔρυμα
3270 3812 3447 3865 αὐτῶν
3490 3817 3639 3881 παρὰ
3680 3816 3793 3866 τῶν

2247 3897 2534 3968 Ῥωμαίων
2574 3901 2736 3965 ἑάλω,
2798 3901 2892 3953 καὶ
2937 3903 3047 3961 τοῖς
3085 3902 3145 3954 ἐν
3183 3900 3334 3973 αὐτῷ
3368 3902 3695 3969 ἐπιτηδείοις
3738 3906 3793 3957 οἱ

580 3968 835 4047 Ῥωμαῖοι
890 3976 1204 4047 ἐχρήσαντο,
1237 3980 1266 4032 δ
1331 3983 1436 4051 πρὸ
1483 3985 1649 4053 τριῶν
1692 3985 1917 4054 ἡμερῶν
1995 3985 2025 4037 ὁ
2088 3987 2351 4052 Σκιπίων,
2406 3991 2483 4052 ὡς
2534 3991 2689 4058 λόγος
2743 3993 2913 4056 ἐστὶν,
2960 3968 3344 4061 ἐπεφοίϐασεν.
3397 3968 3795 4048 Ἐπιλιπὸντων

568 4060 674 4128 γὰρ
701 4064 879 4127 αὐτοῖς
908 4068 1013 4119 τῶν
1040 4070 1171 4137 πρὸς
1200 4073 1401 4140 τροφὴν
1430 4077 1687 4141 προεῖπεν
1719 4075 1859 4143 (ὅθεν
1885 4076 1929 4127 δ’
1971 4076 2251 4146 ἠγνόηται)
2317 4078 2394 4142 ὡς
2454 4082 2608 4134 Κατὰ
2666 4082 2824 4150 τήνδε
2877 4084 2975 4151 τὴν
3004 4060 3217 4151 ἡμέραν
3237 4086 3349 4145 τοῖς
3377 4086 3487 4138 τῶν
3511 4087 3792 4154 πολεμίων

567 4153 902 4221 χρησόμεθα.
938 4158 1092 4209 Μετὰ
1122 4159 1294 4212 ταῦτα
1323 4150 1377 4213 δὲ
1412 4165 1525 4223 τοῖς
1565 4163 1965 4233 περιλειφθεϊσι
2028 4167 2149 4226 ,τῶν
2188 4168 2445 4222 ἐναντίων
2498 4170 2588 4223 τὸν
2634 4171 2856 4224 Σιλανὸν
2895 4150 3232 4236 καταλιπὼν,
3281 4175 3447 4239 αὐτὸς
3492 4150 3658 4245 επρὸς
3686 4179 3791 4238 τάς

562 4242 732 4313 ,ἄλλας
799 4248 963 4319 ἀπῄει
1024 4254 1229 4316 πόλεις,
1299 4257 1392 4308 καὶ
1462 4258 1659 4321 πολλὰς
1694 4262 2117 4330 προσηγάγετο.
2158 4264 2520 4335 Καταστήσας
2567 4266 2622 4318 δὲ
2666 4268 2735 4321 τὰ
2809 4264 3106 4332 ἑαλωκότα,
3147 4268 3312 4331 αὐτὸς
3350 4269 3448 4338 μὲν
3486 4242 3603 4323 ἐκεῖ
3672 4272 3790 4323 διε-

567 4337 794 4403 χείμασε
826 4354 839 4367 ·
889 4341 981 4392 τὸν
1036 4343 1092 4394 δὲ
1146 4343 1372 4398 Λούκιον
1444 4349 1534 4401 τὸν
1616 4352 1891 4420 ὁμαίμονα
1958 4355 2050 4406 ἐπὶ
2125 4356 2344 4425 Ῥώμην
2410 4358 2698 4411 ἀπέστειλε
2778 4360 3215 4428 καταγγελοῦντά
3270 4337 3458 4415 τεντὰ
3517 4362 3794 4432 γενόμενα

504 4448 509 4453 ⁴
567 4430 664 4481 καὶ
730 4433 852 4493 τοὺς
905 4428 1283 4503 αἰχμαλώτους
1352 4441 1645 4508 κομίζοντα
1706 4446 1798 4496 καὶ
1864 4445 2013 4508 ὅπως
2069 4451 2120 4498 οι
2159 4449 2216 4499 tv
2254 4450 2321 4516 τῇ
2406 4448 2593 4518 Ῥώμῃ
2659 4451 2915 4518 φρονοῦσι
2954 4452 3085 4522 περὶ
3114 4451 3279 4505 αὑτοῦ
3324 4455 3793 4523 πολυπραγμονή-

569 4534 754 4578 σοντα.

637 4612 730 4666 IX.
767 4613 966 4667 Verum
999 4615 1205 4670 italiam
1257 4620 1481 4673 morbus
1534 4624 1784 4685 vexabat,
1834 4636 1888 4679 et
1939 4642 2128 4695 pugna:

2300 4625 2377 4677 8'.
2410 4626 2470 4677 Oi
2498 4624 2541 4676 δ’
2572 4625 2629 4676 tv
2656 4626 2718 4692 τῇ
2751 4623 2951 4694 Ἰταλίᾳ
2972 4624 3065 4676 καὶ
3093 4624 3156 4677 ἐκ
3182 4625 3338 4677 νόσου
3370 4627 3662 4694 ἐπόνησαν,
3692 4633 3791 4684 καὶ

548 4694 891 4768 alliixerant,
946 4705 1016 4759 ob
1051 4716 1232 4762 motus
1265 4709 1670 4778 Tyrrhenorum
1720 4717 2079 4783 quorumdam
2111 4735 2124 4783 ;

2233 4728 2448 4787 μάχαις,
2481 4715 2953 4786 ἐταλαιπώρησαν,
2996 4716 3290 4785 Τυρσηνῶν
3349 4722 3792 4787 νεωτερισάντων

500 4816 503 4819 λ
570 4795 663 4846 sed
693 4796 953 4865 majorem
1004 4797 1209 4852 luctum
1256 4803 1511 4857 attulerat
1568 4804 1803 4859 Marcelli
1853 4807 2125 4861 interitus.

2233 4809 2403 4861 τινών.
2440 4808 2639 4870 Μεῖζον
2668 4807 2723 4858 δὲ
2762 4806 2867 4859 τῶν
2918 4807 3096 4859 ἄλλων
3140 4808 3339 4893 αὐτοδς
3384 4808 3657 4876 ἐλύπησεν
3701 4814 3791 4865 ὅτι

570 4885 703 4936 Nam
739 4901 861 4939 cum
920 4888 1080 4941 ambo
1139 4892 1282 4945 coSs.
1326 4904 1514 4948 contra
1569 4897 1888 4951 Annibalem
1940 4898 2129 4953 Locris

570 4980 816 5039 agentem
846 4974 1144 5027 exercitum
1182 4978 1469 5042 ducerent,
1505 4998 1603 5050 per
1626 4984 1855 5040 insidias
1885 4988 2125 5065 circurn-

569 5059 719 5112 venti
743 5069 890 5125 sunt,
920 5070 975 5117 et
1007 5063 1297 5121 Marcellus
1325 5072 1506 5124 statim
1543 5075 1822 5138 occubuit,
1842 5059 2129 5145 Crispinus

569 5163 675 5201 non
713 5151 883 5204 multo
916 5149 1129 5221 post'cx
1170 5157 1397 5212 vulnere
1432 5161 1667 5216 decessit
1709 5163 1943 5217 Annibal
1974 5182 2127 5229 vero,

571 5242 807 5295 Marcelli
833 5248 1097 5303 cadavere
1132 5249 1292 5321 5,32
1328 5251 1571 5318 invento,
1598 5266 1652 5309 et
1677 5257 1796 5325 ejus
1828 5257 2004 5326 sigillo
2042 5272 2131 5310 ac-

571 5338 754 5396 cepto,
784 5332 983 5387 litteris
1010 5337 1127 5405 ejus
1159 5342 1378 5395 neruine
1402 5342 1469 5394 ad
1506 5342 1669 5397 'urbes
1695 5332 1936 5412 seriptis,
1966 5344 2129 5414 quid.-

571 5420 699 5490 quid
733 5421 948 5475 volebat
981 5425 1246 5489 obtinuit;
1284 5429 1459 5485 donec
1475 5430 1778 5499 Crispinus,
1806 5448 1873 5486 eo
1891 5433 2127 5503 cognito,

576 5510 695 5563 illos
725 5512 948 5572 monuit.
994 5516 1190 5571 ut'sibi
1223 5530 1502 5576 caverent.
1553 5523 1707 5579 Unde
1750 5539 1837 5577 res
1875 5524 2129 5579 Annibali

572 5601 739 5655 vertit
772 5605 826 5657 in
884 5609 1239 5661 contrarium.
1302 5612 1432 5665 Nam
1497 5629 1619 5669 cum
1680 5614 1986 5684 Salapianis
2033 5631 2127 5686 per

577 5698 905 5764 transfugam
935 5698 1263 5766 scripsisset,
1297 5700 1603 5757 Marcellum
1639 5715 1802 5759 noctu
1831 5707 1897 5759 ad
1928 5708 2127 5762 muenia

580 5783 939 5849 ποδάρια,οι
971 5789 1209 5842 Romana
1250 5788 1433 5859 lingua
1502 5808 1605 5845 una
1656 5812 1777 5849 cum
1830 5798 1952 5851 aliis
2007 5812 2126 5852 eam

2225 4901 2315 4953 τὸν
2366 4900 2676 4968 Μάρκελλον
2728 4898 3610 4970 ἀπέϐαλον.,Ἐπιστρατεύσαντες
3672 4906 3787 4973 γὰρ

2227 4991 2367 5046 κατά
2421 4988 2514 5040 τοῦ
2558 4990 2798 5041 Ἀννίϐου
2851 4991 3207 5058 τυγχάνοντος
3261 4995 3319 5044 ἐν
3370 4993 3619 5061 Λοκροῖς,
3680 4995 3789 5046 καὶ

2226 5082 2392 5148 ἄμφω
2414 5080 2462 5132 οί
2489 5078 2685 5132 ὕπατοι
2715 5078 2775 5144 ἐξ
2802 5080 3020 5150 ἐνέδρας
3046 5081 3596 5152 περιστοιχισθέντες,
3621 5085 3649 5134 ὀ
3682 5085 3787 5150 μὲν

2224 5167 2539 5235 Μάρκελλος
2576 5167 2771 5220 αὐτίκα
2812 5166 3079 5221 ἀπώλετο·
3138 5164 3437 5236 Κρισπῖνος
3469 5166 3526 5219 δὲ
3553 5168 3788 5233 τρωθεὶς

2225 5258 2492 5311 ἀπέθανεν
2540 5259 2600 5310 οὐ
2653 5258 2787 5328 μετὰ
2819 5257 2973 5310 πολύ.
3002 5256 3269 5326 Εὑρηκὼς
3294 5255 3350 5307 δὲ
3385 5256 3444 5308 τὸ
3480 5256 3572 5310 τοῦ
3616 5258 3789 5323 Map-

2225 5346 2413 5399 κέλλου
2452 5347 2609 5416 σῶμα
2646 5349 2673 5401 ό
2717 5346 2982 5408 Ἀννίϐας,
3015 5344 3108 5397 καὶ
3144 5345 3237 5398 τὸν
3289 5346 3785 5398 δακτύλιονηιῦτοῦ

2224 5437 2482 5509 εἰληφὼς,
2512 5432 2557 5507 ᾧ
2585 5442 2790 5503 ἐκεῖνος
2821 5439 2918 5501 τὰς
2938 5439 3155 5509 γραφάς
3181 5439 3572 5509 ἐπεσφράγιζε,
3594 5440 3791 5509 γράμ-

2187 5556 2190 5559 -
2229 5544 2373 5595 ματα
2432 5529 2489 5592 ἐς
2539 5528 2638 5591 τὰς
2683 5527 2866 5590 πόλεις
2913 5525 2988 5591 ὡς
3025 5525 3156 5597 παρ’
3190 5527 3398 5580 ἐκείνου
3453 5524 3788 5594 στελλόμενα

2224 5620 2460 5689 ἔπεμπε,
2491 5620 2584 5671 καὶ
2613 5620 2711 5671 δσα
2749 5615 2998 5671 ἐϐούλετο
3030 5618 3387 5689 διεπράττετο
3413 5631 3428 5646 ⁸
3466 5616 3669 5687 μέχρις
3723 5610 3790 5671 οὗ

2222 5708 2378 5759 τοῦτο
2408 5708 2569 5775 γνοὺς
2612 5706 2642 5757 ό
2687 5707 3006 5774 Κρισπῖνος,
3059 5704 3556 5773 ἀντιπαρήγγελλεν
3592 5707 3791 5767 αὐτοῖς

2227 5794 2617 5864 φυλάσσεσθαι,
2678 5797 2797 5849 ὅθεν
2859 5796 3236 5878 ἀντιπεριξστη
3271 5793 3348 5864 τῷ
3394 5796 3629 5865 ’Δννιϐᾷ
3726 5796 3789 5847 th
