4012 6330
732 406 839 469 Ἰξιι
2036 398 2276 461 JOANN

2386 397 2701 458 ZONARE
3838 401 3920 461 752

738 528 1113 580 excesserunt,
1155 533 1262 572 non
1311 527 1531 588 pr0pter
1580 515 2034 587 paciﬁcationem.
2085 514 2181 569 sed
2228 513 2280 568 ac‘

2396 511 2584 565 ἔδοσαν
2615 510 2707 563 καὶ
2739 508 2864 571 τοὺς
2890 508 3264 580 αἰχμαλώτους
3301 509 3503 575 πάντας
3534 512 3819 565 ἀπέδωκαν
3848 516 3919 564 καί

743 616 941 667 bellum
977 605 1331 666 domesticum
1368 616 1747 678 properantes.
1779 608 1847 661 At
1874 604 2033 677 αι
2059 603 2280 660 Cartha-

2388 599 2527 671 ύπὲρ
2556 601 2660 652 τῶν
2691 599 2891 652 λοιπῶν
2924 600 3223 670 πρεσϐείαν
3265 604 3345 663 εἰς
3396 604 3496 669 τὴν
3544 601 3761 672 Ῥώμην
3808 606 3918 655 ἁπέ-

740 706 1034 775 ginienscs,
1062 692 1182 757 eum
1216 702 1367 771 prius
1404 701 1568 754 etiam
1590 713 1776 768 pacem
1816 696 2039 751 minime
2081 686 2280 767 cogital

2386 690 2623 746 στειλαν.
2652 691 2789 754 Τοὺς
2818 690 2876 745 δέ
2908 708 2972 760 γε
3011 691 3269 762 πρέσϐεις
3293 693 3343 745 oi
3382 693 3645 763 Ῥωμαῖοι
3705 696 3819 747 τότε
3867 694 3917 746 οὐ

740 806 880 859 rent,
916 811 1015 850 nec
1059 810 1177 848 eam
1255 793 1365 846 alio
1423 790 1653 845 consilio
1713 787 2017 858 petiissent,
2062 784 2168 841 nisi
2228 795 2280 839 ut

2385 780 2802 854 προσεδέξαντο,
2865 781 3112 850 λέγοντες
3163 785 3260 837 οὐκ
3296 782 3435 837 εἶναι
3492 786 3721 855 πάτριον
3770 788 3916 853 σφίσι,

738 901 949 958 tempus
980 895 1266 948 terrerent,
1293 885 1422 938 dum
1465 882 1678 936 veniret
1710 879 1975 944 Annibal;
2008 879 2127 950 ejus
2175 876 2280 930 ad-

2387 872 2767 943 στρατοπέδων
2806 873 2864 925 ἐν
2906 875 2974 943 τῇ
3018 864 3219 944 Ἰταλίᾳ
3264 874 3430 927 ὄντων
3486 877 3617 935 τισὶ,
3652 878 3917 947 πρεσϐείαν

735 989 898 1034 ventu
945 980 1197 1040 recreati,
1232 976 1537 1044 Scipionem
1579 982 1725 1026 terra
1779 970 2026 1039 marique
2072 968 2280 1023 invase-

2384 963 2703 1033 προσίεσθαι
2724 964 2781 1027 ἐξ
2813 962 2991 1016 αὐτῶν
3026 966 3119 1018 καὶ
3140 966 3496 1036 χρηματίζειν
3532 967 3670 1038 ὑπὲρ
3700 969 3915 1038 εἰρήνης.

734 1082 880 1122 runt.
918 1069 1017 1121 Illo
1045 1082 1176 1120 vero
1205 1064 1607 1134 expostulante,
1644 1074 1824 1130 neque
1848 1059 2145 1128 quidquam
2170 1064 2280 1110 mo«

2385 1054 2651 1124 ’Ὕστερον
2716 1055 2771 1108 δὲ
2820 1055 3135 1124 ἀπάραντος
3182 1056 3275 1108 τοῦ
3319 1074 3376 1110 τε
3428 1057 3674 1110 Ἀννίϐου
3707 1062 3798 1111 καὶ
3838 1060 3915 1109 τοῦ

730 1160 902 1215 derati
934 1158 1125 1228 legatis
1168 1155 1594 1225 responderunt;
1634 1163 1688 1206 et
1719 1152 1979 1205 abeuntes
2006 1164 2105 1219 per
2149 1148 2280 1202 insi-

2383 1147 2667 1214 Μαγῶνος,
2710 1146 2870 1213 λόγου
2924 1145 3073 1214 σφίσι
3115 1148 3425 1217 μετέδωκαν
3466 1149 3562 1202 καὶ
3608 1150 3918 1219 ἐψηφίσαντο

730 1250 848 1303 dias
886 1248 1231 1310 occidissent,
1259 1246 1362 1298 nisi
1398 1244 1625 1297 fortuito
1656 1251 1818 1297 vento
1870 1251 2059 1296 exorto
2104 1247 2280 1294 essent

2382 1238 2483 1298 τὰς
2510 1239 2759 1301 σπονδάς.
2786 1238 3166 1309 Ἐξεχώρησαν
3194 1240 3250 1295 δὲ
3276 1242 3372 1312 τῆς
3401 1242 3633 1304 Ἰταλίας
3679 1242 3708 1294 ὃ
3738 1259 3793 1293 τε
3816 1242 3917 1292 Ἀν-

729 1337 1053 1392 conservati.
1080 1337 1266 1405 Itaque
1298 1334 1479 1401 Scipio
1500 1330 2039 1391 senatusconsultum
2060 1329 2127 1383 de
2154 1342 2280 1398 pace

2383 1326 2537 1389 νίϐας
2565 1328 2660 1382 καὶ
2692 1330 2719 1379 ὁ
2747 1328 2976 1397 Ματὼν,
3005 1332 3064 1383 οὐ
3090 1328 3175 1382 διὰ
3193 1329 3295 1401 τὴν
3323 1331 3614 1401 σύμϐασιν,
3646 1331 3777 1385 ἀλλὰ
3802 1332 3918 1399 προς

728 1430 946 1487 interim
968 1430 1212 1486 allatum.
1237 1442 1342 1480 non
1371 1434 1546 1478 ratum
1573 1423 1784 1478 habuit.
1810 1419 2280 1491 Carthaginienses

2382 1418 2472 1471 τὸν
2496 1417 2635 1471 οἴκοι
2660 1419 2898 1490 πόλεμον
2937 1421 3301 1493 ἐπειγόμενοι.
3327 1424 3392 1477 Ol
3441 1423 3486 1476 δ’
3542 1426 3602 1476 ἐν
3644 1426 3709 1493 τῇ
3762 1422 3916 1492 Λιϐύῃ

725 1536 876 1580 vero,
911 1520 1132 1589 Magone
1160 1518 1212 1571 in
1240 1517 1444 1571 Italiam
1469 1515 1718 1577 remisso,
1759 1512 2078 1567 Annibalem
2112 1526 2280 1566 exer-

2384 1509 2741 1583 Καρχηδόνιοι
2764 1512 2883 1565 ούδέ
2913 1514 3179 1585 πρότερον
3209 1508 3481 1584 είρηναίόν
3505 1530 3559 1566 τι
3594 1513 3916 1585 φρονοῦντες,

728 1612 859 1663 citui
890 1624 1013 1665 cum
1051 1622 1264 1663 summo
1314 1606 1542 1672 imperio
1578 1603 1955 1674 praefecerunt,
1998 1601 2280 1672 repudiato

2384 1602 2474 1653 xui
2502 1603 2626 1672 περὶ
2667 1603 2907 1657 σπονδῶν
2934 1604 3027 1657 ἐπὶ
3052 1608 3119 1677 τῇ
3152 1602 3246 1657 τοῦ
3290 1607 3481 1675 χρόνου
3537 1605 3697 1675 τριϐῇ
3728 1605 3809 1657 διά
3834 1604 3917 1671 τὴν

727 1702 1011 1765 llannone,
1041 1711 1097 1754 et
1142 1698 1446 1753 Asdrubale
1479 1695 1672 1766 capitis
1696 1695 1969 1749 damnato.
1999 1693 2100 1760 Qui
2155 1708 2279 1747 curn

2380 1691 2473 1744 τοῦ
2501 1692 2744 1746 Ἀννίϐου
2778 1696 3084 1765 παρουσίαν
3115 1696 3705 1769 ἐπικηρυκευσάμενοι,
3746 1695 3816 1757 ὡς
3842 1694 3917 1745 τὸν

729 1796 871 1848 ultro
901 1806 1167 1847 venenum
1210 1789 1498 1854 hausisset,
1561 1788 1617 1842 in
1656 1787 1892 1842 cadaver
1916 1788 2038 1856 ejus
2064 1795 2150 1841 est
2178 1800 2280 1840 sa:-

2380 1785 2630 1840 ’Δννίϐαν
2660 1838 2663 1843 ,
2690 1790 3054 1859 πλησιάζοντα
3111 1787 3335 1860 ἔμαθον,
3402 1787 3798 1857 ἀνεθάρσησαν,
3840 1782 3918 1834 καὶ

724 1886 916 1938 vitum.
948 1881 1203 1945 Annibal,
1235 1879 1383 1935 omni
1422 1887 1689 1949 potestate
1718 1855 1960 1946 accepta,
1990 1877 2280 1932 Masinissae

2382 1879 2641 1934 ἐπέθεντο
2669 1883 2747 1951 τῷ
2773 1882 3035 1935 Σκιπίωνι
3068 1881 3207 1934 κατὰ
3235 1880 3338 1950 γῆν
3362 1894 3420 1932 τε
3451 1880 3546 1933 καὶ
3577 1878 3721 1931 κατὰ
3738 1875 3917 1929 θάλασ-

727 1986 950 2040 regnum
988 1970 1295 2039 populatus,
1345 1981 1403 2022 se
1435 1966 1503 2022 ad
1538 1965 1989 2021 committendum
2017 1979 2139 2019 cum
2174 1964 2280 2020 Ro-

2387 1985 2509 2022 σαν.
2541 1972 2811 2025 Κάκείνου
2857 1973 2987 2042 περὶ
3039 1971 3227 2023 τούτου
3276 1971 3461 2033 αὐτοῖς
3522 1969 3917 2038 ἐγκαλιεςςαντο;⁹

726 2059 899 2112 inanis
933 2059 1176 2128 praelium
1214 2065 1390 2126 parat.
1428 2055 1576 2110 Idem
1598 2063 1711 2110 etva
1739 2053 1994 2123 Scipione
2024 2056 2244 2108 factum.

2380 2058 2505 2132 οὔτε
2542 2062 2761 2132 μέτριόν
2790 2081 2841 2115 τι
2888 2065 2998 2125 τοῖς
3064 2061 3358 2133 πρέσϐεσιν
3409 2061 3790 2129 ἀπεκρίναντο,
3837 2054 3919 2108 καὶ

726 2148 1307 2210 ἐπεϐούλευσαναὺτοῐς
1329 2144 1723 2199 ἀποπλεύσασι’
1752 2146 1845 2198 καὶ
1883 2146 1931 2196 εί
1986 2144 2060 2214 μὴ
2117 2146 2331 2218 πνεῦμα
2388 2154 2621 2222 τυχαίως
2682 2154 2894 2223 συμϐὰν
2938 2153 3120 2217 αὐτοῖς
3173 2152 3489 2223 ἐϐοήθησεν,
3529 2150 3801 2203 ἀπώλοντο
3842 2149 3918 2199 ἄν’

728 2242 888 2294 Ὅθεν
918 2242 1012 2294 καὶ
1038 2241 1065 2293 ὁ
1096 2238 1333 2291 Σκιπίων
1371 2238 1429 2291 έν
1454 2236 1632 2305 τούτῳ
1682 2236 1777 2305 τῆς
1814 2236 1996 2306 ψήφου
2022 2236 2120 2305 τῆς
2150 2240 2276 2306 περὶ
2314 2244 2411 2311 τῆς
2468 2244 2693 2312 εἰρήνης
2744 2244 3097 2315 κομισθείσης
3148 2244 3332 2297 οὐκέτι
3405 2242 3576 2313 αὐτὴν
3625 2237 3914 2309 ἐποιήσατο.

726 2334 791 2387 Ui
818 2330 910 2387 οὖν
943 2331 1301 2402 Καρχηδόνιοι
1326 2329 1418 2383 τὸν
1461 2329 1559 2398 μὲν
1582 2327 1829 2396 Μαγῶνα
1888 2328 1970 2388 είς
2013 2327 2115 2397 τὴν
2170 2329 2403 2386 Ἰταλίαν
2463 2336 2808 2405 ἀνέπεμψαν,
2838 2335 2928 2389 τὸν
2949 2336 2993 2389 δ’
3054 2335 3302 2389 Ἀννίϐαν
3336 2334 3711 2404 αὐτοκράτορα
3775 2347 3919 2398 στρα-

723 2429 885 2497 τηγὸν
902 2426 1208 2490 ἀπέδειξαν,
1237 2422 1325 2477 τὸν
1354 2423 1602 2477 Ἀννωνσ,
1626 2422 1725 2492 τῆς
1753 2421 1925 2492 ἄρχῆς
1956 2422 2279 2485 παύσαντες.
2318 2424 2421 2477 Τὸν
2475 2426 2519 2478 δ’
2548 2427 2887 2498 ⁸’Δσδρούϐαν
2919 2430 3011 2481 καὶ
3038 2427 3355 2481 ἀποκτεῖναι
3414 2410 3765 2495 ἐψηφίσαντο,
3790 2439 3916 2489 φαρ-

726 2528 884 2596 μάκῳ
911 2524 967 2577 δὲ
1003 2519 1261 2583 ἑκουσίως
1297 2518 1596 2590 φθαρέντα,
1644 2515 1739 2571 καὶ
1766 2518 1958 2586 νεκρὸν
2009 2516 2291 2587 ᾐκίσαντο.
2332 2518 2583 2586 Ἀννίϐας
2638 2524 2739 2592 μὲν
2793 2519 2888 2576 οὖν
2914 2534 2924 2538 ‘
2949 2524 3127 2577 πᾶσαν
3157 2525 3256 2592 τὴν
3298 2522 3594 2591 ἠγεμονίαν
3629 2516 3820 2580 λαϐὼν,
3848 2522 3914 2578 είς

724 2620 821 2691 τὴν
848 2619 1185 2673 Μασινίσσου
1207 2615 1394 2687 χώραν
1416 2613 1637 2667 ἐνέϐαλε
1681 2612 1778 2666 καὶ
1836 2614 2039 2667 ἐκάκου
2089 2614 2280 2684 αὐτὴν,
2321 2617 2413 2669 καὶ
2467 2621 2579 2682 τοῖς
2641 2618 2934 2689 Ῥωμαίοις
2995 2617 3339 2689 μαχέσασθαι
3378 2614 3896 2688 ήτοιμάζετο.⁹Δνῦη

723 2708 1117 2780 τοιμάζοντοδέ
1161 2708 1258 2760 καὶ
1291 2710 1342 2759 οἱ
1369 2705 1462 2758 τοῦ
1494 2704 1815 2767 Σκιπίωνος.

794 2779 927 2858 XIV.
964 2803 1238 2856 Romanos
1269 2808 1451 2854 autem
1472 2800 1748 2869 paenituit,
1781 2800 1923 2869 quod
1952 2799 2276 2855 Annibalem

2455 2799 2549 2853 ω’.
2586 2801 2710 2853 οιδ’
2727 2802 2783 2853 ιν
2812 2803 2877 2871 τῇ
2921 2801 3107 2873 Ῥώμῃ
3162 2779 3625 2873 μὲτεμέλοντοὸτι
3673 2797 3746 2867 μὴ
3792 2796 3913 2849 ἐκώ-

724 2896 869 2951 ltalia
903 2892 1246 2956 emisissent;
1282 2906 1444 2964 quem
1478 2898 1539 2946 ut
1583 2891 1638 2945 in
1680 2890 1860 2947 Africa
1914 2907 2029 2945 rem
2089 2907 2279 2962 gerere

2381 2891 2547 2942 λυσαν
2572 2890 2663 2941 τὸν
2697 2889 2943 2943 ’Δννίϐαν
2972 2888 3287 2943 ἐκπλεῦσαι.
3328 2889 3414 2951 Ὠς
3440 2889 3624 2957 μέντοι
3665 2888 3729 2939 τὰ
3768 2888 3823 2938 ἐν
3854 2887 3913 2954 τῇ

726 2988 1056 3050 didicerunt,
1093 2984 1275 3038 denuo
1302 2983 1446 3037 haud
1479 2983 1827 3037 mediocriter
1848 2981 2145 3050 perterriti,
2195 2981 2277 3035 al-

2380 2980 2555 3052 Λιϐύῃ
2579 2981 2980 3048 συγκροτοῦντα
3008 2980 3406 3051 αὐτὸνέμαθον.
3433 2980 3493 3033 ού
3519 2978 3753 3049 μετρίως
3773 2976 3912 3037 αὖθις

728 3088 903 3132 terum
952 3074 1230 3132 consulem
1276 3073 1356 3129 Cl.
1394 3073 1660 3128 Neronem
1700 3082 1888 3158 contra
1940 3086 2065 3127 eum
2118 3071 2279 3125 mise-

2380 3071 2647 3125 ἐδεδίεσαν
2670 3089 2682 3102 ο
2715 3072 2796 3124 διὸ
2821 3074 2914 3124 καὶ
2942 3070 3205 3125 Κλαύδιον
3250 3074 3349 3141 μὲν
3385 3071 3613 3141 Νέρωνα
3628 3070 3719 3123 τον
3742 3070 3912 3137 ἕτερον

730 3182 873 3230 runt.
930 3166 1106 3221 Marco
1139 3163 1369 3220 Servilio
1421 3164 1588 3218 Italize
1631 3162 1946 3217 defensione
2000 3161 2274 3216 mandata.

2380 3163 2487 3215 τῶν
2520 3163 2744 3215 ὑπάτων
2773 3162 2857 3215 ἐπ’
2882 3162 3043 3216 αὐτὸν
3075 3162 3347 3231 ἔπεμψαν,
3374 3163 3588 3232 Μάρκῳ
3616 3162 3673 3214 δέ
3704 3162 3909 3230 Σερουϊ-

730 3260 927 3313 \'cruin
954 3258 1096 3311 Nero
1116 3266 1340 3325 propter
1368 3256 1602 3309 hiemem
1630 3255 1685 3307 in
1716 3254 1867 3309 Italia
1914 3262 1970 3308 et
2021 3253 2271 3307 Sardinia

2380 3253 2475 3325 λίῳ
2503 3255 2600 3325 τὴν
2626 3255 2725 3323 τῆς
2748 3253 2979 3316 Ἰταλίας
3004 3253 3248 3323 φυλακην
3281 3253 3763 3323 προσεκλὴρωσαν.
3782 3250 3911 3305 Ἀλλ’

726 3358 991 3413 moratus,
1026 3346 1079 3401 in
1112 3346 1347 3400 Africam
1383 3348 1666 3413 pervenire
1695 3359 1803 3397 non
1838 3344 2034 3413 potuit.
2065 3341 2270 3397 Deinde

725 3458 794 3496 ne
826 3442 961 3494 ultra
1001 3438 1242 3493 Siciliam
1273 3436 1494 3507 quidem
1519 3434 1804 3505 processit.
1829 3433 2012 3488 audita
2065 3433 2279 3501 Scipio-
2328 3418 2333 3431 ί

726 3535 813 3586 nis
851 3532 1096 3590 victoria,
1140 3528 1234 3596 qui
1276 3528 1483 3582 veritus
1525 3526 1686 3591 ne,si
1712 3525 2276 3588 antevertissethro,

724 3620 969 3675 laborum
996 3631 1218 3671 suorum
1248 3616 1487 3685 gloriam
1517 3615 1891 3684 interciperet,
1924 3615 2100 3683 primo
2146 3628 2277 3667 vere

724 3710 1067 3774 Annibalem,
1098 3706 1283 3762 audita
1313 3706 1606 3761 Masinissa:
1635 3705 1805 3772 clade,
1859 3704 2076 3759 invasit.
2111 3702 2277 3758 Anni-

730 3805 817 3857 bal
848 3817 975 3857 vero
1010 3800 1279 3869 Scipionis
1305 3798 1545 3853 adventu
1574 3798 1811 3869 cognito,
1845 3808 1901 3853 et
1926 3799 2042 3867 ipse
2092 3798 2143 3853 ei
2183 3812 2276 3852 oc-

724 3895 918 3948 currit.
943 3893 1019 3946 lta
1046 3891 1244 3957 castris
1272 3904 1303 3944 e
1344 3890 1565 3957 regione
1594 3890 1808 3959 positis,
1831 3904 1941 3943 non
1976 3889 2156 3943 statim
2210 3888 2275 3943 ad

730 4000 922 4039 manus
954 3993 1239 4045 venerunt,
1272 3981 1366 4036 sed
1396 3982 1511 4035 dies
1550 3981 1856 4049 complures
1889 3980 2106 4042 morati,
2132 3991 2280 4033 uter-

726 4087 833 4145 que
856 4074 1056 4127 milites
1076 4087 1205 4127 suos
1223 4073 1289 4126 ad
1315 4083 1545 4141 pugnam
1574 4081 1660 4126 est
1702 4071 2039 4126 cohortatus.
2073 4070 2143 4125 Ut
2178 4085 2277 4123 au-

731 4177 835 4221 tem
861 4161 1099 4234 Scipioni
1128 4170 1341 4230 tempus
1367 4176 1472 4213 non
1496 4162 1700 4215 diutius
1730 4170 1907 4215 terere
1947 4160 2123 4214 visum
2170 4168 2273 4221 est,

731 4269 785 4311 et
841 4256 1158 4310 Annibalem
1195 4254 1279 4308 vel
1328 4252 1557 4307 invitum
1612 4251 1679 4305 ad
1720 4260 1995 4305 certamen
2052 4252 2277 4311 elicere,

732 4345 942 4401 Uticam
966 4346 1070 4400 iter
1098 4344 1365 4408 intendit;
1400 4350 1460 4396 ut
1485 4357 1610 4397 cum
1637 4341 1830 4395 timere
1868 4350 1925 4394 et
1949 4340 2135 4411 iugere
2160 4354 2281 4393 cre-

734 4438 976 4498 deretur,
1024 4436 1101 4489 rei
1151 4434 1398 4504 gerenda:
1432 4434 1769 4488 occasionem
1811 4431 2077 4487 haberet:
2116 4432 2280 4502 idque

732 4531 932 4582 factum
960 4536 1067 4580 est.
1113 4524 1346 4578 Annibal
1394 4524 1537 4577 enim
1584 4539 1707 4576 eum
1764 4523 1950 4591 fugere
2002 4524 2275 4592 opinatus,

736 4618 1051 4688 maioreque
1084 4615 1277 4670 liducia
1310 4614 1433 4668 inde
1456 4621 1829 4684 sumpta,cum
1857 4612 1986 4667 solis
2001 4613 2279 4681 equitibus

731 4724 856 4762 eum
882 4724 914 4761 a
950 4718 1103 4776 tergo
1125 4715 1210 4760 est
1234 4715 1572 4775 persecutus.
1616 4704 1817 4773 quibus
1852 4701 2033 4771 Scipio
2084 4711 2279 4771 prater

730 4801 1187 4868 exspectationem
1210 4798 1432 4863 restitit,
1465 4799 1639 4866 iisque
1677 4794 1993 4866 proﬂigatis,
2024 4809 2279 4863 persecu-

738 4892 887 4943 tione
914 4890 1131 4951 ouiissa,
1167 4887 1548 4956 impedimenta
1577 4902 1697 4956 qua:
1743 4888 1799 4940 in
1852 4888 1939 4940 via
1986 4896 2144 4941 erant
2194 4882 2281 4940 in-

737 4980 968 5049 tercepit
1004 4978 1203 5033 omnia.
1236 4976 1357 5030 Ilaec
1394 4977 1686 5031 turbarunt
1731 4976 2075 5038 Annibalem,
2116 4984 2279 5043 atque

734 5073 865 5126 illud
892 5072 1078 5133 etiam,
1105 5068 1264 5140 ω
1292 5070 1433 5137 quod
1477 5067 1659 5137 Scipio
1689 5077 1799 5121 tres
1830 5068 2195 5135 exploratores
2221 5068 2277 5119 in

741 5162 935 5216 castris
956 5162 1072 5215 suis
1095 5159 1486 5229 deprehensos,
1527 5158 1746 5227 impune
1761 5156 2058 5211 dimiserat.
2085 5156 2129 5210 E
2150 5172 2286 5226 quo-

739 5264 857 5303 rum
884 5263 991 5302 uno
1027 5263 1151 5301 cum
1179 5247 1478 5311 didicisset,
1510 5245 1640 5314 quid
1666 5247 1722 5300 in
1756 5246 1948 5301 castris
1989 5254 2169 5298 actum
2197 5260 2283 5298 es-

737 5348 821 5393 set
847 5338 977 5408 (duo
996 5340 1142 5392 enim
1165 5339 1306 5392 ultro
1321 5336 1464 5407 apud
1500 5336 1768 5390 Romanos
1797 5340 2128 5407 manserant)
2153 5353 2282 5406 per-

742 5430 927 5483 culsus
953 5436 1060 5493 est,
1084 5442 1260 5497 neque
1292 5429 1527 5498 amplius
1564 5426 1842 5481 decertare
1872 5442 2056 5492 ausus,
2088 5444 2280 5496 quam-

740 5520 977 5587 primum
1002 5531 1188 5587 pacem
1230 5518 1409 5573 facere
1442 5516 1715 5577 “decrevit.
1753 5526 1830 5580 ut,
1860 5532 1922 5570 ea
1973 5533 2081 5570 non
2112 5518 2283 5586 impe-

739 5620 896 5673 trata,
919 5623 1068 5663 mora
1089 5609 1278 5664 saltem
1308 5609 1484 5677 aliqua
1511 5618 1565 5663 et
1594 5610 1823 5664 inducite
1856 5609 2280 5665 intercederent.

737 5699 1014 5755 Masinissa
1044 5700 1230 5771 igitur,
1257 5708 1315 5752 ut
1338 5701 1579 5767 populari
1608 5716 1707 5755 suo
1740 5702 2117 5767 intercessore,
2152 5716 2275 5754 cum

626 5819 632 5826 .
737 5786 987 5845 Scipione
1020 5789 1493 5849 ςουοςυωε,ιιιέιιι
1542 5789 1869 5853 impetravit.
1919 5792 2049 5847 Nam
2096 5792 2279 5857 Scipio

2381 3344 2480 3396 οὐκ
2517 3343 2754 3414 ἠδυνήθη
2782 3344 2810 3395 ό
2841 3342 3034 3413 Νέρων
3070 3344 3149 3405 είς
3182 3342 3392 3412 Λιϐύην
3422 3342 3618 3405 ἐλθεῖν,
3664 3344 3764 3395 ὑπὸ
3813 3360 3912 3412 χει-

2382 3434 2555 3501 μῶνος
2579 3436 2637 3486 ἐν
2661 3434 2861 3505 Ἰταλίᾳ
2887 3434 3162 3504 χρονίσας.
3201 3435 3293 3487 καὶ
3316 3436 3375 3488 ἐν
3405 3435 3619 3505 Σαρδοῖ.
3642 3432 3775 3488 Εἶτα
3804 3435 3909 3486 οὐδὲ

2378 3527 2691 3594 περαιτέρω
2708 3526 2809 3596 τῆς
2839 3526 3088 3588 Σικελίας
3116 3525 3385 3597 ἐχώρησε,
3411 3531 3788 3597 κεκρατηκότα
3820 3538 3919 3594 μαι

2378 3615 2483 3668 θὼν
2498 3618 2587 3669 τὸν
2616 3618 2911 3673 Σκιπίωνα.
2960 3620 3019 3673 '0
3049 3620 3152 3685 γὰρ
3190 3620 3431 3673 Σκιπίων
3460 3619 3643 3681 δείσας
3670 3618 3743 3687 μὴ
3781 3621 3911 3669 ἐπει-

2375 3709 2523 3776 χθεὶς
2588 3709 2616 3759 ὁ
2671 3709 2865 3780 Νέρων
2914 3708 3022 3763 τῶν
3070 3710 3232 3764 αὐτοῦ
3292 3711 3469 3762 πόνων
3537 3709 3634 3777 τὴν
3678 3707 3911 3759 εὔκλειαν

2379 3798 2780 3869 σφετερίσηται,
2843 3798 2936 3852 τοῦ
2996 3799 3155 3871 ἐαρος
3215 3798 3641 3869 ἐπιλάμψαντος,
3685 3798 3776 3850 ἐπὶ
3832 3795 3911 3847 τὸν

2375 3890 2623 3943 Ἀννίϐαν
2651 3890 2918 3960 ἐχώρησε,
2966 3891 3150 3961 μαθὼν
3195 3893 3274 3946 ὅτι
3324 3892 3417 3945 τὸν
3458 3890 3794 3945 Μασινίσσαν
3824 3888 3911 3939 ἐνί-

2378 3998 2531 4048 κησε.
2587 3980 3008 4044 Καὶό-’Δννίϐας
3029 3982 3105 4043 ώς
3130 3981 3325 4051 ᾔσθετο
3356 3983 3648 4050 προσιόντα
3674 3980 3764 4033 τὸν
3793 3979 3908 4030 Σκι-

2378 4073 2577 4128 πίωνα.
2609 4074 3025 4142 προαπήντησεν
3072 4074 3238 4143 αὐτῷ.
3274 4076 3382 4128 Καὶ
3412 4072 3906 4146 ἀντιστρατοπεδευ-

2380 4164 2601 4229 σάμενοι
2656 4164 2754 4215 οὐκ
2805 4164 2965 4225 εὐθὺς
3008 4166 3085 4225 είς
3157 4168 3343 4235 χεῖρας
3390 4160 3573 4234 ἦλθον.
3626 4166 3826 4234 Συχνας
3868 4160 3908 4212 δ’

2378 4254 2582 4321 ἡμέρας
2620 4253 2917 4322 διέτριψαν,
2961 4255 3053 4307 καὶ
3091 4254 3319 4317 ἕκαστος
3339 4254 3417 4325 τῷ
3443 4254 3628 4326 οἰκείῳ
3659 4254 3903 4323 διειλέχθη

2380 4345 2781 4411 στρατεύματι,
2818 4346 2911 4397 καὶ
2966 4345 3100 4413 πρὸς
3134 4347 3231 4417 τὴν
3265 4348 3443 4417 μάχην
3475 4347 3624 4417 αὒτῷ
3651 4334 3905 4417 παρεθάρ-

2379 4438 2558 4506 ρυνεν.
2615 4436 2700 4497 Ὠς
2739 4435 2783 4488 δ’
2806 4435 2948 4500 εδοξε
2985 4436 3062 4505 τῷ
3095 4437 3358 4493 Σκιπίωνι
3407 4438 3482 4509 μὴ
3510 4440 3797 4510 διατρίϐειν
3815 4439 3902 4500 ἔτι,

2382 4522 2519 4578 ἀλλὰ
2542 4525 2633 4579 καὶ
2663 4525 2862 4579 ἄκοντα
2889 4527 2983 4580 τὸν
3011 4526 3262 4580 ’Δννίϐαν
3302 4530 3381 4590 είς
3422 4528 3513 4581 τὸν
3541 4528 3727 4597 ἀγῶνα
3758 4546 3903 4599 προα-

2383 4617 2590 4683 γαγεῖν,
2624 4615 2715 4667 ἐπὶ
2743 4618 2841 4684 τὴν
2872 4616 3105 4686 Οὖτικὴν
3147 4615 3427 4688 ὥρμησεν,
3460 4616 3547 4670 τνα
3572 4617 3794 4671 δεδιέναι
3825 4619 3902 4671 καὶ

2379 4706 2601 4773 φεύγειν
2638 4706 2815 4772 δόξας,
2848 4708 3001 4779 σχοίη
3026 4707 3216 4780 καιρὸν
3241 4709 3557 4776 ἐπιθέσεως,
3606 4710 3637 4763 δ
3684 4714 3771 4765 καὶ
3802 4711 3903 4778 ἐτί-

2380 4810 2519 4846 νετο.
2552 4795 2637 4859 Ὀ,
2657 4796 2765 4862 γὰρ
2792 4786 3037 4858 ’Ᾰννίϐας
3056 4798 3275 4865 φεύγειν
3295 4799 3456 4852 αὑτὸν
3476 4801 3699 4870 οἰηθεὶς,
3724 4803 3811 4854 καὶ
3826 4803 3901 4852 ἐπὶ

2379 4885 2540 4939 πλέον
2578 4885 2825 4939 ἐντεῦθεν
2855 4886 3155 4957 θαρσήσας,
3189 4891 3443 4956 ἐπεδίωξε
3481 4895 3664 4959 μόνοις
3698 4896 3797 4952 τοῖς
3831 4894 3901 4942 i1-

2380 4977 2538 5030 πεῦσι
2565 4977 2705 5032 κατὰ
2736 4977 2927 5031 νώτου.
2964 4979 3072 5033 Καὶ
3097 4980 3123 5031 ό
3150 4979 3390 5034 Σκιπίων
3412 4981 3646 5052 ἀντέστη
3675 5000 3729 5035 τε
3746 4983 3900 5041 αὐτοῖς

2555 5058 2710 5134 δόξαν
2734 5072 2827 5123 καὶ
2846 5070 3134 5139 συμϐαλὼν
3162 5052 3400 5143 ἐνίκηδσε.
3427 5071 3641 5143 Τρέψας
3668 5075 3712 5128 δ’
3730 5075 3898 5133 αὐτοις

2382 5160 2480 5212 οὐκ
2508 5162 2679 5213 ἐπὶτὸ
2701 5160 2918 5213 διώκειν
2982 5164 3141 5229 σφᾶς,
3177 5162 3313 5217 ἀλλὰ
3353 5163 3445 5216 ἐπὶ
3497 5164 3567 5217 τὰ
3622 5165 3898 5232 σκευοφόρα

2382 5250 2560 5302 αὐτῶν
2588 5252 2707 5304 καθ’
2754 5252 2872 5303 ὁδὸν
2915 5252 3251 5321 τυγχάνοντα
3293 5252 3545 5325 ὥρμησε,
3590 5259 3688 5316 καὶ
3748 5242 3897 5309 πάντα

2384 5342 2663 5393 συνέλαϐε.
2702 5341 2881 5394 Ταῦτα
2897 5342 2987 5393 τὸν
3016 5341 3264 5395 Ἀννίϐαν
3299 5346 3553 5415 ἐτάραξε,
3593 5349 3690 5400 καὶ
3719 5346 3793 5397 ἐτι
3831 5346 3896 5396 ὅτι

2384 5432 2761 5495 κατασκόπους
2797 5430 2960 5483 αὑτοῦ
3000 5436 3148 5503 τρεῖς
3181 5438 3239 5488 ἐν
3263 5436 3337 5505 τῷ
3365 5417 3709 5505 στρατοπέδῳ
3737 5438 3763 5487 ό
3794 5436 3895 5487 Σκι-

2382 5524 2516 5574 πίων
2552 5522 2745 5592 εὐρὼν,
2776 5522 2929 5574 οὐδὲν
2956 5522 3124 5578 δεινὸν
3156 5526 3337 5587 αὐτοῖς
3370 5527 3689 5595 πεποίηκεν.
3721 5527 3895 5581 Μαθὼν

2381 5614 2488 5683 γάρ
2522 5613 2652 5680 παρ’
2678 5612 2793 5673 ἐνὸς
2818 5613 2995 5667 αὐτῶν
3052 5617 3080 5668 ό
3136 5614 3383 5677 Ἀννίϐας
3424 5615 3486 5675 τὸ
3534 5624 3893 5688 πεπραγμένον

2382 5704 2449 5771 (οἱ
2494 5703 2602 5772 γὰρ
2661 5702 2771 5755 δύω
2834 5702 2983 5773 παρὰ
3055 5709 3167 5769 τοῖς
3202 5705 3487 5776 Ῥωμαίοις
3543 5713 3723 5779 μεῖναι
3791 5708 3896 5775 ήθέ·

2381 5795 2572 5856 λησαν)
2632 5794 2943 5862 κατεπλάγη
2964 5834 2981 5861 ,

3078 5798 3167 5850 καὶ
3242 5797 3667 5854 διακινδυνεῦσαι
3742 5796 3893 5852 οὐκέτι
