4012 6330
110 463 198 527 ’ῖ53

1329 454 1629 517 ANNALU

1768 453 1918 513 Lm.
1964 454 2066 512 IX.
3176 450 3310 512 7512'

107 571 380 643 οαρρἠας,
425 570 750 626 σπείσασθαι
777 571 858 624 ὅτι
899 571 1127 642 τάχιστα
1160 569 1318 638 ἔγνω,
1350 570 1417 622 ίν⁹
1469 569 1517 621 εἰ
1559 569 1629 636 μὴ

1737 581 1912 634 neque
1941 580 2128 632 aspere
2150 577 2322 631 nequc
2343 560 2623 631 perspicue
2645 559 2955 627 respondit;
2985 559 3076 614 sed
3101 576 3287 629 quam—

106 663 236 714 τοῦτο
271 661 532 730 συμϐαίη,
584 660 775 731 τριϐὴν
833 660 970 722 τέως
1014 660 1136 713 τινὰ
1187 659 1476 729 πορίσηται
1540 659 1631 711 καὶ

104 753 363 821 ειακωχὴν.
402 752 632 820 Πέμψας
681 747 774 804 οὖν
823 750 958 820 πρὸς
1014 749 1103 802 τὸν
1168 750 1533 811 Μασινίσσαν,
1564 748 1631 799 δι’

106 842 285 892 ἐκείνου
313 844 388 902 ὡς
412 842 687 911 ὁμοφύλου
712 842 810 906 τὰς
835 841 1066 904 σπονδὰς
1098 839 1299 911 ᾔτησε·
1346 841 1438 892 καὶ
1501 836 1629 910 ἦ).οε

105 932 186 996 μὲν
221 933 271 992 ἐς
301 932 494 998 λόγους
547 934 624 1002 τῷ
674 933 954 997 Σκιπίωνι,
991 930 1191 1003 ἔπραξε
1224 931 1280 984 δὲ
1326 931 1495 986 οὐδέν.
1571 933 1630 977 ’1)

102 1025 190 1091 γὰρ
221 1025 459 1076 Σκιπίων
491 1024 612 1077 οὔτε
634 1028 806 1094 τραχὺ
837 1025 960 1077 οὔτε
988 1043 1038 1077 τι
1075 1025 1242 1091 σαφὲς
1277 1023 1628 1092 ἀπεκρίνατο,

101 1113 213 1164 ἀλλὰ
241 1115 292 1165 τὸ
323 1114 426 1181 μὲν
473 1116 593 1167 ὅλον
631 1116 944 1183 ἐμέσευσεν,
980 1116 1386 1186 ἐπιεικέστερον
1414 1116 1456 1166 δ’
1486 1118 1630 1184 ὅμως

100 1203 365 1272 διειλέχθη,
399 1206 547 1268 ὅπως
591 1206 752 1260 αὑτὸν
775 1206 849 1269 ὡς
873 1207 967 1260 καὶ
996 1208 1350 1274 σπεισόμενος
1390 1210 1467 1267 είς
1498 1207 1632 1274 ἀμέ-

99 1293 224 1343 λειαν
277 1295 611 1365 προαγάγῃ,
677 1295 706 1347 ὃ
756 1295 850 1348 καὶ
906 1295 1236 1366 συμϐέϐηκε.
1289 1296 1483 1366 Μὰχης
1534 1298 1630 1364 μὶν

99 1384 186 1450 γᾶρ
217 1386 334 1448 περὶ
362 1386 514 1438 οὐδὲν
550 1388 578 1439 6
612 1387 857 1451 Ἀννίϐας
883 1390 1151 1457 ἐνενόησε,
1193 1406 1625 1458 μεταστρατοπε-

96 1473 361 1526 δεύσασοαι
395 1476 450 1528 δὲ
479 1478 559 1537 εἰς
592 1477 789 1547 χωρίον
817 1480 1250 1548 ὲπιτηδειότερόν
1279 1499 1330 1531 τι
1353 1480 1624 1548 ἧῦἐλεσεν-

97 1564 170 1627 Ἐξ
194 1567 506 1634 αὐτομόλων
535 1567 594 1619 δὲ
624 1567 780 1620 τοῦτο
836 1570 1022 1638 μαθὼν
1065 1572 1092 1621 ὁ
1125 1571 1383 1633 Σκιπίων,
1439 1571 1599 1639 προῖξ
1619 1599 1630 1607 -

98 1655 268 1724 ανέστη
300 1658 649 1745 νυκτὸςφιαὶ
675 1661 905 1728 κατέσχε
924 1660 1013 1712 τὸν
1038 1661 1201 1712 τόπον
1229 1662 1308 1722 είς
1337 1661 1395 1712 ὃν
1425 1663 1630 1723 ἐκεῖνος

96 1745 351 1812 ἠπείγετο.
399 1746 491 1799 Ἐν
524 1749 706 1817 χωρίῳ
737 1749 793 1802 δέ
829 1767 934 1803 τινι
964 1750 1128 1821 κοίλῳ
1159 1750 1248 1804 καὶ
1272 1752 1628 1820 ἀνεπιτηδείῳ

97 1837 211 1902 πρὸς
234 1838 691 1908 στρατοπεδευσιν
719 1844 1033 1911 γενομένοις
1079 1845 1191 1904 τοῖς
1241 1844 1628 1913 Καρχηδονίοις

96 1928 308 1998 ἐπεφάνη
341 1929 627 1996 αίφνίδιον.
671 1931 728 1983 Ὀ
781 1932 826 1984 δ’
875 1933 1124 1996 ’Δννίϐας
1183 1935 1474 2003 συμϐαλεῖν
1525 1938 1625 1990 οὐκ

95 2018 324 2088 ἠθέλησε.
363 2022 932 2092 Στρατοπεδευόμενος
963 2025 1010 2076 δ’
1033 2027 1151 2078 ἐκεῖ
1174 2029 1264 2078 καὶ
1293 2029 1625 2098 φρεωρυχῶν

95 2110 486 2181 ὲταλαιπὼρησε
516 2114 603 2167 διὰ
637 2115 816 2184 πάσης
843 2118 939 2185 τῆς
965 2117 1176 2180 νυκτὸς,
1201 2118 1294 2170 καὶ
1324 2118 1494 2182 οὕτως
1527 2137 1627 2173 κα-

96 2200 187 2260 κῶς
213 2201 408 2264 αὐτοὺς
435 2201 656 2271 ἔχοντας
691 2204 794 2256 ὑπὸ
825 2207 1068 2273 καμάτου
1100 2208 1193 2261 καὶ
1247 2208 1425 2278 δίψης,
1495 2227 1628 2276 κατ-

96 2293 350 2358 ηνάγκασε
381 2295 471 2347 καὶ
515 2296 745 2359 ἄκοντας
795 2298 822 2349 ό
880 2297 1116 2350 Σκιπίων
1151 2299 1415 2369 συμμίξαι
1457 2301 1625 2370 αὐτῷ.

97 2382 372 2436 Συνέϐαλον
397 2383 489 2437 οὖν
522 2385 573 2438 οί
606 2385 705 2453 μὲν
749 2385 1006 2455 Ῥωμαῖοι
1067 2391 1482 2457 συντεταγμένοι
1535 2393 1628 2444 καὶ

97 2476 362 2544 πρόθυμοι,
395 2475 645 2538 Ἀννίϐας
666 2477 721 2528 δὲ
749 2477 840 2529 καὶ
858 2476 907 2526 οί
936 2477 1295 2547 Καρχηδόνιοι
1322 2478 1629 2549 ἁπρόΟυμοί

81 2571 139 2616 τε
171 2568 256 2619 καὶ
284 2568 824 2638 καταπεπληγμένοι,
848 2569 942 2621 καὶ
973 2570 1037 2621 δι’
1067 2570 1226 2641 ἕτερα
1257 2571 1352 2625 καὶ
1402 2572 1484 2624 ὅτι
1537 2578 1629 2628 καὶ

95 2661 282 2728 ὀῆλιος
315 2661 830 2731 σύμπας’ἐξέλιπεν.
877 2663 974 2715 Ἐκ
1026 2664 1127 2733 γὰρ
1167 2665 1274 2717 τῶν
1321 2666 1496 2720 ἄλλων
1537 2670 1630 2722 καὶ

95 2750 230 2802 τοῦτο
255 2752 354 2802 οὐκ
384 2751 562 2803 αίσιόν
590 2769 642 2803 τι
697 2753 1032 2822 προμηνύειν
1084 2755 1267 2822 σφίσιν
1305 2757 1333 2806 6
1388 2757 1631 2822 Ἀννίϐας

96 2840 450 2894 ὑπώπτευσεν.
484 2841 639 2895 Οὕτω
663 2842 707 2895 δ’
726 2842 939 2913 ἔχοντες
963 2845 1086 2907 τοὺς
1107 2846 1403 2914 ἐλέφαντας
1423 2850 1630 2904 ἑαυτῶν

95 2934 452 3000 προεϐάλοντο.
495 2935 603 2987 Καὶ
632 2936 681 2988 οί
746 2933 1003 3006 Ῥωμαῖοι
1064 2938 1202 3006 μέγα
1234 2939 1489 3010 ἐξαίφνης
1540 2942 1633 2996 καὶ

93 3026 512 3094 καταπληκτικδν
560 3027 882 3096 ἀνεϐόησαν.
933 3030 1024 3080 καὶ
1069 3031 1166 3092 τὰς
1218 3033 1450 3096 ἀσπίδας
1521 3037 1634 3097 τοῖς

97 3111 261 3180 δόρασι
290 3113 620 3182 κρούσαντες
656 3115 809 3186 ουμῷ
830 3120 922 3169 καὶ
960 3117 1142 3186 δρόμῳ
1185 3120 1276 3171 ἐπὶ
1336 3122 1460 3184 τοὺς
1510 3123 1631 3174 ἐλέ-

1739 657 1820 709 vis
1848 655 2072 707 omnino
2116 655 2352 706 tncdium
2384 652 2654 722 quoddam
2687 663 2915 714 teneret,
2966 661 3141 705 tamen
3189 653 3288 703 hu-

1736 746 1949 798 manius
1977 745 2251 806 disseruit,
2289 753 2345 796 ut
2375 759 2496 796 cum
2530 757 2622 812 spe
2652 742 2799 811 pacis
2841 743 3284 809 negligentiorem

1735 836 2006 896 redderet,
2038 837 2197 904 idque
2227 836 2450 888 accidit.
2491 835 2623 888 Cum
2658 834 2802 886 enim
2849 833 3162 886 Annibalem
3220 833 3286 884 de

1734 944 1909 997 pugna
1941 929 2159 981 minime
2184 929 2530 996 cogitantem,
2562 938 2737 980 castra
2766 925 2818 978 in
2843 926 3019 979 locum
3044 942 3286 977 conuiuio-

1731 1022 1940 1074 diorem
1969 1021 2260 1074 transferre
2281 1020 2418 1072 velle
2445 1035 2509 1072 ex
2552 1018 2842 1086 transfugis
2896 1017 3241 1069 intellexisset
3268 1058 3283 1081 ,

1731 1127 1893 1168 noctu
1925 1117 2046 1169 loco
2074 1130 2161 1176 eo,
2203 1129 2311 1183 quo
2355 1114 2446 1168 ille
2489 1113 2831 1182 properabat,
2886 1118 3282 1178 praeoccupato,

1728 1205 2275 1273 Carthaginiensibus
2299 1205 2351 1256 in
2380 1202 2644 1263 convalle,
2673 1201 2865 1273 castris
2893 1200 3032 1252 haud
3069 1199 3283 1252 idonea.

1730 1296 2100 1359 versantibus,
2131 1311 2196 1348 ex
2226 1293 2521 1362 improviso
2552 1308 2609 1346 sc
2635 1271 2898 1346 ostendit.
2944 1293 3010 1344 At
3053 1291 3284 1344 Annibal

1731 1385 2032 1439 detrectata
2060 1400 2258 1455 pugna,
2297 1383 2490 1437 castris
2527 1382 2597 1436 ibi
2633 1382 2943 1434 muniendis
3000 1393 3056 1434 et
3110 1383 3288 1447 puteis

1731 1477 2000 1532 fodicndis
2041 1494 2137 1546 per
2194 1487 2360 1531 totam
2402 1483 2610 1529 noctem
2667 1472 2767 1526 fuit
2817 1482 3134 1541 occupatus,
3179 1487 3286 1538 qua

1728 1586 1969 1625 aerumna
1994 1572 2243 1639 fatigatos
2258 1579 2314 1623 et
2337 1569 2582 1623 sitientes
2617 1566 2800 1636 Scipio
2823 1566 2906 1617 vel
2934 1565 3130 1617 invitos
3149 1565 3288 1617 inire

1732 1661 1974 1729 praelium
2004 1659 2201 1727 coegit.
2228 1657 2671 1726 Congrediuntur
2701 1658 2844 1710 inter
2885 1670 3022 1716 sese,
3059 1654 3286 1708 Romani

1731 1752 1982 1806 instructi
2013 1763 2068 1806 et
2098 1753 2327 1812 alacres,
2360 1749 2589 1805 Annibal
2611 1759 2665 1803 et
2695 1746 3169 1816 Carthaginienses
3203 1747 3284 1798 iu-

1729 1844 1848 1903 viti.
1881 1854 1934 1898 et
1963 1853 2160 1912 praeter
2197 1844 2301 1897 alia
2324 1844 2486 1898 etiam
2521 1843 2735 1897 defectu
2769 1842 2898 1896 solis
2944 1841 3156 1911 integro
3182 1850 3290 1892 ter-

1730 1932 1850 1996 riti;
1885 1948 2046 2001 quem
2083 1941 2280 2001 praeter
2320 1940 2519 1987 caetera
2545 1933 2680 1986 nihil
2721 1934 2818 1986 sibi
2849 1932 3008 1986 fausti
3067 1941 3286 2001 porten-

1727 2012 1856 2075 dere
1901 2022 2102 2076 Pmnus
2135 2021 2454 2085 arbitratus,
2512 2023 2826 2090 elephantes
2874 2023 2924 2075 in
2967 2024 3140 2091 prima
3175 2022 3289 2082 acie

1727 2112 2364 2167 collocat.Romanivero
2382 2113 2563 2168 subito
2595 2113 2795 2182 ingenti
2827 2123 2882 2167 et
2910 2112 3142 2166 terribili
3177 2113 3289 2166 cla-

1729 2217 1883 2256 more
1922 2202 2159 2265 sublato,
2194 2212 2250 2256 et
2279 2203 2498 2272 clypeos
2559 2203 2732 2258 hastis
2783 2203 3080 2272 pulsantes,
3122 2201 3199 2254 ira
3235 2209 3291 2256 ct

1730 2309 1894 2350 cursu
1929 2293 2160 2356 incitati,
2184 2292 2396 2347 belluas
2425 2294 2629 2363 impetu
2661 2294 2754 2346 illo
2804 2293 3024 2346 territas
3061 2291 3290 2358 dissipa-

1731 2393 1860 2439 runt
1896 2397 2058 2454 atque
2090 2393 2441 2446 everterunt;
2477 2401 2596 2454 qua:
2653 2400 2782 2438 vero
2840 2382 3286 2439 vulnerabantur,

1730 2478 1846 2533 suis
1869 2477 2039 2546 magis
2069 2476 2561 2530 incommodabant.
2581 2475 2695 2530 Jam
2726 2476 2992 2544 utaliquaa
3021 2475 3073 2527 in
3107 2474 3289 2528 hostes

1732 2575 1895 2637 irent,
1938 2581 2116 2627 tamen
2149 2572 2411 2626 Romanis
2449 2571 2684 2639 spatium
2741 2571 3135 2640 praebentibus,
3195 2585 3291 2637 per

1732 2667 1966 2720 mediam
1995 2665 2165 2719 aciem
2203 2671 2657 2726 transcurrentes,
2693 2664 2834 2717 inter
2851 2659 3286 2731 praetereundum

1731 2769 1786 2812 et
1811 2758 2010 2828 jaculis
2038 2769 2092 2810 et
2122 2757 2319 2822 gladiis
2349 2756 2804 2810 vulnerabantur.
2841 2756 2916 2808 Ae
2948 2755 3013 2807 ad
3078 2762 3290 2821 tempus

1732 2849 1950 2918 aliquod
1983 2847 2462 2917 Carthaginienses
2495 2848 2836 2900 restiterunt.
2875 2846 3078 2899 Deinde
3128 2842 3288 2897 Masi-

1732 2944 1894 2997 nissa:
1928 2950 1982 2994 et
2014 2940 2161 2994 Laelii
2189 2939 2433 3010 equitatu
2490 2939 2722 3000 invecto,
2786 2937 3041 3005 fugerunt
3074 2951 3285 2995 onmes,

1732 3035 1917 3104 plures
1954 3031 2290 3096 ceciderunt,
2319 3032 2435 3098 ipso
2459 3031 2621 3082 etiam
2656 3027 2920 3082 Annibale
2951 3044 3088 3097 pene
3118 3028 3290 3081 inter-

1734 3125 1895 3178 fecto.
1923 3123 2053 3176 Nam
2082 3137 2201 3174 cum
2236 3121 2444 3189 fugiens
2495 3118 2821 3170 Masinissam
2870 3117 3005 3169 laxis
3065 3118 3289 3170 habenis

93 3218 275 3267 φαντας
311 3204 600 3275 ὥρμησαν.
662 3205 782 3274 Ὑφ’
830 3201 903 3260 ὧν
962 3210 1318 3278 ταραχθέντες
1358 3211 1550 3264 ἐκεῖνοι
1582 3213 1629 3264 οί

1738 3218 2003 3271 acerrime
2029 3215 2280 3283 persequi
2320 3227 2613 3265 conversus
2641 3209 2885 3270 vidisset,
2923 3211 3038 3278 ejus
3084 3211 3286 3278 impetu

97 3294 179 3358 μὲν
213 3295 425 3358 πλείους
468 3295 568 3349 οὐκ
609 3297 852 3363 ἐδέξαντο
887 3301 1047 3366 σφᾶς,
1083 3300 1194 3351 ἀλλ’
1234 3301 1631 3370 ἀπετράποντο,

95 3386 171 3438 καὶ
193 3387 618 3456 τιτρωσκόμενοι
659 3390 829 3457 μείζω
877 3392 988 3451 τοῖς
1044 3393 1487 3461 ὲπιτεταγμένοις
1529 3395 1637 3446 ἑνε-

97 3475 373 3528 τιιίουντὺν
406 3477 652 3544 θόρυϐον.
688 3480 748 3528 Οί
778 3477 834 3529 δὲ
889 3479 984 3530 καὶ
1032 3481 1196 3546 όμόσε
1249 3483 1400 3548 σφίσι
1453 3485 1633 3553 χωρή-

96 3583 287 3634 σαντες,
306 3568 415 3621 τῶν
450 3566 736 3638 Ῥωμαίων
759 3570 1134 3633 διισταμένων,
1164 3573 1248 3626 διὰ
1268 3573 1433 3642 μέσου
1458 3576 1634 3629 αὐτῶν

94 3659 426 3731 δ;εξέτρεχον,
457 3664 548 3714 καὶ
577 3663 853 3731 περιόντες
873 3663 1156 3717 ὲϐἀλλοντό
1176 3683 1233 3717 τε
1262 3669 1351 3718 καὶ
1375 3669 1436 3720 ἐκ
1453 3667 1635 3737 χειρὸς

94 3750 479 3820 ἐτιτρώσκοντο.
527 3754 636 3806 Καὶ
693 3753 782 3805 ἐπί
807 3771 926 3806 τινα
985 3757 1082 3823 μὲν
1140 3758 1329 3826 χρόνον
1377 3759 1635 3826 ἀντέσχον

94 3843 132 3892 οἱ
162 3845 528 3915 Καρχηδόνιοι.
589 3846 821 3899 Ἔπειτα
873 3846 964 3900 τοῦ
1013 3849 1343 3901 Μασινίσαου
1401 3850 1494 3901 καὶ
1543 3850 1633 3900 τοῦ

94 3935 293 3989 Λαιλίου
322 3939 433 3999 τοῖς
464 3937 686 3988 ἱππεῦσι
737 3939 1158 4005 προσπεσόντων
1198 3940 1399 4004 αὐτοῖς,
1435 3939 1634 4000 πάντες

96 4028 304 4095 ἔφυγον·
335 4031 381 4081 οί
411 4029 465 4081 δὲ
514 4029 727 4090 πλείους
779 4029 1114 4098 ὲςξοάρησαν,
1160 4033 1252 4084 καὶ
1309 4033 1335 4083 ὁ
1386 4031 1635 4093 ’Λννίϐας

99 4119 276 4189 μικρἿῦ
305 4120 371 4172 ἂν
394 4119 659 4172 ἀπώλετο.
694 4121 966 4188 Φεύγοντα
996 4121 1102 4191 γὰρ
1134 4123 1295 4175 αὑτὸν
1325 4125 1352 4175 6
1375 4121 1636 4176 Μασινίσ-

99 4227 178 4273 σας
208 4213 500 4265 ἐπεδίωκεν
535 4213 788 4281 ἀκρατῶς
823 4214 886 4279 τῇ
915 4212 1006 4264 τοῦ
1047 4213 1211 4264 ἵππου
1243 4212 1389 4281 ῥύμῃ
1421 4211 1634 4263 ὑπενδι-

95 4301 218 4362 δούς.
251 4303 669 4370 Μεταστραφεὶς
707 4303 752 4352 δ’
785 4304 812 4352 6
845 4299 1115 4366 "Avvi6a;,
1165 4305 1252 4354 καὶ
1299 4303 1420 4354 ἰδὼν
1474 4304 1634 4356 αὑτὸν

94 4390 216 4444 οὕτω
252 4392 534 4458 διώκοντα,
606 4393 784 4462 ἡρέμα
843 4393 1099 4459 ἐξέκλινε,
1157 4399 1251 4446 καὶ
1294 4396 1384 4448 τὸν
1437 4397 1635 4465 δρόμον

98 4484 485 4551 ἑπέστησεριαλ.
516 4484 655 4536 οὕτω
712 4488 1093 4555 παρελάσαντα
1160 4487 1248 4539 τὸν
1292 4488 1633 4540 Μασινίσσαν

1733 3306 1979 3372 nonnihil
2034 3305 2323 3366 declinato,
2368 3318 2641 3370 cursuque
2701 3301 2952 3361 inhibito,
2996 3313 3286 3368 praeterve-

1732 3410 1881 3455 ctum
1911 3415 1942 3453 a
1975 3409 2125 3465 tergo
2156 3397 2381 3449 adortus
2414 3393 2746 3448 vulneravit:
2785 3393 2962 3455 itaque
2999 3407 3119 3442 eum
3155 3407 3288 3457 pau-

1733 3490 1810 3545 cis
1832 3489 2024 3543 evasit.
2056 3485 2238 3553 Scipio
2274 3485 2498 3536 victoria
2544 3483 2760 3550 potitus.
2802 3497 3031 3547 propere
3061 3480 3289 3533 Cartha-

1732 3579 1911 3649 ginem
1934 3575 2092 3648 M3
2120 3586 2263 3629 terra
2293 3574 2534 3640 marique
2558 3571 2792 3624 obsedit.
2813 3570 3239 3639 Carthaginiens-
3261 3585 3287 3623 s

1733 3668 2006 3739 principio
2039 3683 2096 3721 se
2124 3665 2188 3718 ad
2227 3662 2557 3718 tolerandam
2611 3660 2949 3713 obsidionem
3016 3669 3286 3728 parantes,

1735 3763 1948 3817 tandem
1975 3760 2140 3813 rebus
2184 3756 2506 3825 desperatis,
2564 3753 2954 3806 caduceatores
3020 3751 3083 3803 ad
3136 3751 3284 3802 illum

1733 3853 2023 3909 miserunt,
2059 3864 2182 3899 eum
2215 3846 2414 3913 quibus
2446 3842 2628 3908 Scipio
2657 3840 2722 3893 de
2758 3841 2906 3908 pacis
2955 3839 3285 3892 conditioni—

1734 3943 1838 3997 bus
1857 3940 1985 4010 egit,
2008 3953 2126 4005 quae
2158 3931 2468 4004 hujusmodi
2503 3930 2756 3984 fuerunt:
2789 3938 2848 3981 ut
2872 3927 3288 3997 Carthaginien-

1733 4047 1820 4087 ses
1859 4026 2078 4082 obsides
2105 4025 2320 4083 darcnt,
2361 4022 2603 4090 captivos
2643 4028 2695 4072 et
2737 4019 3043 4088 transfugas
3103 4035 3293 4074 omnes

1734 4124 2109 4182 restituerent,
2136 4117 2454 4187 elephantos
2489 4128 2678 4166 omnes
2711 4121 2765 4166 et
2803 4114 3072 4170 triremes,
3101 4112 3286 4163 decem

1733 4214 1996 4284 exceptis,
2033 4209 2332 4266 traderent.
2362 4207 2419 4260 ln
2453 4216 2730 4274 posterum
2755 4220 2932 4271 neque,
2971 4201 3289 4267 elephantos

1736 4321 1912 4374 neque
1939 4305 2124 4372 longas
2156 4314 2324 4354 naves
2363 4297 2571 4365 plures
2611 4310 2771 4363 quam
2799 4294 2965 4344 denas
3000 4293 3286 4351 haberent,

1737 4414 1912 4464 neque
1937 4394 2135 4449 bellum
2163 4406 2284 4443 cum
2314 4402 2585 4457 quoquam
2630 4387 2730 4438 nisi
2767 4384 2833 4437 de
2872 4378 3139 4436 Sententia
3186 4383 3291 4435 lto-

1736 4500 2020 4542 manorum
2061 4481 2422 4550 susciperent.
2460 4479 2679 4547 Adjccta
2741 4484 2866 4530 sunt
2900 4484 2953 4529 et
3000 4476 3102 4527 alia
3139 4490 3286 4542 qua:-

95 4577 216 4626 xzri
241 4577 406 4628 νώτου
431 4579 720 4646 γενόμενος
755 4578 980 4645 ἔτρωσε,
1017 4581 1122 4628 κάκ
1155 4577 1340 4628 τούτου
1375 4577 1488 4645 μετ’
1519 4578 1629 4629 ὀλί-

1733 4580 1879 4633 dam.
1922 4576 2018 4629 liis
2057 4571 2468 4628 conditionibus
2520 4567 2815 4638 propositis
2853 4566 3009 4634 legati
3066 4565 3286 4616 Romam

96 4682 189 4729 γων
221 4669 465 4734 ἐξέφυγε.
505 4671 742 4720 Σκιπίων
771 4670 824 4721 δὲ
880 4669 1122 4737 νικήσας,
1181 4672 1273 4720 ἐπὶ
1320 4670 1417 4740 τὴν
1473 4671 1626 4740 Καρ-

98 4757 274 4824 χηδόνα
310 4759 565 4827 ἠπείχθη,
612 4763 704 4810 καὶ
737 4760 1038 4828 ἐπολιόρκει
1076 4762 1240 4827 αὐτὴν
1279 4762 1340 4812 ἑκ
1381 4762 1479 4829 γῆς
1512 4763 1628 4828 ἅμα

98 4854 175 4902 καὶ
203 4852 492 4918 Θαλάσσης.
530 4854 590 4904 Οἱ
625 4851 668 4903 δ’
699 4851 768 4904 αὖ
808 4853 1159 4921 Καρχηδόνιοι
1189 4854 1402 4920 πρῶτον
1438 4855 1532 4920 μὲν
1553 4853 1627 4915 ὡς

97 4945 178 5008 τὴν
207 4943 513 5010 πολιορκίαν
542 4945 968 5013 καρτερήσοντες
994 4945 1365 5012 ἡτοιμάζοντο.
1398 4945 1627 4997 Ἔπειτα

100 5033 210 5082 6:11:
245 5037 497 5101 ρηῦἐντες
531 5035 665 5102 πρὸς
693 5037 784 5086 τὸν
811 5037 1083 5088 Σκιπίωνα
1113 5036 1623 5103 διεκηρυκεύσαντο,

102 5126 178 5174 ναὶ
210 5128 234 5175 ὁ
275 5128 512 5177 Σκιπίων
551 5126 675 5187 τοὺς
715 5125 902 5192 λόγους
950 5127 1097 5194 σφῶν
1127 5128 1500 5196 προσεδέξατο,
1532 5129 1625 5180 καὶ

104 5216 205 5277 περὶ
231 5215 334 5263 τῶν
372 5216 648 5281 συνθηκῶν
669 5215 936 5282 διειλέχΘη
961 5216 1162 5276 αὐτοῖς.
1192 5212 1294 5267 Ἶίν
1321 5218 1376 5269 δὲ
1403 5219 1467 5268 τὰ
1488 5217 1627 5284 ὠμο-

101 5301 375 5368 ὶοεεήμέια,
412 5305 650 5371 ὁμήρους
681 5321 738 5354 τε
776 5303 922 5372 παρὰ
963 5304 1066 5354 τῶν
1097 5305 1494 5373 Καρχηδονίων,
1530 5304 1624 5356 καὶ⁹

101 5393 205 5451 τοὺς
227 5391 597 5458 “autem;
630 5393 720 5442 καὶ
749 5395 872 5451 τοὺς
899 5393 1220 5462 αὐτομόλους
1249 5395 1463 5461 δοθῆναι
1485 5410 1500 5424 ⁸
1534 5396 1625 5447 καὶ

105 5481 284 5542 πάντας
331 5483 424 5549 μὲν
469 5484 592 5543 τοὺς
623 5481 939 5546 ἐλέφαντας,
989 5485 1084 5544 τὰς
1119 5484 1172 5535 δὲ
1203 5484 1442 5551 τριήρεις
1488 5485 1625 5554 πλὴν

104 5570 211 5618 diu
247 5573 671 5641 παρασχεοῆναι·
701 5573 792 5623 καὶ
817 5571 905 5622 τοῦ
934 5573 1120 5626 λοιποῦ
1149 5577 1283 5643 μήτε
1307 5575 1622 5644 ἐλέφαντας,

110 5662 224 5726 μήτε
264 5659 390 5720 ναῦς
428 5663 642 5729 μακρὰς
675 5661 889 5722 πλείους
922 5664 1027 5713 τῶν
1057 5665 1182 5714 δέκα
1218 5666 1378 5733 ἔχειν,
1407 5665 1497 5715 καὶ
1528 5668 1626 5734 μή-

109 5765 152 5798 τε
185 5750 404 5816 πόλεμον
441 5752 588 5817 παρὰ
623 5753 721 5819 τὴν
754 5753 860 5804 τῶν
895 5754 1181 5821 Ῥωμαίων
1214 5756 1437 5825 γνώμην
1489 5757 1624 5824 πρὸς

111 5842 286 5906 ελτβὲνλ
317 5839 578 5892 ποιεῖσθαι
603 5855 614 5867 '
647 5841 738 5892 καί
769 5859 888 5894 τινα
920 5843 1099 5910 ἕτερα.
1135 5843 1403 5897 Τοιούτων
1441 5845 1495 5896 δὲ
1529 5860 1620 5910 γε·

1732 4669 1909 4734 missi,
1937 4667 2030 4720 sed
2063 4679 2253 4733 parum
2283 4660 2533 4714 alacriter
2563 4673 2590 4712 a
2618 4667 2808 4711 senatu
2861 4654 3092 4719 ειιςριιρῑί
3127 4661 3285 4712 sunt;

1731 4757 1850 4809 aliis
1895 4756 2040 4808 aliud
2077 4750 2445 4810 censentibus,
2488 4763 2550 4801 ac
2595 4747 2736 4799 inter
2787 4759 2904 4797 sese
2966 4743 3286 4798 rixantibus.

1738 4848 1933 4900 Verum
1962 4844 2196 4913 populus
2249 4853 2433 4907 pacem
2470 4851 2665 4904 magno
2697 4850 2962 4888 consensu
3024 4834 3286 4897 decrevit,

1731 4933 1969 5002 acceptis
2018 4927 2450 4989 conditionibus,
2494 4925 2790 4992 decemque
2849 4923 3037 4991 legatis
3086 4923 3286 4984 missis,

1729 5026 1822 5096 qui
1857 5039 1962 5077 una
1983 5036 2106 5075 cum
2141 5017 2396 5088 Scipione
2427 5018 2609 5071 omnia
2655 5015 3128 5069 administrarent.
3188 5013 3289 5064 l’a-

1730 5121 1832 5171 clis
1866 5115 2112 5178 ﬁrmatis,
2144 5111 2397 5166 triremes
2442 5109 2670 5167 traditae,
2715 5117 3074 5174 cremataeque
3127 5102 3286 5156 sunt:

1726 5209 2142 5277 elephantorum
2174 5203 2346 5271 major
2390 5216 2511 5268 pars
2565 5197 2787 5251 Romam
2841 5199 3023 5251 missa.
3089 5195 3282 5262 reliqui

1728 5298 2021 5352 Masinissae
2041 5292 2248 5354 donati,
2277 5290 2507 5345 Africam
2542 5288 2788 5347 Romani,
2815 5285 3290 5353 Carthaginienses

1727 5387 1934 5442 Italiam
1976 5384 2333 5452 reliquerunt.
2360 5379 2458 5432 llic
2486 5378 2707 5432 secundi
2759 5376 2882 5429 belli
2921 5376 3106 5429 Punici
3169 5388 3288 5443 post

1729 5490 1900 5530 annos
1932 5473 2202 5528 sexdecim
2236 5472 2414 5526 exitus
2442 5469 2564 5520 fuit.
2601 5467 2784 5534 Scipio
2839 5475 3040 5529 autem,
3093 5479 3284 5530 magna

1729 5573 1880 5636 parta
1913 5565 2102 5634 gloria,
2131 5569 2547 5632 cognomentum
2574 5556 2809 5610 Africani
2841 5557 2979 5608 tulit.
3011 5555 3142 5612 (Jam
3169 5561 3283 5602 tum

1735 5659 1878 5713 cnim
1911 5655 2224 5723 Carthagini
2261 5651 2488 5706 ﬁnitima
2513 5650 2701 5720 Libya,
2741 5649 2918 5702 Africa
2976 5645 3286 5709 vocabatur)

1734 5758 1787 5802 ct
1812 5747 1995 5800 multis
2019 5744 2248 5814 captivis
2287 5741 2500 5797 civibus
2534 5739 2785 5809 receptis,
2814 5739 3073 5790 liberator
3100 5751 3126 5788 a
3151 5735 3289 5788 mul-

1733 5844 1801 5897 tis
1829 5841 2031 5904 dictus,
2065 5840 2127 5893 in-
2148 5853 2360 5893 summo
2392 5837 2604 5889 honore
2627 5835 2746 5887 fuit.
2780 5833 3005 5886 Annibal
3043 5842 3228 5885 contra
3257 5849 3283 5885 ει
