4012 6330
133 427 231 489 τη

1386 420 1791 483 ANNALIUM
1828 407 1977 483 LIB.
2013 402 2131 483 ‘Ix.

3258 424 3365 484 758

133 538 385 587 ἔσπευσε.
426 532 592 597 Γνοὺς
622 532 678 586 δὲ
706 531 805 602 τήν
828 529 1089 601 πρόσοδον
1126 528 1289 583 αὐτοῦ
1323 529 1351 582 6
1378 528 1699 603 έΔπούστιος

1827 510 2016 584 uentus
2046 529 2265 585 facilius
2293 536 2631 601 suppeteret,
2664 531 2947 603 Philippus
2977 546 3072 587 eos
3100 532 3183 584 sui
3216 538 3365 585 metu

137 624 487 694 ἀνεχώρησεν
512 641 527 654 θ
558 625 660 695 ήδη
685 625 793 694 γὰρ
824 623 919 676 καὶ
949 623 1160 694 χειμὼν
1192 617 1284 695 ἦν.
1316 621 1536 686 Ῥαἳσας
1563 622 1609 676 δ’
1631 624 1696 675 ὲκ

128 718 222 782 τῆς
249 718 411 770 νόσου
452 718 480 771 6
513 717 724 780 Γάλϐας
756 716 921 770 πλείω
945 716 1403 784 παρεσκευάσατο
1440 714 1694 784 δύναμιν,

129 806 217 856 καὶ
248 806 366 874 ἃμα
386 805 510 875 ἔαρι
536 807 618 867 είς
643 806 742 875 τήν
773 803 1114 859 Μακεδονίαν
1146 802 1427 871 ἠπείγετο.
1471 803 1627 856 Ἐπεὶ
1653 803 1696 855 δ’

128 895 469 967 ἐπλησίασαν
523 895 779 967 ἀλλήλοις
842 893 1537 965 ἂντεστρατοπεδεύσαντο,
1604 894 1699 947 καὶ

128 986 545 1055 ἀκροϐολισμοῖς
574 987 816 1058 ἐχρῶντο
844 984 953 1038 τῶν
982 987 1192 1039 ίππέων
1227 985 1323 1038 καὶ
1369 984 1477 1039 τῶν
1503 984 1695 1054 ψιλῶν.

126 1078 529 1132 Μεταστάντων
554 1080 612 1132 δὲ
653 1078 761 1131 τῶν
816 1077 1106 1149 Ῥωμαίων
1153 1078 1210 1141 ἐς
1243 1095 1296 1131 τι
1327 1077 1528 1148 χωρίον
1576 1075 1699 1129 ὅθεν

127 1170 253 1239 ῥᾷον
296 1166 367 1241 ἦν
400 1171 587 1231 αὐτοῖς
626 1168 1055 1233 ἐπισιτίσασθαι,
1097 1168 1330 1240 νομίσας
1367 1170 1397 1222 6
1436 1167 1700 1230 Φίλιππος

124 1260 196 1320 ὡς
245 1262 623 1332 φοϐουμένους
647 1261 810 1315 αὐτὸν
848 1261 1203 1332 μεταστῆναι,
1236 1260 1472 1329 ἐπῆλθεν
1518 1260 1706 1321 αὐτοῖς

126 1353 473 1423 ποιουμένοις
520 1352 780 1423 ἁρπαγὰς
826 1353 1253 1422 ἀπροσδόκητος,
1294 1351 1387 1405 καί
1410 1368 1559 1412 τινας
1590 1351 1701 1405 διέ·

124 1446 334 1517 φθειρε.
373 1448 486 1500 Καὶ
532 1449 561 1501 6
591 1446 803 1509 Γάλϐας
831 1445 990 1499 τοῦτο
1017 1445 1359 1515 αἰσθόμενος,
1393 1440 1692 1512 ἐπεξέδραο

128 1554 223 1608 μεν
249 1540 317 1591 ἐκ
340 1537 436 1592 τοῦ
462 1540 827 1610 στρατοπέδου
861 1539 956 1593 καὶ
988 1535 1318 1608 προσπεσὼν
1342 1534 1489 1605 αὐτῷ
1522 1534 1702 1605 πολλῷ

125 1629 348 1692 ¹πλείους
372 1631 814 1686 άντεπέκτεινεν.
851 1632 911 1684 '0
942 1630 999 1685 δέ
1032 1646 1093 1698 γε
1130 1629 1394 1690 Φίλιππος
1423 1626 1700 1697 ἡττηθεὶς,

125 1722 218 1773 καὶ
249 1722 488 1791 τρωθεὶς
522 1724 627 1776 ὕπὸ
662 1722 833 1776 νύκτα
868 1725 1174 1792 ἀπανέστη.
1208 1721 1282 1774 06
1320 1720 1505 1791 μέντοι
1538 1718 1703 1775 αὑτὸν

124 1812 150 1861 6
181 1812 400 1873 Γάλϐας
430 1813 675 1878 ἐδίωξεν,
701 1812 819 1867 ἀλλ’
846 1814 927 1873 εἰς
959 1812 1059 1883 τὴν
1100 1811 1469 1864 ’Δπολλωνίαν
1509 1812 1700 1862 ἀνεκο-

129 1901 320 1970 μίσθη.
351 1901 463 1957 Καὶ
503 1902 826 1966 Ἀπούστιος
849 1902 907 1955 δέ
937 1901 1076 1974 μετὰ
1103 1900 1212 1953 τῶν
1249 1898 1471 1952 Ῥοδίων
1492 1896 1588 1951 καὶ
1606 1894 1701 1948 τοῦ

136 1992 396 2051 Ἀττάλου
460 1997 792 2067 περιπλέων,
844 2001 1041 2067 νήσους
1096 1992 1299 2063 συχνὰς
1347 1988 1701 2060 ἐχειρώσατο.

127 2086 284 2140 Κατὰ
313 2086 372 2139 δὲ
395 2086 488 2140 τὸν
517 2090 679 2143 αὑτὸν
708 2089 900 2160 χρόνον
933 2087 1027 2143 καί
1057 2104 1143 2148 τις
1178 2084 1441 2154 Ἀμίλκας
1475 2082 1698 2151 Καρχη-

128 2174 300 2239 δόνιος
344 2177 422 2247 τῷ
469 2179 699 2246 Μαγῶνι
732 2177 1143 2249 συστρατεύσας
1173 2178 1234 2228 ἐν
1269 2172 1493 2242 Ἰταλίᾳ,
1544 2171 1706 2224 κάκεῖ

130 2268 455 2340 ὑπομείνας,
487 2273 624 2336 τέως
653 2271 749 2341 μὲν
777 2269 1005 2341 ἡσυχίαν
1030 2264 1187 2339 ἦγεν.
1221 2268 1309 2329 Ὠς
1338 2266 1380 2318 δ’
1403 2268 1431 2317 6
1458 2262 1703 2317 Μακεδο-

1801 623 2007 694 fugiese
2037 630 2211 687 ratus,
2244 637 2311 677 ex
2344 622 2644 693 improviso
2671 610 3007 694 praedatoriis
3044 622 3251 694 aliquot
3276 636 3357 674 oc-

1800 715 1958 770 cidit.
1991 713 2113 781 Quo
2144 713 2311 769 Galba
2356 714 2764 781 animadverso,
2797 730 2827 769 e
2855 714 3052 769 castris
3079 712 3369 781 eruptione

1802 816 1969 873 acta,
2025 807 2191 876 longe
2266 805 2457 874 plures
2514 806 2826 869 interiecit;
2876 805 3191 874 Philippum
3238 817 3371 856 vero

1800 899 2008 954 victum
2039 906 2094 953 et
2130 895 2380 951 saucium
2411 906 2578 953 noctu
2606 897 2955 951 recedentem
2989 910 3099 949 non
3127 901 3212 948 est
3246 909 3371 961 per-

1802 999 2046 1053 secutus,
2104 989 2199 1045 sed
2260 989 2603 1057 Apolloniam
2679 986 2881 1052 rediit,
2939 986 3170 1056 Apustio
3232 984 3371 1037 intc-

1800 1082 1917 1135 rim,
1955 1095 2082 1135 cum
2131 1078 2363 1135 Rhodiis
2412 1087 2473 1132 et
2503 1079 2685 1135 Attalo
2734 1093 2885 1132 mare
2934 1086 3275 1147 peragrante,
3316 1083 3372 1129 et

1802 1174 2119 1242 complures
2172 1171 2729 1240 insulas-subigente.
2785 1168 2896 1223 Sub
2945 1167 3088 1221 idem
3156 1177 3370 1234 tempus

1802 1260 2282 1331 Carthaginiensis
2324 1259 2544 1328 quidam
2573 1258 3098 1328 Amilcar,Magonis
3130 1258 3182 1309 in
3222 1256 3373 1310 italia

1803 1354 2129 1417 commilito,
2160 1352 2251 1421 qui
2295 1352 2361 1405 ad
2394 1360 2609 1419 tempus
2639 1350 2858 1418 quietus
2898 1350 2969 1403 illi
3017 1356 3376 1413 remanserat,

1801 1452 1996 1519 exorto
2044 1440 2399 1497 Macedonico
2447 1439 2632 1503 bello,
2690 1438 2871 1493 Gallos
2908 1438 2975 1491 ad
3014 1438 3374 1491 defectionem
3436 1476 3439 1479 .

1803 1536 2041 1605 impulit,
2089 1550 2217 1590 cum
2252 1534 2431 1603 iisque
2478 1534 2711 1602 Ligures
2743 1534 2883 1588 bello
2908 1533 3155 1595 adortus,
3185 1547 3375 1588 eorum

1802 1626 1970 1684 etiam
1991 1625 2289 1681 nonnullos
2308 1625 2409 1678 silui
2436 1624 2705 1696 adiunxit.
2736 1626 2841 1678 Sed
2862 1640 2891 1677 a
2907 1625 2968 1679 L.
2994 1624 3159 1680 Furio
3187 1609 3383 1691 pra-t0-

1804 1732 1865 1773 re
1887 1718 2008 1775 acie
2028 1717 2183 1779 victi,
2203 1717 2409 1785 legatos
2439 1714 2506 1769 de
2532 1730 2663 1785 pace
2681 1715 2967 1770 miserunt.
2988 1714 3061 1770 Ea
3090 1713 3382 1783 Liguribus

1803 1808 1930 1863 data
1954 1814 2077 1865 est:
2105 1807 2290 1862 ρατιοιί
2314 1805 2449 1861 nihil
2475 1806 2857 1875 impetrarunt.
2881 1805 3042 1876 με
3058 1806 3190 1865 Nam
3210 1805 3383 1859 Aure-

1804 1899 1914 1953 lius
1930 1900 2127 1955 consul
2154 1897 2375 1967 prsetori
2401 1902 2684 1953 victoriam
2724 1897 2991 1958 invidens,
3017 1911 3113 1949 eos
3141 1895 3383 1949 vicissim

1806 1987 1951 2044 bello
1980 1998 2067 2045 est
2087 1988 2333 2045 adortus.
2363 1987 2629 2058 Sequenti
2683 2002 2827 2041 anno
2863 1984 3102 2043 Amilcar
3144 1994 3196 2037 et
3245 1984 3384 2037 Galli

1807 2080 2011 2137 multas
2046 2080 2234 2141 clades
2266 2081 2531 2137 Romanis
2562 2079 2887 2133 intulerunt.
2924 2076 3058 2131 Nam
3083 2086 3139 2129 et
3162 2074 3263 2129 Cn.
3286 2075 3387 2127 Bc-

1807 2171 1961 2227 bium
1992 2180 2282 2240 prmtoretu
2318 2180 2686 2241 superarunt,
2714 2178 2768 2224 et
2792 2168 2969 2221 socias
3004 2167 3255 2224 civitates
3302 2164 3387 2217 in-

1806 2268 2135 2325 cursarunt,
2180 2270 2234 2315 et
2267 2261 2604 2317 Placentiam
2649 2266 3011 2330 expugnatam
3044 2264 3386 2311 everterunt.

129 2360 279 2423 νικδς
312 2360 549 2431 πόλεμος
574 2362 791 2431 ἐνέστη,
832 2359 955 2421 τούς
985 2375 1044 2412 τε
1072 2357 1322 2417 Γαλάτας
1345 2354 1454 2408 τῶν
1488 2350 1777 2421 Ῥωμαίων
1818 2349 2099 2419 ἀπέστησε
2124 2365 2136 2377 ·
2175 2350 2273 2403 καὶ⁵
2305 2352 2421 2421 μετ’
2446 2350 2626 2405 αὐτῶν
2658 2349 2750 2400 ἐπὶ
2780 2348 2992 2415 Λίγυας
3027 2344 3383 2413 στρατεύσας.

131 2453 283 2513 τινὰς
313 2454 585 2507 κάκείνων
650 2453 1108 2523 προσεποιήσατο.
1167 2448 1384 2517 Λουκίῳ
1432 2446 1490 2499 δὲ
1535 2441 1749 2514 Φουρίῳ
1787 2440 2182 2514 στρατηγοῦντι
2241 2441 2645 2511 πολεμηθέντες
2698 2437 3031 2509 ἡττήθησαν,
3114 2436 3206 2489 καὶ
3258 2435 3389 2501 περὶ

135 2550 380 2602 σπονδῶν
410 2547 875 2619 ἐπρεσϐεύσαντο.
918 2547 1027 2601 Καὶ
1059 2547 1108 2598 οί
1141 2544 1239 2614 μὲν
1274 2543 1473 2610 Λίγυες
1512 2540 1706 2608 ἔτυχω
1746 2536 1949 2601 αὐτῶν,
2011 2538 2125 2599 τοῖς
2196 2536 2376 2599 ἄλλοις
2400 2535 2455 2589 δὲ
2486 2534 2587 2587 οὐκ
2609 2532 2873 2603 ἐδόθησαν
2899 2550 2913 2564 ο
2947 2530 3062 2589 ἀλλ’
3088 2527 3390 2597 ἀντεστρα-

134 2658 325 2694 τευσεν
359 2639 447 2693 ἐπ’
469 2640 671 2703 αὐτοὺς
696 2640 963 2709 Αὐρήλιος
994 2643 1021 2693 6
1048 2639 1274 2701 ὕπατος,
1312 2635 1584 2704 φθονήσας
1610 2631 1711 2700 τῆς
1748 2629 1909 2698 νίκης
1968 2628 2047 2699 τῷ
2076 2628 2387 2700 στρατηγῷ.
2450 2626 2541 2697 Τῷ
2571 2627 2615 2680 δ’
2645 2626 2769 2696 ἐξῆς
2796 2626 2905 2677 ἔτει
2926 2624 3062 2693 πρὸς
3083 2622 3176 2682 τοῦ
3209 2619 3386 2688 Ἀμίλ-

137 2751 230 2788 κου
276 2736 373 2788 καὶ
403 2735 514 2789 τῶν
549 2734 807 2789 Γαλατῶν
855 2734 1159 2805 συνηνέχθη
1203 2730 1376 2785 πολλὰ
1449 2729 1544 2781 καὶ
1581 2723 1752 2779 δεινά.
1794 2722 1990 2778 Γναὶόν
2044 2738 2106 2778 τε
2152 2722 2263 2792 γὰρ
2317 2722 2537 2778 Βαίϐιον
2575 2720 2683 2787 (ιε)
2751 2716 3056 2787 στρατηγὸν
3111 2712 3391 2780 ἐνίκησαν,

132 2833 228 2913 »καὶ
288 2830 392 2902 τήν
457 2830 778 2903 συμμαχίδα
836 2832 946 2886 τῶν
1002 2816 1291 2901 ’Ῥωμαίων
1359 2824 1713 2894 κατέτρεχον,
1753 2820 1849 2874 καὶ
1917 2819 2258 2874 Πλακεντίαν
2349 2815 2725 2885 ἐπολιόρκουν,
2812 2812 2909 2867 καὶ
2964 2811 3176 2873 ἑλόντες
3230 2805 3393 2861 κατέ-

140 2923 382 2994 σκαψαν.

208 2972 330 3088 1c}.
369 3019 458 3073 Ἑν
488 3018 544 3071 δέ
575 3021 640 3089 τῇ
678 3018 913 3071 Ἑλλάδι
964 3018 1060 3071 καὶ
1108 3019 1174 3086 τῇ
1218 3014 1531 3082 Μακεδονίᾳ
1580 3010 1721 3066 Πού-

1891 3001 2033 3058 XVI.
2048 3000 2107 3056 la
2123 2999 2331 3057 Gracia
2355 3008 2405 3054 et
2428 2972 2739 3053 Macedonia
2757 2997 2818 3052 P.
2835 2994 3028 3050 Villius
3048 2991 3242 3047 consul
3265 3005 3398 3045 con-

142 3114 298 3176 πλιος
332 3113 563 3176 οὺάλιος
584 3111 697 3181 (Η)
728 3112 758 3163 6
791 3108 997 3171 ὕπατος
1036 3107 1379 3176 ἀντεκάθητο
1407 3104 1484 3174 τῷ
1530 3102 1717 3155 Φιλίπ-

144 3222 246 3276 πῳ,
279 3206 351 3259 τὰ
375 3204 477 3273 τῆς
513 3203 773 3275 Ἠπείρου
802 3200 1275 3272 ’προκαταλαϐόντι
1346 3195 1529 3258 στενά,
1554 3193 1623 3247 δι’
1645 3184 1719 3248 ὧν

146 3300 225 3360 είς
252 3300 357 3367 τὴν
382 3295 723 3350 Μακεδονίαν
754 3296 892 3347 είσὶν
923 3292 1191 3347 είσϐολαί.
1215 3290 1371 3346 Μετὰ
1398 3288 1455 3343 δὲ
1486 3290 1579 3341 τὸν
1606 3304 1723 3356 χει-

152 3390 306 3460 μῶνα
338 3390 496 3451 Τῖτος
522 3388 815 3457 Φλαμίνιος
843 3386 1072 3452 ὕπατος,
1103 3384 1199 3439 τοῦ
1230 3382 1499 3437 Φιλίππου
1527 3381 1638 3433 πᾶν
1663 3378 1725 3432 τὸ

154 3477 361 3548 μεταξὺ
390 3478 501 3531 τῶν
526 3478 668 3547 ὀρῶν
686 3477 1135 3547 διατειχίσαντος,
1169 3475 1264 3528 καὶ
1286 3474 1439 3535 ὄντος
1464 3469 1727 3525 δυσπολε-

156 3572 353 3641 μήτου,
387 3568 477 3622 διά
518 3585 666 3632 τινος
715 3565 1046 3638 ἐκπεριῆλθε
1080 3566 1275 3634 στενῆς
1315 3561 1561 3633 ἀτραποῦ
1608 3558 1728 3629 μετ’

153 3662 350 3731 ὀλίγων
392 3661 457 3714 τὸ
482 3661 895 3731 περιτείχισμα.
929 3657 1043 3712 Καὶ
1075 3656 1269 3726 φανεὶς
1301 3653 1361 3719 ἐξ
1396 3650 1729 3723 ὑπερδεξίων

1820 3104 1903 3150 tra
1932 3094 2245 3162 Philippum
2273 3091 2327 3144 in
2355 3089 2641 3159 procinctu
2665 3096 2802 3148 erat.
2820 3085 2914 3155 qui
2943 3083 3095 3153 Epiri
3117 3081 3397 3151 angustias

1822 3195 2139 3253 occuparat,
2172 3199 2271 3253 per
2295 3197 2431 3252 quas
2457 3181 2512 3235 in
2544 3179 2917 3235 Macedoniam
2942 3177 3163 3247 patebat
3191 3173 3395 3229 aditus.

1825 3278 2018 3334 Hieme
2048 3276 2337 3347 elapsa.T.
2366 3275 2665 3329 Flaminius
2689 3273 2819 3328 Cos.
2844 3286 2969 3327 cum
2995 3269 3299 3338 Philippus,
3328 3266 3398 3320 ob

1827 3386 1994 3425 omne
2022 3370 2157 3425 illud
2193 3369 2453 3437 spatium,
2482 3366 2629 3436 quod
2669 3365 2811 3419 inter
2843 3372 3059 3417 montes
3083 3361 3398 3429 interiacet,

1828 3476 1990 3516 muro
2023 3440 2350 3529 obseptum.
2406 3464 2723 3527 oppugnatu
2772 3452 3009 3508 diﬁicilia
3056 3457 3223 3513 esset,
3276 3464 3403 3504 cum

1829 3550 2022 3621 paucis
2045 3564 2146 3619 per
2166 3554 2458 3618 angustum
2491 3544 2686 3599 callem
2706 3541 3070 3597 munitionem
3099 3535 3401 3599 circumiit,

1832 3656 1890 3702 et
1914 3660 1981 3700 ex
2015 3642 2298 3713 superiore
2332 3640 2455 3695 loco
2498 3635 2684 3692 subito
2737 3640 3096 3703 conspectus,
3135 3638 3402 3682 terrorem

155 3724 420 3819 αἰφνίδιον
461 3724 828 3820 ἐφόϐησε-τὸν
856 3724 1144 3813 Φίλιππον,
1193 3745 1495 3816 νομίσαντα
1532 3743 1638 3795 παν
1670 3740 1723 3794 τὲ

1835 3737 2067 3793 incussit
2108 3734 2383 3802 Philippo,
2426 3746 2644 3786 omnem
2700 3729 2821 3798 ejus
2859 3724 3167 3779 exercitum
3232 3734 3406 3788 augu-

156 3840 247 3895 τοῦ
303 3842 466 3895 Τίτου
513 3841 828 3911 στράτευμα
868 3841 1000 3894 εῐσω
1040 3840 1149 3894 τῶν
1180 3836 1385 3892 στενῶν
1417 3832 1730 3903 παρελθεῖν,

156 3934 279 3987 ὅθεν
327 3935 421 4007 Δκαὶ
470 3936 547 3996 είς
574 3934 674 4001 τὴν
724 3933 1070 3987 Μακεδονίαν
1100 3929 1319 4000 άπῆριν
1353 3926 1536 3988 εὐθύς.
1583 3925 1645 3976 '0
1687 3923 1734 3976 δ’

160 4027 364 4090 ὕπατος
395 4029 602 4080 ἐκεῖνον
633 4026 731 4094 μὲν
752 4026 852 4078 οὐκ
874 4024 1082 4091 ἐδίωξε,
1106 4023 1205 4086 τὰς
1229 4021 1274 4074 δ’
1302 4021 1361 4073 ἐν
1391 4023 1457 4091 τῇ
1494 4017 1736 4087 Ἠπείρῳ

162 4117 348 4180 πόλεις
406 4118 845 4187 προσεποιήσατο
874 4134 891 4148 ·
944 4118 1039 4169 καὶ
1096 4116 1154 4179 ἐς
1208 4112 1513 4167 Θεσσαλίαν
1571 4111 1739 4164 ἐλθὼν

164 4210 335 4263 πολλὰ
373 4211 767 4278 παρεσπάσατο
808 4208 901 4262 τοῦ
929 4208 1218 4271 Φιλίππου,
1246 4207 1340 4258 καὶ
1378 4208 1457 4267 είς
1492 4206 1589 4271 τὴν
1621 4205 1738 4255 Φωτ-

166 4304 289 4359 κὶδα
332 4303 432 4370 τὴν
474 4302 734 4355 Βοιωτίαν
765 4317 825 4352 τε
857 4299 1170 4369 ἀνεχώρησε
1198 4313 1214 4324 ⁸
1262 4298 1358 4349 καὶ
1384 4299 1411 4349 ὁ
1436 4296 1536 4365 μὲν
1581 4295 1739 4348 Ἐλά·

166 4412 317 4447 τειαν
352 4392 684 4462 ἐπολιόρκει,
718 4390 952 4453 Λούκιος
1000 4389 1057 4441 δέ
1109 4387 1403 4456 Φλαμίνιος
1446 4388 1474 4439 6
1513 4385 1741 4453 ἁδελφὸς

170 4488 334 4539 αὐτοῦ
371 4487 509 4554 μετὰ
559 4484 652 4537 τοῦ
691 4484 949 4537 Ἀττάλου
982 4482 1212 4536 καὶτῶν
1246 4479 1471 4533 Ῥοδίων
1518 4478 1616 4539 τὰς
1648 4478 1740 4547 νή-

176 4597 303 4642 σους
339 4576 641 4649 ἐχειροῦτο.
685 4578 794 4629 Καὶ
840 4572 992 4639 τέλος
1024 4574 1333 4645 Κέγχρειαν
1378 4572 1611 4635 ἑλόντες,
1654 4571 1746 4621 καὶ

177 4668 472 4736 πυθόμενοι
539 4666 800 4735 πρέσϐεις
865 4665 1016 4733 παρὰ
1084 4665 1357 4716 Φιλίππου
1418 4662 1553 4734 πρὸς
1623 4662 1747 4723 τοὺς

191 4760 439 4829 ’Δχαιοῦς
474 4757 569 4809 ἐπὶ
600 4757 887 4827 συμμαχίᾳ
914 4754 1261 4823 πεπέμφθαι,
1302 4755 1627 4807 ἀπέστειλαν
1657 4753 1749 4804 καὶ

182 4854 359 4917 αὐτοὶ,
386 4851 481 4905 καὶ
509 4850 784 4918 Ἀθηναῖοι
816 4846 1383 4919 συνεπρεσϐεύσαντο.
1411 4847 1520 4899 Καὶ
1555 4846 1751 4915 πρότε-

188 4961 276 5015 ρον
316 4943 415 5013 μὲν
449 4939 818 5010 ἐμερίσθησαν
857 4939 911 4991 at!
960 4938 1177 5008 γνῶμαι
1218 4936 1326 4989 τῶν
1360 4936 1613 5006 Ἀχαιῶν,
1642 4933 1751 4986 τῶν

189 5022 287 5103 μὲν
320 5034 394 5103 τῷ
430 5032 683 5101 Φιλίππῳ
714 5029 815 5099 τὴν
849 5030 1168 5099 συμμαχίαν
1200 5029 1614 5099 ψηφιζομένων,
1645 5027 1753 5079 τῶν

188 5127 244 5178 δέ
267 5129 374 5187 τοῖς
411 5127 723 5196 Ῥωμαίοις.
757 5122 886 5192 Ὀψὲ
913 5122 957 5174 δ’
990 5120 1083 5175 οῦν
1109 5139 1240 5175 ποτε
1258 5125 1357 5192 τὴν
1378 5122 1631 5192 βοήθειαν
1656 5121 1755 5176 αύ-

189 5219 300 5279 τοῖς
332 5217 689 5286 ἐψηφίσαντο,
716 5214 810 5271 καὶ
844 5216 935 5268 ἐπὶ
964 5214 1060 5275 τὴν
1078 5214 1339 5280 Κόρινθον
1361 5212 1757 5279 συνεστράτευ-

194 5328 312 5376 σαν,
345 5310 562 5362 καὶτοῦ
613 5310 710 5377 μὲν
754 5310 965 5379 τείχους
1000 5304 1341 5377 κατήρειψαν
1380 5319 1539 5355 τινα*
1589 5305 1757 5372 πονή-

197 5420 383 5465 σαντες
423 5403 470 5454 δ⁹
502 5400 587 5451 ἐπ’
620 5400 937 5469 ἐκδρομαῖς,
975 5397 1385 5465 ἀπανέστησαν.
1414 5389 1547 5445 Εἶτα
1577 5392 1758 5453 δείσας

196 5500 222 5550 6
248 5488 508 5555 Φίλιππος
545 5491 620 5561 μὴ
656 5490 848 5543 πολλαὶ
876 5491 1058 5553 πόλεις
1094 5489 1315 5549 ἁλῶσιν,
1350 5485 1489 5553 ὑπὲρ
1534 5484 1757 5551 εἰρήνης

200 5590 331 5658 πρδς
373 5585 469 5638 τδν
514 5582 717 5637 ὕπατον
760 5582 1262 5651 ἐπεκηρυκεύσατο.
1298 5580 1407 5633 Καὶ
1450 5576 1506 5639 6;
1542 5572 1758 5635 ἐδέξατο

1835 3832 1968 3882 stias
1992 3840 2281 3895 superasse
2318 3822 2593 3891 opinanti,
2628 3828 2690 3873 ut
2722 3817 2905 3872 statim
2947 3817 2999 3871 in
3032 3810 3403 3869 Macedoniam

1838 3917 2142 3972 recederet.
2168 3913 2373 3970 Consul
2406 3926 2538 3967 vero
2572 3910 2724 3965 illum
2747 3922 2857 3963 non
2891 3895 3406 3973 persecutus,Epiri

1839 4008 2071 4065 urbibus
2113 4014 2198 4060 est
2258 4003 2468 4073 potitus
2508 4018 2521 4056 :
2573 4007 2739 4067 atque
2792 3994 2919 4048 inde
2968 3992 3023 4047 in
3066 3986 3407 4047 Thessaliam

1845 4110 2248 4171 transgressus,
2285 4094 2476 4149 multis
2514 4107 2543 4147 a
2580 4088 2834 4157 Philippo
2867 4082 3140 4144 alienatis,
3173 4080 3225 4139 in
3267 4078 3409 4171 Pho.

1842 4169 2024 4249 cidem
2064 4199 2121 4248 et
2166 4188 2433 4247 Boeotiam
2480 4200 2540 4240 se
2572 4181 2826 4240 contulit.
2876 4175 2977 4232 Ubi
3012 4174 3143 4227 dum
3180 4169 3411 4226 Elatiam

1846 4287 2084 4351 obsidet,
2142 4284 2206 4338 L.
2266 4280 2596 4338 Flaminius,
2619 4276 2788 4329 frater
2824 4270 2946 4338 ejus
2980 4281 3105 4323 cum
3140 4264 3323 4322 Attalo
3360 4272 3416 4319 et

1848 4377 2081 4433 Rhodiis
2139 4374 2346 4430 insulas
2414 4370 2695 4437 subigunt,
2781 4362 3029 4431 Denique
3120 4356 3420 4414 Cenchreis

1846 4466 2011 4521 etiam
2040 4464 2224 4535 potiti,
2260 4477 2383 4517 eum
2414 4446 2702 4516 audissent
2731 4448 3051 4509 societatem
3095 4449 3418 4506 Achzeorum

1850 4576 1877 4613 a
1927 4557 2184 4625 Philippo
2215 4554 2443 4624 petitam
2468 4566 2612 4615 esse,
2643 4549 2853 4616 legatos
2893 4554 2949 4598 et
2994 4541 3097 4615 ipsi
3142 4554 3247 4592 una
3293 4551 3417 4589 cum

1850 4648 2282 4708 Atheniensibus
2312 4645 2380 4699 ad
2412 4643 2534 4697 il‘os
2557 4643 2850 4696 miserunt.
2879 4633 3044 4690 initio
3076 4629 3263 4684 divisa:
3296 4628 3419 4681 lue-

1855 4752 1983 4798 runt
2008 4741 2330 4795 Achaeorum
2365 4731 2675 4791 sententias,
2709 4728 2831 4805 aliis
2860 4725 3135 4793 Philippo,
3163 4720 3285 4775 aliis
3312 4718 3424 4773 Ro-

1854 4834 2033 4889 manis
2092 4828 2294 4883 auxilia
2367 4820 2816 4878 decernentibus.
2868 4816 2975 4872 Sed
3031 4829 3154 4869 sero
3208 4812 3423 4873 tandem

1857 4926 2122 4981 societate
2174 4919 2331 4980 inita,
2386 4914 2635 4969 Corinthi
2685 4908 3066 4981 oppugnandae
3124 4906 3424 4974 adjutores,

1856 5026 2013 5090 parte
2061 5012 2204 5066 muri
2240 5010 2450 5081 dejecta
2480 5049 2495 5073 ,
2528 5005 2737 5061 crebris
2772 5000 3158 5070 eruptionibus
3194 4995 3424 5064 fatigati,

1859 5087 2233 5165 recesserunt.
2277 5101 2485 5157 Deinde
2529 5097 2741 5150 veritus
2786 5093 3089 5162 Philippus,
3135 5102 3205 5141 ne
3242 5087 3428 5138 multa:

1861 5202 2026 5259 urbes
2070 5204 2439 5266 caperentur,
2484 5188 2879 5245 caduceatores
2935 5182 3001 5236 ad
3038 5180 3323 5234 consulem
3358 5177 3427 5231 de

1861 5310 1993 5364 pace
2034 5290 2201 5345 misit.
2238 5286 2340 5352 Qui
2370 5298 2494 5339 cum
2519 5283 2638 5351 ejus
2683 5275 2973 5348 postulatis
3008 5272 3336 5334 annuisset,
3371 5277 3428 5322 et

1864 5386 1965 5456 ipsi
2027 5392 2083 5437 et
2142 5380 2278 5433 socii
2326 5380 2749 5431 convenerunt:
2797 5369 2891 5423 sed
2924 5367 3061 5422 nihil
3114 5374 3294 5419 actum
3342 5371 3426 5417 est

1863 5477 2042 5539 aliud,
2095 5473 2201 5527 nisi
2230 5469 2374 5539 quod
2400 5465 2656 5532 Philippo
2694 5463 2898 5531 legatos
2944 5461 3171 5513 Romam
3214 5458 3427 5509 mittere

1864 5586 1947 5625 est
1974 5576 2297 5621 concessum
2330 5576 2345 5614 :
2373 5571 2438 5612 ac
2465 5570 2535 5611 ne
2567 5554 2638 5609 ibi
2673 5554 2894 5623 quidem
2926 5553 3223 5620 quidquam
3252 5547 3425 5616 impo-

1384 5713 1582 5775 Varizc
1605 5709 1913 5774 lectiones
1957 5712 2019 5765 et
2052 5708 2241 5763 nota).

278 5852 385 5921 (45)
424 5850 682 5904 Βαίειον.
721 5844 795 5899 lta
827 5841 980 5914 Regii
1012 5842 1143 5908 duo,
1174 5840 1413 5896 Colbcrt.
1447 5839 1646 5891 Βαὲῖον.

1935 5827 2047 5900 (ii)
2080 5823 2354 5892 Οὺὰλιος.
2390 5824 2507 5879 Duo
2539 5817 2691 5889 Regii
2721 5826 2774 5871 ct
2794 5814 3037 5869 Culhert.
3060 5810 3333 5871 Οὺίἀλιος.
