  <div class='ocr_page' id='page_1' title='image "/cluster/home/n/w/nwhite01/storage/ocr_20150623/134/pst.000005714506/387.png"; bbox 0 0 4012 6330; ppageno 0'>
   <div class='ocr_carea' id='block_1_1' title="bbox 643 397 748 459">
    <p class='ocr_par' dir='ltr' id='par_1_1' title="bbox 643 397 748 459">
     <span class='ocr_line' id='line_1_1' title="bbox 643 397 748 459; baseline 0 -1"><span class='ocrx_word' id='word_1_1' title='bbox 643 397 748 459; x_wconf 77' lang='lat'><strong>75&#39;.)</strong></span> 
     </span>
    </p>
   </div>
   <div class='ocr_carea' id='block_1_2' title="bbox 1935 399 2617 462">
    <p class='ocr_par' dir='ltr' id='par_1_2' title="bbox 1935 399 2617 462">
     <span class='ocr_line' id='line_1_2' title="bbox 1935 399 2617 462; baseline 0 0"><span class='ocrx_word' id='word_1_2' title='bbox 1935 399 2258 462; x_wconf 75' lang='lat' dir='ltr'><strong>JOANNIS</strong></span> <span class='ocrx_word' id='word_1_3' title='bbox 2296 400 2617 462; x_wconf 65' lang='lat' dir='ltr'><strong>ZJNARE</strong></span> 
     </span>
    </p>
   </div>
   <div class='ocr_carea' id='block_1_3' title="bbox 3769 403 3866 463">
    <p class='ocr_par' dir='ltr' id='par_1_3' title="bbox 3769 403 3866 463">
     <span class='ocr_line' id='line_1_3' title="bbox 3769 403 3866 463; baseline -0.021 0"><span class='ocrx_word' id='word_1_4' title='bbox 3769 403 3866 463; x_wconf 72' lang='lat'><strong>766</strong></span> 
     </span>
    </p>
   </div>
   <div class='ocr_carea' id='block_1_4' title="bbox 641 505 2191 585">
    <p class='ocr_par' dir='ltr' id='par_1_4' title="bbox 641 505 2191 580">
     <span class='ocr_line' id='line_1_4' title="bbox 641 505 2191 580; baseline 0.004 -21"><span class='ocrx_word' id='word_1_5' title='bbox 641 515 867 560; x_wconf 84' lang='lat' dir='ltr'><strong>tratum.</strong></span> <span class='ocrx_word' id='word_1_6' title='bbox 909 505 1044 561; x_wconf 87' lang='lat' dir='ltr'><strong>Nam</strong></span> <span class='ocrx_word' id='word_1_7' title='bbox 1093 505 1299 564; x_wconf 70' lang='lat' dir='ltr'><strong>Graecis</strong></span> <span class='ocrx_word' id='word_1_8' title='bbox 1342 508 1772 580; x_wconf 72' lang='lat' dir='ltr'><strong>postulantibus,</strong></span> <span class='ocrx_word' id='word_1_9' title='bbox 1818 517 1878 563; x_wconf 87' lang='lat' dir='ltr'><strong>ut</strong></span> <span class='ocrx_word' id='word_1_10' title='bbox 1912 510 2191 575; x_wconf 79' lang='lat' dir='ltr'><strong>Corintho,</strong></span> 
     </span>
    </p>
   </div>
   <div class='ocr_carea' id='block_1_5' title="bbox 2294 505 3869 585">
    <p class='ocr_par' dir='ltr' id='par_1_5' title="bbox 2306 511 3869 585">
     <span class='ocr_line' id='line_1_5' title="bbox 2306 511 3869 585; baseline 0.001 -20"><span class='ocrx_word' id='word_1_11' title='bbox 2306 515 2431 577; x_wconf 81' lang='grc' dir='ltr'><strong>τοὺς</strong></span> <span class='ocrx_word' id='word_1_12' title='bbox 2462 514 2655 581; x_wconf 79' lang='grc' dir='ltr'><strong>λόγους</strong></span> <span class='ocrx_word' id='word_1_13' title='bbox 2688 511 2878 575; x_wconf 83' lang='grc' dir='ltr'><strong>αὐτοῦ,</strong></span> <span class='ocrx_word' id='word_1_14' title='bbox 2912 512 3007 567; x_wconf 66' lang='grc' dir='ltr'><strong>καὶ</strong></span> <span class='ocrx_word' id='word_1_15' title='bbox 3048 513 3308 583; x_wconf 75' lang='grc' dir='ltr'><strong>συνῆλθον</strong></span> <span class='ocrx_word' id='word_1_16' title='bbox 3339 512 3491 568; x_wconf 70' lang='grc' dir='ltr'><strong>αὐτοὶ</strong></span> <span class='ocrx_word' id='word_1_17' title='bbox 3534 514 3627 569; x_wconf 62' lang='grc' dir='ltr'><strong>καὶ</strong></span> <span class='ocrx_word' id='word_1_18' title='bbox 3656 515 3710 569; x_wconf 74' lang='grc' dir='ltr'><strong>οἱ</strong></span> <span class='ocrx_word' id='word_1_19' title='bbox 3742 516 3869 585; x_wconf 72' lang='grc' dir='ltr'><strong>σύμ-</strong></span> 
     </span>
    </p>
   </div>
   <div class='ocr_carea' id='block_1_6' title="bbox 639 597 2198 662">
    <p class='ocr_par' dir='ltr' id='par_1_6' title="bbox 639 597 2198 662">
     <span class='ocr_line' id='line_1_6' title="bbox 639 597 2198 662; baseline 0.004 -11"><span class='ocrx_word' id='word_1_20' title='bbox 639 597 900 655; x_wconf 86' lang='lat' dir='ltr'><strong>Chalcide</strong></span> <span class='ocrx_word' id='word_1_21' title='bbox 933 608 987 654; x_wconf 87' lang='lat' dir='ltr'><strong>et</strong></span> <span class='ocrx_word' id='word_1_22' title='bbox 1016 599 1330 656; x_wconf 77' lang='lat' dir='ltr'><strong>Thessalica</strong></span> <span class='ocrx_word' id='word_1_23' title='bbox 1380 601 1730 656; x_wconf 85' lang='lat' dir='ltr'><strong>Demetriade</strong></span> <span class='ocrx_word' id='word_1_24' title='bbox 1767 600 2028 662; x_wconf 82' lang='lat' dir='ltr'><strong>cederet;</strong></span> <span class='ocrx_word' id='word_1_25' title='bbox 2066 602 2198 657; x_wconf 80' lang='lat' dir='ltr'><strong>l&#39;hi-</strong></span> 
     </span>
    </p>
   </div>
   <div class='ocr_carea' id='block_1_7' title="bbox 639 692 2199 763">
    <p class='ocr_par' dir='ltr' id='par_1_7' title="bbox 639 692 2199 763">
     <span class='ocr_line' id='line_1_7' title="bbox 639 692 2199 763; baseline 0.003 -18"><span class='ocrx_word' id='word_1_26' title='bbox 639 692 772 762; x_wconf 78' lang='lat' dir='ltr'><strong>lippi</strong></span> <span class='ocrx_word' id='word_1_27' title='bbox 788 693 960 763; x_wconf 71' lang='lat' dir='ltr'><strong>legati</strong></span> <span class='ocrx_word' id='word_1_28' title='bbox 984 694 1123 750; x_wconf 83' lang='lat' dir='ltr'><strong>nihil</strong></span> <span class='ocrx_word' id='word_1_29' title='bbox 1152 693 1227 751; x_wconf 86' lang='lat' dir='ltr'><strong>dc</strong></span> <span class='ocrx_word' id='word_1_30' title='bbox 1270 695 1339 751; x_wconf 82' lang='lat' dir='ltr'><strong>iis</strong></span> <span class='ocrx_word' id='word_1_31' title='bbox 1390 696 1618 751; x_wconf 81' lang='lat' dir='ltr'><strong>urbibus</strong></span> <span class='ocrx_word' id='word_1_32' title='bbox 1643 696 1697 749; x_wconf 90' lang='lat' dir='ltr'><strong>in</strong></span> <span class='ocrx_word' id='word_1_33' title='bbox 1720 696 1992 750; x_wconf 84' lang='lat' dir='ltr'><strong>mandatis</strong></span> <span class='ocrx_word' id='word_1_34' title='bbox 2017 711 2075 750; x_wconf 90' lang='lat' dir='ltr'><strong>se</strong></span> <span class='ocrx_word' id='word_1_35' title='bbox 2099 695 2199 750; x_wconf 64' lang='lat' dir='ltr'><strong>ha«</strong></span> 
     </span>
    </p>
   </div>
   <div class='ocr_carea' id='block_1_8' title="bbox 642 781 2199 848">
    <p class='ocr_par' dir='ltr' id='par_1_8' title="bbox 642 781 2199 848">
     <span class='ocr_line' id='line_1_8' title="bbox 642 781 2199 848; baseline 0.002 -14"><span class='ocrx_word' id='word_1_36' title='bbox 642 781 769 835; x_wconf 87' lang='lat' dir='ltr'><strong>bere</strong></span> <span class='ocrx_word' id='word_1_37' title='bbox 808 781 1161 848; x_wconf 72' lang='lat' dir='ltr'><strong>afﬁrmantes,</strong></span> <span class='ocrx_word' id='word_1_38' title='bbox 1196 785 1360 839; x_wconf 85' lang='lat' dir='ltr'><strong>rebus</strong></span> <span class='ocrx_word' id='word_1_39' title='bbox 1390 784 1609 840; x_wconf 81' lang='lat' dir='ltr'><strong>infectis</strong></span> <span class='ocrx_word' id='word_1_40' title='bbox 1649 783 2040 840; x_wconf 79' lang='lat' dir='ltr'><strong>discesserunt.</strong></span> <span class='ocrx_word' id='word_1_41' title='bbox 2084 784 2199 839; x_wconf 79' lang='lat' dir='ltr'><strong>Bo-</strong></span> 
     </span>
    </p>
   </div>
   <div class='ocr_carea' id='block_1_9' title="bbox 636 873 2197 951">
    <p class='ocr_par' dir='ltr' id='par_1_9' title="bbox 636 873 2197 951">
     <span class='ocr_line' id='line_1_9' title="bbox 636 873 2197 951; baseline 0.002 -28"><span class='ocrx_word' id='word_1_42' title='bbox 636 873 782 926; x_wconf 87' lang='lat' dir='ltr'><strong>mani</strong></span> <span class='ocrx_word' id='word_1_43' title='bbox 829 887 961 927; x_wconf 91' lang='lat' dir='ltr'><strong>vero</strong></span> <span class='ocrx_word' id='word_1_44' title='bbox 988 873 1210 929; x_wconf 64' lang='lat' dir='ltr'><strong>Graeciaa</strong></span> <span class='ocrx_word' id='word_1_45' title='bbox 1242 876 1600 945; x_wconf 83' lang='lat' dir='ltr'><strong>provinciam,</strong></span> <span class='ocrx_word' id='word_1_46' title='bbox 1630 884 1688 951; x_wconf 83' lang='lat' dir='ltr'><strong>et</strong></span> <span class='ocrx_word' id='word_1_47' title='bbox 1720 875 1921 930; x_wconf 88' lang='lat' dir='ltr'><strong>bellum</strong></span> <span class='ocrx_word' id='word_1_48' title='bbox 1963 873 2197 944; x_wconf 84' lang='lat' dir='ltr'><strong>Philippi</strong></span> 
     </span>
    </p>
   </div>
   <div class='ocr_carea' id='block_1_10' title="bbox 635 964 2195 1036">
    <p class='ocr_par' dir='ltr' id='par_1_10' title="bbox 635 964 2195 1036">
     <span class='ocr_line' id='line_1_10' title="bbox 635 964 2195 1036; baseline 0.002 -20"><span class='ocrx_word' id='word_1_49' title='bbox 635 978 760 1016; x_wconf 83' lang='lat' dir='ltr'><strong>cum</strong></span> <span class='ocrx_word' id='word_1_50' title='bbox 811 964 1100 1029; x_wconf 85' lang='lat' dir='ltr'><strong>Flaminio,</strong></span> <span class='ocrx_word' id='word_1_51' title='bbox 1142 965 1196 1019; x_wconf 93' lang='lat' dir='ltr'><strong>in</strong></span> <span class='ocrx_word' id='word_1_52' title='bbox 1228 974 1550 1036; x_wconf 81' lang='lat' dir='ltr'><strong>sequentem</strong></span> <span class='ocrx_word' id='word_1_53' title='bbox 1584 968 1749 1021; x_wconf 89' lang='lat' dir='ltr'><strong>etiam</strong></span> <span class='ocrx_word' id='word_1_54' title='bbox 1774 982 1977 1020; x_wconf 90' lang='lat' dir='ltr'><strong>annum</strong></span> <span class='ocrx_word' id='word_1_55' title='bbox 2012 982 2195 1035; x_wconf 81' lang='lat' dir='ltr'><strong>proru-</strong></span> 
     </span>
    </p>
   </div>
   <div class='ocr_carea' id='block_1_11' title="bbox 634 1054 2196 1121">
    <p class='ocr_par' dir='ltr' id='par_1_11' title="bbox 634 1054 2196 1121">
     <span class='ocr_line' id='line_1_11' title="bbox 634 1054 2196 1121; baseline 0.003 -16"><span class='ocrx_word' id='word_1_56' title='bbox 634 1061 849 1121; x_wconf 80' lang='lat' dir='ltr'><strong>garunt.</strong></span> <span class='ocrx_word' id='word_1_57' title='bbox 885 1054 986 1119; x_wconf 85' lang='lat' dir='ltr'><strong>Qui</strong></span> <span class='ocrx_word' id='word_1_58' title='bbox 1027 1069 1150 1108; x_wconf 92' lang='lat' dir='ltr'><strong>cum</strong></span> <span class='ocrx_word' id='word_1_59' title='bbox 1184 1055 1258 1109; x_wconf 89' lang='lat' dir='ltr'><strong>ibi</strong></span> <span class='ocrx_word' id='word_1_60' title='bbox 1288 1070 1581 1110; x_wconf 87' lang='lat' dir='ltr'><strong>mansurus</strong></span> <span class='ocrx_word' id='word_1_61' title='bbox 1612 1066 1778 1117; x_wconf 85' lang='lat' dir='ltr'><strong>esset,</strong></span> <span class='ocrx_word' id='word_1_62' title='bbox 1812 1056 1878 1110; x_wconf 86' lang='lat' dir='ltr'><strong>ad</strong></span> <span class='ocrx_word' id='word_1_63' title='bbox 1910 1056 2105 1110; x_wconf 91' lang='lat' dir='ltr'><strong>bellum</strong></span> <span class='ocrx_word' id='word_1_64' title='bbox 2137 1071 2196 1110; x_wconf 90' lang='lat' dir='ltr'><strong>se</strong></span> 
     </span>
    </p>
   </div>
   <div class='ocr_carea' id='block_1_12' title="bbox 639 1144 2195 1217">
    <p class='ocr_par' dir='ltr' id='par_1_12' title="bbox 639 1144 2195 1217">
     <span class='ocr_line' id='line_1_12' title="bbox 639 1144 2195 1217; baseline 0.002 -21"><span class='ocrx_word' id='word_1_65' title='bbox 639 1146 889 1212; x_wconf 85' lang='lat' dir='ltr'><strong>paravit:</strong></span> <span class='ocrx_word' id='word_1_66' title='bbox 942 1144 1105 1217; x_wconf 67' lang='lat' dir='ltr'><strong>m</strong></span> <span class='ocrx_word' id='word_1_67' title='bbox 1150 1160 1326 1214; x_wconf 88' lang='lat' dir='ltr'><strong>eoque</strong></span> <span class='ocrx_word' id='word_1_68' title='bbox 1374 1147 1565 1216; x_wconf 89' lang='lat' dir='ltr'><strong>magis,</strong></span> <span class='ocrx_word' id='word_1_69' title='bbox 1595 1147 1739 1216; x_wconf 88' lang='lat' dir='ltr'><strong>quod</strong></span> <span class='ocrx_word' id='word_1_70' title='bbox 1778 1148 1966 1205; x_wconf 88' lang='lat' dir='ltr'><strong>Nabis.</strong></span> <span class='ocrx_word' id='word_1_71' title='bbox 2025 1146 2195 1200; x_wconf 84' lang='lat' dir='ltr'><strong>Lace-</strong></span> 
     </span>
    </p>
   </div>
   <div class='ocr_carea' id='block_1_13' title="bbox 634 1233 2197 1307">
    <p class='ocr_par' dir='ltr' id='par_1_13' title="bbox 634 1233 2197 1307">
     <span class='ocr_line' id='line_1_13' title="bbox 634 1233 2197 1307; baseline 0.003 -22"><span class='ocrx_word' id='word_1_72' title='bbox 634 1233 1027 1289; x_wconf 63' lang='lat' dir='ltr'><strong>daemoniorum</strong></span> <span class='ocrx_word' id='word_1_73' title='bbox 1074 1247 1357 1305; x_wconf 80' lang='lat' dir='ltr'><strong>tyrannus,</strong></span> <span class='ocrx_word' id='word_1_74' title='bbox 1409 1252 1721 1307; x_wconf 84' lang='lat' dir='ltr'><strong>quanquam</strong></span> <span class='ocrx_word' id='word_1_75' title='bbox 1785 1237 2062 1305; x_wconf 80' lang='lat' dir='ltr'><strong>Philippi.</strong></span> <span class='ocrx_word' id='word_1_76' title='bbox 2126 1236 2197 1289; x_wconf 92' lang='lat' dir='ltr'><strong>ob</strong></span> 
     </span>
    </p>
   </div>
   <div class='ocr_carea' id='block_1_14' title="bbox 632 1324 2195 1396">
    <p class='ocr_par' dir='ltr' id='par_1_14' title="bbox 632 1324 2195 1396">
     <span class='ocr_line' id='line_1_14' title="bbox 632 1324 2195 1396; baseline 0.003 -21"><span class='ocrx_word' id='word_1_77' title='bbox 632 1324 807 1392; x_wconf 80' lang='lat' dir='ltr'><strong>Argos</strong></span> <span class='ocrx_word' id='word_1_78' title='bbox 833 1324 900 1377; x_wconf 87' lang='lat' dir='ltr'><strong>ab</strong></span> <span class='ocrx_word' id='word_1_79' title='bbox 926 1340 993 1378; x_wconf 91' lang='lat' dir='ltr'><strong>eo</strong></span> <span class='ocrx_word' id='word_1_80' title='bbox 1025 1336 1341 1395; x_wconf 87' lang='lat' dir='ltr'><strong>acceptum,</strong></span> <span class='ocrx_word' id='word_1_81' title='bbox 1392 1328 1602 1382; x_wconf 89' lang='lat' dir='ltr'><strong>amicus</strong></span> <span class='ocrx_word' id='word_1_82' title='bbox 1624 1366 1639 1389; x_wconf 89' lang='lat'><strong>,</strong></span> <span class='ocrx_word' id='word_1_83' title='bbox 1685 1343 1876 1396; x_wconf 89' lang='lat' dir='ltr'><strong>pacem</strong></span> <span class='ocrx_word' id='word_1_84' title='bbox 1908 1342 2032 1381; x_wconf 90' lang='lat' dir='ltr'><strong>cum</strong></span> <span class='ocrx_word' id='word_1_85' title='bbox 2075 1328 2195 1396; x_wconf 88' lang='lat' dir='ltr'><strong>ipso</strong></span> 
     </span>
    </p>
   </div>
   <div class='ocr_carea' id='block_1_15' title="bbox 632 1415 2198 1487">
    <p class='ocr_par' dir='ltr' id='par_1_15' title="bbox 632 1415 2198 1487">
     <span class='ocr_line' id='line_1_15' title="bbox 632 1415 2198 1487; baseline 0.004 -20"><span class='ocrx_word' id='word_1_86' title='bbox 632 1415 864 1471; x_wconf 81' lang='lat' dir='ltr'><strong>fecerat.</strong></span> <span class='ocrx_word' id='word_1_87' title='bbox 913 1416 1047 1471; x_wconf 87' lang='lat' dir='ltr'><strong>Nam</strong></span> <span class='ocrx_word' id='word_1_88' title='bbox 1104 1418 1235 1487; x_wconf 89' lang='lat' dir='ltr'><strong>quia</strong></span> <span class='ocrx_word' id='word_1_89' title='bbox 1288 1418 1512 1473; x_wconf 78' lang='lat' dir='ltr'><strong>Macedo</strong></span> <span class='ocrx_word' id='word_1_90' title='bbox 1583 1420 1755 1474; x_wconf 88' lang='lat' dir='ltr'><strong>multa</strong></span> <span class='ocrx_word' id='word_1_91' title='bbox 1802 1419 1963 1473; x_wconf 84' lang='lat' dir='ltr'><strong>simul</strong></span> <span class='ocrx_word' id='word_1_92' title='bbox 2004 1433 2198 1472; x_wconf 89' lang='lat' dir='ltr'><strong>curare</strong></span> 
     </span>
    </p>
   </div>
   <div class='ocr_carea' id='block_1_16' title="bbox 635 1510 2199 1576">
    <p class='ocr_par' dir='ltr' id='par_1_16' title="bbox 635 1510 2199 1576">
     <span class='ocr_line' id='line_1_16' title="bbox 635 1510 2199 1576; baseline 0.003 -15"><span class='ocrx_word' id='word_1_93' title='bbox 635 1523 746 1563; x_wconf 85' lang='lat' dir='ltr'><strong>non</strong></span> <span class='ocrx_word' id='word_1_94' title='bbox 788 1518 1027 1576; x_wconf 89' lang='lat' dir='ltr'><strong>poterat,</strong></span> <span class='ocrx_word' id='word_1_95' title='bbox 1078 1525 1199 1563; x_wconf 86' lang='lat' dir='ltr'><strong>eam</strong></span> <span class='ocrx_word' id='word_1_96' title='bbox 1256 1510 1469 1572; x_wconf 91' lang='lat' dir='ltr'><strong>urbem,</strong></span> <span class='ocrx_word' id='word_1_97' title='bbox 1512 1511 1721 1565; x_wconf 86' lang='lat' dir='ltr'><strong>veritus</strong></span> <span class='ocrx_word' id='word_1_98' title='bbox 1762 1525 1831 1564; x_wconf 89' lang='lat' dir='ltr'><strong>ne</strong></span> <span class='ocrx_word' id='word_1_99' title='bbox 1877 1525 1905 1564; x_wconf 87' lang='lat' dir='ltr'><strong>a</strong></span> <span class='ocrx_word' id='word_1_100' title='bbox 1936 1510 2199 1565; x_wconf 78' lang='lat' dir='ltr'><strong>Romanis</strong></span> 
     </span>
    </p>
   </div>
   <div class='ocr_carea' id='block_1_17' title="bbox 575 1594 2244 1673">
    <p class='ocr_par' dir='ltr' id='par_1_17' title="bbox 575 1594 2244 1673">
     <span class='ocr_line' id='line_1_17' title="bbox 575 1594 2244 1673; baseline 0.003 -21"><span class='ocrx_word' id='word_1_101' title='bbox 575 1627 583 1635; x_wconf 91' lang='lat'><strong>-</strong></span> <span class='ocrx_word' id='word_1_102' title='bbox 633 1608 945 1669; x_wconf 82' lang='lat' dir='ltr'><strong>caperetur,</strong></span> <span class='ocrx_word' id='word_1_103' title='bbox 976 1601 1203 1657; x_wconf 81' lang='lat' dir='ltr'><strong>Nabidis</strong></span> <span class='ocrx_word' id='word_1_104' title='bbox 1234 1601 1383 1663; x_wconf 81' lang='lat' dir='ltr'><strong>ﬁdei,</strong></span> <span class='ocrx_word' id='word_1_105' title='bbox 1430 1594 1683 1673; x_wconf 75' lang='lat' dir='ltr'><strong>depositi</strong></span> <span class='ocrx_word' id='word_1_106' title='bbox 1712 1602 1905 1665; x_wconf 85' lang='lat' dir='ltr'><strong>instar,</strong></span> <span class='ocrx_word' id='word_1_107' title='bbox 1961 1603 2194 1657; x_wconf 88' lang='lat' dir='ltr'><strong>commi-</strong></span> <span class='ocrx_word' id='word_1_108' title='bbox 2241 1634 2244 1636; x_wconf 58' lang='grc' dir='ltr'><strong>η</strong></span> 
     </span>
    </p>
   </div>
   <div class='ocr_carea' id='block_1_18' title="bbox 629 1688 2194 1762">
    <p class='ocr_par' dir='ltr' id='par_1_18' title="bbox 629 1688 2194 1762">
     <span class='ocr_line' id='line_1_18' title="bbox 629 1688 2194 1762; baseline 0.004 -21"><span class='ocrx_word' id='word_1_109' title='bbox 629 1693 715 1742; x_wconf 69' lang='lat' dir='ltr'><strong>sit,</strong></span> <span class='ocrx_word' id='word_1_110' title='bbox 743 1688 887 1744; x_wconf 70' lang='grc' dir='ltr'><strong>ιλΕΙίο</strong></span> <span class='ocrx_word' id='word_1_111' title='bbox 922 1691 1071 1747; x_wconf 71' lang='lat' dir='ltr'><strong>Paeto</strong></span> <span class='ocrx_word' id='word_1_112' title='bbox 1097 1695 1325 1749; x_wconf 90' lang='lat' dir='ltr'><strong>consule</strong></span> <span class='ocrx_word' id='word_1_113' title='bbox 1357 1694 1558 1748; x_wconf 90' lang='lat' dir='ltr'><strong>bellum</strong></span> <span class='ocrx_word' id='word_1_114' title='bbox 1596 1708 1722 1748; x_wconf 89' lang='lat' dir='ltr'><strong>cum</strong></span> <span class='ocrx_word' id='word_1_115' title='bbox 1753 1693 1922 1747; x_wconf 82' lang='lat' dir='ltr'><strong>Gallis</strong></span> <span class='ocrx_word' id='word_1_116' title='bbox 1948 1700 2194 1762; x_wconf 86' lang='lat' dir='ltr'><strong>gerente,</strong></span> 
     </span>
    </p>
   </div>
   <div class='ocr_carea' id='block_1_19' title="bbox 628 1779 2196 1855">
    <p class='ocr_par' dir='ltr' id='par_1_19' title="bbox 628 1779 2196 1855">
     <span class='ocr_line' id='line_1_19' title="bbox 628 1779 2196 1855; baseline 0.002 -22"><span class='ocrx_word' id='word_1_117' title='bbox 628 1779 730 1835; x_wconf 87' lang='lat' dir='ltr'><strong>etsi</strong></span> <span class='ocrx_word' id='word_1_118' title='bbox 758 1782 913 1838; x_wconf 81' lang='lat' dir='ltr'><strong>multi</strong></span> <span class='ocrx_word' id='word_1_119' title='bbox 946 1785 1205 1855; x_wconf 87' lang='lat' dir='ltr'><strong>utrinque</strong></span> <span class='ocrx_word' id='word_1_120' title='bbox 1235 1784 1291 1839; x_wconf 90' lang='lat' dir='ltr'><strong>in</strong></span> <span class='ocrx_word' id='word_1_121' title='bbox 1317 1783 1667 1839; x_wconf 76' lang='lat' dir='ltr'><strong>conﬂictibus</strong></span> <span class='ocrx_word' id='word_1_122' title='bbox 1686 1782 2027 1848; x_wconf 84' lang='lat' dir='ltr'><strong>ceciderunt,</strong></span> <span class='ocrx_word' id='word_1_123' title='bbox 2059 1783 2196 1837; x_wconf 86' lang='lat' dir='ltr'><strong>nihil</strong></span> 
     </span>
    </p>
   </div>
   <div class='ocr_carea' id='block_1_20' title="bbox 634 1854 2270 1944">
    <p class='ocr_par' dir='ltr' id='par_1_20' title="bbox 634 1854 2270 1944">
     <span class='ocr_line' id='line_1_20' title="bbox 634 1854 2270 1944; baseline 0.001 -19"><span class='ocrx_word' id='word_1_124' title='bbox 634 1882 816 1926; x_wconf 89' lang='lat' dir='ltr'><strong>tamen</strong></span> <span class='ocrx_word' id='word_1_125' title='bbox 868 1874 1223 1930; x_wconf 86' lang='lat' dir='ltr'><strong>memorabile</strong></span> <span class='ocrx_word' id='word_1_126' title='bbox 1271 1884 1483 1944; x_wconf 85' lang='lat' dir='ltr'><strong>gestum</strong></span> <span class='ocrx_word' id='word_1_127' title='bbox 1518 1884 1621 1931; x_wconf 69' lang='lat' dir='ltr'><strong>est.</strong></span> <span class='ocrx_word' id='word_1_128' title='bbox 1655 1874 1885 1932; x_wconf 82' lang='lat' dir='ltr'><strong>Obsides</strong></span> <span class='ocrx_word' id='word_1_129' title='bbox 1913 1874 2200 1943; x_wconf 81' lang='lat' dir='ltr'><strong>Carthagi-</strong></span> <span class='ocrx_word' id='word_1_130' title='bbox 2231 1854 2270 1906; x_wconf 72' lang='grc' dir='ltr'><strong>Β</strong></span> 
     </span>
    </p>
   </div>
   <div class='ocr_carea' id='block_1_21' title="bbox 629 1965 2195 2037">
    <p class='ocr_par' dir='ltr' id='par_1_21' title="bbox 629 1965 2195 2037">
     <span class='ocr_line' id='line_1_21' title="bbox 629 1965 2195 2037; baseline 0.004 -22"><span class='ocrx_word' id='word_1_131' title='bbox 629 1965 907 2026; x_wconf 88' lang='lat' dir='ltr'><strong>nensium,</strong></span> <span class='ocrx_word' id='word_1_132' title='bbox 937 1980 1132 2019; x_wconf 88' lang='lat' dir='ltr'><strong>eorum</strong></span> <span class='ocrx_word' id='word_1_133' title='bbox 1163 1966 1307 2021; x_wconf 88' lang='lat' dir='ltr'><strong>servi</strong></span> <span class='ocrx_word' id='word_1_134' title='bbox 1340 1976 1396 2022; x_wconf 90' lang='lat' dir='ltr'><strong>et</strong></span> <span class='ocrx_word' id='word_1_135' title='bbox 1428 1967 1629 2037; x_wconf 78' lang='lat' dir='ltr'><strong>captivi</strong></span> <span class='ocrx_word' id='word_1_136' title='bbox 1658 1966 1951 2021; x_wconf 81' lang='lat' dir='ltr'><strong>venundati</strong></span> <span class='ocrx_word' id='word_1_137' title='bbox 1979 2006 1992 2031; x_wconf 95' lang='lat'><strong>,</strong></span> <span class='ocrx_word' id='word_1_138' title='bbox 2029 1966 2195 2022; x_wconf 90' lang='lat' dir='ltr'><strong>urbes</strong></span> 
     </span>
    </p>
   </div>
   <div class='ocr_carea' id='block_1_22' title="bbox 630 2056 2195 2127">
    <p class='ocr_par' dir='ltr' id='par_1_22' title="bbox 630 2056 2195 2127">
     <span class='ocr_line' id='line_1_22' title="bbox 630 2056 2195 2127; baseline 0.002 -19"><span class='ocrx_word' id='word_1_139' title='bbox 630 2056 687 2108; x_wconf 89' lang='lat' dir='ltr'><strong>in</strong></span> <span class='ocrx_word' id='word_1_140' title='bbox 731 2056 933 2125; x_wconf 89' lang='lat' dir='ltr'><strong>quibus</strong></span> <span class='ocrx_word' id='word_1_141' title='bbox 975 2058 1183 2126; x_wconf 86' lang='lat' dir='ltr'><strong>quique</strong></span> <span class='ocrx_word' id='word_1_142' title='bbox 1217 2058 1509 2127; x_wconf 73' lang='lat' dir='ltr'><strong>degebant,</strong></span> <span class='ocrx_word' id='word_1_143' title='bbox 1546 2073 1817 2125; x_wconf 84' lang='lat' dir='ltr'><strong>occupare</strong></span> <span class='ocrx_word' id='word_1_144' title='bbox 1841 2058 1982 2121; x_wconf 86' lang='lat' dir='ltr'><strong>ausi,</strong></span> <span class='ocrx_word' id='word_1_145' title='bbox 2011 2056 2195 2111; x_wconf 87' lang='lat' dir='ltr'><strong>multis</strong></span> 
     </span>
    </p>
   </div>
   <div class='ocr_carea' id='block_1_23' title="bbox 628 2147 2194 2218">
    <p class='ocr_par' dir='ltr' id='par_1_23' title="bbox 628 2147 2194 2218">
     <span class='ocr_line' id='line_1_23' title="bbox 628 2147 2194 2218; baseline 0.003 -19"><span class='ocrx_word' id='word_1_146' title='bbox 628 2147 843 2202; x_wconf 80' lang='lat' dir='ltr'><strong>civibus</strong></span> <span class='ocrx_word' id='word_1_147' title='bbox 884 2149 1189 2203; x_wconf 82' lang='lat' dir='ltr'><strong>interfectis</strong></span> <span class='ocrx_word' id='word_1_148' title='bbox 1243 2166 1257 2203; x_wconf 90' lang='lat'>:</span> <span class='ocrx_word' id='word_1_149' title='bbox 1316 2165 1346 2202; x_wconf 91' lang='lat' dir='ltr'><strong>a</strong></span> <span class='ocrx_word' id='word_1_150' title='bbox 1377 2147 1634 2203; x_wconf 77' lang='lat' dir='ltr'><strong>Ceruelio</strong></span> <span class='ocrx_word' id='word_1_151' title='bbox 1687 2149 1917 2203; x_wconf 80' lang='lat' dir='ltr'><strong>Lentulo</strong></span> <span class='ocrx_word' id='word_1_152' title='bbox 1964 2158 2194 2218; x_wconf 69' lang='lat' dir='ltr'><strong>praetore</strong></span> 
     </span>
    </p>
   </div>
   <div class='ocr_carea' id='block_1_24' title="bbox 625 2241 2196 2314">
    <p class='ocr_par' dir='ltr' id='par_1_24' title="bbox 625 2241 2196 2314">
     <span class='ocr_line' id='line_1_24' title="bbox 625 2241 2196 2314; baseline 0.002 -20"><span class='ocrx_word' id='word_1_153' title='bbox 625 2248 755 2294; x_wconf 85' lang='lat' dir='ltr'><strong>sunt</strong></span> <span class='ocrx_word' id='word_1_154' title='bbox 787 2241 1053 2310; x_wconf 80' lang='lat' dir='ltr'><strong>oppressi,</strong></span> <span class='ocrx_word' id='word_1_155' title='bbox 1092 2243 1245 2313; x_wconf 87' lang='lat' dir='ltr'><strong>prius</strong></span> <span class='ocrx_word' id='word_1_156' title='bbox 1268 2258 1431 2314; x_wconf 91' lang='lat' dir='ltr'><strong>quam</strong></span> <span class='ocrx_word' id='word_1_157' title='bbox 1456 2244 1678 2313; x_wconf 81' lang='lat' dir='ltr'><strong>gravius</strong></span> <span class='ocrx_word' id='word_1_158' title='bbox 1709 2243 1915 2313; x_wconf 86' lang='lat' dir='ltr'><strong>aliquid</strong></span> <span class='ocrx_word' id='word_1_159' title='bbox 1940 2243 2196 2298; x_wconf 87' lang='lat' dir='ltr'><strong>commit-</strong></span> 
     </span>
    </p>
   </div>
   <div class='ocr_carea' id='block_1_25' title="bbox 628 2335 2195 2403">
    <p class='ocr_par' dir='ltr' id='par_1_25' title="bbox 628 2335 2195 2403">
     <span class='ocr_line' id='line_1_25' title="bbox 628 2335 2195 2403; baseline 0.003 -17"><span class='ocrx_word' id='word_1_160' title='bbox 628 2343 857 2389; x_wconf 86' lang='lat' dir='ltr'><strong>teretur.</strong></span> <span class='ocrx_word' id='word_1_161' title='bbox 890 2337 963 2390; x_wconf 81' lang='lat' dir='ltr'><strong>At</strong></span> <span class='ocrx_word' id='word_1_162' title='bbox 996 2335 1136 2392; x_wconf 86' lang='lat' dir='ltr'><strong>Galli</strong></span> <span class='ocrx_word' id='word_1_163' title='bbox 1171 2338 1527 2392; x_wconf 83' lang='lat' dir='ltr'><strong>successibus</strong></span> <span class='ocrx_word' id='word_1_164' title='bbox 1564 2337 1717 2403; x_wconf 90' lang='lat' dir='ltr'><strong>elati,</strong></span> <span class='ocrx_word' id='word_1_165' title='bbox 1760 2352 1885 2393; x_wconf 89' lang='lat' dir='ltr'><strong>cum</strong></span> <span class='ocrx_word' id='word_1_166' title='bbox 1916 2337 2195 2392; x_wconf 84' lang='lat' dir='ltr'><strong>Romanos</strong></span> 
     </span>
    </p>
   </div>
   <div class='ocr_carea' id='block_1_26' title="bbox 625 2424 2194 2495">
    <p class='ocr_par' dir='ltr' id='par_1_26' title="bbox 625 2424 2194 2495">
     <span class='ocr_line' id='line_1_26' title="bbox 625 2424 2194 2495; baseline 0.003 -21"><span class='ocrx_word' id='word_1_167' title='bbox 625 2424 806 2480; x_wconf 80' lang='lat' dir='ltr'><strong>obiter</strong></span> <span class='ocrx_word' id='word_1_168' title='bbox 835 2438 1025 2480; x_wconf 86' lang='lat' dir='ltr'><strong>secum</strong></span> <span class='ocrx_word' id='word_1_169' title='bbox 1055 2425 1262 2481; x_wconf 88' lang='lat' dir='ltr'><strong>bellare</strong></span> <span class='ocrx_word' id='word_1_170' title='bbox 1288 2427 1808 2491; x_wconf 76' lang='lat' dir='ltr'><strong>animadverterent,</strong></span> <span class='ocrx_word' id='word_1_171' title='bbox 1845 2426 1918 2479; x_wconf 89' lang='lat' dir='ltr'><strong>ita</strong></span> <span class='ocrx_word' id='word_1_172' title='bbox 1944 2441 2002 2479; x_wconf 88' lang='lat' dir='ltr'><strong>se</strong></span> <span class='ocrx_word' id='word_1_173' title='bbox 2030 2440 2194 2495; x_wconf 87' lang='lat' dir='ltr'><strong>para-</strong></span> 
     </span>
    </p>
   </div>
   <div class='ocr_carea' id='block_1_27' title="bbox 629 2516 2195 2587">
    <p class='ocr_par' dir='ltr' id='par_1_27' title="bbox 629 2516 2195 2587">
     <span class='ocr_line' id='line_1_27' title="bbox 629 2516 2195 2587; baseline 0.003 -20"><span class='ocrx_word' id='word_1_174' title='bbox 629 2516 780 2581; x_wconf 85' lang='lat' dir='ltr'><strong>bant,</strong></span> <span class='ocrx_word' id='word_1_175' title='bbox 824 2517 982 2586; x_wconf 84' lang='lat' dir='ltr'><strong>quasi</strong></span> <span class='ocrx_word' id='word_1_176' title='bbox 1025 2516 1198 2587; x_wconf 81' lang='lat' dir='ltr'><strong>ipsam</strong></span> <span class='ocrx_word' id='word_1_177' title='bbox 1250 2518 1443 2573; x_wconf 89' lang='lat' dir='ltr'><strong>urbem</strong></span> <span class='ocrx_word' id='word_1_178' title='bbox 1504 2517 1897 2587; x_wconf 78' lang='lat' dir='ltr'><strong>Oppugnaturi.</strong></span> <span class='ocrx_word' id='word_1_179' title='bbox 1936 2516 2056 2582; x_wconf 86' lang='lat' dir='ltr'><strong>Quo</strong></span> <span class='ocrx_word' id='word_1_180' title='bbox 2100 2530 2195 2572; x_wconf 83' lang='lat' dir='ltr'><strong>co—</strong></span> 
     </span>
    </p>
   </div>
   <div class='ocr_carea' id='block_1_28' title="bbox 630 2606 2194 2678">
    <p class='ocr_par' dir='ltr' id='par_1_28' title="bbox 630 2606 2194 2678">
     <span class='ocr_line' id='line_1_28' title="bbox 630 2606 2194 2678; baseline 0.003 -19"><span class='ocrx_word' id='word_1_181' title='bbox 630 2616 760 2661; x_wconf 88' lang='lat' dir='ltr'><strong>natu</strong></span> <span class='ocrx_word' id='word_1_182' title='bbox 789 2607 1022 2663; x_wconf 79' lang='lat' dir='ltr'><strong>Romani</strong></span> <span class='ocrx_word' id='word_1_183' title='bbox 1067 2608 1281 2669; x_wconf 85' lang='lat' dir='ltr'><strong>territi,</strong></span> <span class='ocrx_word' id='word_1_184' title='bbox 1338 2615 1633 2678; x_wconf 89' lang='lat' dir='ltr'><strong>utrumque</strong></span> <span class='ocrx_word' id='word_1_185' title='bbox 1677 2608 1962 2663; x_wconf 88' lang='lat' dir='ltr'><strong>consulem</strong></span> <span class='ocrx_word' id='word_1_186' title='bbox 1988 2606 2194 2664; x_wconf 89' lang='lat' dir='ltr'><strong>Corne-</strong></span> 
     </span>
    </p>
   </div>
   <div class='ocr_carea' id='block_1_29' title="bbox 627 2699 2192 2771">
    <p class='ocr_par' dir='ltr' id='par_1_29' title="bbox 627 2699 2192 2771">
     <span class='ocr_line' id='line_1_29' title="bbox 627 2699 2192 2771; baseline 0.001 -18"><span class='ocrx_word' id='word_1_187' title='bbox 627 2699 763 2753; x_wconf 90' lang='lat' dir='ltr'><strong>lium</strong></span> <span class='ocrx_word' id='word_1_188' title='bbox 801 2700 1103 2771; x_wconf 77' lang='lat' dir='ltr'><strong>Cethegum</strong></span> <span class='ocrx_word' id='word_1_189' title='bbox 1145 2712 1203 2756; x_wconf 91' lang='lat' dir='ltr'><strong>et</strong></span> <span class='ocrx_word' id='word_1_190' title='bbox 1229 2699 1521 2756; x_wconf 75' lang='lat' dir='ltr'><strong>Minatium</strong></span> <span class='ocrx_word' id='word_1_191' title='bbox 1571 2701 1796 2764; x_wconf 82' lang='lat' dir='ltr'><strong>Rufum,</strong></span> <span class='ocrx_word' id='word_1_192' title='bbox 1831 2710 2021 2756; x_wconf 90' lang='lat' dir='ltr'><strong>contra</strong></span> <span class='ocrx_word' id='word_1_193' title='bbox 2068 2700 2192 2755; x_wconf 84' lang='lat' dir='ltr'><strong>Gal-</strong></span> 
     </span>
    </p>
   </div>
   <div class='ocr_carea' id='block_1_30' title="bbox 626 2789 2193 2859">
    <p class='ocr_par' dir='ltr' id='par_1_30' title="bbox 626 2789 2193 2859">
     <span class='ocr_line' id='line_1_30' title="bbox 626 2789 2193 2859; baseline 0.001 -17"><span class='ocrx_word' id='word_1_194' title='bbox 626 2790 708 2843; x_wconf 85' lang='lat' dir='ltr'><strong>los</strong></span> <span class='ocrx_word' id='word_1_195' title='bbox 739 2790 1008 2844; x_wconf 89' lang='lat' dir='ltr'><strong>miserunt</strong></span> <span class='ocrx_word' id='word_1_196' title='bbox 1042 2807 1056 2842; x_wconf 88' lang='lat'><strong>:</strong></span> <span class='ocrx_word' id='word_1_197' title='bbox 1103 2789 1197 2859; x_wconf 89' lang='lat' dir='ltr'><strong>qui</strong></span> <span class='ocrx_word' id='word_1_198' title='bbox 1229 2789 1376 2845; x_wconf 90' lang='lat' dir='ltr'><strong>inter</strong></span> <span class='ocrx_word' id='word_1_199' title='bbox 1414 2804 1473 2844; x_wconf 87' lang='lat' dir='ltr'><strong>se</strong></span> <span class='ocrx_word' id='word_1_200' title='bbox 1507 2789 1696 2851; x_wconf 81' lang='lat' dir='ltr'><strong>divisi,</strong></span> <span class='ocrx_word' id='word_1_201' title='bbox 1732 2790 1874 2845; x_wconf 88' lang='lat' dir='ltr'><strong>alius</strong></span> <span class='ocrx_word' id='word_1_202' title='bbox 1912 2790 2075 2843; x_wconf 81' lang='lat' dir='ltr'><strong>aliam</strong></span> <span class='ocrx_word' id='word_1_203' title='bbox 2103 2805 2193 2843; x_wconf 91' lang='lat' dir='ltr'><strong>re-</strong></span> 
     </span>
    </p>
   </div>
   <div class='ocr_carea' id='block_1_31' title="bbox 629 2880 2194 2949">
    <p class='ocr_par' dir='ltr' id='par_1_31' title="bbox 629 2880 2194 2949">
     <span class='ocr_line' id='line_1_31' title="bbox 629 2880 2194 2949; baseline 0.001 -15"><span class='ocrx_word' id='word_1_204' title='bbox 629 2880 845 2949; x_wconf 83' lang='lat' dir='ltr'><strong>gionem</strong></span> <span class='ocrx_word' id='word_1_205' title='bbox 904 2880 1161 2935; x_wconf 74' lang='lat' dir='ltr'><strong>vastavit.</strong></span> <span class='ocrx_word' id='word_1_206' title='bbox 1219 2880 1292 2935; x_wconf 88' lang='lat' dir='ltr'><strong>Ut</strong></span> <span class='ocrx_word' id='word_1_207' title='bbox 1339 2881 1617 2942; x_wconf 85' lang='lat' dir='ltr'><strong>consules.</strong></span> <span class='ocrx_word' id='word_1_208' title='bbox 1675 2881 1751 2935; x_wconf 87' lang='lat' dir='ltr'><strong>ita</strong></span> <span class='ocrx_word' id='word_1_209' title='bbox 1801 2881 1967 2935; x_wconf 86' lang='lat' dir='ltr'><strong>etiam</strong></span> <span class='ocrx_word' id='word_1_210' title='bbox 2007 2881 2194 2935; x_wconf 88' lang='lat' dir='ltr'><strong>hostes</strong></span> 
     </span>
    </p>
   </div>
   <div class='ocr_carea' id='block_1_32' title="bbox 626 2970 2188 3041">
    <p class='ocr_par' dir='ltr' id='par_1_32' title="bbox 626 2970 2188 3041">
     <span class='ocr_line' id='line_1_32' title="bbox 626 2970 2188 3041; baseline 0.001 -18"><span class='ocrx_word' id='word_1_211' title='bbox 626 2972 812 3027; x_wconf 80' lang='lat' dir='ltr'><strong>divisi.</strong></span> <span class='ocrx_word' id='word_1_212' title='bbox 838 2973 933 3040; x_wconf 89' lang='lat' dir='ltr'><strong>qui</strong></span> <span class='ocrx_word' id='word_1_213' title='bbox 959 2987 1082 3025; x_wconf 87' lang='lat' dir='ltr'><strong>cum</strong></span> <span class='ocrx_word' id='word_1_214' title='bbox 1114 2971 1381 3027; x_wconf 74' lang='lat' dir='ltr'><strong>Antilcare</strong></span> <span class='ocrx_word' id='word_1_215' title='bbox 1413 2970 1654 3036; x_wconf 84' lang='lat' dir='ltr'><strong>luerunt,</strong></span> <span class='ocrx_word' id='word_1_216' title='bbox 1681 2970 1812 3025; x_wconf 79' lang='lat' dir='ltr'><strong>victi</strong></span> <span class='ocrx_word' id='word_1_217' title='bbox 1850 2987 1880 3025; x_wconf 87' lang='lat' dir='ltr'><strong>a</strong></span> <span class='ocrx_word' id='word_1_218' title='bbox 1926 2970 2188 3041; x_wconf 84' lang='lat' dir='ltr'><strong>Cethego.</strong></span> 
     </span>
    </p>
   </div>
   <div class='ocr_carea' id='block_1_33' title="bbox 623 3062 2191 3133">
    <p class='ocr_par' dir='ltr' id='par_1_33' title="bbox 623 3062 2191 3133">
     <span class='ocr_line' id='line_1_33' title="bbox 623 3062 2191 3133; baseline -0.001 -15"><span class='ocrx_word' id='word_1_219' title='bbox 623 3078 817 3133; x_wconf 84' lang='lat' dir='ltr'><strong>pacem</strong></span> <span class='ocrx_word' id='word_1_220' title='bbox 840 3065 1199 3132; x_wconf 84' lang='lat' dir='ltr'><strong>impetrarunt</strong></span> <span class='ocrx_word' id='word_1_221' title='bbox 1232 3078 1247 3116; x_wconf 83' lang='lat'><strong><em>:</em></strong></span> <span class='ocrx_word' id='word_1_222' title='bbox 1298 3062 1496 3132; x_wconf 87' lang='lat' dir='ltr'><strong>reliqui</strong></span> <span class='ocrx_word' id='word_1_223' title='bbox 1540 3076 1603 3116; x_wconf 89' lang='lat' dir='ltr'><strong>ea</strong></span> <span class='ocrx_word' id='word_1_224' title='bbox 1648 3062 1805 3117; x_wconf 84' lang='lat' dir='ltr'><strong>clade</strong></span> <span class='ocrx_word' id='word_1_225' title='bbox 1837 3062 2037 3127; x_wconf 85' lang='lat' dir='ltr'><strong>territi,</strong></span> <span class='ocrx_word' id='word_1_226' title='bbox 2065 3077 2191 3117; x_wconf 86' lang='lat' dir='ltr'><strong>cum</strong></span> 
     </span>
    </p>
   </div>
   <div class='ocr_carea' id='block_1_34' title="bbox 2303 602 3867 676">
    <p class='ocr_par' dir='ltr' id='par_1_34' title="bbox 2303 602 3867 676">
     <span class='ocr_line' id='line_1_34' title="bbox 2303 602 3867 676; baseline 0.001 -20"><span class='ocrx_word' id='word_1_227' title='bbox 2303 621 2488 672; x_wconf 86' lang='grc' dir='ltr'><strong>μαχοι.</strong></span> <span class='ocrx_word' id='word_1_228' title='bbox 2527 602 2808 674; x_wconf 82' lang='grc' dir='ltr'><strong>Ἐπράχθη</strong></span> <span class='ocrx_word' id='word_1_229' title='bbox 2830 602 2876 656; x_wconf 77' lang='grc' dir='ltr'><strong>δ’</strong></span> <span class='ocrx_word' id='word_1_230' title='bbox 2897 603 3121 676; x_wconf 63' lang='grc' dir='ltr'><strong>οὐδὲν,ῆ</strong></span> <span class='ocrx_word' id='word_1_231' title='bbox 3146 605 3229 658; x_wconf 81' lang='grc' dir='ltr'><strong>ὅτι</strong></span> <span class='ocrx_word' id='word_1_232' title='bbox 3254 605 3518 674; x_wconf 73' lang='grc' dir='ltr'><strong>πρέσϐεις</strong></span> <span class='ocrx_word' id='word_1_233' title='bbox 3538 608 3618 669; x_wconf 78' lang='grc' dir='ltr'><strong>είς</strong></span> <span class='ocrx_word' id='word_1_234' title='bbox 3650 606 3867 674; x_wconf 76' lang='grc' dir='ltr'><strong>Ῥώμην</strong></span> 
     </span>
    </p>
   </div>
   <div class='ocr_carea' id='block_1_35' title="bbox 2301 692 3865 765">
    <p class='ocr_par' dir='ltr' id='par_1_35' title="bbox 2301 692 3865 765">
     <span class='ocr_line' id='line_1_35' title="bbox 2301 692 3865 765; baseline 0.003 -20"><span class='ocrx_word' id='word_1_235' title='bbox 2301 694 2514 762; x_wconf 78' lang='grc' dir='ltr'>πέμψαι</span> <span class='ocrx_word' id='word_1_236' title='bbox 2540 693 2619 763; x_wconf 86' lang='grc' dir='ltr'><strong>τῷ</strong></span> <span class='ocrx_word' id='word_1_237' title='bbox 2644 692 2897 765; x_wconf 73' lang='grc' dir='ltr'><strong>Φιλίππῳ</strong></span> <span class='ocrx_word' id='word_1_238' title='bbox 2914 695 3222 765; x_wconf 69' lang='grc' dir='ltr'><strong>ἐπετράπη,</strong></span> <span class='ocrx_word' id='word_1_239' title='bbox 3250 696 3343 749; x_wconf 61' lang='grc' dir='ltr'><strong>καὶ⁵</strong></span> <span class='ocrx_word' id='word_1_240' title='bbox 3359 696 3481 749; x_wconf 72' lang='grc' dir='ltr'><strong>οὐδὲ</strong></span> <span class='ocrx_word' id='word_1_241' title='bbox 3515 696 3632 749; x_wconf 76' lang='grc' dir='ltr'><strong>ἐκεῖ</strong></span> <span class='ocrx_word' id='word_1_242' title='bbox 3664 716 3718 750; x_wconf 87' lang='grc' dir='ltr'><strong>τι</strong></span> <span class='ocrx_word' id='word_1_243' title='bbox 3750 699 3865 765; x_wconf 72' lang='grc' dir='ltr'><strong>ἑτέ·</strong></span> 
     </span>
    </p>
   </div>
   <div class='ocr_carea' id='block_1_36' title="bbox 2300 785 3863 856">
    <p class='ocr_par' dir='ltr' id='par_1_36' title="bbox 2300 785 3863 856">
     <span class='ocr_line' id='line_1_36' title="bbox 2300 785 3863 856; baseline 0.003 -19"><span class='ocrx_word' id='word_1_244' title='bbox 2300 802 2439 839; x_wconf 88' lang='grc' dir='ltr'><strong>νετο.</strong></span> <span class='ocrx_word' id='word_1_245' title='bbox 2474 785 2595 839; x_wconf 86' lang='grc' dir='ltr'><strong>Τῶν</strong></span> <span class='ocrx_word' id='word_1_246' title='bbox 2615 786 2722 856; x_wconf 82' lang='grc' dir='ltr'><strong>γὰρ</strong></span> <span class='ocrx_word' id='word_1_247' title='bbox 2756 786 3023 855; x_wconf 76' lang='grc' dir='ltr'><strong>Ἑλλήνιον</strong></span> <span class='ocrx_word' id='word_1_248' title='bbox 3048 787 3355 856; x_wconf 76' lang='grc' dir='ltr'><strong>ἀποστῆναι</strong></span> <span class='ocrx_word' id='word_1_249' title='bbox 3380 788 3547 841; x_wconf 78' lang='grc' dir='ltr'><strong>αὐτὸν</strong></span> <span class='ocrx_word' id='word_1_250' title='bbox 3574 787 3863 853; x_wconf 73' lang='grc' dir='ltr'><strong>ἀξιούντων</strong></span> 
     </span>
    </p>
   </div>
   <div class='ocr_carea' id='block_1_37' title="bbox 2298 876 3861 950">
    <p class='ocr_par' dir='ltr' id='par_1_37' title="bbox 2298 876 3861 950">
     <span class='ocr_line' id='line_1_37' title="bbox 2298 876 3861 950; baseline 0.003 -21"><span class='ocrx_word' id='word_1_251' title='bbox 2298 876 2398 944; x_wconf 84' lang='grc' dir='ltr'><strong>τῆς</strong></span> <span class='ocrx_word' id='word_1_252' title='bbox 2426 876 2693 945; x_wconf 75' lang='grc' dir='ltr'><strong>Κορίνθου</strong></span> <span class='ocrx_word' id='word_1_253' title='bbox 2722 879 2812 930; x_wconf 70' lang='grc' dir='ltr'><strong>καὶ</strong></span> <span class='ocrx_word' id='word_1_254' title='bbox 2838 878 2940 947; x_wconf 76' lang='grc' dir='ltr'><strong>τῆς</strong></span> <span class='ocrx_word' id='word_1_255' title='bbox 2965 878 3254 943; x_wconf 77' lang='grc' dir='ltr'><strong>Χαλκίδος,</strong></span> <span class='ocrx_word' id='word_1_256' title='bbox 3278 880 3378 948; x_wconf 80' lang='grc' dir='ltr'><strong>τῆς</strong></span> <span class='ocrx_word' id='word_1_257' title='bbox 3402 897 3465 932; x_wconf 85' lang='grc' dir='ltr'><strong>τε</strong></span> <span class='ocrx_word' id='word_1_258' title='bbox 3492 882 3861 950; x_wconf 79' lang='grc' dir='ltr'><strong>Δημητριάδος</strong></span> 
     </span>
    </p>
   </div>
   <div class='ocr_carea' id='block_1_38' title="bbox 2298 970 3861 1042">
    <p class='ocr_par' dir='ltr' id='par_1_38' title="bbox 2298 970 3861 1042">
     <span class='ocr_line' id='line_1_38' title="bbox 2298 970 3861 1042; baseline 0.002 -20"><span class='ocrx_word' id='word_1_259' title='bbox 2298 971 2397 1036; x_wconf 83' lang='grc' dir='ltr'><strong>τῆς</strong></span> <span class='ocrx_word' id='word_1_260' title='bbox 2429 970 2792 1037; x_wconf 75' lang='grc' dir='ltr'><strong>θεσσαλικῆς,</strong></span> <span class='ocrx_word' id='word_1_261' title='bbox 2829 970 2980 1025; x_wconf 67' lang='grc' dir='ltr'><strong>οὐδὲν</strong></span> <span class='ocrx_word' id='word_1_262' title='bbox 3015 973 3146 1042; x_wconf 70' lang='grc' dir='ltr'><strong>περὶ</strong></span> <span class='ocrx_word' id='word_1_263' title='bbox 3172 972 3376 1025; x_wconf 76' lang='grc' dir='ltr'><strong>τούτων</strong></span> <span class='ocrx_word' id='word_1_264' title='bbox 3404 973 3453 1025; x_wconf 78' lang='grc' dir='ltr'><strong>οἱ</strong></span> <span class='ocrx_word' id='word_1_265' title='bbox 3477 972 3571 1025; x_wconf 79' lang='grc' dir='ltr'><strong>τοῦ</strong></span> <span class='ocrx_word' id='word_1_266' title='bbox 3598 974 3861 1025; x_wconf 68' lang='grc' dir='ltr'><strong>Φιλίππου</strong></span> 
     </span>
    </p>
   </div>
   <div class='ocr_carea' id='block_1_39' title="bbox 2302 1061 3860 1132">
    <p class='ocr_par' dir='ltr' id='par_1_39' title="bbox 2302 1061 3860 1132">
     <span class='ocr_line' id='line_1_39' title="bbox 2302 1061 3860 1132; baseline 0 -17"><span class='ocrx_word' id='word_1_267' title='bbox 2302 1062 2561 1130; x_wconf 76' lang='grc' dir='ltr'><strong>πρέσϐεις</strong></span> <span class='ocrx_word' id='word_1_268' title='bbox 2596 1061 2910 1115; x_wconf 68' lang='grc' dir='ltr'><strong>ὶντετάλθαι</strong></span> <span class='ocrx_word' id='word_1_269' title='bbox 2934 1062 3163 1129; x_wconf 72' lang='grc' dir='ltr'><strong>ἔφασαν,</strong></span> <span class='ocrx_word' id='word_1_270' title='bbox 3191 1063 3286 1116; x_wconf 69' lang='grc' dir='ltr'><strong>καὶ</strong></span> <span class='ocrx_word' id='word_1_271' title='bbox 3311 1063 3584 1132; x_wconf 79' lang='grc' dir='ltr'><strong>ἄπρακτοι</strong></span> <span class='ocrx_word' id='word_1_272' title='bbox 3619 1062 3860 1131; x_wconf 77' lang='grc' dir='ltr'><strong>ἀπηλλά-</strong></span> 
     </span>
    </p>
   </div>
   <div class='ocr_carea' id='block_1_40' title="bbox 2301 1143 3858 1226">
    <p class='ocr_par' dir='ltr' id='par_1_40' title="bbox 2301 1143 3858 1226">
     <span class='ocr_line' id='line_1_40' title="bbox 2301 1143 3858 1226; baseline 0 -20"><span class='ocrx_word' id='word_1_273' title='bbox 2301 1170 2495 1221; x_wconf 81' lang='grc' dir='ltr'><strong>γησαν.</strong></span> <span class='ocrx_word' id='word_1_274' title='bbox 2521 1154 2584 1207; x_wconf 74' lang='lat' dir='ltr'><strong>OE</strong></span> <span class='ocrx_word' id='word_1_275' title='bbox 2616 1155 2662 1209; x_wconf 84' lang='grc' dir='ltr'><strong>δ’</strong></span> <span class='ocrx_word' id='word_1_276' title='bbox 2694 1156 2752 1207; x_wconf 69' lang='grc' dir='ltr'><strong>ἐν</strong></span> <span class='ocrx_word' id='word_1_277' title='bbox 2791 1158 2860 1225; x_wconf 81' lang='grc' dir='ltr'><strong>τῇ</strong></span> <span class='ocrx_word' id='word_1_278' title='bbox 2896 1154 3084 1226; x_wconf 79' lang='grc' dir='ltr'><strong>Ῥώμῃ</strong></span> <span class='ocrx_word' id='word_1_279' title='bbox 3131 1154 3208 1223; x_wconf 81' lang='grc' dir='ltr'><strong>τῷ</strong></span> <span class='ocrx_word' id='word_1_280' title='bbox 3244 1154 3523 1224; x_wconf 76' lang='grc' dir='ltr'><strong>Φλαμινίῳ</strong></span> <span class='ocrx_word' id='word_1_281' title='bbox 3566 1153 3667 1224; x_wconf 72' lang='grc' dir='ltr'><strong>τήν</strong></span> <span class='ocrx_word' id='word_1_282' title='bbox 3698 1155 3759 1206; x_wconf 70' lang='grc' dir='ltr'><strong>ιν</strong></span> <span class='ocrx_word' id='word_1_283' title='bbox 3783 1143 3858 1221; x_wconf 72' lang='grc' dir='ltr'><strong>’τῇ</strong></span> 
     </span>
    </p>
   </div>
   <div class='ocr_carea' id='block_1_41' title="bbox 2311 1242 3861 1316">
    <p class='ocr_par' dir='ltr' id='par_1_41' title="bbox 2311 1242 3861 1316">
     <span class='ocr_line' id='line_1_41' title="bbox 2311 1242 3861 1316; baseline 0 -21"><span class='ocrx_word' id='word_1_284' title='bbox 2311 1242 2518 1295; x_wconf 84' lang='grc' dir='ltr'><strong>Ἑλλάδι</strong></span> <span class='ocrx_word' id='word_1_285' title='bbox 2569 1243 2869 1314; x_wconf 77' lang='grc' dir='ltr'><strong>ἠγεμονίαν</strong></span> <span class='ocrx_word' id='word_1_286' title='bbox 2930 1245 3025 1297; x_wconf 78' lang='grc' dir='ltr'><strong>καὶ</strong></span> <span class='ocrx_word' id='word_1_287' title='bbox 3083 1246 3167 1306; x_wconf 86' lang='grc' dir='ltr'><strong>είς</strong></span> <span class='ocrx_word' id='word_1_288' title='bbox 3210 1244 3272 1297; x_wconf 78' lang='grc' dir='ltr'><strong>τὸ</strong></span> <span class='ocrx_word' id='word_1_289' title='bbox 3302 1244 3458 1297; x_wconf 75' lang='grc' dir='ltr'><strong>ἐπιὸν</strong></span> <span class='ocrx_word' id='word_1_290' title='bbox 3492 1244 3861 1316; x_wconf 76' lang='grc' dir='ltr'><strong>ψηφισάμενοι</strong></span> 
     </span>
    </p>
   </div>
   <div class='ocr_carea' id='block_1_42' title="bbox 2301 1334 3861 1405">
    <p class='ocr_par' dir='ltr' id='par_1_42' title="bbox 2301 1334 3861 1405">
     <span class='ocr_line' id='line_1_42' title="bbox 2301 1334 3861 1405; baseline 0.001 -19"><span class='ocrx_word' id='word_1_291' title='bbox 2301 1334 2439 1397; x_wconf 79' lang='grc' dir='ltr'><strong>ἔτος,</strong></span> <span class='ocrx_word' id='word_1_292' title='bbox 2484 1335 2633 1405; x_wconf 82' lang='grc' dir='ltr'><strong>αὐτῷ</strong></span> <span class='ocrx_word' id='word_1_293' title='bbox 2672 1334 2927 1388; x_wconf 75' lang='grc' dir='ltr'><strong>ἀνέθεντο</strong></span> <span class='ocrx_word' id='word_1_294' title='bbox 2980 1336 3073 1388; x_wconf 81' lang='grc' dir='ltr'><strong>καὶ</strong></span> <span class='ocrx_word' id='word_1_295' title='bbox 3113 1335 3182 1388; x_wconf 81' lang='grc' dir='ltr'><strong>τὰ</strong></span> <span class='ocrx_word' id='word_1_296' title='bbox 3215 1336 3353 1389; x_wconf 79' lang='grc' dir='ltr'><strong>κατὰ</strong></span> <span class='ocrx_word' id='word_1_297' title='bbox 3385 1336 3676 1390; x_wconf 78' lang='grc' dir='ltr'><strong>Φίλιππον.</strong></span> <span class='ocrx_word' id='word_1_298' title='bbox 3720 1337 3779 1387; x_wconf 89' lang='lat'><strong>&#39;0</strong></span> <span class='ocrx_word' id='word_1_299' title='bbox 3808 1334 3861 1387; x_wconf 65' lang='grc' dir='ltr'><strong>δὲ</strong></span> 
     </span>
    </p>
   </div>
   <div class='ocr_carea' id='block_1_43' title="bbox 2296 1426 3860 1497">
    <p class='ocr_par' dir='ltr' id='par_1_43' title="bbox 2296 1426 3860 1497">
     <span class='ocr_line' id='line_1_43' title="bbox 2296 1426 3860 1497; baseline -0.001 -18"><span class='ocrx_word' id='word_1_300' title='bbox 2296 1427 2379 1479; x_wconf 81' lang='grc' dir='ltr'><strong>ὅτι</strong></span> <span class='ocrx_word' id='word_1_301' title='bbox 2409 1426 2549 1480; x_wconf 75' lang='grc' dir='ltr'><strong>κατὰ</strong></span> <span class='ocrx_word' id='word_1_302' title='bbox 2576 1426 2761 1497; x_wconf 86' lang='grc' dir='ltr'><strong>χώραν</strong></span> <span class='ocrx_word' id='word_1_303' title='bbox 2790 1428 2986 1495; x_wconf 74' lang='grc' dir='ltr'><strong>ἔμελλε</strong></span> <span class='ocrx_word' id='word_1_304' title='bbox 3025 1428 3229 1497; x_wconf 80' lang='grc' dir='ltr'><strong>μένειν,</strong></span> <span class='ocrx_word' id='word_1_305' title='bbox 3262 1428 3400 1496; x_wconf 71' lang='grc' dir='ltr'><strong>πρὸς</strong></span> <span class='ocrx_word' id='word_1_306' title='bbox 3436 1428 3673 1493; x_wconf 84' lang='grc' dir='ltr'><strong>πόλεμον</strong></span> <span class='ocrx_word' id='word_1_307' title='bbox 3701 1427 3860 1495; x_wconf 81' lang='grc' dir='ltr'><strong>ἡτοι-</strong></span> 
     </span>
    </p>
   </div>
   <div class='ocr_carea' id='block_1_44' title="bbox 2301 1515 3859 1587">
    <p class='ocr_par' dir='ltr' id='par_1_44' title="bbox 2301 1515 3859 1587">
     <span class='ocr_line' id='line_1_44' title="bbox 2301 1515 3859 1587; baseline -0.004 -16"><span class='ocrx_word' id='word_1_308' title='bbox 2301 1517 2524 1587; x_wconf 74' lang='grc' dir='ltr'><strong>μάζετο,</strong></span> <span class='ocrx_word' id='word_1_309' title='bbox 2557 1518 2653 1570; x_wconf 55' lang='grc' dir='ltr'><strong>καὶ⁵</strong></span> <span class='ocrx_word' id='word_1_310' title='bbox 2685 1519 2889 1586; x_wconf 77' lang='grc' dir='ltr'><strong>μᾶλλον</strong></span> <span class='ocrx_word' id='word_1_311' title='bbox 2917 1521 2999 1571; x_wconf 86' lang='grc' dir='ltr'><strong>ὅτι</strong></span> <span class='ocrx_word' id='word_1_312' title='bbox 3026 1519 3328 1579; x_wconf 58' lang='grc' dir='ltr'><strong>καὶμΝάδις</strong></span> <span class='ocrx_word' id='word_1_313' title='bbox 3364 1522 3393 1571; x_wconf 91' lang='lat'><strong>6</strong></span> <span class='ocrx_word' id='word_1_314' title='bbox 3417 1515 3859 1585; x_wconf 82' lang='grc' dir='ltr'><strong>Λακεδαιμονίων</strong></span> 
     </span>
    </p>
   </div>
   <div class='ocr_carea' id='block_1_45' title="bbox 2294 1606 3861 1677">
    <p class='ocr_par' dir='ltr' id='par_1_45' title="bbox 2294 1606 3861 1677">
     <span class='ocr_line' id='line_1_45' title="bbox 2294 1606 3861 1677; baseline -0.002 -17"><span class='ocrx_word' id='word_1_315' title='bbox 2294 1608 2561 1677; x_wconf 75' lang='grc' dir='ltr'><strong>τύραννος</strong></span> <span class='ocrx_word' id='word_1_316' title='bbox 2601 1610 2894 1662; x_wconf 79' lang='grc' dir='ltr'><strong>ἐσπείσατό</strong></span> <span class='ocrx_word' id='word_1_317' title='bbox 2938 1611 3009 1672; x_wconf 87' lang='grc' dir='ltr'><strong>οἱ,</strong></span> <span class='ocrx_word' id='word_1_318' title='bbox 3039 1610 3217 1662; x_wconf 85' lang='grc' dir='ltr'><strong>καίτοι</strong></span> <span class='ocrx_word' id='word_1_319' title='bbox 3232 1609 3398 1676; x_wconf 65' lang='grc' dir='ltr'><strong>φίλος</strong></span> <span class='ocrx_word' id='word_1_320' title='bbox 3436 1607 3514 1660; x_wconf 81' lang='grc' dir='ltr'>ὢν</span> <span class='ocrx_word' id='word_1_321' title='bbox 3548 1607 3647 1661; x_wconf 80' lang='grc' dir='ltr'><strong>τοῦ</strong></span> <span class='ocrx_word' id='word_1_322' title='bbox 3676 1606 3861 1659; x_wconf 63' lang='lat' dir='ltr'><strong>Mitt-</strong></span> 
     </span>
    </p>
   </div>
   <div class='ocr_carea' id='block_1_46' title="bbox 2297 1695 3863 1769">
    <p class='ocr_par' dir='ltr' id='par_1_46' title="bbox 2297 1695 3863 1769">
     <span class='ocr_line' id='line_1_46' title="bbox 2297 1695 3863 1769; baseline -0.001 -20"><span class='ocrx_word' id='word_1_323' title='bbox 2297 1714 2425 1760; x_wconf 87' lang='grc' dir='ltr'><strong>που,</strong></span> <span class='ocrx_word' id='word_1_324' title='bbox 2464 1697 2559 1750; x_wconf 75' lang='grc' dir='ltr'><strong>καὶ</strong></span> <span class='ocrx_word' id='word_1_325' title='bbox 2607 1698 2668 1750; x_wconf 75' lang='grc' dir='ltr'><strong>τὸ</strong></span> <span class='ocrx_word' id='word_1_326' title='bbox 2714 1698 2917 1768; x_wconf 78' lang='grc' dir='ltr'><strong>Ἀργος</strong></span> <span class='ocrx_word' id='word_1_327' title='bbox 2949 1697 3131 1752; x_wconf 78' lang='grc' dir='ltr'>λαὸὼν</span> <span class='ocrx_word' id='word_1_328' title='bbox 3160 1698 3294 1769; x_wconf 81' lang='grc' dir='ltr'><strong>παρ’</strong></span> <span class='ocrx_word' id='word_1_329' title='bbox 3330 1696 3517 1752; x_wconf 81' lang='grc' dir='ltr'><strong>αὑτοῦ.</strong></span> <span class='ocrx_word' id='word_1_330' title='bbox 3561 1695 3863 1751; x_wconf 76' lang='grc' dir='ltr'><strong>’Δδυνατῶν</strong></span> 
     </span>
    </p>
   </div>
   <div class='ocr_carea' id='block_1_47' title="bbox 2297 1776 3860 1857">
    <p class='ocr_par' dir='ltr' id='par_1_47' title="bbox 2297 1776 3860 1857">
     <span class='ocr_line' id='line_1_47' title="bbox 2297 1776 3860 1857; baseline -0.002 -17"><span class='ocrx_word' id='word_1_331' title='bbox 2297 1788 2411 1857; x_wconf 84' lang='grc' dir='ltr'><strong>γὰρ</strong></span> <span class='ocrx_word' id='word_1_332' title='bbox 2445 1789 2472 1838; x_wconf 87' lang='lat'><strong>6</strong></span> <span class='ocrx_word' id='word_1_333' title='bbox 2509 1786 2777 1840; x_wconf 81' lang='grc' dir='ltr'><strong>Μακεδὼν</strong></span> <span class='ocrx_word' id='word_1_334' title='bbox 2808 1776 2978 1841; x_wconf 73' lang='grc' dir='ltr'><strong>πολλὰ</strong></span> <span class='ocrx_word' id='word_1_335' title='bbox 3013 1786 3224 1840; x_wconf 75' lang='grc' dir='ltr'><strong>διέπειν</strong></span> <span class='ocrx_word' id='word_1_336' title='bbox 3255 1786 3415 1857; x_wconf 78' lang='grc' dir='ltr'><strong>ὁμοῦ,</strong></span> <span class='ocrx_word' id='word_1_337' title='bbox 3449 1787 3545 1841; x_wconf 80' lang='grc' dir='ltr'><strong>καὶ</strong></span> <span class='ocrx_word' id='word_1_338' title='bbox 3570 1786 3761 1846; x_wconf 79' lang='grc' dir='ltr'><strong>δείσας</strong></span> <span class='ocrx_word' id='word_1_339' title='bbox 3788 1785 3860 1855; x_wconf 73' lang='grc' dir='ltr'><strong>μή</strong></span> 
     </span>
    </p>
   </div>
   <div class='ocr_carea' id='block_1_48' title="bbox 2298 1872 3860 1950">
    <p class='ocr_par' dir='ltr' id='par_1_48' title="bbox 2298 1872 3860 1950">
     <span class='ocr_line' id='line_1_48' title="bbox 2298 1872 3860 1950; baseline -0.003 -20"><span class='ocrx_word' id='word_1_340' title='bbox 2298 1879 2411 1939; x_wconf 72' lang='grc' dir='ltr'><strong>τοῖς</strong></span> <span class='ocrx_word' id='word_1_341' title='bbox 2451 1877 2747 1946; x_wconf 83' lang='grc' dir='ltr'><strong>Ῥωμαίοις</strong></span> <span class='ocrx_word' id='word_1_342' title='bbox 2774 1880 2805 1949; x_wconf 84' lang='grc' dir='ltr'><strong>ή</strong></span> <span class='ocrx_word' id='word_1_343' title='bbox 2832 1878 2989 1943; x_wconf 85' lang='grc' dir='ltr'><strong>πόλις</strong></span> <span class='ocrx_word' id='word_1_344' title='bbox 3013 1878 3215 1950; x_wconf 77' lang='grc' dir='ltr'><strong>ληφθῇ,</strong></span> <span class='ocrx_word' id='word_1_345' title='bbox 3242 1878 3325 1949; x_wconf 78' lang='grc' dir='ltr'><strong>τῷ</strong></span> <span class='ocrx_word' id='word_1_346' title='bbox 3345 1872 3542 1934; x_wconf 78' lang='grc' dir='ltr'><strong>Νάδὶδι</strong></span> <span class='ocrx_word' id='word_1_347' title='bbox 3576 1878 3768 1946; x_wconf 74' lang='grc' dir='ltr'><strong>αὐτὴν,</strong></span> <span class='ocrx_word' id='word_1_348' title='bbox 3796 1876 3860 1927; x_wconf 79' lang='grc' dir='ltr'><strong>ἶν’</strong></span> 
     </span>
    </p>
   </div>
   <div class='ocr_carea' id='block_1_49' title="bbox 2297 1965 3859 2039">
    <p class='ocr_par' dir='ltr' id='par_1_49' title="bbox 2297 1965 3859 2039">
     <span class='ocr_line' id='line_1_49' title="bbox 2297 1965 3859 2039; baseline -0.003 -17"><span class='ocrx_word' id='word_1_349' title='bbox 2297 1965 2456 2032; x_wconf 80' lang='grc' dir='ltr'><strong>αὖθις</strong></span> <span class='ocrx_word' id='word_1_350' title='bbox 2492 1968 2740 2039; x_wconf 76' lang='grc' dir='ltr'><strong>ἀποδοίη.</strong></span> <span class='ocrx_word' id='word_1_351' title='bbox 2779 1969 3216 2038; x_wconf 75' lang='grc' dir='ltr'><strong>παρακατέθετο.</strong></span> <span class='ocrx_word' id='word_1_352' title='bbox 3253 1969 3435 2022; x_wconf 72' lang='grc' dir='ltr'><strong>Αἰλίου</strong></span> <span class='ocrx_word' id='word_1_353' title='bbox 3479 1969 3537 2022; x_wconf 83' lang='grc' dir='ltr'><strong>δὲ</strong></span> <span class='ocrx_word' id='word_1_354' title='bbox 3569 1969 3741 2022; x_wconf 71' lang='lat' dir='ltr'><strong>mm</strong></span> <span class='ocrx_word' id='word_1_355' title='bbox 3769 1965 3859 2019; x_wconf 81' lang='grc' dir='ltr'><strong>τοῦ</strong></span> 
     </span>
    </p>
   </div>
   <div class='ocr_carea' id='block_1_50' title="bbox 2297 2057 3861 2130">
    <p class='ocr_par' dir='ltr' id='par_1_50' title="bbox 2297 2057 3861 2130">
     <span class='ocr_line' id='line_1_50' title="bbox 2297 2057 3861 2130; baseline -0.002 -18"><span class='ocrx_word' id='word_1_356' title='bbox 2297 2059 2505 2113; x_wconf 77' lang='grc' dir='ltr'><strong>ὑπάτου</strong></span> <span class='ocrx_word' id='word_1_357' title='bbox 2569 2060 3001 2130; x_wconf 82' lang='grc' dir='ltr'><strong>στρατεύσαντος</strong></span> <span class='ocrx_word' id='word_1_358' title='bbox 3061 2062 3158 2113; x_wconf 71' lang='grc' dir='ltr'><strong>ἐπὶ</strong></span> <span class='ocrx_word' id='word_1_359' title='bbox 3199 2062 3327 2124; x_wconf 84' lang='grc' dir='ltr'><strong>τοὺς</strong></span> <span class='ocrx_word' id='word_1_360' title='bbox 3376 2061 3644 2120; x_wconf 80' lang='grc' dir='ltr'><strong>Γαλάτας.</strong></span> <span class='ocrx_word' id='word_1_361' title='bbox 3681 2057 3861 2112; x_wconf 74' lang='grc' dir='ltr'><strong>πολλοὶ</strong></span> 
     </span>
    </p>
   </div>
   <div class='ocr_carea' id='block_1_51' title="bbox 2295 2149 3858 2222">
    <p class='ocr_par' dir='ltr' id='par_1_51' title="bbox 2295 2149 3858 2222">
     <span class='ocr_line' id='line_1_51' title="bbox 2295 2149 3858 2222; baseline -0.002 -18"><span class='ocrx_word' id='word_1_362' title='bbox 2295 2152 2391 2204; x_wconf 86' lang='grc' dir='ltr'><strong>ἀπ’</strong></span> <span class='ocrx_word' id='word_1_363' title='bbox 2417 2153 2746 2222; x_wconf 74' lang='grc' dir='ltr'><strong>ἀμφοτέρων</strong></span> <span class='ocrx_word' id='word_1_364' title='bbox 2778 2153 3100 2214; x_wconf 80' lang='grc' dir='ltr'><strong>ἀπόλλυντο,</strong></span> <span class='ocrx_word' id='word_1_365' title='bbox 3122 2152 3560 2221; x_wconf 78' lang='grc' dir='ltr'><strong>προσμιγνύντες</strong></span> <span class='ocrx_word' id='word_1_366' title='bbox 3590 2149 3858 2219; x_wconf 80' lang='grc' dir='ltr'><strong>ἀλλήλοις,</strong></span> 
     </span>
    </p>
   </div>
   <div class='ocr_carea' id='block_1_52' title="bbox 2295 2240 3861 2312">
    <p class='ocr_par' dir='ltr' id='par_1_52' title="bbox 2295 2240 3861 2312">
     <span class='ocr_line' id='line_1_52' title="bbox 2295 2240 3861 2312; baseline -0.001 -18"><span class='ocrx_word' id='word_1_367' title='bbox 2295 2242 2508 2311; x_wconf 83' lang='grc' dir='ltr'><strong>καίριον</strong></span> <span class='ocrx_word' id='word_1_368' title='bbox 2536 2242 2594 2294; x_wconf 83' lang='grc' dir='ltr'><strong>δέ</strong></span> <span class='ocrx_word' id='word_1_369' title='bbox 2623 2260 2675 2294; x_wconf 84' lang='grc' dir='ltr'><strong>τι</strong></span> <span class='ocrx_word' id='word_1_370' title='bbox 2703 2242 2952 2312; x_wconf 78' lang='grc' dir='ltr'><strong>ἐπράχθη</strong></span> <span class='ocrx_word' id='word_1_371' title='bbox 2982 2242 3155 2296; x_wconf 81' lang='grc' dir='ltr'><strong>οὐδέν.</strong></span> <span class='ocrx_word' id='word_1_372' title='bbox 3189 2244 3249 2294; x_wconf 83' lang='lat' dir='ltr'><strong>Oi</strong></span> <span class='ocrx_word' id='word_1_373' title='bbox 3284 2242 3328 2293; x_wconf 78' lang='grc' dir='ltr'><strong>δ’</strong></span> <span class='ocrx_word' id='word_1_374' title='bbox 3356 2242 3551 2311; x_wconf 70' lang='grc' dir='ltr'><strong>ὅμηροι</strong></span> <span class='ocrx_word' id='word_1_375' title='bbox 3576 2240 3685 2292; x_wconf 84' lang='grc' dir='ltr'><strong>τῶν</strong></span> <span class='ocrx_word' id='word_1_376' title='bbox 3717 2242 3861 2309; x_wconf 87' lang='grc' dir='ltr'><strong>Καρ-</strong></span> 
     </span>
    </p>
   </div>
   <div class='ocr_carea' id='block_1_53' title="bbox 2295 2331 3862 2404">
    <p class='ocr_par' dir='ltr' id='par_1_53' title="bbox 2295 2331 3862 2404">
     <span class='ocr_line' id='line_1_53' title="bbox 2295 2331 3862 2404; baseline -0.002 -18"><span class='ocrx_word' id='word_1_377' title='bbox 2295 2331 2577 2402; x_wconf 86' lang='grc' dir='ltr'><strong>χηδονίων,</strong></span> <span class='ocrx_word' id='word_1_378' title='bbox 2609 2333 2742 2387; x_wconf 81' lang='grc' dir='ltr'><strong>οἵτε</strong></span> <span class='ocrx_word' id='word_1_379' title='bbox 2767 2333 2947 2387; x_wconf 84' lang='grc' dir='ltr'><strong>δοῦλοι</strong></span> <span class='ocrx_word' id='word_1_380' title='bbox 2975 2333 3027 2386; x_wconf 78' lang='grc' dir='ltr'><strong>οἱ</strong></span> <span class='ocrx_word' id='word_1_381' title='bbox 3060 2335 3178 2404; x_wconf 87' lang='grc' dir='ltr'><strong>μετ’</strong></span> <span class='ocrx_word' id='word_1_382' title='bbox 3209 2332 3414 2397; x_wconf 83' lang='grc' dir='ltr'><strong>αὐτῶν,</strong></span> <span class='ocrx_word' id='word_1_383' title='bbox 3442 2334 3534 2384; x_wconf 73' lang='grc' dir='ltr'><strong>καὶ</strong></span> <span class='ocrx_word' id='word_1_384' title='bbox 3557 2332 3610 2383; x_wconf 83' lang='grc' dir='ltr'><strong>οἱ</strong></span> <span class='ocrx_word' id='word_1_385' title='bbox 3627 2348 3739 2383; x_wconf 85' lang='grc' dir='ltr'><strong>τισι</strong></span> <span class='ocrx_word' id='word_1_386' title='bbox 3768 2346 3862 2383; x_wconf 77' lang='grc' dir='ltr'><strong>πε-</strong></span> 
     </span>
    </p>
   </div>
   <div class='ocr_carea' id='block_1_54' title="bbox 2297 2416 3861 2496">
    <p class='ocr_par' dir='ltr' id='par_1_54' title="bbox 2297 2416 3861 2496">
     <span class='ocr_line' id='line_1_54' title="bbox 2297 2416 3861 2496; baseline -0.004 -18"><span class='ocrx_word' id='word_1_387' title='bbox 2297 2424 2569 2496; x_wconf 79' lang='grc' dir='ltr'><strong>πραμένοι</strong></span> <span class='ocrx_word' id='word_1_388' title='bbox 2621 2425 2978 2494; x_wconf 77' lang='grc' dir='ltr'><strong>αἰχμάλωτοι.</strong></span> <span class='ocrx_word' id='word_1_389' title='bbox 3019 2427 3315 2495; x_wconf 83' lang='grc' dir='ltr'><strong>κατασχεῖν</strong></span> <span class='ocrx_word' id='word_1_390' title='bbox 3352 2424 3453 2487; x_wconf 82' lang='grc' dir='ltr'><strong>τὰς</strong></span> <span class='ocrx_word' id='word_1_391' title='bbox 3481 2422 3667 2485; x_wconf 79' lang='grc' dir='ltr'><strong>πόλεις</strong></span> <span class='ocrx_word' id='word_1_392' title='bbox 3693 2423 3751 2473; x_wconf 77' lang='grc' dir='ltr'><strong>ὲν</strong></span> <span class='ocrx_word' id='word_1_393' title='bbox 3780 2416 3861 2483; x_wconf 78' lang='grc' dir='ltr'><strong>αἶς</strong></span> 
     </span>
    </p>
   </div>
   <div class='ocr_carea' id='block_1_55' title="bbox 2294 2514 3859 2587">
    <p class='ocr_par' dir='ltr' id='par_1_55' title="bbox 2294 2514 3859 2587">
     <span class='ocr_line' id='line_1_55' title="bbox 2294 2514 3859 2587; baseline -0.004 -16"><span class='ocrx_word' id='word_1_394' title='bbox 2294 2514 2515 2571; x_wconf 58' lang='lat' dir='ltr'><strong>Eiectat</strong></span> <span class='ocrx_word' id='word_1_395' title='bbox 2555 2518 2653 2581; x_wconf 81' lang='grc' dir='ltr'><strong>τὰς</strong></span> <span class='ocrx_word' id='word_1_396' title='bbox 2695 2518 2981 2586; x_wconf 77' lang='grc' dir='ltr'><strong>διατριϐὰς</strong></span> <span class='ocrx_word' id='word_1_397' title='bbox 3014 2518 3299 2572; x_wconf 73' lang='grc' dir='ltr'><strong>ἐποιοῦντο</strong></span> <span class='ocrx_word' id='word_1_398' title='bbox 3323 2517 3720 2587; x_wconf 82' lang='grc' dir='ltr'><strong>τολμήσαντες,</strong></span> <span class='ocrx_word' id='word_1_399' title='bbox 3770 2515 3859 2567; x_wconf 74' lang='grc' dir='ltr'><strong>καὶ</strong></span> 
     </span>
    </p>
   </div>
   <div class='ocr_carea' id='block_1_56' title="bbox 2296 2606 3859 2679">
    <p class='ocr_par' dir='ltr' id='par_1_56' title="bbox 2296 2606 3859 2679">
     <span class='ocr_line' id='line_1_56' title="bbox 2296 2606 3859 2679; baseline -0.008 -14"><span class='ocrx_word' id='word_1_400' title='bbox 2296 2609 2526 2674; x_wconf 76' lang='grc' dir='ltr'><strong>πολλοὺς</strong></span> <span class='ocrx_word' id='word_1_401' title='bbox 2552 2608 2662 2663; x_wconf 85' lang='grc' dir='ltr'><strong>τῶν</strong></span> <span class='ocrx_word' id='word_1_402' title='bbox 2700 2609 3016 2679; x_wconf 65' lang='grc' dir='ltr'><strong>ἐπιχωρίων</strong></span> <span class='ocrx_word' id='word_1_403' title='bbox 3060 2610 3448 2678; x_wconf 77' lang='grc' dir='ltr'><strong>φονεύσαντες,</strong></span> <span class='ocrx_word' id='word_1_404' title='bbox 3479 2606 3859 2676; x_wconf 73' lang='grc' dir='ltr'><strong>καθῃρέθησαν</strong></span> 
     </span>
    </p>
   </div>
   <div class='ocr_carea' id='block_1_57' title="bbox 2295 2694 3859 2771">
    <p class='ocr_par' dir='ltr' id='par_1_57' title="bbox 2295 2694 3859 2771">
     <span class='ocr_line' id='line_1_57' title="bbox 2295 2694 3859 2771; baseline -0.006 -16"><span class='ocrx_word' id='word_1_405' title='bbox 2295 2702 2399 2755; x_wconf 72' lang='grc' dir='ltr'><strong>ὑπὸ</strong></span> <span class='ocrx_word' id='word_1_406' title='bbox 2440 2701 2744 2771; x_wconf 85' lang='grc' dir='ltr'><strong>Κορνηλίου</strong></span> <span class='ocrx_word' id='word_1_407' title='bbox 2790 2700 3091 2756; x_wconf 83' lang='grc' dir='ltr'><strong>Λεντούλου</strong></span> <span class='ocrx_word' id='word_1_408' title='bbox 3125 2697 3462 2770; x_wconf 78' lang='grc' dir='ltr'><strong>στρατηγοῦ.</strong></span> <span class='ocrx_word' id='word_1_409' title='bbox 3501 2697 3627 2766; x_wconf 75' lang='grc' dir='ltr'><strong>πρὶν</strong></span> <span class='ocrx_word' id='word_1_410' title='bbox 3678 2694 3859 2763; x_wconf 71' lang='grc' dir='ltr'><strong>μεῖζόν</strong></span> 
     </span>
    </p>
   </div>
   <div class='ocr_carea' id='block_1_58' title="bbox 2292 2785 3856 2863">
    <p class='ocr_par' dir='ltr' id='par_1_58' title="bbox 2292 2785 3856 2863">
     <span class='ocr_line' id='line_1_58' title="bbox 2292 2785 3856 2863; baseline -0.008 -17"><span class='ocrx_word' id='word_1_411' title='bbox 2292 2810 2343 2847; x_wconf 81' lang='grc' dir='ltr'><strong>τι</strong></span> <span class='ocrx_word' id='word_1_412' title='bbox 2390 2789 2814 2863; x_wconf 70' lang='grc' dir='ltr'><strong>ἐξεργάσασθαι.</strong></span> <span class='ocrx_word' id='word_1_413' title='bbox 2868 2791 2929 2843; x_wconf 77' lang='lat' dir='ltr'><strong>Oi</strong></span> <span class='ocrx_word' id='word_1_414' title='bbox 2966 2789 3152 2859; x_wconf 88' lang='grc' dir='ltr'><strong>μέντοι</strong></span> <span class='ocrx_word' id='word_1_415' title='bbox 3200 2788 3442 2842; x_wconf 79' lang='grc' dir='ltr'><strong>Γαλάται</strong></span> <span class='ocrx_word' id='word_1_416' title='bbox 3477 2785 3757 2855; x_wconf 81' lang='grc' dir='ltr'><strong>εὐτυχίαις</strong></span> <span class='ocrx_word' id='word_1_417' title='bbox 3800 2796 3856 2835; x_wconf 83' lang='grc' dir='ltr'><strong>τε</strong></span> 
     </span>
    </p>
   </div>
   <div class='ocr_carea' id='block_1_59' title="bbox 2294 2876 3855 2954">
    <p class='ocr_par' dir='ltr' id='par_1_59' title="bbox 2294 2876 3855 2954">
     <span class='ocr_line' id='line_1_59' title="bbox 2294 2876 3855 2954; baseline -0.006 -16"><span class='ocrx_word' id='word_1_418' title='bbox 2294 2884 2674 2954; x_wconf 75' lang='grc' dir='ltr'><strong>ἐπαιρόμενοι,</strong></span> <span class='ocrx_word' id='word_1_419' title='bbox 2706 2883 2800 2935; x_wconf 72' lang='grc' dir='ltr'><strong>καὶ</strong></span> <span class='ocrx_word' id='word_1_420' title='bbox 2828 2883 2956 2945; x_wconf 78' lang='grc' dir='ltr'><strong>τοὺς</strong></span> <span class='ocrx_word' id='word_1_421' title='bbox 2988 2879 3297 2951; x_wconf 83' lang='grc' dir='ltr'><strong>Ῥωμαίους</strong></span> <span class='ocrx_word' id='word_1_422' title='bbox 3329 2882 3387 2933; x_wconf 70' lang='grc' dir='ltr'><strong>ἐν</strong></span> <span class='ocrx_word' id='word_1_423' title='bbox 3412 2879 3675 2951; x_wconf 78' lang='grc' dir='ltr'><strong>παρέργῳ</strong></span> <span class='ocrx_word' id='word_1_424' title='bbox 3706 2876 3855 2946; x_wconf 73' lang='grc' dir='ltr'><strong>σφίσι</strong></span> 
     </span>
    </p>
   </div>
   <div class='ocr_carea' id='block_1_60' title="bbox 2279 2968 3857 3046">
    <p class='ocr_par' dir='ltr' id='par_1_60' title="bbox 2279 2968 3857 3046">
     <span class='ocr_line' id='line_1_60' title="bbox 2279 2968 3857 3046; baseline -0.006 -16"><span class='ocrx_word' id='word_1_425' title='bbox 2279 2974 2672 3046; x_wconf 73' lang='grc' dir='ltr'><strong>’πολεμοῦντας</strong></span> <span class='ocrx_word' id='word_1_426' title='bbox 2718 2973 3056 3043; x_wconf 70' lang='grc' dir='ltr'><strong>αἰσθόμενοι,</strong></span> <span class='ocrx_word' id='word_1_427' title='bbox 3109 2972 3597 3044; x_wconf 70' lang='grc' dir='ltr'><strong>παρεσκευάσαντο</strong></span> <span class='ocrx_word' id='word_1_428' title='bbox 3647 2971 3722 3032; x_wconf 85' lang='grc' dir='ltr'><strong>ὡς</strong></span> <span class='ocrx_word' id='word_1_429' title='bbox 3769 2968 3857 3022; x_wconf 75' lang='grc' dir='ltr'><strong>καὶ</strong></span> 
     </span>
    </p>
   </div>
   <div class='ocr_carea' id='block_1_61' title="bbox 2294 3055 3855 3139">
    <p class='ocr_par' dir='ltr' id='par_1_61' title="bbox 2294 3055 3855 3139">
     <span class='ocr_line' id='line_1_61' title="bbox 2294 3055 3855 3139; baseline -0.006 -18"><span class='ocrx_word' id='word_1_430' title='bbox 2294 3070 2387 3121; x_wconf 73' lang='grc' dir='ltr'><strong>ἐπὶ</strong></span> <span class='ocrx_word' id='word_1_431' title='bbox 2424 3068 2521 3139; x_wconf 76' lang='grc' dir='ltr'><strong>τὴν</strong></span> <span class='ocrx_word' id='word_1_432' title='bbox 2576 3064 2796 3136; x_wconf 82' lang='grc' dir='ltr'><strong>Ῥώμην</strong></span> <span class='ocrx_word' id='word_1_433' title='bbox 2839 3065 3144 3127; x_wconf 72' lang='grc' dir='ltr'><strong>ἐλάσοντες.</strong></span> <span class='ocrx_word' id='word_1_434' title='bbox 3188 3063 3473 3125; x_wconf 76' lang='grc' dir='ltr'><strong>Δείσαντες</strong></span> <span class='ocrx_word' id='word_1_435' title='bbox 3504 3055 3598 3116; x_wconf 80' lang='grc' dir='ltr'><strong>οὖν</strong></span> <span class='ocrx_word' id='word_1_436' title='bbox 3641 3062 3689 3114; x_wconf 78' lang='lat' dir='ltr'><strong>oi</strong></span> <span class='ocrx_word' id='word_1_437' title='bbox 3723 3060 3855 3112; x_wconf 80' lang='grc' dir='ltr'><strong>Ῥω-</strong></span> 
     </span>
    </p>
   </div>
   <div class='ocr_carea' id='block_1_62' title="bbox 624 3151 2191 3250">
    <p class='ocr_par' dir='ltr' id='par_1_62' title="bbox 624 3152 2185 3222">
     <span class='ocr_line' id='line_1_62' title="bbox 624 3152 2185 3222; baseline 0 -17"><span class='ocrx_word' id='word_1_438' title='bbox 624 3152 769 3207; x_wconf 78' lang='lat' dir='ltr'><strong>llul‘o</strong></span> <span class='ocrx_word' id='word_1_439' title='bbox 799 3168 958 3221; x_wconf 81' lang='lat' dir='ltr'><strong>agros</strong></span> <span class='ocrx_word' id='word_1_440' title='bbox 998 3152 1220 3221; x_wconf 85' lang='lat' dir='ltr'><strong>impune</strong></span> <span class='ocrx_word' id='word_1_441' title='bbox 1253 3162 1504 3205; x_wconf 87' lang='lat' dir='ltr'><strong>vastante</strong></span> <span class='ocrx_word' id='word_1_442' title='bbox 1550 3167 1661 3206; x_wconf 85' lang='lat' dir='ltr'><strong>non</strong></span> <span class='ocrx_word' id='word_1_443' title='bbox 1706 3163 1838 3206; x_wconf 87' lang='lat' dir='ltr'><strong>sunt</strong></span> <span class='ocrx_word' id='word_1_444' title='bbox 1882 3154 2185 3222; x_wconf 90' lang='lat' dir='ltr'><strong>congressi,</strong></span> 
     </span>
    </p>
   </div>
   <div class='ocr_carea' id='block_1_63' title="bbox 2294 3151 3859 3250">
    <p class='ocr_par' dir='ltr' id='par_1_63' title="bbox 2298 3151 3859 3228">
     <span class='ocr_line' id='line_1_63' title="bbox 2298 3151 3859 3228; baseline -0.005 -18"><span class='ocrx_word' id='word_1_445' title='bbox 2298 3161 2465 3228; x_wconf 82' lang='grc' dir='ltr'><strong>μαϊοι,</strong></span> <span class='ocrx_word' id='word_1_446' title='bbox 2496 3158 2664 3225; x_wconf 77' lang='grc' dir='ltr'><strong>ἄμφω</strong></span> <span class='ocrx_word' id='word_1_447' title='bbox 2696 3157 2824 3217; x_wconf 81' lang='grc' dir='ltr'><strong>τοὺς</strong></span> <span class='ocrx_word' id='word_1_448' title='bbox 2853 3154 3093 3216; x_wconf 77' lang='grc' dir='ltr'><strong>ὑπάτους</strong></span> <span class='ocrx_word' id='word_1_449' title='bbox 3125 3154 3427 3225; x_wconf 78' lang='grc' dir='ltr'><strong>Κορνήλιον</strong></span> <span class='ocrx_word' id='word_1_450' title='bbox 3476 3152 3727 3220; x_wconf 73' lang='grc' dir='ltr'><strong>Κέθηγον</strong></span> <span class='ocrx_word' id='word_1_451' title='bbox 3768 3151 3859 3202; x_wconf 75' lang='grc' dir='ltr'><strong>καὶ</strong></span> 
     </span>
    </p>
   </div>
   <div class='ocr_carea' id='block_1_64' title="bbox 626 3241 2186 3299">
    <p class='ocr_par' dir='ltr' id='par_1_64' title="bbox 626 3241 2186 3299">
     <span class='ocr_line' id='line_1_64' title="bbox 626 3241 2186 3299; baseline 0.001 -3"><span class='ocrx_word' id='word_1_452' title='bbox 626 3260 728 3299; x_wconf 91' lang='lat' dir='ltr'><strong>nec</strong></span> <span class='ocrx_word' id='word_1_453' title='bbox 766 3253 946 3297; x_wconf 86' lang='lat' dir='ltr'><strong>tamen</strong></span> <span class='ocrx_word' id='word_1_454' title='bbox 978 3242 1047 3296; x_wconf 84' lang='lat' dir='ltr'><strong>ab</strong></span> <span class='ocrx_word' id='word_1_455' title='bbox 1069 3241 1242 3296; x_wconf 88' lang='lat' dir='ltr'><strong>armis</strong></span> <span class='ocrx_word' id='word_1_456' title='bbox 1274 3251 1639 3297; x_wconf 85' lang='lat' dir='ltr'><strong>recesserunt.</strong></span> <span class='ocrx_word' id='word_1_457' title='bbox 1666 3241 1823 3297; x_wconf 84' lang='lat' dir='ltr'><strong>Tunc</strong></span> <span class='ocrx_word' id='word_1_458' title='bbox 1859 3243 2026 3297; x_wconf 87' lang='lat' dir='ltr'><strong>etiam</strong></span> <span class='ocrx_word' id='word_1_459' title='bbox 2064 3244 2186 3297; x_wconf 77' lang='lat' dir='ltr'><strong>Fla-</strong></span> 
     </span>
    </p>
   </div>
   <div class='ocr_carea' id='block_1_65' title="bbox 625 3332 2186 3404">
    <p class='ocr_par' dir='ltr' id='par_1_65' title="bbox 625 3332 2186 3404">
     <span class='ocr_line' id='line_1_65' title="bbox 625 3332 2186 3404; baseline 0.001 -18"><span class='ocrx_word' id='word_1_460' title='bbox 625 3336 828 3389; x_wconf 89' lang='lat' dir='ltr'><strong>minius</strong></span> <span class='ocrx_word' id='word_1_461' title='bbox 856 3349 979 3387; x_wconf 89' lang='lat' dir='ltr'><strong>cum</strong></span> <span class='ocrx_word' id='word_1_462' title='bbox 1009 3332 1190 3387; x_wconf 80' lang='lat' dir='ltr'><strong>Attalo</strong></span> <span class='ocrx_word' id='word_1_463' title='bbox 1222 3341 1389 3389; x_wconf 81' lang='lat' dir='ltr'><strong>telam</strong></span> <span class='ocrx_word' id='word_1_464' title='bbox 1432 3333 1693 3388; x_wconf 73' lang='lat' dir='ltr'><strong>Bmotiam</strong></span> <span class='ocrx_word' id='word_1_465' title='bbox 1734 3334 1969 3404; x_wconf 84' lang='lat' dir='ltr'><strong>subegit.</strong></span> <span class='ocrx_word' id='word_1_466' title='bbox 1998 3333 2075 3388; x_wconf 83' lang='lat' dir='ltr'><strong>Ac</strong></span> <span class='ocrx_word' id='word_1_467' title='bbox 2093 3334 2186 3388; x_wconf 75' lang='lat' dir='ltr'><strong>At-</strong></span> 
     </span>
    </p>
   </div>
   <div class='ocr_carea' id='block_1_66' title="bbox 628 3423 2188 3496">
    <p class='ocr_par' dir='ltr' id='par_1_66' title="bbox 628 3423 2188 3496">
     <span class='ocr_line' id='line_1_66' title="bbox 628 3423 2188 3496; baseline 0.002 -20"><span class='ocrx_word' id='word_1_468' title='bbox 628 3425 765 3477; x_wconf 85' lang='lat' dir='ltr'><strong>talus</strong></span> <span class='ocrx_word' id='word_1_469' title='bbox 804 3424 933 3477; x_wconf 87' lang='lat' dir='ltr'><strong>dum</strong></span> <span class='ocrx_word' id='word_1_470' title='bbox 967 3423 1289 3479; x_wconf 86' lang='lat' dir='ltr'><strong>concionem</strong></span> <span class='ocrx_word' id='word_1_471' title='bbox 1323 3425 1389 3479; x_wconf 86' lang='lat' dir='ltr'><strong>ad</strong></span> <span class='ocrx_word' id='word_1_472' title='bbox 1431 3425 1669 3482; x_wconf 72' lang='grc' dir='ltr'><strong>Βωοιίοε</strong></span> <span class='ocrx_word' id='word_1_473' title='bbox 1698 3425 1878 3482; x_wconf 86' lang='lat' dir='ltr'><strong>habet.</strong></span> <span class='ocrx_word' id='word_1_474' title='bbox 1907 3442 2017 3496; x_wconf 82' lang='lat' dir='ltr'><strong>prae</strong></span> <span class='ocrx_word' id='word_1_475' title='bbox 2035 3425 2188 3482; x_wconf 90' lang='lat' dir='ltr'><strong>senio</strong></span> 
     </span>
    </p>
   </div>
   <div class='ocr_carea' id='block_1_67' title="bbox 624 3514 2184 3589">
    <p class='ocr_par' dir='ltr' id='par_1_67' title="bbox 624 3514 2184 3589">
     <span class='ocr_line' id='line_1_67' title="bbox 624 3514 2184 3589; baseline 0.004 -22"><span class='ocrx_word' id='word_1_476' title='bbox 624 3514 826 3569; x_wconf 75' lang='lat' dir='ltr'><strong>elllavit</strong></span> <span class='ocrx_word' id='word_1_477' title='bbox 857 3518 1116 3569; x_wconf 86' lang='lat' dir='ltr'><strong>animant.</strong></span> <span class='ocrx_word' id='word_1_478' title='bbox 1156 3519 1218 3568; x_wconf 82' lang='lat' dir='ltr'><strong>At</strong></span> <span class='ocrx_word' id='word_1_479' title='bbox 1268 3516 1570 3572; x_wconf 81' lang='lat' dir='ltr'><strong>Flaminius</strong></span> <span class='ocrx_word' id='word_1_480' title='bbox 1598 3518 1653 3572; x_wconf 92' lang='lat' dir='ltr'><strong>in</strong></span> <span class='ocrx_word' id='word_1_481' title='bbox 1691 3518 2031 3573; x_wconf 85' lang='lat' dir='ltr'><strong>Thessaliam</strong></span> <span class='ocrx_word' id='word_1_482' title='bbox 2058 3534 2184 3589; x_wconf 85' lang='lat' dir='ltr'><strong>pro—</strong></span> 
     </span>
    </p>
   </div>
   <div class='ocr_carea' id='block_1_68' title="bbox 625 3605 2185 3677">
    <p class='ocr_par' dir='ltr' id='par_1_68' title="bbox 625 3605 2185 3677">
     <span class='ocr_line' id='line_1_68' title="bbox 625 3605 2185 3677; baseline 0.003 -18"><span class='ocrx_word' id='word_1_483' title='bbox 625 3609 824 3665; x_wconf 82' lang='lat' dir='ltr'><strong>fectus,</strong></span> <span class='ocrx_word' id='word_1_484' title='bbox 878 3605 1122 3674; x_wconf 88' lang='lat' dir='ltr'><strong>equestri</strong></span> <span class='ocrx_word' id='word_1_485' title='bbox 1152 3606 1337 3674; x_wconf 80' lang='lat' dir='ltr'><strong>praelia</strong></span> <span class='ocrx_word' id='word_1_486' title='bbox 1382 3622 1507 3661; x_wconf 86' lang='lat' dir='ltr'><strong>cum</strong></span> <span class='ocrx_word' id='word_1_487' title='bbox 1541 3607 1792 3677; x_wconf 90' lang='lat' dir='ltr'><strong>Philippo</strong></span> <span class='ocrx_word' id='word_1_488' title='bbox 1833 3608 2138 3664; x_wconf 87' lang='lat' dir='ltr'><strong>decertavit</strong></span> <span class='ocrx_word' id='word_1_489' title='bbox 2171 3628 2185 3664; x_wconf 91' lang='lat'>:</span> 
     </span>
    </p>
   </div>
   <div class='ocr_carea' id='block_1_69' title="bbox 625 3697 2185 3768">
    <p class='ocr_par' dir='ltr' id='par_1_69' title="bbox 625 3697 2185 3768">
     <span class='ocr_line' id='line_1_69' title="bbox 625 3697 2185 3768; baseline 0.004 -21"><span class='ocrx_word' id='word_1_490' title='bbox 625 3698 972 3766; x_wconf 89' lang='lat' dir='ltr'><strong>nequeenim</strong></span> <span class='ocrx_word' id='word_1_491' title='bbox 1037 3698 1187 3750; x_wconf 87' lang='lat' dir='ltr'><strong>locus</strong></span> <span class='ocrx_word' id='word_1_492' title='bbox 1252 3697 1445 3767; x_wconf 86' lang='lat' dir='ltr'><strong>majori</strong></span> <span class='ocrx_word' id='word_1_493' title='bbox 1508 3712 1701 3768; x_wconf 68' lang='lat' dir='ltr'><strong>pugna:</strong></span> <span class='ocrx_word' id='word_1_494' title='bbox 1761 3698 1867 3751; x_wconf 76' lang='lat' dir='ltr'><strong>fuit</strong></span> <span class='ocrx_word' id='word_1_495' title='bbox 1931 3699 2185 3754; x_wconf 89' lang='lat' dir='ltr'><strong>idoneus.</strong></span> 
     </span>
    </p>
   </div>
   <div class='ocr_carea' id='block_1_70' title="bbox 625 3788 2185 3859">
    <p class='ocr_par' dir='ltr' id='par_1_70' title="bbox 625 3788 2185 3859">
     <span class='ocr_line' id='line_1_70' title="bbox 625 3788 2185 3859; baseline 0.005 -20"><span class='ocrx_word' id='word_1_496' title='bbox 625 3788 803 3854; x_wconf 82' lang='lat' dir='ltr'><strong>Quare</strong></span> <span class='ocrx_word' id='word_1_497' title='bbox 837 3790 997 3843; x_wconf 90' lang='lat' dir='ltr'><strong>ambo</strong></span> <span class='ocrx_word' id='word_1_498' title='bbox 1042 3789 1096 3842; x_wconf 89' lang='lat' dir='ltr'><strong>in</strong></span> <span class='ocrx_word' id='word_1_499' title='bbox 1136 3791 1405 3843; x_wconf 89' lang='lat' dir='ltr'><strong>tumulum</strong></span> <span class='ocrx_word' id='word_1_500' title='bbox 1447 3789 1762 3858; x_wconf 89' lang='lat' dir='ltr'><strong>quemdam,</strong></span> <span class='ocrx_word' id='word_1_501' title='bbox 1812 3792 1970 3859; x_wconf 87' lang='lat' dir='ltr'><strong>cujus</strong></span> <span class='ocrx_word' id='word_1_502' title='bbox 2021 3806 2185 3847; x_wconf 88' lang='lat' dir='ltr'><strong>cacu-</strong></span> 
     </span>
    </p>
   </div>
   <div class='ocr_carea' id='block_1_71' title="bbox 628 3880 2183 3957">
    <p class='ocr_par' dir='ltr' id='par_1_71' title="bbox 628 3880 2183 3957">
     <span class='ocr_line' id='line_1_71' title="bbox 628 3880 2183 3957; baseline 0.003 -24"><span class='ocrx_word' id='word_1_503' title='bbox 628 3896 749 3933; x_wconf 86' lang='lat' dir='ltr'><strong>men</strong></span> <span class='ocrx_word' id='word_1_504' title='bbox 772 3880 1201 3957; x_wconf 74' lang='lat' dir='ltr'><strong>Cynoscephale,</strong></span> <span class='ocrx_word' id='word_1_505' title='bbox 1226 3896 1257 3935; x_wconf 91' lang='lat' dir='ltr'><strong>a</strong></span> <span class='ocrx_word' id='word_1_506' title='bbox 1293 3882 1473 3935; x_wconf 88' lang='lat' dir='ltr'><strong>canini</strong></span> <span class='ocrx_word' id='word_1_507' title='bbox 1507 3882 1699 3951; x_wconf 89' lang='lat' dir='ltr'><strong>capitis</strong></span> <span class='ocrx_word' id='word_1_508' title='bbox 1715 3882 2071 3938; x_wconf 90' lang='lat' dir='ltr'><strong>similitudine</strong></span> <span class='ocrx_word' id='word_1_509' title='bbox 2097 3883 2151 3937; x_wconf 91' lang='lat' dir='ltr'><strong>di</strong></span> <span class='ocrx_word' id='word_1_510' title='bbox 2170 3914 2183 3925; x_wconf 88' lang='lat'><em>-</em></span> 
     </span>
    </p>
   </div>
   <div class='ocr_carea' id='block_1_72' title="bbox 627 3972 2187 4042">
    <p class='ocr_par' dir='ltr' id='par_1_72' title="bbox 627 3972 2187 4042">
     <span class='ocr_line' id='line_1_72' title="bbox 627 3972 2187 4042; baseline 0.001 -15"><span class='ocrx_word' id='word_1_511' title='bbox 627 3972 793 4035; x_wconf 80' lang='lat' dir='ltr'><strong>citur,</strong></span> <span class='ocrx_word' id='word_1_512' title='bbox 813 3980 1197 4026; x_wconf 82' lang='lat' dir='ltr'><strong>secesserunt:</strong></span> <span class='ocrx_word' id='word_1_513' title='bbox 1236 3973 1561 4042; x_wconf 86' lang='lat' dir='ltr'><strong>diversequc</strong></span> <span class='ocrx_word' id='word_1_514' title='bbox 1585 3975 1783 4028; x_wconf 87' lang='lat' dir='ltr'><strong>castris</strong></span> <span class='ocrx_word' id='word_1_515' title='bbox 1802 3974 2017 4042; x_wconf 84' lang='lat' dir='ltr'><strong>positis,</strong></span> <span class='ocrx_word' id='word_1_516' title='bbox 2042 3976 2187 4030; x_wconf 89' lang='lat' dir='ltr'><strong>inter</strong></span> 
     </span>
    </p>
   </div>
   <div class='ocr_carea' id='block_1_73' title="bbox 626 4059 2187 4131">
    <p class='ocr_par' dir='ltr' id='par_1_73' title="bbox 626 4059 2187 4131">
     <span class='ocr_line' id='line_1_73' title="bbox 626 4059 2187 4131; baseline -0.002 -9"><span class='ocrx_word' id='word_1_517' title='bbox 626 4079 686 4123; x_wconf 82' lang='lat' dir='ltr'><strong>se</strong></span> <span class='ocrx_word' id='word_1_518' title='bbox 717 4062 845 4117; x_wconf 90' lang='lat' dir='ltr'><strong>totis</strong></span> <span class='ocrx_word' id='word_1_519' title='bbox 874 4059 1204 4115; x_wconf 79' lang='lat' dir='ltr'><strong>exercitibus</strong></span> <span class='ocrx_word' id='word_1_520' title='bbox 1234 4063 1511 4131; x_wconf 79' lang='lat' dir='ltr'><strong>congressi</strong></span> <span class='ocrx_word' id='word_1_521' title='bbox 1530 4102 1544 4123; x_wconf 92' lang='lat'><strong>,</strong></span> <span class='ocrx_word' id='word_1_522' title='bbox 1586 4079 1738 4131; x_wconf 69' lang='lat' dir='ltr'><strong>aequo</strong></span> <span class='ocrx_word' id='word_1_523' title='bbox 1768 4074 1943 4117; x_wconf 90' lang='lat' dir='ltr'><strong>marte</strong></span> <span class='ocrx_word' id='word_1_524' title='bbox 1980 4064 2187 4119; x_wconf 81' lang='lat' dir='ltr'><strong>disces-</strong></span> 
     </span>
    </p>
   </div>
   <div class='ocr_carea' id='block_1_74' title="bbox 628 4154 2187 4219">
    <p class='ocr_par' dir='ltr' id='par_1_74' title="bbox 628 4154 2187 4219">
     <span class='ocr_line' id='line_1_74' title="bbox 628 4154 2187 4219; baseline 0 -10"><span class='ocrx_word' id='word_1_525' title='bbox 628 4157 846 4219; x_wconf 84' lang='lat' dir='ltr'><strong>sissent,</strong></span> <span class='ocrx_word' id='word_1_526' title='bbox 875 4155 976 4209; x_wconf 88' lang='lat' dir='ltr'><strong>nisi</strong></span> <span class='ocrx_word' id='word_1_527' title='bbox 1006 4154 1313 4209; x_wconf 58' lang='lat' dir='ltr'><strong>[Etolorum</strong></span> <span class='ocrx_word' id='word_1_528' title='bbox 1350 4154 1551 4208; x_wconf 79' lang='lat' dir='ltr'><strong>auxilia</strong></span> <span class='ocrx_word' id='word_1_529' title='bbox 1590 4154 1877 4208; x_wconf 79' lang='lat' dir='ltr'><strong>victoriam</strong></span> <span class='ocrx_word' id='word_1_530' title='bbox 1924 4155 2187 4210; x_wconf 80' lang='lat' dir='ltr'><strong>Romanis</strong></span> 
     </span>
    </p>
   </div>
   <div class='ocr_carea' id='block_1_75' title="bbox 625 4249 2182 4321">
    <p class='ocr_par' dir='ltr' id='par_1_75' title="bbox 625 4249 2182 4321">
     <span class='ocr_line' id='line_1_75' title="bbox 625 4249 2182 4321; baseline 0.001 -20"><span class='ocrx_word' id='word_1_531' title='bbox 625 4252 983 4319; x_wconf 75' lang='lat' dir='ltr'><strong>peperissent.</strong></span> <span class='ocrx_word' id='word_1_532' title='bbox 1015 4252 1303 4321; x_wconf 85' lang='lat' dir='ltr'><strong>Philippus</strong></span> <span class='ocrx_word' id='word_1_533' title='bbox 1368 4250 1544 4305; x_wconf 83' lang='lat' dir='ltr'><strong>victus</strong></span> <span class='ocrx_word' id='word_1_534' title='bbox 1573 4261 1628 4305; x_wconf 89' lang='lat' dir='ltr'><strong>et</strong></span> <span class='ocrx_word' id='word_1_535' title='bbox 1668 4249 2008 4319; x_wconf 83' lang='lat' dir='ltr'><strong>proﬂigatus,</strong></span> <span class='ocrx_word' id='word_1_536' title='bbox 2060 4265 2182 4303; x_wconf 87' lang='lat' dir='ltr'><strong>cum</strong></span> 
     </span>
    </p>
   </div>
   <div class='ocr_carea' id='block_1_76' title="bbox 625 4340 2186 4414">
    <p class='ocr_par' dir='ltr' id='par_1_76' title="bbox 625 4340 2186 4414">
     <span class='ocr_line' id='line_1_76' title="bbox 625 4340 2186 4414; baseline 0 -20"><span class='ocrx_word' id='word_1_537' title='bbox 625 4340 898 4395; x_wconf 88' lang='lat' dir='ltr'><strong>Larissam</strong></span> <span class='ocrx_word' id='word_1_538' title='bbox 946 4352 1003 4396; x_wconf 92' lang='lat' dir='ltr'><strong>et</strong></span> <span class='ocrx_word' id='word_1_539' title='bbox 1046 4345 1507 4414; x_wconf 84' lang='lat' dir='ltr'><strong>circumjacentes</strong></span> <span class='ocrx_word' id='word_1_540' title='bbox 1554 4343 1807 4398; x_wconf 82' lang='lat' dir='ltr'><strong>civitates</strong></span> <span class='ocrx_word' id='word_1_541' title='bbox 1854 4342 1909 4395; x_wconf 94' lang='lat' dir='ltr'><strong>in</strong></span> <span class='ocrx_word' id='word_1_542' title='bbox 1958 4342 2186 4396; x_wconf 84' lang='lat' dir='ltr'><strong>victoris</strong></span> 
     </span>
    </p>
   </div>
   <div class='ocr_carea' id='block_1_77' title="bbox 624 4433 2182 4501">
    <p class='ocr_par' dir='ltr' id='par_1_77' title="bbox 624 4433 2182 4501">
     <span class='ocr_line' id='line_1_77' title="bbox 624 4433 2182 4501; baseline 0 -16"><span class='ocrx_word' id='word_1_543' title='bbox 624 4440 809 4501; x_wconf 63' lang='lat' dir='ltr'><strong>partes</strong></span> <span class='ocrx_word' id='word_1_544' title='bbox 828 4434 1164 4487; x_wconf 86' lang='lat' dir='ltr'><strong>concessisse</strong></span> <span class='ocrx_word' id='word_1_545' title='bbox 1196 4434 1461 4494; x_wconf 88' lang='lat' dir='ltr'><strong>audisset,</strong></span> <span class='ocrx_word' id='word_1_546' title='bbox 1489 4433 1945 4488; x_wconf 82' lang='lat' dir='ltr'><strong>caduceatoribus</strong></span> <span class='ocrx_word' id='word_1_547' title='bbox 1981 4433 2182 4493; x_wconf 89' lang='lat' dir='ltr'><strong>missis,</strong></span> 
     </span>
    </p>
   </div>
   <div class='ocr_carea' id='block_1_78' title="bbox 2294 3240 3855 3316">
    <p class='ocr_par' dir='ltr' id='par_1_78' title="bbox 2294 3240 3855 3316">
     <span class='ocr_line' id='line_1_78' title="bbox 2294 3240 3855 3316; baseline -0.006 -13"><span class='ocrx_word' id='word_1_548' title='bbox 2294 3249 2591 3304; x_wconf 81' lang='grc' dir='ltr'><strong>Μινούκιον</strong></span> <span class='ocrx_word' id='word_1_549' title='bbox 2633 3246 2861 3316; x_wconf 81' lang='grc' dir='ltr'><strong>Ῥοῦφον</strong></span> <span class='ocrx_word' id='word_1_550' title='bbox 2906 3245 3000 3298; x_wconf 70' lang='grc' dir='ltr'><strong>ἐπὶ</strong></span> <span class='ocrx_word' id='word_1_551' title='bbox 3030 3245 3155 3305; x_wconf 82' lang='grc' dir='ltr'><strong>τοὺς</strong></span> <span class='ocrx_word' id='word_1_552' title='bbox 3190 3244 3437 3301; x_wconf 80' lang='grc' dir='ltr'><strong>Γαλάτας</strong></span> <span class='ocrx_word' id='word_1_553' title='bbox 3476 3243 3765 3313; x_wconf 66' lang='grc' dir='ltr'><strong>ἔπεμψανο</strong></span> <span class='ocrx_word' id='word_1_554' title='bbox 3806 3240 3855 3295; x_wconf 84' lang='grc' dir='ltr'><strong>οῑ</strong></span> 
     </span>
    </p>
   </div>
   <div class='ocr_carea' id='block_1_79' title="bbox 2294 3334 3855 3414">
    <p class='ocr_par' dir='ltr' id='par_1_79' title="bbox 2294 3334 3855 3414">
     <span class='ocr_line' id='line_1_79' title="bbox 2294 3334 3855 3414; baseline -0.006 -18"><span class='ocrx_word' id='word_1_555' title='bbox 2294 3342 2655 3414; x_wconf 67' lang='grc' dir='ltr'><strong>διαιρεθέντες</strong></span> <span class='ocrx_word' id='word_1_556' title='bbox 2692 3340 2851 3404; x_wconf 68' lang='grc' dir='ltr'><strong>ἄλλος</strong></span> <span class='ocrx_word' id='word_1_557' title='bbox 2883 3339 3051 3409; x_wconf 77' lang='grc' dir='ltr'><strong>ἄλλην</strong></span> <span class='ocrx_word' id='word_1_558' title='bbox 3077 3338 3343 3410; x_wconf 74' lang='grc' dir='ltr'><strong>ἐπόρθουν</strong></span> <span class='ocrx_word' id='word_1_559' title='bbox 3368 3335 3575 3408; x_wconf 82' lang='grc' dir='ltr'><strong>χώραν.</strong></span> <span class='ocrx_word' id='word_1_560' title='bbox 3602 3337 3741 3407; x_wconf 82' lang='grc' dir='ltr'><strong>Πρὸς</strong></span> <span class='ocrx_word' id='word_1_561' title='bbox 3767 3334 3855 3389; x_wconf 76' lang='grc' dir='ltr'><strong>οὖν</strong></span> 
     </span>
    </p>
   </div>
   <div class='ocr_carea' id='block_1_80' title="bbox 2292 3426 3852 3502">
    <p class='ocr_par' dir='ltr' id='par_1_80' title="bbox 2292 3426 3852 3502">
     <span class='ocr_line' id='line_1_80' title="bbox 2292 3426 3852 3502; baseline -0.007 -13"><span class='ocrx_word' id='word_1_562' title='bbox 2292 3435 2419 3497; x_wconf 83' lang='grc' dir='ltr'><strong>τοὺς</strong></span> <span class='ocrx_word' id='word_1_563' title='bbox 2473 3434 2712 3495; x_wconf 68' lang='grc' dir='ltr'><strong>ὑπάτους</strong></span> <span class='ocrx_word' id='word_1_564' title='bbox 2772 3434 2864 3487; x_wconf 70' lang='grc' dir='ltr'><strong>καὶ</strong></span> <span class='ocrx_word' id='word_1_565' title='bbox 2908 3432 2958 3484; x_wconf 81' lang='grc' dir='ltr'><strong>οι</strong></span> <span class='ocrx_word' id='word_1_566' title='bbox 3012 3430 3267 3502; x_wconf 66' lang='grc' dir='ltr'><strong>πολέμιοι</strong></span> <span class='ocrx_word' id='word_1_567' title='bbox 3302 3430 3653 3502; x_wconf 74' lang='grc' dir='ltr'><strong>διῃρέθησαν,</strong></span> <span class='ocrx_word' id='word_1_568' title='bbox 3684 3429 3778 3480; x_wconf 79' lang='grc' dir='ltr'><strong>καὶ</strong></span> <span class='ocrx_word' id='word_1_569' title='bbox 3806 3426 3852 3501; x_wconf 68' lang='lat' dir='ltr'><strong>ei</strong></span> 
     </span>
    </p>
   </div>
   <div class='ocr_carea' id='block_1_81' title="bbox 2297 3522 3853 3595">
    <p class='ocr_par' dir='ltr' id='par_1_81' title="bbox 2297 3522 3853 3595">
     <span class='ocr_line' id='line_1_81' title="bbox 2297 3522 3853 3595; baseline -0.004 -18"><span class='ocrx_word' id='word_1_570' title='bbox 2297 3526 2396 3595; x_wconf 70' lang='grc' dir='ltr'><strong>μὶν</strong></span> <span class='ocrx_word' id='word_1_571' title='bbox 2425 3525 2503 3593; x_wconf 72' lang='grc' dir='ltr'><strong>τῷ</strong></span> <span class='ocrx_word' id='word_1_572' title='bbox 2525 3524 2755 3595; x_wconf 65' lang='grc' dir='ltr'><strong>Κεθήγῳ</strong></span> <span class='ocrx_word' id='word_1_573' title='bbox 2783 3525 2923 3591; x_wconf 73' lang='grc' dir='ltr'><strong>μετὰ</strong></span> <span class='ocrx_word' id='word_1_574' title='bbox 2951 3526 3041 3578; x_wconf 79' lang='grc' dir='ltr'><strong>τοῦ</strong></span> <span class='ocrx_word' id='word_1_575' title='bbox 3077 3523 3333 3594; x_wconf 80' lang='grc' dir='ltr'><strong>Ἀμίλκου</strong></span> <span class='ocrx_word' id='word_1_576' title='bbox 3363 3522 3747 3592; x_wconf 80' lang='grc' dir='ltr'><strong>συμϐαλόντες,</strong></span> <span class='ocrx_word' id='word_1_577' title='bbox 3766 3522 3853 3589; x_wconf 85' lang='grc' dir='ltr'><strong>ήτ-</strong></span> 
     </span>
    </p>
   </div>
   <div class='ocr_carea' id='block_1_82' title="bbox 2292 3614 3851 3687">
    <p class='ocr_par' dir='ltr' id='par_1_82' title="bbox 2292 3614 3851 3687">
     <span class='ocr_line' id='line_1_82' title="bbox 2292 3614 3851 3687; baseline -0.004 -18"><span class='ocrx_word' id='word_1_578' title='bbox 2292 3618 2557 3686; x_wconf 74' lang='grc' dir='ltr'><strong>τήθησιν.</strong></span> <span class='ocrx_word' id='word_1_579' title='bbox 2588 3615 2655 3672; x_wconf 78' lang='grc' dir='ltr'><strong>οι</strong></span> <span class='ocrx_word' id='word_1_580' title='bbox 2695 3621 2870 3669; x_wconf 71' lang='grc' dir='ltr'><strong>λοιποὶ</strong></span> <span class='ocrx_word' id='word_1_581' title='bbox 2919 3618 2977 3670; x_wconf 79' lang='grc' dir='ltr'><strong>δὲ</strong></span> <span class='ocrx_word' id='word_1_582' title='bbox 3004 3618 3165 3687; x_wconf 81' lang='grc' dir='ltr'><strong>τοῦτο</strong></span> <span class='ocrx_word' id='word_1_583' title='bbox 3192 3617 3435 3682; x_wconf 83' lang='grc' dir='ltr'><strong>γνόντες.</strong></span> <span class='ocrx_word' id='word_1_584' title='bbox 3474 3614 3851 3667; x_wconf 73' lang='grc' dir='ltr'><strong>ἀπεδειλίασαν</strong></span> 
     </span>
    </p>
   </div>
   <div class='ocr_carea' id='block_1_83' title="bbox 2296 3706 3854 3779">
    <p class='ocr_par' dir='ltr' id='par_1_83' title="bbox 2296 3706 3854 3779">
     <span class='ocr_line' id='line_1_83' title="bbox 2296 3706 3854 3779; baseline -0.006 -14"><span class='ocrx_word' id='word_1_585' title='bbox 2296 3711 2391 3765; x_wconf 70' lang='grc' dir='ltr'><strong>καὶ</strong></span> <span class='ocrx_word' id='word_1_586' title='bbox 2421 3710 2609 3764; x_wconf 76' lang='grc' dir='ltr'><strong>οὐκέτι</strong></span> <span class='ocrx_word' id='word_1_587' title='bbox 2654 3710 2732 3779; x_wconf 81' lang='grc' dir='ltr'><strong>τῷ</strong></span> <span class='ocrx_word' id='word_1_588' title='bbox 2770 3710 2983 3779; x_wconf 76' lang='grc' dir='ltr'><strong>Ῥούφῳ</strong></span> <span class='ocrx_word' id='word_1_589' title='bbox 3014 3708 3331 3769; x_wconf 78' lang='grc' dir='ltr'><strong>συνέϐαλον.</strong></span> <span class='ocrx_word' id='word_1_590' title='bbox 3365 3708 3482 3760; x_wconf 77' lang='grc' dir='ltr'><strong>ἀλλ’</strong></span> <span class='ocrx_word' id='word_1_591' title='bbox 3512 3706 3685 3768; x_wconf 79' lang='grc' dir='ltr'><strong>ἀδεῶς</strong></span> <span class='ocrx_word' id='word_1_592' title='bbox 3716 3706 3854 3757; x_wconf 78' lang='grc' dir='ltr'><strong>ἐκεῖ·</strong></span> 
     </span>
    </p>
   </div>
   <div class='ocr_carea' id='block_1_84' title="bbox 2294 3797 3849 3873">
    <p class='ocr_par' dir='ltr' id='par_1_84' title="bbox 2294 3797 3849 3873">
     <span class='ocr_line' id='line_1_84' title="bbox 2294 3797 3849 3873; baseline -0.007 -17"><span class='ocrx_word' id='word_1_593' title='bbox 2294 3820 2382 3866; x_wconf 88' lang='grc' dir='ltr'><strong>νος</strong></span> <span class='ocrx_word' id='word_1_594' title='bbox 2425 3802 2523 3873; x_wconf 80' lang='grc' dir='ltr'><strong>τὴν</strong></span> <span class='ocrx_word' id='word_1_595' title='bbox 2567 3800 2750 3872; x_wconf 83' lang='grc' dir='ltr'><strong>χώραν</strong></span> <span class='ocrx_word' id='word_1_596' title='bbox 2795 3802 3114 3871; x_wconf 74' lang='grc' dir='ltr'><strong>κατέτρεχε.</strong></span> <span class='ocrx_word' id='word_1_597' title='bbox 3149 3800 3259 3854; x_wconf 86' lang='grc' dir='ltr'><strong>Καὶ</strong></span> <span class='ocrx_word' id='word_1_598' title='bbox 3288 3800 3337 3853; x_wconf 85' lang='grc' dir='ltr'><strong>οί</strong></span> <span class='ocrx_word' id='word_1_599' title='bbox 3375 3798 3474 3868; x_wconf 74' lang='grc' dir='ltr'><strong>μὲν</strong></span> <span class='ocrx_word' id='word_1_600' title='bbox 3516 3797 3593 3867; x_wconf 81' lang='grc' dir='ltr'><strong>τῷ</strong></span> <span class='ocrx_word' id='word_1_601' title='bbox 3621 3798 3849 3865; x_wconf 78' lang='grc' dir='ltr'><strong>Κεθήγῳ</strong></span> 
     </span>
    </p>
   </div>
   <div class='ocr_carea' id='block_1_85' title="bbox 2296 3889 3850 3965">
    <p class='ocr_par' dir='ltr' id='par_1_85' title="bbox 2296 3889 3850 3965">
     <span class='ocr_line' id='line_1_85' title="bbox 2296 3889 3850 3965; baseline -0.005 -17"><span class='ocrx_word' id='word_1_602' title='bbox 2296 3895 2705 3965; x_wconf 81' lang='grc' dir='ltr'><strong>πολεμήσαντες</strong></span> <span class='ocrx_word' id='word_1_603' title='bbox 2760 3894 2993 3957; x_wconf 77' lang='grc' dir='ltr'><strong>σπονδὰς</strong></span> <span class='ocrx_word' id='word_1_604' title='bbox 3049 3893 3397 3963; x_wconf 63' lang='grc' dir='ltr'><strong>ἐποιήσαντο,</strong></span> <span class='ocrx_word' id='word_1_605' title='bbox 3424 3892 3474 3945; x_wconf 84' lang='grc' dir='ltr'><strong>οί</strong></span> <span class='ocrx_word' id='word_1_606' title='bbox 3525 3890 3570 3945; x_wconf 82' lang='grc' dir='ltr'><strong>δ’</strong></span> <span class='ocrx_word' id='word_1_607' title='bbox 3599 3889 3750 3945; x_wconf 73' lang='grc' dir='ltr'><strong>ἄλλοι</strong></span> <span class='ocrx_word' id='word_1_608' title='bbox 3794 3891 3850 3941; x_wconf 79' lang='grc' dir='ltr'><strong>ὲν</strong></span> 
     </span>
    </p>
   </div>
   <div class='ocr_carea' id='block_1_86' title="bbox 2293 3980 3848 4053">
    <p class='ocr_par' dir='ltr' id='par_1_86' title="bbox 2293 3980 3848 4053">
     <span class='ocr_line' id='line_1_86' title="bbox 2293 3980 3848 4053; baseline -0.002 -18"><span class='ocrx_word' id='word_1_609' title='bbox 2293 3986 2409 4047; x_wconf 86' lang='grc' dir='ltr'><strong>τοῖς</strong></span> <span class='ocrx_word' id='word_1_610' title='bbox 2432 3982 2617 4044; x_wconf 81' lang='grc' dir='ltr'><strong>ὅπλοις</strong></span> <span class='ocrx_word' id='word_1_611' title='bbox 2650 3982 2730 4034; x_wconf 82' lang='grc' dir='ltr'><strong>ἔτι</strong></span> <span class='ocrx_word' id='word_1_612' title='bbox 2762 3982 3080 4053; x_wconf 76' lang='grc' dir='ltr'><strong>ἐτύγχανον.</strong></span> <span class='ocrx_word' id='word_1_613' title='bbox 3117 3983 3252 4035; x_wconf 84' lang='grc' dir='ltr'><strong>Τότε</strong></span> <span class='ocrx_word' id='word_1_614' title='bbox 3284 3982 3340 4035; x_wconf 83' lang='grc' dir='ltr'><strong>δὲ</strong></span> <span class='ocrx_word' id='word_1_615' title='bbox 3372 3982 3466 4035; x_wconf 78' lang='grc' dir='ltr'><strong>καὶ</strong></span> <span class='ocrx_word' id='word_1_616' title='bbox 3499 3984 3528 4036; x_wconf 91' lang='lat'><strong>6</strong></span> <span class='ocrx_word' id='word_1_617' title='bbox 3567 3980 3848 4050; x_wconf 71' lang='grc' dir='ltr'><strong>Φλαμίνιος</strong></span> 
     </span>
    </p>
   </div>
   <div class='ocr_carea' id='block_1_87' title="bbox 2297 4072 3843 4144">
    <p class='ocr_par' dir='ltr' id='par_1_87' title="bbox 2297 4072 3843 4144">
     <span class='ocr_line' id='line_1_87' title="bbox 2297 4072 3843 4144; baseline -0.001 -17"><span class='ocrx_word' id='word_1_618' title='bbox 2297 4077 2436 4144; x_wconf 85' lang='grc' dir='ltr'><strong>μετὰ</strong></span> <span class='ocrx_word' id='word_1_619' title='bbox 2465 4074 2559 4127; x_wconf 82' lang='grc' dir='ltr'><strong>τοῦ</strong></span> <span class='ocrx_word' id='word_1_620' title='bbox 2597 4075 2852 4128; x_wconf 80' lang='grc' dir='ltr'><strong>Ἀττάλου</strong></span> <span class='ocrx_word' id='word_1_621' title='bbox 2879 4075 2979 4144; x_wconf 73' lang='grc' dir='ltr'><strong>τήν</strong></span> <span class='ocrx_word' id='word_1_622' title='bbox 2999 4074 3259 4127; x_wconf 77' lang='grc' dir='ltr'><strong>Βοιωτίαν</strong></span> <span class='ocrx_word' id='word_1_623' title='bbox 3278 4073 3495 4127; x_wconf 78' lang='grc' dir='ltr'><strong>ἃπασαν</strong></span> <span class='ocrx_word' id='word_1_624' title='bbox 3519 4072 3843 4141; x_wconf 77' lang='grc' dir='ltr'><strong>ὑπηγάγετο.</strong></span> 
     </span>
    </p>
   </div>
   <div class='ocr_carea' id='block_1_88' title="bbox 2295 4152 3847 4234">
    <p class='ocr_par' dir='ltr' id='par_1_88' title="bbox 2295 4152 3847 4234">
     <span class='ocr_line' id='line_1_88' title="bbox 2295 4152 3847 4234; baseline -0.003 -16"><span class='ocrx_word' id='word_1_625' title='bbox 2295 4167 2405 4218; x_wconf 76' lang='grc' dir='ltr'><strong>Καὶ</strong></span> <span class='ocrx_word' id='word_1_626' title='bbox 2444 4167 2471 4218; x_wconf 97' lang='lat'><strong>6</strong></span> <span class='ocrx_word' id='word_1_627' title='bbox 2508 4168 2607 4233; x_wconf 81' lang='grc' dir='ltr'><strong>μὲν</strong></span> <span class='ocrx_word' id='word_1_628' title='bbox 2636 4166 2900 4226; x_wconf 74' lang='grc' dir='ltr'><strong>Ἄτταλος</strong></span> <span class='ocrx_word' id='word_1_629' title='bbox 2929 4166 2987 4216; x_wconf 80' lang='grc' dir='ltr'><strong>ὲν</strong></span> <span class='ocrx_word' id='word_1_630' title='bbox 3029 4152 3108 4232; x_wconf 77' lang='grc' dir='ltr'><strong>τῷ</strong></span> <span class='ocrx_word' id='word_1_631' title='bbox 3146 4163 3480 4234; x_wconf 80' lang='grc' dir='ltr'><strong>δημηγορεῖν</strong></span> <span class='ocrx_word' id='word_1_632' title='bbox 3520 4162 3702 4224; x_wconf 80' lang='grc' dir='ltr'><strong>αὐτοῖς</strong></span> <span class='ocrx_word' id='word_1_633' title='bbox 3751 4161 3847 4214; x_wconf 80' lang='grc' dir='ltr'><strong>ὑπὸ</strong></span> 
     </span>
    </p>
   </div>
   <div class='ocr_carea' id='block_1_89' title="bbox 2294 4253 3846 4332">
    <p class='ocr_par' dir='ltr' id='par_1_89' title="bbox 2294 4253 3846 4332">
     <span class='ocr_line' id='line_1_89' title="bbox 2294 4253 3846 4332; baseline -0.004 -20"><span class='ocrx_word' id='word_1_634' title='bbox 2294 4258 2478 4332; x_wconf 79' lang='grc' dir='ltr'><strong>γήρως</strong></span> <span class='ocrx_word' id='word_1_635' title='bbox 2516 4256 2814 4324; x_wconf 78' lang='grc' dir='ltr'><strong>ἀπὲψυξεν.</strong></span> <span class='ocrx_word' id='word_1_636' title='bbox 2851 4255 2914 4308; x_wconf 83' lang='lat'><strong>&#39;0</strong></span> <span class='ocrx_word' id='word_1_637' title='bbox 2944 4254 3003 4308; x_wconf 78' lang='grc' dir='ltr'><strong>δέ</strong></span> <span class='ocrx_word' id='word_1_638' title='bbox 3034 4272 3096 4322; x_wconf 83' lang='grc' dir='ltr'><strong>γε</strong></span> <span class='ocrx_word' id='word_1_639' title='bbox 3128 4253 3420 4325; x_wconf 77' lang='grc' dir='ltr'><strong>Φλαμίνιος</strong></span> <span class='ocrx_word' id='word_1_640' title='bbox 3443 4256 3501 4319; x_wconf 88' lang='grc' dir='ltr'><strong>ὲς</strong></span> <span class='ocrx_word' id='word_1_641' title='bbox 3531 4255 3631 4322; x_wconf 81' lang='grc' dir='ltr'><strong>τὴν</strong></span> <span class='ocrx_word' id='word_1_642' title='bbox 3652 4254 3846 4307; x_wconf 83' lang='grc' dir='ltr'><strong>Θεσσα-</strong></span> 
     </span>
    </p>
   </div>
   <div class='ocr_carea' id='block_1_90' title="bbox 2294 4344 3845 4417">
    <p class='ocr_par' dir='ltr' id='par_1_90' title="bbox 2294 4344 3845 4417">
     <span class='ocr_line' id='line_1_90' title="bbox 2294 4344 3845 4417; baseline -0.003 -19"><span class='ocrx_word' id='word_1_643' title='bbox 2294 4346 2415 4399; x_wconf 80' lang='grc' dir='ltr'><strong>λίαν</strong></span> <span class='ocrx_word' id='word_1_644' title='bbox 2442 4346 2633 4411; x_wconf 75' lang='grc' dir='ltr'><strong>ἐλθὼν,</strong></span> <span class='ocrx_word' id='word_1_645' title='bbox 2664 4346 2740 4416; x_wconf 82' lang='grc' dir='ltr'><strong>τῷ</strong></span> <span class='ocrx_word' id='word_1_646' title='bbox 2765 4346 3012 4417; x_wconf 69' lang='grc' dir='ltr'><strong>Φιλίππῳ</strong></span> <span class='ocrx_word' id='word_1_647' title='bbox 3040 4346 3362 4417; x_wconf 81' lang='grc' dir='ltr'><strong>προσέμιξε,</strong></span> <span class='ocrx_word' id='word_1_648' title='bbox 3384 4347 3481 4400; x_wconf 75' lang='grc' dir='ltr'><strong>καὶ</strong></span> <span class='ocrx_word' id='word_1_649' title='bbox 3517 4344 3845 4415; x_wconf 74' lang='grc' dir='ltr'><strong>ἱππομαχίαν</strong></span> 
     </span>
    </p>
   </div>
   <div class='ocr_carea' id='block_1_91' title="bbox 2293 4431 3842 4506">
    <p class='ocr_par' dir='ltr' id='par_1_91' title="bbox 2293 4431 3842 4506">
     <span class='ocr_line' id='line_1_91' title="bbox 2293 4431 3842 4506; baseline -0.003 -19"><span class='ocrx_word' id='word_1_650' title='bbox 2293 4436 2655 4503; x_wconf 80' lang='grc' dir='ltr'><strong>ἐποιήσαντο·</strong></span> <span class='ocrx_word' id='word_1_651' title='bbox 2712 4437 2770 4489; x_wconf 86' lang='grc' dir='ltr'><strong>τὸ</strong></span> <span class='ocrx_word' id='word_1_652' title='bbox 2828 4437 2939 4505; x_wconf 82' lang='grc' dir='ltr'><strong>γὰρ</strong></span> <span class='ocrx_word' id='word_1_653' title='bbox 2990 4437 3189 4506; x_wconf 85' lang='grc' dir='ltr'><strong>χωρίον</strong></span> <span class='ocrx_word' id='word_1_654' title='bbox 3241 4436 3341 4488; x_wconf 68' lang='grc' dir='ltr'><strong>οὐκ</strong></span> <span class='ocrx_word' id='word_1_655' title='bbox 3385 4436 3688 4503; x_wconf 76' lang='grc' dir='ltr'><strong>ἐπιτήδειον</strong></span> <span class='ocrx_word' id='word_1_656' title='bbox 3718 4431 3842 4500; x_wconf 78' lang='grc' dir='ltr'><strong>πρὸς</strong></span> 
     </span>
    </p>
   </div>
   <div class='ocr_carea' id='block_1_92' title="bbox 624 4522 2191 4597">
    <p class='ocr_par' dir='ltr' id='par_1_92' title="bbox 624 4522 2184 4593">
     <span class='ocr_line' id='line_1_92' title="bbox 624 4522 2184 4593; baseline 0.001 -16"><span class='ocrx_word' id='word_1_657' title='bbox 624 4523 989 4593; x_wconf 83' lang='lat' dir='ltr'><strong>pecuniaque;</strong></span> <span class='ocrx_word' id='word_1_658' title='bbox 1027 4532 1085 4577; x_wconf 87' lang='lat' dir='ltr'><strong>et</strong></span> <span class='ocrx_word' id='word_1_659' title='bbox 1125 4532 1324 4592; x_wconf 68' lang='lat' dir='ltr'><strong>praeter</strong></span> <span class='ocrx_word' id='word_1_660' title='bbox 1360 4522 1495 4575; x_wconf 88' lang='lat' dir='ltr'><strong>alios</strong></span> <span class='ocrx_word' id='word_1_661' title='bbox 1531 4522 1639 4575; x_wconf 79' lang='lat' dir='ltr'><strong>(ilio</strong></span> <span class='ocrx_word' id='word_1_662' title='bbox 1684 4523 1963 4575; x_wconf 85' lang='lat' dir='ltr'><strong>Demetrio</strong></span> <span class='ocrx_word' id='word_1_663' title='bbox 1992 4523 2184 4579; x_wconf 88' lang='lat' dir='ltr'><strong>obside</strong></span> 
     </span>
    </p>
   </div>
   <div class='ocr_carea' id='block_1_93' title="bbox 2294 4522 3841 4597">
    <p class='ocr_par' dir='ltr' id='par_1_93' title="bbox 2297 4523 3841 4597">
     <span class='ocr_line' id='line_1_93' title="bbox 2297 4523 3841 4597; baseline -0.005 -18"><span class='ocrx_word' id='word_1_664' title='bbox 2297 4526 2469 4595; x_wconf 79' lang='grc' dir='ltr'><strong>μείζω</strong></span> <span class='ocrx_word' id='word_1_665' title='bbox 2509 4528 2688 4596; x_wconf 82' lang='grc' dir='ltr'><strong>μάχην</strong></span> <span class='ocrx_word' id='word_1_666' title='bbox 2719 4523 2806 4597; x_wconf 77' lang='grc' dir='ltr'><strong>ἦν.</strong></span> <span class='ocrx_word' id='word_1_667' title='bbox 2853 4528 2942 4579; x_wconf 82' lang='grc' dir='ltr'><strong>Διὸ</strong></span> <span class='ocrx_word' id='word_1_668' title='bbox 2982 4528 3077 4579; x_wconf 67' lang='grc' dir='ltr'><strong>καὶ</strong></span> <span class='ocrx_word' id='word_1_669' title='bbox 3111 4526 3281 4593; x_wconf 80' lang='grc' dir='ltr'><strong>ἄμφω</strong></span> <span class='ocrx_word' id='word_1_670' title='bbox 3312 4524 3717 4591; x_wconf 76' lang='grc' dir='ltr'><strong>ἀπανέστη-σν.</strong></span> <span class='ocrx_word' id='word_1_671' title='bbox 3757 4524 3841 4575; x_wconf 71' lang='grc' dir='ltr'><strong>καὶ</strong></span> 
     </span>
    </p>
   </div>
   <div class='ocr_carea' id='block_1_94' title="bbox 625 4602 2187 4682">
    <p class='ocr_par' dir='ltr' id='par_1_94' title="bbox 625 4602 2187 4682">
     <span class='ocr_line' id='line_1_94' title="bbox 625 4602 2187 4682; baseline 0 -17"><span class='ocrx_word' id='word_1_672' title='bbox 625 4602 775 4679; x_wconf 82' lang='lat' dir='ltr'><strong>dato,</strong></span> <span class='ocrx_word' id='word_1_673' title='bbox 833 4615 1082 4670; x_wconf 85' lang='lat' dir='ltr'><strong>inducias</strong></span> <span class='ocrx_word' id='word_1_674' title='bbox 1113 4630 1143 4669; x_wconf 86' lang='lat' dir='ltr'><strong>a</strong></span> <span class='ocrx_word' id='word_1_675' title='bbox 1189 4613 1465 4669; x_wconf 86' lang='lat' dir='ltr'><strong>Flaminio</strong></span> <span class='ocrx_word' id='word_1_676' title='bbox 1506 4612 1843 4682; x_wconf 86' lang='lat' dir='ltr'><strong>impetravit,</strong></span> <span class='ocrx_word' id='word_1_677' title='bbox 1884 4621 1943 4666; x_wconf 90' lang='lat' dir='ltr'><strong>et</strong></span> <span class='ocrx_word' id='word_1_678' title='bbox 1980 4613 2187 4682; x_wconf 79' lang='lat' dir='ltr'><strong>legatos</strong></span> 
     </span>
    </p>
   </div>
   <div class='ocr_carea' id='block_1_95' title="bbox 630 4704 2186 4776">
    <p class='ocr_par' dir='ltr' id='par_1_95' title="bbox 630 4704 2186 4776">
     <span class='ocr_line' id='line_1_95' title="bbox 630 4704 2186 4776; baseline -0.003 -16"><span class='ocrx_word' id='word_1_679' title='bbox 630 4709 855 4762; x_wconf 81' lang='lat' dir='ltr'><strong>Romam</strong></span> <span class='ocrx_word' id='word_1_680' title='bbox 915 4723 1016 4775; x_wconf 90' lang='lat' dir='ltr'><strong>pro</strong></span> <span class='ocrx_word' id='word_1_681' title='bbox 1075 4723 1208 4776; x_wconf 81' lang='lat' dir='ltr'><strong>pace</strong></span> <span class='ocrx_word' id='word_1_682' title='bbox 1284 4707 1451 4761; x_wconf 86' lang='lat' dir='ltr'><strong>misit.</strong></span> <span class='ocrx_word' id='word_1_683' title='bbox 1521 4705 1658 4759; x_wconf 83' lang='lat' dir='ltr'><strong>Dum</strong></span> <span class='ocrx_word' id='word_1_684' title='bbox 1726 4704 1843 4758; x_wconf 62' lang='lat' dir='ltr'><strong>haec</strong></span> <span class='ocrx_word' id='word_1_685' title='bbox 1898 4714 2186 4773; x_wconf 86' lang='lat' dir='ltr'><strong>geruntur,</strong></span> 
     </span>
    </p>
   </div>
   <div class='ocr_carea' id='block_1_96' title="bbox 630 4796 2184 4856">
    <p class='ocr_par' dir='ltr' id='par_1_96' title="bbox 630 4796 2184 4856">
     <span class='ocr_line' id='line_1_96' title="bbox 630 4796 2184 4856; baseline -0.002 -5"><span class='ocrx_word' id='word_1_686' title='bbox 630 4798 799 4852; x_wconf 89' lang='lat' dir='ltr'><strong>etiam</strong></span> <span class='ocrx_word' id='word_1_687' title='bbox 835 4798 1247 4852; x_wconf 78' lang='lat' dir='ltr'><strong>Androsthenes</strong></span> <span class='ocrx_word' id='word_1_688' title='bbox 1277 4799 1341 4852; x_wconf 92' lang='lat' dir='ltr'><strong>ab</strong></span> <span class='ocrx_word' id='word_1_689' title='bbox 1385 4800 1597 4854; x_wconf 70' lang='lat' dir='ltr'><strong>Acbcis</strong></span> <span class='ocrx_word' id='word_1_690' title='bbox 1631 4799 1828 4856; x_wconf 78' lang='lat' dir='ltr'><strong>victus.</strong></span> <span class='ocrx_word' id='word_1_691' title='bbox 1860 4796 2184 4850; x_wconf 86' lang='lat' dir='ltr'><strong>Corinthum</strong></span> 
     </span>
    </p>
   </div>
   <div class='ocr_carea' id='block_1_97' title="bbox 628 4888 2183 4951">
    <p class='ocr_par' dir='ltr' id='par_1_97' title="bbox 628 4888 2183 4951">
     <span class='ocr_line' id='line_1_97' title="bbox 628 4888 2183 4951; baseline -0.003 -8"><span class='ocrx_word' id='word_1_692' title='bbox 628 4889 829 4945; x_wconf 83' lang='lat' dir='ltr'><strong>amisit.</strong></span> <span class='ocrx_word' id='word_1_693' title='bbox 881 4889 1083 4941; x_wconf 72' lang='lat' dir='ltr'><strong>Lucius</strong></span> <span class='ocrx_word' id='word_1_694' title='bbox 1116 4890 1413 4944; x_wconf 76' lang='lat' dir='ltr'><strong>Flaminius</strong></span> <span class='ocrx_word' id='word_1_695' title='bbox 1470 4890 1662 4941; x_wconf 79' lang='lat' dir='ltr'><strong>classis</strong></span> <span class='ocrx_word' id='word_1_696' title='bbox 1713 4888 2022 4951; x_wconf 64' lang='lat' dir='ltr'><strong>prtcl‘ectus,</strong></span> <span class='ocrx_word' id='word_1_697' title='bbox 2060 4902 2183 4941; x_wconf 85' lang='lat' dir='ltr'><strong>cunt</strong></span> 
     </span>
    </p>
   </div>
   <div class='ocr_carea' id='block_1_98' title="bbox 627 4972 2187 5047">
    <p class='ocr_par' dir='ltr' id='par_1_98' title="bbox 627 4972 2187 5047">
     <span class='ocr_line' id='line_1_98' title="bbox 627 4972 2187 5047; baseline -0.001 -14"><span class='ocrx_word' id='word_1_698' title='bbox 627 4984 939 5034; x_wconf 84' lang='lat' dir='ltr'><strong>Acarnanes</strong></span> <span class='ocrx_word' id='word_1_699' title='bbox 988 4996 1017 5030; x_wconf 76' lang='grc' dir='ltr'><strong>ιι</strong></span> <span class='ocrx_word' id='word_1_700' title='bbox 1068 4978 1299 5047; x_wconf 75' lang='lat' dir='ltr'><strong>Philippi</strong></span> <span class='ocrx_word' id='word_1_701' title='bbox 1343 4977 1603 5030; x_wconf 80' lang='lat' dir='ltr'><strong>societate</strong></span> <span class='ocrx_word' id='word_1_702' title='bbox 1658 4972 1818 5047; x_wconf 59' lang='grc' dir='ltr'><strong>Μ’]</strong></span> <span class='ocrx_word' id='word_1_703' title='bbox 1866 4979 2187 5031; x_wconf 69' lang='grc' dir='ltr'><strong>ειιιειτιιιιοιυ</strong></span> 
     </span>
    </p>
   </div>
   <div class='ocr_carea' id='block_1_99' title="bbox 625 5060 2182 5140">
    <p class='ocr_par' dir='ltr' id='par_1_99' title="bbox 625 5060 2182 5140">
     <span class='ocr_line' id='line_1_99' title="bbox 625 5060 2182 5140; baseline 0.001 -18"><span class='ocrx_word' id='word_1_704' title='bbox 625 5088 735 5125; x_wconf 82' lang='lat' dir='ltr'><strong>non</strong></span> <span class='ocrx_word' id='word_1_705' title='bbox 784 5080 988 5140; x_wconf 84' lang='lat' dir='ltr'><strong>posset,</strong></span> <span class='ocrx_word' id='word_1_706' title='bbox 1033 5060 1339 5126; x_wconf 85' lang='lat' dir='ltr'><strong>Leucadem</strong></span> <span class='ocrx_word' id='word_1_707' title='bbox 1380 5070 1666 5121; x_wconf 83' lang='lat' dir='ltr'><strong>obsidione</strong></span> <span class='ocrx_word' id='word_1_708' title='bbox 1720 5070 1908 5137; x_wconf 89' lang='lat' dir='ltr'><strong>cepit:</strong></span> <span class='ocrx_word' id='word_1_709' title='bbox 1942 5086 2182 5139; x_wconf 85' lang='lat' dir='ltr'><strong>eosque.</strong></span> 
     </span>
    </p>
   </div>
   <div class='ocr_carea' id='block_1_100' title="bbox 628 5160 2185 5232">
    <p class='ocr_par' dir='ltr' id='par_1_100' title="bbox 628 5160 2185 5232">
     <span class='ocr_line' id='line_1_100' title="bbox 628 5160 2185 5232; baseline 0.003 -20"><span class='ocrx_word' id='word_1_710' title='bbox 628 5164 723 5215; x_wconf 86' lang='lat' dir='ltr'><strong>ubi</strong></span> <span class='ocrx_word' id='word_1_711' title='bbox 754 5163 988 5231; x_wconf 85' lang='lat' dir='ltr'><strong>Philippi</strong></span> <span class='ocrx_word' id='word_1_712' title='bbox 1021 5164 1230 5217; x_wconf 86' lang='lat' dir='ltr'><strong>cladem</strong></span> <span class='ocrx_word' id='word_1_713' title='bbox 1258 5161 1541 5224; x_wconf 80' lang='lat' dir='ltr'><strong>audivere,</strong></span> <span class='ocrx_word' id='word_1_714' title='bbox 1592 5160 1809 5215; x_wconf 76' lang='lat' dir='ltr'><strong>facilius</strong></span> <span class='ocrx_word' id='word_1_715' title='bbox 1827 5163 2064 5232; x_wconf 85' lang='lat' dir='ltr'><strong>subegit.</strong></span> <span class='ocrx_word' id='word_1_716' title='bbox 2095 5163 2185 5217; x_wconf 88' lang='lat' dir='ltr'><strong>Sic</strong></span> 
     </span>
    </p>
   </div>
   <div class='ocr_carea' id='block_1_101' title="bbox 629 5256 2184 5322">
    <p class='ocr_par' dir='ltr' id='par_1_101' title="bbox 629 5256 2184 5322">
     <span class='ocr_line' id='line_1_101' title="bbox 629 5256 2184 5322; baseline 0.001 -14"><span class='ocrx_word' id='word_1_717' title='bbox 629 5256 1035 5309; x_wconf 83' lang='lat' dir='ltr'><strong>Macedonicum</strong></span> <span class='ocrx_word' id='word_1_718' title='bbox 1063 5258 1265 5311; x_wconf 84' lang='lat' dir='ltr'><strong>bellum</strong></span> <span class='ocrx_word' id='word_1_719' title='bbox 1289 5267 1372 5313; x_wconf 90' lang='lat' dir='ltr'><strong>est</strong></span> <span class='ocrx_word' id='word_1_720' title='bbox 1393 5257 1653 5318; x_wconf 83' lang='lat' dir='ltr'><strong>solutum,</strong></span> <span class='ocrx_word' id='word_1_721' title='bbox 1673 5270 1729 5311; x_wconf 89' lang='lat' dir='ltr'><strong>et</strong></span> <span class='ocrx_word' id='word_1_722' title='bbox 1750 5258 1978 5312; x_wconf 84' lang='lat' dir='ltr'><strong>Romani</strong></span> <span class='ocrx_word' id='word_1_723' title='bbox 1999 5272 2184 5322; x_wconf 84' lang='lat' dir='ltr'><strong>pacem</strong></span> 
     </span>
    </p>
   </div>
   <div class='ocr_carea' id='block_1_102' title="bbox 628 5345 2187 5419">
    <p class='ocr_par' dir='ltr' id='par_1_102' title="bbox 628 5345 2187 5419">
     <span class='ocr_line' id='line_1_102' title="bbox 628 5345 2187 5419; baseline 0.003 -20"><span class='ocrx_word' id='word_1_724' title='bbox 628 5362 752 5406; x_wconf 77' lang='lat' dir='ltr'><strong>cunt</strong></span> <span class='ocrx_word' id='word_1_725' title='bbox 790 5345 1043 5414; x_wconf 86' lang='lat' dir='ltr'><strong>Philippo</strong></span> <span class='ocrx_word' id='word_1_726' title='bbox 1073 5349 1294 5401; x_wconf 88' lang='lat' dir='ltr'><strong>minime</strong></span> <span class='ocrx_word' id='word_1_727' title='bbox 1325 5350 1589 5419; x_wconf 81' lang='lat' dir='ltr'><strong>gravatim</strong></span> <span class='ocrx_word' id='word_1_728' title='bbox 1622 5350 1904 5413; x_wconf 75' lang='lat' dir='ltr'><strong>fecerunt;</strong></span> <span class='ocrx_word' id='word_1_729' title='bbox 1940 5351 2025 5402; x_wconf 90' lang='lat' dir='ltr'><strong>his</strong></span> <span class='ocrx_word' id='word_1_730' title='bbox 2058 5366 2187 5403; x_wconf 83' lang='lat' dir='ltr'><strong>con-</strong></span> 
     </span>
    </p>
   </div>
   <div class='ocr_carea' id='block_1_103' title="bbox 629 5432 2182 5508">
    <p class='ocr_par' dir='ltr' id='par_1_103' title="bbox 629 5432 2182 5508">
     <span class='ocr_line' id='line_1_103' title="bbox 629 5432 2182 5508; baseline 0.003 -21"><span class='ocrx_word' id='word_1_731' title='bbox 629 5432 959 5493; x_wconf 80' lang='lat' dir='ltr'><strong>ditionibus,</strong></span> <span class='ocrx_word' id='word_1_732' title='bbox 996 5442 1055 5486; x_wconf 88' lang='lat' dir='ltr'><strong>ut</strong></span> <span class='ocrx_word' id='word_1_733' title='bbox 1098 5438 1346 5503; x_wconf 85' lang='lat' dir='ltr'><strong>captivos</strong></span> <span class='ocrx_word' id='word_1_734' title='bbox 1369 5448 1425 5493; x_wconf 88' lang='lat' dir='ltr'><strong>et</strong></span> <span class='ocrx_word' id='word_1_735' title='bbox 1462 5439 1771 5508; x_wconf 72' lang='lat' dir='ltr'><strong>transfugas</strong></span> <span class='ocrx_word' id='word_1_736' title='bbox 1806 5453 1999 5491; x_wconf 82' lang='lat' dir='ltr'><strong>omnes</strong></span> <span class='ocrx_word' id='word_1_737' title='bbox 2026 5441 2182 5491; x_wconf 77' lang='lat' dir='ltr'><strong>resti-</strong></span> 
     </span>
    </p>
   </div>
   <div class='ocr_carea' id='block_1_104' title="bbox 629 5526 2185 5606">
    <p class='ocr_par' dir='ltr' id='par_1_104' title="bbox 629 5526 2185 5606">
     <span class='ocr_line' id='line_1_104' title="bbox 629 5526 2185 5606; baseline -0.001 -25"><span class='ocrx_word' id='word_1_738' title='bbox 629 5538 825 5591; x_wconf 88' lang='lat' dir='ltr'><strong>tueret,</strong></span> <span class='ocrx_word' id='word_1_739' title='bbox 867 5534 924 5581; x_wconf 82' lang='lat' dir='ltr'><strong>ut</strong></span> <span class='ocrx_word' id='word_1_740' title='bbox 952 5526 1274 5595; x_wconf 84' lang='lat' dir='ltr'><strong>elephantos</strong></span> <span class='ocrx_word' id='word_1_741' title='bbox 1323 5539 1378 5582; x_wconf 90' lang='lat' dir='ltr'><strong>et</strong></span> <span class='ocrx_word' id='word_1_742' title='bbox 1404 5532 1680 5606; x_wconf 86' lang='lat' dir='ltr'><strong>triremes,</strong></span> <span class='ocrx_word' id='word_1_743' title='bbox 1715 5538 1913 5599; x_wconf 63' lang='lat' dir='ltr'><strong>praeter</strong></span> <span class='ocrx_word' id='word_1_744' title='bbox 1943 5529 2185 5597; x_wconf 87' lang='lat' dir='ltr'><strong>quinque</strong></span> 
     </span>
    </p>
   </div>
   <div class='ocr_carea' id='block_1_105' title="bbox 628 5620 2183 5691">
    <p class='ocr_par' dir='ltr' id='par_1_105' title="bbox 628 5620 2183 5691">
     <span class='ocr_line' id='line_1_105' title="bbox 628 5620 2183 5691; baseline 0.001 -22"><span class='ocrx_word' id='word_1_745' title='bbox 628 5632 681 5672; x_wconf 82' lang='lat' dir='ltr'><strong>et</strong></span> <span class='ocrx_word' id='word_1_746' title='bbox 710 5622 1013 5689; x_wconf 68' lang='lat' dir='ltr'><strong>praetoriam</strong></span> <span class='ocrx_word' id='word_1_747' title='bbox 1052 5634 1173 5689; x_wconf 65' lang='lat' dir='ltr'><strong>qua:</strong></span> <span class='ocrx_word' id='word_1_748' title='bbox 1209 5620 1271 5671; x_wconf 80' lang='grc'>16</span> <span class='ocrx_word' id='word_1_749' title='bbox 1303 5636 1575 5675; x_wconf 87' lang='lat' dir='ltr'><strong>remorum</strong></span> <span class='ocrx_word' id='word_1_750' title='bbox 1612 5635 1750 5683; x_wconf 83' lang='lat' dir='ltr'><strong>erat,</strong></span> <span class='ocrx_word' id='word_1_751' title='bbox 1792 5631 1848 5676; x_wconf 86' lang='lat' dir='ltr'><strong>et</strong></span> <span class='ocrx_word' id='word_1_752' title='bbox 1898 5623 2183 5691; x_wconf 81' lang='lat' dir='ltr'><strong>pecuniam</strong></span> 
     </span>
    </p>
   </div>
   <div class='ocr_carea' id='block_1_106' title="bbox 632 5712 2181 5782">
    <p class='ocr_par' dir='ltr' id='par_1_106' title="bbox 632 5712 2181 5782">
     <span class='ocr_line' id='line_1_106' title="bbox 632 5712 2181 5782; baseline 0.001 -20"><span class='ocrx_word' id='word_1_753' title='bbox 632 5712 820 5777; x_wconf 76' lang='lat' dir='ltr'><strong>partim</strong></span> <span class='ocrx_word' id='word_1_754' title='bbox 849 5722 1190 5779; x_wconf 65' lang='lat' dir='ltr'><strong>praesentem.</strong></span> <span class='ocrx_word' id='word_1_755' title='bbox 1214 5713 1409 5780; x_wconf 86' lang='lat' dir='ltr'><strong>partim</strong></span> <span class='ocrx_word' id='word_1_756' title='bbox 1440 5715 1605 5765; x_wconf 73' lang='lat' dir='ltr'><strong>Certis</strong></span> <span class='ocrx_word' id='word_1_757' title='bbox 1629 5715 1982 5782; x_wconf 87' lang='lat' dir='ltr'><strong>pensionibus</strong></span> <span class='ocrx_word' id='word_1_758' title='bbox 2006 5714 2181 5765; x_wconf 80' lang='lat' dir='ltr'><strong>daret:</strong></span> 
     </span>
    </p>
   </div>
   <div class='ocr_carea' id='block_1_107' title="bbox 637 5788 2185 5873">
    <p class='ocr_par' dir='ltr' id='par_1_107' title="bbox 637 5803 2185 5873">
     <span class='ocr_line' id='line_1_107' title="bbox 637 5803 2185 5873; baseline 0.005 -22"><span class='ocrx_word' id='word_1_759' title='bbox 637 5811 694 5851; x_wconf 67' lang='lat' dir='ltr'><strong>ut</strong></span> <span class='ocrx_word' id='word_1_760' title='bbox 725 5803 823 5855; x_wconf 78' lang='lat' dir='ltr'><strong>soli</strong></span> <span class='ocrx_word' id='word_1_761' title='bbox 864 5805 1186 5861; x_wconf 70' lang='lat' dir='ltr'><strong>Macedonia:</strong></span> <span class='ocrx_word' id='word_1_762' title='bbox 1222 5806 1551 5873; x_wconf 72' lang='lat' dir='ltr'><strong>imperaret,</strong></span> <span class='ocrx_word' id='word_1_763' title='bbox 1588 5822 1762 5869; x_wconf 70' lang='lat' dir='ltr'><strong>tu&#39;que</strong></span> <span class='ocrx_word' id='word_1_764' title='bbox 1808 5808 2009 5859; x_wconf 75' lang='lat' dir='ltr'><strong>milites</strong></span> <span class='ocrx_word' id='word_1_765' title='bbox 2048 5808 2185 5859; x_wconf 77' lang='lat' dir='ltr'><strong>ultra</strong></span> 
     </span>
    </p>
   </div>
   <div class='ocr_carea' id='block_1_108' title="bbox 2294 4606 3838 4683">
    <p class='ocr_par' dir='ltr' id='par_1_108' title="bbox 2294 4606 3838 4683">
     <span class='ocr_line' id='line_1_108' title="bbox 2294 4606 3838 4683; baseline -0.008 -14"><span class='ocrx_word' id='word_1_766' title='bbox 2294 4614 2429 4683; x_wconf 84' lang='grc' dir='ltr'><strong>πρός</strong></span> <span class='ocrx_word' id='word_1_767' title='bbox 2468 4631 2590 4668; x_wconf 70' lang='grc' dir='ltr'><strong>τινα</strong></span> <span class='ocrx_word' id='word_1_768' title='bbox 2621 4616 2780 4681; x_wconf 78' lang='grc' dir='ltr'><strong>λόφον</strong></span> <span class='ocrx_word' id='word_1_769' title='bbox 2815 4614 3120 4681; x_wconf 79' lang='grc' dir='ltr'><strong>γενόμενοι,</strong></span> <span class='ocrx_word' id='word_1_770' title='bbox 3152 4606 3213 4664; x_wconf 77' lang='grc' dir='ltr'><strong>οὗ</strong></span> <span class='ocrx_word' id='word_1_771' title='bbox 3243 4612 3343 4681; x_wconf 78' lang='grc' dir='ltr'><strong>τὴν</strong></span> <span class='ocrx_word' id='word_1_772' title='bbox 3366 4612 3713 4681; x_wconf 68' lang='grc' dir='ltr'><strong>ἀκρωνυχίαν</strong></span> <span class='ocrx_word' id='word_1_773' title='bbox 3739 4610 3838 4660; x_wconf 74' lang='grc' dir='ltr'><strong>Κυ-</strong></span> 
     </span>
    </p>
   </div>
   <div class='ocr_carea' id='block_1_109' title="bbox 2289 4699 3839 4772">
    <p class='ocr_par' dir='ltr' id='par_1_109' title="bbox 2289 4699 3839 4772">
     <span class='ocr_line' id='line_1_109' title="bbox 2289 4699 3839 4772; baseline -0.006 -15"><span class='ocrx_word' id='word_1_774' title='bbox 2289 4704 2378 4767; x_wconf 83' lang='grc' dir='ltr'><strong>νδς</strong></span> <span class='ocrx_word' id='word_1_775' title='bbox 2402 4706 2641 4772; x_wconf 79' lang='grc' dir='ltr'><strong>κεφαλὴν</strong></span> <span class='ocrx_word' id='word_1_776' title='bbox 2668 4702 3047 4771; x_wconf 75' lang='grc' dir='ltr'><strong>ὀνομάζουσιν,</strong></span> <span class='ocrx_word' id='word_1_777' title='bbox 3078 4704 3126 4755; x_wconf 78' lang='grc' dir='ltr'><strong>οἱ</strong></span> <span class='ocrx_word' id='word_1_778' title='bbox 3162 4703 3262 4772; x_wconf 86' lang='grc' dir='ltr'><strong>μὲν</strong></span> <span class='ocrx_word' id='word_1_779' title='bbox 3299 4703 3476 4766; x_wconf 80' lang='grc' dir='ltr'><strong>ἔνθεν,</strong></span> <span class='ocrx_word' id='word_1_780' title='bbox 3504 4705 3554 4755; x_wconf 76' lang='grc' dir='ltr'><strong>οἱ</strong></span> <span class='ocrx_word' id='word_1_781' title='bbox 3576 4704 3619 4755; x_wconf 83' lang='grc' dir='ltr'><strong>δ’</strong></span> <span class='ocrx_word' id='word_1_782' title='bbox 3645 4699 3839 4754; x_wconf 74' lang='grc' dir='ltr'><strong>ἐκεῖθεν</strong></span> 
     </span>
    </p>
   </div>
   <div class='ocr_carea' id='block_1_110' title="bbox 2290 4791 3837 4865">
    <p class='ocr_par' dir='ltr' id='par_1_110' title="bbox 2290 4791 3837 4865">
     <span class='ocr_line' id='line_1_110' title="bbox 2290 4791 3837 4865; baseline -0.004 -18"><span class='ocrx_word' id='word_1_783' title='bbox 2290 4796 2583 4864; x_wconf 77' lang='grc' dir='ltr'><strong>ηὐλίσαντο</strong></span> <span class='ocrx_word' id='word_1_784' title='bbox 2618 4811 2632 4824; x_wconf 89' lang='grc'><strong>·</strong></span> <span class='ocrx_word' id='word_1_785' title='bbox 2693 4798 2787 4849; x_wconf 71' lang='grc' dir='ltr'><strong>καὶ</strong></span> <span class='ocrx_word' id='word_1_786' title='bbox 2838 4796 3207 4865; x_wconf 81' lang='grc' dir='ltr'><strong>μαχεσάμενοι</strong></span> <span class='ocrx_word' id='word_1_787' title='bbox 3272 4796 3384 4857; x_wconf 83' lang='grc' dir='ltr'><strong>τοῖς</strong></span> <span class='ocrx_word' id='word_1_788' title='bbox 3446 4791 3837 4863; x_wconf 69' lang='grc' dir='ltr'><strong>στρατεύμασιν</strong></span> 
     </span>
    </p>
   </div>
   <div class='ocr_carea' id='block_1_111' title="bbox 2291 4879 3836 4951">
    <p class='ocr_par' dir='ltr' id='par_1_111' title="bbox 2291 4879 3836 4951">
     <span class='ocr_line' id='line_1_111' title="bbox 2291 4879 3836 4951; baseline -0.007 -14"><span class='ocrx_word' id='word_1_789' title='bbox 2291 4884 2517 4946; x_wconf 60' lang='grc' dir='ltr'><strong>ἅπασιν,</strong></span> <span class='ocrx_word' id='word_1_790' title='bbox 2552 4885 2826 4947; x_wconf 72' lang='grc' dir='ltr'><strong>ἰσοπαλεῖς</strong></span> <span class='ocrx_word' id='word_1_791' title='bbox 2862 4886 2931 4937; x_wconf 77' lang='grc' dir='ltr'><strong>ἂν</strong></span> <span class='ocrx_word' id='word_1_792' title='bbox 2952 4883 3370 4951; x_wconf 66' lang='grc' dir='ltr'><strong>ἁπαλλάγησιιν,</strong></span> <span class='ocrx_word' id='word_1_793' title='bbox 3402 4884 3451 4933; x_wconf 80' lang='grc' dir='ltr'><strong>εἰ</strong></span> <span class='ocrx_word' id='word_1_794' title='bbox 3486 4883 3564 4951; x_wconf 78' lang='grc' dir='ltr'><strong>μὴ</strong></span> <span class='ocrx_word' id='word_1_795' title='bbox 3596 4882 3645 4931; x_wconf 79' lang='grc' dir='ltr'><strong>οἱ</strong></span> <span class='ocrx_word' id='word_1_796' title='bbox 3678 4879 3836 4930; x_wconf 77' lang='grc' dir='ltr'><strong>Αἰτω-</strong></span> 
     </span>
    </p>
   </div>
   <div class='ocr_carea' id='block_1_112' title="bbox 2291 4970 3834 5048">
    <p class='ocr_par' dir='ltr' id='par_1_112' title="bbox 2291 4970 3834 5048">
     <span class='ocr_line' id='line_1_112' title="bbox 2291 4970 3834 5048; baseline -0.007 -19"><span class='ocrx_word' id='word_1_797' title='bbox 2291 4978 2370 5031; x_wconf 71' lang='grc' dir='ltr'><strong>λοὶ</strong></span> <span class='ocrx_word' id='word_1_798' title='bbox 2393 4978 2884 5048; x_wconf 55' lang='grc' dir='ltr'><strong>ἐπικρατεστέρους</strong></span> <span class='ocrx_word' id='word_1_799' title='bbox 2914 4977 3038 5040; x_wconf 83' lang='grc' dir='ltr'><strong>τοὺς</strong></span> <span class='ocrx_word' id='word_1_800' title='bbox 3072 4976 3375 5047; x_wconf 76' lang='grc' dir='ltr'><strong>Ῥωμαίους</strong></span> <span class='ocrx_word' id='word_1_801' title='bbox 3402 4974 3684 5040; x_wconf 77' lang='grc' dir='ltr'><strong>ἐποίησαν.</strong></span> <span class='ocrx_word' id='word_1_802' title='bbox 3722 4970 3834 5021; x_wconf 80' lang='grc' dir='ltr'><strong>Ἠτ-</strong></span> 
     </span>
    </p>
   </div>
   <div class='ocr_carea' id='block_1_113' title="bbox 2288 5059 3834 5139">
    <p class='ocr_par' dir='ltr' id='par_1_113' title="bbox 2288 5059 3834 5139">
     <span class='ocr_line' id='line_1_113' title="bbox 2288 5059 3834 5139; baseline -0.01 -17"><span class='ocrx_word' id='word_1_803' title='bbox 2288 5070 2473 5139; x_wconf 76' lang='grc' dir='ltr'><strong>τηθεὶς</strong></span> <span class='ocrx_word' id='word_1_804' title='bbox 2501 5072 2594 5124; x_wconf 81' lang='grc' dir='ltr'><strong>οὖν</strong></span> <span class='ocrx_word' id='word_1_805' title='bbox 2620 5074 2648 5125; x_wconf 94' lang='lat'><strong>6</strong></span> <span class='ocrx_word' id='word_1_806' title='bbox 2685 5072 2949 5131; x_wconf 67' lang='grc' dir='ltr'><strong>Φίλιππος</strong></span> <span class='ocrx_word' id='word_1_807' title='bbox 2994 5071 3085 5127; x_wconf 76' lang='grc' dir='ltr'><strong>καὶ</strong></span> <span class='ocrx_word' id='word_1_808' title='bbox 3127 5065 3334 5134; x_wconf 75' lang='grc' dir='ltr'><strong>φυγὼν,</strong></span> <span class='ocrx_word' id='word_1_809' title='bbox 3376 5059 3496 5117; x_wconf 77' lang='grc' dir='ltr'><strong>εἷτα</strong></span> <span class='ocrx_word' id='word_1_810' title='bbox 3533 5060 3719 5131; x_wconf 86' lang='grc' dir='ltr'><strong>μαθὼν</strong></span> <span class='ocrx_word' id='word_1_811' title='bbox 3749 5059 3834 5124; x_wconf 75' lang='grc' dir='ltr'><strong>τήν</strong></span> 
     </span>
    </p>
   </div>
   <div class='ocr_carea' id='block_1_114' title="bbox 2288 5152 3835 5233">
    <p class='ocr_par' dir='ltr' id='par_1_114' title="bbox 2288 5152 3835 5233">
     <span class='ocr_line' id='line_1_114' title="bbox 2288 5152 3835 5233; baseline -0.008 -17"><span class='ocrx_word' id='word_1_812' title='bbox 2288 5182 2346 5216; x_wconf 87' lang='grc' dir='ltr'><strong>τε</strong></span> <span class='ocrx_word' id='word_1_813' title='bbox 2377 5165 2656 5233; x_wconf 78' lang='grc' dir='ltr'><strong>Λάρισσαν</strong></span> <span class='ocrx_word' id='word_1_814' title='bbox 2694 5163 2787 5217; x_wconf 69' lang='grc' dir='ltr'><strong>καὶ</strong></span> <span class='ocrx_word' id='word_1_815' title='bbox 2828 5168 2926 5224; x_wconf 61' lang='grc' dir='ltr'><strong>τας</strong></span> <span class='ocrx_word' id='word_1_816' title='bbox 2964 5161 3091 5228; x_wconf 79' lang='grc' dir='ltr'><strong>περὶ</strong></span> <span class='ocrx_word' id='word_1_817' title='bbox 3123 5159 3289 5226; x_wconf 80' lang='grc' dir='ltr'><strong>αὐτὴν</strong></span> <span class='ocrx_word' id='word_1_818' title='bbox 3320 5156 3501 5217; x_wconf 82' lang='grc' dir='ltr'><strong>πόλεις</strong></span> <span class='ocrx_word' id='word_1_819' title='bbox 3537 5156 3604 5207; x_wconf 64' lang='grc' dir='ltr'><strong>τὰ</strong></span> <span class='ocrx_word' id='word_1_820' title='bbox 3633 5152 3724 5206; x_wconf 79' lang='grc' dir='ltr'><strong>τοῦ</strong></span> <span class='ocrx_word' id='word_1_821' title='bbox 3767 5165 3835 5197; x_wconf 87' lang='grc' dir='ltr'><strong>νι-</strong></span> 
     </span>
    </p>
   </div>
   <div class='ocr_carea' id='block_1_115' title="bbox 2289 5244 3831 5327">
    <p class='ocr_par' dir='ltr' id='par_1_115' title="bbox 2289 5244 3831 5327">
     <span class='ocr_line' id='line_1_115' title="bbox 2289 5244 3831 5327; baseline -0.009 -19"><span class='ocrx_word' id='word_1_822' title='bbox 2289 5257 2551 5327; x_wconf 81' lang='grc' dir='ltr'><strong>κήσαντος</strong></span> <span class='ocrx_word' id='word_1_823' title='bbox 2591 5256 2894 5326; x_wconf 56' lang='grc' dir='ltr'><strong>κρημένας,</strong></span> <span class='ocrx_word' id='word_1_824' title='bbox 2922 5249 3401 5319; x_wconf 53' lang='grc' dir='ltr'><strong>ἐπεκηρυκεύσατο</strong></span> <span class='ocrx_word' id='word_1_825' title='bbox 3428 5248 3507 5315; x_wconf 82' lang='grc' dir='ltr'><strong>τῷ</strong></span> <span class='ocrx_word' id='word_1_826' title='bbox 3540 5244 3831 5316; x_wconf 78' lang='grc' dir='ltr'><strong>Φλαμινίῳ·</strong></span> 
     </span>
    </p>
   </div>
   <div class='ocr_carea' id='block_1_116' title="bbox 2292 5338 3828 5411">
    <p class='ocr_par' dir='ltr' id='par_1_116' title="bbox 2292 5338 3828 5411">
     <span class='ocr_line' id='line_1_116' title="bbox 2292 5338 3828 5411; baseline -0.01 -13"><span class='ocrx_word' id='word_1_827' title='bbox 2292 5348 2384 5400; x_wconf 71' lang='grc' dir='ltr'><strong>καὶ</strong></span> <span class='ocrx_word' id='word_1_828' title='bbox 2424 5347 2481 5408; x_wconf 85' lang='grc' dir='ltr'><strong>ὃς</strong></span> <span class='ocrx_word' id='word_1_829' title='bbox 2508 5347 2817 5401; x_wconf 80' lang='grc' dir='ltr'><strong>ἐσπείσατο.</strong></span> <span class='ocrx_word' id='word_1_830' title='bbox 2846 5343 3104 5411; x_wconf 84' lang='grc' dir='ltr'><strong>χρήματά</strong></span> <span class='ocrx_word' id='word_1_831' title='bbox 3133 5359 3191 5393; x_wconf 85' lang='grc' dir='ltr'><strong>τε</strong></span> <span class='ocrx_word' id='word_1_832' title='bbox 3226 5342 3318 5392; x_wconf 79' lang='grc' dir='ltr'><strong>τοῦ</strong></span> <span class='ocrx_word' id='word_1_833' title='bbox 3348 5339 3617 5405; x_wconf 76' lang='grc' dir='ltr'><strong>Φιλίππου</strong></span> <span class='ocrx_word' id='word_1_834' title='bbox 3649 5338 3828 5393; x_wconf 67' lang='grc' dir='ltr'><strong>δόντος,</strong></span> 
     </span>
    </p>
   </div>
   <div class='ocr_carea' id='block_1_117' title="bbox 2292 5426 3830 5505">
    <p class='ocr_par' dir='ltr' id='par_1_117' title="bbox 2292 5426 3830 5505">
     <span class='ocr_line' id='line_1_117' title="bbox 2292 5426 3830 5505; baseline -0.007 -15"><span class='ocrx_word' id='word_1_835' title='bbox 2292 5441 2383 5491; x_wconf 72' lang='grc' dir='ltr'><strong>καὶ</strong></span> <span class='ocrx_word' id='word_1_836' title='bbox 2434 5439 2673 5505; x_wconf 81' lang='grc' dir='ltr'><strong>ὁμήρους</strong></span> <span class='ocrx_word' id='word_1_837' title='bbox 2716 5436 2909 5497; x_wconf 83' lang='grc' dir='ltr'><strong>ἄλλους</strong></span> <span class='ocrx_word' id='word_1_838' title='bbox 2953 5452 3010 5485; x_wconf 82' lang='grc' dir='ltr'><strong>τε</strong></span> <span class='ocrx_word' id='word_1_839' title='bbox 3054 5435 3148 5493; x_wconf 65' lang='grc' dir='ltr'><strong>καὶ</strong></span> <span class='ocrx_word' id='word_1_840' title='bbox 3170 5434 3262 5485; x_wconf 66' lang='grc' dir='ltr'><strong>τὸν</strong></span> <span class='ocrx_word' id='word_1_841' title='bbox 3288 5433 3485 5484; x_wconf 78' lang='grc' dir='ltr'><strong>οἰκεῖον</strong></span> <span class='ocrx_word' id='word_1_842' title='bbox 3521 5428 3637 5480; x_wconf 62' lang='grc' dir='ltr'><strong>υἱὸν</strong></span> <span class='ocrx_word' id='word_1_843' title='bbox 3666 5426 3830 5495; x_wconf 62' lang='grc' dir='ltr'><strong>Διιμή-</strong></span> 
     </span>
    </p>
   </div>
   <div class='ocr_carea' id='block_1_118' title="bbox 2293 5519 3830 5596">
    <p class='ocr_par' dir='ltr' id='par_1_118' title="bbox 2293 5519 3830 5596">
     <span class='ocr_line' id='line_1_118' title="bbox 2293 5519 3830 5596; baseline 0.004 -19"><span class='ocrx_word' id='word_1_844' title='bbox 2293 5545 2461 5596; x_wconf 85' lang='grc' dir='ltr'><strong>τριον,</strong></span> <span class='ocrx_word' id='word_1_845' title='bbox 2510 5527 2604 5578; x_wconf 79' lang='grc' dir='ltr'><strong>καὶ</strong></span> <span class='ocrx_word' id='word_1_846' title='bbox 2657 5526 2909 5595; x_wconf 78' lang='grc' dir='ltr'><strong>πρέσϐεις</strong></span> <span class='ocrx_word' id='word_1_847' title='bbox 2954 5526 3094 5594; x_wconf 80' lang='grc' dir='ltr'><strong>ὑπὲρ</strong></span> <span class='ocrx_word' id='word_1_848' title='bbox 3126 5525 3222 5591; x_wconf 80' lang='grc' dir='ltr'><strong>τῆς</strong></span> <span class='ocrx_word' id='word_1_849' title='bbox 3253 5523 3476 5590; x_wconf 78' lang='grc' dir='ltr'><strong>εἰρήνης</strong></span> <span class='ocrx_word' id='word_1_850' title='bbox 3509 5523 3591 5583; x_wconf 70' lang='grc' dir='ltr'><strong>εἰς</strong></span> <span class='ocrx_word' id='word_1_851' title='bbox 3631 5519 3830 5587; x_wconf 68' lang='grc' dir='ltr'><strong>Ῥώμην</strong></span> 
     </span>
    </p>
   </div>
   <div class='ocr_carea' id='block_1_119' title="bbox 2291 5606 3829 5686">
    <p class='ocr_par' dir='ltr' id='par_1_119' title="bbox 2291 5606 3829 5686">
     <span class='ocr_line' id='line_1_119' title="bbox 2291 5606 3829 5686; baseline -0.008 -17"><span class='ocrx_word' id='word_1_852' title='bbox 2291 5617 2691 5686; x_wconf 70' lang='grc' dir='ltr'><strong>ἐκπέμψαντος.</strong></span> <span class='ocrx_word' id='word_1_853' title='bbox 2740 5618 2828 5669; x_wconf 80' lang='grc' dir='ltr'>Ἑν</span> <span class='ocrx_word' id='word_1_854' title='bbox 2863 5612 2905 5684; x_wconf 81' lang='grc' dir='ltr'><strong>ᾧ</strong></span> <span class='ocrx_word' id='word_1_855' title='bbox 2947 5617 3002 5666; x_wconf 78' lang='grc' dir='ltr'><strong>δὲ</strong></span> <span class='ocrx_word' id='word_1_856' title='bbox 3032 5614 3204 5666; x_wconf 80' lang='grc' dir='ltr'><strong>ταῦτα</strong></span> <span class='ocrx_word' id='word_1_857' title='bbox 3246 5606 3561 5679; x_wconf 74' lang='grc' dir='ltr'><strong>ἐπράττετο,</strong></span> <span class='ocrx_word' id='word_1_858' title='bbox 3597 5610 3689 5661; x_wconf 76' lang='grc' dir='ltr'><strong>καὶ</strong></span> <span class='ocrx_word' id='word_1_859' title='bbox 3731 5607 3829 5657; x_wconf 70' lang='grc' dir='ltr'><strong>Ἦν·</strong></span> 
     </span>
    </p>
   </div>
   <div class='ocr_carea' id='block_1_120' title="bbox 2290 5697 3827 5780">
    <p class='ocr_par' dir='ltr' id='par_1_120' title="bbox 2290 5697 3827 5780">
     <span class='ocr_line' id='line_1_120' title="bbox 2290 5697 3827 5780; baseline -0.009 -19"><span class='ocrx_word' id='word_1_860' title='bbox 2290 5709 2579 5780; x_wconf 70' lang='grc' dir='ltr'><strong>δροσθὲνης</strong></span> <span class='ocrx_word' id='word_1_861' title='bbox 2608 5710 2832 5779; x_wconf 78' lang='grc' dir='ltr'><strong>ἐνικήθη</strong></span> <span class='ocrx_word' id='word_1_862' title='bbox 2864 5708 2967 5759; x_wconf 73' lang='grc' dir='ltr'><strong>ὑπὸ</strong></span> <span class='ocrx_word' id='word_1_863' title='bbox 2987 5706 3093 5757; x_wconf 80' lang='grc' dir='ltr'><strong>τῶν</strong></span> <span class='ocrx_word' id='word_1_864' title='bbox 3138 5703 3385 5772; x_wconf 74' lang='grc' dir='ltr'><strong>Ἀχαιῶν,</strong></span> <span class='ocrx_word' id='word_1_865' title='bbox 3415 5704 3506 5755; x_wconf 73' lang='grc' dir='ltr'><strong>καὶ</strong></span> <span class='ocrx_word' id='word_1_866' title='bbox 3657 5697 3827 5780; x_wconf 63' lang='grc' dir='ltr'><strong>Κόρινέ</strong></span> 
     </span>
    </p>
   </div>
   <div class='ocr_carea' id='block_1_121' title="bbox 2293 5779 3827 5863">
    <p class='ocr_par' dir='ltr' id='par_1_121' title="bbox 2293 5779 3827 5863">
     <span class='ocr_line' id='line_1_121' title="bbox 2293 5779 3827 5863; baseline -0.011 -8"><span class='ocrx_word' id='word_1_867' title='bbox 2293 5804 2381 5854; x_wconf 61' lang='grc' dir='ltr'><strong>θον</strong></span> <span class='ocrx_word' id='word_1_868' title='bbox 2432 5802 2689 5857; x_wconf 68' lang='grc' dir='ltr'><strong>ἀπέϐαλε.</strong></span> <span class='ocrx_word' id='word_1_869' title='bbox 2744 5802 2852 5854; x_wconf 71' lang='grc' dir='ltr'><strong>Καὶ</strong></span> <span class='ocrx_word' id='word_1_870' title='bbox 2902 5802 2928 5851; x_wconf 87' lang='lat'><strong>6</strong></span> <span class='ocrx_word' id='word_1_871' title='bbox 2975 5798 3259 5863; x_wconf 63' lang='grc' dir='ltr'><strong>Φλαμίνιος</strong></span> <span class='ocrx_word' id='word_1_872' title='bbox 3310 5798 3339 5848; x_wconf 84' lang='lat'><strong>6</strong></span> <span class='ocrx_word' id='word_1_873' title='bbox 3372 5797 3598 5853; x_wconf 76' lang='grc' dir='ltr'><strong>Λούκιος</strong></span> <span class='ocrx_word' id='word_1_874' title='bbox 3631 5791 3719 5842; x_wconf 69' lang='grc' dir='ltr'><strong>ἐπὶ</strong></span> <span class='ocrx_word' id='word_1_875' title='bbox 3748 5779 3827 5837; x_wconf 76' lang='grc' dir='ltr'><strong>τοῦ</strong></span> 
     </span>
    </p>
   </div>
  </div>
