4012 6330
223 375 332 436 7ο.)

1469 372 1871 434 ANNALIUM
1911 373 2059 435 LIB.
2105 375 2207 436 1X.

3333 381 3442 442 Ἱῗο

215 484 385 541 εἷλον.
422 488 527 541 Καὶ
557 489 583 540 6
617 491 717 558 μὲν
747 490 802 552 ἐς
836 490 934 568 τὴν
966 487 1208 543 Χαλκίδα
1236 489 1396 551 εὐθὺς
1426 488 1748 557 ἀπεχώρησε

1876 488 2184 551 obsidente,
2213 486 2433 541 Glabrio
2476 488 2713 541 advcntu
2783 504 2883 543 suo
2939 499 2991 543 et
3033 491 3318 546 victoriam
3384 495 3442 547 ιι

213 579 419 634 Μαθὼν
448 582 502 635 δὲ
532 582 623 634 τὸν
652 581 856 634 ῦπατον
889 581 1179 652 προσιόντα
1209 583 1264 643 ἐς
1293 580 1388 650 τὴν
1425 581 1611 632 Ἀσίαν
1640 580 1766 632 ἀνε-

211 671 452 742 κομίσθη
501 672 702 726 λαθών.
757 673 866 726 Καὶ
933 672 1030 743 τὴν
1071 673 1171 742 μὲν
1229 673 1488 726 Βοιωτίαν
1539 674 1631 724 καὶ
1668 670 1767 738 τὴν

209 761 447 818 Εὔϐοιαν
493 765 521 816 6
565 765 842 835 Γλαϐρίων
882 765 1078 817 αὐτίκα
1104 763 1354 833 κατέσχε.
1395 765 1472 833 Τῇ
1508 762 1563 815 δὲ
1604 764 1766 832 Ἠρα-

207 855 392 925 κλεὶᾳ,
424 857 498 927 μὴ
531 857 899 928 βουληθέντων
928 856 1076 924 αὑτῷ
1107 856 1493 927 προσχωρῆσαι
1539 855 1646 907 τῶν
1668 857 1762 907 Ai-

202 945 421 1008 τωλῶν,
450 948 754 1017 προσϐολὰς
779 951 1013 1021 ἐποιεῒτο
1031 964 1044 977 ·
1073 949 1166 1001 καί
1193 947 1292 1017 τὴν
1313 947 1413 1016 μὲν
1441 949 1592 999 κάτω
1616 946 1768 999 πόλιν

201 1036 495 1107 πολιορκία
527 1035 663 1102 εἷλε,
688 1042 814 1102 τοὺς
837 1040 881 1090 δ’
910 1041 969 1102 ἃς
993 1037 1093 1109 τὴν
1120 1038 1416 1110 ἀκρόπολιν
1460 1037 1768 1107 ἀναφυγόν-

199 1140 302 1185 τας
338 1127 598 1198 ὁμολογίᾳ
627 1127 1026 1198 παρεστήσατο.
1072 1127 1161 1180 Ἐν
1190 1129 1248 1179 δὲ
1267 1129 1378 1190 τοῖς
1402 1126 1521 1179 τότε
1554 1128 1769 1197 ζωγρη-

200 1213 347 1267 θεῖσι
400 1220 494 1270 καὶ
533 1221 868 1289 Δημόκριτος
902 1224 931 1274 6
987 1221 1293 1290 στρατηγὸς
1348 1220 1458 1273 τῶν
1511 1219 1765 1273 Αἰτωλῶν

205 1307 447 1372 ἐγένετο.
473 1309 530 1370 ὃς
554 1311 630 1378 τῷ
662 1311 940 1382 Φλαμινίῳ
963 1313 1094 1365 ποτὲ
1126 1312 1226 1380 τὴν
1253 1311 1568 1382 συμμαχίαν
1596 1312 1767 1382 ἠρνή-

203 1413 362 1461 σατο,
418 1400 512 1451 καὶ
561 1401 815 1470 ψήφισμα
871 1405 1082 1456 ἐκείνου
1138 1405 1457 1474 αἰτήσαντος
1489 1402 1554 1454 ἵν’
1586 1405 1642 1466 ὲς
1667 1403 1764 1474 τὴν

209 1483 435 1555 Ῥώμην
472 1488 684 1558 πέμψῃ.
714 1491 943 1557 Θάρῤει,
973 1489 1098 1560 ἔφη,
1128 1491 1242 1560 ἐγὼ
1265 1491 1374 1561 γὰρ
1400 1475 1557 1557 αὐτῷ
1583 1493 1765 1562 κομιῶ

189 1577 347 1643 μετὰ
391 1580 499 1633 τοῦ
543 1581 803 1647 στρατοῦ
847 1583 947 1635 καί
1001 1583 1160 1650 παρὰ
1188 1583 1268 1649 τῷ
1329 1583 1571 1652 Τιϐέριδι
1618 1584 1762 1652 ὑμῖν

191 1665 641 1738 ἀναγνώσομαι.
665 1671 767 1724 Τοῦ
792 1672 1062 1726 Φιλίππου
1092 1673 1149 1726 δὲ
1180 1672 1277 1744 τὴν
1306 1675 1522 1744 Λάμιαν
1551 1673 1767 1744 πολιορ-

1877 579 2159 632 manubias
2191 579 2496 646 intercepit.
2541 581 2734 632 Caeteri
2761 580 2949 645 ᾹΞιοΙί,
2985 599 3108 636 cum
3179 585 3440 640 [torminis

1874 669 2155 722 conciliari
2181 670 2398 734 vellent,
2433 673 2662 739 pecunia
2696 689 2793 744 per
2833 673 3037 742 legatos
3068 675 3135 727 ab
3170 677 3438 730 Antiocho

1871 773 2114 830 accepta,
2149 762 2432 830 repudiata
2487 778 2618 831 pace
2673 765 2816 817 bello
2868 781 2925 818 se
2967 779 3262 832 pararunt;
3305 770 3436 822 Plii-

1867 852 2016 922 lippo
2039 853 2408 907 Romanorum
2431 854 2723 908 amicitiam
2748 855 3058 922 simulante,
3094 875 3216 911 cum
3242 861 3431 913 Antio-

1865 942 1970 996 cbo
2008 942 2146 996 clam
2181 942 2450 997 studeret.
2499 945 2713 998 Interea
2760 945 3053 999 Glabrione
3095 948 3432 1016 Naupactum

1864 1029 2114 1084 Aitolicae
2143 1029 2371 1085 ditionis
2409 1030 2718 1095 obsidente,
2745 1034 3045 1088 Flaminius
3074 1036 3284 1090 civibus
3309 1055 3433 1091 eum

1866 1124 2068 1193 quibus
2092 1123 2143 1177 ei
2178 1123 2373 1177 notitia
2403 1134 2540 1187 erat,
2582 1127 2870 1193 persuasit,
2902 1141 2968 1180 ut
2991 1143 3175 1195 pacem
3229 1131 3433 1198 ample-

1866 1222 2169 1268 cterentur.
2199 1215 2387 1283 Itaque
2411 1225 2466 1268 et
2489 1217 2541 1268 hi
2576 1227 2631 1269 et
2683 1217 2918 1285 Epirota:
2953 1219 3158 1284 legatos
3205 1221 3429 1274 Romam

1866 1306 2153 1360 miserunt.
2189 1306 2475 1376 Philippus
2505 1323 2702 1362 corona
2742 1310 3055 1378 triumphali
3104 1313 3221 1364 .lox'i
3272 1313 3433 1381 Capi-

1866 1397 2037 1452 tolino
2063 1397 2282 1460 donata,
2312 1407 2510 1466 praeter
2557 1400 2662 1452 alia
2719 1415 2944 1454 munera
2993 1402 3159 1454 ﬁlium
3214 1419 3432 1470 quome

1853 1482 2190 1543 Demetrium
2220 1487 2464 1541 obsidem
2489 1489 2543 1541 in
2574 1491 2708 1543 urbe
2738 1503 2986 1559 agentem
3013 1493 3238 1561 rem-pit.
3280 1492 3431 1544 Aito-

1856 1579 1925 1634 lis
1956 1578 2079 1632 ideo
2106 1593 2205 1648 pax
2229 1578 2352 1632 data
2383 1594 2492 1632 non
2519 1590 2621 1644 est,
2664 1584 2809 1651 quod
2838 1586 2982 1636 nulla
3044 1600 3100 1636 re
3153 1585 3429 1637 detrriore

1855 1671 2178 1728 conditione
2216 1687 2337 1725 esse
2375 1672 2652 1725 volebant.

191 1759 420 1825 κοῦντος
446 1763 679 1834 ὲπῆλθεν
713 1764 800 1818 ἐπ’
845 1766 1013 1837 αὐτὴν
1055 1766 1084 1818 6
1110 1767 1412 1838 Γλαϐρίων,
1465 1769 1558 1820 καὶ
1586 1769 1686 1838 τήν
1736 1785 1798 1820 τε
1836 1769 1993 1837 νίκην
2023 1766 2238 1836 καὶτὴν
2305 1766 2456 1819 λείαν
2491 1769 2898 1837 ἐσφετερίσατο.
2958 1769 3076 1819 Τῶν
3113 1771 3296 1838 μέντοι
3333 1771 3426 1819 AZ-

191 1851 383 1904 τωλῶν
434 1854 487 1906 οἰ
533 1852 711 1908 λοιποὶ
764 1856 1160 1924 συναλλαγῆναι
1197 1857 1295 1926 μὲν
1325 1857 1617 1927 ⁴ήθέλησαν,
1685 1857 1789 1910 οῦκ
1830 1855 2152 1908 ἐσπείσαντο
2204 1855 2260 1906 δὲ
2312 1853 2406 1906 τοῦ
2454 1856 2724 1926 Ἀντιόχου
2787 1858 3041 1926 πρέσϐεις
3115 1859 3296 1919 αὐτοῖς
3332 1861 3429 1911 καὶ
3507 1893 3516 1898 ς

191 1943 454 2012 χρήματα
492 1944 841 2015 πέμψαντος·
931 1947 1063 2001 ἀλλὰ
1114 1948 1250 2018 πρὸς
1333 1950 1571 2019 πόλεμον
1637 1949 2013 2017 ἡτοιμάζοντο.
2075 1948 2184 2000 Καὶ
2257 1949 2284 1998 6
2332 1947 2596 2006 Φίλιππος
2655 1948 2975 2015 ὑπεκρίνετο
3011 1948 3110 2015 μὲν
3156 1950 3253 2014 τὴν
3293 1947 3428 2017 πρὸς

191 2032 320 2096 τοὺς
355 2035 658 2111 Ῥωμαίους
683 2037 885 2106 φιλίαν,
915 2039 980 2091 τά
1003 2039 1059 2091 δὲ
1082 2038 1174 2091 τοῦ
1202 2039 1479 2109 Ἀντιόχου
1513 2040 1750 2111 ἐφρόνει.
1805 2041 1894 2093 Ἑν
1963 2041 2141 2106 τούτῳ
2199 2038 2255 2090 δὲ
2293 2037 2625 2090 Ναύπακτον
2653 2036 2680 2086 6
2713 2037 2991 2106 Γλαϐρίων
3024 2041 3131 2088 τῶν
3175 2039 3428 2090 Αἰτωλῶν

189 2126 362 2180 οὖσαν
415 2107 742 2200 ἐπολιόρκει,
796 2129 887 2195 οὓς
952 2131 1120 2184 ἐλθὼν
1164 2134 1190 2185 6
1245 2107 1792 2202 Φλαμίνιος-ἔπεισε
1833 2135 2178 2197 σπείσασθαι,
2246 2133 2535 2202 γνωρίμως
2588 2133 2769 2194 αὐτοῖς
2801 2131 2956 2202 ἔχων.
3003 2133 3110 2183 Καὶ
3167 2135 3426 2207 πρέσϐεις

188 2219 269 2280 εἰς
309 2222 409 2290 τὴν
441 2220 660 2292 Ῥώμην
689 2222 887 2276 ἐκεῖνοί
914 2240 973 2275 τε
1003 2226 1097 2276 καὶ
1115 2225 1164 2276 oi
1195 2223 1528 2294 Ἠπειρῶται
1563 2228 1891 2282 ἐστάλκασι·
1965 2225 2059 2280 καὶ
2125 2229 2153 2279 6
2205 2227 2467 2288 Φίλιππος
2518 2228 2779 2294 στέφανον
2827 2226 3139 2293 νικητήριον
3203 2229 3276 2292 τῷ
3342 2222 3426 2277 Διὶ

187 2305 266 2375 τῷ
297 2310 632 2381 Καπιτωλίῳ
663 2311 909 2381 πέμψας,
932 2312 1066 2365 ἄλλα
1115 2331 1172 2366 τε
1198 2314 1510 2385 ἀπειλήφει
1547 2317 1643 2368 καὶ
1674 2317 1766 2370 τὸν
1808 2315 1918 2370 υἱδν
1982 2316 2294 2387 Δημήτριον
2346 2317 2406 2369 ἐν
2448 2314 2632 2385 Ῥώμῃ
2700 2317 3060 2386 ὁμηρεύοντα.
3113 2317 3232 2376 Τοῖς
3261 2315 3304 2367 δ’
3337 2318 3427 2368 ΑΞ-

188 2402 382 2467 τωλοῖς
404 2404 748 2460 σπονδαὶοῦκ
774 2408 1042 2474 ἐγένοντο,
1074 2411 1136 2461 οὐ
1168 2411 1276 2480 γαρ
1303 2411 1677 2483 έλαττωθῆναί
1700 2430 1752 2465 τι
1792 2400 2168 2473 κατεδέξαντο.

264 2499 349 2550 K'.
390 2498 515 2550 Ἐπὶ
550 2499 606 2551 δὲ
637 2500 731 2553 τὸν
765 2502 1037 2572 Ἀντίοχον
1071 2504 1120 2555 οἱ
1166 2503 1432 2573 Ῥωμαῖοι
1467 2508 1593 2567 τοὺς
1628 2506 1748 2557 Σκι-

1924 2505 2040 2559 ΧΧ,
2081 2504 2284 2559 Contra
2300 2506 2628 2559 Aulim-hum
2659 2504 2887 2559 Romani
2937 2503 3241 2573 Scipiones,
3277 2505 3428 2559 Afri-

191 2589 400 2652 πίωνας
430 2588 644 2663 ἔταξαν,
674 2594 765 2644 τόν
792 2610 852 2646 τε
910 2594 1236 2664 Ἀφρικανὸν
1278 2595 1374 2648 καὶ
1403 2597 1491 2648 τὸν
1526 2596 1751 2664 ἀδελφὺν

193 2680 360 2734 αὐτοῦ
383 2679 630 2736 Λούκιον.
665 2683 730 2758 _OZ
759 2687 870 2748 τοῖς
903 2685 1001 2757 μὲν
1031 2688 1286 2750 Αἰτωλοῖς
1315 2688 1512 2758 ἀνοχὴν
1545 2688 1751 2741 ἕδωσαν

101 2796 110 2805 -
193 2770 261 2822 ἶν’
283 2772 342 2832 ἐς
367 2770 466 2843 τὴν
505 2771 723 2844 Ῥώμην
754 2770 907 2838 αὖθις
937 2776 1080 2846 ὑπὲρ
1107 2777 1204 2846 τῆς
1228 2781 1450 2847 εἰρήνης
1480 2777 1750 2849 πρεσϐεύ-

195 2877 419 2916 σωνται.
477 2863 797 2932 Ἦπείγοντο
849 2865 895 2918 δ’
937 2851 1030 2920 ἐπὶ
1059 2867 1150 2920 τὸν
1177 2867 1480 2936 ’Δντίοχονο
1513 2869 1606 2920 καὶ
1658 2868 1751 2920 ἐπὶ

193 2953 530 3030 Μακεδονίαν
561 2954 826 3022 ἐλθόντες,
860 2958 1178 3028 συμμάχους
1209 2975 1266 3011 τε
1291 2958 1545 3020 λαϐόντες
1571 2961 1633 3010 ἐκ
1657 2957 1750 3012 τοῦ

193 3044 480 3108 Φιλίππου,
507 3045 598 3097 ἐπὶ
619 3046 710 3098 τὸν
743 3045 1134 3116 Ἑλλήσποντον
1167 3049 1395 3119 ἤλασαν.
1427 3049 1536 3100 Καὶ
1566 3050 1621 3110 ἐς
1652 3050 1750 3116 τῆν

193 3135 381 3188 Ἀσίαν
417 3136 838 3205 περαιωθέντες,
869 3140 938 3192 τὰ
984 3140 1216 3194 πλεῖστα
1255 3139 1363 3192 τῶν
1401 3138 1750 3208 παραθαλασ-

197 3227 326 3278 σίων
369 3226 670 3281 κατέλαϐον
719 3229 1245 3300 προκατειλημμένα
1295 3233 1446 3301 παρά
1495 3232 1602 3283 τῶν
1633 3231 1750 3283 ἐκεῖ

197 3317 642 3385 προαπελθόντων
698 3318 1010 3389 Ῥωμαίων.
1071 3322 1213 3390 Πρὸς
1236 3321 1288 3374 δὲ
1336 3320 1545 3375 καὶτοῦ
1576 3321 1750 3390 Εὐμε-

195 3410 338 3475 νοῦς,
391 3412 486 3464 καὶ
539 3411 646 3464 τῶν
688 3409 926 3473 Ῥοδίων,
980 3412 1029 3464 οἶ
1061 3413 1156 3464 καὶ
1199 3414 1289 3464 τὸν
1319 3412 1570 3465 Ἀννίϐαν
1619 3413 1748 3472 ναῦς

193 3517 343 3564 τινας
374 3503 438 3553 ὲκ
458 3502 710 3571 Φοινίκης
729 3502 930 3569 ἄγοντα
959 3503 1082 3572 περὶ
1114 3503 1438 3572 Παμφυλίαν
1467 3504 1743 3571 ἐνίκησαν.

196 3592 302 3645 Καὶ
325 3593 568 3662 Εὐμενὴς
590 3592 648 3646 δὲ
685 3596 776 3647 καὶ
814 3593 1073 3657 Ἄτταλος
1105 3596 1133 3647 6
1178 3593 1408 3661 ἀδελφὸς
1449 3594 1611 3647 αὐτοῦ
1648 3594 1746 3664 τὴν

196 3685 378 3756 χώραν
412 3685 642 3738 ἐκάκουν
680 3684 773 3738 τοῦ
818 3686 1125 3756 Ἀντιόχου⁶
1183 3687 1274 3739 καὶ
1303 3685 1512 3750 πόλεις,
1544 3688 1602 3738 αἰ
1645 3687 1744 3756 μὲν

197 3775 282 3846 βίᾳ
303 3777 423 3830 αἰδ⁵
449 3765 717 3842 ἑκοῦσιαι,
747 3780 838 3845 πρ’
856 3795 882 3841 ς
915 3779 1039 3840 τοὺς
1072 3778 1377 3847 Ῥωμαίους
1403 3779 1741 3846 μεθίσταντο,

195 3867 330 3922 ὥστε
380 3871 443 3921 ὲκ
485 3871 687 3921 τούτοιν
742 3871 1151 3940 ἀναγκασθῆναι
1193 3872 1283 3921 τὸν
1326 3869 1595 3937 ’Δντίοχον
1645 3869 1742 3937 τῆν

196 3955 457 4024 Εὐρώπην
486 3972 544 4009 τε
576 3957 851 4019 παντελῶς
883 3957 1146 4022 ἐκλιπεῖν,
1174 3958 1263 4010 καὶ
1295 3959 1384 4010 τὸν
1415 3959 1527 4009 υἱὸν
1557 3957 1744 4009 Σελευ-

195 4063 282 4098 κον
308 4049 416 4100 ἀπὸ
444 4050 541 4118 τῆς
564 4049 906 4118 Δυσιμαχίας
940 4051 1248 4116 ἀπαγαγεῖν
1272 4065 1286 4078 ·
1310 4049 1368 4100 ὃν
1385 4050 1742 4102 ἐπανελθόντα

195 4139 288 4193 σὺν
339 4140 568 4211 δυνάμει
623 4144 712 4194 ἐπὶ
769 4141 868 4212 τὴν
925 4142 1213 4211 Πέργαμον
1270 4141 1533 4211 επεμψεν.
1573 4143 1659 4205 Ὠς
1686 4143 1742 4196 δὲ

195 4229 589 4299 προσεδρεύσας
613 4234 676 4300 τῇ
719 4231 870 4284 πόλει
897 4231 1049 4283 οὐδὲν
1093 4225 1346 4298 ἐπέρανε,
1393 4236 1486 4285 καὶ
1534 4233 1583 4284 οί
1613 4233 1741 4285 Σκι-

195 4317 391 4380 πίωνες
455 4319 724 4393 ζπῆλθον,
773 4321 934 4384 εὐθὺς
991 4323 1170 4385 αὐτοῖς
1240 4323 1739 4393 ἐπεκηρυκεύσατο,

195 4405 563 4476 προσδοκήσας
605 4407 886 4472 τεύξεσθαι
916 4411 1012 4478 τῆς
1039 4411 1281 4481 εἰρήνης,
1310 4413 1393 4464 ὃτι
1438 4412 1528 4464 τὸν
1548 4412 1740 4481 Ἀρρι-

197 4496 353 4548 κανοῦ
385 4496 501 4550 υἰδν
539 4497 837 4566 συλλαϐὼν,
878 4501 936 4553 ὲν
968 4499 1231 4572 θεραπείᾳ
1258 4498 1370 4572 εἶχε
1406 4501 1597 4572 πολλῇ,
1644 4505 1740 4566 ,καὶ

195 4587 362 4651 τέλος,
401 4589 606 4658 καίπερ
653 4591 761 4643 τῶν
787 4583 1032 4644 σπονδῶν
1056 4593 1340 4662 ἁμαρτὼν,
1367 4593 1496 4646 ἄνευ
1529 4594 1738 4663 λύτρων

195 4676 401 4746 ἀφῆκεν
430 4679 612 4730 αὐτόν.
647 4680 762 4732 Οὐκ
784 4682 998 4746 ἐγένετο
1020 4681 1077 4734 δὲ
1108 4684 1141 4751 ἡ
1168 4684 1384 4753 εἰρήνη,
1413 4682 1504 4735 τοῦ
1532 4683 1738 4738 Ἀντιό-

195 4782 282 4832 χου
308 4765 345 4819 ἃ
376 4767 425 4819 oi
459 4765 718 4837 Ῥωμαῖοι
739 4769 1002 4839 ἀπῄτουν,
1034 4771 1110 4840 μή
1137 4771 1462 4843 συνθεμένου
1492 4775 1733 4842 ποιῆσαι.

193 4853 334 4919 Τέως
363 4860 550 4927 μέντοι
575 4859 669 4911 ἐπὶ
700 4861 834 4913 πολὺ
860 4861 1162 4931 ήσῦχασαν,
1195 4858 1312 4916 εἶτα
1333 4865 1429 4917 καὶ
1463 4865 1733 4934 ἐπολέμη-

196 4963 304 5003 σαν,
346 4949 406 5001 '0
438 4948 494 5001 δὲ
532 4949 680 5017 ἁγὼν
715 4950 886 5016 οὕτως
915 4955 1151 5020 ἐγένετο.
1182 4953 1383 5023 Πρῶτα
1403 4953 1469 5005 τὰ
1495 4955 1748 5023 ἅρματα,

194 5033 303 5091 εῐτα
351 5040 478 5103 τοὺς
536 5043 838 5110 ἐλέφαντας
886 5047 914 5096 6
945 5046 1216 5115 ’Δντίοχος
1245 5046 1424 5108 ἔταξε,
1475 5049 1568 5110 καὶ
1598 5050 1737 5114 μετα

1855 2613 2053 2651 canum
2079 2607 2135 2652 et
2164 2597 2385 2651 fratrem
2406 2599 2524 2668 ejus
2543 2598 2770 2650 Lucium
2788 2599 3084 2660 miserunt;
3110 2600 3200 2665 qui
3229 2596 3423 2651 Arltolis

1853 2689 2104 2744 inducias
2127 2688 2416 2754 dederunt,
2441 2689 2569 2741 dum
2603 2689 2824 2742 Romam
2850 2689 3053 2756 legatos
3081 2689 3417 2757 paciﬁcatum
3482 2695 3484 2697 ’

1854 2780 2161 2834 mitterent.
2191 2779 2258 2832 Et
2285 2780 2411 2848 quia
2447 2791 2635 2832 contra
2669 2779 2999 2832 Anliochmn
3024 2770 3414 2848 prop‘erabant,

1853 2869 1907 2922 in
1934 2868 2303 2923 Macedoniam
2361 2869 2615 2939 profecti,
2671 2872 3019 2938 acceptisque
3077 2889 3105 2922 a
3167 2870 3420 2940 Philippo

1850 2961 2089 3023 auxiliis,
2123 2977 2221 3028 per
2251 2961 2662 3028 Hellespontum
2701 2961 2754 3014 in
2798 2960 2986 3014 Asiam
3025 2961 3259 3029 trajccti,
3310 2977 3423 3013 ma-

1851 3052 2048 3102 ximam
2078 3066 2185 3104 ora:
2214 3051 2500 3103 maritima:
2529 3060 2738 3119 partem
2771 3067 2800 3104 a
2834 3051 3114 3113 Romanis,
3144 3051 3235 3119 qui
3265 3052 3418 3119 prius

1849 3155 1914 3193 eo
1946 3149 2226 3203 venerant,
2258 3149 2420 3208 atque
2449 3141 2518 3192 ab
2547 3141 2787 3194 Eumene
2813 3149 2868 3192 et
2907 3140 3154 3204 Rhodiis,
3207 3157 3418 3208 ιιι-ωυρ-

1850 3240 2043 3298 cupata
2072 3231 2427 3295 invenerunt;
2459 3247 2487 3282 a
2513 3231 2711 3300 quibus
2738 3231 2903 3284 etiam
2961 3231 3191 3285 Annibal
3251 3247 3417 3285 naves

1849 3323 2056 3391 aliquot
2085 3340 2114 3375 e
2143 3322 2421 3376 Phwnicia
2448 3323 2676 3385 ducens,
2697 3323 2848 3391 juxta
2901 3321 3276 3391 Pamphyliam
3334 3324 3416 3375 vi-

1848 3421 1968 3464 ctus
1997 3412 2194 3464 fuerat.
2247 3411 2492 3464 Eumene
2543 3426 2709 3478 porro
2749 3420 2803 3463 et
2853 3413 3034 3463 Attalo
3085 3413 3256 3464 lratre
3292 3412 3412 3478 ejus

1845 3502 2114 3554 Antiochi
2146 3516 2374 3569 regnum
2410 3501 2770 3565 uastantibus,
2802 3501 2967 3554 urbes
2999 3502 3191 3570 partim
3243 3502 3410 3564 ultro,

1847 3593 2041 3662 partim
2069 3602 2267 3646 coacta:
2295 3593 2360 3646 ad
2414 3593 2690 3648 Romanos
2722 3592 3062 3647 defecerunt.
3103 3592 3256 3647 Unde
3317 3607 3411 3645 ne-

1846 3684 2072 3739 cessitas
2102 3683 2375 3737 Antiocho
2413 3684 2665 3752 imposita
2702 3693 2787 3736 est
2822 3683 3036 3751 Europa
3069 3696 3293 3749 prorsus
3318 3695 3410 3732 ex-

1847 3775 2100 3840 cedendi,
2155 3785 2210 3829 et
2261 3775 2478 3829 Seleuci
2524 3774 2620 3827 lilii
2682 3774 3024 3843 Lysimachia
3075 3771 3407 3826 revocandi:

1846 3881 2007 3934 quem
2059 3879 2312 3919 reversus
2353 3879 2478 3918 cum
2535 3864 2730 3933 copiis,
2773 3864 3300 3931 Pergamum.misit.
3340 3864 3410 3919 Ut

1845 3965 2024 4008 autem
2053 3955 2267 4008 obsidio
2305 3956 2484 4026 inanjs
2512 3965 2652 4019 erat,
2704 3964 2760 4008 et
2814 3953 3000 4023 Scipio
3055 3952 3406 4014 adventabat,

1844 4047 2025 4100 statim
2053 4047 2417 4101 caduceatore
2455 4047 2622 4101 misso
2669 4062 2818 4117 spem
2866 4046 3013 4115 pacis
3057 4044 3406 4113 impetranda:

1845 4139 2058 4202 habuit,
2084 4139 2230 4208 quod
2257 4138 2498 4192 Africani
2542 4139 2710 4192 ﬁlium
2767 4148 2983 4205 captum
3041 4133 3405 4187 honorificen-

1846 4229 2051 4281 tissime
2133 4235 2422 4290 tractaret;
2503 4241 2663 4293 quem
2710 4225 2924 4277 tandem
3000 4222 3250 4289 quamvis
3310 4237 3403 4288 spe

1841 4307 1939 4372 Sua
1973 4318 2287 4380 frustratus,
2351 4316 2521 4384 gratis
2571 4313 2799 4367 dimisit.
2852 4313 3155 4378 Quominus
3218 4321 3401 4364 autem

1841 4408 2002 4478 453
2041 4424 2141 4477 pax
2172 4406 2346 4468 ﬁeret,
2380 4407 2434 4459 in
2483 4420 2643 4460 causa
2682 4405 2835 4460 fuere
2870 4404 3208 4466 conditiones
3268 4420 3401 4472 quas

1844 4500 2070 4553 llomani
2109 4499 2348 4553 tulerant
2412 4515 2520 4552 non
2575 4508 2829 4567 acceptae.
2876 4497 3009 4552 Cum
3071 4498 3137 4549 ad
3191 4509 3403 4563 tempus

1841 4591 2196 4659 quievisseut,
2229 4591 2462 4660 repetito
2490 4589 2656 4652 bello,
2705 4590 2818 4641 haec
2850 4603 3044 4656 pugna:
3100 4588 3240 4639 ratio
3277 4589 3403 4641 l‘nit.‘

1841 4683 2145 4737 Antiochus
2173 4682 2352 4751 primo
2385 4682 2528 4744 loco,
2575 4693 2770 4732 currus
2814 4678 3102 4745 disposuit,
3157 4680 3400 4732 secundo

1839 4775 2178 4843 elephantos,
2202 4771 2400 4826 deinde
2432 4771 2741 4826 funditores
2793 4781 2853 4825 et
2886 4770 3219 4840 sagittarios:
3256 4769 3398 4825 Cur-

1841 4882 1998 4920 ruum
2039 4866 2302 4932 impetum
2332 4863 2560 4917 Romani
2601 4865 2816 4932 priores
2859 4863 3182 4917 excursione
3235 4863 3394 4922 faeta,

1842 4969 2141 5024 magnoque
2174 4956 2409 5010 clamore
2435 4937 2648 5009 sublato
2676 4955 2731 5008 in
2761 4969 2856 5010 eos
2883 4954 3017 5030 Ulati
3050 4953 3394 5014 retuderunt,

1842 5056 1898 5099 ut
1921 5045 2239 5114 plerique-in
2261 5046 2583 5114 elephantos
2629 5061 2818 5099 rursus
2869 5043 3139 5105 c'onversi,
3188 5043 3394 5094 amico-

195 5129 357 5184 ταῦτα
384 5132 512 5193 τοὺς
543 5133 902 5204 σφενδονήτας
935 5138 1028 5188 καὶ
1057 5139 1182 5199 τοὺς
1215 5137 1453 5200 τοξότας.
1487 5137 1597 5207 Τὴν
1635 5140 1732 5207 μὲν

1850 5152 1958 5190 rum
1982 5138 2153 5190 aciem
2183 5136 2486 5202 turbarent,
2510 5153 2633 5192 cum
2656 5151 2712 5192 et
2738 5137 2838 5206 ipsi
2868 5146 3070 5190 temere
3097 5135 3388 5196 ferrentur,

198 5219 281 5274 οῦν
306 5221 579 5293 ἐκδρομὴν
610 5226 718 5278 τῶν
736 5227 996 5297 ἁρμάτων
1027 5227 1501 5298 προεκδραμόντες
1523 5229 1570 5280 οἱ
1603 5227 1730 5282 Ῥωο

201 5313 338 5380 μαῐοι
377 5317 473 5367 καὶ
505 5315 645 5385 μετὰ
678 5319 928 5387 κραυγῆς
963 5320 1111 5387 σφίσι
1138 5318 1336 5386 πολλῆς
1368 5319 1735 5388 ἀντιμέτωποι

196 5406 588 5476 προσπεσόντες
629 5406 919 5483 ἀνέκοψαν,
977 5407 1117 5462 ὥστε
1159 5409 1226 5463 τὰ
1277 5410 1447 5464 πολλὰ
1476 5413 1655 5466 αὐτῶν
1677 5417 1734 5476 ἐς

193 5500 304 5559 τοὺς
333 5497 631 5566 ἐλέφαντας
656 5482 972 5570 τραπόμενα
1002 5502 1165 5556 πάλιν
1189 5501 1247 5554 τὸ
1279 5504 1476 5556 οἰκεῖον
1491 5506 1732 5562 ’συνετά-

92 5655 94 5657 γ
197 5588 353 5655 ραξαν
375 5603 391 5617 ⁸
424 5589 578 5642 αὐτοί
606 5606 662 5641 τε
693 5590 800 5661 γὰρ
833 5591 1143 5645 ὶπλανῶντο
1172 5594 1266 5645 καὶ
1300 5596 1427 5658 τοὺς
1477 5597 1729 5649 ιπιτετα-

1837 5223 1892 5284 et
1946 5228 2350 5284 commilitones
2406 5232 2654 5285 .territos
2705 5229 3055 5297 dissiparem.
3112 5226 3388 5295 Sagittarii

1839 5338 1986 5383 vero,
2012 5331 2069 5373 et
2092 5321 2417 5397 fortuitores,
2450 5336 2645 5390 magno
2685 5321 2859 5373 imbre
2917 5327 3044 5372 sunt
3095 5317 3388 5371 debilitati.

1835 5412 1915 5466 Ad
1953 5412 2088 5474 hac,
2114 5423 2400 5482 magna'et
2426 5413 2592 5466 densa
2637 5409 2835 5463 nebula
2865 5406 3140 5462 Romanos
3187 5409 3390 5477 quippe

1837 5506 2090 5568 victores,
2113 5515 2169 5558 et
2194 5507 2442 5558 cominus
2481 5504 2608 5557 totis
2638 5502 2848 5555 viribus
2898 5511 3201 5571 pugnantes
3248 5498 3385 5553 nihil

1837 5595 2119 5663 impediit;
2155 5597 2247 5648 sed
2299 5593 2640 5648 adversarios
2689 5594 2934 5656 territos,
2994 5606 3050 5646 ct
3094 5590 3388 5659 sagittariis

194 5680 421 5746 γμένονς
450 5681 638 5747 σφίσιν
686 5680 1087 5754 ὲκφοϐήσανῖες
1115 5685 1462 5743 διεσκέδασαν
1493 5701 1510 5717 °
1542 5687 1638 5756 τὴν
1676 5687 1732 5739 δὲ

1850 5697 1994 5756 itque
2022 5688 2265 5756 equitatu
2288 5688 2518 5740 maxime
2537 5686 2791 5751 nitentes,
2817 5687 3070 5754 adempto
3092 5691 3383 5752 prosiiectu

191 5769 392 5834 τοξείαν
421 5771 515 5824 καὶ
537 5770 635 5841 τὴν
661 5775 1006 5844 σφενδόνησιν
1032 5775 1235 5846 ὀμϐρος
1267 5779 1433 5840 πολὺς
1485 5778 1732 5848 ἐπιγενό-

1834 5778 1900 5832 ad
1930 5777 2210 5847 dirigenda
2253 5780 2375 5849 tela,
2415 5779 2557 5834 inter
2578 5794 2698 5835 sese
2736 5788 2792 5833 ut
2837 5782 2891 5832 in
2944 5778 3186 5833 tenebris
3228 5776 3388 5829 ober-
