4012 6330
656 411 763 472 775

1943 411 2190 472 JOANN

2310 414 2629 474 ΖΟΝΑΒΑΞ
3764 417 3856 479 ’Πθ

649 522 899 576 ’Δννίϐαν
931 521 1110 591 ἐκδοίη
1142 522 1272 594 παρ’
1309 521 1462 592 αὑτῷ
1513 521 1665 580 ὅντα.
1713 521 2011 591 προμαθὼν
2055 522 2199 574 τοῦτ’
2241 528 2446 587 ἐκεῖνος
2517 526 2612 578 καὶ
2675 525 2955 595 διαδράναι
2982 525 3057 598 μὴ
3082 522 3188 592 οἷός
3235 527 3391 580 τεῶν
3438 530 3636 584 ἐαυτὸν
3665 530 3710 582 δι
3758 535 3858 599 ίςιή-

651 630 801 666 σατο.
837 613 1102 682 Χρησμοῦ
1132 614 1190 666 δέ
1216 631 1346 667 ποτε
1372 613 1520 683 αὐτῷ
1544 614 1858 682 γενομένου,
1895 615 1951 664 ἐν
1996 617 2066 682 γῇ
2107 615 2354 686 Λιϐύσσῃ
2413 616 2796 685 τεθνήξεσθαι’
2865 619 2899 672 ὁ.
2961 620 3059 684 μέν
3094 620 3151 672 ἐν
3215 621 3281 689 τῇ
3314 621 3532 690 πατρίδι
3579 624 3650 690 τῇ
3704 620 3860 688 Λιϐύῃ

649 703 947 773 προσεδόκα
982 707 1182 767 θανεῖν,
1227 704 1382 772 ἔτυχε
1412 705 1466 756 δὲ
1525 705 1773 773 θνήσκων
1799 705 1855 756 ἐν
1889 705 2073 774 χωρίῳ
2132 706 2240 758 τινὶ
2273 711 2555 776 τυγχάνων
2592 709 2912 780 καλουμένῳ
2946 709 3209 784 Λιϐύσσῃ.
3278 713 3386 780 καὶ
3412 715 3439 766 ὁ
3461 713 3782 784 ’Δφρικανὸς
3811 715 3859 766 δὲ

651 791 892 843 Σκιπίων
919 792 1040 843 τότε
1077 791 1398 860 μετήλλαξε.

719 880 882 933 XXII.
919 880 1204 948 Philippus
1228 881 1584 935 Macedonum
1615 899 1707 938 rex
1731 922 1747 947 ,
1781 883 1892 937 filio
1939 884 2200 940 Demetrit

2387 885 2516 941 KB'.
2547 887 2813 952 Φίλιππος
2859 889 2914 942 δὲ
2942 892 2970 943 ὁ
2998 889 3321 946 Μακεδόνων
3349 892 3603 962 βασιλεὺς
3632 896 3724 949 τὸν
3760 899 3858 950 υίίιν

645 972 851 1036 occiso,
883 971 1138 1024 Perseum
1171 986 1388 1040 quoque
1411 973 1717 1039 occisurus,
1743 974 1900 1027 obiit.
1929 974 2060 1026 Nam
2082 989 2204 1028 cum

646 1063 955 1117 Demetrius
1003 1061 1074 1114 ob
1126 1062 1492 1116 Rmnanorum
1543 1064 1858 1128 amicitiam,
1915 1064 2206 1132 exterique

647 1154 975 1208 Macedones
1006 1167 1156 1220 spem
1195 1154 1576 1221 concepissent
1629 1154 1780 1223 regni
1814 1162 1938 1222 post
1969 1152 2204 1222 Philippi

646 1245 856 1297 obitum
893 1233 1214 1317 obtinendi;
1253 1243 1486 1297 Perseus
1530 1253 1589 1295 ut
1615 1253 1742 1296 natu
1779 1243 1952 1312 major
1979 1243 2028 1296 ei
2063 1243 2204 1295 invi-

646 1335 747 1393 dit,
774 1343 830 1385 et
860 1342 917 1383 ut
946 1333 1082 1398 patri
1112 1330 1464 1384 insidiantem
1492 1331 1857 1384 calumniatus
1887 1341 1990 1384 cst.
2017 1330 2202 1398 itaque

643 1435 913 1474 venenum
953 1419 1140 1472 bibere
1176 1429 1433 1481 coactus,
1469 1420 1651 1487 periit.
1689 1419 1973 1488 Philippus
2018 1429 2202 1472 autem

644 1526 753 1562 non
798 1509 967 1561 multo
1010 1517 1132 1576 post
1170 1506 1334 1577 456
1379 1508 1602 1562 veritate
1643 1508 1897 1578 cognita,
1945 1510 2202 1561 Perseum

649 1599 833 1651 ulcisci
863 1597 1054 1650 volens
1074 1636 1087 1659 ,
1117 1608 1293 1650 morte
1325 1598 1663 1666 interceptus
1683 1637 1697 1661 ,
1742 1612 1969 1667 regnum
1999 1597 2200 1651 Perseo

646 1692 728 1742 vel
757 1690 959 1744 invitus
984 1689 1206 1758 reliquit
1234 1708 1247 1743 :
1271 1689 1417 1759 quod
1443 1690 1493 1744 ei
1526 1689 1778 1753 Romani,
1813 1700 2036 1759 paterna
2059 1689 2195 1743 ami—

642 1782 770 1834 cilia
811 1789 1091 1842 renovata,
1119 1781 1538 1834 conﬁrmarunt.
1568 1780 1834 1834 lnsecutis
1863 1781 2199 1849 temporibus

642 1873 889 1925 accidere
930 1873 1215 1940 quadam,
1261 1870 1560 1938 scriptione
1602 1887 1793 1940 parum
1857 1872 2038 1940 digna.
2091 1870 2197 1926 Sed

645 1974 762 2032 post
795 1963 1030 2017 Perseus
1059 1964 1430 2016 Romanorum
1463 1963 1767 2017 inimicitiis
1794 1965 2098 2032 susceptis,
2143 1974 2200 2017 ut

647 2054 788 2107 bello
825 2069 1053 2118 moram,
1080 2054 1208 2107 dum
1237 2070 1294 2108 se
1327 2063 1567 2124 pararet,
1595 2055 1926 2124 produceret
1951 2073 1963 2108 :
1995 2056 2200 2126 legatos

643 2147 868 2199 Romam
910 2145 1093 2210 misit,
1143 2143 1358 2214 objecta
1403 2144 1507 2199 sibi
1547 2145 1778 2200 crimina
1822 2156 2153 2214 purgaturus
2179 2185 2193 2210 ,

641 2235 870 2288 scilicet.
900 2231 1110 2297 Quibus
1139 2233 1372 2286 Romani
1417 2233 1473 2285 in
1517 2232 1708 2286 urbem
1741 2246 1850 2284 non
1899 2231 2153 2285 admissis
2181 2269 2195 2294 ,

2303 2250 2706 2321 συνηνέχθησαν
2764 2251 2864 2318 μέν
2915 2269 3058 2314 τινα,
3091 2253 3152 2304 οὺ
3207 2255 3389 2322 μέντοι
3448 2257 3541 2309 καὶ

639 2333 831 2378 senatu
873 2322 1007 2378 loris
1043 2324 1201 2389 dato,
1251 2324 1388 2378 nihil
1424 2322 1829 2392 responderunt
1860 2323 2004 2376 aliud
2026 2362 2040 2386 ,
2094 2322 2199 2375 nisi

645 2416 928 2471 consulem
963 2432 1022 2471 se
1062 2417 1329 2471 missuros
1365 2430 1518 2477 esse,
1559 2429 1684 2469 cum
1725 2429 1834 2482 quo
1863 2421 2049 2482 ageret
2084 2428 2202 2480 qme

639 2509 836 2562 vellet:
864 2499 1168 2578 eodemque
1191 2507 1280 2562 die
1305 2506 1429 2561 illos
1450 2505 1605 2560 abire
1625 2506 1928 2576 jusserunt,
1957 2504 2201 2557 ductori-

641 2602 743 2654 bus
776 2601 1050 2668 adjunctis
1070 2638 1084 2661 ,
1113 2615 1182 2654 ne
1211 2614 1336 2653 cum
1380 2613 1602 2668 quoque
1630 2597 2107 2667 colloquerentur,
2137 2610 2200 2649 ac

641 2691 840 2746 Perseo
903 2691 1054 2744 aditu
1098 2690 1268 2742 Italia
1317 2690 1373 2741 in
1426 2696 1710 2756 posterum
1768 2685 2197 2739 interdixerunt.

641 2781 848 2836 Deinde
888 2781 988 2835 Cn.
1025 2779 1290 2835 Sicinium
1333 2789 1622 2847 praetorem
1655 2791 1780 2830 eum
1821 2775 2002 2845 parvis
2028 2772 2201 2842 cepiis

589 2895 593 2900 η
641 2873 1003 2944 ablegarunt,
1049 2868 1352 2940 majoribus
1395 2867 1640 2922 nondum
1692 2867 1915 2937 paratis.
1970 2866 2202 2920 Perseus

643 2964 982 3020 Thessaliam
1016 2963 1314 3033 ingressus,
1355 2963 1650 3016 maximam
1683 2961 1804 3029 ejus
1841 2967 2054 3028 partem
2095 2956 2199 3010 sibi

643 3056 912 3124 atljunxit.
945 3054 1274 3108 Imminente
1303 3067 1433 3107 vere
1467 3051 1715 3106 Licinius
1742 3049 1970 3105 Crassus
2009 3060 2200 3105 contra

643 3162 768 3198 eum
799 3146 998 3199 missus
1029 3152 1132 3208 est,
1161 3153 1217 3198 et
1254 3143 1414 3199 classi
1444 3143 1735 3214 praefectus
1781 3141 1846 3196 C.
1889 3141 2197 3196 Lucretius.

641 3239 717 3290 Ae
747 3237 923 3304 primo
949 3235 1192 3304 equestri
1224 3235 1478 3288 conﬂictu
1507 3234 1731 3302 impegit
1761 3250 1774 3285 :
1801 3231 2003 3286 deinde
2032 3229 2202 3285 victo—

647 3329 726 3379 ria
754 3329 980 3395 potitus,
1012 3341 1078 3379 eo
1109 3324 1315 3393 redegit
1343 3325 1626 3386 Perseum,
1660 3331 1719 3376 ut
1743 3324 1799 3376 in
1829 3321 2199 3376 Macedoniam

644 3417 953 3471 recederet.
1001 3413 1180 3469 Urbes
1232 3421 1414 3466 autem
1458 3411 1672 3466 Graacas
1709 3425 2030 3481 aggressus,
2068 3427 2202 3481 quas

643 3509 930 3578 Philippus
952 3507 1290 3572 obtinuerat,
1314 3521 1343 3559 a
1369 3504 1641 3574 plerisque
1661 3504 1914 3573 repulsus
1935 3513 2040 3570 est,
2065 3519 2201 3558 non-

645 3601 823 3654 nullas
844 3598 1082 3666 subegit,
1115 3598 1407 3651 nonnullas
1435 3597 1649 3662 evertit,
1678 3597 1891 3652 civibus
1918 3597 2020 3651 sub
2041 3612 2200 3651 coro-

645 3711 713 3747 na
775 3690 1035 3747 venditis.
1096 3689 1311 3758 Quibus
1366 3688 1597 3742 Romani
1643 3687 1849 3743 auditis
1902 3690 2194 3757 indignati,

645 3786 841 3839 Cras’so
880 3781 1227 3852 postmodum
1252 3779 1627 3850 pecuniariam
1671 3779 1896 3832 multam
1919 3780 2195 3845 dixerunt,

645 3886 828 3945 captas
853 3877 1017 3929 urbes
1036 3874 1238 3928 liberas
1257 3887 1376 3926 esse
1396 3872 1680 3942 jusserunt
1700 3889 1714 3929 ι
1739 3885 2035 3941 earumque
2055 3873 2200 3927 cives

644 3965 1010 4028 venundatos,
1037 3979 1173 4031 quos
1194 3964 1248 4017 in
1275 3963 1426 4017 Italia
1453 3977 1726 4031 reperere,
1758 3961 1827 4015 ab
1861 3963 2200 4029 emptoribus

647 4057 1019 4110 redemerunt.
1065 4051 1161 4108 llis
1208 4054 1282 4106 ita
1335 4055 1502 4124 gestis
1544 4052 1687 4106 bello
1734 4053 1954 4108 Persico
2003 4053 2200 4108 multas

649 4161 870 4214 magnas
917 4146 1101 4201 clades
1147 4152 1514 4212 acceperunt.
1552 4141 1718 4196 rebus
1766 4157 1955 4196 eorum
2000 4145 2198 4211 passim

649 4237 883 4290 aﬂlictis.
912 4236 1049 4290 Nam
1082 4236 1314 4290 Perseus
1347 4232 1497 4301 Epiri
1531 4242 1588 4286 et
1618 4231 1912 4289 Thessalize
1946 4233 2202 4302 pleraque

651 4328 912 4381 obtinuit.
947 4328 1147 4381 Praeter
1168 4328 1318 4381 enim
1348 4325 1482 4380 alias
1507 4325 1753 4394 ingentes
1779 4324 1984 4394 copias,
2011 4323 2203 4379 adver-

652 4433 746 4471 sus
771 4417 1140 4493 Romanorum
1163 4415 1483 4484 elephantes
1502 4415 1665 4469 etiam
1681 4414 2002 4485 phalangem
2025 4429 2204 4469 arma-

654 4517 834 4560 torum
869 4506 1235 4569 instruxerat,
1263 4520 1501 4573 quorum
1534 4504 1709 4574 clypei
1741 4513 1797 4559 et
1825 4506 1989 4574 galeae
2014 4505 2204 4561 ferreis

654 4599 819 4651 clavis
847 4597 1022 4651 acutis
1049 4594 1371 4650 horrebant.
1405 4594 1486 4649 Ne
1525 4605 1708 4649 autem
1745 4600 1902 4665 equis
1947 4597 2204 4652 formida-

656 4687 792 4739 biles
850 4695 1073 4752 essent,
1119 4684 1410 4739 simulacra
1449 4683 1865 4754 elephantorum
1905 4689 2115 4755 paravit
2139 4703 2203 4741 ex

659 4786 935 4843 unguento
958 4777 1218 4845 quodam,
1242 4784 1442 4828 tetrum
1477 4774 1728 4830 ﬁctorem
1753 4775 2036 4845 spirantia,
2061 4777 2203 4841 visu,

2313 978 2629 1047 Δημήτριον
2655 978 2982 1042 ἀποκτείνας
3005 981 3100 1033 καὶ
3129 981 3220 1033 τὸν
3251 982 3439 1052 ἕτερον
3473 985 3588 1037 υἱὸν
3612 988 3700 1038 τὸν
3732 989 3858 1055 Περ.-

2315 1069 2411 1120 σὲα
2444 1067 2714 1138 μελλήσας
2739 1071 3038 1137 φονεύσειν,
3059 1072 3350 1155 ςπέθανεν.
3384 1074 3536 1126 Ἐπεὶ
3570 1077 3682 1146 γὰρ
3702 1095 3858 1147 προσ-

2313 1155 2473 1225 φιλὴς
2503 1162 2616 1220 τοῖς
2649 1158 2942 1227 Ῥωμαίοις
2973 1161 3035 1212 ἐκ
3067 1161 3162 1228 τῆς
3187 1162 3450 1230 ὁμηρείας
3473 1165 3691 1231 ἐγένετο
3718 1170 3744 1218 ὁ
3763 1171 3856 1236 Δη-

2314 1249 2561 1319 μήτριος,
2589 1245 2685 1302 καὶ
2718 1251 2877 1311 αὐτός
2907 1268 2966 1302 τε
2997 1253 3087 1303 καὶ
3117 1254 3166 1304 οἱ
3200 1251 3377 1305 λοιποὶ
3407 1255 3513 1306 τῶν
3544 1258 3856 1309 Μακεδόνων

2309 1339 2536 1408 ἠλπιζον
2559 1341 2638 1393 ὅτι
2673 1343 2810 1409 μετὰ
2833 1341 2923 1393 τὸν
2956 1342 3221 1396 Φίλιππον
3253 1343 3349 1414 τὴν
3393 1345 3855 1418 βασιλείαν-λήψε-
3907 1383 3911 1386 -

2309 1448 2421 1493 ται,
2447 1433 2740 1502 ἐφθόνησεν
2765 1432 2951 1500 αὺτῷὁ
2975 1435 3214 1504 Περσεὺς
3240 1437 3332 1488 ᾶτε
3365 1438 3456 1489 καὶ
3499 1441 3855 1512 πρεσϐύτερος

2311 1525 2472 1575 αὐτοῦ
2505 1524 2601 1585 ὢν,
2635 1525 2724 1576 καὶ
2754 1526 2996 1578 διέϐαλεν
3028 1527 3190 1580 αὑτὸν
3217 1528 3291 1590 ὡς
3337 1529 3759 1585 ἐπιϐουλεύοντα
3789 1533 3855 1601 τῷ

2311 1615 2500 1684 πατρί.
2534 1616 2641 1668 Καὶ
2674 1618 2702 1668 ὁ
2734 1617 2831 1684 μὲν
2855 1619 3142 1688 φάρμακον
3181 1621 3325 1670 πιεῖν
3358 1620 3722 1685 ἀναγκασθεὶς
3754 1624 3857 1673 ἐτε-

2310 1703 2586 1775 λεύτησεν.
2635 1706 2692 1758 '0
2720 1707 2775 1759 δὲ
2807 1707 3067 1768 Φίλιππος
3092 1707 3151 1758 οὐ
3193 1707 3370 1777 πολλῷ
3401 1709 3625 1779 ὕστερον
3660 1712 3718 1762 τὺ
3738 1710 3857 1777 ἀλη-

2309 1795 2394 1857 θὲς
2425 1799 2584 1862 γνοὺς
2616 1795 2926 1869 ἀμύνασθαι
2955 1797 3044 1848 τὸν
3068 1798 3277 1868 Περσέα
3307 1791 3597 1867 ὴθέλησενέ
3641 1803 3702 1853 οὐ
3738 1803 3856 1869 μὲν-

2305 1904 2385 1938 τοι
2430 1888 2524 1939 καὶ
2580 1887 2820 1954 ἴσχυσεν,
2856 1887 2972 1940 ἀλλ’
3025 1888 3185 1951 αὑτός
3217 1907 3276 1941 τε
3333 1890 3590 1956 ἀπέθανε,
3645 1896 3738 1945 καὶ
3766 1894 3856 1962 τὴν

2308 1977 2582 2045 βασιλείαν
2625 1979 2652 2030 ὁ
2711 1979 2949 2048 Περσεὺς
3005 1980 3451 2046 διεδέξατο.-Καὶ
3497 1984 3545 2034 οἱ
3600 1985 3854 2052 Ῥωμαῖοι

2303 2066 2504 2136 ταύτην
2533 2084 2590 2120 τε
2625 2068 2772 2137 αὑτῷ
2801 2069 3158 2135 ἐὸεὸαίωσαν,
3215 2072 3309 2124 καὶ
3357 2072 3456 2142 τὴν
3486 2075 3747 2144 πατρῴαν
3771 2092 3854 2142 τρι-

2303 2157 2422 2210 λίαν
2449 2161 2837 2213 ἀνενεώσαντο.
2878 2159 2966 2212 Ἐν
3014 2161 3070 2214 δὲ
3113 2164 3223 2224 τοῖς
3252 2163 3394 2229 μετὰ
3447 2165 3617 2216 ταῦτα
3652 2165 3854 2233 χρόνοις

3590 2260 3855 2324 ἀναγκαῖα

2304 2340 2447 2390 πάνυ
2487 2340 2626 2391 ὥστε
2652 2341 2746 2392 καὶ
2777 2340 3098 2409 συγγραφῆς
3129 2342 3449 2411 νομίζεσθαι
3491 2345 3637 2408 ἄξια.
3670 2348 3856 2399 Ὕστε-

2307 2446 2396 2498 ρον
2443 2431 2498 2483 δὲ
2545 2434 2572 2482 ό
2628 2432 2871 2499 Περσεὺς
2910 2433 3167 2500 πολέμιον
3197 2435 3386 2487 ἐαυτὸν
3415 2437 3526 2499 τοῖς
3568 2437 3855 2506 Ῥωμαίοις

2301 2524 2577 2594 ἐποίησεν.
2611 2526 2730 2578 Ἵνα
2758 2527 2816 2579 δὲ
2847 2527 3117 2598 ᾀναὸολὴν
3146 2529 3236 2581 τοῦ
3283 2531 3517 2600 πολέμου
3570 2534 3734 2602 σχοίη
3766 2535 3857 2600 μέ·

2300 2633 2423 2684 χρις
2453 2619 2518 2669 ἂν
2551 2619 3055 2686 παρασκευάσηται,
3092 2619 3347 2687 πρέσϐεις
3379 2623 3458 2684 εἰς
3499 2623 3598 2690 τὴν
3644 2624 3855 2692 Ῥώμην

2299 2707 2546 2776 επεμψεν
2571 2710 3078 2779 ἀπολογησομένους
3107 2712 3245 2780 τάχα
3275 2716 3404 2784 περὶ
3435 2709 3508 2766 ὧν
3534 2716 3852 2770 ἐνεκαλεῖτο.

2302 2796 2409 2860 Οὓς
2454 2801 2504 2850 οἱ
2561 2800 2822 2868 Ῥωμαῖοι
2856 2799 2968 2852 οὒτ’
3017 2800 3276 2854 εἴσωοτοῦ
3334 2804 3548 2873 τείχους
3579 2806 3851 2869 ἐδέξαντο·

2301 2891 2395 2942 καὶ
2429 2889 2534 2957 πρὸ
2579 2889 2673 2942 τοῦ
2734 2889 2925 2954 ἄστεος
2985 2893 3169 2955 αὐτοῖς
3225 2896 3661 2964 χρηματίσαντες
3709 2899 3856 2950 οὐδὲν

2300 2981 2665 3051 ἀπεκρίναντο
2690 2982 2898 3049 ἓτερον.
2931 2983 2962 3052 ἢ
2990 2985 3070 3037 ὅτι
3093 2983 3296 3040 ὕπατον
3320 2988 3611 3056 πέμψουσι,
3644 2989 3780 3061 πρὸς
3801 2990 3855 3043 ὃν

2300 3073 2402 3126 ὅσα
2437 3071 2682 3144 βούλεται
2711 3071 3122 3144 διαλεχθήσεται
3143 3092 3157 3107 ο
3190 3077 3282 3129 καὶ
3322 3078 3629 3149 αὐθήμερον
3663 3081 3856 3142 αὐτοὺς

2300 3164 2518 3218 ἀπιέναι
2544 3164 2827 3233 ἐποίησαν,
2872 3165 3053 3228 δόντες
3103 3168 3252 3236 σφίσι
3303 3171 3395 3221 καὶ
3440 3170 3691 3237 ἀγωγοὺς
3720 3172 3854 3223 ὥστε

2303 3256 2377 3323 μή
2409 3272 2515 3307 τινι
2543 3257 2932 3323 συγγένωνται,
2967 3257 3062 3309 καὶ
3093 3257 3171 3325 τῷ
3217 3259 3420 3327 Περσεῖ
3476 3261 3574 3328 τῆς
3628 3261 3856 3321 Ἰταλίας

2301 3343 2601 3396 ἐπιϐαίνειν
2630 3344 2724 3397 τοῦ
2753 3344 2940 3398 λοιποῦ
2966 3347 3354 3416 ἀπειρήκασιν.
3384 3350 3445 3400 Οἱ
3477 3348 3571 3416 μὲν
3593 3349 3688 3401 οὖν
3730 3349 3855 3402 Ῥω-

2304 3437 2452 3502 μαῖοι
2487 3435 2626 3504 μετὰ
2656 3436 2830 3490 ταῦτα
2860 3437 3049 3490 Γναῖον
3101 3438 3335 3490 Σικίνιον
3386 3439 3688 3508 στρατηγὸν
3720 3439 3854 3506 μετά

2223 3570 2266 3631 C
2298 3525 2578 3594 δυνάμεως
2604 3527 2790 3596 ὀλίγης
2815 3528 3128 3597 ἐξέπεμψαν
3157 3531 3249 3598 (οὐ
3282 3531 3387 3600 γάρ
3424 3548 3506 3583 πω
3542 3533 3641 3601 τὴν
3686 3532 3852 3601 μείζω

2301 3619 2814 3688 παρεσκευάσαντο)
2847 3622 2939 3671 καὶ
2970 3620 2997 3670 ὁ
3024 3620 3265 3689 Περσεὺς
3289 3623 3365 3683 είς
3391 3622 3693 3675 Θεσσαλίαν
3717 3639 3856 3690 παρ·

2300 3706 2600 3773 εμΰὰλλων,
2638 3708 2707 3760 τά
2738 3724 2799 3774 γε
2825 3707 3050 3761 πλεῖστα
3079 3710 3249 3778 αὐτῆς
3305 3710 3639 3780 ᾠκειώσατο·
3704 3713 3875 3764 Ἐπεὶ-

2299 3795 2354 3846 δὲ
2393 3796 2449 3846 τὸ
2502 3794 2602 3864 ἔαρ
2633 3797 2859 3865 ἐπέστη,
2897 3796 3208 3864 πέμπουσιν
3253 3799 3342 3850 ἐπ’
3394 3799 3556 3851 αὑτὸν
3589 3802 3854 3852 Λικίννιον

2300 3885 2572 3954 Κράσσον,
2636 3888 2729 3939 καὶ
2787 3888 3089 3960 στρατηγὸν
3145 3890 3237 3941 ἐπὶ
3269 3889 3364 3942 τοῦ
3413 3890 3666 3943 ναυτικοῦ
3698 3892 3854 3942 Γαῖον

2300 3975 2632 4044 Λνιυκρίτιον.
2699 3976 2982 4045 Συμμίξας
3029 3974 3122 4032 οὖν
3151 3979 3363 4049 πρῶτον
3421 3981 3549 4051 περὶ
3575 3981 3853 4052 Λάρισσαν

2299 4061 2375 4128 τῷ
2404 4063 2602 4131 Περσεί
2625 4066 2682 4116 ἐν
2714 4065 3020 4137 ἱππομαχίᾳ
3071 4069 3361 4123 ἔπταισεν·
3420 4071 3644 4142 ὔστερον
3675 4073 3852 4142 μέντοι

2303 4155 2666 4224 περιεγένετο,
2698 4155 2838 4208 ὥστε
2867 4162 2959 4210 καὶ
3009 4161 3362 4230 ἀναχωρῆσαι
3415 4162 3514 4214 τὸν,
3533 4163 3745 4232 Περσέα
3778 4164 3853 4225 είς

2303 4246 2656 4300 Μακεδονίαν.
2687 4246 2745 4300 '0
2775 4249 3028 4318 Κράσσος
3065 4249 3122 4302 δὲ
3149 4253 3269 4312 ταῖς
3293 4253 3482 4304 πόλεσι
3510 4256 3632 4316 ταῖς
3672 4255 3856 4323 Ἐλλη-

2303 4337 2474 4396 νικαῖς
2530 4339 2649 4400 ταῖς
2696 4337 2800 4390 ὑπὸ
2847 4338 2940 4391 τοῦ
2994 4339 3260 4394 Φιλίππου
3308 4345 3703 4413 κατεχομέναις
3744 4344 3850 4417 (48)

2305 4422 2632 4492 προσέϐαλε,
2662 4427 2756 4477 καὶ
2787 4427 2894 4480 τῶν
2932 4429 3028 4497 μὲν
3057 4430 3319 4489 πλειόνων
3347 4435 3852 4504 ἀπεκρούσθη,έστι

2302 4516 2347 4569 δ’
2375 4515 2440 4579 ἃς
2467 4515 2800 4585 ἐχειρώσατο
2822 4533 2834 4544 ·
2869 4520 2962 4572 καί
2995 4536 3147 4583 τινας
3180 4525 3691 4592 κατασκάψας-τοὺς
3713 4528 3855 4580 ἁλόν-

2304 4628 2401 4674 τας
2434 4611 2682 4665 ἀπέδοτο.
2721 4613 2904 4682 Ἀπερ
2934 4615 2982 4666 οι
3007 4615 3065 4666 ἐν
3097 4618 3162 4686 τῇ
3197 4615 3381 4687 Ῥώμη
3409 4620 3700 4690 πυθόμενοι
3719 4625 3851 4691 ήγα-

2305 4703 2602 4773 νάκτησαν,
2638 4705 2730 4756 καὶ
2775 4705 2866 4758 τόν
2896 4723 2954 4758 τε
2983 4707 3237 4776 Κράσσον
3289 4711 3514 4782 ὕστερον
3542 4712 3850 4784 ἐζημίωσαν

2306 4794 2572 4862 χρήμασι,
2602 4795 2826 4856 καὶτὰς
2877 4797 3180 4861 ἑαλωκυίας
3225 4799 3407 4863 πόλεις
3449 4802 3848 4873 ἠλευθέρωσαν,

662 4865 964 4933 audituque
985 4866 1283 4929 horrenda,
1301 4881 1421 4934 qua:
1449 4873 1565 4919 arte
1587 4865 1819 4933 quadam
1851 4867 2090 4921 sonitum
2121 4869 2200 4924 in-

2309 4886 2400 4936 καὶ
2430 4885 2555 4947 τοὺς
2579 4884 2884 4952 πραθέντας
2917 4887 2972 4951 ἐξ
2997 4887 3176 4940 αὐτῶν
3203 4889 3296 4941 καὶ
3321 4892 3381 4942 ἐν
3425 4865 3491 4961 τῇ
3518 4865 3737 4963 Ἰταλίᾳ.⁷
3768 4865 3852 4947 ab;

659 4967 774 5009 star
806 4956 1044 5008 tonitrus
1079 4955 1341 5011 ederent:
1371 4955 1438 5011 ad
1467 4973 1585 5027 qua-
1614 4958 1742 5027 equi
1779 4959 2009 5015 subinde
2037 4961 2200 5016 addu-

2312 4973 2564 5042 ρεθέντας
2611 4978 2729 5027 τότε
2769 4977 2918 5046 παρὰ
2941 4977 3048 5028 τῶν
3103 4981 3432 5049 ἐωνημένων
3465 4955 3708 5048 ’.αὐτοὺς-
3744 4987 3852 5051 ἐξε-

660 5048 755 5111 cii,
789 5047 982 5100 timere
1033 5044 1270 5114 denique
1315 5047 1616 5102 desierunt.
1650 5046 1746 5103 llis
1775 5051 1938 5103 rebus
1975 5050 2205 5105 Perseus

665 5140 836 5190 auctis
873 5139 1090 5203 animis,
1119 5153 1178 5193 se
1209 5138 1515 5193 Alexandro
1543 5140 1712 5210 gloria
1749 5149 1804 5194 et
1835 5143 2205 5211 magnitudine

2310 5066 2550 5133 πρίαντο.
2577 5066 2762 5119 Ταῦτα
2795 5070 2891 5135 μὲν
2920 5063 3012 5121 οὖν
3027 5068 3197 5132 οὕτως
3228 5072 3471 5142 ἔπραξαν
3487 5078 3534 5128 οἱ
3577 5076 3848 5147 Ῥωμαῖος

2308 5151 2365 5201 ἐν
2390 5151 2444 5202 δὲ
2462 5152 2536 5219 τῷ
2561 5153 2699 5221 πρὸς
2728 5154 2817 5206 τὸν
2838 5155 3048 5225 Περσέα
3079 5157 3297 5226 πολέμῳ
3327 5162 3493 5216 πολλὰ
3523 5166 3617 5218 καὶ
3648 5167 3851 5236 μεγάλα

665 5229 877 5295 ιιιιροτίί
916 5231 1254 5299 superiorem
1301 5228 1419 5284 fore
1446 5229 1690 5300 putabat.
1724 5231 1951 5285 Romani
1983 5249 2111 5288 vero
2140 5238 2200 5288 llS

2314 5241 2610 5311 ἠτύχησαν,
2643 5247 2738 5297 καὶ
2771 5248 3057 5317 πολλαχόθι
3105 5251 3334 5320 ἐπόνησε
3362 5256 3431 5307 τὰ
3480 5228 3680 5324 αἰτῶν,
3717 5228 3786 5313 κα
3823 5258 3850 5309 6

669 5316 895 5384 «agnitis
918 5357 930 5377 .
966 5320 1220 5374 Marcium
1262 5317 1568 5390 Philippum
1599 5337 1714 5375 cos.
1761 5321 1922 5394 457
1953 5325 2200 5381 celeriter

2313 5333 2551 5403 Περσεὺς
2575 5337 2674 5404 τῆς
2709 5316 2969 5407 Ἠπείρου
2992 5339 3084 5391 καὶ
3123 5341 3219 5410 τῆς
3257 5316 3571 5410 -Θεσσαλίας
3627 5316 3849 5418 κατέσχε

665 5407 1025 5475 ablegarent:
1061 5412 1301 5478 quicum
1340 5411 1394 5465 in
1427 5413 1763 5468 Thessaliam
1792 5417 1858 5489 μά
1903 5420 2203 5478 exercitum

2313 5422 2378 5474 τὰ
2414 5424 2650 5479 πλείονα.
2679 5428 2791 5496 Τήν
2825 5445 2883 5479 τε
2907 5429 3012 5497 γὰρ
3055 5429 3219 5502 ἀλλην
3248 5434 3474 5505 δύναμιν
3503 5438 3702 5509 πολλὴν
3735 5458 3849 5493 cov-

1795 5576 1991 5638 Varite
2036 5577 2334 5640 lectiones
2379 5587 2440 5641 et
2483 5591 2670 5645 notae.

738 5719 1155 5824 stfjhicfifhﬁao
1201 5723 1303 5778 τοῦ
1326 5727 1623 5782 Φιλίππου
1664 5730 2101 5798 κατεχομέναις.
2135 5730 2200 5787 δίε

2303 5748 2389 5790 ιεε.
2427 5735 2558 5808 Reg.
2584 5748 2642 5792 et
2695 5737 2934 5795 Colbert.
2985 5743 3052 5795 At
3082 5742 3306 5800 Wolﬁus
3340 5746 3593 5824 Περσέως
3630 5728 3844 5805 indubie

668 5787 954 5856 legendum
977 5789 1072 5846 ait.
