  <div class='ocr_page' id='page_1' title='image "/cluster/home/n/w/nwhite01/storage/ocr_20150623/134/pst.000005714506/403.png"; bbox 0 0 4002 6332; ppageno 0'>
   <div class='ocr_carea' id='block_1_1' title="bbox 663 445 764 511">
    <p class='ocr_par' dir='ltr' id='par_1_1' title="bbox 663 445 764 511">
     <span class='ocr_line' id='line_1_1' title="bbox 663 445 764 511; baseline 0 -1"><span class='ocrx_word' id='word_1_1' title='bbox 663 445 764 511; x_wconf 70' lang='lat'><strong>7&#39;31</strong></span> 
     </span>
    </p>
   </div>
   <div class='ocr_carea' id='block_1_2' title="bbox 1955 448 2639 512">
    <p class='ocr_par' dir='ltr' id='par_1_2' title="bbox 1955 448 2639 512">
     <span class='ocr_line' id='line_1_2' title="bbox 1955 448 2639 512; baseline 0.003 -2"><span class='ocrx_word' id='word_1_2' title='bbox 1955 448 2277 510; x_wconf 80' lang='lat' dir='ltr'><strong>JOANNIS</strong></span> <span class='ocrx_word' id='word_1_3' title='bbox 2317 450 2639 512; x_wconf 73' lang='grc' dir='ltr'><strong>ΖΟΝΑΠᾹΞ</strong></span> 
     </span>
    </p>
   </div>
   <div class='ocr_carea' id='block_1_3' title="bbox 3785 463 3885 520">
    <p class='ocr_par' dir='ltr' id='par_1_3' title="bbox 3785 463 3885 520">
     <span class='ocr_line' id='line_1_3' title="bbox 3785 463 3885 520; baseline 0.01 -2"><span class='ocrx_word' id='word_1_4' title='bbox 3785 463 3885 520; x_wconf 66' lang='lat'><strong>732</strong></span> 
     </span>
    </p>
   </div>
   <div class='ocr_carea' id='block_1_4' title="bbox 670 557 2217 637">
    <p class='ocr_par' dir='ltr' id='par_1_4' title="bbox 670 557 2217 631">
     <span class='ocr_line' id='line_1_4' title="bbox 670 557 2217 631; baseline -0.003 -14"><span class='ocrx_word' id='word_1_5' title='bbox 670 562 997 631; x_wconf 71' lang='lat' dir='ltr'><strong>prmscrtim,</strong></span> <span class='ocrx_word' id='word_1_6' title='bbox 1039 560 1395 629; x_wconf 81' lang='lat' dir='ltr'><strong>subegerunt.</strong></span> <span class='ocrx_word' id='word_1_7' title='bbox 1428 559 1493 616; x_wconf 87' lang='lat' dir='ltr'><strong>Ut</strong></span> <span class='ocrx_word' id='word_1_8' title='bbox 1519 574 1651 614; x_wconf 86' lang='lat' dir='ltr'><strong>vero</strong></span> <span class='ocrx_word' id='word_1_9' title='bbox 1690 558 1896 613; x_wconf 83' lang='lat' dir='ltr'><strong>Fabeas</strong></span> <span class='ocrx_word' id='word_1_10' title='bbox 1925 557 2217 627; x_wconf 76' lang='lat' dir='ltr'><strong>desperatis</strong></span> 
     </span>
    </p>
   </div>
   <div class='ocr_carea' id='block_1_5' title="bbox 2324 557 3883 637">
    <p class='ocr_par' dir='ltr' id='par_1_5' title="bbox 2330 558 3883 637">
     <span class='ocr_line' id='line_1_5' title="bbox 2330 558 3883 637; baseline 0.009 -27"><span class='ocrx_word' id='word_1_11' title='bbox 2330 558 2480 618; x_wconf 71' lang='grc' dir='ltr'>τινας</span> <span class='ocrx_word' id='word_1_12' title='bbox 2511 562 2605 613; x_wconf 77' lang='grc' dir='ltr'>καὶ</span> <span class='ocrx_word' id='word_1_13' title='bbox 2626 559 2807 631; x_wconf 86' lang='grc' dir='ltr'>χώρας</span> <span class='ocrx_word' id='word_1_14' title='bbox 2839 560 3044 631; x_wconf 82' lang='grc' dir='ltr'>ἔνειμε.</span> <span class='ocrx_word' id='word_1_15' title='bbox 3082 566 3192 617; x_wconf 74' lang='grc' dir='ltr'><strong>Καὶ</strong></span> <span class='ocrx_word' id='word_1_16' title='bbox 3222 566 3310 619; x_wconf 68' lang='grc' dir='ltr'>τὶν</span> <span class='ocrx_word' id='word_1_17' title='bbox 3340 567 3679 621; x_wconf 85' lang='grc' dir='ltr'>Γουλούσσαν</span> <span class='ocrx_word' id='word_1_18' title='bbox 3711 586 3883 637; x_wconf 75' lang='grc' dir='ltr'>παρα-</span> 
     </span>
    </p>
   </div>
   <div class='ocr_carea' id='block_1_6' title="bbox 596 646 2213 723">
    <p class='ocr_par' dir='ltr' id='par_1_6' title="bbox 596 646 2213 723">
     <span class='ocr_line' id='line_1_6' title="bbox 596 646 2213 723; baseline -0.005 -14"><span class='ocrx_word' id='word_1_19' title='bbox 596 712 599 715; x_wconf 26' lang='grc' dir='ltr'><strong>γ</strong></span> <span class='ocrx_word' id='word_1_20' title='bbox 657 650 1192 723; x_wconf 78' lang='lat' dir='ltr'><strong>Carthaginiensium</strong></span> <span class='ocrx_word' id='word_1_21' title='bbox 1224 649 1388 705; x_wconf 86' lang='lat' dir='ltr'><strong>rebus</strong></span> <span class='ocrx_word' id='word_1_22' title='bbox 1452 648 1521 704; x_wconf 89' lang='lat' dir='ltr'><strong>ad</strong></span> <span class='ocrx_word' id='word_1_23' title='bbox 1578 650 1854 703; x_wconf 80' lang='lat' dir='ltr'><strong>Romanos</strong></span> <span class='ocrx_word' id='word_1_24' title='bbox 1904 646 2213 711; x_wconf 82' lang='lat' dir='ltr'><strong>inclinans,</strong></span> 
     </span>
    </p>
   </div>
   <div class='ocr_carea' id='block_1_7' title="bbox 655 741 2219 812">
    <p class='ocr_par' dir='ltr' id='par_1_7' title="bbox 655 741 2219 812">
     <span class='ocr_line' id='line_1_7' title="bbox 655 741 2219 812; baseline -0.004 -15"><span class='ocrx_word' id='word_1_25' title='bbox 655 760 779 798; x_wconf 90' lang='lat' dir='ltr'><strong>cum</strong></span> <span class='ocrx_word' id='word_1_26' title='bbox 808 743 1073 812; x_wconf 84' lang='lat' dir='ltr'><strong>Scipione</strong></span> <span class='ocrx_word' id='word_1_27' title='bbox 1092 741 1397 797; x_wconf 88' lang='lat' dir='ltr'><strong>collocutus</strong></span> <span class='ocrx_word' id='word_1_28' title='bbox 1418 750 1503 796; x_wconf 86' lang='lat' dir='ltr'><strong>est</strong></span> <span class='ocrx_word' id='word_1_29' title='bbox 1539 756 1557 794; x_wconf 92' lang='lat'><strong><em>:</em></strong></span> <span class='ocrx_word' id='word_1_30' title='bbox 1588 749 1702 793; x_wconf 90' lang='lat' dir='ltr'><strong>tum</strong></span> <span class='ocrx_word' id='word_1_31' title='bbox 1730 752 1861 793; x_wconf 83' lang='lat' dir='ltr'><strong>vero</strong></span> <span class='ocrx_word' id='word_1_32' title='bbox 1903 752 2094 791; x_wconf 87' lang='lat' dir='ltr'><strong>omnes</strong></span> <span class='ocrx_word' id='word_1_33' title='bbox 2131 751 2219 790; x_wconf 90' lang='lat' dir='ltr'><strong>ar-</strong></span> 
     </span>
    </p>
   </div>
   <div class='ocr_carea' id='block_1_8' title="bbox 658 826 2220 899">
    <p class='ocr_par' dir='ltr' id='par_1_8' title="bbox 658 826 2220 899">
     <span class='ocr_line' id='line_1_8' title="bbox 658 826 2220 899; baseline -0.005 -11"><span class='ocrx_word' id='word_1_34' title='bbox 658 835 763 888; x_wconf 86' lang='lat' dir='ltr'><strong>mis</strong></span> <span class='ocrx_word' id='word_1_35' title='bbox 792 834 851 891; x_wconf 15' lang='lat' dir='ltr'><strong>in.</strong></span> <span class='ocrx_word' id='word_1_36' title='bbox 871 832 1235 888; x_wconf 83' lang='lat' dir='ltr'><strong>Asdrubalem</strong></span> <span class='ocrx_word' id='word_1_37' title='bbox 1264 832 1571 894; x_wconf 83' lang='lat' dir='ltr'><strong>conversis,</strong></span> <span class='ocrx_word' id='word_1_38' title='bbox 1605 845 1728 886; x_wconf 89' lang='lat' dir='ltr'><strong>cum</strong></span> <span class='ocrx_word' id='word_1_39' title='bbox 1759 844 1858 899; x_wconf 88' lang='lat' dir='ltr'><strong>per</strong></span> <span class='ocrx_word' id='word_1_40' title='bbox 1889 826 2009 883; x_wconf 87' lang='lat' dir='ltr'><strong>dies</strong></span> <span class='ocrx_word' id='word_1_41' title='bbox 2032 828 2220 898; x_wconf 82' lang='lat' dir='ltr'><strong>plures</strong></span> 
     </span>
    </p>
   </div>
   <div class='ocr_carea' id='block_1_9' title="bbox 652 916 2220 990">
    <p class='ocr_par' dir='ltr' id='par_1_9' title="bbox 652 916 2220 990">
     <span class='ocr_line' id='line_1_9' title="bbox 652 916 2220 990; baseline -0.004 -15"><span class='ocrx_word' id='word_1_42' title='bbox 652 919 935 975; x_wconf 72' lang='lat' dir='ltr'><strong>castellum</strong></span> <span class='ocrx_word' id='word_1_43' title='bbox 978 928 1403 990; x_wconf 81' lang='lat' dir='ltr'><strong>oppugnassent,</strong></span> <span class='ocrx_word' id='word_1_44' title='bbox 1428 928 1733 974; x_wconf 78' lang='lat' dir='ltr'><strong>commeatu</strong></span> <span class='ocrx_word' id='word_1_45' title='bbox 1769 918 2016 975; x_wconf 88' lang='lat' dir='ltr'><strong>destituti</strong></span> <span class='ocrx_word' id='word_1_46' title='bbox 2039 958 2053 980; x_wconf 87' lang='lat'><strong>,</strong></span> <span class='ocrx_word' id='word_1_47' title='bbox 2084 916 2220 971; x_wconf 89' lang='lat' dir='ltr'><strong>citra</strong></span> 
     </span>
    </p>
   </div>
   <div class='ocr_carea' id='block_1_10' title="bbox 653 1008 2218 1072">
    <p class='ocr_par' dir='ltr' id='par_1_10' title="bbox 653 1008 2218 1072">
     <span class='ocr_line' id='line_1_10' title="bbox 653 1008 2218 1072; baseline -0.001 -7"><span class='ocrx_word' id='word_1_48' title='bbox 653 1012 891 1067; x_wconf 84' lang='lat' dir='ltr'><strong>dedecus</strong></span> <span class='ocrx_word' id='word_1_49' title='bbox 905 1021 1274 1067; x_wconf 87' lang='lat' dir='ltr'><strong>recesserunt.</strong></span> <span class='ocrx_word' id='word_1_50' title='bbox 1296 1013 1431 1067; x_wconf 90' lang='lat' dir='ltr'><strong>Nam</strong></span> <span class='ocrx_word' id='word_1_51' title='bbox 1450 1012 1684 1066; x_wconf 81' lang='lat' dir='ltr'><strong>durante</strong></span> <span class='ocrx_word' id='word_1_52' title='bbox 1704 1010 1884 1065; x_wconf 87' lang='lat' dir='ltr'><strong>adhuc</strong></span> <span class='ocrx_word' id='word_1_53' title='bbox 1906 1008 2218 1072; x_wconf 87' lang='lat' dir='ltr'><strong>obsidione,</strong></span> 
     </span>
    </p>
   </div>
   <div class='ocr_carea' id='block_1_11' title="bbox 656 1102 2225 1173">
    <p class='ocr_par' dir='ltr' id='par_1_11' title="bbox 656 1102 2225 1173">
     <span class='ocr_line' id='line_1_11' title="bbox 656 1102 2225 1173; baseline -0.002 -17"><span class='ocrx_word' id='word_1_54' title='bbox 656 1102 862 1157; x_wconf 88' lang='lat' dir='ltr'><strong>Fabeas</strong></span> <span class='ocrx_word' id='word_1_55' title='bbox 881 1103 1136 1159; x_wconf 77' lang='lat' dir='ltr'><strong>hostilem</strong></span> <span class='ocrx_word' id='word_1_56' title='bbox 1161 1105 1213 1157; x_wconf 91' lang='lat' dir='ltr'><strong>in</strong></span> <span class='ocrx_word' id='word_1_57' title='bbox 1240 1103 1464 1159; x_wconf 91' lang='lat' dir='ltr'><strong>modum</strong></span> <span class='ocrx_word' id='word_1_58' title='bbox 1486 1118 1583 1158; x_wconf 90' lang='lat' dir='ltr'><strong>eos</strong></span> <span class='ocrx_word' id='word_1_59' title='bbox 1602 1118 1887 1173; x_wconf 78' lang='lat' dir='ltr'><strong>aggressus</strong></span> <span class='ocrx_word' id='word_1_60' title='bbox 1911 1103 1965 1155; x_wconf 91' lang='lat' dir='ltr'><strong>in</strong></span> <span class='ocrx_word' id='word_1_61' title='bbox 1990 1102 2105 1170; x_wconf 86' lang='lat' dir='ltr'><strong>ipsa</strong></span> <span class='ocrx_word' id='word_1_62' title='bbox 2126 1114 2225 1170; x_wconf 87' lang='lat' dir='ltr'><strong>pu-</strong></span> 
     </span>
    </p>
   </div>
   <div class='ocr_carea' id='block_1_12' title="bbox 654 1190 2224 1265">
    <p class='ocr_par' dir='ltr' id='par_1_12' title="bbox 654 1190 2224 1265">
     <span class='ocr_line' id='line_1_12' title="bbox 654 1190 2224 1265; baseline -0.002 -18"><span class='ocrx_word' id='word_1_63' title='bbox 654 1208 758 1261; x_wconf 88' lang='lat' dir='ltr'><strong>gna</strong></span> <span class='ocrx_word' id='word_1_64' title='bbox 779 1208 901 1248; x_wconf 89' lang='lat' dir='ltr'><strong>eum</strong></span> <span class='ocrx_word' id='word_1_65' title='bbox 925 1196 1131 1265; x_wconf 85' lang='lat' dir='ltr'><strong>aliquot</strong></span> <span class='ocrx_word' id='word_1_66' title='bbox 1156 1196 1437 1264; x_wconf 85' lang='lat' dir='ltr'><strong>equitibus</strong></span> <span class='ocrx_word' id='word_1_67' title='bbox 1456 1195 1522 1250; x_wconf 88' lang='lat' dir='ltr'><strong>ad</strong></span> <span class='ocrx_word' id='word_1_68' title='bbox 1542 1194 1817 1248; x_wconf 82' lang='lat' dir='ltr'><strong>Romanos</strong></span> <span class='ocrx_word' id='word_1_69' title='bbox 1835 1193 2071 1248; x_wconf 77' lang='lat' dir='ltr'><strong>transiit;</strong></span> <span class='ocrx_word' id='word_1_70' title='bbox 2092 1190 2224 1245; x_wconf 89' lang='lat' dir='ltr'><strong>Inde</strong></span> 
     </span>
    </p>
   </div>
   <div class='ocr_carea' id='block_1_13' title="bbox 657 1281 2222 1355">
    <p class='ocr_par' dir='ltr' id='par_1_13' title="bbox 657 1281 2222 1355">
     <span class='ocr_line' id='line_1_13' title="bbox 657 1281 2222 1355; baseline 0 -21"><span class='ocrx_word' id='word_1_71' title='bbox 657 1283 913 1339; x_wconf 75' lang='lat' dir='ltr'><strong>Manilius</strong></span> <span class='ocrx_word' id='word_1_72' title='bbox 957 1285 1168 1340; x_wconf 85' lang='lat' dir='ltr'><strong>Uticam</strong></span> <span class='ocrx_word' id='word_1_73' title='bbox 1198 1286 1479 1355; x_wconf 77' lang='lat' dir='ltr'><strong>profectus</strong></span> <span class='ocrx_word' id='word_1_74' title='bbox 1520 1286 1750 1355; x_wconf 87' lang='lat' dir='ltr'><strong>quievit.</strong></span> <span class='ocrx_word' id='word_1_75' title='bbox 1806 1283 1993 1352; x_wconf 81' lang='lat' dir='ltr'><strong>Scipio</strong></span> <span class='ocrx_word' id='word_1_76' title='bbox 2026 1281 2222 1336; x_wconf 84' lang='lat' dir='ltr'><strong>&#39;Fabea</strong></span> 
     </span>
    </p>
   </div>
   <div class='ocr_carea' id='block_1_14' title="bbox 653 1374 2223 1447">
    <p class='ocr_par' dir='ltr' id='par_1_14' title="bbox 653 1374 2223 1447">
     <span class='ocr_line' id='line_1_14' title="bbox 653 1374 2223 1447; baseline 0.001 -20"><span class='ocrx_word' id='word_1_77' title='bbox 653 1374 880 1433; x_wconf 80' lang='lat' dir='ltr'><strong>Romam</strong></span> <span class='ocrx_word' id='word_1_78' title='bbox 912 1376 1175 1447; x_wconf 85' lang='lat' dir='ltr'><strong>perducto</strong></span> <span class='ocrx_word' id='word_1_79' title='bbox 1216 1378 1471 1434; x_wconf 87' lang='lat' dir='ltr'><strong>laudatus</strong></span> <span class='ocrx_word' id='word_1_80' title='bbox 1492 1386 1575 1434; x_wconf 88' lang='lat' dir='ltr'><strong>est</strong></span> <span class='ocrx_word' id='word_1_81' title='bbox 1601 1395 1619 1432; x_wconf 89' lang='lat'><em>:</em></span> <span class='ocrx_word' id='word_1_82' title='bbox 1656 1387 1712 1432; x_wconf 85' lang='lat' dir='ltr'><strong>et</strong></span> <span class='ocrx_word' id='word_1_83' title='bbox 1740 1379 1785 1433; x_wconf 89' lang='lat' dir='ltr'><strong>is</strong></span> <span class='ocrx_word' id='word_1_84' title='bbox 1823 1378 1999 1431; x_wconf 86' lang='lat' dir='ltr'><strong>honos</strong></span> <span class='ocrx_word' id='word_1_85' title='bbox 2032 1375 2223 1430; x_wconf 77' lang='lat' dir='ltr'><strong>Fabeae</strong></span> 
     </span>
    </p>
   </div>
   <div class='ocr_carea' id='block_1_15' title="bbox 655 1465 2053 1535">
    <p class='ocr_par' dir='ltr' id='par_1_15' title="bbox 655 1465 2053 1535">
     <span class='ocr_line' id='line_1_15' title="bbox 655 1465 2053 1535; baseline 0 -18"><span class='ocrx_word' id='word_1_86' title='bbox 655 1465 892 1531; x_wconf 89' lang='lat' dir='ltr'><strong>habitus,</strong></span> <span class='ocrx_word' id='word_1_87' title='bbox 916 1479 973 1523; x_wconf 91' lang='lat' dir='ltr'><strong>ut</strong></span> <span class='ocrx_word' id='word_1_88' title='bbox 999 1469 1051 1523; x_wconf 87' lang='lat' dir='ltr'><strong>in</strong></span> <span class='ocrx_word' id='word_1_89' title='bbox 1082 1484 1400 1524; x_wconf 88' lang='lat' dir='ltr'><strong>consessum</strong></span> <span class='ocrx_word' id='word_1_90' title='bbox 1424 1484 1455 1522; x_wconf 87' lang='lat' dir='ltr'><strong>a</strong></span> <span class='ocrx_word' id='word_1_91' title='bbox 1473 1477 1665 1522; x_wconf 79' lang='lat' dir='ltr'><strong>senatu</strong></span> <span class='ocrx_word' id='word_1_92' title='bbox 1694 1467 2053 1535; x_wconf 86' lang='lat' dir='ltr'><strong>reciperetur.</strong></span> 
     </span>
    </p>
   </div>
   <div class='ocr_carea' id='block_1_16' title="bbox 2327 646 3884 727">
    <p class='ocr_par' dir='ltr' id='par_1_16' title="bbox 2327 646 3884 727">
     <span class='ocr_line' id='line_1_16' title="bbox 2327 646 3884 727; baseline 0.01 -30"><span class='ocrx_word' id='word_1_93' title='bbox 2327 646 2509 699; x_wconf 80' lang='grc' dir='ltr'>λαϐὼν</span> <span class='ocrx_word' id='word_1_94' title='bbox 2551 648 2688 717; x_wconf 72' lang='grc' dir='ltr'>πρὸς</span> <span class='ocrx_word' id='word_1_95' title='bbox 2731 652 2823 703; x_wconf 79' lang='grc' dir='ltr'><strong>τὸν</strong></span> <span class='ocrx_word' id='word_1_96' title='bbox 2846 648 3051 704; x_wconf 78' lang='grc' dir='ltr'>ὕπατον</span> <span class='ocrx_word' id='word_1_97' title='bbox 3073 654 3299 725; x_wconf 66' lang='grc' dir='ltr'>ᾗγαγεν.</span> <span class='ocrx_word' id='word_1_98' title='bbox 3346 656 3681 727; x_wconf 72' lang='grc' dir='ltr'>’Δρχομινου</span> <span class='ocrx_word' id='word_1_99' title='bbox 3708 659 3764 713; x_wconf 71' lang='grc' dir='ltr'>δὲ</span> <span class='ocrx_word' id='word_1_100' title='bbox 3795 662 3884 713; x_wconf 79' lang='grc' dir='ltr'>τοῦ</span> 
     </span>
    </p>
   </div>
   <div class='ocr_carea' id='block_1_17' title="bbox 2328 737 3887 828">
    <p class='ocr_par' dir='ltr' id='par_1_17' title="bbox 2328 737 3887 828">
     <span class='ocr_line' id='line_1_17' title="bbox 2328 737 3887 828; baseline 0.014 -38"><span class='ocrx_word' id='word_1_101' title='bbox 2328 737 2488 809; x_wconf 80' lang='grc' dir='ltr'><strong>ἔαρος</strong></span> <span class='ocrx_word' id='word_1_102' title='bbox 2524 741 2618 794; x_wconf 79' lang='grc' dir='ltr'>ἐπὶ</span> <span class='ocrx_word' id='word_1_103' title='bbox 2636 742 2761 806; x_wconf 73' lang='grc' dir='ltr'>τοὺς</span> <span class='ocrx_word' id='word_1_104' title='bbox 2789 744 2899 798; x_wconf 82' lang='grc' dir='ltr'><strong>τῶν</strong></span> <span class='ocrx_word' id='word_1_105' title='bbox 2933 746 3315 817; x_wconf 73' lang='grc' dir='ltr'><strong>Καρχηδονίων</strong></span> <span class='ocrx_word' id='word_1_106' title='bbox 3344 766 3668 826; x_wconf 78' lang='grc' dir='ltr'>συμμαχους</span> <span class='ocrx_word' id='word_1_107' title='bbox 3702 757 3887 828; x_wconf 79' lang='grc' dir='ltr'>ἐστρά-</span> 
     </span>
    </p>
   </div>
   <div class='ocr_carea' id='block_1_18' title="bbox 2329 832 3885 914">
    <p class='ocr_par' dir='ltr' id='par_1_18' title="bbox 2329 832 3885 914">
     <span class='ocr_line' id='line_1_18' title="bbox 2329 832 3885 914; baseline 0.011 -30"><span class='ocrx_word' id='word_1_108' title='bbox 2329 846 2545 894; x_wconf 82' lang='grc' dir='ltr'>τευσαν,</span> <span class='ocrx_word' id='word_1_109' title='bbox 2602 832 2696 886; x_wconf 80' lang='grc' dir='ltr'><strong>καὶ</strong></span> <span class='ocrx_word' id='word_1_110' title='bbox 2756 833 2984 898; x_wconf 78' lang='grc' dir='ltr'>πολλοὺς</span> <span class='ocrx_word' id='word_1_111' title='bbox 3021 836 3119 904; x_wconf 85' lang='grc' dir='ltr'>μὲν</span> <span class='ocrx_word' id='word_1_112' title='bbox 3164 840 3343 893; x_wconf 84' lang='grc' dir='ltr'>αὐτῶν</span> <span class='ocrx_word' id='word_1_113' title='bbox 3390 842 3500 914; x_wconf 78' lang='grc' dir='ltr'>βίᾳ,</span> <span class='ocrx_word' id='word_1_114' title='bbox 3558 845 3789 909; x_wconf 81' lang='grc' dir='ltr'>πολλοὺς</span> <span class='ocrx_word' id='word_1_115' title='bbox 3831 849 3885 900; x_wconf 72' lang='grc' dir='ltr'>δὲ</span> 
     </span>
    </p>
   </div>
   <div class='ocr_carea' id='block_1_19' title="bbox 2324 918 3883 1008">
    <p class='ocr_par' dir='ltr' id='par_1_19' title="bbox 2324 918 3883 1008">
     <span class='ocr_line' id='line_1_19' title="bbox 2324 918 3883 1008; baseline 0.014 -37"><span class='ocrx_word' id='word_1_116' title='bbox 2324 918 2605 987; x_wconf 68' lang='grc' dir='ltr'>ὁμολογία,</span> <span class='ocrx_word' id='word_1_117' title='bbox 2649 921 2743 973; x_wconf 84' lang='grc' dir='ltr'>καὶ</span> <span class='ocrx_word' id='word_1_118' title='bbox 2795 923 3029 991; x_wconf 85' lang='grc' dir='ltr'>μάλιστα</span> <span class='ocrx_word' id='word_1_119' title='bbox 3067 929 3094 980; x_wconf 81' lang='grc' dir='ltr'><strong>ὁ</strong></span> <span class='ocrx_word' id='word_1_120' title='bbox 3135 928 3394 996; x_wconf 80' lang='grc' dir='ltr'><strong>Σκιπίων,</strong></span> <span class='ocrx_word' id='word_1_121' title='bbox 3448 938 3883 1008; x_wconf 85' lang='grc' dir='ltr'>παρεστήσαντο.</span> 
     </span>
    </p>
   </div>
   <div class='ocr_carea' id='block_1_20' title="bbox 2337 1008 3886 1098">
    <p class='ocr_par' dir='ltr' id='par_1_20' title="bbox 2337 1008 3886 1098">
     <span class='ocr_line' id='line_1_20' title="bbox 2337 1008 3886 1098; baseline 0.013 -37"><span class='ocrx_word' id='word_1_122' title='bbox 2337 1008 2427 1073; x_wconf 82' lang='grc' dir='ltr'>Ὠς</span> <span class='ocrx_word' id='word_1_123' title='bbox 2458 1010 2515 1063; x_wconf 65' lang='grc' dir='ltr'>δὲ</span> <span class='ocrx_word' id='word_1_124' title='bbox 2549 1010 2759 1076; x_wconf 75' lang='grc' dir='ltr'>Φαόέας</span> <span class='ocrx_word' id='word_1_125' title='bbox 2788 1016 3058 1083; x_wconf 82' lang='grc' dir='ltr'>ἀπογνοὺς</span> <span class='ocrx_word' id='word_1_126' title='bbox 3086 1020 3154 1072; x_wconf 79' lang='grc' dir='ltr'>τὰ</span> <span class='ocrx_word' id='word_1_127' title='bbox 3195 1023 3304 1073; x_wconf 87' lang='grc' dir='ltr'>τῶν</span> <span class='ocrx_word' id='word_1_128' title='bbox 3333 1025 3720 1095; x_wconf 77' lang='grc' dir='ltr'><strong>Καρχηδονίων</strong></span> <span class='ocrx_word' id='word_1_129' title='bbox 3759 1030 3886 1098; x_wconf 66' lang='grc' dir='ltr'>πρδς</span> 
     </span>
    </p>
   </div>
   <div class='ocr_carea' id='block_1_21' title="bbox 2326 1101 3887 1187">
    <p class='ocr_par' dir='ltr' id='par_1_21' title="bbox 2326 1101 3887 1187">
     <span class='ocr_line' id='line_1_21' title="bbox 2326 1101 3887 1187; baseline 0.013 -35"><span class='ocrx_word' id='word_1_130' title='bbox 2326 1101 2453 1162; x_wconf 75' lang='grc' dir='ltr'>τοὺς</span> <span class='ocrx_word' id='word_1_131' title='bbox 2492 1101 2797 1172; x_wconf 83' lang='grc' dir='ltr'>Ῥωμαίους</span> <span class='ocrx_word' id='word_1_132' title='bbox 2842 1106 3125 1175; x_wconf 76' lang='grc' dir='ltr'>ἀπέκλινε,</span> <span class='ocrx_word' id='word_1_133' title='bbox 3170 1113 3265 1167; x_wconf 70' lang='grc' dir='ltr'>καὶ</span> <span class='ocrx_word' id='word_1_134' title='bbox 3305 1115 3383 1178; x_wconf 87' lang='grc' dir='ltr'>εἰς</span> <span class='ocrx_word' id='word_1_135' title='bbox 3418 1116 3607 1182; x_wconf 86' lang='grc' dir='ltr'>λόγους</span> <span class='ocrx_word' id='word_1_136' title='bbox 3641 1109 3719 1187; x_wconf 70' lang='grc' dir='ltr'>τῷ</span> <span class='ocrx_word' id='word_1_137' title='bbox 3764 1120 3887 1172; x_wconf 84' lang='grc' dir='ltr'>Σκι-</span> 
     </span>
    </p>
   </div>
   <div class='ocr_carea' id='block_1_22' title="bbox 2329 1190 3887 1277">
    <p class='ocr_par' dir='ltr' id='par_1_22' title="bbox 2329 1190 3887 1277">
     <span class='ocr_line' id='line_1_22' title="bbox 2329 1190 3887 1277; baseline 0.013 -33"><span class='ocrx_word' id='word_1_138' title='bbox 2329 1192 2492 1246; x_wconf 83' lang='grc' dir='ltr'>πίωνι</span> <span class='ocrx_word' id='word_1_139' title='bbox 2525 1190 2652 1263; x_wconf 74' lang='grc' dir='ltr'>ἦ).οε</span> <span class='ocrx_word' id='word_1_140' title='bbox 2684 1213 2699 1228; x_wconf 79' lang='grc' dir='ltr'><strong><em>ο</em></strong></span> <span class='ocrx_word' id='word_1_141' title='bbox 2730 1197 2851 1249; x_wconf 82' lang='grc' dir='ltr'>τότε</span> <span class='ocrx_word' id='word_1_142' title='bbox 2881 1200 2975 1251; x_wconf 76' lang='grc' dir='ltr'><strong>καὶ</strong></span> <span class='ocrx_word' id='word_1_143' title='bbox 3019 1202 3111 1255; x_wconf 72' lang='grc' dir='ltr'>ἐπὶ</span> <span class='ocrx_word' id='word_1_144' title='bbox 3154 1205 3245 1256; x_wconf 77' lang='grc' dir='ltr'>τὸν</span> <span class='ocrx_word' id='word_1_145' title='bbox 3299 1206 3631 1277; x_wconf 79' lang='grc' dir='ltr'>Ἀσδρούϐαν</span> <span class='ocrx_word' id='word_1_146' title='bbox 3658 1211 3887 1273; x_wconf 73' lang='grc' dir='ltr'>ἅπαντες</span> 
     </span>
    </p>
   </div>
   <div class='ocr_carea' id='block_1_23' title="bbox 2330 1281 3887 1371">
    <p class='ocr_par' dir='ltr' id='par_1_23' title="bbox 2330 1281 3887 1371">
     <span class='ocr_line' id='line_1_23' title="bbox 2330 1281 3887 1371; baseline 0.014 -38"><span class='ocrx_word' id='word_1_147' title='bbox 2330 1281 2617 1353; x_wconf 83' lang='grc' dir='ltr'>ὥρμησαν,</span> <span class='ocrx_word' id='word_1_148' title='bbox 2654 1288 2748 1339; x_wconf 71' lang='grc' dir='ltr'><strong>καὶ</strong></span> <span class='ocrx_word' id='word_1_149' title='bbox 2778 1292 3117 1361; x_wconf 77' lang='grc' dir='ltr'>προσέμιξαν</span> <span class='ocrx_word' id='word_1_150' title='bbox 3154 1296 3253 1364; x_wconf 83' lang='grc' dir='ltr'>μὲν</span> <span class='ocrx_word' id='word_1_151' title='bbox 3284 1297 3360 1367; x_wconf 84' lang='grc' dir='ltr'>τῷ</span> <span class='ocrx_word' id='word_1_152' title='bbox 3388 1300 3633 1371; x_wconf 76' lang='grc' dir='ltr'><strong>φρουρίῳ</strong></span> <span class='ocrx_word' id='word_1_153' title='bbox 3676 1306 3887 1370; x_wconf 63' lang='grc' dir='ltr'>συχναῖς</span> 
     </span>
    </p>
   </div>
   <div class='ocr_carea' id='block_1_24' title="bbox 2328 1373 3888 1460">
    <p class='ocr_par' dir='ltr' id='par_1_24' title="bbox 2328 1373 3888 1460">
     <span class='ocr_line' id='line_1_24' title="bbox 2328 1373 3888 1460; baseline 0.014 -36"><span class='ocrx_word' id='word_1_154' title='bbox 2328 1373 2564 1442; x_wconf 82' lang='grc' dir='ltr'>ήμέραις</span> <span class='ocrx_word' id='word_1_155' title='bbox 2595 1392 2608 1407; x_wconf 87' lang='grc'><strong>·</strong></span> <span class='ocrx_word' id='word_1_156' title='bbox 2655 1379 3018 1436; x_wconf 77' lang='grc' dir='ltr'><strong>ἐπιλιπόντων</strong></span> <span class='ocrx_word' id='word_1_157' title='bbox 3058 1385 3113 1437; x_wconf 83' lang='grc' dir='ltr'>δὲ</span> <span class='ocrx_word' id='word_1_158' title='bbox 3164 1386 3358 1451; x_wconf 80' lang='grc' dir='ltr'>αὐτοὺς</span> <span class='ocrx_word' id='word_1_159' title='bbox 3389 1390 3548 1454; x_wconf 74' lang='grc' dir='ltr'>αὖθις</span> <span class='ocrx_word' id='word_1_160' title='bbox 3594 1393 3888 1460; x_wconf 75' lang='grc' dir='ltr'>τῶνάναγ-</span> 
     </span>
    </p>
   </div>
   <div class='ocr_carea' id='block_1_25' title="bbox 2330 1465 3888 1555">
    <p class='ocr_par' dir='ltr' id='par_1_25' title="bbox 2330 1465 3888 1555">
     <span class='ocr_line' id='line_1_25' title="bbox 2330 1465 3888 1555; baseline 0.015 -40"><span class='ocrx_word' id='word_1_161' title='bbox 2330 1465 2500 1518; x_wconf 90' lang='grc' dir='ltr'>καίων</span> <span class='ocrx_word' id='word_1_162' title='bbox 2523 1469 2875 1539; x_wconf 78' lang='grc' dir='ltr'>ἀνεχώρησαν</span> <span class='ocrx_word' id='word_1_163' title='bbox 2898 1474 3209 1545; x_wconf 82' lang='grc' dir='ltr'>εὐπρεπῶς.</span> <span class='ocrx_word' id='word_1_164' title='bbox 3243 1481 3554 1550; x_wconf 79' lang='grc' dir='ltr'>Προσέσαλε</span> <span class='ocrx_word' id='word_1_165' title='bbox 3580 1486 3692 1555; x_wconf 70' lang='grc' dir='ltr'><strong>γὰρ</strong></span> <span class='ocrx_word' id='word_1_166' title='bbox 3717 1486 3888 1548; x_wconf 73' lang='grc' dir='ltr'>αὐτοῖς</span> 
     </span>
    </p>
   </div>
   <div class='ocr_carea' id='block_1_26' title="bbox 650 1551 3888 1643">
    <p class='ocr_par' dir='ltr' id='par_1_26' title="bbox 650 1551 3888 1643">
     <span class='ocr_line' id='line_1_26' title="bbox 650 1551 3888 1643; baseline 0.004 -35"><span class='ocrx_word' id='word_1_167' title='bbox 650 1558 680 1608; x_wconf 78' lang='grc' dir='ltr'><strong>’ὁ</strong></span> <span class='ocrx_word' id='word_1_168' title='bbox 709 1559 916 1625; x_wconf 77' lang='grc' dir='ltr'>Φαύὲας</span> <span class='ocrx_word' id='word_1_169' title='bbox 949 1561 1402 1631; x_wconf 81' lang='grc' dir='ltr'>προσεδρεύουσιν</span> <span class='ocrx_word' id='word_1_170' title='bbox 1436 1561 1515 1613; x_wconf 84' lang='grc' dir='ltr'>ἔτι</span> <span class='ocrx_word' id='word_1_171' title='bbox 1557 1561 1634 1623; x_wconf 87' lang='grc' dir='ltr'><strong>ώς</strong></span> <span class='ocrx_word' id='word_1_172' title='bbox 1681 1551 2030 1625; x_wconf 78' lang='grc' dir='ltr'>πολεμήσων,</span> <span class='ocrx_word' id='word_1_173' title='bbox 2081 1557 2175 1610; x_wconf 63' lang='grc' dir='ltr'><strong>καὶ¹</strong></span> <span class='ocrx_word' id='word_1_174' title='bbox 2240 1555 2267 1606; x_wconf 77' lang='grc' dir='ltr'><strong>ὲ</strong></span> <span class='ocrx_word' id='word_1_175' title='bbox 2336 1555 2415 1624; x_wconf 78' lang='grc' dir='ltr'>τῷ</span> <span class='ocrx_word' id='word_1_176' title='bbox 2446 1558 2592 1631; x_wconf 81' lang='grc' dir='ltr'><strong>ἔργῳ</strong></span> <span class='ocrx_word' id='word_1_177' title='bbox 2615 1565 2733 1630; x_wconf 76' lang='grc' dir='ltr'>μεθ’</span> <span class='ocrx_word' id='word_1_178' title='bbox 2762 1566 2973 1618; x_wconf 80' lang='grc' dir='ltr'>ἱππέων</span> <span class='ocrx_word' id='word_1_179' title='bbox 3004 1569 3167 1620; x_wconf 79' lang='grc' dir='ltr'>τινῶν</span> <span class='ocrx_word' id='word_1_180' title='bbox 3192 1571 3551 1643; x_wconf 75' lang='grc' dir='ltr'>ηὐτομόλησε.</span> <span class='ocrx_word' id='word_1_181' title='bbox 3588 1551 3888 1629; x_wconf 57' lang='grc' dir='ltr'>Κάντεῦοεν</span> 
     </span>
    </p>
   </div>
   <div class='ocr_carea' id='block_1_27' title="bbox 590 1648 3889 1737">
    <p class='ocr_par' dir='ltr' id='par_1_27' title="bbox 590 1648 3889 1737">
     <span class='ocr_line' id='line_1_27' title="bbox 590 1648 3889 1737; baseline 0.004 -32"><span class='ocrx_word' id='word_1_182' title='bbox 590 1656 593 1660; x_wconf 66' lang='grc'><strong>“</strong></span> <span class='ocrx_word' id='word_1_183' title='bbox 656 1651 919 1715; x_wconf 82' lang='grc' dir='ltr'>Μανίλιος</span> <span class='ocrx_word' id='word_1_184' title='bbox 963 1654 1062 1720; x_wconf 78' lang='grc' dir='ltr'>μὲν</span> <span class='ocrx_word' id='word_1_185' title='bbox 1093 1654 1170 1714; x_wconf 76' lang='grc' dir='ltr'><strong>είς</strong></span> <span class='ocrx_word' id='word_1_186' title='bbox 1200 1656 1296 1721; x_wconf 69' lang='grc' dir='ltr'>τὴν</span> <span class='ocrx_word' id='word_1_187' title='bbox 1339 1653 1574 1721; x_wconf 80' lang='grc' dir='ltr'>Οὐτικὴν</span> <span class='ocrx_word' id='word_1_188' title='bbox 1608 1651 1777 1706; x_wconf 79' lang='grc' dir='ltr'>ἐλθὼν</span> <span class='ocrx_word' id='word_1_189' title='bbox 1802 1648 2063 1722; x_wconf 74' lang='grc' dir='ltr'>ἡσύχαζε,</span> <span class='ocrx_word' id='word_1_190' title='bbox 2104 1648 2347 1701; x_wconf 80' lang='grc' dir='ltr'>Σκιπίων</span> <span class='ocrx_word' id='word_1_191' title='bbox 2374 1649 2439 1733; x_wconf 78' lang='grc' dir='ltr'>δὲ</span> <span class='ocrx_word' id='word_1_192' title='bbox 2475 1652 2567 1704; x_wconf 85' lang='grc' dir='ltr'><strong>τὸν</strong></span> <span class='ocrx_word' id='word_1_193' title='bbox 2629 1653 2842 1707; x_wconf 75' lang='grc' dir='ltr'>Φαϐέαν</span> <span class='ocrx_word' id='word_1_194' title='bbox 2904 1658 2983 1719; x_wconf 88' lang='grc' dir='ltr'><strong>είς</strong></span> <span class='ocrx_word' id='word_1_195' title='bbox 3030 1661 3128 1729; x_wconf 80' lang='grc' dir='ltr'><strong>τήν</strong></span> <span class='ocrx_word' id='word_1_196' title='bbox 3186 1660 3404 1733; x_wconf 81' lang='grc' dir='ltr'>Ῥώμην</span> <span class='ocrx_word' id='word_1_197' title='bbox 3453 1667 3700 1737; x_wconf 80' lang='grc' dir='ltr'>ἀνήγαγε</span> <span class='ocrx_word' id='word_1_198' title='bbox 3726 1707 3741 1728; x_wconf 94' lang='grc'><strong>,</strong></span> <span class='ocrx_word' id='word_1_199' title='bbox 3806 1670 3889 1722; x_wconf 74' lang='grc' dir='ltr'>καὶ</span> 
     </span>
    </p>
   </div>
   <div class='ocr_carea' id='block_1_28' title="bbox 654 1741 3641 1829">
    <p class='ocr_par' dir='ltr' id='par_1_28' title="bbox 654 1741 3641 1829">
     <span class='ocr_line' id='line_1_28' title="bbox 654 1741 3641 1829; baseline 0.005 -35"><span class='ocrx_word' id='word_1_200' title='bbox 654 1742 818 1806; x_wconf 83' lang='grc' dir='ltr'>αὑτός</span> <span class='ocrx_word' id='word_1_201' title='bbox 851 1760 906 1797; x_wconf 87' lang='grc' dir='ltr'><strong>τε</strong></span> <span class='ocrx_word' id='word_1_202' title='bbox 940 1747 1194 1815; x_wconf 74' lang='grc' dir='ltr'><strong>ἐπῃνεῖτο</strong></span> <span class='ocrx_word' id='word_1_203' title='bbox 1224 1746 1319 1797; x_wconf 74' lang='grc' dir='ltr'><strong>καὶ</strong></span> <span class='ocrx_word' id='word_1_204' title='bbox 1352 1746 1379 1798; x_wconf 82' lang='grc' dir='ltr'>ὁ</span> <span class='ocrx_word' id='word_1_205' title='bbox 1408 1746 1619 1808; x_wconf 77' lang='grc' dir='ltr'>Φαϐἐας</span> <span class='ocrx_word' id='word_1_206' title='bbox 1639 1748 1917 1815; x_wconf 88' lang='grc' dir='ltr'>τετίμητο,</span> <span class='ocrx_word' id='word_1_207' title='bbox 1964 1744 2104 1797; x_wconf 85' lang='grc' dir='ltr'>ὥστε</span> <span class='ocrx_word' id='word_1_208' title='bbox 2142 1742 2231 1795; x_wconf 77' lang='grc' dir='ltr'><strong>καὶ</strong></span> <span class='ocrx_word' id='word_1_209' title='bbox 2265 1742 2321 1792; x_wconf 82' lang='grc' dir='ltr'>ὲν</span> <span class='ocrx_word' id='word_1_210' title='bbox 2347 1741 2424 1813; x_wconf 81' lang='grc' dir='ltr'>τῷ</span> <span class='ocrx_word' id='word_1_211' title='bbox 2455 1743 2822 1818; x_wconf 82' lang='grc' dir='ltr'>βουλευτηρίῳ</span> <span class='ocrx_word' id='word_1_212' title='bbox 2860 1751 3234 1822; x_wconf 79' lang='grc' dir='ltr'>συγκαθῆσθαι</span> <span class='ocrx_word' id='word_1_213' title='bbox 3260 1760 3327 1827; x_wconf 80' lang='grc' dir='ltr'>τῇ</span> <span class='ocrx_word' id='word_1_214' title='bbox 3362 1760 3641 1829; x_wconf 82' lang='grc' dir='ltr'>γερουσίᾳ.</span> 
     </span>
    </p>
   </div>
   <div class='ocr_carea' id='block_1_29' title="bbox 723 1837 2223 1905">
    <p class='ocr_par' dir='ltr' id='par_1_29' title="bbox 723 1837 2223 1905">
     <span class='ocr_line' id='line_1_29' title="bbox 723 1837 2223 1905; baseline -0.005 -11"><span class='ocrx_word' id='word_1_215' title='bbox 723 1837 959 1894; x_wconf 78' lang='lat' dir='ltr'><strong>XXVI&quot;.</strong></span> <span class='ocrx_word' id='word_1_216' title='bbox 1000 1840 1135 1893; x_wconf 89' lang='lat' dir='ltr'><strong>Tum</strong></span> <span class='ocrx_word' id='word_1_217' title='bbox 1174 1840 1393 1893; x_wconf 84' lang='lat' dir='ltr'><strong>Prusias</strong></span> <span class='ocrx_word' id='word_1_218' title='bbox 1421 1880 1435 1900; x_wconf 81' lang='lat'><strong>,</strong></span> <span class='ocrx_word' id='word_1_219' title='bbox 1486 1840 1651 1893; x_wconf 90' lang='lat' dir='ltr'><strong>homo</strong></span> <span class='ocrx_word' id='word_1_220' title='bbox 1700 1854 1865 1893; x_wconf 79' lang='lat' dir='ltr'><strong>senex</strong></span> <span class='ocrx_word' id='word_1_221' title='bbox 1914 1846 1971 1891; x_wconf 86' lang='lat' dir='ltr'><strong>et</strong></span> <span class='ocrx_word' id='word_1_222' title='bbox 2014 1837 2223 1905; x_wconf 80' lang='lat' dir='ltr'><strong>asperis</strong></span> 
     </span>
    </p>
   </div>
   <div class='ocr_carea' id='block_1_30' title="bbox 655 1929 2217 2002">
    <p class='ocr_par' dir='ltr' id='par_1_30' title="bbox 655 1929 2217 2002">
     <span class='ocr_line' id='line_1_30' title="bbox 655 1929 2217 2002; baseline -0.004 -15"><span class='ocrx_word' id='word_1_223' title='bbox 655 1931 919 1996; x_wconf 89' lang='lat' dir='ltr'><strong>moribus,</strong></span> <span class='ocrx_word' id='word_1_224' title='bbox 970 1932 1178 1985; x_wconf 81' lang='lat' dir='ltr'><strong>veritus</strong></span> <span class='ocrx_word' id='word_1_225' title='bbox 1229 1947 1295 1985; x_wconf 89' lang='lat' dir='ltr'><strong>ne</strong></span> <span class='ocrx_word' id='word_1_226' title='bbox 1328 1931 1544 2001; x_wconf 77' lang='lat' dir='ltr'><strong>Bithyni</strong></span> <span class='ocrx_word' id='word_1_227' title='bbox 1580 1946 1639 1986; x_wconf 88' lang='lat' dir='ltr'><strong>se</strong></span> <span class='ocrx_word' id='word_1_228' title='bbox 1662 1932 1837 2002; x_wconf 89' lang='lat' dir='ltr'><strong>ejeeto</strong></span> <span class='ocrx_word' id='word_1_229' title='bbox 1870 1929 2217 1984; x_wconf 87' lang='lat' dir='ltr'><strong>Nicomedem</strong></span> 
     </span>
    </p>
   </div>
   <div class='ocr_carea' id='block_1_31' title="bbox 656 2023 2219 2096">
    <p class='ocr_par' dir='ltr' id='par_1_31' title="bbox 656 2023 2219 2096">
     <span class='ocr_line' id='line_1_31' title="bbox 656 2023 2219 2096; baseline -0.003 -17"><span class='ocrx_word' id='word_1_230' title='bbox 656 2027 823 2083; x_wconf 80' lang='lat' dir='ltr'><strong>filium</strong></span> <span class='ocrx_word' id='word_1_231' title='bbox 859 2039 1037 2096; x_wconf 87' lang='lat' dir='ltr'><strong>regem</strong></span> <span class='ocrx_word' id='word_1_232' title='bbox 1074 2032 1325 2079; x_wconf 80' lang='lat' dir='ltr'><strong>crearent</strong></span> <span class='ocrx_word' id='word_1_233' title='bbox 1352 2063 1365 2086; x_wconf 92' lang='lat'><strong>,</strong></span> <span class='ocrx_word' id='word_1_234' title='bbox 1402 2041 1526 2079; x_wconf 91' lang='lat' dir='ltr'><strong>eum</strong></span> <span class='ocrx_word' id='word_1_235' title='bbox 1552 2039 1649 2095; x_wconf 88' lang='lat' dir='ltr'><strong>per</strong></span> <span class='ocrx_word' id='word_1_236' title='bbox 1677 2039 1897 2079; x_wconf 88' lang='lat' dir='ltr'><strong>causam</strong></span> <span class='ocrx_word' id='word_1_237' title='bbox 1929 2023 2219 2092; x_wconf 85' lang='lat' dir='ltr'><strong>quamdam</strong></span> 
     </span>
    </p>
   </div>
   <div class='ocr_carea' id='block_1_32' title="bbox 655 2114 2219 2187">
    <p class='ocr_par' dir='ltr' id='par_1_32' title="bbox 655 2114 2219 2187">
     <span class='ocr_line' id='line_1_32' title="bbox 655 2114 2219 2187; baseline -0.004 -15"><span class='ocrx_word' id='word_1_238' title='bbox 655 2119 880 2174; x_wconf 82' lang='lat' dir='ltr'><strong>Romam</strong></span> <span class='ocrx_word' id='word_1_239' title='bbox 912 2117 1162 2179; x_wconf 87' lang='lat' dir='ltr'><strong>missum,</strong></span> <span class='ocrx_word' id='word_1_240' title='bbox 1204 2116 1279 2170; x_wconf 91' lang='lat' dir='ltr'><strong>ibi</strong></span> <span class='ocrx_word' id='word_1_241' title='bbox 1316 2116 1517 2186; x_wconf 77' lang='lat' dir='ltr'><strong>degere</strong></span> <span class='ocrx_word' id='word_1_242' title='bbox 1546 2115 1731 2187; x_wconf 87' lang='lat' dir='ltr'><strong>jussit.</strong></span> <span class='ocrx_word' id='word_1_243' title='bbox 1760 2114 1865 2169; x_wconf 85' lang='lat' dir='ltr'><strong>Sed</strong></span> <span class='ocrx_word' id='word_1_244' title='bbox 1896 2130 2020 2169; x_wconf 91' lang='lat' dir='ltr'><strong>cum</strong></span> <span class='ocrx_word' id='word_1_245' title='bbox 2054 2114 2219 2169; x_wconf 85' lang='lat' dir='ltr'><strong>etiam</strong></span> 
     </span>
    </p>
   </div>
   <div class='ocr_carea' id='block_1_33' title="bbox 656 2204 2218 2279">
    <p class='ocr_par' dir='ltr' id='par_1_33' title="bbox 656 2204 2218 2279">
     <span class='ocr_line' id='line_1_33' title="bbox 656 2204 2218 2279; baseline -0.004 -14"><span class='ocrx_word' id='word_1_246' title='bbox 656 2209 838 2265; x_wconf 77' lang='lat' dir='ltr'><strong>Rome</strong></span> <span class='ocrx_word' id='word_1_247' title='bbox 860 2216 1107 2279; x_wconf 82' lang='lat' dir='ltr'><strong>agentem</strong></span> <span class='ocrx_word' id='word_1_248' title='bbox 1137 2222 1235 2277; x_wconf 88' lang='lat' dir='ltr'><strong>per</strong></span> <span class='ocrx_word' id='word_1_249' title='bbox 1262 2206 1490 2261; x_wconf 89' lang='lat' dir='ltr'><strong>insidias</strong></span> <span class='ocrx_word' id='word_1_250' title='bbox 1510 2204 1750 2260; x_wconf 87' lang='lat' dir='ltr'><strong>occisum</strong></span> <span class='ocrx_word' id='word_1_251' title='bbox 1778 2205 1970 2259; x_wconf 83' lang='lat' dir='ltr'><strong>vellet:</strong></span> <span class='ocrx_word' id='word_1_252' title='bbox 2003 2205 2218 2276; x_wconf 74' lang='lat' dir='ltr'><strong>Bithyni</strong></span> 
     </span>
    </p>
   </div>
   <div class='ocr_carea' id='block_1_34' title="bbox 654 2296 2219 2370">
    <p class='ocr_par' dir='ltr' id='par_1_34' title="bbox 654 2296 2219 2370">
     <span class='ocr_line' id='line_1_34' title="bbox 654 2296 2219 2370; baseline -0.003 -16"><span class='ocrx_word' id='word_1_253' title='bbox 654 2300 877 2370; x_wconf 86' lang='lat' dir='ltr'><strong>quidam</strong></span> <span class='ocrx_word' id='word_1_254' title='bbox 908 2302 1252 2358; x_wconf 82' lang='lat' dir='ltr'><strong>Nicomedem</strong></span> <span class='ocrx_word' id='word_1_255' title='bbox 1279 2301 1417 2355; x_wconf 82' lang='lat' dir='ltr'><strong>clam</strong></span> <span class='ocrx_word' id='word_1_256' title='bbox 1448 2299 1504 2352; x_wconf 93' lang='lat' dir='ltr'><strong>in</strong></span> <span class='ocrx_word' id='word_1_257' title='bbox 1529 2296 1838 2367; x_wconf 84' lang='lat' dir='ltr'><strong>Bithyniam</strong></span> <span class='ocrx_word' id='word_1_258' title='bbox 1870 2296 2219 2366; x_wconf 88' lang='lat' dir='ltr'><strong>perductum,</strong></span> 
     </span>
    </p>
   </div>
   <div class='ocr_carea' id='block_1_35' title="bbox 654 2389 2222 2465">
    <p class='ocr_par' dir='ltr' id='par_1_35' title="bbox 654 2389 2222 2465">
     <span class='ocr_line' id='line_1_35' title="bbox 654 2389 2222 2465; baseline -0.004 -17"><span class='ocrx_word' id='word_1_259' title='bbox 654 2407 784 2448; x_wconf 83' lang='lat' dir='ltr'><strong>sene</strong></span> <span class='ocrx_word' id='word_1_260' title='bbox 811 2394 1017 2457; x_wconf 86' lang='lat' dir='ltr'><strong>occiso,</strong></span> <span class='ocrx_word' id='word_1_261' title='bbox 1040 2408 1223 2465; x_wconf 89' lang='lat' dir='ltr'><strong>regem</strong></span> <span class='ocrx_word' id='word_1_262' title='bbox 1251 2393 1528 2447; x_wconf 79' lang='lat' dir='ltr'><strong>dixerunt.</strong></span> <span class='ocrx_word' id='word_1_263' title='bbox 1558 2389 1682 2443; x_wconf 77' lang='lat' dir='ltr'><strong>Hzec</strong></span> <span class='ocrx_word' id='word_1_264' title='bbox 1704 2389 2001 2454; x_wconf 84' lang='lat' dir='ltr'><strong>Romanos,</strong></span> <span class='ocrx_word' id='word_1_265' title='bbox 2030 2403 2222 2457; x_wconf 86' lang='lat' dir='ltr'><strong>quam-</strong></span> 
     </span>
    </p>
   </div>
   <div class='ocr_carea' id='block_1_36' title="bbox 654 2480 2221 2547">
    <p class='ocr_par' dir='ltr' id='par_1_36' title="bbox 654 2480 2221 2547">
     <span class='ocr_line' id='line_1_36' title="bbox 654 2480 2221 2547; baseline -0.001 -12"><span class='ocrx_word' id='word_1_266' title='bbox 654 2484 737 2539; x_wconf 83' lang='lat' dir='ltr'><strong>vis</strong></span> <span class='ocrx_word' id='word_1_267' title='bbox 757 2485 1004 2547; x_wconf 87' lang='lat' dir='ltr'><strong>molesta.</strong></span> <span class='ocrx_word' id='word_1_268' title='bbox 1034 2501 1141 2539; x_wconf 90' lang='lat' dir='ltr'><strong>non</strong></span> <span class='ocrx_word' id='word_1_269' title='bbox 1173 2494 1353 2538; x_wconf 85' lang='lat' dir='ltr'><strong>tamen</strong></span> <span class='ocrx_word' id='word_1_270' title='bbox 1376 2482 1442 2538; x_wconf 88' lang='lat' dir='ltr'><strong>ad</strong></span> <span class='ocrx_word' id='word_1_271' title='bbox 1466 2482 1668 2537; x_wconf 90' lang='lat' dir='ltr'><strong>bellum</strong></span> <span class='ocrx_word' id='word_1_272' title='bbox 1702 2480 2043 2535; x_wconf 75' lang='lat' dir='ltr'><strong>inferendum</strong></span> <span class='ocrx_word' id='word_1_273' title='bbox 2072 2496 2221 2537; x_wconf 79' lang='lat' dir='ltr'><strong>com-</strong></span> 
     </span>
    </p>
   </div>
   <div class='ocr_carea' id='block_1_37' title="bbox 656 2565 2218 2644">
    <p class='ocr_par' dir='ltr' id='par_1_37' title="bbox 656 2565 2218 2644">
     <span class='ocr_line' id='line_1_37' title="bbox 656 2565 2218 2644; baseline -0.001 -14"><span class='ocrx_word' id='word_1_274' title='bbox 656 2588 964 2631; x_wconf 78' lang='lat' dir='ltr'><strong>moverunt.</strong></span> <span class='ocrx_word' id='word_1_275' title='bbox 1015 2577 1317 2632; x_wconf 83' lang='lat' dir='ltr'><strong>Andriscus</strong></span> <span class='ocrx_word' id='word_1_276' title='bbox 1345 2590 1476 2630; x_wconf 80' lang='lat' dir='ltr'><strong>vero</strong></span> <span class='ocrx_word' id='word_1_277' title='bbox 1514 2565 1748 2644; x_wconf 39' lang='lat' dir='ltr'><strong>quidam.</strong></span> <span class='ocrx_word' id='word_1_278' title='bbox 1770 2574 2218 2644; x_wconf 76' lang='lat' dir='ltr'><strong>Adramyttenus,</strong></span> 
     </span>
    </p>
   </div>
   <div class='ocr_carea' id='block_1_38' title="bbox 656 2665 2218 2734">
    <p class='ocr_par' dir='ltr' id='par_1_38' title="bbox 656 2665 2218 2734">
     <span class='ocr_line' id='line_1_38' title="bbox 656 2665 2218 2734; baseline -0.004 -8"><span class='ocrx_word' id='word_1_279' title='bbox 656 2672 857 2726; x_wconf 79' lang='lat' dir='ltr'><strong>Perseo</strong></span> <span class='ocrx_word' id='word_1_280' title='bbox 909 2670 1084 2723; x_wconf 84' lang='lat' dir='ltr'><strong>forma</strong></span> <span class='ocrx_word' id='word_1_281' title='bbox 1131 2684 1241 2722; x_wconf 91' lang='lat' dir='ltr'><strong>non</strong></span> <span class='ocrx_word' id='word_1_282' title='bbox 1283 2668 1590 2727; x_wconf 87' lang='lat' dir='ltr'><strong>dissimilis,</strong></span> <span class='ocrx_word' id='word_1_283' title='bbox 1631 2667 1801 2721; x_wconf 85' lang='lat' dir='ltr'><strong>ascito</strong></span> <span class='ocrx_word' id='word_1_284' title='bbox 1843 2665 1946 2719; x_wconf 83' lang='lat' dir='ltr'><strong>sibi</strong></span> <span class='ocrx_word' id='word_1_285' title='bbox 1984 2665 2218 2734; x_wconf 81' lang='lat' dir='ltr'><strong>Philippi</strong></span> 
     </span>
    </p>
   </div>
   <div class='ocr_carea' id='block_1_39' title="bbox 657 2754 2219 2828">
    <p class='ocr_par' dir='ltr' id='par_1_39' title="bbox 657 2754 2219 2828">
     <span class='ocr_line' id='line_1_39' title="bbox 657 2754 2219 2828; baseline -0.005 -13"><span class='ocrx_word' id='word_1_286' title='bbox 657 2761 899 2821; x_wconf 87' lang='lat' dir='ltr'><strong>nomine,</strong></span> <span class='ocrx_word' id='word_1_287' title='bbox 931 2760 1157 2828; x_wconf 84' lang='lat' dir='ltr'><strong>ejusque</strong></span> <span class='ocrx_word' id='word_1_288' title='bbox 1187 2758 1354 2811; x_wconf 76' lang='lat' dir='ltr'><strong>lilium</strong></span> <span class='ocrx_word' id='word_1_289' title='bbox 1389 2772 1507 2811; x_wconf 87' lang='lat' dir='ltr'><strong>sese</strong></span> <span class='ocrx_word' id='word_1_290' title='bbox 1542 2756 1817 2813; x_wconf 86' lang='lat' dir='ltr'><strong>dictitans.</strong></span> <span class='ocrx_word' id='word_1_291' title='bbox 1853 2755 1916 2808; x_wconf 87' lang='lat' dir='ltr'><strong>ad</strong></span> <span class='ocrx_word' id='word_1_292' title='bbox 1955 2754 2219 2808; x_wconf 80' lang='lat' dir='ltr'><strong>defectio-</strong></span> 
     </span>
    </p>
   </div>
   <div class='ocr_carea' id='block_1_40' title="bbox 656 2847 2215 2921">
    <p class='ocr_par' dir='ltr' id='par_1_40' title="bbox 656 2847 2215 2921">
     <span class='ocr_line' id='line_1_40' title="bbox 656 2847 2215 2921; baseline -0.004 -15"><span class='ocrx_word' id='word_1_293' title='bbox 656 2868 778 2907; x_wconf 85' lang='lat' dir='ltr'><strong>nem</strong></span> <span class='ocrx_word' id='word_1_294' title='bbox 813 2852 1082 2921; x_wconf 89' lang='lat' dir='ltr'><strong>plurimos</strong></span> <span class='ocrx_word' id='word_1_295' title='bbox 1135 2850 1369 2919; x_wconf 84' lang='lat' dir='ltr'><strong>impulit.</strong></span> <span class='ocrx_word' id='word_1_296' title='bbox 1412 2850 1544 2903; x_wconf 90' lang='lat' dir='ltr'><strong>Nam</strong></span> <span class='ocrx_word' id='word_1_297' title='bbox 1575 2849 1749 2918; x_wconf 89' lang='lat' dir='ltr'><strong>primo</strong></span> <span class='ocrx_word' id='word_1_298' title='bbox 1779 2847 2012 2902; x_wconf 72' lang='lat' dir='ltr'><strong>adventu</strong></span> <span class='ocrx_word' id='word_1_299' title='bbox 2050 2848 2215 2901; x_wconf 81' lang='lat' dir='ltr'><strong>Mace-</strong></span> 
     </span>
    </p>
   </div>
   <div class='ocr_carea' id='block_1_41' title="bbox 654 2942 2219 3015">
    <p class='ocr_par' dir='ltr' id='par_1_41' title="bbox 654 2942 2219 3015">
     <span class='ocr_line' id='line_1_41' title="bbox 654 2942 2219 3015; baseline -0.004 -18"><span class='ocrx_word' id='word_1_300' title='bbox 654 2944 871 2999; x_wconf 82' lang='lat' dir='ltr'><strong>doniam</strong></span> <span class='ocrx_word' id='word_1_301' title='bbox 899 2942 1062 3015; x_wconf 64' lang='grc'><strong>466</strong></span> <span class='ocrx_word' id='word_1_302' title='bbox 1084 2943 1301 2997; x_wconf 87' lang='lat' dir='ltr'><strong>turbare</strong></span> <span class='ocrx_word' id='word_1_303' title='bbox 1328 2952 1575 3002; x_wconf 84' lang='lat' dir='ltr'><strong>conatus,</strong></span> <span class='ocrx_word' id='word_1_304' title='bbox 1609 2956 1730 2993; x_wconf 90' lang='lat' dir='ltr'><strong>cum</strong></span> <span class='ocrx_word' id='word_1_305' title='bbox 1764 2956 1790 2991; x_wconf 90' lang='lat' dir='ltr'><strong>a</strong></span> <span class='ocrx_word' id='word_1_306' title='bbox 1821 2942 2035 2993; x_wconf 87' lang='lat' dir='ltr'><strong>nemine</strong></span> <span class='ocrx_word' id='word_1_307' title='bbox 2060 2955 2219 2992; x_wconf 90' lang='lat' dir='ltr'><strong>cura-</strong></span> 
     </span>
    </p>
   </div>
   <div class='ocr_carea' id='block_1_42' title="bbox 656 3030 2219 3104">
    <p class='ocr_par' dir='ltr' id='par_1_42' title="bbox 656 3030 2219 3104">
     <span class='ocr_line' id='line_1_42' title="bbox 656 3030 2219 3104; baseline -0.006 -16"><span class='ocrx_word' id='word_1_308' title='bbox 656 3046 827 3097; x_wconf 88' lang='lat' dir='ltr'><strong>retur,</strong></span> <span class='ocrx_word' id='word_1_309' title='bbox 882 3035 935 3088; x_wconf 90' lang='lat' dir='ltr'><strong>in</strong></span> <span class='ocrx_word' id='word_1_310' title='bbox 993 3034 1204 3104; x_wconf 81' lang='lat' dir='ltr'><strong>Syriam</strong></span> <span class='ocrx_word' id='word_1_311' title='bbox 1256 3031 1323 3085; x_wconf 89' lang='lat' dir='ltr'><strong>ad</strong></span> <span class='ocrx_word' id='word_1_312' title='bbox 1360 3030 1690 3085; x_wconf 81' lang='lat' dir='ltr'><strong>Demetrium</strong></span> <span class='ocrx_word' id='word_1_313' title='bbox 1737 3046 1791 3085; x_wconf 87' lang='lat' dir='ltr'><strong>se</strong></span> <span class='ocrx_word' id='word_1_314' title='bbox 1824 3030 2076 3093; x_wconf 89' lang='lat' dir='ltr'><strong>contulit,</strong></span> <span class='ocrx_word' id='word_1_315' title='bbox 2126 3044 2219 3098; x_wconf 86' lang='lat' dir='ltr'><strong>spe</strong></span> 
     </span>
    </p>
   </div>
   <div class='ocr_carea' id='block_1_43' title="bbox 656 3120 2219 3191">
    <p class='ocr_par' dir='ltr' id='par_1_43' title="bbox 656 3120 2219 3191">
     <span class='ocr_line' id='line_1_43' title="bbox 656 3120 2219 3191; baseline -0.001 -16"><span class='ocrx_word' id='word_1_316' title='bbox 656 3122 843 3176; x_wconf 82' lang='lat' dir='ltr'><strong>auxilii</strong></span> <span class='ocrx_word' id='word_1_317' title='bbox 884 3130 1104 3190; x_wconf 87' lang='lat' dir='ltr'><strong>propter</strong></span> <span class='ocrx_word' id='word_1_318' title='bbox 1143 3121 1521 3190; x_wconf 82' lang='lat' dir='ltr'><strong>cognationem</strong></span> <span class='ocrx_word' id='word_1_319' title='bbox 1558 3121 1907 3191; x_wconf 66' lang='lat' dir='ltr'><strong>impetrandi,</strong></span> <span class='ocrx_word' id='word_1_320' title='bbox 1941 3120 2009 3175; x_wconf 86' lang='lat' dir='ltr'><strong>ab</strong></span> <span class='ocrx_word' id='word_1_321' title='bbox 2043 3136 2219 3190; x_wconf 87' lang='lat' dir='ltr'><strong>eoque</strong></span> 
     </span>
    </p>
   </div>
   <div class='ocr_carea' id='block_1_44' title="bbox 2402 1836 3881 1923">
    <p class='ocr_par' dir='ltr' id='par_1_44' title="bbox 2402 1836 3881 1923">
     <span class='ocr_line' id='line_1_44' title="bbox 2402 1836 3881 1923; baseline 0.011 -33"><span class='ocrx_word' id='word_1_322' title='bbox 2402 1836 2536 1891; x_wconf 84' lang='lat' dir='ltr'><strong>KH&#39;.</strong></span> <span class='ocrx_word' id='word_1_323' title='bbox 2574 1838 2705 1892; x_wconf 82' lang='grc' dir='ltr'><strong>Τότε</strong></span> <span class='ocrx_word' id='word_1_324' title='bbox 2733 1840 2788 1893; x_wconf 84' lang='grc' dir='ltr'>δὲ</span> <span class='ocrx_word' id='word_1_325' title='bbox 2820 1843 3118 1913; x_wconf 78' lang='grc' dir='ltr'>συνηνέχθη</span> <span class='ocrx_word' id='word_1_326' title='bbox 3182 1850 3275 1899; x_wconf 72' lang='grc' dir='ltr'><strong>καὶ</strong></span> <span class='ocrx_word' id='word_1_327' title='bbox 3308 1849 3374 1901; x_wconf 68' lang='grc' dir='ltr'>τὰ</span> <span class='ocrx_word' id='word_1_328' title='bbox 3405 1850 3546 1901; x_wconf 71' lang='grc' dir='ltr'>κατὰ</span> <span class='ocrx_word' id='word_1_329' title='bbox 3592 1851 3881 1923; x_wconf 42' lang='grc' dir='ltr'>τὸνδῐῐρου·</span> 
     </span>
    </p>
   </div>
   <div class='ocr_carea' id='block_1_45' title="bbox 2327 1929 3885 2015">
    <p class='ocr_par' dir='ltr' id='par_1_45' title="bbox 2327 1929 3885 2015">
     <span class='ocr_line' id='line_1_45' title="bbox 2327 1929 3885 2015; baseline 0.009 -33"><span class='ocrx_word' id='word_1_330' title='bbox 2327 1929 2467 1995; x_wconf 87' lang='grc' dir='ltr'>σίαν,</span> <span class='ocrx_word' id='word_1_331' title='bbox 2498 1930 2554 1994; x_wconf 75' lang='grc' dir='ltr'>ὃς</span> <span class='ocrx_word' id='word_1_332' title='bbox 2580 1932 2759 2003; x_wconf 82' lang='grc' dir='ltr'>γέρων</span> <span class='ocrx_word' id='word_1_333' title='bbox 2782 1932 2857 1985; x_wconf 85' lang='grc' dir='ltr'>ὣν</span> <span class='ocrx_word' id='word_1_334' title='bbox 2875 1936 2969 1986; x_wconf 73' lang='grc' dir='ltr'><strong>καὶ</strong></span> <span class='ocrx_word' id='word_1_335' title='bbox 2992 1939 3119 1999; x_wconf 75' lang='grc' dir='ltr'>τοὺς</span> <span class='ocrx_word' id='word_1_336' title='bbox 3138 1938 3373 2005; x_wconf 67' lang='grc' dir='ltr'>τρόπους</span> <span class='ocrx_word' id='word_1_337' title='bbox 3402 1941 3636 2009; x_wconf 73' lang='grc' dir='ltr'>τραχὺς,</span> <span class='ocrx_word' id='word_1_338' title='bbox 3656 1943 3885 2015; x_wconf 71' lang='grc' dir='ltr'><strong>ὲςροόἠῦη</strong></span> 
     </span>
    </p>
   </div>
   <div class='ocr_carea' id='block_1_46' title="bbox 2324 2023 3882 2100">
    <p class='ocr_par' dir='ltr' id='par_1_46' title="bbox 2324 2023 3882 2100">
     <span class='ocr_line' id='line_1_46' title="bbox 2324 2023 3882 2100; baseline 0.01 -26"><span class='ocrx_word' id='word_1_339' title='bbox 2324 2025 2450 2083; x_wconf 80' lang='grc' dir='ltr'>τοὺς</span> <span class='ocrx_word' id='word_1_340' title='bbox 2487 2023 2767 2090; x_wconf 74' lang='grc' dir='ltr'><strong>Βιθυνοὺς,</strong></span> <span class='ocrx_word' id='word_1_341' title='bbox 2803 2026 2877 2097; x_wconf 80' lang='grc' dir='ltr'><strong>μή</strong></span> <span class='ocrx_word' id='word_1_342' title='bbox 2912 2028 3009 2095; x_wconf 82' lang='grc' dir='ltr'>τῆς</span> <span class='ocrx_word' id='word_1_343' title='bbox 3045 2028 3327 2096; x_wconf 82' lang='grc' dir='ltr'>βασιλείας</span> <span class='ocrx_word' id='word_1_344' title='bbox 3382 2032 3550 2085; x_wconf 84' lang='grc' dir='ltr'>αὐτὸν</span> <span class='ocrx_word' id='word_1_345' title='bbox 3603 2034 3882 2100; x_wconf 74' lang='grc' dir='ltr'>ἐκϐάλωσι,</span> 
     </span>
    </p>
   </div>
   <div class='ocr_carea' id='block_1_47' title="bbox 2325 2115 3880 2190">
    <p class='ocr_par' dir='ltr' id='par_1_47' title="bbox 2325 2115 3880 2190">
     <span class='ocr_line' id='line_1_47' title="bbox 2325 2115 3880 2190; baseline 0.008 -23"><span class='ocrx_word' id='word_1_346' title='bbox 2325 2116 2417 2168; x_wconf 81' lang='grc' dir='ltr'><strong>τὸν</strong></span> <span class='ocrx_word' id='word_1_347' title='bbox 2456 2115 2741 2187; x_wconf 79' lang='grc' dir='ltr'>Νικομήδη</span> <span class='ocrx_word' id='word_1_348' title='bbox 2770 2118 2861 2170; x_wconf 75' lang='grc' dir='ltr'><strong>τὸν</strong></span> <span class='ocrx_word' id='word_1_349' title='bbox 2913 2119 3027 2170; x_wconf 75' lang='grc' dir='ltr'>υἱὸν</span> <span class='ocrx_word' id='word_1_350' title='bbox 3058 2120 3439 2190; x_wconf 81' lang='grc' dir='ltr'>ἁνθελόμενοι.</span> <span class='ocrx_word' id='word_1_351' title='bbox 3472 2124 3585 2178; x_wconf 72' lang='grc' dir='ltr'><strong>Καὶ</strong></span> <span class='ocrx_word' id='word_1_352' title='bbox 3616 2128 3740 2180; x_wconf 83' lang='grc' dir='ltr'><strong>..ατά</strong></span> <span class='ocrx_word' id='word_1_353' title='bbox 3764 2144 3880 2180; x_wconf 77' lang='grc' dir='ltr'>τινα</span> 
     </span>
    </p>
   </div>
   <div class='ocr_carea' id='block_1_48' title="bbox 2326 2206 3873 2281">
    <p class='ocr_par' dir='ltr' id='par_1_48' title="bbox 2326 2206 3873 2281">
     <span class='ocr_line' id='line_1_48' title="bbox 2326 2206 3873 2281; baseline 0.006 -22"><span class='ocrx_word' id='word_1_354' title='bbox 2326 2206 2603 2277; x_wconf 67' lang='grc' dir='ltr'>πράφασιν</span> <span class='ocrx_word' id='word_1_355' title='bbox 2654 2207 2901 2279; x_wconf 72' lang='grc' dir='ltr'>ἔπεμψεν</span> <span class='ocrx_word' id='word_1_356' title='bbox 2943 2210 3023 2272; x_wconf 83' lang='grc' dir='ltr'><strong>είς</strong></span> <span class='ocrx_word' id='word_1_357' title='bbox 3062 2212 3163 2280; x_wconf 85' lang='grc' dir='ltr'><strong>τὴν</strong></span> <span class='ocrx_word' id='word_1_358' title='bbox 3223 2212 3445 2281; x_wconf 85' lang='grc' dir='ltr'>Ῥώμην</span> <span class='ocrx_word' id='word_1_359' title='bbox 3499 2218 3681 2280; x_wconf 63' lang='grc' dir='ltr'>αὐτὸν,</span> <span class='ocrx_word' id='word_1_360' title='bbox 3723 2219 3873 2271; x_wconf 71' lang='grc' dir='ltr'>κάκεῖ</span> 
     </span>
    </p>
   </div>
   <div class='ocr_carea' id='block_1_49' title="bbox 2324 2299 3883 2377">
    <p class='ocr_par' dir='ltr' id='par_1_49' title="bbox 2324 2299 3883 2377">
     <span class='ocr_line' id='line_1_49' title="bbox 2324 2299 3883 2377; baseline 0.006 -25"><span class='ocrx_word' id='word_1_361' title='bbox 2324 2299 2533 2369; x_wconf 83' lang='grc' dir='ltr'>διάγειν</span> <span class='ocrx_word' id='word_1_362' title='bbox 2554 2300 2857 2356; x_wconf 73' lang='grc' dir='ltr'>ἐκέλευσεν,</span> <span class='ocrx_word' id='word_1_363' title='bbox 2892 2304 2981 2365; x_wconf 83' lang='grc' dir='ltr'>Ὠς</span> <span class='ocrx_word' id='word_1_364' title='bbox 3020 2320 3079 2356; x_wconf 89' lang='grc' dir='ltr'><strong>τε</strong></span> <span class='ocrx_word' id='word_1_365' title='bbox 3113 2306 3216 2357; x_wconf 73' lang='grc' dir='ltr'>κάν</span> <span class='ocrx_word' id='word_1_366' title='bbox 3241 2308 3306 2376; x_wconf 82' lang='grc' dir='ltr'>τῇ</span> <span class='ocrx_word' id='word_1_367' title='bbox 3336 2306 3526 2376; x_wconf 72' lang='grc' dir='ltr'>Ῥώμῃ</span> <span class='ocrx_word' id='word_1_368' title='bbox 3559 2308 3883 2377; x_wconf 75' lang='grc' dir='ltr'>διαιτωμένῳ</span> 
     </span>
    </p>
   </div>
   <div class='ocr_carea' id='block_1_50' title="bbox 2326 2390 3878 2461">
    <p class='ocr_par' dir='ltr' id='par_1_50' title="bbox 2326 2390 3878 2461">
     <span class='ocr_line' id='line_1_50' title="bbox 2326 2390 3878 2461; baseline 0.006 -18"><span class='ocrx_word' id='word_1_369' title='bbox 2326 2390 2403 2460; x_wconf 81' lang='grc' dir='ltr'><strong>τῷ</strong></span> <span class='ocrx_word' id='word_1_370' title='bbox 2455 2391 2554 2461; x_wconf 84' lang='grc' dir='ltr'>υἱῷ</span> <span class='ocrx_word' id='word_1_371' title='bbox 2606 2393 2969 2447; x_wconf 77' lang='grc' dir='ltr'>ἐπεϐούλευσε</span> <span class='ocrx_word' id='word_1_372' title='bbox 3014 2396 3106 2448; x_wconf 82' lang='grc' dir='ltr'>καὶ</span> <span class='ocrx_word' id='word_1_373' title='bbox 3163 2396 3391 2451; x_wconf 78' lang='grc' dir='ltr'>ἔσπευδε</span> <span class='ocrx_word' id='word_1_374' title='bbox 3444 2400 3656 2452; x_wconf 82' lang='grc' dir='ltr'>κτεῖναι</span> <span class='ocrx_word' id='word_1_375' title='bbox 3711 2400 3878 2459; x_wconf 76' lang='grc' dir='ltr'>αὑτὸν.</span> 
     </span>
    </p>
   </div>
   <div class='ocr_carea' id='block_1_51' title="bbox 2326 2480 3873 2560">
    <p class='ocr_par' dir='ltr' id='par_1_51' title="bbox 2326 2480 3873 2560">
     <span class='ocr_line' id='line_1_51' title="bbox 2326 2480 3873 2560; baseline 0.006 -28"><span class='ocrx_word' id='word_1_376' title='bbox 2326 2480 2547 2534; x_wconf 84' lang='grc' dir='ltr'>Βιθυνοί</span> <span class='ocrx_word' id='word_1_377' title='bbox 2596 2500 2762 2549; x_wconf 82' lang='grc' dir='ltr'>τινες,</span> <span class='ocrx_word' id='word_1_378' title='bbox 2803 2485 2882 2548; x_wconf 88' lang='grc' dir='ltr'><strong>είς</strong></span> <span class='ocrx_word' id='word_1_379' title='bbox 2918 2484 3138 2556; x_wconf 83' lang='grc' dir='ltr'>Ῥώμην</span> <span class='ocrx_word' id='word_1_380' title='bbox 3185 2488 3579 2554; x_wconf 77' lang='grc' dir='ltr'>φοιτήσαντες,</span> <span class='ocrx_word' id='word_1_381' title='bbox 3625 2490 3873 2560; x_wconf 79' lang='grc' dir='ltr'>ἐξήγαγον</span> 
     </span>
    </p>
   </div>
   <div class='ocr_carea' id='block_1_52' title="bbox 2324 2571 3870 2649">
    <p class='ocr_par' dir='ltr' id='par_1_52' title="bbox 2324 2571 3870 2649">
     <span class='ocr_line' id='line_1_52' title="bbox 2324 2571 3870 2649; baseline 0.004 -24"><span class='ocrx_word' id='word_1_382' title='bbox 2324 2571 2503 2642; x_wconf 84' lang='grc' dir='ltr'>λάθρα</span> <span class='ocrx_word' id='word_1_383' title='bbox 2556 2573 2647 2627; x_wconf 78' lang='grc' dir='ltr'><strong>τὸν</strong></span> <span class='ocrx_word' id='word_1_384' title='bbox 2677 2574 3000 2645; x_wconf 73' lang='grc' dir='ltr'>Νικομήδηο</span> <span class='ocrx_word' id='word_1_385' title='bbox 3060 2577 3154 2630; x_wconf 82' lang='grc' dir='ltr'>καὶ</span> <span class='ocrx_word' id='word_1_386' title='bbox 3199 2578 3254 2640; x_wconf 77' lang='grc' dir='ltr'><strong>ἐς</strong></span> <span class='ocrx_word' id='word_1_387' title='bbox 3287 2576 3385 2649; x_wconf 78' lang='grc' dir='ltr'>τὴν</span> <span class='ocrx_word' id='word_1_388' title='bbox 3424 2578 3682 2632; x_wconf 77' lang='grc' dir='ltr'>Βιθυνίαν</span> <span class='ocrx_word' id='word_1_389' title='bbox 3740 2581 3870 2649; x_wconf 80' lang='grc' dir='ltr'>κομί-</span> 
     </span>
    </p>
   </div>
   <div class='ocr_carea' id='block_1_53' title="bbox 2330 2663 3873 2738">
    <p class='ocr_par' dir='ltr' id='par_1_53' title="bbox 2330 2663 3873 2738">
     <span class='ocr_line' id='line_1_53' title="bbox 2330 2663 3873 2738; baseline 0.004 -23"><span class='ocrx_word' id='word_1_390' title='bbox 2330 2678 2547 2729; x_wconf 81' lang='grc' dir='ltr'>σαντες,</span> <span class='ocrx_word' id='word_1_391' title='bbox 2611 2663 2702 2715; x_wconf 76' lang='grc' dir='ltr'><strong>τὸν</strong></span> <span class='ocrx_word' id='word_1_392' title='bbox 2758 2665 2858 2731; x_wconf 85' lang='grc' dir='ltr'><strong>μὲν</strong></span> <span class='ocrx_word' id='word_1_393' title='bbox 2908 2665 3141 2735; x_wconf 84' lang='grc' dir='ltr'>γέροντα</span> <span class='ocrx_word' id='word_1_394' title='bbox 3193 2668 3513 2737; x_wconf 70' lang='grc' dir='ltr'>ἐφόνευσαν,</span> <span class='ocrx_word' id='word_1_395' title='bbox 3568 2669 3791 2738; x_wconf 78' lang='grc' dir='ltr'>βασιλέα</span> <span class='ocrx_word' id='word_1_396' title='bbox 3834 2669 3873 2721; x_wconf 76' lang='grc' dir='ltr'>δ’</span> 
     </span>
    </p>
   </div>
   <div class='ocr_carea' id='block_1_54' title="bbox 2336 2744 3878 2828">
    <p class='ocr_par' dir='ltr' id='par_1_54' title="bbox 2336 2744 3878 2828">
     <span class='ocr_line' id='line_1_54' title="bbox 2336 2744 3878 2828; baseline 0.006 -25"><span class='ocrx_word' id='word_1_397' title='bbox 2336 2754 2545 2806; x_wconf 78' lang='grc' dir='ltr'>ἐκεῖνον</span> <span class='ocrx_word' id='word_1_398' title='bbox 2599 2753 2907 2819; x_wconf 77' lang='grc' dir='ltr'>ἀπέδειξαν.</span> <span class='ocrx_word' id='word_1_399' title='bbox 2963 2744 3147 2809; x_wconf 72' lang='grc' dir='ltr'>Ταῦτα</span> <span class='ocrx_word' id='word_1_400' title='bbox 3192 2758 3380 2828; x_wconf 74' lang='grc' dir='ltr'>ἠνίασε</span> <span class='ocrx_word' id='word_1_401' title='bbox 3433 2758 3533 2827; x_wconf 78' lang='grc' dir='ltr'>μὲν</span> <span class='ocrx_word' id='word_1_402' title='bbox 3567 2761 3695 2821; x_wconf 77' lang='grc' dir='ltr'>τοὺς</span> <span class='ocrx_word' id='word_1_403' title='bbox 3760 2758 3878 2812; x_wconf 84' lang='grc' dir='ltr'><strong>Ῥω-</strong></span> 
     </span>
    </p>
   </div>
   <div class='ocr_carea' id='block_1_55' title="bbox 2328 2846 3879 2923">
    <p class='ocr_par' dir='ltr' id='par_1_55' title="bbox 2328 2846 3879 2923">
     <span class='ocr_line' id='line_1_55' title="bbox 2328 2846 3879 2923; baseline 0.006 -27"><span class='ocrx_word' id='word_1_404' title='bbox 2328 2847 2546 2913; x_wconf 75' lang='grc' dir='ltr'>μαίους,</span> <span class='ocrx_word' id='word_1_405' title='bbox 2592 2847 2651 2899; x_wconf 84' lang='grc' dir='ltr'><strong>ού</strong></span> <span class='ocrx_word' id='word_1_406' title='bbox 2692 2846 2797 2917; x_wconf 78' lang='grc' dir='ltr'>μὴν</span> <span class='ocrx_word' id='word_1_407' title='bbox 2830 2848 2923 2899; x_wconf 75' lang='grc' dir='ltr'><strong>καὶ</strong></span> <span class='ocrx_word' id='word_1_408' title='bbox 2954 2849 3035 2910; x_wconf 77' lang='grc' dir='ltr'><strong>εἰς</strong></span> <span class='ocrx_word' id='word_1_409' title='bbox 3066 2848 3302 2918; x_wconf 81' lang='grc' dir='ltr'>πόλεμον</span> <span class='ocrx_word' id='word_1_410' title='bbox 3352 2849 3660 2921; x_wconf 80' lang='grc' dir='ltr'>ὲξηρέθισε,</span> <span class='ocrx_word' id='word_1_411' title='bbox 3692 2853 3795 2923; x_wconf 76' lang='grc' dir='ltr'><strong>Τὴν</strong></span> <span class='ocrx_word' id='word_1_412' title='bbox 3832 2855 3879 2905; x_wconf 74' lang='grc' dir='ltr'>δὲ</span> 
     </span>
    </p>
   </div>
   <div class='ocr_carea' id='block_1_56' title="bbox 2323 2936 3876 3013">
    <p class='ocr_par' dir='ltr' id='par_1_56' title="bbox 2323 2936 3876 3013">
     <span class='ocr_line' id='line_1_56' title="bbox 2323 2936 3876 3013; baseline 0.008 -25"><span class='ocrx_word' id='word_1_413' title='bbox 2323 2936 2659 2989; x_wconf 84' lang='grc' dir='ltr'>Μακεδονίαν</span> <span class='ocrx_word' id='word_1_414' title='bbox 2726 2938 3032 3006; x_wconf 80' lang='grc' dir='ltr'>Ἀνδρίσκος</span> <span class='ocrx_word' id='word_1_415' title='bbox 3067 2956 3153 3001; x_wconf 85' lang='grc' dir='ltr'><strong>τις</strong></span> <span class='ocrx_word' id='word_1_416' title='bbox 3210 2940 3266 3008; x_wconf 81' lang='grc' dir='ltr'>ἐξ</span> <span class='ocrx_word' id='word_1_417' title='bbox 3317 2940 3710 3012; x_wconf 81' lang='grc' dir='ltr'>Ἀτραμυττίου</span> <span class='ocrx_word' id='word_1_418' title='bbox 3763 2947 3876 3013; x_wconf 71' lang='grc' dir='ltr'>φὺς.</span> 
     </span>
    </p>
   </div>
   <div class='ocr_carea' id='block_1_57' title="bbox 2327 3016 3879 3104">
    <p class='ocr_par' dir='ltr' id='par_1_57' title="bbox 2327 3016 3879 3104">
     <span class='ocr_line' id='line_1_57' title="bbox 2327 3016 3879 3104; baseline 0.005 -25"><span class='ocrx_word' id='word_1_419' title='bbox 2327 3016 2406 3096; x_wconf 83' lang='grc' dir='ltr'>τῷ</span> <span class='ocrx_word' id='word_1_420' title='bbox 2440 3030 2643 3104; x_wconf 86' lang='grc' dir='ltr'><strong>Περσεί</strong></span> <span class='ocrx_word' id='word_1_421' title='bbox 2673 3029 2719 3081; x_wconf 79' lang='grc' dir='ltr'>δ’</span> <span class='ocrx_word' id='word_1_422' title='bbox 2764 3029 3008 3102; x_wconf 79' lang='grc' dir='ltr'>ἐμφερής</span> <span class='ocrx_word' id='word_1_423' title='bbox 3037 3030 3096 3083; x_wconf 77' lang='grc' dir='ltr'>τὸ</span> <span class='ocrx_word' id='word_1_424' title='bbox 3123 3029 3264 3097; x_wconf 75' lang='grc' dir='ltr'>εἶδος</span> <span class='ocrx_word' id='word_1_425' title='bbox 3289 3034 3604 3103; x_wconf 83' lang='grc' dir='ltr'>γενόμενος,</span> <span class='ocrx_word' id='word_1_426' title='bbox 3649 3035 3741 3089; x_wconf 81' lang='grc' dir='ltr'>καὶ</span> <span class='ocrx_word' id='word_1_427' title='bbox 3764 3040 3879 3097; x_wconf 82' lang='grc' dir='ltr'>παῖς</span> 
     </span>
    </p>
   </div>
   <div class='ocr_carea' id='block_1_58' title="bbox 2325 3115 3882 3193">
    <p class='ocr_par' dir='ltr' id='par_1_58' title="bbox 2325 3115 3882 3193">
     <span class='ocr_line' id='line_1_58' title="bbox 2325 3115 3882 3193; baseline 0.003 -20"><span class='ocrx_word' id='word_1_428' title='bbox 2325 3115 2464 3173; x_wconf 83' lang='grc' dir='ltr'>εἶναι</span> <span class='ocrx_word' id='word_1_429' title='bbox 2503 3120 2712 3175; x_wconf 77' lang='grc' dir='ltr'>ἐκείνου</span> <span class='ocrx_word' id='word_1_430' title='bbox 2776 3122 3169 3193; x_wconf 76' lang='grc' dir='ltr'>πλαττόμενος,</span> <span class='ocrx_word' id='word_1_431' title='bbox 3225 3126 3332 3179; x_wconf 70' lang='grc' dir='ltr'>καὶυ</span> <span class='ocrx_word' id='word_1_432' title='bbox 3372 3126 3642 3179; x_wconf 82' lang='grc' dir='ltr'>Φίλιππον</span> <span class='ocrx_word' id='word_1_433' title='bbox 3701 3127 3882 3179; x_wconf 68' lang='grc' dir='ltr'>ἐαυτὸν</span> 
     </span>
    </p>
   </div>
   <div class='ocr_carea' id='block_1_59' title="bbox 656 3205 2217 3289">
    <p class='ocr_par' dir='ltr' id='par_1_59' title="bbox 656 3205 2217 3281">
     <span class='ocr_line' id='line_1_59' title="bbox 656 3205 2217 3281; baseline -0.002 -16"><span class='ocrx_word' id='word_1_434' title='bbox 656 3205 1107 3281; x_wconf 76' lang='lat' dir='ltr'><strong>comprehensus,</strong></span> <span class='ocrx_word' id='word_1_435' title='bbox 1137 3222 1191 3268; x_wconf 90' lang='lat' dir='ltr'><strong>et</strong></span> <span class='ocrx_word' id='word_1_436' title='bbox 1221 3212 1447 3265; x_wconf 81' lang='lat' dir='ltr'><strong>Romam</strong></span> <span class='ocrx_word' id='word_1_437' title='bbox 1488 3214 1705 3271; x_wconf 87' lang='lat' dir='ltr'><strong>missus,</strong></span> <span class='ocrx_word' id='word_1_438' title='bbox 1732 3227 1855 3265; x_wconf 91' lang='lat' dir='ltr'><strong>eum</strong></span> <span class='ocrx_word' id='word_1_439' title='bbox 1887 3227 2066 3279; x_wconf 85' lang='lat' dir='ltr'><strong>neque</strong></span> <span class='ocrx_word' id='word_1_440' title='bbox 2093 3212 2217 3265; x_wconf 81' lang='lat' dir='ltr'><strong>Per-</strong></span> 
     </span>
    </p>
   </div>
   <div class='ocr_carea' id='block_1_60' title="bbox 2324 3205 3883 3289">
    <p class='ocr_par' dir='ltr' id='par_1_60' title="bbox 2324 3212 3883 3287">
     <span class='ocr_line' id='line_1_60' title="bbox 2324 3212 3883 3287; baseline 0.004 -23"><span class='ocrx_word' id='word_1_441' title='bbox 2324 3212 2627 3280; x_wconf 70' lang='grc' dir='ltr'>ὀνομάζων,</span> <span class='ocrx_word' id='word_1_442' title='bbox 2688 3214 2779 3264; x_wconf 77' lang='grc' dir='ltr'><strong>ἐπὶ</strong></span> <span class='ocrx_word' id='word_1_443' title='bbox 2832 3213 3084 3266; x_wconf 79' lang='grc' dir='ltr'>πλεῖστον</span> <span class='ocrx_word' id='word_1_444' title='bbox 3147 3216 3449 3286; x_wconf 78' lang='grc' dir='ltr'>ἀπέστησε.</span> <span class='ocrx_word' id='word_1_445' title='bbox 3504 3218 3580 3269; x_wconf 79' lang='grc' dir='ltr'>Τὸ</span> <span class='ocrx_word' id='word_1_446' title='bbox 3637 3219 3737 3287; x_wconf 81' lang='grc' dir='ltr'>μὲν</span> <span class='ocrx_word' id='word_1_447' title='bbox 3784 3219 3883 3287; x_wconf 76' lang='grc' dir='ltr'><strong>γὰρ</strong></span> 
     </span>
    </p>
   </div>
   <div class='ocr_carea' id='block_1_61' title="bbox 655 3303 2220 3379">
    <p class='ocr_par' dir='ltr' id='par_1_61' title="bbox 655 3303 2220 3379">
     <span class='ocr_line' id='line_1_61' title="bbox 655 3303 2220 3379; baseline -0.001 -22"><span class='ocrx_word' id='word_1_448' title='bbox 655 3304 734 3357; x_wconf 88' lang='lat' dir='ltr'><strong>sci</strong></span> <span class='ocrx_word' id='word_1_449' title='bbox 770 3304 935 3358; x_wconf 84' lang='lat' dir='ltr'><strong>ﬁlium</strong></span> <span class='ocrx_word' id='word_1_450' title='bbox 976 3320 1094 3379; x_wconf 81' lang='lat' dir='ltr'><strong>esse</strong></span> <span class='ocrx_word' id='word_1_451' title='bbox 1146 3303 1439 3367; x_wconf 80' lang='lat' dir='ltr'><strong>constaret,</strong></span> <span class='ocrx_word' id='word_1_452' title='bbox 1490 3313 1545 3357; x_wconf 87' lang='lat' dir='ltr'><strong>et</strong></span> <span class='ocrx_word' id='word_1_453' title='bbox 1594 3304 1802 3373; x_wconf 83' lang='lat' dir='ltr'><strong>alioqui</strong></span> <span class='ocrx_word' id='word_1_454' title='bbox 1839 3304 1975 3357; x_wconf 84' lang='lat' dir='ltr'><strong>nihil</strong></span> <span class='ocrx_word' id='word_1_455' title='bbox 2011 3304 2220 3371; x_wconf 71' lang='lat' dir='ltr'><strong>insigne</strong></span> 
     </span>
    </p>
   </div>
   <div class='ocr_carea' id='block_1_62' title="bbox 657 3390 2225 3464">
    <p class='ocr_par' dir='ltr' id='par_1_62' title="bbox 657 3390 2225 3464">
     <span class='ocr_line' id='line_1_62' title="bbox 657 3390 2225 3464; baseline -0.001 -15"><span class='ocrx_word' id='word_1_456' title='bbox 657 3396 905 3454; x_wconf 84' lang='lat' dir='ltr'><strong>haberet.</strong></span> <span class='ocrx_word' id='word_1_457' title='bbox 957 3412 1055 3464; x_wconf 86' lang='lat' dir='ltr'><strong>per</strong></span> <span class='ocrx_word' id='word_1_458' title='bbox 1085 3390 1455 3463; x_wconf 86' lang='lat' dir='ltr'><strong>contemptum</strong></span> <span class='ocrx_word' id='word_1_459' title='bbox 1500 3396 1776 3460; x_wconf 87' lang='lat' dir='ltr'><strong>dimissus,</strong></span> <span class='ocrx_word' id='word_1_460' title='bbox 1829 3410 2075 3464; x_wconf 83' lang='lat' dir='ltr'><strong>magnam</strong></span> <span class='ocrx_word' id='word_1_461' title='bbox 2116 3396 2225 3449; x_wconf 79' lang='lat' dir='ltr'><strong>fac-</strong></span> 
     </span>
    </p>
   </div>
   <div class='ocr_carea' id='block_1_63' title="bbox 660 3489 2221 3558">
    <p class='ocr_par' dir='ltr' id='par_1_63' title="bbox 660 3489 2221 3558">
     <span class='ocr_line' id='line_1_63' title="bbox 660 3489 2221 3558; baseline 0 -15"><span class='ocrx_word' id='word_1_462' title='bbox 660 3490 922 3545; x_wconf 89' lang='lat' dir='ltr'><strong>tiosorum</strong></span> <span class='ocrx_word' id='word_1_463' title='bbox 979 3490 1260 3543; x_wconf 86' lang='lat' dir='ltr'><strong>hominum</strong></span> <span class='ocrx_word' id='word_1_464' title='bbox 1314 3504 1533 3543; x_wconf 89' lang='lat' dir='ltr'><strong>manum</strong></span> <span class='ocrx_word' id='word_1_465' title='bbox 1591 3489 1788 3558; x_wconf 89' lang='lat' dir='ltr'><strong>coegit,</strong></span> <span class='ocrx_word' id='word_1_466' title='bbox 1825 3491 2022 3543; x_wconf 89' lang='lat' dir='ltr'><strong>multas</strong></span> <span class='ocrx_word' id='word_1_467' title='bbox 2058 3489 2221 3543; x_wconf 81' lang='lat' dir='ltr'><strong>urbes</strong></span> 
     </span>
    </p>
   </div>
   <div class='ocr_carea' id='block_1_64' title="bbox 661 3580 2219 3650">
    <p class='ocr_par' dir='ltr' id='par_1_64' title="bbox 661 3580 2219 3650">
     <span class='ocr_line' id='line_1_64' title="bbox 661 3580 2219 3650; baseline 0.001 -17"><span class='ocrx_word' id='word_1_468' title='bbox 661 3580 897 3634; x_wconf 76' lang='lat' dir='ltr'><strong>attraxit.</strong></span> <span class='ocrx_word' id='word_1_469' title='bbox 935 3580 1177 3650; x_wconf 83' lang='lat' dir='ltr'><strong>Denique</strong></span> <span class='ocrx_word' id='word_1_470' title='bbox 1211 3581 1361 3650; x_wconf 84' lang='lat' dir='ltr'><strong>regio</strong></span> <span class='ocrx_word' id='word_1_471' title='bbox 1394 3580 1585 3635; x_wconf 90' lang='lat' dir='ltr'><strong>habitu</strong></span> <span class='ocrx_word' id='word_1_472' title='bbox 1612 3590 1849 3649; x_wconf 89' lang='lat' dir='ltr'><strong>sumpto,</strong></span> <span class='ocrx_word' id='word_1_473' title='bbox 1880 3581 2219 3650; x_wconf 90' lang='lat' dir='ltr'><strong>collectoque</strong></span> 
     </span>
    </p>
   </div>
   <div class='ocr_carea' id='block_1_65' title="bbox 658 3670 2221 3740">
    <p class='ocr_par' dir='ltr' id='par_1_65' title="bbox 658 3670 2221 3740">
     <span class='ocr_line' id='line_1_65' title="bbox 658 3670 2221 3740; baseline -0.002 -16"><span class='ocrx_word' id='word_1_474' title='bbox 658 3671 899 3725; x_wconf 79' lang='lat' dir='ltr'><strong>exercitu</strong></span> <span class='ocrx_word' id='word_1_475' title='bbox 934 3672 987 3723; x_wconf 90' lang='lat' dir='ltr'><strong>in</strong></span> <span class='ocrx_word' id='word_1_476' title='bbox 1022 3671 1311 3724; x_wconf 87' lang='lat' dir='ltr'><strong>Thraciam</strong></span> <span class='ocrx_word' id='word_1_477' title='bbox 1347 3670 1664 3740; x_wconf 83' lang='lat' dir='ltr'><strong>profectus:</strong></span> <span class='ocrx_word' id='word_1_478' title='bbox 1702 3670 1890 3723; x_wconf 82' lang='lat' dir='ltr'><strong>multis</strong></span> <span class='ocrx_word' id='word_1_479' title='bbox 1921 3670 2105 3723; x_wconf 86' lang='lat' dir='ltr'><strong>liberis</strong></span> <span class='ocrx_word' id='word_1_480' title='bbox 2131 3685 2221 3737; x_wconf 79' lang='lat' dir='ltr'><strong>po-</strong></span> 
     </span>
    </p>
   </div>
   <div class='ocr_carea' id='block_1_66' title="bbox 658 3761 2219 3833">
    <p class='ocr_par' dir='ltr' id='par_1_66' title="bbox 658 3761 2219 3833">
     <span class='ocr_line' id='line_1_66' title="bbox 658 3761 2219 3833; baseline 0.001 -19"><span class='ocrx_word' id='word_1_481' title='bbox 658 3763 816 3831; x_wconf 80' lang='lat' dir='ltr'><strong>palis,</strong></span> <span class='ocrx_word' id='word_1_482' title='bbox 870 3763 1054 3817; x_wconf 75' lang='lat' dir='ltr'><strong>multis</strong></span> <span class='ocrx_word' id='word_1_483' title='bbox 1102 3762 1342 3833; x_wconf 79' lang='lat' dir='ltr'><strong>dynastis</strong></span> <span class='ocrx_word' id='word_1_484' title='bbox 1394 3762 1698 3816; x_wconf 82' lang='lat' dir='ltr'><strong>Romanum</strong></span> <span class='ocrx_word' id='word_1_485' title='bbox 1756 3761 2044 3829; x_wconf 87' lang='lat' dir='ltr'><strong>imperium</strong></span> <span class='ocrx_word' id='word_1_486' title='bbox 2080 3776 2219 3829; x_wconf 76' lang='lat' dir='ltr'><strong>:rgre</strong></span> 
     </span>
    </p>
   </div>
   <div class='ocr_carea' id='block_1_67' title="bbox 658 3852 2215 3924">
    <p class='ocr_par' dir='ltr' id='par_1_67' title="bbox 658 3852 2215 3924">
     <span class='ocr_line' id='line_1_67' title="bbox 658 3852 2215 3924; baseline -0.001 -19"><span class='ocrx_word' id='word_1_487' title='bbox 658 3854 959 3909; x_wconf 82' lang='lat' dir='ltr'><strong>ferentibus</strong></span> <span class='ocrx_word' id='word_1_488' title='bbox 1007 3855 1209 3916; x_wconf 85' lang='lat' dir='ltr'><strong>ascitis,</strong></span> <span class='ocrx_word' id='word_1_489' title='bbox 1276 3854 1689 3924; x_wconf 89' lang='lat' dir='ltr'><strong>impressionem</strong></span> <span class='ocrx_word' id='word_1_490' title='bbox 1740 3852 1790 3906; x_wconf 93' lang='lat' dir='ltr'><strong>in</strong></span> <span class='ocrx_word' id='word_1_491' title='bbox 1849 3852 2215 3907; x_wconf 78' lang='lat' dir='ltr'><strong>Macedoniam</strong></span> 
     </span>
    </p>
   </div>
   <div class='ocr_carea' id='block_1_68' title="bbox 658 3941 2216 4012">
    <p class='ocr_par' dir='ltr' id='par_1_68' title="bbox 658 3941 2216 4012">
     <span class='ocr_line' id='line_1_68' title="bbox 658 3941 2216 4012; baseline 0 -18"><span class='ocrx_word' id='word_1_492' title='bbox 658 3941 787 3995; x_wconf 82' lang='lat' dir='ltr'><strong>fecit</strong></span> <span class='ocrx_word' id='word_1_493' title='bbox 818 3961 830 3995; x_wconf 92' lang='lat'><strong>:</strong></span> <span class='ocrx_word' id='word_1_494' title='bbox 869 3956 1043 4012; x_wconf 85' lang='lat' dir='ltr'><strong>caque</strong></span> <span class='ocrx_word' id='word_1_495' title='bbox 1072 3953 1357 4009; x_wconf 80' lang='lat' dir='ltr'><strong>occupata,</strong></span> <span class='ocrx_word' id='word_1_496' title='bbox 1382 3944 1433 3995; x_wconf 92' lang='lat' dir='ltr'><strong>in</strong></span> <span class='ocrx_word' id='word_1_497' title='bbox 1463 3943 1794 3997; x_wconf 82' lang='lat' dir='ltr'><strong>Thessaliam</strong></span> <span class='ocrx_word' id='word_1_498' title='bbox 1829 3951 2216 4011; x_wconf 86' lang='lat' dir='ltr'><strong>transgressus,</strong></span> 
     </span>
    </p>
   </div>
   <div class='ocr_carea' id='block_1_69' title="bbox 657 4034 2215 4103">
    <p class='ocr_par' dir='ltr' id='par_1_69' title="bbox 657 4034 2215 4103">
     <span class='ocr_line' id='line_1_69' title="bbox 657 4034 2215 4103; baseline 0 -18"><span class='ocrx_word' id='word_1_499' title='bbox 657 4049 765 4086; x_wconf 89' lang='lat' dir='ltr'><strong>non</strong></span> <span class='ocrx_word' id='word_1_500' title='bbox 794 4049 961 4103; x_wconf 84' lang='lat' dir='ltr'><strong>pauca</strong></span> <span class='ocrx_word' id='word_1_501' title='bbox 992 4035 1107 4087; x_wconf 89' lang='lat' dir='ltr'><strong>loca</strong></span> <span class='ocrx_word' id='word_1_502' title='bbox 1140 4034 1374 4103; x_wconf 82' lang='lat' dir='ltr'><strong>subegit.</strong></span> <span class='ocrx_word' id='word_1_503' title='bbox 1419 4034 1650 4089; x_wconf 82' lang='lat' dir='ltr'><strong>Romani</strong></span> <span class='ocrx_word' id='word_1_504' title='bbox 1684 4034 1950 4089; x_wconf 79' lang='lat' dir='ltr'><strong>Andrisco</strong></span> <span class='ocrx_word' id='word_1_505' title='bbox 1980 4034 2215 4103; x_wconf 88' lang='lat' dir='ltr'><strong>primum</strong></span> 
     </span>
    </p>
   </div>
   <div class='ocr_carea' id='block_1_70' title="bbox 657 4124 2217 4195">
    <p class='ocr_par' dir='ltr' id='par_1_70' title="bbox 657 4124 2217 4195">
     <span class='ocr_line' id='line_1_70' title="bbox 657 4124 2217 4195; baseline -0.001 -18"><span class='ocrx_word' id='word_1_506' title='bbox 657 4126 933 4195; x_wconf 81' lang='lat' dir='ltr'><strong>despecto.</strong></span> <span class='ocrx_word' id='word_1_507' title='bbox 966 4137 1153 4195; x_wconf 83' lang='lat' dir='ltr'><strong>postea</strong></span> <span class='ocrx_word' id='word_1_508' title='bbox 1198 4126 1504 4195; x_wconf 86' lang='lat' dir='ltr'><strong>Scipionem</strong></span> <span class='ocrx_word' id='word_1_509' title='bbox 1550 4125 1797 4179; x_wconf 81' lang='lat' dir='ltr'><strong>Nasicam</strong></span> <span class='ocrx_word' id='word_1_510' title='bbox 1834 4124 1898 4177; x_wconf 86' lang='lat' dir='ltr'><strong>ad</strong></span> <span class='ocrx_word' id='word_1_511' title='bbox 1923 4124 2217 4176; x_wconf 91' lang='lat' dir='ltr'><strong>tumultum</strong></span> 
     </span>
    </p>
   </div>
   <div class='ocr_carea' id='block_1_71' title="bbox 658 4214 2217 4286">
    <p class='ocr_par' dir='ltr' id='par_1_71' title="bbox 658 4214 2217 4286">
     <span class='ocr_line' id='line_1_71' title="bbox 658 4214 2217 4286; baseline -0.003 -17"><span class='ocrx_word' id='word_1_512' title='bbox 658 4218 809 4270; x_wconf 91' lang='lat' dir='ltr'><strong>illum</strong></span> <span class='ocrx_word' id='word_1_513' title='bbox 843 4217 1143 4286; x_wconf 88' lang='lat' dir='ltr'><strong>pacandum</strong></span> <span class='ocrx_word' id='word_1_514' title='bbox 1182 4218 1470 4270; x_wconf 88' lang='lat' dir='ltr'><strong>miserunt.</strong></span> <span class='ocrx_word' id='word_1_515' title='bbox 1526 4215 1630 4281; x_wconf 85' lang='lat' dir='ltr'><strong>Qui</strong></span> <span class='ocrx_word' id='word_1_516' title='bbox 1662 4216 1823 4269; x_wconf 89' lang='lat' dir='ltr'><strong>rebus</strong></span> <span class='ocrx_word' id='word_1_517' title='bbox 1859 4214 1964 4267; x_wconf 87' lang='lat' dir='ltr'><strong>illis</strong></span> <span class='ocrx_word' id='word_1_518' title='bbox 1991 4214 2042 4267; x_wconf 92' lang='lat' dir='ltr'><strong>in</strong></span> <span class='ocrx_word' id='word_1_519' title='bbox 2070 4214 2217 4268; x_wconf 72' lang='lat' dir='ltr'><strong>Gm-</strong></span> 
     </span>
    </p>
   </div>
   <div class='ocr_carea' id='block_1_72' title="bbox 656 4305 2216 4378">
    <p class='ocr_par' dir='ltr' id='par_1_72' title="bbox 656 4305 2216 4378">
     <span class='ocr_line' id='line_1_72' title="bbox 656 4305 2216 4378; baseline -0.002 -16"><span class='ocrx_word' id='word_1_520' title='bbox 656 4308 741 4362; x_wconf 89' lang='lat' dir='ltr'><strong>cia</strong></span> <span class='ocrx_word' id='word_1_521' title='bbox 776 4307 1028 4378; x_wconf 86' lang='lat' dir='ltr'><strong>cognitis,</strong></span> <span class='ocrx_word' id='word_1_522' title='bbox 1060 4307 1125 4360; x_wconf 91' lang='lat' dir='ltr'><strong>ad</strong></span> <span class='ocrx_word' id='word_1_523' title='bbox 1162 4307 1432 4361; x_wconf 81' lang='lat' dir='ltr'><strong>Romanos</strong></span> <span class='ocrx_word' id='word_1_524' title='bbox 1466 4306 1682 4374; x_wconf 87' lang='lat' dir='ltr'><strong>scripsit</strong></span> <span class='ocrx_word' id='word_1_525' title='bbox 1710 4305 1893 4358; x_wconf 87' lang='lat' dir='ltr'><strong>omnia</strong></span> <span class='ocrx_word' id='word_1_526' title='bbox 1917 4321 1926 4359; x_wconf 88' lang='lat'><strong><em>:</em></strong></span> <span class='ocrx_word' id='word_1_527' title='bbox 1952 4316 2002 4358; x_wconf 89' lang='lat' dir='ltr'><strong>et</strong></span> <span class='ocrx_word' id='word_1_528' title='bbox 2030 4313 2216 4359; x_wconf 90' lang='lat' dir='ltr'><strong>coacto</strong></span> 
     </span>
    </p>
   </div>
   <div class='ocr_carea' id='block_1_73' title="bbox 657 4394 2214 4468">
    <p class='ocr_par' dir='ltr' id='par_1_73' title="bbox 657 4394 2214 4468">
     <span class='ocr_line' id='line_1_73' title="bbox 657 4394 2214 4468; baseline -0.004 -13"><span class='ocrx_word' id='word_1_529' title='bbox 657 4414 687 4455; x_wconf 82' lang='lat' dir='ltr'><strong>a</strong></span> <span class='ocrx_word' id='word_1_530' title='bbox 716 4399 879 4454; x_wconf 89' lang='lat' dir='ltr'><strong>sociis</strong></span> <span class='ocrx_word' id='word_1_531' title='bbox 923 4399 1165 4453; x_wconf 78' lang='lat' dir='ltr'><strong>exercitu</strong></span> <span class='ocrx_word' id='word_1_532' title='bbox 1224 4397 1299 4451; x_wconf 90' lang='lat' dir='ltr'><strong>rei</strong></span> <span class='ocrx_word' id='word_1_533' title='bbox 1348 4397 1601 4468; x_wconf 67' lang='lat' dir='ltr'><strong>gerendae</strong></span> <span class='ocrx_word' id='word_1_534' title='bbox 1642 4395 1903 4458; x_wconf 88' lang='lat' dir='ltr'><strong>intentus,</strong></span> <span class='ocrx_word' id='word_1_535' title='bbox 1944 4394 2009 4449; x_wconf 85' lang='lat' dir='ltr'><strong>ad</strong></span> <span class='ocrx_word' id='word_1_536' title='bbox 2038 4394 2214 4451; x_wconf 84' lang='lat' dir='ltr'><strong>Mace-</strong></span> 
     </span>
    </p>
   </div>
   <div class='ocr_carea' id='block_1_74' title="bbox 2330 3302 3882 3375">
    <p class='ocr_par' dir='ltr' id='par_1_74' title="bbox 2330 3302 3882 3375">
     <span class='ocr_line' id='line_1_74' title="bbox 2330 3302 3882 3375; baseline 0.001 -20"><span class='ocrx_word' id='word_1_537' title='bbox 2330 3304 2545 3374; x_wconf 81' lang='grc' dir='ltr'>πρῶτον</span> <span class='ocrx_word' id='word_1_538' title='bbox 2586 3305 2642 3365; x_wconf 85' lang='grc' dir='ltr'><strong>ἐς</strong></span> <span class='ocrx_word' id='word_1_539' title='bbox 2670 3302 2769 3372; x_wconf 77' lang='grc' dir='ltr'>τὴν</span> <span class='ocrx_word' id='word_1_540' title='bbox 2802 3302 3145 3357; x_wconf 83' lang='grc' dir='ltr'>Μακεδονίαν</span> <span class='ocrx_word' id='word_1_541' title='bbox 3174 3303 3365 3368; x_wconf 78' lang='grc' dir='ltr'>ἐλθὼν,</span> <span class='ocrx_word' id='word_1_542' title='bbox 3402 3307 3693 3375; x_wconf 79' lang='grc' dir='ltr'>ταράττειν</span> <span class='ocrx_word' id='word_1_543' title='bbox 3718 3308 3882 3373; x_wconf 75' lang='grc' dir='ltr'>αὐτὴν</span> 
     </span>
    </p>
   </div>
   <div class='ocr_carea' id='block_1_75' title="bbox 2327 3393 3883 3469">
    <p class='ocr_par' dir='ltr' id='par_1_75' title="bbox 2327 3393 3883 3469">
     <span class='ocr_line' id='line_1_75' title="bbox 2327 3393 3883 3469; baseline 0.003 -25"><span class='ocrx_word' id='word_1_544' title='bbox 2327 3394 2615 3461; x_wconf 72' lang='grc' dir='ltr'>ἐπειρᾶτο*</span> <span class='ocrx_word' id='word_1_545' title='bbox 2647 3394 2721 3455; x_wconf 85' lang='grc' dir='ltr'>ὡς</span> <span class='ocrx_word' id='word_1_546' title='bbox 2750 3394 2805 3447; x_wconf 79' lang='grc' dir='ltr'>δὲ</span> <span class='ocrx_word' id='word_1_547' title='bbox 2857 3393 3030 3457; x_wconf 76' lang='grc' dir='ltr'>οὐδεὶς</span> <span class='ocrx_word' id='word_1_548' title='bbox 3082 3396 3372 3464; x_wconf 87' lang='grc' dir='ltr'>προσεῖχεν</span> <span class='ocrx_word' id='word_1_549' title='bbox 3417 3396 3591 3466; x_wconf 83' lang='grc' dir='ltr'>ᾳύτῷ,</span> <span class='ocrx_word' id='word_1_550' title='bbox 3631 3397 3766 3469; x_wconf 83' lang='grc' dir='ltr'>πρὸς</span> <span class='ocrx_word' id='word_1_551' title='bbox 3800 3399 3883 3451; x_wconf 76' lang='grc' dir='ltr'><strong>τὸν</strong></span> 
     </span>
    </p>
   </div>
   <div class='ocr_carea' id='block_1_76' title="bbox 2325 3484 3881 3556">
    <p class='ocr_par' dir='ltr' id='par_1_76' title="bbox 2325 3484 3881 3556">
     <span class='ocr_line' id='line_1_76' title="bbox 2325 3484 3881 3556; baseline 0.004 -21"><span class='ocrx_word' id='word_1_552' title='bbox 2325 3486 2637 3555; x_wconf 81' lang='grc' dir='ltr'>Δημήτριον</span> <span class='ocrx_word' id='word_1_553' title='bbox 2683 3485 2765 3549; x_wconf 86' lang='grc' dir='ltr'><strong>είς</strong></span> <span class='ocrx_word' id='word_1_554' title='bbox 2795 3484 2895 3556; x_wconf 76' lang='grc' dir='ltr'><strong>τὴν</strong></span> <span class='ocrx_word' id='word_1_555' title='bbox 2932 3484 3133 3555; x_wconf 88' lang='grc' dir='ltr'>Συρίαν</span> <span class='ocrx_word' id='word_1_556' title='bbox 3163 3486 3454 3555; x_wconf 71' lang='grc' dir='ltr'>ἐτράπετο,</span> <span class='ocrx_word' id='word_1_557' title='bbox 3480 3489 3555 3551; x_wconf 85' lang='grc' dir='ltr'>ὡς</span> <span class='ocrx_word' id='word_1_558' title='bbox 3584 3489 3642 3554; x_wconf 80' lang='grc' dir='ltr'><strong>ἐξ</strong></span> <span class='ocrx_word' id='word_1_559' title='bbox 3679 3491 3881 3543; x_wconf 83' lang='grc' dir='ltr'>ἐκείνου</span> 
     </span>
    </p>
   </div>
   <div class='ocr_carea' id='block_1_77' title="bbox 2322 3576 3883 3649">
    <p class='ocr_par' dir='ltr' id='par_1_77' title="bbox 2322 3576 3883 3649">
     <span class='ocr_line' id='line_1_77' title="bbox 2322 3576 3883 3649; baseline 0.001 -18"><span class='ocrx_word' id='word_1_560' title='bbox 2322 3578 2411 3631; x_wconf 75' lang='grc' dir='ltr'>διὰ</span> <span class='ocrx_word' id='word_1_561' title='bbox 2456 3577 2517 3629; x_wconf 84' lang='grc' dir='ltr'>τὸ</span> <span class='ocrx_word' id='word_1_562' title='bbox 2562 3576 2719 3644; x_wconf 75' lang='grc' dir='ltr'>γένος</span> <span class='ocrx_word' id='word_1_563' title='bbox 2753 3576 3004 3649; x_wconf 76' lang='grc' dir='ltr'>βοηθείας</span> <span class='ocrx_word' id='word_1_564' title='bbox 3049 3577 3393 3648; x_wconf 79' lang='grc' dir='ltr'>τευξόμενος.</span> <span class='ocrx_word' id='word_1_565' title='bbox 3447 3580 3782 3649; x_wconf 68' lang='grc' dir='ltr'>Συλληφθεὶς</span> <span class='ocrx_word' id='word_1_566' title='bbox 3830 3582 3883 3634; x_wconf 75' lang='grc' dir='ltr'><strong>δέ</strong></span> 
     </span>
    </p>
   </div>
   <div class='ocr_carea' id='block_1_78' title="bbox 2324 3667 3880 3741">
    <p class='ocr_par' dir='ltr' id='par_1_78' title="bbox 2324 3667 3880 3741">
     <span class='ocr_line' id='line_1_78' title="bbox 2324 3667 3880 3741; baseline 0.001 -20"><span class='ocrx_word' id='word_1_567' title='bbox 2324 3669 2453 3738; x_wconf 83' lang='grc' dir='ltr'>παρ’</span> <span class='ocrx_word' id='word_1_568' title='bbox 2484 3669 2693 3721; x_wconf 71' lang='grc' dir='ltr'>ἐκείνου</span> <span class='ocrx_word' id='word_1_569' title='bbox 2720 3670 2813 3721; x_wconf 74' lang='grc' dir='ltr'><strong>καὶ</strong></span> <span class='ocrx_word' id='word_1_570' title='bbox 2838 3671 2918 3731; x_wconf 75' lang='grc' dir='ltr'><strong>είς</strong></span> <span class='ocrx_word' id='word_1_571' title='bbox 2970 3667 3065 3737; x_wconf 82' lang='grc' dir='ltr'><strong>τὴν</strong></span> <span class='ocrx_word' id='word_1_572' title='bbox 3107 3667 3327 3737; x_wconf 79' lang='grc' dir='ltr'>Ῥώμην</span> <span class='ocrx_word' id='word_1_573' title='bbox 3364 3671 3656 3741; x_wconf 77' lang='grc' dir='ltr'>πεμφθεὶς,</span> <span class='ocrx_word' id='word_1_574' title='bbox 3710 3674 3795 3723; x_wconf 78' lang='grc' dir='ltr'>ὅτι</span> <span class='ocrx_word' id='word_1_575' title='bbox 3824 3690 3880 3724; x_wconf 85' lang='grc' dir='ltr'><strong>τε</strong></span> 
     </span>
    </p>
   </div>
   <div class='ocr_carea' id='block_1_79' title="bbox 2325 3749 3885 3830">
    <p class='ocr_par' dir='ltr' id='par_1_79' title="bbox 2325 3749 3885 3830">
     <span class='ocr_line' id='line_1_79' title="bbox 2325 3749 3885 3830; baseline 0.002 -19"><span class='ocrx_word' id='word_1_576' title='bbox 2325 3756 2524 3829; x_wconf 65' lang='grc' dir='ltr'>μὴ’ὣν</span> <span class='ocrx_word' id='word_1_577' title='bbox 2580 3756 2675 3812; x_wconf 75' lang='grc' dir='ltr'>τοῦ</span> <span class='ocrx_word' id='word_1_578' title='bbox 2709 3749 2967 3827; x_wconf 80' lang='grc' dir='ltr'>Περσέως</span> <span class='ocrx_word' id='word_1_579' title='bbox 3026 3759 3141 3821; x_wconf 80' lang='grc' dir='ltr'>υίὸς</span> <span class='ocrx_word' id='word_1_580' title='bbox 3196 3760 3466 3830; x_wconf 73' lang='grc' dir='ltr'>ἠλέγχθη,</span> <span class='ocrx_word' id='word_1_581' title='bbox 3518 3763 3603 3813; x_wconf 72' lang='grc' dir='ltr'><strong>καὶ</strong></span> <span class='ocrx_word' id='word_1_582' title='bbox 3656 3762 3783 3814; x_wconf 73' lang='grc' dir='ltr'>οὐδέ</span> <span class='ocrx_word' id='word_1_583' title='bbox 3835 3781 3885 3814; x_wconf 82' lang='grc' dir='ltr'><strong>τι</strong></span> 
     </span>
    </p>
   </div>
   <div class='ocr_carea' id='block_1_80' title="bbox 2321 3843 3882 3920">
    <p class='ocr_par' dir='ltr' id='par_1_80' title="bbox 2321 3843 3882 3920">
     <span class='ocr_line' id='line_1_80' title="bbox 2321 3843 3882 3920; baseline 0.002 -20"><span class='ocrx_word' id='word_1_584' title='bbox 2321 3850 2508 3919; x_wconf 70' lang='grc' dir='ltr'>ἕτερον</span> <span class='ocrx_word' id='word_1_585' title='bbox 2538 3843 2684 3919; x_wconf 74' lang='grc' dir='ltr'>εἶχεν</span> <span class='ocrx_word' id='word_1_586' title='bbox 2710 3848 2861 3912; x_wconf 73' lang='grc' dir='ltr'>ἄξιον</span> <span class='ocrx_word' id='word_1_587' title='bbox 2880 3846 3062 3911; x_wconf 80' lang='grc' dir='ltr'>λόγου,</span> <span class='ocrx_word' id='word_1_588' title='bbox 3092 3850 3500 3920; x_wconf 80' lang='grc' dir='ltr'>κατεφρονήθη.</span> <span class='ocrx_word' id='word_1_589' title='bbox 3526 3851 3632 3903; x_wconf 69' lang='grc' dir='ltr'>Καὶ</span> <span class='ocrx_word' id='word_1_590' title='bbox 3660 3851 3882 3918; x_wconf 59' lang='grc' dir='ltr'>ἀφεθεὶς</span> 
     </span>
    </p>
   </div>
   <div class='ocr_carea' id='block_1_81' title="bbox 2321 3936 3883 4011">
    <p class='ocr_par' dir='ltr' id='par_1_81' title="bbox 2321 3936 3883 4011">
     <span class='ocr_line' id='line_1_81' title="bbox 2321 3936 3883 4011; baseline 0.003 -20"><span class='ocrx_word' id='word_1_591' title='bbox 2321 3940 2480 4009; x_wconf 86' lang='grc' dir='ltr'>χεῖρὰ</span> <span class='ocrx_word' id='word_1_592' title='bbox 2515 3956 2574 3991; x_wconf 91' lang='grc' dir='ltr'><strong>τε</strong></span> <span class='ocrx_word' id='word_1_593' title='bbox 2632 3939 2946 4007; x_wconf 78' lang='grc' dir='ltr'>συνήγαγεν</span> <span class='ocrx_word' id='word_1_594' title='bbox 2978 3936 3283 4008; x_wconf 83' lang='grc' dir='ltr'>ἀνθρώπων</span> <span class='ocrx_word' id='word_1_595' title='bbox 3337 3941 3742 4011; x_wconf 81' lang='grc' dir='ltr'>νεωτεροποιῶν</span> <span class='ocrx_word' id='word_1_596' title='bbox 3796 3943 3883 3995; x_wconf 75' lang='grc' dir='ltr'><strong>καὶ</strong></span> 
     </span>
    </p>
   </div>
   <div class='ocr_carea' id='block_1_82' title="bbox 2321 4029 3882 4103">
    <p class='ocr_par' dir='ltr' id='par_1_82' title="bbox 2321 4029 3882 4103">
     <span class='ocr_line' id='line_1_82' title="bbox 2321 4029 3882 4103; baseline 0.002 -19"><span class='ocrx_word' id='word_1_597' title='bbox 2321 4032 2502 4093; x_wconf 70' lang='grc' dir='ltr'>πόλεις</span> <span class='ocrx_word' id='word_1_598' title='bbox 2556 4029 2760 4093; x_wconf 73' lang='grc' dir='ltr'>πολλὰς</span> <span class='ocrx_word' id='word_1_599' title='bbox 2807 4030 3165 4099; x_wconf 80' lang='grc' dir='ltr'>ἐπηγάγετο.</span> <span class='ocrx_word' id='word_1_600' title='bbox 3222 4034 3319 4085; x_wconf 73' lang='grc' dir='ltr'>καὶ</span> <span class='ocrx_word' id='word_1_601' title='bbox 3386 4035 3542 4097; x_wconf 81' lang='grc' dir='ltr'>τέλος</span> <span class='ocrx_word' id='word_1_602' title='bbox 3604 4035 3882 4103; x_wconf 63' lang='grc' dir='ltr'>βασιλικὴν</span> 
     </span>
    </p>
   </div>
   <div class='ocr_carea' id='block_1_83' title="bbox 2322 4122 3875 4196">
    <p class='ocr_par' dir='ltr' id='par_1_83' title="bbox 2322 4122 3875 4196">
     <span class='ocr_line' id='line_1_83' title="bbox 2322 4122 3875 4196; baseline 0.004 -24"><span class='ocrx_word' id='word_1_603' title='bbox 2322 4122 2515 4189; x_wconf 82' lang='grc' dir='ltr'>στολὴν</span> <span class='ocrx_word' id='word_1_604' title='bbox 2553 4123 2935 4190; x_wconf 77' lang='grc' dir='ltr'>περιθέμενος,</span> <span class='ocrx_word' id='word_1_605' title='bbox 2969 4122 3064 4175; x_wconf 70' lang='grc' dir='ltr'><strong>καὶ</strong></span> <span class='ocrx_word' id='word_1_606' title='bbox 3093 4122 3327 4192; x_wconf 83' lang='grc' dir='ltr'>δύναμιν</span> <span class='ocrx_word' id='word_1_607' title='bbox 3358 4127 3768 4196; x_wconf 83' lang='grc' dir='ltr'>συγκροτήσας,</span> <span class='ocrx_word' id='word_1_608' title='bbox 3801 4126 3875 4187; x_wconf 75' lang='grc' dir='ltr'>εἰς</span> 
     </span>
    </p>
   </div>
   <div class='ocr_carea' id='block_1_84' title="bbox 2319 4210 3870 4288">
    <p class='ocr_par' dir='ltr' id='par_1_84' title="bbox 2319 4210 3870 4288">
     <span class='ocr_line' id='line_1_84' title="bbox 2319 4210 3870 4288; baseline 0.004 -23"><span class='ocrx_word' id='word_1_609' title='bbox 2319 4213 2540 4283; x_wconf 82' lang='grc' dir='ltr'>Θρᾴκην</span> <span class='ocrx_word' id='word_1_610' title='bbox 2580 4210 2833 4281; x_wconf 79' lang='grc' dir='ltr'>ἀφίκετο,</span> <span class='ocrx_word' id='word_1_611' title='bbox 2867 4213 2959 4267; x_wconf 76' lang='grc' dir='ltr'><strong>καὶ</strong></span> <span class='ocrx_word' id='word_1_612' title='bbox 3013 4215 3242 4283; x_wconf 80' lang='grc' dir='ltr'>συχνοὺς</span> <span class='ocrx_word' id='word_1_613' title='bbox 3278 4215 3375 4285; x_wconf 80' lang='grc' dir='ltr'>μὲν</span> <span class='ocrx_word' id='word_1_614' title='bbox 3405 4216 3514 4269; x_wconf 83' lang='grc' dir='ltr'><strong>τῶν</strong></span> <span class='ocrx_word' id='word_1_615' title='bbox 3548 4218 3870 4288; x_wconf 82' lang='grc' dir='ltr'>αὐτονόμων,</span> 
     </span>
    </p>
   </div>
   <div class='ocr_carea' id='block_1_85' title="bbox 2320 4304 3869 4379">
    <p class='ocr_par' dir='ltr' id='par_1_85' title="bbox 2320 4304 3869 4379">
     <span class='ocr_line' id='line_1_85' title="bbox 2320 4304 3869 4379; baseline 0.003 -22"><span class='ocrx_word' id='word_1_616' title='bbox 2320 4304 2548 4374; x_wconf 78' lang='grc' dir='ltr'>συχνοὺς</span> <span class='ocrx_word' id='word_1_617' title='bbox 2576 4304 2632 4356; x_wconf 81' lang='grc' dir='ltr'>δὲ</span> <span class='ocrx_word' id='word_1_618' title='bbox 2658 4305 2753 4358; x_wconf 79' lang='grc' dir='ltr'>καὶ</span> <span class='ocrx_word' id='word_1_619' title='bbox 2804 4304 2913 4358; x_wconf 85' lang='grc' dir='ltr'>τῶν</span> <span class='ocrx_word' id='word_1_620' title='bbox 2940 4305 3219 4359; x_wconf 83' lang='grc' dir='ltr'>δυναστῶν</span> <span class='ocrx_word' id='word_1_621' title='bbox 3244 4308 3357 4369; x_wconf 83' lang='grc' dir='ltr'>τοῖς</span> <span class='ocrx_word' id='word_1_622' title='bbox 3398 4306 3692 4377; x_wconf 76' lang='grc' dir='ltr'>Ῥωμαίοις</span> <span class='ocrx_word' id='word_1_623' title='bbox 3717 4310 3869 4379; x_wconf 80' lang='grc' dir='ltr'>ἀχθο-</span> 
     </span>
    </p>
   </div>
   <div class='ocr_carea' id='block_1_86' title="bbox 2321 4396 3869 4465">
    <p class='ocr_par' dir='ltr' id='par_1_86' title="bbox 2321 4396 3869 4465">
     <span class='ocr_line' id='line_1_86' title="bbox 2321 4396 3869 4465; baseline 0.003 -18"><span class='ocrx_word' id='word_1_624' title='bbox 2321 4398 2501 4465; x_wconf 78' lang='grc' dir='ltr'>μένοις</span> <span class='ocrx_word' id='word_1_625' title='bbox 2558 4396 2915 4465; x_wconf 57' lang='grc' dir='ltr'>παραλᾶὄὼν,</span> <span class='ocrx_word' id='word_1_626' title='bbox 2978 4397 3058 4461; x_wconf 87' lang='grc' dir='ltr'><strong>είς</strong></span> <span class='ocrx_word' id='word_1_627' title='bbox 3112 4397 3446 4452; x_wconf 77' lang='grc' dir='ltr'>Μακεδονίαν</span> <span class='ocrx_word' id='word_1_628' title='bbox 3505 4401 3725 4455; x_wconf 66' lang='grc' dir='ltr'>ἐνέϐαλε</span> <span class='ocrx_word' id='word_1_629' title='bbox 3788 4401 3869 4454; x_wconf 79' lang='grc' dir='ltr'>καὶ</span> 
     </span>
    </p>
   </div>
   <div class='ocr_carea' id='block_1_87' title="bbox 658 4484 2217 4567">
    <p class='ocr_par' dir='ltr' id='par_1_87' title="bbox 658 4484 2215 4556">
     <span class='ocr_line' id='line_1_87' title="bbox 658 4484 2215 4556; baseline -0.001 -17"><span class='ocrx_word' id='word_1_630' title='bbox 658 4486 875 4540; x_wconf 89' lang='lat' dir='ltr'><strong>doniam</strong></span> <span class='ocrx_word' id='word_1_631' title='bbox 896 4488 1181 4556; x_wconf 86' lang='lat' dir='ltr'><strong>processit.</strong></span> <span class='ocrx_word' id='word_1_632' title='bbox 1214 4487 1443 4541; x_wconf 88' lang='lat' dir='ltr'><strong>Romani</strong></span> <span class='ocrx_word' id='word_1_633' title='bbox 1470 4486 1635 4556; x_wconf 83' lang='lat' dir='ltr'><strong>igitur</strong></span> <span class='ocrx_word' id='word_1_634' title='bbox 1663 4486 1721 4539; x_wconf 88' lang='lat' dir='ltr'><strong>P.</strong></span> <span class='ocrx_word' id='word_1_635' title='bbox 1754 4484 2065 4539; x_wconf 83' lang='lat' dir='ltr'><strong>Juventimn</strong></span> <span class='ocrx_word' id='word_1_636' title='bbox 2090 4500 2215 4538; x_wconf 90' lang='lat' dir='ltr'><strong>cum</strong></span> 
     </span>
    </p>
   </div>
   <div class='ocr_carea' id='block_1_88' title="bbox 2324 4484 3868 4567">
    <p class='ocr_par' dir='ltr' id='par_1_88' title="bbox 2324 4486 3868 4567">
     <span class='ocr_line' id='line_1_88' title="bbox 2324 4486 3868 4567; baseline 0.004 -28"><span class='ocrx_word' id='word_1_637' title='bbox 2324 4486 2485 4557; x_wconf 77' lang='grc' dir='ltr'>αὐτὴν</span> <span class='ocrx_word' id='word_1_638' title='bbox 2526 4488 2776 4556; x_wconf 72' lang='grc' dir='ltr'>κατέσχεο</span> <span class='ocrx_word' id='word_1_639' title='bbox 2848 4490 2941 4542; x_wconf 84' lang='grc' dir='ltr'>καὶ</span> <span class='ocrx_word' id='word_1_640' title='bbox 2995 4490 3089 4542; x_wconf 79' lang='grc' dir='ltr'>ἐπὶ</span> <span class='ocrx_word' id='word_1_641' title='bbox 3128 4490 3225 4559; x_wconf 81' lang='grc' dir='ltr'>τὴν</span> <span class='ocrx_word' id='word_1_642' title='bbox 3272 4492 3580 4545; x_wconf 88' lang='grc' dir='ltr'>Θεσσαλίαν</span> <span class='ocrx_word' id='word_1_643' title='bbox 3634 4495 3868 4567; x_wconf 58' lang='grc' dir='ltr'>ὁρμήσας</span> 
     </span>
    </p>
   </div>
   <div class='ocr_carea' id='block_1_89' title="bbox 659 4552 2217 4655">
    <p class='ocr_par' dir='ltr' id='par_1_89' title="bbox 659 4575 2215 4640">
     <span class='ocr_line' id='line_1_89' title="bbox 659 4575 2215 4640; baseline -0.001 -9"><span class='ocrx_word' id='word_1_644' title='bbox 659 4577 902 4632; x_wconf 81' lang='lat' dir='ltr'><strong>exercitu</strong></span> <span class='ocrx_word' id='word_1_645' title='bbox 952 4586 1143 4631; x_wconf 87' lang='lat' dir='ltr'><strong>contra</strong></span> <span class='ocrx_word' id='word_1_646' title='bbox 1202 4592 1328 4631; x_wconf 89' lang='lat' dir='ltr'><strong>eum</strong></span> <span class='ocrx_word' id='word_1_647' title='bbox 1376 4577 1663 4631; x_wconf 87' lang='lat' dir='ltr'><strong>miserunt.</strong></span> <span class='ocrx_word' id='word_1_648' title='bbox 1714 4575 1883 4640; x_wconf 86' lang='lat' dir='ltr'><strong>Quem</strong></span> <span class='ocrx_word' id='word_1_649' title='bbox 1918 4575 2215 4629; x_wconf 82' lang='lat' dir='ltr'><strong>Andriscus</strong></span> 
     </span>
    </p>
   </div>
   <div class='ocr_carea' id='block_1_90' title="bbox 2324 4552 3856 4655">
    <p class='ocr_par' dir='ltr' id='par_1_90' title="bbox 2324 4578 3856 4655">
     <span class='ocr_line' id='line_1_90' title="bbox 2324 4578 3856 4655; baseline 0.003 -26"><span class='ocrx_word' id='word_1_650' title='bbox 2324 4578 2418 4630; x_wconf 88' lang='grc' dir='ltr'><strong>ούκ</strong></span> <span class='ocrx_word' id='word_1_651' title='bbox 2466 4579 2621 4647; x_wconf 80' lang='grc' dir='ltr'>ὀλίγα</span> <span class='ocrx_word' id='word_1_652' title='bbox 2653 4579 2855 4649; x_wconf 80' lang='grc' dir='ltr'>ταύτης</span> <span class='ocrx_word' id='word_1_653' title='bbox 2906 4582 3364 4651; x_wconf 83' lang='grc' dir='ltr'>προσεποιήσατο.</span> <span class='ocrx_word' id='word_1_654' title='bbox 3396 4583 3460 4635; x_wconf 87' lang='lat' dir='ltr'><strong>Oi</strong></span> <span class='ocrx_word' id='word_1_655' title='bbox 3490 4582 3548 4635; x_wconf 82' lang='grc' dir='ltr'>δὲ</span> <span class='ocrx_word' id='word_1_656' title='bbox 3615 4583 3856 4655; x_wconf 76' lang='grc' dir='ltr'>Ῥωμαῖοι</span> 
     </span>
    </p>
   </div>
   <div class='ocr_carea' id='block_1_91' title="bbox 658 4652 2218 4723">
    <p class='ocr_par' dir='ltr' id='par_1_91' title="bbox 658 4652 2218 4723">
     <span class='ocr_line' id='line_1_91' title="bbox 658 4652 2218 4723; baseline 0 -2"><span class='ocrx_word' id='word_1_657' title='bbox 658 4668 801 4723; x_wconf 87' lang='lat' dir='ltr'><strong>circa</strong></span> <span class='ocrx_word' id='word_1_658' title='bbox 842 4652 1207 4723; x_wconf 79' lang='lat' dir='ltr'><strong>Macedomam</strong></span> <span class='ocrx_word' id='word_1_659' title='bbox 1248 4665 1473 4721; x_wconf 90' lang='lat' dir='ltr'><strong>adortus</strong></span> <span class='ocrx_word' id='word_1_660' title='bbox 1525 4664 1837 4721; x_wconf 79' lang='lat' dir='ltr'><strong>interfecit:</strong></span> <span class='ocrx_word' id='word_1_661' title='bbox 1878 4680 1940 4719; x_wconf 88' lang='lat' dir='ltr'><strong>ac</strong></span> <span class='ocrx_word' id='word_1_662' title='bbox 1991 4676 2218 4721; x_wconf 60' lang='lat' dir='ltr'><strong>ceteros</strong></span> 
     </span>
    </p>
   </div>
   <div class='ocr_carea' id='block_1_92' title="bbox 657 4756 2221 4823">
    <p class='ocr_par' dir='ltr' id='par_1_92' title="bbox 657 4756 2221 4823">
     <span class='ocr_line' id='line_1_92' title="bbox 657 4756 2221 4823; baseline 0.001 -12"><span class='ocrx_word' id='word_1_663' title='bbox 657 4760 819 4814; x_wconf 86' lang='lat' dir='ltr'><strong>etiam</strong></span> <span class='ocrx_word' id='word_1_664' title='bbox 872 4761 1214 4823; x_wconf 85' lang='lat' dir='ltr'><strong>trucidasset,</strong></span> <span class='ocrx_word' id='word_1_665' title='bbox 1265 4759 1364 4814; x_wconf 89' lang='lat' dir='ltr'><strong>nisi</strong></span> <span class='ocrx_word' id='word_1_666' title='bbox 1418 4766 1579 4813; x_wconf 91' lang='lat' dir='ltr'><strong>noctu</strong></span> <span class='ocrx_word' id='word_1_667' title='bbox 1631 4756 2032 4812; x_wconf 83' lang='lat' dir='ltr'><strong>discessissent.</strong></span> <span class='ocrx_word' id='word_1_668' title='bbox 2092 4758 2221 4812; x_wconf 90' lang='lat' dir='ltr'><strong>Post</strong></span> 
     </span>
    </p>
   </div>
   <div class='ocr_carea' id='block_1_93' title="bbox 660 4847 2217 4919">
    <p class='ocr_par' dir='ltr' id='par_1_93' title="bbox 660 4847 2217 4919">
     <span class='ocr_line' id='line_1_93' title="bbox 660 4847 2217 4919; baseline 0.001 -16"><span class='ocrx_word' id='word_1_669' title='bbox 660 4850 775 4903; x_wconf 66' lang='lat' dir='ltr'><strong>haec</strong></span> <span class='ocrx_word' id='word_1_670' title='bbox 816 4850 869 4902; x_wconf 91' lang='lat' dir='ltr'><strong>in</strong></span> <span class='ocrx_word' id='word_1_671' title='bbox 910 4850 1185 4903; x_wconf 88' lang='lat' dir='ltr'><strong>Thessalia</strong></span> <span class='ocrx_word' id='word_1_672' title='bbox 1225 4850 1427 4919; x_wconf 78' lang='lat' dir='ltr'><strong>passim</strong></span> <span class='ocrx_word' id='word_1_673' title='bbox 1467 4858 1760 4919; x_wconf 85' lang='lat' dir='ltr'><strong>grassatus,</strong></span> <span class='ocrx_word' id='word_1_674' title='bbox 1813 4847 2057 4905; x_wconf 88' lang='lat' dir='ltr'><strong>Thraces</strong></span> <span class='ocrx_word' id='word_1_675' title='bbox 2112 4850 2217 4905; x_wconf 89' lang='lat' dir='ltr'><strong>sibi</strong></span> 
     </span>
    </p>
   </div>
   <div class='ocr_carea' id='block_1_94' title="bbox 660 4938 2215 5011">
    <p class='ocr_par' dir='ltr' id='par_1_94' title="bbox 660 4938 2215 5011">
     <span class='ocr_line' id='line_1_94' title="bbox 660 4938 2215 5011; baseline 0.001 -17"><span class='ocrx_word' id='word_1_676' title='bbox 660 4941 925 5011; x_wconf 80' lang='lat' dir='ltr'><strong>adjunxit.</strong></span> <span class='ocrx_word' id='word_1_677' title='bbox 957 4938 1318 5006; x_wconf 73' lang='lat' dir='ltr'><strong>Quamobrem</strong></span> <span class='ocrx_word' id='word_1_678' title='bbox 1371 4940 1598 4995; x_wconf 80' lang='lat' dir='ltr'><strong>Romani</strong></span> <span class='ocrx_word' id='word_1_679' title='bbox 1643 4938 1904 5007; x_wconf 88' lang='lat' dir='ltr'><strong>Quintum</strong></span> <span class='ocrx_word' id='word_1_680' title='bbox 1934 4941 2215 4996; x_wconf 70' lang='lat' dir='ltr'><strong>Cmeilium</strong></span> 
     </span>
    </p>
   </div>
   <div class='ocr_carea' id='block_1_95' title="bbox 662 5030 2214 5101">
    <p class='ocr_par' dir='ltr' id='par_1_95' title="bbox 662 5030 2214 5101">
     <span class='ocr_line' id='line_1_95' title="bbox 662 5030 2214 5101; baseline 0.002 -16"><span class='ocrx_word' id='word_1_681' title='bbox 662 5032 931 5086; x_wconf 82' lang='lat' dir='ltr'><strong>Mcte&#39;lum</strong></span> <span class='ocrx_word' id='word_1_682' title='bbox 968 5040 1255 5101; x_wconf 63' lang='lat' dir='ltr'><strong>praetorem</strong></span> <span class='ocrx_word' id='word_1_683' title='bbox 1304 5045 1427 5084; x_wconf 90' lang='lat' dir='ltr'><strong>cum</strong></span> <span class='ocrx_word' id='word_1_684' title='bbox 1461 5030 1670 5101; x_wconf 87' lang='lat' dir='ltr'><strong>magnis</strong></span> <span class='ocrx_word' id='word_1_685' title='bbox 1722 5034 1895 5100; x_wconf 81' lang='lat' dir='ltr'><strong>copiis</strong></span> <span class='ocrx_word' id='word_1_686' title='bbox 1929 5033 2214 5088; x_wconf 88' lang='lat' dir='ltr'><strong>miserunt.</strong></span> 
     </span>
    </p>
   </div>
   <div class='ocr_carea' id='block_1_96' title="bbox 659 5123 2218 5193">
    <p class='ocr_par' dir='ltr' id='par_1_96' title="bbox 659 5123 2218 5193">
     <span class='ocr_line' id='line_1_96' title="bbox 659 5123 2218 5193; baseline 0.001 -15"><span class='ocrx_word' id='word_1_687' title='bbox 659 5126 755 5178; x_wconf 87' lang='lat' dir='ltr'><strong>Cui</strong></span> <span class='ocrx_word' id='word_1_688' title='bbox 781 5124 1144 5179; x_wconf 83' lang='lat' dir='ltr'><strong>Macedoniam</strong></span> <span class='ocrx_word' id='word_1_689' title='bbox 1178 5127 1440 5193; x_wconf 88' lang='lat' dir='ltr'><strong>ingresso,</strong></span> <span class='ocrx_word' id='word_1_690' title='bbox 1468 5123 1682 5177; x_wconf 85' lang='lat' dir='ltr'><strong>Attalus</strong></span> <span class='ocrx_word' id='word_1_691' title='bbox 1708 5123 1880 5178; x_wconf 90' lang='lat' dir='ltr'><strong>classe</strong></span> <span class='ocrx_word' id='word_1_692' title='bbox 1911 5125 2111 5179; x_wconf 74' lang='lat' dir='ltr'><strong>auxilio</strong></span> <span class='ocrx_word' id='word_1_693' title='bbox 2130 5142 2218 5181; x_wconf 84' lang='lat' dir='ltr'><strong>ve-</strong></span> 
     </span>
    </p>
   </div>
   <div class='ocr_carea' id='block_1_97' title="bbox 664 5214 2213 5285">
    <p class='ocr_par' dir='ltr' id='par_1_97' title="bbox 664 5214 2213 5285">
     <span class='ocr_line' id='line_1_97' title="bbox 664 5214 2213 5285; baseline 0.006 -21"><span class='ocrx_word' id='word_1_694' title='bbox 664 5214 762 5267; x_wconf 90' lang='lat' dir='ltr'><strong>nit.</strong></span> <span class='ocrx_word' id='word_1_695' title='bbox 808 5215 1105 5269; x_wconf 76' lang='lat' dir='ltr'><strong>Andriscus</strong></span> <span class='ocrx_word' id='word_1_696' title='bbox 1150 5216 1313 5285; x_wconf 85' lang='lat' dir='ltr'><strong>igitur</strong></span> <span class='ocrx_word' id='word_1_697' title='bbox 1358 5216 1425 5269; x_wconf 92' lang='lat' dir='ltr'><strong>de</strong></span> <span class='ocrx_word' id='word_1_698' title='bbox 1468 5232 1562 5269; x_wconf 90' lang='lat' dir='ltr'><strong>ora</strong></span> <span class='ocrx_word' id='word_1_699' title='bbox 1617 5216 1889 5271; x_wconf 85' lang='lat' dir='ltr'><strong>maritima</strong></span> <span class='ocrx_word' id='word_1_700' title='bbox 1926 5218 2213 5281; x_wconf 85' lang='lat' dir='ltr'><strong>sollicitus,</strong></span> 
     </span>
    </p>
   </div>
   <div class='ocr_carea' id='block_1_98' title="bbox 661 5302 2214 5377">
    <p class='ocr_par' dir='ltr' id='par_1_98' title="bbox 661 5302 2214 5377">
     <span class='ocr_line' id='line_1_98' title="bbox 661 5302 2214 5377; baseline 0.005 -23"><span class='ocrx_word' id='word_1_701' title='bbox 661 5302 891 5356; x_wconf 91' lang='lat' dir='ltr'><strong>ulterius</strong></span> <span class='ocrx_word' id='word_1_702' title='bbox 914 5306 1162 5373; x_wconf 84' lang='lat' dir='ltr'><strong>progredi</strong></span> <span class='ocrx_word' id='word_1_703' title='bbox 1196 5323 1303 5360; x_wconf 92' lang='lat' dir='ltr'><strong>non</strong></span> <span class='ocrx_word' id='word_1_704' title='bbox 1349 5316 1430 5361; x_wconf 85' lang='lat' dir='ltr'><strong>est</strong></span> <span class='ocrx_word' id='word_1_705' title='bbox 1459 5322 1645 5369; x_wconf 88' lang='lat' dir='ltr'><strong>ausus,</strong></span> <span class='ocrx_word' id='word_1_706' title='bbox 1678 5308 1772 5362; x_wconf 90' lang='lat' dir='ltr'><strong>sed</strong></span> <span class='ocrx_word' id='word_1_707' title='bbox 1808 5309 2029 5377; x_wconf 90' lang='lat' dir='ltr'><strong>paulum</strong></span> <span class='ocrx_word' id='word_1_708' title='bbox 2064 5318 2214 5363; x_wconf 76' lang='lat' dir='ltr'><strong>extra</strong></span> 
     </span>
    </p>
   </div>
   <div class='ocr_carea' id='block_1_99' title="bbox 662 5392 2215 5470">
    <p class='ocr_par' dir='ltr' id='par_1_99' title="bbox 662 5392 2215 5470">
     <span class='ocr_line' id='line_1_99' title="bbox 662 5392 2215 5470; baseline 0.003 -23"><span class='ocrx_word' id='word_1_709' title='bbox 662 5392 899 5464; x_wconf 80' lang='lat' dir='ltr'><strong>Pydnam</strong></span> <span class='ocrx_word' id='word_1_710' title='bbox 951 5397 1226 5463; x_wconf 86' lang='lat' dir='ltr'><strong>productis</strong></span> <span class='ocrx_word' id='word_1_711' title='bbox 1267 5400 1457 5469; x_wconf 87' lang='lat' dir='ltr'><strong>copiis,</strong></span> <span class='ocrx_word' id='word_1_712' title='bbox 1516 5400 1758 5470; x_wconf 84' lang='lat' dir='ltr'><strong>equestri</strong></span> <span class='ocrx_word' id='word_1_713' title='bbox 1803 5401 1988 5467; x_wconf 69' lang='lat' dir='ltr'><strong>przelio</strong></span> <span class='ocrx_word' id='word_1_714' title='bbox 2017 5400 2215 5463; x_wconf 83' lang='lat' dir='ltr'><strong>victor,</strong></span> 
     </span>
    </p>
   </div>
   <div class='ocr_carea' id='block_1_100' title="bbox 664 5487 2217 5555">
    <p class='ocr_par' dir='ltr' id='par_1_100' title="bbox 664 5487 2217 5555">
     <span class='ocr_line' id='line_1_100' title="bbox 664 5487 2217 5555; baseline 0.005 -18"><span class='ocrx_word' id='word_1_715' title='bbox 664 5496 809 5541; x_wconf 90' lang='lat' dir='ltr'><strong>metu</strong></span> <span class='ocrx_word' id='word_1_716' title='bbox 844 5487 1107 5555; x_wconf 88' lang='lat' dir='ltr'><strong>pedestris</strong></span> <span class='ocrx_word' id='word_1_717' title='bbox 1138 5492 1409 5545; x_wconf 84' lang='lat' dir='ltr'><strong>exercitus</strong></span> <span class='ocrx_word' id='word_1_718' title='bbox 1439 5501 1586 5545; x_wconf 88' lang='lat' dir='ltr'><strong>retro</strong></span> <span class='ocrx_word' id='word_1_719' title='bbox 1606 5490 1762 5543; x_wconf 90' lang='lat' dir='ltr'><strong>abiit.</strong></span> <span class='ocrx_word' id='word_1_720' title='bbox 1797 5489 1867 5542; x_wconf 85' lang='lat' dir='ltr'><strong>Ea</strong></span> <span class='ocrx_word' id='word_1_721' title='bbox 1901 5499 2079 5543; x_wconf 89' lang='lat' dir='ltr'><strong>tamen</strong></span> <span class='ocrx_word' id='word_1_722' title='bbox 2109 5492 2217 5545; x_wconf 83' lang='lat' dir='ltr'><strong>vic-</strong></span> 
     </span>
    </p>
   </div>
   <div class='ocr_carea' id='block_1_101' title="bbox 665 5579 2215 5649">
    <p class='ocr_par' dir='ltr' id='par_1_101' title="bbox 665 5579 2215 5649">
     <span class='ocr_line' id='line_1_101' title="bbox 665 5579 2215 5649; baseline 0.005 -19"><span class='ocrx_word' id='word_1_723' title='bbox 665 5579 801 5632; x_wconf 85' lang='lat' dir='ltr'><strong>toria</strong></span> <span class='ocrx_word' id='word_1_724' title='bbox 828 5581 1004 5633; x_wconf 88' lang='lat' dir='ltr'><strong>elatus</strong></span> <span class='ocrx_word' id='word_1_725' title='bbox 1037 5581 1208 5649; x_wconf 87' lang='lat' dir='ltr'><strong>copiis</strong></span> <span class='ocrx_word' id='word_1_726' title='bbox 1239 5581 1485 5635; x_wconf 82' lang='lat' dir='ltr'><strong>bifariam</strong></span> <span class='ocrx_word' id='word_1_727' title='bbox 1520 5580 1732 5644; x_wconf 81' lang='lat' dir='ltr'><strong>divisis,</strong></span> <span class='ocrx_word' id='word_1_728' title='bbox 1762 5590 1971 5649; x_wconf 87' lang='lat' dir='ltr'><strong>partem</strong></span> <span class='ocrx_word' id='word_1_729' title='bbox 2001 5580 2065 5635; x_wconf 89' lang='lat' dir='ltr'><strong>ad</strong></span> <span class='ocrx_word' id='word_1_730' title='bbox 2094 5597 2215 5637; x_wconf 82' lang='lat' dir='ltr'><strong>vas-</strong></span> 
     </span>
    </p>
   </div>
   <div class='ocr_carea' id='block_1_102' title="bbox 666 5667 2210 5737">
    <p class='ocr_par' dir='ltr' id='par_1_102' title="bbox 666 5667 2210 5737">
     <span class='ocr_line' id='line_1_102' title="bbox 666 5667 2210 5737; baseline 0.005 -20"><span class='ocrx_word' id='word_1_731' title='bbox 666 5667 878 5721; x_wconf 82' lang='lat' dir='ltr'><strong>tandam</strong></span> <span class='ocrx_word' id='word_1_732' title='bbox 912 5668 1245 5723; x_wconf 83' lang='lat' dir='ltr'><strong>Thessaliam</strong></span> <span class='ocrx_word' id='word_1_733' title='bbox 1276 5670 1442 5733; x_wconf 87' lang='lat' dir='ltr'><strong>misit,</strong></span> <span class='ocrx_word' id='word_1_734' title='bbox 1470 5679 1678 5737; x_wconf 86' lang='lat' dir='ltr'><strong>partem</strong></span> <span class='ocrx_word' id='word_1_735' title='bbox 1704 5669 1844 5737; x_wconf 88' lang='lat' dir='ltr'><strong>apud</strong></span> <span class='ocrx_word' id='word_1_736' title='bbox 1883 5685 1939 5725; x_wconf 90' lang='lat' dir='ltr'><strong>se</strong></span> <span class='ocrx_word' id='word_1_737' title='bbox 1971 5671 2210 5725; x_wconf 89' lang='lat' dir='ltr'><strong>retinuit.</strong></span> 
     </span>
    </p>
   </div>
   <div class='ocr_carea' id='block_1_103' title="bbox 664 5758 2212 5832">
    <p class='ocr_par' dir='ltr' id='par_1_103' title="bbox 664 5758 2212 5832">
     <span class='ocr_line' id='line_1_103' title="bbox 664 5758 2212 5832; baseline 0.005 -21"><span class='ocrx_word' id='word_1_738' title='bbox 664 5758 894 5813; x_wconf 76' lang='lat' dir='ltr'><strong>Proinde</strong></span> <span class='ocrx_word' id='word_1_739' title='bbox 941 5760 1187 5814; x_wconf 78' lang='lat' dir='ltr'><strong>Metellus</strong></span> <span class='ocrx_word' id='word_1_740' title='bbox 1237 5776 1425 5816; x_wconf 89' lang='lat' dir='ltr'><strong>eorum</strong></span> <span class='ocrx_word' id='word_1_741' title='bbox 1463 5762 1733 5828; x_wconf 87' lang='lat' dir='ltr'><strong>paucitate</strong></span> <span class='ocrx_word' id='word_1_742' title='bbox 1788 5774 2123 5832; x_wconf 78' lang='lat' dir='ltr'><strong>contempta,</strong></span> <span class='ocrx_word' id='word_1_743' title='bbox 2162 5766 2212 5818; x_wconf 90' lang='lat' dir='ltr'><strong>in</strong></span> 
     </span>
    </p>
   </div>
   <div class='ocr_carea' id='block_1_104' title="bbox 662 5842 2212 5927">
    <p class='ocr_par' dir='ltr' id='par_1_104' title="bbox 662 5842 2212 5927">
     <span class='ocr_line' id='line_1_104' title="bbox 662 5842 2212 5927; baseline 0.003 -18"><span class='ocrx_word' id='word_1_744' title='bbox 662 5855 853 5925; x_wconf 62' lang='lat' dir='ltr'><strong>[acim</strong></span> <span class='ocrx_word' id='word_1_745' title='bbox 887 5855 1187 5925; x_wconf 86' lang='lat' dir='ltr'><strong>descendit,</strong></span> <span class='ocrx_word' id='word_1_746' title='bbox 1225 5872 1285 5910; x_wconf 88' lang='lat' dir='ltr'><strong>ac</strong></span> <span class='ocrx_word' id='word_1_747' title='bbox 1316 5858 1470 5913; x_wconf 68' lang='lat' dir='ltr'><strong>victis</strong></span> <span class='ocrx_word' id='word_1_748' title='bbox 1513 5857 1577 5911; x_wconf 90' lang='lat' dir='ltr'><strong>iis</strong></span> <span class='ocrx_word' id='word_1_749' title='bbox 1618 5856 1705 5927; x_wconf 86' lang='lat' dir='ltr'><strong>qui</strong></span> <span class='ocrx_word' id='word_1_750' title='bbox 1738 5856 1893 5927; x_wconf 84' lang='lat' dir='ltr'><strong>primi</strong></span> <span class='ocrx_word' id='word_1_751' title='bbox 1926 5842 1989 5911; x_wconf 76' lang='lat' dir='ltr'><strong>ad</strong></span> <span class='ocrx_word' id='word_1_752' title='bbox 2021 5874 2212 5913; x_wconf 85' lang='lat' dir='ltr'><strong>manus</strong></span> 
     </span>
    </p>
   </div>
   <div class='ocr_carea' id='block_1_105' title="bbox 2320 4671 3867 4745">
    <p class='ocr_par' dir='ltr' id='par_1_105' title="bbox 2320 4671 3867 4745">
     <span class='ocr_line' id='line_1_105' title="bbox 2320 4671 3867 4745; baseline 0.004 -21"><span class='ocrx_word' id='word_1_753' title='bbox 2320 4672 2693 4743; x_wconf 83' lang='grc' dir='ltr'>κατεφρόνουν</span> <span class='ocrx_word' id='word_1_754' title='bbox 2734 4672 2834 4741; x_wconf 78' lang='grc' dir='ltr'>μὲν</span> <span class='ocrx_word' id='word_1_755' title='bbox 2892 4671 3161 4742; x_wconf 88' lang='grc' dir='ltr'>πρότερον</span> <span class='ocrx_word' id='word_1_756' title='bbox 3220 4672 3313 4726; x_wconf 84' lang='grc' dir='ltr'><strong>τοῦ</strong></span> <span class='ocrx_word' id='word_1_757' title='bbox 3367 4672 3701 4745; x_wconf 82' lang='grc' dir='ltr'>Ἀνδρίσκου·</span> <span class='ocrx_word' id='word_1_758' title='bbox 3764 4674 3867 4731; x_wconf 71' lang='grc' dir='ltr'>εἶτα</span> 
     </span>
    </p>
   </div>
   <div class='ocr_carea' id='block_1_106' title="bbox 2317 4762 3868 4839">
    <p class='ocr_par' dir='ltr' id='par_1_106' title="bbox 2317 4762 3868 4839">
     <span class='ocr_line' id='line_1_106' title="bbox 2317 4762 3868 4839; baseline 0.006 -26"><span class='ocrx_word' id='word_1_759' title='bbox 2317 4762 2407 4815; x_wconf 80' lang='grc' dir='ltr'><strong>τὸν</strong></span> <span class='ocrx_word' id='word_1_760' title='bbox 2430 4764 2707 4817; x_wconf 86' lang='grc' dir='ltr'>Σκιπίωνα</span> <span class='ocrx_word' id='word_1_761' title='bbox 2738 4764 2828 4817; x_wconf 80' lang='grc' dir='ltr'><strong>τὸν</strong></span> <span class='ocrx_word' id='word_1_762' title='bbox 2858 4765 3109 4819; x_wconf 76' lang='grc' dir='ltr'>Νασικᾶν</span> <span class='ocrx_word' id='word_1_763' title='bbox 3152 4764 3405 4836; x_wconf 71' lang='grc' dir='ltr'>ἔπεμψαν</span> <span class='ocrx_word' id='word_1_764' title='bbox 3438 4768 3729 4839; x_wconf 68' lang='grc' dir='ltr'>είρῖιινικῶς</span> <span class='ocrx_word' id='word_1_765' title='bbox 3764 4782 3868 4829; x_wconf 64' lang='grc' dir='ltr'><strong>πως</strong></span> 
     </span>
    </p>
   </div>
   <div class='ocr_carea' id='block_1_107' title="bbox 2319 4854 3864 4929">
    <p class='ocr_par' dir='ltr' id='par_1_107' title="bbox 2319 4854 3864 4929">
     <span class='ocr_line' id='line_1_107' title="bbox 2319 4854 3864 4929; baseline 0.003 -23"><span class='ocrx_word' id='word_1_766' title='bbox 2319 4854 2389 4907; x_wconf 83' lang='grc' dir='ltr'>τὰ</span> <span class='ocrx_word' id='word_1_767' title='bbox 2427 4856 2545 4907; x_wconf 81' lang='grc' dir='ltr'>ἐκεῖ</span> <span class='ocrx_word' id='word_1_768' title='bbox 2601 4855 2965 4927; x_wconf 84' lang='grc' dir='ltr'>διοικήσοντα.</span> <span class='ocrx_word' id='word_1_769' title='bbox 3006 4859 3123 4921; x_wconf 87' lang='grc' dir='ltr'>Ὃς,</span> <span class='ocrx_word' id='word_1_770' title='bbox 3158 4861 3238 4922; x_wconf 87' lang='grc' dir='ltr'><strong>είς</strong></span> <span class='ocrx_word' id='word_1_771' title='bbox 3288 4858 3386 4929; x_wconf 77' lang='grc' dir='ltr'>τὴν</span> <span class='ocrx_word' id='word_1_772' title='bbox 3430 4860 3653 4916; x_wconf 77' lang='grc' dir='ltr'>Ἐλλάδα</span> <span class='ocrx_word' id='word_1_773' title='bbox 3686 4860 3864 4925; x_wconf 74' lang='grc' dir='ltr'>ἐλθὼν,</span> 
     </span>
    </p>
   </div>
   <div class='ocr_carea' id='block_1_108' title="bbox 2320 4946 3867 5025">
    <p class='ocr_par' dir='ltr' id='par_1_108' title="bbox 2320 4946 3867 5025">
     <span class='ocr_line' id='line_1_108' title="bbox 2320 4946 3867 5025; baseline 0.003 -26"><span class='ocrx_word' id='word_1_774' title='bbox 2320 4949 2411 5001; x_wconf 72' lang='grc' dir='ltr'><strong>καὶ</strong></span> <span class='ocrx_word' id='word_1_775' title='bbox 2451 4946 2638 5017; x_wconf 79' lang='grc' dir='ltr'>μαθὼν</span> <span class='ocrx_word' id='word_1_776' title='bbox 2674 4949 2743 5001; x_wconf 84' lang='grc' dir='ltr'>τὰ</span> <span class='ocrx_word' id='word_1_777' title='bbox 2776 4948 3069 5017; x_wconf 86' lang='grc' dir='ltr'>γενόμενα,</span> <span class='ocrx_word' id='word_1_778' title='bbox 3101 4952 3217 5013; x_wconf 80' lang='grc' dir='ltr'>τοῖς</span> <span class='ocrx_word' id='word_1_779' title='bbox 3250 4951 3347 5022; x_wconf 76' lang='grc' dir='ltr'>μὶν</span> <span class='ocrx_word' id='word_1_780' title='bbox 3380 4953 3673 5025; x_wconf 84' lang='grc' dir='ltr'>Ῥωμαίοις</span> <span class='ocrx_word' id='word_1_781' title='bbox 3697 4954 3867 5024; x_wconf 69' lang='grc' dir='ltr'>δηλῶν</span> 
     </span>
    </p>
   </div>
   <div class='ocr_carea' id='block_1_109' title="bbox 2317 5039 3873 5118">
    <p class='ocr_par' dir='ltr' id='par_1_109' title="bbox 2317 5039 3873 5118">
     <span class='ocr_line' id='line_1_109' title="bbox 2317 5039 3873 5118; baseline 0.008 -29"><span class='ocrx_word' id='word_1_782' title='bbox 2317 5040 2487 5093; x_wconf 81' lang='grc' dir='ltr'>ταῦτα</span> <span class='ocrx_word' id='word_1_783' title='bbox 2519 5039 2818 5091; x_wconf 55' lang='grc' dir='ltr'>ἐπέστειλε</span> <span class='ocrx_word' id='word_1_784' title='bbox 2847 5040 3076 5110; x_wconf 83' lang='grc' dir='ltr'>δύναμιν</span> <span class='ocrx_word' id='word_1_785' title='bbox 3098 5042 3152 5097; x_wconf 77' lang='grc' dir='ltr'>δὲ</span> <span class='ocrx_word' id='word_1_786' title='bbox 3188 5044 3339 5115; x_wconf 77' lang='grc' dir='ltr'>παρὰ</span> <span class='ocrx_word' id='word_1_787' title='bbox 3372 5045 3482 5098; x_wconf 84' lang='grc' dir='ltr'>τῶν</span> <span class='ocrx_word' id='word_1_788' title='bbox 3510 5048 3627 5099; x_wconf 78' lang='grc' dir='ltr'>ἐκεῖ</span> <span class='ocrx_word' id='word_1_789' title='bbox 3656 5049 3873 5118; x_wconf 73' lang='grc' dir='ltr'>συμμά-</span> 
     </span>
    </p>
   </div>
   <div class='ocr_carea' id='block_1_110' title="bbox 2318 5128 3877 5212">
    <p class='ocr_par' dir='ltr' id='par_1_110' title="bbox 2318 5128 3877 5212">
     <span class='ocr_line' id='line_1_110' title="bbox 2318 5128 3877 5212; baseline 0.01 -32"><span class='ocrx_word' id='word_1_790' title='bbox 2318 5149 2425 5199; x_wconf 89' lang='grc' dir='ltr'><strong>χων</strong></span> <span class='ocrx_word' id='word_1_791' title='bbox 2474 5128 2732 5198; x_wconf 79' lang='grc' dir='ltr'>ἀθροίσας</span> <span class='ocrx_word' id='word_1_792' title='bbox 2793 5130 2955 5201; x_wconf 79' lang='grc' dir='ltr'>ἔργου</span> <span class='ocrx_word' id='word_1_793' title='bbox 3020 5135 3218 5203; x_wconf 86' lang='grc' dir='ltr'>είχετο,</span> <span class='ocrx_word' id='word_1_794' title='bbox 3268 5138 3361 5190; x_wconf 80' lang='grc' dir='ltr'>καὶ</span> <span class='ocrx_word' id='word_1_795' title='bbox 3421 5139 3655 5209; x_wconf 81' lang='grc' dir='ltr'>προῆλθε</span> <span class='ocrx_word' id='word_1_796' title='bbox 3716 5143 3877 5212; x_wconf 70' lang='grc' dir='ltr'>μέχρι</span> 
     </span>
    </p>
   </div>
   <div class='ocr_carea' id='block_1_111' title="bbox 2321 5218 3877 5298">
    <p class='ocr_par' dir='ltr' id='par_1_111' title="bbox 2321 5218 3877 5298">
     <span class='ocr_line' id='line_1_111' title="bbox 2321 5218 3877 5298; baseline 0.009 -27"><span class='ocrx_word' id='word_1_797' title='bbox 2321 5218 2666 5284; x_wconf 83' lang='grc' dir='ltr'>Μακεδονίας.</span> <span class='ocrx_word' id='word_1_798' title='bbox 2702 5226 2762 5277; x_wconf 80' lang='lat' dir='ltr'><strong>Oi</strong></span> <span class='ocrx_word' id='word_1_799' title='bbox 2801 5223 2846 5277; x_wconf 76' lang='grc' dir='ltr'>δ’</span> <span class='ocrx_word' id='word_1_800' title='bbox 2868 5225 2924 5278; x_wconf 80' lang='grc' dir='ltr'><strong>ἐν</strong></span> <span class='ocrx_word' id='word_1_801' title='bbox 2959 5229 3023 5298; x_wconf 79' lang='grc' dir='ltr'>τῇ</span> <span class='ocrx_word' id='word_1_802' title='bbox 3060 5228 3245 5297; x_wconf 83' lang='grc' dir='ltr'>Ῥώμῃ</span> <span class='ocrx_word' id='word_1_803' title='bbox 3275 5228 3491 5294; x_wconf 72' lang='grc' dir='ltr'>γνόντες</span> <span class='ocrx_word' id='word_1_804' title='bbox 3520 5233 3587 5285; x_wconf 77' lang='grc' dir='ltr'>τὰ</span> <span class='ocrx_word' id='word_1_805' title='bbox 3622 5234 3765 5287; x_wconf 76' lang='grc' dir='ltr'>κατὰ</span> <span class='ocrx_word' id='word_1_806' title='bbox 3790 5236 3877 5285; x_wconf 68' lang='grc' dir='ltr'>τὸν</span> 
     </span>
    </p>
   </div>
   <div class='ocr_carea' id='block_1_112' title="bbox 2334 5312 3877 5395">
    <p class='ocr_par' dir='ltr' id='par_1_112' title="bbox 2334 5312 3877 5395">
     <span class='ocr_line' id='line_1_112' title="bbox 2334 5312 3877 5395; baseline 0.007 -30"><span class='ocrx_word' id='word_1_807' title='bbox 2334 5312 2659 5382; x_wconf 82' lang='grc' dir='ltr'>Ἀνδρίσκον,</span> <span class='ocrx_word' id='word_1_808' title='bbox 2710 5319 3027 5389; x_wconf 83' lang='grc' dir='ltr'>στράτευμα</span> <span class='ocrx_word' id='word_1_809' title='bbox 3080 5317 3335 5391; x_wconf 57' lang='grc' dir='ltr'>ἔπεμψαν</span> <span class='ocrx_word' id='word_1_810' title='bbox 3416 5326 3511 5378; x_wconf 68' lang='grc' dir='ltr'><strong>καὶ</strong></span> <span class='ocrx_word' id='word_1_811' title='bbox 3574 5327 3877 5395; x_wconf 66' lang='grc' dir='ltr'>στρατηγδν</span> 
     </span>
    </p>
   </div>
   <div class='ocr_carea' id='block_1_113' title="bbox 2321 5403 3877 5487">
    <p class='ocr_par' dir='ltr' id='par_1_113' title="bbox 2321 5403 3877 5487">
     <span class='ocr_line' id='line_1_113' title="bbox 2321 5403 3877 5487; baseline 0.01 -30"><span class='ocrx_word' id='word_1_812' title='bbox 2321 5403 2589 5465; x_wconf 84' lang='grc' dir='ltr'>Πούπλιον</span> <span class='ocrx_word' id='word_1_813' title='bbox 2649 5407 2997 5463; x_wconf 80' lang='grc' dir='ltr'>Ἰουόέντιον.</span> <span class='ocrx_word' id='word_1_814' title='bbox 3031 5403 3100 5480; x_wconf 66' lang='grc' dir='ltr'><strong>’ῼ</strong></span> <span class='ocrx_word' id='word_1_815' title='bbox 3160 5413 3289 5483; x_wconf 74' lang='grc' dir='ltr'>περὶ</span> <span class='ocrx_word' id='word_1_816' title='bbox 3332 5413 3666 5469; x_wconf 77' lang='grc' dir='ltr'>Μακεδονίαν</span> <span class='ocrx_word' id='word_1_817' title='bbox 3715 5435 3877 5487; x_wconf 83' lang='grc' dir='ltr'>γενο-</span> 
     </span>
    </p>
   </div>
   <div class='ocr_carea' id='block_1_114' title="bbox 2321 5496 3875 5577">
    <p class='ocr_par' dir='ltr' id='par_1_114' title="bbox 2321 5496 3875 5577">
     <span class='ocr_line' id='line_1_114' title="bbox 2321 5496 3875 5577; baseline 0.012 -29"><span class='ocrx_word' id='word_1_818' title='bbox 2321 5496 2464 5568; x_wconf 73' lang='grc' dir='ltr'>μένῳ</span> <span class='ocrx_word' id='word_1_819' title='bbox 2491 5498 2779 5567; x_wconf 75' lang='grc' dir='ltr'>συμϐαλὼν</span> <span class='ocrx_word' id='word_1_820' title='bbox 2802 5501 2831 5551; x_wconf 83' lang='grc' dir='ltr'><strong>δ</strong></span> <span class='ocrx_word' id='word_1_821' title='bbox 2872 5499 3179 5571; x_wconf 79' lang='grc' dir='ltr'>Ἀνδρίσκος</span> <span class='ocrx_word' id='word_1_822' title='bbox 3202 5505 3410 5559; x_wconf 75' lang='grc' dir='ltr'>ἐκεῖνον</span> <span class='ocrx_word' id='word_1_823' title='bbox 3438 5506 3539 5575; x_wconf 71' lang='grc' dir='ltr'>μὲν</span> <span class='ocrx_word' id='word_1_824' title='bbox 3564 5508 3875 5577; x_wconf 75' lang='grc' dir='ltr'>ἀπέκτεινε,</span> 
     </span>
    </p>
   </div>
   <div class='ocr_carea' id='block_1_115' title="bbox 2319 5588 3878 5670">
    <p class='ocr_par' dir='ltr' id='par_1_115' title="bbox 2319 5588 3878 5670">
     <span class='ocr_line' id='line_1_115' title="bbox 2319 5588 3878 5670; baseline 0.012 -32"><span class='ocrx_word' id='word_1_825' title='bbox 2319 5588 2414 5641; x_wconf 68' lang='grc' dir='ltr'><strong>καὶ</strong></span> <span class='ocrx_word' id='word_1_826' title='bbox 2440 5590 2565 5649; x_wconf 82' lang='grc' dir='ltr'>τοὺς</span> <span class='ocrx_word' id='word_1_827' title='bbox 2594 5588 2789 5649; x_wconf 74' lang='grc' dir='ltr'>ἄλλους</span> <span class='ocrx_word' id='word_1_828' title='bbox 2819 5589 3025 5652; x_wconf 83' lang='grc' dir='ltr'>πάντας</span> <span class='ocrx_word' id='word_1_829' title='bbox 3055 5592 3122 5646; x_wconf 82' lang='grc' dir='ltr'><strong>ἂν</strong></span> <span class='ocrx_word' id='word_1_830' title='bbox 3151 5595 3575 5663; x_wconf 77' lang='grc' dir='ltr'>κατειργάσατο,</span> <span class='ocrx_word' id='word_1_831' title='bbox 3607 5599 3654 5652; x_wconf 86' lang='grc' dir='ltr'><strong>εί</strong></span> <span class='ocrx_word' id='word_1_832' title='bbox 3686 5600 3761 5670; x_wconf 83' lang='grc' dir='ltr'>μὴ</span> <span class='ocrx_word' id='word_1_833' title='bbox 3782 5603 3878 5670; x_wconf 78' lang='grc' dir='ltr'>τῆς</span> 
     </span>
    </p>
   </div>
   <div class='ocr_carea' id='block_1_116' title="bbox 2320 5676 3879 5760">
    <p class='ocr_par' dir='ltr' id='par_1_116' title="bbox 2320 5676 3879 5760">
     <span class='ocr_line' id='line_1_116' title="bbox 2320 5676 3879 5760; baseline 0.01 -33"><span class='ocrx_word' id='word_1_834' title='bbox 2320 5678 2512 5737; x_wconf 70' lang='grc' dir='ltr'>νυκτὸς</span> <span class='ocrx_word' id='word_1_835' title='bbox 2568 5676 2957 5748; x_wconf 82' lang='grc' dir='ltr'>ἀπεχώρησαν.</span> <span class='ocrx_word' id='word_1_836' title='bbox 3001 5682 3111 5735; x_wconf 78' lang='grc' dir='ltr'><strong>Καὶ</strong></span> <span class='ocrx_word' id='word_1_837' title='bbox 3164 5684 3247 5744; x_wconf 75' lang='grc' dir='ltr'><strong>είς</strong></span> <span class='ocrx_word' id='word_1_838' title='bbox 3277 5684 3376 5752; x_wconf 76' lang='grc' dir='ltr'><strong>τὴν</strong></span> <span class='ocrx_word' id='word_1_839' title='bbox 3410 5684 3704 5742; x_wconf 86' lang='grc' dir='ltr'>Θετταλίαν</span> <span class='ocrx_word' id='word_1_840' title='bbox 3744 5693 3879 5760; x_wconf 76' lang='grc' dir='ltr'>μετὰ</span> 
     </span>
    </p>
   </div>
   <div class='ocr_carea' id='block_1_117' title="bbox 2319 5764 3878 5846">
    <p class='ocr_par' dir='ltr' id='par_1_117' title="bbox 2319 5764 3878 5846">
     <span class='ocr_line' id='line_1_117' title="bbox 2319 5764 3878 5846; baseline 0.008 -28"><span class='ocrx_word' id='word_1_841' title='bbox 2319 5770 2490 5820; x_wconf 71' lang='grc' dir='ltr'>ταῦτα</span> <span class='ocrx_word' id='word_1_842' title='bbox 2549 5770 2795 5823; x_wconf 71' lang='grc' dir='ltr'>εἰσέϐαλε</span> <span class='ocrx_word' id='word_1_843' title='bbox 2837 5776 2933 5824; x_wconf 74' lang='grc' dir='ltr'><strong>καὶ</strong></span> <span class='ocrx_word' id='word_1_844' title='bbox 2988 5774 3214 5825; x_wconf 79' lang='grc' dir='ltr'>πλεῖστα</span> <span class='ocrx_word' id='word_1_845' title='bbox 3260 5764 3445 5846; x_wconf 65' lang='grc' dir='ltr'>αὐτῆς</span> <span class='ocrx_word' id='word_1_846' title='bbox 3488 5780 3756 5841; x_wconf 73' lang='grc' dir='ltr'>ἐκάκωσε,</span> <span class='ocrx_word' id='word_1_847' title='bbox 3783 5784 3878 5832; x_wconf 65' lang='grc' dir='ltr'><strong>καὶ</strong></span> 
     </span>
    </p>
   </div>
   <div class='ocr_carea' id='block_1_118' title="bbox 2322 5860 3878 5939">
    <p class='ocr_par' dir='ltr' id='par_1_118' title="bbox 2322 5860 3878 5939">
     <span class='ocr_line' id='line_1_118' title="bbox 2322 5860 3878 5939; baseline 0.009 -26"><span class='ocrx_word' id='word_1_848' title='bbox 2322 5861 2388 5914; x_wconf 73' lang='grc' dir='ltr'><strong>τὰ</strong></span> <span class='ocrx_word' id='word_1_849' title='bbox 2430 5860 2535 5913; x_wconf 70' lang='grc' dir='ltr'>τῶν</span> <span class='ocrx_word' id='word_1_850' title='bbox 2588 5860 2816 5933; x_wconf 78' lang='grc' dir='ltr'>Θρᾳκῶν</span> <span class='ocrx_word' id='word_1_851' title='bbox 2880 5867 3366 5939; x_wconf 79' lang='grc' dir='ltr'>προσηταιρίαατο.</span> <span class='ocrx_word' id='word_1_852' title='bbox 3429 5871 3603 5926; x_wconf 78' lang='grc' dir='ltr'>Πάλιν</span> <span class='ocrx_word' id='word_1_853' title='bbox 3632 5867 3723 5925; x_wconf 71' lang='grc' dir='ltr'>οὖν</span> <span class='ocrx_word' id='word_1_854' title='bbox 3788 5872 3878 5929; x_wconf 73' lang='grc' dir='ltr'><strong>δια</strong></span> 
     </span>
    </p>
   </div>
  </div>
