4012 6330
142 391 247 456 797

1393 380 1796 442 ANNALIUM
1835 380 1986 441 LIB.
2030 382 2134 440 IX.

3245 381 3349 447 703

129 507 558 573 ὑποστράτηγον
591 503 680 552 τδιν
724 500 880 552 Γάϊον
910 496 1128 549 Λαίλιον
1162 509 1176 525 ⁶
1208 496 1303 548 καὶ
1335 494 1492 556 αὐτὸς
1521 494 1708 546 ἐκατέ-

1824 494 1920 553 :itu
1954 495 2147 549 urbem
2180 493 2416 551 obsedit.
2442 493 2921 563 Carthaginienses
2951 498 3117 567 igitur
3144 497 3352 568 abiecta

127 612 273 666 ρωσε
309 591 558 660 διεφοίτα
591 591 758 659 ἄμφω
785 587 1119 648 ἐπισκοπῶν,
1146 587 1242 639 καὶ
1269 586 1382 656 ἥλω
1430 585 1489 637 τὸ
1537 583 1706 653 (990-5.-

127 704 266 756 ριον.
341 681 458 738 Εἶτ’
518 679 676 745 αὖθις
731 682 878 752 πάσῃ
941 683 1008 749 τῇ
1062 680 1289 748 στρατιᾷ
1334 676 1705 748 ἐπολιορκεῖτο

126 780 156 844 ή
186 775 528 845 Καρχηδὼν.
557 774 907 842 Ἀπογνόντες
934 768 1026 825 οὖν
1045 771 1094 823 oi
1130 767 1486 838 Καρχηδόνιοι
1510 765 1705 836 μηκέτι

128 869 408 938 ἑκάτερον
438 869 615 935 τεῖχος
637 864 1011 920 διασώσασθαι
1051 861 1337 926 δύνασθαι,
1369 863 1448 922 εἰς
1486 859 1577 911 τὸν
1609 860 1705 928 τῆς

130 961 360 1029 Πύρσης
397 958 685 1027 περίϐολον
738 958 835 1010 ἅτε
871 945 974 1008 καί
1015 954 1381 1022 ἐρυμνότερον
1415 949 1708 1024 ¹ἀνεσκευά-

129 1041 317 1110 σαντο,
369 1051 466 1102 καὶ
502 1047 964 1119 μετακομίσαντες
996 1046 1096 1098 ὅσα
1119 1045 1396 1111 ἠδύναντο,
1433 1043 1709 1113 κατέπρηο

131 1161 250 1196 σαν.
283 1141 506 1203 Νυκτὸς
540 1141 599 1193 τὸ
625 1139 868 1209 νεώριον,
901 1139 993 1191 καὶ
1043 1137 1151 1188 τῶν
1183 1135 1358 1189 ἄλλων
1416 1135 1484 1188 τὰ
1517 1134 1708 1200 πλείω,

132 1241 216 1289 ἵνα
241 1239 350 1306 τῆς
379 1238 441 1293 ἐξ
465 1237 642 1290 αὐτῶν
702 1233 970 1303 ὠφελείας
1014 1232 1139 1292 τοὺς
1186 1231 1478 1300 πολεμίους
1518 1231 1712 1299 στερή-

137 1347 329 1382 σωσιν.
387 1329 478 1390 Ὠς
514 1326 746 1393 δ’ἔγνων
785 1325 845 1377 τὺ
878 1324 1035 1393 ἔργον
1065 1325 1114 1375 oi
1151 1324 1434 1391 Ῥωμαῖοι,
1486 1322 1578 1374 τὸν
1606 1322 1710 1373 ⁹λι-

141 1422 277 1489 μένα
304 1421 601 1488 κατέσχον,
631 1417 723 1471 καὶ
749 1415 841 1468 ἐπὶ
883 1415 980 1484 τὴν
1015 1414 1230 1481 Βύρσαν
1275 1412 1562 1482 ὥρμησαν,
1618 1412 1712 1464 καὶ

141 1510 516 1578 κατασχόντες
552 1509 651 1570 τὰς
690 1505 1031 1576 ἑκατέρωθεν
1060 1505 1227 1571 αὐτῆς
1279 1503 1453 1564 οίκίας
1515 1503 1563 1553 οί
1612 1502 1711 1570 μὲν

140 1602 230 1654 ἐπὶ
265 1602 383 1653 τῶν
406 1601 582 1668 τεγῶν
606 1597 786 1651 αὐτῶν
811 1599 902 1648 ἐπὶ
932 1596 1029 1658 τὰς
1053 1596 1137 1647 ἀεὶ
1160 1594 1418 1664 ἐχομένας
1445 1591 1712 1656 ἐϐάδιζον,

144 1695 190 1744 οἱ
223 1692 281 1743 δὲ
308 1693 442 1752 τοὺς
481 1690 694 1758 τοίχους
740 1684 1141 1749 διορύσσοντες,
1177 1683 1419 1736 κάτωθεν
1470 1681 1710 1752 διῄεσαν,
1741 1692 1743 1695 '

116 1769 246 1844 ’ἕως
288 1780 435 1850 πρὸς
463 1779 631 1847 αὐτὴν
662 1775 758 1846 τὴν
792 1776 968 1846 ἄκραν
1011 1773 1292 1842 ἀφίκοντο.
1332 1772 1600 1827 Ἐνταῦθα
1656 1773 1713 1825 δέ

154 1872 470 1942 γενομένοις
523 1870 622 1922 ούκ
651 1869 731 1922 ἔτι
787 1867 1026 1936 ἁντῆραν
1063 1866 1112 1917 οί
1164 1863 1546 1934 Καρχηδόνιοι,
1596 1861 1710 1915 ἀλλ’

151 1960 693 2033 ἐπεκηρυκεύσαντο,
720 1959 859 2028 πλὴν
883 1957 976 2010 τοῦ
1021 1956 1365 2026 Ἀσδρούϐου.
1393 1955 1630 2015 Ἐκεῖνος
1657 1953 1714 2005 δὲ

155 2055 293 2122 μετὰ
327 2054 440 2106 τῶν
470 2051 785 2122 αὐτομόλων
816 2052 864 2120 (ό
886 2051 993 2120 γὰρ
1025 2049 1263 2102 Σκιπίων
1291 2050 1389 2100 οὒκ
1425 2049 1717 2099 ἐσπείσατο

150 2145 358 2214 αὐτοῖς)
390 2147 470 2207 είς
494 2145 553 2197 τὸ
594 2142 976 2212 Ἀσκληπίειον
1033 2139 1371 2209 ἁνειληλύθει
1426 2138 1563 2206 μετὰ
1617 2138 1717 2206 τῆς

150 2236 418 2303 γυναικὸς
447 2237 535 2288 καὶ
567 2235 672 2290 τῶν
703 2234 933 2297 παίδων,
976 2231 1271 2286 κάντεῦθεν
1299 2229 1536 2299 ἠμύνετο
1591 2229 1718 2291 τοὺς

156 2325 624 2396 προσϐάλλοντας,
660 2315 851 2394 μέχρις
910 2315 971 2374 οὗ
1013 2320 1399 2388 ἐμπρήσαντες
1439 2317 1531 2370 τὸν
1586 2313 1722 2368 νεὼν

156 2420 206 2470 οἱ
263 2417 552 2486 αὐτόμολοι
604 2417 695 2468 ἐπὶ
744 2415 805 2467 τὺ
858 2415 1015 2481 τέγος
1063 2412 1228 2466 αὐτοῦ
1283 2411 1580 2478 ἀνέδησαν,
1622 2408 1720 2476 τὴν

160 2507 392 2578 ἐσχάτην
417 2506 508 2559 τοῦ
535 2507 704 2575 πυρὸς
732 2504 977 2573 ἀνάγκην
1011 2501 1392 2570 ἀναμένοντες.
1439 2498 1570 2550 Τότε
1612 2496 1720 2563 γὰρ

161 2600 423 2668 ἡσσηθεὶς
456 2598 592 2667 πρὸς
624 2579 714 2650 τὸν
738 2597 1017 2648 Σκιπίωνα
1058 2589 1220 2663 ἦλθεν
1249 2587 1528 2658 ἱκετηρίαν
1559 2585 1717 2653 ἔχων.

176 2689 376 2741 ’ἰδοῦσα
401 2688 459 2741 δὲ
486 2687 646 2741 αὑτὸν
703 2688 734 2756 ἠ
766 2685 902 2754 γυνὴ
929 2681 1311 2735 ἀντιϐολοῦν-τα
1342 2677 1602 2746 ὀνομαστὶ
1624 2677 1720 2729 ἁν-

166 2781 441 2843 εκάλεσεν,
477 2781 570 2833 καὶ
602 2778 972 2843 ἐξονειδίσασα
1001 2776 1080 2828 ὅτι
1109 2771 1287 2839 ἐαυτῷ
1325 2771 1423 2838 τὴν
1451 2767 1721 2835 σωτηρίαν

164 2872 376 2940 πράξας
398 2873 498 2923 οὐκ
520 2868 815 2939 ἐπέτρεψεν
849 2867 1035 2936 ἐκείνῃ
1091 2860 1438 2924 σπείσασθαι,
1467 2859 1534 2910 τὰ
1562 2857 1722 2910 τέκνα

171 2961 422 3015 ἐνέϐαλεν
472 2963 554 3023 εἰς
594 2961 656 3012 τὸ
688 2960 820 3027 πῦρ,
880 2957 974 3010 καὶ
1009 2954 1209 3022 ἑαυτὴν
1265 2949 1722 3023 προσεπέρριψεν.

156 3053 346 3106 -Ἐλὼν
382 3053 474 3106 οὖν
507 3052 649 3105 οὕτω
682 3053 779 3120 τὴν
813 3049 1136 3121 Καρχηδόνα
1181 3049 1207 3096 ό
1234 3045 1496 3106 Σκιπίων,
1527 3045 1592 3110 τῇ
1633 3056 1724 3106 γε·

1802 602 1898 655 spe
1931 587 2221 656 utriusque
2270 586 2592 640 munitionis
2621 585 2993 653 defendendze,
3049 588 3102 642 in
3135 589 3352 660 Byrsam

1805 687 1868 732 ut
1922 678 2275 732 munitiorem
2325 675 2608 731 contulere
2661 691 2778 746 qua:
2811 685 3105 745 potuerunt
3154 679 3356 738 omnia.

1804 768 1981 823 navali
2034 776 2200 822 noctu
2253 769 2499 832 incenso,
2539 777 2596 821 et
2632 775 2948 821 caeterarum
2981 770 3212 836 partium
3250 769 3362 836 ple-

1805 863 2012 930 risque,
2070 875 2138 914 ne
2196 859 2448 912 hostibus
2503 859 2624 913 usui
2677 868 2879 912 essent.
2917 859 3054 911 Tum
3105 857 3358 919 Romani.

1805 962 1966 1022 portu
1999 959 2284 1019 occupato,
2316 949 2536 1018 Byrsam
2572 947 2771 1010 adorti,
2805 946 3012 1001 adibus
3041 963 3160 1016 quae
3187 947 3364 1000 utrin-

1806 1057 1913 1110 que
1940 1051 2103 1095 erant
2149 1037 2501 1100 consecusis,
2554 1036 2751 1103 partim
2802 1035 2856 1088 in
2911 1035 3042 1104 ipsis
3097 1035 3255 1087 tectis
3295 1032 3362 1085 ad

1807 1134 2018 1188 vicinas
2045 1130 2354 1186 transibant
2381 1148 2393 1181 ε
2437 1128 2632 1198 partim
2665 1125 2966 1195 parietibus
3004 1124 3212 1177 inferne
3243 1139 3368 1191 pcr-

1808 1225 1986 1288 fossis,
2019 1225 2072 1277 in
2102 1223 2275 1292 ipsam
2325 1237 2506 1275 arcem
2541 1217 2917 1289 penetrabant.
2954 1215 3073 1280 Quo
3115 1230 3236 1266 cum
3271 1230 3366 1266 rc-

1809 1313 2544 1383 nissent,Carthaginienses
2585 1325 2773 1380 pugna
2791 1309 3012 1371 omissa,
3044 1320 3229 1375 pacem
3266 1320 3363 1373 pe-

1813 1411 2040 1473 tierunt,
2095 1416 2290 1477 praeter
2330 1404 2685 1459 Asdrubalem
2723 1420 2736 1452 :
2777 1401 2868 1468 qui
2915 1414 3038 1453 cum
3077 1395 3368 1463 transfugis

1812 1503 1904 1566 (iis
1931 1503 2079 1557 enim
2138 1500 2323 1568 Scipio
2359 1497 2571 1550 veniam
2617 1493 2860 1562 negarat)
2912 1500 2966 1544 et
2996 1503 3163 1542 uxore
3205 1497 3370 1554 atque

1811 1593 2001 1648 liberis
2027 1605 2327 1646 conscenso
2376 1586 2673 1655 IEsculapii
2711 1584 2932 1652 templo,
2958 1597 3013 1635 se
3045 1591 3234 1632 contra
3277 1593 3372 1645 op-

1813 1693 2118 1755 pugnantes
2167 1679 2528 1736 defendebat:
2574 1679 2748 1731 donec
2792 1672 3082 1739 transfuga:
3130 1670 3244 1723 :ede
3287 1669 3373 1720 in-

1817 1790 2002 1841 censa,
2060 1774 2286 1843 ejusque
2324 1778 2467 1824 tecto
2516 1781 2836 1827 conscenso,
2887 1772 3185 1817 extremam
3234 1755 3374 1825 ignis

1819 1867 2200 1922 necessitatem
2255 1867 2664 1931 exspectarent.
2715 1858 2852 1911 Tum
2901 1855 3118 1911 demum
3149 1846 3375 1929 supplex

1817 1956 1884 2010 ad
1913 1955 2225 2024 Scipionem
2254 1926 2513 2008 accessit.
2546 1949 2714 2014 Quem
2747 1960 2866 1999 eum
2908 1958 3043 1997 uxor
3079 1926 3377 2007 deprecan-

1820 2056 1927 2100 tem
1970 2044 2204 2106 videret,
2253 2055 2321 2096 eo
2373 2037 2694 2093 nominatim
2748 2043 2961 2096 vocato,
3003 2023 3372 2097 exprobravit,

1817 2137 1963 2206 quod
2007 2137 2230 2206 privata:
2265 2133 2424 2188 saluti
2475 2130 2785 2192 consulens,
2825 2127 2926 2194 ipsi
2963 2136 3149 2192 pacem
3207 2118 3377 2182 impe-

1824 2240 1966 2283 trare
1996 2244 2103 2281 non
2141 2225 2480 2296 permisisset
2510 2241 2524 2276 :
2565 2238 2628 2276 ac
2661 2223 2891 2290 primum
2919 2217 3142 2270 liberos.
3182 2206 3378 2263 deinde

1821 2319 2166 2386 semetipsam
2202 2317 2254 2369 iu
2286 2316 2462 2386 ignem
2494 2312 2748 2382 coniecit.
2781 2304 3105 2376 Carthagine
3135 2303 3199 2357 ad
3233 2302 3382 2354 hunc

1822 2406 2044 2460 modum
2075 2414 2255 2476 capta,
2279 2405 2464 2473 Scipio
2495 2403 2705 2457 senatui
2744 2400 2963 2466 scripsit
2997 2400 3049 2450 in
3086 2395 3224 2446 hanc
3258 2405 3384 2444 seu-

1823 2501 2090 2552 tentiam;
2133 2496 2397 2564 Carthago
2426 2504 2580 2562 capta
2632 2501 2744 2544 est:
2787 2487 2910 2559 quid
2958 2489 3116 2556 igitur
3143 2481 3384 2554 jubetis?

1821 2592 1937 2657 Qua
1973 2590 2041 2644 de
2068 2605 2127 2644 re
2157 2604 2280 2643 cum
2307 2587 2463 2642 lectis
2493 2587 2576 2639 his
2607 2585 3028 2642 deliberaretur,
3055 2578 3259 2632 Catone
3294 2590 3386 2627 ur-

1823 2684 1945 2737 bem
1981 2681 2330 2738 evertendam
2364 2688 2417 2734 et
2455 2677 2932 2748 Carthaginienses
2966 2670 3228 2726 delendos
3266 2681 3386 2722 esse

1824 2784 2106 2837 censente,
2157 2771 2349 2826 Nasica
2396 2785 2527 2826 vero
2564 2770 2744 2824 adhuc
2788 2768 2870 2821 eis
2899 2762 3234 2835 parcendum
3266 2774 3386 2813 esse

1825 2873 2208 2924 asseverante,
2271 2877 2464 2932 magna
2509 2844 2626 2914 orta
2677 2865 2761 2912 est
2811 2851 3100 2908 dissensio.
3154 2846 3383 2913 Quidam

1825 2973 1954 3013 vero
1987 2957 2160 3011 dixit:
2202 2957 2256 3010 Si
2302 2955 2450 3008 nulla
2485 2953 2589 3006 alia
2637 2949 2706 3003 de
2751 2962 2937 3010 causa,
2988 2951 3212 3013 propter
3238 2937 3386 3007 ipsos

1826 3049 2101 3101 Romanos
2137 3043 2326 3098 saltem
2367 3042 2450 3096 eis
2477 3038 2626 3110 parci
2671 3052 2896 3092 necesse
2927 3048 3070 3097 esse,
3104 3040 3164 3085 ut
3197 3027 3387 3081 adver-

178 3145 362 3216 ρουσίᾳ
416 3143 696 3198 ἐπέστειλε
738 3115 868 3195 τάδε
893 3115 914 3169 ⁸-
941 3115 1271 3206 Καρχηδὼν
1293 3133 1469 3188 ἑάλω·
1503 3160 1507 3163 -
1533 3133 1590 3183 τί
1611 3128 1723 3185 οὖν

1825 3139 2003 3192 sarios
2034 3135 2323 3197 habentes,
2370 3133 2631 3188 virtutem
2678 3135 3020 3184 exercerent.
3089 3133 3268 3188 neque
3317 3115 3384 3170 ad

181 3239 480 3298 κελεύετες
549 3231 1033 3302 ’Δναγνωσθὲντων
1107 3223 1199 3282 οὖν
1267 3225 1470 3280 τούτων
1532 3221 1725 3294 βουλὴν

179 3327 352 3382 ἔθεντο
380 3328 508 3396 περὶ
535 3326 628 3378 τοῦ
658 3327 710 3378 τί
737 3325 854 3378 δέον
895 3324 1087 3377 ποιεῖν.
1141 3320 1250 3373 Καὶ⁵
1305 3321 1333 3370 ό
1390 3317 1486 3387 μὲν
1529 3316 1728 3369 Κάτων

158 3418 518 3487 ,κατασκάψαι
541 3417 639 3488 τὴν
665 3417 817 3470 πόλιν
839 3416 928 3468 καὶ
951 3416 1073 3477 τοὺς
1097 3410 1498 3482 Καρχηδονίους
1520 3407 1726 3476 ὲξαῳαε

175 3513 320 3562 νίσαι
347 3510 452 3561 δεῖν
482 3508 898 3577 ἐγνωμάτευσεν
918 3523 930 3537 ·
987 3508 1013 3557 ὀ
1053 3505 1110 3556 δὲ
1164 3503 1408 3563 Νασικᾶς
1436 3497 1724 3568 φείσασθαι

173 3598 285 3651 τῶν
315 3597 699 3668 Καρχηδονίων
752 3599 844 3648 καὶ
889 3593 970 3647 ἔτι
1028 3591 1400 3654 συνεϐούλευε,
1436 3586 1725 3640 κάντεῦθεν

177 3692 258 3755 είς
281 3686 588 3760 ἀντιλογίαν
616 3689 814 3759 πολλὴν
836 3687 1082 3760 προήχθη
1112 3687 1207 3739 καὶ
1236 3682 1640 3754 ἀμφισϐήτησιν
1671 3680 1729 3733 τὸ

183 3781 468 3853 συνέδριον.
490 3782 635 3843 Ἕως
663 3781 765 3846 ἔφη
797 3796 902 3846 τις,
926 3779 1032 3842 ὅτι,
1061 3777 1110 3828 εἰ
1141 3777 1230 3828 καὶ
1260 3775 1329 3827 δι’
1351 3773 1728 3841 οὐδὲνὲτερον,

188 3873 311 3927 ἀλλά
339 3890 403 3941 γε
425 3871 631 3924 ἐαυτῶν
659 3871 822 3923 ἕνεκα
854 3867 1145 3936 φείσασθαι
1198 3864 1375 3918 αὐτῶν
1431 3866 1728 3929 ἀναγκαῖον

185 3968 450 4035 νομίζοιτο
500 3966 594 4029 ἂν,
657 3965 723 4017 ἶν’
782 3960 1190 4029 ἀνταγωνιστὰς
1247 3957 1445 4020 αὐτοὺς
1493 3958 1728 4027 ἔχοντες,

184 4057 373 4128 ἀρετὴν
424 4055 657 4121 ἀσκῶσι,
712 4055 806 4107 καὶ
858 4053 932 4123 μὴ
985 4053 1122 4122 πρὸς
1149 4049 1339 4118 ἡδονὰς
1399 4047 1494 4102 καὶ
1518 4047 1730 4118 τρυφὴν

182 4149 510 4218 τράπωνται,
535 4144 644 4199 τῶν
681 4144 991 4214 δυναμένων
1044 4142 1242 4202 αὐτοὺς
1294 4138 1731 4205 καταναγκάζειν

185 4239 256 4299 εἰς
305 4239 535 4307 ἄσκησιν
580 4236 688 4288 τῶν
734 4232 1045 4303 πολεμικῶν
1104 4229 1585 4300 περιαιρεθέντων,
1640 4228 1732 4278 καὶ

186 4329 394 4400 χείρους
415 4328 506 4382 ὑπ’
537 4325 874 4407 άνασκησίας
928 4324 1215 4392 γένωνται,
1245 4320 1560 4390 ἀξιοχρέους
1584 4319 1732 4370 ἀντιο

1828 3230 2018 3283 luxum
2071 3237 2125 3282 et
2172 3225 2398 3280 delicias
2443 3231 2916 3302 converterentur,
2965 3212 3193 3286 sublatis
3247 3209 3314 3262 iis
3355 3220 3389 3260 a

1831 3323 2030 3393 quibus
2060 3320 2126 3374 ad
2182 3319 2258 3373 rei
2291 3317 2498 3372 bellicae
2541 3313 2986 3371 exercitationem
3019 3309 3341 3375 cogerentur
3367 3312 3389 3355 .'

1833 3428 1971 3468 neve
2021 3427 2119 3481 per
2149 3411 2416 3480 ignaviam
2466 3407 2766 3461 deteriores
2799 3403 3008 3458 tierent.
3047 3395 3268 3465 paribus
3293 3387 3394 3442 ad-

1833 3501 2093 3556 versariis
2135 3507 2408 3552 carentes.
2464 3495 2704 3550 Tandem
2759 3502 2939 3544 tamen
2997 3500 3101 3539 una
3143 3480 3385 3536 onmium

1833 3590 2102 3646 sententia
2137 3589 2257 3648 fuit,
2294 3585 2677 3656 Carthaginem
2708 3577 3056 3643 evertendam
3083 3587 3224 3634 esse,
3259 3582 3383 3623 eum

1833 3683 2060 3739 credere
2086 3697 2193 3735 non
2228 3687 2474 3748 possent,
2504 3691 2624 3731 eam
2667 3673 2856 3727 urbem
2893 3679 3130 3737 unquam
3175 3661 3387 3715 sincere
3437 3659 3441 3664 '

1833 3791 2020 3847 pacem
2052 3783 2408 3829 servaturam.
2457 3769 2645 3836 itaque
2697 3763 3164 3818 fundituseversa
3195 3761 3299 3811 est,
3332 3755 3389 3801 et

1833 3845 1952 3934 ejus
1985 3863 2161 3916 solum
2211 3859 2346 3913 diris
2393 3851 2879 3924 imprecationibus
2930 3845 3282 3906 obstrictum,
3320 3853 3388 3892 ne

1834 3954 1960 4025 quis
1995 3966 2232 4022 unquam
2270 3950 2323 4003 in
2355 3963 2420 4003 eo
2449 3946 2746 4001 habitarett
2777 3943 2854 3998 Ex
2883 3938 3114 4010 captivis
3143 3935 3389 4005 plerique

1838 4047 1894 4102 in
1922 4060 2144 4101 carcere
2175 4043 2459 4113 perierunt
2486 4057 2499 4094 :
2525 4031 2725 4108 pauci,
2758 4033 3100 4106 principibus
3124 4018 3388 4094 exceptis,

1836 4137 2064 4193 venditi.
2098 4135 2231 4190 Nam
2261 4134 2318 4196 ii,
2350 4141 2406 4188 et
2426 4131 2666 4194 obsides,
2699 4135 2755 4182 et
2785 4122 3050 4180 Asdrubal
3077 4129 3131 4174 et
3161 4117 3390 4188 Bithias,

1835 4229 1924 4284 alii
1957 4229 2011 4280 in
2040 4212 2164 4279 aliis
2199 4224 2365 4277 Italiae
2400 4221 2648 4290 partibus
2681 4219 2846 4271 vitam
2907 4214 2960 4267 in
2990 4211 3179 4266 liberis
3208 4216 3394 4263 custo-

1833 4321 1940 4376 diis
1971 4317 2292 4388 exegerunt.
2340 4313 2525 4383 Scipio
2574 4311 2739 4385 470
2767 4307 2992 4379 gloriam
3040 4312 3096 4358 et
3129 4295 3390 4357 honorem

188 4420 454 4492 πολέμους
487 4419 564 4490 μὴ
611 4417 847 4488 ἔχοντες.
881 4415 988 4469 "Ex
1017 4413 1220 4467 τούτων
1266 4409 1357 4466 οὖν
1410 4411 1518 4464 τῶν
1560 4410 1723 4477 λόγων

1837 4412 2088 4482 adeptus,
2118 4423 2318 4463 nomen
2349 4405 2589 4461 Africani
2627 4419 2734 4458 non
2787 4401 2895 4472 jam
2927 4401 2994 4454 ab
3026 4410 3128 4450 avo
3160 4390 3395 4447 haeredi-

189 4485 383 4577 πάντες
412 4485 767 4583 κατα-σκάψαι
806 4511 923 4585 ’τὴν
957 4508 1279 4579 Καρχηδόνα
1334 4505 1723 4575 ὠμογνωμόνη·

1843 4503 2061 4565 tarium,
2096 4499 2192 4553 sed
2225 4513 2322 4568 per
2361 4512 2420 4550 se
2452 4503 2665 4565 partum
2697 4490 2907 4546 habuit.
3049 4494 3052 4496 ‘
3084 4485 3092 4494 “
3283 4545 3290 4549 ,

192 4621 304 4672 σαν,
337 4608 550 4677 μήποτε
575 4577 892 4676 εἰρηνήσνειν
919 4577 1165 4662 ἐκείνους
1195 4597 1582 4658 πιστεύσαντες
1609 4593 1855 4664 ἀκριϐῶς
1877 4609 1890 4621 ·
1925 4593 2021 4644 καὶ
2047 4591 2194 4643 πᾶσα
2229 4588 2395 4660 ἄρδην
2422 4588 2723 4648 ἀνάστατος
2745 4585 2957 4652 γέγονε,
2983 4581 3076 4642 καὶ
3108 4577 3393 4644 ἐπάρατον

203 4672 472 4769 ἐψηφίσθη
501 4697 562 4750 τδ
595 4672 877 4762 ἐπ’-αύτὴν
900 4691 1229 4764 κατοικῆσαί
1258 4708 1403 4743 τινα.
1436 4690 1546 4741 Καὶ
1571 4687 1681 4741 τῶν
1707 4687 1916 4758 ἀνδρῶν
1950 4687 2057 4740 τῶν
2090 4685 2330 4764 ἁλόντων
2365 4684 2414 4736 οἱ
2450 4683 2546 4751 μὲν
2580 4680 2795 4742 πλείους
2825 4681 2901 4740 είς
2927 4679 2984 4727 τὸ
3013 4672 3389 4740 δεσμωτήριον

195 4761 575 4864 ἐνεϐλήθησαν,
605 4791 766 4844 κάκεῖ
788 4761 1179 4857 διεφθάρησαν⁸
1233 4785 1402 4850 ὀλίγοι
1461 4784 1518 4837 δέ
1563 4801 1729 4847 τινες,
1765 4785 1903 4853 πλὴν
1930 4782 2038 4835 τῶν
2062 4761 2470 4848 πάνυζπρώτων
2507 4773 2824 4843 ἐπράθησαν
2847 4787 2859 4799 ·
2907 4763 3052 4820 οὗτοι
3101 4766 3206 4834 γὰρ
3235 4762 3289 4815 οἵ
3335 4776 3420 4837 τε,
3451 4819 3454 4822 ,

192 4852 404 4956 ὃμηροί,
427 4852 519 4936 καὶ
618 4852 945 4948 Ἀσδρούϐας
976 4852 1076 4929 καὶ
1105 4878 1133 4928 ὁ
1161 4873 1375 4936 Βιθίας,
1403 4864 1553 4926 ἄλλοι
1581 4873 1718 4947 ἄλλῃ
1742 4875 1839 4942 τῆς
1861 4852 2115 4933 ίἸταλίσς
2150 4862 2205 4922 ἓν
2249 4868 2506 4938 φρουραῖς
2537 4865 2790 4934 ἁδέσμοις
2832 4861 3191 4914 κατεϐίωσαν.
3221 4854 3306 4929 ,⁸0
3337 4852 3393 4904 δὲ

199 4945 609 5041 Sim-nitendo“;
635 4988 694 5026 τε
726 4945 883 5041 ἔτυχε
911 4968 1003 5021 καὶ
1028 4966 1215 5037 τιμῆς,
1239 4967 1340 5018 καὶ
1363 4945 1699 5035 Ἀφρικανὸς
1721 4965 1821 5018 οὐκ
1851 4964 1960 5016 ἀπὸ
1990 4962 2082 5015 τοῦ
2109 4960 2362 5026 πάππου,
2399 4957 2514 5026 ἀλλ’
2550 4956 2657 5010 ἀπὸ
2687 4955 2794 5008 τῶν
2826 4955 3038 5007 οἰκείων
3063 4945 3391 5013 ἐπεκέκλητο

195 5077 460 5116 noctu-tv.
692 5103 693 5106 η

338 5078 460 5115 εων.
692 5103 693 5106 η

239 5063 382 5207 ﬁt
413 5151 547 5204 Τότε
597 5151 654 5204 δέ
698 5150 795 5204 καὶ
827 5151 861 5219 ἡ
913 5146 1172 5217 Κόρινθος
1209 5144 1547 5215 κατεσκάφη.
1589 5141 1742 5200 Ἐπεὶ

197 5241 299 5310 γὰρ
330 5239 438 5296 τῶν
459 5239 742 5308 ’Ἑλλήνων
759 5239 810 5292 οἱ
830 5237 1245 5309 κορυφαιότατοι
1268 5235 1378 5294 ,ὑπὸ
1404 5233 1498 5286 τοῦ
1532 5234 1740 5306 Παύλου

198 5332 440 5408 Αἰμιλίου
495 5328 908 5407 μετῳκίσθησαν
947 5330 1032 5398 είς
1062 5327 1160 5396 τὴν
1197 5325 1442 5389 Ἰταλίαν,
1473 5324 1524 5391 oi
1563 5324 1742 5387 λοιποὶ

197 5423 256 5494 sb
301 5423 399 5494 μιν
445 5422 658 5493 πρῶτον
705 5418 1020 5492 πρεσϐείαις
1073 5418 1197 5481 τοὺς
1223 5415 1420 5484 ἄνδρας
1448 5415 1690 5488 ἀπῄτουν
1723 5414 1771 5452 '-

199 5509 270 5573 ὡς
299 5511 360 5579 δ’
411 5511 513 5565 οὑκ
566 5510 777 5582 ιτυχον,
827 5507 920 5562 καί
963 5526 1106 5571 τινες
1145 5511 1367 5584 ἐκείνων
1411 5507 1509 5574 τὴν
1557 5506 1739 5559 οἴκαδε

203 5601 519 5671 ἀπογνόντες
550 5602 805 5657 ἐπάνοδον
829 5599 1050 5660 ἑαυτοὺς
1079 5590 1452 5670 διεχρήσαντο,
1492 5597 1742 5666 χαλεπῶς
1781 5614 1784 5615 '

201 5693 474 5759 διέκειντο,
506 5699 600 5750 καὶ
637 5697 832 5760 πένθος
863 5696 1121 5768 δημόσιον
1161 5695 1511 5764 ἐποιήσαντο,
1539 5695 1649 5756 τοῖς
1679 5711 1739 5747 τε

204 5789 268 5843 τὰ
307 5787 590 5861 Ῥωμαίων
637 5789 890 5860 φρονοῦσι
946 5789 1092 5859 παρά
1126 5787 1307 5856 σφίσιν
1336 5786 1651 5859 ὠργίζοντο,
1683 5787 1743 5842 ού

1915 5142 2106 5201 XXXI.
2148 5145 2286 5199 Tum
2324 5139 2622 5199 Corinthus
2662 5137 2824 5193 etiam
2869 5143 2955 5212 est
3005 5144 3215 5186 eversa.
3257 5126 3392 5180 Nam

1847 5250 1972 5290 cum
2023 5223 2223 5289 Paulus
2268 5230 2522 5287 [Emiiius
2551 5229 2862 5285 Grmeorum
2893 5219 3169 5292 principes
3204 5219 3256 5272 in
3289 5216 3396 5292 Ita-

1846 5329 1975 5383 liam
2005 5325 2411 5381 transtuiisset:
2445 5322 2627 5377 caateri
2654 5320 2886 5389 primqu
2921 5330 3015 5370 eos
3038 5310 3398 5383 legationibus

1845 5419 2243 5489 repetiverunt.
2294 5415 2367 5468 Ea
2402 5430 2460 5469 re
2498 5428 2605 5468 non
2658 5411 2965 5480 impetrata,
3019 5423 3144 5463 cum
3175 5403 3392 5475 quidam

1845 5488 2036 5566 eorum
2084 5507 2306 5562 domum
2339 5505 2652 5580 reditionis
2702 5519 2797 5574 spe
2849 5501 3080 5559 sublata.
3123 5494 3228 5565 ipsi
3290 5488 3396 5547 sibi

1846 5618 2039 5658 manus
2084 5601 2416 5660 attulissent.
2464 5588 2712 5674 graviter.
2739 5594 2930 5648 amicti
2975 5587 3246 5659 publicum
3282 5581 3398 5636 Iuc-

1847 5708 1966 5754 tum
1997 5685 2376 5768 instituerunt,
2425 5671 2789 5745 Romanorum
2840 5682 2982 5753 apud
3038 5695 3095 5734 se
3133 5671 3397 5733 studiosis

1853 5790 1999 5859 irati,
2047 5788 2180 5845 nihil
2224 5797 2403 5842 tamen
2438 5782 2631 5838 hostile
2660 5796 2767 5851 pne
2801 5792 2856 5833 se
2900 5775 3178 5831 tulerunt:
3221 5768 3392 5822 dOIICC
