4002 6332
635 424 739 486 79')

1921 414 2246 479 JOANNIS
2276 414 2599 477 ZONARJZ

3761 424 3892 487 sm

635 539 868 607 reliquis
916 553 981 592 ex
1039 537 1106 592 iis
1147 536 1281 591 viris
1331 537 1584 607 receptis,
1638 537 1674 590 ii
1735 535 1939 605 quibus
1994 534 2208 605 injuria:

2316 534 2500 602 μέντοι
2529 536 2622 587 καὶ
2669 534 2926 605 πολέμιόν
2958 553 3009 588 τι
3048 536 3408 603 ἐπεδείξαντο,
3446 537 3636 607 μέχρις
3659 534 3718 592 οὗ
3750 539 3902 598 τοὺς

635 629 793 684 facta;
827 639 1004 690 erant,
1041 639 1095 682 et
1120 630 1213 697 qui
1242 629 1420 684 aliena
1458 629 1741 689 tenebant.
1778 628 1980 681 bellum
2012 643 2199 682 susce-

637 728 880 788 perunt:
923 719 1135 773 Achaeis
1179 719 1542 774 dissensionis
1570 719 1911 784 auctoribus,
1946 719 2202 774 Lacedmn

639 809 854 862 monios
891 808 995 863 sibi
1049 824 1270 862 causam
1316 810 1582 863 malorum
1634 810 1911 865 exstitisse
1964 826 2206 880 conque-

640 898 915 960 rentibus,
948 887 1329 954 Romanis‘eos
1358 902 1657 971 conciliare
1688 903 2067 958 adnitentibus
2097 920 2204 958 non

641 1002 964 1062 paruerunt,
1010 995 1104 1049 sed
1145 995 1386 1049 Critolao
1435 998 1574 1051 duce
1609 1009 1814 1061 creato,
1862 1016 2010 1053 arma
2044 1015 2207 1069 cepe-

639 1093 787 1137 runt.
821 1083 1009 1152 Itaque
1040 1087 1251 1139 veritus
1279 1087 1547 1152 Metellus,
1581 1104 1649 1142 ne
1672 1088 2040 1145 Macedoniam
2069 1108 2210 1160 quo-

638 1190 748 1243 que
806 1175 1129 1230 invaderent
1186 1177 1311 1246 (jam
1361 1179 1506 1234 enim
1538 1171 1874 1235 Thessaliam
1921 1181 2208 1252 intrarant)

640 1264 796 1334 prior
846 1265 1061 1320 obviam
1105 1269 1404 1336 profectus,
1455 1285 1553 1326 eos
1606 1271 1933 1341 proﬂigavit.
1965 1272 2210 1328 Critolao

640 1370 804 1418 creso,
842 1357 1013 1414 Graeci
1044 1360 1096 1414 in
1133 1361 1269 1415 duas
1301 1373 1486 1430 partes
1514 1373 1641 1417 sunt
1665 1364 1935 1429 distracti,
1965 1381 2087 1420 cum
2115 1367 2208 1422 alii

641 1449 836 1517 positis
881 1450 1052 1504 armis
1103 1468 1291 1519 pacem
1342 1464 1686 1522 expeterent,
1734 1457 1825 1510 alii
1878 1444 2206 1513 seditionem

643 1551 928 1608 urgerent,
979 1542 1122 1598 Dimo
1167 1561 1376 1600 summa
1410 1563 1591 1602 rerum
1635 1551 1918 1617 permissa.
1953 1551 2072 1618 Quo
2099 1552 2212 1605 Ro-

643 1631 790 1685 nfani
827 1634 1065 1704 cognito,
1103 1636 1422 1692 Mummium
1452 1641 1667 1695 Metello
1697 1634 2072 1698 successorem
2103 1643 2209 1696 mi-

643 1735 872 1779 serunt:
935 1731 1028 1797 qui
1080 1745 1203 1784 cum
1259 1730 1386 1786 belli
1438 1734 1911 1790 administratione
1955 1747 2210 1807 suscepta

643 1816 852 1889 plagam
871 1815 954 1873 ὀι
1011 1822 1225 1877 insidiis
1263 1840 1386 1877 cum
1437 1836 1592 1894 parte
1640 1827 1916 1881 exercitus
1967 1829 2210 1899 accepis-

644 1915 746 1968 set,
784 1908 928 1961 Diceo
955 1912 1225 1979 fugientes
1256 1929 1428 1983 usque
1479 1917 1545 1969 ad
1581 1929 1756 1973 castra
1789 1931 2098 1989 persecute,
2134 1923 2215 1976 vi-

2307 626 2618 695 περιλιπεῖς
2668 627 2775 679 τῶν
2826 628 3034 697 ἀνδρῶν
3085 629 3308 682 ἐκείνων
3358 631 3701 700 ἐκομίσαντο.
3739 632 3898 683 τότε

2305 718 2361 768 δὲ
2395 719 2758 789 διενεχθέντες
2787 721 3034 792 ἀλλήλοις
3081 722 3135 775 οἴ
3167 723 3213 775 τ’
3257 723 3574 792 ἠδικημένοι
3608 727 3699 777 καὶ
3733 727 3793 775 el
3825 729 3898 775 τα

2308 810 2561 879 ἀλλότρια
2591 813 2803 881 ἔχοντες
2834 813 3197 882 ἐπολέμησαν.
3242 815 3512 884 Ἤρξαντο
3540 816 3595 867 δὲ
3631 817 3728 884 τῆς
3757 816 3896 868 διαο

2311 905 2482 972 φορᾶς
2505 905 2552 956 oi
2601 906 2829 974 Ἀχαιοὶ,
2862 908 2976 969 τοῖς
3021 907 3468 974 Λακεδαιμονίοις
3515 908 3900 974 ἐγκαλοῦντες

2309 995 2381 1058 ὡς
2412 997 2606 1060 αἰτίοις
2633 997 2742 1049 τῶν
2768 997 3187 1072 συμϐεϐηκότων
3211 1000 3391 1060 αὐτοῖς
3416 1016 3430 1029 ·
3472 1001 3562 1050 καὶ
3585 1000 3693 1050 τῶν
3740 1001 3896 1052 Ῥω-

2314 1089 2489 1156 μαίων
2521 1088 2844 1151 διαλλακτὰς
2877 1090 3057 1151 αὐτοῖς
3102 1089 3450 1154 στειλάντων,
3482 1091 3580 1142 οὐκ
3613 1091 3896 1158 ἐπείσθη-

2314 1196 2433 1242 σαν,
2467 1180 2602 1234 ἀλλὰ.
2631 1180 2769 1248 πρὸς
2818 1180 3049 1249 πόλεμον
3087 1181 3354 1252 ὥρμησαν
3413 1182 3710 1250 Κριτόλαιν
3745 1198 3901 1250 προσ

2312 1269 2667 1338 στησάμενοι.
2700 1269 2894 1333 Δείσας
2948 1269 3041 1324 οὖν
3095 1272 3122 1322 ό
3177 1271 3444 1333 Μέτελλος
3506 1271 3580 1339 μὴ
3632 1272 3734 1323 καὶ
3789 1272 3895 1339 τῆς

2313 1360 2651 1422 Μακεδονίας
2694 1361 2938 1431 ἅψωνται
2975 1363 3096 1434 (ἤδη
3143 1362 3248 1431 γὰρ
3294 1366 3376 1425 είς
3441 1363 3538 1434 τὴν
3573 1362 3896 1416 Θεσσαλίαν

2315 1452 2636 1522 παρῆλθφν),
2667 1456 3084 1523 προαπήντησεν
3114 1456 3296 1517 αὐτοῖς
3326 1455 3419 1508 καὶ
3449 1455 3737 1524 ἐτρέψατο.
3774 1456 3895 1507 Καὶ

2313 1544 2404 1596 τοῦ
2431 1546 2731 1615 Κριτολάου
2758 1547 3014 1609 πεσόντος
3043 1549 3163 1617 διχῆ
3191 1548 3414 1619 διῄρητο
3438 1548 3499 1601 τὸ
3543 1548 3888 1614 Ἱεὶλληνικόν.

2315 1640 2375 1690 0!
2410 1640 2507 1707 μὲν
2546 1639 2654 1709 γὰρ
2709 1641 2845 1709 πρὸς
2890 1642 3114 1708 εἰρήνην
3167 1641 3467 1692 ἀπέκλιναν
3497 1643 3589 1692 καὶ
3638 1640 3710 1691 τὰ
3742 1640 3884 1692 ὅπλα

2315 1729 2602 1782 κατέθεντο
2631 1746 2644 1759 ο
2699 1731 2748 1781 οἱ
2801 1729 2855 1782 δὲ
2898 1731 2991 1782 καὶ
3035 1729 3115 1782 ἔτι
3159 1728 3480 1792 ἐστασίαζον
3518 1729 3591 1798 τῷ
3619 1731 3793 1798 Διαίῳ
3823 1733 3878 1780 τὰ

2319 1822 2625 1891 πράγματα
2709 1821 3126 1892 ἐπιτρέψαντες.
3175 1825 3236 1874 Ἀ
3291 1822 3556 1891 μαθόντες
3598 1824 3650 1875 οἱ
3706 1823 3767 1874 ὲν
3822 1823 3879 1888 τῇ

2328 1909 2536 1982 Ῥώμῃ,
2573 1913 2660 1965 ἐπ’
2712 1913 2908 1978 αὐτοὺς
2940 1914 3030 1966 τὸν
3069 1915 3327 1982 Μόμμιον
3372 1913 3650 1980 ἔπεμψανζ
3702 1914 3761 1974 ὃς
3791 1915 3884 1964 τὸν

643 1998 830 2052 cissini
879 2016 1155 2071 egressus,
1213 2021 1278 2060 eo
1306 2007 1592 2078 proﬂigato
1622 2011 1690 2064 ad
1737 2013 2062 2068 Achmornm
2097 2015 2208 2069 val-

2318 2007 2418 2076 μὲν
2471 2005 2740 2059 Μέτελλον
2787 2007 3118 2076 ἀπήλλαξεν,
3185 2004 3346 2066 αὐτὸς
3398 2004 3455 2056 δὲ
3504 2004 3598 2056 τοῦ
3646 2003 3881 2072 πολέμου

644 2087 756 2142 lum
788 2095 956 2148 venit.
999 2095 1176 2150 Diaaus
1227 2115 1358 2153 vero
1391 2102 1689 2171 majoribus
1736 2105 1908 2173 copiis
1943 2107 2210 2174 collectis,

644 2196 886 2251 pugnare
927 2197 1169 2254 paratus,
1203 2189 1482 2246 Romanos
1510 2193 1562 2246 in
1614 2196 1807 2250 castris
1841 2213 1897 2250 se
1924 2199 2215 2255 continen-

646 2279 729 2326 tes
756 2277 1109 2345 contempsit,
1147 2279 1201 2332 in
1251 2280 1553 2336 convallem
1587 2283 1730 2338 inter
1765 2297 1944 2340 castra
1977 2288 2212 2342 mediam

644 2378 988 2436 progressus.
1047 2369 1124 2424 Eo
1156 2371 1272 2426 viso
1301 2372 1588 2430 Memmius
1619 2376 1826 2446 aliquot
1855 2379 2072 2448 equites
2108 2381 2213 2434 mi-

643 2458 740 2522 sit,
770 2461 862 2528 qui
899 2460 1086 2518 hostes
1114 2478 1178 2517 ex
1211 2464 1436 2535 obliquo
1469 2469 1916 2538 aggrederentur,
1953 2487 1983 2525 a
2012 2472 2215 2542 quibus

646 2563 772 2603 cum
822 2553 1028 2607 turbati
1076 2567 1281 2621 essent,
1344 2559 1612 2630 phalange
1667 2577 1696 2616 a
1751 2561 1930 2618 fronte
1978 2565 2214 2620 adducta

645 2639 846 2696 multos
877 2643 1097 2698 occidit.
1150 2645 1302 2702 Unde
1352 2649 1529 2704 Dizens
1559 2651 1864 2720 desperatis
1914 2654 2079 2707 rebus
2107 2655 2213 2709 sibi

647 2746 842 2788 manus
869 2735 1074 2799 attulit,
1108 2752 1174 2792 ex
1206 2738 1272 2792 iis
1299 2755 1432 2794 vero
1479 2743 1574 2811 qui
1607 2758 1638 2796 e
1691 2760 1870 2814 pugna
1901 2755 2211 2811 evaserant,

644 2824 914 2880 Corinthii
947 2829 1147 2896 passim
1185 2831 1240 2885 in
1268 2833 1414 2903 agris
1443 2843 1571 2888 sunt
1596 2837 1851 2905 dispersi,
1883 2839 2066 2893 caeteri
2117 2839 2216 2894 do-

646 2931 794 2970 mum
842 2919 1183 2988 refugerunt.
1248 2925 1482 2980 Proinde
1535 2927 1808 2981 Corinthii
1866 2931 1959 2998 qui
2014 2933 2214 2986 muenia

647 3005 964 3071 tuebantur,
1013 3025 1207 3065 omnes
1251 3014 1483 3080 periisse
1535 3016 1658 3078 rati,
1711 3018 1902 3072 urbem
1953 3018 2216 3075 deserue-
2264 3018 2267 3021 ’

648 3111 797 3161 runt,
831 3117 933 3169 qua
967 3102 1262 3159 Mummius
1307 3105 1437 3161 viris
1469 3123 1640 3163 vacua
1676 3120 1854 3179 capta,
1902 3120 1957 3167 et
2007 3113 2129 3167 illos
2159 3126 2216 3168 et

2315 2103 2512 2170 εἴχετο.
2554 2103 2648 2154 καί
2682 2119 2804 2155 τινα
2835 2101 3051 2171 πληγὴν
3086 2101 3241 2172 μέρει
3274 2101 3371 2168 τῆς
3410 2103 3663 2170 στρατιᾶς
3692 2099 3874 2152 λαϐὼν

2313 2193 2373 2255 ἐξ
2426 2191 2671 2261 ἐνέδρας,
2713 2189 2806 2244 τοῦ
2854 2191 3044 2244 Διαίου
3103 2189 3539 2254 καταδιώξαντος
3579 2190 3729 2259 μέχρι
3771 2187 3868 2241 τοῦ

2317 2281 2469 2350 σφῶν
2508 2282 2876 2354 στρατοπέδου
2937 2281 3063 2342 τοὺς
3115 2281 3442 2348 φεύγοντας,
3495 2277 3872 2344 ἀντεπεξῆλθε,

2315 2375 2412 2427 καὶ
2469 2373 2813 2444 τρεψόμενος
2867 2373 3029 2425 αὑτὸν
3065 2372 3201 2442 πρὸς
3237 2373 3296 2424 τὺ
3325 2371 3435 2425 τῶν
3478 2370 3710 2439 Ἀχαιῶν
3750 2365 3872 2438 ἦλθε

2317 2466 2648 2534 χαράκωμα.
2689 2463 2973 2534 Ἀθροίσας
2998 2462 3056 2515 δὲ
3094 2463 3326 2533 δύναμιν
3354 2465 3383 2515 ό
3435 2461 3618 2523 Δίαιος
3665 2459 3864 2512 πλείονα

2316 2553 2615 2623 συμϐαλεῖν
2644 2554 2829 2614 αὐτοῖς
2856 2553 3236 2623 ἐπεχείρησεν.
3283 2552 3373 2615 Ὧς
3394 2553 3440 2605 δ’
3479 2552 3579 2605 οὐκ
3609 2551 3860 2619 ἀντεξέδρ·
3909 2569 3918 2583 ·

2317 2665 2499 2718 μησαν
2525 2650 2574 2700 οἱ
2611 2649 2898 2715 Ῥωμαῖοι,
2928 2646 3331 2718 κατεφρόνησεν
3351 2645 3556 2708 αὐτῶν,
3589 2645 3688 2698 καὶ
3725 2642 3872 2704 εἰςτὺ

2317 2740 2483 2808 μέσον
2511 2741 2624 2791 τῶν
2667 2737 3044 2808 στρατοπέδων
3078 2739 3256 2790 κοῖλον
3283 2736 3342 2788 ὃν
3399 2733 3696 2806 προῆλθεν.
3736 2733 3876 2786 Ἰδὼν

2312 2826 2406 2884 οὗν
2434 2830 2578 2884 τοῦθ’
2615 2833 2642 2882 ό
2671 2831 2926 2899 Μόμμιος
2951 2829 3061 2880 τῶν
3090 2827 3302 2881 ἱππέων
3326 2829 3479 2888 τινας
3505 2827 3684 2896 λάθρα
3710 2827 3879 2890 ἔπεμ-

2313 2925 2434 2990 ψεν,
2472 2923 2538 2973 ἵν’
2599 2924 2664 2972 ὲκ
2699 2921 2928 2987 πλαγίου
2968 2921 3152 2981 αὐτοῖς
3185 2917 3573 2986 ἐπιγένωνται,
3609 2919 3717 2971 Καὶ
3765 2915 3881 2969 ἐπεὶ

2315 3017 2513 3069 ἐκεῖνοι
2554 3013 2954 3084 προσϐαλόντες
2982 3012 3183 3074 αὐτοὺς
3216 3011 3611 3080 συνετάραξαν,
3635 3011 3880 3078 ἐπήγαγε

2315 3112 2415 3180 τὴν
2447 3110 2706 3178 φάλαγγα
2736 3108 2877 3162 κατά
2930 3107 3245 3177 πρόσωπον,
3276 3105 3371 3159 καὶ
3401 3105 3627 3166 πολλοὺς
3664 3104 3884 3169 ἐφόνευ-

645 3200 871 3246 cmteros
897 3194 1112 3250 Graecos
1140 3198 1278 3252 citra
1314 3198 1555 3255 laborem
1591 3202 1803 3257 domuit
1831 3223 1842 3258 :
1885 3219 1948 3258 ac
1993 3214 2107 3259 tum
2133 3206 2208 3260 eis

2321 3193 2433 3255 σεν.
2488 3202 2584 3253 Ἐκ
2630 3199 2684 3251 δὲ
2742 3199 2930 3252 τούτου
2981 3199 3162 3258 Δίαιος
3212 3198 3309 3266 μὲν
3371 3197 3646 3263 ἀπογνοὺς
3689 3195 3885 3247 mea

643 3295 814 3347 arma,
869 3285 1092 3340 donaria
1149 3292 1498 3358 templorum,
1555 3304 1782 3359 statuas,
1837 3297 2102 3365 picturas,
2157 3307 2210 3351 et

644 3375 749 3428 alia
781 3375 1103 3434 ornamenta
1136 3383 1360 3435 ademit.
1396 3383 1556 3438 Patre
1584 3396 1766 3440 autem
1796 3389 1914 3453 ejus
1936 3405 2058 3441 eum
2090 3389 2212 3443 aliis

641 3466 708 3521 ad
750 3483 836 3522 res
868 3480 992 3538 post
1033 3471 1189 3542 471
1231 3474 1516 3529 victoriam
1560 3479 1964 3543 componendas
2020 3480 2205 3544 misso,

642 3564 1004 3629 quorumdam
1053 3567 1251 3620 mcenia
1305 3568 1538 3623 evertit:
1577 3585 1876 3640 omnesque
1925 3570 2129 3626 liberos
2153 3580 2209 3626 et

643 3653 727 3708 sui
765 3656 905 3722 juris
952 3672 1073 3710 esse
1122 3673 1314 3725 passus
1343 3670 1445 3724 est,
1479 3672 1676 3729 praeter
1703 3663 2037 3727 Corinthios,
2069 3679 2206 3734 quos

642 3747 744 3801 sub
773 3762 975 3801 corona
1010 3749 1276 3811 vendidit,
1307 3766 1438 3819 agro
1473 3767 1664 3806 eorum
1700 3754 2006 3821 publicato,
2031 3754 2206 3810 muris

639 3839 960 3908 ceterisque
1007 3842 1264 3895 omnibus
1304 3841 1552 3897 tediﬁciis
1606 3844 1924 3900 subversis:
1974 3847 2200 3912 veritus,

639 3947 707 3985 ne
739 3947 856 3985 eam
890 3933 977 3985 alii
1013 3934 1083 3987 ob
1115 3944 1315 3988 tantam
1366 3937 1783 4004 amplitudinem
1844 3949 2200 4008 occuparent.

638 4021 718 4074 Ne
748 4025 870 4091 quis
918 4039 1046 4076 vero
1093 4020 1502 4080 Corinthiorum
1551 4030 1766 4090 lateret.
1820 4040 1915 4083 aut
1967 4031 2200 4084 aliorum

637 4111 950 4166 Graecorum
985 4130 1083 4182 pro
1119 4115 1406 4169 Corinthio
1437 4118 1646 4172 veniret
1674 4137 1686 4170 :
1739 4135 1930 4172 omnes
1955 4121 2048 4188 qui
2077 4121 2205 4174 ade-

642 4215 785 4267 rant,
837 4206 1154 4277 priusquam
1202 4208 1332 4277 quid
1380 4210 1648 4277 agendum
1694 4220 1838 4264 esset
1872 4211 2199 4276 declararet,

640 4298 959 4351 convocavit
985 4314 1000 4352 :
1029 4299 1206 4368 iisque
1227 4299 1638 4354 dissimulanter
1668 4299 1934 4357 militibus
1961 4302 2199 4357 circum-

639 4384 824 4447 clusis,
860 4397 973 4437 tum
1000 4387 1230 4440 aliorum
1262 4388 1589 4450 libertatem,
1631 4398 1744 4443 tum
1784 4391 2199 4448 Corinthiorum

638 4475 955 4530 servitutem
987 4479 1378 4542 pronuntiavit.
1407 4479 1612 4534 Deinde
1641 4497 1914 4549 quemque
1940 4483 2042 4537 sibi
2073 4499 2201 4552 pro-

637 4566 841 4621 ximum
870 4568 1282 4637 apprehendere
1311 4571 1496 4638 jussit,
1535 4582 1590 4623 ut
1630 4573 1786 4638 plane
1819 4573 2202 4628 discerneren-

639 4665 750 4713 tur.
783 4655 1046 4710 Corintho
1095 4659 1177 4710 sic
1225 4673 1436 4722 eversa,
1473 4658 1679 4711 Graacia
1730 4659 1890 4714 initio
1929 4663 2113 4717 statim
2144 4674 2200 4720 ct

637 4748 880 4801 caedibus
928 4757 984 4802 et
1036 4750 1393 4817 pecuniarum
1451 4750 1831 4805 exactionibus
1878 4761 1962 4807 est
1985 4765 2198 4811 vexata.

638 4836 844 4891 Deinde
883 4849 1084 4891 tantam
1121 4841 1426 4894 libertatem
1453 4851 1508 4896 et
1541 4842 1860 4898 felicitatem
1898 4845 2116 4917 adepta,
2143 4857 2202 4903 ut

639 4928 906 4992 dicerent,
941 4932 994 4982 ni
1021 4940 1230 4985 mature
1256 4935 1399 5000 capti
1428 4945 1630 4996 essent,
1665 4952 1723 4991 se
1755 4938 2058 4995 incolumes
2080 4957 2201 4996 esse

638 5035 748 5074 non
782 5021 1044 5089 potuisse.
1078 5021 1153 5075 Ac
1181 5022 1527 5091 Carthaginis
1553 5037 1608 5078 et
1657 5027 1907 5082 Corinthi
1944 5033 2204 5086 vetustis-

637 5112 895 5168 simarum
933 5113 1150 5168 urbium
1185 5124 1296 5168 tum
1326 5116 1484 5169 simul
1539 5117 1625 5171 hic
1657 5119 1758 5171 fuit
1785 5121 2004 5175 exitus:
2040 5123 2202 5192 longo

639 5215 819 5258 autem
849 5217 1092 5276 tempore
1125 5218 1266 5276 post,
1302 5208 1513 5262 colonis
1558 5210 1926 5264 Romanorum
1974 5229 2041 5267 eo
2073 5215 2206 5269 mis-

638 5297 734 5359 sis,
803 5297 1215 5355 reﬂorescentes
1278 5301 1346 5356 ad
1406 5302 1696 5370 pristinum
1755 5311 1956 5357 statum
2011 5305 2204 5360 redie-

640 5398 786 5445 ιύηι.

2316 3293 2626 3347 ἀπέκτεινε.
2662 3289 2782 3341 Ἰῶν
2829 3289 2875 3342 δ’
2910 3290 2974 3340 ἐκ
3014 3289 3115 3358 τῆς
3169 3289 3350 3357 μάχης
3385 3287 3808 3355 περισωθέντων
3839 3286 3884 3338 οι

2319 3385 2419 3454 μὲν
2453 3367 2744 3453 Κορίνθιοι
2790 3381 2932 3434 κατά
2983 3381 3083 3448 τὴν
3135 3379 3318 3449 χώραν
3369 3379 3807 3446 ἐσκεδάσθησαν,
3837 3379 3884 3431 οι

2313 3476 2356 3529 δ’
2410 3475 2558 3531 ἄλλοι
2615 3474 2803 3528 οἴκαδε
2851 3473 3070 3541 ἔφυγον.
3106 3473 3271 3526 Ὅθεν
3310 3472 3416 3552 sui:
3434 3475 3481 3524 οἱ
3515 3475 3573 3524 ἐν
3611 3470 3690 3540 τῷ
3710 3473 3886 3541 τείχει

2314 3567 2592 3640 Κορίνθιοι
2646 3567 2852 3630 πάντας
2885 3565 3226 3621 ἀπολωλέναι
3265 3566 3586 3636 νομίσαντες
3634 3564 3889 3628 ἐξέλιπον

2313 3661 2411 3730 τὴν
2467 3660 2648 3724 πόλιν,
2701 3660 2796 3712 καὶ
2863 3660 3026 3726 κενὴν
3077 3657 3248 3725 αὐτὴν
3297 3657 3509 3726 ἀνδρῶν
3553 3659 3580 3708 ό
3623 3656 3890 3724 Μόμμιος

2315 3750 2496 3803 ἔλαϐε.
2533 3751 2638 3802 Καὶ
2671 3748 2808 3818 μετὰ
2835 3747 3008 3801 ταῦτα
3038 3747 3337 3810 ’κάκείνους
3383 3748 3482 3799 καὶ
3522 3748 3640 3808 τοὺς
3673 3745 3887 3808 ἄλλους

2315 3843 2584 3908 Ἕλληνας
2613 3840 2829 3902 ἀπόνως
2863 3841 3320 3909 προσεποιήσατο.
3367 3838 3480 3893 Καὶ
3531 3841 3646 3892 τότε
3679 3839 3788 3906 μὲν
3822 3846 3886 3891 τά

2309 3937 2450 3990 ὅπλα
2481 3935 2661 3989 αὐτῶν
2691 3934 2783 3987 καὶ
2817 3935 2918 3987 ὅσα
2943 3933 3077 4002 πρὸς
3103 3935 3216 3996 τοῖς
3244 3933 3410 4000 ἱεροῖς
3450 3935 3755 3995 ἀνέκειντο,
3793 3934 3886 3984 καὶ

2308 4029 2433 4091 τοὺς
2460 4028 2804 4096 ἀνδριάντας,
2835 4027 2934 4087 τάς
2961 4041 3020 4078 τε
3052 4027 3271 4093 γραφὶς
3301 4027 3396 4078 καὶ
3423 4026 3475 4078 εί
3501 4044 3553 4078 τι
3591 4026 3724 4079 ἀλλο
3746 4025 3882 4092 πρὸς

2308 4119 2512 4186 κόσμον
2545 4113 2712 4186 εἶχον,
2767 4116 3076 4183 παρείλετο.
3108 4115 3474 4183 Πεμφθέντων
3501 4118 3574 4168 δὲ’
3609 4117 3658 4168 οἱ
3689 4116 3788 4167 τοῦ
3827 4132 3880 4168 τε

2309 4210 2516 4279 πατρὸς
2553 4210 2665 4275 (57)
2689 4209 2780 4260 καὶ
2809 4208 2985 4260 ἄλλων
3011 4207 3104 4258 ἐπὶ
3126 4207 3582 4258 καταστάσειτῶν
3616 4207 3873 4259 ἁλόντων.

2307 4299 2459 4366 τείχη
2484 4298 2540 4350 τὲ
2567 4315 2727 4350 τινων
2763 4297 3003 4366 περιεῖλε
3026 4336 3042 4358 ,
3079 4295 3171 4348 καὶ
3201 4296 3516 4371 ἐλευθερους
3549 4297 3762 4358 πάντας
3791 4297 3876 4348 καὶ

2308 4391 2638 4456 αὐτονόμους
2689 4388 2827 4456 πλὴν
2885 4387 2994 4440 τῶν
3067 4386 3370 4458 Κορινθίων
3411 4388 3617 4456 ἀφῆκε.
3660 4389 3774 4457 Τῆς
3821 4389 3872 4440 δὲ

2310 4477 2574 4547 Κορίνθου
2605 4476 2732 4538 τούς
2759 4494 2818 4528 τε
2853 4478 3142 4544 οἰκήτορας
3170 4475 3399 4529 ἀπέδοτο
3440 4477 3534 4529 καὶ
3566 4477 3668 4548 τὴν
3690 4479 3868 4546 χώραν

2312 4570 2671 4639 ἐδημοσίωσε,
2698 4568 2767 4619 τά
2797 4583 2853 4618 τε
2887 4566 3037 4636 τείχη
3061 4568 3154 4620 καὶ
3179 4567 3248 4619 τι
3283 4567 3419 4619 ἀλλα
3465 4566 3859 4636 οἰκοδομήματα

2311 4661 2489 4712 πάντα
2519 4656 2850 4727 κατέσκαψε,
2873 4655 3128 4725 φοϐηθεὶς
3161 4657 3234 4725 μὴ
3260 4657 3356 4708 καὶ
3383 4650 3535 4718 αὖθις
3561 4672 3706 4719 τινες
3745 4657 3865 4726 πρξς

2306 4752 2474 4822 αὐτὴν
2505 4747 2594 4804 οἶα
2654 4753 2918 4820 μεγίστην
2969 4750 3257 4802 συστῶσιν.
3299 4748 3416 4801 Ἰνα
3455 4749 3512 4801 δὲ
3578 4750 3717 4818 μήτε
3789 4766 3868 4809 τις

2307 4847 2527 4899 ἐκείνων
2557 4845 2713 4913 λάθῃ,
2750 4843 2888 4914 μήτε
2913 4842 3020 4894 τῶν
3049 4842 3252 4895 λοιπῶν
3272 4858 3356 4906 τις
3386 4841 3658 4910 Ἐλλήνων
3684 4840 3868 4908 πραθῇ

2304 4936 2379 4998 ὡς
2415 4934 2712 5002 Κορίνθιος,
2739 4932 3086 4995 συνεκάλεσε,
3105 4932 3232 5000 πρὶν
3254 4931 3486 5002 ἐκφῆναι
3509 4931 3569 4982 τὸ
3598 4931 3869 4998 ποιητέον,

2308 5029 2514 5087 πάντας
2557 5028 2680 5087 τοὺς
2737 5025 3032 5091 παρόντας,
3085 5025 3180 5077 καὶ
3236 5024 3434 5084 αὐτοὺς
3475 5021 3694 5090 ἀφανῶς
3756 5039 3873 5084 πως

2305 5120 2418 5180 τοῖς
2463 5114 2818 5186 στρατιώταις
2853 5115 3338 5183 ἐγκυκλωσάμενος
3391 5114 3626 5183 ἐκήρυξε
3662 5114 3766 5182 τήν
3812 5131 3872 5165 τε

2309 5210 2416 5264 τῶν
2452 5211 2624 5263 ἀλλων
2651 5209 2960 5279 ἐλευθερίαν
2996 5209 3092 5260 καὶ
3134 5208 3232 5275 τὴν
3269 5205 3376 5258 τῶν
3406 5207 3707 5275 Κορινθίων
3751 5207 3873 5259 δοῦ.

2309 5306 2494 5358 λωσιν.
2537 5303 2767 5356 Ἔπειτα
2803 5298 3102 5373 προσέταξε
3138 5288 3272 5350 πᾶσι
3301 5298 3410 5350 τῶν
3443 5299 3873 5371 παρεστηκότων

2311 5398 2462 5468 σφίσι
2493 5395 2776 5457 λαϐέσθαι,
2807 5394 2903 5445 καὶ
2923 5392 3063 5442 οὕτω
3096 5389 3238 5458 σαφῆ
3266 5391 3365 5457 τὴν
3390 5391 3665 5459 διάκρισιν
3685 5390 3871 5444 αὐτῶν

643 5483 955 5553 ἐποιήσατο.
1019 5485 1130 5538 Καὶ
1179 5486 1209 5553 ὴ
1265 5488 1364 5554 μὲν
1409 5487 1666 5556 Κόρινθος
1705 5488 1877 5553 οὕτως
1905 5491 2207 5554 ἀνάστατος
2245 5491 2454 5560 γέγονε,
2483 5490 2544 5542 τὸ
2593 5490 2636 5540 δ’
2687 5488 2815 5542 ἄλλο
2847 5482 3159 5552 Ἑλληνικὸν
3195 5483 3539 5553 παραχρῆμα
3612 5484 3706 5552 μὲν
3778 5486 3872 5540 καὶ

643 5577 875 5641 σφαγαῖς
909 5578 1002 5629 καὶ
1028 5579 1324 5647 χρημάτων
1358 5579 1607 5646 ἐκλογαῖς
1651 5581 1924 5651 ἐκακώθη.
1970 5584 2203 5638 Ἔπειτα
2241 5583 2296 5634 ἐν
2326 5600 2383 5634 τε
2421 5581 2575 5651 ἀδείᾳ
2608 5581 2703 5632 καὶ
2733 5580 2789 5629 ἐν
2855 5575 3170 5646 εἰδαιμονίᾳ
3200 5574 3440 5646 τοσαύτῃ
3471 5574 3694 5642 ἐγένετο
3729 5577 3871 5631 ὥστε

1822 5723 2021 5786 Varize
2059 5724 2362 5786 lectiones
2396 5731 2456 5785 et
2496 5729 2681 5785 noue.

718 5835 828 5904 (57)
856 5842 1081 5909 Πατρός
1109 5841 1194 5896 δέ.
1237 5823 1370 5901 Vide
1395 5852 1576 5899 notata
1607 5845 1674 5899 ah
1709 5845 1944 5903 Henrico
1984 5847 2200 5902 Valesio
2237 5847 2302 5902 ad
2335 5847 2599 5916 Excerpta
2636 5844 2862 5917 Polybii,
2885 5859 2936 5913 p.
2967 5841 3056 5895 '52.
