4012 6330
133 491 248 548 3υῆ

1419 487 1816 548 ΑΝΝΑΙᾸΠΜ
1856 489 1998 551 LlB.
2044 493 2116 551 X.

3256 483 3360 560 διιό

131 600 428 675 προελθεῖν
461 599 765 669 Πομπηΐου,
798 597 890 650 τοῦ
947 613 1003 649 τε
1059 596 1233 649 Σύλλα
1286 595 1470 659 κακῶς
1526 599 1698 667 ἐμνη-

1807 617 1924 655 cum
1973 601 2430 658 obtestationibus
2461 614 2516 660 ct
2546 607 3070 665 vociferationibus:
3111 624 3360 679 :egreque

135 691 390 756 μόνευον,
457 691 719 740 ’κάκεῖνον
746 689 846 739 ούκ
876 687 999 738 εῐων
1040 683 1317 736 πιστεύειν
1349 683 1424 753 τῷ
1450 685 1698 754 τυράννῳ

134 779 349 832 ἐαυτόν.
393 780 502 830 Καὶ
526 782 551 831 ὁ
584 778 683 847 μὲν
711 779 966 846 ἐπειρᾶτο
997 770 1260 845 πραΰνειν
1285 775 1502 840 αὐτοὺς,
1550 777 1598 828 οἱ
1641 775 1698 827 δὲ

138 859 324 940 μένειν
347 871 508 924 αὐτὸν
544 873 638 923 καὶ
665 870 854 940 ἄρχειν
887 869 1158 928 ἐκέλευον,
1195 868 1354 937 ἄχρις
1386 861 1447 920 οὗ
1477 867 1698 934 προσλι-

134 963 462 1031 παρούντων
509 962 602 1013 καὶ
648 959 1072 1022 καταϐοώντων,
1110 959 1324 1028 ὤμοσεν
1385 959 1700 1027 ἀναιρήσειν

132 1055 326 1105 ἑαυτὸν
356 1054 402 1104 εί
445 1053 733 1121 βιάζοιντο·
783 1051 880 1104 καὶ
926 1052 1079 1119 μόλις
1134 1042 1308 1112 οὕτως
1368 1052 1694 1102 ἐπαύσαντο.

138 1149 363 1216 Πρῶτον
398 1149 496 1216 μὲν
527 1145 620 1200 οὖν
643 1147 847 1216 ἠγγέλη
877 1147 955 1217 τῷ
985 1146 1160 1217 Σύλλᾳ.
1188 1145 1492 1211 ἀφεστάναι
1550 1145 1699 1212 "op.-

135 1240 319 1308 πήῖον.
354 1237 483 1292 Εἶτα
539 1240 838 1308 πυθόμενος
896 1237 1145 1307 τάληθὲς,
1201 1238 1511 1306 ἀπήντησεν
1555 1233 1701 1304 αὐτῷ

131 1333 416 1400 προσιόντι
478 1334 570 1384 καὶ
609 1331 1028 1400 δεξιωσάμενος,
1066 1331 1283 1396 Μάγνον
1313 1330 1573 1396 προσεῖπε
1608 1341 1704 1393 με·-

129 1424 279 1492 γάλῃ
308 1426 371 1490 τῇ
405 1426 578 1492 φωνῇ.
614 1423 872 1492 Σημαίνει
924 1421 980 1473 δὲ
1014 1420 1184 1490 μέγαν
1224 1422 1251 1470 6
1300 1421 1540 1488 Μάγνος.
1577 1418 1701 1488 Θρε-

132 1515 318 1584 αμϐον
343 1515 394 1566 δὲ
431 1515 720 1582 Πομπηΐου
775 1514 1050 1576 αἰτοῦντος
1093 1513 1121 1563 6
1168 1511 1369 1571 Σύλλας
1392 1513 1701 1577 ἀντέλεγεν,

131 1605 212 1665 ὼς
257 1605 444 1674 ὑπάτῳ
494 1605 526 1674 ἢ
585 1603 1286 1675 στρατη-,νῷ-οριαμ6εύειν
1358 1604 1693 1671 νενῦμισται,

133 1693 285 1763 ἄλλῳ
305 1694 360 1746 δὲ
381 1694 582 1747 οὐδενί.
619 1694 678 1746 Ei
701 1694 755 1746 δέ
790 1695 1073 1764 Ιιομπήῖος
1103 1693 1260 1760 ,οὔπω
1291 1692 1520 1759 γενειῶν
1547 1694 1705 1762 ἀκρι·

135 1786 245 1848 ϐὡς
277 1786 658 1856 θριαμϐεύσει,
705 1781 750 1854 ᾧ
782 1786 972 1856 βουλῆς
1005 1786 1092 1839 διὰ
1121 1787 1220 1856 τὴν
1245 1787 1460 1856 ἡλικίαν
1483 1787 1542 1837 ού
1579 1788 1702 1854 μέτ·

139 1871 305 1944 εστιν,
331 1878 620 1948 ἐπίφθονος
663 1877 847 1932 ἔσεται
902 1879 1114 1951 αύτῷη
1164 1880 1319 1947 τιμή.
1366 1879 1554 1931 Ταῦτα
1612 1878 1704 1930 τοῦ

1799 691 2150 754 destiterunt.
2209 710 2332 748 cum
2391 698 2624 766 jurasset
2655 715 2712 754 se
2747 701 2848 755 sibi
2883 703 2985 770 ipsi
3013 717 3204 755 manus
3235 702 3367 756 alla.-

1802 793 2010 847 turum,
2045 785 2086 837 si
2114 797 2392 854 cogerent.
2427 785 2703 858 Principio
2732 790 2892 860 Sylla:
2921 795 3233 845 nuntiatum
3260 801 3363 855 est.

1800 873 2061 928 defecisse
2099 874 2444 943 Pompeium.
2487 877 2690 930 Deinde
2722 880 2951 934 veritate
2986 881 3225 949 cognita,
3260 881 3361 934 ob.

1800 964 1942 1017 viam
1980 980 2318 1034 progressus,
2354 978 2716 1036 porrectaque
2737 969 2978 1034 dextera,
3007 986 3200 1038 magna
3234 986 3366 1024 voce

1803 1053 2054 1123 Magnum
2103 1070 2227 1108 cum
2279 1059 2726 1125 cognominavit:
2765 1059 2860 1112 sed
2897 1059 3233 1127 triumphum
3274 1075 3367 1128 pe-

1805 1146 1939 1199 tenti
1965 1145 2286 1200 adversatus
2306 1159 2408 1208 est,
2441 1150 2583 1216 quod
2616 1150 2819 1202 nemini
2849 1159 3210 1218 praterquam
3238 1164 3368 1203 cou-

1804 1236 1908 1289 suli
1938 1247 2033 1289 aut
2066 1238 2285 1306 prmtori
2322 1237 2665 1305 triumphare
2699 1238 2908 1290 liceret.
2948 1236 3043 1290 Sin
3078 1235 3370 1304 Pompeius

1804 1342 1942 1395 pene
1992 1327 2273 1388 imberbis.
2326 1329 2413 1380 cui
2466 1343 2562 1395 per
2582 1336 2798 1380 aztate'm
2850 1328 2904 1380 in
2948 1338 3140 1381 senatu
3175 1327 3367 1381 venire

1805 1435 1911 1472 non
1941 1419 2155 1479 liceret.
2195 1419 2607 1487 triumphasset,
2669 1434 2793 1471 com
2839 1419 3102 1471 honorem
3141 1418 3374 1472 invidio-

1807 1523 1925 1562 sum
1958 1507 2092 1562 fore.
2123 1508 2247 1567 Πίος
2280 1510 2421 1579 Sylla
2450 1508 2686 1570 dicente,
2719 1509 3006 1576 Pompeius
3039 1508 3372 1577 respondere

1807 1616 1913 1653 non
1934 1600 2224 1664 dubitavit,
2269 1600 2535 1653 orientem
2562 1600 2731 1653 solem
2759 1599 2939 1668 plures
2962 1599 3188 1652 adorare
3209 1613 3371 1667 quam

1807 1693 2144 1746 occidentem
2173 1713 2188 1745 :
2231 1691 2512 1760 quodicto
2541 1690 2847 1759 significare
2879 1690 3072 1754 voluit,
3095 1705 3246 1744 suam
3280 1705 3375 1758 po-

1810 1784 2030 1838 tentiam
2081 1783 2290 1851 augeri,
2338 1782 2484 1834 illius
2531 1782 2784 1834 imminui
2829 1791 2884 1834 ct
2914 1781 3253 1834 explesccre.
3298 1779 3374 1832 Eo

1809 1893 2071 1946 responso
2099 1876 2263 1949 474
2290 1877 2433 1947 Sylla
2464 1877 2920 1963 obstupefactus:
2966 1873 3055 1929 γει
3090 1877 3164 1930 bis
3195 1876 3375 1930 ordine
3421 1883 3424 1886 ’

134 1966 312 2019 Σύλλα
337 1966 591 2035 λέγοντος
639 1969 667 2019 6
713 1970 992 2041 Πομπήϊος
1044 1968 1142 2038 οὐχ
1198 1967 1529 2037 ὑπέπτηξεν,
1584 1967 1700 2024 ἀλλῖ

1811 1973 2111 2039 triumphet,
2138 1970 2483 2028 exclamavit.
2523 1968 2783 2021 Militibus
2813 1977 2996 2021 autem
3030 1968 3377 2022 obturbanti-

132 2058 336 2109 ἐννοεῖν
361 2057 468 2131 ἔφη
547 2058 655 2110 δεῖν
691 2059 772 2111 ὅτι
802 2060 892 2110 τδν
928 2060 1081 2130 ἥλιον
1119 2059 1476 2112 ἀνατέλλοντα
1535 2058 1707 2111 πλείο·

133 2165 224 2211 νες
251 2148 286 2217 ἢ
330 2149 590 2218 δυόμενον
654 2149 1046 2221 προσκυνοῦσιο
1093 2150 1270 2218 δηλῶν
1341 2149 1592 2203 ἐντεῦθεν
1635 2150 1708 2212 ὡς

129 2236 294 2307 αύτῷ
323 2237 418 2306 μὲν
442 2240 473 2305 ἠ
495 2230 728 2308 δύναμις
753 2239 996 2304 αὒξεται,
1029 2224 1223 2310 ἐκείνῳ
1253 2239 1309 2292 δὲ
1363 2238 1616 2309 μειοῦται
1648 2255 1707 2290 τε

133 2332 236 2383 καὶ
274 2333 622 2401 μαραίνεται.
644 2333 788 2401 “pb;
825 2330 999 2384 ταῦτα
1018 2331 1047 2384 6
1075 2331 1279 2392 Σύλλας
1309 2331 1705 2397 καταπλαγεὶς,

138 2424 240 2487 Δὶς
261 2422 483 2492 ἐφεξῆς
510 2422 978 2496 θριαμϐευσάτω,
1005 2423 1250 2492 ἐϐόησεν.
1271 2424 1354 2485 Ὠς
1377 2423 1432 2475 δέ
1464 2424 1515 2474 oi
1553 2431 1710 2494 στρα-

135 2515 330 2567 τιῶται
365 2508 605 2585 ἐνοχλεῖν
635 2515 916 2568 ἐϐούλοντο
935 2519 1028 2568 καὶ
1053 2516 1326 2584 Οορυϐεἶν,
1350 2515 1425 2587 μὴ
1454 2518 1708 2585 τυχόντες

139 2607 352 2677 ⁴ἡλίκων
373 2609 799 2678 προσεδόκησαν,
827 2610 854 2659 6
884 2607 1166 2676 Πομπήϊος
1186 2609 1416 2676 ἁφήπιν
1444 2606 1545 2674 ἔφη
1577 2605 1711 2673 μᾶλ-

137 2699 237 2751 λον
266 2700 353 2751 τὸν
381 2698 652 2769 θρίαμϐον
698 2698 731 2768 ἢ
783 2697 1137 2750 κολακεύσειν
1177 2698 1303 2756 τοὺς
1350 2697 1706 2766 στρατιώτας.

137 2789 289 2858 Πρὸς
328 2788 354 2840 δ
393 2789 701 2858 Σερουΐλιος
757 2789 898 2858 ἀνὴρ
957 2787 1227 2853 ἐπιφανὴς
1283 2787 1376 2837 καὶ
1415 2785 1710 2851 ἀντιλέγων

139 2882 280 2950 πρὶν
313 2880 449 2950 πρὸς
483 2883 572 2932 τὸν
606 2878 901 2948 θρίαμϐον,
932 2877 1082 2939 Νῦν,
1114 2877 1239 2945 ἔφη,
1273 2875 1573 2944 Πομπήϊος
1610 2875 1707 2927 καί

89 3041 93 3046 ἱ
143 2973 391 3040 Μάγνος
425 2971 684 3036 ἀληθῶς,
719 2969 814 3023 καὶ
865 2965 1460 3041 ἄξιοςθριαμξεῦσαι.
1509 2966 1711 3029 Σύλλας

139 3062 194 3114 δὲ
219 3063 415 3130 ἠνιᾶτο
441 3061 559 3128 μὲν,
586 3061 727 3129 ὁρῶν
749 3066 825 3121 εἰς
867 3061 987 3110 ὅσον
1019 3061 1234 3128 πρόεισι
1271 3058 1429 3125 δόξης
1471 3053 1570 3111 καὶ¹
1622 3060 1714 3110 δυ-

139 3154 358 3222 νάμεως
390 3155 417 3203 ὁ
453 3153 751 3221 Πομπήϊος,
793 3148 1177 3219 αἰσχυνόμενος
1209 3147 1264 3201 δὲ
1301 3150 1554 3211 κωλύειν,
1589 3149 1711 3217 ἡσυ-

141 3249 270 3318 χὶαν
300 3242 424 3318 ἦγε.
481 3246 710 3308 Λέπιδος
753 3247 936 3314 μέντοι
987 3244 1188 3312 σπουδῇ
1246 3243 1527 3312 Πομπηΐου
1579 3243 1763 3318 fma-I-

140 3341 292 3403 τείας
318 3337 516 3409 τυχὼν,
548 3339 625 3402 εἰς
653 3338 748 3408 τὴν
797 3336 970 3390 Σύλλα
1022 3336 1250 3415 δύναμιν
1294 3337 1502 3388 ἐκείνου
1535 3324 1711 3387 τελεύ-

138 3422 408 3501 τήσαντος
449 3429 948 3485 ἐαυτὸνεὶσεποίει.
999 3431 1109 3483 Καὶ
1159 3430 1330 3491 εὐθὺς
1363 3429 1581 3491 ἔνοπλος
1622 3425 1710 3498 ἣν,

140 3525 213 3575 τὰ
243 3523 356 3575 τῶν
387 3521 626 3575 στάσεων
655 3521 1042 3588 ὑπολείμματα
1076 3519 1370 3571 ἀνακινῶν.
1393 3520 1502 3585 Καί¹
1526 3523 1551 3570 6
1572 3519 1712 3586 Πομ-

141 3619 307 3687 πήϊος
334 3612 552 3682 ἡγεμὼν
585 3611 994 3679 στρατεύματος
1025 3611 1319 3679 ἀπεδείχθη
1369 3611 1510 3665 κατὰ
1541 3612 1709 3662 Λε¹πίο

140 3709 260 3767 δου,
302 3705 398 3774 ήδη
438 3704 606 3756 πολλὰ
650 3705 745 3772 τῆς
792 3703 1022 3764 Ἰταλίας
1073 3703 1423 3771 κεκινηκότος
1477 3704 1570 3754 καὶ
1616 3703 1713 3770 τὴν

149 3800 302 3860 ἐντὸς
338 3797 590 3864 Ἀλπεων
626 3795 894 3850 Γαλατίαν
935 3795 1021 3848 διὰ
1068 3796 1304 3864 Βρούτου
1365 3797 1712 3864 κατέχοντος.

148 3888 269 3940 Τῶν
295 3887 398 3955 μὲν
428 3881 518 3938 οὖν
547 3885 722 3938 ἄλλων
756 3884 960 3954 ῥαδίως
1002 3885 1306 3954 ἐκράτησεν
1333 3888 1360 3935 ό
1411 3886 1711 3953 ιίομπήῐος,

146 3978 578 4048 ἀντικαθήμενος
608 3977 664 4028 δὲ
695 3977 772 4044 τῷ
799 3976 1030 4044 Βρούτῳ
1068 3978 1361 4045 ἐχρόνισεν.
1397 3973 1529 4028 Εἶτα
1591 3976 1715 4025 ἐαυ-

144 4075 236 4125 τὸν
265 4074 291 4124 6
324 4069 558 4138 Βροῦτος
584 4068 732 4136 αὐτῷ
764 4066 1117 4136 ἐνεχείρισεν,
1164 4066 1195 4134 ἢ
1225 4059 1714 4136 ,μεταϐαλλόμενος

143 4163 177 4229 ἢ
221 4157 523 4230 προδθείς.
567 4157 722 4207 Καιό
755 4156 854 4225 μὲν
901 4155 1164 4224 ἀνῃρέθη,
1207 4148 1377 4224 οἷπερ
1411 4153 1525 4216 υἱὸς
1573 4150 1639 4224 ἦν
1687 4154 1714 4205 ό

147 4251 409 4318 Καίσαρα
438 4243 662 4318 ὕστερον
688 4246 1162 4315 διαχειρισάμενος
1207 4242 1464 4315 Βροῦτος.
1489 4245 1714 4308 Λέπιδος

147 4344 206 4395 δὲ
266 4341 364 4411 τῆς
406 4339 636 4403 Ἰταλίας
670 4334 1065 4397 ἐκπεπτωκὼςι
1123 4334 1264 4404 νάσῳ
1305 4335 1593 4390 ἀπέθανεν·
1655 4337 1713 4390 Ὀ

149 4430 334 4497 μέντοι
367 4427 667 4497 Σερτώριος
722 4428 821 4492 τὴν
878 4423 1120 4491 Ἰϐηρίαν
1172 4421 1309 4492 ἔχων
1351 4424 1579 4494 φοϐερὸς
1623 4421 1709 4496 ἦν.

147 4519 261 4572 Καὶ
300 4519 432 4587 πρὸς
460 4517 649 4569 τοῦτον
672 4514 766 4566 οὖν
807 4517 834 4565 6
864 4515 1144 4582 Πομπήϊος
1212 4512 1437 4582 ἐστάλη,
1496 4530 1716 4585 συμμα.

1809 2059 1912 2114 bus
1961 2071 2015 2114 et
2071 2060 2554 2120 tumultuantibus.
2611 2058 2756 2128 quod
2818 2059 3228 2126 exspectatione
3279 2073 3376 2111 sua

1811 2153 2413 2224 ιιιίηοιοορεορὶεοοηι,
2478 2150 2772 2219 Pompeius
2806 2165 2864 2204 se
2907 2151 3242 2224 triumphum
3276 2163 3375 2219 po-

1811 2245 2303 2321 tiiisnmissurttin,
2357 2259 2520 2314 quam
2571 2243 2840 2297 militibus
2870 2241 3228 2296 adulatorum
3253 2255 3376 2296 esse

1808 2319 2114 2392 allii-mavit.
2156 2319 2261 2390 Ad'
2301 2335 2448 2406 quod
2502 2335 2790 2393 Servilius.
2850 2333 2935 2386 vir
2983 2333 3233 2395 illustris,
3284 2331 3379 2402 qui

1809 2440 1936 2484 ante
1968 2429 2244 2499 triumpho
2278 2431 2396 2499 ejus
2432 2429 2754 2482 adversatus
2800 2426 3028 2490 luerat:
3067 2424 3244 2488 Nunc,
3294 2424 3379 2476 in-

1809 2522 1949 2589 quit,
1978 2521 2261 2590 Pompeius
2291 2529 2339 2572 et
2378 2535 2496 2573 vere
2528 2534 2747 2588 utaguus
2778 2527 2875 2580 est,
2915 2526 2961 2569 et
3000 2517 3263 2583 triumpho
3293 2515 3376 2567 di-

1809 2628 1962 2680 gnus.
1996 2610 2139 2682 Sylla
2173 2625 2305 2665 vero
2341 2610 2440 2664 etsi
2496 2609 2764 2663 crescenti
2823 2606 3064 2673 Pompeii
3114 2604 3299 2673 gloriae
3324 2613 3380 2656 et

1812 2703 2069 2770 potentiae
2117 2701 2422 2764 invidebat,
2487 2709 2664 2754 tamen
2723 2698 2931 2768 pudore
2971 2695 3375 2754 deterrebatur.

1810 2791 2104 2859 quominus
2154 2793 2203 2846 ei
2239 2787 2645 2851 adversaretur.
2703 2786 2942 2856 Lepidus
2974 2801 3104 2840 vero
3135 2785 3378 2853 Pompeii

1811 2881 1993 2935 studio
2016 2882 2361 2935 consulatum
2388 2882 2637 2949 adeptus.
2667 2894 2792 2931 cum
2825 2885 2948 2946 post
2979 2877 3137 2947 Syllae
3168 2875 3377 2928 obitum

1811 2975 1996 3037 statim
2028 2974 2176 3028 illius
2203 2974 2502 3042 potentiam
2537 2972 2639 3026 sibi
2684 2971 2988 3030 vindicans,
3019 2975 3266 3021 armatus
3295 2980 3381 3019 sc-

1812 3065 2082 3119 dition’um
2115 3064 2378 3118 scintillas
2426 3067 2714 3125 excitaret,
2779 3060 3078 3129 Pompeius
3107 3058 3216 3111 dux
3250 3071 3382 3111 con-

1815 3164 1894 3208 tra
1933 3171 2057 3210 eum
2094 3154 2292 3208 missus
2316 3137 2419 3216 est,
2471 3168 2592 3206 cum
2646 3153 2736 3205 ille
2769 3166 3016 3219 magnam
3055 3150 3218 3203 ltalire
3253 3163 3379 3216 paro
3413 3151 3442 3162 "

1816 3258 1921 3302 tem
1949 3247 2059 3316 jam
2089 3247 2496 3306 commovisset,
2544 3253 2598 3298 et
2630 3241 2968 3320 Cisalpinam
3018 3241 3246 3295 Galliam
3283 3255 3379 3308 per

1811 3337 2037 3391 Brutum
2074 3346 2417 3406 occupasset.
2462 3335 2535 3388 Ac
2563 3343 2791 3388 cancros
2825 3331 3048 3400 quidem
3086 3331 3379 3400 Pompeius

1811 3430 1968 3485 facile
2000 3430 2302 3502 superavit,
2360 3427 2452 3483 sed
2512 3425 2920 3479 dimicationem
2956 3423 3217 3477 adversus
3247 3422 3379 3476 Bru-

1813 3513 1925 3577 tum
1960 3523 2121 3591 paulo
2153 3522 2362 3575 diutius
2388 3519 2601 3573 distulit
2630 3537 2644 3571 :
2685 3521 2862 3578 donec
2891 3515 3107 3568 tandem
3142 3515 3257 3582 ipse
3293 3515 3374 3566 vel

1812 3615 2082 3668 sententia
2138 3621 2368 3668 mutata.
2421 3611 2504 3662 vel
2550 3624 2577 3660 a
2630 3606 3051 3675 suis'proditus,
3095 3604 3374 3657 deditione

1812 3710 1971 3770 facta,
2011 3706 2261 3760 sublatus
2290 3713 2391 3758 cst.
2422 3703 2550 3772 Ejus
2576 3701 2729 3754 Bruti
2768 3697 2909 3752 lilius
2942 3699 2986 3750 is
3019 3697 3219 3749 Brutus
3249 3694 3372 3759 fuit,

1812 3798 1902 3868 qui
1933 3805 2050 3867 post
2086 3795 2354 3858 Czesarem
2389 3791 2683 3846 interfecit.
2719 3787 2959 3857 Lepidus
3006 3785 3155 3838 Italia
3187 3784 3374 3850 pulsus

1813 3891 2004 3942 morbo
2035 3888 2219 3957 periit.
2275 3872 2538 3938 Sedcum
2574 3879 2852 3934 Sertorius
2901 3869 3174 3944 llispauiis
3205 3890 3371 3928 occu-

1812 3983 1952 4049 patis
1987 3955 2349 4031 formidabilis
2368 3981 2536 4035 esset,
2599 3970 2892 4037 Pompeius
2943 3955 3371 4038 Oppio‘Metello

1812 4090 1933 4129 cum
1986 4074 2079 4127 illo
2127 4073 2330 4126 bellum
2378 4064 2586 4137 gerenti
2633 4061 2840 4118 auxilio
2889 4060 3112 4141 missus,
3155 4060 3372 4114 duobus

1810 4141 2040 4223 Sertorii
2085 4142 2320 4220 ducibus
2364 4157 2660 4229 superatis,
2699 4156 2838 4208 ultra
2885 4170 2914 4206 x
2951 4153 3119 4207 millia
3150 4141 3368 4212 cecidit.

1814 4247 2018 4314 Deinde
2046 4273 2177 4315 cum~
2198 4252 2444 4309 Sertorio
2471 4249 2589 4317 ipso
2617 4247 2838 4315 ancipiti
2873 4246 3103 4299 victoria
3142 4244 3370 4299 dimica-

1813 4351 1910 4402 vit.
1944 4352 1986 4402 Α
2022 4347 2201 4418 pedite
2229 4345 2462 4410 ingentis
2490 4341 2753 4404 corporis,
2787 4337 2899 4404 ipse
2921 4352 3112 4404 eques.
3147 4352 3366 4390 manum

1814 4441 1976 4501 ictus,
2028 4436 2174 4489 illius
2221 4444 2437 4484 manum
2473 4427 2792 4494 amputavit.
2843 4425 3050 4481 Castris
3097 4444 3220 4481 cum
3256 4429 3366 4481 Ile-

1817 4531 1944 4584 tcllo
1973 4523 2299 4594 conjunctis.
2357 4519 2529 4571 virum
2570 4518 2882 4581 honoravit,
2926 4527 2980 4572 et
3011 4519 3250 4574 vicissim
3284 4531 3369 4575 est

145 4616 331 4680 χησων
381 4608 596 4675 Ὀππίῳ
630 4604 883 4674 Μετέλλῳ
933 4603 1220 4684 μαχρμένῳ
1270 4604 1404 4671 πρδς
1453 4605 1543 4656 τὸν
1591 4607 1705 4674 Σερι

1815 4620 2133 4676 honoratus.
2185 4610 2425 4665 Sertorio
2470 4609 2538 4662 ab
2587 4609 2780 4664 amicis
2827 4626 2924 4679 per
2973 4610 3156 4664 dolum
3192 4612 3365 4664 intcr-
3437 4601 3444 4609 “

144 4705 364 4771 τώριον.
398 4701 488 4762 Εἰς
552 4697 790 4767 Ἰϐηρίαν
832 4697 887 4748 δέ
939 4697 1290 4763 ἀψικόμενος,
1339 4695 1553 4766 πρῶτον
1605 4695 1704 4760 μὲν

144 4793 265 4845 δυσὶ
303 4792 624 4858 στρατηγοῖς
684 4785 1041 4851 ἀντικατέστη
1094 4782 1188 4834 τοῦ
1233 4781 1558 4852 Σερτωρίρύ,
1611 4784 1702 4834 καὶ

146 4888 376 4952 νικήσας
417 4866 554 4953 ὑπὲρ
598 4878 822 4947 μυρίους
863 4875 1206 4927 ἀπέκτεινεν·
1257 4868 1378 4926 εἶτα
1420 4879 1512 4926 καὶ
1554 4873 1700 4942 αύτῴ

143 4971 434 5042 Σερτωρίῳ
455 4969 780 5039 προσμίξας,
813 4966 1108 5036 ἀμφίδοξον
1138 4963 1338 5034 ἔσχηκε
1370 4966 1460 5017 τὸν
1494 4965 1698 5032 ἀγῶνα.

156 5061 504 5121 Ἐπελθόντος
533 5060 589 5109 δὲ
621 5059 892 5126 Πομπηῖῳ
918 5057 1030 5110 ὄντι
1066 5055 1267 5124 ἱππότῃ
1298 5053 1485 5122 ἀνδρὸς
1530 5056 1697 5124 μεγάο

143 5154 235 5205 λου
266 5152 456 5213 πεζοῦ,
483 5152 509 5201 6
533 5150 632 5218 μὲν
659 5148 935 5218 Πομπήϊος
989 5146 1091 5199 ὑπὸ
1126 5147 1331 5197 ἐκείνου
1353 5146 1561 5215 ἐπλήγη
1605 5147 1700 5215 τὴν

145 5245 556 5315 χεῖρα,ἐκείνος
585 5241 642 5293 δὲ
686 5240 791 5292 ὑπὸ
851 5240 1136 5308 Πομπηΐου
1206 5238 1374 5305 αὐτὴν
1425 5239 1696 5309 ἀπεκόπη.

155 5337 410 5398 Ἐνωθεὶς
446 5336 499 5387 δὲ
525 5333 602 5402 τῷ
667 5332 946 5402 Μετέλλῳ,
980 5333 1204 5402 ἐτίμησε
1233 5330 1322 5382 τὸν
1373 5331 1565 5399 ἄνδρα,
1606 5333 1698 5384 καὶ

145 5431 398 5500 ἐτιμήθη·
429 5426 564 5480 ἀλλὰ
600 5428 692 5477 τοῦ
753 5424 1054 5494 Σερτωρίου
1110 5423 1552 5492 δολοφονηθέντος
1595 5425 1698 5478 ὑπὸ

147 5524 253 5575 τῶν
288 5522 480 5590 φίλων,
509 5517 818 5587 Περπέννας
845 5515 873 5566 ὁ
890 5517 996 5566 τῶν
1019 5513 1192 5567 αὑτοῦ.
1214 5515 1497 5584 ἡγεμόνων
1533 5534 1662 5586 κορν
1681 5546 1697 5557 -

151 5617 457 5682 φαιότατος,
495 5611 846 5682 ἐπεχείρησεν
889 5608 1080 5676 ἐκείνῳ
1124 5610 1293 5660 ποιεῖν
1336 5606 1555 5674 ὁμοίως,
1602 5608 1714 5675 τὰς¹

148 5705 359 5759 ἐκείνου
405 5701 659 5769 δυνάμεις
696 5695 1137 5768 περιϐαλόμενος.
1186 5697 1322 5748 Ἀλλ’
1359 5699 1385 5748 6
1417 5698 1694 5765 Πομπήϊος

148 5796 563 5865 ἀντιταξάμενος
579 5792 726 5863 οἰύτῷ
745 5789 1010 5860 ἐκράτησε
1035 5789 1269 5854 πάντων,
1297 5793 1384 5842 καὶ
1405 5791 1695 5861 διεφθάρη-

149 5912 238 5946 σιν
268 5894 317 5943 οἱ
355 5890 583 5941 πλεῖστοι
611 5883 717 5938 τῶν
749 5881 1027 5952 ἡγεμόνων
1054 5883 1111 5934 ἐν
1140 5885 1206 5951 τῇ
1244 5881 1386 5952 μάχη
1409 5897 1430 5948 '_
1456 5882 1611 5952 αὑτὸν
1637 5883 1690 5935 δὲ

1808 4713 1969 4770 recto,
2001 4707 2282 4773 Perpenna
2313 4703 2511 4757 ducum
2543 4702 2662 4771 ejus
2710 4703 2986 4770 princeps.
3014 4703 3265 4770 exemplo
3302 4704 3362 4754 il-

1806 4798 1910 4850 lius
1940 4795 2246 4864 legimiilms
2273 4793 2536 4856 munitus,
2563 4808 2590 4844 a
2625 4791 2882 4858 Pompeio
2913 4782 3089 4843 vietus
3121 4797 3224 4850 est,
3256 4791 3366 4858 ple-

1805 4888 1987 4956 risque
2017 4885 2250 4938 ducibus
2279 4884 2330 4935 in
2369 4883 2483 4934 acie
2521 4881 2673 4933 czcsis
2700 4898 2712 4932 :
2755 4890 2810 4933 et
2844 4880 2959 4946 ipse
2985 4880 3155 4932 vivus.
3180 4879 3232 4933 in
3264 4896 3360 4949 po—

1804 4987 2054 5034 testatem
2088 4975 2360 5031 redactus.
2414 4988 2600 5040 ρωπος
2648 4971 2819 5025 dedit.
2878 4971 3122 5026 Moratus
3152 4973 3206 5026 in
3239 4973 3361 5026 llis-
3405 4965 3413 4971 ’

1804 5069 1982 5139 pauia,
2017 5067 2143 5120 dum
2172 5064 2364 5132 sopitis
2398 5063 2724 5117 tumultibus
2769 5078 2857 5116 res
2888 5072 3263 5131 componeret,
3297 5078 3360 5116 ac

1803 5159 2044 5215 reductis
2079 5158 2132 5211 in
2176 5157 2384 5212 Italiam
2431 5157 2625 5226 copiis,
2667 5156 3034 5224 suspicionem
3072 5168 3124 5208 et
3153 5162 3356 5208 metum

1801 5250 2103 5313 hominum,
2135 5265 2203 5302 ne
2239 5248 2465 5302 retentis
2511 5246 2818 5317 legiOnibus
2866 5246 3228 5313 principatum
3269 5260 3358 5296 ar-

1801 5340 1902 5393 mis
1949 5339 2052 5394 sibi
2102 5340 2424 5401 viudicaret,
2485 5337 2741 5397 abolevit,
2771 5350 2827 5389 se
2860 5343 2985 5403 post
3017 5322 3350 5404 triumphum

1798 5432 2096 5488 exercitum
2125 5431 2477 5485 dimissurum
2509 5427 2805 5498 professus.
2855 5425 3024 5483 Unam
3055 5440 3166 5478 rem
3202 5425 3254 5476 in
3285 5439 3353 5476 eo

1800 5523 2271 5594 reprehendebant
2302 5522 2494 5580 invidi.
2525 5518 2668 5588 quod
2702 5517 2981 5586 popularis
3002 5533 3146 5568 aura:
3182 5514 3352 5580 inagis
3429 5558 3436 5566 .

1799 5632 1957 5684 quam
2011 5614 2330 5682 optimatum
2383 5608 2669 5666 studiosus
2703 5618 2848 5664 esset
2895 5627 2906 5660 :
2952 5609 3111 5674 idque
3160 5600 3348 5654 verum

1798 5721 1933 5761 erat.
1963 5705 2152 5774 Neque
2204 5708 2348 5758 enim
2380 5704 2668 5772 quisquam
2704 5705 2903 5772 majora
2939 5708 2991 5752 et
3037 5696 3379 5748 ardentiora-

1799 5797 1981 5866 populi
2015 5796 2244 5849 Romani
2280 5794 2439 5866 475
2491 5795 2668 5849 studia
2719 5793 2926 5846 habuit.
2967 5789 3152 5855 Itaque
3182 5795 3239 5839 et
3272 5784 3350 5837 al-

1802 5898 1882 5942 ter
1918 5888 2245 5959 triutnphus,
2302 5897 2356 5940 et
2403 5888 2742 5964 consulatus,
2796 5894 2848 5937 ct
2899 5882 3143 5944 Crassus,
3199 5877 3345 5932 illius
3405 5907 3411 5913 -
