4012 6330
615 455 716 516 811

1901 463 2222 523 JOANNIS
2264 464 2584 524 ZONARE

3741 462 3843 526 812

614 569 928 629 accersitus,
961 569 1070 637 jam
1105 569 1250 622 enim
1295 584 1326 624 a
1358 580 1513 640 patre
1543 572 1841 628 defecerat.
1873 576 1941 630 At
1972 591 2065 629 rex
2088 576 2182 630 Ti-

2298 575 2602 644 ⁹Ρωμαίους
2655 574 2840 636 αὐτοῖς
2865 589 2876 602 ”
2913 572 3008 626 κα.)⁸
3062 573 3188 634 τοὺς
3219 573 3415 636 uoco-3;
3463 573 3698 642 ἀφέντες
3733 576 3849 642 ἐφί-

612 674 812 728 graues
857 676 886 713 a
942 661 1171 714 Lucullo
1223 663 1464 725 attritus,
1540 664 1880 722 humanitate
1936 668 2176 736 Pompeii

613 749 819 810 :iud;ta,
874 749 1205 803 deditionem
1234 749 1384 815 fecit,
1438 753 1692 821 prasidio
1737 755 1791 809 in
1837 757 2037 826 regiam
2090 771 2180 812 ac-

587 849 792 905 cepto.
829 838 908 890 Ad
938 838 1254 908 Pompeium
1285 843 1575 910 accedens,
1599 845 1827 900 cidarim
1854 848 2018 916 capiti
2082 848 2180 902 de-

616 938 874 991 tractam,
907 940 1032 985 ante
1060 931 1229 1000 pedes
1263 933 1410 989 illius
1445 936 1735 1002 collocare,
1770 947 1828 992 ct
1851 938 2004 992 humi
2057 955 2182 1008 pro-

615 1019 876 1073 cumbere
946 1022 1140 1074 voluit.
1179 1023 1284 1078 Sed
1325 1025 1615 1094 Pompeius
1645 1030 1912 1098 prehensa
1935 1029 2180 1092 dextera,

616 1113 857 1179 cojuxta
908 1128 988 1175 se,
1046 1114 1159 1168 lilio
1194 1117 1312 1184 ejus
1342 1133 1407 1170 ex
1463 1119 1630 1172 altera
1689 1133 1843 1188 parte
1892 1121 2180 1186 collocato,

617 1203 754 1256 dixit
785 1220 797 1254 :
833 1203 1039 1258 Caetera
1092 1206 1321 1262 Lucullo
1364 1226 1485 1264 esse
1537 1212 1879 1274 ascribenda,
1915 1227 1944 1266 a
1977 1229 2087 1282 quo
2128 1213 2181 1266 ci

617 1293 867 1364 adempta
891 1307 1034 1350 esset
1055 1297 1231 1368 Syria,
1262 1301 1566 1366 Phoenicia,
1595 1303 1808 1366 Cilicia,
1830 1303 2056 1364 Galatia,
2081 1303 2183 1357 So-

622 1383 819 1450 phene.
857 1385 985 1450 Quae
1021 1393 1152 1442 vero
1187 1391 1252 1443 ad
1285 1407 1444 1444 suum
1500 1408 1673 1462 usque
1722 1393 2016 1447 adventum
2047 1409 2180 1447 cono

618 1486 911 1539 servasset.
937 1494 999 1533 ea
1034 1470 1377 1548 habiturum,
1428 1485 1598 1538 filium
1655 1487 1776 1561 ejus
1814 1486 1868 1541 in
1929 1487 2184 1558 Sophene

618 1578 971 1636 regnaturum
1004 1588 1145 1627 esse.
1174 1574 1268 1628 llis
1284 1575 1547 1643 Tigranes
1565 1579 1860 1647 acquievit.
1893 1579 2024 1648 Ejus
2054 1597 2185 1636 vero

587 1673 590 1676 ·
619 1659 764 1714 ﬁlius
795 1661 989 1727 iratus,
1017 1679 1142 1718 cum
1179 1667 1243 1718 ad
1282 1682 1493 1722 omnum
1525 1681 1821 1725 vocaretur
1853 1688 1867 1725 :
1900 1673 2048 1726 Nihil
2089 1676 2188 1729 sibi

617 1766 747 1820 Opus
779 1769 886 1806 esse
944 1756 1055 1809 istis
1113 1754 1351 1827 Pompeii
1387 1758 1689 1818 honoribus.
1723 1760 1862 1816 dixit
1896 1780 1908 1815 :
1948 1779 2001 1816 se
2046 1765 2186 1818 enim

622 1842 791 1896 alium
816 1844 1116 1898 Romanum
1151 1848 1484 1902 inventurum
1514 1865 1646 1904 esse.
1678 1850 1927 1916 Quarein
1954 1856 2189 1910 vinculis

2279 682 2437 719 κοντο
2471 664 2723 726 οὐδενός·
2758 664 2786 716 ὃ
2817 664 3120 725 συνιδόντες
3156 661 3426 731 Ῥωμαῖοι
3482 665 3624 734 μετὰ
3681 683 3854 734 κραυ-

2279 755 2384 824 γῆς
2426 755 2738 824 ἐπέδραμον
2787 754 2882 806 καὶ
2925 753 3228 829 φεύγοντας
3285 753 3547 815 ἔκτεινον,
3581 755 3660 818 ῶς
3711 756 3849 808 πολὺ

2279 848 2500 909 πλείους
2551 847 2766 914 μυρίων
2823 845 3140 898 ἀποθανεῖν.
3179 846 3351 906 Αὐτὸς
3390 845 3445 897 δὲ
3501 846 3847 915 Μιθριδάτης

2289 942 2427 1010 μετὰ
2481 937 2748 990 πλειόνων
2803 937 3049 1004 διέφυγε.
3086 938 3372 1007 Πομπήϊος
3420 939 3477 991 δὲ
3515 942 3595 1000 εἰς
3659 941 3854 1009 Ἀρμεο

2281 1034 2400 1084 νίαν
2439 1030 2683 1094 ἐνέϐαλε,
2723 1029 2821 1083 τοῦ
2851 1030 2971 1082 νέου
3016 1029 3292 1096 Τιγράνου
3335 1031 3631 1093 καλοῦντος
3666 1033 3850 1086 αὐτόν.

2287 1123 2424 1193 ἹΙδη
2452 1122 2561 1190 γὰρ
2617 1121 2947 1188 ἀφειστήκει
2998 1120 3096 1173 τοῦ
3144 1123 3372 1190 πατρός.
3415 1122 3473 1173 '0
3507 1121 3562 1172 δὲ
3601 1121 3854 1189 βασιλεὺς

2282 1214 2582 1284 Τιγράνης,
2614 1213 2719 1266 ὕπὸ
2742 1213 3012 1265 Λευκόλου
3039 1213 3526 1283 συντετριμμένος,
3554 1213 3773 1281 ἥμερον
3798 1212 3853 1264 δέ

2284 1304 2687 1375 πυνθανόμενος
2745 1303 2840 1358 τὸν
2885 1305 3196 1376 Πομπήϊον,
3227 1305 3421 1358 ἑαυτόν
3465 1321 3523 1357 τε
3563 1305 3851 1374 παρέδωκε

2285 1397 2380 1451 καὶ
2429 1396 2674 1468 φρουρὰν
2722 1395 2939 1460 ἐδέξατο
2991 1397 3123 1464 περὶ
3176 1397 3246 1451 τά
3288 1396 3558 1466 βασίλεια.
3601 1395 3853 1466 Προσιὼν

2285 1485 2343 1540 δὲ
2369 1487 2448 1555 τῷ
2483 1489 2751 1556 Πομπηΐῳ
2784 1488 2886 1555 τήν
2915 1503 2972 1538 τε
3001 1485 3223 1555 ,κίδαριν
3250 1486 3436 1555 ἀφεῖλε
3478 1487 3576 1554 τῆς
3608 1486 3853 1554 κεφαλῆς

2285 1577 2380 1629 καὶ
2446 1575 2674 1647 ὥρμησε
2730 1577 2837 1647 πρὸ
2875 1575 3052 1629 ποδῶν
3089 1576 3260 1644 αὐτὴν
3307 1575 3516 1629 ἐκείνου
3550 1577 3729 1630 θεῖναι
3763 1578 3850 1628 καὶ

2286 1666 2617 1719 καταϐαλεῖν
2675 1666 2891 1719 ἑαυτόν.
2955 1665 3144 1718 Ἀλλ“ὸ
3186 1666 3502 1736 Πομπήϊος,
3537 1667 3639 1734 τῆς
3678 1665 3854 1730 δεξιᾶς

2289 1757 2462 1813 αὐτοῦ
2518 1757 2853 1827 λαϐόμενος,
2890 1757 3276 1828 προσηγάγετο
3311 1758 3404 1810 καὶ
3430 1757 3662 1835 πλησίον
3691 1759 3852 1825 ,ίδρύ-

2290 1866 2443 1913 σατο,
2502 1849 2594 1901 τὸν
2621 1849 2666 1902 δ’
2698 1849 2909 1902 ἐκείνου
2969 1849 3087 1902 υίὸν
3148 1849 3242 1902 ἐπὶ
3300 1849 3526 1918 θάτερα,
3557 1849 3654 1901 καὶ
3716 1845 3852 1900 εἴπεο

619 1933 684 1984 ad
726 1933 1060 2002 triumphum
1101 1946 1347 1990 servatus
1381 1947 1484 1992 est.
1526 1938 1822 2008 Pompeius
1844 1939 2068 1994 Afranio
2115 1943 2182 1996 ad

2287 1942 2407 1994 Τῶν
2439 1941 2538 2010 μὲν
2568 1939 2742 1992 ἄλλων
2774 1939 2883 1992 δεῖν
2922 1940 3204 1993 αἰτιᾶσθαι
3255 1939 3526 1992 Λεύκολον
3547 1956 3561 1970 ο
3597 1939 3691 1991 ὑπ’
3719 1940 3852 1991 ἑκεί-

605 2026 889 2079 Armeniae
939 2027 1253 2096 praesidium
1296 2030 1510 2093 relicto,
1571 2047 1669 2098 per
1710 2042 1904 2102 gentes
1955 2032 2185 2087 Caucasi

621 2118 821 2171 montis
848 2119 1059 2173 accolas
1084 2119 1454 2177 Mithridatem
1477 2133 1558 2177 est
1582 2135 1923 2194 persecutus,
1953 2142 2184 2195 quarum

621 2210 870 2261 maximae
898 2220 1026 2264 sunt
1064 2211 1259 2266 Albani
1291 2222 1347 2268 et
1395 2215 1598 2271 lberes.
1645 2218 1708 2271 lli
1757 2218 1824 2271 ad
1886 2219 2186 2273 Meschicos

621 2305 836 2350 montes
858 2309 912 2351 et
937 2300 1165 2354 Pontum
1207 2303 1568 2372 pertinentes,
1607 2308 1684 2362 illi
1713 2324 1906 2363 versus
1927 2319 2110 2363 ortum
2132 2317 2188 2363 ct

625 2402 769 2440 mare
800 2388 1056 2458 Caspium
1089 2392 1418 2450 habitantes.
1455 2396 1649 2452 Albani
1685 2387 1958 2468 Pompeio.
1976 2400 2184 2468 petenti

618 2479 911 2532 transitum
940 2482 1225 2538 dederant.
1270 2487 1474 2542 Deinde
1504 2504 1628 2544 cum
1655 2506 1763 2544 non
1806 2493 2089 2560 pauciores
2120 2508 2185 2544 xi.

625 2570 870 2625 millibus
891 2577 1302 2642 convenissent,
1327 2579 1590 2650 impetum
1635 2581 1687 2634 in
1725 2598 1849 2637 cum
1905 2584 2182 2650 fecerunt;

620 2661 714 2714 sed
745 2664 1010 2734 proﬂigati
1043 2677 1192 2730 sunt,
1227 2681 1391 2740 atque
1424 2671 1618 2743 ingens
1667 2676 1962 2728 multitudo
2000 2677 2182 2744 periit.

619 2753 822 2808 Eorum
857 2771 989 2811 vero
1017 2759 1129 2828 regi
1157 2776 1291 2829 pace
1323 2778 1485 2831 quam
1535 2781 1630 2833 per
1678 2767 1885 2835 legatos
1932 2768 2184 2836 petierat,

620 2846 765 2907 data,
798 2860 987 2902 contra
1021 2850 1207 2906 lberes
1235 2865 1318 2907 est
1339 2855 1638 2923 profectus.
1682 2860 1906 2914 Albanis
1961 2859 2186 2914 bellico-

622 2936 830 3001 siores,
866 2940 958 3007 qui
993 2956 1169 3009 neque
1221 2944 1401 3000 Persis
1433 2962 1609 3015 neque
1661 2949 1830 3003 Medis
1879 2960 2182 3016 cesserant,

619 3035 674 3078 et
699 3027 1051 3084 Macedonum
1078 3031 1476 3104 @78quoque
1497 3038 1836 3093 dominatum
1857 3040 2182 3110 effugerant,

632 3118 941 3174 Alexandro
972 3124 1224 3178 celeriter
1260 3141 1326 3178 ex
1351 3127 1611 3197 Hyrcania
1638 3131 1932 3201 disgresso.
1977 3132 2083 3187 Sed
2131 3141 2187 3186 et

2288 2050 2378 2085 νου
2407 2033 2516 2102 γὰρ
2541 2030 2858 2102 ἀφῃρῆσθαι
2886 2030 3107 2100 Συρίαν,
3134 2030 3409 2099 Φοινίκην,
3450 2029 3728 2094 Κιλικίαν,
3758 2032 3852 2083 Ιά-

2285 2123 2502 2184 λατίαν,
2541 2123 2840 2190 Σωφήνηνο
2889 2119 2924 2174 ἃ
2965 2121 3022 2172 δὲ
3067 2121 3227 2190 ἄχρις
3262 2121 3426 2172 αὐτοῦ
3473 2123 3852 2191 διατετήρηται

2285 2216 2446 2282 ἕξειν,
2481 2215 2743 2283 Σωφήνης
2775 2213 2828 2264 δὲ
2869 2211 3210 2281 βασιλεύσειν
3247 2213 3339 2266 τὸν
3375 2213 3514 2267 υίόν.
3575 2213 3703 2265 Ἐπὶ
3733 2213 3852 2264 τού-

2287 2324 2399 2369 τοις
2436 2306 2464 2357 6
2511 2307 2608 2374 μὲν
2639 2305 2919 2372 Τιγράνης
2964 2305 3276 2373 ἠγάπησεν,
3312 2304 3339 2355 ὁ
3374 2305 3429 2356 δὲ
3467 2305 3583 2366 υίὸς
3629 2304 3851 2369 ἐδυσφό-

2291 2416 2391 2468 ρει.
2426 2400 2534 2452 Καὶ
2572 2398 2791 2466 κληθείς
2825 2398 2918 2448 ἐπὶ
2949 2397 3184 2458 δεῖπνον,
3222 2398 3362 2452 Οὐκ.
3399 2395 3524 2463 ἔφη,
3552 2397 3853 2464 Πίμπηΐου

2285 2491 2517 2545 δεῖσθαι
2564 2489 2812 2542 τοιαῦτα
2838 2486 3124 2555 τιμῶντος
3143 2502 3158 2515 ·
3182 2483 3281 2537 καί
3319 2485 3430 2553 γὰρ
3451 2485 3636 2570 αὐτὸς
3667 2486 3852 2537 ἄλλον

2285 2581 2570 2648 είιρήσειν
2627 2577 2937 2646 Ῥωμαῖον.
3007 2579 3102 2630 Ἐκ
3153 2575 3343 2628 τούτου
3405 2576 3580 2639 δεθεὶς
3629 2578 3710 2638 εἰς
3766 2577 3853 2627 τὸν

2289 2671 2558 2741 θρίαμϐον
2636 2669 2988 2738 ἐφυλάττετο.
3049 2667 3379 2720 Καταλιπῶν
3451 2669 3508 2721 δὲ
3569 2669 3852 2737 Πομπήῖος

2288 2761 2529 2833 φρουρὸν
2623 2761 2916 2830 Ἀρμενίας
2981 2759 3294 2828 Ἀφράνιον,
3361 2758 3522 2822 αὐτὸς
3593 2759 3683 2811 διὰ
3749 2757 3854 2809 τῶν

2286 2853 2716 2925 περιοικούντων
2748 2850 2837 2902 τὸν
2873 2850 3166 2902 Καύκασον
3191 2848 3363 2902 ἐθνῶν
3390 2849 3483 2901 ἐπὶ
3511 2850 3851 2919 Μιθριδάτην

2285 2944 2520 3009 ἐϐάδιζε.
2558 2944 2809 3011 Μέγιστα
2842 2943 2900 2996 δὲ
2945 2943 3127 2994 αὐτῶν
3170 2944 3306 2994 εἰσιν
3334 2941 3462 3010 ἔθνη
3501 2942 3748 2994 Ἀλϐανοί
3794 2959 3852 2993 τε

2289 3040 2386 3091 καὶ
2424 3039 2665 3107 Ἴϐηρες,
2695 3038 2742 3088 οί
2785 3037 2885 3105 μὲν
2929 3035 3023 3088 ἐπὶ
3065 3034 3132 3088 τὰ
3175 3035 3431 3104 Μεσχικά
3483 3036 3583 3106 ὅρη
3635 3039 3728 3088 καὶ
3762 3037 3850 3088 τὸν

2288 3131 2485 3181 Πόντον
2523 3128 2884 3195 καθῇκοντες,
2927 3121 3179 3182 ’Ᾱλϐανοὶ
3235 3127 3280 3179 δ’
3337 3128 3430 3179 ἐπὶ
3475 3127 3574 3198 τὴν
3635 3128 3708 3180 ἕω
3763 3129 3857 3180 καὶ

622 3207 709 3262 his
735 3225 929 3280 magno
959 3214 1146 3281 pra-lio
1175 3219 1466 3285 superatis,
1502 3220 1703 3276 multos
1734 3225 1955 3289 occidit,
1985 3226 2182 3279 multo:

2287 3223 2382 3292 τὴν
2440 3222 2701 3275 Κασπίαν
2754 3220 3052 3272 θάλασσαν.
3087 3214 3248 3274 Οὗτοι
3300 3220 3519 3290 πρῶτον
3561 3220 3662 3289 μὲν
3708 3222 3857 3289 αἰτή·

621 3300 1287 3368 σορίι,1η“ι1οτ.ἓοιςιιίτιθιη
1348 3309 1566 3372 invasit,
1610 3322 1664 3365 ct
1712 3325 1904 3368 contra
1930 3315 2184 3370 .Albanos

621 3391 716 3458 qui
741 3391 1077 3458 defecerant,
1112 3413 1211 3465 per
1249 3414 1497 3467 asperam
1526 3412 1580 3453 ct
1611 3403 1816 3456 aridam
1853 3405 1994 3458 viam
2046 3421 2185 3473 aqua

621 3482 812 3536 multis
835 3485 1049 3539 utribus
1072 3488 1254 3552 allata,
1303 3489 1550 3560 rediens,
1610 3492 1677 3546 iis
1732 3492 1910 3557 victis,
1963 3494 2184 3558 ducem,

621 3574 766 3643 regis
799 3575 1038 3643 ipsorum
1078 3578 1322 3642 fratrem,
1363 3581 1530 3635 ictum
1570 3584 1936 3648 inferentem,
2003 3586 2186 3654 gladio

595 3663 912 3718 transfixit.
947 3667 1621 3726 lnAlbauorumexcrcitu
1655 3675 1957 3729 Amazones
2016 3675 2185 3730 fuisse

621 3758 1002 3826 perhibentur.
1032 3761 1163 3814 Nam
1200 3778 1321 3816 cum
1350 3776 1471 3832 post
1503 3767 1746 3834 pra-lium
1777 3767 2040 3821 cadavera
2063 3783 2188 3837 spo-

621 3849 906 3914 liarentur,
935 3850 1162 3907 Romani
1196 3855 1375 3933 peltas
1400 3857 1755 3912 Amazonicas
1779 3869 1834 3912 et
1862 3860 2182 3924 cothurnos,

623 3941 831 3994 nullum
858 3951 1036 3997 tamen
1070 3945 1365 4000 femineum
1406 3965 1605 4017 corpus
1641 3960 1983 4019 repererunt.
2023 3951 2183 4005 luco-

621 4031 742 4084 lunt
767 4046 845 4087 ea:
883 4034 1140 4088 mulieres
1169 4051 1262 4091 eas
1283 4038 1509 4091 Caucasi
1547 4048 1727 4106 partes
1749 4055 1871 4108 qua:
1917 4040 1983 4091 ad
2034 4055 2185 4093 mare

621 4117 928 4188 Hyrcanum
974 4122 1334 4179 descendunt.
1375 4127 1429 4180 ln
1463 4127 1678 4181 illarum
1739 4126 2184 4196 Albanorumque

624 4209 805 4263 medio
837 4211 1088 4268 habitant
1113 4215 1350 4271 Gcllaeet
1375 4218 1586 4288 Ligyes,
1624 4235 1747 4274 eum
1782 4219 1980 4287 quibus
2020 4228 2182 4288 quot-

552 4326 554 4328 τ
620 4301 778 4354 amds
809 4303 955 4356 circa
982 4304 1181 4359 ﬂumen
1207 4306 1665 4361 Thermodontem
1695 4325 1788 4376 per
1810 4310 1946 4363 duos
1970 4326 2184 4364 menses

621 4402 841 4448 coeunt.
867 4396 993 4450 Inde
1017 4396 1320 4467 disgressaz,
1353 4398 1516 4451 vitam
1542 4399 1656 4452 sine
1676 4400 1808 4452 viris
1839 4409 2024 4468 agunt.
2048 4400 2182 4453 Cum

618 4495 970 4548 pepererunt,
1002 4501 1178 4541 mares
1211 4489 1356 4542 circa
1391 4497 1604 4557 patrum
1633 4499 1834 4542 terram
1867 4500 2180 4558 exponunt;

2289 3329 2437 3365 σαντι
2509 3312 2779 3381 Πολιπηῖῳ
2844 3312 3017 3364 δίοδον
3086 3313 3308 3377 ἔδοσαν,
3377 3307 3497 3364 εἶτα
3562 3313 3853 3382 γενόμενοι

2285 3407 2762 3473 τετρακισμυρίων
2809 3405 2909 3456 οὒκ
2965 3403 3250 3466 ἐλάττους,
3290 3403 3630 3471 προσέϐαλον
3658 3402 3851 3477 αὐτῷ.

2287 3496 2380 3547 καὶ
2433 3495 2739 3564 τραπέντες
2811 3493 3140 3563 ἐφθάρησαν
3213 3493 3587 3563 παμπληθεῖς.
3649 3495 3742 3562 Τῷ
3801 3495 3854 3545 δὲ

2289 3584 2496 3654 βασιλεῖ
2540 3585 2720 3638 αὐτῶν
2792 3585 3072 3653 πέμψαντι
3131 3583 3414 3655 πρέσϐεις,
3486 3585 3853 3654 σπεισάμενος

2286 3676 2452 3744 ἀπῄει
2498 3678 2589 3728 ἐπὶ
2629 3677 2756 3738 τοὺς
2804 3676 3034 3748 Ἴϐηρας
3082 3675 3501 3744 μαχιμωτέρους
3541 3675 3701 3736 ὄντας
3746 3676 3854 3726 τῶν

2299 3767 2570 3819 Ἀλϐανῶν
2601 3770 2692 3820 καὶ
2735 3769 2870 3838 μήτε
2896 3767 3102 3836 Μήδοις
3139 3769 3278 3837 μήτε
3310 3770 3546 3836 Πέρσαις
3587 3766 3854 3830 ὑπείξειν-

2285 3875 2406 3921 τας,
2443 3858 2807 3924 διαφυγόντας
2851 3857 2908 3909 δέ
2957 3859 3053 3910 καὶ
3103 3857 3199 3922 τὴν
3237 3857 3716 3911 τῶνκΜακεδάνων
3765 3858 3855 3909 δυ-

2286 3948 2562 4013 ναστείαν,
2607 3947 2964 4017 Ἀλεξάνδρου
3022 3948 3233 4016 ταχέως
3285 3948 3349 3999 ἐκ
3398 3948 3499 4011 τῆς
3551 3945 3849 4012 ’Υρκανίας

2286 4039 2617 4107 ἀπάραντος.
2664 4037 2822 4091 Ἀλλά
2869 4037 2963 4089 καὶ
3011 4038 3236 4102 τούτους
3284 4039 3499 4111 μεγάλῃ
3533 4039 3684 4108 μάχῃ
3730 4053 3849 4107 τρε-

2284 4128 2550 4198 ψάμενος,
2589 4129 2816 4191 πολλοὺς
2871 4130 3046 4182 ἀνεῖλε
3096 4130 3191 4183 καὶ
3246 4131 3473 4194 πολλοὺς
3511 4129 3842 4199 ἐζώγρησεν.

2298 4220 2574 4274 Ἐντεῦθεν
2619 4220 2696 4282 είς
2747 4222 2845 4288 τὴν
2873 4220 3085 4290 Κόλχον
3125 4220 3401 4274 ἐνέϐαλεν.
3435 4218 3601 4283 Αὖθις
3633 4222 3692 4274 δὲ
3735 4220 3848 4273 Ἀλ-

2286 4312 2462 4364 ϐανῶν
2493 4312 2868 4376 ἀποστάντων,
2903 4311 3133 4380 ἦλαυνεν
3168 4312 3254 4363 ἐπ’
3282 4313 3480 4374 αὐτοὺς
3526 4311 3596 4362 δι’
3621 4311 3843 4379 ἀνύδρου

2287 4404 2381 4454 καὶ
2420 4403 2688 4471 ἀργαλέας
2715 4401 2858 4463 ὁδοῦ,
2892 4402 3039 4473 ὕδωρ
3069 4404 3127 4454 ἐν
3158 4403 3349 4466 ἀσκοῖς
3392 4401 3609 4463 πολλοῖς
3663 4403 3842 4454 Emm-

2291 4492 2602 4562 μιξάμενος.
2632 4495 2742 4544 Καὶ
2783 4493 3073 4560 συμϐαλὼν
3113 4495 3321 4557 αὐτοῖς,
3352 4493 3459 4546 ὑπὸ
3498 4493 3597 4546 τοῦ
3626 4490 3844 4558 ἀδελφοῦ

606 4573 834 4638 puellas
859 4575 989 4643 ipsa:
1032 4577 1288 4630 educant.
1328 4579 1652 4632 Mithridatis
1684 4581 1973 4650 pellicibus
2026 4581 2091 4633 ad
2125 4597 2182 4635 se

2287 4585 2380 4636 τοῦ
2413 4583 2562 4652 σφῶν
2619 4585 2885 4651 βασιλέως
2925 4586 3443 4656 στρατηγουμένοις,
3478 4584 3696 4651 ἐνίκησε
3718 4600 3732 4612 ·
3758 4579 3846 4632 καὶ

620 4661 894 4732 adductis,
957 4665 1161 4719 nullius
1221 4668 1624 4722 consuetudine
1699 4669 1992 4738 Pompeius
2055 4687 2186 4724 usus

624 4761 729 4806 ρει.

2293 4676 2453 4727 αὑτὸν
2486 4673 2783 4728 ἐπελθὺντα
2823 4674 2872 4726 οί
2915 4674 3006 4726 καί
3038 4669 3267 4743 βαλόντα
3296 4675 3361 4727 ἐκ
3383 4675 3566 4744 χειρὸς
3597 4672 3844 4728 διελάσας

2293 4765 2636 4820 ἀπέκτεινεν.
2670 4765 2801 4818 Ὅτε
2851 4765 2948 4818 καὶ
2990 4763 3287 4834 Ἀμαζόνες
3329 4765 3581 4832 λέγονται
3631 4775 3842 4828 συμμαο

624 4846 786 4913 χῆσαι
868 4847 979 4907 τοῖς
1049 4845 1346 4909 Ἀλϐανοῖς.
1403 4849 1558 4902 Μετά
1621 4848 1730 4919 γὰρ
1811 4850 1910 4920 τὴν
1989 4852 2172 4921 μάχην
2215 4855 2630 4924 σκυλευομένων
2690 4856 2801 4908 τῶν
2841 4856 3074 4924 νεκρῶν,
3095 4856 3320 4918 πέλταις
3388 4845 3844 4923 Ἀμαζονικαῖςοῑ

631 4937 893 5006 Ῥωμαῖοι
926 4937 1020 4990 καὶ
1083 4939 1392 5008 κοθούρνοις
1435 4942 1709 5008 ἐνέτυχον,
1779 4943 1938 5010 σῶμα
2001 4944 2058 4994 δὲ
2117 4949 2429 5011 γυναικεῖον
2475 4946 2626 4999 οὐδὲν
2683 4948 2905 5018 εὑρέθη.
2935 4948 3214 5016 Νέμονται
3263 4946 3320 4999 δὲ
3356 4940 3516 5000 αὗται
3570 4945 3638 4997 τὰ
3683 4939 3844 5007 καθή-

623 5043 787 5082 κοντα
841 5029 977 5099 πρὸς
1033 5029 1331 5099 Ὑρκανίαν
1379 5028 1652 5082 θάλασσαν
1699 5029 1791 5081 τοῦ
1841 5031 2132 5084 Καυκάσου
2160 5048 2173 5061 ·
2214 5037 2383 5102 μέσον
2427 5037 2484 5088 δέ
2553 5039 2663 5089 τῶν
2709 5035 2990 5090 Ἀλϐανῶν
3060 5038 3154 5089 καὶ
3200 5037 3382 5090 αὐτῶν
3419 5036 3634 5088 οἰκοῦσι
3661 5033 3846 5085 rem.

623 5126 715 5177 καὶ
742 5118 1068 5190 Λίγυες,οἷς
1101 5125 1252 5186 ἔτους
1285 5124 1514 5178 ἑκάστου
1541 5124 1670 5192 περὶ
1737 5125 1829 5178 τὸν
1887 5125 2245 5195 Θερμώδοντα
2288 5129 2532 5198 ποταμὸν
2587 5133 2666 5192 εἰς
2718 5130 2917 5181 ταυτὸν
2965 5129 3226 5196 φοιτῶσαι
3280 5125 3564 5196 ὁμιλοῦσιν
3609 5125 3699 5177 ἐπὶ
3742 5119 3847 5174 δύο·

629 5221 822 5291 μῆνας.
881 5217 1013 5272 Εἶτα
1063 5221 1181 5273 καθ’
1235 5223 1431 5282 ἑαυτὰς
1487 5222 1884 5289 ἀπαλλαγεῖσαι
1947 5222 2144 5291 βιοῦσι.
2219 5221 2484 5277 Τεκοῦσαι
2547 5224 2603 5276 δὲ
2666 5223 2734 5276 τά
2773 5225 2869 5293 μὲν
2903 5224 3106 5292 ἄρρενα
3134 5223 3427 5291 κομίσασαι
3461 5223 3592 5288 περὶ
3622 5219 3715 5285 τὴν
3744 5213 3846 5266 τῶν

628 5320 874 5387 πατέρων
904 5315 1209 5369 ἐκτίθενται
1241 5317 1363 5386 γῆν,
1397 5317 1462 5369 τὰ
1497 5316 1552 5368 δέ
1593 5335 1655 5385 γε
1701 5317 1869 5387 θήλεα
1897 5317 2158 5386 τρέφουσι
2219 5320 2342 5374 ἰ’ῶν
2405 5319 2460 5370 δὲ
2529 5317 2621 5370 τοῦ
2655 5317 2985 5386 Μιθριδάτου
3019 5314 3313 5367 παλλακῶν
3343 5307 3682 5378 ἀναχθεισῶν
3713 5306 3844 5374 πριις

628 5417 814 5475 αὑτὸν,
841 5412 1091 5480 οὐδεμίαν
1119 5411 1258 5478 ἔγνω
1284 5413 1588 5482 Πομπήϊος,

704 5507 762 5561 ν.
794 5504 1102 5558 Stratonice
1126 5516 1255 5556 vero
1287 5516 1494 5554 summa
1527 5500 1791 5570 dignitate
1813 5501 1953 5570 apud
1980 5502 2188 5555 Mithri-

631 5597 810 5651 datcin
874 5593 1118 5662 pra-dita,
1170 5591 1394 5646 castello
1444 5592 1861 5660 opulentissimo
1913 5593 2188 5661 pra-fectu,

632 5690 798 5740 multa
824 5701 1046 5738 munera
1088 5685 1346 5752 Pompeio
1374 5683 1593 5745 obtulit,
1630 5684 1990 5739 etcastellum
2013 5684 2190 5752 ipsum

636 5779 878 5830 tradidit.
911 5778 961 5831 ls
989 5790 1114 5829 vero
1146 5777 1212 5830 iis
1245 5786 1456 5831 tantum
1493 5789 1613 5844 qua:
1642 5776 1724 5828 vel
1753 5777 1970 5845 templis
2026 5793 2188 5829 orna-

639 5881 818 5926 mento
849 5869 1050 5938 futura,
1101 5869 1186 5926 vel
1233 5869 1512 5941 triumpho
1567 5868 1911 5952 splendorem
1963 5870 2193 5924 allatura

2365 5502 2434 5553 E‘.
2465 5496 2792 5566 Στρατονίκη
2824 5494 2967 5562 δέ,ἠ
3012 5493 3100 5544 καὶ
3157 5492 3411 5559 μέγιστον
3459 5490 3606 5557 παρὰ
3654 5486 3840 5555 Μιθρι-

2292 5593 2425 5663 δάτῃ
2467 5591 2620 5656 ἔσχεν
2674 5585 2906 5653 ἀξίωμα,
2961 5583 3054 5633 καὶ
3111 5582 3171 5633 τὸ
3222 5578 3690 5648 πολυχρυσότατον
3737 5578 3839 5628 τῶν

2296 5683 2567 5754 φρουρίων
2611 5678 2897 5746 ἐφύλαττε,
2949 5671 3097 5740 δῶρά
3147 5687 3204 5722 τε
3253 5669 3420 5721 πολλὰ
3449 5670 3530 5738 τῷ
3581 5667 3840 5735 Πομπηίῳ

2297 5775 2608 5842 προσήγαγε
2655 5770 2745 5820 καὶ
2787 5766 2846 5818 τὸ
2898 5762 3152 5830 φρούριον
3197 5759 3502 5827 παρεδίδου.
3553 5758 3608 5808 ὐ
3640 5757 3695 5808 δὲ
3739 5757 3841 5806 τῶν

2300 5863 2712 5935 προσαχθέντων
2765 5859 2862 5913 ὅσα
2907 5855 3108 5922 κόσμον
3165 5851 3326 5922 ἱεροῖέ
3357 5851 3454 5906 καὶ
3495 5849 3840 5917 λαμπρῧτητα
