4028 6334
660 298 662 300 ’
710 323 820 394 81.9

1994 321 2323 382 JOANNIS
2353 323 2671 386 ZUNAli/E

703 444 786 492 tas
821 451 889 492 ex
923 440 1242 504 tempestate
1271 431 1338 487 ad
1365 447 1593 502 regnum
1629 431 1857 497 rediret,
1895 430 2099 500 alioqui
2132 446 2245 499 ενοι

2363 432 2646 504 ἀγαπητὸν
2699 434 2868 490 ἐδόκει
2912 436 2960 489 εί
3009 437 3147 508 πρὸς
3203 441 3499 510 μοναρχίαν
3552 442 3617 497 ὲκ
3659 449 3923 504 τοσούτου

698 528 823 583 vius
882 526 1176 582 allidenda.
1252 527 1363 582 Nc:
1418 525 1574 586 enim,
1627 539 1780 594 spem
1843 523 2036 578 salutis
2096 523 2258 577 aliam

669 629 914 674 restare
961 637 978 673 :
1035 628 1093 674 et
1144 618 1415 672 medicum
1471 616 1820 672 mitissimum
1885 613 2258 669 adhibendum

2361 524 2628 590 κλύδωνος
2665 529 2758 580 καὶ
2786 530 2859 598 μή
2888 547 2938 582 τι
2955 534 3134 600 χεῖρον
3159 531 3443 602 περισταίη
3466 533 3528 584 τὸ
3558 536 3655 602 τῆς
3697 538 3920 608 Ῥώμης

2361 617 2678 686 πολίτευμα,
2705 619 2966 688 manu;
2985 622 3254 690 ἀνήκεστα
3273 623 3455 690 σοῖσιν
3508 621 3649 677 εῐναι
3689 625 3755 678 τά
3777 630 3922 696 πρά·

699 724 842 772 esse,
888 710 981 779 qui
1025 709 1220 764 morbo
1255 709 1330 763 illi
1379 709 1710 763 medicinam
1756 706 2007 760 faceret:
2058 705 2245 775 quibus

2359 724 2579 777 γματοι·
2614 709 2808 779 χρῆναι
2865 711 2921 764 δὲ
2955 711 3048 765 τοῦ
3083 714 3389 782 πραοτάτου
3421 709 3550 767 τῶν“
3566 716 3764 785 ἰατρῶν
3788 717 3922 770 ἀνά-

696 799 885 854 vcrbis
936 791 1277 856 subobscure
1329 800 1650 869 Pompeium
1699 797 1926 868 intelligi
1979 797 2254 851 volebant.

688 891 794 956 Qui
826 891 926 948 etsi
956 892 1140 948 verbis
1181 893 1470 962 imperium
1495 906 1554 945 se
1588 890 1896 945 detractare
1925 889 2254 953 simulabat,

697 995 757 1035 re
795 981 912 1051 ipsa
942 989 1124 1036 tamen
1155 982 1208 1038 id
1243 983 1458 1051 agebat,
1487 991 1547 1035 ut
1575 981 1812 1037 dictator
1844 981 2139 1036 diceretur.
2177 980 2256 1034 Ne

2359 801 2548 869 χεσθαι
2569 802 2629 855 τὸ
2654 803 2822 865 πάθος
2847 804 2996 856 τουτὶ
3027 808 3488 876 φαρμακεύοντος,
3525 808 3920 876 ὑποδηλοῦντες

2355 890 2420 960 δὴ
2467 892 2556 944 τὸν
2621 892 2924 962 Πομπήϊον.
2972 895 3237 958 Κάκεῖνος
3264 898 3469 966 μέντοι,
3522 899 3572 949 εί
3623 898 3717 950 καὶ
3771 899 3918 967 λόγῳ

2359 982 2752 1052 παραιτεῖσθαι
2774 983 2873 1053 τὴν
2902 983 3076 1054 ἀρχὴν
3124 985 3468 1058 ὑπεκρίνετο,
3494 987 3609 1040 ἀλλ’
3635 981 3717 1049 οἷς
3743 986 3920 1039 ἐποίει

688 1075 859 1144 igitur
903 1074 1229 1128 dictaturam
1275 1089 1373 1144 per
1404 1074 1514 1127 vin‘.
1557 1073 1879 1134 invaderet,
1921 1073 2072 1128 solus
2101 1087 2131 1127 a
2171 1088 2245 1126 se-

2357 1073 2584 1126 ἐσπευδε
2628 1074 2898 1146 δικτάτωρ
2931 1075 3439 1148 ἀναδειχθήσεσθαι.
3486 1080 3603 1132 Ἵνα
3652 1078 3788 1146 γοῦν
3843 1078 3919 1146 μὴ

686 1173 820 1219 natu
850 1165 1041 1230 consul
1081 1173 1167 1220 est
1203 1164 1558 1235 designatus,
1603 1163 1939 1218 desiderium
1977 1166 2096 1234 ejus
2127 1164 2256 1218 soli-

687 1257 830 1310 tario
860 1257 1094 1327 imperio
1143 1257 1406 1311 leniente.
1452 1255 1535 1311 0b
1580 1256 1687 1310 hoc
1719 1255 1897 1311 Caesar
1925 1265 1981 1311 ct
2005 1255 2120 1325 ipse
2156 1271 2253 1324 per

684 1347 899 1418 legatos
949 1349 1296 1404 consulatum
1357 1346 1554 1418 petiit,
1614 1348 1738 1402 aliis
1794 1347 2250 1411 adversantibus,

684 1437 949 1507 Pompeio
991 1453 1122 1494 vero
1158 1446 1394 1492 tacente.
1424 1437 1496 1493 Ut
1524 1447 1704 1492 autem
1735 1436 1917 1492 Caesar
1949 1437 2253 1507 largitioni-

684 1528 791 1583 bus
845 1528 1050 1585 multos
1100 1531 1155 1582 in
1210 1544 1338 1583 suas
1391 1538 1576 1598 partes
1626 1527 1905 1592 traduxit,
1962 1527 2253 1597 Pompeius

680 1635 805 1675 eam
850 1620 1318 1690 conspirationem
1375 1619 1605 1683 veritus,
1657 1628 1846 1688 aperte
1899 1633 1995 1688 per
2036 1632 2159 1673 sese
2195 1629 2251 1675 et

681 1708 891 1764 amicos
943 1708 1238 1778 imperium
1288 1708 1485 1763 Caesari
1523 1724 1620 1777 per
1661 1709 1880 1763 decreta
1927 1709 2246 1778 abrogavit:

681 1803 883 1872 quibus
914 1801 1001 1855 ille
1036 1801 1300 1870 neglectis
1339 1801 1600 1871 petebat,
1650 1810 1710 1856 ut
1755 1813 1812 1855 et
1855 1803 1971 1871 ipse
2002 1812 2056 1855 et
2085 1801 2247 1856 Pom-

681 1895 840 1964 peius
866 1894 1026 1948 simul
1067 1893 1236 1948 armis
1273 1893 1470 1963 positis
1507 1892 1705 1963 privati
1749 1908 1870 1948 esse
1893 1894 2242 1963 iuberentur.

680 1987 778 2042 Sin
811 1986 917 2039 sibi
964 1985 1278 2054 eriperetur
1310 1986 1598 2053 imperium
1621 2024 1634 2046 ,
1659 1972 1664 1976 ν
1685 1984 1758 2038 illi
1798 2001 1926 2039 vero
1956 1986 2245 2039 confirma—

682 2089 837 2134 retur
867 2093 881 2131 :
922 2077 1156 2131 alterum
1202 2085 1495 2147 tyrannum
1526 2076 1812 2130 constitui.
1848 2076 2043 2131 Fertur
2077 2077 2242 2130 etiam

680 2168 902 2238 quidam
940 2166 1192 2221 centurio
1226 2182 1256 2220 a
1285 2165 1498 2221 Czcsare
1536 2165 1772 2231 missus,
1805 2181 1930 2221 cum
1958 2165 2244 2224 didicisset

679 2265 930 2311 senatum
985 2255 1272 2325 imperium
1301 2254 1501 2310 (ἔπεσι-ἰ
1544 2271 1652 2310 non
1688 2256 1899 2311 diutius
1928 2255 2082 2318 dane,
2121 2256 2243 2324 pul—

679 2353 802 2400 sato
831 2345 992 2415 gladii
1029 2345 1225 2414 capulo
1253 2344 1453 2400 dixisse
1481 2364 1494 2397 :
1525 2345 1593 2399 At
1623 2347 1704 2398 hic
1733 2345 1898 2399 dabit.
1926 2345 2134 2400 Deinde
2164 2361 2245 2400 se-

680 2435 1156 2490 natusconsultum
1188 2434 1391 2488 factum
1427 2445 1531 2499 est,
1579 2434 1686 2489 nisi
1736 2434 1918 2490 Caesar
1955 2435 2095 2490 intra
2121 2451 2246 2492 cer-

683 2537 800 2582 tum
823 2526 967 2582 diem
993 2525 1225 2595 imperio
1253 2541 1312 2581 se
1340 2526 1671 2592 abdicasset,
1706 2526 1919 2582 hostem
1950 2543 2072 2584 esse
2098 2529 2246 2600 judi-

680 2617 940 2674 candum.
977 2618 1178 2674 Verum
1220 2618 1462 2673 Antonio
1500 2619 1827 2689 exterisque
1849 2618 2081 2676 Caesaris
2120 2629 2240 2675 stu-

681 2709 856 2765 diosis
887 2709 1294 2778 postulantibus
1317 2751 1333 2774 ,
1371 2718 1433 2762 ut
1471 2719 1528 2764 et
1556 2709 1738 2765 Caesar
1762 2718 1818 2764 et
1846 2710 2140 2780 Pompeius
2168 2711 2244 2767 si-

685 2800 798 2853 mul
829 2798 1240 2868 magistratibus
1263 2798 1503 2864 abirent,
1534 2816 1654 2854 eam
1679 2803 2008 2858 sententiam
2045 2805 2243 2873 proba-

683 2899 814 2944 runt
859 2903 1072 2944 omnes.
1106 2888 1212 2943 Sed
1241 2905 1365 2944 cum
1405 2889 1586 2946 Cmsar
1633 2907 1731 2961 per
1771 2891 1984 2947 litteras
2029 2896 2244 2950 caeteris

680 2978 939 3032 omnibus
970 2977 1174 3032 cedens
1194 3021 1207 3041 ,
1248 2979 1418 3034 solam
1448 2979 1778 3049 Cisalpinam
1814 2981 2148 3050 provinciam
2183 2990 2238 3036 et

2365 1162 2618 1232 βιάσαιτο
2645 1164 2983 1234 ψηφισθῆναι
3019 1166 3310 1236 δικτάτωρ,
3344 1166 3552 1220 ὕπατον
3570 1168 3735 1221 αὐτὸν
3755 1168 3918 1234 μόνον

2355 1256 2388 1326 ή
2415 1255 2671 1324 γερουσία
2705 1255 3038 1323 προύϐάλετο
3062 1259 3127 1327 τῇ
3165 1257 3432 1328 μοναρχίᾳ
3453 1275 3770 1328 παρηγορου
3781 1257 3916 1324 μένῃ

2352 1345 2543 1399 τούτου
2593 1346 2693 1415 τὴν
2737 1345 2944 1413 ἔφεσιν.
2984 1347 3078 1399 Ἐκ
3120 1346 3310 1400 τούτου
3374 1349 3666 1416 πίμπωνό
3701 1347 3917 1414 Καῖσαρ

2354 1438 2447 1490 καὶ
2469 1436 2632 1499 αὐτὸς
2662 1437 2753 1487 ἐπὶ
2791 1436 3056 1490 ὑπατείαν
3088 1434 3488 1508 παρήγγελλεν.
3535 1436 3919 1502 Ἐναντιουμέο

2352 1544 2458 1580 νων
2480 1527 2524 1580 δ’
2555 1525 2784 1597 ἑτέρων,
2814 1526 3023 1579 ἐσιώπα
3071 1528 3378 1596 Πομπήϊος.
3433 1527 3522 1589 Ὠς
3546 1526 3603 1578 δὶ
3641 1527 3671 1577 ό
3698 1527 3915 1593 Καῖσαρ

2351 1618 2582 1682 πολλοὺς
2607 1619 2674 1671 τὰ
2705 1617 2868 1670 αὑτοῦ
2916 1619 3130 1686 φρονεῖν
3161 1617 3412 1672 ἀνέπεισε
3439 1618 3543 1688 χρή
3556 1634 3710 1686 μασι,
3731 1616 3916 1678 δείσας

2352 1708 2450 1778 τήν
2490 1708 2746 1761 σύστασιν
2771 1709 2798 1760 ό
2822 1705 3120 1777 Πομπήϊος,
3146 1709 3450 1776 ἀναφανδὸν
3500 1708 3572 1761 δι’
3604 1709 3915 1762 tau-solata!

2348 1804 2455 1854 τῶν
2495 1799 2664 1870 φίλων
2699 1798 3146 1869 ἐπραγματεύετο
3205 1797 3488 1866 παυθῆναι
3533 1799 3628 1851 τὸν
3659 1799 3916 1866 Καίσαρα

2343 1891 2442 1960 τῆς
2504 1890 2727 1961 ἀρχῆς,
2776 1889 3151 1960 ψηφιζόμενος
3214 1883 3291 1942 ὧν
3343 1891 3552 1950 ἐκεῖνος
3615 1889 3730 1940 οὐδ’
3781 1888 3914 1949 ὅλως

2345 1974 2677 2049 ἑφρόντιζεν.
2746 1977 2924 2042 Ἦξίου
2956 1978 3014 2030 δὲ
3052 1981 3079 2029 ὁ
3103 1978 3322 2048 Καῖσαρ
3383 1977 3548 2029 αὐτόν
3580 1993 3638 2027 τε
3676 1976 3794 2043 ἅμα
3823 1977 3916 2028 καὶ

2345 2071 2435 2124 τον
2465 2069 2748 2138 Πομπήϊον
2785 2067 3192 2137 καταθεμένους
3214 2068 3279 2120 τὰ
3307 2068 3446 2120 ὅπλα
3476 2065 3785 2130 ἰδιωτεῦσαι
3824 2067 3915 2119 καὶ

2345 2163 2529 2232 ἀμφω.
2585 2163 2645 2214 Εἰ
2678 2161 2722 2214 δ’
2755 2161 2917 2215 αὑτδν
2973 2162 3072 2232 μὲν
3126 2143 3492 2230 ἀφαιροῦνται
3543 2160 3644 2230 τήν
3703 2158 3906 2228 ἀρχὴν,

2344 2254 2538 2324 εκείνῳ
2571 2254 2628 2306 δὲ
2690 2251 2996 2323 βεϐαιοῦσι,
3041 2253 3131 2304 τὸν
3182 2251 3372 2320 ἕτερον
3439 2250 3913 2313 κατασκευάζουσι

2343 2345 2624 2415 τύραννον.
2661 2345 2891 2412 Λέγεται
2924 2344 2980 2396 δέ
3006 2361 3128 2396 τινα
3151 2344 3256 2396 τῶν
3296 2343 3448 2412 παρὰ
3471 2339 3751 2412 καίσαρος
3789 2359 3913 2394 στας

2343 2436 2542 2491 λὲντων
2568 2415 2900 2508 ταξιαρχῶν,
2953 2437 3194 2506 μαθόντα
3239 2437 3314 2506 μή
3355 2436 3558 2489 διδόναι
3581 2435 3681 2504 τήν
3717 2451 3914 2503 γερου-

2347 2529 2468 2584 σίαν
2504 2530 2602 2598 τῆς
2650 2531 2823 2602 ἀρχῆς
2875 2529 3065 2600 χρόνον
3112 2529 3189 2599 τῷ
3223 2530 3482 2599 Καίσαρι,
3523 2529 3682 2582 Ἀλλ’
3730 2527 3908 2590 αὕτη,

2346 2622 2532 2691 φάναι,
2563 2620 2766 2683 δώσει,
2799 2620 3108 2692 κρούσαντα
3139 2623 3206 2692 τῇ
3241 2622 3388 2691 χειρὶ
3437 2621 3540 2688 τὴν
3575 2616 3672 2672 τοῦ
3729 2618 3912 2686 ξίφους

2344 2717 2538 2787 λαϐήν.
2591 2712 2724 2773 Εἶτα
2753 2716 2948 2786 γνώμη
2998 2719 3300 2786 εἰσήνεκτο.
3337 2717 3387 2768 εί
3421 2714 3494 2784 μὴ
3535 2716 3594 2766 ἰν
3627 2711 3910 2782 ὡρισμένῃ

2345 2809 2527 2880 ἡμέρᾳ
2560 2811 2777 2879 Καῖσαρ
2809 2808 2879 2861 τὰ
2928 2808 3070 2860 ὅπλα
3119 2807 3449 2875 κατάθηται,
3512 2805 3768 2875 ἡγεῖσθαι
3826 2804 3912 2854 τὸν

2343 2901 2512 2970 ἄνδρα
2545 2901 2824 2968 πολέμιον.
2867 2889 3158 2953 Ἀντωνίου
3187 2897 3244 2952 δὲ
3283 2897 3514 2952 καὶτῶν
3560 2894 3912 2966 πραττόντων

2343 2990 2413 3044 τά
2438 2990 2714 3059 Καίσαρος
2745 2987 3039 3053 ἀξιούντων
3070 2990 3162 3042 καὶ
3187 2989 3443 3056 Κιιίσαρα
3485 2987 3582 3040 καὶ
3622 2988 3912 3054 Πομπήῖον

681 3065 1160 3136 lilyrlcum'atque
1195 3067 1334 3123 duas
1372 3068 1476 3123 sibi
1527 3070 1772 3140 legiones
1813 3071 2044 3142 relinqui
2090 3083 2240 3144 pete-

2348 3082 2440 3144 τάς
2469 3081 2641 3151 ἀρχὰς
2682 3077 3006 3145 ἀποθέσθαι,
3035 3082 3102 3150 τῇ
3139 3075 3331 3150 γνώμῃ
3363 3078 3564 3138 πάντες
3604 3077 3912 3132 συνέθεντο.

681 3165 763 3213 ret
810 3175 826 3208 ι
867 3167 1065 3215 cetera
1101 3162 1323 3230 quidem
1358 3163 1410 3217 ei
1441 3162 1605 3235 583
1631 3166 1904 3222 concessit
1929 3167 2241 3237 Pompeius.

683 3249 886 3305 milites
926 3260 1108 3305 autem
1147 3254 1376 3308 ademit.
1415 3256 1655 3311 Senatus
1685 3273 1816 3313 vero
1846 3259 2146 3314 Antonium
2189 3269 2255 3332 et_

681 3341 978 3395 factionem
1015 3343 1138 3412 ejus
1163 3351 1354 3398 senatu
1391 3345 1574 3413 eiecit.
1617 3347 1804 3415 Itaque
1832 3351 2020 3404 servili
2055 3351 2242 3405 habitu

683 3447 752 3486 ex
794 3432 988 3488 timore
1028 3443 1268 3503 sumpto,
1317 3434 1679 3490 conducticiis
1713 3437 1852 3506 bigis
1889 3438 2060 3493 Roma
2097 3441 2245 3493 exie-

603 3599 605 3601 1
683 3531 833 3575 rttnt.
875 3523 1005 3588 Quae
1044 3539 1132 3578 res
1174 3525 1411 3579 militum
1452 3525 1877 3596 indignationem
1923 3530 2242 3595 commovit,

679 3628 809 3666 cum
849 3613 995 3668 viros
1038 3615 1216 3668 claros
1246 3624 1302 3670 et
1333 3617 1610 3685 principes
1643 3621 1987 3676 contumeliis
2020 3623 2243 3677 allectos

679 3713 996 3760 cernerent.
1053 3704 1233 3760 (Σωτη-
1287 3721 1420 3760 vero
1471 3709 1636 3762 variis
1692 3710 2000 3766 rationibus
2059 3712 2242 3766 animo

679 3793 920 3863 agitatis.
949 3809 1015 3847 ac
1040 3793 1274 3848 subinde
1310 3793 1533 3847 mutatis
1565 3795 1833 3860 consiliis,
1867 3797 2085 3850 tandem
2125 3797 2244 3850 vul-

679 3884 792 3951 gari
824 3884 917 3937 illo
945 3883 1280 3952 dicto,jacta
1311 3891 1386 3936 est
1417 3882 1559 3945 alea,
1589 3898 1740 3938 arma
1771 3884 2006 3954 sumpsit
2036 3902 2048 3938 :
2077 3900 2244 3954 snpe-

681 3985 909 4043 ratoquc
971 3975 1252 4028 ilubicone
1310 3975 1576 4038 ﬂumine.
1630 3979 1937 4033 Ariminum
1992 3993 2241 4049 magnam

679 4064 868 4119 Galliae
911 4064 1105 4119 urbem
1151 4067 1460 4134 occupavit.
1511 4067 1708 4121 Fertur
1744 4070 1920 4137 pridie
1967 4073 2088 4141 ejus
2131 4071 2240 4126 diei

681 4165 848 4209 noctu
891 4155 945 4231 in
987 4157 1196 4211 somnis
1227 4155 1336 4211 sibi
1370 4171 1495 4212 cum
1529 4166 1702 4212 matre
1731 4173 1829 4228 per
1858 4159 2056 4214 fmdam
2096 4164 2244 4215 ince—

682 4236 935 4315 stamque
964 4247 1252 4318 imaginem
1277 4248 1426 4303 coire
1447 4249 1598 4303 visus
1627 4263 1770 4304 esse.
1804 4249 2054 4305 Arimino
2082 4266 2244 4306 occu-

678 4345 830 4407 pato,
873 4337 1044 4391 Roma
1095 4347 1352 4406 tanquam
1406 4341 1626 4394 turbine
1686 4341 1926 4410 quodam
1973 4341 2238 4398 ﬂuctuum

685 4405 849 4482 undis
894 4429 1184 4498 exagitata,
1215 4443 1356 4497 pene
1385 4405 1733 4498 semetipsam
1764 4433 2048 4489 demersit.
2104 4436 2237 4489 Nam
2274 4405 2316 4461 θ

680 4529 740 4596 et
778 4521 1033 4575 consules
1066 4522 1130 4575 et
1159 4521 1395 4576 maxima
1421 4537 1550 4592 pars
1573 4531 1799 4576 senatus
1832 4523 2112 4593 fugerunt.
2133 4517 2242 4584 'Est

683 4623 741 4668 et
779 4615 893 4681 ipSe
934 4615 1227 4685 Pompeius
1257 4616 1506 4683 territus,
1534 4625 1590 4671 et
1615 4617 1684 4670 ab
1713 4617 1835 4672 aliis
1870 4618 2094 4676 aliunde
2127 4632 2242 4677 tur-

608 4757 613 4762 _
682 4703 867 4767 batus,
888 4706 1247 4773 querentibus
1265 4748 1280 4771 ,
1311 4723 1436 4762 eum
1464 4707 1696 4764 Caesaris
1723 4725 1856 4778 opes
1879 4722 2072 4766 contra
2116 4730 2239 4770 sese

681 4803 738 4850 et
781 4795 1176 4864 rempublicam
1216 4799 1477 4855 auxisse:
1528 4816 1706 4870 neque
1750 4803 2038 4873 quisquam
2084 4806 2235 4862 illum

681 4887 798 4944 suis
829 4886 905 4942 uti
935 4889 1180 4943 consiliis
1203 4889 1346 4942 sivit.
1379 4885 1553 4955 Quare
1573 4893 1710 4947 urbe
1738 4896 1948 4960 relicta,
1985 4910 2233 4956 senatum

681 4980 837 5048 sequi
867 4982 1124 5050 sejussit,
1167 4989 1224 5035 et
1250 4981 1498 5051 plerique
1531 5000 1655 5037 eum
1682 4987 1853 5039 secuti
1891 4999 2055 5056 sunt,
2093 4994 2236 5048 exsi-

682 5067 816 5122 lium
846 5087 945 5140 pro
978 5075 1151 5142 patria
1174 5074 1432 5143 amplexi,
1475 5085 1695 5143 propter
1727 5078 2045 5147 Pompeium
2083 5101 2095 5136 :
2131 5086 2238 5138 Ro-

681 5173 824 5212 tnatn
864 5177 992 5215 vero
1027 5165 1256 5231 perinde
1279 5174 1340 5218 ut
1370 5175 1546 5218 castra
1568 5163 1796 5221 Caesaris
1827 5167 2114 5236 fugientes.
2149 5174 2236 5226 'Eo

681 5259 928 5318 tempore
958 5251 1229 5308 Labienus
1258 5257 1424 5310 etiam
1452 5254 1683 5310 Caesaris
1716 5257 1948 5316 amicus.
1977 5261 2064 5313 cui
2091 5272 2234 5316 stre-

679 5355 842 5394 uuam
883 5342 936 5395 in
984 5343 1142 5397 bellis
1177 5361 1396 5412 operam
1441 5359 1685 5411 navarat,
1737 5365 1804 5403 eo
1857 5352 2046 5407 relicto
2079 5355 2234 5408 Pom-

683 5426 858 5491 peium
882 5429 965 5484 est
990 5439 1233 5485 secutus.
1264 5433 1464 5488 Tamen
1490 5437 1736 5491 Caesarei
1776 5451 1828 5493 et
1857 5444 2142 5510 pecuniam
2178 5452 2232 5498 et

2357 3172 2512 3226 Ἐπεὶ
2536 3173 2592 3226 δὲ
2630 3172 2781 3241 παρά
2823 3172 3104 3241 Καίσαρος
3149 3165 3285 3243 ἧκον
3330 3165 3612 3221 ἐπιστολαὶ
3657 3167 3771 3218 τῶν
3820 3167 3913 3233 μὲν

2347 3264 2524 3318 ἄλλων
2554 3262 2932 3330 ὲξισταμένου,
2966 3263 3065 3334 τήν
3087 3261 3132 3314 δ’
3164 3263 3316 3324 ἐντὸς
3357 3260 3610 3316 ⁹Δλτιιεων
3641 3260 3913 3327 ἐπαρχίαν

2345 3355 2440 3422 καὶ
2485 3353 2545 3404 τὸ
2607 3353 2897 3422 Ἰλλυρικὸν
2961 3353 3237 3418 ἀξιοῦντος
3290 3351 3440 3420 αὐτῷ
3492 3350 3710 3417 δοθῆναι
3772 3351 3912 3416 μετά

2344 3444 2490 3496 δυοῖν
2513 3442 2832 3513 ταγμάτων,
2855 3440 3024 3494 τᾶλλα
3061 3442 3160 3509 μὲν
3189 3441 3361 3493 ἐδίδου
3418 3440 3731 3508 Πομπήῖος,
3787 3441 3911 3499 τοὺς

2344 3536 2400 3589 δέ
2421 3552 2484 3602 γε
2514 3535 2849 3604 στρατιώτας
2873 3532 3095 3602 ἀφῄρει.
3127 3530 3256 3598 Οί,δ’
3287 3529 3657 3590 ὑπατεύοντες
3683 3529 3782 3578 καὶ
3813 3529 3912 3594 τῆς

2347 3626 2541 3696 βουλῆς
2567 3626 2834 3695 ἐξήλασαν
2872 3624 2960 3677 τὸν
2985 3621 3272 3676 ’Λντώνιον
3309 3622 3402 3674 καὶ
3435 3621 3561 3682 τοὺς
3592 3621 3688 3672 σὺν
3739 3618 3912 3686 αὐτῷ.

2345 3717 2408 3769 Ol
2440 3717 2494 3767 δὲ
2520 3715 2606 3768 διά
2634 3715 2798 3782 φόϐον
2827 3717 2884 3766 ὲν
2904 3714 3174 3774 δουλικαῖς
3197 3713 3388 3782 ἐσθῆσι
3408 3714 3911 3783 μετημφιασμένοι,

2346 3807 2439 3862 ἐπὶ
2462 3807 2671 3872 ζευγῶν
2712 3806 2942 3874 μισθίων
2972 3806 3070 3872 τῆς
3116 3806 3334 3874 Ῥώμης
3384 3805 3637 3876 ἐξῄεσαν.
3679 3806 3751 3856 '0
3784 3806 3909 3865 τοὺς

2347 3899 2680 3971 στρατιώτας
2706 3897 3043 3966 παρώξυνεν,
3073 3898 3271 3968 ἀνδρας
3323 3898 3642 3967 ἐλλογίμους
3669 3898 3722 3966 (6
3735 3899 3784 3961 ι)
3819 3900 3908 3949 καὶ

2345 3995 2625 4064 ἄρχοντας
2672 3994 3163 4063 περιυϐρισμένους
3228 3993 3490 4063 ὁρῶντας.
3553 3995 3772 4062 Καῖσαρ
3829 3994 3907 4056 δὲ,

2346 4086 2576 4147 πολλοὺς
2605 4086 2900 4155 λογισμοὺς
2932 4088 3160 4156 κινήσας
3204 4087 3297 4137 καὶ
3349 4087 3623 4156 διαφόρων
3671 4084 3906 4153 γνωμῶν

2345 4176 2612 4242 γεγονὼς.
2656 4177 2809 4237 τέλος
2834 4176 2993 4228 τοῦτο
3020 4177 3082 4246 δὴ
3112 4178 3172 4228 τὸ
3200 4176 3374 4228 κοινὸν
3411 4175 3674 4233 ὑπειπὼν.
3720 4177 3905 4242 ἐρῤί-

2345 4269 2471 4333 φθω
2493 4266 2696 4330 κύϐος,
2724 4264 2973 4336 ὥρμησε.
3027 4267 3134 4318 Καὶ
3166 4265 3257 4318 τὸν
3326 4267 3569 4334 ποταμὸν
3624 4267 3904 4318 Ῥουϐίκον

2345 4357 2517 4428 διέϐη,
2553 4357 2646 4411 καὶ
2695 4357 2755 4409 τὸ
2798 4357 3079 4427 Ἀρίμινον
3139 4356 3393 4427 κατέσχε,
3452 4357 3693 4426 μεγάλην
3751 4360 3902 4410 πόλιν

2344 4451 2443 4518 τῆς
2501 4449 2788 4518 Κελτικῆς.
2820 4449 3050 4516 Λέγεται
3079 4448 3135 4502 δὲ
3186 4452 3250 4519 τῇ
3301 4450 3406 4519 πρὸ
3449 4449 3549 4519 τῆς
3605 4451 3902 4514 διαϐάσεως

2347 4539 2499 4592 νυκτὶ
2525 4541 2659 4610 όναρ
2695 4541 2824 4592 ἰδεῖν
2875 4540 3159 4608 ἔκθεσμον.
3229 4540 3433 4594 Ἐδόκει
3489 4544 3593 4610 γὰρ
3641 4544 3810 4602 αὐτὸς
3835 4547 3898 4610 τῇ

2345 4627 2540 4680 ἑαυτοῦ
2574 4630 2742 4696 μητρὶ
2769 4628 3064 4696 μίγνυσθαι
3090 4629 3188 4697 τὴν
3238 4630 3476 4698 ἄρρητον
3522 4630 3688 4696 μίξιν.
3758 4633 3902 4682 Ἐπεὶ

2348 4720 2404 4772 δὲ
2427 4721 2487 4772 τὸ
2533 4721 2808 4789 Ἀρίμινον
2859 4720 3193 4789 κατελήφθη,
3235 4719 3308 4781 ὡς
3359 4719 3466 4772 ὑπὸ
3514 4722 3900 4791 πνευμάτωνή

2356 4811 2541 4882 Ῥώμη
2601 4811 2961 4881 πιμπλαμένη
3017 4813 3180 4867 σάλου
3233 4815 3327 4865 καὶ
3374 4813 3659 4879 κλύδωνος,
3704 4815 3899 4884 μικροῦ

2345 4902 2483 4970 αὑτὴ
2517 4902 2606 4971 ύιρ’
2653 4904 2855 4972 ἑαυτῆς
2903 4903 3288 4974 ἀνετέτραπτο.
3334 4905 3402 4958 Οῖ
3437 4923 3496 4957 τε
3544 4906 3649 4976 γάρ
3706 4906 3900 4958 ὕπατοι

2345 4993 2440 5044 καὶ
2470 4993 2520 5044 οἱ
2551 4992 2767 5054 πλείους
2800 4994 2909 5045 τῶν
2941 4993 3241 5061 βουλευτῶν
3264 4994 3513 5062 ἔφευγον,
3542 4998 3635 5049 καὶ
3663 4997 3824 5047 αὑτὸν
3844 4996 3899 5045 re

2347 5083 2629 5151 Πομπήϊον
2661 5083 2923 5152 ἔκπληξις
2953 5083 3086 5151 εἶχε,
3121 5085 3212 5136 καὶ
3262 5084 3436 5146 ἄλλως
3469 5086 3763 5153 ἀλλαχόθεν
3811 5088 3899 5136 τὸν

2347 5174 2513 5239 ἄνδρα
2540 5173 2858 5242 ἐτάραττον,
2903 5173 3210 5242 αἰτιώμενοι
3240 5175 3313 5237 ὡς
3336 5176 3459 5226 καθ’
3488 5173 3674 5225 ἑαυτοῦ
3692 5175 3788 5225 καὶ
3803 5175 3898 5241 τῆς

2344 5258 2615 5319 πολιτείας
2651 5259 2958 5325 αὐξήσαντα
2993 5262 3247 5330 Καίσαρα
3268 5278 3279 5288 '
3311 5261 3407 5312 καὶ
3435 5261 3610 5323 οὐδεὶς
3635 5260 3721 5313 εἴα
3739 5263 3894 5315 αὑτὸν

2344 5351 2455 5408 τοῖς
2491 5349 2709 5411 οἰκείοις
2735 5351 3037 5419 χρήσασθαι
3073 5355 3370 5420 λογισμοῖς.
3394 5355 3487 5404 Διὸ
3506 5353 3598 5405 καὶ
3625 5355 3721 5423 τὴν
3744 5355 3892 5407 πόλιν

2341 5441 2606 5506 ἐξέλιπεν,
2650 5443 2874 5499 ἕπεσθαι
2911 5445 3010 5516 τὴν
3032 5444 3323 5515 γερουσίαν
3352 5446 3637 5511 κελεύσας.
3664 5445 3888 5498 Eine-no

1845 5596 2038 5655 Varia:
2071 5597 2374 5657 lectiones
2418 5606 2476 5657 et
2519 5611 2704 5661 nota).

751 5724 862 5794 (65')
900 5729 1308 5799 Ἐλλογίμους.
1342 5731 1415 5786 Ita
1446 5747 1573 5788 mss.
1603 5733 1828 5791 Wolﬁus
1870 5740 2112 5795 ediderat
2150 5743 2245 5796 ἐλλι

2348 5744 2521 5818 ςμούς,
2555 5744 2840 5799 manifesto
2871 5758 3080 5798 errore.
