4012 6330
649 258 755 322 821
1768 303 1776 310 .
1921 247 2229 309 IOANNIS

2328 248 2596 311 DNAR/E
3763 256 3848 325 823

649 360 896 437 cymbam
924 358 1207 430 ingressus
1234 363 1339 414 est.
1371 354 1438 410 Et
1466 367 1591 410 cum
1616 367 1647 407 ι
1675 359 1821 407 terra
1850 353 2010 423 longe
2040 352 2221 409 adhuc

2328 359 2503 414 Ταῦτα
2538 358 2911 429 φθεγξάμενος
2936 357 3120 430 ἐνέϐη.
3146 358 3256 413 Καὶ
3283 358 3482 429 συχνοῦ
3509 359 3850 429 διαστήματος

649 443 886 517 abesset,
941 449 1248 505 orationem
1297 460 1463 518 quam
1511 446 1566 498 in
1603 458 1775 514 parvo
1814 443 1998 498 libello
2024 444 2213 499 Graece

2328 451 2466 514 5ντος
2499 452 2590 505 ἐπὶ
2626 451 2724 522 τὴν
2767 451 2893 519 γῆν,
2928 452 2956 505 ό
2988 451 3271 520 Πομπήϊος
3300 449 3442 519 ἔχων
3483 450 3543 503 ὲν
3568 443 3759 518 βιϐλίῳ
3786 469 3853 515 μι-

649 544 967 618 scripserat,
1003 549 1065 595 ut
1109 553 1229 593 eam
1260 536 1406 607 apud
1444 538 1625 605 regem
1676 534 1922 595 haberet,
1956 534 2113 602 legit.
2145 533 2215 590 Ut

646 634 717 689 ad
749 642 948 705 terram
981 630 1329 700 appulerant,
1344 626 1603 682 Cornelia
1633 633 1691 680 et
1718 624 1881 678 amici
1910 640 1941 678 e
1973 624 2187 679 triremi
2198 665 2212 688 ,

646 724 781 793 quid
804 722 1054 778 futurum
1080 727 1244 789 esset,
1267 717 1487 773 solliclti
1516 715 1965 785 speculabantur.
1999 715 2213 772 Interea

595 834 597 840 ί
648 813 991 882 Pompeium,
1021 810 1115 881 qui
1144 808 1379 882 Philippi
1426 808 1587 862 amici
1647 820 1868 862 manum
1908 804 2216 875 prehende-

648 914 755 965 rat.
793 911 854 958 ut
887 909 1157 973 surgeret,
1192 899 1490 971 Septimius
1510 897 1770 968 primusa
1796 905 1945 966 tergo
1975 894 2213 966 trajicit:

646 995 850 1050 deinde
905 994 1170 1059 Achillas,
1229 1001 1287 1048 et
1336 990 1544 1046 caeteri.
1573 988 1643 1043 At
1673 989 1761 1045 ille
1796 997 1917 1059 toga
1946 987 2082 1043 facie
2112 985 2214 1041 oh-

646 1089 834 1148 ducta.
876 1094 1086 1142 tantum
1119 1083 1426 1154 ingemuit:
1461 1096 1639 1151 neque
1666 1080 1964 1151 quidquam
1991 1082 2053 1134 se‘
2074 1077 2218 1133 indi-

648 1194 818 1249 gnum
867 1179 1111 1239 locutus,
1147 1192 1215 1231 ex
1260 1173 1578 1230 vulneribus
1624 1181 1875 1226 mortuus
1911 1179 2017 1232 est,
2071 1184 2217 1224 anno

645 1269 826 1323 aetatis
854 1262 1361 1336 undesexagesimo‘.
1391 1265 1494 1331 Qui
1518 1264 1572 1318 in
1603 1263 1837 1317 navibus
1862 1271 2039 1325 erant,
2068 1261 2216 1316 aede

644 1358 768 1437 ejus
797 1356 937 1422 visa,
970 1371 1097 1411 cum
1125 1363 1295 1413 tanto,
1330 1355 1540 1425 eiulatu
1571 1362 1633 1407 ut
1665 1353 1720 1406 in
1751 1362 1895 1407 terra
1926 1351 2216 1414 exaudire—

2328 1372 2443 1423 που,
2479 1358 2638 1425 μόνον
2664 1359 2943 1422 στενάξας,
2979 1357 3143 1426 μηδὲν
3167 1357 3213 1410 δ’
3232 1355 3403 1409 εἰπὼν
3425 1355 3643 1420 ἀνάξιον
3667 1352 3861 1411 ἑαυτοῦ,

648 1455 773 1511 tur,
799 1446 1083 1523 fugerunt.
1116 1446 1296 1503 Credis
1334 1460 1466 1503 vero
1518 1444 1758 1500 ministri
1797 1445 1977 1513 capite
2025 1458 2220 1512 ampu-

2328 1448 2713 1518 ίνεκαρτέρησε
2760 1449 2883 1510 ταῖς
2928 1447 3186 1519 πληγαῖς,
3223 1447 3490 1517 ἑξήκοντα
3529 1444 3649 1507 ἑνὸς
3698 1444 3864 1495 δέοντα

654 1546 788 1602 tato,
838 1548 1098 1594 truncum
1149 1537 1358 1592 nudum
1406 1551 1438 1593 e
1474 1536 1665 1607 cymba
1717 1535 1773 1587 in
1808 1533 1964 1588 littus
2006 1534 2219 1605 abjece—

2328 1537 2597 1609 βεϐιωκὼς
2629 1539 2746 1607 ἐτη.
2769 1540 2831 1592 Οἱ
2852 1540 2897 1593 δ’
2923 1540 3033 1592 ἀπὸ
3056 1538 3168 1592 τῶν
3184 1537 3349 1604 νεῶν,
3386 1536 3463 1600 ὠς
3486 1535 3773 1589 ἐθεάσαντο
3785 1533 3864 1602 τὴν

646 1635 798 1691 runt,
825 1637 888 1683 ut
928 1628 1243 1699 spectaculo
1276 1627 1567 1697 quibusvis
1609 1634 1777 1682 esset.
1807 1625 1925 1690 Quo
1951 1630 2082 1679 dum
2115 1639 2217 1694 po-

2328 1628 2553 1697 σφαγὴν,
2586 1627 2785 1697 θρῆνον
2816 1629 3140 1694 ἐξάκουστον
3187 1626 3317 1698 ἄχρι
3340 1628 3441 1698 τῆς
3469 1627 3572 1696 γῆς
3598 1626 3865 1695 έκχέανεες

646 1718 811 1787 pulus
836 1691 1151 1785 satiaretur,
1182 1691 1468 1788 Philippus
1499 1718 1573 1773 ibi
1594 1717 1815 1771 mansit.
1841 1716 2046 1771 Deinde
2079 1691 2216 1770 mari

2328 1691 2692 1789 ἔφυγονξτοῦ-
2713 1719 2772 1773 δὲ
2807 1691 3093 1791 Πομπηΐου
3132 1691 3374 1789 τὴνὴμὲν
3394 1691 3866 1787 -κεφαλὴννάποτί-

644 1805 896 1863 ablutum
924 1817 1243 1877 corpus,.et
1270 1821 1368 1860 sua
1400 1807 1642 1860 tunicula
1673 1806 2001 1872 involutum,
2038 1820 2219 1876 parva:

2328 1826 2527 1880 μνουσι,
2555 1811 2615 1864 τὺ
2645 1811 2701 1864 δὲ
2731 1810 2860 1867 ἄλλο
2890 1811 3051 1881 σῶμα
3082 1811 3292 1881 γυμνὸν
3327 1808 3645 1870 ἐκϐαλόντες
3665 1807 3865 1872 suam

648 1892 860 1964 cymba:
899 1895 1149 1964 reliquiis
1196 1896 1494 1950 cremavit:
1534 1904 1592 1950 et
1645 1910 1777 1950 sene
1822 1896 2057 1965 quodam
2106 1897 2220 1952 Ro-

2328 1898 2555 1965 ιλιάδος,
2584 1903 2697 1963 τοϊς
2722 1900 2999 1970 δεομένοις
3023 1901 3293 1954 ἀπέλιπον
3327 1899 3573 1953 τοιούτου
3594 1897 3867 1965 θεάματος.

601 2008 603 2011 ι
652 1998 840 2049 manu,
883 1984 979 2054 qui
1027 1986 1203 2055 prima
1239 1985 1516 2052 stipendia
1560 1986 1665 2040 sub
1726 1986 1986 2056 Pompeio
2033 1986 2224 2041 adole-

2328 1990 2627 2059 Παρέμεινε
2651 1992 2709 2044 δὲ
2732 1989 2882 2060 αὐτῷ
2900 1990 3165 2055 Φίλιππος
3189 1990 3292 2053 ἓως
3312 1991 3561 2058 ἐγένοντο
3581 1988 3766 2061 μεστοὶ
3782 1985 3866 2052 τῆς

646 2084 835 2130 scente
866 2086 1169 2142 meruerat,
1196 2078 1472 2147 adjutore,
1498 2078 1733 2148 sepeliit.
1765 2075 1867 2133 Cui
1908 2078 2222 2148 Philippus,

2328 2076 2515 2145 ὕψεως.
2550 2073 2684 2132 Εἶτα
2716 2078 3045 2151 περιλούσας
3092 2083 3158 2150 τῇ
3184 2078 3454 2153 θαλάσσῃ
3491 2079 3554 2131 τὸ
3596 2076 3753 2147 σῶμα
3790 2076 3868 2128 καὶ

646 2175 996 2236 percontato,
1022 2171 1137 2240 quis
1160 2179 1312 2235 esset,
1341 2170 1430 2240 qui
1461 2169 1766 2241 Pompeium
1796 2168 2050 2240 Magnum
2072 2185 2222 2240 sepe-

649 2258 747 2311 lire
794 2259 1142 2316 institueret?
1184 2260 1485 2330 respOndit,
1524 2260 1594 2316 Se
1640 2261 1880 2315 libertum
1909 2260 2054 2315 illius
2085 2276 2216 2315 esse.

648 2347 792 2402 Tum
839 2364 1048 2407 senex:
1107 2350 1283 2420 Istud,
1340 2352 1540 2423 inquit,
1588 2354 1744 2407 decus
1794 2369 1899 2408 non
1944 2355 2022 2408 tui
2066 2357 2221 2408 unius

648 2437 768 2493 erit.
811 2438 897 2493 He
927 2457 1131 2512 quoque
1160 2453 1269 2497 tam
1310 2443 1384 2513 pii
1434 2434 1584 2510 ofﬁcii
1615 2446 1810 2497 socium
1851 2444 2137 2507 admittite,
2164 2455 2222 2498 ut

2317 542 2437 611 κρῷ
2479 542 2637 608 λόγον
2682 542 2774 595 ὑπ’
2813 539 2973 595 αὐτοῦ
3021 542 3409 611 γεγραμμένον
3456 540 3785 610 Ἑλληνικὸν,
3823 533 3856 605 ᾧ

2316 632 2728 701 παρεσκεύαστο
2750 630 3054 703 χρήσασθαι
3084 630 3221 701 πρὸς
3249 630 3342 683 τὸν
3371 629 3728 698 Πτολεμαῖον,
3754 630 3856 681 ἁνε-

2314 721 2600 788 γίνωσκεν.
2642 721 2730 783 Ὠς
2768 721 2825 776 δὲ
2867 723 2932 791 τῇ
2963 723 3033 791 γῇ
3068 718 3497 787 προσεπέλαζον,
3537 721 3569 791 η
3611 719 3708 788 μὲν
3738 720 3858 784 Κορ-

2316 812 2474 882 νηλία
2512 813 2650 881 μετὰ
2693 812 2801 865 τῶν
2846 813 3018 882 φίλων
3057 813 3123 865 ἐκ
3145 810 3244 880 τῆς
3274 810 3535 881 τριήρους
3568 808 3857 878 περιπαθὴς

2313 901 2448 959 οὖσα
2481 905 2541 958 τὸ
2599 902 2790 975 μέλλον
2821 903 3150 958 ἀπεσκόπει.
3193 900 3282 955 Ἐν
3318 900 3495 971 τούτῳ
3522 902 3582 953 δί
3610 899 3701 953 τὸν
3734 899 3860 967 Πομ-

2318 999 2477 1066 πήϊον
2514 1001 2615 1068 τῆς
2648 997 2742 1051 τοῦ
2770 996 2924 1067 φίλου
2952 995 3217 1066 Φιλίππου
3248 994 3553 1064 λαϐόμενον
3597 990 3777 1063 χειρὸς
3801 990 3860 1051 ὡς

2317 1087 2665 1159 ἐξανασταίη,
2698 1087 2991 1157 Σεπτίμιος
3029 1086 3255 1140 ὄπισθεν
3301 1084 3380 1154 τῷ
3423 1082 3571 1152 ξίφει
3615 1081 3860 1135 διελαύνει

2316 1174 2562 1245 πρῶτος*
2591 1169 2710 1228 εἷτα
2765 1176 2861 1230 καὶ
2904 1174 3172 1245 Ἀχιλλᾶς,
3203 1172 3296 1226 καὶ
3338 1172 3539 1245 ἕτεροι.
3576 1172 3637 1224 '0
3664 1171 3722 1225 se
3758 1172 3863 1231 ταῖς

2318 1266 2477 1337 χερσὶ
2500 1266 2597 1338 τὴν
2622 1266 2877 1337 τήϐεννον
2909 1265 3349 1336 ἐφελκυσάμενος
3378 1264 3521 1318 κατὰ
3551 1263 3645 1316 τοῦ
3675 1261 3863 1331 προσώ·

2321 2168 2556 2239 χιτωνίῳ
2587 2168 2696 2223 τινὶ
2721 2170 2830 2223 τῶν
2862 2169 3059 2225 ἑαυτοῦ
3091 2170 3468 2242 περιστείλας,
3506 2170 3711 2241 μικρᾶς
3739 2167 3867 2220 ἁλιά-

2318 2260 2406 2323 δος
2434 2259 2612 2333 εὑρὼν
2643 2260 2894 2331 λείψανα,
2926 2261 3137 2326 τούτοις
3158 2263 3292 2315 αὐτὸ
3318 2262 3652 2324 κατέκαυσε,
3683 2258 3773 2311 καί
3800 2275 3867 2308 τι·

2319 2369 2409 2416 νος
2446 2353 2640 2423 ἀνδρὸς
2677 2353 2952 2424 Ῥωμαίου
2983 2357 3221 2425 γηραιοῦ
3268 2354 3391 2426 ἢδη,
3434 2353 3534 2416 τὰς
3570 2351 3629 2404 δὲ
3672 2349 3869 2421 πρώτας

2321 2444 2609 2513 στρατείας
2632 2444 2713 2498 ἔτι
2741 2445 2848 2515 νέῳ
2875 2446 3143 2516 Πομπηΐῳ
3172 2443 3738 2515 συστρατευσαμένου,
3765 2456 3869 2491 συν-

650 2530 780 2582 meis
804 2538 854 2582 et
883 2531 992 2599 ipse
1022 2532 1262 2585 manibus
1296 2541 1617 2604 tangam,“
1653 2549 1829 2587 ornem
1865 2534 2221 2588 Romanorum

2328 2535 2719 2606 επιλαϐομένου
2745 2537 2915 2605 αὐτῷ.
2951 2526 3046 2601 ’ός
3076 2538 3305 2601 ἐπιστάς
3328 2537 3408 2607 τῷ
3427 2537 3679 2605 Φιλίππῳ
3703 2530 3865 2588 εἶπεν·

647 2621 1027 2690 imperatorem
1060 2626 1372 2679 maximum.
1405 2623 1496 2679 Ha:
1526 2625 1771 2695 Pompeii
1816 2628 2042 2682 fuerunt
2065 2637 2222 2682 exsc-

2331 2627 2426 2687 Τίς
2483 2624 2591 2691 ὢν,
2645 2624 2695 2682 ὦ
2747 2627 3041 2697 ἄνθρωπε,
3101 2628 3349 2683 θάπτειν
3391 2627 3607 2695 διανοῇ
3655 2626 3871 2693 Μάγνον

651 2711 818 2779 ειυὶωο
2325 2718 2677 2787 Πομπήιον-ς
2727 2720 2967 2773 Ἐκείνου
2996 2720 3054 2773 δὲ
3090 2722 3362 2793 φήσαντος
3426 2722 3507 2786 ὡς
3565 2719 3871 2775 ἀπελεύθε-

645 2821 781 2873 ρος·
824 2806 986 2861 Ἀλλ’
1016 2808 1089 2862 οὐ
1117 2808 1283 2879 μόνῳ
1309 2808 1431 2873 σοι,
1455 2809 1582 2879 εφη,
1618 2811 1794 2865 τοῦτο
1820 2808 1886 2865 τὸ
1911 2809 2111 2865 καλὸν
2135 2807 2410 2877 ὑπάρξει,
2446 2810 2623 2880 ’κάμὲ
2674 2811 2744 2865 δὲ
2775 2814 3110 2881 εὑρήματος
3164 2813 3459 2879 εὐσεϐοῦς
3493 2810 3659 2876 δέξαι
3686 2826 3870 2863 κοινοί.)⁴

653 2896 785 2961 rer,
841 2896 1116 2966 ἅψασθαι
1145 2900 1244 2953 καί
1306 2900 1674 2969 περιστεῖλαι
1708 2900 1835 2966 ταῖς
1877 2899 2047 2971 ἐμαῖς
2118 2899 2293 2970 χερσί
2332 2901 2440 2953 τὸν
2485 2901 2778 2971 μέγιστον
2806 2904 3215 2971 αὐτοκράτορα
3245 2901 3570 2972 Ῥωμαίων.
3607 2901 3763 2956 Οὕτω
3792 2900 3871 2971 μὲν

651 2987 925 3058 ἐκηδεύθη
949 2990 1254 3059 Πομπήϊος.
1978 3028 1981 3029 ν
3258 2990 3261 2991 ν

725 3077 795 3131 Χ.
831 3077 1014 3133 Caesar
1050 3066 1234 3134 autem
1278 3094 1387 3135 non
1444 3081 1618 3134 multo
1668 3090 1792 3151 post
1839 3082 1891 3136 in
1934 3080 2225 3152 Egyptum

2402 3080 2457 3136 Γ.
2497 3080 2570 3132 Ού
2608 3080 2787 3150 πολλῷ
2809 3080 2853 3133 δ’
2883 3080 3109 3151 ὕστερον
3137 3081 3380 3153 Καῖσαρ,
3417 3081 3588 3135 ἐλθὼν
3610 3083 3692 3145 είς
3722 3081 3871 3148 Δίγυ·

654 3186 783 3228 cum
813 3170 1074 3235 venisset,
1107 3184 1235 3226 eum
1264 3186 1295 3225 a
1334 3188 1445 3243 quo
1476 3174 1529 3228 ei
1560 3181 1725 3244 caput
1752 3174 1998 3247 Pompeii
2019 3175 2223 3229 atl‘ere-

2328 3188 2478 3239 πτον,
2494 3172 2585 3225 τὸν
2609 3173 2706 3242 μὲν
2733 3173 3108 3244 προσφέροντα
3136 3171 3237 3245 τὴν
3255 3174 3497 3244 κεφαλὴν
3523 3174 3797 3245 Πομπηίου
3812 3172 3872 3233 ὡς

658 3264 847 3327 batur,
888 3271 1148 3330 tanquam
1199 3262 1525 3333 parricidam
1569 3272 1654 3320 est
1685 3264 1853 3336 488
1898 3273 2222 3320 aversatus:

2328 3266 2669 3335 παλαμναῖον
2709 3264 3035 3335 ἀπεστράφη
3057 3280 3072 3296 '
3105 3265 3205 3336 τὴν
3239 3264 3299 3318 δὲ
3345 3267 3620 3335 σφραγῖδα
3657 3264 3753 3317 τοῦ
3788 3266 3868 3315 ἀν-

655 3368 715 3411 ct
741 3355 949 3412 annulo
986 3356 1108 3425 ejus
1138 3363 1387 3424 accepto,
1434 3355 1833 3427 illacrymavit:
1872 3356 2139 3410 Achillam
2170 3363 2228 3417 et

2328 3357 2451 3427 δρὸς
2487 3356 2806 3424 δεξάμενος,
2835 3356 3136 3423 ἐδάκρυσεν
3163 3371 3179 3388 ⁵
3223 3355 3476 3426 ’Δχιλλᾶν
3501 3356 3559 3408 δὲ
3588 3356 3677 3408 καὶ
3706 3354 3874 3407 Ποθει-

659 3449 956 3505 [‘liotiunm
1000 3446 1297 3503 interiecit.
1353 3445 1476 3515 Ipse
1524 3461 1622 3500 rex
1667 3446 1991 3500 Ptolemaeus
2038 3445 2228 3515 przelio

2331 3448 2421 3501 νὺν
2451 3447 2714 3501 ἔκτεινεν.
2744 3446 2911 3509 Αὐτὸς
2935 3446 2993 3499 δὲ
3015 3446 3045 3498 ὁ
3072 3446 3330 3517 βασιλεὺς
3366 3444 3723 3513 Πτολεμαῖος,
3746 3445 3875 3515 μάχῃ

624 3576 625 3579 η
662 3549 875 3607 captus,
911 3547 968 3594 et
1005 3538 1074 3593 ad
1111 3538 1313 3593 ﬂumen
1346 3535 1596 3593 sublatus
1621 3544 1725 3592 est.
1755 3536 2073 3591 Theodotus
2100 3551 2229 3591 vero

2329 3538 2577 3606 ληφθεὶς,
2608 3537 2758 3608 παρὰ
2782 3537 2873 3591 τὸν
2897 3535 3141 3608 ποταμὸν
3170 3532 3470 3605 ἠφανίσθη.
3496 3534 3749 3595 Θεόδοτος
3780 3533 3874 3585 δὶό

663 3630 880 3696 rhetor,
916 3640 1029 3684 tum
1060 3630 1284 3699 quidem
1312 3629 1543 3686 Caesaris
1565 3630 1833 3695 ultionem
1860 3613 2055 3695 evasit,
2086 3630 2225 3685 clam

2333 3630 2593 3703 σοφιστὴς
2644 3630 2743 3701 τὴν
2808 3630 2909 3701 μὲν
2964 3631 3029 3683 hc
3078 3629 3361 3701 Καίσαρος
3407 3628 3567 3700 δίκην
3606 3622 3874 3696 διέφυγενι

660 3737 732 3779 ex
770 3720 1008 3791 Aigypto
1038 3720 1290 3789 elapsus,
1314 3728 1371 3775 et
1410 3721 1473 3773 in
1498 3719 1694 3774 humili
1743 3719 1963 3774 fortuna
2020 3720 2229 3776 invisus

2331 3722 2641 3787 ὑπεξελθὼν
2674 3722 2949 3791 Αἴγυπτον
2994 3720 3089 3774 καὶ
3118 3719 3355 3774 ταπεινὰ
3388 3720 3643 3792 πράττων
3670 3718 3767 3771 καὶ
3797 3734 3871 3785 μι-

663 3814 944 3871 omnibus.
972 3809 1079 3866 Sed
1111 3819 1236 3880 post
1263 3824 1296 3864 a
1324 3809 1411 3873 ll.
1444 3810 1611 3865 Bruto
1643 3809 1873 3864 Caesaris
1907 3825 2229 3879 percussore

2336 3812 2595 3882 σούμενος
2620 3827 2634 3841 ⁸
2667 3811 2887 3882 Βρούτῳ
2906 3812 2964 3865 δὲ
2993 3813 3207 3883 Μάρκῳ
3236 3811 3314 3881 τῷ
3339 3810 3598 3881 Καίσαρα
3625 3808 3875 3863 κτείναντι

2335 3902 2655 3975 περιπεσὼν
2697 3903 2756 3956 ὲν
2793 3901 2973 3972 ’Δοίᾳ,
3004 3905 3099 3955 καὶ
3144 3902 3325 3963 πᾶσαν
3369 3901 3555 3954 αἰκίαν
3595 3899 3691 3953 ὑπ’
3727 3896 3871 3951 αὑτοῦ

2335 3998 2623 4061 αἰκισθεὶς,
2650 3995 2986 4066 ἀπεκτάνθη.
3013 3997 3167 4050 Ὅσοι
3197 3994 3257 4049 δὲ
3284 3995 3394 4049 τῶν
3417 3995 3703 4065 Πομπηίου
3727 3992 3872 4061 φίλων

2336 4094 2644 4150 ἑαλώκεσαν
2666 4094 2771 4145 ὑπὸ
2800 4090 2895 4144 τοῦ
2925 4091 3026 4158 τῆς
3064 4088 3342 4157 Αἰγύπτου
3373 4088 3727 4160 κρατοῦντος,
3754 4084 3871 4138 πάνυ

2335 4203 2431 4248 τας
2464 4185 2833 4254 εὐηργέτησεν
2864 4181 2892 4232 ό
2924 4182 3141 4247 Καῖσαρ
3172 4180 3270 4232 καὶ
3294 4176 3700 4250 προσηγάγετο.
3726 4172 3871 4229 Κάκεῖ

665 3907 725 3962 in
755 3906 883 3961 Asia
926 3902 1378 3975 comprehensus,
1409 3909 1469 3957 et
1504 3904 1653 3956 omni
1714 3901 2109 3971 suppliciorum
2137 3918 2234 3973 ge-

664 4011 801 4053 nere
830 3997 1174 4051 excruciatus
1196 3994 1427 4050 interiit.
1468 3993 1751 4064 Quotquot
1783 4002 1968 4050 autem
1988 3994 2234 4065 Pompeii
2274 4031 2280 4037 -

667 4088 832 4141 amici
864 4086 931 4139 ab
954 4086 1169 4156 (Egypti
1212 4095 1442 4157 tyranno
1475 4089 1623 4157 capti
1648 4088 1889 4151 fuerant,
1915 4103 2011 4144 eos
2043 4103 2236 4143 omnes

670 4177 855 4233 Caesar
898 4175 1180 4230 beneﬁciis
1210 4178 1313 4230 sibi
1347 4178 1635 4247 adiunxit:
1674 4188 1729 4234 et
1760 4180 1832 4233 ibi
1864 4195 2084 4248 quoque
2114 4179 2234 4235 bel-

669 4268 785 4321 lum
820 4264 1009 4335 gessit,
1060 4263 1348 4337 Cleopatra
1391 4280 1458 4317 ex
1506 4268 1725 4333 regione
1769 4268 1909 4320 clam
1947 4268 2235 4328 accersita,

2337 4275 2393 4327 δὲ
2420 4272 2652 4341 πόλεμον
2677 4270 3067 4338 συνεστήσατο,
3094 4268 3188 4320 καὶ
3212 4267 3399 4335 κρύφα
3421 4266 3523 4337 τὴν
3543 4265 3872 4333 Κλεοπάτραν
3968 4284 3969 4331 ἦ

3948 2170 3959 2261 i

3954 2266 3957 2291 .

3952 2530 3963 2599 ὲ

3954 2602 3961 2617 l

3958 2638 3963 2669 1

669 4372 795 4427 qua:
826 4373 857 4409 a
910 4355 1143 4409 Photino
1202 4353 1459 4407 eunucho
1511 4363 1568 4408 et
1618 4370 1786 4423 regno
1826 4368 1882 4409 et
1926 4355 2062 4409 urbe
2124 4356 2229 4425 jam

2341 4360 2447 4411 ἀπὸ
2478 4357 2577 4428 τῆς
2607 4358 2790 4428 χώρας
2830 4351 3234 4427 μετεπέμπετο,
3280 4354 3642 4425 ἐκϐληθεῖσαν
3670 4353 3762 4422 ήδη
3793 4351 3871 4416 τῆς

671 4408 845 4519 ejecta
877 4408 1016 4502 erat.
1052 4444 1183 4511 Qua:
1215 4460 1339 4499 cum
1373 4444 1491 4499 solo
1559 4408 1893 4514 Apollodoro
1926 4408 2229 4500 Siculo.co-

2341 4408 2714 4516 scaneili;th
2728 4408 2946 4515 καὶιτῆς
2979 4408 3186 4507 πόλεως
3217 4408 3368 4514 παρὰ
3395 4408 3489 4497 τοῦ
3521 4408 3770 4513 εὐνούέού
3790 4440 3872 4491 llo-

676 4536 807 4595 mite
836 4554 999 4609 parva
1031 4541 1224 4608 cymba
1251 4552 1551 4593 conscensa
1574 4537 1642 4591 ad
1680 4540 1879 4609 regiam
1916 4536 2237 4607 appulisset,

675 4639 734 4684 ct
760 4630 1002 4685 involuta
1052 4629 1291 4698 stragulo
1323 4644 1488 4697 quam
1534 4629 1693 4700 longa
1720 4640 1860 4691 erat,
1908 4639 1963 4684 et
1990 4628 2242 4698 colligata

678 4719 750 4772 ab
769 4720 959 4773 eodem
989 4735 1084 4788 per
1111 4717 1259 4772 fores
1286 4720 1353 4772 ad
1378 4718 1646 4776 Caesarem
1676 4720 1880 4788 perlata
1907 4727 2053 4773 esset
2077 4735 2090 4773 :
2128 4728 2241 4773 tum

681 4809 829 4863 illius
876 4816 1172 4865 commenti
1216 4810 1494 4864 solertiam
1540 4811 1863 4873 admiratus,
1904 4820 2016 4865 tum
2062 4810 2244 4865 suavi-

684 4908 795 4954 tate
830 4916 1039 4956 morum
1089 4912 1145 4957 ct
1183 4903 1369 4970 lepore
1414 4904 1533 4971 ejus
1580 4912 1793 4974 captus,
1851 4918 1971 4958 eam
2002 4912 2059 4957 ut
2086 4903 2243 4973 regni

685 5000 832 5046 esset
858 4994 1148 5061 particeps,
1181 5008 1305 5047 cum
1346 4991 1512 5045 fratre
1555 4994 1949 5048 reconciliavit.
1981 4994 2117 5049 Cum
2147 5008 2247 5046 au~

689 5096 800 5140 tem
837 5084 892 5136 in
922 5085 1173 5137 convivio
1195 5095 1418 5155 propter
1449 5084 1950 5139 reconciliationem
2004 5099 2124 5137 eam
2163 5085 2246 5136 iu-

689 5174 903 5237 stituto,
934 5173 1004 5227 ab
1035 5175 1241 5229 Achilla
1265 5177 1405 5232 duce
1431 5176 1705 5232 exercitus
1731 5186 1788 5229 et
1815 5174 2046 5229 Photino
2072 5190 2229 5229 eunu-

2350 5172 2560 5240 τηθεὶς,
2589 5173 2856 5243 διήλλαξε,
2879 5169 3014 5239 πρὸς
3047 5169 3139 5222 τὸν
3166 5169 3392 5239 ἀδελφὺν
3430 5170 3512 5233 ὡς
3548 5164 3872 5238 συμϐασιλεύο

692 5265 796 5318 eho
824 5266 1051 5319 insidias
1079 5265 1181 5318 sibi
1210 5267 1387 5333 parari
1416 5267 1916 5331 animadvertisset,
1954 5267 2229 5321 Photinun

2359 5266 2583 5317 σουσανὶ
2660 5262 3038 5331 Ἐστιωμένων
3107 5262 3154 5315 δ’
3235 5264 3330 5318 ἐπὶ
3402 5265 3529 5324 ταῖς
3579 5258 3867 5325 διαλλαγαῖς.

696 5356 1005 5411 interfecit:
1064 5356 1302 5411 Achillas
1346 5372 1471 5411 vero
1510 5358 1635 5428 fuga
1664 5360 1907 5427 elapsus,
1943 5373 2103 5428 grave
2139 5356 2229 5409 bell

2358 5353 2653 5423 ἐπιϐουλὴν
2712 5352 2973 5422 φωράσας
3022 5354 3051 5404 ὁ
3109 5355 3328 5425 Καῖσαρ
3389 5350 3756 5423 τυρευομὲνην
3799 5339 3870 5393 ὑπ’

699 5448 810 5501 lum
859 5450 909 5503 ei
958 5450 1159 5503 intulit.
1216 5446 1333 5513 Quo
1382 5455 1623 5517 tempore
1674 5466 1798 5504 cum
1851 5450 2028 5504 Cmsar
2075 5449 2229 5517 igncn

2371 5446 2586 5517 Ἀχιλλᾶ
2614 5444 2706 5497 τοῦ
2741 5442 3047 5512 στρατηγοῦ
3074 5445 3168 5498 καὶ
3210 5442 3467 5497 Ποθεινοῦ
3499 5441 3593 5494 τοῦ
3624 5435 3864 5501 εὐνούχου.

704 5537 860 5591 classi
910 5540 1203 5607 injecisset,
1257 5555 1449 5609 magna
1499 5555 1714 5609 quoque
1767 5541 1855 5594 illa
1920 5539 2229 5593 Bibliothec;

2359 5539 2449 5592 τὸν
2486 5538 2584 5608 μὲν
2610 5534 2863 5589 Ποθεινὸν
2892 5534 3122 5589 ἀνεῖλενο
3166 5534 3415 5605 Ἀχιλλᾶς
3439 5533 3496 5586 δὲ
3524 5532 3704 5601 φυγὼν
3730 5524 3797 5582 είς
3825 5518 3870 5570 τὸ

710 5628 1076 5699 conflagravit.
1121 5632 1421 5689 Commisso
1473 5631 1677 5702 pra'lio,
1708 5632 1777 5686 ab
1807 5647 2000 5701 aggere
2033 5632 2089 5685 in
2120 5631 2224 5685 lem

2364 5628 2725 5701 στρατόπεδον
2769 5625 2938 5697 βαρὺν
2956 5625 3115 5697 αὐτῷ
3146 5625 3472 5696 περιίσσιῖησιΔ
3491 5620 3737 5689 πόλεμον.
3764 5613 3864 5664 Ὅτε

2342 4633 2567 4686 ἀκάτιον
2603 4631 2798 4701 μικρὸν
2844 4630 3087 4699 ἐμϐᾶσα,
3123 4631 3237 4693 τοῖς
3276 4628 3571 4699 βασιλείοις
3614 4626 3871 4696 προσέσχε,

2344 4818 2562 4886 ἑαυτήν.
2619 4815 2679 4866 '0
2733 4813 2791 4866 δὲ
2858 4811 3275 4880 ’Δπολλόδωρος,
3298 4809 3484 4878 ἱμάντι
3533 4809 3787 4879 συνδήσας
3823 4804 3871 4856 τὺ

2346 4906 2859 4976 στρωματόδεσμον,
2903 4901 3208 4972 είσκομίζει
3267 4900 3361 4953 διὰ
3410 4898 3597 4969 θυρῶν
3635 4899 3762 4969 πρὸς
3797 4897 3870 4949 τὸν

2347 4993 2623 5063 Καίσαρα.
2648 4993 2757 5047 Καὶ
2780 4991 2869 5045 διὰ
2888 4989 3047 5044 τοῦτο
3071 4989 3133 5041 τὸ
3155 4989 3402 5059 τέχνημα
3434 4989 3685 5062 λαμυρᾶς
3718 4985 3871 5057 φανεί·

2353 5100 2473 5151 σης.
2513 5085 2608 5137 καὶ
2638 5084 2735 5151 τῆς
2772 5082 2938 5151 ἄλλης
2967 5079 3183 5149 ὁμιλίας
3217 5081 3310 5132 καὶ
3344 5080 3568 5151 χάριτος
3608 5080 3767 5145 αὐτῆς
3792 5080 3868 5144 ip:-

2338 4538 2537 4595 θεινοῦ.
2574 4540 2665 4605 Ἦ,
2701 4540 2797 4593 σὺν
2819 4539 2963 4608 μόνῳ
2978 4537 3057 4608 τῷ
3081 4538 3381 4622 Σικελιῴτῃ
3412 4524 3786 4604 Ἀπολλοδώρῳ
3808 4532 3871 4590 είς
3968 4526 3969 4575 ἶ

2342 4726 2438 4776 καὶ
2468 4726 2547 4786 είς
2589 4696 3079 4791 στρωματόδεσμον
3109 4696 3328 4781 ἐνδῦσα,
3364 4717 3642 4788 προτείνει
3685 4714 3869 4786 μακρὰν
3968 4696 3969 4765 ἶ
