4012 6330
569 455 678 521 835

1849 445 2093 508 JOANN
2108 443 2180 502 IS
2215 441 2534 502 ZONARFE
2609 499 2611 503 .

3683 427 3803 498 836

569 561 867 632 pellaretur
899 577 912 614 :
945 567 1004 614 ut
1039 561 1156 631 ejus
1188 559 1365 629 imago
1395 558 1448 612 in
1495 557 1737 612 nummis
1770 554 2122 623 exsculpere-

2247 549 2410 602 ιοῦσιν
2434 551 2520 602 ἀεὶ
2552 546 2856 618 κεχρῆσθαι
2881 585 2895 609 ,
2929 544 3137 616 πατέρα
3183 561 3239 598 τε
3279 543 3440 597 αὐτὸν
3461 545 3562 614 τῆς
3595 547 3805 618 πατρέτ

573 661 686 714 tur,
728 659 784 704 et
819 650 1014 705 natalis
1046 649 1260 717 publice
1287 647 1667 702 celebraretur
1697 663 1712 698 :
1747 656 1807 699 ut
1835 649 1890 698 ln
1925 645 2125 697 Roma-

575 741 661 794 nis
695 741 838 794 l'anis
894 750 949 794 et
987 741 1243 795 omnibus
1265 741 1496 795 urbibus
1520 740 1639 809 ejus
1666 746 1862 794 statuae
1890 737 2129 792 colloca—

574 840 791 886 rentur.
849 832 955 889 Pro
1005 834 1126 900 ejus
1190 842 1369 886 autem
1421 829 1682 885 tribunali
1737 829 1875 884 duas
1925 837 2132 883 statuas

573 926 915 980 collocarunt
955 926 1230 979 :alteram
1262 925 1332 978 ob
1377 925 1528 978 cives
1575 934 1844 986 servatos,
1897 921 2128 975 alteram

575 1017 649 1070 ob
682 1015 872 1077 urbem
903 1015 1189 1070 obsidione
1238 1015 1548 1078 liberatam,
1607 1027 1811 1067 corona
1857 1012 2030 1066 civica
2078 1019 2135 1064 et

575 1105 907 1162 obsidionali
959 1112 1200 1160 ornatas.
1257 1105 1325 1159 Et
1371 1119 1569 1160 novam
1616 1104 1823 1159 curiam
1874 1101 2135 1157 aediﬁcari

572 1199 879 1268 jusserunt,
911 1213 1028 1267 qua:
1049 1197 1264 1251 Juliana
1289 1196 1356 1251 de
1385 1198 1556 1266 ipsius
1583 1197 1807 1250 nomine
1833 1195 2134 1248 diceretur.

576 1289 981 1358 Censoremque
1019 1304 1142 1342 eum
1174 1290 1352 1343 solum
1382 1296 1440 1342 et
1479 1298 1805 1357 perpetuum
1833 1294 2091 1340 crearunt
2117 1301 2133 1350 ;

580 1381 864 1452 privilegia
896 1381 1241 1434 tribunorum
1272 1380 1321 1433 ei
1366 1378 1642 1433 dederunt
1673 1395 1688 1443 ;
1719 1379 1764 1432 si
1796 1393 1825 1432 a
1859 1391 2134 1446 quoquam

578 1471 726 1525 dicto
756 1469 968 1524 factove
1003 1470 1251 1523 offensus
1279 1478 1444 1534 esset,
1485 1478 1545 1522 ut
1570 1480 1737 1538 caput
1765 1470 1886 1540 ejus
1916 1484 2136 1524 sacrum

580 1571 729 1615 esset
769 1575 831 1614 ac
868 1559 1084 1626 piaculo
1119 1559 1436 1630 obligatum.
1497 1549 1638 1625 Quid
1678 1571 1873 1614 autem
1918 1575 2135 1615 sacrum

580 1666 702 1705 esse
731 1651 1027 1718 signiticet,
1057 1650 1166 1720 jam
1198 1661 1283 1704 est
1313 1666 1338 1701 a
1380 1665 1463 1704 me
1489 1651 1824 1720 expositum.
1859 1651 1977 1706 Jam
2008 1653 2136 1719 quia

583 1741 782 1795 talibus
806 1755 932 1794 eum
967 1739 1131 1793 rebus
1155 1739 1399 1808 gaudere
1431 1740 1758 1805 cernebant,
1805 1752 2052 1794 auratam
2085 1741 2137 1795 ei

582 1832 772 1888 sellam
819 1839 1234 1890 concesserunt,
1281 1838 1338 1882 et
1371 1841 1578 1884 vestem
1631 1846 1738 1898 qua
1805 1831 1938 1884 olim
1984 1846 2140 1900 reges

2227 639 2313 700 δος
2345 638 2727 708 ὀνομάζεσθαι,
2757 637 2853 690 καὶ
2885 637 2941 698 ἐς
2964 635 3023 687 τὸ
3044 634 3292 703 νόμισμα
3327 633 3800 703 ὲγχαράττεσθαι,

2227 728 2464 798 δημοσία
2499 745 2560 780 τε
2600 727 2884 796 ἑορτάζειν
2931 724 3098 778 αὑτοῦ
3133 723 3202 777 τὰ
3237 725 3488 792 γενέθλια
3511 743 3526 756 ο
3587 724 3647 776 εν
3675 726 3804 786 τοῖς

2229 822 2378 889 ναοῖς
2402 836 2458 872 τε
2497 820 2596 888 τῆς
2642 818 2865 887 Ῥώμης
2914 817 3009 870 καὶ
3047 819 3107 870 ἐν
3163 799 3368 880 πάσαις
3401 818 3523 879 ταῖς
3564 816 3807 870 πόλεσιν

2231 910 2549 979 ἀνδριάντας
2574 907 2740 962 αὑτοῦ
2769 908 3042 963 ἵστασθαι.
3083 907 3207 962 Ἐπὶ
3242 907 3300 960 δέ
3328 924 3390 975 γε
3425 907 3519 960 τοῦ
3545 908 3803 977 βήματος

2231 1001 2326 1055 δύο
2352 1001 2516 1054 αὑτοῦ
2543 1001 2866 1067 ἀνδριάντας
2901 999 3212 1069 ἱδρύσαντο.
3278 999 3370 1050 τὸν
3408 999 3505 1066 μὲν
3536 997 3612 1060 ὡς
3660 997 3809 1058 τοὺς

2235 1091 2454 1153 πολίτας
2488 1089 2812 1152 σεσωκότος,
2849 1088 2943 1141 τὸν
2970 1087 3016 1139 δ’
3046 1087 3120 1149 ὼς
3151 1087 3215 1138 ιιι
3249 1084 3569 1152 πολιορκίας
3617 1087 3808 1152 duca-

2238 1182 2398 1250 μένου
2431 1181 2539 1250 τὴν
2555 1181 2729 1236 πόλιν.
2771 1178 3176 1247 Ἑστεφάνωντο
3199 1177 3256 1230 δὲ
3276 1177 3369 1228 καὶ
3395 1175 3565 1243 ἄμφω
3590 1173 3811 1242 στεφά-

2234 1291 2347 1336 νοις
2374 1276 2486 1336 τοῖς
2508 1274 2599 1326 ἐπὶ
2629 1271 2893 1333 τοιούτοις
2929 1268 3362 1337 νενομισμένοις.
3394 1264 3809 1333 Βουλευτήριόι

2235 1380 2295 1416 τε
2331 1363 2520 1416 καινὸν
2567 1359 2996 1430 οἰκοδομηθῆναι
3049 1358 3342 1422 ἐπέταξαν,
3398 1356 3464 1409 ἵν’
3506 1353 3813 1408 Ἰουλιανδν

2237 1457 2330 1507 ἐπὶ
2353 1455 2430 1524 τῷ
2455 1453 2620 1508 αὐτοῦ
2673 1453 2897 1522 κληθείη
2950 1451 3194 1521 ὀνόματι.
3227 1448 3475 1516 Τιμητήν
3504 1464 3562 1498 τε
3591 1445 3691 1498 καὶ
3719 1443 3811 1496 διὰ

2242 1542 2358 1612 βίου
2390 1544 2485 1596 καὶ
2511 1544 2668 1612 μόνον
2689 1541 2850 1594 αὑτὸν
2883 1539 3216 1608 ἐψηφίσαντο
3237 1535 3378 1590 εἶναι
3402 1553 3420 1568 ·
3453 1536 3600 1604 ἔχειν
3626 1533 3683 1586 δὲ
3711 1531 3815 1586 καὶ

2239 1637 2307 1687 τὰ
2336 1634 2442 1686 τῶν
2470 1633 2768 1704 δημάρχων
2795 1631 3069 1700 προνόμια
3092 1646 3107 1661 ο
3132 1631 3228 1683 καὶ
3257 1629 3312 1682 εί
3337 1646 3421 1690 τις
3465 1627 3632 1681 αὑτὸν
3659 1626 3816 1695 ἔργῳ

2239 1725 2760 1796 ήλόγῳύδρίσειεν,
2817 1721 2961 1792 ἱερὸν
3023 1715 3164 1775 εἶναι
3215 1721 3534 1783 ὲθὲσπισαν,
3592 1720 3688 1792 καὶ
3729 1715 3812 1786 τῷ

2242 1820 2363 1887 ἀγει
2394 1817 2696 1889 ἐνέχεσθαι.
2716 1818 2798 1890 ¹Τί
2831 1818 2887 1870 δὲ
2918 1817 2977 1870 τὸ
3010 1817 3155 1887 ἱερὸν
3187 1811 3329 1869 εἶναι
3362 1816 3671 1884 νενόμιστο,
3699 1813 3807 1884 ήδη

584 1923 670 1976 usi
704 1922 942 1984 fuerant,
987 1930 1041 1975 et
1071 1920 1372 1974 custodiam
1411 1935 1478 1974 ex
1507 1922 1749 1988 equestri
1781 1930 1835 1975 et
1864 1922 2141 1976 senatorio

2247 1926 2339 1979 μοι
2378 1910 2786 1979 προαφήγηται.
2825 1908 3096 1976 Χαέροντα
3127 1906 3185 1959 δὲ
3221 1905 3433 1968 τούτοις
3453 1905 3691 1976 δρῶντες
3717 1904 3817 1955 αύ-

585 2013 800 2075 ordine,
834 2023 999 2080 utque
1023 2011 1242 2080 publice
1272 2011 1896 2083 progosupplieationes
1923 2013 2140 2079 ﬂerent,

585 2116 642 2161 et
677 2121 776 2174 per
808 2105 930 2175 ejus
964 2104 1240 2158 fortunam
1267 2105 1571 2172 juraretur,
1620 2113 1677 2159 et
1707 2114 1830 2159 acta
1870 2105 1991 2175 ejus
2024 2114 2143 2160 rata

588 2205 795 2257 essent,
825 2202 1147 2256 sanxerunt,
1175 2203 1232 2248 et
1256 2192 1515 2258 Quintilis
1534 2193 1741 2248 mensis
1773 2196 1844 2248 ab
1873 2209 1940 2249 eo
1968 2195 2146 2251 Julius

596 2287 990 2356 appellaretur.
1025 2285 1152 2338 Hae
1182 2292 1239 2337 et
1269 2283 1374 2336 alia
1405 2284 1585 2352 plura.
1621 2297 1690 2338 ne
1729 2283 1963 2354 singulis
1997 2299 2147 2339 eom-

591 2375 964 2431 memorandis
1020 2375 1282 2429 lectorem
1338 2373 1732 2435 obtundamus,
1781 2374 1834 2427 ei
1889 2358 2145 2429 decreve-

590 2475 743 2520 runt.
776 2463 990 2529 Quibus
1012 2463 1179 2517 rebus
1209 2462 1470 2516 invidiam
1496 2461 1804 2526 hominum,
1841 2462 1924 2517 vel
1961 2463 2148 2532 potius

590 2557 730 2611 iram
759 2555 989 2609 deorum
1013 2547 1277 2623 suscepit,
1303 2553 1613 2622 multosque
1635 2553 1691 2606 in
1726 2569 1784 2607 se
1808 2556 2145 2622 provocavit,

592 2648 770 2702 donec
799 2661 925 2705 eum
964 2645 1174 2700 exitum
1223 2659 1337 2714 quo
1367 2653 1592 2714 repente
1616 2644 1878 2708 concidit,
1909 2655 1995 2700 est
2031 2660 2151 2701 sor-

593 2737 750 2791 titus.
785 2735 923 2791 Cum
956 2736 1031 2790 ita
1063 2736 1388 2791 interfectus
1440 2736 1667 2808 jaceret,
1711 2753 1903 2793 omnes
1949 2739 2044 2807 qui
2072 2737 2147 2792 ibi

595 2825 845 2889 aderant,
881 2825 1108 2891 turbati,
1153 2836 1210 2880 et
1237 2826 1457 2880 consilii
1508 2841 1898 2900 percussorum
1952 2829 2151 2898 ignari,

594 2915 750 2984 quasi
776 2921 832 2990 et
868 2913 969 2980 ipsi
998 2912 1244 2982 periculo
1275 2913 1512 2983 proximi
1546 2913 1824 2984 fugerunt,
1856 2923 1912 2969 et
1938 2923 2153 2968 terren-

597 3003 684 3059 dis
712 3003 892 3058 obviis
926 3003 1117 3057 urbem
1154 3003 1304 3057 luctu
1363 2997 1751 3072 impleverunt.
1808 3003 2040 3059 Civitate
2073 3004 2155 3059 sic

593 3089 811 3154 aﬂ'ecta,
829 3105 1179 3157 percussores
1201 3090 1310 3145 vim
1335 3091 1611 3158 timentes,
1638 3093 1843 3148 strictis
1867 3103 1923 3150 et
1952 3110 2154 3149 cruen-

599 3181 669 3236 tis
703 3180 899 3249 gladiis
931 3195 1030 3250 per
1065 3181 1245 3239 lorum
1272 3182 1330 3236 in
1380 3181 1708 3253 Capitolium
1769 3194 2152 3249 accurrerunt,

596 3270 782 3338 ibique
811 3269 960 3323 diem
1001 3278 1057 3324 et
1084 3280 1304 3326 noctem
1347 3281 1673 3340 exegerunt.
1719 3273 1790 3326 At
1820 3273 2059 3342 Lepidus
2086 3289 2153 3327 eo

597 3359 843 3416 facinore
865 3361 920 3414 in
956 3363 1154 3416 castris
1181 3362 1394 3427 audito,
1425 3363 1560 3418 urbe
1592 3378 1717 3418 eum
1756 3365 2027 3419 militibus
2055 3379 2152 3418 oc-

600 3461 817 3518 cupata,
854 3465 954 3518 pro
990 3451 1260 3506 concione
1295 3451 1348 3504 in
1382 3466 1740 3519 percussores
1771 3464 1856 3508 est
1882 3455 2154 3517 invectus.

602 3528 1082 3596 Antonius'autem
1111 3558 1222 3613 pra:
1249 3552 1400 3598 metu
1448 3544 1690 3610 latitans,
1725 3561 1850 3600 cum
1883 3547 2032 3601 illius
2057 3547 2154 3602 ad-

600 3640 768 3684 ventu
802 3632 1043 3701 cognito,
1068 3638 1122 3686 et
1151 3648 1539 3709 percussorum
1573 3635 1698 3704 fuga
1722 3636 1776 3688 in
1803 3635 2155 3704 Capitolium,

589 3731 880 3792 resumpta
913 3722 1112 3777 ﬁducia
1153 3724 1472 3793 prodiisset,
1526 3736 1582 3778 et
1619 3734 1810 3778 senatu
1858 3735 2158 3780 convocato

606 3812 906 3866 sententias
931 3821 1168 3882 rogaret
1204 3829 1216 3865 :
1257 3813 1448 3868 Cicero
1480 3815 1737 3870 omnibus
1789 3823 1982 3869 auctor
2029 3816 2155 3882 fuit,

608 3909 670 3953 ut
709 3901 916 3955 mutuis
948 3901 1090 3956 odiis
1117 3897 1372 3967 abolitis‘,
1405 3904 1681 3973 utrinQue,
1722 3905 1764 3958 si
1792 3905 1922 3973 quid
1962 3921 2155 3974 pecca-

610 4001 727 4045 tum
756 4000 922 4055 esset,
958 3993 1354 4059 condonarent,
1401 4009 1469 4048 ne
1521 3996 1682 4050 civile
1739 3996 1948 4050 bellum
1997 3996 2195 4073 493,

608 4082 1040 4145 recrudesccret,
1067 4092 1123 4136 et
1155 4082 1306 4137 cives
1350 4099 1379 4136 a
1408 4083 1623 4140 civibus
1652 4087 1944 4141 interirent
1969 4103 1984 4140 :
2023 4103 2159 4141 con-

609 4174 884 4227 sentirent
931 4173 1138 4242 potius,
1175 4183 1233 4227 ut
1273 4174 1564 4243 populares
1614 4184 1670 4230 et
1710 4177 1861 4231 cives
1915 4179 2159 4233 deceret.

609 4264 824 4332 Adjecit
858 4266 1048 4329 etiam,
1093 4277 1210 4320 acta
1246 4266 1498 4333 Caesaris,
1551 4268 1666 4323 sive
1713 4269 1779 4324 ad
1817 4269 2161 4336 donationes,

613 4356 728 4408 sive
759 4355 826 4409 ad
851 4355 1112 4419 honores,
1162 4357 1276 4410 sive
1322 4357 1391 4410 ad
1420 4360 1770 4429 magistratus
1795 4363 2158 4430 pertinerent,

613 4457 730 4500 rata
766 4461 889 4499 esse
925 4456 1202 4515 oportere,
1253 4462 1356 4501 nec
1387 4451 1707 4518 exagitanda
1742 4452 2037 4519 curiosius,
2068 4463 2165 4508 aut

2246 2000 2359 2066 τὸν,
2383 2000 2684 2070 ἐπίχρυσόν
2712 2017 2772 2052 τε
2805 1999 2995 2069 δίφρον
3035 1997 3181 2069 αύτῷ
3213 1997 3422 2063 ἔδοσαν,
3456 1997 3560 2049 καὶ
3613 1994 3812 2063 στολὴν

2247 2086 2279 2165 ᾖ
2307 2091 2471 2145 πάλαι
2498 2090 2736 2161 ἐχρῶντο
2764 2091 2812 2143 οἱ
2847 2088 3294 2159 βασιλεύσαντες,
3330 2088 3423 2141 καὶ
3453 2085 3704 2156 φρουρὰν
3746 2085 3812 2136 ἐκ

2244 2180 2354 2232 τῶν
2389 2180 2599 2232 ἱππέων
2627 2180 2720 2233 καὶ
2749 2181 2814 2232 ἐκ
2850 2179 2957 2231 τῶν
2987 2179 3306 2248 βουλευτῶν,
3339 2176 3594 2247 εὔχεσθαί
3633 2192 3695 2228 τε
3718 2175 3814 2244 δη-

2251 2269 2414 2340 μοσίᾳ
2470 2271 2610 2340 ὑπὲρ
2657 2268 2847 2332 αύτοῦ,
2912 2270 3007 2322 καὶ
3051 2267 3150 2338 τὴν
3202 2269 3376 2340 τύχην
3421 2266 3588 2320 αὑτοῦ
3639 2266 3814 2337 ὀμνύ-

2247 2379 2335 2414 ναι
2374 2360 2508 2429 (7|),
2543 2362 2637 2413 καὶ
2672 2362 2741 2412 τά
2772 2359 3203 2430 πραχθησόμενα
3258 2359 3392 2428 παρ’
3425 2357 3592 2410 αὐτοῦ
3645 2358 3812 2427 κύρια

2245 2454 2543 2522 τυγχάνειν
2576 2452 3004 2523 ἐνομοθέτησαν,
3034 2452 3124 2506 διά
3153 2469 3213 2504 τε
3244 2450 3408 2506 αὐτὸν
3443 2450 3668 2504 Ἰούλιον
3691 2449 3810 2518 (72)

2248 2545 2719 2613 προσηγόρευσαν,
2772 2544 2868 2596 καὶ
2918 2543 3054 2598 ἀλλα
3110 2543 3330 2596 πλείονα
3363 2543 3472 2613 (ἵνα
3496 2542 3556 2594 δὲ
3580 2533 3659 2594 ’τὸ
3690 2540 3816 2594 καθ’

2247 2636 2476 2687 ἑκαστον
2503 2617 2940 2705 ἀπαριθμοῦντες
2963 2634 3057 2686 τδν
3076 2634 3360 2702 ἀκροατὴν
3389 2634 3466 2702 μὴ
3491 2633 3813 2686 ἀποκναίωο

2253 2725 2373 2794 μεν)
2410 2724 2560 2794 αύτῷ
2606 2724 2965 2794 ἐψηφίσαντο.
3003 2723 3095 2788 Ἐξ
3119 2719 3193 2776 ὧν
3231 2724 3519 2792 ἐπίφθονος
3570 2723 3752 2788 ἰδοξεν
3784 2721 3817 2792 ή

2255 2816 2457 2885 μᾶλλον
2487 2817 2813 2884 νεμεσητὸς,
2847 2817 2940 2870 καὶ
2961 2817 3085 2868 καθ’
3115 2815 3312 2869 ἑαυτοῦ
3347 2816 3580 2877 πολλοὺς
3629 2817 3816 2885 διηρέ-

2253 2909 2392 2971 θισε,
2428 2908 2622 2978 μέχρις
2674 2909 2741 2961 ἂν
2789 2910 2872 2968 είς
2923 2906 2986 2959 τὸ
3033 2906 3258 2959 ἐπελθὸν
3300 2904 3452 2974 αύτῴ
3484 2907 3818 2975 κατηντήκει

2252 3002 2425 3064 τέλος.
2458 3001 2566 3054 Καὶ
2591 3002 2619 3054 ό
2667 3001 2766 3071 μὲν
2796 2999 2941 3054 οὕτω
2975 3002 3209 3069 σφαγεὶς
3263 2999 3462 3053 ἔκειτο.
3515 2998 3581 3054 Ol
3617 2999 3670 3052 δὲ
3703 2999 3819 3051 ἐκεῖ

2252 3095 2520 3163 παρόντες
2545 3093 2824 3164 ἄνθρωποι
2860 3078 3105 3159 ἆπάντες
3162 3093 3541 3163 ἐταράττοντο,
3580 3094 3678 3157 τὴν
3711 3090 3820 3142 τῶν

2258 3187 2510 3255 σφαγέων
2532 3186 2853 3254 ἀγνοοῦντες
2872 3185 3137 3251 διάνοιαν,
3165 3187 3260 3238 καὶ
3285 3184 3362 3248 ὡς
3407 3185 3609 3238 αὐτίκα
3637 3184 3816 3252 κινδυ-

2255 3278 2537 3340 νεύσαντες
2567 3278 2824 3347 ἔφευγον,
2857 3278 2952 3330 καὶ
2983 3279 3108 3340 τοὺς
3146 3277 3525 3338 συναντῶντας
3548 3274 3816 3344 ἐξέπλησ-

2259 3386 2372 3433 σον,
2409 3371 2506 3422 καὶ
2540 3369 2754 3440 θρήνων
2803 3369 2902 3438 τὴν
2950 3367 3110 3422 πόλιν
3157 3367 3449 3438 έπλήρουν.
3488 3369 3598 3422 Καὶ
3645 3370 3678 3437 ή
3721 3369 3819 3437 μὲν

2257 3458 2410 3522 πόλις
2439 3457 2581 3511 οὕτω
2610 3458 2862 3524 διέκειτο,
2895 3457 3023 3511 eis:
3062 3461 3312 3526 σφαγεῖς,
3356 3457 3588 3520 δεδιότες
3632 3459 3707 3528 μή
3735 3474 3814 3519 τις

2258 3551 2442 3618 σφίσιν
2490 3550 2772 3620 ἐπίθηται,
2830 3553 3056 3621 γυμνοῖς
3089 3553 3182 3602 καὶ
3215 3550 3554 3621 ᾑμαγμένοις
3596 3553 3710 3612 τοῖς
3744 3550 3816 3612 ξί-

2259 3659 2386 3710 φεσι
2419 3637 2507 3694 διὰ
2551 3642 2652 3710 τῆς
2712 3643 2918 3712 ἀγορᾶς
2960 3642 3264 3704 διελθόντες
3314 3643 3623 3713 ἀνέδραμον
3653 3643 3734 3704 είς
3761 3641 3819 3692 τὸ

2259 3731 2624 3798 Καπιτώλιον,
2684 3734 2803 3787 ἐκεῖ
2857 3750 2916 3785 τε
2955 3733 3054 3802 τὴν
3098 3733 3329 3803 ήμέραν·
3357 3738 3450 3786 καὶ
3509 3735 3609 3803 τὴν
3651 3733 3817 3785 νύκτα

2256 3823 2541 3897 διήγαγον.
2585 3824 2642 3877 Ὀ
2672 3823 2729 3876 δὲ
2758 3821 3012 3887 Λέπιδος,
3044 3823 3101 3876 ὲν
3129 3822 3207 3892 τῷ
3252 3823 3599 3892 στρατοπέδῳ
3635 3822 3815 3891 μαθὼν

2257 3916 2327 3969 τὰ
2355 3916 2721 3985 γεγενημένα,
2749 3913 2942 3977 νυκτὸς
2975 3916 3072 3968 σὺν
3097 3916 3212 3977 τοῖς
3241 3915 3604 3986 στρατιώταις
3660 3913 3813 3968 κατέ-

2257 4006 2413 4071 λαϐε,
2442 4007 2698 4060 καὶκατὰ
2727 4005 2836 4058 τῶν
2868 4005 3125 4074 σφαγέων
3150 4006 3504 4078 ἐδημηγόρει.
3541 4007 3814 4066 ’Δντώνιος

2259 4098 2339 4162 δὲ,
2356 4096 2449 4150 τοῦ
2469 4096 2745 4166 Καίσαρος
2771 4097 3168 4166 ἀναιρεθέντος,
3188 4099 3447 4166 φοϐηθεὶς
3475 4098 3707 4168 ὲκρύδψ
3733 4097 3815 4151 τὸν

2260 4190 2317 4242 δὲ
2332 4187 2559 4242 Λέπιδον
2576 4187 2799 4240 ἐλθόντα
2828 4175 3014 4256 μαθὼν
3042 4190 3132 4241 καὶ
3155 4189 3284 4252 τοὺς
3311 4170 3493 4257 φονεῖς
3517 4191 3600 4254 είς
3619 4195 3680 4244 τὸ
3707 4191 3810 4242 Ka—

2260 4278 2517 4332 πιτώλιον
2536 4279 2716 4344 ὄντας,
2738 4277 3019 4348 θαρρήσας
3039 4277 3256 4348 ἐξῆλθε,
3287 4281 3379 4334 καὶ
3405 4281 3507 4351 τὴν
3526 4283 3815 4351 ’γερουσίαν

2262 4373 2526 4442 ἀθροίσας
2553 4373 2749 4443 ὡμίλει
2792 4374 2953 4442 αὐτῇ,
2975 4375 3071 4426 καὶ
3090 4373 3318 4443 γνώμας
3348 4374 3538 4445 είσῆγε
3580 4378 3718 4446 πρὸς
3748 4375 3809 4427 τὰ

2263 4466 2552 4535 γενόμενα.
2597 4467 2656 4518 ὐ
2675 4466 2734 4518 δὲ
2765 4467 3019 4534 Κικέρων
3042 4466 3441 4536 δημηγορήσας
3483 4469 3672 4522 επεισε
3695 4467 3815 4520 πάν-

613 4536 995 4592 rescindenda.
1027 4537 1120 4591 llis
1154 4538 1469 4592 rationibus
1494 4541 1733 4607 adducti,
1753 4543 1996 4597 omnium
2021 4544 2147 4615 inju-

2267 4575 2364 4622 τας
2403 4557 2478 4628 μὴ
2503 4557 2866 4626 μνησικακεῖν
2891 4555 3164 4624 ἀλλήλοις,
3193 4557 3329 4609 ἀλλά
3352 4557 3455 4610 κάν
3478 4575 3628 4611 τισιν
3652 4559 3813 4630 ήμάρο

553 4671 561 4678 .
616 4628 822 4680 riarum
849 4627 1181 4682 oblivionem
1217 4628 1603 4685 decreverunt.
1640 4633 1999 4693 Percussores
2027 4653 2147 4693 vero

2267 4652 2425 4720 τηταί
2454 4627 2528 4714 τι,
2558 4647 2899 4718 παρόψεσθαι
2939 4640 3120 4710 τοῦτο,
3147 4647 3235 4700 ἵνα
3264 4647 3368 4717 μὴ·
3392 4627 3813 4717 ἐμφύλιος-αὖθις

618 4714 686 4768 de
717 4716 984 4784 Capitolio
1029 4720 1198 4773 verba
1249 4720 1536 4787 facientes,
1592 4725 1860 4781 militibus
1911 4732 2147 4796 promise

2267 4714 2494 4809 γένηται
2529 4714 2763 4806 πόλεμος
2807 4739 2902 4789 καὶ
2938 4735 3046 4788 τῶν
3081 4714 3564 4806 πολιτιῖιννδλε-θρος
3609 4738 3701 4791 ὑπ’
3727 4737 3808 4788 ἀλ-

620 4813 771 4870 runt,
802 4819 861 4859 se
885 4809 1033 4860 nulla
1060 4806 1292 4865 Caesaris
1323 4822 1442 4867 acta
1483 4816 1830 4882 rescissuros,
1853 4832 2030 4889 neque
2052 4821 2147 4875 cui

2272 4806 2448 4898 λήλων
2507 4818 2835 4895 ὀλλυμένων,
2863 4825 3159 4895 ὁμονοῆσαι
3217 4826 3275 4879 δι
3322 4826 3628 4897 ὁμοφύλους
3672 4826 3814 4884 ὂντας

622 4895 1127 4986 (ιλυαιιιᾷίιυίύίιυαιιι
1178 4899 1247 4952 ab
1297 4901 1391 4955 illo
1425 4904 1611 4958 datum
1650 4917 1956 4976 erepturos.
2017 4910 2141 4965 Sedi

2277 4895 2370 4970 καὶ
2404 4920 2704 4985 συγγενεῖς.
2735 4917 2841 4969 Kal
2872 4915 3164 4985 προσέθετο
3201 4915 3313 4969 δεῖν
3339 4895 3434 4970 καὶ
3459 4916 3526 4968 τά
3555 4921 3704 4986 παρά
3730 4912 3810 4966 τοῦ

627 4983 773 5034 tione
803 4984 905 5038 hoc
938 4985 1099 5042 modo
1134 4992 1458 5056 composita,
1511 5009 1619 5046 non
1655 4997 1807 5063 prius
1841 5013 1871 5050 e
1904 4998 2147 5066 Capitoli:

2277 4983 2552 5077 Καίσαρος
2614 4983 2927 5077 πραχθέντα.
2949 5006 3060 5058 εἴτε
3092 5008 3150 5058 ἰν
3183 5006 3413 5075 δωρεαῖς
3443 5006 3477 5076 ἢ
3507 4983 3693 5074 τιμαῖς
3719 4997 3812 5057 εἷεν

626 5073 1043 5168 descenderunt,
1071 5094 1232 5148 quam
1267 5079 1434 5135 ﬁliuni
1466 5082 1656 5151 Lepidi
1681 5096 1737 5140 et
1770 5087 1990 5143 Antonii
2021 5091 2141 5145 obsi

2279 5098 2313 5166 ἢ
2336 5100 2393 5150 ὲν
2418 5073 2610 5168 ἀρχαῖς
2659 5073 2906 5166 ιρυλάξαι,
2933 5098 3027 5150 xa‘t
3051 5099 3126 5168 μή
3149 5114 3201 5151 τι
3225 5073 3428 5150 τούτων
3450 5073 3811 5166 πολυπραγμο-

627 5161 726 5215 des
755 5165 1108 5231 accepissent.
1141 5170 1348 5227 Deinde
1394 5189 1517 5228 cum
1556 5176 1699 5230 lecto
1730 5177 1959 5233 Caesaris
2005 5190 2147 5236 testa

2279 5161 2532 5258 vinost-"li
2580 5161 2900 5258 ἀνατρέψαι.
2941 5161 3257 5251 Πεισθέντες
3305 5185 3397 5241 οὖν
3441 5185 3590 5256 αὐτῷ
3637 5161 3811 5254 μηδενὶ

631 5259 820 5371 Inlenlo
889 5259 1122 5325 populus
1185 5265 1573 5333 cognovisset,
1632 5267 1917 5322 Octavium
1981 5270 2050 5324 ab
2106 5286 2147 5325 ei

2283 5277 2645 5371 μνησικακεῖν
2695 5277 3048 5345 ἐψηφίσαντο.
3103 5275 3215 5330 Καὶ
3265 5276 3314 5329 ol
3370 5277 3599 5345 σφαγεῖς
3628 5275 3682 5326 δὲ
3715 5271 3809 5371 τοῖς

632 5341 939 5410 adoptatum
972 5363 1112 5414 esse,
1145 5363 1201 5406 et
1231 5355 1542 5423 reipublica:
1570 5373 1818 5422 munera,
1869 5369 1925 5413 et
1960 5361 2147 5416 viritin

2281 5341 2634 5433 ἔτρατιώταις
2687 5341 2998 5433 ὁμιλοῦντες
3047 5365 3111 5419 ἐκ
3146 5364 3238 5420 τοῦ
3279 5341 3631 5421 Καπιτωλίου
3669 5360 3810 5434 μηδὲν

1756 5469 1958 5532 Variis
1998 5471 2304 5537 lectiones
2347 5483 2408 5538 et
2453 5485 2641 5538 notae.

998 5582 1185 5661 at)an
1237 5586 1421 5661 αύτοῦ
1446 5590 1716 5661 ὀμνύναι.
1778 5588 1880 5643 Per
1909 5592 2147 5658 fortunam

2356 5569 2466 5661 (τί)
2497 5593 2598 5646 Διά
2644 5611 2706 5650 τε
2750 5597 2932 5650 om
2993 5577 3264 5654 Ἰούλιον.
3298 5599 3387 5654 Sic
3432 5615 3560 5654 mss.
3605 5594 3807 5653 Wolﬁus

640 5644 881 5702 LfPsaris,
915 5644 1138 5721 “unum
1171 5655 1329 5706 vcrtit
1361 5673 1375 5708 :
1431 5644 1624 5713 In'elius
1655 5660 1793 5715 forte
1825 5644 1919 5725 per.
1951 5644 2147 5730 grauida

645 5706 708 5754 dc
759 5722 860 5754 uua
921 5715 1142 5754 ItItnnnI-.
1197 5725 1562 5754 ιιι-ηριι1.ι.ιι1..η
1625 5745 1732 5754 ...υ-,ε
1769 5731 1974 5754 ...αι-..-ιη
2031 5732 2046 5754 1
2093 5750 2147 5754 __

2287 5644 2592 5754 legenduim
2615 5675 2820 5726 censet,
2854 5668 3021 5750 6251's:
3057 5669 3233 5754 αὑτὸνΑ
3263 5668 3354 5720 τὸν
3382 5670 3709 5750 Ιςουῖντίλιιον
3734 5665 3806 5712 τὸν

652 5715 708 5754 ¹¹⁰
759 5722 860 5771 ‘Wa
921 5715 1144 5790 "'"mu'u
1197 5725 1563 5780 «'nnsuI—endus
1625 5745 1733 5797 prae
1766 5715 1977 5783 caéteri's'
2022 5715 2147 5788 Joan

652 5775 801 5835 κομι.
827 5777 1192 5840 "amt-Hiian
1220 5791 1314 5844 lib.
1355 5793 1427 5844 De
1473 5796 1839 5844 iureiurando-
1873 5814 1988 5844 mn-
2026 5803 2087 5844 15'

2292 5715 2434 5799 μῆνα
2461 5715 2684 5786 Ἰούλιον
2713 5715 3184 5807 ﬂammai;
3199 5715 3486 5808 ’,1ιὶιόέὲῐᾶ
3500 5715 3688 5792 ’νὲἑῖἶιζ

1355 5793 1427 5844 De
1464 5793 1840 5865 jurejurando,
1873 5814 1988 5863 cap.
2026 5803 2107 5857 l5.
