4028 6334
182 458 295 524 353
1473 464 1773 526 ANNAIJl

1831 465 1871 521 ll
1921 468 2058 524 LIB.
2106 468 2178 526 Χ.
3321 461 3422 524 854

186 569 285 622 καὶ
314 569 592 635 γυναικός.
628 569 788 641 Λόγῳ
822 571 922 640 μὲν
955 570 1063 640 γὰρ
1099 571 1155 624 τὸ
1186 571 1411 624 δέκατον
1445 573 1540 641 τῆς
1573 571 1764 632 οὐσίας

1835 617 1838 628 .
1868 571 2016 625 aliud
2049 573 2438 641 excogitatum.
2486 572 2673 627 Cuivis
2728 573 3153 635 concedebatur.
3187 575 3229 628 si
3268 574 3426 627 bonis

185 658 323 726 παρ’
356 658 585 712 ἑκάστου
614 660 764 730 σφῶν
798 662 1160 731 εἰσεπράχθη,
1193 661 1339 732 ἔργῳ
1376 663 1475 725 μὲν
1513 680 1594 714 τοι
1641 661 1764 714 οὐδὲ

1868 665 2123 720 omnibus
2171 665 2450 728 cessisset,
2493 674 2552 717 ut
2613 664 2825 717 tertiam
2861 676 3066 733 partem
3126 674 3420 733 repetere'.

184 748 249 800 τὸ
284 747 512 803 δέκατον
539 751 867 822 κατελείφθη
898 753 1023 809 τινί.
1085 753 1196 805 Καὶ
1229 754 1416 821 ἕτερον
1452 753 1508 805 δέ
1541 771 1592 804 τι
1642 755 1762 804 ἐπι-

1871 757 1972 810 hoc
2004 769 2105 817 ρει,
2144 765 2201 808 ιιι
2255 755 2389 808 nihil
2435 756 2723 823 reciperet,
2775 766 2829 808 et
2865 756 3138 822 negotium
3182 757 3282 809 sibi
3323 755 3421 823 ipsi

191 841 441 908 νενόητο.
499 841 588 909 Τῷ
621 841 752 912 ⁴γὰρ
807 842 1119 914 βουλομένῳ
1174 843 1394 912 ἐνεδόθη
1431 845 1609 911 πάσης
1669 844 1766 911 τῆς

1871 847 2186 902 lacesseret.
2221 843 2355 900 Nam
2398 847 2488 915 qni
2525 846 2680 916 503
2722 847 2933 899 duabus
2960 847 3205 915 partibus
3235 848 3281 899 vi
3317 863 3424 898 ma-

184 931 383 994 οὺσίας
413 932 664 986 ἐκστάντι
691 935 751 988 τὸ
779 935 966 1006 τρίτον
999 936 1136 1003 μετὰ
1172 935 1348 988 ταῦτα
1402 934 1559 997 αὖθις
1599 939 1762 989 ἁπαι-

1869 939 2063 993 nil‘esta
2096 939 2494 1007 spoliabantur,
2531 939 2746 992 tertiam
2786 953 2895 1007 quo
2926 946 3083 1006 pacto
3115 954 3429 1006 recuperas-

188 1024 360 1092 τῆσαι
416 1026 609 1093 αὐτῆς,
641 1028 884 1081 τουτέστι
928 1029 1062 1098 μήτε
1095 1027 1302 1090 λαϐεῖν,
1337 1028 1430 1080 καὶ
1461 1029 1765 1097 πράγματα

1868 1033 2034 1088 sent?
2072 1031 2190 1086 Alia
2221 1032 2459 1100 denique
2492 1032 2723 1099 plurima
2755 1040 2898 1096 tum,
2949 1031 3166 1100 quibus
3197 1032 3260 1083 ad
3299 1047 3424 1097 ege-

187 1119 362 1185 σχεῖν.
385 1119 444 1169 Οἱ
467 1120 573 1187 γὰρ
597 1119 688 1190 βία
719 1121 786 1172 τὰ
809 1121 902 1173 δύο
937 1123 1075 1191 μέρη
1107 1120 1407 1191 συλώμενοι
1444 1121 1762 1191 προφανῶς,

1869 1133 2064 1178 statem
2103 1123 2505 1190 redigerentur.
2561 1122 2876 1176 hominibus
2942 1131 3070 1176 sunt
3130 1121 3421 1189 imposita:

186 1207 310 1267 πῶς
340 1207 405 1258 ἂν
445 1208 506 1260 τὸ
540 1209 723 1274 τρίτον
757 1210 1036 1265 ἀπέλαϐον
1067 1227 1080 1277 ;
1129 1211 1225 1263 καὶ
1257 1202 1392 1264 ἄλλα
1428 1209 1486 1262 δὲ
1538 1210 1766 1261 πλεῖστα

1868 1216 1998 1268 solis
2051 1217 2114 1268 iis
2141 1215 2230 1282 qui
2283 1230 2430 1268 arma
2485 1225 2752 1278 tenerent,
2776 1215 2981 1269 divitiis
3004 1214 3423 1268 alundantibus.

173 1286 310 1359 ’τοῖς
353 1296 663 1364 ἀνθρώποις
691 1300 815 1352 τότε
865 1301 1002 1370 πρὸς
1040 1301 1230 1353 πενίαν
1260 1301 1458 1364 αὐτοὺς
1505 1300 1764 1352 συνελαύ-

1870 1307 2004 1360 Dum
2040 1309 2151 1360 l.a:c
2183 1305 2453 1360 triumviri
2489 1308 2715 1375 agitant,
2745 1307 2934 1362 eadem
2969 1321 3131 1376 opera
3163 1306 3424 1360 C:esarem

187 1403 356 1438 νοντα
416 1389 788 1456 ἐπενήνεκτοο
847 1393 998 1460 μόνοι
1054 1393 1107 1445 δὲ
1148 1394 1197 1445 οἱ
1248 1394 1315 1445 τὰ
1357 1393 1495 1445 ὅπλα
1557 1392 1767 1459 ἔχοντες

1870 1399 2184 1454 defunctum
2221 1408 2442 1461 ornant,
2482 1400 2666 1454 multis
2693 1400 2741 1452 ei
2777 1400 3047 1468 variisque
3078 1398 3310 1451 decretis
3341 1398 3431 1448 bo-

186 1477 700 1543 ὑπερεπλούτησιν.
757 1475 943 1542 Οὕτως
979 1481 1029 1532 oi
1060 1480 1254 1550 ἄνδρες
1290 1482 1336 1532 οί
1370 1485 1518 1549 τρεῖς
1570 1482 1766 1531 ἐκείνοι

1870 1493 2117 1545 noribus.
2185 1492 2277 1546 llis
2329 1493 2493 1546 rebus
2550 1491 2834 1552 confectis,
2893 1491 3124 1560 Lepidus
3183 1491 3233 1543 in
3295 1491 3444 1541 urbe-

187 1566 434 1629 ἐποίουν,
470 1573 561 1621 καὶ
593 1569 711 1638 ἅμα
734 1572 826 1622 τὸν
862 1572 1117 1640 Καίσαρα
1147 1572 1466 1623 ἐκεῖνοντὸν
1498 1573 1766 1640 πρότερον

1871 1583 2088 1643 mansit,
2139 1592 2197 1636 ιιι
2251 1584 2476 1637 Romam
2507 1593 2562 1636 et
2598 1583 2804 1636 Italiam
2840 1583 3213 1649 gubernaret:
3253 1582 3429 1636 Cassar

185 1657 582 1724 ἁπεσέςινυνον,
622 1662 712 1712 καὶ
763 1663 928 1729 τιμὰς
988 1663 1245 1723 ποικίλας
1299 1680 1354 1714 τε
1410 1664 1503 1714 καὶ
1559 1664 1767 1721 πολὰς

1869 1685 1922 1726 et
1953 1673 2223 1728 Antonius
2274 1685 2467 1728 contra
2499 1674 2727 1726 Brutum
2758 1685 2807 1726 et
2846 1673 3093 1727 Cassium
3143 1681 3271 1725 sunt
3309 1688 3430 1740 pro-

189 1749 348 1816 αὖτῷ
380 1750 734 1818 ἐψηψίσαντο.
773 1753 922 1821 Πράξ
937 1771 1084 1814 ιντες
1121 1755 1176 1806 δὲ
1210 1754 1382 1806 ταῦτα
1410 1751 1640 1813 Λέπιδος
1669 1755 1769 1822 μὲν

1873 1767 2015 1819 fecti.
2050 1765 2306 1830 Quicum
2354 1766 2620 1821 Cmsarem
2664 1765 2950 1820 Octavium
3002 1779 3181 1818 rerum
3245 1763 3423 1828 potiri.

188 1843 248 1890 ἐν
297 1841 482 1912 Ῥώμῃ
527 1843 630 1912 τήν
685 1859 741 1893 τε
800 1845 955 1894 πόλιν
1008 1845 1102 1896 καὶ
1159 1847 1257 1914 τὴν
1310 1847 1477 1914 ἄλλην
1537 1846 1769 1898 Ἰταλίαν

1834 1903 1840 1922 ,
1871 1866 1923 1908 et
1957 1855 2164 1922 plebem
2204 1855 2306 1907 sibi
2341 1854 2619 1908 devincire
2651 1855 2792 1906 velle
2842 1852 3220 1906 audivissent:
3262 1852 3425 1905 liber-

187 1931 396 1994 διάξων
446 1934 708 2002 ὑπέμεινε
731 1950 746 1964 '
771 1949 775 1955 ·
802 1936 1022 2004 Καῖσαρ
1065 1936 1120 1987 δέ
1153 1937 1249 1987 καὶ
1297 1937 1581 1999 Ἀντώνιος
1628 1941 1768 1992 κατὰ

1873 1900 1923 1908 ν-
1957 1900 2164 1922 νην---
2204 1900 2306 1907 --_.
2343 1900 2618 1908 --φωνην
2664 1900 2790 1906 ---η
2843 1900 2968 1905 _.___
3013 1900 3213 1906 ---νην

1836 1905 1981 1998 Ltate.
2032 1944 2217 2012 patriae
2269 1942 2576 2011 desperata.
2629 1953 2770 1994 n‘etu
2829 1941 2972 1992 illius
3025 1938 3250 1992 Athenis
3284 1939 3427 1990 vixe-

197 2023 300 2074 τοῦ
335 2025 567 2093 Βρούτου
603 2028 695 2078 καὶ
724 2027 1096 2080 τοῦ.Κασσὶου
1128 2030 1768 2097 ἐστράτευσαν.“Εκείνοι

1876 2045 2040 2088 runt:
2108 2034 2502 2103 splendideque
2551 2033 2616 2085 ab
2669 2030 3093 2085 Atheniensibus
3145 2037 3272 2083 sunt
3334 2044 3427 2082 ex-

191 2117 332 2180 τὰρ,
395 2115 489 2166 τὸν
547 2116 797 2186 Καίσαρα
847 2117 936 2168 τὸν
996 2118 1279 2170 Ὀκτάϐιον
1335 2118 1602 2186 μαθόντες
1661 2122 1768 2172 τῶν

1871 2125 2035 2194 ουριί,
2087 2125 2245 2177 mrcis
2295 2125 2492 2177 statuis
2539 2123 2798 2185 decretis,
2856 2130 2916 2174 ut
2965 2117 3352 2189 Aristogitonis
3379 2125 3432 2171 et

192 2208 547 2275 πραγμάτων
601 2209 1124 2277 ἀντιλαμϐάνεσθαι,
1179 2211 1386 2264 καὶτὸν
1416 2212 1602 2280 ὅμιλον
1640 2229 1767 2278 σφε-

1873 2213 2150 2268 ll-trmodii
2227 2215 2690 2285 tyrannicidarum
2762 2211 3149 2265 imitatoribus.
3227 2208 3431 2262 Deinde

188 2298 524 2366 τερίζεσοαι,
551 2299 648 2368 τήν
676 2317 732 2351 τε
757 2301 1131 2369 δημοκρατίαν
1159 2303 1414 2368 ἀπέγνων
1445 2305 1540 2355 καὶ
1563 2305 1772 2355 ἐκεῖνον

1873 2315 2150 2360 crescente
2177 2307 2415 2374 potentia
2445 2305 2694 2367 Caesaris,
2747 2303 2970 2357 Cassius
3003 2301 3068 2354 ad
3101 2299 3432 2369 Syros..qui-

194 2390 533 2457 φοϐηθέντες
560 2393 618 2442 ὲν
670 2392 922 2461 Ἀθήναις
949 2394 1218 2460 ἐγένοντο.
1254 2396 1362 2446 Καὶ
1399 2397 1447 2446 οἱ
1495 2396 1772 2463 Ἀθηναῖοι

1877 2401 2100 2450 boscum
2139 2397 2482 2450 familiaritas
2506 2397 2553 2449 ei
2590 2395 2982 2453 intercedebat,
3011 2403 3093 2447 est
3119 2393 3428 2461 profectus:

196 2484 347 2545 6,5;
407 2482 672 2559 λαμπρῷς
739 2482 1083 2548 ὑπεδέξαντο,
1147 2485 1241 2538 καὶ
1302 2487 1514 2548 εἰκόνας
1567 2488 1772 2555 χαλκᾶς

1875 2490 2072 2542 Brutus
2125 2487 2338 2542 Grtecos
2390 2497 2444 2539 ct
2494 2484 2817 2538 Macedones
2853 2483 2952 2535 sibi
2987 2481 3255 2550 adjunxit,
3295 2496 3431 2547 quos

192 2575 390 2636 αὐτοῖς
421 2574 773 2644 ἐψηφίσαντο,
791 2575 862 2637 ὡς
883 2577 1007 2638 τοὺς
1043 2576 1172 2646 παρ’
1202 2577 1387 2639 αὐτοῖς
1411 2580 1770 2646 τυραννοκτὸ-

1879 2595 1989 2634 tum
2027 2582 2096 2635 ob
2132 2595 2310 2633 rerum
2342 2588 2616 2648 gestarum
2662 2578 2910 2646 gloriam,
2965 2584 3077 2628 tum
3115 2575 3183 2627 ob
3210 2573 3429 2636 milites,

195 2680 334 2725 vcv;
378 2663 673 2732 ζηλώσασι,
721 2665 812 2717 τὸν
865 2666 1150 2736 Ἀρμόδιον
1181 2667 1325 2734 λέγω
1366 2670 1457 2720 καὶ.
1488 2671 1576 2720 τὴν
1629 2669 1773 2738 Ἀρι-

1877 2672 1968 2742 qni
2000 2674 2191 2739 partim
2219 2688 2245 2724 a
2281 2672 2588 2725 Pharsalica
2624 2686 2797 2738 pugna
2832 2669 2900 2722 ibi
2932 2669 3282 2728 oberrabant,
3311 2681 3432 2734 par-

199 2755 541 2817 στογείτονα.
606 2752 736 2808 Εἶτα
784 2758 1080 2826 πυθόμενοι
1118 2761 1209 2808 ἐπὶ
1263 2760 1445 2823 μεῖζον
1489 2760 1578 2810 τὸν
1635 2761 1770 2812 Καί-

1879 2768 1972 2816 tim
2007 2780 2070 2817 ex
2105 2763 2392 2816 Dolabella:
2429 2761 2672 2830 reliquiis
2696 2761 2914 2821 ascTtos.
2951 2759 3144 2827 partim
3173 2758 3240 2809 ob
3273 2771 3432 2825 pecu-

164 2844 354 2914 ’σαρα
408 2845 677 2915 αίρεσθαι,
710 2844 738 2897 ὅ
792 2847 891 2914 μὲν
925 2849 1163 2908 Κάσσιος
1209 2848 1345 2916 πρὸς
1395 2849 1518 2910 τοὺς
1571 2849 1755 2916 Σύρου

1879 2856 2021 2909 niam
2065 2873 2092 2909 a
2127 2854 2398 2907 Trebonio
2427 2870 2489 2907 ex
2521 2854 2645 2908 Asia
2689 2853 2932 2915 missam,
2966 2853 3111 2906 dicto
3150 2851 3435 2904 audientes

198 2935 439 3004 ὥρμησε
479 2924 725 3005 συνήθεις
773 2936 936 2998 δντας
992 2935 1162 3004 αὐτῷ·
1225 2936 1460 3004 Βροῦτος
1496 2936 1550 2988 δέ
1579 2939 1680 3005 τήν
1715 2955 1772 2988 τε

1881 2944 2088 2996 habuit.
2152 2942 2359 2996 Grmcia
2414 2945 2551 2998 citra
2599 2945 2840 2997 laborem
2898 2944 3173 3012 adjuncta.
3237 2939 3432 2992 deinde

213 3024 451 3079 Ἐλλάδα
489 3027 584 3104 και
615 3027 712 3097 τὴν
744 3027 1086 3079 Μακεδονίαν
1129 3027 1378 3093 συνίστη,
1435 3029 1528 3077 καὶ
1561 3031 1776 3090 προσεῖ-

1877 3035 2192 3088 Macedonia
2225 3050 2444 3104 quoque
2472 3035 2620 3088 omni
2651 3045 2705 3089 et
2734 3035 2898 3103 Epiro
2929 3033 3115 3085 ascitis
3142 3051 3151 3084 :
3193 3041 3310 3083 aeta
3340 3045 3431 3082 sua

200 3134 302 3185 χον
345 3118 496 3188 αὐτῷ
528 3101 591 3171 ἐκ
631 3136 689 3170 τε
742 3121 840 3187 τῆς
877 3119 1037 3189 δόξης
1087 3118 1193 3171 τῶν
1224 3121 1651 3188 πεπραγμένων,
1686 3121 1774 3171 καὶ

1877 3130 1941 3182 ad
1973 3140 2223 3182 senatum
2257 3130 2598 3199 perscripsit.
2630 3129 2730 3194 Qui
2761 3145 2882 3181 eum
2915 3127 3183 3181 C:e.sarcm
3215 3140 3434 3191 suspee-

199 3210 286 3260 ὃτι
326 3211 418 3262 καὶ
458 3210 800 3279 στρατιώτας
845 3214 1072 3280 συχνοὺς
1103 3213 1228 3274 τοὺς
1265 3212 1360 3280 μὲν
1396 3215 1457 3264 ἐκ
1487 3211 1586 3276 τῆς
1638 3214 1775 3279 πρὸς

1842 3235 1846 3281 ι
1882 3231 1993 3274 tum
2039 3221 2285 3278 haberet.
2345 3236 2471 3273 eum
2525 3218 2876 3278 collaudavit,
2913 3230 2958 3269 et
2995 3217 3109 3269 loca
3145 3215 3231 3267 illa
3257 3213 3433 3266 omnia

200 3302 476 3371 Φαρσάλῳ
515 3305 690 3372 μάχης
722 3306 837 3356 ἐκεί
860 3321 959 3356 τ.ου
989 3304 1536 3371 περιπλανωμένους,
1567 3305 1687 3365 τοὺς
1721 3304 1775 3355 δὲ

1881 3325 2066 3366 tenere.
2115 3314 2295 3382 jussit.
2330 3313 2483 3367 Unde
2511 3324 2559 3365 et
2604 3312 2718 3378 ipse
2753 3311 2927 3362 factus
2974 3318 3056 3360 est
3100 3307 3348 3360 alacrior.
3383 3314 3435 3354 et

203 3391 303 3444 καὶ
339 3394 404 3444 ἐκ
460 3393 568 3445 τῶν
614 3394 692 3462 τῷ
754 3395 1052 3464 Δολοϐέλλᾳ
1094 3394 1520 3458 συνεξελθόντων
1567 3395 1778 3445 ὑπολει-

1879 3405 2124 3458 subditos
2155 3405 2288 3458 citra
2326 3404 2701 3471 exceptionem
2753 3399 3018 3452 obnoxios
3076 3397 3262 3450 habuit
3323 3395 3416 3447 Ce-

203 3485 442 3552 φθέντας
467 3485 787 3554 προσλαϐὼν
812 3481 947 3554 κίχε,
980 3486 1075 3538 καὶ
1114 3487 1372 3555 χρήματα
1407 3485 1462 3537 δέ
1493 3488 1540 3537 οἱ
1574 3489 1635 3536 ἐκ
1681 3487 1776 3551 τῆς

1879 3509 1999 3547 sare
2029 3503 2208 3547 autem
2255 3495 2438 3546 liomze.
2482 3493 2591 3562 jam
2649 3491 2985 3550 dominante,
3033 3499 3081 3540 et
3118 3487 3283 3553 patris
3314 3493 3436 3552 per-

217 3575 409 3637 Ἀσίας
474 3575 627 3643 παρὰ
672 3577 763 3627 τοῦ
817 3577 1129 3643 Τρεϐωνίου
1174 3575 1502 3630 ἀπέσταλτο.
1549 3576 1622 3626 Τδ
1683 3575 1778 3642 μὲν

1882 3600 2133 3638 eussorcs
2163 3594 2348 3652 aperte
2378 3585 2671 3636 ulciscente
2709 3602 2717 3632 :
2755 3597 2870 3655 guo
2903 3589 3058 3648 pacto
3095 3578 3238 3629 illius
3270 3577 3438 3640 impc-

203 3668 306 3720 οὖν
377 3667 687 3734 Ἑλληνικὸν
740 3669 957 3731 ἀπόνως
1009 3669 1474 3738 προσεποιήσατο,
1531 3667 1627 3718 καὶ
1685 3666 1780 3734 τὴν

1872 3686 1993 3730 “tum
2027 3678 2368 3746 propulsaret
2395 3675 2658 3744 cogitans,
2700 3672 2917 3725 cvitatis
2955 3669 3165 3721 insidiis
3191 3666 3292 3718 sibi
3331 3666 3438 3717 fac-

205 3758 558 3811 M1x180viav
594 3759 651 3810 δὲ
683 3760 820 3827 μετὰ
850 3760 1010 3811 τοῦτο
1050 3761 1229 3812 πᾶσαν
1262 3761 1355 3811 καὶ
1383 3760 1480 3826 τὴν
1515 3760 1780 3823 Ἤπειρον

1885 3771 1972 3831 tis,
2030 3771 2081 3822 in
2133 3768 2472 3836 superiorem
2531 3762 2896 3816 Macedoniam
2932 3776 3056 3813 cum
3101 3757 3434 3811 validissima

164 3882 168 3884 γ
208 3848 540 3916 προσλαϐὼν
571 3851 638 3915 τῇ
679 3848 938 3917 γερουσίᾳ
982 3848 1286 3908 ἐπέστειλε,
1313 3848 1377 3898 τὰ
1411 3846 1755 3914 ’πεπραγμένέ

1874 3867 2034 3927 parte
2065 3859 2341 3925 copiarum
2374 3853 2662 3912 eonces.~it,
2693 3862 2855 3920 atque
2888 3849 3011 3902 inde
3048 3850 3099 3902 in
3133 3848 3311 3900 Asiam
3345 3862 3437 3896 na-

206 3940 415 4007 δηλῶν.
449 3940 510 3990 Oi
545 3939 598 3990 δέ
637 3940 851 4008 (ἔτυχον
899 3939 1007 4007 γὰρ
1051 3939 1172 3990 τότε
1220 3939 1474 4002 ὑπόπτως
1519 3939 1651 4007 πρὸς
1688 3938 1781 3989 τὸν

1883 3949 2105 4017 vigavit.
2134 3964 2199 4001 ne
2236 3947 2470 3999 militum
2506 3945 2640 3998 tides
2672 3945 3038 3997 Romanarum
3070 3952 3252 3992 rermu
3297 3936 3435 3988 fama

211 4030 478 4099 Καίσαρα
516 4029 753 4099 ἔχοντες)
785 4033 878 4084 καὶ
919 4030 1190 4101 ἐπῄνεσαν
1221 4031 1409 4093 αὐτὸν,
1439 4031 1534 4084 καὶ
1564 4032 1783 4084 πάντων

1885 4041 1948 4093 ad
1986 4048 2248 4093 terrorem
2283 4037 2604 4106 ampliﬁcata
2641 4044 2965 4087 mutaretur.
3022 4033 3215 4084 Postea
3248 4029 3297 4078 in
3329 4028 3428 4079 En-

208 4123 409 4190 ἄρχειν
435 4122 544 4172 τῶν
581 4123 758 4174 ἐκεῖσε
801 4124 1113 4175 ἐκέλευσαν..
1172 4124 1483 4177 Κάντεῦοεν
1517 4126 1683 4186 αὑτός
1724 4143 1781 4176 τε

1887 4144 2072 4196 ropam
2108 4129 2288 4185 rediit.
2335 4141 2597 4179 novarum
2642 4138 2821 4177 rerum
2856 4130 3000 4173 metu
3057 4119 3256 4171 Eodem
3305 4126 3431 4168 tem-

208 4212 410 4278 γέγονε
465 4212 892 4282 προθυμότερος,
944 4215 1038 4265 καὶ
1089 4214 1315 4265 ὑπεῖκον
1359 4215 1782 4281 ἀπροφασίστως

1886 4231 2014 4284 pore
2039 4215 2257 4268 Cassius
2287 4228 2504 4282 quoque
2539 4213 2604 4266 ad
2644 4212 2976 4271 Trebonium
3029 4211 3082 4263 in
3131 4209 3310 4262 Asiam
3340 4218 3417 4259 tra

211 4301 422 4368 ἔσχηκε
477 4302 537 4352 τὸ
598 4303 1072 4369 ὑπήκοον.·Ἐπεὶ
1137 4302 1193 4355 δὲ
1249 4306 1276 4356 ὁ
1342 4305 1558 4374 Καῖσαρ
1614 4308 1670 4358 ἐν
1718 4310 1782 4378 τῇ

1880 4308 2032 4378 jecit.
2063 4322 2091 4360 a
2124 4323 2232 4376 quo
2264 4306 2516 4374 pecunia,
2550 4306 2736 4359 multis
2765 4305 3061 4372 equitibus,
3096 4314 3147 4356 et
3178 4301 3439 4369 militibus

225 4391 424 4462 Ῥώμῃ
467 4409 528 4445 τε
575 4393 935 4464 ἐνηυθέντησε
990 4395 1082 4447 καὶ
1127 4397 1251 4459 τοὺς
1286 4394 1380 4463 τοῦ
1426 4397 1630 4467 πατρὸς
1671 4399 1782 4450 ἐτι-

1885 4398 2166 4452 ειῦἰιείιίιι
2214 4406 2267 4449 et
2300 4396 2425 4450 Asia
2479 4395 2741 4464 acceptis,
2801 4395 3096 4447 Tarsenses
3127 4393 3208 4445 vel
3240 4392 3439 4443 invitos

218 4486 465 4553 μωρεῖτο
525 4487 754 4553 σφαγεῖς
792 4486 1084 4554 ⁸φανερῶς,
1165 4487 1386 4539 ἐσκόπει
1451 4488 1564 4557 ὅπη
1625 4488 1784 4539 αὑτὸν

1890 4492 1940 4542 in
1969 4505 2118 4545 suam
2151 4490 2466 4543 societatem
2499 4489 2776 4557 pertraxit.
2815 4486 2941 4539 lude
2981 4485 3033 4536 in
3073 4483 3281 4553 Syriam
3319 4497 3440 4548 pro-

213 4575 444 4627 ἐπιόντα
466 4576 767 4643 -ἀμὺναιτο,
803 4577 895 4628 καί
927 4592 1076 4637 τινας
1107 4576 1398 4638 ἐπιϐουλὰς
1430 4578 1568 4646 πρός
1619 4594 1780 4629 τινων

1850 4576 1859 4620 l
1889 4578 2083 4644 fectus,
2115 4593 2307 4631 omnes
2343 4577 2590 4646 populos,
2621 4590 2811 4628 omnes
2858 4573 3096 4640 legiones
3121 4572 3256 4623 citra
3284 4571 3441 4622 dimi-

213 4664 375 4731 αὑτῷ
432 4666 736 4733 γενομένας
786 4666 1190 4734 ἀπεκρούσατο.
1259 4669 1369 4720 Καὶ
1422 4670 1477 4728 ἐς
1525 4669 1624 4735 τὴν
1673 4671 1786 4722 ἄνω

1889 4653 2158 4723 cntionem
2207 4669 2307 4723 sibi
2354 4669 2618 4737 adiunxit.
2671 4651 2824 4736 Syria
2876 4673 3145 4730 suscep‘a.
3189 4661 3348 4731 505.
3382 4662 3434 4714 in

215 4755 562 4810 Μακεδονίαν
609 4755 976 4826 ἀνεχώρησεν,
1000 4757 1136 4826 ἔχων
1173 4758 1234 4810 τὸ
1289 4760 1637 4830 ἰσχυρότατον
1692 4763 1784 4814 τοῦ

1885 4759 2124 4813 «Ιυιίαξσιιι
2175 4758 2506 4826 properavit.
2552 4753 2741 4807 audito
2793 4753 3047 4814 militum,
3089 4767 3224 4820 quos
3264 4750 3441 4804 Carsat-

218 4845 488 4916 στρατοῦ,
519 4847 772 4900 κάκεῖθεν
800 4848 878 4908 είς
909 4848 1007 4917 τὴν
1049 4847 1232 4902 Ἀσίαν
1269 4848 1552 4911 ἔπλευσεν,
1597 4852 1684 4903 ἵνα
1709 4853 1783 4922 μὴ

1891 4851 1943 4903 in
1973 4850 2203 4919 AEgypto
2238 4845 2561 4916 reliquerat.‘
2587 4850 2810 4900 acceSsu
2840 4864 2849 4897 :
2893 4857 3030 4912 quos
3057 4858 3160 4894 una
3195 4856 3317 4892 cum
3347 4841 3439 4893 Ju-

215 4940 295 4991 τὰ
329 4941 388 4989 ἐν
435 4941 499 5009 τῇ
558 4938 745 5011 Ῥώμῃ
772 4940 1120 5010 πραττόμενα
1173 4941 1267 4993 ἐπὶ
1299 4941 1359 4992 τὸ
1414 4941 1787 5012 φοϐερώτερον

1888 4943 2020 4996 ἀωίε
2066 4942 2224 4995 facile
2277 4941 2343 4994 ad
2399 4941 2731 4995 deditionem
2786 4937 3069 5006 compulit.
3125 4934 3198 4987 Ita
3223 4933 3439 4986 Cassius

215 5033 287 5094 ἀγ
303 5020 600 5097 γελλόμενα
622 5031 882 5097 μαθόντες
904 5031 953 5083 οἱ
1001 5030 1325 5100 στρατιῶται
1356 5032 1782 5097 μεταϐάλωνται.

1887 5047 2104 5101 quoque
2133 5032 2340 5085 viribus
2382 5031 2635 5083 celeriter
2689 5029 2885 5089 auctis,
2925 5026 3116 5080 eodem
3149 5024 3307 5076 modo
3333 5037 3439 5090 quo

215 5119 341 5174 Εἶτ’
387 5119 549 5210 ,αὖθις
599 5125 676 5184 εἰς
722 5123 822 5190 τὴν
871 5121 1138 5194 Εὐρώπην
1171 5122 1429 5192 ἠπείχθη,
1490 5123 1670 5185 δείσας
1707 5130 1780 5195 μή

1888 5125 2106 5186 Brutus,
2160 5124 2225 5188 ad
2278 5131 2525 5176 senatum
2569 5121 2825 5190 scripsit:
2865 5135 2894 5172 a
2942 5133 3048 5186 quo
3075 5115 3282 5185 Syriam
3317 5130 3438 5183 pro-

216 5230 278 5265 τι
325 5200 678 5280 νεωτερισθῇ.
707 5214 867 5272 ,Κατὰ
922 5215 1013 5266 τὸν
1065 5216 1224 5266 αὑτὸν
1253 5213 1308 5266 δὲ
1356 5215 1568 5282 καιρὸν,
1624 5219 1715 5267 καὶ
1760 5219 1788 5268 ὁ

1890 5216 2121 5268 vinciam
2160 5214 2433 5274 obtinere,
2471 5221 2523 5267 et
2556 5212 2756 5266 bellum
2785 5225 2973 5278 gerere
3008 5224 3129 5260 cum
3166 5206 3435 5259 Dolabella

222 5303 472 5365 Κάσσιος
517 5304 596 5365 είς
642 5304 739 5372 τὴν
805 5306 988 5360 Ἀσίαν
1019 5305 1331 5376 ἐπεραιώθη
1364 5306 1499 5377 πρὸς
1525 5307 1616 5358 τὸν
1649 5309 1784 5376 Τρε-

1884 5307 2068 5375 jnssus
2092 5314 2195 5358 est.
2224 5302 2325 5369 Qui
2354 5318 2475 5357 cum
2505 5304 2555 5357 ei
2584 5303 2736 5372 Syria
2770 5300 3016 5353 mandata
3040 5313 3204 5358 esset,
3234 5299 3284 5350 in
3316 5298 3436 5348 Asia

221 5397 448 5458 ῦὼνιον,
484 5397 575 5448 καὶ
604 5395 784 5448 λαϐὼν
816 5400 944 5468 παρ’
973 5399 1138 5451 αὐτοῦ
1175 5401 1431 5469 χρήματα
1462 5397 1555 5449 καὶ
1586 5399 1785 5455 ἱππέας

1891 5411 2095 5449 moram
2151 5397 2392 5455 trahens,
2443 5390 3183 5457 senatusconsulto-cttguito.
3221 5392 3273 5439 in
3319 5402 3441 5468 pr."-

223 5489 486 5557 συχνοὺς,
542 5490 636 5540 καὶ
669 5487 890 5557 ἐτέρους
927 5489 1155 5553 πολλοὺς
1199 5492 1307 5543 τῶν
1335 5506 1392 5541 τε
1424 5489 1663 5542 Κιλίκων
1695 5490 1788 5540 καὶ

1891 5485 2121 5539 vinciam
2154 5501 2258 5538 non
2285 5485 2440 5548 abiit,
2488 5484 2588 5537 sed
2619 5481 2825 5548 ibidem
2857 5481 3076 5546 degens,
3113 5475 3436 5528 Trebonium

219 5581 348 5637 τῶν
393 5578 671 5643 ’Δσιανῶν,
706 5581 832 5641 τοὺς
884 5578 1136 5648 Ταρσέας
1192 5581 1286 5632 καὶ
1322 5580 1550 5641 ἄκοντας
1598 5580 1682 5640 εις.
1729 5582 1790 5631 τδ

1892 5576 2016 5629 dolo
2047 5575 2286 5644 Smyrnae
2311 5573 2568 5625 sustulit:
2612 5580 2828 5640 tutaque
2857 5569 2979 5623 Asia
3009 5568 3210 5636 potitus
3254 5564 3354 5617 Cas
3390 5567 3436 5614 io

225 5669 584 5742 συμμαχικὸν
613 5669 1008 5738 προσηγάγετο.
1040 5669 1145 5720 Καὶ
1166 5673 1245 5731 ε⁷ς
1265 5670 1361 5738 τὴν
1384 5671 1581 5739 Συρίαν
1600 5670 1787 5734 ἐλθὼν,

1893 5668 1947 5720 in
1977 5665 2273 5720 .l‘altestina
2302 5672 2514 5731 agente,
2543 5662 2598 5714 in
2621 5661 2863 5715 C:liciam
2884 5658 3047 5717 venit,
3073 5666 3126 5709 et
3145 5671 3173 5708 a
3211 5654 3441 5708 Tarsen—

225 5763 448 5835 ἀμαχεὶ
483 5743 755 5816 πάντατὰ
787 5778 843 5815 τε
874 5761 982 5814 τῶν
1037 5761 1350 5830 δήμων-καὶ
1395 5763 1461 5814 τὰ
1490 5762 1596 5814 τῶν
1627 5779 1790 5830 στρα-

1879 5759 2047 5815 .sibus
2098 5756 2241 5810 ultr-0
2289 5763 2370 5808 est
2424 5763 2693 5822 receptus.
2743 5749 2913 5805 Cassii
2968 5744 3241 5817 praesidio,
3284 5747 3442 5814 quod

225 5856 524 5922 τευμάτων
554 5851 1003 5922 προσεποιήσατο
1052 5850 1386 5920 Παραλαϐὼν
1417 5851 1508 5903 οὖν
1551 5852 1650 5920 τὴν
1690 5852 1790 5901 Συ-

1930 5847 2040 5918 Egis
2063 5851 2203 5909 erat,
2231 5854 2506 5914 superato,
2539 5840 2947 5911 impressionem
2972 5837 3025 5892 in
3058 5837 3265 5910 Syriam
3295 5837 3442 5890 fecit.
3519 5883 3521 5886 ι
