4012 6330
153 503 254 566 873
1449 507 1696 568 ANNAI

1804 511 1859 569 Μ
1904 511 2050 570 LIB.
2107 514 2174 570 Χ.
3288 519 3393 579 874

155 616 275 680 σίας
304 617 535 688 ἠπείρου
569 616 666 687 τήν
690 617 937 687 φυλακὴν
987 618 1253 672 ποιεῖσθαι
1276 619 1592 686 ἀγαπητῶς.
1654 618 1712 670 Ὀ
1751 619 1944 684 Σέξτος
1999 622 2045 675 6‘
2106 622 2187 675 ἔτι
2227 623 2425 692 μᾶλλον
2457 625 2619 694 ήρθη.
2660 629 2749 682 καὶ
2779 629 2940 691 αὑτῦς
2975 629 3073 697 μὲν
3118 628 3215 698 τὴν
3244 629 3387 682 Ἰτα-

151 707 265 762 λίαν
294 711 518 772 ἐκάκου,
554 712 631 773 είς
667 709 724 762 δὲ
774 709 873 779 τὴν
914 708 1122 778 Λιϐύην
1160 709 1252 762 τὸν
1313 704 1720 777 Ἀπολλοφάνην
1762 712 2072 768 ἀπέστειλε.
2150 715 2366 784 Καῖσαρ
2401 715 2585 785 μέντοι
2641 719 2801 773 πλοῖά
2832 737 2890 772 τε
2940 721 3110 774 πο).λᾶ
3149 723 3390 791 ὲναυπή·

159 817 264 868 γει,
299 801 397 854 καὶ
423 802 614 871 ἐρέτας
655 802 804 868 παρά
830 817 892 853 τε
945 800 1054 854 τῶν
1110 801 1412 869 βουλευτῶν
1442 803 1534 854 καὶ
1583 801 1693 853 τῶν
1730 802 1938 854 ἱππέων
1971 805 2063 856 καὶ
2093 805 2200 857 τῶν
2220 804 2469 874 δημοτῶν
2502 809 2810 877 συνέλεγεν.
2855 810 3113 875 Ὁπλίτας
3162 831 3220 865 τε
3255 829 3390 866 κατ-

147 896 367 964 ελέγετο
432 898 527 950 καὶ
567 898 825 966 χρήματα
856 896 1195 966 πανταχόθεν
1273 897 1613 968 συνήθροιζεο
1661 897 1753 948 καὶ
1793 897 1955 961 αὑτὸς
1982 898 2080 967 μὲν
2121 903 2186 953 τά
2217 917 2273 951 τε
2313 901 2370 953 ἐν
2404 904 2468 971 τῇ
2518 905 2716 976 Ἰταλία
2764 907 2856 960 καὶ
2903 911 2968 976 τῇ
3011 908 3242 979 Γαλατία
3285 909 3395 963 διέ-

146 1008 328 1055 ταττε,
355 991 434 1060 τῷ
461 990 519 1042 δι
545 989 824 1060 ’Δγρίππα
852 992 950 1058 τὴν
973 987 1067 1042 τοῦ
1109 990 1366 1043 ναυτικοῦ
1427 990 1778 1059 παρασκευὴν
1821 989 2160 1060 ἐγχειρίσας,
2196 994 2491 1062 ἐκπονῆσαι
2546 997 2639 1048 καὶ
2687 997 2985 1065 ἐξασκῆσαι
3049 1000 3207 1053 τνῦτο
3256 1003 3382 1056 ἐκέ-

145 1083 326 1142 leuat.
368 1082 554 1147 Καὶός
595 1083 692 1143 τάς
713 1100 771 1135 τε
797 1082 929 1146 ναῦς
962 1082 1058 1135 καὶ
1087 1083 1430 1152 τοὺς-ἐρέτα,
1464 1084 1712 1151 ἤθροισε,
1756 1083 1850 1133 κα)¹
1913 1083 2009 1146 τὰς
2042 1084 2142 1152 μὲν
2184 1087 2550 1157 κατέφραττε,
2583 1093 2707 1151 τοὺς
2760 1090 2908 1142 δ’ὲπ“
2937 1093 3124 1164 ἰκρίων
3147 1095 3386 1162 ἐρέττειν

144 1177 323 1247 ήσκει.
368 1178 431 1229 Ol
475 1175 518 1228 δ·
541 1177 597 1228 ὲν
634 1178 698 1246 τῇ
745 1173 933 1245 Ῥώμῃ
955 1174 1315 1243 ἐταράττοντο
1347 1173 1447 1242 μὲν
1487 1174 1581 1226 καὶ
1605 1174 1726 1235 ταῖς
1765 1172 1874 1225 τῶν
1903 1175 2184 1243 ἀρχόντων
2249 1179 2383 1247 πρὸς
2445 1180 2707 1250 ἀλλήλους
2744 1184 3016 1250 στάλσεσιν,
3047 1185 3302 1255 ἐθραττον
3326 1187 3383 1240 δὲ

145 1272 339 1336 αὑτοὺς
385 1273 480 1324 καὶ
512 1273 714 1342 σημεῖα
769 1270 904 1324 ἄλλα
951 1285 1012 1321 τε
1071 1271 1166 1321 καὶ
1227 1267 1308 1320 ὅτι
1357 1267 1555 1336 λευκὴν
1605 1267 1756 1337 ὄρνιν
1795 1267 2024 1320 κλωνίον
2052 1271 2259 1340 δάφνης
2281 1272 2560 1340 ὲγκάρπου
2602 1275 2874 1346 φέρουσαν
2909 1280 3064 1342 ἀετὸς
3129 1283 3385 1352 ἀρπάσας

142 1365 220 1426 εἰς
243 1362 339 1416 τὸν
378 1362 579 1415 κόλπον
643 1361 746 1429 τῆς
796 1360 991 1422 Λιϐίας
1046 1359 1318 1412 ἐνέϐαλεν·
1378 1358 1406 1409 ὃ
1446 1358 1508 1409 οὑ
1589 1356 1787 1425 μικρὸν
1822 1361 2053 1426 σημεῖον
2118 1361 2316 1415 ἐδόκει.
2357 1365 2420 1416 'H
2465 1364 2519 1416 δὲ
2558 1366 2655 1432 τῆς
2695 1382 2752 1417 τε
2813 1367 3025 1436 ὅρνιοος
3071 1370 3387 1440 ἐπεμελήθη

143 1459 233 1508 καὶ
250 1456 351 1524 τὴν
375 1454 582 1522 δάφνην
606 1450 892 1520 ἐφύτευσε,
923 1453 1018 1504 καὶ
1047 1452 1079 1520 ή
1104 1451 1202 1520 μὲν
1230 1449 1526 1518 ῥιζωθείσα
1551 1447 1814 1517 ηὓξησεν,
1854 1449 1884 1516 ἡ
1952 1449 2008 1502 δὲ
2078 1452 2238 1504 Λιϐία
2293 1453 2743 1518 ὲγκολπώσασθατ
2810 1458 2905 1524 τὴν
2960 1459 3052 1511 τοῦ
3110 1461 3389 1531 Κείσαρος

144 1547 315 1616 ίσχὺν,
345 1545 442 1597 καὶ
484 1546 543 1597 ἐν
573 1545 738 1596 πᾶσιν
768 1542 934 1597 αὑτοῦ
961 1544 1257 1613 κρατήσειν
1293 1541 1536 1610 ἔμελλεν.

206 1659 334 1716 KA'.
361 1658 453 1712 Ἐν
479 1658 535 1711 δὲ
563 1655 738 1726 τούτῳ
767 1656 843 1726 τῷ
872 1657 1048 1727 χρῦνῳ
1078 1653 1213 1727 ἦλθε
1245 1657 1343 1726 μὲν
1372 1659 1399 1709 6
1433 1653 1692 1707 Ἀντώνιο

1901 1653 2088 1708 XXIV.
2128 1656 2340 1709 interea
2389 1661 2648 1726 temporis
2694 1659 2958 1714 Antonius
3013 1678 3076 1715 ex
3130 1663 3280 1732 Syria
3336 1666 3389 1719 in

139 1754 201 1804 ἐκ
223 1751 323 1820 τῆς
352 1748 552 1820 Συρίας
575 1748 654 1802 είς
682 1747 935 1811 Ἰταλίαν,
987 1747 1062 1811 ὡς
1104 1748 1182 1813 τῷ
1217 1748 1459 1814 Καίσαρι
1518 1745 1607 1798 διὰ
1653 1748 1696 1798 τι

1825 1745 2031 1798 Italiam
2075 1747 2354 1815 profectus
2377 1790 2390 1813 ,
2443 1761 2500 1802 ut
2537 1749 2734 1805 Caesari
2768 1767 2958 1820 parum
3003 1753 3233 1808 feliciter
3266 1771 3388 1810 cum

141 1841 526 1912 συμϐεϐηκότα
573 1838 721 1906 αὑτῷ
761 1840 857 1892 τοὺ
908 1839 1046 1910 πρδς
1105 1839 1198 1890 τὸν
1238 1837 1431 1902 Σέξτον
1476 1837 1696 1907 μεθέξω·

1822 1833 1985 1886 Sexto
2015 1833 2358 1905 belligeranti
2383 1852 2541 1906 opem
2574 1839 2760 1902 ferret,
2784 1857 2894 1894 non
2927 1845 3260 1911 permansit:
3293 1847 3386 1901 sed

137 1933 398 2002 πολέμου,
427 1931 489 1984 οὑ
521 1930 708 2000 μέντοι
731 1930 1070 1999 παρέμεινεν
1090 1946 1103 1958 ·
1146 1929 1283 1982 ἀλλά
1312 1927 1445 1991 ναῦς
1472 1928 1592 1990 δοὺς
1624 1930 1690 1981 αὑ

1820 1924 2052 1977 navibus
2085 1926 2282 1994 partim
2323 1928 2373 1982 ei
2403 1928 2572 1990 datis,
2621 1931 2819 1998 partim
2855 1934 3164 2000 promissis,
3191 1937 3386 1990 milites

135 2026 211 2093 τῷ
241 2027 334 2077 καὶ
364 2024 450 2077 ἑτέ
462 2040 559 2094 ρας
582 2021 820 2091 πέμψειν
846 2022 1341 2090 ἐπαγγειλάμενος,
1374 2021 1696 2087 στρατιιί›τα‹

1819 2013 2058 2067 vicissim
2125 2018 2360 2085 accepit.
2433 2018 2758 2088 Priusquam
2824 2030 3005 2075 autem
3068 2027 3133 2076 ad
3183 2025 3385 2080 bellum

136 2115 481 2184 ἀντείληφεν.
516 2114 685 2175 Αὐτὸς
717 2114 772 2166 δὲ
797 2113 873 2176 ὠς
914 2113 1010 2166 ἐπὶ
1063 2115 1310 2182 Πάρθους
1367 2111 1696 2182 στρατεύσωγ

1817 2105 2132 2158 l‘artbicum
2155 2116 2549 2168 reverteretur,
2574 2114 2948 2167 controversia
2969 2115 3110 2169 inter
3133 2131 3226 2169 eos
3241 2128 3383 2177 orta,

136 2205 338 2274 ἀπῆρε.
393 2203 528 2274 Πρὶν
567 2203 624 2256 δὲ
653 2204 877 2257 ἀπιέναι
900 2204 1061 2256 αὑτὸν
1089 2204 1384 2273 ᾐτιάσαντο
1421 2205 1696 2272 ἀλλήλους

1816 2214 1913 2268 per
1945 2199 2226 2253 Octaviam
2255 2199 2486 2253 Ca‘saris
2510 2217 2753 2257 sororem
2790 2206 3089 2274 composita
3115 2216 3197 2260 est
3216 2246 3230 2269 ,
3263 2224 3381 2276 qua:

135 2294 253 2352 εἶτα
277 2299 369 2350 καὶ
389 2297 781 2367 διηλλάγησαν,
832 2299 927 2367 τῆς
970 2296 1263 2358 Ὀκταϐίας
1289 2297 1387 2360 τὰς
1417 2295 1712 2361 διαλλαγὰς

136 2386 506 2458 πραττούσης.
543 2387 611 2438 'H
643 2386 698 2437 δὲ
740 2384 1009 2438 Ὀκταϐία
1042 2385 1135 2437 τοῦ
1165 2386 1442 2454 Καίσαρος
1463 2381 1530 2454 ἦν
1556 2384 1711 2437 ἁδελ-

135 2477 231 2546 φὴ,
261 2476 295 2547 ἢ
332 2475 730 2545 μετάθάνατον
751 2478 851 2545 τῆς
881 2475 1145 2538 Φουλϐίας
1177 2477 1254 2546 τῷ
1288 2477 1559 2546 Ἀντωνίῳ
1588 2493 1707 2526 συν-

133 2568 278 2637 ήφθη
307 2568 452 2640 παρά
481 2565 576 2619 τοὺ
609 2565 862 2640 ἀδελφοῦ,
890 2565 985 2619 τοῦ
1011 2566 1203 2634 ἀνδρὸς
1257 2566 1426 2633 αὑτῆς
1463 2561 1506 2632 ᾦ
1540 2568 1709 2636 συνῴο

133 2673 216 2708 κει
231 2637 497 2725 πρότερον
513 2637 958 2726 τελευτήσαντος.
988 2655 1098 2709 Καὶ
1128 2655 1312 2725 ἐπειδὴ
1339 2655 1493 2707 οὑπω
1523 2657 1707 2723 παρῆ-

134 2765 228 2801 κεν
257 2748 286 2799 6
316 2748 580 2816 πένθιμος
613 2749 827 2818 χρόνος,
857 2747 1021 2820 ψήφῳ
1049 2748 1149 2818 τῆς
1199 2746 1504 2817 συγκλήτου
1540 2747 1702 2817 ἐλύθη

133 2841 191 2891 τδ
222 2841 521 2909 ἐπιτίμιον.
554 2841 663 2893 Καὶ
681 2841 802 2894 τότε
847 2840 924 2904 δὲ,
985 2839 1070 2892 ἵνα
1127 2839 1330 2892 πλείων
1398 2841 1580 2902 αὑτοῖς
1640 2841 1705 2891 ἐκ

136 2931 452 3000 συγγενείας
516 2931 812 3000 σύνδεσμος
862 2931 1093 2999 γένοιτο,
1170 2931 1410 3002 ’Δντὺλῳ
1459 2931 1539 3000 τῷ
1595 2931 1700 2984 τοῦ

145 3022 424 3076 ’Δντωνίου
454 3019 557 3092 υἱῷ
589 3022 689 3092 τὴν
721 3023 992 3095 θυγατέρα
1032 3023 1062 3075 6
1099 3024 1314 3093 Καῖσαρ
1359 3024 1459 3091 τὴν
1501 3021 1697 3075 ἑαυτοῦ

134 3094 534 3183 κατηγγύησεν.
553 3111 914 3166 Ἐπλάττοντο
943 3114 998 3166 δὲ
1025 3114 1199 3166 ταῦτα
1226 3115 1318 3167 καὶ
1347 3114 1701 3181 ὑπεκρίνοντο

133 3207 218 3258 διὰ
245 3208 309 3258 τὰ
341 3206 460 3257 τότε
497 3205 680 3272 σφίσιν
737 3205 1053 3274 ὑπάρχοντα
1109 3205 1430 3275 πράγματα.
1486 3205 1590 3255 Τὸν
1642 3205 1699 3258 δὲ

139 3301 327 3364 Σέξτον
351 3301 449 3370 τῆς
476 3317 536 3351 τε
571 3300 872 3370 ίερωσύνης
893 3299 1139 3353 ἔπαυσαν
1171 3300 1378 3369 καὶτῆς
1409 3300 1698 3367 ὑπατείας,

135 3395 347 3455 ἑαυτοῖς
378 3393 435 3445 δὲ
469 3392 567 3462 τὴν
603 3393 897 3463 ἡγεμονίαν
923 3395 1003 3454 εἰς
1037 3392 1202 3461 ἄλλην
1225 3392 1548 3444 πενταετίαν
1568 3391 1700 3453 ,ἑπέ-

134 3485 352 3551 τρεψανο
387 3486 420 3553 ή
458 3483 568 3552 γάρ
609 3482 850 3552 προτέρα
874 3483 1253 3553 εκμεμέτρητο
1282 3482 1404 3552 ἤδη.
1438 3484 1548 3535 Καὶ
1577 3483 1698 3534 Ἀν-

135 3573 319 3635 τώνιος
348 3576 448 3642 μὲν
477 3577 554 3635 είς
585 3574 787 3643 Συρίαν
819 3574 1097 3642 ἠπείγετο,
1133 3574 1355 3639 Καίσαρ
1394 3572 1449 3623 δὲ
1478 3572 1559 3633 είς
1607 3573 1698 3623 τὸν

136 3664 267 3734 πρὸς
293 3663 486 3729 Σέξτον
509 3666 756 3741 επόλεμον
776 3663 1125 3734 ἡτοιμάζετο.
1160 3662 1220 3714 '0
1262 3661 1319 3712 δὲ
1345 3661 1536 3730 Μηνᾶς
1563 3660 1698 3729 πρὸς

133 3758 224 3810 τὸν
261 3757 448 3822 Σέξτον
481 3756 635 3820 αὖθις
681 3753 1154 3826 ἀπηυτομόλησεν,
1188 3753 1414 3814 ἀπιστος
1444 3750 1541 3815 ὢν,
1604 3750 1698 3805 καὶ

135 3848 445 3918 θεραπεύων
476 3848 561 3900 ἀεὶ
590 3850 658 3900 τὰ
678 3846 771 3898 τοὺ
801 3846 1126 3915 κρείττονος.
1186 3844 1407 3912 Καίσαρ
1471 3841 1518 3894 δ’
1568 3843 1694 3893 ὲπι-

139 3944 356 4004 στάντος
394 3940 488 3994 τοὺ
510 3942 669 4011 ἔαρος
703 3940 931 4009 ὥρμησε
960 3937 1102 3990 κατὰ
1128 3937 1227 4005 τῆς
1259 3935 1537 3999 Σικελίας,
1596 3949 1694 3985 πε-

140 4035 340 4101 ρισχεῖν
369 4032 598 4094 ἐλπίσας
631 4030 907 4100 τῷστὸλῳ
942 4029 1136 4097 αὑτὴν,
1175 4029 1266 4080 καὶ
1285 4027 1365 4095 τῷ
1396 4043 1455 4079 τε
1500 4025 1695 4094 πλήθει

134 4125 482 4196 τεθαρρηκὼς
503 4125 611 4178 τῶν
637 4123 862 4192 σκαφῶν
920 4123 1117 4191 καὶτῷ
1149 4121 1390 4196 μεγέθει,
1436 4119 1531 4172 καὶ
1582 4121 1694 4182 τοῖς

135 4215 356 4285 πύργοις
383 4216 477 4278 οὓς
503 4215 720 4285 ἔφερον,
761 4215 826 4267 ἵν’
859 4214 919 4278 ἐξ
952 4213 1132 4266 αὐτῶν
1162 4213 1238 4276 ὡς
1264 4213 1373 4265 ἀπὸ
1398 4213 1607 4281 τείχους
1635 4211 1693 4277 ἐξ

1813 2305 1939 2343 cum
1978 2290 2217 2345 Antonio
2260 2301 2381 2359 post
2425 2292 2628 2348 Fulviae
2662 2293 2871 2348 obitum
2895 2336 2910 2361 ,
2941 2297 3090 2350 luctu
3125 2289 3195 2351 ob
3235 2300 3383 2368 prio-

1815 2395 1928 2433 rem
1958 2382 2214 2436 niaritum
2252 2382 2494 2437 nondum
2545 2384 2720 2449 linito,
2766 2387 3043 2454 nupsisset
3076 2408 3091 2441 ι
3125 2388 3383 2444 Senatus-

1812 2473 2065 2527 consnlto
2098 2475 2267 2528 multa
2302 2475 2394 2529 illa
2433 2477 2642 2530 sublata
2688 2487 2790 2531 est.
2822 2479 2957 2533 Tum
2982 2480 3168 2547 etiam,
3199 2490 3258 2536 ut
3287 2499 3385 2552 per

1811 2565 2128 2619 afﬁnitatem
2179 2568 2417 2621 aretiore
2458 2572 2886 2625 necessitudinis
2932 2574 3150 2627 vinculo
3182 2578 3382 2631 astrin-

1819 2664 2102 2723 gerentur,
2150 2658 2368 2727 Antyllo
2412 2660 2592 2712 (Ia-sar
2629 2662 2848 2714 Antonii
2886 2663 2994 2716 lilio
3026 2679 3178 2719 suam
3215 2667 3378 2721 ﬁliani

1809 2745 2123 2815 despondit.
2172 2747 2296 2802 llzcc
2321 2759 2626 2819 temporum
2655 2766 2816 2805 eausa
2856 2765 3084 2825 uterque
3111 2759 3336 2828 liigebat
3361 2805 3376 2825 ,

1807 2847 1864 2891 et
1907 2838 2206 2892 simulabat
2254 2841 2458 2896 omnia.
2509 2841 2674 2897 Sexto
2716 2854 2898 2898 autem
2927 2854 2983 2899 et
3028 2851 3374 2908 consulatum

1807 2939 1864 2985 et
1901 2941 2228 2999 auguratum
2276 2933 2620 3004 eripuerunt,
2663 2936 2877 3004 sibique
2918 2939 3281 3010 principatum
3320 2943 3375 3000 in
3412 2925 3415 2928 Ι

1805 3023 2400 3097 aliudquinquennium
2420 3024 2787 3092 vindicarunt,
2809 3028 2987 3096 priore
3004 3031 3380 3100 quinquennio

1798 3122 1908 3189 jam
1948 3121 2154 3188 elapso.
2195 3116 2441 3169 Antonio
2473 3119 2525 3171 in
2559 3118 2768 3188 Syriam
2804 3132 3161 3188 properante,
3196 3122 3377 3181 Caesar

1800 3209 1945 3265 bello
1961 3227 2083 3265 cum
2104 3212 2268 3265 Sexto
2291 3207 2552 3279 gerendo,
2575 3209 2640 3260 ad
2664 3223 2822 3277 quem
2850 3209 3032 3264 Menas
3058 3212 3221 3266 homo
3246 3229 3376 3283 per-

1803 3299 1967 3364 ﬁdus,
2005 3315 2329 3372 semperque
2356 3301 2692 3370 potentiores
2742 3284 2920 3355 colere
2941 3303 3156 3369 solitus,
3192 3307 3373 3364 denuo

1804 3393 2449 3460 Iranslugerat,intentus
2483 3390 2659 3460 primo
2707 3406 2833 3445 vere
2859 3392 2912 3446 in
2946 3394 3184 3449 Siciliam
3213 3399 3373 3467 traje-

1801 3483 1895 3542 cit,
1918 3491 1972 3534 ct
2007 3483 2356 3536 multitudine
2383 3497 2447 3536 ac
2483 3484 2857 3553 magnitudine
2900 3486 3117 3538 navium
3165 3487 3365 3552 fretus,
3419 3471 3427 3476 ’

1801 3573 2048 3625 turribus
2065 3575 2368 3641 praesertim
2393 3590 2528 3642 quas
2550 3577 2832 3643 gerebant.
2853 3576 2993 3629 unde
3013 3587 3264 3645 tanquam
3302 3580 3371 3634 de
3403 3624 3412 3633 .

1802 3676 1960 3714 muro
1983 3677 2048 3714 ex
2082 3663 2367 3730 superiore
2391 3663 2510 3716 loco
2541 3677 3032 3733 pugnarenl,spem
3050 3682 3372 3738 conceperat

1802 3751 1990 3805 insulae
2011 3752 2183 3806 classe
2206 3755 2555 3821 occupandae.
2581 3754 2686 3808 Sed
2717 3756 2858 3808 inter
2898 3758 3138 3812 eundum
3166 3763 3372 3829 gravis-

1799 3846 1934 3898 sima
1974 3853 2292 3913 tempestate
2322 3846 2634 3914 complures
2673 3862 2837 3900 naves
2869 3849 3068 3909 amisit.
3103 3861 3157 3903 et
3185 3850 3369 3907 Menas

1802 3936 1855 3988 in
1884 3936 2121 4003 reliquas
2137 3936 2385 3988 turbatas
2413 3936 2682 3998 invectus,
2705 3938 2903 3990 multas
2933 3941 3214 4004 cremavit,
3233 3957 3366 3997 non-

1801 4026 1982 4079 nullas
2018 4026 2269 4080 attraxit.
2310 4026 2385 4080 Ac
2420 4027 2523 4079 nisi
2567 4043 2758 4081 rursus
2803 4028 2869 4100 ad
2901 4028 3164 4085 Cursarem
3213 4032 3366 4088 defe-

1799 4117 1985 4181 cisset,
2007 4125 2064 4169 et
2094 4116 2322 4171 classem
2357 4117 2430 4170 illi
2461 4132 2614 4171 suam
2656 4119 2970 4174 tradidisset
2995 4123 3163 4177 :‘tum
3200 4125 3363 4180 etiam

1801 4208 1955 4262 irrita
2018 4207 2214 4262 luisset
2281 4207 2430 4263 illius
2493 4211 2796 4279 expeditio.
2849 4213 3018 4268 Mena:
3079 4217 3360 4284 transfugii

136 4308 460 4377 ὑπερδεξίων
491 4307 992 4375 ἀνταγωνίζωνται.
1013 4305 1252 4358 Ἀπιόντι
1275 4304 1330 4357 δὲ
1348 4303 1554 4374 χειμὼν
1573 4320 1694 4356 συνε-

1800 4314 1964 4354 eausa
1996 4299 2118 4363 fuit,
2151 4299 2245 4369 qui
2281 4300 2335 4353 in
2362 4301 2618 4355 omnibus
2640 4314 2955 4372 suspectum
2990 4321 3046 4358 se
3071 4321 3188 4359 esse
3213 4309 3364 4362 vide-

134 4402 231 4467 έϐη
259 4401 554 4470 βαρύτατος
576 4402 669 4452 καὶ
699 4398 897 4459 πολλὰς
957 4397 1172 4467 ἔφθειρε
1205 4397 1314 4449 τῶν
1350 4395 1506 4461 νεῶν,
1547 4398 1640 4449 καὶ
1669 4397 1698 4446 6

135 4493 320 4562 Μηνᾶς
344 4493 462 4553 τατς
488 4490 702 4567 λοιπαῖς
732 4489 1172 4560 τεταραγμέναις
1203 4487 1539 4557 ἐπενεχθεὶς,
1608 4503 1698 4538 συ⁹

111 4573 267 4653 ’χνάς
298 4585 399 4653 μὲν
425 4583 646 4647 ἔκαυσε,
678 4582 776 4645 τὰς
809 4581 854 4634 δ’
879 4581 1191 4650 ἀνεδήσατο.
1227 4580 1332 4633 Καὶ
1354 4581 1402 4630 εί
1435 4579 1509 4646 μὴ
1543 4574 1696 4640 αὖθις

132 4675 208 4744 τῷ
239 4676 475 4744 Καίσαρι
505 4673 898 4744 προσεχώρησε
931 4672 1026 4724 καὶ
1055 4671 1118 4722 τὸ
1161 4669 1413 4721 ναυτικὸν
1457 4661 1518 4720 οὑ
1554 4664 1692 4738 ἦρχε

131 4768 461 4833 παρέδωκεν,
490 4767 570 4825 είς
598 4765 753 4816 κενὸν
784 4765 849 4815 ἂν
880 4761 976 4816 καὶ
1000 4761 1122 4814 τότε
1148 4760 1224 4829 τῷ
1247 4761 1487 4829 Καίσαρι
1512 4763 1539 4812 6
1571 4759 1692 4811 ὲπίο

131 4855 290 4916 πλους
323 4856 560 4921 ἐγένετο.
606 4853 1034 4921 Ηὺτομόλησεδ⁸
1061 4856 1089 4905 6
1136 4853 1329 4922 Μηνᾶς
1365 4852 1502 4922 πρὸς
1547 4851 1692 4905 ἅπαν

131 4947 275 5015 παρὰ
303 4943 400 4996 τοῦ
424 4942 615 5005 Σέξτου
646 4941 1082 5010 ὑποπτευόμενος
1117 4956 1132 4972 ·
1191 4942 1308 4993 ἀλλ’
1338 4941 1447 4993 οὐδ’
1490 4943 1517 4994 6
1558 4944 1693 4995 Καῖ-

133 5053 235 5106 σαρ
267 5035 346 5088 ἔτι
372 5032 524 5104 αὑτῷ
560 5032 864 5086 ἐπίστευεν.
906 5031 1059 5083 Ἐπεὶ
1086 5030 1142 5082 δὲ
1169 5031 1261 5083 τὸν
1312 5033 1496 5083 στόλον
1535 5029 1690 5097 αὖθις

131 5130 159 5180 6
197 5130 406 5194 Καῖσαρ
433 5127 791 5195 ἀνεκτήσατο,
821 5125 902 5188 είς
932 5123 1031 5194 τὴν
1059 5125 1284 5194 ήπειρον
1333 5123 1689 5195 ἀνεκομίσθη,

132 5218 202 5278 ὡς
231 5218 289 5267 τὸ
316 5218 477 5280 πεζὸν
503 5215 601 5268 τοῦ
637 5214 1042 5284 στρατεύματος
1073 5215 1150 5276 είς
1165 5214 1263 5282 τὴν
1285 5213 1555 5280 Σικελίαν,
1601 5216 1690 5268 ὅτε

132 5308 334 5377 καιρὸς,
397 5306 741 5376 περαιώσων.
788 5308 846 5360 '0
882 5308 937 5360 δὲ
996 5307 1186 5370 Σέξτος
1237 5307 1293 5357 ὲν
1335 5307 1560 5376 Μεσήνῃ
1597 5308 1689 5360 τὸν

133 5399 288 5451 αὑτοῦ
317 5398 570 5452 διάπλουν
613 5399 818 5467 ἐτήρει.
847 5398 936 5467 Τῷ
956 5398 998 5450 δ’
1027 5398 1306 5468 Ἀγρίππα
1329 5398 1410 5460 εἰς
1437 5399 1688 5467 Λιπάραν

134 5490 226 5542 σὺν
252 5491 406 5542 ναυσὶ
435 5487 852 5556 καταλειφθέντι
884 5489 1033 5557 παρὰ
1069 5487 1164 5540 τοῦ
1231 5489 1531 5559 Καίσαρος.
1585 5494 1689 5560 Δη-

135 5580 356 5647 μὸχαριν
387 5579 718 5647 ἀνθορμίσαι
761 5577 820 5628 ἐν
853 5577 1376 5642 Μύλαιςὲκέλευσε,
1424 5582 1516 5631 καὶ
1571 5579 1684 5632 διέ-

1805 4395 1894 4446 bat
1929 4393 2114 4446 Sexto.
2145 4391 2249 4445 Sed
2288 4408 2354 4446 ne
2388 4392 2568 4445 Cassar
2594 4394 2814 4461 quidem
2849 4396 3082 4460 amplius
3116 4398 3165 4451 ei
3199 4399 3362 4455 ﬁdem

1800 4483 2014 4549 habuit,
2044 4493 2100 4538 et
2139 4483 2311 4535 classe
2365 4490 2584 4552 recepta
2635 4484 2690 4537 in
2737 4486 3110 4543 continentem
3176 4491 3358 4556 rediit,

1797 4573 2098 4642 peditatum
2125 4588 2220 4641 per
2251 4573 2596 4626 occasionem
2638 4581 3130 4645 transpOi-taturus.
3159 4580 3358 4640 Sextus

1799 4676 1929 4716 vero
1973 4663 2091 4733 ejus
2144 4663 2431 4732 trajectum
2488 4663 2746 4720 Messanae
2791 4667 3124 4732 observans,
3195 4670 3362 4744 516

1795 4755 2188 4809 Democharem
2236 4755 2288 4808 in
2326 4754 2484 4826 Mylis
2543 4767 2731 4812 contra
2768 4761 3095 4828 Agrippam,
3157 4776 3187 4814 a
3238 4762 3358 4819 οε.

1796 4862 1914 4900 sere
1954 4861 2077 4900 cum
2134 4847 2368 4899 navibus
2395 4847 2604 4916 Liparae
2647 4849 2918 4911 relictum,
2968 4853 3019 4904 in
3064 4855 3352 4920 procinctu

1792 4953 1912 4992 esse
1949 4937 2132 5005 jussit.
2190 4936 2290 4990 Ubi
2335 4951 2460 4989 cum
2520 4937 2729 4991 diutius
2782 4945 3102 4997 commorati
3148 4957 3352 5009 essent,

1796 5029 2014 5083 tandem
2068 5027 2304 5095 Agrippa
2343 5043 2466 5081 cum
2501 5031 2724 5099 optimis
2773 5034 3003 5089 navibus
3046 5037 3116 5091 ad
3162 5055 3352 5107 spectt-

1793 5116 2012 5171 landam
2052 5115 2309 5169 hostilem
2355 5119 2584 5172 classem
2633 5121 2934 5188 prolectus,
2961 5139 3084 5177 cum
3112 5141 3214 5180 nec
3237 5143 3351 5180 om-

1794 5223 1918 5264 nem
1955 5209 2350 5277 conspexisset,
2400 5220 2456 5264 et
2499 5226 2658 5264 nemo
2690 5222 2875 5267 contra
2908 5215 3037 5272 iret.
3073 5231 3350 5279 reversus,

1791 5317 1850 5355 se
1907 5313 1967 5355 ut
2016 5302 2250 5370 postidie
2289 5301 2652 5356 dimicaturus
2701 5288 2928 5370 paravit.
2971 5305 3118 5360 Idem
3158 5317 3215 5363 et
3249 5309 3350 5364 De-

1793 5391 2038 5444 mochari
2079 5392 2304 5453 accidit,
2333 5392 2428 5460 qui
2464 5403 2521 5446 et
2550 5394 2684 5460 ipse,
2720 5402 2778 5445 ut
2818 5391 2871 5444 in
2909 5393 3120 5449 hostem
3148 5413 3353 5466 pugna-

1793 5493 1972 5547 turus,
2029 5483 2252 5538 Sexlnm
2292 5484 2600 5538 accersivit.
2646 5483 2895 5541 Diluculo
2934 5488 3107 5541 ambae
3150 5490 3353 5544 classes

1790 5577 2068 5644 producta:
2096 5615 2108 5634 ,
2155 5576 2477 5644 longissimo
2509 5583 2752 5644 tempore
2790 5594 2944 5645 :rquo
2983 5588 3153 5632 marte
3183 5582 3344 5635 dimi-

354 5641 536 5722 ἐκεῖσε
562 5641 755 5736 χρόνον
778 5665 1096 5736 ὑπόσυχνον.
1131 5668 1293 5728 Τέλος
1315 5641 1369 5719 δὲ
1405 5671 1431 5720 6
1456 5669 1683 5739 ’Δγρίπο

1800 5677 2025 5719 narunt:
2074 5665 2290 5719 tandem
2332 5665 2433 5718 sub
2474 5677 2688 5720 noctem
2740 5669 3030 5724 Caesariani
3078 5671 3350 5738 vicerunt,

134 5777 234 5822 πας
257 5761 350 5812 σὺν
369 5753 490 5822 ταῖς
516 5760 763 5828 ἀρίσταις
787 5756 894 5809 τῶν
921 5758 1056 5810 νεῶν
1078 5760 1171 5811 ἐπὶ
1193 5760 1547 5830 κατασκοπὴν
1571 5761 1681 5815 τῶν

133 5847 396 5904 ἐναντίων
414 5847 740 5919 ἀπελήλυθε.
791 5848 900 5902 Καὶ
925 5847 998 5909 ὠς
1028 5847 1151 5899 οὔτε
1178 5852 1385 5914 πάντας
1415 5851 1678 5920 κατεῖδεν,

339 5942 614 6002 Pauor“
651 5941 768 6002 Gn.
820 5940 1166 6004 CXXXIV.

1791 5760 1883 5813 sed
1912 5759 2084 5811 victos
2124 5772 2229 5809 non
2264 5758 2538 5825 persecuti
2585 5769 2729 5815 sunt.
2766 5760 2965 5822 Caesar,
3000 5778 3122 5815 cum
3155 5765 3351 5819 Sextus

1791 5859 2014 5921 promer
2074 5849 2318 5901 navalem
2372 5864 2606 5918 pugnam
2675 5852 2915 5906 Messana
2985 5853 3350 5922 decessisset,

2952 5946 3027 6005 98
