4012 6330
573 456 575 459 ’
623 446 724 508 375

1836 451 2159 512 IOANNIS
2199 453 2518 516 ZONARE

3746 465 3843 530 876

620 560 756 613 c'itra
809 561 1112 630 periculum
1169 562 1586 616 Tanrominium
1651 564 1884 634 trajecit.
1954 565 2182 620 Peracto

2285 567 2390 622 οὔτ’
2419 571 2716 642 ἀναχθῆναι
2760 590 2842 636 τις
2879 573 3164 644 ἠθέλησεν,
3200 575 3490 644 ἐπανῆλθε,
3541 578 3635 632 καὶ
3677 594 3846 644 παρῖ-

621 650 809 718 ρταείίο
851 650 1049 705 Sextus
1107 653 1407 707 Messanam
1452 654 1708 710 celeriter
1764 671 2037 721 reversus,
2090 671 2182 709 co-

619 741 774 810 gnito
797 741 1021 798 Caesaris
1055 745 1280 814 trajectu
1311 785 1326 809 ,
1361 753 1507 800 terra
1555 761 1680 801 eum
1710 763 2000 817 aggressus
2046 759 2124 802 est
2165 766 2179 800 :

622 833 716 901 qni
765 834 956 887 classis
998 836 1230 890 maxima
1289 845 1443 906 parte
1503 839 1720 903 amissa,
1780 840 2180 908 propemodum

625 922 741 991 ipse
774 938 990 992 quoque
1044 925 1334 993 periisset,
1389 924 1484 979 sed
1551 935 1665 980 tum
1713 935 1863 981 terra
1935 928 2113 981 evasit
2165 943 2180 981 :

621 1027 873 1082 aegreque
898 1015 1079 1073 ferens
1113 1017 1413 1070 exercitum
1447 1017 1500 1068 in
1537 1016 1715 1071 insula
1747 1018 2181 1071 circumventum

619 1117 764 1168 esse,
836 1120 945 1158 non
1003 1107 1159 1174 prius
1202 1109 1407 1176 recepit
1476 1108 1740 1173 animum,
1799 1121 1960 1176 quam
2017 1108 2183 1178 piscis

623 1196 763 1249 Saltu
798 1209 828 1250 e
861 1197 999 1250 mari
1047 1198 1098 1249 in
1152 1208 1350 1251 terram
1386 1198 1564 1263 laeto,
1611 1207 1804 1267 sponte
1847 1206 1974 1253 ante
2018 1199 2183 1267 pedes

623 1285 745 1352 ejus
795 1287 1056 1340 concidit.
1115 1287 1174 1341 ld
1241 1290 1389 1341 enim
1442 1295 1594 1341 vates
1653 1287 2181 1358 interpretabantur,

621 1376 738 1429 [ore
774 1386 831 1430 ut
863 1379 995 1431 mari
1027 1379 1315 1447 potiretur.
1354 1377 1482 1448 Ejus
1515 1396 1642 1434 vero
1672 1381 1950 1433 exercitus
1972 1393 2096 1433 cum
2128 1387 2185 1431 et

621 1467 986 1534 obsideretur,
1045 1479 1101 1524 et
1150 1471 1406 1524 alimenta
1460 1487 1567 1523 non
1624 1471 1876 1535 haberet,
1917 1479 1974 1522 et
2019 1483 2174 1537 opem

625 1559 792 1613 ferret
823 1576 983 1616 nemo
1005 1602 1018 1626 ,
1046 1561 1371 1616 Corniﬁcius
1404 1561 1510 1615 dux
1545 1562 1663 1631 ejus
1698 1561 1927 1615 navibus
1948 1574 1978 1614 e
2003 1575 2181 1630 pugna

621 1651 845 1719 reliquis
881 1653 1107 1714 exustis,
1137 1653 1250 1721 ipse
1280 1666 1498 1721 quoque
1529 1652 1593 1705 ad
1622 1651 1785 1720 Mylas
1815 1650 2046 1704 abduxit
2071 1666 2164 1705 co-

621 1741 761 1811 pias.
793 1757 855 1796 ac
882 1742 937 1796 in
966 1743 1160 1798 itinere
1195 1745 1394 1798 multas
1421 1743 1602 1798 clades
1628 1743 1870 1809 accepit.
1911 1742 1968 1795 in
1998 1740 2180 1796 llumi~

615 1847 749 1886 num
801 1836 1035 1889 transitu
1083 1837 1447 1904 potissimum,
1490 1835 1741 1890 hostibus
1791 1843 1945 1903 tergo
2001 1833 2175 1886 inlue-

2286 658 2584 722 σκευάζετο
2620 660 2695 724 ὡς
2741 661 3067 730 πολεμήσων
3099 666 3162 732 τῇ
3219 664 3467 733 ἐπιούσῃ.
3502 664 3659 718 Τὰδ
3717 667 3849 719 αὐτὶ

2285 747 2378 798 καὶ
2416 746 2492 816 τῷ
2521 749 2832 818 Δημοχάρει
2875 749 3211 818 συμσέϐηκε,
3253 751 3344 802 καὶ
3377 737 3706 821 ἡτοιμάζετο
3755 757 3847 806 κάν

2285 839 2480 901 κεῖνος,
2512 838 2587 901 ὡς
2616 839 2726 901 τοῖς
2769 838 3050 909 πολεμίοις
3111 836 3560 909 ὲπελευσόμενος,
3616 845 3716 896 καὶ
3764 845 3846 895 τὸν

2284 924 2478 990 Σέξτον
2510 927 2565 980 δέ
2589 927 3000 997 μετεπέμψατο.
3052 928 3265 998 Ἡμέρα
3293 945 3352 980 τε
3385 929 3482 997 ήδη
3537 930 3843 999 ὑπέλαμπε,

2285 1014 2380 1067 καὶ
2425 1014 2590 1084 ἄμφω
2625 1017 2694 1068 τά
2723 1021 2951 1070 ναυτικά
2982 1018 3070 1069 ἐπ’
3112 1018 3316 1086 ἄλληλα
3362 1018 3574 1083 ἔπλεον,
3610 1023 3706 1072 καὶ
3751 1020 3846 1088 τῆς

2285 1107 2590 1176 ναυμαχίας
2623 1108 2961 1178 ἀπήρξαντυ,
2996 1111 3091 1160 καὶ
3117 1110 3211 1162 ἐπὶ
3243 1109 3493 1162 πλεῖστον
3531 1109 3634 1178 μὲν
3665 1112 3846 1179 ἀγχω-

2289 1197 2476 1264 μάλως
2505 1199 2862 1266 ἠγωνίσαντο.
2909 1200 3032 1269 me
3051 1201 3095 1252 δ’
3116 1196 3210 1252 οὖν
3229 1217 3357 1253 ποτε
3394 1203 3487 1254 καὶ
3518 1202 3652 1272 πρὸς
3680 1202 3780 1253 νύκ
3813 1216 3845 1252 α

2284 1287 2386 1358 ήδη
2420 1290 2467 1338 οἱ
2499 1288 2589 1340 τοῦ
2623 1290 2895 1360 Καίσαρος
2935 1291 3266 1361 ἐκράτησαν,
3299 1292 3360 1344 οὐ
3396 1291 3578 1362 μέντοι
3609 1299 3705 1344 καὶ
3729 1294 3849 1342 ἐπε-

2283 1377 2494 1442 δίωξαν.
2526 1382 2740 1450 Καῖσαρ
2779 1381 2864 1445 δὲ,
2898 1381 2992 1434 τοῦ
3021 1381 3214 1448 Σέξτου
3239 1382 3300 1434 ἐκ
3331 1383 3429 1452 τῆς
3453 1383 3710 1450 Μεσήνης
3762 1381 3846 1433 δια

2281 1469 2381 1538 τὴν
2436 1471 3128 1540 ναυμαχίανάπάραντος,
3178 1473 3476 1535 ἀκινδύνως
3542 1472 3846 1540 ἐπεραιώθη

2285 1561 2418 1626 πρὸς
2444 1559 2836 1629 Ταυρομένιον.
2878 1561 3017 1631 Ἤδη
3051 1561 3110 1615 δὲ
3152 1561 3252 1630 τῆς
3285 1561 3594 1635 ναυμαχίας
3627 1560 3847 1614 nauus!-

2286 1663 2384 1715 σης
2419 1647 2620 1718 σπουδῇ
2650 1649 2786 1718 πρὸς
2817 1648 2914 1721 τὴν
2931 1652 3188 1722 Μεσήνην
3219 1654 3246 1704 6
3269 1652 3459 1717 Σέξτος
3479 1653 3848 1719 deﬂagrat

2288 1737 2472 1809 μαθὼν
2507 1741 2882 1810 περαιωθέντα
2916 1741 3007 1794 τὸν
3036 1743 3312 1814 Καίσαρα,
3343 1742 3672 1811 προσέμιξεν
3702 1743 3846 1813 αὐτῷ

2285 1831 2423 1884 κατά
2469 1832 2589 1902 γῆν.
2616 1833 2724 1885 Καὶ
2751 1834 2779 1885 6
2821 1830 3046 1906 Καῖσαρ
3074 1835 3168 1887 τοῦ
3202 1853 3259 1887 τε
3291 1835 3551 1890 ναυτικοῦ
3580 1836 3639 1888 τὺ
3668 1835 3844 1889 πλεῖον

619 1924 912 1979 rentibus:
953 1926 1117 1996 idque
1165 1944 1262 1996 per
1325 1927 1562 1979 triduum
1623 1926 1858 1979 duravit.
1923 1924 2180 1977 Extremo

2285 1922 2516 1976 ἀπέϐαλε
2547 1924 2642 1976 καὶ
2688 1924 2847 1987 αὐτὸς
2894 1926 3074 1993 ὀλίγου
3111 1927 3562 2001 προσδιεφθάρη·
3615 1927 3753 1989 τέως
3803 1924 3844 1977 δ’

619 2030 752 2068 vero
806 2017 891 2071 die
926 2032 1048 2070 cum
1096 2019 1290 2072 Sextus
1328 2020 1489 2072 etiam
1534 2018 1865 2078 advenisset,
1924 2015 2168 2084 undique

620 2107 798 2160 vexati
846 2121 1037 2164 omnes
1091 2108 1416 2178 periissem,
1475 2110 1578 2164 nisi
1624 2108 1942 2178 Pompeiani
2007 2107 2181 2160 coacti

621 2205 805 2250 essent
855 2200 1215 2255 retrocedere.
1262 2201 1496 2270 Aggripa
1557 2200 1703 2254 enim
1763 2199 1941 2253 navali
2000 2213 2182 2269 pugna

619 2287 818 2347 victor,
851 2287 1092 2343 Siciliam
1125 2291 1405 2359 ingressus
1426 2329 1441 2354 ,
1472 2289 1737 2345 exercitui
1764 2284 2184 2343 frumentumet

617 2377 816 2432 auxilia
861 2380 1014 2435 misit
1063 2397 1078 2433 :
1135 2381 1292 2452 cujus
1337 2380 1630 2435 adventum
1677 2388 1926 2433 metuens
1968 2377 2184 2443 Sextus,

618 2479 766 2524 tanta
805 2470 1156 2528 festinatione
1190 2475 1441 2538 recessit,
1494 2481 1553 2526 ut
1602 2472 1992 2541 impedimenta
2038 2487 2186 2541 qua-

619 2560 742 2614 dam
789 2567 856 2614 ’et
926 2573 1291 2617 commeatum
1339 2564 1392 2616 in
1464 2563 1768 2617 munitione
1830 2563 2184 2631 relinqueret,

618 2666 730 2717 quo
796 2654 1087 2707 sustentati
1147 2654 1527 2717 Corniﬁciani,
1584 2653 1823 2709 ubi‘ad
1888 2653 2178 2724 Agrippam

619 2753 1011 2807 pervenerunt,
1047 2759 1077 2797 a
1106 2743 1317 2800 Caesare
1348 2744 1600 2800 laudibus
1636 2754 1690 2800 et
1735 2746 2055 2800 muneribus
2089 2759 2174 2800 re-

619 2832 785 2887 creati
823 2841 971 2885 sunt.

2279 2011 2375 2068 οὖν
2410 2017 2490 2078 είς
2539 2017 2637 2086 τὴν
2696 2017 2926 2088 ήπειρον
2973 2019 3342 2072 διασέσωστο’
3399 2020 3596 2089 ήχθετο
3644 2020 3699 2073 δὲ
3755 2018 3844 2071 τοῦ

2281 2105 2688 2176 στρατεύματος
2717 2108 2775 2159 εν
2803 2110 3043 2178 τῇνήσῳ
3066 2109 3502 2179 ἀπειλημμένου,
3531 2118 3624 2163 καὶ
3638 2112 3697 2163 οὗ
3723 2111 3846 2180 πρὶν

2280 2193 2656 2265 ἀνεθάρσησεν
2680 2195 2783 2259 ἕως
2812 2196 2967 2266 ίχθὺς-
3002 2196 3288 2267 ἀναθορὼν
3309 2199 3385 2250 ἐκ
3416 2198 3516 2267 τῆς
3573 2199 3846 2264 θαλάσσης

2282 2286 2595 2356 αὐτόματος
2655 2287 2792 2357 πρὸς
2819 2287 2946 2351 τοὺς
2969 2289 3136 2352 πόδας
3157 2288 3322 2342 αὐτοῦ
3343 2288 3526 2345 ἐπεσε.
3551 2289 3720 2342 Τοῦτο
3743 2287 3844 2357 γάρ

2282 2379 2333 2432 ot
2369 2378 2593 2448 μάντεις
2616 2379 2812 2449 δηλοῦν
2846 2369 3208 2449 ἐξηγήσαντο,
3242 2381 3325 2434 δτι
3370 2380 3699 2434 δουλώσεται
3751 2382 3845 2446 τὴν

2281 2469 2576 2523 θάλασσαν.
2597 2469 2661 2522 Ἦ
2683 2469 2739 2522 δὲ
2769 2468 2863 2544 τοᾷ
2877 2470 3162 2539 Καίσαρος
3192 2469 3420 2540 στρατιά
3460 2456 3844 2538 ἐπολιορκεῖτο,

2279 2563 2376 2614 καὶ
2403 2562 2524 2614 ἐπεὶ
2553 2562 2622 2614 τὰ
2662 2561 2946 2632 ἐπιτήδεια
2977 2563 3238 2616 ἐπέλιπον
3286 2564 3445 2632 σφᾶς,
3483 2565 3576 2615 καὶ
3601 2566 3627 2616 6
3656 2563 3847 2633 βοηθή-

2291 2669 2402 2705 σων
2435 2652 2534 2704 οὐκ
2566 2648 2654 2722 ἦν,
2713 2653 2740 2704 6
2790 2652 2996 2723 ταύτης
3049 2654 3232 2722 ἄρχων
3279 2655 3674 2724 Κουρνοφίκιος
3699 2654 3767 2704 τά
3796 2669 3850 2703 τε

2274 2745 2457 2815 σκάφη
2481 2745 2582 2797 ὅσα
2605 2746 2667 2797 ἐκ
2695 2745 2793 2813 τῆς
2816 2745 3123 2814 ναυμαχίας
3136 2745 3509 2813 περισέσωστο
3540 2744 3738 2796 έκαυσε
3761 2743 3848 2794 καὶ

2275 2835 2437 2895 αὐτὸς
2471 2835 2608 2902 πρὸς
2643 2834 2740 2896 τὰς
2802 2835 2992 2898 Μύλας
3058 2835 3238 2901 ἀπῆγε
3271 2836 3371 2900 τὴν
3417 2834 3698 2904 στρατιάν·
3764 2835 3851 2884 καὶ

618 2922 782 2975 πολλὰ
809 2924 1163 2996 ἐκακώθησαν
1195 2928 1344 2997 παρὰ
1372 2926 1478 2978 τῶν
1513 2926 1768 2978 ἐναντίων
1821 2924 2172 2994 ἐφεπομένων
2214 2924 2400 2983 αὐτοῖς
2461 2923 2516 2976 ἐν
2549 2942 2606 2976 τε
2638 2926 2702 2993 τῇ
2769 2923 2904 2995 ἄλλῃ
2931 2925 3126 2994 πορείᾳ
3155 2926 3249 2978 καὶ
3287 2925 3489 2994 μᾶλλον
3514 2925 3570 2976 ἐν
3601 2926 3717 2986 ταῖς
3749 2924 3852 2975 τῶν

617 3021 875 3089 ποταμῶν
909 3022 1211 3090 διαϐάσεσι,
1256 3025 1350 3076 καὶ
1382 3022 1474 3075 ἐπὶ
1510 3023 1656 3092 τρεῖς
1698 3021 1913 3092 ἡμέρας
1979 3021 2218 3091 ἔπασχον
2281 3021 2473 3082 οὕτως.
2510 3020 2589 3088 Τῇ
2631 3020 2686 3072 δέ
2720 3037 2783 3088 γε
2829 3017 3114 3090 τελευταία
3145 3022 3321 3089 πάντη
3353 3020 3552 3082 αὐτοὺς
3576 3022 3853 3073 ἐκάκωσαν

619 3111 1049 3181 προσγενομένου
1098 3113 1280 3175 αὐτοῖς
1312 3113 1405 3164 καὶ
1444 3111 1534 3164 τοῦ
1583 3111 1794 3176 Σέξτου.
1835 3111 1945 3164 Καὶ
1982 3112 2184 3174 πάντες
2227 3111 2292 3164 ἂν
2358 3109 2754 3178 διεφθάρησαν,
2789 3109 2837 3161 εί
2867 3111 2942 3179 μὴ
2997 3109 3146 3178 σφῶν
3177 3108 3271 3163 καὶ
3300 3109 3523 3170 ἄκοντες
3555 3109 3853 3177 ἀπέσχοντο

619 3204 668 3257 οἱ
700 3201 969 3270 πολέμιοι.
1023 3203 1084 3256 '0
1142 3201 1248 3271 γὰρ
1301 3202 1612 3271 Ἀγρίππας
1664 3204 1894 3271 νικήσας
1953 3202 2053 3272 τὴν
2108 3199 2438 3271 ναυμαχίαν,
2506 3201 2560 3262 ἐς
2635 3200 2887 3252 Σικελίαν
2951 3199 3286 3269 ἐπεραιώθη,
3335 3200 3431 3252 καὶ
3474 3201 3619 3251 οῖ;όν
3677 3216 3735 3251 τε
3780 3201 3853 3270 τῷ

623 3285 838 3361 στρατῷ
865 3291 1242 3362 και-βοήθειαν
1274 3291 1511 3362 ἔπεμψε.
1559 3293 1670 3346 Καὶ
1709 3293 1736 3344 6
1790 3290 2005 3356 Σέξτος,
2031 3291 2194 3344 αὑτὸν
2235 3290 2326 3342 τὸν
2391 3289 2705 3358 Ἀγρίππαν
2733 3287 2884 3364 ήξειν
2910 3289 3028 3340 ἐκεῖ
3047 3287 3427 3357 προσδοκήσας
3449 3289 3543 3341 καὶ
3578 3288 3851 3357 φοὸηθεὶς.

623 3381 823 3452 σπουδῇ
853 3366 1219 3452 ἀνεχώρησεν,
1249 3382 1390 3434 ὥστε
1425 3383 1594 3452 σκεύη
1632 3382 1754 3435 τινὰ
1783 3384 1878 3458 καί
1904 3383 2187 3452 ἐπιτήδεια
2225 3379 2550 3448 καταλεῖψαι
2585 3382 2642 3432 ἐν
2699 3379 2773 3448 τῷ
2799 3380 3054 3450 ἐρύματι,
3091 3378 3149 3441 ἐξ
3177 3372 3252 3432 ὧν
3282 3381 3580 3451 τραφέντες
3613 3381 3660 3431 oi
3732 3397 3856 3449 περὶ

620 3477 712 3529 τὸν
742 3474 1132 3546 Κουρνοφίκιον
1161 3476 1296 3543 πρὸς
1347 3475 1438 3527 τὸν
1462 3475 1774 3543 Ἀγρίππαν
1799 3476 2066 3547 ἀπῄεσαν
2099 3474 2189 3537 οὒς
2229 3477 2257 3527 6
2293 3475 2511 3543 Καίσαρ
2542 3473 2786 3537 ἐπαίνοις
2810 3476 2904 3525 καὶ
2932 3473 3165 3542 δωρεαῖς
3192 3471 3548 3542 ἀνεκτήσατο.

697 3567 861 3623 XXV.
901 3569 1030 3623 Pest
1067 3569 1181 3623 liazc
1207 3584 1330 3623 cum
1358 3569 1554 3624 Sextus
1577 3570 1630 3624 in
1657 3570 1897 3624 Siciliain
1925 3572 2184 3634 venisset,

2365 3564 2493 3621 KE'.
2532 3567 2683 3620 Μετά
2710 3565 2871 3619 τοῦτο
2898 3565 2944 3618 δ’
2971 3568 3027 3628 ἐς
3058 3566 3308 3619 Σικελίαν
3342 3567 3546 3619 ἐλθόντι
3597 3568 3673 3638 τῷ
3718 3569 3855 3620 Καί-

625 3655 692 3708 ad
716 3654 1067 3707 Artemisium
1094 3662 1274 3708 castra
1303 3657 1484 3723 posuit
1514 3673 1528 3708 :
1565 3657 1654 3710 ubi
1683 3672 1806 3710 eum
1834 3658 1976 3711 inter
2000 3673 2057 3711 se
2091 3672 2186 3710 ve-

620 3750 934 3810 litarentur.
966 3747 1154 3802 Gallus
1186 3762 1314 3802 suns
1352 3749 1539 3818 copias
1565 3763 1690 3802 cum
1716 3749 1914 3815 Sexto,
1949 3748 2188 3817 Lepidus

628 3855 750 3894 cum
814 3838 1026 3893 Casare
1081 3840 1405 3908 conjunxit;
1439 3822 1522 3893 ‘ae
1563 3841 1650 3894 ille
1691 3840 1911 3910 quidem
1962 3840 2185 3894 Sextum

627 3930 990 3992 conﬁrmavit.
1028 3929 1116 3983 bic
1148 3938 1329 3982 autem
1358 3943 1481 3982 cum
1513 3929 1723 3983 Caesare
1755 3928 1914 3998 517
1959 3939 2191 3983 conten-

628 4023 748 4086 dit;
784 4037 905 4075 nam
929 4037 993 4074 ex
1030 4036 1186 4090 aequo
1217 4036 1340 4075 cum
1375 4037 1441 4075 eo
1462 4020 1849 4074 administrare
1877 4020 2050 4073 voluit
2076 4034 2192 4073 om-

630 4114 752 4177 nia;
774 4111 954 4167 Caesar
975 4127 1102 4165 vero
1123 4126 1190 4165 eo
1210 4125 1309 4180 pro
1331 4111 1507 4180 legato
1534 4111 1587 4163 in
1606 4111 1860 4164 omnibus
1886 4110 1960 4163 uti
1980 4110 2151 4162 voluit
2175 4127 2189 4163 :

627 4219 799 4273 quare
866 4201 932 4256 ad
983 4201 1203 4257 Sextum
1254 4199 1554 4265 inclinaiit,
1616 4207 1672 4254 et
1734 4201 1875 4253 clam
1932 4191 2056 4253 cum
2126 4215 2192 4253 eo

630 4295 793 4350 verba
850 4294 1116 4359 contulit;
1175 4307 1285 4364 quo
1333 4292 1506 4351 Czcsar
1543 4290 1970 4353 animadverso,
2018 4289 2194 4358 primo

635 4399 851 4454 quoque
876 4392 1114 4453 tempore
1147 4384 1464 4453 priusquam
1512 4381 1717 4456 aliquid
1747 4390 2061 4444 novaretur,
2096 4378 2192 4432 de-

635 4488 860 4528 cernere
893 4487 1016 4527 cum
1043 4471 1207 4526 Sexto
1239 4471 1490 4524 instituit.
1511 4464 1655 4524 'Cum
1687 4470 1937 4538 praelium
1972 4469 2025 4522 in
2058 4468 2192 4522 mari

635 4565 984 4619 commissum
1021 4562 1341 4632 longissimo
1370 4571 1641 4630 tempore,
1674 4560 1906 4612 victoria
1945 4566 2194 4612 neutram

638 4654 697 4708 in
743 4666 950 4724 partem
989 4654 1284 4708 inclinante
1323 4651 1570 4716 duraret,
1632 4651 1850 4718 utrique
1914 4647 2194 4718 pedestres

638 4748 912 4801 exercitus
942 4745 995 4799 in
1043 4745 1323 4816 procinctu
1362 4752 1506 4796 terra
1537 4749 1764 4806 stantes,
1805 4748 2060 4794 eventum
2095 4737 2196 4793 sol-

641 4840 828 4912 licitati
865 4839 1305 4914 speculabantur.
1336 4833 1503 4888 Sexto
1539 4832 1755 4887 tandem
1786 4831 2090 4902 proﬂigato,
2120 4831 2194 4884 al-

644 4931 744 4982 teri
798 4910 1020 4998 pteanes
1058 4910 1349 4988 canebant,
1392 4925 1547 4978 alteri
1601 4923 2039 4977 lamentabantur
2081 4939 2094 4975 :
2133 4937 2197 4976 ac

2293 3674 2418 3726 σαρι
2476 3659 2605 3726 περὶ⁵
2628 3659 3054 3726 τδἌρτεμίσιον
3110 3657 3138 3718 6
3183 3655 3374 3719 Σέξτος
3416 3659 3853 3724 ’ἀντεστρατοπε-

2289 3748 2534 3801 δεύσατο.
2571 3748 3045 3817 ’Λντικαθημένων
3067 3744 3112 3797 δ’
3143 3745 3394 3815 ἀλλήλοις
3434 3749 3528 3798 καὶ
3572 3745 3855 3816 ἀκροϐολι-

2291 3839 2534 3908 ζομένων
2567 3839 2769 3907 τῷμέν
2796 3839 2975 3909 Σέξτῳ
3024 3841 3051 3892 6
3101 3840 3324 3902 Γάλλος,
3379 3839 3454 3908 τῷ
3513 3839 3568 3893 δὲ
3623 3840 3857 3909 Καίσαρι

2289 3932 2316 3980 6
2338 3929 2566 3992 Λέπιδος
2586 3931 2682 3982 σὺν
2713 3933 2836 3993 ταῖς
2864 3930 3130 4000 δυνάμεσι
3158 3932 3529 4000 προσήνωντο.
3572 3932 3677 3984 Καὶ
3697 3933 3726 3983 6
3756 3930 3852 3999 μὲν

2291 4019 2493 4081 Γάλλος
2527 4019 2809 4092 ἐπέρρωσε
2833 4020 2924 4072 τὸν
2956 4021 3170 4086 Σέξτον,
3202 4023 3230 4073 6
3255 4021 3309 4072 δέ
3337 4020 3566 4082 Λέπιδος
3601 4020 3852 4090 διηνέχθη

2292 4109 2370 4179 τῷ
2405 4109 2671 4180 Καίσαρι,
2695 4111 2855 4173 αὐτὸς
2898 4112 2996 4180 μὲν
3025 4114 3090 4185 ἐκ
3120 4129 3216 4165 του
3249 4101 3378 4167 ’ίσου
3419 4111 3739 4163 συνδιοικεῖν
3765 4111 3855 4162 αὐ-

2293 4199 2372 4268 τῷ
2405 4200 2473 4252 τὰ
2498 4201 2678 4274 πάντα
2708 4199 3050 4270 βουλόμενος,
3075 4201 3285 4255 ἐκείνου
3342 4200 3399 4254 δέ
3458 4200 3532 4262 ὼς
3580 4199 3849 4269 ὑποστρα-

2293 4292 2447 4362 τήγῳ
2482 4291 2629 4362 αὐτῷ
2663 4293 2949 4361 χρωμένου
2994 4295 3051 4344 ἐν
3088 4293 3279 4346 ἅπασι.
3343 4293 3434 4344 Διὸ
3476 4291 3567 4344 καὶ
3605 4291 3855 4362 πρδςντὸν

2297 4383 2488 4448 Σέξτον
2521 4382 2802 4446 ἀπέκλινε,
2836 4383 2931 4435 καὶ
2974 4382 3365 4451 ἐκοινολογεῖτο
3420 4383 3489 4436 δι’
3535 4383 3855 4454 ἀπορρήτων

2295 4471 2466 4540 αὐτῷ.
2530 4473 2595 4524 Ὃ
2645 4473 2952 4542 ὑπονοήσας
2989 4473 3020 4523 ὁ
3070 4473 3290 4542 Καίσαρ
3341 4472 3578 4525 ἔσπευσε
3633 4470 3763 4540 πρίν
3809 4486 3854 4519 τι

2295 4561 2676 4632 νεοχμωθῆναι
2705 4561 2794 4614 διὰ
2834 4563 3022 4633 μάχης
3084 4556 3396 4632 τῷ¹Σέξτῳ
3443 4565 3712 4632 χωρῆσαι.
3755 4558 3857 4613 Καὶ

2297 4652 2601 4726 ναυμαχίας
2627 4669 2686 4704 τε
2717 4654 2858 4704 κατὰ
2888 4653 3587 4724 θάλασσαν-συρρυείσης.
3619 4653 3710 4707 καί
3726 4651 3856 4702 κατὰ

2297 4744 2400 4811 γῆν
2427 4741 2535 4793 τῶν
2575 4741 2756 4805 πεζῶν
2794 4743 2996 4811 ἀμφοῖν
3028 4743 3530 4813 παρατεταγμένων
3578 4743 3671 4795 ἐπὶ
3727 4743 3850 4793 πολὺ

2301 4835 2399 4903 τῆς
2421 4833 2731 4902 ναυμαχίας
2761 4834 3055 4907 γινομένης
3089 4835 3393 4906 ίσορῤὁπου
3423 4850 3479 4885 τε
3514 4835 3609 4886 καὶ
3675 4834 3854 4885 laom-

2236 4905 2277 4959 Β
2304 4920 2450 4984 λοῦς,
2487 4919 2554 4971 τά
2582 4920 2721 4983 πεζά
2750 4921 2845 4974 καὶ
2871 4905 3038 4991 ἄμφω
3066 4905 3457 4992 στρατεύματα
3511 4919 3748 4973 ἐθεῶντο
3772 4919 3857 4972 καὶ

642 5020 790 5076 Sexti
822 5021 1038 5090 pedites
1070 5057 1084 5081 ,
1115 5021 1270 5088 quasi
1307 5027 1363 5071 et
1396 5017 1497 5085 ipsi
1541 5031 1645 5069 una
1686 5029 1811 5069 cum
1849 5015 2026 5067 classe
2070 5013 2177 5067 vict

2305 5010 2575 5078 ἠγωνίων.
2618 5011 2776 5063 Ἐπεὶ
2803 5011 2850 5063 δ’
2874 5012 2924 5063 ot
2968 5010 3064 5063 τοῦ
3096 5009 3290 5076 Σέξτου
3313 5012 3631 5082 ἐτράποντο,
3657 5014 3709 5062 et
3765 5009 3857 5078 μὲν

643 5118 846 5171 essent,
901 5106 1202 5163 Messanam
1260 5104 1572 5159 tendebant.
1619 5103 1799 5160 Caesar
1849 5118 1977 5157 vero
2025 5102 2184 5155 victm

2306 5103 2653 5164 ἐπαιάνισαν,
2688 5105 2735 5156 ot
2759 5101 2804 5154 δ’
2840 5102 3198 5171 ὠλοφύροντο.
3243 5102 3351 5156 Καὶ
3389 5104 3438 5155 oi
3480 5103 3581 5170 μὲν
3606 5101 3703 5154 τοῦ
3728 5099 3851 5166 Σέξ-

645 5199 739 5268 qui
769 5199 823 5251 in
847 5192 1046 5251 terrain
1070 5197 1387 5258 enatabant,
1418 5195 1730 5264 excipiebat
1756 5211 1771 5253 ;
1806 5203 2053 5247 et'naves
2080 5207 2184 5260 qua

2306 5212 2400 5246 του
2467 5194 2626 5258 πεζοὶ
2673 5198 2807 5266 πρὸς
2846 5196 2944 5265 τὴν
3000 5181 3259 5266 Μεσήνην
3309 5195 3598 5266 ἐχώρουν,
3636 5196 3732 5249 ἀτε
3773 5196 3856 5247 καὶ

649 5300 807 5342 terra:
848 5287 1236 5351 allidebantur,
1275 5285 1627 5340 incendebat.
1659 5285 1872 5339 Interea
1900 5282 2184 5336 Democlia‘

2315 5286 2471 5338 αὐτοὶ
2531 5285 2952 5358 συνηττηθέντες
2999 5287 3078 5356 τῷ
3129 5286 3389 5355 ναυτικῷ.
3453 5283 3511 5339 ’0
3540 5286 3598 5338 δὲ
3650 5285 3856 5353 Καίσαρ

647 5395 732 5434 res
769 5379 872 5432 sibi
910 5376 1009 5446 ipsi
1043 5392 1230 5430 manus
1258 5377 1440 5430 attulit
1475 5392 1490 5429 :
1538 5373 1902 5442 Apollodorus
1931 5372 1997 5425 ad
2029 5370 2184 5424 Caesa-

2307 5379 2434 5457 τοὺς
2464 5379 2828 5457 ἐκπίπτοντας
2857 5377 2967 5430 τῶν
2995 5378 3323 5448 ἡττωμένων
3350 5377 3431 5438 είς
3454 5376 3551 5445 τὴν
3589 5376 3698 5446 γῆν
3751 5375 3858 5440 t5:-

649 5485 761 5523 rcm
801 5470 1021 5523 defecit.
1063 5467 1208 5522 idem
1246 5478 1443 5536 praeter
1475 5467 1612 5520 alios
1645 5473 1700 5518 et
1740 5463 1961 5525 Gallus,
1998 5473 2053 5516 et
2079 5463 2184 5532 ejus

2303 5453 2489 5535 δέχετο
2516 5467 2608 5518 καὶ
2629 5453 2738 5518 τῶν
2757 5467 2984 5535 σκαφῶν
3005 5467 3106 5520 ὅσα
3128 5464 3500 5534 προσὼκειλον
3525 5465 3852 5534 ἐνεπίμπρα.

645 5561 860 5630 equites
905 5574 1135 5623 omnes,
1185 5567 1238 5612 et
1269 5558 1485 5626 quidem
1533 5555 1744 5624 pedites
1794 5553 1988 5605 imitati
2052 5561 2179 5604 sunt

2313 5555 2640 5624 Κάντούτῳ
2674 5559 2701 5609 6
2726 5556 2825 5626 μέν
2853 5556 3162 5625 Δημὸχαρις
3206 5556 3398 5608 έαυτδν
3456 5553 3792 5622 ἀπέσφαξεν,
3832 5554 3856 5603 6

650 5653 837 5722 Itaque
884 5647 1101 5713 Sextus,
1149 5647 1452 5718 desperatis
1487 5647 1649 5699 rebus
1677 5642 1784 5698 ﬁlia
1822 5658 1945 5697 cum
1985 5642 2106 5694 aliis
2149 5657 2177 5695 e

2310 5648 2353 5700 δ’
2395 5645 2792 5717 Ἀπολλόδωρος
2834 5646 2910 5714 τῷ
2944 5646 3186 5717 Καίσαρι
3222 5647 3646 5724 προσεχώρησε.
3700 5646 3857 5699 Τοῦτ)

652 5743 882 5812 pecunia
934 5752 989 5792 et
1043 5732 1456 5809 pretiosissimis
1521 5735 1830 5804 quibusque
1891 5734 2056 5786 rebus
2120 5734 2180 5782 lii-

2314 5737 2370 5788 δὲ
2412 5736 2561 5788 ἄλλοι
2587 5752 2644 5788 τε
2679 5735 2772 5786 καὶ
2800 5735 2827 5785 6
2854 5733 3055 5797 Γάλλος
3081 5735 3174 5787 καὶ
3204 5735 3254 5813 οἱ
3281 5729 3465 5798 ἱππεῖς
3495 5736 3542 5786 oi
3570 5737 3670 5789 σὺν
3719 5733 3855 5802 αὐτῷ

621 5814 910 5889 .missiniis
951 5832 1181 5886 navibus
1225 5829 1529 5898 impositis,
1579 5836 1756 5880 noctua
1790 5826 1965 5888 abiit,
2019 5841 2178 5894 perse

2317 5827 2512 5887 πάντες
2547 5825 2636 5876 καί
2681 5840 2823 5886 τινες
2868 5824 2975 5881 τῶν
3007 5825 3187 5890 πεζῶν
3227 5827 3612 5895 πεποιήκασιν.
3654 5826 3711 5886 '0
3740 5823 3854 5887 Σέξ·
