4012 6330
138 457 239 519 ίιθῖθ

1417 465 1815 525 ANNALIUM
1856 465 2003 528 LIB.
2044 468 2115 529 Χ.

3249 476 3358 538 2-90

140 566 214 627 είς
248 566 413 618 αὐτὸν
442 565 801 636 ἐμϐάλλοντος
846 567 1213 635 γλυκαίνεται.
1244 568 1509 623 Κάκεῖθεν
1537 572 1614 633 είς
1644 570 1696 622 τδ

1802 569 1940 625 Cum
1971 587 2132 627 nemo
2171 582 2357 628 contra
2406 575 2631 629 classem
2666 577 2945 655 educeret,
2979 596 3157 651 neque
3204 584 3364 652 quid-

144 656 367 710 ’Δκτίον
395 657 566 711 ἔπλει.
614 657 773 720 ⁹Ω;κδ’
810 659 981 722 οὐδεὶς
1012 659 1136 712 οὔτε
1182 660 1451 723 ἁντέπλει,
1485 660 1605 714 οὔτε
1637 664 1693 725 ἐς

140 749 332 827 λόγους
368 749 455 819 ᾔει
509 750 681 820 αύτῷ,
718 751 749 821 ἢ
780 752 914 820 πρδς
947 751 1126 820 μάχην
1154 750 1187 819 ἢ
1220 750 1354 820 πρὸς
1404 751 1693 820 ὁμολογίαν

139 841 529 910 ἐπικαλουμένῳ
559 841 682 904 τοὺς
742 842 1037 908 ἐναντίους,
1087 841 1346 893 κατέλαϐε
1396 843 1456 894 τὸ
1498 842 1695 910 χωρίον

138 933 299 985 υῦτο
330 935 387 985 ἐν
491 931 585 985 νῦν
606 937 750 986 ἐστιν
780 936 813 1003 ἡ
854 934 1169 996 Νικόπολις,
1207 934 1313 985 κάκ
1341 933 1530 985 τούτου
1560 933 1695 999 ἐφή-

138 1024 300 1092 δρευε
326 1024 405 1094 τῷ
445 1022 645 1095 Ἀκτίῳ
677 1025 817 1078 κατὰ
846 1027 1036 1092 γῆντε
1067 1025 1161 1076 καὶ
1200 1023 1495 1077 θάλασσαν.
1545 1024 1617 1074 Τὸ
1640 1023 1697 1073 δὲ

140 1115 362 1167 Ἄκτιον
411 1116 460 1167 oi
530 1115 625 1167 τοῦ
696 1114 989 1167 ’Δντωνίου
1056 1113 1559 1185 προκατελάϐοντο,
1606 1113 1699 1165 καὶ

138 1205 371 1275 πύργοις
418 1206 718 1276 ὠχύρωσαν
754 1204 1114 1275 ἑκατέρωθεν.
1175 1205 1329 1259 Ἑπεὶ
1369 1204 1425 1257 δὲ
1479 1204 1577 1275 τὴν
1606 1204 1699 1256 τοῦ

114 1278 419 1364 Καίσαρος
476 1293 657 1362 ἄφιξιν
712 1294 941 1347 ἐπύθετο
994 1297 1023 1348 6
1088 1296 1407 1359 Ἃντώνιος,
1461 1294 1698 1363 ἠπείχθη

141 1385 280 1451 μετά
328 1386 437 1438 τῶν
473 1385 599 1456 περὶ
635 1386 801 1439 αὑτὸν
854 1387 933 1449 είς
963 1385 1025 1439 τὸ
1078 1386 1331 1437 ΙἌκτιον·
1395 1385 1495 1437 οὐκ
1541 1384 1704 1447 εὐθὺς

141 1473 324 1540 μέντοι
353 1477 448 1527 καὶ
478 1476 805 1545 ἠγωνίσατο,
844 1476 1023 1529 καίτοι
1081 1474 1174 1528 τοῦ
1222 1475 1495 1545 Καίσαρος
1540 1474 1703 1526 παντὶ

136 1566 287 1635 τόπῳ
313 1570 391 1627 εἰς
422 1568 607 1632 ἀγῶνα
630 1566 818 1619 τοῦτον
844 1566 1142 1635 ἐνάγοντος
1164 1583 1175 1596 ι
1223 1564 1635 1636 ἀκροϐολισμοῖς
1658 1562 1703 1615 δ⁹

137 1659 224 1710 ἐπὶ
258 1659 477 1721 πλείους
502 1660 713 1731 ἡμέρας
739 1660 1045 1729 ἐχρήσατο,
1080 1660 1241 1729 μέχρι
1289 1659 1606 1728 συνήθροισε
1639 1657 1707 1709 τά

140 1750 543 1819 στρατεύματα.
581 1752 637 1804 '0
670 1752 726 1804 δι
754 1753 968 1820 Καῖσαρ
1009 1753 1089 1811 είς
1120 1751 1220 1818 τὴν
1255 1748 1479 1802 Ἑλλάδα
1512 1750 1613 1817 τήν
1644 1765 1703 1799 τε

138 1841 477 1895 Μακεδονίαν
529 1842 744 1912 ἔπεμψε
783 1843 1067 1913 στρατιὰν,
1122 1844 1270 1905 ὅπως
1327 1842 1461 1911 πρὸς
1520 1840 1705 1891 ἐκεῖνα

1806 678 1970 738 quam
2006 666 2087 717 vel
2145 666 2211 719 ad
2258 682 2491 735 pugnam
2549 668 2630 721 vel
2684 671 2750 723 ad
2808 670 3141 726 deditionem
3179 674 3362 732 hostes

1801 755 2123 821 provocanti
2172 757 2605 825 responderent:
2647 774 2772 813 eum
2824 765 3112 832 occupavit
3155 765 3358 831 locum,

1798 843 1851 896 in
1890 860 1999 913 quo
2052 860 2196 900 nunc
2247 855 2332 900 est
2377 846 2665 917 Nicepolis,
2723 851 2908 919 ibique
2950 852 3095 908 circa
3144 855 3359 911 Actium

1798 941 1945 986 terra
1974 936 2219 1004 marique
2243 938 2505 990 stationes
2530 939 2739 993 habuit.
2773 942 2906 995 Nam
2938 942 3110 1011 ipsum
3143 946 3357 1001 Actium

1797 1023 2092 1078 Antoniani
2124 1040 2556 1097 praeoccupatum
2590 1032 2834 1085 turribus
2859 1034 3115 1103 utrinque
3148 1038 3365 1092 munieo

1801 1124 1943 1167 rant.
1981 1106 2248 1173 Antonius
2280 1119 2518 1173 adventu
2557 1120 2786 1178 Cesaris
2816 1126 3051 1193 cognito.
3086 1143 3209 1180 cum
3249 1131 3363 1184 suis

1799 1206 2397 1277 Actium‘properavit:
2456 1211 2615 1281 525
2650 1216 2743 1267 sed
2780 1231 2886 1269 non
2918 1219 3101 1271 statim
3156 1235 3365 1288 pugna—

1804 1298 1900 1362 vit,
1937 1299 2183 1367 quamvis
2230 1314 2259 1351 a
2302 1299 2512 1355 Caesare
2549 1304 2723 1357 modis
2775 1308 3033 1362 omnibus
3064 1309 3363 1366 lacessere-

1803 1395 1930 1446 tur:
1972 1389 2341 1443 tumultuariis
2375 1402 2553 1446 tamen
2606 1397 2800 1463 pugnis
2838 1412 2935 1464 per
2965 1398 3083 1452 dies
3116 1402 3363 1470 complu-

1803 1492 1894 1531 res
1918 1480 2170 1543 certavit,
2205 1481 2383 1535 donec
2423 1484 2774 1539 conduxisset
2805 1501 2933 1540 suos
2965 1489 3259 1542 exercitus.
3294 1491 3363 1543 At

1801 1566 1981 1623 Caesar
2012 1570 2063 1622 in
2094 1570 2355 1625 Graeciam
2390 1586 2443 1627 et
2477 1573 2846 1629 Macedoniam
2876 1577 3024 1631 misit
3069 1581 3276 1647 capias,
3305 1588 3364 1633 ut

1804 1660 2099 1721 Antonium
2136 1663 2219 1715 vel
2253 1663 2480 1716 invitum
2534 1666 2663 1717 illuc
2712 1668 3071 1734 pertraheret.
3124 1671 3363 1740 Agrippa

1805 1750 1987 1805 subito
2025 1766 2243 1805 accessu
2270 1750 2519 1806 Leucade
2552 1761 2607 1806 et
2631 1755 2861 1811 navibus
2912 1757 3059 1811 illius
3088 1760 3192 1813 loci
3226 1764 3367 1829 poli-

1809 1847 1898 1894 tus
1922 1849 2024 1898 est,
2079 1842 2280 1895 Patras
2320 1842 2487 1910 cepit.
2537 1842 2862 1900 Corinthum
2912 1847 2978 1901 ad
3031 1850 3362 1905 deditionem

139 1930 444 2003 μενετέγκη
476 1933 570 1985 καὶ
596 1933 799 1987 άκοντα
820 1935 912 1988 τὸν
933 1934 1238 1988 Ἀντώνιον.
1270 1932 1380 1985 Καὶ
1417 1931 1444 1983 6
1469 1930 1696 1998 Ἀγρίπ-

1806 1931 2087 1998 compulit.
2124 1931 2280 1986 Titus
2325 1934 2537 1989 Marcus
2583 1945 2637 1989 et
2667 1937 2879 1993 Taurus
2908 1938 3171 2006 Statilius,
3209 1944 3365 2011 equi-

138 2036 243 2081 πας
265 2020 369 2090 τῆς
399 2038 457 2073 τε
479 2023 747 2085 Λευκάδος
776 2025 870 2076 καὶ
895 2025 1005 2076 τῶν
1034 2025 1093 2076 ἐν
1140 2023 1311 2094 ταύτῃ
1355 2022 1579 2089 σκαφῶν
1614 2022 1701 2073 αί-

136 2112 360 2176 φνιδίως
385 2113 716 2176 ἐπιπλεύσας
745 2114 1038 2185 ἐκράτησε,
1077 2116 1170 2167 καὶ
1199 2115 1418 2183 Πάτρας
1464 2107 1573 2165 εἷλε
1609 2113 1704 2165 καὶ

134 2200 231 2264 τὴν
266 2203 528 2271 Κόρινθον
564 2207 960 2273 παρεστῖσατο.
994 2206 1102 2257 Καὶ
1135 2204 1163 2254 6
1204 2204 1368 2266 Τῖτος
1401 2206 1426 2256 6
1457 2205 1702 2274 Μάρκοε,

136 2290 351 2362 Ἰἀῦρός
411 2311 466 2347 τε
498 2296 525 2347 6
554 2294 829 2356 Στατίλιος
886 2295 947 2348 τὸ
994 2295 1219 2349 ίππικδν
1262 2293 1356 2347 τοῦ
1420 2294 1702 2347 Ἀντωνίου

135 2382 332 2451 ἁθρόον
372 2384 733 2454 ἐκδραμόντες
767 2385 890 2438 συνέ
904 2403 1046 2454 σχον,
1079 2388 1171 2438 καὶ
1194 2386 1519 2453 Φιλάδελφον
1548 2385 1704 2455 βασι-

137 2472 233 2525 λέα
263 2476 646 2543 Παφλαγονίας
674 2478 1160 2546 προσεποιήσαντο.
1198 2478 1308 2529 Καὶ
1332 2479 1360 2529 6
1387 2476 1637 2545 Δομίτιος
1672 2475 1701 2527 6

60 2576 61 2579 ‘
136 2564 326 2627 Γναίος
348 2569 437 2618 καὶ
468 2566 618 2620 ἄλλοι
641 2566 718 2635 τῷ
762 2567 998 2636 Καίσαρι
1029 2565 1479 2637 προσεχώρησαν.
1529 2564 1703 2634 Φοϐηο

138 2654 250 2718 θεὶς
280 2657 375 2710 οὖν
404 2660 431 2710 6
462 2658 770 2724 Ἀντώνιος,
806 2658 879 2730 μὴ
933 2660 1043 2712 ὅσοι
1099 2660 1156 2721 ἐς
1208 2659 1309 2728 τὴν
1366 2655 1703 2711 Μακεδονίαν

141 2748 234 2799 καὶ
256 2747 357 2817 τὴν
370 2748 586 2819 Θρᾴκην
620 2750 973 2820 ἐπέμφθησαν
998 2749 1127 2819 παρ’
1157 2748 1344 2816 αὐτοῦ,
1371 2748 1446 2818 τῷ
1467 2748 1703 2815 Καίσαρι

143 2839 505 2909 πρόσθωνται,
531 2842 758 2911 ὥρμησε
793 2842 928 2912 πρὸς
959 2840 1189 2903 αύτούς.
1238 2841 1355 2891 Κάν
1376 2839 1553 2909 τούτῳ
1578 2856 1707 2891 ναυ-

142 2930 314 2999 μαχία
341 2947 424 2993 τις
456 2931 710 2999 συνίστη,
757 2933 852 2984 καὶ⁵
901 2933 1050 3000 παρὰ
1080 2931 1177 2999 μὲν
1207 2934 1273 3000 τῇ
1312 2928 1503 3000 πρώτῃ
1540 2945 1706 2998 προσ·

139 3018 265 3093 ϐολῇ
311 3021 606 3093 ἐτρέψαντο
647 3024 700 3079 οῖ
739 3023 828 3074 τοῦ
896 3023 1183 3074 Ἀντωνίου
1249 3023 1373 3083 τοὺς
1424 3021 1702 3088 Καίσαρος

141 3111 355 3179 ὀλίγους
416 3112 598 3173 ὄντας.
654 3110 761 3163 Τοῦ
819 3112 876 3165 δὲ
919 3112 1248 3183 Ἀγρίππου,
1298 3104 1341 3178 ᾧ
1376 3113 1485 3163 πᾶν
1524 3112 1703 3163 ἀνεῖτο

140 3203 320 3255 τὸτοῦ
352 3204 627 3273 Καίσαρος
660 3204 929 3269 ναυτικὸν,
973 3204 1115 3275 κατά
1138 3207 1308 3273 τύχην
1332 3204 1702 3274 ἐπιδημήσανο

138 3305 246 3352 τος,
272 3292 329 3344 ού
356 3294 515 3362 μόνον
537 3294 688 3346 οὐδὲν
712 3295 812 3363 τῆς
831 3295 987 3365 νίκης
1014 3297 1061 3347 οί
1089 3295 1182 3349 τοῦ
1224 3296 1510 3349 Ἀντωνίου
1542 3294 1697 3350 ἀπώ-

139 3398 316 3447 ναντο,
343 3383 475 3437 ἀλλὰ
513 3387 607 3437 καὶ
626 3386 923 3439 ἀπώλοντο.
963 3387 1071 3440 Καὶ
1094 3387 1179 3439 διὰ
1208 3388 1366 3441 τοῦτο
1390 3378 1699 3441 ἐπανελθὼν

139 3471 166 3521 6
204 3470 486 3535 Ἀντώνιος
521 3474 833 3543 ίππομαχία
865 3477 973 3527 τινί
995 3478 1131 3546 πρὸς
1165 3478 1263 3546 τὴν
1295 3476 1389 3529 τοῦ
1421 3479 1700 3546 Καίσαρος

139 3557 488 3628 προφυλακὴν
517 3560 749 3629 ἡττήθη.
780 3561 888 3613 Καὶ
925 3563 1048 3613 ἐπεὶ
1087 3561 1154 3614 τὰ
1203 3561 1489 3630 ἐπιτήδεια
1536 3562 1699 3613 αὐτὸν

137 3648 374 3716 ἤρξαντο
392 3650 716 3713 ἐπιλείπειν,
744 3651 942 3723 βουλὴν
965 3654 1267 3723 ἐποιήσατο
1303 3652 1529 3723 πότερον
1556 3650 1699 3704 κατὰ

138 3738 319 3811 χώραν
353 3742 640 3810 μείναντες
670 3742 1219 3809 διακινδυνεύσουσιν,
1263 3743 1296 3812 ἢ
1336 3743 1699 3812 μεταστάντες

138 3837 309 3902 χρόνῳ
333 3835 425 3888 τὸν
464 3835 701 3905 πόλεμον
724 3837 1064 3903 διενέγκωσι.
1100 3836 1211 3889 Καὶ
1237 3835 1392 3888 ἄλλοι
1427 3836 1526 3902 μὲν
1560 3834 1695 3888 ἄλλα

139 3924 579 3989 συνεϐούλευσαν,
631 3928 665 3996 ἡ
700 3926 755 3979 δέ
802 3944 864 3992 γε
909 3910 1255 3997 Κλεοπάτρα,
1288 3925 1358 3977 τά
1409 3924 1696 3994 ἐπικαιρό-

136 4032 269 4071 τατα
304 4016 412 4070 τῶν
442 4015 657 4087 χωρίων
688 4019 951 4085 φρουραῖς
1022 4017 1414 4088 παραδοθῆναι,
1447 4018 1542 4069 καὶ
1573 4016 1698 4078 τοὺς

134 4105 349 4169 λοιποὺς
378 4107 686 4175 συναπᾶραι
715 4109 897 4169 αὐτοῖς
924 4109 1003 4170 είς
1036 4108 1137 4177 τὴν
1161 4108 1435 4175 Αιγυπτον
1463 4106 1697 4174 συμϐουο

136 4197 395 4265 λεύσασα,
422 4199 692 4269 ἐνίκησε.·
722 4200 813 4263 Ei;
846 4199 904 4251 δέ
931 4199 1134 4267 ταύτην
1163 4192 1293 4263 ἦλθε
1324 4199 1422 4264 τὴν
1472 4195 1696 4263 γνώμην

136 4290 239 4343 ὑπὸ
269 4291 512 4360 σημείων
562 4290 946 4361 θορυϐηθεῖσα,
972 4289 1065 4342 καί
1092 4290 1157 4341 ἐκ
1189 4287 1288 4356 τῆς
1314 4286 1407 4338 τοῦ
1438 4285 1697 4355 στρατεύ-

134 4399 301 4450 ματος
323 4382 560 4451 άθυμίας
604 4383 700 4434 καὶ
728 4379 1039 4452 ἀρρωστίας
1063 4378 1305 4444 δείσασα,
1328 4381 1421 4431 καὶ
1446 4376 1537 4429 τὸν
1577 4377 1695 4430 Ἀν-

133 4474 320 4527 τώνιον
370 4474 719 4542 ἐξεφόϐησεν.
765 4474 840 4527 Ού
902 4472 1085 4549 μέντοι
1142 4471 1339 4541 λάθρα,
1406 4469 1527 4521 οὐδὲ
1587 4468 1693 4537 μὴν

1805 2024 1974 2071 tatum
2001 2021 2225 2074 Antonii
2275 2023 2454 2077 subita
2484 2028 2809 2081 excursione
2846 2045 3129 2099 ceperunt,
3162 2043 3216 2087 et
3242 2035 3364 2088 Phi-

1805 2109 2115 2178 ladelphum
2151 2111 2529 2183 Paphlagonia:
2565 2130 2748 2184 regem
2797 2117 2849 2172 iu
2880 2134 3006 2173 suas
3043 2130 3222 2188 partes
3254 2132 3365 2176 tra-

1803 2200 2096 2255 duxerunt.
2129 2200 2228 2263 Cn.
2264 2205 2393 2258 item
2422 2205 2688 2261 Domitius
2718 2218 2773 2263 et
2801 2209 2890 2263 alii
2915 2209 2982 2263 ad
3016 2209 3281 2266 Caesarem
3305 2230 3365 2267 se

1802 2294 2173 2348 contulerunt.
2225 2296 2446 2351 Veritus
2494 2298 2661 2368 igitur
2708 2301 2999 2367 Antonius,
3054 2318 3124 2357 ne
3160 2303 3194 2356 ii
3225 2320 3364 2373 quos

1805 2385 1860 2438 in
1908 2385 2274 2441 Macedoniam
2319 2396 2375 2441 et
2419 2388 2710 2465 Thraciam
2752 2390 3009 2453 misisset,
3046 2391 3188 2445 idem
3216 2392 3361 2447 facc-

1803 2485 1945 2539 rent,
1973 2476 2039 2530 ad
2070 2493 2166 2531 eos
2190 2481 2523 2548 praperavit.
2558 2481 2771 2535 Interea
2810 2482 3098 2535 conﬂictus
3137 2484 3361 2551 quidam

1803 2570 1937 2622 mari
1986 2570 2161 2625 factus
2189 2568 2321 2625 est:
2369 2579 2425 2625 et
2454 2571 2773 2639 Casariani,
2823 2574 2981 2642 pauci
3015 2590 3263 2637 numero,
3293 2575 3362 2628 ab

1802 2657 2127 2712 Antenianis
2172 2660 2444 2729 principio
2485 2661 2647 2729 pulsi.
2700 2660 2803 2716 Sed
2859 2662 3087 2717 fortuito
3115 2663 3364 2732 Agrippa:

1802 2758 2158 2817 superventu.
2193 2751 2285 2818 qui
2312 2753 2407 2805 toti
2434 2750 2754 2808 Caesariana:
2780 2750 2936 2808 classi
2973 2764 3223 2824 praeerat.
3290 2754 3366 2808 fa-

1802 2848 1949 2893 ctum
1966 2850 2071 2903 est,
2094 2850 2152 2894 ut
2182 2841 2257 2895 illi
2289 2857 2394 2895 non
2428 2842 2591 2896 modo
2622 2845 2832 2897 nullum
2867 2845 3102 2900 victoria:
3129 2846 3361 2899 fructum

1802 2942 2081 2999 caperent,
2107 2932 2199 2985 sed
2225 2932 2389 2985 etiam
2420 2932 2732 2988 interirent.
2760 2937 2876 2999 Qua
2905 2934 2972 2989 de
2994 2950 3157 2988 causa
3180 2949 3365 2988 rever-

1801 3036 1894 3075 sus
1925 3021 2213 3086 Antonius,
2243 3024 2479 3091 equestri
2525 3025 2825 3079 certamine
2864 3040 2987 3079 eum
3028 3024 3218 3092 primis
3241 3022 3364 3079 Ca:-

1800 3115 1939 3169 saris
1963 3115 2209 3170 excubiis
2233 3132 2576 3185 congressus,
2606 3118 2914 3172 succubuit.
2956 3116 3023 3169 Et
3058 3121 3183 3185 quia
3208 3131 3364 3170 eom-

1802 3214 2011 3259 meatus
2054 3208 2282 3273 penuria
2342 3207 2591 3261 laborare
2643 3207 2955 3276 incipiebat,
3002 3207 3234 3261 concilio
3275 3209 3361 3262 iu-

1801 3299 1966 3354 dueto
2009 3300 2352 3361 deliberavit.
2408 3316 2478 3354 an
2534 3299 2887 3365 manendum,
2940 3308 2997 3353 et
3026 3299 3215 3354 martis
3243 3298 3359 3353 alea

1800 3391 2195 3458 periclitanda:
2248 3406 2316 3445 an
2368 3404 2499 3444 vero
2542 3390 2651 3444 alio
2701 3390 3039 3456 abeundum,
3067 3399 3124 3443 et
3154 3390 3356 3443 bellum
3390 3442 3393 3443 ν

1800 3480 2106 3533 ducendum
2137 3490 2300 3533 esset.
2352 3481 2489 3534 Aliis
2515 3480 2665 3533 aliud
2716 3480 3086 3541 censentibus,
3125 3480 3355 3549 Cleopa-

1800 3578 1894 3621 tne
1933 3570 2202 3623 sententia
2245 3570 2396 3631 vicit,
2432 3578 2491 3622 ut
2538 3567 3020 3638 opportunissimis
3045 3569 3180 3623 locis
3212 3584 3354 3639 pra:-

1800 3660 1935 3715 sidia
1970 3662 2401 3730 imponerentur,
2429 3660 2611 3715 caeteri
2639 3676 2825 3715 secum
2856 3660 2909 3713 in
2938 3658 3227 3730 Egyptum
3255 3674 3356 3712 na-

1799 3752 2067 3820 vigarent.
2096 3752 2153 3806 ιιι
2181 3762 2361 3805 autem
2396 3752 2611 3806 consilii
2647 3751 2812 3818 cepit,
2848 3760 2960 3803 tum
2989 3750 3134 3818 quod
3168 3749 3355 3818 prodi-

1796 3842 1900 3910 giis
1926 3842 2252 3909 quibusdam
2285 3842 2613 3903 terrebatur,
2638 3851 2750 3894 tum
2777 3842 2902 3911 quia
2953 3840 3227 3895 exercitus
3252 3841 3352 3895 de-

1799 3934 2167 4001 sperationem
2199 3942 2255 3987 et
2286 3933 2536 3987 morbum
2567 3933 2790 3988 timebat
2817 3951 2829 3986 :
2867 3933 3106 3988 Antonio
3136 3947 3353 4003 quoque

1800 4033 2065 4079 terrorem
2116 4024 2367 4079 =neussit.
2420 4024 2524 4080 Sed
2557 4026 2683 4093 quia
2733 4040 2911 4093 neque
2957 4026 3118 4085 clam.
3177 4040 3353 4092 neque

1795 4116 1960 4167 etiam
1992 4123 2181 4181 aperte
2206 4123 2463 4182 tanquam
2498 4114 2766 4183 fugientes
2795 4115 2944 4168 abire
2972 4115 3247 4177 volebant,
3286 4130 3352 4168 ne

1794 4204 1964 4258 sociis
1997 4211 2261 4259 terrorem
2311 4205 2643 4270 incuterent,
2694 4204 2789 4260 sed
2849 4215 3105 4274 tanquam
3151 4206 3215 4259 ad
3250 4223 3349 4275 pu-

1794 4310 1954 4364 gnam
2011 4296 2184 4365 parati
2239 4296 2471 4351 navibus
2528 4298 2750 4366 Optimis
2797 4297 3056 4360 delectis,
3114 4307 3169 4352 et
3223 4297 3351 4365 quia

1795 4388 1990 4442 morbo
2021 4399 2077 4442 et
2111 4388 2420 4459 transfugiis
2442 4390 2706 4456 remigum
2742 4389 3061 4443 imminutus
3094 4399 3211 4441 erat
3245 4406 3350 4442 nu-

1797 4494 2002 4541 merus,
2056 4480 2282 4547 reliquis
2332 4479 2608 4542 crematis,
2661 4488 2716 4532 et
2746 4489 2906 4532 noctu
2939 4479 3351 4547 pretiosissimis

138 4560 382 4638 φανερῶς
408 4566 706 4620 ἐκπλεῦσαι
737 4566 811 4628 ὡς
844 4565 1135 4633 φεύγοντες
1172 4560 1582 4623 ἐξουλεύσαντο,
1603 4558 1691 4609 ἵνα

1797 4570 2107 4638 quibusque
2160 4571 2329 4624 rebus
2370 4570 2507 4622 clam
2563 4569 2747 4632 illatis,
2800 4570 2866 4623 ad
2905 4570 3348 4637 navigandumse

137 4661 208 4728 μὴ
236 4662 319 4722 είς
369 4659 487 4723 δέος
538 4660 666 4719 τοὺς
713 4658 1035 4725 συμμάχους
1078 4652 1427 4722 ἐμϐάλωσιν
1463 4648 1577 4700 ἀλλ’
1613 4647 1690 4707 ὡς

132 4751 218 4804 ἰπὶ
271 4748 577 4817 ναυμαχίαν
640 4746 1203 4817 παρασκευαζόμενοι,
1267 4740 1557 4795 κάντεῦθεν
1623 4738 1691 4791 τὰ

130 4843 322 4912 ἄριστα
350 4841 456 4894 τῶν
479 4839 700 4908 σκαφῶν
720 4837 1090 4907 ἐκλεξάμενοι,
1116 4836 1196 4889 ὅτι
1242 4835 1304 4886 ἐκ
1354 4833 1453 4901 τῆς
1486 4830 1692 4900 φθορᾶς

131 4952 185 4987 τε
217 4938 313 4989 καὶ
340 4937 436 5004 τῆς
459 4932 787 5002 αὐτομολίας
830 4934 878 4985 οί
926 4930 1111 4998 ἐρέται
1145 4927 1476 4996 ὴλάττωντο,
1522 4922 1687 4976 κατέ.

138 5042 355 5094 πρησαν
382 5024 449 5077 τὰ
471 5023 654 5085 λοιπὰ,
686 5023 779 5075 καὶ
815 5020 1033 5090 νύκτωρ
1072 5020 1248 5071 πάντα
1279 5017 1347 5068 τὰ
1379 5014 1691 5083 τιμιώτατα

131 5118 398 5187 λαθραίως
439 5116 770 5186 ἐμϐαλόντες
833 5114 1037 5174 αὐτοῖς,
1094 5110 1291 5177 ἐτοιμα
1348 5109 1423 5168 είς
1457 5106 1689 5159 ἔκπλουν

132 5208 411 5276 ἐποίησαν.
439 5208 547 5259 Καὶ
576 5207 702 5268 τοὺς
748 5201 1083 5273 στρατιώτας
1135 5198 1514 5268 παρεθάρρυνε
1553 5197 1690 5265 πρὸς

130 5292 224 5368 τῆν
248 5297 579 5367 ναυμαχίαν,
610 5296 917 5365 διαλεχθεὶς
953 5294 1133 5355 αὐτοῖς
1170 5292 1198 5342 6
1241 5289 1545 5351 Ἀντώνιος.
1580 5292 1688 5342 Καὶ

132 5385 296 5448 οὕτως
326 5385 532 5444 πάντας
562 5385 661 5453 μὲν
682 5385 808 5445 τοὺς
834 5384 1082 5450 πρώτους
1113 5381 1219 5433 τῶν
1250 5380 1516 5431 συνόντων
1540 5377 1687 5448 αύτῷ

132 5473 203 5535 είς
226 5474 325 5535 τὰς
351 5473 479 5536 ναῦς
505 5472 838 5533 ἐνεϐίϐασεν,
865 5472 950 5523 ἶνα
980 5474 1051 5540 μή
1077 5489 1127 5523 τι
1156 5470 1576 5538 νεωτερίσωσιν,
1603 5471 1682 5531 ὡς

132 5566 160 5616 6
191 5565 399 5627 Δέλλιος
426 5568 519 5619 καὶ
542 5565 689 5617 ἄλλοι
724 5564 865 5623 τινὲς
896 5563 1362 5631 αὐτομολήσαντες
1388 5579 1401 5592 ·
1425 5564 1684 5628 παμπλη-

134 5655 237 5717 θεῖς
266 5655 323 5707 δὲ
352 5658 445 5709 καὶ
493 5655 714 5720 τοξότας
758 5656 850 5707 καὶ
903 5654 1268 5723 σφενδονήτας
1314 5653 1406 5703 καὶ
1458 5651 1682 5713 ὁπλίτας

134 5744 425 5799 ἐνεϐίϐασε.
491 5746 747 5814 Τριήρεις
809 5743 908 5812 μὲν
961 5743 1071 5812 γὰρ
1104 5744 1289 5809 ὀλίγας
1326 5738 1491 5810 εἶχεν,
1540 5742 1595 5794 αί
1625 5741 1683 5792 δὲ

44 5856 47 5859 ·
136 5834 305 5907 λοιπαὶ
335 5837 616 5907 τετρήρεις
648 5836 738 5888 καὶ
769 5835 1022 5904 δεκήρεις
1056 5829 1193 5904 ἦσαν
1229 5833 1397 5904 αὐτῷ.
1464 5833 1679 5904 Καῖσαρ

1798 4656 2195 4710 instruxerunt.
2245 4657 2514 4710 Antonius
2560 4657 2761 4709 milites
2810 4672 2908 4724 pro
2968 4658 3227 4709 concione
3277 4657 3345 4709 ad

1794 4763 2027 4817 pugnam
2060 4748 2326 4811 incitavit,
2360 4757 2519 4816 atque
2562 4746 2635 4799 ita
2670 4745 2935 4815 primores
2968 4762 3156 4801 omnes
3184 4748 3345 4801 fami-

1791 4841 2009 4894 liarium
2048 4854 2273 4893 suorum
2322 4839 2373 4891 in
2427 4853 2593 4893 naves
2625 4838 2904 4907 imposuit.
2939 4854 3007 4892 ne
3046 4840 3177 4908 quid
3216 4840 3343 4894 novi

1790 4930 2152 4985 molirentur:
2196 4938 2256 4981 ut
2298 4928 2503 4982 Dellius
2533 4937 2588 4982 et
2635 4928 2725 4983 alii
2760 4929 3049 4998 transfugae
3083 4930 3341 4984 fecerant.

1789 5021 1958 5086 Quam
1990 5019 2257 5087 plurimos
2283 5020 2445 5075 etiam
2481 5019 2806 5084 funditores,
2837 5022 3147 5091 sagittarios
3179 5028 3232 5074 et
3255 5036 3341 5072 ar-

1789 5118 1963 5161 matos
2009 5107 2290 5176 imposuit.
2344 5105 2621 5162 Triremes
2646 5107 2808 5177 526
2833 5109 2977 5161 enim
3014 5124 3211 5176 paucas
3242 5107 3340 5160 ba-

1788 5197 1971 5260 bebat,
2026 5207 2237 5251 caetera
2287 5197 2664 5264 quadriremes
2706 5205 2761 5249 et
2818 5196 3117 5249 deciremes
3163 5207 3338 5250 erant.

1784 5284 1965 5339 Caesar
1989 5300 2179 5339 eorum
2216 5285 2579 5339 instructioue
2606 5286 2738 5344 visa.
2767 5296 2957 5338 contra
2989 5301 3046 5339 se
3079 5286 3338 5354 parabat:

1785 5375 1879 5429 sed
1910 5391 2098 5431 eorum
2128 5375 2360 5428 consilio
2390 5386 2500 5427 tum
2533 5391 2596 5427 ex
2628 5374 2770 5441 aliis,
2806 5384 2918 5428 tum
2951 5392 3014 5429 ex
3044 5376 3213 5429 Dellio
3246 5389 3341 5427 co-

1783 5469 1955 5537 gnito,
1990 5466 2290 5520 exercitum
2343 5465 2703 5519 convocavit:
2762 5482 2922 5535 quem
2977 5467 3104 5519 dum
3136 5465 3199 5517 ad
3238 5480 3340 5533 pu-

1783 5572 1941 5626 gnam
1977 5556 2315 5615 cohortatur.
2352 5557 2559 5624 ingenti
2590 5556 2749 5608 imbri
2784 5566 2839 5609 et
2870 5557 3082 5609 turbine
3116 5556 3167 5605 in
3200 5556 3340 5608 clas-

1779 5664 1894 5704 sem
1944 5650 2163 5703 Antonii
2229 5650 2398 5710 illato.
2435 5657 2709 5716 resumpta
2742 5648 2961 5704 ﬁducia.
2999 5661 3187 5699 eorum
3222 5646 3341 5701 abi-

1784 5750 1896 5794 tum
1949 5738 2275 5793 observavit.
2330 5737 2576 5805 Cumque
2623 5736 2913 5789 Antoniaui
2958 5735 3011 5787 in
3053 5735 3335 5802 procinctu

1784 5838 2011 5895 starent,
2054 5845 2153 5885 nec
2201 5837 2376 5883 tamen
2424 5827 2726 5896 prodirent,
2782 5826 2835 5879 in
2885 5824 3070 5880 animo
3119 5824 3333 5889 babuit,
