4012 6330
223 464 334 525 893

1460 438 1861 519 ANNKitUM
1900 460 2046 522 LIB.
2078 440 2167 518 x.’

3312 451 3414 513 80's

219 580 354 644 προς
381 573 627 644 Καίσαρα
651 574 841 642 λόγους
867 573 1005 644 ὑπὲρ
1039 575 1263 644 εἰρήνης
1296 572 1636 642 κομίζοντας,
1660 574 1769 633 τοῖς

1887 572 2021 627 .eriae
2049 586 2325 635 coronam,
2362 566 2420 626 et'
2462 570 2647 625 sellam
2693 567 2893 638 regiam
2942 564 3109 629 misit,
3162 572 3414 633 tanquam

214 666 269 717 δὲ
298 665 543 717 συνοῦσιν
574 664 720 734 αύτῷ
741 665 997 733 χρήματα
1016 679 1030 693 ⁸
1056 665 1151 717 καὶ
1172 666 1205 733 ἡ
1224 661 1545 730 Κλεοπάτρα
1578 662 1767 729 κρύφα

213 756 315 810 τοῦ
354 755 636 809 Ἀντωνίου
670 756 947 824 σκῆπτρον
980 754 1127 825 αὐτῷ
1174 753 1416 826 χρυσοῦν
1456 753 1550 807 καὶ
1575 750 1772 820 στέφα-

211 863 308 898 νον
338 846 523 913 ὅμοιον
580 848 673 899 καὶ
716 846 906 914 δίφρον
941 846 1211 917 βασίλειον
1255 846 1522 913 ἔπεμψεν,
1572 843 1648 906 ὡς
1677 844 1773 894 καὶ

210 937 319 1005 τὴν
349 936 521 1005 ἀρχὴν
563 937 710 1005 αύτῷ
759 937 825 990 δι’
873 936 1054 989 αὐτῶν
1099 936 1333 990 διδοῦσα.
1407 936 1468 988 Ὀ
1498 936 1553 989 δὲ
1581 935 1647 987 τὰ
1678 934 1774 1004 μὲν

209 1027 362 1097 δῶρα
391 1028 600 1088 ἐλαϐεν,
626 1028 814 1080 οἰωνὸν
844 1027 981 1079 αὐτὰ
1014 1028 1402 1097 ποιησάμενος,
1444 1026 1778 1091 ἀπεκρίνατο

209 1115 266 1167 δὲ
294 1115 371 1185 τῷ
402 1116 501 1182 μὲν
533 1117 798 1184 Ἀντωνίῳ
837 1115 1022 1178 οὐδὲν,
1060 1114 1384 1184 Κλεοπάτρᾳ
1430 1112 1487 1165 δὲ
1530 1113 1612 1185 ὅτι
1644 1112 1777 1164 ἀπο-

209 1207 474 1276 κτεινάσῃ
505 1206 596 1257 τδν
654 1205 959 1266 Ἀντώνιον,
1007 1204 1039 1272 ἢ
1072 1203 1383 1275 ὲκὸαλούσῃ
1414 1184 1597 1256 ἄδειαν
1636 1202 1773 1269 αὐτῇ

208 1293 396 1359 δώσει,
450 1298 544 1347 καὶ
594 1297 693 1364 τὴν
744 1294 918 1364 ἀρχὴν
971 1293 1644 1364 ἱάσειάπαρεγχείρητον.
1687 1290 1777 1342 Ἐν

208 1385 453 1453 τοσούτῳ
476 1385 529 1436 δὲ
555 1384 649 1446 τὰς
683 1387 739 1435 ὲν
766 1385 843 1453 τῷ
866 1384 1143 1452 Ἀραϐικῷ
1193 1384 1375 1453 κόλπῳ
1403 1382 1776 1451 ναυπηγηθεί-

212 1491 319 1536 σας
380 1478 443 1543 τῇ
482 1475 804 1545 Κλεοπάτρᾳ
856 1478 1102 1546 τριήρεις
1152 1475 1495 1527 κατέκαυσαν
1521 1473 1570 1523 οί
1616 1470 1781 1541 Ἀρά-

210 1565 342 1627 διοι,
366 1565 460 1614 καὶ
495 1566 591 1625 τας
617 1565 939 1633 ὶπικουρίας
995 1566 1046 1616 οἱ
1084 1564 1247 1632 δῆμοι
1280 1563 1373 1617 καὶ
1426 1564 1472 1613 oi
1524 1562 1781 1615 δυνάσται

212 1652 530 1719 ξύμπαντες
563 1652 970 1720 ἀπηρνήσαντο.
1007 1654 1295 1715 Ἀντώνιος
1331 1653 1385 1705 δὲ
1415 1652 1508 1704 καὶ
1546 1654 1579 1719 η
1615 1650 1780 1701 Κλεο-

212 1739 420 1808 πάτρα,
453 1741 782 1801 ἀκούσαντες
831 1741 900 1793 τὰ
932 1743 1079 1809 παρὰ
1126 1740 1219 1792 τοῦ
1270 1742 1544 1808 Καίσαρος
1601 1740 1781 1799 αὐτοῖς

212 1830 594 1898 ἐπεσταλμένα
622 1829 875 1899 ἔπεμψαν
902 1831 1083 1893 αῦθις,
1129 1833 1161 1899 ή
1216 1831 1311 1898 μὲν
1350 1833 1606 1899 χρήματα
1638 1828 1784 1896 αὐτῷ

216 1920 392 1971 πολλὰ
424 1919 619 1972 δώσειν
641 1921 1066 1992 ὑπισχνουμένη,
1120 1924 1146 1973 ὁ
1173 1922 1231 1973 δὲ
1260 1921 1361 1987 τῆς
1392 1937 1448 1973 τε
1478 1920 1660 1988 φιλίας
1690 1920 1783 1971 καὶ⁵

214 2013 314 2076 τῆς
347 2010 666 2077 συγγενείας
719 2010 879 2064 αὑτὸν
924 2013 1395 2083 ἀναμιμνήσκωνο
1448 2011 1540 2063 καὶ
1592 2009 1781 2061 ἑαυτὸν

212 2100 651 2171 διαχειρίσασθαι
673 2102 1062 2171 ἐπηγγέλλετο,
1094 2103 1158 2155 ἂν
1185 2104 1274 2155 διὰ
1296 2102 1451 2154 τοῦτο
1479 2105 1510 2170 ἡ
1536 2101 1781 2153 Κλεοπά-

216 2210 323 2261 τρα
348 2192 516 2262 σωθῇ.
548 2193 713 2246 Οὐδὲν
745 2196 928 2263 μέντοι
954 2194 1076 2247 οὐδὲ
1102 2194 1222 2245 τότε
1258 2194 1526 2261 Ἀντωνίῳ
1550 2191 1783 2260 ἁπεκρί-

218 2282 288 2351 θη
316 2298 330 2313 ·
362 2284 430 2352 τῇ
454 2282 509 2334 δὲ
540 2271 865 2355 Κλεοπάτρᾳ
895 2286 1065 2338 πολλὰ
1098 2286 1192 2337 καὶ
1222 2285 1342 2336 τότε
1371 2285 1634 2355 ἠπείλησε
1690 2284 1784 2336 καὶ

218 2374 807 2445 ὑπέσχετοεφοϐηθεὶς
833 2376 890 2428 δὲ
949 2375 1023 2446 μὴ
1076 2378 1145 2428 τὰ
1174 2380 1429 2448 χρήματα
1480 2376 1784 2446 παμπληθῆ

218 2465 353 2519 ὅντα
370 2466 657 2537 διαφθείρῃ
689 2470 721 2534 η
750 2467 1102 2535 Κλεοπάτρα,
1129 2466 1163 2520 ἃ
1184 2468 1263 2529 είς
1286 2467 1345 2520 τὸ
1376 2469 1659 2537 μνημεῖον,
1680 2466 1708 2520 δ
1728 2468 1787 2519 ἐν

217 2560 337 2620 τοῖς
384 2558 689 2627 ’βασιλείοις
742 2560 1169 2624 κατεσκεύασεν,
1228 2561 1448 2631 ἥθροισε
1501 2561 1632 2630 (καὶ
1679 2561 1786 2632 γὰρ

221 2649 404 2701 πάντα
451 2651 814 2703 κατακαύσειν
837 2651 1050 2719 ἠπείλει
1083 2652 1201 2721 μεθ’
1241 2651 1460 2720 ἑαυτῆς,
1488 2656 1536 2704 εἰ
1561 2649 1637 2721 ὧν
1659 2652 1785 2722 βού-

220 2742 371 2794 λοιτο
429 2742 763 2815 διαμάρτῃ),
815 2744 1025 2817 Θύρσον
1064 2746 1260 2799 οἰκεῖον
1294 2744 1537 2815 ἐπεμψεν
1573 2744 1788 2811 ἐξελεύ-

224 2835 385 2903 θερον
444 2835 613 2889 πολλὰ
658 2837 886 2906 ἐροῦντα
939 2839 1074 2908 αὐτῇ
1132 2837 1511 2908 φιλάνθρωπα,
1560 2837 1654 2890 καὶ
1706 2838 1787 2890 ὅτι

170 2990 178 2997 ¹
221 2924 405 2995 ἔρωτα
431 2926 617 2994 τρέφει
650 2928 676 2978 ό
707 2928 920 2999 Καῖσαρ
952 2927 1144 2996 αὐτῆς.
1177 2928 1341 2979 Ὅθεν
1371 2928 1464 2980 καὶ
1489 2927 1548 2980 τὸ
1582 2927 1789 2996 Πηλού-

224 3034 343 3069 σιον
370 3016 632 3086 κατέσχεν
668 3019 695 3071 ὁ
724 3020 959 3090 Καῖσαρ,
986 3020 1212 3088 δυνάμει
1244 3020 1339 3090 μὲν
1361 3019 1421 3071 τὸ
1443 3019 1787 3088 φαινόμενον,

162 3148 165 3150 -
222 3108 405 3179 λάθρα
428 3110 480 3162 δὲ
504 3110 761 3179 προδοθὲν
793 3111 898 3164 ὑπὸ
931 3111 1308 3179 Κλεοπάτρας.
1360 3112 1523 3181 Ἐρᾷν
1556 3108 1663 3179 γὰρ
1692 3113 1787 3163 αύ-

1875 676 1980 715 una
2012 677 2135 715 cum
2185 660 2273 715 his
2320 660 2604 729 imperium
2653 658 2815 712 etiam
2865 657 2914 711 ei
2952 654 3207 709 traderet.
3241 652 3419 708 Caesar

1871 755 2194 809 muneribus
2243 753 2372 808 boni
2426 751 2621 806 ominis
2664 766 2827 806 causa
2877 746 3134 815 acceptis,
3187 742 3422 799 Antonio

1872 838 2363 915 nibilrespondit:
2399 844 2697 911 Cleopatra:
2730 841 2971 894 nuntiari
3004 840 3191 908 jussit,
3232 837 3276 890 si
3310 837 3421 888 An-

1874 937 2084 992 tonium
2131 937 2217 991 vel
2261 936 2577 997 occidisset,
2607 934 2693 987 vel
2726 932 2989 1002 ejecisset,
3022 944 3080 983 se
3133 925 3427 996 impunita-

1877 1038 1984 1084 tem
2010 1031 2059 1084 ei
2094 1029 2371 1090 daturum,
2398 1038 2453 1082 et
2478 1040 2703 1095 regnum
2738 1022 3054 1076 inviolatum
3084 1018 3425 1072 relicturum.

1875 1121 2085 1176 Interea
2111 1120 2403 1176 adiﬁcatas
2422 1117 2718 1185 Cleopatrae
2740 1114 2794 1166 in
2825 1114 2945 1165 sinu
2978 1109 3213 1165 Arabico
3237 1119 3427 1169 naves,

1876 1212 2086 1265 Arabes
2145 1216 2547 1270 cremaverunt,
2598 1204 2794 1259 auxilia
2846 1200 3028 1271 pepuli
3081 1200 3428 1267 dynastaaque

1876 1316 2064 1355 omnes
2088 1307 2442 1369 negaverunt.
2503 1297 2739 1364 Accepto
2767 1291 2993 1347 Caesaris
3021 1302 3302 1356 responso,
3335 1285 3431 1339 de-

1876 1409 1989 1452 nuo
2024 1394 2229 1461 legatos
2280 1391 2586 1445 miserunt:
2634 1387 2919 1455 Cleopatra
2978 1394 3223 1451 magnam
3256 1392 3433 1448 pecu-

1878 1486 2025 1539 niam
2062 1482 2345 1553 pollicens,
2393 1480 2664 1535 Antonius
2708 1474 3047 1545 cognationis
3100 1480 3155 1525 et
3182 1468 3432 1523 amicitias

1879 1591 2003 1631 eum
2040 1572 2553 1633 commonet-ueiens,
2594 1583 2760 1636 seque
2794 1566 2897 1621 sibi
2927 1578 3121 1619 manus
3141 1561 3430 1615 allaturum

1881 1666 2179 1725 aillrmans,
2201 1666 2245 1718 si
2276 1678 2408 1717 suus
2438 1660 2694 1715 interitus
2718 1659 3019 1726 CleOpatrm
3052 1656 3280 1709 salutem
3307 1650 3435 1704 allaa

1885 1766 2039 1809 turus
2071 1764 2234 1808 esset.
2271 1752 2451 1807 Caesar
2482 1765 2614 1807 vero
2654 1765 2721 1802 ne
2772 1759 2887 1802 tum
2932 1744 3151 1814 quidem
3202 1741 3437 1795 Antonio

1886 1844 2183 1911 quidquam
2215 1843 2513 1909 reapondit,
2544 1841 2841 1907 Cleopatrae
2864 1851 2994 1891 vero
3023 1834 3191 1888 multa
3212 1842 3267 1886 et
3289 1845 3435 1885 com-

1885 1934 2125 1986 minatus
2169 1942 2222 1984 et
2270 1931 2548 1997 pollicitus
2598 1937 2720 1982 est:
2772 1935 2827 1979 et
2876 1927 3004 1994 quia
3032 1924 3332 1986 metuebat,
3370 1936 3438 1974 ne

1884 2022 2080 2076 mulier
2115 2022 2387 2089 ingentem
2446 2020 2751 2087 pecuniam,
2804 2030 2964 2083 quam
3014 2014 3069 2067 in
3116 2026 3440 2066 monumen-

1885 2122 1998 2167 tum
2030 2111 2083 2164 in
2117 2110 2260 2178 regia
2290 2120 2534 2178 paratum
2582 2106 2860 2167 intulerat,
2913 2102 3157 2156 aboleret
3214 2099 3441 2168 (minata

1883 2204 2027 2259 enim
2072 2208 2211 2264 erat,
2252 2201 2355 2254 nisi
2411 2210 2660 2253 votorum
2719 2210 2943 2263 compos
3005 2193 3179 2255 ﬁeret,
3232 2206 3351 2246 eam
3383 2204 3443 2245 se

1886 2312 1993 2349 una
2046 2309 2229 2349 secum
2286 2292 2694 2356 crematuram)
2744 2289 3013 2360 Thyrsum
3063 2285 3321 2340 libertum
3375 2280 3441 2334 ad

1886 2403 2005 2441 eam
2045 2385 2211 2448 misit,
2248 2383 2342 2453 qui
2377 2391 2574 2452 praeter
2613 2382 2715 2435 alia
2748 2376 3104 2433 humanitatis
3154 2375 3353 2443 plena,
3383 2370 3448 2425 il-

1887 2478 1980 2534 lud
2005 2479 2169 2531 etiam
2205 2477 2254 2531 ei
2313 2475 2541 2537 diceret,
2586 2472 2853 2527 Caesarem
2904 2482 3089 2522 amore
3134 2466 3281 2518 illius
3326 2476 3447 2517 esse

1888 2577 2126 2637 captum.
2157 2567 2246 2622 Sic
2273 2565 2490 2620 Pelusio
2518 2564 2722 2632 potitus
2750 2555 2853 2625 est,
2879 2559 3033 2629 quasi
3067 2556 3257 2611 urbem
3286 2552 3451 2624 528

1887 2661 1938 2716 vi
1973 2665 2357 2729 expugnasset,
2410 2648 2533 2728 cum
2568 2669 2758 2707 revera
2792 2640 3007 2722 prodita
3061 2640 3206 2704 esset
3233 2664 3261 2700 a
3289 2645 3449 2702 Cleo-

1890 2750 2234 2822 patra..Nam
2265 2762 2388 2803 cum
2440 2764 2497 2802 se
2539 2747 2606 2801 ab
2642 2746 2738 2799 illo
2787 2743 2956 2797 amari
2989 2741 3251 2803 audisset,
3285 2746 3450 2808 atque
3522 2809 3529 2814 ν

1822 2907 1829 2913 _
1887 2847 2007 2916 ejus
2033 2842 2308 2899 desiderio
2341 2848 2645 2903 teneretur,
2681 2837 2865 2893 statim
2892 2835 2940 2889 ei
2977 2833 3250 2891 Pelusium
3287 2828 3446 2883 dedi-

1889 2938 1987 2993 dit.
2039 2935 2306 2990 Antonius
2370 2933 2535 3002 igitur
2586 2930 2803 2992 absens,
2860 2925 3059 2982 Pelusii
3090 2921 3448 2990 occupatione

1889 3029 2125 3100 cognita,
2156 3027 2207 3079 in
2235 3024 2408 3079 reditu
2441 3032 2565 3077 ante
2590 3019 2969 3075 Alexandriam
3000 3015 3299 3085 equitatum
3329 3009 3446 3065 Cae-

1889 3120 2027 3174 saris
2061 3118 2256 3172 itinere
2291 3115 2572 3181 fatigatum
2606 3111 2755 3167 vicit.
2806 3110 2934 3163 lnde
2966 3105 3201 3175 receptis
3226 3101 3446 3166 animis,

224 3204 329 3274 τῆς
358 3203 563 3277 ἐκεῖνον
588 3201 886 3269 ἀκούσασα,
918 3204 1012 3256 καὶ
1054 3206 1244 3257 τούτου
1295 3204 1577 3273 ὲφιεμένη,
1626 3202 1785 3267 εὐθὺς

1887 3219 1944 3264 et
1976 3225 2042 3264 eo
2068 3212 2260 3273 l'retus,
2297 3206 2440 3276 quod
2478 3205 2687 3259 litteras
2712 3202 2919 3273 sagittis
2952 3212 3217 3269 appensas
3258 3197 3311 3250 in
3359 3210 3451 3248 ca-

227 3292 381 3362 αύτῷ
412 3294 689 3362 προήκατο
721 3293 781 3346 τὸ
812 3293 1131 3364 Πηλούσιον.
1192 3294 1252 3347 '0
1286 3293 1330 3346 δ’
1361 3293 1454 3349 οὖν
1506 3293 1789 3356 ’Λντώνιος

227 3382 409 3446 ἀπὼν,
467 3382 561 3435 καὶ
610 3384 710 3454 τὴν
760 3383 853 3449 τοῦ
908 3385 1202 3454 Πηλουσίου
1256 3385 1558 3455 κατάληψιν
1608 3386 1786 3453 γνοὺς,

226 3475 539 3529 ἐπανελθὼν
562 3476 666 3546 πρὸ
682 3477 780 3545 τῆς
805 3476 1206 3546 Ἀλεξανδρείας
1228 3479 1304 3549 τῷ
1324 3480 1559 3547 Καίσαρι
1577 3482 1790 3550 προῦπ-

226 3569 451 3636 ήντησε,
490 3568 582 3620 καὶ
628 3568 920 3636 συμϐαλὼν
973 3573 1083 3633 τοῖς
1109 3569 1331 3623 ἱππεῦσι
1362 3571 1695 3639 κεκμηκόσιν
1726 3571 1789 3623 ὲκ

226 3657 331 3725 τῆς
377 3656 700 3728 ὁδοιπορίας,
732 3657 968 3729 ἐνίκησε.
1002 3661 1125 3714 Κάκ
1154 3660 1339 3715 τούτου
1383 3660 1788 3731 ἀναθαρσήσας,

228 3751 328 3803 καὶ
356 3750 439 3803 ὄτι
460 3750 787 3821 τοξεύμασιν
822 3753 879 3810 ἐς
909 3752 968 3805 τὸ
994 3752 1352 3822 στρατόπεδον
1376 3753 1470 3807 τοῦ
1516 3752 1792 3823 Καίσαρος

229 3843 561 3913 γραμμάτια
588 3843 821 3913 ἔπεμψε,
874 3844 1045 3898 πολλὰ
1082 3848 1339 3916 χρήματα
1384 3848 1495 3909 τοῖς
1530 3846 1795 3916 στρατιώ-

228 3951 357 3996 ταις
384 3933 871 4003 ἐπαγγελλόμενος,
905 3936 1200 4005 προσέμιξε
1241 3938 1336 3990 καλ⁸
1364 3936 1441 4003 τῷ
1478 3936 1649 4004 πεζῷ,
1697 3936 1794 3989 καλ⁸

230 4025 463 4095 ἡττήθη.
509 4025 619 4078 Καὶ⁵
660 4026 688 4077 ὁ
746 4026 844 4093 μὲν
898 4025 1221 4088 ἐλαττωθεὶς
1277 4021 1531 4081 ἀπέκλινε
1564 4027 1699 4097 πρὸς
1731 4027 1792 4080 τὸ

229 4115 487 4167 ναυτικὸν
518 4114 611 4167 καὶ
635 4113 710 4177 ὡς
741 4117 1108 4184 ναυμαχήσων
1139 4115 1576 4185 παρεσκευάζετο
1600 4116 1632 4187 ἢ
1658 4115 1794 4187 πρὸς

230 4206 475 4288 Ἰθηρίαν
506 4205 929 4277 πλευσούμενος.
962 4207 1169 4261 Γνοῦσα
1198 4206 1253 4259 δὲ
1301 4207 1459 4259 τοῦτο
1482 4208 1515 4277 ή
1542 4207 1792 4261 Κλεοπά-

231 4315 342 4367 τρα
392 4296 492 4361 τὰς
544 4298 643 4366 μὲν
690 4297 818 4359 ναῦς
852 4297 1222 4367 αὐτομολῆσαι
1266 4298 1542 4369 ἐποίησεν,
1576 4298 1711 4371 αὐτὴ
1735 4300 1792 4353 δὲ

231 4389 315 4452 είς
331 4389 393 4440 τὸ
420 4389 573 4456 ὴρίον
595 4388 773 4440 εἰσεδυ
799 4388 1087 4456 αίφνίδιον,
1114 4388 1191 4450 ὼς
1215 4388 1359 4458 τάχα
1380 4388 1493 4449 τὸν,
1512 4391 1797 4445 ’Λντώνιον

232 4478 547 4549 φοϐουμένη
581 4477 1289 4550 ύπειληφύτάπροδίδοσθαι
1314 4482 1444 4551 παρ’
1472 4480 1795 4550 αύτῆς.Δύω

1894 3313 2005 3357 stra
2029 3299 2254 3355 Caesaris
2272 3298 2572 3369 eiaculatus
2597 3304 2763 3357 esset,
2792 3294 2990 3364 quibus
3014 3302 3265 3359 magnam
3284 3300 3448 3355 pecu-

1892 3394 2039 3447 niam
2074 3392 2341 3446 militibus
2368 3389 2769 3460 pollicebatur:
2811 3386 2975 3439 etiam
3000 3383 3208 3452 pedites
3240 3392 3453 3448 aggres-

1893 3500 2005 3550 sus,
2040 3493 2096 3538 et
2123 3485 2318 3546 victus,
2376 3498 2471 3550 spe
2517 3482 2571 3535 in
2608 3481 2830 3533 classem
2859 3476 3073 3532 collata,
3112 3472 3182 3527 ita
3207 3486 3267 3525 se
3295 3484 3451 3539 para-

1893 3578 1993 3639 vit,
2025 3575 2178 3645 quasi
2210 3584 2303 3629 aut
2348 3573 2481 3626 mari
2512 3580 2871 3641 pugnaturus,
2902 3575 2997 3621 aut
3047 3566 3102 3620 in
3137 3564 3453 3633 Hispaniam

1892 3668 2161 3743 abiturus.
2196 3666 2274 3720 Eo
2308 3664 2599 3733 CleOpatra
2648 3659 2885 3731 cognito,
2933 3656 3146 3714 curavit
3198 3652 3454 3715 utsnaves

1893 3741 1960 3814 ad
1987 3759 2255 3814 Caesarem
2286 3758 2602 3819 transirent,
2633 3754 2745 3823 ipsa
2779 3757 3191 3805 monumentum
3218 3741 3452 3816 repente

1893 3866 2017 3905 cum
2048 3849 2260 3903 duabus
2286 3847 2500 3902 ancillis
2551 3852 2607 3899 et
2638 3856 2746 3899 uno
2792 3838 3046 3897 eunucho
3074 3836 3261 3899 subiit,
3298 3834 3453 3906 quasi

1892 3943 2189 3996 Antonium
2221 3940 2469 4001 timeret,
2506 3936 2601 4007 qui
2632 3950 2691 3991 se
2726 3934 2794 3989 ab
2836 3935 2951 4004 ipsa
3008 3931 3162 4001 prodi
3197 3937 3449 3999 putaret;

1893 4043 1944 4087 et
1974 4033 2139 4101 janua
2171 4030 2462 4101 diligenter
2492 4030 2697 4091 clausa,
2752 4027 2818 4082 ad
2874 4026 3024 4079 illum
3074 4023 3239 4101 misit,
3269 4019 3361 4089 qui
3400 4018 3451 4073 ei

1895 4124 2215 4177 nuntiarent
2266 4122 2437 4192 ipsam
2499 4136 2618 4175 esse
2653 4128 2944 4172 mortuam.
2983 4113 3135 4181 Quod
3173 4098 3297 4167 Eum
3327 4126 3452 4167 cre-

1895 4214 2052 4271 deret
2082 4214 2373 4275 Antonius,
2406 4226 2463 4265 se
2496 4226 2525 4265 a
2550 4208 2786 4279 quodam
2818 4206 2993 4262 occidi
3014 4205 3193 4276 jussit.
3227 4203 3296 4271 Ut
3324 4217 3455 4257 vero

1896 4308 1987 4363 ille
2039 4309 2233 4362 stricto
2291 4304 2470 4374 gladio
2521 4303 2877 4372 semetipsum
2924 4297 3251 4359 interiecit:
3300 4295 3454 4350 Recte

1895 4414 2036 4460 vero.
2082 4394 2282 4465 inquit,
2330 4393 2465 4448 Eros
2520 4392 2596 4466 (id
2645 4394 2791 4449 enim
2818 4391 3049 4448 'homini
3084 4399 3204 4445 erat
3232 4403 3455 4450 nomen.

1897 4488 2041 4559 quod
2092 4488 2303 4545 Latinis
2355 4488 2610 4543 Amorem
2656 4487 2772 4542 sive
2810 4476 3131 4555 Cupidinem
3161 4480 3451 4552 signiﬁcat)

231 4573 290 4625 δὲ
325 4566 465 4641 ἦσαν
497 4572 614 4624 ἐκεῖ
635 4573 730 4622 σὺν
763 4572 899 4640 αὐτῇ
933 4572 1256 4655 θεράπαιναι
1284 4575 1376 4626 καὶ
1408 4575 1656 4643 εὐνοῦχος
1689 4569 1787 4631 εἷς.

1895 4581 2019 4651 quid
2067 4581 2135 4633 sit
2182 4580 2444 4651 agendum
2480 4594 2561 4633 me
2600 4582 2790 4633 doces:
2822 4579 3079 4644 illatoque
3123 4576 3176 4627 in
3209 4584 3461 4626 ventrem

234 4639 569 4718 Είσελθοῦσα
604 4661 777 4724 δὲτὰς
811 4639 908 4731 μὲν
932 4639 1099 4732 θύρας
1132 4664 1480 4715 κατέκλεισεν
1513 4639 1795 4731 άσιραλῶς,

238 4754 377 4823 πρὸς
402 4754 457 4805 δὲ
484 4754 573 4805 τὸν
601 4753 884 4807 ’Λντώνιον
914 4757 1031 4817 τοὺς
1071 4754 1513 4825 ἀπαγγελοῦντας
1554 4755 1797 4825 ἔπεμψεν

235 4848 322 4899 ὅτι
360 4844 639 4908 τέθνηκεν.
664 4847 965 4908 Πιηστεύσας
986 4847 1030 4897 δ’
1058 4850 1284 4913 ἐκεῖνος,
1320 4851 1425 4905 τινὶ
1462 4848 1568 4901 τῶν
1594 4850 1797 4918 παρόν-

236 4956 349 4991 των
401 4936 697 5004 ἐπέτρεψεν
760 4939 1079 4991 ἀποκτεῖναι
1130 4940 1313 4994 αὐτόν.
1379 4942 1467 5005 Ὠς
1499 4941 1541 4992 δ’
1592 4942 1796 5004 ἐκεῖνος

241 5026 593 5093 σπασάμενος
620 5025 679 5078 τὸ
721 5024 873 5093 ξίφος
922 5026 1116 5078 ἑαυτὸν
1142 5031 1566 5098 κατειργάσατο,
1616 5027 1794 5100 Εὖγε.

239 5116 417 5183 εἶπεν,
437 5112 484 5171 ὦ
514 5120 719 5186 Ἔρως,
756 5118 943 5188 (τοῦτο
967 5118 1073 5185 γὰρ
1097 5113 1161 5187 ἦν
1186 5119 1354 5188 δνομα
1383 5122 1461 5193 τῷ
1490 5123 1795 5195 ἀνθρώπῳ)

238 5214 329 5265 ὅτι
350 5229 425 5279 με
456 5212 509 5265 τί
533 5212 643 5279 χρὴ
674 5210 863 5265 ποιεῖν
890 5209 1194 5275 διδάσκεις
1215 5228 1227 5242 ·
1254 5213 1349 5264 καὶ
1372 5216 1578 5284 πλήξας
1607 5216 1797 5269 ἑαυτὸν

239 5307 327 5357 διὰ
360 5305 460 5374 τῆς
504 5304 708 5365 κοιλίας
740 5306 819 5367 είς
846 5305 943 5373 τὴν
993 5303 1176 5373 κλίνην
1204 5306 1433 5374 ἀφῆκεν.
1463 5305 1569 5360 Ἦν
1598 5310 1653 5361 δὲ
1698 5310 1796 5360 ούκ

240 5394 605 5461 εὐθυθάνατος
630 5397 662 5465 ἡ
694 5396 896 5465 πληγή.
918 5395 1156 5466 Θορύὸου
1175 5395 1230 5448 δὲ
1262 5398 1575 5464 γενομένου,
1596 5401 1797 5470 ἡσθετο

238 5492 271 5556 ἠ
312 5484 659 5553 Κλεοπάτρα,
693 5488 787 5541 καὶ
819 5488 914 5549 τὰς
941 5487 1037 5555 μὲν
1061 5487 1228 5557 θύρας
1252 5488 1351 5539 οὐκ
1375 5489 1626 5557 ἀνέῳξεν,
1660 5492 1797 5543 άνω-

241 5580 334 5630 θεν
350 5576 405 5629 δὲ
431 5576 751 5645 προκύψασα
777 5580 949 5646 (οὔπω
976 5581 1081 5651 γὰρ
1103 5581 1169 5633 τὰ
1194 5580 1326 5650 πρὸς
1346 5582 1411 5649 τῇ
1436 5582 1604 5650 ὀροφῇ
1625 5583 1797 5652 ἐξείρ-

241 5667 434 5737 γαστο)
472 5667 563 5721 καὶ
601 5666 844 5737 μαθοῦσα
887 5672 947 5723 τὸ
976 5673 1217 5738 γεγονὸς,
1266 5672 1509 5738 κομίζειν
1540 5676 1698 5725 αὐτὴν
1738 5677 1793 5737 ἐς

241 5761 335 5815 τὸν
382 5758 546 5827 τάφον
596 5758 864 5814 ἐκέλευσε.
911 5761 1076 5827 Γνοὺς
1118 5764 1172 5815 δὲ
1220 5766 1463 5830 κάκεῖνος
1509 5763 1582 5817 ἔτι
1615 5765 1791 5827 ζῶσαν

1902 4669 2035 4733 ictu,
2084 4686 2190 4727 non
2224 4669 2405 4723 statim
2454 4668 2725 4731 letbifero,
2778 4666 2979 4719 lectulo
3029 4662 3297 4716 incubuit.
3347 4662 3455 4717 Tu-

1900 4762 2075 4816 multu
2108 4770 2248 4825 orto,
2298 4759 2582 4827 Cleopatra
2628 4760 2773 4810 fores
2824 4770 2932 4809 non
2976 4757 3211 4825 aperuit,
3238 4754 3332 4809 sed
3363 4770 3457 4808 su-

1900 4869 2067 4923 perne
2095 4862 2449 4921 prospectans
2491 4849 2745 4915 (necdum
2781 4849 2926 4904 enim
2980 4858 3180 4903 tectum
3230 4846 3456 4900 absolu-

1901 4954 2015 4998 tum
2045 4942 2183 5012 erat)
2213 4957 2279 4995 eo
2308 4941 2549 4996 facinore
2581 4942 2820 5011 cognito,
2858 4940 3006 4996 illum
3040 4941 3093 4994 in
3132 4954 3454 4993 monumen-

1900 5045 2012 5089 tnm
2044 5032 2232 5087 inferri
2257 5032 2420 5102 jussit
2449 5051 2461 5085 :
2497 5032 2590 5102 qui
2639 5047 2761 5087 eum
2802 5047 2919 5087 eam
2951 5032 3134 5085 vivere
3176 5030 3454 5099 cognovis-

1872 5137 2004 5206 set,
2036 5134 2094 5180 ut
2116 5125 2181 5179 ad
2218 5140 2335 5179 eam
2367 5134 2694 5196 portaretur,
2735 5123 3092 5179 oravit.'Cum
3142 5124 3335 5176 allatus
3370 5135 3453 5173 es-

1901 5228 2004 5283 set,
2036 5216 2244 5272 catenis
2295 5224 2351 5271 et
2398 5215 2621 5272 funibus
2654 5218 2720 5271 ab
2749 5225 2897 5270 eaet
2944 5214 3207 5270 ambabus
3239 5211 3457 5266 ancillis

1898 5299 2290 5364 altrabebatur.
2340 5306 2510 5373 Quem
2556 5308 2646 5362 ubi
2683 5318 3026 5363 cruentatum
3079 5315 3134 5359 et
3168 5304 3451 5359 moribun-

1900 5404 2024 5473 dum
2052 5399 2283 5467 accepit,
2314 5408 2495 5454 vestes
2525 5416 2650 5459 suas
2685 5402 2867 5462 scidit,
2897 5408 2950 5452 et
2983 5407 3173 5467 pectus
3199 5398 3457 5459 manibus

1899 5492 2126 5562 planxit,
2183 5506 2351 5549 ae,se
2407 5493 2689 5547 laceravit.
2732 5492 2800 5545 At
2851 5492 2940 5545 ille
2992 5493 3119 5545 vino
3156 5494 3451 5560 poStulato,

1899 5586 2221 5652 haustoque,
2267 5585 2529 5639 nonnulla
2587 5600 2711 5639 cum
2747 5586 2973 5638 muliere
3006 5586 3326 5648 collocutus,
3356 5600 3449 5637 ex-

1897 5674 2141 5743 spiravit.
2187 5676 2390 5741 (ἰαί-εστ,
2432 5675 2656 5730 Antonii
2709 5684 2879 5728 morte
2903 5674 3170 5739 nuntiata,
3227 5676 3455 5745 illacry—

1897 5765 2063 5822 mavit
2095 5783 2109 5826 ς
2162 5777 2218 5825 et
2265 5769 2478 5825 litteras
2518 5769 2635 5836 ejus
2686 5768 2876 5823 amicis
2913 5767 3167 5833 recitans,
3205 5766 3456 5836 scipsuu)
