4028 6334
133 452 234 515 89Ἱ

1372 453 1775 514 ANNALIUM
1814 455 1960 515 LIB.
2001 456 2072 513 Χ.

3252 458 3355 515 8'38

131 564 342 620 παινῶν
376 566 409 635 ἡ
444 566 543 635 μὲν
566 562 732 634 Εἰρὰς
766 562 903 634 πρὸς
936 566 1049 628 τοῖς
1070 567 1229 620 maiv
1262 569 1629 640 ἀπέθνησκεν,
1664 571 1697 638 ἡ

1804 567 1894 622 Itis
1916 566 2102 631 dictis,
2136 577 2189 621 ct
2222 568 2335 637 ipsa
2360 568 2515 638 juxta
2552 569 2757 623 lectum
2791 568 3061 623 exanimis
3090 570 3352 623 concidit.

128 661 185 713 δὲ
220 657 532 727 Χαρμόνιον
582 657 682 727 ήδη
746 658 1142 729 καρηϐαροῦσα
1197 663 1290 713 καὶ
1349 662 1697 731 σφαλλομένη

129 746 464 815 κατεκόσμει
492 748 553 798 τὸ
586 747 715 814 περὶ
762 748 1004 815 κεφαλὴν
1039 749 1249 819 ἐκείνης
1282 751 1540 819 διάδημα.
1604 752 1697 802 El-

138 838 327 899 nivroc
356 837 411 888 δέ
445 854 609 900 τινος.
638 837 804 891 Καλὰ
838 838 1044 901 ταῦτα,
1074 838 1406 907 Χαρμόνιον
1433 860 1451 907 ;
1484 842 1699 895 Κάλλι-

129 945 249 982 σεα
295 927 411 994 μὲν
458 923 593 989 οὖν,
652 928 779 998 ἔφη,
825 930 917 982 καὶ
958 930 1262 996 πρέποντα
1288 932 1358 998 τῇ
1394 935 1699 985 τοσούτων

127 1019 412 1086 ἀπογόνῳ
437 1017 771 1080 βασιλέων.
800 1020 910 1071 Καὶ
936 1020 1107 1072 ταῦτα
1140 1022 1368 1073 εἰποῦσα
1416 1025 1567 1090 παρὰ
1602 1024 1699 1091 τὴν

129 1111 324 1178 κλίνην
356 1109 516 1161 ἔπεσε
546 1110 638 1161 καὶ
668 1110 826 1179 αὐτή.
858 1112 1085 1177 Λέγεται
1120 1112 1177 1164 δὲ
1210 1114 1431 1175 ἀσπίδος
1460 1114 1697 1183 δήγματι

131 1203 316 1253 θανεῖν
356 1202 711 1272 κομισθείσης
742 1205 879 1270 μετὰ
903 1202 1009 1253 τῶν
1039 1202 1239 1256 σύκων.
1283 1206 1345 1256 Οί
1375 1206 1418 1257 δ’
1452 1208 1507 1255 ἐν
1541 1207 1699 1277 ὑδρία

128 1296 422 1363 τηρεῖσθαι
453 1295 550 1361 τήν
581 1294 779 1345 ἀσπίδα
809 1295 993 1362 φασιν,
1023 1295 1273 1368 ἠλακάτῃ
1297 1297 1349 1347 δὲ
1395 1300 1566 1367 χρυσῇ
1600 1302 1696 1367 τῆς

132 1386 494 1452 Κλεοπάτρας
522 1385 932 1453 ἐκκαλουμένης
971 1388 1141 1454 αὐτὴν
1186 1389 1279 1439 καὶ
1314 1389 1697 1457 ἁγριαινούσης

128 1477 459 1543 ὁρμήσασαν
492 1477 727 1545 ἐμφῦναι
765 1477 931 1546 αὐτῆς
965 1478 1041 1547 τῷ
1072 1480 1334 1549 βραχίονι.
1380 1483 1610 1547 Λέγεται
1640 1482 1694 1533 δὲ

129 1569 227 1617 καὶ
258 1567 550 1636 φάρμακον
604 1569 773 1634 αὐτὴν
823 1568 969 1637 ἔχειν
1019 1571 1078 1620 ὲν
1119 1572 1361 1639 κνήστιδι
1398 1574 1569 1641 κοίλῃ,
1605 1574 1697 1623 καὶ

128 1656 229 1723 τὴν
263 1657 521 1724 κνήστιδα
552 1656 813 1725 κρύπτειν
836 1660 900 1726 τῇ
934 1659 1097 1727 κόμῃ.
1138 1659 1194 1709 Ὀ
1220 1660 1275 1712 δὲ
1320 1662 1455 1711 Δίων
1478 1662 1697 1729 βελόνην

129 1746 305 1815 αὐτὴν
335 1741 475 1797 εἷναί
507 1764 693 1815 φησιν,
786 1748 883 1809 τὰς
912 1748 1101 1816 τρίχας
1127 1750 1358 1818 ἀνεῖρεν,
1391 1752 1453 1817 ἰῷ
1477 1768 1695 1820 περικε-

129 1838 465 1903 χρισρένην,
517 1836 746 1904 δύναμιν
773 1836 969 1905 ἔχοντι,
1002 1837 1066 1888 ἂν
1115 1837 1343 1905 αἵματος
1372 1840 1597 1907 ἅψηται,
1623 1842 1696 1901 ὡς

128 1930 367 1997 τάχιστα
393 1929 487 1980 καὶ
514 1928 829 1981 ἀλυπότατα
865 1930 1129 1999 φθείρειν.

128 2017 289 2068 λετο·
355 2018 418 2068 τὸ
475 2017 519 2069 δ’
569 2018 764 2087 ἀληθὲς
820 2020 917 2071 οὐκ
949 2020 1218 2089 ἐγνώσθη,
1268 2021 1412 2091 ηὸτι
1449 2025 1574 2089 περὶ
1607 2024 1696 2072 τὸν

127 2112 350 2177 ἐκείνης
382 2108 637 2180 βραχίονα
663 2111 757 2162 δύο
784 2112 991 2178 νυγμαὶ
1018 2110 1281 2179 ὤφθησαν
1312 2112 1506 2165 λεπταί
1528 2132 1581 2164 τε
1608 2113 1699 2164 καὶ

124 2201 397 2270 ἀμυδραὶ,
430 2201 548 2252 οὐδὲ
576 2200 630 2252 δὲ
651 2202 943 2271 φαρμάκου
974 2219 1023 2253 τι
1050 2206 1274 2269 σημεῖον
1296 2204 1424 2271 περὶ
1454 2204 1513 2255 τὸ
1539 2205 1698 2272 σῶμα

124 2292 351 2359 ὶκείνης
411 2292 724 2361 ἐξήνθησεν,
779 2291 901 2343 οὔτε
940 2294 1002 2344 τὸ
1032 2292 1217 2361 θηρίον
1279 2294 1498 2363 εὑρέθη,
1548 2296 1696 2365 εἰμὴ

122 2402 286 2447 τινας
328 2387 567 2455 συρμοὺς
591 2384 756 2441 αὖτοῦ
784 2387 933 2453 παρὰ
961 2386 1258 2449 θάλασσαν,
1342 2388 1399 2438 τὸ
1428 2388 1699 2456 δωμάτιον

126 2476 366 2544 ἀφεώρα
398 2482 491 2526 καὶ
528 2475 739 2543 θυρίδες
772 2470 943 2544 ἦσαν,
988 2474 1113 2527 ἰδεῖν
1145 2477 1401 2543 ἔφασκον.
1437 2479 1697 2530 Είκασ.αι

125 2566 184 2617 δὲ
209 2566 271 2629 ἐξ
296 2565 519 2621 ἀσπίδος
545 2565 710 2634 αὐτὴν
733 2565 937 2626 θανεῖν,
969 2567 1049 2629 ὅτι
1080 2568 1251 2619 πολλὰ
1285 2570 1473 2636 πρώην
1502 2570 1697 2637 συνῆγε

127 2654 418 2721 θανάσιμα
452 2655 745 2723 φάρμακα.
778 2657 869 2706 καὶ
906 2655 1077 2707 ταῦτα
1116 2660 1228 2716 τοῖς
1279 2658 1697 2724 κατεψηφισμέ-

126 2758 246 2805 νοις
278 2741 510 2794 θανατον
540 2742 875 2812 προῦϐαλλεο
909 2746 1002 2795 καὶ
1036 2744 1103 2796 τι
1141 2743 1238 2813 μὲν
1270 2744 1531 2815 ὠκύμορα
1566 2762 1697 2799 κατ-

130 2830 470 2899 ελάμϐανεν,
526 2833 780 2901 ὀδυνηρὸν
825 2833 869 2885 δ’
934 2836 1207 2900 ἐπάγοντα
1258 2835 1507 2898 θάνατον,
1554 2840 1621 2888 τὰ
1644 2837 1699 2888 ἑὲ

129 2924 420 2990 πραότερα
478 2923 598 2988 μὲν,
652 2923 739 2975 διὰ
786 2927 974 2993 χρόνον
1026 2925 1081 2976 δέ
1118 2942 1180 2993 γε
1220 2928 1699 2997 κατεργαζόμενα⁹

134 3014 303 3081 μόνον
330 3014 374 3065 δ’
395 3013 612 3083 εὕρισκε
638 3015 693 3065 τὸ
718 3015 901 3084 δῆγμα
930 3017 1024 3084 τῆς
1049 3017 1269 3077 ἀσπίδος
1294 3018 1420 3069 ἄνευ
1448 3018 1699 3086 σπασμιῦ

132 3106 310 3173 κάρον
347 3105 563 3173 ὑπνώδη
590 3106 950 3173 ἐφελκόμενον
982 3106 1165 3175 ἱδρῶτι
1200 3106 1444 3175 μαλακῷ,
1471 3109 1564 3159 καὶ
1593 3109 1701 3158 τῶν

134 3194 514 3263 αἰσθητηρίων
541 3193 775 3266 ἀμαυρὼ
793 3211 864 3245 εει
902 3195 1099 3264 ῥαδίως
1131 3197 1493 3265 ἀπονεκροῦν,
1511 3197 1700 3248 Ἀκού-

135 3303 236 3347 σας
261 3287 317 3337 δὲ
340 3287 367 3337 ὁ
402 3288 608 3355 Καῖσαρ
639 3286 736 3357 τὴν
771 3285 1024 3355 τελευτὴν
1054 3287 1244 3355 αὐτῆς,
1276 3286 1568 3355 ἐξεπλάγη.
1607 3289 1697 3340 καὶ

132 3378 416 3445 φάρμακα
440 3376 517 3445 τῷ
572 3376 782 3445 σώματι
820 3378 915 3445 καὶ
940 3376 1168 3444 emaci);
1194 3379 1512 3446 ἐπήνεγκεν.
1546 3380 1607 3431 Oi
1642 3382 1697 3431 δὲ

130 3468 329 3533 eam;
369 3468 559 3537 ἄνδρες
594 3470 698 3520 είσὶ
730 3470 901 3538 (γυνὴ
939 3472 1047 3539 γὰρ
1076 3472 1174 3540 τὴν
1214 3470 1447 3540 δύναμιν
1495 3473 1698 3540 ταύτην

133 3559 286 3627 ἔχειν
312 3559 373 3611 οὐ
404 3548 696 3628 πέφυκεν),
756 3561 1083 3614 δύνανταιδὲ
1141 3562 1321 3615 πάντα
1374 3564 1453 3615 ἰὸν
1500 3567 1699 3626 παντὸς

137 3648 401 3719 ἑρπετοῦ,
435 3652 563 3719 πρὶν
587 3652 766 3703 θανείν
790 3651 879 3703 τὸν
907 3650 1234 3721 δεδηγμένον
1269 3653 1300 3721 ἢ
1327 3636 1698 3723 τετρωμένον,

138 3742 418 3812 ἑκμυζᾷν,
444 3744 536 3795 xal.
566 3743 722 3798 αὐτοὶ
756 3759 814 3794 τε
850 3743 925 3813 μὴ
957 3742 1312 3812 βλάπτεσθαι,
1341 3748 1435 3796 καὶ
1487 3748 1577 3797 τὸν
1600 3762 1700 3796 πε-

138 3836 540 3902 φαρμαγμένον
588 3833 934 3900 θεραπεύειν.
968 3834 1196 3885 θύονται
1224 3835 1281 3887 δὲ
1330 3834 1389 3897 ἐξ
1432 3834 1697 3903 ἀλλήλων,

137 3925 238 3974 καὶ
277 3922 627 3991 δοκιμάζουσι
662 3924 728 3973 τὰ
758 3922 1111 3991 γεννηθέντα,
1149 3924 1177 3992 ἢ
1213 3924 1351 3991 μετὰ
1387 3924 1562 3991 ὄφεων
1602 3926 1702 3991 ιμ-

138 4015 435 4083 6ληθέντα,
472 4013 507 4081 ἢ
538 4014 629 4064 καὶ
681 4012 789 4064 τῶν
816 4013 1147 4082 σπαργάνων
1176 4000 1352 4065 αὐτῶν
1382 4012 1701 4081 ἐπιϐληθέν-

137 4125 251 4159 των
292 4106 517 4161 ῑοϐόλοις
546 4106 717 4157 τισίν·
750 4104 871 4157 οὔτε
905 4107 1013 4175 γὰρ
1050 4104 1126 4172 τῷ
1156 4104 1303 4157 παιδὶ
1327 4104 1698 4173 λυμαίνονται,

138 4200 237 4251 καὶ
292 4199 398 4250 ὑπὸ
442 4198 540 4266 τῆς
592 4197 814 4265 ἐσθῆτος
843 4197 1008 4249 αὐτοῦ
1070 4197 1359 4264 ναρκῶσιν.
1394 4196 1452 4247 '0
1485 4196 1581 4263 μὲν
1609 4192 1701 4247 οὖν

140 4293 366 4356 Καῖσαρ
398 4287 489 4349 ἐπὶ
514 4290 584 4356 τῇ
606 4286 705 4354 τῆς
740 4286 993 4353 γυναικὸς
1021 4286 1246 4355 τελευτῇ
1311 4285 1574 4356 ἠχθέσθη,
1608 4288 1703 4339 καὶ

140 4380 246 4449 τὴν
279 4377 495 4444 ἐκείνης
517 4376 795 4440 εὐγένειαν
820 4372 1118 4442 ἐθαύμαζε,
1144 4375 1237 4426 καὶ
1262 4374 1597 4442 συπαφῆναι
1626 4374 1703 4440 τῷ

156 4467 435 4535 Ἀντωνίῳ
461 4464 716 4516 ἐκέλευσε
745 4464 1051 4527 πολυτελῶς
1076 4465 1172 4517 καὶ
1193 4465 1503 4535 βασιλικῶς.
1536 4465 1705 4517 Ἐντί-

145 4571 250 4624 μου
300 4552 356 4605 δὲ
406 4552 497 4604 καὶ
546 4552 600 4604 αἱ
654 4552 981 4621 θεράπαιναι
1032 4554 1207 4623 ταφῆς
1261 4553 1701 4619 ἐτυχον,ὲκείνου
1737 4583 1780 4635 D

143 4646 576 4715 προστάξαντος.
600 4640 955 4710 Ἐτελεύτησε
1004 4642 1059 4693 δὲ
1096 4642 1418 4708 Κλεοπάτρα
1467 4642 1564 4709 μὲν
1586 4659 1705 4694 τεσ⁴

148 4733 596 4802 σαρακοντοῦτις,
627 4732 743 4791 ἑνὸς
772 4730 1006 4793 δέοντος,
1034 4729 1237 4782 τούτων
1288 4731 1383 4781 δύο
1411 4731 1506 4783 καὶ
1536 4733 1709 4785 εἴκοσι

149 4822 546 4895 βασιλεύσασα,
571 4820 741 4873 πλείω
768 4820 824 4871 δὲ
852 4820 960 4871 τῶν
992 4819 1408 4890 δεκατεσσάρων
1442 4822 1710 4892 Ἀντωνίῳ

150 4915 487 4983 συνάρξασα.
546 4909 832 4964 Ἀντώνιον
886 4910 943 4962 δὲ
991 4911 1172 4978 οἱμὲν
1221 4910 1299 4977 ἒξ,
1351 4913 1399 4963 οἱ
1449 4913 1503 4963 δὲ
1533 4916 1711 4981 τρισὶν

151 5005 485 5073 ὑπερϐαλεῖν
508 5018 640 5071 φασι
674 5004 743 5054 τά
774 5003 1130 5070 πεντήκοντα.
1164 5001 1267 5053 Τὸν
1296 5001 1350 5053 δὲ
1379 5002 1472 5054 τοῦ
1512 5002 1711 5053 Ἀντω-

150 5104 271 5154 νίου
304 5099 416 5149 υίὸν
441 5098 697 5149 Ἀντυλον
720 5096 810 5147 τὸν
838 5099 900 5145 ἐκ
926 5096 1023 5161 τῆς
1048 5095 1333 5159 Φουλϐίας,
1365 5097 1458 5147 καὶ
1498 5097 1588 5147 τὸν
1612 5095 1713 5161 τῆς

148 5176 520 5257 ⁸Κλεοπάτρας
553 5190 643 5238 τὸν
667 5188 1013 5256 Καισαρίωνα
1054 5186 1081 5236 ὁ
1121 5188 1335 5256 Καῖσαρ
1374 5188 1709 5239 ἀπέκτεινεν.

153 5284 441 5342 Ἀντώνιος
470 5280 566 5348 μὲν
588 5275 679 5331 οὖν
702 5280 796 5330 καὶ
820 5280 1148 5346 Κλεοπάτρα
1178 5278 1351 5340 οὕτως
1375 5276 1709 5346 ἀπήλλαξαν.

157 5378 383 5442 Καῖσαρ
412 5372 470 5424 δὲ
497 5372 588 5423 τὸν
612 5369 706 5421 τοῦ
736 5369 1083 5439 Ἀλεξάνδρου
1116 5368 1208 5439 τού
1239 5368 1499 5438 βασιλέως
1524 5369 1713 5437 νεκρὸν

158 5468 271 5523 εἶδε
322 5466 413 5516 καὶ
454 5460 773 5532 προσήψατο
802 5461 987 5511 αὑτοῦ.
1025 5461 1104 5511 Τὰ
1150 5458 1205 5509 δὲ
1234 5459 1339 5510 τῶν
1366 5458 1713 5526 Πτολεμαίων

162 5561 417 5627 σώματα,
465 5556 641 5606 καίτοι
692 5552 799 5602 τῶν
837 5550 1227 5619 Ἀλεξανδρέων
1294 5549 1465 5613 δεῖξαί
1525 5551 1573 5601 oi
1620 5551 1714 5602 καὶ

160 5654 340 5707 ταῦτα
368 5646 756 5716 βουληθέντων,
791 5643 915 5694 ἰδεῖν
936 5644 1035 5693 οὐκ
1067 5643 1350 5709 ἠθέλησεν,
1412 5643 1579 5693 είπων
1633 5644 1714 5693 ὅτι

160 5737 450 5801 Βασιλέα,
478 5733 612 5788 ἀλλ’
634 5735 706 5785 οὐ
736 5730 986 5797 νεκροὺς
1008 5729 1155 5781 ἰδεῖν
1179 5731 1542 5798 ἐπεθύμησα.
1582 5731 1715 5783 Οὐδὲ

160 5833 241 5903 τῷ
268 5828 451 5883 ’Δπιδι
479 5827 721 5895 ἐντυχεῖν
748 5823 996 5893 ἐπείσθη,
1036 5823 1207 5891 λέγων
1254 5826 1331 5881 ὅτι
1362 5825 1548 5890 Θεοὺς,
1603 5825 1716 5876 ἀλλ’

1798 660 1992 713 Fertur
2034 670 2218 713 autem
2261 659 2549 727 Cleopatra
2591 676 2774 715 morsu
2826 661 3034 728 aspidis
3085 662 3358 729 serpentis

1799 750 2062 817 periisse,
2099 765 2205 802 una
2255 766 2378 803 cum
2422 750 2634 806 ﬁcubus
2680 752 2884 805 allata:
2918 753 3011 805 alii
3065 754 3116 805 in
3167 752 3355 822 hydria

1796 848 2124 892 asservatam
2156 840 2381 893 tradunt
2416 841 2686 910 a5pidem,
2715 851 2769 894 et
2796 842 2918 894 colu
2947 857 3111 894 aurea
3138 842 3359 894 lacessi-

1798 940 1905 982 tam
1939 941 1993 982 et
2050 931 2319 983 irritatam
2384 932 2504 1001 ejus
2552 932 2834 985 brachium
2886 934 3162 987 mordicus
3217 935 3355 987 arri-

1798 1018 2002 1086 puisse.
2049 1017 2258 1071 Dicitur
2298 1030 2354 1072 et
2397 1035 2668 1073 venenum
2725 1022 2778 1074 in
2818 1022 3037 1075 cidtello
3082 1017 3358 1075 cavo'ha-

1798 1108 2005 1171 buisse,
2038 1124 2199 1176 quem
2233 1112 2428 1177 capillo
2461 1113 2841 1165 occultaverit.
2880 1113 3015 1169 Dion
3058 1123 3238 1166 autem
3270 1129 3352 1164 rr-

1797 1198 1899 1251 fert
1947 1215 2102 1253 acum
2156 1217 2260 1268 qua
2308 1202 2562 1269 capillum
2620 1204 3072 1267 discriminaret,
3146 1218 3356 1257 veneno

1799 1288 2075 1342 inunctam
2106 1289 2311 1344 fuisse:
2339 1294 2495 1360 cujus
2528 1294 2721 1344 veneni
2748 1308 2809 1346 ea
2836 1294 2917 1346 vis
2945 1302 3112 1356 esset,
3147 1302 3204 1346 ut
3230 1308 3354 1346 cum

1797 1383 2115 1450 sanguinem
2162 1383 2466 1450 attigisset,
2521 1384 2807 1437 celerrime
2853 1394 2907 1437 et
2961 1384 3183 1437 minima
3230 1400 3354 1436 cum

1798 1471 2045 1523 molestia
2078 1471 2303 1524 exitium
2330 1473 2569 1526 all‘erret.
2598 1475 2885 1543 Utcunque
2909 1474 2996 1536 sit,
3025 1474 3112 1527 illa
3137 1473 3299 1541 periit
3338 1489 3351 1526 :

1796 1562 1999 1615 veritas
2040 1563 2341 1630 ignoratur,
2389 1566 2493 1616 nisi
2528 1567 2672 1632 quod
2712 1567 2764 1618 in
2815 1568 2934 1636 ejus
2982 1565 3206 1620 brachio
3235 1565 3355 1619 dua:

1798 1653 2004 1704 vibices
2035 1662 2224 1707 tenues
2257 1664 2312 1707 et
2351 1656 2595 1709 obscura:
2622 1666 3010 1725 apparuerunt,
3046 1657 3099 1709 in
3126 1671 3355 1725 corpore

1799 1742 1947 1793 nulla
2008 1742 2202 1793 veneni
2263 1742 2462 1795 indicia
2516 1754 2639 1796 sunt
2698 1744 3071 1797 animadversa
3117 1760 3129 1796 :
3177 1759 3355 1811 neque

1800 1845 2025 1896 serpens
2059 1830 2170 1899 ipse
2207 1843 2457 1899 repertus
2489 1842 2597 1895 est,
2626 1835 2727 1887 nisi
2758 1835 2900 1901 quod
2934 1833 3180 1887 nonnulli
3209 1834 3357 1885 dixe-

1205 1932 1269 1982 Ἦ
1308 1933 1402 1999 μὲν
1429 1929 1521 1983 οὖν
1544 1932 1695 1982 amb.
1729 1932 1767 1983 [ι
1800 1928 1946 1980 runt,
1985 1934 2041 1972 se
2085 1929 2289 1975 tractus
2337 1924 2484 1977 illius
2512 1925 2778 1993 quosdam
2826 1926 2978 1994 juxta
3027 1938 3197 1985 mare,
3248 1938 3357 1990 quo

1798 2014 2061 2066 conclave
2128 2012 2481 2079 aspectabat,
2539 2024 2593 2066 et
2649 2013 2905 2068 fenestra:
2961 2021 3156 2078 erant,
3223 2030 3355 2069 con-

1799 2107 2061 2173 spexisse.
2098 2106 2366 2160 Caeterum
2411 2107 2726 2174 conjectura
2778 2106 2899 2170 fuit,
2956 2125 3074 2165 eam
3147 2113 3356 2181 aspidis

1801 2212 1984 2250 morsu
2018 2198 2268 2265 periisse,
2294 2197 2439 2265 quod
2470 2198 2636 2250 multa
2662 2198 2884 2253 lcthalia
2909 2217 3114 2255 venena
3142 2205 3353 2273 pridem

1800 2287 2139 2356 collegerat,
2194 2303 2369 2356 eaque
2417 2288 2687 2343 damnatis
2732 2291 2927 2358 capitis
2979 2297 3355 2363 proponebat,

1800 2392 2032 2445 quorum
2060 2378 2166 2429 alia
2204 2386 2433 2430 mortem
2466 2380 2700 2431 celerem
2729 2396 2853 2433 cum
2887 2397 3081 2450 magno
3108 2385 3353 2438 cruciatu

1802 2467 2100 2531 afferrent,
2156 2467 2262 2520 alia
2314 2468 2530 2520 mitiora
2571 2471 2887 2527 tardiorem.
2943 2472 3127 2525 Solum
3176 2484 3354 2529 autem

1801 2572 2041 2609 morsum
2072 2556 2277 2624 aspidis
2302 2556 2643 2621 observarat,
2672 2569 2957 2614 veternum
2990 2563 3354 2630 soporiferum

1802 2663 1925 2701 cum
1962 2647 2107 2701 molli
2142 2648 2341 2703 sudore
2370 2650 2509 2702 citra
2545 2652 2960 2705 convulsionem
2995 2654 3275 2717 inducere,
3302 2668 3356 2708 et

1803 2738 2058 2791 sensibus
2092 2738 2364 2792 hebetatis
2395 2738 2590 2793 leviter
2618 2740 2985 2809 exstinguere.
3021 2742 3200 2797 Cesar
3239 2747 3358 2814 ejus

1805 2828 2029 2880 interitu
2062 2828 2252 2881 audito
2284 2830 2587 2897 obstupuit,
2621 2842 2675 2885 et
2716 2831 2968 2884 cadaveri
3021 2835 3259 2887 remedia
3304 2846 3359 2889 et

1804 2918 2005 2984 psyllos
2036 2918 2302 2972 adhibuit.
2334 2919 2494 2988 Psylli
2523 2930 2703 2973 autem
2731 2922 2834 2974 viri
2859 2931 2988 2976 sunt
3016 2925 3183 2993 (nulla
3208 2928 3353 2978 enim

1803 3007 2001 3057 mulier
2031 3021 2094 3057 ea
2143 3006 2193 3058 vi
2238 3008 2463 3074 praedzta
2515 3010 2620 3076 est)
2665 3012 2758 3078 qui
2807 3012 3039 3087 quodvis
3086 3030 3355 3067 venenum

1802 3096 2043 3164 ciijusvis
2094 3098 2388 3165 serpentis.
2425 3099 2739 3167 priusquam
2792 3103 2837 3153 is
2882 3103 2973 3169 qui
3018 3119 3231 3156 morsus
3264 3116 3357 3159 aut

1808 3190 2122 3241 vulneratus
2152 3198 2257 3253 est,
2289 3190 2571 3253 moriatur,
2606 3194 2937 3261 exsugendo,
2984 3210 3081 3249 nec
3126 3197 3222 3264 ipsi
3259 3198 3353 3250 lze-

1805 3278 2031 3343 duntur,
2069 3283 2375 3335 ctvenenis
2404 3282 2605 3337 infecto
2639 3285 2869 3337 salutem
2919 3284 3178 3339 afferunt.
3225 3290 3359 3341 Pro-

1805 3382 2070 3441 pagantur
2117 3373 2205 3425 alii
2250 3388 2315 3425 ex
2350 3375 2490 3436 aliis,
2534 3384 2592 3427 et
2636 3376 2800 3429 fimus
2833 3378 3135 3446 explorant,
3177 3380 3259 3432 vel
3303 3381 3355 3432 in

1805 3473 2089 3529 serpentes
2119 3465 2419 3532 conjectos,
2452 3467 2535 3519 vel
2570 3483 2762 3521 eorum
2790 3468 2971 3523 fasciis
3012 3470 3359 3538 serpentibus

1806 3554 2024 3619 injectis
2057 3572 2069 3607 :
2108 3558 2201 3623 qui
2232 3572 2333 3610 nec
2362 3570 2595 3625 puerum
2630 3560 2850 3623 lmdunt,
2896 3570 2951 3614 et.
3001 3562 3242 3615 vestibus
3291 3563 3357 3616 il-

1805 3645 1912 3697 lius
1943 3646 2072 3700 tecti
2106 3655 2444 3717 torpescunt.
2476 3650 2659 3705 Caesar
2684 3653 2849 3721 igitur
2880 3653 3178 3721 Cleopatrae
3202 3654 3355 3707 obitu

1806 3735 1999 3799 doluit,
2031 3754 2351 3807 generosam
2377 3742 2494 3810 ejus
2518 3743 2754 3796 indolem
2781 3744 3101 3809 admiratus,
3127 3758 3357 3813 eamque

1806 3828 2091 3894 magniﬁce
2118 3831 2481 3897 regaliterque
2507 3847 2628 3885 cum
2654 3833 2890 3885 Antonio
2919 3836 3138 3900 sepeliri
3170 3837 3356 3905 jussit.

1805 3918 1943 3971 Sunt
1965 3928 2020 3972 et
2045 3920 2255 3974 ancilla:
2278 3922 2432 3989 jussu
2461 3922 2607 3975 illius
2634 3922 2990 3977 honoriﬁcam
3020 3918 3355 3992 sepulturam

1804 4019 2087 4063 assecutaa.
2132 4011 2282 4064 Obiit
2310 4010 2596 4081 Cieopatra
2637 4028 2808 4067 annos
2838 4016 2979 4068 unde
3029 4032 3093 4069 xi.
3138 4029 3281 4083 nata,
3325 4032 3356 4071 ο

1806 4100 2006 4168 quibus
2033 4117 2071 4153 ιι
2098 4110 2148 4154 et
2177 4118 2245 4154 xx
2298 4104 2565 4171 regnavit,
2601 4105 2836 4172 amplius
2863 4121 2948 4158 xiv
2974 4121 3094 4157 cum
3118 4107 3357 4160 Antonio

1806 4191 2117 4260 imperavit.
2140 4196 2439 4247 Antonium
2465 4210 2596 4249 vero
2619 4196 2709 4248 alii
2737 4211 2817 4257 ιιι,
2842 4197 2933 4248 alii
2961 4212 3009 4247 vi
3028 4207 3083 4249 et
3105 4213 3134 4249 ι.
3158 4197 3355 4252 vixisse

1807 4297 1979 4335 annos
2011 4283 2249 4335 tradunt.
2281 4282 2435 4351 531
2468 4285 2595 4353 Ejus
2619 4300 2682 4336 ex
2712 4284 2896 4337 Fulvia
2942 4285 3111 4339 lilium
3162 4288 3355 4359 Antyl-

1808 4370 1941 4433 lum,
1967 4381 2022 4425 et
2059 4371 2361 4438 Cleopatra
2412 4372 2580 4425 lilium
2616 4372 3003 4436 Caesarionem,
3053 4374 3232 4429 Caesar
3277 4378 3359 4429 in—

1808 4461 2039 4514 terfecit.
2074 4460 2361 4530 Cleopatra
2392 4473 2557 4532 atque
2588 4464 2825 4517 Antonio
2856 4467 2921 4520 ad
2954 4467 3099 4519 hunc
3136 4469 3354 4520 modum

1808 4549 2057 4613 Sublatis,
2090 4552 2381 4607 Alexandri
2431 4557 2571 4623 regis
2600 4570 2798 4623 corpus
2839 4556 2972 4607 vidit
3016 4566 3068 4608 et
3099 4567 3357 4609 attrecta-

1810 4640 1907 4692 vit.
1957 4640 2373 4695 l'tolemmorum
2430 4644 2592 4694 etiam
2635 4644 3015 4695 Alexandrinis
3067 4646 3357 4696 ostendere

1809 4730 2135 4794 volentibus,
2166 4732 2435 4784 recusavit
2462 4748 2475 4782 :
2501 4730 2566 4783 Se
2593 4733 2732 4784 enim
2785 4747 2955 4801 regem
3008 4734 3179 4785 videre
3217 4736 3358 4800 cupi-

1808 4820 1962 4882 visse,
1992 4836 2095 4871 non
2144 4820 2417 4872 cadauera.
2454 4820 2639 4889 Neque
2684 4823 2910 4890 Apidem
2944 4824 3092 4876 adire
3146 4826 3354 4878 voluit:

1810 4908 1953 4976 quod
1988 4909 2139 4971 deos,
2185 4923 2292 4961 non
2336 4909 2502 4965 boves
2538 4912 2766 4966 adorare
2793 4916 3181 4969 consuevisset.
3203 4915 3354 4983 [Egy-

1808 5006 1961 5067 ptum
1999 5000 2338 5054 tributariam
2361 5001 2506 5066 fecit,
2536 5012 2592 5056 et
2618 5005 2899 5071 pecuniam
2928 5020 3162 5065 omnem,
3198 5021 3346 5071 quani

1811 5087 1885 5141 ibi
1936 5091 2224 5144 maximam
2280 5095 2505 5159 reperit,
2556 5108 2741 5146 secum
2803 5088 3000 5146 avexit.
3062 5094 3247 5145 Rebus
3303 5095 3356 5147 in

1808 5177 2037 5249 Egypto
2084 5197 2182 5234 suo
2230 5180 2497 5235 arbitratu
2559 5182 2841 5246 ordinatis,
2894 5197 2990 5248 per
3045 5183 3253 5252 Syriam
3303 5185 3356 5237 in

1811 5272 1990 5324 Asiam
2040 5271 2195 5331 abiit,
2242 5271 2424 5339 ibique
2472 5273 2802 5326 hibernavit.
2850 5270 3081 5325 Romani
3128 5289 3256 5327 vero
3303 5284 3359 5327 et

1816 5370 1949 5426 tum,
1981 5371 2037 5415 et
2080 5362 2232 5430 prius
2274 5365 2463 5427 etiam,
2502 5364 2775 5418 Actiacam
2822 5363 3103 5417 victoriam
3161 5364 3357 5432 adepto

1814 5453 2076 5520 plurimos
2128 5451 2363 5507 honores
2402 5455 2781 5507 decreverunt.
2842 5454 2955 5508 Sub
3012 5463 3249 5507 aestatem
3300 5456 3356 5507 in

1812 5540 2070 5594 Graeciam
2100 5551 2155 5595 et
2186 5542 2391 5595 Italiam
2430 5543 2659 5611 trajecit.
2706 5543 2784 5596 Eo
2822 5543 3045 5596 Romam
3088 5543 3353 5609 ingresso,

1813 5632 2046 5699 pepulus
2070 5634 2438 5703 sacriﬁcavit,
2471 5642 2527 5685 et
2555 5636 2742 5686 consul
2773 5634 2966 5687 bovem
3007 5631 3305 5684 immolavit
3337 5649 3352 5685 :

1814 5720 1959 5790 quod
2003 5722 2137 5773 nulli
2185 5725 2333 5791 prius
2379 5725 2672 5779 acciderat.
2715 5722 3071 5790 Triumphum
3122 5734 3216 5787 per
3261 5724 3358 5774 tri-

1815 5814 1985 5868 duum
2024 5815 2153 5884 egit,
2201 5830 2409 5885 pompae
2444 5834 2632 5873 omnes
2665 5820 2900 5871 illustres
2936 5815 3155 5868 fuerunt
3187 5831 3197 5867 :
3236 5822 3355 5866 tan-
