4036 6338
147 502 240 565 901

1367 499 1763 564 ANNALIUM
1799 496 1942 557 LIB.
1988 497 2058 557 Χ.
2164 535 2180 551 .

3250 503 3354 563 902

148 614 284 683 αὐτῷ
332 616 429 683 τὴν
472 614 766 671 Ὀκταϐίαν
802 612 1089 684 συνῴκισε.
1127 614 1237 668 Καὶ
1265 614 1363 683 τῆς
1401 614 1693 682 γερουσίας

1795 614 1938 671 rant,
1992 620 2103 659 uno
2148 604 2370 660 decreto
2422 604 2659 661 abolevit
2712 610 2912 664 omnia.
2953 610 3099 677 Quas
3145 612 3216 668 ob
3267 632 3353 671 res
3435 662 3438 666 λ

148 706 431 775 πρόκριτος
480 706 754 775 ἐπεκλήθη
808 705 835 755 ὸ
874 704 1108 774 Καῖσαρ,
1141 705 1215 767 ὡς
1262 707 1318 756 έν
1367 707 1433 774 τῇ
1481 703 1700 772 ἀκριϐεῖ

144 798 485 867 δημοκρατία
532 797 851 865 νενόμιστο,
886 796 1020 849 ἄλλα
1075 814 1134 848 τε
1179 797 1348 849 πολλά
1404 796 1699 864 πεποίηκεν

146 887 217 949 εις
242 889 411 955 τιμὴν
451 888 554 955 τῆς
596 882 814 956 Ῥώμης
846 888 938 940 καὶ
982 888 1088 939 τῶν
1132 880 1384 950 πολιτῶν,
1422 888 1513 938 καὶ
1560 878 1695 954 χρήηο

150 994 287 1042 ματα
352 977 565 1039 πολλοῖς
631 979 741 1028 τῶν
799 977 1029 1029 πολιτῶν
1079 977 1367 1047 ἐχαρίσατο
1432 974 1697 1045 λαμπρῶς

149 1068 529 1135 πενητεύσασι,
561 1068 630 1121 τά
672 1085 730 1120 τε
786 1068 989 1121 παλαιὰ
1040 1067 1343 1135 συμϐόλαια
1372 1066 1479 1119 τῶν
1509 1069 1585 1129 είς
1639 1065 1699 1118 τὸ

145 1158 319 1225 κοινὸν
352 1160 677 1225 ὀφειλόντων
715 1159 1019 1212 κατέκαυσε
1046 1176 1061 1189 ο
1095 1161 1188 1211 καὶ
1217 1160 1314 1211 ὅσα
1338 1158 1433 1209 ἰπὶ
1460 1156 1695 1209 Λεπίδου

147 1248 231 1300 καὶ
276 1246 567 1321 Ἀντωνίου
620 1249 818 1311 ἀδίκως
851 1251 1120 1317 ἐγένοντο,
1153 1248 1222 1301 δι’
1262 1248 1379 1309 ἐνὸς
1410 1247 1699 1318 προγράμ-

149 1355 313 1405 ματος
362 1339 654 1391 κατέλυσεν
697 1338 933 1393 ἅπαντα.
970 1340 1079 1392 Καὶ
1120 1341 1211 1393 ἐπὶ
1250 1340 1458 1402 τούτοις
1498 1338 1700 1408 ὑμνούο

147 1443 325 1494 μενος,
363 1427 451 1480 ἵνα
488 1429 691 1497 μᾶλλον
726 1430 1007 1499 τιμηθείη,
1051 1431 1142 1481 καὶ
1180 1428 1309 1499 παρ’
1338 1430 1572 1481 ἑκόντων
1601 1428 1698 1496 ’τὴν

146 1520 443 1587 μοναρχίαν
514 1520 698 1573 λαϐεῖν
773 1520 1141 1591 ἐπεθύμησεν.
1210 1522 1297 1584 Ὠς
1370 1520 1695 1592 μὴ-δοκοίη

145 1608 380 1661 ἀκόντων
408 1611 622 1680 ἄρχειν,
642 1612 737 1665 καὶ
766 1612 890 1675 τοὺς
915 1612 1063 1682 αύτῷ
1095 1612 1328 1681 μάλιστα
1352 1612 1695 1694 ἐπιτηδείους

1799 712 1923 751 cum
1960 698 2215 752 laudibus
2250 701 2300 751 in
2334 698 2530 753 coelum
2561 700 2891 767 efferretur,
2919 706 3142 775 majoris
3180 710 3351 763 etiam

1798 787 2025 841 honoris
2051 788 2326 841 desiderio
2361 790 2648 857 imperium
2685 807 2713 844 a
2748 794 3056 849 volentibus
3104 800 3351 867 accipere

1801 880 2149 943 desideravit.
2186 898 2248 939 ac
2274 899 2341 937 ne
2365 884 2549 938 invitis
2595 878 2860 954 imperare
2888 891 3188 956 videretur,
3221 894 3324 947 sub

1797 972 2003 1025 ornatis
2060 972 2268 1025 intimis
2318 974 2454 1035 suis,
2513 978 2804 1043 septimum
2851 981 3040 1033 consul
3092 982 3146 1034 in
3197 984 3347 1037 curia

1798 1061 2125 1130 deprecatus
2153 1073 2232 1118 est
2266 1064 2556 1134 imperium
2589 1086 2599 1119 :
2643 1078 2697 1121 ct
2727 1083 2937 1123 summa
2968 1086 3148 1125 rerum
3201 1076 3344 1142 opti-

1796 1151 2060 1214 matibus_
2082 1152 2428 1219 demandata,
2459 1172 2554 1210 ens
2601 1159 2833 1227 rogavit,
2858 1161 2941 1213 ‘ut
2985 1177 3138 1231 αιτιυο
3166 1166 3348 1217 animo

1798 1255 1858 1293 se
1882 1241 2150 1311 privatam
2188 1245 2351 1297 vitam
2385 1262 2549 1315 agerc
2576 1258 2920 1317 paterentur.
2973 1253 3041 1307 At
3075 1266 3351 1310 senatores

1795 1333 1918 1400 ejus
1952 1336 2276 1388 sententiam
2308 1340 2503 1404 partim
2545 1340 2804 1406 scientes,
2841 1345 3037 1411 partim
3069 1349 3353 1417 suspican-

1800 1430 1904 1488 tes,
1928 1423 2018 1476 alii
2057 1439 2284 1494 arguere
2313 1428 2592 1491 nolebant,
2635 1432 2726 1484 alii
2760 1433 3042 1491 timebant.
3079 1436 3213 1491 Cum
3251 1440 3346 1508 igi—

1795 1520 1885 1565 tur
1918 1514 1967 1565 ei
1998 1514 2223 1569 credere
2251 1516 2339 1568 alii
2369 1518 2650 1587 ﬁngerent,
2684 1522 2775 1575 alii
2809 1540 3032 1581 necesse
3064 1529 3349 1597 haberent,

1798 1603 2088 1672 imperium
2138 1608 2373 1661 retinere
2423 1605 2649 1681 ‘coactus
2697 1622 2783 1666 est
2830 1617 3057 1673 scilicet.
3107 1620 3225 1687 Quo
3285 1630 3351 1678 ad

145 1704 593 1768 παρασκευάσας,
628 1704 709 1762 είς
736 1702 833 1771 τὴν
871 1702 1160 1770 γερουσίαν
1197 1702 1444 1771 εἰσῆλθεν
1469 1693 1695 1771 ἕϐδομον

1798 1693 1946 1749 hunc
1976 1696 2195 1750 modum
2230 1714 2259 1751 a
2294 1712 2485 1753 senatu
2516 1703 2823 1772 populoque
2865 1704 3101 1769 ﬁrmato.
3136 1727 3352 1768 omnem

143 1790 450 1856 ὑπατεύων,
478 1792 576 1843 ’καὶ
605 1794 1017 1861 παραιτεῖσθαι,
1060 1792 1232 1858 λέγων
1262 1792 1360 1859 τήν
1396 1794 1695 1862 μοναρχίαν

1800 1785 2114 1851 reipublica:
2152 1803 2339 1841 curam
2380 1790 2432 1843 in
2470 1807 2528 1845 se
2561 1794 2820 1863 suscepit.
2854 1792 3169 1853 Provincias
3204 1802 3355 1856 inﬁr-

140 1878 228 1928 καὶ
262 1880 439 1930 πάντα
473 1878 576 1928 ὑπὸ
618 1882 729 1939 τοῖς
761 1880 1007 1947 ἀρίστοις
1032 1881 1240 1943 ποιεῖν,
1274 1881 1451 1947 ἐδέετο
1490 1883 1695 1933 τούτων

1801 1876 2022 1940 miorcs,
2054 1886 2111 1930 ut
2146 1890 2365 1947 pacatas
2398 1888 2454 1935 et
2506 1882 2775 1947 imbelles,
2812 1889 3062 1942 attribuit
3094 1894 3306 1947 senatui
3338 1913 3350 1947 :

137 1968 390 2031 δέξασθαι
418 1970 580 2021 αὑτοῦ
623 1972 721 2041 τὴν
755 1972 853 2042 τῆς
896 1972 1193 2040 μοναρχίας
1233 1971 1512 2025 ἀπόθεσιν.
1546 1974 1608 2025 Οἱ
1638 1975 1691 2025 δὲ

1799 1965 2095 2029 ﬁrmiores,
2132 1978 2190 2021 ut
2214 1971 2550 2036 periculosas
2580 1983 2633 2025 ct
2668 1990 2862 2041 parum
2892 1987 3054 2044 tutas,
3107 1980 3221 2048 ipse
3261 1998 3351 2035 re-

137 2061 231 2129 τῆς
264 2059 487 2129 βουλῆς,
525 2061 574 2112 οἱ
604 2062 705 2130 μὲν
738 2061 937 2124 εἰδότες
967 2063 1064 2131 τὴν
1093 2062 1319 2134 γνώμην
1350 2062 1537 2126 αὐτοῦ,
1570 2065 1619 2115 οἱ
1649 2064 1694 2115 δ’

138 2151 559 2217 ὑποπτεύοντες,
594 2154 641 2204 οἱ
674 2153 773 2221 μιν
799 2152 1021 2221 ἐλέγξαι,
1054 2155 1219 2206 αὐτὸν
1262 2154 1361 2205 οὐκ
1391 2154 1695 2219 ἐϐούλοντο,

136 2240 181 2291 oi
217 2240 265 2292 δ’
296 2242 659 2296 ἐδεδοίκεσαν.
693 2243 853 2295 Ὅθεν
901 2244 992 2296 καὶ
1044 2244 1315 2297 πιστεύειν
1343 2244 1492 2316 αὑτῷ
1521 2247 1569 2297 οί
1597 2246 1698 2315 μὲν

136 2332 483 2397 ἑπλάττοντο,
518 2336 566 2386 οί
607 2334 663 2386 δι
714 2334 1102 2404 ἠναγκάζοντο,
1139 2337 1232 2389 καὶ
1283 2336 1507 2403 ἐϐίασαν
1539 2336 1699 2408 δῆθεν

136 2424 299 2475 αὑτὸν
350 2425 664 2495 αὐταρκεῖν.
701 2428 807 2478 Καὶ
856 2428 955 2493 τὴν
1012 2427 1112 2495 μὲν
1172 2428 1470 2496 ἡγεμονίαν
1521 2428 1734 2491 οὕτως,

138 2515 289 2583 παρά
324 2532 383 2566 τε
414 2515 509 2583 τῆς
544 2515 831 2582 γερουσίας
866 2516 958 2565 καί
982 2515 1076 2565 τοῦ
1102 2516 1275 2582 δήμου
1300 2516 1693 2583 ἐϐεϐαιώσατο,

138 2604 229 2654 καὶ
266 2606 369 2673 τὴν
427 2603 686 2671 φροντίδα
745 2605 921 2654 πᾶσαν
979 2602 1085 2653 τῶν
1136 2602 1326 2653 κοινῶν
1379 2604 1691 2669 ὑπεδέξατο.

138 2693 257 2745 Τῶν
290 2692 339 2745 δ’
364 2694 531 2746 ἐθνῶν
575 2695 641 2745 τὰ
681 2695 780 2762 μὲν
816 2694 1179 2761 ἀσθενέστερα
1219 2694 1293 2756 ὡς
1332 2696 1585 2765 είρηναίά
1632 2713 1690 2747 τε

136 2784 227 2836 καὶ
274 2784 525 2851 ἀπόλεμα
583 2785 913 2851 προσένειμε
948 2785 1012 2853 τῇ
1055 2782 1217 2852 βουλῇ
1242 2799 1255 2812 ο
1289 2783 1357 2835 τὰ
1395 2784 1441 2835 δ’
1483 2785 1697 2854 ίσχυρό·

135 2890 268 2942 τερα
328 2871 402 2935 ὡς
430 2858 747 2925 ἐπικίνδυνα
801 2872 941 2941 τάχα
1000 2873 1092 2923 καὶ
1150 2872 1393 2940 σφαλερὰ
1425 2873 1694 2941 κατέσχεν

139 2964 329 3025 αὐτὸς,
365 2963 586 3031 δοκήσει
638 2964 735 3031 μὲν
770 2963 917 3025 ὅπως
959 2964 989 3031 ἡ
1037 2964 1298 3033 γερουσία
1330 2964 1694 3016 τά·κάλλιστα

140 3051 236 3117 τῆς
265 3050 442 3119 ἀρχῆς
474 3049 755 3118 καρπῷτο,
804 3047 949 3117 αὐτῷ
994 3050 1038 3100 δ’
1082 3050 1131 3101 οί
1186 3051 1332 3102 πόνοι
1372 3052 1694 3114 ιπίκεινται,

138 3142 209 3210 τῇ
253 3140 302 3191 δ’
362 3139 613 3210 ἀληθείᾳ,
663 3140 749 3192 ἶνα
802 3143 1005 3195 ἐκεῖνοι
1058 3143 1158 3212 μὲν
1213 3143 1308 3194 καὶ
1363 3140 1552 3193 ἄοπλοι
1604 3142 1695 3192 καὶ

1800 2054 1979 2108 tinuit.
2020 2056 2072 2109 ld
2102 2072 2168 2110 co
2201 2059 2532 2126 pertinebat,
2569 2061 2724 2134 533
2758 2073 2815 2118 ut
2843 2078 3066 2122 senatus
3099 2071 3351 2139 pulcher-

1800 2147 2194 2217 rimisimperii
2228 2150 2479 2218 partibus
2507 2153 2632 2214 frui.
2677 2156 2789 2225 ipse
2822 2157 3037 2216 labores
3082 2164 3351 2220 sustinere

1798 2235 2125 2291 videretur:
2159 2252 2285 2291 cum
2329 2239 2385 2293 id
2437 2242 2557 2312 ejus
2598 2245 2889 2299 consilium
2942 2259 3107 2315 esset,
3152 2234 3227 2306 ut
3276 2253 3350 2306 illi

1798 2326 2039 2382 inermes
2071 2337 2127 2383 et
2166 2329 2414 2385 imbelles
2444 2344 2664 2399 essent,
2702 2336 2815 2405 ipse
2845 2353 2994 2392 arma
3020 2350 3263 2408 teneret,
3297 2354 3351 2397 et

1799 2417 2001 2471 milites
2028 2420 2213 2473 aleret.
2248 2420 2325 2473 Ac
2356 2436 2425 2473 ne
2451 2422 2581 2489 quid
2614 2424 2819 2493 regium
2861 2443 2967 2494 pra:
2992 2412 3048 2481 se
3071 2427 3261 2495 ferret,
3296 2432 3348 2483 in

1796 2508 2109 2576 provincias
2135 2510 2238 2562 sibi
2269 2512 2561 2566 attributas
2595 2512 2885 2581 imperium
2920 2517 2984 2569 ad
3018 2518 3344 2585 decennium

1795 2600 2027 2667 accepit,
2060 2610 2266 2669 quanto
2311 2610 2555 2672 tempore
2591 2620 2647 2656 se
2678 2606 2797 2659 illas
2834 2618 3153 2673 pacaturum
3192 2614 3349 2681 polli-

1794 2688 2043 2742 cebatur.
2076 2688 2179 2743 Sed
2214 2706 2275 2744 ea
2310 2692 2565 2751 nimirum
2598 2694 2761 2747 verba
2789 2708 2963 2750 erant.
3000 2698 3175 2752 Finito
3201 2702 3347 2755 enim

1795 2780 2087 2840 decennio,’
2144 2782 2576 2851 quinquennium
2611 2801 2623 2837 :
2664 2784 2858 2839 deinde
2911 2787 3139 2841 alterum
3188 2790 3349 2858 quiu-

1794 2872 2116 2938 quennium,
2163 2883 2285 2940 post
2332 2874 2656 2927 decennium
2699 2893 2712 2931 :
2750 2893 2873 2929 mox
2908 2878 3013 2931 alia
3056 2880 3349 2949 quinquies

1794 2963 1844 3016 ei
1879 2963 2096 3017 decreta
2145 2974 2293 3027 sunt,
2335 2975 2396 3016 ut
2443 2958 2832 3039 decenniorum
2867 2956 3213 3023 successione
3252 2985 3351 3038 per

1797 3068 2012 3105 oman
2050 3065 2261 3107 rctatem
2294 3058 2443 3109 solus
2490 3072 2671 3109 rerum
2720 3058 3007 3125 potiretur.
3074 3059 3230 3114 Unde
3272 3060 3351 3112 fa-

1797 3150 2063 3202 Ctumcst,
2085 3151 2142 3195 ut
2174 3142 2531 3212 imperatores
2551 3146 2643 3213 qni
2673 3146 2822 3198 illum
2850 3148 3021 3200 secuti
3049 3155 3197 3212 sunt,
3223 3163 3348 3202 cum

138 3221 338 3301 ἀμαχει
366 3225 699 3294 ὦσιν,αὑτὸς
726 3233 781 3284 δὲ
811 3235 902 3284 καὶ
929 3234 1067 3285 ὅπλα
1090 3232 1189 3301 ἔχῃ
1221 3232 1314 3284 καὶ
1352 3232 1690 3301 στρατιώτας

1800 3231 1855 3284 in
1907 3246 2121 3285 omnem
2176 3242 2388 3287 aetatem
2442 3246 2784 3301 crearentur,
2848 3245 3025 3291 tamen
3076 3238 3349 3292 decimum

136 3324 331 3393 τρέφῃ.
360 3323 477 3375 Ἵνα
500 3324 557 3374 δὲ
592 3325 666 3393 μή
703 3340 756 3375 τι
791 3325 1117 3392 μοναρχικὶν
1160 3320 1341 3391 δοκοίη
1372 3325 1605 3391 φρονεῖν,
1636 3326 1693 3385 ἐς

138 3414 268 3465 δέκα
300 3415 394 3483 ἔτη
436 3415 534 3484 τὴν
568 3416 739 3484 ἀρχὴν
765 3415 871 3466 τῶν
899 3413 1353 3482 ἀπονεμηθέντων
1383 3413 1529 3481 αιτῷ
1559 3430 1691 3463 κατ-

138 3505 375 3567 εδέξατο.
427 3505 677 3573 Τοσούτῳ
729 3506 838 3572 γὰρ
1144 3505 1284 3557 αὑτά
1336 3505 1695 3572 καταστήσειν

138 3596 427 3663 ὑπέσχετο,
465 3594 608 3663 λόγῳ
656 3590 825 3647 ταῦτα
884 3594 1372 3664 ἐπαγγελλόμενος.
1425 3594 1533 3660 Τῆς
1587 3595 1693 3662 γὰρ

133 3687 418 3748 δεκαετίας
444 3684 802 3755 περανθείσης
832 3685 993 3755 ἕτερα
1022 3675 1183 3736 πέντε
1226 3685 1318 3754 ἔτη
1352 3724 1366 3747 ,
1398 3679 1496 3736 εἴτ’
1537 3682 1692 3745 αὖθις

138 3778 320 3841 πέντε,
351 3779 447 3830 καὶ
486 3777 623 3844 μετὰ
651 3776 811 3828 τοῦτο
852 3777 986 3828 δέκα
1031 3776 1330 3845 καὶιέτερα
1368 3775 1527 3825 πάλιν
1564 3792 1689 3825 πεν·

136 3870 293 3929 τάκις
346 3866 456 3937 (86)
504 3866 651 3933 αὑτῷ
681 3867 976 3934 ἐψηφίσθη,
1010 3866 1147 3916 ὥστε
1192 3865 1255 3931 τῇ
1300 3863 1406 3913 τῶν
1436 3863 1693 3929 δεκαετη-

138 3958 303 4026 ρίδων
344 3957 558 4025 διαδοχῇ
610 3956 698 4008 διὰ
752 3956 868 4024 βίου
928 3953 1266 4024 μοναρχῆσαι
1321 3950 1504 4004 αὐτόν.
1550 3954 1694 4004 Κάν-

135 4047 327 4098 τεῦθεν
370 4046 466 4097 καὶ
501 4046 551 4097 οἱ
600 4044 720 4114 μετ’
751 4046 913 4097 αὐτὸν
934 4043 1355 4113 αὐτοκράτορες,
1390 4042 1569 4095 καίτοι
1604 4043 1691 4094 διὰ

138 4138 252 4204 βίου
290 4135 766 4205 ἀποδεικνύμενοι,
817 4135 966 4205 ὅμως
1014 4134 1103 4186 διά
1141 4133 1248 4185 τῶν
1282 4132 1411 4184 δέκα
1446 4132 1582 4182 ἑτῶν
1604 4133 1691 4182 ἀεὶ

137 4225 429 4297 ἑώρταζον,
460 4228 536 4288 ὡς
568 4222 723 4286 αὖθις
755 4226 875 4277 τότε
906 4223 1005 4294 την
1030 4221 1330 4293 ἠγεμονίαν
1357 4219 1687 4289 ἀνανεούμε-

138 4334 235 4368 νοι.
272 4316 450 4368 Πολλά
482 4316 537 4368 δι
564 4316 659 4367 καὶ
680 4315 801 4366 τότε
826 4316 904 4376 είς
948 4312 1112 4381 τιμὴν
1140 4308 1414 4379 ἐψηφίσθη
1454 4308 1533 4379 τῷ
1558 4310 1694 4361 Καί-

140 4425 286 4476 σαρι,
321 4410 414 4459 καὶ
461 4406 771 4474 Δῦγουστος
813 4404 1111 4471 ἐπεκλήθη.
1173 4400 1386 4470 Ἐφίετο
1433 4402 1531 4471 μὲν
1584 4404 1691 4472 γὰρ

148 4497 427 4564 Ῥωμύλος
452 4495 837 4563 ὀνομασθῆναι,
860 4492 1177 4563 αίσθόμενος
1199 4493 1255 4547 δὲ
1293 4492 1693 4563 ὑποπτεύεσθαι

1797 3335 2067 3388 quemque
2099 3337 2299 3375 annum
2348 3322 2542 3376 festum
2579 3335 2821 3394 agerent,
2875 3327 3161 3395 imperium
3197 3322 3352 3397 quasi

1798 3422 2142 3465 renovantes.
2201 3412 2340 3465 Tum
2393 3425 2591 3482 praeter
2644 3417 2847 3470 multos
2897 3416 3034 3470 alios
3092 3417 3349 3481 horrares,

1795 3501 1956 3553 etiam
1994 3503 2271 3569 Augustus
2297 3512 2379 3557 est
2410 3505 2846 3572 cognominatus.
2891 3499 3026 3558 Nam
3075 3520 3198 3558 cum
3250 3507 3352 3559 Ro-

1796 3594 1976 3646 mulus
2020 3594 2123 3646 dici
2176 3605 2423 3662 cuperet,
2451 3604 2507 3648 et
2558 3604 2736 3648 tamen
2785 3596 3152 3665 suspicionem
3201 3598 3348 3665 regni

1793 3684 2071 3749 concupiti
2104 3684 2298 3737 vitaret
2323 3686 2573 3753 (Romani
2602 3686 2745 3739 enim
2772 3702 2894 3739 cum
2922 3688 3095 3754 ipsum
3123 3702 3346 3754 regnum

1794 3780 2129 3839 paterentur,
2165 3786 2361 3831 nomen
2397 3775 2545 3841 regni
2578 3774 2995 3839 aversabantur)
3030 3788 3091 3825 ea
3124 3774 3345 3842 quidem

1793 3860 2154 3925 appellatione
2185 3862 2478 3927 abstinuit;
2508 3865 2809 3931 Augustum
2840 3872 3022 3916 autem
3055 3878 3123 3921 se
3162 3865 3348 3933 appel-

1793 3948 1890 3999 lari
1946 3949 2140 4014 voluit,
2179 3958 2238 4003 ut
2279 3943 2523 4004 humana.
2562 3952 2879 4005 conditione
2927 3954 3204 4022 majorem.
3256 3954 3349 4009 Sic

1792 4039 1937 4095 enim
1989 4038 2331 4095 sanctissima
2369 4054 2595 4107 quaeque
2624 4050 2934 4113 etsutntna:
2982 4044 3347 4099 venerationis

1791 4131 2071 4185 dicuntur.
2112 4132 2506 4200 lmperatorum
2557 4132 2895 4193 domicilium
2944 4136 3200 4204 palatium
3255 4151 3347 4189 vo-

1794 4230 1970 4287 catur,
2002 4222 2147 4290 quod
2176 4222 2229 4276 in
2266 4230 2448 4276 monte
2487 4222 2733 4277 Palatino
2766 4222 2965 4286 Caesar,
2998 4234 3057 4278 ut
3098 4234 3152 4279 et
3214 4225 3343 4278 Fau-

1791 4312 1965 4366 stulus
2008 4312 2224 4365 Romuli
2257 4312 2538 4374 nutritius,
2576 4312 2877 4374 habitabat,
2923 4313 3107 4381 ibique
3149 4322 3345 4381 praeto-

1793 4404 1933 4456 rium
1987 4402 2245 4455 habebat.
2300 4401 2663 4467 Quamobrem
2706 4402 2810 4455 etsi
2861 4401 3157 4469 imperator
3213 4405 3343 4459 ahbi

1792 4491 2098 4554 diverterit,
2135 4500 2315 4545 tamen
2336 4492 2454 4561 ejus
2478 4491 2772 4557 hospitium
2802 4490 2853 4543 id
2879 4506 3077 4547 nomen
3109 4494 3341 4549 obtinet.
3380 4546 3383 4551 .

137 4592 198 4640 ὲκ
253 4586 443 4638 τούτου
496 4586 593 4655 τῆς
642 4584 917 4655 βασιλείας
965 4585 1275 4655 ἐπιθυμεῖν,
1309 4585 1377 4654 (οἱ
1408 4586 1514 4653 γὰρ
1557 4584 1690 4636 Ῥω-

1795 4581 1981 4637 Omnis
2007 4590 2187 4635 autem
2224 4590 2485 4652 potestas,
2510 4596 2631 4648 qua
2659 4581 2969 4645 consulum,
2995 4584 3338 4641 tribunorum

140 4683 290 4747 μαῖοι
323 4679 605 4748 πράγματι
648 4679 746 4747 μὲν
775 4680 842 4730 τὰ
867 4676 977 4729 τῶν
1019 4676 1459 4745 βασιλευομένων
1482 4674 1692 4740 ὑπέμε-

137 4786 243 4832 νον,
275 4768 352 4837 τῷ
374 4769 417 4819 δ’
456 4762 678 4839 ὀνόματι
712 4764 959 4835 ἤχθοντο)
988 4763 1254 4831 ἀπέσχετο
1280 4761 1372 4812 τοῦ
1421 4761 1695 4829 Ῥωμύλος
1722 4796 1723 4799 η

139 4859 517 4927 ἐπικληθῆναι,
564 4859 655 4909 καὶ
704 4855 1010 4920 Αὔγουστος
1064 4850 1349 4904 καλεῖσθαι
1399 4850 1687 4921 ἠθέλησεν,

140 4952 211 5013 ὡς
268 4950 361 5001 καὶ
417 4947 601 5000 πλεῖόν
648 4940 701 4997 τι
752 4946 785 5014 ἢ
841 4944 982 4998 κατὰ
1032 4940 1355 5011 ἀνθρώπους
1408 4940 1689 5010 ὑπάρχων.

1792 4670 1990 4739 plebis,
2056 4686 2368 4734 censorum,
2423 4679 2744 4724 cancrorum
2807 4672 3043 4742 denique
3097 4677 3341 4727 omnium

1790 4761 1919 4815 olim
1972 4752 2168 4825 fuerat,
2224 4761 2277 4812 in
2332 4760 2691 4828 imperatores
2720 4774 2805 4816 est
2848 4766 3123 4817 translata.
3161 4764 3337 4834 Atque

1792 4851 1925 4905 illud
1971 4852 2131 4905 etiam
2181 4850 2261 4904 eis
2294 4848 2501 4913 datum,
2545 4861 2605 4905 ut
2654 4852 2863 4922 legibus
2914 4854 3079 4908 soluti
3132 4866 3340 4920 essent,

1789 4959 1891 4997 nec
1924 4942 2032 4993 ullo
2064 4940 2381 5011 prmeripto
2420 4950 2756 4995 tenerentur.
2861 4969 2864 4973 -

148 5042 331 5094 ιιάντα
371 5042 481 5109 γὰρ
527 5041 595 5092 τὰ
654 5038 920 5109 ίερώτατα
960 5036 1052 5088 καὶ
1100 5033 1372 5101 σεϐάσμια
1414 5032 1697 5100 Αὖγουστα
1730 5032 2187 5105 προσαγορεύεται
2212 5051 2226 5064 ο
2290 5032 2349 5097 ἐξ
2388 5027 2557 5102 οὗπερ
2587 5032 2678 5084 καὶ
2721 5031 2988 5084 Σέϐαστον
3048 5038 3341 5104 προσεῖπον

146 5136 310 5187 αὐτὸν
359 5132 465 5185 ἀπὸ
511 5131 605 5184 τοῦ
675 5127 1021 5193 σεϐἀζεσθαι,
1073 5124 1508 5193 ἑξελληνίζοντὲς
1567 5142 1679 5189 πως
1717 5127 1903 5193 ὥσπερ
1951 5124 2077 5175 τινα
2131 5125 2347 5177 σεπτόν.
2388 5124 2453 5174 Ἦ
2479 5124 2535 5175 δὲ
2582 5121 2690 5174 τῶν
2729 5121 3146 5192 αὐτοκρατόρων
3204 5142 3339 5178 κατ-

138 5227 285 5279 οικία
338 5225 595 5278 παλάτιον
644 5196 955 5291 ὠνομάσθη,
988 5223 1066 5272 ὅτι
1096 5219 1155 5269 ἔν
1220 5233 1278 5267 τε
1326 5215 1403 5283 τῷ
1435 5217 1677 5287 παλατίῳ
1718 5218 1993 5287 λεγομένῳ
2062 5216 2199 5286 δρει,
2268 5219 2323 5266 ὲν
2431 5213 2762 5276 Φαυστοῦλος
2805 5213 2958 5283 ᾤκει,
2993 5216 3087 5267 καὶ
3128 5217 3243 5270 ἐκεῖ
3274 5219 3337 5272 τὸ

145 5319 466 5387 στρατήγιον
516 5310 651 5383 εἶχε,
687 5315 783 5365 καὶ
838 5311 921 5363 διὰ
965 5308 1152 5370 τοῦτο,
1183 5306 1284 5360 κᾶν
1333 5306 1515 5359 ἄλλοθί
1544 5316 1657 5360 ’που
1712 5313 1737 5361 ὁ
1778 5307 2129 5376 αὐτοκράτωρ
2177 5305 2441 5375 καταλύῃ,
2479 5305 2578 5375 τὴν
2644 5305 2738 5357 τοῦ
2783 5306 3042 5359 παλατίου
3089 5307 3337 5377 κλῆσινή

144 5413 439 5477 καταγωγὴ
472 5410 637 5464 αὐτοῦ
686 5407 826 5475 ἔχει.
856 5406 1010 5457 Πᾶσα
1039 5397 1343 5467 δεηὲξουσία
1384 5400 1418 5468 ἦ
1469 5417 1528 5452 τε
1570 5406 1679 5464 τοῖς
1719 5402 1939 5461 ὑπάτοις
2006 5398 2065 5450 τὸ
2133 5397 2361 5451 παλαιὸν
2404 5398 2654 5467 διδομένη
2691 5398 2781 5449 καὶ
2816 5400 2846 5465 ἡ
2880 5401 2989 5461 τοῖς
3032 5399 3334 5468 δημάρχοις

144 5506 234 5557 καὶ.
282 5504 316 5570 ἡ
362 5504 474 5561 τοῖς
510 5502 765 5569 τιμηταῖς
819 5499 910 5550 καὶ
952 5499 1063 5558 τοῖς
1106 5495 1284 5553 ἄλλοις
1340 5492 1509 5543 ἅπασι
1552 5496 1662 5557 τοῖς
1729 5491 2119 5562 αὐτοκράτορσι
2169 5490 2396 5547 δέδοται.
2466 5490 2575 5543 Καὶ
2660 5489 2881 5558 προσέτι
2937 5491 3030 5541 καὶ
3086 5488 3333 5551 λελύσθαι

1313 5656 1512 5716 Variae
1536 5655 1837 5716 lectiones
1876 5660 1936 5714 et
1976 5663 2160 5715 notm.

216 5788 325 5859 {86)
365 5788 466 5840 Kal
494 5785 660 5853 ἕτερα
684 5784 867 5863 ud’lrr
894 5780 1191 5846 πεντάκις.
1223 5780 1297 5832 lla
1328 5779 1435 5832 duo
1473 5778 1601 5843 Reg.
1669 5791 1695 5827 (ι

1795 5778 1996 5829 ,nllert.
2068 5774 2289 5827 Wolﬁus
2340 5772 2493 5824 πέντε
2536 5771 2801 5825 ediderat.
2854 5769 3002 5823 Alter
3062 5767 3190 5835 Reg.
3245 5762 3336 5818 καὶ
3424 5846 3427 5851 ί

144 5856 305 5910 ῐτεόα
331 5860 487 5914 πάλιν
524 5861 615 5908 καὶ
641 5856 914 5913 πεντάκις.
