4036 6338
671 435 779 497 903
1815 456 1817 459 ·
1926 434 2248 496 JOANNIS
2287 435 2606 498 ΖΟΝΑΒΕ
3760 444 3858 506 90$

663 550 774 602 τῶν
808 549 985 616 νόμων
1013 547 1170 614 ἐδόθη
1201 547 1406 612 αὐτοῖς,
1447 546 1725 600 τουτέστιν
1759 545 2079 615 ἐλευθέρους
2140 543 2248 596 ἀπὸ
2287 544 2463 614 πάσης
2525 545 2632 598 τῶν
2661 545 2841 614 νεμων
2872 543 3118 616 ἀνάγκης
3139 541 3298 612 εἶναι,
3325 546 3420 602 καὶ
3455 548 3642 620 μηδενὶ
3673 552 3857 606 τούτων

665 643 968 699 ἐνέχεσθαι.
3033 679 3039 684 ·

1014 720 1133 798 Quo
1165 732 1254 786 die
1287 731 1469 786 Caesar
1499 732 1778 800 Augustus
1807 730 2208 807 cognominant:

2401 724 2524 777 Al”.
2569 723 2698 775 Ὅτε
2747 722 2824 815 δέ.
2859 721 3170 791 Αὔγουστος
3225 725 3504 796 ἐπεκλήθη
3563 731 3590 782 6
3645 731 3856 801 Καίσαρ,

662 837 767 889 est,
831 835 992 879 noctu
1049 841 1304 894 magnum
1369 823 1678 892 prodigium
1719 823 1950 876 exstitit.
2005 822 2208 876 Tiberis

2325 819 2552 888 σημεῖον
2607 817 2665 869 ού
2726 817 2924 886 μικρδν
2977 819 3094 871 τότε
3151 819 3293 872 κατά
3316 820 3419 891 τὴν
3465 821 3634 878 νύκτα
3665 827 3856 893 ἐκείνην

662 918 808 970 enim
829 904 1016 970 omnia
1047 916 1301 969 Romana!
1334 914 1484 968 urbis
1515 914 1672 982 plana
1707 913 1822 967 loca
1859 913 1936 968 sic
1979 913 2208 966 inunda-

2320 911 2560 977 ἐγένετο.
2620 908 2680 960 '0
2735 908 2840 978 γάρ
2894 909 3136 979 Τίϐερις,
3180 911 3502 980 πελαγὶσας,
3555 919 3726 969 πᾶσαν
3771 921 3856 987 τὴν

660 1006 759 1070 vit,
797 1014 856 1059 ut
885 1007 1292 1075 navigareutur.
1328 1004 1446 1071 Quo
1482 1014 1632 1058 vates
1684 1004 1935 1072 portendi
1988 1003 2208 1057 aﬂirma-

2319 999 2541 1052 πεδιάδα
2572 999 2669 1068 τῆς
2700 997 2918 1070 Ῥώμης
2947 1002 3245 1055 κατέλαϐεν
3271 1002 3413 1057 ὥστε
3451 1006 3696 1060 πλεῖσθαι
3719 1025 3731 1038 ⁸
3771 1013 3856 1063 καὶ

659 1106 788 1150 runt
845 1098 959 1150 fore
1023 1105 1082 1149 ut
1136 1092 1327 1149 urbem
1386 1094 1766 1162 ampliticaret,
1831 1103 1887 1146 et
1948 1101 2113 1146 totam
2164 1093 2208 1144 in

2317 1090 2363 1140 oi
2397 1088 2618 1157 μάντεις
2655 1089 2737 1139 ὃτι
2769 1104 2828 1138 τε
2869 1089 2960 1139 ἐπὶ
2993 1089 3135 1156 μέγα
3163 1087 3409 1159 αὐξήσει,
3449 1096 3542 1142 καὶ
3569 1091 3653 1144 ὅτι
3692 1095 3852 1146 πᾶσαν

658 1195 927 1254 potestate
958 1200 1053 1239 sua
1099 1184 1346 1238 haberet.
1379 1183 1429 1236 Is
1457 1197 1584 1236 vero
1617 1197 1740 1234 cum
1786 1181 1889 1234 alia
1932 1181 1998 1232 ad
2049 1181 2208 1247 impe-

2315 1179 2413 1248 τὴν
2471 1177 2629 1230 πόλιν
2686 1178 3006 1246 ύποχειρίαν
3057 1179 3192 1244 ἕξει,
3229 1181 3294 1233 ἐκ
3353 1183 3545 1234 τούτου
3588 1188 3853 1253 προεῖπον.

659 1278 806 1330 rium
845 1275 1211 1345 pertinentia,
1276 1280 1337 1328 ut
1394 1273 1488 1342 qui
1545 1271 1852 1324 volentibus
1901 1271 2208 1340 imperaret,

2329 1267 2388 1320 '0
2416 1267 2472 1320 δὲ
2511 1270 2578 1322 τά
2615 1285 2670 1320 τε
2702 1267 2836 1323 ἀλλα
2864 1270 2931 1322 τὰ
2973 1271 3038 1339 τῇ
3091 1272 3231 1340 ἀρχῇ
3283 1273 3631 1342 προσήκοντα
3674 1276 3854 1345 προθυ·

655 1369 891 1422 alacrius
947 1366 1352 1420 administravit
1406 1380 1421 1415 :
1477 1372 1588 1417 tum
1657 1362 1810 1432 leges
1865 1362 2064 1424 sanxit,
2117 1374 2208 1414 nec

2320 1357 2549 1428 μότερον
2593 1359 2884 1427 ἔπραττεν,
2933 1359 3008 1421 ὡς
3057 1360 3345 1414 ἐθελόντων
3377 1363 3582 1433 ἄρχων,
3618 1367 3708 1417 καὶ
3756 1369 3855 1419 ένο-

657 1467 839 1510 tamen
871 1465 1062 1524 suapte
1088 1452 1413 1508 auctoritate
1441 1467 1630 1506 omnes
1653 1492 1667 1514 ,
1720 1452 1814 1505 sed
1850 1451 2112 1518 quasdam
2149 1449 2208 1503 ad

2320 1449 2572 1515 μοθέτει·
2598 1449 2657 1502 οὐ
2710 1451 2890 1519 μέντοι
2957 1451 3132 1502 πάντα
3171 1451 3618 1521 ἐθελογνωμονῶν
3680 1457 3848 1524 ἐνομογ

660 1547 922 1617 populum
953 1545 1100 1605 tulit,
1137 1555 1195 1598 ut
1226 1559 1343 1611 quae
1370 1543 1743 1610 displicerent,
1773 1557 1835 1611 ea
1867 1541 2161 1610 corrigeret
2197 1556 2210 1592 :

659 1637 882 1688 hortans
923 1649 1132 1697 omnes,
1182 1642 1242 1686 ut
1283 1632 1442 1703 534
1489 1635 1531 1686 si
1566 1631 1698 1701 quid
1747 1631 1942 1685 melius
1986 1631 2212 1694 scirent,

657 1733 963 1778 monerent.
989 1723 1254 1778 Consules
1280 1724 1406 1778 item
1436 1733 1491 1777 et
1517 1739 1547 1777 e
1574 1725 1786 1778 caeteris
1811 1722 2214 1792 magistratibus

656 1816 934 1885 singulos,
965 1825 1023 1868 et
1052 1831 1082 1867 e
1114 1824 1423 1868 senatorum
1461 1830 1690 1867 numero
1723 1830 1790 1866 xv
1839 1815 1905 1867 ad
1951 1826 2212 1870 semestre

659 1904 714 1956 iu
739 1903 1026 1955 consilium
1055 1902 1323 1965 adhibuit,
1355 1912 1415 1956 ut
1445 1917 1542 1970 per
1570 1917 1665 1954 eos
1688 1901 1941 1956 omnibus
1965 1918 2028 1957 ea
2060 1918 2211 1958 com-

660 1993 988 2054 municaret,
1050 2009 1172 2062 qua:
1230 1991 1576 2046 deliberanda
1637 2000 1861 2058 essent,
1933 1993 2208 2047 interdum

656 2084 823 2137 etiam
849 2085 937 2152 jus
965 2099 1086 2136 cum
1114 2084 1196 2137 eis
1221 2083 1372 2136 dixit.
1398 2084 1532 2138 Nam
1560 2094 1781 2137 senatus
1818 2084 1984 2137 etiam
2022 2100 2118 2153 per
2152 2100 2210 2140 se

658 2173 912 2240 suﬂ‘ragia
972 2174 1229 2228 ferebat:
1271 2176 1460 2243 legatis
1516 2190 1732 2243 quoque
1779 2184 1836 2228 et
1887 2176 2210 2231 caduceato-

660 2263 816 2315 ribus
849 2262 1147 2331 respondit.
1180 2263 1420 2331 Populus
1448 2264 1694 2332 quamvis
1719 2263 1784 2317 ad
1830 2266 2044 2319 comitia
2075 2281 2209 2320 con-

658 2353 892 2417 veniret,
925 2353 1061 2407 nihil
1097 2364 1276 2407 tamen
1310 2357 1619 2421 gerebatur,
1649 2354 1793 2423 quod
1844 2355 1919 2408 illi
1952 2357 2208 2424 displice-

659 2451 763 2496 ret.
821 2443 1165 2512 Magistratus
1219 2443 1416 2514 partim
1475 2445 1588 2512 ipse
1639 2443 1966 2513 designavit,
2011 2449 2208 2516 partim

659 2534 895 2586 arbitrio
930 2535 1115 2605 populi
1169 2535 1532 2606 designandos
1582 2538 1830 2606 permisit
1879 2537 1980 2591 :in
2019 2538 2072 2592 id
2127 2539 2212 2593 in-

658 2631 863 2686 tentus,
900 2639 969 2677 ne
1004 2623 1197 2692 inepti,
1224 2639 1359 2677 neve
1391 2640 1488 2693 per
1517 2625 1781 2678 ambitum
1817 2635 1872 2679 et
1898 2626 2210 2696 largitiones

657 2709 826 2778 aliqui
867 2695 1205 2765 crearentur.
1252 2711 1453 2766 Gentes
1496 2713 1755 2780 quasdam
1806 2730 1903 2784 per
1950 2695 2209 2787 semetipc

657 2813 800 2862 sum,
841 2803 1034 2866 partim
1074 2817 1171 2870 per
1213 2803 1350 2855 alios
1397 2801 1640 2856 Romano
1689 2804 1913 2872 imperio
1954 2807 2207 2875 sobjecit.

658 2888 726 2940 At
750 2886 962 2957 Egypti
991 2900 1187 2958 praeter
1209 2891 1383 2944 Elius
1406 2891 1590 2946 Gallus
1615 2893 1961 2962 expeditione
1993 2896 2046 2949 in
2077 2899 2210 2950 Ara-

659 2978 799 3030 biam
839 2978 1095 3042 Felicem,
1128 2980 1217 3032 cui
1257 2980 1425 3034 Sabas
1458 2983 1774 3050 imperabat,
1805 2997 2075 3055 suscepta,
2107 2988 2208 3043 etsi

657 3070 708 3122 ei
747 3069 1034 3123 resistebat
1065 3087 1250 3133 nemo,
1285 3089 1390 3126 non
1428 3082 1620 3150 tamen,
1644 3075 1780 3129 citra
1803 3092 2102 3131 aerumnam
2129 3089 2210 3134 est

660 3175 1000 3228 progressus.
1034 3160 1164 3213 Nam
1199 3171 1254 3215 et
1283 3164 1595 3226 solitudine,
1629 3174 1684 3219 et
1727 3167 1856 3220 solis
1888 3168 2105 3234 ardore,
2155 3179 2210 3224 et

659 3265 799 3318 aqua
858 3251 1121 3305 insalubri
1179 3254 1380 3308 milites
1443 3259 1681 3323 graviter
1731 3267 1858 3311 sunt
1909 3260 2112 3324 alllicti,
2153 3270 2208 3315 ut

2317 1535 2484 1599 θέτει,
2512 1537 2627 1589 ἀλλ’
2659 1537 2884 1590 ἐστινά
2932 1537 3027 1590 καὶ
3076 1537 3134 1600 ἐς
3164 1538 3224 1589 τὸ
3268 1539 3528 1608 δημόσιον
3576 1543 3852 1608 προετίθει,

2313 1627 2460 1690 ὃπως
2494 1627 2558 1679 ἀν
2578 1643 2631 1679 τι
2665 1627 2738 1696 μὴ
2772 1627 2964 1696 ἀρέσῃ,
2985 1628 3360 1700 ἐπανορθώσῃ,
3391 1633 3486 1683 καὶ
3511 1633 3856 1703 προετρέπετο

2319 1717 2502 1770 πάντα
2552 1716 2940 1785 συμϐουλεύειν
2987 1717 3134 1788 αὒτῷ
3169 1719 3222 1770 εί
3247 1718 3330 1781 τίς
3360 1737 3414 1772 τι
3445 1720 3667 1789 ἄμεινον
3714 1723 3851 1790 γνοίη

2313 1807 2500 1861 αὐτοῦ.
2557 1808 2665 1860 Καὶ
2703 1807 2830 1871 τοὺς
2885 1809 3123 1872 ὑπάτους
3172 1812 3266 1862 καὶ
3307 1811 3371 1862 ἐκ
3411 1811 3521 1864 τῶν
3560 1812 3732 1865 ἄλλων
3769 1815 3853 1882 ἀρ-

2312 1899 2516 1969 χόντων
2542 1899 2640 1952 ἕνα
2666 1901 2796 1969 παρ’
2822 1901 3100 1964 ἑκάστων,
3141 1903 3235 1954 καὶ
3271 1903 3334 1954 ἐκ
3377 1902 3469 1955 τοῦ
3483 1903 3621 1955 -τῶν
3648 1904 3852 1974 βουλευ-

2311 1989 2421 2041 τῶν
2453 1989 2696 2056 πλήθους
2728 1989 3123 2042 πεντεκαίδεκα
3154 1990 3487 2060 συμϐούλους
3519 1995 3573 2055 ἐς
3605 1994 3852 2065 ἑξάμηνον

2312 2079 2755 2148 παρελάμϐανεν,
2777 2077 2916 2131 ὥστε
2945 2080 3013 2132 δι’
3045 2080 3225 2133 αὐτῶν
3255 2083 3347 2135 καὶ
3383 2084 3518 2134 πᾶσι
3557 2085 3851 2138 κοινοῦσθαι

2311 2171 2378 2221 τά
2416 2169 2797 2238 βουλευντμενα.
2832 2170 2986 2221 Ἐστι
3032 2168 3078 2222 δ’
3123 2171 3209 2223 ὅτε
3241 2172 3332 2223 καὶ
3362 2170 3578 2234 ἐδίκαζε
3613 2173 3726 2241 μετ’
3763 2175 3850 2226 αύ-

2311 2257 2438 2311 τῶν.
2476 2258 2698 2327 Ἐκρινε
2755 2258 2857 2326 μέν
2911 2257 3017 2327 γὰρ
3064 2257 3158 2309 καὶ
3217 2256 3339 2312 καθ’
3383 2260 3646 2331 ἐαυτὴνή
3681 2263 3846 2333 βουλή.

2322 2348 2431 2398 Καὶ
2455 2347 2774 2415 πρεσϐείαις
2807 2347 2900 2398 καὶ
2931 2347 3249 2417 κηρυκείαις
3283 2349 3670 2418 ἐχρημάτιζεν.
3701 2351 3764 2403 ’Ὀ
3793 2369 3850 2403 τε

2309 2438 2477 2506 δῆμος
2529 2439 2609 2500 εἰς
2645 2437 2743 2500 τὰς
2791 2438 3146 2506 ἀρχαιρεσίας
3194 2439 3536 2505 σ·›νελέγετο,
3571 2441 3632 2492 ού
3681 2442 3850 2508 μέντοι

2309 2529 2610 2597 ἐπράττετό
2643 2545 2693 2580 τι
2728 2529 2756 2581 δ
2794 2529 2867 2597 μὴ
2914 2529 3111 2598 ἐκείνῳ
3169 2528 3393 2598 ἤρεσκε.
3453 2529 3559 2581 Καὶ
3601 2533 3722 2593 τοὺς
3757 2531 3850 2599 ἀρ·

2311 2621 2501 2684 ξοντας
2535 2620 2660 2682 τοὺς
2711 2619 2809 2688 μὲν
2833 2619 3000 2681 αὐτὸς
3032 2610 3424 2688 προεϐάλλετο,
3459 2621 3584 2682 τοὺς
3612 2622 3666 2674 δὲ
3704 2623 3758 2682 ἐς
3787 2621 3848 2672 τὸ

2273 2705 2486 2766 ’κοινὸν
2531 2713 2788 2773 ἐποιεῖτο,
2828 2711 3255 2780 ἐπιμελούμενος
3297 2711 3439 2763 ὥστε
3496 2711 3622 2779 μήτ’
3667 2713 3845 2764 ἀνεπι-

2308 2803 2507 2873 τήδειοι
2544 2803 2667 2872 μήτ’
2693 2803 2755 2854 ἐκ
2795 2801 3314 2872 παρακελεύσεωςῆ
3349 2804 3442 2854 καὶ
3485 2803 3551 2854 ἐκ
3588 2803 3849 2872 δεκασμοῦ

2310 2890 2748 2947 ἀποδείκνυνται.
2793 2892 2902 2942 Καὶ
2930 2890 3055 2960 ἔθνη
3086 2891 3154 2943 τά
3187 2892 3286 2960 μὲν
3337 2890 3403 2943 δι’
3427 2893 3644 2956 ἐαυτοῦ,
3693 2893 3757 2944 τά
3798 2893 3849 2944 δέ

2310 2978 2375 3031 δι’
2403 2980 2605 3048 ἐτέρων
2647 2983 2714 3048 τῇ
2753 2979 3040 3048 Ῥωμαίων
3073 2980 3342 3050 ήγεμονίᾳ
3383 2981 3670 3047 ὑπέταξεν.
3713 2981 3768 3033 ’0
3794 2981 3848 3033 δὲ

2310 3067 2411 3138 τῆς
2448 3067 2724 3135 Αἰγύπτου
2770 3067 2953 3138 ἀρχων
2988 3069 3168 3132 Αἴλιος
3211 3070 3411 3133 Γάλλος
3454 3071 3547 3121 ἐπὶ
3600 3072 3844 3138 Ἀραϐίαν

2311 3159 2414 3228 τὴν
2459 3159 2782 3226 Εὐδαίμονα,
2825 3155 2895 3232 ἧς
2941 3160 3111 3222 Σάϐος
3150 3161 3487 3226 ἐϐασίλευεν,
3536 3165 3847 3231 ἐστράτευσε

2308 3252 2450 3311 τότε,
2486 3251 2581 3302 καὶ
2607 3251 2780 3312 οὐδεὶς
2813 3253 2913 3319 μὲν
2940 3252 3174 3305 ἐνώπιον
3199 3254 3363 3306 αἰτοῦ
3405 3255 3538 3323 ἔστη
3566 3257 3674 3307 τῶν
3703 3257 3848 3308 πολε-

659 3339 892 3393 maxima
927 3356 1050 3408 pars
1078 3344 1346 3398 exercitus
1375 3361 1438 3396 ex
1474 3345 1666 3399 morbo
1692 3363 1801 3415 quo
1829 3351 2004 3417 capita
2037 3352 2204 3404 exsic-

2315 3339 2470 3406 μίων,
2499 3339 2561 3389 ού
2594 3339 2700 3406 μὴν
2741 3338 2958 3400 ἀπόνως
2988 3340 3300 3410 προύχώρει
3325 3359 3340 3371 ·
3370 3343 3404 3411 ἡ
3435 3359 3492 3394 τε
3520 3345 3628 3412 γὰρ
3654 3346 3850 3413 ἐρημία

659 3430 949 3495 cabantnr,
1002 3432 1266 3486 interiret.
1323 3435 1370 3488 ls
1423 3439 1624 3492 multos
1665 3441 1844 3493 statim
1889 3442 2206 3509 perimebat.

661 3521 718 3575 Si
751 3523 842 3590 qui
879 3537 1006 3576 vere
1033 3524 1443 3588 e\'adebant,-in
1475 3544 1665 3582 eorum
1696 3533 1893 3600 pedes.
1924 3541 2036 3586 teto
2084 3536 2209 3588 reli-

661 3626 770 3679 quo
802 3627 1030 3682 corpore
1062 3613 1340 3680 incolumi,
1378 3617 1678 3683 desidebat,
1701 3637 1903 3689 eosque
1938 3625 2207 3678 vexabat:

661 3716 763 3755 nec
802 3703 971 3754 ullum
1001 3712 1119 3756 erat
1151 3705 1452 3758 remedium
1485 3707 1654 3771 aliud,
1685 3709 1790 3762 nisi
1839 3719 1897 3763 ut
1921 3712 2042 3765 oleo
2084 3714 2208 3766 vino

661 3797 960 3858 temperato
1005 3793 1412 3874 ilnungerentur.
1459 3796 1517 3850 ιιι
1560 3813 1691 3852 vero
1741 3803 2031 3868 perpaucis
2075 3819 2208 3873 sup-

664 3881 878 3946 petebat
909 3899 925 3936 :
957 3875 1080 3935 nam
1113 3899 1176 3936 ea
1221 3887 1370 3955 regio
1410 3892 1660 3942 neutrum
1690 3891 1881 3960 gignit,
1928 3908 2100 3962 neque
2132 3895 2206 3949 illi

665 3980 911 4033 magnam
951 3971 1160 4038 copiam
1201 3983 1586 4042 praepararant.
1631 3975 1689 4028 In
1736 3993 1801 4030 ea
1848 3979 1938 4032 lue
1991 3981 2205 4035 barbari

665 4069 903 4124 quoque,
939 4061 1169 4128 receptis
1195 4062 1332 4118 locis
1357 4079 1478 4133 qua:
1507 4065 1824 4132 amiserant,
1863 4082 2050 4123 eorum
2084 4071 2210 4126 reli-

667 4145 820 4211 quias
847 4147 1066 4216 regione
1091 4152 1434 4217 expulerunt.
1468 4155 1742 4224 Augustus
1765 4172 1897 4212 vero
1922 4159 2210 4216 undecimo

666 4239 944 4288 consulatu
974 4237 1091 4291 sine
1129 4239 1236 4291 ulla
1266 4253 1360 4307 spe
1391 4243 1579 4296 εδιυιίδ
1600 4255 1868 4312 regretans
1888 4284 1903 4310 ,
1943 4257 2004 4302 ut
2039 4251 2206 4304 mori-

664 4333 819 4376 turus
865 4334 1247 4380 testamentum
1287 4327 1450 4392 fecit,
1492 4345 1591 4384 nec
1635 4331 1847 4399 imperii
1897 4350 2209 4396 successore

664 4413 775 4466 ullo
807 4413 998 4466 relicto
1030 4432 1044 4466 :
1074 4415 1316 4470 libellum
1347 4418 1400 4471 in
1435 4433 1542 4487 quo
1592 4419 1830 4488 legiones
1864 4431 1919 4475 et
1967 4424 2209 4491 publicos

663 4497 870 4551 reditus
896 4499 1309 4568 perscripserat,
1343 4503 1522 4558 Pisoni
1557 4507 1798 4572 tradidit,
1831 4510 2083 4580 Agrippa:
2114 4530 2209 4568 an-

626 4585 852 4638 'nulum
889 4587 1153 4653 porrexit.
1199 4587 1304 4642 Sed
1346 4590 1413 4643 ab
1441 4592 1676 4649 Antonio
1721 4597 1868 4652 lusa
1915 4600 2209 4658 lotionibus

2310 3429 2402 3480 καὶ
2429 3427 2456 3477 ὁ
2482 3427 2630 3496 ἥλιος
2660 3427 2730 3479 τά
2770 3443 2828 3478 τε
2852 3426 3040 3492 ὕδατα,
3071 3429 3232 3495 φύσιν
3259 3431 3466 3484 ἀτοπον
3494 3431 3700 3502 έχοντα,
3727 3437 3848 3502 σφό-

2307 3517 2408 3586 δρα
2456 3517 2653 3578 αὐτοὺς
2694 3515 3161 3588 ἐταλαιπώρησεν,
3193 3520 3331 3572 ὥστε
3377 3523 3439 3574 τὸ
3483 3525 3669 3577 πλεῖον
3718 3527 3847 3595 φθα-

2311 3607 2467 3675 ρῆναι
2526 3608 2625 3675 τῆς
2667 3609 2958 3676 στρατιᾶςο
3014 3610 3077 3660 τὸ
3127 3610 3183 3662 δὲ
3237 3613 3471 3681 νόσημα,
3530 3619 3594 3684 τῇ
3651 3617 3848 3685 κεοςαλῇ

2309 3695 2633 3763 ἐνσκῆπτον,
2659 3698 2944 3767 ἐξήραινεν
2977 3695 3170 3770 αὐτὴν,
3199 3703 3295 3755 καὶ
3341 3704 3570 3766 πολλοὺς
3618 3707 3715 3774 μὲν
3755 3709 3847 3761 αὖα

2305 3787 2433 3838 τίκα
2461 3788 2746 3840 ἀπώλλυεο
2780 3791 2887 3842 τῶν
2917 3789 2973 3842 δέ
3016 3796 3451 3863 περιγενομένων
3495 3798 3554 3858 ές
3582 3799 3652 3849 τά
3694 3800 3848 3867 σκέλη

2308 3875 2521 3946 κατῄει,
2550 3877 2698 3930 ἀπαν
2725 3877 2788 3930 τὸ
2827 3879 3032 3948 μεταξὺ
3085 3881 3180 3934 τοῦ
3216 3882 3468 3951 σώματος
3508 3887 3847 3955 ὑπερϐαῖνον,

2309 3967 2403 4020 καὶ
2431 3969 2613 4031 αὐτοῖς
2666 3969 2990 4040 ἐλυμαίνετο
3015 3987 3029 4001 ’
3065 3972 3203 4040 ἷσμά
3240 3990 3301 4027 τε
3343 3976 3495 4030 οὐδὲν
3526 3973 3594 4050 ἦν
3624 3979 3656 4050 ἢ
3697 3981 3847 4045 εἴτις

2308 4057 2484 4110 ῑλαιον
2513 4061 2640 4128 οϊνῳ
2672 4064 3009 4131 μεμιγμένον
3039 4065 3312 4134 ἠλείψατο.
3345 4068 3424 4120 Τὰ
3469 4070 3526 4120 δέ
3576 4073 3715 4124 πάνυ
3745 4075 3847 4126 ὀλί-

2307 4165 2425 4218 γοις
2453 4145 2542 4221 ἦν.
2577 4151 2650 4203 Ἦ
2696 4169 2754 4204 τε
2798 4156 2908 4222 γάρ
2951 4153 3103 4224 χώρα
3135 4157 3418 4227 ούδετερον
3454 4160 3639 4212 αὐτῶν
3684 4163 3846 4232 φέρει,

2308 4241 2579 4306 κάκείνοις
2608 4243 2705 4296 οὐκ
2728 4245 2935 4314 ἀφθονα
2967 4248 3155 4302 ταῦτα’
3172 4255 3716 4322 προπαρεσκεύαστο.
3743 4260 3849 4311 Κάν

2305 4329 2384 4398 τῷ
2415 4332 2559 4402 πόνῳ
2588 4333 2761 4404 τούτῳ
2789 4338 2882 4389 καὶ
2901 4338 2950 4389 ei
2977 4336 3242 4409 βάρϐαροι
3288 4343 3471 4409 σφίσιν
3493 4347 3848 4416 ἐπιτιθέμενοι

2305 4419 2376 4469 τά
2401 4433 2462 4469 τε
2501 4421 2676 4488 χωρία
2708 4421 2743 4473 ἃ
2772 4426 2899 4491 πρὶν
2925 4427 3204 4497 ἀφῄρηντο
3235 4432 3584 4502 ἐκομίσαντο,
3610 4439 3702 4490 καὶ
3733 4442 3848 4495 τοὺς

2308 4507 2760 4577 περιλειφθέντας
2813 4513 2877 4564 ἐκ
2934 4516 3032 4584 τῆς
3101 4518 3287 4587 χώρας
3353 4524 3644 4591 ἐξήλασαν.
3712 4527 3772 4580 Ὀ
3811 4528 3846 4577 δ’

2308 4597 2614 4664 Αὔγουστος
2677 4601 2962 4655 ἑνδέκατον
3018 4606 3324 4671 ὑπατεύσας
3387 4613 3661 4681 ἐνόσησεν,
3719 4615 3846 4668 ὥστε

661 4683 718 4725 et
757 4676 1066 4742 potionibus
1097 4677 1304 4747 frigidis
1333 4687 1415 4734 est
1445 4691 1740 4739 recreatus.
1783 4687 1897 4752 Qua
1934 4691 2002 4744 de
2048 4707 2208 4746 causa

2313 4688 2436 4756 μηδ’
2484 4691 2678 4744 ἐλπίδα
2717 4696 2866 4762 σχεῖν
2914 4696 3210 4767 σωτηρίας,
3261 4700 3355 4752 καὶ
3397 4699 3472 4764 ὡς
3519 4676 3848 4774 τελευτήσων

663 4765 908 4818 medicus
951 4775 1007 4820 et
1060 4769 1129 4820 ab
1166 4771 1258 4822 illo
1285 4777 1342 4823 et
1379 4787 1407 4824 a
1439 4783 1632 4826 senatu
1678 4780 1985 4844 pecuniam,
2030 4791 2087 4835 et
2117 4784 2209 4851 jus

663 4856 814 4906 aurei
846 4858 1051 4921 annuli,
1087 4861 1336 4926 quamvis
1369 4861 1690 4929 libertinus,
1724 4869 1931 4937 accepit
1965 4890 1978 4924 :
2009 4871 2208 4926 immu-

661 4943 833 4994 nitate
857 4951 913 4994 et
941 4944 1040 5010 ipsi
1069 4954 1123 4998 et
1149 4949 1375 5002 medicis
1405 4953 1659 5008 omnibus
1681 4963 1736 5008 et
1774 4965 1883 5009 tum
1907 4968 1962 5012 et
2017 4963 2071 5015 in
2109 4979 2209 5032 po-

661 5041 867 5085 sterum
895 5033 1038 5086 data.
1071 5034 1146 5087 lia
1176 5051 1547 5102 conservatus.
1582 5051 1956 5099 testamentum
1994 5050 2048 5101 in
2080 5066 2210 5106 con-

663 5121 845 5186 cilium
894 5122 1101 5175 illatum
1179 5127 1387 5180 recitari
1429 5133 1615 5199 jussit,
1667 5145 1728 5188 ut
1778 5139 2092 5194 ostenderet
2151 5157 2207 5197 se

663 5211 871 5263 nullum
909 5229 1276 5268 successorem
1326 5222 1608 5288 scripsisse
1643 5243 1656 5278 :
1687 5227 1780 5279 sed
1809 5228 1861 5281 id
1908 5244 1941 5282 a
1989 5233 2209 5285 nemine

664 5299 865 5352 lectum
892 5312 993 5354 est.
1021 5305 1178 5359 Anno
1209 5311 1457 5377 sequenti
1490 5328 1611 5366 cum
1644 5327 1797 5384 peste
1812 5317 1817 5331 '
1847 5331 1902 5373 et
1947 5320 2088 5377 fame
2111 5337 2210 5393 per

668 5399 831 5442 totam
866 5390 1066 5446 Italiam
1101 5397 1460 5464 laboraretur,
1503 5402 1727 5461 Romani
1767 5410 2054 5477 opinantes
2096 5390 2206 5468 nou

665 5479 821 5531 aliam
870 5480 1025 5551 535
1053 5500 1239 5540 eorum
1289 5493 1550 5546 malorum
1589 5509 1710 5549 esse
1756 5514 1992 5566 causam,
2039 5519 2202 5572 quam

665 5571 810 5635 quod
849 5573 1121 5642 Augustus
1171 5589 1281 5632 tum
1334 5599 1549 5654 quoque
1598 5589 1785 5641 mnsul
1837 5606 1942 5645 non
1989 5571 2203 5652 creatus

666 5669 840 5724 esset,
871 5664 1186 5748 dictatorem
1224 5685 1347 5724 eum
1381 5675 1560 5730 dicere
1591 5678 1878 5733 voluerunt
1908 5700 1920 5734 :
1952 5693 2004 5738 et
2043 5702 2203 5741 sena-

668 5753 781 5802 tum
810 5749 862 5804 in
891 5757 1038 5809 curia
1070 5758 1384 5813 conclusum
1415 5764 1516 5819 hoc
1554 5766 1846 5825 decernere
1885 5786 2200 5843 coegerunt,

2309 4778 2535 4843 διέθετο,
2591 4783 2684 4834 καὶ
2750 4783 2996 4854 διάδοχον
3046 4788 3146 4854 μὲν
3197 4789 3391 4844 οὐδένα
3445 4793 3721 4860 ἀπέδειξε,
3780 4794 3844 4863 τῷ

2315 4869 2548 4922 Πείσωνι
2591 4872 2649 4922 δέ
2687 4875 2784 4936 τάς
2812 4891 2870 4926 τε
2913 4877 3173 4946 δυνάμεις
3198 4881 3413 4944 καὶτὰς
3457 4885 3646 4946 κοινὰς
3689 4902 3848 4956 προσ-

2309 4960 2462 5024 όδους
2519 4964 2599 5025 είς
2654 4963 2859 5033 βιϐλίον
2903 4968 3121 5036 γράψας
3158 4970 3351 5034 ἔδωκε,
3385 4972 3464 5038 τῷ
3491 4973 3537 5024 δ’
3579 4976 3850 5043 Ἀγρίππᾳ

2304 5055 2397 5104 τ“.ν
2423 5053 2708 5108 δακτύλιον
2735 5058 3081 5127 ἐνεχείρισεν.
3119 5060 3405 5124 Ἀντώνιος
3432 5062 3489 5115 δέ
3515 5081 3600 5125 τις
3635 5067 3849 5126 Μούσας

2311 5143 2454 5197 οὕτω
2493 5148 2679 5209 κακῶς
2710 5148 2872 5199 αὑτὸν
2917 5149 3266 5219 διακείμενον
3301 5152 3728 5222 ψυχρολουσίαις
3772 5158 3850 5209 καὶ

2311 5236 2700 5305 ψυχροποσίαις
2765 5238 3064 5307 ἀνέρρωσε.
3118 5239 3208 5292 Διὸ
3260 5244 3353 5294 καὶ
3415 5245 3676 5313 χρήματα
3732 5244 3851 5314 παρ’

2311 5324 2478 5376 αὑτοῦ
2516 5342 2572 5376 τε
2610 5327 2706 5376 καὶ
2733 5328 2886 5394 παρὰ
2932 5326 3031 5394 τῆς
3082 5327 3278 5402 βουλῆς
3320 5331 3501 5396 ἔλαϐε,
3543 5335 3636 5385 καὶ
3669 5335 3850 5389 δακτυ-

2312 5414 2444 5475 λίοις
2495 5418 2733 5484 χρυσοῖς,
2785 5416 3148 5488 ἀπελεύθερος
3196 5418 3290 5486 ὢν,
3327 5423 3613 5492 ἐπετράπη
3663 5425 3849 5494 κεχρῆ-

2314 5505 2459 5567 σθαι,
2507 5506 2757 5558 ἀτέλειάν
2792 5523 2851 5557 τε
2899 5508 3048 5574 αύτῷ
3101 5512 3194 5562 καὶ
3222 5514 3333 5572 τοῖς
3383 5511 3696 5581 δμοτέχνοις
3753 5516 3848 5571 τοῖς

2311 5596 2427 5649 οὖσι
2455 5599 2549 5649 καὶ
2580 5601 2687 5659 τοῖς
2719 5599 2994 5668 ἐσομένοις
3018 5603 3375 5670 παρέσχοντο.
3404 5602 3559 5656 Οὕτω
3586 5605 3645 5657 δὲ
3670 5605 3848 5662 σωἽείς

2311 5689 2390 5748 είς
2422 5687 2485 5739 τὸ
2521 5688 2793 5758 συνέδριον
2837 5692 2936 5753 τὰς
2967 5691 3235 5760 διαθήκας
3258 5693 3572 5760 εἰσήνεγκε,
3602 5696 3699 5748 καὶ
3734 5697 3848 5748 ἀνα·

2311 5776 2626 5846 γνωσθῆναι
2647 5780 2967 5850 ἐπέτρεπεν,
2999 5782 3407 5853 ἐνδεικνύμενος
3433 5785 3514 5835 δτι
3547 5785 3745 5838 οὐδένα
3769 5783 3847 5850 τῆς
