4036 6338
145 365 247 465 eos

1420 405 1820 476 ANNALIUM
1853 407 1994 466 LIB.
2042 407 2114 472 Χ.

133 514 310 580 ἀρχῆς
341 512 582 583 διάδοχον
613 513 1002 566 καταλέλοιπεν
1021 529 1032 540 ·
1057 511 1118 563 οὐ
1149 511 1334 579 μέντοι
1365 511 1457 561 καὶ
1484 512 1696 576 ἀνέγνω

1809 527 2038 581 eumque
2069 521 2298 567 orarunt
2330 525 2388 569 ut
2418 525 2472 569 et
2504 513 2823 573 dictatorem
2864 530 2918 575 et
2948 522 3027 576 rei
3058 523 3352 581 frumenta-

143 605 308 664 αυτάς
335 619 436 665 τις.
467 603 638 672 Λιμοῦ
661 605 717 657 ὦ
757 603 835 672 τῷ
867 604 998 672 ἑξῆς
1037 603 1148 656 ἔτει
1180 602 1274 654 καὶ
1315 597 1506 669 λοιμοῦ
1539 617 1696 668 γενο-

145 690 307 754 μένου
333 691 391 742 ἐν
433 691 581 762 πάσῃ
611 695 675 762 τῇ
726 691 950 759 Ἰταλία,
989 691 1314 759 νομίσαντες
1350 689 1398 739 oi
1433 688 1696 756 Ῥωμαῖοι

143 780 239 830 οὐκ
270 779 446 842 ἄλλως
492 780 662 833 ταῦτα
695 779 1123 851 συμϐεϐηκέναι,
1151 782 1183 849 ἢ
1220 781 1300 831 ὅτι
1335 779 1410 847 μὴ
1452 779 1545 828 καὶ
1576 778 1699 828 τότε

144 869 476 922 ὑπατεύοντα
511 872 604 923 τὸν
632 871 960 937 Λῠγουστον,
1007 870 1168 939 ἔσχον
1197 870 1490 936 δικτάτορα
1537 869 1698 920 αὑτὸν

123 962 409 1052 meum:
443 963 919 1032 προχειρίσασθαι,
946 964 1040 1014 καὶ
1084 964 1182 1029 τὴν
1243 961 1441 1031 βουλὴν
1503 961 1581 1022 είς
1645 960 1698 1012 τὸ

141 1051 414 1118 συνέδριον
458 1052 916 1115 κατακλείσαντες
965 1051 1287 1120 ἠνάγκασαν
1330 1050 1488 1102 τοῦτο
1528 1049 1696 1118 ψηφί-

1812 602 1907 656 ria:
1951 610 2363 672 procuratorem
2416 619 2474 658 se
2521 607 2627 660 dici
2676 617 2970 675 pateretur.
3003 610 3054 665 ls
3085 628 3216 666 vero
3259 632 3358 668 an-

1808 689 2338 764 nonae-curationem
2371 693 2630 760 suscepit,
2657 695 2978 750 dictaturam
3011 701 3316 768 repudiavit
3345 725 3356 757 :

1808 791 1864 834 et
1909 794 2032 832 cum
2074 795 2252 848 neque
2294 781 2682 846 dissuadendo,
2709 801 2883 855 neque
2933 794 3170 858 rogando
3198 795 3353 862 quid.

1807 883 1968 935 quam
2023 869 2333 936 prnﬁccret,
2383 883 2588 926 vestem
2637 890 2789 927 suam
2859 876 3158 944 laceravit,
3215 895 3362 938 recte

1809 960 2215 1029 prudenterque
2254 963 2422 1015 vitato
2454 963 2630 1017 inviso
2664 979 2713 1018 et
2744 966 2932 1027 odioso
2966 973 3206 1036 nomine,
3235 989 3359 1028 cum

1803 1049 2126 1117 dignitatem
2192 1059 2247 1102 et
2302 1061 2626 1119 potestatem
2685 1055 2954 1110 dictatura
3025 1061 3360 1129 superiorem

3253 417 3447 481 906.

141 1142 368 1197 σασθαι·
429 1147 524 1198 καὶ
572 1144 718 1213 αύτῴ
779 1143 1086 1213 προσῆλθον
1141 1142 1385 1210 δεόμενοι
1441 1141 1698 1209 λεχθῆναι

1809 1139 2103 1193 obtineret.
2149 1140 2404 1204 Quidam,
2452 1142 2545 1210 qui
2582 1143 2808 1200 insidias
2859 1148 2908 1200 ei
2957 1160 3357 1222 compararant,

137 1231 425 1306 δικτάτορα
456 1235 548 1288 καὶ
569 1237 665 1304 τῆς
691 1236 782 1287 τοῦ
810 1236 957 1287 σίτου
989 1233 1306 1301 συναγωγῆς
1336 1231 1697 1302 ἐπιμελητήν.

1809 1228 2009 1282 indicta
2039 1243 2204 1283 causa
2238 1230 2431 1284 exsilio
2459 1233 2671 1316 mlultati
2694 1275 2707 1296 ,
2753 1241 3055 1296 nec’multo
3099 1251 3222 1312 post
3253 1261 3360 1298 una

142 1324 247 1376 Καὶ
284 1325 342 1386 ὃς
385 1325 485 1394 τὴν
526 1325 626 1392 μὲν
679 1323 774 1377 τοῦ
822 1324 985 1377 σίτου
1015 1323 1272 1394 φροντίδα
1323 1321 1558 1386 ἐδέξατο,
1603 1324 1702 1390 τὴν

1809 1331 1929 1370 cum
1963 1317 2268 1386 coniuratis
2304 1318 2582 1374 interiecti
2618 1335 2764 1376 sunt.
2814 1321 2822 1328 ’

137 1415 480 1484 δικτατορίαν
501 1415 558 1468 δὲ
588 1417 650 1467 ού
679 1417 1011 1485 προσήκατο.
1040 1413 1181 1466 Ἀλλ’
1211 1414 1332 1466 ἐπεὶ
1395 1415 1533 1483 μήτε
1593 1410 1971 1479 διαλεγόμενος
2011 1409 2216 1472 αὐτοῖς,
2269 1409 2403 1477 μήτε
2442 1411 2691 1480 δεόμενος
2729 1413 2935 1478 ἔπειθε,
3000 1420 3099 1487 τὴν
3162 1423 3362 1493 ἐσθῆτα

144 1503 456 1575 διέρρηξεν”
506 1504 710 1575 Ὀρθδς
759 1505 869 1574 γὰρ
925 1505 1020 1557 καὶ
1067 1503 1305 1565 συνετῶς
1358 1502 1418 1555 τδ
1478 1501 1706 1570 μισητὸν
1745 1499 1842 1566 τῆς
1904 1498 2244 1566 δπικλῆσεως
2269 1499 2568 1565 ὲφυλάξειτο
2624 1502 2715 1554 καὶ
2741 1505 3043 1572 ἐπίφθονον,
3076 1507 3214 1578 ὑπὲρ
3237 1516 3361 1572 τοὺς

139 1594 458 1662 δικτάτορας
482 1593 621 1664 ἔχων
653 1595 752 1663 τὴν
781 1595 1031 1662 ἐξουσίαν
1097 1594 1193 1648 καὶ
1253 1596 1351 1663 τὴν
1414 1598 1600 1662 τιμήν.
1670 1587 1992 1655 Ἐπιϐουλὴν
2039 1588 2094 1640 δὲ
2145 1590 2267 1640 κατ’
2313 1590 2474 1642 αὑτοῦ
2519 1598 2942 1662 συστησαμένων
2987 1601 3164 1666 τινῶν,
3207 1602 3362 1666 αὐτοί

141 1699 193 1735 τε
226 1686 325 1735 καὶ
346 1685 392 1735 oi
425 1685 734 1753 συνωμόται
762 1686 974 1754 ἐρήμην
1001 1684 1218 1755 ἥλωσαν
1248 1685 1324 1746 ὡς
1357 1682 1699 1750 φευξόμενοι,
1737 1680 1797 1732 ού
1840 1674 2020 1744 πολλῷ
2051 1675 2094 1728 δ’
2136 1675 2362 1746 ὕστερον
2390 1682 2807 1753 ἀπεσφάγησαν.

205 1777 329 1828 ΛΔ’.
359 1775 512 1829 Μετὰ
535 1775 704 1828 ταῦτα
732 1776 774 1828 δ’
798 1779 878 1839 είς
935 1777 1189 1829 Σικελίαν
1214 1772 1367 1846 ἦλθε.
1413 1777 1587 1829 Κάκεῖ
1619 1775 1704 1826 ὗν·
1780 1817 1788 1826 .

1888 1765 2125 1822 XXXIV.
2157 1769 2358 1824 Deinde
2387 1786 2507 1825 cum
2535 1773 2588 1824 in
2630 1771 2813 1827 Sicilia
2839 1776 3073 1843 abesset,
3109 1779 3164 1844 in
3192 1784 3362 1838 comi-

139 1881 224 1928 τος
255 1868 284 1918 ό
313 1865 486 1935 δῆμος
515 1866 622 1918 τῶν
668 1866 956 1934 Ῥωμαίων
1006 1867 1133 1930 τοὺς
1186 1866 1425 1929 ὑπάτους
1464 1882 1706 1937 χειροτο-

1815 1856 1908 1913 tiis
1938 1859 2318 1912 consularibus
2358 1861 2556 1913 st'ditio
2607 1871 2725 1914 orta
2781 1874 2997 1920 est:ut
3050 1871 3132 1922 vel
3183 1888 3250 1926 ex
3296 1891 3364 1929 eo

141 1956 243 2008 νῶν
274 1958 620 2023 ἐστασίασεν,
647 1957 721 2021 ὡς
757 1956 1046 2011 κάντεῦθεν
1101 1959 1377 2028 δειχθῆναι
1440 1960 1522 2012 ὅτι
1571 1957 1702 2010 ἁδύ-

139 2064 300 2100 νατον
329 2044 395 2118 ῆν
419 2050 973 2120 δημοκρατουμένους
1007 2049 1205 2111 αὐτοὺς
1251 2049 1508 2118 σωθῆναι.
1553 2047 1708 2102 Οὕτω

139 2139 249 2208 γὰρ
279 2138 621 2210 ἐθορύϐησαν
672 2139 766 2192 καὶ
829 2139 1046 2193 ἅπαντα
1115 2138 1510 2210 συνετάραξαν,
1567 2138 1708 2190 ὥστε

141 2230 238 2283 καὶ
267 2231 357 2284 τὸν
381 2231 690 2300 Αὔγουστον
717 2233 822 2285 ὑπὸ
849 2232 958 2285 τῶν
989 2232 1278 2302 ἐμφρόνων
1314 2230 1706 2298 ἀνακληθῆναι.

138 2321 556 2393 Ἀγανακτήσας
583 2322 627 2377 δ’
653 2323 746 2376 ἐπὶ
798 2323 973 2394 τούτῳ
1000 2325 1028 2376 ό
1053 2321 1392 2390 Αὔγουστος.
1449 2324 1542 2376 καὶ
1576 2321 1710 2390 μήτε

143 2414 228 2466 ἀεὶ
245 2418 310 2485 τῇ
347 2415 538 2485 Ῥώμῃ
566 2415 847 2486 σχολάζειν
871 2415 1188 2484 δυνάμενος,
1230 2414 1357 2486 μήτ’
1382 2413 1449 2470 αὖ
1479 2416 1710 2485 ἄναρχον

140 2502 310 2571 αὐτὴν
346 2503 699 2556 καταλείπειν
727 2504 962 2573 τολμῶν,
995 2503 1177 2574 ἐζήτει
1217 2505 1353 2574 αὑτῇ
1421 2505 1710 2570 ἐπιστῆσαί

139 2607 280 2643 τινα.
327 2593 436 2644 Καὶ
481 2592 664 2662 ἔκρινε
696 2595 797 2663 μέν
855 2595 948 2648 τὸν
1003 2595 1319 2665 ’Δγρίππαν
1382 2597 1517 2666 πρὸς
1579 2597 1710 2648 αὐτὸ

143 2681 598 2748 ἐπιτηδειότατον,
645 2683 926 2754 βοθληθεὶς
949 2684 1004 2738 δὲ
1036 2686 1131 2753 καὶ
1159 2687 1344 2755 μεῖζον
1380 2686 1528 2755 αὐτῷ
1559 2703 1712 2756 περι-

142 2770 312 2823 θεῖναι
339 2772 576 2843 ἁξίωμα,
605 2775 692 2830 ῐνα
717 2777 782 2828 ἐκ
810 2775 1002 2831 τούτου
1031 2778 1161 2847 ῥᾷον
1187 2775 1364 2829 αὐτῶν
1388 2777 1552 2848 ἄρχῃ,
1579 2794 1710 2828 κατ-

141 2863 452 2929 ηνάγκασεν
510 2865 675 2919 αὐτὸν
711 2869 811 2939 τὴν
866 2872 1098 2936 γυναῖκα
1159 2869 1382 2938 ἀφέντα,
1438 2871 1504 2938 τῇ
1551 2866 1711 2920 αὑτοῦ

145 2949 374 3020 θυγατρὶ
407 2955 727 3024 συνοικῆσαι
756 2961 822 3026 τῇ
853 2957 1072 3028 Ἰουλίᾳ,
1112 2961 1204 3011 καὶ
1235 2961 1292 3020 ἐς
1347 2957 1444 3025 τὴν
1492 2957 1710 3025 Ῥώμην

145 3043 340 3096 αὐτίκα
362 3044 455 3097 ἐπί
477 3063 536 3098 τε
571 3047 649 3114 τῷ
676 3048 840 3117 γάμῳ
871 3051 962 3100 καὶ
985 3051 1076 3100 ἐπὶ
1118 3053 1184 3118 τῇ
1217 3041 1587 3118 μεταχειρίσει
1612 3048 1710 3114 τῆς

145 3133 349 3196 πόλεως
368 3135 606 3205 επεμψε,
627 3136 716 3190 διά
744 3154 804 3191 τε
833 3138 1000 3190 τᾶλλα
1031 3140 1126 3191 καὶ
1149 3139 1230 3200 ὅτι
1280 3140 1561 3207 Μαικήνας
1590 3132 1708 3187 εἶπε

145 3222 219 3292 τῷ
280 3225 543 3296 Καίσαρι,
589 3227 663 3289 ὼς
722 3228 1082 3295 Τηλικοῦτον
1146 3228 1335 3282 αὑτὸν
1381 3227 1710 3293 πεποίηκας

151 3313 304 3369 ὥστε
332 3317 371 3386 ἢ
403 3320 664 3387 γαμϐρόν
692 3335 809 3374 σου
841 3321 1112 3388 γενέσθαι
1150 3319 1384 3389 χρῆναι,
1433 3318 1470 3386 ἢ
1498 3335 1711 3386 φονευ-

146 3405 344 3473 θῆναι.
388 3409 702 3479 Ἀγρίππας
739 3410 831 3463 οὖν
862 3411 1106 3462 οίδοῦντα
1136 3410 1311 3480 εὑρὼν
1337 3411 1393 3462 ὲν
1421 3413 1487 3480 τῇ
1524 3408 1712 3478 Ῥώμῃ

141 3495 212 3562 τὰ
231 3499 533 3566 πράγματα
554 3502 948 3571 κατεστήσατο.
1003 3499 1068 3558 ,Ὀ
1116 3501 1158 3556 δ’
1205 3501 1516 3567 Δῦγουστος
1545 3500 1614 3552 τά
1653 3503 1710 3552 ὲν

145 3588 208 3655 τῇ
243 3587 469 3659 Σικελίᾳ.
499 3589 801 3660 διοικήσας,
827 3594 903 3654 είς
925 3592 1026 3662 τὴν
1090 3590 1318 3646 Ἐλλάδα
1365 3590 1707 3660 ἐπεραιώθη,

148 3678 315 3730 καὶτὸ
354 3678 662 3750 Ἑλληνικὸν
683 3681 958 3749 διαγαγὼν
992 3682 1072 3744 είς
1111 3682 1419 3752 τὴν.Σάμον
1453 3681 1708 3733 ἔπλευσε.

147 3767 324 3822 Κάκεῖ
342 3773 636 3840 χειμάσας,
652 3774 732 3834 είς
755 3774 856 3842 τὴν
883 3772 1071 3824 Ἀσίαν
1097 3775 1154 3823 ἐν
1183 3772 1261 3838 τῷ
1283 3773 1403 3838 ἐαρι
1421 3770 1706 3838 ἐκομίσθη.

149 3861 238 3910 καὶ
273 3859 344 3911 τὰ
368 3861 486 3931 ἐκεῖ
511 3861 606 3913 καὶ
631 3862 700 3912 τὰ
736 3863 794 3913 ἐν
824 3864 888 3931 τῇ
926 3860 1150 3930 Βιθυνίᾳ
1172 3858 1383 3922 διέταξε
1431 3861 1526 3910 καὶ
1584 3858 1710 3920 τοὺς

151 3947 485 4017 Κυζικηνοὺς
523 3948 877 4012 ἐδουλώσατο,
908 3950 989 4001 ὅτι
1045 3949 1347 4018 Ῥωμαίους
1379 3948 1531 4008 τινὰς
1603 3963 1706 4012 μα’

151 4036 512 4100 στιγώσαντες
532 4037 802 4092 ἔκτειναν.
834 4037 907 4091 Τδ
930 4035 1061 4092 αὐτὸ
1087 4039 1273 4092 δέ-καὶ
1317 4040 1429 4100 τοῖς
1492 4037 1710 4107 Τυρίοις

151 4126 374 4188 καὶτοῖς
404 4126 677 4191 Σιδωνίοις
707 4130 985 4200 ἐποίησεν,
1011 4132 1069 4182 ἐν
1096 4133 1162 4200 τῇ
1192 4130 1362 4199 Συρίᾳ
1401 4130 1716 4198 γενόμενος.

161 4213 221 4266 'n
256 4215 454 4267 Ἰουλία
479 4217 537 4270 δι
579 4201 682 4272 τὸν
706 4219 865 4272 Γάϊον
893 4221 1064 4273 tua.
1099 4220 1206 4272 Kai
1236 4221 1263 4270 ο
1289 4216 1594 4286 Αὔγουστος
1617 4218 1710 4271 ιθ-

147 4302 249 4354 νῶν
276 4305 577 4373 ἡγεμονίας
605 4308 714 4358 τισὶ
735 4307 980 4368 δεδωκὼς
1007 4308 1312 4377 ἐπανῆλθεν
1358 4309 1442 4371 εις
1502 4309 1705 4377 Σάμον

147 4393 306 4457 κάκεῖ
326 4395 423 4445 καὶ
438 4393 596 4454 αὖθις
621 4395 877 4464 ἐχείμασε
897 4381 996 4449 καὶ
1043 4398 1211 4450 πολλὰ
1256 4399 1547 4469 διῴκησεν.
1578 4399 1709 4465 Ἀφ-

1810 1948 2159 2016 perspicuum
2189 1957 2356 2013 esset,
2411 1951 2684 2006 Romanos
2731 1954 2901 2009 libera
2954 1961 3227 2025 republica
3280 1964 3366 2015 in-

1810 2039 2055 2092 columes
2079 2053 2196 2091 esse
2227 2055 2332 2091 non
2374 2055 2550 2108 pos~:e.
2585 2042 2658 2094 lta
2689 2045 2834 2096 enim
2865 2049 3174 2104 tumultuati
3209 2061 3357 2114 sunt,

1813 2127 1884 2180 ita
1919 2128 2209 2183 turbarunt
2230 2132 2431 2196 Omnia,
2463 2141 2520 2186 ut
2545 2134 2821 2205 Augustus
2858 2153 2887 2192 a
2918 2142 3362 2208 prudentioribus

1811 2228 2204 2274 accerseretur.
2244 2220 2298 2274 ld
2341 2223 2530 2292 iniquo
2558 2225 2738 2281 ferens
2780 2231 2983 2295 animo,
3028 2249 3152 2288 cum
3184 2252 3362 2302 neque
3464 2240 3471 2247 ’

1813 2305 1995 2361 Romae
2042 2323 2259 2379 semper
2298 2327 2489 2366 vacare
2519 2326 2737 2383 posset,
2786 2334 2961 2388 neque
3010 2323 3196 2378 urbem
3246 2328 3361 2382 sine

1812 2399 2130 2468 magistratu
2194 2401 2513 2471 relinquere
2583 2407 2860 2475 auderet,
2896 2411 2962 2466 de
3009 2390 3214 2482 aliquo,
3273 2419 3361 2474 cui

1811 2501 2076 2541 summam
2109 2506 2295 2544 rerum
2346 2493 2646 2559 mandaret,
2676 2497 2966 2566 deligendo
3019 2503 3358 2562 deliberavit.

1810 2577 1979 2642 Quam
2011 2578 2078 2632 ad
2113 2594 2225 2633 rem
2252 2595 2377 2633 cum
2426 2583 2740 2651 aptissimus
2787 2588 3020 2658 Agrippa
3060 2593 3361 2660 videretur,

1809 2678 1865 2720 et
1897 2683 2004 2735 quo
2051 2669 2238 2740 majori
2279 2680 2428 2726 esset
2475 2675 2820 2746 auctoritate,
2855 2678 3172 2749 dignitatem
3217 2687 3363 2743 illius

1811 2773 2009 2827 augere
2065 2759 2246 2826 vellet,
2278 2777 2403 2815 eum
2453 2765 2650 2834 coegit,
2704 2769 2889 2825 relicta
2925 2788 3119 2838 uxore,
3161 2775 3393 2832 Juliam-

1814 2852 1976 2904 ﬁliam
2009 2854 2229 2916 ducere,
2261 2869 2322 2908 ac
2349 2856 2533 2909 statim
2561 2858 2783 2913 Romam
2808 2871 2864 2918 et
2895 2865 2960 2917 ad
2993 2867 3206 2936 nuptias
3236 2885 3364 2924 con-

1816 2947 2127 3008 trahendas,
2153 2956 2207 3001 et
2237 2948 2302 3001 ad
2333 2948 2706 3018 magistratum
2735 2952 3053 3019 ineundum,
3076 2959 3219 3028 (cum
3243 2961 3364 3014 aliis

1814 3035 1878 3088 de
1911 3038 2112 3095 causis,
2154 3045 2264 3088 tum
2293 3039 2436 3104 quod
2468 3038 2731 3096 Maecenas
2758 3044 2988 3107 dixerat,
3021 3061 3136 3100 eum
3157 3057 3360 3103 tantum

1761 3116 1777 3199 ς
1811 3140 1918 3176 esse
1946 3124 2142 3191 factum
2168 3125 2230 3176 ab
2263 3125 2371 3190 ipso
2403 3126 2637 3191 Casam,
2668 3139 2726 3182 ut
2764 3141 2854 3182 aut
2876 3124 3128 3201 generum
3180 3138 3360 3208 deligi,

1814 3221 1907 3265 aut
1943 3214 2107 3266 occidi
2139 3223 2421 3281 Oporteret,
2454 3217 2741 3287 ablegavit.
2775 3222 3010 3291 Agrippa
3042 3225 3205 3292 igitur
3246 3242 3358 3281 rem

1811 3303 2103 3383 Romanam
2142 3305 2488 3360 ﬂuctuantem
2518 3312 2843 3377 composuit,
2869 3313 3138 3383 Augustus
3170 3317 3360 3372 Sicilia
3399 3353 3407 3359 -

1809 3380 2056 3450 ordinata
2103 3399 2155 3450 in
2219 3399 2478 3452 Graeciam
2542 3404 2754 3470 trajecit
2811 3422 2824 3457 :
2875 3380 2979 3472 qua
3048 3409 3362 3473 constituta,

1811 3489 2028 3542 Samum
2080 3492 2374 3558 navigavit.
2438 3492 2624 3558 ibique
2687 3495 2869 3548 hieme
2915 3507 3124 3560 exacta,
3193 3516 3361 3570 verno

1813 3589 2056 3648 tempore
2093 3582 2145 3634 in
2179 3582 2360 3634 Asiam
2393 3584 2689 3652 profectus,
2727 3600 2849 3639 cum
2876 3602 2995 3641 eam
3026 3590 3358 3658 provinciam

1811 3678 1865 3722 et
1900 3669 2204 3738 Bithyniam
2247 3672 2571 3735 ordinasset,
2618 3673 2914 3742 Cyzicenos
2962 3678 3014 3730 in
3047 3679 3360 3748 serviwtem

1815 3758 2042 3828 redegit,
2077 3760 2220 3827 quod
2248 3761 2521 3815 Romanos
2543 3763 2691 3816 cives
2722 3763 2904 3833 ﬂagris
2938 3781 3103 3820 caesos
3143 3769 3346 3823 occide-

1813 3861 1953 3904 rant.
1999 3852 2203 3904 Eodem
2256 3853 2416 3905 modo
2465 3853 2660 3921 Tyrios
2714 3864 2770 3908 et
2820 3856 3092 3919 Sidonios,
3135 3873 3259 3914 cum
3304 3865 3360 3916 in

1812 3939 2022 4010 Syriam
2076 3943 2335 4002 venisset.
2381 3945 2653 3997 tractavit.
2715 3945 2925 4001 Interea
2973 3948 3115 4023 Julia
3173 3950 3361 4006 Caium

1810 4029 2025 4099 peperit
2061 4047 2074 4081 :
2104 4036 2381 4099 Augustus
2406 4071 2419 4094 ,
2454 4031 2546 4085 ubi
2581 4041 2759 4087 certos
2791 4034 3039 4090 homines
3072 4039 3316 4105 provinci
3340 4056 3367 4094 s

1811 4117 2079 4185 praefecit,
2117 4117 2298 4171 denuo
2350 4117 2495 4172 Sami
2547 4119 2874 4194 hibernavit,
2939 4124 3123 4194 ibique
3181 4128 3367 4182 multis

1813 4209 2044 4277 negotiis
2074 4217 2130 4262 et
2180 4209 2428 4276 plurimis
2461 4210 2826 4279 legationibus
2870 4212 3156 4269 audiendis
3202 4231 3364 4272 occu-
3466 4287 3470 4291 _

1814 4307 1972 4365 patus
2005 4297 2124 4352 fuit.
2159 4297 2295 4350 Tum
2343 4297 2455 4350 lndi
2502 4299 2795 4353 amicitiam
2831 4315 2955 4354 cum
2998 4316 3064 4359 eo
3093 4303 3362 4372 fecerunt,

1816 4385 2104 4453 tigridibus
2162 4386 2306 4438 dono
2353 4386 2536 4440 datis:
2572 4402 2710 4456 quas
2761 4389 2988 4444 Romani
3043 4401 3156 4447 tum
3207 4394 3366 4467 536

151 4480 322 4536 ίκοντο
353 4485 466 4553 γὰρ
483 4485 718 4538 ἐνταῦθα
745 4486 1030 4556 πρεσϐεῖαι
1057 4487 1323 4541 πλεῖσται·
1349 4491 1440 4540 καὶ
1469 4489 1518 4540 oi
1544 4489 1702 4541 Ἰνδοὶ

1814 4475 2049 4542 primum
2085 4474 2358 4528 viderunt.
2410 4477 2593 4532 [tome
2634 4487 2815 4534 autem
2845 4479 3025 4535 denuo
3065 4485 3362 4537 tumultua-

147 4570 258 4623 τότε
289 4573 474 4639 φιλίαν
503 4575 848 4643 ἐποιήσαντο,
883 4575 1031 4643 δῶρα
1049 4576 1362 4645 ταέμψαντες
1378 4575 1512 4627 ἄλλα
1531 4591 1588 4626 τε
1614 4577 1705 4626 καὶ

147 4663 374 4730 τίγρεις,
407 4663 623 4731 πρῶτον
645 4665 768 4716 τότε
813 4663 1106 4731 Ῥωμαίοις
1137 4664 1415 4730 ὀφθείσας.
1455 4663 1619 4723 Αὖθίς
1648 4680 1706 4716 τε

151 4753 331 4814 στάσις
361 4755 421 4804 ἐν
443 4755 508 4821 τῇ
546 4751 734 4824 Ῥώμῃ
760 4753 978 4819 συνέϐη,
1011 4755 1104 4813 καὶ
1127 4755 1331 4819 σφαγαὶ
1347 4755 1599 4821 γεγόνασι
1621 4756 1710 4807 διά

149 4841 237 4900 τὰς
256 4842 370 4892 τῶν
410 4841 629 4894 ὑπάτων
663 4842 1046 4912 ἀρχαιρεσίας.
1090 4842 1292 4897 Μαθὼν
1344 4840 1436 4896 οὖν
1489 4844 1639 4896 ταῦθ’
1679 4848 1706 4898 ό

151 4928 386 4998 Καῖσαρ,
421 4931 518 4982 καὶ
554 4930 783 4996 συνιδὼν
803 4931 886 4982 ὅτι
909 4931 1068 5001 οὐδὲν
1100 4933 1270 5002 πέρας
1300 4934 1585 4999 γενήσεται
1612 4934 1705 4986 τοῦ

154 5019 341 5084 κακοῦ,
369 5021 451 5082 είς
470 5022 569 5091 τὴν
606 5021 821 5091 Ῥώμην
850 5022 1084 5091 ἠπείχθη
1116 5007 1207 5075 καὶ
1246 5023 1404 5082 αὐτὸς
1429 5023 1707 5087 ἀπέδειξεν

158 5110 383 5166 ὕπατον.
410 5113 565 5164 Ἐπεὶ
595 5113 650 5168 δὲ
673 5115 976 5181 ὑπαντῆσαι
1000 5114 1147 5182 αὐτῷ
1179 5113 1375 5173 πάντες
1399 5129 1706 5180 παρεσκευ-

157 5203 360 5265 άζοντο,
387 5203 604 5272 νύκτωρ
634 5205 712 5266 είς
743 5206 839 5274 τῆν
891 5206 1046 5258 πόλιν
1098 5204 1467 5273 ἀνεκομίσθηο
1529 5205 1556 5256 δ
1613 5207 1707 5260 καὶ

155 5291 406 5352 πολλάκις
448 5292 691 5360 ἐποίησε,
727 5297 820 5357 καὶ
853 5295 1011 5359 ἐξιὼν
1041 5293 1131 5345 τοῦ
1170 5293 1358 5354 ἄστεος
1392 5296 1484 5345 καὶ
1541 5297 1707 5347 ἐπαν-

158 5378 263 5442 ιὼν,
295 5382 382 5432 ἵνα
435 5381 624 5450 μηδενὶ
645 5383 870 5452 ὀχληρὸς
895 5386 1001 5453 εἴη.
1044 5381 1174 5434 Εἶτα
1203 5383 1306 5433 τῶν
1345 5387 1558 5452 τρόπων
1589 5387 1707 5437 ἐπιο

158 5469 388 5538 μελητὴς
431 5472 524 5521 καὶ
567 5471 801 5539 τιμητὴς
841 5476 918 5535 είς
975 5473 1298 5524 πενταετίαν
1337 5474 1706 5542 παρακληθεὶς

156 5557 568 5628 ἐχειροτονήθη·
604 5561 700 5628 τὴν
736 5561 791 5611 δέ
818 5562 924 5611 τῶν
975 5563 1194 5615 ὑπάτων
1252 5562 1412 5631 τιμὴν
1456 5562 1542 5613 διὰ
1591 5562 1703 5631 βίου

155 5647 329 5698 ἔλαϐε.
383 5647 557 5700 Τινῶν
582 5647 628 5701 δ’
659 5649 838 5710 αἰτίας
875 5651 1109 5718 σχόντων
1160 5650 1530 5703 ἐπιϐουλεύειν
1558 5650 1704 5716 αὐτῷ

157 5740 240 5789 καὶ
267 5738 344 5807 τῷ
367 5737 679 5808 ,Ἄγρίππιῃ
708 5739 899 5799 ἄλλους
926 5739 1025 5804 μέν
1057 5756 1203 5800 τινας
1261 5740 1543 5793 ἐδικαίωσε
1565 5755 1579 5771 ’
1612 5739 1703 5793 τὸν

468 5837 735 5893 ιἈτιιοι..
781 5833 898 5893 Gn.
930 5834 1273 5898 t'.XXXlV.

1811 4574 1925 4617 tum
1972 4575 2055 4619 est
2103 4567 2171 4619 ob
2206 4567 2426 4621 comitia
2475 4570 2802 4633 consularia,
2850 4579 2905 4624 et
2957 4571 3131 4623 cades
3185 4571 3357 4626 facta.

1809 4654 1926 4719 Quo
1951 4658 2168 4726 cegnito
2204 4657 2382 4712 Caesar
2405 4699 2418 4722 ,
2452 4660 2576 4727 quia
2617 4661 2822 4713 nullum
2862 4660 2986 4712 mali
3036 4660 3197 4715 linem
3243 4663 3360 4718 fore

1810 4746 2150 4813 providebat,
2207 4746 2433 4798 Romam
2493 4763 2720 4815 propere
2768 4749 3088 4814 contendit,
3141 4760 3196 4805 et
3246 4753 3363 4823 ipso

1808 4837 2094 4889 consulem
2125 4835 2448 4903 designavit.
2484 4837 2546 4889 Et
2586 4837 2711 4906 quia
2747 4853 2804 4892 se
2851 4828 3039 4894 omnes
3072 4853 3128 4893 ut
3169 4858 3361 4911 proce-

1807 4925 2000 4977 derent
2046 4924 2258 4976 obviam
2325 4926 2608 4989 parabant,
2657 4937 2817 4980 noctu
2880 4929 3152 4998 ingressus
3211 4945 3295 4986 est
3344 4949 3358 4986 :

1807 5025 1969 5082 atque
2005 5014 2055 5066 id
2092 5025 2197 5066 tam
2237 5013 2291 5067 in
2332 5031 2555 5085 egressu
2588 5034 2747 5086 quam
2790 5020 3030 5087 ingressu
3070 5022 3221 5077 urbis
3259 5039 3360 5075 sm-

1808 5107 1931 5176 pius
1960 5106 2109 5173 fecit,
2143 5123 2210 5159 ne
2239 5109 2495 5177 cuiquam
2539 5118 2684 5162 esset
2708 5113 2903 5177 gravis.
2944 5110 3148 5165 Deinde
3182 5114 3362 5178 preci-

1808 5194 1910 5246 bus
1937 5193 2006 5244 ab
2051 5207 2117 5246 eo
2148 5194 2494 5263 impetratmn
2526 5207 2630 5258 est,
2684 5207 2742 5248 ut
2787 5211 2996 5248 morum
3047 5203 3358 5266 magiSLrum

1806 5292 1863 5338 et
1890 5298 2172 5336 censorem
2209 5286 2262 5337 in
2290 5286 2718 5354 quinquennium
2753 5301 2807 5338 se
2838 5288 3010 5340 creari
3033 5299 3311 5356 pateretur
3342 5307 3357 5342 :

1807 5373 2146 5429 consularem
2201 5392 2328 5429 vero
2393 5377 2708 5444 dignitatem
2768 5376 2820 5427 in
2875 5391 3091 5430 onmem
3149 5391 3357 5433 atatem

1807 5467 2035 5533 accepit.
2079 5466 2216 5520 Cum
2251 5468 2470 5534 quidam
2505 5467 2572 5518 ob
2619 5467 2862 5528 insidias,
2893 5485 3027 5535 quas
3073 5481 3127 5522 ct
3173 5471 3273 5536 ipsi
3306 5481 3362 5524 et

1809 5554 2054 5624 Agrippae
2083 5557 2361 5619 fecissent,
2407 5556 2647 5609 accusati
2691 5567 2895 5618 essent,
2931 5560 3062 5620 alios
3096 5560 3358 5625 quosdam

1810 5647 2078 5713 supplicio
2133 5647 2314 5701 aﬂ‘ecit
2351 5664 2363 5697 :
2403 5646 2665 5714 Lepidum
2726 5656 2906 5700 autem
2953 5663 3075 5699 cum
3123 5648 3244 5701 alis
3289 5651 3356 5705 de

1807 5737 2010 5802 causis,
2055 5748 2167 5790 tum
2215 5737 2285 5789 ob
2337 5737 2560 5789 insidias
2609 5753 2637 5788 a
2687 5736 2797 5790 lilio
2849 5736 2993 5789 illius
3040 5737 3142 5789 sibi
3189 5738 3357 5791 lactes
