4036 6338
723 415 830 480 907

1969 408 2296 469 JOANNlS
2330 408 2651 467 zonanzs
2788 409 2791 414 '
3289 386 3296 395 “
3849 418 3931 475 9m

716 527 976 588 invisum,
1022 540 1129 579 non
1177 524 1406 587 occidit,
1434 523 1527 579 sed
1560 525 1696 578 alias
1740 522 1898 576 aliter
1933 519 2175 574 ludibrio
2222 525 2278 572 et

2388 519 2436 571 δὲ
2462 519 2692 571 Λέπιδον
2721 519 2901 587 ἐμίσει
2931 517 3030 587 μὲν
3057 521 3150 572 καὶ
3178 520 3247 573 δι’
3290 519 3445 585 ἄλλα,
3485 521 3580 574 καί
3635 522 3722 576 ὄτι
3769 524 3797 574 ὀ
3842 528 3930 590 υἱὸς

716 619 1056 688 contemptui
1103 618 1314 674 habuit.
1348 619 1553 672 Praucr
1585 618 1732 686 leges
1772 617 1927 677 alias,
1961 607 2279 681 illam'qno-

717 723 825 777 que
854 710 1001 772 tulit,
1033 717 1092 761 ut
1118 707 1209 777 qui
1240 709 1293 762 in
1326 708 1563 771 comitiis
1597 704 1852 774 suffragia
1882 705 2279 770 corrupissent,

722 800 1129 869 magistratibus
1165 798 1604 869 quinquennium
1651 796 2098 852 excluderentur.
2151 793 2282 846 Vita:

721 892 892 945 caelibi
919 903 1026 946 tam
1061 892 1304 945 virorum
1347 906 1508 961 quam
1555 890 1844 943 mulierum
1876 901 2095 956 pugnas,
2148 899 2281 937 eun-

714 982 866 1048 jugio
892 991 947 1036 et
971 984 1337 1052 proererutioni
1363 984 1662 1037 liberorum
1692 981 1914 1050 praemia
1947 976 2234 1046 proposinit
2265 991 2277 1026 :

717 1078 775 1122 et
802 1071 929 1136 quia
967 1071 1153 1138 plures
1183 1081 1338 1123 erant
1368 1070 1582 1138 patricii
1617 1083 1794 1122 mares
1830 1081 1990 1136 quam
2028 1064 2276 1127 feinellze,

719 1156 970 1226 permisit
1017 1157 1179 1212 etiam
1234 1153 1517 1212 libertinas
1564 1158 1770 1212 ducere
1819 1156 1864 1210 si
1905 1156 2000 1224 qui
2055 1155 2279 1219 vellent,

720 1248 1064 1302 senatoribus
1104 1251 1370 1318 exceptis,
1405 1263 1707 1318 eorumque
1748 1247 2069 1318 progeniem
2102 1245 2284 1315 legiti-

720 1352 862 1390 mam
892 1353 1011 1392 esse
1043 1339 1222 1408 jussit.
1250 1339 1369 1394 Jam
1397 1341 1524 1408 quia
1556 1339 1802 1392 nonnulli
1843 1337 2142 1391 infantibus
2176 1335 2282 1390 sibi

719 1429 1023 1499 desponsis,
1071 1447 1197 1485 cum
1251 1432 1498 1485 fraudem
1545 1432 1647 1501 legi
1701 1431 1987 1492 facerent,
2043 1428 2283 1498 praemiis

719 1523 1012 1592 eonjugum
1028 1520 1382 1576 fruebantur:
1413 1523 1613 1584 sanxit,
1649 1538 1715 1576 ne
1740 1514 2143 1590 qua'sponsalia
2196 1533 2284 1572 ra-

722 1623 774 1666 ta
813 1620 1016 1676 essent,
1059 1612 1165 1666 nisi
1211 1623 1331 1682 post
1378 1612 1662 1668 biennium
1698 1615 1902 1681 nuptiae
1933 1611 2283 1665 celebraren-

722 1712 810 1756 tur
845 1721 858 1756 :
891 1703 995 1757 hoc
1022 1711 1128 1765 est,
1159 1710 1220 1757 ut
1249 1703 1446 1772 puella:
1473 1719 1585 1757 non
1638 1704 1880 1758 minores
1923 1718 1956 1755 x
1985 1701 2144 1756 annis
2181 1699 2282 1758 de-

720 1797 1414 1866 sponderentur,quarum
1463 1812 1641 1851 anuus
1693 1798 1866 1852 aetatis
1919 1795 2281 1850 duodecimus

723 1896 970 1942 maturus
1006 1887 1262 1958 eonjugio
1320 1888 1647 1943 habebatur.
1696 1888 1930 1958 Agrippa
1979 1887 2151 1939 filium
2195 1886 2277 1939 al-
2315 1867 2356 1923 Β

723 1988 899 2031 terum
927 1993 993 2031 ex
1027 1977 1165 2032 Julia
1194 1978 1467 2046 suscepit,
1501 1978 1729 2032 Lucium
1751 2018 1764 2040 ,
1791 1993 1954 2047 quem
2002 1992 2108 2030 una
2155 1991 2280 2032 cum

720 2070 851 2123 Caio
869 2071 1142 2141 Angustus
1166 2069 1452 2140 adoptatos
1478 2071 1663 2124 statim
1692 2069 1904 2138 imperii
1934 2084 2283 2123 successores

720 2162 1047 2231 designavit,
1109 2171 1170 2214 ut
1220 2161 1403 2216 minus
1443 2161 1657 2216 insidiis
1717 2169 2086 2231 appeteretur.
2143 2163 2281 2216 Cum

721 2255 1014 2323 aliquando
1059 2253 1340 2311 Pollionis.
1377 2253 1614 2309 hominis
1646 2253 1958 2324 locupletis,
2011 2255 2106 2309 sed
2154 2256 2281 2309 saevi

719 2356 775 2400 et
830 2345 1089 2408 crudelis,
1150 2346 1378 2401 conviva
1425 2355 1592 2410 esset,
1647 2355 1702 2400 et
1757 2346 1803 2401 is
1851 2347 2167 2416 pincernam
2215 2349 2285 2401 ob

721 2439 959 2493 calicem.
997 2439 1371 2508 crystallinum
1417 2438 1650 2493 fractum
1704 2441 1981 2503 munenis,
2043 2456 2179 2510 quas
2229 2442 2282 2495 in

724 2528 949 2597 piscinis
978 2527 1158 2581 alebat
1181 2527 1248 2581 ad
1275 2526 1624 2589 devorandos
1648 2526 1898 2582 homines
1925 2520 2282 2592 assuefactas,

722 2619 1162 2688 objicijussisset
1207 2618 1283 2689 (id
1329 2618 1474 2672 enim
1521 2617 1851 2688 supplicium
1905 2621 2101 2692 servis,
2149 2635 2287 2689 quos

721 2711 1026 2774 occidebat,
1083 2710 1488 2778 constituerat),
1517 2725 1734 2778 pmnam
1785 2714 2062 2779 pincernae
2107 2712 2287 2766 ϐαθείη-

723 2804 1052 2871 deprecatus
1073 2809 1158 2854 est
1187 2817 1200 2853 :
1231 2815 1356 2854 cum
1394 2801 1529 2854 nihil
1565 2801 1931 2870 impetrasset,
1988 2801 2285 2856 Pollionem

724 2894 892 2947 etiam
946 2893 1050 2946 alla
1097 2891 1344 2959 ejusdem
1405 2892 1644 2945 materiae
1695 2891 1924 2960 pocula,
1978 2900 2033 2945 et
2083 2893 2126 2946 si
2179 2907 2286 2960 qua

725 2993 986 3056 pmterea
1014 2981 1255 3052 pretiosa
1284 2982 1532 3046 haberet,
1565 2992 1623 3033 ut
1654 2984 1736 3051 eis
1780 2989 2030 3035 uteretur
2051 3020 2065 3043 ,
2102 2971 2286 3036 διΐσττί

722 3077 904 3146 jussit,
933 3075 1091 3128 allata
1119 3071 1389 3142 confregit
1413 3091 1428 3127 :
1456 3071 1614 3142 537
1649 3071 1731 3125 Ne
1757 3080 2059 3143 propterea,
2086 3073 2284 3143 inquit,

2385 610 2553 663 αὐτοῦ
2589 609 2984 662 ἐπεϐούλευσεν
3013 611 3185 676 αὐτῷ,
3217 612 3278 664 οὗ
3314 613 3499 681 μέντοι
3524 614 3618 666 καὶ
3642 615 3930 668 ἀποκτεῖναι

2378 703 2660 774 ήθέλησεν,
2679 702 2794 755 ἀλλ’
2810 702 2997 756 άλλοτε
3024 702 3198 761 ἄλλως
3226 703 3636 774 προεπηλάκιζε
3657 707 3753 758 καὶ
3777 706 3930 775 ἐχλεύ-

2380 798 2530 858 αζεν.
2576 794 2765 847 Ἔθετό
2819 811 2876 846 τε
2933 794 3029 846 καὶ
3088 795 3281 858 ἀλλους
3330 796 3551 864 νόμους.
3588 796 3682 848 καὶ
3735 797 3795 849 τὸ
3828 800 3930 859 τοὺς

2379 887 2723 949 δεκάσαντάς
2745 903 2901 950 τινας
2931 886 3027 938 ἐπὶ
3073 889 3194 949 ταῖς
3245 888 3460 957 ἀρχαῖς,
3523 888 3581 950 ἐς
3634 888 3796 941 πέντε
3855 891 3929 958 ἔτη

2382 977 2563 1030 αὐτῶν
2584 975 2866 1046 εἴργεσθαι
2885 991 2900 1007 ·
2929 978 3042 1039 τοῖς
3058 994 3116 1030 τε
3135 979 3370 1048 ἀγάμοις
3401 980 3493 1031 καὶ
3519 981 3642 1041 ταῖς
3675 979 3931 1049 ἀνάνδροις

2381 1069 2631 1137 ἐπιτίμια
2662 1068 2840 1132 ἔταξε,
2865 1068 2963 1121 τοῦ
2985 1068 3042 1120 δὲ
3081 1072 3262 1136 γάμου
3325 1068 3421 1122 καὶ
3474 1067 3576 1138 τῆς
3609 1069 3928 1131 παιδοποιίας

2381 1156 2519 1213 ἆθλα
2558 1159 2742 1232 ἔθηκε.
2773 1159 3024 1231 Κάπειδὴ
3053 1160 3190 1214 πολὺ
3220 1159 3405 1213 πλεῖον
3430 1160 3492 1214 τὸ
3523 1161 3693 1232 ἀρῤεν
3723 1160 3813 1213 τοῦ
3857 1161 3933 1229 θή-

2381 1253 2502 1316 λεος
2532 1252 2627 1305 τοῦ
2682 1252 2934 1320 εὐγενοῦς
2965 1248 3053 1323 ἦν,
3107 1252 3377 1322 ἐπέτρεψε
3435 1252 3530 1305 καὶ
3590 1251 3934 1321 ἀπελευθέρας

2381 1345 2492 1407 τοῖς
2522 1343 2767 1396 ἐθέλουσι
2800 1343 2941 1414 πλὴν
2971 1344 3080 1397 τῶν
3106 1343 3414 1415 βουλευτῶν
3442 1343 3702 1412 ἄγεσθαι,
3727 1346 3932 1412 ἔννομον

2382 1435 2488 1505 τὴν
2542 1436 2890 1488 τεκνοποιίαν
2946 1427 3319 1508 αὑτῶν”εῐναι
3376 1432 3661 1498 κελεύσας.
3710 1435 3857 1488 Ἐπεὶ
3888 1435 3933 1486 δὲ

2384 1525 2558 1595 βρέφη
2613 1528 2759 1590 τινὲς
2789 1527 3218 1597 μνηστευόμενοι
3251 1527 3349 1590 τάς
3383 1527 3480 1597 μὲν
3504 1527 3615 1579 τῶν
3645 1528 3936 1596 γεγαμηκό-

2381 1631 2491 1666 των
2527 1614 2874 1686 ἐκαρποῦντο
2904 1617 3095 1685 τιμάς,
3126 1617 3187 1668 τὸ
3214 1617 3261 1669 δ’
3286 1617 3447 1688 ἔργον
3473 1618 3653 1671 αὐτῶν
3685 1619 3745 1670 οὗ
3769 1618 3936 1687 παρεί-

2381 1723 2560 1776 χοντο,
2594 1707 2898 1777 προσέταξε
2929 1707 3202 1778 μηδεμίαν
3227 1708 3431 1778 ίσχύειν
3461 1709 3778 1781 μνηστείαν,
3833 1704 3937 1778 μεθ’

2382 1798 2449 1869 ήν
2478 1798 2539 1851 οὐ
2564 1797 2657 1850 δύο
2687 1797 3007 1852 διελθόντων
3031 1798 3170 1851 ἑτῶν
3200 1799 3361 1862 εὐθὺς
3385 1801 3625 1870 γαμήσει
3658 1815 3762 1866 τις,
3795 1814 3935 1851 τουτ-

2383 1888 2498 1942 έστι
2550 1887 2760 1942 δεκέτιν
2809 1889 3026 1952 πάντως
3057 1889 3382 1958 έγγυᾶσθαι,
3401 1889 3609 1942 δώδεκα
3647 1891 3704 1943 δὲ
3723 1890 3839 1950 ταῖς
3862 1887 3938 1941 κό-

2384 1995 2510 2050 ραις
2544 1979 2640 2050 έτη
2664 1980 2771 2043 είςν
2798 1980 2899 2050 τὴν
2929 1980 3024 2034 τοῦ
3061 1980 3243 2050 γάμου
3276 1978 3427 2050 ὥραν
3453 1979 3634 2051 πλήρη
3657 1980 3935 2050 νομίζεται.

2389 2071 2455 2123 '0
2483 2071 2537 2122 δὲ
2576 2071 2892 2137 Ἀγρίππας
2921 2072 3018 2126 καὶ
3044 2071 3237 2142 ἕτερον
3285 2072 3403 2126 υἱὸν
3464 2072 3529 2126 ἐκ
3579 2071 3678 2141 τῆς
3733 2073 3937 2131 Ἰουλίας

2382 2164 2655 2229 ἐγείνατο,
2697 2163 2929 2216 Λούκιον
2959 2163 3350 2233 ὀνομασθέντα,
3400 2164 3462 2218 δν
3509 2163 3812 2232 Αὔγουστος
3860 2164 3939 2216 κει

2383 2255 2474 2305 τὸν
2504 2254 2733 2321 ἀδελφὸν
2775 2253 2942 2307 αὐτοῦ
2970 2254 3063 2307 τὸν
3099 2253 3260 2307 Γάϊον
3289 2256 3692 2324 εἰσεποιήσατο,
3733 2258 3822 2308 καὶ
3843 2255 3940 2307 δια-

2383 2344 2572 2415 δόχους
2607 2347 2707 2412 τῆς
2738 2346 2915 2417 ἀρχῆς
2944 2330 3175 2401 αὐτόθεν
3203 2347 3506 2412 ἀπέδειξεν,
3540 2348 3609 2400 ἶν’
3645 2343 3802 2420 ἦττον
3833 2349 3939 2398 ἔπι-

2385 2437 2730 2507 δουλεὺηται.
2775 2437 3135 2510 Ἐστιῴμενος
3169 2438 3228 2491 δέ
3281 2455 3411 2492 ποτε
3476 2442 3626 2510 παρά
3693 2439 3936 2496 molitam.

2385 2528 2554 2599 ἀνδρὶ·
2575 2529 2818 2597 πλουσίῳ
2853 2529 2954 2598 μιτν
2985 2529 3191 2600 σφόδρα
3225 2529 3361 2600 ὼμῷ
3387 2529 3442 2583 δὲ
3468 2531 3588 2584 λίαν
3616 2531 3712 2584 καὶ
3740 2529 3935 2596 ἀπηνεῖ,

2387 2623 2510 2673 ἐπεὶ
2533 2621 2812 2690 δοὶνοχζος
2848 2616 3056 2674 ἐκείνου
3084 2620 3282 2675 κύλικα
3315 2622 3680 2692 κρυσταλίνην
3708 2619 3938 2684 κατέαξε,

2386 2711 2482 2764 καί
2533 2713 2589 2773 ὲς
2627 2713 2723 2773 τὰς
2766 2711 3036 2780 μυραίνας
3100 2710 3308 2782 ὡρίσθη
3371 2712 3523 2780 παρά
3549 2710 3642 2763 τοῦ
3703 2710 3939 2763 δεσπότου

2386 2802 2743 2871 ἐμϐληθῆναι
2782 2802 3002 2868 (ἔτρεφε
3045 2802 3153 2873 γάρ
3205 2803 3265 2854 έν
3309 2801 3632 2870 δεξαμεναῖς
3681 2801 3940 2863 τοιαύτας,

2387 2889 2708 2960 ἀνθρώπους
2738 2891 3127 2961 δεδιδαγμένας
3179 2895 3403 2960 ἐσθίειν,
3439 2897 3532 2949 καὶ
3566 2898 3691 2959 τοὺς
3741 2896 3941 2953 δούλοις

2390 2979 2581 3039 αὑταῖς
2609 2979 2702 3041 οὓς
2729 2980 3385 3054 ὲθανάτουπαρέόαλλε),
3417 2985 3718 3054 παρῃτεῖτο
3752 2981 3847 3050 τὴν
3867 2996 3942 3031 τι·

2391 3067 2653 3136 μωρίανδ
2685 3071 2903 3138 Καῖσαρ
2929 3068 3026 3122 τοῦ
3060 3071 3325 3142 οἰνοχόου.
3381 3071 3470 3135 Ὧς
3524 3071 3571 3124 δ’
3622 3073 3721 3124 οὐκ
3775 3066 3940 3122 ἔπειθε

727 3165 957 3218 homines
984 3161 1247 3216 occidant.
1281 3160 1372 3215 Sic
1417 3162 1590 3216 Pollio
1625 3170 1850 3231 propter
1877 3161 2285 3216 multitudinem

2388 3161 2479 3210 τὸν
2516 3159 2799 3224 Πωλίωνα,
2834 3161 2993 3230 ⁶ιθέρε,
3027 3163 3218 3231 φησὶν,
3240 3163 3339 3216 ὅσα
3361 3161 3586 3216 τοιαῦτα
3609 3163 3750 3233 ἔχεις
3781 3159 3942 3214 ἐκπώ-

727 3255 1132 3309 confractorum
1165 3254 1233 3307 ab
1277 3254 1520 3323 Angusto
1565 3253 1820 3317 calicum,
1868 3253 2038 3306 unius
2059 3253 2285 3318 oblitus,

727 3361 851 3402 cum
911 3346 1226 3411 pincernam
1276 3346 1471 3412 punire
1526 3359 1632 3396 non
1681 3354 1886 3412 posset,
1931 3344 2019 3398 vel
2081 3344 2288 3398 invitus

729 3436 936 3490 homini
969 3436 1234 3503 pepercit.
1275 3433 1506 3501 Agrippa
1557 3432 1610 3485 in
1665 3433 1961 3503 Campania
1997 3449 2065 3487 ex
2096 3434 2288 3487 morbo

729 3529 1007 3591 defuncto,
1058 3525 1239 3578 szsar
1264 3538 1329 3577 eo
1361 3523 1661 3592 profectus.
1683 3539 1884 3593 corpus
1906 3525 2028 3592 ejus
2059 3524 2288 3579 Romam

729 3620 982 3681 advexit;
1015 3631 1191 3684 eoque
1222 3617 1273 3668 in
1305 3615 1476 3667 forum
1508 3615 1672 3667 allato
1696 3653 1710 3672 .
1745 3617 2049 3670 orationem
2094 3615 2291 3670 recita-

732 3710 806 3763 vit
837 3725 850 3762 :
887 3707 1135 3774 factoque
1167 3703 1455 3774 magniﬁco
1482 3705 1696 3769 funere,
1729 3719 1853 3758 ossa
1886 3705 1940 3758 in
1978 3721 2138 3758 suum
2171 3720 2288 3758 mo-

730 3807 1051 3852 numcntum
1084 3795 1288 3848 intulit.
1329 3795 1578 3863 Agrippa:
1607 3809 1755 3848 mors
1782 3793 2063 3863 publicum
2093 3795 2292 3849 Roma-

731 3890 817 3942 nis
848 3889 1056 3942 luctum
1092 3885 1296 3940 attulit.
1326 3885 1460 3938 Nam
1489 3901 1610 3939 cum
1646 3893 1839 3940 cetera
1871 3886 1956 3938 vir
1982 3902 2092 3940 sum
2116 3886 2292 3939 aetatis

733 3981 971 4054 optimus
1021 3976 1143 4037 fuit.
1199 3983 1312 4028 turn
1362 3976 1590 4044 Augusti
1641 3976 1884 4029 amicitia
1928 3975 1994 4028 ad
2035 3976 2207 4044 ipsius
2236 3985 2293 4030 et

737 4068 1048 4136 reipublicae
1086 4066 1371 4118 utilitatem
1421 4082 1561 4141 usus.
1594 4076 1697 4130 est,
1748 4082 2012 4134 suamque
2054 4066 2293 4135 pruden-

738 4171 864 4211 llalll
894 4167 951 4210 et
979 4154 1354 4208 fortitudinem
1397 4169 1612 4207 omnem
1649 4153 1704 4206 in
1749 4169 1837 4208 res
1879 4154 2080 4209 Caesari
2119 4156 2294 4209 utilis-

735 4250 902 4301 simas
933 4245 1184 4307 contulit,
1214 4243 1611 4313 omnipotentia
1638 4252 1694 4297 et
1728 4243 1958 4308 honore,
1994 4244 2196 4313 quibus
2224 4246 2293 4298 ab

737 4341 829 4392 illo
856 4347 1078 4392 ornatus
1105 4347 1243 4400 erat,
1267 4336 1330 4389 ad
1361 4335 1772 4390 beneficentiam
1801 4351 2083 4389 conversa.
2115 4336 2294 4402 Quare

735 4441 838 4479 nec
887 4426 1126 4490 Augusto
1161 4422 1362 4492 gravis,
1407 4436 1510 4477 nec
1552 4421 1765 4476 caeteris
1816 4421 2121 4476 invidiosus
2167 4422 2289 4477 fuit.

2394 3263 2560 3316 ματα,
2595 3249 2628 3318 ή
2672 3253 2769 3301 καὶ
2799 3250 2963 3317 ἕτερα
3006 3251 3237 3320 ἔντιμα,
3291 3253 3359 3306 ἵν’
3411 3254 3596 3315 αὐτοῖς
3653 3253 3940 3322 χρήσωμαι.

2391 3338 2733 3411 Κομι’σθέντα
2758 3343 2814 3396 δὲ
2848 3345 3187 3414 συνέτριψεν,
3223 3347 3411 3412 εἰπὼν,
3451 3346 3583 3401 Ἵνα
3601 3346 3688 3415 μή
3708 3346 3804 3398 διά
3824 3345 3943 3397 ταύ-

2389 3445 2496 3494 τας
2537 3427 2882 3491 κολάζων·το
2907 3432 3226 3500 ἅνθρωποι.
3270 3433 3328 3487 ’0
3357 3434 3409 3487 δὲ
3444 3435 3668 3487 Πωλίων
3716 3434 3848 3505 πρὸς
3892 3433 3945 3482 τὸ

2393 3519 2602 3587 πλῆθος
2617 3521 2726 3575 τῶν
2747 3522 3102 3576 ἀπολωλότων
3119 3524 3218 3595 τῆς
3242 3527 3370 3593 μιᾶς
3392 3524 3689 3578 ἐπελάθετο
3721 3525 3943 3581 κύλικος,

2391 3611 2607 3662 καὶτὸν
2634 3613 2876 3683 οίνοχόον
2929 3615 3350 3684 τιμωρήσασθαι
3387 3617 3463 3684 μὴ
3499 3615 3946 3684 ,δυνάμενοςιὸτι

2393 3700 2484 3752 ini
2521 3701 2734 3764 πολλοῖς
2759 3703 2820 3756 τὸ
2861 3704 2992 3756 αὐτὸ
3024 3706 3351 3775 ἐπεποιήκει
3383 3707 3414 3758 δ
3480 3707 3810 3774 Αὔγουστος,
3863 3704 3946 3757 καὶ

2391 3789 2541 3843 ἄκων
2566 3791 2864 3861 ἡσύχασεν.
2882 3793 3196 3863 ’Δγρίππας
3221 3796 3279 3848 δὲ
3316 3797 3550 3865 νοσήσας
3575 3798 3633 3849 έν
3663 3793 3943 3864 Καμπανίᾳ

2390 3879 2681 3946 ἀπέθανεν,
2716 3876 2776 3935 οὗ
2805 3883 2832 3935 ὁ
2861 3882 3082 3954 Καῖσαρ
3111 3886 3553 3956 παραγενόμενος
3585 3886 3646 3939 τό
3697 3903 3754 3938 τε
3801 3884 3941 3951 σῶμι

2393 3969 2558 4022 αὐτοῦ
2591 3972 2671 4032 είς
2718 3971 2817 4041 τήν
2877 3973 3099 4044 Ῥώμην
3138 3977 3384 4044 ἐκόμισε,
3419 3977 3512 4029 καὶ
3554 3978 3612 4029 ὲν
3673 3979 3738 4047 τῇ
3788 3975 3944 4044 ἀγορᾷ

2395 4063 2733 4132 προθέμενος
2749 4064 2920 4139 ’λόγον
2953 4064 3040 4116 ἐπ’
3075 4067 3221 4135 αὐτῷ
3248 4068 3457 4133 ἀνέγνω
3483 4069 3579 4121 καὶ
3591 4067 3698 4139 τήν
3725 4066 3943 4134 ἐκφορὰν

2343 4212 2345 4215 ι
2391 4151 2557 4204 αὐτοῦ
2594 4136 2854 4224 πολυτελῆ
2899 4154 3190 4223 ἐποιήσατο
3243 4158 3335 4207 καὶ
3366 4158 3424 4209 έν
3461 4157 3541 4224 τῷ
3581 4136 3779 4210 ἑαυτοῦ
3825 4170 3943 4224 μνη-

2398 4243 2533 4310 μείῳ
2559 4244 2778 4312 ἔθαψεν.
2821 4244 2879 4298 ὐ
2903 4245 2960 4298 δὲ
2995 4244 3090 4298 τοῦ
3134 4244 3439 4315 Ἀγρίππου
3496 4246 3727 4308 θάνατος
3786 4244 3942 4298 κοινόν

2394 4349 2446 4384 τι
2475 4337 2587 4397 τοῖς
2624 4333 2917 4404 Ῥωμαίοις
2963 4337 3158 4402 πένθος
3193 4337 3428 4405 ἐγένετο.
3477 4338 3559 4392 Τά
3609 4354 3671 4389 τε
3694 4337 3801 4406 γὰρ
3825 4334 3939 4389 ἀλλα

2395 4425 2614 4492 ἀριστος
2637 4426 2746 4478 τῶν
2780 4427 2902 4478 καθ’
2920 4428 3112 4480 ἑαυτὸν
3139 4427 3444 4508 ἀνθρῴπων
3490 4429 3731 4493 ἐγένετο,
3773 4427 3860 4482 καὶ
3883 4427 3937 4491 τῇ

701 4577 706 4580 η
737 4516 815 4568 Eo
843 4514 1119 4574 defuncto,
1149 4525 1273 4562 cum
1301 4524 1482 4562 rerum
1522 4510 1887 4578 gerendarum
1916 4513 2067 4566 socio
2101 4527 2288 4568 carere

2395 4513 2488 4566 τοῦ
2515 4514 2827 4581 Αὐγούστου
2861 4515 3015 4586 φιλίᾳ
3044 4516 3182 4586 πρὸς
3203 4517 3274 4592 ,τδ
3301 4518 3512 4600 ὲκείνου
3573 4520 3666 4570 καὶ
3728 4520 3852 4585 πρὸς
3890 4511 3941 4563 τὸ

739 4622 846 4660 non
899 4612 1101 4673 posset,
1154 4599 1436 4654 Tiberium
1489 4600 1574 4653 vel
1630 4600 1832 4655 invitus
1889 4602 2288 4673 ascivit'(nam

741 4698 988 4767 Agrippa:
1013 4693 1128 4756 lilii,
1180 4699 1409 4761 nepotes
1443 4690 1637 4761 ipsius,
1683 4691 1839 4760 pueri
1884 4692 2066 4747 adhuc
2109 4694 2290 4763 erant)

738 4801 1053 4859 ereptaque
1083 4802 1274 4849 uxore,
1314 4786 1564 4854 Agrippa:
1609 4799 1676 4838 ex
1724 4783 1829 4839 alia
1876 4786 2108 4856 conjuge
2157 4786 2289 4854 filia,

737 4881 932 4935 .luliam
958 4879 1010 4931 ei
1028 4865 1350 4944 despondit.
1391 4873 1597 4929 Deinde
1624 4891 1720 4944 per
1750 4890 1898 4938 eum,
1928 4885 1984 4929 et
2031 4876 2288 4942 Drusum,

737 4982 792 5026 ct
823 4971 1049 5024 Lucium
1098 4969 1370 5027 Pisonem,
1403 4968 1602 5021 multas
1629 4971 1877 5022 nationes
1904 4968 2143 5036 subegit.
2191 4970 2292 5022 Pe-

739 5060 900 5127 cunia
927 5075 957 5112 a
989 5066 1178 5112 senatu
1211 5064 1267 5110 et
1301 5055 1503 5125 populo
1538 5056 1604 5108 ad
1631 5058 1750 5126 ejus
1790 5057 2054 5127 imagines
2090 5059 2297 5114 facien-

741 5152 836 5204 das
879 5149 1098 5211 collata,
1149 5147 1229 5200 sui
1293 5146 1498 5200 nullam
1557 5145 1850 5216 imaginem
1925 5149 2139 5212 erexit,
2196 5149 2293 5205 sed

742 5240 972 5309 publica:
1010 5239 1236 5300 Salutis,
1265 5237 1585 5291 Concordiae
1616 5245 1672 5290 et
1703 5237 1861 5292 Pacis
1889 5251 2099 5293 statuas
2143 5239 2294 5294 fecit.

742 5329 926 5383 Primo
953 5326 1080 5379 anni
1108 5328 1195 5378 die
1236 5342 1362 5379 eum
1398 5328 1623 5380 adibant
1672 5327 1944 5395 homines,
1995 5341 2157 5400 atque
2203 5329 2296 5384 alii

744 5419 883 5483 plus,
919 5417 1012 5470 alii
1051 5415 1230 5468 minus
1267 5415 1573 5470 offerebant
1607 5433 1623 5470 :
1654 5417 1859 5484 quibus
1904 5419 2018 5486 ipse
2067 5420 2294 5490 duplum

743 5515 837 5559 aut
873 5509 1105 5575 amplius
1152 5507 1431 5571 reddebat,
1462 5523 1573 5562 non
1622 5509 1964 5563 senatoribus
2011 5510 2296 5573 duntaxat,

745 5598 844 5652 sed
877 5598 998 5652 aliis
1025 5599 1212 5652 etiam.
1261 5597 1540 5653 Octaviam
1581 5613 1827 5654 sororem
1864 5610 1977 5654 tum
2025 5613 2298 5656 mortuam

743 5688 961 5755 publice
994 5689 1297 5756 proposuit,
1333 5697 1388 5741 et
1434 5687 1716 5745 fuitebrem
1768 5690 1836 5746 de
1879 5706 1944 5745 ea
1990 5692 2296 5748 orationem

2398 4609 2554 4676 κοινῇ
2608 4608 2886 4676 συμφέρον
2938 4607 3222 4677 ἐκέχρητο,
3269 4609 3364 4660 καὶ
3397 4610 3578 4659 πᾶσαν
3627 4609 3729 4678 τήν
3770 4602 3937 4658 ἑαυτοῦ

2400 4696 2593 4764 σοφίαν
2624 4697 2717 4748 καὶ
2773 4697 2997 4767 ἀνδρίαν
3025 4698 3104 4758 είς
3133 4698 3202 4749 τὰ
3231 4685 3653 4750 λυσιτελέστατα
3710 4697 3938 4767 παρέχων

2397 4785 2475 4852 τῷ
2503 4785 2761 4854 Καίσαρι,
2803 4789 2984 4840 πᾶσαν
3019 4787 3124 4858 τὴν
3151 4788 3282 4859 παρ’
3329 4789 3538 4842 έκείνου
3602 4788 3829 4860 δύναμιν
3860 4784 3938 4839 καὶ

2397 4875 2564 4945 τιμὴν
2598 4878 2676 4938 είς
2698 4877 2758 4930 τδ
2782 4877 2905 4940 τοὺς
2926 4876 3118 4942 ἄλλους
3143 4879 3451 4946 εὐεργετεῖν
3471 4881 3783 4950 ἀνήλισκεν,
3803 4878 3938 4931 Ὅθεν

2396 4966 2509 5016 οὔτ’
2531 4966 2678 5036 αὺτῷ
2707 4967 2972 5037 ἐπαχθὴς,
2993 4965 3117 5020 οὔτε
3148 4971 3264 5032 τοῖς
3283 4968 3460 5034 ἀλλοις
3489 4969 3780 5037 ιπίφοονος
3797 4973 3938 5036 ixm-

2402 5058 2617 5124 μάτισε.
2658 5059 2859 5111 Τούτου
2891 5059 3348 5128 μεταλλάξαντος,
3381 5064 3504 5114 επεὶ
3534 5060 3796 5129 συνεργοῦ
3825 5057 3937 5126 πρὸς

2400 5147 2470 5199 τὰ
2501 5148 2802 5218 πράγματα
2827 5150 3020 5213 έδείτο,
3062 5152 3153 5204 τὸν
3177 5151 3429 5221 Τιϐέριον
3480 5152 3573 5204 καὶ
3613 5153 3763 5207 ἀκων
3791 5165 3937 5219 προπ-

2401 5237 2576 5291 είλετο
2598 5241 2668 5308 (οἱ
2689 5241 2799 5310 γάρ
2827 5241 2923 5294 τοῦ
2951 5242 3260 5311 ’Δγρίππου
3295 5244 3420 5307 υἱοὶ,
3449 5243 3664 5312 ἱγγονοι
3702 5242 3748 5296 δ’
3773 5238 3934 5301 αὐτοῦ»

2403 5331 2460 5382 ὲν
2488 5331 2674 5381 παισὶν
2719 5331 2798 5384 ἔτι
2829 5332 3088 5400 ιτέλουν)⁶
3121 5335 3215 5387 καὶ
3253 5336 3584 5396 ἀποσπάσας
3624 5335 3832 5402 ἐκείνου
3863 5331 3938 5398 τὴν

2403 5423 2654 5487 γυναῖκα,
2683 5423 2960 5496 θυγατέρα
2979 5421 3144 5478 οὖσαν
3165 5427 3472 5506 ’Δγρίππου
3507 5427 3566 5494 ιε
3599 5425 3779 5495 mn;
3797 5439 3937 5492 γαμιο

2396 5513 2517 5580 τῆς.
2549 5515 2648 5583 τὴν
2685 5514 2910 5568 Ἰουλίαν
2932 5516 3082 5586 αὑτῷ
3104 5519 3462 5589 ἐνηγγύησεν.
3491 5513 3626 5568 Εἶτα
3655 5515 3744 5570 διά
3763 5533 3821 5568 τε
3841 5514 3939 5567 scti-

2395 5617 2490 5652 του
2525 5606 2616 5654 καὶ
2648 5603 2736 5657 διά
2753 5605 2846 5657 τοῦ
2879 5604 3140 5676 Δρούσου,
3179 5607 3381 5659 καὶδιά
3410 5606 3684 5669 Πείσωνος
3713 5605 3937 5664 Aouxlw,

2397 5695 2570 5747 πολλὰ
2595 5695 2704 5750 τῶν
2738 5696 2903 5770 ἐθνῶν
2938 5695 3600 5766 ὑπηγάγετο,.⁹Αργὺριον
3653 5696 3712 5748 δι
3760 5697 3848 5767 τῆς
3892 5707 3937 5742 τε
