4036 6338
673 416 777 476 915

1939 419 2242 483 JOANNIE

2346 420 2623 483 ΟΝΑΠΕ
3785 429 3868 492 916

671 528 700 578 6
740 524 924 589 λοιπὸς
966 524 1024 578 δὲ
1059 522 1151 578 τοῦ
1177 526 1494 596 Αὐγούστου
1555 524 1939 596 θυγατριδοῦς,
1982 530 2010 581 6
2072 530 2142 580 ὲκ·
2173 528 2273 596 τῆς
2312 527 2542 593 Ἰουλίας
2594 531 2674 602 τῷ
2729 532 3011 606 Ἀγρίππᾳ
3050 531 3288 604 τεχθεὶς,
3334 533 3396 587 ὃν
3447 535 3547 589 καὶ⁵
3585 534 3871 604 Ἀγρίππαν

670 617 954 677 ἐκάλεσεν.
985 620 1065 680 εἰς
1094 619 1336 689 ἐφήϐους
1364 620 1603 689 ἐγράφη.

737 708 1002 786 XXXVII.
1034 709 1321 775 Tiberius,
1362 729 1476 767 rem
1514 713 1765 768 bellicam
1826 713 2236 792 administrans,

2411 713 2534 767 AZ'.
2578 714 2637 767 Ὀ
2669 713 2726 767 δέ
2772 730 2835 781 γε
2889 710 3140 783 Τιϐέριος
3165 712 3236 766 τά
3262 728 3321 765 τε
3349 710 3458 764 τῶν
3490 712 3746 782 πολέμων
3776 711 3871 782 διῴ-

668 794 896 858 Bomam
947 802 1144 855 crebro
1191 803 1372 865 venit,
1422 816 1677 860 metuens
1731 820 1804 860 ne
1827 806 1930 860 sibi
1959 807 2238 876 Augustus

669 905 767 957 per
797 881 1101 946 absentiam
1146 908 1301 948 suam
1331 893 1495 948 alium
1526 895 1842 952 anteferret.
1901 895 2007 952 Sed
2052 897 2232 959 Dacis.

668 976 1028 1046 Sauromatis,
1069 982 1304 1052 aliisque
1337 983 1667 1040 Pannonicis
1699 985 1958 1056 gentibus
1987 986 2234 1040 concita-

668 1074 758 1135 tis,
789 1087 858 1126 ex
888 1071 1078 1127 Galliis
1129 1073 1196 1127 ad
1245 1089 1341 1127 eas
1385 1075 1548 1130 rediit
1577 1093 1591 1131 :
1622 1075 1926 1144 eodemque
1958 1075 2237 1145 Augustus

665 1161 1049 1217 Germanicum
1085 1165 1254 1228 misit,
1287 1182 1412 1221 cum
1444 1167 1680 1222 fortasse
1720 1167 1976 1222 Tiberius
2005 1185 2098 1222 eas
2140 1183 2235 1223 ce-

666 1253 856 1308 leriter
885 1254 1107 1310 vincere
1143 1267 1349 1326 posset,
1388 1273 1453 1313 ac
1486 1270 1699 1328 tempus
1733 1261 1801 1314 de
1841 1259 2112 1314 industria
2150 1270 2234 1314 te-

666 1333 836 1408 reret,
872 1355 932 1398 nt
962 1359 1190 1416 propter
1215 1348 1420 1404 bellum
1455 1350 1509 1404 in
1539 1351 1708 1404 armis
1735 1361 1900 1406 esset.
1955 1350 2102 1404 Misit
2134 1366 2236 1405 au-

666 1445 776 1489 tem
811 1436 1221 1501 Germanicum,
1273 1440 1418 1509 quod
1451 1441 1688 1512 Agrippa
1721 1453 1948 1512 pmpter
1987 1443 2234 1512 pertina-

666 1541 785 1578 cem
817 1543 1030 1584 morum
1097 1529 1502 1599 improbitatem
1538 1533 1816 1598 abdicato,
1852 1535 1974 1602 ejus
2002 1534 2236 1602 pecunia

667 1614 724 1668 in
754 1613 1010 1677 ierarium
1061 1619 1231 1674 relata
1285 1622 1544 1688 militare,
1579 1625 1694 1692 ipse
1730 1625 1786 1678 in
1821 1623 2054 1687 insulam
2093 1625 2235 1678 rele-

665 1716 825 1775 gatus
858 1719 995 1764 erat.
1032 1711 1136 1766 Eas
1179 1725 1369 1783 gentes
1412 1715 1642 1769 Romani
1671 1725 1793 1784 post
1823 1717 2022 1771 multas
2053 1717 2237 1770 clades

665 1799 866 1862 illatas,
896 1817 998 1855 nec
1027 1805 1321 1872 pauciores
1353 1817 1628 1875 acceptas,
1665 1807 1884 1862 tandem
1932 1809 2128 1878 partim
2165 1809 2232 1862 ad

665 1890 1004 1946 deditionem
1073 1899 1484 1965 compulerunt,
1549 1899 1749 1969 partim
1799 1901 1918 1954 acie
1962 1903 2234 1955 vicerunt.

666 1979 925 2037 Tiberius
957 1985 1196 2041 Romam
1247 2003 1504 2043 reversus
1554 1990 1623 2043 ab
1653 1990 1902 2060 Angusto
1930 1992 1984 2046 in
2016 1992 2236 2046 Dalma—

2343 807 2551 858 κεικαὶ
2575 805 2656 866 είς
2687 804 2786 873 τὴν
2831 804 3049 874 Ῥώμην
3086 804 3327 873 συνεχῶς
3373 804 3672 871 εἰσεφοίτα,
3707 804 3874 871 φοϐούο

2345 909 2507 963 μενος
2556 893 2630 965 μὴ
2665 896 2692 946 6
2722 892 3032 961 Αὔγουστος
3088 892 3249 947 ἄλλον
3297 895 3419 947 τι,νᾶ
3466 895 3699 957 ἀπόντος
3737 896 3875 947 αὐτοῦ

2340 986 2678 1056 προτιμήσῃ.
2711 985 3060 1055 Κινηθέντων
3101 985 3158 1038 δὲ
3185 985 3295 1038 τῶν
3327 986 3518 1037 Δακῶν
3553 988 3646 1038 καὶ⁵
3702 987 3876 1056 Σαυρο-

2343 1077 2531 1148 ματῶν
2583 1078 2675 1130 καὶ
2729 1076 2906 1131 ἄλλων
2960 1076 3305 1130 Παννονικῶν
3355 1076 3601 1142 ὲθνῶν,ὁ
3657 1077 3876 1146 Τιϐέριος

2341 1168 2480 1238 πρὸς
2516 1168 2716 1229 αὐτοὺς
2738 1156 3089 1239 ἀνέστρεψεν,
3127 1170 3190 1220 ἐκ
3219 1169 3317 1238 τῆς
3342 1168 3638 1238 Κελτικῆς.
3672 1169 3776 1222 Καὶ
3806 1170 3878 1219 τὸν

2342 1260 2681 1328 Γερμανικὸν
2708 1261 2762 1313 δὲ
2793 1263 2822 1313 6
2851 1260 3308 1334 Αὐγουστοςὲκεῖ
3333 1260 3601 1330 ἐπεμψεν,
3631 1262 3703 1317 ὡς
3755 1261 3880 1328 τάχα

2339 1349 2432 1402 τοῦ
2473 1350 2727 1419 Τιϐερίου
2762 1350 2973 1420 ταχέως
2998 1350 3179 1404 αὐτῶν
3213 1351 3489 1421 κρατῆσαι
3516 1351 3878 1420 δεδυνημένου,

2341 1441 2604 1504 ἑκουσίως
2631 1441 2687 1493 δὲ
2714 1427 3024 1509 τὸν-καιρὸν
3057 1440 3356 1511 τρίϐοντος,
3389 1441 3455 1493 ἵν’
3491 1442 3550 1491 ἐν
3588 1443 3696 1504 τοῖς
3722 1439 3881 1500 ὅπλοις

2341 1532 2428 1602 εἴη
2453 1532 2543 1585 διὰ
2584 1532 2675 1584 τὸν
2707 1532 2966 1600 πόλεμον.
3004 1531 3258 1600 Ἐπεμψε
3306 1529 3364 1583 δὲ
3411 1530 3500 1582 τὸν
3539 1530 3883 1600 Γερμανικὸν,

2339 1624 2422 1676 ὅτι
2452 1623 2480 1674 ὁ
2546 1618 2854 1692 Ἀγρίππας
2889 1619 3249 1691 ἁπεκηρύχθη
3280 1617 3356 1682 ὼς
3394 1619 3468 1689 μὴ
3502 1617 3885 1687 σωφρονιζόμε-

2341 1729 2452 1779 νος,
2482 1714 2575 1766 καὶ
2602 1714 2637 1782 ἦ
2682 1729 2739 1764 τε
2768 1712 2928 1764 οὐσία
2965 1713 3131 1774 αὐτοῦ
3181 1711 3258 1780 τῷ
3292 1709 3670 1780 στρατιωτικῷ
3697 1708 3886 1776 ταμείῳ

2338 1805 2681 1875 ἀπενεμήθη,
2713 1805 2966 1866 κάκεῖνος
2993 1805 3088 1865 ,είς
3136 1801 3299 1873 νῆσον
3331 1801 3695 1872 περιωρίσθη.
3732 1798 3888 1851 Πολλά

2349 1899 2534 1967 μέντοι
2586 1896 2681 1948 καὶ
2744 1895 3075 1964 ποιήσαντες
3132 1895 3182 1946 οἱ
3246 1893 3511 1963 Ῥωμαῖοι
3565 1893 3624 1944 ὲν
3655 1894 3762 1954 τοῖς
3797 1889 3889 1943 τῶν

2339 1987 2512 2040 ἐθνῶν
2547 1986 2753 2039 τούτων
2793 1986 3074 2053 πολέμοις,
3125 1984 3187 2036 οὐ
3223 1984 3360 2052 μείω
3410 1981 3466 2034 δὲ
3497 1983 3593 2034 καὶ
3623 1981 3886 2042 παθόντες,

665 2073 798 2126 tiam
845 2086 1034 2132 contra
1086 2079 1351 2147 quosdam
1417 2082 1814 2137 tumultuantes
1865 2085 2066 2139 missus
2113 2094 2233 2139 est:

2346 2079 2492 2142 τέλος
2545 2080 2615 2133 τά
2647 2079 2747 2149 μὲν
2776 2078 3038 2147 ὁμολογίᾳ
3086 2077 3459 2141 ὑπηγάγοντο,
3490 2073 3559 2125 τὰ
3605 2074 3661 2125 δὲ
3708 2075 3888 2144 μάχαις

666 2178 808 2231 quos
837 2181 977 2235 aegre
1011 2167 1100 2221 ille
1133 2169 1381 2237 quidem,
1415 2179 1471 2225 et
1522 2188 1645 2227 cum
1677 2173 1944 2242 periculo,
1978 2177 2071 2229 sed
2103 2176 2236 2230 vicit

667 2263 849 2309 tamen
884 2273 898 2322 ;
931 2257 1062 2310 vicit
1094 2268 1149 2313 et
1187 2260 1545 2318 Germanicus
1581 2265 1736 2319 alios.
1804 2266 1954 2319 Bello
1993 2267 2070 2321 sic
2100 2283 2234 2321 con-

666 2346 830 2411 fecto,
876 2350 1103 2404 nuntius
1149 2367 1211 2406 ex
1260 2353 1549 2409 Germania
1603 2356 1800 2411 allatus
1853 2357 2066 2412 obstitit
2099 2373 2238 2426 quo-

666 2439 852 2493 minus
903 2440 1359 2511 triumpharetur.
1403 2447 1551 2500 'Nam
1615 2449 1667 2501 in
1732 2448 1902 2504 Gallia
1943 2451 2237 2506 nonnullas

665 2525 787 2598 ejus
818 2542 1002 2600 partes
1050 2534 1283 2590 Romani
1319 2547 1678 2606 occuparant,
1736 2556 1844 2594 non
1875 2543 2069 2596 eodem
2104 2543 2237 2597 sitas

666 2621 810 2686 loco,
837 2623 932 2676 sed
960 2626 1191 2692 sparsim
1227 2643 1325 2696 pro
1356 2639 1602 2701 tempore
1635 2633 1909 2689 subactas.
1967 2635 2136 2689 Erant
2181 2637 2234 2688 in

667 2727 733 2765 ea
759 2712 1025 2783 legiones,
1075 2726 1128 2769 et
1174 2718 1343 2772 urbes
1398 2724 1791 2784 condebantur.
1826 2735 1880 2779 et
1908 2725 2130 2779 Barbari
2167 2727 2234 2778 ad

669 2799 949 2856 Romanos
995 2818 1175 2858 mores
1208 2817 1264 2862 et
1300 2807 1619 2866 civilitatem
1655 2815 2100 2869 traducebantur.
2133 2816 2238 2881 Qui

670 2893 799 2946 dum
829 2893 1091 2961 paulatim
1123 2906 1180 2952 et
1205 2899 1418 2954 ratione
1463 2904 1696 2971 quadam
1728 2921 1755 2957 a
1783 2907 1975 2974 patriis
2018 2907 2239 2962 institu-

671 2980 742 3034 tis
780 2984 1175 3051 avocabantur,
1231 2989 1356 3044 vitae
1415 2994 1773 3048 mutationem
1829 2997 1972 3051 haud
2033 2998 2239 3068 iniquis

670 3071 868 3128 animis
925 3078 1298 3144 patiebantur.
1358 3081 1463 3138 Sed
1523 3100 1647 3138 cum
1701 3085 2000 3152 Quintilius
2065 3090 2242 3146 Varus

672 3163 976 3221 Germania:
1027 3173 1352 3238 praepositus
1422 3189 1521 3229 eos
1568 3176 1756 3231 subito
1796 3195 1860 3232 ac
1911 3182 2130 3249 penitus
2167 3183 2238 3236 ab

675 3255 977 3311 inveterata
1006 3263 1408 3318 consuetudine
1433 3268 1668 3321 avellere
1701 3271 2111 3339 aggrederetur,
2142 3291 2239 3329 su-

675 3345 957 3417 perbeque
985 3361 1041 3407 et
1068 3365 1229 3409 avare
1260 3364 1326 3409 ut.
1354 3358 1644 3428 mancipiis
1673 3361 2035 3432 imperitaret,
2093 3365 2240 3420 ferre

674 3454 785 3493 non
819 3452 1114 3510 potuerunt
1141 3464 1154 3501 :
1187 3447 1282 3502 sed
1306 3463 1431 3504 eum
1458 3422 1768 3522 receptum:
1795 3422 2054 3525 tanquam
2082 3457 2241 3529 55.2
2269 3422 2313 3481 δ

675 3534 943 3603 imperata
983 3537 1203 3603 facturi,
1237 3541 1363 3597 data
1419 3543 1525 3597 (ide
1567 3559 1624 3598 se
1671 3545 1806 3599 citra
1854 3547 2060 3602 milites
2100 3549 2244 3602 ultro

674 3623 1001 3690 servituros,
1059 3626 1220 3698 longe
1265 3646 1294 3684 ιι
1342 3630 1536 3685 Rheno
1584 3633 1951 3686 abduxerunt.
1986 3635 2242 3699 Quicum

669 3716 755 3796 eis
781 3718 1052 3783 crederet,
1082 3735 1260 3790 neque
1285 3721 1507 3816 milites,
1533 3733 1587 3776 ut
1624 3724 1678 3776 in
1703 3723 1887 3779 hostili
1921 3741 2075 3804 agro,
2109 3741 2245 3782 cou-

670 3811 898 3880 junctos
933 3812 1182 3877 haberet,
1237 3825 1294 3868 et
1341 3811 1480 3868 alios
1505 3815 1611 3870 alio
1661 3816 2004 3872 dimisisset:
2048 3834 2246 3874 securo

675 3903 797 3965 ille.
831 3920 935 3960 nec
966 3905 1136 3959 ullum
1188 3907 1493 3974 perieulum
1552 3918 1852 3971 metuente,
1885 3922 2246 3982 consurgunt,

677 4004 736 4047 et
763 3995 961 4048 occisis
993 3996 1085 4064 qui
1135 3998 1276 4066 apud
1336 3999 1486 4067 ipsos
1530 4009 1690 4054 erant
1747 4001 2034 4064 militibus,
2085 4003 2251 4058 illum‘

678 4101 804 4139 cum
843 4085 962 4140 suis
1002 4087 1311 4156 legionibus
1355 4089 1411 4144 in
1456 4091 1642 4146 densis
1687 4100 1743 4146 et
1791 4093 2072 4162 impeditis
2097 4095 2248 4149 silvis

677 4186 1016 4238 versantem,
1051 4193 1117 4232 ex
1142 4179 1440 4247 improviso
1483 4197 1581 4250 pro
1613 4184 1802 4238 notitia
1833 4185 2109 4249 locorum,
2139 4202 2247 4256 qua

680 4270 906 4325 minime
937 4270 1160 4338 patebat
1195 4273 1397 4337 exitus,
1426 4274 1932 4338 circumvenerunt,
1969 4291 2033 4332 ac
2062 4279 2245 4345 sepis-

649 4348 818 4416 sime
845 4359 1118 4416 Romanos
1150 4363 1444 4430 plurimum
1475 4362 1808 4420 amiserunt.
1835 4367 1938 4430 Qui
1965 4381 2090 4421 cum
2126 4375 2248 4421 tan-

680 4454 805 4510 dem
863 4454 1072 4523 multos,
1116 4468 1343 4510 suorum
1400 4456 1739 4519 amisissent,
1799 4455 2055 4512 Barbaris
2116 4472 2249 4512 vero

681 4547 918 4601 subinde
964 4561 1031 4601 ex
1075 4545 1435 4615 popularibus
1483 4560 1638 4603 nova:
1684 4546 1829 4602 vires
1875 4548 2250 4613 accederent,

683 4640 900 4709 facilius
931 4633 1256 4694 circumdati
1289 4638 1674 4693 caedebantur.
1727 4639 1917 4709 Itaque
1973 4641 2147 4695 Varus
2195 4649 2251 4708 et

2343 2173 2626 2242 ἐνίκησαν.
2696 2170 2756 2224 Ὀ
2787 2171 2842 2222 δὲ
2869 2169 3119 2238 Τιϐέριος
3161 2170 3217 2230 ὲς
3247 2167 3344 2235 τὴν
3389 2165 3884 2247 Ῥώμην-ἐπανελή-

2341 2262 2497 2322 λυθε,
2529 2263 2622 2313 καὶ
2653 2255 2807 2321 αὖθις
2838 2258 2989 2326 παρὰ
3021 2256 3114 2309 τοῦ
3149 2255 3458 2322 Αὐγούστου
3491 2256 3572 2312 είς
3597 2249 3886 2319 Δαλματίαν

2356 2353 2558 2421 ἐστάλη
2592 2349 2962 2419 άνταιρόντων
2990 2350 3107 2399 ἐκεῖ
3137 2363 3324 2400 τινων·
3366 2343 3460 2407 οὓς
3499 2343 3650 2412 μόλις
3685 2343 3777 2410 μὲν
3806 2339 3886 2391 καὶ

2350 2445 2448 2496 σὺν
2496 2442 2785 2507 κινδύνοις,
2818 2441 2956 2502 τέως
2988 2440 3033 2492 δ’
3068 2438 3160 2491 οὖν
3191 2436 3549 2507 ἐχειρώσατο,
3585 2433 3678 2486 καὶ
3712 2436 3737 2485 6
3769 2431 3886 2498 Γερ-

2346 2533 2572 2603 μανικὸς
2621 2532 2821 2600 ὀμοίως
2852 2531 3094 2599 ἑτέρους.
3132 2529 3243 2581 Καὶ
3289 2530 3317 2579 6
3349 2527 3447 2596 μὲν
3493 2525 3727 2592 πόλεμος
3756 2513 3889 2578 οὗτος

2342 2626 2501 2680 τοῦτο
2533 2626 2734 2694 ἔσχηκε
2765 2624 2936 2686 τέλος.
2979 2623 3072 2674 Ἐκ
3100 2623 3155 2674 δὲ
3185 2620 3494 2690 Γερμαίίας
3529 2615 3756 2683 ἀγγελία
3804 2627 3883 2662 κο-

2347 2719 2621 2789 μισθεῖσα,
2658 2718 2914 2785 ἑορτάσαι
2946 2717 3015 2766 τὰ
3048 2717 3342 2784 νικητήρια
3372 2711 3499 2773 τοὺς
3528 2711 3584 2761 ὲν
3616 2712 3681 2778 τῇ
3719 2706 3890 2773 Ῥώμῃ

2344 2811 2638 2863 ἐκώλυσεν.
2691 2809 2780 2859 Ἐν
2814 2807 2920 2876 γὰρ
2957 2808 3024 2876 τῇ
3056 2805 3294 2874 Κελτικῇ
3329 2799 3472 2873 εἶχον
3502 2802 3674 2870 αὐτῆς
3710 2815 3822 2850 τινα
3848 2797 3893 2844 οἱ

2356 2903 2645 2970 Ῥωμαῖοι,
2679 2899 2776 2968 οὐχ
2825 2896 2959 2967 ὁμοῦ
3011 2898 3364 2965 συγκείμενα,
3431 2893 3568 2946 ἀλλὰ
3617 2889 3890 2959 σποράδην,

2345 2996 2418 3057 ὡς
2445 2994 2599 3064 ἔτυχε
2651 2990 3010 3064 χειρωθέντα.
3063 2983 3179 3042 Καὶ
3219 2985 3550 3059 στρατιῶται
3585 2980 3721 3052 ἦσαν
3769 2979 3891 3034 ἐκεῖ.

2345 3069 2657 3150 καὶΙπόλεις
2691 3085 3079 3156 συνῳκίζοντο,
3116 3082 3214 3135 καὶ
3241 3083 3290 3132 οἱ
3329 3077 3602 3149 Βάρϐαροι
3632 3074 3764 3144 πρὸς
3809 3069 3894 3136 ἔθη

2312 3189 2316 3192 “
2356 3176 2647 3246 Ῥωμαϊκά
2701 3177 2798 3228 καὶ
2853 3173 3154 3242 εὐκοσμίαν
3192 3167 3715 3240 μετερρυθμίξοντο.
3762 3161 3895 3220 Ἕως

2352 3267 2453 3338 μὲν
2489 3267 2582 3324 οὖν
2636 3265 2778 3320 κατὰ
2822 3263 2995 3338 βραχὺ
3027 3264 3119 3315 καὶ
3146 3261 3249 3328 ὀδῷ
3278 3277 3386 3313 τινι
3435 3261 3500 3310 ἐκ
3530 3259 3640 3310 τῶν
3668 3255 3899 3324 πατρίων

2350 3358 2674 3427 μετήγοντο,
2734 3355 2836 3408 οὐκ
2898 3353 3125 3422 ήχθοντο
3171 3351 3237 3419 τῇ
3292 3347 3386 3398 τοῦ
3449 3345 3568 3415 βίου
3621 3341 3896 3414 μεταϐολῇ.

2356 3449 2512 3501 Ἐπεὶ
2541 3447 2584 3499 δ’
2615 3447 2643 3500 6
2669 3444 2878 3514 Οὐαρος
2909 3445 2938 3496 ὁ
2987 3441 3267 3500 Κυντίλιος
3344 3438 3444 3506 τὴν
3478 3434 3781 3507 ἡγεμονίαν
3807 3430 3900 3498 τῆς

2345 3541 2652 3612 Γερμανίας
2691 3535 2871 3591 λαϐὼν
2907 3536 3173 3588 ἔσπευσεν
3233 3532 3434 3594 αὐτοὺς
3493 3529 3690 3598 ἀθρόον
3744 3539 3898 3595 μετα·

2349 3633 2569 3702 στῆσαι,
2626 3632 2723 3684 καὶ
2766 3632 2840 3691 ὡς
2899 3627 3214 3681 δουλεύουσι
3261 3619 3765 3690 σφίσινὲπέταττε,
3814 3615 3903 3669 καὶ

2346 3727 2604 3795 χρήματα
2632 3721 2919 3791 ἔπραττεν·
2961 3719 3062 3770 οὐκ
3093 3715 3405 3785 ἠνέσχοντο,
3441 3711 3577 3765 ἀλλὰ
3622 3708 3898 3776 δεξάμενοι

2345 3818 2435 3871 τὸν
2471 3813 2702 3886 Οὔαρον,
2736 3812 2812 3876 ὼς
2837 3813 2904 3865 τά
2936 3809 3288 3880 πραττόμενα
3333 3805 3677 3876 ποιήσοντες,
3723 3797 3900 3870 πόρρω

2345 3907 2440 3963 τοῦ
2480 3906 2670 3976 Ῥήνου
2699 3905 3038 3976 προήγαγον,
3071 3900 3168 3954 καὶ
3200 3899 3385 3950 πίστιν
3436 3891 3900 3978 αὐτῷᾴπαρέσχον,

2346 4001 2419 4063 ὡς
2468 3998 2566 4052 καὶ
2615 3999 2744 4052 ἄνευ
2805 3992 3159 4065 στρατιωτῶν
3206 3985 3609 4047 δουλεύσοντες.
3649 3984 3709 4036 '0
3741 3980 3794 4034 δὲ
3823 3995 3905 4030 πι-

2351 4089 2581 4151 στεύσας
2609 4083 2732 4140 οὐτε
2773 4067 2839 4139 τά
2870 4083 3254 4157 στρατεύματα
3285 4082 3362 4146 ὡς
3390 4083 3447 4133 ὲν
3471 4076 3712 4148 πολεμίᾳ
3735 4071 3898 4126 συνεῖ-

2347 4197 2432 4250 χε,
2467 4180 2559 4232 καὶ
2591 4177 2783 4240 ἄλλους
2802 4174 3044 4251 ,ἀλλαχοῦ
3098 4174 3334 4244 ἔπεμπε.
3379 4169 3721 4252 Θαρροῦντος
3815 4160 3902 4216 αὐ-

2345 4271 2442 4325 τοῦ
2478 4271 2574 4325 καὶ
2605 4272 2678 4340 μή
2723 4287 2774 4323 τι
2823 4268 2996 4321 δεινὸν
3045 4264 3444 4324 ὐποπτεύοντος
3495 4253 3897 4313 ἐπανίστανται,

2347 4363 2444 4416 καὶ
2501 4359 2927 4419 ἀποκτείναντες
2983 4357 3110 4418 τοὺς
3157 4354 3309 4423 παρὰ
3367 4352 3521 4419 σφίσι
3575 4342 3898 4419 στρατιώτας

2347 4451 2582 4522 ἐπῆλθον
2609 4450 2757 4518 αὐτῷ
2805 4450 2862 4501 ὲν
2901 4445 3054 4508 ὕλαις
3076 4443 3447 4506 ’δυσεκϐάτοις
3488 4441 3605 4493 ὄντι
3639 4437 3774 4508 μετὰ
3809 4435 3895 4499 τῆς

2347 4546 2477 4614 περὶ
2521 4543 2701 4596 ἀὐτὸν
2752 4540 3035 4610 στρατιᾶς,
3086 4537 3179 4589 καὶ
3222 4535 3454 4598 ἐξάπινα
3505 4531 3651 4600 σφᾶς
3687 4529 3771 4584 διά
3804 4526 3897 4580 τῶν

2355 4637 2839 4708 λοχμωδεστάτων,
2880 4631 3137 4701 ἔμπειροι
3171 4626 3378 4688 τούτων
3409 4625 3567 4686 ὅντες
3599 4618 3896 4693 περιεστοίο

683 4732 944 4800 przecipui
1001 4734 1207 4801 quique
1244 4733 1539 4797 vulnerati,
1587 4740 1898 4789 metuentes
1923 4749 1993 4788 ne
2035 4735 2141 4789 vivi
2192 4734 2242 4788 in

2353 4748 2532 4801 χισαν,
2564 4730 2658 4781 καὶ
2685 4727 2911 4780 πλεῖστα
2953 4725 3051 4794 μὲν
3102 4724 3199 4776 καὶ
3231 4719 3554 4781 πλειστάκις
3596 4718 3896 4769 ἐκάκωσαν.

682 4824 922 4877 hostium
977 4831 1304 4890 potestatem
1353 4824 1640 4889 venirent,
1698 4825 1842 4879 ultro
1896 4825 2003 4879 sibi
2055 4842 2242 4880 necem

2346 4825 2511 4885 Τέλος
2536 4823 2592 4875 δὲ
2618 4820 2726 4872 τῶν
2771 4820 2874 4887 μὲν
2920 4815 3207 4885 Ῥωμαίων
3237 4811 3627 4866 ἀποϐαλόντων
3659 4803 3896 4863 πολλοὺς,

682 4915 1090 4971 consciverunt.
1125 4915 1468 4980 Quocateri
1516 4920 1761 4985 cognito,
1807 4917 2004 4985 partim
2052 4917 2248 4972 ducem

687 5011 881 5063 Imitali
910 5017 1060 5069 sunt,
1097 5007 1294 5075 partim
1320 5008 1548 5074 abiectis
1577 5010 1747 5063 armis
1797 5007 1975 5062 cuivis
2002 5024 2060 5064 se
2087 5010 2250 5079 jugu-

684 5102 876 5155 iandos
907 5100 1279 5169 praebuerunt.
1320 5097 1428 5151 Eos
1454 5100 1620 5167 igitur
1644 5099 1867 5153 Barbari
1900 5101 2122 5169 impune
2153 5115 2249 5154 oc-

684 5189 978 5244 ciderunt:
1011 5200 1066 5245 et
1097 5189 1498 5244 munitionibus
1547 5188 1824 5250 omnibus,
1856 5206 1962 5243 una
1996 5200 2249 5259 excepta,

659 5269 816 5336 rsunt
847 5282 1022 5347 potiti.
1056 5281 1228 5347 Quam
1253 5283 1753 5351 dum-oppugnant.
1790 5281 2246 5349 nequeltbeuum

689 5371 1040 5440 traiecerunt,
1071 5385 1247 5439 neque
1276 5373 1331 5426 in
1352 5371 1578 5427 Galliam
1632 5361 2050 5438 impressiOnem
2104 5369 2250 5422 fece-

686 5474 933 5523 runt.-ac
962 5476 1028 5516 ne
1058 5461 1338 5517 castellum
1375 5464 1595 5529 quidem
1635 5463 1769 5518 illud
1812 5478 2122 5532 expugnare
2149 5477 2246 5531 po-

686 5564 911 5627 tuerunt
939 5568 1003 5606 ex
1037 5551 1384 5606 obsidionum
1420 5553 1713 5622 imperitia,
1761 5563 1818 5607 et
1843 5555 2246 5624 sagittariorum

690 5643 891 5711 quibus
929 5640 1159 5697 Romani
1192 5640 1503 5705 utebantur,
1556 5644 1907 5698 multitudine
1937 5660 1950 5697 :
1985 5659 2014 5696 a
2048 5642 2248 5712 quibus

693 5731 1122 5798 repellebantur,
1170 5741 1225 5786 et
1282 5730 1502 5801 plurimi
1552 5734 1973 5788 occidebantur.
2044 5735 2248 5790 Deinde

691 5835 815 5876 eum
859 5823 1124 5889 praesidiis
1170 5825 1420 5878 Rhenum
1471 5822 1669 5887 teneri,
1702 5833 1758 5876 et
1801 5823 2091 5879 Tiberium
2121 5841 2245 5881 cum

2346 4919 2460 4977 τοῖς
2499 4915 2556 4965 δὲ
2596 4910 2908 4981 Βαρϐάροις
2943 4909 3030 4960 ἀεὶ
3067 4905 3510 4975 προστιθεμένων
3544 4902 3744 4971 ἑτέρων
3776 4898 3897 4963 ὁμου

2346 5001 2540 5071 γενῶν,
2588 5001 2719 5070 ῥᾷον
2755 5001 2804 5050 οἱ
2849 4999 3117 5068 Ῥωμαῖοι
3158 4994 3519 5072 κυκλούμενοι
3567 4987 3893 5057 δφονεύοντο,

2347 5094 2488 5146 ὥστε
2512 5091 2728 5145 καὶτὸν
2775 5089 2989 5162 Οὐαρον
3031 5092 3127 5142 καὶ
3181 5090 3310 5150 τοὺς
3358 5083 3576 5144 λοιποὺς
3611 5082 3739 5142 τοὺς
3766 5079 3899 5144 λογι-

2350 5186 2630 5255 μωτάτους
2657 5183 2949 5254 τρωθῆναι·
2987 5181 3037 5235 οἶ
3065 5179 3393 5250 φοϐηθέντες
3429 5175 3504 5246 μὴ
3530 5172 3896 5244 ζωγρηθῶσιν.

2357 5261 2770 5337 αὐτοὶῖὲαυτοὺς
2801 5277 3032 5327 ἀνεῖλον.
3059 5269 3232 5325 Τοῦτο
3261 5268 3319 5322 δὲ
3353 5267 3572 5337 γνόντες
3603 5265 3698 5318 καὶ
3726 5266 3772 5316 οἱ
3804 5263 3897 5312 λοι-

2356 5369 2470 5428 ποὶ,
2503 5369 2553 5418 oi
2582 5366 2681 5436 μὲν
2715 5366 2807 5418 τὸν
2835 5364 3077 5432 ἄρχοντα
3098 5360 3463 5432 ὲμιμήσαντοο
3493 5359 3543 5410 oi
3572 5357 3652 5420 δὲ,
3673 5355 3742 5408 τὰ
3774 5351 3899 5405 ὅπλα

2353 5451 2614 5522 τιθέντες,
2650 5444 2949 5528 ἐπέτρεπον
2980 5454 3061 5525 τῷ
3089 5453 3400 5526 βουλομένῳ
3424 5451 3676 5520 φονεύειν
3699 5445 3897 5504 αὐτούς.

2370 5553 2690 5606 Ἐκόπτοντο
2727 5547 2822 5602 οὖν
2846 5545 3038 5611 ἀδεῶς,
3066 5549 3158 5601 καὶ
3182 5547 3250 5603 τὰ
3275 5546 3525 5618 ἐρύματα
3560 5547 3736 5596 πάντα
3786 5555 3899 5592 κατ-

2357 5647 2514 5712 έσχον
2553 5643 2602 5694 οί
2633 5639 2908 5710 Βάρϐαροι
2937 5640 3070 5712 ἄτερ
3093 5640 3215 5702 ἑνός
3233 5657 3247 5670 ο
3284 5636 3412 5708 περὶ
3436 5637 3466 5690 6
3500 5632 3898 5708 écxoquévtSC.

2355 5733 2478 5786 οὔτε
2506 5731 2599 5784 τὸν
2638 5732 2826 5800 Ῥῆνον
2849 5731 3128 5802 διέϐησαν,
3149 5731 3263 5784 οὐτ’
3292 5733 3347 5794 ὲς
3381 5729 3479 5795 τὴν
3497 5726 3768 5780 Γαλατίαν
3795 5720 3898 5772 εἰσ-

2357 5822 2569 5878 έϐαλον.
2626 5821 2764 5877 Ἀλλ’
2798 5822 2907 5879 οὐδ’
2940 5824 3119 5877 ἐκεῖνο
3145 5819 3520 5890 χειοῶσασθαι
3548 5813 3896 5885 ἠδυνήθησαν,
