4028 6334
154 450 260 508 9H

1409 437 1813 497 ANNALIUM
1856 438 2003 497 LIB.
2042 438 2112 496 X.

3279 430 3380 493 913

147 564 275 615 ιπεὶ
310 561 446 627 μήτε
481 559 793 627 πολιορκεῖν
840 559 1158 628 ἠπίσταντο,
1220 555 1328 605 Καὶ
1379 552 1622 617 τοξόταις
1673 554 1720 603 οι

1830 553 2041 622 magnis
2073 551 2249 618 copiis
2296 550 2592 604 adventare.
2641 548 2999 608 audivissent,
3050 546 3292 616 plerique
3348 561 3379 600 ι

159 644 429 722 Ῥωμαῖοι
466 653 681 720 συχνοῖς
717 649 977 719 ἐχρῶντο,
1009 649 1069 711 ἐξ
1096 642 1171 700 ὧν
1207 648 1302 698 καὶ
1337 645 1721 704 ἀνεκόπτοντο,

148 748 245 797 καὶ
298 746 532 797 πλεῖστοι
582 742 915 795 ἀπώλλυντο.
944 742 1099 794 Μετά
1140 740 1193 791 δὲ
1228 738 1384 792 τοῦτο
1438 738 1730 804 πυθόμενοι

149 838 401 904 φυλακὴν
440 835 532 888 τοῦ
601 835 790 904 Ῥήνου
846 832 972 895 τοὺς
1020 830 1322 899 Ῥωμαίους
1369 827 1728 898 ποιήσασθαι,

152 926 250 976 καὶ
299 925 389 976 τὸν
416 924 668 995 Τισέριον
698 924 796 976 σὺν
838 922 995 992 βαρεῖ
1024 918 1417 990 προσελαύνειν
1451 918 1711 986 στρατεύσ

160 1032 320 1081 ματι,
370 1015 419 1065 οί
477 1004 573 1083 μὶν
638 1015 825 1066 πολλοὶ
866 1013 1251 1080 ἀπανέστησαν
1298 1010 1393 1062 τοῦ
1432 1010 1727 1078 ἐρύματος·

152 1108 205 1157 οί
237 1105 285 1157 δ’
316 1103 732 1172 ὑπολειφθέντες
760 1103 1101 1165 ἀποστάντες
1130 1101 1321 1165 αὑτοῦ,
1355 1098 1496 1153 ὥστε
1525 1097 1601 1169 μὴ
1635 1099 1725 1150 al-

157 1195 396 1259 φνιὸίαις
457 1194 833 1258 ἐπεξελεύσεσι
880 1194 990 1246 τῶν
1040 1194 1192 1271 ἐντὸς
1248 1182 1571 1251 κακοῦσθαι,
1632 1191 1731 1252 τὰς

156 1287 317 1347 ὁδοὺς
348 1287 600 1354 ἐτήρουν,
652 1287 846 1341 σπάνει
896 1285 1080 1337 σιτίων
1135 1284 1388 1352 αἱρήσειν
1441 1280 1733 1350 ἠλπικότες

160 1376 390 1437 αύτούς.
425 1377 488 1429 Ol
541 1377 588 1429 δ’
623 1378 772 1439 ἐντὸς
812 1377 962 1437 ὄντες
1007 1375 1294 1443 Ῥωμαῖοι,
1364 1373 1465 1436 ἕως
1514 1374 1611 1439 μὲν
1645 1373 1733 1425 εύ-

153 1465 365 1533 πόρουν
382 1466 609 1535 τροφῆς,
643 1466 783 1517 κατά
814 1465 993 1533 χώραν
1033 1464 1249 1533 ἔμενον,
1280 1462 1532 1532 βοήθειαν
1564 1476 1731 1530 apoc-

148 1554 457 1623 δεχόμενοι·
494 1556 568 1618 ὼς
610 1556 655 1607 δ’
693 1555 817 1608 οὔτε
891 1573 974 1618 τις
1022 1555 1311 1620 ἐπεκούρει
1351 1552 1559 1616 αὐτοῖς,
1637 1552 1733 1603 καὶ

150 1644 306 1712 λιμῷ
350 1644 684 1715 συνείχοντο,
734 1646 978 1716 ἐξῆλθον,
1026 1645 1200 1697 νύκτα
1240 1645 1581 1715 τηρήσαντες
1617 1660 1731 1712 χει-

153 1736 352 1803 μέριον
384 1732 543 1803 (ἦσαν
573 1736 629 1788 δέ
668 1739 997 1807 στρατιῶται
1046 1738 1143 1805 μὲν
1199 1735 1391 1804 ὀλίγοι,
1420 1734 1618 1789 ἄοπλοι
1674 1734 1731 1787 δέ

153 1824 372 1895 πολλοὶ)
401 1827 579 1877 καὶτὸ
614 1826 713 1895 μέν
772 1827 988 1897 πρῶτον
1025 1827 1117 1880 καὶ
1150 1826 1402 1895 δεύτερον
1453 1826 1730 1894 φυλακτή·

155 1932 281 1983 ριον
314 1917 424 1969 τῶν
462 1917 763 1988 Βαρϐάρων
818 1918 1119 1987 παρῆλθον,
1154 1918 1290 1988 πρὸς
1338 1917 1394 1970 δέ
1449 1917 1526 1985 τῷ
1557 1916 1723 1985 τρίτῳ

151 2006 447 2074 γενόμενοι
477 2010 863 2078 ἐφωράθησαν,
900 2008 996 2061 καὶ
1042 2008 1242 2070 πάντες
1274 2008 1339 2061 ἂν
1388 2006 1663 2060 ἀπώλοντο
1696 2005 1729 2074 ἢ

150 2098 255 2147 καὶ
284 2098 551 2164 ἑάλωσαν,
606 2102 654 2151 εί
704 2100 779 2169 μὴ
835 2103 883 2153 oi
920 2100 1193 2170 Βαρῦαροι
1250 2100 1378 2164 περὶ
1416 2100 1514 2167 τὴν
1557 2099 1734 2167 ἁρπα-

155 2174 269 2255 γὴν
320 2189 421 2256 τῆς
466 2190 620 2252 λείας
663 2192 984 2261 ἐτράποντο,
1026 2190 1119 2243 καὶ
1153 2192 1200 2241 oi
1237 2191 1576 2265 σαλπιγκταὶ
1610 2206 1738 2255 τρο-

150 2276 315 2345 χαῖόν
348 2294 401 2329 τι
450 2278 854 2349 συμϐοήσαντες
886 2280 1044 2345 δόξαν
1073 2281 1346 2350 παρέσχον
1389 2282 1461 2344 ὡς
1514 2281 1736 2330 ἐπικου-

153 2368 255 2433 ρία
284 2370 395 2429 τοῖς
428 2369 901 2439 πολιορκουμένοις
928 2372 1211 2442 ἐλήλυθεν,
1238 2370 1357 2424 εἶτα
1382 2371 1476 2423 καὶ
1503 2370 1577 2433 ὡς
1602 2369 1735 2438 ἀληο

152 2459 269 2517 θὼς
297 2459 770 2530 ἐπεκουρήθησαν.
815 2463 875 2514 '0
929 2464 985 2515 δὲ
1036 2464 1291 2532 Τισὲριος
1338 2463 1594 2528 διαϐῆναι
1646 2462 1737 2514 τὸν

164 2547 366 2613 Ῥῆνον
400 2550 498 2601 οὐκ
529 2552 763 2619 ἔκρινεν,
820 2553 935 2605 ἀλλ’
969 2555 1284 2624 ήτρέμιξεν,
1322 2554 1597 2621 ἐπιτηρῶν
1661 2554 1733 2621 μὴ

150 2640 203 2687 οἱ
246 2639 525 2710 Βάρϐαροι
559 2642 717 2695 τοῦτο
784 2645 1103 2714 ποιήσωσιν.
1174 2644 1314 2697 Ἀλλ’
1372 2644 1480 2695 οὐδ’
1537 2644 1735 2695 ἐκεῖνοι

149 2726 203 2777 δι
220 2728 414 2797 λϐἧναι
464 2732 791 2801 ἐτόλμησαν,
839 2735 1056 2800 γνόντες
1091 2734 1253 2787 αὐτὸν
1289 2734 1552 2803 παρόντα.
1585 2734 1737 2786 Μετὰ

153 2818 341 2869 ταῦτα
372 2819 427 2872 δὲ
455 2824 617 2885 αὐτὸς
652 2826 746 2877 καὶ
784 2828 827 2878 όί
850 2826 1188 2895 Γερμανικὸς
1222 2825 1504 2878 εἰσέϐαλον
1530 2828 1608 2887 εἰς
1639 2826 1735 2892 τὴν

1832 643 2056 697 castello
2100 649 2465 695 recesserunt.
2518 639 2754 708 Ileliqui,
2807 625 2880 693 ne
2920 637 3114 694 subitis
3143 637 3379 691 hostium

1829 734 2249 789 excursionibus
2281 732 2686 795 infestarentur,
2728 732 2941 799 longius
2993 727 3238 799 digressi,
3269 728 3385 779 vias

1830 826 2182 886 obsederunt,
2232 833 2293 878 ut
2342 824 2568 893 penuria
2598 835 2932 877 commeatus
2978 837 3073 877 eos
3108 835 3385 889 expugna-

1831 925 1973 968 rent.
2008 914 2235 967 Romani
2267 929 2399 967 vero
2447 918 2574 969 dum
2606 913 2809 969 cibaria
2860 911 3239 981 suppetebant.
3300 924 3389 962 ex-

1830 1006 2169 1073 spectatione
2214 1006 2443 1067 auxilii.
2510 1006 2849 1060 obsidionem
2902 1002 3226 1058 tolerabant.
3278 998 3386 1053 Sed

1830 1115 1953 1153 cum
1989 1115 2148 1154 nemo
2175 1114 2330 1167 opem
2360 1098 2557 1164 ferret,
2584 1106 2641 1152 et
2687 1099 2828 1152 fatue
2859 1103 3207 1166 urgerentur.
3253 1104 3387 1146 tem-

1832 1202 2089 1260 pestuosa
2116 1201 2278 1245 nocte
2308 1200 2517 1260 captata
2554 1190 2757 1260 egressi
2795 1191 2975 1254 (erant
3018 1198 3197 1243 autem
3232 1185 3390 1254 pauci

1832 1283 2053 1343 milites,
2103 1282 2264 1335 multi
2322 1279 2577 1349 inermes)
2618 1280 2821 1349 primas
2851 1294 2915 1333 ac
2963 1277 3233 1333 secundas
3264 1276 3393 1328 Bar-

1830 1374 2086 1428 barorum
2116 1373 2377 1427 excubias
2402 1372 2712 1427 fefellerunt
2738 1389 2751 1425 :
2783 1370 2925 1440 apud
2958 1370 3150 1424 tertias
3170 1370 3389 1423 demum

1831 1465 2184 1533 deprehensi.
2225 1479 2419 1518 omnes
2468 1472 2562 1517 aut
2593 1462 2714 1517 caesi
2744 1472 2840 1516 aut
2867 1462 3009 1530 capti
3041 1468 3245 1521 essent.
3288 1457 3395 1512 nisi

1832 1558 2054 1612 Barbari
2091 1557 2157 1611 ad
2194 1556 2556 1624 direptionem
2588 1554 2784 1625 praeda:
2820 1554 3072 1608 conversi
3098 1561 3401 1613 essent..ct,

1835 1649 2108 1704 tubicines
2148 1648 2375 1702 incitato
2405 1646 2662 1715 clangore
2692 1645 3008 1713 opinionem
3047 1644 3153 1699 illis
3176 1642 3393 1698 attulisé

1832 1750 1975 1803 sent,
2027 1739 2179 1808 quasi
2236 1738 2435 1791 auxilia
2490 1737 2771 1791 venissent
2827 1735 3093 1800 obsessis,
3124 1750 3243 1803 quae
3278 1744 3395 1788 tan-

1832 1832 1956 1885 dem
1993 1847 2180 1884 revera
2217 1831 2573 1883 advenerunt.
2613 1827 2868 1892 Tiberius
2900 1836 3081 1881 autem
3138 1827 3391 1882 Rhenum

1831 1924 1933 1976 sibi
1970 1921 2367 1975 transeundum
2407 1936 2514 1973 non
2550 1920 2783 1979 censuit.
2813 1918 2905 1971 sed
2937 1918 3157 1987 quietus
3180 1932 3238 1971 se
3265 1933 3398 1971 con-

1826 2014 2014 2077 tinuit,
2069 2014 2385 2073 observans,
2445 2026 2511 2064 an
2564 2011 2615 2064 id
2664 2010 2879 2063 Barbari
2956 2008 3152 2063 facturi
3187 2017 3390 2063 essent.

1828 2105 1985 2177 543
2016 2106 2217 2159 Verum
2235 2119 2335 2158 nec
2362 2105 2456 2161 illi.
2482 2103 2766 2171 praesentia
2799 2101 2918 2172 ejus
2949 2100 3187 2168 cognita.
3216 2108 3392 2153 trans-

1832 2200 1911 2251 ire
1974 2198 2091 2251 ausi
2131 2197 2373 2251 fuerunt.
2407 2195 2533 2249 Post
2582 2197 2693 2249 haec
2726 2195 2838 2263 ipse
2869 2204 2923 2247 et
2952 2193 3309 2249 Germanicus
3340 2194 3394 2246 in

1829 2282 2093 2337 Celticam
2146 2282 2507 2351 impressione
2556 2282 2716 2339 facta.
2768 2282 3030 2351 quasdam
3067 2285 3184 2352 ejus
3215 2293 3398 2353 partes

1832 2376 2185 2428 ineursarunt
2214 2390 2225 2425 :
2267 2387 2439 2441 neque
2472 2382 2650 2425 tamen
2680 2374 2763 2427 vel
2795 2374 2981 2443 prmlio
3010 2373 3283 2441 vicerunt,
3311 2375 3397 2429 vel

1833 2475 2049 2532 gentem
2074 2464 2313 2532 aliquam
2344 2463 2701 2533 subegerunt.
2732 2475 3016 2533 prepterea
3068 2466 3209 2535 quod
3242 2481 3399 2521 nemo

1830 2556 1898 2609 ad
1933 2570 2126 2609 manus
2165 2559 2455 2608 veniebat:
2499 2568 2600 2607 nec
2647 2554 2748 2621 ipsi
2780 2558 2829 2605 a‘
2852 2554 3046 2607 Rheno
3076 2555 3234 2623 longe
3270 2569 3396 2623 pro-

1832 2657 2139 2707 cesserunt.
2176 2645 2337 2701 veriti
2369 2660 2436 2699 ne
2465 2645 2649 2699 denuo
2679 2646 2888 2699 cladem
2934 2647 3268 2714 acciperent,
3303 2645 3398 2701 sed

1832 2734 1907 2788 ibi
1938 2749 2110 2802 usque
2143 2734 2195 2786 in
2222 2744 2550 2787 autumnum
2580 2736 2929 2797 commorati.
2963 2735 3185 2790 domum
3217 2736 3397 2790 redie-

1834 2833 1989 2879 runt-

76 2948 79 2951 -
153 2911 435 2982 Κελτικὴν
462 2915 551 2967 καί
581 2932 703 2969 τινα
752 2917 959 2989 ταύτης
1007 2918 1373 2989 κατέδραμον,
1434 2919 1495 2969 οὐ
1551 2916 1734 2986 μέντοι
1774 2918 1869 2970 καὶ
1934 2919 2083 2990 μάχῃ
2120 2918 2402 2989 ἐνίκησαν,
2430 2916 2553 2970 οὒτε
2586 2916 2737 2979 ἐονος
2785 2935 2837 2969 τι
2900 2918 3267 2986 ὑπηγάγοντο,
3318 2904 3399 2970 ότι

157 3004 294 3072 μήδ’
346 3005 433 3075 ᾔει
483 3024 567 3068 τις
596 3010 654 3071 ἐς
688 3013 881 3078 χεῖρας
934 3014 1142 3077 αὐτοῖς,
1182 3016 1275 3066 καὶ
1299 3012 1411 3066 οὐδ’
1446 3012 1602 3066 αὐτοὶ
1663 3010 1757 3061 τοῦ
1810 3010 2001 3079 Ῥήνου
2055 3013 2243 3083 «esset»
2291 3010 2657 3081 προήλθοσαν,
2708 3011 2938 3073 δεδιότες
3018 3011 3090 3082 μὴ
3130 3012 3221 3065 καὶ
3246 3007 3400 3079 αὖθις

151 3096 459 3165 σφαλῶσιν,
497 3098 612 3152 ἀλλ’
639 3100 804 3153 αὐτοῦ
841 3086 940 3154 που
981 3102 1143 3172 μέχρι
1197 3102 1291 3155 τοῦ
1331 3102 1647 3171 μετοπώρου
1679 3098 2406 3171 διατρίψαντεςηὲπανῆλθον.

226 3187 364 3240 ΑΠ’.
406 3185 467 3237 Ὀ
498 3184 805 3254 Αὔγουστος
833 3189 889 3241 δέ
926 3189 992 3241 τὰ
1026 3190 1128 3257 τῆς
1160 3190 1459 3259 μοναρχίας
1488 3188 1726 3249 διοικῶν,

1902 3188 2187 3244 XXXVIII.
2224 3188 2501 3257 Augustus
2529 3204 2682 3255 vero,
2715 3205 2837 3243 cum
2868 3188 2919 3241 in
2951 3190 3183 3258 imperio
3215 3191 3377 3246 admo

152 3275 252 3328 καὶ
286 3276 615 3345 ὑπέργηρως
647 3276 743 3346 ήδη
790 3278 1105 3346 γενόμενος,
1129 3279 1219 3332 τὸν
1272 3278 1370 3347 μέν
1395 3277 1735 3347 Γερμανικὸν

150 3365 542 3420 ὑπατεύσαντα
573 3369 676 3437 πρδ
706 3368 798 3421 τοῦ
835 3374 1241 3441 στρατηγῆσαι,
1276 3371 1624 3439 παρεκάθετο
1666 3372 1732 3439 τῇ

152 3458 350 3526 βουλῇ,
386 3461 483 3526 τὴν
512 3459 567 3511 δὲ
594 3459 670 3529 τῷ
723 3461 980 3529 Τιϐερίῳ.
1025 3462 1415 3533 Ἰπποδρομίας
1460 3462 1517 3515 δέ
1547 3462 1735 3514 τελου-

154 3548 333 3616 μένης
363 3548 421 3599 ἐν
459 3551 569 3609 τοῖς
607 3550 908 3617 γενεθλίοις
954 3549 1120 3603 αὑτοῦ
1162 3552 1415 3620 ἐμμανής
1460 3566 1544 3611 τις
1594 3552 1733 3619 ἀνήρ

149 3640 415 3693 ἐκάθισεν
441 3641 497 3704 ἐς
524 3640 617 3693 τὸν
645 3642 837 3707 δίφρον
871 3641 963 3699 τὸν
986 3642 1063 3712 τῷ
1103 3642 1309 3712 Ἰουλίῳ
1338 3622 1581 3713 Καίσαρι
1600 3645 1731 3697 ἀνα-

151 3734 435 3802 κείμενον,
473 3734 565 3786 καὶ
603 3734 696 3786 τὸν
719 3734 929 3787 ἐκείνου
985 3735 1246 3801 στέφανον
1300 3734 1603 3805 περιέθετο.
1665 3736 1730 3788 Ὃ

151 3824 373 3886 πάντας
416 3824 682 3892 ἐτάραξεν
714 3824 791 3885 ὡς
839 3824 919 3887 είς
976 3824 1069 3877 τὸν
1101 3823 1410 3891 Αῦγουστόν
1439 3840 1493 3877 τι
1527 3826 1729 3892 σημαῖ-

148 3931 265 3966 νον.
306 3912 467 3964 Ἀλλὰ
504 3914 597 3963 καὶ
628 3912 832 3982 τέρατα
867 3912 1003 3981 πρὸς
1050 3913 1209 3965 τοῦτο
1265 3913 1499 3983 φέροντα
1555 3928 1726 3982 προσ-

144 4002 321 4056 έπεσε
382 4001 624 4058 πλείονα.
661 4004 728 4058 Ὂ
775 4019 835 4056 τε
866 4003 975 4073 γὰρ
1014 4003 1164 4073 ἥλιος
1190 4002 1337 4065 άπας
1368 4002 1602 4065 ἐξέλιπε,
1634 4004 1728 4055 καὶ

145 4097 247 4149 τοῦ
298 4094 531 4164 ούρανοῦ
587 4096 737 4150 πολὺ.
776 4097 1025 4167 πυρῶδες
1090 4098 1415 4166 φαινόμενον
1479 4095 1727 4149 καίεσθαι

144 4189 332 4252 ἔδοξε,
372 4190 468 4242 καὶ
492 4191 722 4260 ἀστιρες
754 4190 997 4260 κομῆται
1038 4189 1132 4244 καὶ
1162 4189 1493 4259 αἱματώδεις
1536 4187 1723 4259 ὤφθη-

146 4296 277 4333 σαν.
321 4277 524 4346 Βουλῆς
553 4295 613 4331 τε
642 4278 735 4331 ἐπὶ
762 4282 829 4351 τῇ
880 4280 1023 4348 νόσῳ
1062 4278 1229 4330 αὐτοῦ
1265 4278 1721 4346 ἐπαγγελοείσης,

141 4370 216 4421 ἶν’
244 4368 413 4438 εὐχὰς
444 4367 804 4439 ποιήσωνται,
829 4367 1216 4435 κεκλεισμένον
1247 4362 1447 4437 εὕρητο
1500 4366 1561 4419 τὸ
1593 4358 1721 4420 συν-

1833 3279 1961 3333 dum
1994 3280 2265 3335 senuisset
2290 3319 2305 3344 ,
2340 3278 2725 3334 Germanicum
2778 3286 2901 3331 ante
2929 3288 3219 3346 praeturam
3265 3296 3397 3336 con-

1833 3373 2013 3426 sulatu
2046 3372 2298 3427 functum
2326 3371 2563 3435 senatui,
2592 3380 2842 3425 senatum
2867 3369 3087 3425 Tiberio
3120 3387 3402 3426 commcn-

1832 3462 2001 3519 davit.
2053 3462 2223 3517 Ludis
2262 3461 2635 3525 Circensibus,
2686 3461 2856 3516 natali
2897 3464 3035 3532 ejus.
3078 3463 3240 3517 homo
3276 3465 3395 3532 qui-

1830 3555 1955 3609 dam
2000 3556 2227 3609 insanus
2268 3554 2451 3607 sellam
2499 3553 2645 3609 Julio
2669 3552 2865 3607 Carsari
2898 3553 3203 3608 dedicatam
3233 3565 3391 3608 oceu-

1820 3645 2003 3714 pavit,
2045 3645 2302 3715 illiusque
2350 3659 2608 3699 coronam
2657 3658 2758 3698 suo
2790 3646 2954 3712 capiti
3015 3646 3298 3714 imposuit.
3335 3646 3390 3699 Id

1819 3736 2074 3806 turbavit
2100 3751 2312 3799 omnes.
2370 3720 2615 3806 Augusto
2659 3736 2868 3792 sinistri
2898 3737 3106 3806 aliquid
3138 3738 3389 3806 portendi

1828 3827 2223 3883 existimantes.
2268 3827 2471 3882 Eodem
2526 3825 2766 3897 prodigis
2837 3827 3112 3891 complura
3142 3842 3378 3882 accesse-

1830 3930 1976 3974 runt.
2022 3920 2157 3973 Nam
2205 3928 2259 3972 et
2312 3918 2394 3971 sol
2425 3928 2570 3972 totus
2596 3916 2818 3983 defecit,
2844 3928 2897 3971 et
2925 3918 3121 3973 coelum
3157 3919 3265 3976 late
3296 3936 3386 3973 ar-

1828 4010 1959 4065 dere
1989 4012 2191 4077 visum,
2213 4014 2270 4063 et
2297 4009 2473 4065 stella:
2506 4009 2719 4065 crinita:
2742 4009 3043 4079 sanguineo
3075 4010 3259 4066 colore
3288 4027 3385 4080 ap-

1827 4108 2150 4171 paruerunt.
2203 4098 2523 4170 ludictoque
2573 4107 2798 4171 propter
2843 4098 3092 4153 morbum
3144 4100 3259 4169 ejus
3302 4113 3388 4153 se-

1825 4206 1979 4253 natu.
2014 4204 2075 4247 ut
2104 4207 2205 4261 pro
2227 4192 2404 4247 salute
2427 4193 2548 4262 ejus
2581 4200 2703 4245 vota
2730 4198 3199 4259 nuncuparentnr.
3232 4192 3385 4246 curia

1823 4284 2010 4338 clausa
2037 4290 2119 4337 est
2155 4283 2377 4337 inventa
2403 4297 2418 4335 :
2450 4290 2507 4337 et
2535 4279 2743 4337 fulmen
2776 4283 2830 4335 in
2860 4289 3095 4336 statuam
3145 4283 3265 4351 ejus
3291 4282 3388 4335 de-

1824 4373 2016 4438 latum.
2052 4372 2284 4443 primam
2314 4373 2554 4429 litteram
2601 4372 2845 4427 nominis
2896 4371 3125 4427 Caesaris
3157 4372 3381 4427 delevit.

141 4460 352 4529 έδριονο
384 4459 479 4512 καὶ
508 4458 766 4530 κεραυνὸς
789 4441 871 4521 είς
914 4457 1098 4512 είκόνα
1144 4456 1311 4512 αὑτοῦ
1358 4457 1634 4529 ἐμπεσὼν,
1662 4455 1724 4511 τὺ

1829 4465 1953 4522 Haec
2007 4441 2076 4521 eo
2118 4464 2300 4521 adhuc
2349 4464 2645 4535 superstite
2692 4464 3029 4517 acciderunt.
3088 4461 3209 4531 Ipse
3252 4477 3385 4517 vero

145 4526 371 4620 πρῶτον
385 4526 621 4621 γράμμα
641 4549 734 4604 τοῦ
763 4550 1022 4620 ὀνόματος
1041 4549 1134 4603 τοῦ
1168 4526 1442 4620 Καίσαρος
1464 4548 1716 4619 ἠφάνισε.

1823 4556 1975 4611 Nola:
2010 4572 2079 4611 ex
2121 4556 2315 4629 morbo
2360 4526 2618 4616 decessit,
2651 4552 2871 4606 decimo
2904 4526 3129 4622 'quarto'
3154 4552 3379 4607 Kalend.

140 4641 342 4701 Ταῦτα
390 4642 490 4711 μέν
523 4636 617 4695 οὖν
638 4640 839 4709 ζῶντος
880 4641 964 4693 ἐτι
991 4640 1156 4693 αὑτοῦ
1194 4642 1502 4709 προεφάνη.
1569 4640 1629 4691 '0
1663 4639 1719 4692 δέ

1823 4645 2064 4716 Septem.
2118 4659 2219 4698 ιιι
2263 4652 2319 4699 et
2361 4660 2414 4698 vi
2470 4642 2644 4700 aetatis
2675 4658 2839 4703 anno,
2873 4642 3065 4697 diebus
3110 4658 3162 4697 tv
3194 4651 3249 4697 et
3280 4659 3384 4695 xxx

137 4733 386 4799 νοσήσας
431 4733 489 4809 ἐν
510 4730 673 4800 Νὼλτι
710 4730 1011 4799 μετήλλαξε
1041 4733 1108 4797 τῇ
1145 4729 1603 4800 ἐννεακαιδεκάτῃ
1624 4729 1718 4781 τοῦ

1823 4737 2004 4792 minus
2032 4774 2047 4798 .
2101 4735 2317 4804 imperii
2348 4744 2467 4803 post
2511 4735 2786 4789 Actiacam
2820 4733 3101 4785 victoriam
3131 4749 3182 4786 tv
3208 4740 3263 4786 et
3295 4742 3378 4786 τι..

139 4817 460 4887 Αὐγούστου
496 4817 661 4888 μηνὸς
685 4857 706 4882 ,
756 4818 926 4887 ζήσας
955 4818 1014 4883 ἒξ
1053 4818 1148 4889 ἐτη
1184 4820 1277 4871 καὶ
1324 4817 1717 4889 ἐϐδομήκοντα,

138 4912 443 4983 τριάκοντα
476 4912 569 4963 καὶ
590 4910 872 4981 τεσσάρων
894 4909 1186 4963 ἐνδξουσῶν
1215 4910 1439 4980 ἡμερῶν
1461 4924 1475 4939 ·
1513 4926 1717 4981 μοναρ-

104 5006 326 5076 ’κήδας
361 5002 418 5056 δὲ
443 4990 537 5071 ἀφ’
581 4992 643 5053 οδ
682 5001 820 5071 πρὸς
866 5001 945 5071 τῷ
984 4989 1182 5070 ’Δκτίῳ
1230 5000 1498 5060 ἐνίκησεν.
1535 5000 1718 5053 ἐνιαυ-

138 5097 277 5159 τοὺς
337 5092 475 5163 πρὸς
539 5090 799 5161 τέσσαρσι
858 5095 1286 5160 τεσσαράκοντα.
1348 5090 1715 5159 ’Υπωπτεύθη

142 5185 346 5252 μέντοι
372 5185 464 5236 ἐπὶ
486 5184 563 5253 τῷ
594 5182 811 5252 θανάτῳ
840 5180 1006 5235 αὐτοῦ
1035 5182 1067 5249 ή
1093 5181 1281 5246 Λιϐία,
1307 5183 1389 5236 ὅτι
1436 5181 1574 5253 πρὸς
1603 5166 1715 5257 ,τὸν

148 5266 469 5337 ’Δγρίππαν
496 5272 523 5322 ό
568 5269 876 5337 Αὔγουστος
924 5267 1097 5339 λάθρα
1150 5272 1233 5331 ἐς
1260 5268 1360 5338 τήν
1407 5272 1572 5338 νῆσον
1638 5272 1716 5323 δι-

140 5360 437 5435 έπλευσεν,
467 5357 594 5420 ἔνθα
624 5360 762 5428 μετὰ
790 5360 888 5429 τῆς
929 5357 1152 5421 Ἰουλίας
1177 5350 1276 5427 τῆς
1310 5360 1517 5430 μητρὸς
1537 5376 1715 5428 πεφυ-

145 5448 395 5527 τάδευτο.
429 5449 662 5503 Δείσασα
708 5452 818 5519 γάρ
850 5451 924 5522 μή
973 5449 1332 5517 καταλλαγεὶς
1368 5450 1459 5502 ἐπὶ
1496 5453 1562 5520 τῇ
1593 5468 1713 5517 μον.

138 5542 314 5615 ιρχίᾳ
358 5537 517 5593 αὐτὸν
569 5542 881 5611 καταγάγῃ,
934 5536 1117 5597 σῦκάί
1142 5559 1264 5595 τινα
1321 5543 1415 5595 ἐπὶ
1471 5542 1713 5609 δένδροις

138 5629 222 5683 ἔτι
277 5628 429 5696 ὄντα,
482 5630 542 5697 ἐξ
578 5622 654 5686 ὧν
681 5632 708 5684 ό
738 5630 1049 5701 Αὔγουστος
1084 5633 1402 5703 αὐτοχειρίᾳ
1449 5631 1711 5693 συκάζειν

140 5720 351 5786 εἰώθει,
397 5721 686 5791 φαρμάξαι
724 5722 966 5789 λέγεται,
1000 5726 1095 5776 καὶ
1132 5724 1268 5791 αὐτή
1303 5723 1400 5792 μὲν
1428 5723 1499 5775 τά.
1533 5722 1709 5791 ἀφάρ-

140 5827 331 5879 μακτα
360 5809 568 5878 ήσθῑεν,
602 5811 804 5881 ἐκείνῳ,
836 5812 891 5867 δὲ
933 5812 1000 5866 τὰ
1043 5813 1491 5883 πεφαρμαγμένα
1542 5830 1708 5885 προσ-

1818 4823 1895 4877 De
1930 4826 2050 4892 ejus
2078 4829 2255 4875 morte
2283 4828 2532 4888 suspecta
2564 4819 2667 4871 fuit
2716 4818 2888 4880 Livia,
2913 4818 3058 4887 quod
3105 4820 3381 4887 Augustus

1780 4927 1787 4932 ·
1818 4914 1883 4967 ad
1914 4914 2206 4982 Agrippam
2252 4910 2308 4963 In
2340 4908 2598 4973 insulam,
2644 4907 2697 4961 In
2744 4924 2850 4978 qua
2878 4923 3001 4963 cum
3033 4918 3205 4965 matre
3235 4910 3383 4965 Julia

1815 5002 2119 5064 exsulabat.
2150 5002 2290 5055 clam
2326 5000 2637 5069 traiecerat.
2666 5000 2851 5055 Verita
2880 5002 3025 5054 enim
3055 5016 3147 5063 ne.
3182 5006 3371 5055 recon-

1816 5090 1998 5144 ciliata
2028 5088 2224 5160 gratia,
2276 5103 2403 5157 euut
2451 5088 2519 5141 ab
2552 5088 2745 5141 exsilio
2784 5097 3093 5142 revocatum
3141 5088 3373 5157 impera-

1816 5190 1989 5234 torem
2035 5178 2350 5250 designaret
2377 5220 2392 5246 ,
2448 5179 2582 5233 licus
2616 5178 2876 5247 quasdam
2921 5178 3104 5233 adhuc
3134 5179 3187 5232 in
3215 5179 3377 5233 arbo-

1815 5274 1969 5328 ribus
1991 5274 2319 5342 pendentes.
2346 5273 2491 5326 unde
2517 5286 2609 5326 eas
2645 5272 2759 5339 ipse
2802 5270 3099 5341 decerpere
3142 5274 3373 5340 solebat,

1814 5360 2068 5415 infecisse
2097 5360 2345 5416 dicitur:
2378 5378 2442 5415 ac
2474 5362 2727 5414 salubres
2759 5361 2872 5429 ipsa
2903 5363 3107 5429 edisse.
3136 5380 3374 5419 venena-

1812 5462 1897 5510 tas
1925 5454 2001 5508 illi
2031 5454 2341 5524 reliquisse.
2375 5449 2502 5507 Sive
2535 5452 2698 5520 igitur
2726 5466 2811 5514 ea,
2846 5454 2958 5508 sive
2979 5455 3083 5509 alia
3110 5455 3178 5511 de
3206 5472 3368 5511 eausa

1812 5542 2006 5599 morbo
2033 5543 2287 5607 allectus.
2324 5541 2530 5596 amicos
2577 5544 2916 5606 convocavit,
2956 5553 3012 5599 et
3031 5560 3151 5613 qua:
3177 5546 3370 5601 volue.

1810 5643 1894 5687 rat
1923 5624 2711 5698 σοῐιοουιυες-,ύεηίαυδλῆτίιε
2749 5632 2935 5687 Urbem
2970 5633 3256 5688 lalcrt'tiam
3284 5654 3367 5689 re-

1764 5788 1769 5793 ,
1808 5728 1949 5797 pen}
1978 5740 2331 5779 marmoream
2356 5724 2497 5777 vobis
2521 5723 2780 5791 relinquo.
2813 5726 3021 5790 Quibus
3048 5728 3230 5782 verbis
3258 5742 3367 5783 sta-

1790 5816 2025 5870 bilitum
2056 5818 2176 5872 es‘se
2209 5831 2237 5871 a
2270 5831 2326 5871 sc
2355 5815 2643 5885 imperium
2668 5816 2955 5871 innuebat.
2990 5817 3216 5875 Mortem
3243 5822 3366 5893 eius
