4036 6338
678 438 786 500 919
1623 482 1628 488 .
1958 433 2234 495 JOANNI

2333 435 2642 495 ZONARE
3770 443 3853 506 910

670 545 819 601 Livia
848 561 953 600 non
1003 545 1182 615 statim
1227 546 1460 629 aperuit,
1493 544 1663 598 verita
1721 559 1788 598 ne
1815 544 1945 611 quid
1995 545 2223 600 absente

2333 544 2538 600 ἔϐαλεν.
2564 545 2676 598 Εἶτ’
2699 539 2791 599 οὖν
2813 544 3006 610 οὕτως,
3039 545 3141 600 εἴτ’
3171 549 3344 613 ἄλλως
3364 551 3750 625 ἀρρωστήσας,
3772 557 3866 607 τότε

673 635 1024 702 inQalmatia
1053 634 1270 690 Tiberio
1305 643 1620 698 novaretur,
1664 634 1760 688 sed
1802 632 1857 705 in
1907 635 2026 702 ejus
2049 648 2223 701 usque

2333 637 2458 696 τοὺς
2480 636 2599 688 ἐταί
2606 654 2727 700 ρους
2743 637 3057 707 συνήθροισε
3074 638 3167 692 καὶ
3183 639 3217 693 ἃ
3235 640 3489 709 ἠϐούλετο
3510 644 3718 708 τούτοις
3730 646 3868 698 διιιλε⁶

678 727 910 783 reditum
939 727 1148 781 celavit.
1191 726 1468 780 Cadavere
1506 727 1728 782 Romam
1760 725 1985 792 perlato.
2019 727 2227 779 Drusus

2333 726 2500 792 χθεὶς,
2531 727 2682 789 τέλος
2711 728 2835 794 ἔφη,
2857 728 2936 780 δτι
2962 727 3084 794 Τὴν
3111 729 3342 798 Ῥώμην
3366 735 3639 799 πηλίκην
3651 741 3863 802 alapam

671 826 1050 871 testamentum
1083 819 1199 884 ejus
1252 833 1281 870 a
1311 816 1618 871 Vestalibus
1658 815 1982 885 virginibus,
2015 831 2136 885 qua:
2169 815 2223 868 id

2333 817 2463 878 ὔὼν,
2485 820 2724 884 λιθίνην
2750 818 2892 886 ὑμῖν
2912 820 3269 886 καταλείπω,
3287 822 3459 892 τὸτῆς
3485 825 3662 895 ἀρχῆς
3687 827 3867 894 ίσχυρδν

669 905 1043 969 asservabant,
1098 903 1266 975 544
1299 915 1581 973 acceptum
1619 902 1688 957 ‘in
1764 906 1971 958 curiam
2018 906 2222 958 attulit.

2333 907 2426 957 τοῦ
2483 906 2643 972 λόγου
2696 909 3127 976 ἐνδεικνυμένου.
3179 911 3253 963 Οὐ
3289 913 3470 982 μέντοι
3519 915 3614 966 τὸν
3671 903 3865 969 θάνατον

668 992 724 1046 ld
769 993 960 1080 sigillis
990 994 1160 1047 abiis
1212 993 1418 1062 quiea
1471 995 1863 1063 imprcsserant
1909 995 2224 1064 recognitis,

2333 996 2496 1049 αὐτοῦ
2543 999 2802 1066 αύτίκαή
2844 1000 3009 1053 Λιϐία
3042 999 3293 1068 ἐξέφηνε,
3345 1002 3671 1069 φοϐηθεῖσα,
3729 1007 3864 1072 μήτι

667 1081 926 1137 audiente
975 1091 1165 1136 senatu
1216 1083 1502 1137 recitatum
1549 1093 1653 1138 est.
1712 1084 1851 1137 Sunt
1891 1093 1948 1137 et
1995 1093 2229 1152 quatuor

2333 1089 2680 1157 νεωτερισθῇ,
2730 1091 2788 1140 ἐν
2837 1090 3119 1160 Δαλματίᾳ.
3156 1091 3265 1156 τοῦ,
3302 1092 3556 1158 Τιϐερίου
3600 1093 3865 1159 διάγοντος,

668 1175 788 1243 ejus
818 1173 989 1227 libelli
1019 1173 1073 1227 in
1110 1173 1316 1227 curiam
1369 1175 1516 1228 allati
1546 1191 1560 1228 :
1593 1189 1830 1243 quorum
1862 1190 2004 1227 unus
2042 1175 2227 1244 sepul-

2333 1177 2465 1230 ἀλλὰ
2487 1179 2823 1248 συνέκρυψεν
2846 1179 3008 1231 αὑτὸν
3039 1182 3230 1250 μέχρις
3259 1182 3466 1246 ἐκεῖνος
3505 1184 3749 1252 ἀφίκετο.
3793 1185 3864 1235 ’Δ-

671 1273 804 1317 turre
829 1264 1095 1319 rationem
1130 1263 1541 1334 praescribebat,
1594 1265 1734 1317 alter
1765 1273 1883 1318 acta
1911 1266 2030 1335 ejus
2058 1266 2233 1320 conti-

672 1356 856 1412 nebat.
884 1356 943 1410 In
980 1357 1140 1412 tertio
1187 1357 1413 1419 milites,
1439 1355 1649 1409 reditus
1673 1365 1729 1409 et
1755 1356 2032 1425 impensas
2062 1357 2232 1424 publi-

672 1459 765 1498 cas
814 1444 1232 1514 perscripserat,
1285 1454 1341 1497 et
1398 1443 1642 1513 pecuniae
1688 1459 1978 1497 numerum
2008 1460 2130 1513 qua:
2176 1445 2230 1497 in

678 1534 950 1589 thesauris
974 1544 1140 1589 esset.
1165 1533 1401 1599 Quartus
1452 1535 1704 1589 mandata
1736 1535 1804 1589 ad
1855 1535 2137 1590 Tiberium
2178 1546 2234 1590 et

675 1624 933 1693 populum
966 1625 1299 1678 continebat.
1356 1623 1448 1678 llis
1480 1625 1657 1687 lectis,
1707 1625 1872 1679 funus
1894 1625 2094 1678 elatum
2129 1636 2232 1690 est,

669 1716 949 1770 orationes
1011 1715 1268 1771 funebres
1305 1735 1336 1770 ε
1391 1718 1566 1770 Druso
1615 1727 1669 1771 et
1734 1716 1955 1770 Tiberio
2013 1717 2232 1770 habitm.

674 1805 874 1860 Deinde
907 1821 1106 1875 corpus
1150 1808 1268 1876 ejus
1325 1817 1626 1860 crematum
1685 1816 1806 1860 est:
1860 1822 1923 1862 ac
1975 1814 2087 1859 tum
2125 1822 2232 1860 non

2333 1271 2758 1336 νακομισθέντος
2783 1270 2838 1322 δὲ
2870 1269 2962 1321 τοῦ
2997 1269 3243 1338 σώματος
3280 1271 3446 1325 αὑτοῦ
3489 1273 3571 1334 εἰς
3618 1273 3716 1342 τὴν
3755 1272 3865 1324 Ῥώ-

2335 1375 2463 1426 μην,
2507 1361 2604 1421 τάς
2650 1348 2917 1428 διαθήκας
2953 1361 3119 1413 αὑτοῦ
3149 1363 3177 1414 ό
3214 1362 3449 1431 Δροῦσος
3499 1364 3566 1415 ἐκ
3638 1363 3742 1416 τῶν
3776 1364 3869 1416 ἀει.

2339 1449 2625 1516 παρθένων
2680 1448 2790 1501 τῶν
2841 1451 2940 1519 τῆς
2970 1450 3213 1513 "Eadm;
3269 1453 3482 1522 ἱερειῶν
3525 1450 3616 1515 αἷς
3665 1453 3871 1522 παρετέο

2334 1538 2514 1591 θειντο
2544 1539 2782 1609 είληφὼς
2814 1542 2895 1603 είς
2926 1540 2986 1594 τὸ
3012 1541 3286 1611 συνέδριον
3325 1542 3634 1612 εἰσήνεγκε,
3663 1545 3753 1595 καὶ
3787 1541 3870 1602 τὰς

2313 1623 2634 1700 ’σφραγῖδας
2683 1633 2730 1684 οἱ
2776 1633 3295 1701 κατασημηνάμενοι
3365 1633 3752 1700 ἐπεσκέψαντο.
3794 1630 3872 1682 καὶ

2334 1714 2752 1789 ἀνεγνώσθησαν
2796 1723 2852 1772 ἐν
2880 1721 3100 1790 ἐπηκόῳ
3130 1722 3224 1773 τοῦ
3257 1722 3551 1789 συνεδρίου.
3599 1719 3871 1789 Ἐκομίσθη

2334 1808 2479 1870 δἐίς
2512 1809 2571 1860 τὸ
2619 1808 2896 1878 συνέδριον
2941 1810 3037 1870 καὶ
3077 1808 3256 1877 βιϐλία
3302 1807 3467 1860 αὐτοῦ
3512 1808 3767 1877 τέσσαρα·
3809 1800 3871 1859 ὧν

675 1895 852 1957 multi,
886 1905 1007 1965 post
1043 1912 1234 1952 omnes
1259 1880 1535 1962 luxerunt,
1567 1897 1860 1959 recordati,
1893 1913 2020 1952 eum
2054 1899 2232 1951 omni-

2333 1899 2394 1951 τὸ
2436 1900 2534 1967 μὲν
2562 1897 2621 1949 ἒν
2653 1898 2723 1949 τὰ
2750 1899 2880 1967 περὶ
2905 1898 3004 1967 τῆς
3028 1898 3204 1965 ταφῆς
3241 1897 3568 1961 διετάττετο,
3607 1896 3666 1949 τὸ
3688 1896 3730 1948 δ’
3771 1895 3872 1948 ἐτε-

670 1988 774 2042 bus
799 2002 1016 2041 accessu
1039 1988 1273 2052 facilem,
1311 1991 1494 2044 multis
1515 1992 1802 2060 pecuniam
1826 1991 2230 2059 suppeditasse,

670 2078 860 2133 amicis
893 2095 1165 2135 summum
1198 2079 1462 2135 honorem
1508 2081 1782 2142 habuisse,
1815 2083 2018 2149 gratias
2055 2082 2233 2150 egisse

672 2167 738 2220 iis
786 2183 815 2221 a
859 2168 1077 2236 quibus.
1114 2168 1286 2236 ipsius
1341 2176 1522 2223 errata
1577 2169 1989 2236 corrigerentur
2018 2210 2030 2231 ,
2083 2178 2140 2219 ut
2179 2177 2233 2220 et

670 2257 1022 2310 Athenodoro
1063 2257 1182 2311 viro
1231 2259 1487 2326 sapienti,
1543 2258 1629 2311 tali
1666 2258 1732 2311 de
1785 2273 1966 2312 causa.
2020 2258 2233 2311 Pronus

670 2355 786 2400 erat
814 2348 866 2401 in
896 2349 1185 2411 Venerem,
1209 2359 1264 2403 et
1295 2350 1551 2403 mulieres
1581 2350 1646 2403 ad
1678 2364 1802 2403 eum
1831 2364 1967 2417 quas
1991 2349 2230 2411 volebat,

673 2441 725 2491 in
753 2440 908 2494 tectis
950 2440 1160 2495 lecticis
1185 2440 1381 2502 allata,
1419 2441 1474 2494 in
1512 2441 1630 2509 ejus
1659 2440 1955 2493 thalamum
1988 2440 2230 2493 adduce-

672 2531 894 2595 bantur,
925 2532 1127 2600 quibus
1162 2531 1226 2586 ad
1257 2531 1541 2586 libidinem
1566 2529 1913 2584 abutebatur.
1944 2529 2111 2599 Igitur
2132 2529 2232 2581 ali-

2339 2006 2430 2059 ρον
2466 1992 2564 2050 τὰς
2617 1987 2846 2057 πράξεις
2878 1987 2944 2049 ἃς
2972 1988 3228 2058 είργαστο
3259 1986 3484 2057 διεξῄειο
3527 1987 3604 2056 τῷ
3632 1987 3705 2057 δέ,
3729 1986 3872 2056 τρίτῳ

2335 2084 2404 2134 τὰ
2441 2080 2545 2132 τῶν
2576 2081 2922 2150 στρατιωτῶν
2948 2083 3042 2132 καὶ
3064 2081 3134 2132 τά
3190 2080 3297 2132 τῶν
3354 2078 3635 2148 προσόδων
3687 2077 3775 2130 καὶ
3816 2077 3873 2127 τὰ

2283 2171 2441 2224 κτῶν
2493 2171 2865 2239 ἀναλωμάτων
2916 2170 3026 2222 τῶν
3077 2169 3351 2237 δημοσίων
3400 2167 3657 2232 συνέταξε
3708 2165 3874 2218 καὶτὸ

2336 2260 2538 2327 πλῆθος
2570 2260 2678 2310 τῶν
2713 2263 2772 2310 ἐν
2795 2260 2906 2315 τοῖς
2951 2256 3244 2327 θησαυροῖς
3276 2255 3592 2324 χρημάτων·
3631 2253 3688 2305 τὸ
3715 2251 3768 2304 δέ
3801 2252 3872 2303 τέο

2338 2333 2534 2418 ταρτοῖδ
2578 2348 2795 2410 ἐντολὰς
2829 2349 3069 2417 περιεῖχε
3093 2347 3171 2417 τῷ
3194 2344 3448 2415 Τιϐερίῳ,
3479 2346 3574 2397 καὶ
3605 2343 3681 2412 τῷ
3727 2342 3868 2408 κοινῷ

2333 2442 2676 2509 ἐπισκήψεις.
2739 2440 2953 2492 Τούτων
3016 2438 3061 2491 δ’
3111 2436 3568 2505 ἀναγνωσθέντων
3614 2431 3873 2504 ἡέκφορά

2332 2532 2543 2598 γέγονε,
2591 2530 2690 2582 καὶ
2719 2529 2994 2597 ἐπιτάφιοι
3019 2528 3329 2598 ἐρρήθησαν
3360 2525 3510 2593 παρὰ
3539 2523 3634 2576 τοῦ
3663 2523 3874 2593 Δρούσου

673 2622 892 2690 quando
931 2623 1236 2685 mulierem,
1267 2623 1424 2692 cujus
1443 2637 1628 2675 amore
1659 2630 1852 2690 captus
1878 2627 2015 2681 erat,
2051 2610 2234 2674 accer-

2333 2623 2426 2672 καὶ
2455 2621 2605 2688 παρὰ
2650 2619 2745 2671 τοῦ
2804 2619 3078 2686 Τιϐερίου.
3115 2611 3248 2669 Εῐτα
3283 2611 3498 2684 ’ἐκαύθὴ
3524 2614 3587 2666 τὸ
3619 2615 3768 2684 σῶμα
3793 2612 3865 2665 αὖ·

673 2713 819 2774 εῖνίι.
853 2713 1008 2781 cujus
1035 2713 1289 2766 maritum
1317 2711 1699 2767 Athenodorus
1733 2726 1833 2780 pro
1864 2711 2233 2764 familiaritate

2333 2711 2448 2763 τοῦθ
2509 2711 2602 2762 καὶ
2653 2710 2844 2772 πένθος
2901 2709 3024 2760 τότε
3079 2706 3178 2776 μιν
3225 2706 3284 2758 οὐ
3339 2704 3546 2769 πολλοὶ,
3583 2704 3802 2772 ὕστερον
3826 2702 3873 2752 δὲ

677 2803 974 2866 invisurus,
1010 2818 1132 2856 cum
1183 2812 1238 2856 et
1286 2803 1461 2871 ipsum
1507 2811 1562 2858 et
1615 2817 1838 2855 uxorem
1891 2802 2234 2869 indignantes

2334 2801 2530 2862 πάντες
2587 2801 2767 2870 ἔσχον,
2808 2797 3167 2868 μεμνημένοι,
3216 2797 3298 2849 ὅτι
3329 2813 3386 2848 τε
3437 2799 3603 2849 πᾶσιν
3668 2793 3876 2860 εὐπρόσ-

678 2896 973 2949 iuvenisset
1001 2896 1124 2963 (nec
1155 2893 1302 2947 enim
1336 2893 1592 2948 resistere
1638 2891 1936 2960 poterant),
1980 2891 2234 2945 mmroris

2333 2892 2449 2952 063;
2483 2885 2572 2959 ἦν,
2603 2891 2696 2942 καὶ
2746 2887 2958 2951 πολλοῖς
3015 2889 3244 2957 ἐπήρκει
3284 2889 3340 2950 ἐς
3377 2888 3657 2957 χρήματα,
3688 2886 3773 2936 καὶ
3806 2884 3877 2933 ὅτι

676 3001 838 3040 causa
887 2985 1123 3054 cognita,
1161 2999 1255 3038 eos
1297 2984 1592 3052 tranquillo
1637 2983 1821 3037 animo
1873 2997 1994 3036 esse
2031 2981 2230 3050 jussit:

2336 2971 2454 3027 λίαν
2520 2976 2686 3045 ἐτίμα
2736 2977 2862 3039 τοὺς
2918 2974 3126 3046 φίλους,
3180 2976 3276 3045 καὶ
3347 2977 3576 3046 χάριτας
3629 2972 3876 3042 ὡμολόγει

677 3090 734 3127 se
769 3074 914 3127 enim
943 3074 1119 3144 ipsum
1154 3075 1454 3143 Augustum
1481 3067 1852 3133 accessurum,
1879 3082 1942 3127 et
1987 3071 2106 3141 ejus
2129 3070 2233 3124 im-

2334 3069 2447 3130 τοῖς
2472 3066 2634 3121 αὑτὸν
2671 3065 2881 3135 διορθου
2892 3067 3072 3135 μένοις
3100 3067 3183 3134 ἐφ’
3233 3059 3315 3146 οἷς
3350 3065 3649 3133 ἐσφάλλετο
3668 3079 3681 3092 ο
3703 3059 3878 3128 ὥσπερ

679 3175 859 3234 perum
909 3181 1314 3235 repressurum.
1357 3166 1531 3219 Allata
1563 3164 1778 3229 lectica,
1815 3163 2231 3226 Athenodorus,

2336 3159 2432 3211 καὶ
2454 3159 2530 3226 τῷ
2582 3156 2933 3226 ’Δθηνοδώρῳ
2959 3156 3116 3226 ἀνδρὶ
3170 3156 3319 3224 σοφῷ
3359 3155 3452 3206 ἐπὶ
3497 3153 3674 3223 τοιᾷδε
3725 3151 3878 3220 αίτίᾳ.

679 3258 858 3325 gladio
887 3252 1110 3325 accepto
1146 3273 1245 3324 pro
1273 3256 1524 3319 muliere,
1556 3255 1825 3309 inscendit
1855 3273 1867 3310 :
1903 3269 2074 3322 eaque
2106 3254 2234 3306 dili-

2337 3249 2726 3316 Εὑκατάφορος
2759 3249 2895 3314 πρὸς
2937 3250 3002 3298 τὰ
3029 3245 3319 3315 ἀφροδίσια
3348 3240 3440 3315 ἦν,
3492 3244 3590 3296 καί
3627 3243 3675 3295 οί
3703 3245 3882 3310 γυναῖο

681 3357 867 3417 genter
894 3348 997 3415 tegi
1043 3348 1215 3418 jussa,
1271 3347 1335 3401 ad
1366 3348 1588 3418 Augusti
1621 3347 1915 3400 thalamum
1943 3354 2026 3398 est
2057 3344 2233 3414 perla-

2339 3355 2432 3402 κες
2487 3338 2810 3406 ἐκομίζοντο
2853 3337 2919 3400 ἀς
2950 3336 3200 3389 ἐϐούλετο
3228 3339 3288 3388 ἐν
3319 3335 3677 3402 καταστέγοις
3708 3335 3879 3404 φορεί-

683 3450 787 3494 tus.
824 3439 924 3505 Qui
964 3455 1085 3493 cum
1129 3440 1273 3494 illam
1317 3439 1636 3506 aperuisset,
1697 3437 1785 3492 ille
1827 3437 2020 3490 stricto
2055 3435 2234 3506 gladio

2337 3448 2438 3497 οις,
2471 3433 2564 3484 καὶ
2591 3431 2766 3493 οὕτως
2810 3430 2890 3492 είς
2941 3430 3030 3483 τὸν
3078 3429 3241 3482 αὐτοῦ
3293 3429 3580 3498 είσήγοντο
3634 3428 3880 3494 θάλαμον.

677 3533 973 3587 exsiliens:
1006 3530 1181 3591 Itane,
1209 3532 1402 3600 inquit,
1437 3547 1540 3583 non
1572 3532 1722 3583 times
1784 3544 1848 3581 ne
1879 3535 1928 3580 te
1961 3527 2234 3596 aliquiut'c

2349 3522 2590 3582 Ἐκεῖνος
2637 3513 2693 3574 δέ
2730 3523 2932 3585 ταύτας
2978 3517 3138 3589 ἐξῆγέ
3168 3538 3227 3573 τε
3280 3523 3373 3573 καὶ
3409 3520 3687 3589 ἐκέχρητο.
3728 3516 3883 3586 Ἠρά-

678 3620 936 3689 ingressus
957 3621 1155 3673 occidat
1171 3619 1198 3672 .9
1222 3619 1277 3672 ld
1304 3619 1499 3672 factum
1523 3617 1796 3684 Augustus
1818 3631 1926 3668 non
1951 3616 2111 3668 modo
2129 3628 2234 3668 non

2344 3612 2446 3681 σθη
2473 3611 2603 3679 γοῦν
2635 3628 2765 3664 ποτε
2797 3611 3051 3678 γυναικὸς
3087 3612 3178 3664 καὶ
3224 3609 3438 3679 ἔπεμψε
3472 3609 3657 3662 λαϐεῖν
3702 3608 3883 3672 αὐτήν.

676 3723 814 3776 .rgre
841 3709 984 3769 tulit,
1011 3724 1108 3762 nec
1127 3706 1864 3774 AthenodorumlobiurgavJ
1890 3721 1901 3759 :
1927 3705 2019 3757 sed
2038 3712 2094 3757 et
2120 3718 2234 3774 gra-

2354 3701 2440 3754 'Ev
2464 3701 2638 3770 τούτῳ
2665 3698 2722 3753 δὲ
2758 3701 2786 3752 ό
2825 3699 3206 3768 Ἀθηνόδωρος,
3242 3699 3318 3767 τῷ
3349 3699 3447 3765 τῆς
3476 3698 3728 3763 γυναικὸς
3755 3695 3885 3745 ἐκεί-

682 3798 784 3853 'ias
809 3802 856 3855 ei
893 3801 1024 3869 egit,
1073 3808 1128 3854 et
1155 3799 1451 3853 modestior
1507 3798 1682 3852 factus
1723 3805 1826 3851 est.
1883 3795 2018 3849 Eum
2048 3793 2234 3864 igitur,

2343 3807 2437 3859 νης
2473 3791 2626 3860 ἀνδρὶ⁵
2675 3789 2910 3857 συνήθης
2954 3787 3032 3839 ὣν
3081 3787 3562 3865 ἔτυχενάπελθὼν
3602 3787 3689 3839 τὸν
3734 3783 3878 3853 φίλον

679 3906 801 3945 cum
834 3893 902 3945 ob
935 3893 1069 3955 haec,
1095 3899 1205 3944 tum
1234 3889 1304 3943 ob
1357 3890 1460 3943 alia
1490 3889 1670 3957 plura,
1693 3894 1746 3940 et
1771 3884 1912 3955 quod
1953 3883 2234 3938 Tiberium

2343 3880 2630 3950 ὀψόμενος,
2658 3879 2754 3931 καὶ
2786 3877 3122 3949 ἀσχάλλοντα
3151 3877 3327 3949 εὑρὼν
3367 3881 3621 3933 κάκεῖνον
3669 3879 3760 3930 καὶ
3793 3875 3882 3943 τὴν

679 3993 1048 4038 successorem
1071 3984 1208 4054 ejus,
1241 3983 1406 4036 alium
1430 3989 1557 4034 sunt
1581 3979 1811 4051 experti,
1835 3977 2234 4032 desiderarunt.

2344 3974 2577 4039 γυναῖκα
2611 3970 2692 4038 (οὐ
2744 3970 2853 4040 γὰρ
2906 3969 3168 4038 ἡδύναντο
3197 3967 3544 4039 ἀντιστῆναι)
3573 3969 3668 4038 τὴν
3713 3966 3892 4023 αιτίεινΔ

679 4073 777 4143 τῆς
811 4073 982 4145 λύπης
1015 4053 1261 4128 ἐπύθετο.
1321 4073 1429 4126 Καὶ
1481 4073 1686 4141 μαθὼν,
1745 4072 1972 4142 ἠρεμεῖν
2017 4068 2211 4128 αὐτοὺς
2273 4065 2576 4118 ἐκέλευσεν.
2618 4061 2789 4124 Αὐτός
2843 4061 2954 4130 γὰρ
3016 4059 3274 4114 ἀπελθεῖν
3333 4060 3461 4128 ἐφη,
3497 4062 3630 4125 πρὸς
3655 4060 3744 4109 τὸν
3780 4053 3880 4108 Δύ-

681 4183 928 4233 γουστον,
985 4169 1079 4221 καὶ¹
1118 4167 1215 4237 τὴν
1264 4166 1426 4219 αὑτοῦ
1483 4166 1817 4234 ἀποστρέψαι
1871 4163 2065 4233 ὁρμήν.
2102 4160 2212 4212 Καὶ
2249 4157 2600 4226 κομισθέντος
2640 4153 2733 4207 τοῦ
2759 4151 3098 4219 καταστέγου
3137 4149 3346 4220 δίφρου,
3387 4150 3472 4236 ,ὡς
3509 4149 3612 4218 τῆς
3643 4145 3876 4217 γυναικὶ,

681 4261 737 4311 ἐν
772 4261 918 4326 αύτῴ
969 4258 1437 4329 είσελευσομένης,
1492 4256 1797 4324 είςῆλθενό
1834 4253 2221 4323 Ἀθηνόδωρος,
2257 4252 2349 4303 καὶ
2417 4248 2572 4316 ξίφος
2638 4246 2818 4307 λαϐὼν
2876 4245 2970 4297 καὶ
3025 4241 3518 4311 κατακαλυφθῆναι
3567 4241 3657 4292 τδν
3703 4241 3881 4306 δίφρον

681 4351 922 4421 ἀκριϐῶς
952 4349 1215 4415 ἐπιτάξας
1279 4349 1421 4402 οὕτω
1473 4348 1607 4419 πρὸς
1640 4347 1729 4399 τδν
1783 4344 1877 4398 τοῦ
1922 4341 2230 4409 Αὐγούστου
2267 4338 2562 4404 κεκόμιστο
2617 4337 2882 4404 θάλαμον.
2945 4333 3188 4387 Ἐκείνου
3257 4332 3316 4385 δέ
3388 4332 3482 4385 τδν
3539 4331 3727 4400 δίφρον
3755 4331 3878 4382 ἀπο⁴

680 4444 1043 4504 καλύπτοντος
1097 4442 1329 4509 ξιφήρης
1387 4438 1787 4507 ἐκπεπήδηκεν,
1852 4437 2019 4488 εἰπών
2051 4429 2226 4486 Ἐἶτα
2264 4435 2335 4485 οὐ
2402 4427 2575 4497 φοϐῇ,
2610 4424 2694 4494 μή
2727 4427 2818 4490 τίς
2855 4442 2931 4478 σε
2958 4425 3145 4489 οὕτως
3185 4425 3475 4478 εἰσελθὼν
3516 4423 3871 4486 ἀποκτείνῃ;

661 4536 751 4587 ΤΟ
782 4534 826 4585 δ’
855 4521 1159 4602 Αὔγουστος
1198 4532 1258 4585 ού
1303 4531 1464 4601 μόνον
1511 4531 1611 4582 οὐκ
1648 4527 1917 4600 ὠργίσθη,
1988 4527 2094 4578 οὐδ’
2171 4522 2398 4576 ἐκάκισε
2455 4519 2547 4572 τὸν
2616 4515 3003 4585 θΑθηνόδωρον,
3030 4515 3165 4567 ἀλλά
3194 4514 3288 4566 καὶ
3331 4513 3487 4583 χάριν
3546 4512 3683 4578 ἐγνω
3723 4509 3878 4579 αὐτῷ.

690 4625 783 4676 καὶ
832 4601 1270 4695 σωφρονέστερος
1313 4624 1525 4691 γέγονε.
1559 4622 1656 4673 Διά
1681 4620 1852 4674 ταῦτα
1893 4618 2102 4683 τοίνυν,
2135 4618 2227 4670 καὶ
2264 4615 2400 4669 ἀλλα
2471 4613 2525 4665 δέ
2591 4608 2762 4662 πλείω
2795 4608 3024 4661 ἐπόθουν
3054 4607 3239 4670 αὑτὸν,
3272 4605 3364 4658 καὶ
3404 4606 3486 4657 ὅτι
3521 4603 3616 4655 τοῦ
3645 4601 3878 4672 Τιϐερίου

687 4717 801 4783 μετ’
828 4716 986 4768 αὐτὸν
1019 4717 1451 4786 μοναρχήσαντος
1483 4715 1578 4783 ούχ
1627 4715 1813 4784 όμοίου
1840 4712 2231 4782 ἐπειράθησαν.
2330 4739 2338 4745 -
2823 4738 2832 4748 ~

756 4804 997 4858 XXXIX.
1022 4779 1223 4860 -Ann'o"
1246 4779 1464 4874 imperii
1496 4779 1721 4876 Augusti
1755 4820 1884 4870 xui,
1913 4779 2076 4859 homo
2095 4779 2120 4802 ⁷
2149 4802 2229 4855 fa-

2408 4791 2534 4848 AG’.
2583 4792 2673 4863 Ἐν
2700 4789 2755 4843 δὲ
2785 4787 2864 4858 τῷ
2891 4783 3308 4866 τεσσαρακοστῷ
3335 4782 3574 4851 δευτέρῳ
3629 4781 3732 4833 ἔτει
3781 4779 3873 4847 τῆς

687 4904 807 4949 ctus
834 4903 889 4948 et
917 4902 1078 4947 natus
1110 4904 1193 4947 est
1241 4895 1501 4948 Dominus
1553 4869 1741 4949 nbstcr
1787 4905 1844 4947 et
1900 4895 2041 4948 Deus
2082 4892 2234 4946 Jesus

2335 4885 2645 4953 Αὐγούστου
2683 4878 2982 4950 μοναρχίας
3028 4875 3224 4946 ἐτέχθη
3260 4871 3686 4943 ἐνανθρωπήσας
3708 4871 3735 4921 δ
3769 4869 3877 4920 Κύ-

686 4982 957 5046 Christus,
990 4993 1208 5039 auctore
1250 4983 1488 5037 Eusebio
1539 4983 1842 5052 Pamphilo.
1901 4983 1994 5051 qui
2031 4997 2155 5035 eum
2183 4981 2238 5033 in

689 5072 1055 5129 Ecclesiastica
1104 5076 1325 5129 historia
1376 5089 1480 5128 Lvu
1521 5089 1693 5128 annos
1717 5074 1892 5128 solum
1929 5088 2111 5126 rerum
2143 5084 2240 5139 po-

688 5163 847 5214 titum
901 5177 1014 5216 esse
1062 5164 1250 5228 refert,
1301 5180 1421 5217 cum
1454 5164 1554 5217 alii
1586 5179 1706 5217 κων
1739 5164 1999 5234 duntaxat
2040 5176 2237 5216 nume-

688 5262 830 5308 rent.
878 5253 1073 5306 Verum
1121 5256 1388 5310 dissensio
1436 5257 1558 5311 inde
1603 5257 2004 5322 exsistit,quod
2049 5254 2137 5308 alii
2166 5252 2235 5308 ab

691 5345 906 5397 Actiaca
942 5342 1158 5395 domum
1209 5346 1431 5397 victoria
1489 5361 1776 5398 numerare
1806 5344 2095 5411 incipiunt,
2128 5355 2236 5410 quo

692 5444 936 5503 tempore
978 5448 1102 5486 vere
1158 5432 1419 5499 imperare
1458 5433 1613 5503 5&5
1643 5434 1826 5501 cmpit,
1874 5435 2238 5486 Romanarum

691 5521 965 5589 legionum
1017 5519 1167 5575 solus
1204 5522 1378 5574 factus
1409 5522 1681 5575 dominus.
1732 5522 2000 5577 Eusebius
2036 5535 2160 5575 vero
2187 5519 2240 5573 id

695 5625 906 5676 quoque
939 5620 1147 5679 tempus
1182 5619 1523 5671 annumerat,
1561 5626 1668 5679 quo
1701 5627 1822 5664 cum
1855 5609 2092 5664 Antonio
2125 5625 2242 5680 ges-

696 5695 767 5748 sit
810 5698 1132 5765 imperium:
1173 5702 1316 5769 quod
1354 5709 1465 5755 tum
1510 5714 1728 5768 Quoque
1781 5700 1870 5751 illo
1927 5700 1980 5752 in
2011 5699 2241 5769 ngypto

693 5788 863 5842 Otium
910 5801 1116 5859 agente,
1161 5806 1216 5849 et
1264 5795 1545 5853 aratoribus
1598 5792 1898 5860 Cleopatrae
1948 5789 2242 5855 serviente,

2337 4993 2446 5045 ριος
2503 4971 2787 5042 ἡμῶνκαὶ
2820 4969 2952 5031 Θεὸς
3006 4963 3216 5037 Ἰησοῦς
3272 4965 3526 5034 Χριστὸς,
3600 4958 3872 5013 κατάιτδν

2334 5065 2617 5134 Παμφίλου
2641 5060 2916 5133 Εὑσὲϐιον,
2947 5057 3005 5122 ὃς
3034 5060 3089 5111 ἐν
3104 5060 3170 5127 τῇ
3202 5050 3708 5120 Ἕκκλησιαστιιιῇ
3730 5054 3878 5104 ιστο-

2326 5158 2426 5224 ρίᾳ
2468 5158 2558 5208 καὶ
2614 5155 2952 5222 πεντήκοντα
3003 5149 3097 5204 καὶ
3149 5145 3290 5200 ἑπτὰ
3341 5144 3445 5210 ἐτη
3473 5142 3636 5196 αὐτὸν
3686 5140 3878 5209 ἱστορεῖ

2347 5248 2703 5317 μοναρχήσαι,
2736 5243 2842 5296 τῶν
2872 5242 3046 5296 ἄλλων
3074 5239 3314 5305 τέσσαρα
3344 5235 3438 5287 ἐπὶ
3486 5234 3875 5304 τεσσαράκοντα

2342 5336 2411 5392 τὰ
2442 5338 2540 5403 τῆς
2576 5335 2874 5404 μοναρχίας
2904 5327 3068 5384 αὑτοῦ
3113 5326 3491 5397 ἀριθμούντων
3529 5326 3642 5394 ἐτη.
3679 5323 3874 5375 Γίνεται

2337 5429 2393 5480 δὲ
2424 5429 2455 5495 ἡ
2481 5427 2746 5493 διαφωνία
2771 5420 3040 5483 ἐντεῦθεν,
3067 5419 3148 5471 δτι
3171 5419 3220 5471 οι
3248 5418 3347 5488 μὲν
3373 5416 3519 5468 ἄλλοι
3549 5415 3649 5485 τὴν
3678 5427 3865 5482 μοναρ-

2337 5519 2458 5587 χίαν
2509 5517 2587 5582 τῷ
2618 5516 2850 5581 Καίσιρι
2887 5510 3219 5576 ἐλογίσαντο,
3265 5506 3451 5586 ἐξότου
3497 5503 3765 5574 ναυμαχίᾳ
3814 5502 3866 5553 ἐν

2352 5609 2552 5675 Ἀκτίῳ
2590 5605 2806 5673 ἐνίκησε
2834 5603 2922 5654 τὸν
2967 5600 3274 5660 ⁹Λντώνιον.
3302 5599 3391 5649 ὅτε
3423 5596 3520 5648 καὶ
3544 5596 3618 5658 ὡς
3670 5593 3871 5661 ἀληθῶς

2339 5697 2704 5765 ἐμονάρχησε,
2761 5693 2922 5764 μόνος
2965 5692 3078 5746 τῶν
3122 5689 3444 5757 Ῥωμαϊκῶν
3464 5686 3754 5757 ταγμάτων
3772 5697 3873 5763 .1:-

2337 5789 2557 5858 νόμενος
2613 5785 2816 5857 κύριος’
2866 5785 2894 5836 ό
2942 5781 3200 5843 Εὐσέϐιος
3238 5778 3293 5834 δὲ
3324 5777 3418 5834 καὶ
3475 5778 3568 5833 τδν
3593 5776 3783 5847 χρόνον
3824 5769 3876 5822 δν
