4036 6338
210 401 327 462 925

1484 414 1885 476 ANNALIUM
1928 414 2073 479 LIB.
2110 421 2216 479 Xl.

3359 435 3465 495 916

206 513 531 579 Νοσοῦντάς
602 533 664 569 τε
723 518 1119 585 ἐπεσκέπτετο,
1196 522 1472 592 μηδεμίαν
1542 526 1771 597 φρουρὸιι

1894 542 2014 582 eam
2041 547 2069 582 a
2106 530 2420 600 reipublicae
2449 531 3019 591 administrationibus
3049 547 3336 601 remotam,
3366 539 3463 592 do-

202 606 584 676 ἐπαγόμενος.
618 609 729 662 Καὶ
772 609 866 663 ἐπί
907 628 1015 665 τινι
1053 612 1648 685 αὐτῶν-τελευτήσαντι
1689 619 1790 670 αὖ·

202 700 304 762 τὸς
354 702 571 770 ἀνέγνω
621 705 712 758 τὸν
754 706 1087 777 ἐπιτάφιον·
1137 709 1229 760 καὶ
1280 709 1382 777 τὴν
1432 712 1647 780 μητέρα
1687 712 1787 777 τὴν

198 791 410 844 Λιϐίαν
438 794 640 859 ὁμοίως
670 797 1070 868 προσφέρεσθαι
1105 801 1274 852 πᾶσιν
1303 800 1577 855 ἐκέλευεν.
1630 802 1695 854 Ἦ
1724 802 1780 855 δὲ

193 880 354 934 πάνυ
376 881 629 949 ὢγκωτο,
654 887 748 938 καὶ
777 887 835 939 ai
866 886 960 939 τοῦ
995 887 1245 957 Τιϐερίου
1278 888 1559 941 ἐπιστολαὶ
1589 891 1779 960 χρόνον

190 972 332 1025 τινὰ
362 975 460 1026 καὶ
497 974 559 1028 τὸ
601 978 816 1044 ἐκείνης
840 978 1009 1047 ὄνομα
1039 974 1204 1047 εἶχον,
1235 981 1303 1033 τά
1335 996 1391 1031 τε
1423 979 1558 1035 ἄλλα
1605 983 1785 1035 πάντα

191 1063 281 1127 ὡς
329 1066 680 1139 αὐταρχοῦσα
723 1070 944 1123 διοικεῖν
972 1072 1275 1141 ἐπεχείρειο
1317 1072 1411 1124 καὶ
1452 1073 1553 1126 οὐκ
1582 1073 1642 1138 ἐξ
1671 1073 1785 1126 ἴσου

190 1156 425 1225 ἄρχειν,
477 1160 617 1219 ,ἀλλὰ
666 1162 757 1213 καὶ
788 1160 1112 1230 πρεσϐεύειν
1156 1163 1320 1215 αὑτοῦ
1378 1162 1587 1232 ἤθελεν,
1634 1166 1773 1236 αὑτὴ

189 1248 438 1318 ποιῆσαι
460 1248 722 1321 κλαύχοῦσα
747 1252 910 1304 αὑτὸν
956 1253 1355 1323 αὐτοκράτορα.
1396 1252 1455 1307 '0
1484 1255 1541 1306 δὲ
1583 1256 1779 1324 ἤχθετο

185 1338 428 1399 πρῶτον
456 1342 614 1411 αὐτῇ,
638 1340 755 1395 εἶτα
780 1342 888 1395 τῶν
917 1342 1017 1413 μὲν
1048 1345 1324 1414 δημοσίων
1350 1346 1521 1415 αὐτὴν
1547 1346 1777 1411 ἔπαυσε,

1897 623 2122 675 mestica
2172 624 2387 693 negotia
2421 639 2615 679 curare
2661 626 2807 680 sivit.
2844 627 2914 680 Ut
2946 645 3076 681 vero
3116 629 3171 683 in
3200 630 3267 683 iis
3295 631 3461 684 etiam

1894 712 2124 766 molesta
2157 725 2298 777 crat,
2346 730 2574 784 peregre
2616 718 2771 781 abiit,
2825 728 2884 772 ut
2923 719 2989 772 ab
3018 736 3081 772 ea
3109 720 3346 775 abesset.
3378 720 3459 773 Ad

1895 811 2110 870 tempus
2149 806 2553 860 modestissime
2603 809 2759 869 vixit,
2813 817 2869 862 ct
2900 809 3130 863 aliorum
3192 811 3464 865 immode-

1893 894 2052 945 stiam
2119 895 2297 962 pmnis
2342 898 2605 952 coercuit.
2647 900 3344 970 Drusnmquoquelilium
3394 916 3461 956 ex

1894 983 2077 1050 priore
2110 1000 2281 1037 uxore
2329 985 2625 1055 Agrippina
2678 1000 3014 1058 susceptura,
3066 991 3136 1043 ob
3169 986 3439 1045 crudelita

1893 1083 2001 1127 tem
2033 1083 2087 1128 et
2133 1074 2408 1128 lasciviam
2454 1078 2780 1145 objurgavit,
2818 1089 2875 1133 et
2932 1083 3060 1134 o‘dio
3100 1082 3330 1136 habuit:
3369 1082 3456 1138 cui

1891 1165 2185 1234 aliquando
2217 1165 2353 1220 dixit
2380 1185 2393 1221 :
2464 1168 2546 1222 Me
2577 1172 2687 1223 vivo
2722 1187 2883 1241 neque
2917 1188 3010 1240 per
3039 1176 3141 1226 vim
3178 1190 3341 1244 neque
3368 1192 3459 1244 per
3486 1239 3488 1241 μ

1891 1255 2264 1309 contumeliam
2315 1258 2603 1325 quidquam
2645 1260 2847 1327 feceris.
2900 1259 2993 1314 Sin
3047 1264 3247 1329 feceris,
3283 1280 3345 1315 ne
3370 1265 3461 1315 de-

1891 1348 2069 1415 functo
2102 1346 2311 1413 quidem
2354 1362 2434 1398 me
2460 1348 2693 1415 facturus
2728 1366 2808 1402 es.‘

181 1427 266 1479 τὰ
316 1428 366 1479 δ’
410 1429 550 1483 οίκοι
596 1433 818 1486 διοικεῖν
846 1434 1077 1504 ἀφῆκεν.
1129 1434 1216 1497 Ὠς
1241 1437 1296 1489 δὲ
1332 1440 1432 1490 κᾶν
1498 1435 1710 1501 τούτοις
1776 1434 1842 1507 ἦν
1884 1438 2151 1507 ἐπαχθὴς,
2202 1440 2492 1509 ἀπεδήμει,
2538 1445 2631 1493 καὶ
2688 1443 2857 1510 αὐτῆς
2917 1444 3185 1507 ἐξίστατο,
3247 1460 3457 1515 οωφρο·

178 1521 440 1574 νέστατά
480 1540 537 1575 τε
572 1526 761 1591 χρόνον
788 1527 910 1581 τινὰ
955 1527 1134 1597 διῆγε,
1165 1530 1259 1582 καὶ
1321 1528 1513 1591 ἄλλους
1580 1530 1625 1580 δ’
1689 1530 1947 1592 ἐκόλαζεν
1992 1528 2437 1597 ἀσελγαίνοντας.
2487 1534 2596 1584 Καὶ
2635 1534 2712 1600 τῷ
2773 1533 2995 1603 Δρούσῳ
3031 1537 3087 1587 δὲ
3124 1534 3201 1605 τῷ
3237 1538 3362 1605 υίῷ,
3397 1537 3456 1589 ὃν

182 1612 257 1674 ἐξ
345 1612 710 1682 Ἀγριππίνης
776 1617 875 1686 τῆς
948 1620 1219 1689 προτέρας
1288 1620 1451 1673 αὑτοῦ
1518 1620 1776 1688 γυναικὸς
1816 1621 2037 1691 ἔσχηκε,
2084 1612 2178 1674 κάξ
2223 1624 2442 1690 ἀσελγεῖ
2508 1626 2826 1695 τυγχάνοντι
2876 1629 2971 1679 καὶ
3001 1628 3159 1696 ὠμῷ,
3220 1630 3455 1694 ἐπετίμα

181 1710 295 1759 καὶ
357 1712 573 1781 ἤχθετο.
630 1714 737 1765 Καί
796 1732 926 1767 ποτε
981 1715 1131 1783 αὑτῷ
1171 1712 1349 1781 εἶπεν,
1406 1718 1487 1767 ὅτι
1544 1715 1774 1779 Ζῶντος
1845 1715 1991 1783 ἐμοῦ
2046 1718 2184 1769 οὔτε
2239 1718 2447 1781 ,ϐίαιον
2504 1718 2628 1771 οὔθ’
2684 1720 3029 1786 ὑϐριστικόν
3080 1738 3133 1774 τι
3186 1721 3451 1786 πράξεις.

186 1802 323 1857 “Ar
348 1804 418 1856 δέ
439 1821 492 1856 τι
520 1804 615 1859 καί
646 1805 970 1875 τολμήσῃς,
1014 1806 1154 1859 οὐδὲ
1185 1806 1685 1873 τελευτήσαντος.

266 1896 351 1948 B'.
401 1895 558 1949 Οὕτω
595 1899 768 1951 ταῦτα
814 1902 909 1952 καὶ
954 1900 1123 1953 τᾶλλα
1159 1901 1351 1971 μέχρις
1381 1901 1407 1951 ὁ
1438 1900 1771 1969 Γερμανικὸς

1947 1898 2011 1950 ll.
2061 1897 2198 1951 'llarc
2257 1906 2311 1949 ot
2363 1899 2447 1950 his
2498 1899 2697 1951 similia
2738 1939 2753 1961 ,
2807 1900 3049 1967 quandiu
3098 1899 3452 1954 Germanicus

178 1987 293 2058 ἔζη
330 1989 528 2043 ἐποίει.
560 1991 713 2042 Μετά
746 1992 800 2043 δὲ
826 1992 985 2044 τοῦτο
1011 1992 1182 2061 συχνὰ
1211 1993 1416 2045 τούτων
1446 1992 1770 2062 μετήλλαξε.

178 2080 387 2148 Μήπω
416 2080 525 2149 γᾴρ
555 2080 661 2133 τῶν
694 2083 843 2149 παρὰ
886 2082 981 2134 τοῦ
1025 2083 1337 2150 Αὐγούστου
1380 2083 1456 2153 τῷ
1487 2084 1644 2153 δήμῳ
1675 2101 1774 2135 κα-

173 2170 638 2240 ταλελίιγμένων
667 2173 951 2237 δοθέντων,
986 2170 1109 2227 trial.
1156 2177 1349 2245 νεκρὸς
1382 2175 1471 2226 διὰ
1502 2174 1599 2242 τῆς
1641 2177 1767 2239 ἀγο·

178 2261 301 2327 ρᾶς
333 2260 649 2334 ἐξεφέρετο,
679 2265 772 2316 καὶ
802 2265 1117 2335 προσελθών
1143 2280 1234 2328 «τις
1283 2270 1361 2329 είς
1409 2266 1470 2317 τὸ
1504 2265 1593 2327 οὓς
1626 2264 1774 2333 αὐτῷ

174 2350 507 2421 ἐψιθύρισε,
531 2354 623 2406 καὶ
649 2354 945 2422 ἐρωτηθεὶς
972 2356 997 2406 ὅ
1025 2373 1078 2407 τι
1105 2358 1347 2425 εἴρηκεν,
1368 2357 1773 2417 Ἐντετάλθαι,

176 2444 298 2511 ἔφη
336 2442 418 2507 τῷ
441 2445 766 2512 Αὐγούστῳ
800 2446 992 2499 εἰπεῖν
1021 2447 1109 2499 ὅτι
1144 2447 1377 2500 οὐδέπω
1424 2447 1607 2500 οὐδὲν
1641 2449 1775 2500 ἐκο-

169 2537 465 2602 μίσαντο
488 2552 503 2567 ο
528 2536 619 2588 τὸν
656 2536 754 2602 μὲν
794 2537 993 2592 αὐτίκα
1043 2539 1355 2603 ἀπέκτεινε,
1390 2540 1485 2590 καὶ
1517 2534 1671 2590 εἶπεν
1698 2538 1773 2599 ώς

176 2625 595 2691 ἐπισκώπτων,
635 2625 750 2680 "Ir"
790 2628 1157 2697 αὐτάγγελος
1180 2628 1337 2693 αὐτῷ
1369 2630 1629 2697 γένηται·
1660 2631 1772 2689 τοῖς

176 2717 232 2767 δ’
264 2715 463 2783 ἀλλοις
490 2719 557 2769 τὰ
586 2718 1063 2787 καταλελειμμένα
1103 2720 1368 2789 διένειμε.
1411 2719 1516 2771 Τοῦ
1544 2720 1588 2771 δ’
1614 2721 1772 2787 ἐγγό-

149 2824 287 2875 .vo')
322 2807 513 2872 αὐτοῦ,
540 2809 599 2860 ὃν
630 2811 692 2862 ἐκ
741 2809 834 2863 τοῦ
882 2811 1119 2880 Δρούσου
1146 2808 1281 2879 εἶχε,
1316 2812 1590 2875 Θανόντος,
1624 2814 1774 2865 οὐδε-

183 2900 334 2967 μιᾶς
362 2901 472 2949 τῶν
500 2900 751 2969 συνήθων
800 2903 1069 2969 ἀπέσχετο
1114 2903 1390 2971 πράξεως,
1424 2904 1498 2972 μὴ
1533 2904 1644 2957 δεῖν
1680 2905 1772 2959 διὰ

137 3024 142 3028 -
179 2991 326 3053 τοὺς
362 2991 675 3059 οἰχομένους
703 2995 774 3043 τὰ
805 2992 913 3043 τῶν
944 2991 1182 3056 ζώντων,
1225 2993 1422 3059 λέγων,
1462 2995 1771 3063 προΐεσθαι.

181 3082 439 3152 Κλήμης
469 3081 527 3133 δέ
557 3099 644 3144 τις
681 3082 775 3135 τοῦ
827 3084 1129 3154 Ἀγρίππου
1164 3085 1402 3152 γεγονὼς
1442 3086 1645 3149 δοῦλος,
1679 3091 1773 3141 καὶ

181 3174 549 3247 προσεοικὼς
580 3175 731 3245 αὐτῷ
762 3175 1035 3229 ἐπλάσατο
1063 3178 1227 3241 αὐτὸς
1273 3179 1578 3249 Ἀγρίππας
1608 3166 1768 3232 εἷναιέ

181 3268 291 3319 καὶ
343 3268 425 3330 είς
450 3268 550 3337 τὴν
608 3269 878 3321 Γαλατίαν
938 3268 1143 3333 ἐλθὼν,
1197 3272 1423 3334 πολλοὺς
1479 3273 1577 3342 μὲν
1629 3275 1769 3339 ἐκεῖ,

180 3359 433 3421 πολλοὺς
456 3360 513 3413 δὲ
547 3364 609 3414 ἐν’
636 3363 703 3428 τῇ
748 3362 951 3430 Ἰταλίᾳ.
978 3365 1440 3437 προσεποιήσατο.
1483 3366 1578 3417 κοιλ¹
1614 3367 1771 3431 τέλος

182 3452 289 3504 ἐστὶ
334 3451 435 3520 τὴν
490 3450 709 3517 Ῥώμην
754 3450 1010 3518 ὥρμησεν
1065 3454 1140 3516 ώς
1174 3454 1270 3524 τὴν
1326 3455 1609 3525 παππῴαν
1644 3475 1772 3526 μον-

182 3541 402 3612 αριίαν
497 3540 930 3610 ἀποληψόμενος.
1018 3544 1433 3614 Χειρωσάμενος
1503 3546 1548 3600 δ’
1623 3550 1772 3617 ὅμως

184 3630 370 3682 αὐτὸν
399 3631 427 3681 ὁ
455 3624 708 3700 Τιϐέριος
732 3630 820 3684 διά
847 3649 1007 3683 τινων
1033 3633 1102 3682 τὰ
1126 3634 1338 3687 ἐκείνου
1386 3653 1768 3707 προσ-ποιησαι
1820 3668 1823 3671 -

196 3722 390 3793 μένων
418 3727 659 3791 φρονεῖν,
691 3726 784 3777 καὶ
812 3717 1124 3794 ’βασανίσας
1159 3724 1246 3777 ἵνα
1282 3724 1410 3793 περὶ
1441 3730 1771 3795 συνιστόρων

185 3832 243 3869 τι
278 3815 456 3885 μάθῃ,
487 3815 608 3867 ἐπεὶ
640 3816 808 3885 μηδὲν
849 3817 1195 3886 ἓξελάλησεν,
1226 3818 1393 3889 ᾕρετο
1432 3818 1615 3879 αὑτὸν,
1648 3818 1770 3881 Πῶς

199 3907 529 3975 Ἀγρίππας
577 3907 795 3973 ἐγίνους
833 3909 923 3960 καὶ
971 3909 1026 3970 ὃς
1070 3909 1404 3978 ἀπεκρίνατο
1442 3910 1528 3961 ὃτι
1571 3909 1770 3975 Οὕτως

187 3998 276 4062 ὡς
324 3995 423 4049 καὶ
471 3995 574 4057 σὺ,
606 3993 858 4063 Καῖσαρ.
890 3997 1001 4065 Τὴν
1030 3996 1085 4049 δὲ
1122 4000 1356 4064 γυναῖκα
1392 3998 1617 4052 Ἰουλίαν
1646 3998 1769 4052 οὔτε

187 4088 557 4157 ἐπανήγαγεν
584 4088 646 4141 ἐκ
677 4087 776 4157 τῆς
800 4088 1097 4158 ὑπερορίας
1130 4091 1195 4159 ῆν
1230 4090 1380 4159 παρὰ
1430 4092 1524 4144 τοῦ
1563 4096 1771 4159 πατρος

192 4179 381 4247 αὐτῆς
423 4178 515 4232 τοῦ
559 4179 871 4246 Αὐγούστου
931 4180 1293 4250 κατεδικάσθη
1335 4181 1404 4234 δι’
1455 4182 1766 4248 ἀσέλγειαν,

192 4271 344 4326 ἀλλὰ
401 4271 493 4323 καὶ
544 4269 895 4322 κατέκλεισεν
940 4271 1129 4341 αὐτὴν,
1161 4270 1294 4324 ὥσθ’
1323 4271 1427 4324 ὑπὸ
1468 4273 1768 4343 κακουχίας

192 4367 299 4420 καὶ
352 4363 514 4431 λιμοῦ
546 4363 835 4434 φθαρῆναι.
861 4364 1091 4418 ’Πολλῶν
1144 4382 1203 4418 τε
1248 4366 1427 4419 αὐτῶν
1472 4366 1767 4431 ἀξιούντων

190 4457 294 4509 τὸν
349 4453 667 4524 Νοέμϐριον
711 4454 879 4523 μῆνα,
923 4449 985 4509 οὗ
1016 4458 1080 4524 τῇ
1116 4456 1249 4526 ἕκτῃ
1282 4458 1374 4508 ἐπ)⁸
1421 4457 1624 4527 δεκάτῃ
1672 4474 1763 4525 γε·

1880 1988 1933 2041 in
1972 1988 2110 2041 vivis
2141 1990 2266 2047 fuit.
2298 1991 2423 2057 egit.
2462 1990 2589 2043 Post
2624 1989 2773 2041 illius
2813 1990 3022 2042 obitum
3062 1990 3233 2043 multa
3268 2006 3333 2044 ex
3368 1990 3454 2043 his

1880 2077 2212 2132 immutavit.
2258 2080 2401 2136 Nam.
2432 2096 2555 2133 cum
2588 2080 2788 2147 populo
2820 2080 3049 2148 Augusti
3085 2080 3260 2149 legata
3306 2096 3449 2133 non—

1877 2168 2005 2220 dum
2063 2170 2187 2223 data
2241 2179 2446 2235 essent,
2478 2180 2533 2223 et
2562 2173 2783 2239 quidam
2823 2184 3040 2226 mortuo
3085 2174 3178 2242 qui
3218 2188 3315 2242 per
3364 2174 3451 2226 fo-
3542 2219 3546 2223 .

1878 2274 1999 2311 rum
2030 2254 2307 2313 ferebatur
2342 2261 2395 2313 in
2436 2276 2625 2315 aurem
2669 2263 2877 2331 aliquid
2909 2267 3353 2328 insusurrasset,-
3388 2279 3451 2315 ac

1879 2363 2100 2419 rogatus
2131 2353 2259 2420 quid
2297 2353 2544 2415 dixisset,
2580 2354 2969 2422 respondisset:
3005 2354 3071 2408 Se
3099 2356 3145 2406 ei
3173 2355 3453 2407 mandasse

1878 2454 1935 2494 ut
1969 2445 2202 2512 Augusto
2235 2445 2397 2514 548
2422 2446 2648 2508 diceret,
2687 2446 2938 2513 populum
2976 2446 3272 2498 Romanum
3316 2432 3450 2498 nou-

1876 2533 1997 2586 dum
2041 2536 2327 2605 quidquam
2368 2537 2667 2605 accepisse;
2708 2537 2912 2592 occidit
2953 2538 3231 2592 hominem
3260 2580 3273 2602 ,
3339 2538 3445 2591 hoc

1876 2626 2063 2681 addito
2109 2628 2249 2689 loco,
2285 2628 2346 2682 Ut
2374 2629 2427 2680 id
2460 2630 2569 2697 ipse
2592 2630 2674 2684 illi
2717 2635 2983 2684 nuntiaret
3009 2645 3027 2681 :
3074 2630 3287 2683 caeteris
3318 2641 3447 2682 vero

1875 2720 2051 2789 legata
2091 2704 2395 2775 distribuit.
2436 2722 2643 2790 Nepote
2693 2739 2760 2778 ex
2823 2726 2999 2779 Druso
3047 2724 3160 2778 ﬁlio
3207 2734 3445 2788 mortuo,

1878 2812 2025 2865 nulla
2066 2829 2125 2866 re
2154 2824 2415 2868 consueta
2458 2815 2746 2881 abstinuit,
2793 2820 2998 2886 negans
3045 2824 3270 2884 prapter
3298 2830 3443 2868 mur-

1878 2911 2001 2956 tuos
2043 2904 2342 2957 viventium
2399 2904 2572 2959 oliicia
2629 2918 2750 2960 esse
2797 2904 3123 2959 deserenda.
3190 2904 3443 2959 Clemens

1876 2992 2121 3061 quidam,
2161 2992 2255 3060 qui
2290 2993 2540 3061 Aggripm
2576 2998 2769 3049 servus
2804 2996 3009 3059 fuerat,
3051 2996 3190 3048 hero
3223 2994 3439 3056 similis,

1876 3094 1933 3133 se
1954 3080 2243 3149 Aggripam
2276 3097 2396 3135 esse
2436 3083 2722 3149 simulans,
2758 3084 2809 3139 in
2837 3083 3009 3138 Gallia
3033 3093 3087 3137 et
3119 3083 3273 3136 Italia
3300 3082 3441 3136 mul-

1881 3177 1963 3222 tos
1992 3169 2098 3223 sibi
2131 3170 2327 3223 ascivit
2359 3187 2374 3225 :
2417 3186 2480 3225 ac
2512 3173 2731 3226 tandem
2774 3171 2995 3226 Romam
3041 3172 3344 3232 contendit,
3372 3172 3439 3226 ad

1876 3262 2080 3315 avitum
2139 3263 2433 3331 imperium
2482 3264 2882 3333 recipiendum.
2946 3264 3115 3329 Quem
3168 3278 3291 3318 cum
3345 3278 3446 3329 per

1875 3355 2139 3425 quosdam
2172 3369 2231 3411 se
2278 3356 2424 3410 illius
2449 3373 2570 3411 esse
2610 3357 2866 3411 factionis
2916 3358 3240 3410 simulantes
3273 3355 3436 3409 sube-

1874 3448 2061 3516 gisset;
2094 3462 2156 3500 ac
2188 3448 2518 3516 quaestiones
2552 3446 2618 3499 de
2662 3461 2728 3499 eo
2764 3445 3064 3505 habuisset,
3104 3454 3161 3497 ut
3185 3442 3448 3497 conscios
3540 3496 3543 3499 γ

1873 3536 2131 3605 proderet
2162 3553 2176 3589 :
2212 3536 2307 3589 illo
2340 3536 2615 3590 neminem
2658 3536 2998 3600 nominante,
3045 3534 3292 3604 rogavit,
3328 3550 3445 3602 quo

1874 3636 2031 3696 pacto
2064 3628 2301 3698 Agrippa
2336 3626 2516 3681 factus
2550 3627 2738 3682 esset?
2771 3628 3052 3694 respondit
3084 3630 3244 3680 homo
3268 3667 3282 3687 ,
3326 3628 3432 3681 Eo-

1871 3720 1989 3772 dem
2016 3720 2173 3789 plane
2230 3719 2380 3772 modo
2408 3734 2509 3787 quo
2546 3729 2600 3771 tu
2634 3717 2831 3771 σαπείη.
2888 3717 3125 3771 Uxorem
3176 3716 3373 3771 Iuliam
3403 3732 3439 3770 ει

1871 3821 2025 3879 patre
2069 3811 2315 3879 Augusto
2353 3809 2425 3863 ob
2463 3808 2739 3862 lasciviam
2774 3808 2828 3861 in
2871 3808 3125 3862 exsilium
3189 3809 3431 3873 missam,

1870 3901 2007 3955 adeo
2038 3917 2145 3955 non
2190 3901 2488 3963 revocavit,
2540 3908 2602 3952 ut
2648 3899 2810 3952 etiam
2845 3899 3149 3962 incluserit,
3201 3906 3262 3952 ut
3318 3914 3429 3967 pra:

1870 4008 2112 4048 mrumna
2157 4001 2213 4046 et
2243 3991 2386 4046 fame
2417 3992 2689 4045 interiret.
2724 3990 3061 4057 Quibusdam
3105 3990 3432 4060 postulanti-

1874 4081 1977 4136 bus
2009 4093 2065 4135 ut
2097 4096 2337 4135 mensem
2370 4080 2757 4141 Novembrem,
2810 4081 2966 4149 cujus
3009 4080 3099 4133 die
3132 4095 3219 4131 xvi
3278 4088 3431 4131 natus

1872 4182 2037 4237 esset,
2088 4188 2120 4226 a
2146 4186 2209 4225 se
2253 4171 2538 4226 Tiberium
2569 4171 2868 4238 appellaret
2902 4186 2916 4225 :
2947 4171 3016 4224 Et
3042 4160 3426 4241 quid,inquit,

1872 4261 2107 4328 facietis,
2134 4262 2181 4313 εί
2212 4273 2309 4315 xm
2360 4259 2596 4333 Ccsarcs
2653 4259 2846 4325 fuerint
2873 4259 2899 4312 γ
2944 4259 3153 4313 Interea
3203 4257 3427 4313 Germa-

1872 4352 2035 4407 nicus
2060 4350 2201 4404 obiit
2232 4347 2560 4405 Antiochiae.
2595 4347 3018 4404 incantamentis
3070 4357 3127 4405 et
3166 4351 3432 4415 veneﬁcio

1871 4441 2103 4496 Pisonis.
2140 4440 2276 4495 Nam
2307 4448 2367 4494 et
2394 4432 2519 4493 ossa
2545 4447 2913 4501 mortuorum.
2949 4440 3000 4493 in
3034 4439 3236 4509 quibus
3271 4440 3428 4493 babi-

195 4546 460 4611 γέννητο,
489 4542 739 4610 Τιϐέριον
772 4542 829 4606 ἐξ
870 4540 1034 4593 αὐτοῦ
1067 4542 1372 4604 καλεῖσθαι,
1401 4543 1504 4595 Καὶ
1525 4541 1603 4605 τί,
1635 4541 1761 4609 ἔφη,

1875 4533 2024 4587 tabat
2044 4532 2269 4597 edibus,
2293 4532 2507 4590 defossa
2530 4544 2744 4605 reperta
2773 4542 2931 4588 sunt:
2960 4542 3016 4586 et
3054 4531 3320 4600 plumbeae
3348 4530 3428 4583 la-

193 4634 491 4699 ποιήσετε
536 4633 613 4687 ἂν
639 4634 943 4701 δεκατρεῖς
990 4636 1287 4701 Καίσαρες
1317 4635 1644 4701 τένωνταις
1678 4633 1771 4686 Ἐν

195 4726 419 4787 τούτοις
464 4726 492 4776 ὁ
535 4725 871 4794 Γερμανικὸς
926 4726 1279 4792 ἐτελεύτησεν
1335 4728 1392 4777 ἐν
1439 4725 1766 4795 Ἀντιοχείᾳ,

194 4816 664 4886 καταγοητευθείς
696 4833 753 4867 τε
803 4816 895 4867 καὶ
942 4816 1289 4887 φαρμαχθεὶς
1329 4818 1433 4871 ὑπὸ
1474 4817 1766 4880 Πείσωνος.

208 4912 382 4965 Ὀστᾶ
438 4924 498 4962 τε
542 4908 651 4978 γὰρ
692 4906 890 4977 εὑρέθη
950 4909 1263 4977 ἀνθρώπεια
1295 4910 1768 4979 κατορωρυγμένα

197 5003 257 5053 ἐν
285 5003 358 5070 τῇ
390 5000 537 5070 οἰκία
566 5000 623 5051 ἐν
670 4991 995 5068 ᾖκατῴκει,
1039 4999 1130 5048 καὶ
1188 4997 1481 5064 μολίϐδινοι
1541 4998 1768 5067 ἐλασμοὶ

198 5091 343 5159 ἀράς
367 5106 521 5149 τινας
553 5090 694 5156 μετά
724 5087 823 5140 τοῦ
861 5086 1121 5153 ὀνόματος
1168 5087 1334 5138 αὐτοῦ
1375 5087 1611 5153 ἔχοντες.
1643 5090 1766 5141 Ὂτι

199 5182 257 5233 δὶ
298 5182 397 5232 καὶ
425 5182 701 5249 φαρμάκῳ
737 5183 946 5251 ἐφθάρη
996 5180 1055 5233 τὸ
1097 5181 1253 5245 σῶμα
1296 5180 1455 5230 αὐτοῦ
1500 5180 1763 5247 ἐξέφηνεν

198 5270 280 5331 είς
320 5268 421 5337 τὴν
450 5269 655 5342 ἀγορὰν
682 5272 963 5337 κομισυέν,
996 5271 1090 5322 καὶ
1128 5272 1237 5329 τοῖς
1269 5269 1503 5339 παροῦσι
1530 5269 1763 5337 δειχθέν.

202 5358 473 5418 Θανόντος
503 5356 557 5409 δὲ
587 5357 614 5409 ὀ
651 5358 747 5424 μὲν
781 5360 1029 5427 Τιϐέριος
1072 5360 1164 5413 καὶ
1216 5361 1247 5427 ἡ
1280 5359 1441 5410 Λιϐία
1489 5358 1759 5426 ἥσθησαν,

198 5451 247 5501 ol
277 5449 326 5501 δ’
356 5444 505 5501 ἄλλοι
538 5448 879 5517 σφοδρότατα
900 5452 1161 5521 ἤλγησαν.
1191 5451 1488 5510 Κάλλιστος
1521 5450 1622 5517 μὲν
1653 5451 1761 5520 γὰρ

204 5539 263 5592 τι
296 5539 477 5605 σῶμα,
500 5538 720 5607 ἀριστος
753 5540 810 5591 δὲ
839 5542 937 5608 τὴν
971 5528 1285 5613 ψυχηνέφυ.
1320 5540 1540 5610 Παιδείᾳ
1564 5559 1621 5592 τε
1647 5541 1763 5609 ἅμα

201 5630 296 5683 καὶ
336 5628 563 5697 ἀνδρείᾳ
621 5629 680 5681 ἐν
738 5630 994 5699 πολέμοις
1038 5632 1360 5701 εὐδοκιμῶν,
1427 5632 1761 5701 ἡμερώτατα

203 5726 312 5783 τοῖς
352 5720 445 5773 ὑπ’
499 5719 661 5773 αὑτὸν
714 5726 1084 5791 προσεφέρετο
1108 5740 1123 5755 ·
1166 5725 1260 5777 καὶ
1290 5726 1431 5795 μέγα
1460 5725 1762 5792 δυνάμενος

204 5810 297 5865 ac;
332 5814 548 5883 Καῖσαρ
576 5810 633 5875 ἐξ
669 5812 781 5864 ίσου
828 5815 933 5874 τοῖς
966 5812 1378 5877 ἀσθενεστάτοις
1420 5817 1714 5884 ἑσωξρὸνει
1746 5830 1760 5846 ο

1875 4624 2054 4685 minae,
2091 4622 2167 4676 ilr
2196 4624 2397 4692 quibus
2426 4624 2746 4679 devotiones
2782 4640 2905 4677 cum
2941 4622 3157 4674 nomine
3187 4622 3304 4690 ejus
3341 4622 3427 4675 in-

1871 4716 2088 4783 scriptae
2111 4723 2288 4767 erant.
2331 4714 2553 4768 Veneno
2594 4724 2774 4767 autem
2810 4713 3084 4767 sublatum
3117 4727 3270 4772 esse.
3302 4727 3427 4766 cur»

1872 4822 1975 4875 pus
2022 4807 2141 4873 ejus
2187 4803 2428 4856 ostendit
2472 4804 2527 4857 in
2571 4804 2750 4857 forum
2782 4804 3075 4872 perlatum,
3129 4812 3185 4856 et
3229 4804 3453 4872 populi»

1869 4906 2171 4955 osueusum.
2230 4894 2361 4961 Ejus
2412 4893 2569 4948 obitu
2625 4894 2880 4950 Tiberius
2934 4904 2984 4949 et
3046 4894 3199 4948 Livia
3251 4896 3431 4963 gavisi,

1870 5000 2031 5049 sunt,
2066 4988 2157 5041 alii
2190 4988 2667 5043 vehementissime
2700 4990 3015 5043 doluerunt.
3056 4990 3183 5041 Nam
3215 5001 3269 5041 et
3299 5004 3426 5042 cor-

1870 5094 2002 5147 pore
2034 5079 2423 5147 pulcherrimo,
2464 5088 2521 5134 et
2554 5081 2972 5148 animo.0ptimo
3008 5080 3265 5153 praeditus
3298 5079 3417 5141 fuit,

1866 5181 1921 5225 et
1966 5170 2278 5225 eruditione
2307 5182 2363 5229 et
2383 5171 2610 5227 militari
2642 5172 2964 5225 fortitudine
2996 5171 3229 5239 insignis
3268 5188 3280 5222 :
3318 5172 3421 5225 hu-

1870 5262 2244 5316 manissimum
2307 5262 2541 5317 subditis
2599 5264 2714 5317 suis
2768 5278 2826 5316 se
2873 5262 3125 5329 praebuit.
3168 5262 3234 5317 Et
3277 5279 3400 5317 cum

1866 5356 2004 5423 ejus,
2054 5363 2111 5408 ut
2143 5356 2392 5419 Cresaris,
2425 5368 2630 5422 magna
2660 5368 2792 5422 opes
2816 5365 3020 5419 essent,
3061 5355 3421 5423 temperantia

1866 5446 2083 5501 intimos
2127 5447 2377 5515 aequavit.
2420 5444 2609 5511 Neque
2652 5454 2845 5505 contra
2898 5445 3130 5506 Drusum
3178 5447 3420 5499 invidioa

1865 5554 1923 5593 se
1970 5580 1982 5601 ,
2054 5553 2229 5605 neque
2305 5544 2493 5590 contra
2567 5536 2847 5592 Tiberium
2908 5537 3168 5591 insidiose
3250 5538 3413 5613 quid-

1864 5647 2027 5700 quam
2065 5631 2213 5683 l‘ecit.
2266 5615 2629 5697 lniperinm'a
2674 5632 2943 5686 militibus
2979 5639 3034 5682 et
3089 5640 3280 5683 senatu
3318 5623 3415 5699 po-

1852 5714 2098 5792 puloque
2161 5723 2304 5775 ultro
2353 5724 2593 5779 delatum
2655 5740 2766 5779 non
2823 5721 3051 5791 accepit.
3102 5722 3226 5776 Piso
3285 5739 3413 5778 vero

1866 5814 2143 5884 aliquanto
2174 5825 2295 5885 post
2329 5817 2555 5872 Romani
2593 5830 2862 5883 reversus,
2911 5822 2967 5869 et
2999 5814 3064 5869 ab
3094 5814 3211 5887 ipso
3234 5817 3403 5876 τωο-
