4036 6338
638 417 738 483 931

1888 399 2211 464 JOANNIS
2248 400 2565 460 ZONAR/E

3762 392 3854 451 932

635 521 778 590 quod
796 517 1040 571 funditus
1058 531 1180 570 cum
1200 514 1374 590 patria
1393 523 1447 566 et
1465 525 1629 582 regno
1655 508 1954 563 interisset.
1970 506 2202 561 Senato-

2319 507 2557 576 πατρίδος
2605 505 2698 558 καὶ
2742 507 2839 572 τῆς
2873 503 3150 572 βασιλεέας
3195 501 3460 556 ἀπώλετο.
3506 497 3776 552 Τοσοῦτον
3807 494 3854 550 δὲ

640 588 759 666 rum
773 618 923 664 certe
950 607 1170 676 quidem
1191 616 1246 658 et
1271 588 1501 658 aliorum
1527 611 1678 655 tanta
1708 597 2004 652 multitudo
2027 597 2197 649 inter-

639 705 777 757 lecta
797 710 902 765 est,
931 710 988 753 ut
1007 714 1111 752 non
1134 707 1318 752 essent
1348 694 1442 764 qui
1463 691 1861 762 provinciarum
1878 686 2200 758 praesidibus

642 807 988 849 successores
1032 791 1152 844 dari
1199 799 1444 858 possent.
1486 787 1562 838 Ac
1595 784 1687 837 alii
1732 783 1867 834 alias
1908 780 1979 832 ob
2010 792 2202 831 causas

645 897 749 939 tam
775 886 938 939 falsas
963 899 1126 952 quam
1153 897 1311 934 veras
1341 879 1757 933 occidebantur.
1789 873 2045 927 ACmilius
2074 885 2203 922 vero

643 978 882 1032 Scaurus
927 976 998 1028 ob
1029 975 1252 1027 Atreum
1291 968 1629 1039 traganliam,
1689 968 1742 1018 in
1792 980 1900 1033 qua
1949 961 2204 1016 monebat

643 1068 937 1138 quemdam
967 1074 1024 1117 ut
1051 1064 1314 1132 principis
1341 1061 1707 1114 temeritatem
1756 1056 1945 1114 ferret,
1981 1050 2205 1106 interfe-

644 1167 768 1212 ctus
806 1165 909 1210 est.
938 1154 1070 1207 Nam
1109 1152 1358 1205 Tiberius
1383 1150 1472 1202 illa
1514 1156 1702 1201 contra
1742 1161 1799 1198 se
1832 1143 2060 1198 conﬁcta
2088 1142 2205 1195 exi-

647 1249 898 1308 stimans,
919 1244 1084 1297 dixit:
1111 1246 1219 1312 Ego
1247 1257 1365 1294 vero
1398 1240 1550 1291 illum
1570 1238 1782 1306 Ajacem
1807 1235 2021 1304 faciam,
2054 1246 2208 1284 eum-

646 1353 753 1406 que
806 1337 909 1390 sibi
946 1349 1141 1388 manus
1183 1332 1379 1385 atl‘erre
1424 1331 1620 1397 coegit.
1665 1329 1810 1381 Inter
1869 1325 1982 1377 haec
2019 1321 2208 1375 adole-

646 1441 807 1483 scens
835 1424 1053 1493 quidam
1074 1423 1128 1474 in
1145 1420 1345 1474 Graecia
1376 1428 1430 1471 et
1458 1417 1604 1470 lonia
1639 1431 1696 1470 se
1726 1417 1961 1468 Drusum
1984 1426 2105 1470 esse
2130 1425 2211 1479 1a-

649 1524 832 1574 ctans,
862 1511 1061 1581 cupide
1104 1524 1134 1561 a
1173 1507 1486 1563 civitatibus
1531 1517 1616 1559 est
1661 1511 1950 1571 susceptus
1987 1517 2001 1552 :
2044 1515 2110 1554 ac
2154 1499 2210 1553 in

653 1604 865 1675 Syriam
893 1615 1068 1670 usque
1107 1612 1452 1668 progressus,
1484 1597 1728 1665 legiones
1769 1597 1934 1649 etiam
1966 1594 2210 1661 accepis-

651 1705 757 1758 set,
783 1693 888 1748 nisi
913 1694 1129 1762 agnitus
1161 1707 1193 1744 a
1221 1689 1457 1759 quodam
1496 1697 1551 1742 et
1581 1697 1795 1758 captus.
1828 1687 1895 1741 ad
1921 1686 2208 1742 Tiberium

650 1785 764 1840 Caii
797 1784 1017 1852 nuptias
1033 1782 1179 1836 Antii
1202 1781 1566 1834 celebrantem
1614 1781 1912 1848 perductus
1942 1785 2105 1832 esset.
2137 1776 2212 1830 Eo

2303 597 2506 665 πλῆθος
2534 597 2644 649 τῶν
2672 613 2732 648 τε
2760 595 3060 665 βουλευτῶν
3087 596 3180 646 καὶ
3206 593 3316 644 τῶν
3341 592 3515 646 ἄλλων
3547 592 3854 659 διέφθαρτο,

2301 688 2442 739 ὥστε
2477 689 2602 749 τοὺς
2635 688 2734 749 τὰς
2778 687 3074 755 ἡγεμονίας
3120 685 3434 738 τῶνέθνῶν
3470 685 3698 754 ἔχοντας
3730 687 3856 735 ἀπο-

2305 781 2396 848 ρίᾳ.
2443 779 2550 830 τῶν
2592 780 2788 839 αὐτοὺς
2818 777 3209 846 διαδεξομένων
3240 775 3556 842 ἀδιαδόχους
3589 770 3752 826 εἶναι.
3797 775 3856 825 Oi

2308 872 2404 938 μὲν
2432 867 2526 923 οὖν
2557 871 2706 924 ἄλλοι
2735 870 2801 922 δι’
2830 868 2996 931 ἄλλας
3027 868 3206 928 αίτίας
3236 868 3327 918 καὶ
3358 865 3573 933 ψευδεῖς
3608 865 3708 915 καὶ
3737 863 3857 931 ἀλη-

2304 961 2416 1023 θεῖς
2462 962 2830 1015 ἐκτιννύοντο.
2863 959 3112 1029 Αἰμίλιος
3148 959 3204 1010 δὲ
3254 958 3495 1026 Σκαῦρος
3526 957 3614 1008 διὰ
3647 971 3855 1024 τραγῳ-

2304 1053 2421 1105 δίαν
2466 1052 2757 1106 ἀπέθανεν.
2813 1053 3037 1121 Ἀτρεὺς
3085 1051 3185 1119 μὲν
3238 1050 3345 1117 γάρ
3396 1049 3458 1101 τδ
3515 1049 3730 1117 ποίημα
3778 1042 3858 1115 ἦν.

2307 1142 2541 1213 παρῄνει
2575 1143 2630 1194 δὲ
2663 1142 2770 1194 τῶν
2803 1142 3123 1210 ἀρχομένων
3148 1142 3271 1205 τινὶ,
3299 1140 3395 1210 τὴν
3420 1143 3514 1193 τοῦ
3541 1138 3858 1209 κρατοῦντος

2308 1236 2564 1288 ἀϐουλίαν
2593 1235 2802 1302 φέρειν.
2837 1231 3040 1286 Μαθὼν
3073 1227 3166 1284 οὖν
3193 1232 3366 1285 ταῦτα
3418 1232 3446 1281 6
3485 1230 3756 1298 Τιϐέριος.
3783 1226 3860 1277 ἐπ’

2309 1327 2468 1380 αὐτὸν
2505 1325 2832 1392 πεποιῆσθαι
2859 1324 2919 1376 τὸ
2949 1324 3078 1386 ἐπος
3100 1324 3343 1391 ἐνόμισε,
3379 1325 3470 1375 καὶ
3501 1317 3617 1373 εἶπε
3638 1337 3655 1352 ο
3701 1319 3859 1386 Κάγὼ

2308 1412 2421 1471 οὖν
2451 1416 2676 1470 Διαντα
2714 1413 2901 1466 αὐτὸν
2931 1411 3186 1477 ποιήσω,
3235 1413 3330 1465 καὶ
3367 1411 3627 1480 αύθεντίᾳ
3677 1408 3860 1462 ἀπολέ·

2311 1509 2434 1561 σθαι
2469 1505 2631 1559 αὑτὸν
2675 1506 3003 1574 ἠνάγκασεν.
3050 1504 3140 1558 Ἐν
3189 1504 3399 1566 τούτοις
3446 1505 3732 1563 νεανίσκος
3784 1516 3860 1563 τις

2309 1600 2546 1669 Δροῦσος
2575 1595 2722 1650 εἷναι
2753 1597 2945 1660 λέγων,
2974 1598 3103 1668 περί
3130 1614 3187 1649 τε
3219 1596 3317 1666 τὴν
3354 1595 3583 1649 Ἐλλάδα
3630 1596 3725 1647 καὶ
3771 1593 3859 1660 τὴν

2323 1691 2533 1744 Ἰωνίαν
2557 1688 2735 1758 ὤφθη.
2766 1687 2875 1741 Καὶ
2925 1688 3174 1752 ἐδέξαντο
3205 1688 3366 1740 αὑτὸν
3402 1688 3656 1756 ἀσμένως
3696 1687 3752 1738 at
3776 1685 3862 1735 1:6-

2311 1783 2446 1844 λεις,
2479 1781 2570 1832 καὶ
2609 1780 2712 1832 κᾶν
2745 1781 2802 1842 ἐς
2835 1777 2954 1848 τῆν’
2983 1779 3184 1847 Συρίαν
3238 1780 3602 1847 προχωρήσας
3641 1776 3860 1842 κατέσχε

623 1895 629 1900 ι
653 1889 796 1928 anno
825 1845 1043 1926 Tiberis
1069 1871 1236 1925 multa
1268 1870 1424 1924 urbis
1455 1871 1572 1922 loca
1596 1845 1676 1922 sic
1695 1867 2002 1932 inundavit,
2029 1874 2090 1919 ut
2115 1879 2210 1918 na-

2319 1872 2378 1925 τά
2420 1871 2778 1940 στρατόπεδα,
2817 1871 2865 1922 εί
2892 1845 2974 1939 ⁷μή
3009 1845 3095 1932 τις
3135 1845 3388 1938 ἐπιγνούς
3419 1845 3579 1922 αὐτὸν
3614 1867 3858 1922 συνέλαϐε

656 1964 984 2031 vigarentur.
1021 1971 1077 2013 et
1111 1960 1218 2029 igni
1252 1960 1484 2028 plurima
1511 1955 1737 2010 aediﬁcia
1762 1964 1888 2010 sunt
1907 1963 2208 2023 assumpta.

651 2051 808 2118 Quod
863 2051 906 2105 si
937 2049 1068 2119 quid
1111 2048 1432 2119 Egyptiaca
1479 2047 1548 2101 ad
1591 2048 1863 2101 Romanos
1912 2044 2210 2112 pertinent,

562 2198 567 2202 .
655 2142 879 2214 phoenix
909 2156 976 2195 eo
1007 2154 1152 2193 anno
1182 2148 1512 2207 conspectus
1553 2147 1640 2191 est
1667 2155 1681 2191 :
1729 2152 1850 2204 qua:
1887 2151 1974 2189 res
2004 2134 2210 2188 Tiberii

663 2242 892 2286 mortem
952 2230 1281 2300 portendere
1329 2229 1676 2283 videbantur.
1718 2227 1821 2292 Qui
1865 2241 1987 2280 cum
2041 2225 2213 2294 multo

658 2335 784 2378 ante
821 2332 1109 2392 regrotaret
1135 2361 1150 2386 ,
1184 2336 1362 2390 neque
1395 2322 1571 2374 victus
1615 2319 1880 2373 rationem
1933 2317 2213 2380 mutabat,

656 2431 834 2484 neque
852 2415 1082 2468 medicis
1121 2414 1376 2467 utebatur
1420 2421 1646 2481 propter
1677 2408 1967 2478 Thrasyllii
1998 2407 2164 2462 verba
2198 2423 2212 2458 :

655 2508 746 2575 qui
791 2489 915 2559 cum
964 2516 1021 2558 et
1065 2504 1210 2558 diem
1239 2513 1296 2557 et
1325 2505 1510 2581 horam
1548 2503 1739 2556 mortis
1793 2501 1912 2569 ejus
1945 2497 2216 2568 exquisite

657 2605 861 2658 nosset,
908 2596 956 2648 ei
988 2594 1203 2649 dixerat
1237 2593 1561 2647 decennium
1608 2591 1788 2645 adhuc
1816 2592 2114 2653 victurum,
2157 2596 2216 2642 ut

657 2704 752 2757 spe
775 2685 1140 2741 diuturnioris
1173 2684 1296 2738 vita:
1335 2682 1517 2736 minus
1555 2684 1755 2736 multos
1787 2681 2085 2736 occideret.
2123 2678 2214 2733 Uti

659 2791 840 2835 autem
886 2781 945 2833 ﬁt
995 2781 1048 2833 in
1079 2779 1235 2832 senio
1276 2787 1332 2831 et
1374 2777 1566 2830 morbo
1597 2792 1704 2829 non
1736 2785 1920 2841 acuto,
1955 2777 2090 2829 alias
2124 2775 2218 2829 de—

660 2872 976 2932 cumhebat,
1009 2870 1144 2923 alias
1178 2869 1613 2922 convalescebat.
1653 2866 1805 2922 Unde
1829 2865 1993 2920 Caius
2029 2875 2086 2918 et
2123 2864 2218 2918 alii

661 2977 808 3016 nunc
837 2971 896 3016 ut
927 2975 993 3015 eo
1015 2960 1284 3014 morituro
1333 2959 1681 3022 laetabantur,
1719 2970 1862 3008 nunc
1890 2965 1951 3007 ut
1982 2969 2218 3009 evasuro

664 3051 988 3104 mmrehant.
1023 3052 1099 3103 Ac
1132 3047 1341 3102 ven'tus
1362 3046 1546 3107 Caius,
1570 3059 1636 3098 ne
1659 3044 2028 3098 valetudinem
2057 3043 2217 3114 552

671 3148 1046 3209 recuperaret,
1069 3154 1170 3192 nec
1199 3135 1384 3191 cibum
1427 3136 1633 3202 petenti
1668 3135 1852 3197 dabat,
1881 3136 2036 3204 quasi
2065 3135 2109 3188 is
2137 3135 2220 3187 in-

662 3231 1108 3290 commodaturus
1153 3229 1204 3283 ei
1252 3236 1416 3290 esset,
1445 3237 1498 3281 et
1530 3227 1716 3280 multis
1752 3243 1815 3280 ac
1844 3225 2031 3280 densis
2073 3233 2215 3279 stra-

663 3321 806 3390 gulis
851 3321 1088 3388 injectis.
1139 3321 1293 3388 quasi
1335 3317 1693 3372 calefactione
1722 3331 1860 3384 opus
1885 3325 2054 3380 esset,
2091 3330 2219 3369 eum

664 3409 972 3473 suﬁ'ocavit,
1033 3423 1205 3462 annos
1247 3421 1321 3460 vn
1352 3418 1408 3460 et
1446 3421 1546 3459 ιιι
1586 3414 1796 3468 natum,
1827 3419 2043 3458 menses
2079 3412 2224 3467 iv,et

665 3500 785 3555 dies
844 3515 919 3556 ix.
965 3513 1201 3568 quorum
1257 3512 1297 3549 ιι·
1354 3505 1410 3550 et
1457 3512 1524 3549 xx
1583 3495 1891 3564 imperavit,
1949 3511 2015 3549 ac
2068 3509 2222 3548 men-

663 3608 753 3647 ses
782 3601 837 3644 et
868 3592 988 3644 dies
1030 3606 1124 3651 vn.
1159 3588 1312 3643 Obiit
1352 3603 1450 3642 xm
1500 3589 1616 3642 Kal.
1653 3589 1873 3656 Aprilis.
1915 3588 2073 3642 Anno
2105 3588 2223 3656 ejus

668 3684 884 3753 imperii
915 3697 982 3734 xv
1026 3682 1290 3734 Dominus
1316 3691 1502 3734 uoster
1523 3681 1679 3732 Jesus
1711 3679 1962 3732 Christus
1985 3677 2228 3746 baptiza-

670 3784 756 3828 tus
784 3783 869 3828 est
890 3790 921 3837 ;.
972 3779 1124 3834 x’viu,
1161 3771 1496 3842 traditus‘et
1521 3769 1851 3834 cruciﬁxus,
1897 3769 2224 3822 resurrexit.

668 3867 862 3920 Narrat
907 3863 1199 3922 Eusebius,
1245 3861 1481 3915 Pilatum
1527 3859 1725 3913 Judzcze
1755 3870 1868 3912 tum
1905 3859 2215 3928 praesidem.

671 3955 880 4008 Domini
908 3963 1028 4006 acta
1069 3954 1136 4006 ad
1181 3953 1466 4006 Tiberium
1518 3951 1802 4019 scripsisse
1833 3989 1849 4014 ,
1895 3965 2020 4004 cum
2049 3949 2219 4003 moris

668 4053 852 4105 essu-t,
892 4053 951 4095 ut
986 4043 1390 4109 provinciarum
1423 4039 1685 4108 pmfeeti,
1719 4039 1765 4092 si
1794 4037 1926 4108 quid
1963 4038 2092 4093 novi
2130 4055 2222 4094 ac-

666 4134 911 4195 cidisset,
977 4132 1030 4184 id
1080 4130 1313 4199 principi
1356 4120 1746 4198 signiﬁcarent,
1803 4143 1872 4182 ne
1917 4128 2085 4200 ullius
2144 4129 2222 4183 rei

669 4239 790 4293 quae
827 4223 967 4291 apud
1007 4231 1236 4288 exteros;
1266 4229 1588 4289 gereretur,
1639 4221 1860 4288 ignarus
1893 4229 2056 4274 esset.
2089 4217 2225 4273 Cum

667 4315 840 4375 enim,
874 4313 1068 4379 inquit,
1095 4311 1406 4366 Servatoris
1440 4313 1614 4365 nostri
1645 4325 1678 4364 e
1726 4311 1959 4364 mortuis
1984 4325 2229 4364 resurre-

667 4402 783 4457 ctio
831 4415 926 4469 per
952 4409 1118 4455 totam
1152 4401 1492 4455 Palastinam
1526 4401 1802 4455 celebrata
1837 4411 2003 4466 esset,
2021 4401 2228 4458 Pilatus

2314 1963 2406 2015 καὶ
2434 1965 2570 2031 πρὸς
2597 1961 2688 2013 τὸν
2719 1961 2970 2032 Τιϐέριον
3001 1962 3212 2030 ἢγαγεν
3234 1977 3251 1993 ·
3279 1962 3308 2014 6
3333 1959 3390 2014 δὲ
3427 1962 3484 2013 ἰν
3523 1959 3716 2028 ’Δντίῳ
3745 1959 3861 2019 τοὺς

2312 2051 2407 2103 τοῦ
2447 2051 2488 2104 Γ
2490 2052 2610 2105 αῖον
2658 2052 2871 2120 γάμους
2919 2050 3215 2121 ἑώρταζεν.
3264 2049 3323 2105 ’0
3371 2049 3596 2118 Τίϐερις
3639 2049 3696 2103 δὲ
3749 2047 3859 2100 τότε

2314 2143 2489 2196 πολλά
2541 2144 2642 2214 τῆς
2684 2143 2906 2213 Ῥώμης
2953 2143 3276 2207 ἐπέκλυσεν,
3321 2143 3461 2195 ὥστε
3518 2123 3858 2210 πλευσθῆναι,

2315 2238 2410 2290 καὶ
2440 2236 2575 2307 πυρὶ
2614 2236 2784 2306 μυρία
2831 2236 3064 2304 ἐφθάρη.
3103 2235 3165 2286 El
3191 2235 3248 2287 δέ
3275 2251 3329 2286 τι
3374 2234 3467 2286 καὶ
3497 2234 3566 2286 τά
3603 2232 3860 2300 Αἰγύπτια

2317 2329 2459 2399 πρὸς·
2487 2329 2612 2389 τοὺς
2657 2327 2960 2395 Ῥωμαίους
2987 2327 3277 2396 προσήκει,
3303 2326 3331 2376 6
3361 2324 3537 2392 φοῖνιξ
3578 2325 3765 2392 ἐκείνῳ
3792 2321 3860 2390 τῷ

2318 2420 2428 2472 ἔτει
2463 2418 2642 2488 ὤφθη·
2669 2421 2764 2470 καὶ
2786 2418 2932 2482 ἔδοξε
2963 2417 3138 2472 ταῦτα
3166 2417 3260 2469 τὸν
3292 2417 3522 2469 θάνατον
3546 2415 3622 2485 τῷ
3641 2413 3862 2483 Τιϐερίῳ

2317 2510 2734 2580 προσημαίνειν.
2771 2510 2870 2572 ’ος
2918 2510 3139 2578 ἐνόσησε
3177 2508 3274 2576 μὲν
3326 2507 3431 2577 πρὸ
3473 2506 3714 2566 πλείονος
3746 2504 3862 2573 χρό⁶

2317 2617 2435 2665 νου,
2491 2599 2614 2653 οὔτε
2664 2600 2722 2654 δὲ
2775 2600 2874 2670 τὴν
2923 2600 3134 2652 δίαιταν
3184 2598 3556 2668 παρήλλαξεν,
3591 2595 3713 2650 οὔτε
3762 2596 3862 2654 τοῖς

2322 2693 2526 2762 ίατροίς
2575 2691 2866 2763 ἐκέχρητο,
2915 2691 3001 2744 διὰ
3031 2690 3121 2744 τὸν
3149 2691 3243 2744 τοῦ
3276 2690 3563 2759 Θρασύλον
3608 2689 3782 2754 λόγον,
3813 2687 3862 2746 ὃς

2320 2783 2462 2834 πάνυ
2516 2781 2613 2852 μὲν
2663 2780 2910 2848 ἀκριϐῶς
2956 2779 3073 2848 ⁴ᾔδει
3111 2779 3206 2832 καὶ
3243 2780 3342 2847 τὴν
3389 2779 3607 2849 ἡμέραν
3647 2782 3742 2831 καὶ
3775 2776 3862 2844 τὴν

2321 2874 2471 2944 ῶραν
2537 2871 2659 2924 καθ’
2701 2871 2769 2941 ἢν
2822 2869 3168 2940 τεθνήξεσθαι
3228 2868 3454 2938 ἔμελλεν
3507 2870 3537 2922 6
3609 2869 3861 2937 Τιδέριος,

2321 2965 2513 3033 δκείνῳ
2562 2959 2618 3015 δὲ
2647 2963 2779 3016 δέκα
2817 2963 3096 3030 ἐνιαυτοὺς
3125 2961 3206 3014 ἔτι
3235 2959 3529 3030 βιώσεσθαι
3575 2960 3775 3026 ἔλεγεν,
3807 2959 3864 3010 ἵν’

2322 3057 2397 3117 ὡς
2449 3056 2542 3108 ἐπὶ
2587 3055 2921 3125 μακρότερον
2980 3051 3183 3121 ζήσων,
3247 3053 3321 3122 μὴ
3371 3053 3601 3121 ἑπειχθῇ
3656 3049 3867 3111 πολλοὺς

2245 3181 2291 3239 c
2323 3148 2660 3198 ἀποκτεῖναι.
2691 3141 2792 3199 Οἷα
2816 3145 2860 3198 δ’
2892 3145 2950 3195 ὲν
2976 3145 3124 3214 γήρᾳ
3162 3143 3256 3197 καὶ
3281 3143 3422 3213 νόσῳ
3449 3147 3524 3216 μὴ
3554 3143 3724 3213 ὀξείᾳ,
3757 3140 3865 3191 τοτὲ

2326 3238 2424 3306 μὲν
2462 3239 2839 3300 κατεπονεῖτο,
2875 3235 2996 3286 τοτὲ
3027 3234 3085 3286 δὲ
3134 3233 3536 3304 ἀνιρῥώννυτο.
3575 3229 3866 3285 Κάντεῦθςν

2325 3326 2492 3378 ἐνίοτε
2531 3327 2628 3395 μὲν
2665 3325 2856 3394 ἥδοντο
2901 3324 2954 3376 οῖ
2998 3341 3059 3376 τε
3096 3323 3299 3387 λοιποὶ,
3357 3324 3454 3376 καὶ
3501 3325 3530 3374 6
3588 3325 3760 3383 Γαῖος,
3798 3321 3862 3380 ὡς

2321 3418 2757 3486 τελευτήσοντος.
2803 3413 3003 3467 Ἐνίοτε
3041 3415 3096 3467 6's
3127 3413 3202 3477 ὡς
3236 3413 3330 3467 καὶ
3365 3414 3668 3484 ζησομένου
3714 3410 3864 3478 πεφόο

2325 3510 2511 3578 6ηντο.
2545 3508 2740 3571 Δείσας
2771 3507 2862 3560 οὖν
2908 3509 2935 3559 6
2973 3508 3130 3572 Γάῖος
3182 3508 3255 3577 μὴ
3304 3510 3397 3562 καὶ
3433 3507 3712 3576 ἀνασωθῇ,
3756 3505 3874 3560 οὔτε

2327 3602 2518 3666 φαγεῖν
2568 3600 2850 3668 αἰτήσαντι
2897 3600 3116 3662 ἔδωκεν,
3153 3599 3225 3661 ὡς
3266 3599 3406 3666 τάχα
3470 3598 3863 3667 βλαϐησομένῳ,

2326 3688 2422 3738 καὶ
2452 3688 2639 3756 ίμάτια
2670 3687 2840 3740 πολλά
2868 3688 2960 3739 καὶ
3000 3689 3178 3755 παχέα
3215 3688 3286 3749 di;
3316 3685 3618 3757 θερμασίας
3649 3687 3869 3753 δεομένῳ

2329 3778 2630 3846 προσέϐαλε
2655 3793 2669 3806 ·
2725 3779 2817 3831 καὶ
2849 3778 3021 3840 οὕτως
3055 3776 3356 3840 ἀπέπνιξεν
3408 3779 3592 3837 αὑτὸν.
3645 3777 3864 3847 ζήσαντα

2326 3871 2420 3938 ἐτη
2451 3869 2592 3921 ἐπτά
2618 3869 2754 3938 πρὸς
2789 3870 2906 3929 τοῖς
2938 3868 3312 3938 ἑϐδομήκοντα
3351 3868 3443 3921 καὶ
3485 3868 3663 3938 μῆνας
3692 3866 3867 3918 dssu-

2329 3977 2448 4031 ρας,
2486 3960 2592 4012 καὶ
2648 3960 2858 4028 ἡμέρας
2905 3962 3080 4022 ἐννέα,
3137 3958 3233 4027 ἀφ’
3263 3953 3339 4013 ὧν
3390 3959 3501 4019 δύω
3555 3963 3649 4012 καὶ
3682 3960 3868 4010 εἴκοσιν

2327 4049 2608 4110 ἐνιαυτοὺς
2658 4048 3004 4116 ὲμονάρχησε
3048 4048 3141 4098 καὶ
3186 4048 3363 4118 μῆνας
3389 4049 3527 4122 ἑπτὰ
3555 4051 3651 4103 καὶ
3676 4049 3863 4118 ἡμέρας

2329 4140 2466 4193 ἑπτά
2488 4156 2502 4170 ο
2538 4137 2837 4209 μετήλλαξε
2871 4137 2926 4189 δὲ
2957 4139 3023 4208 τῇ
3055 4138 3276 4206 εἰκοστῇ
3305 4138 3395 4190 τοῦ
3421 4140 3667 4208 Μαρτίου
3688 4141 3862 4209 ἡμέρα.

2329 4231 2529 4282 Τούτου
2559 4229 2635 4299 τῷ
2667 4228 3135 4298 πεντεκαιδεκάτῳ
3167 4227 3277 4280 ἔτει
3305 4228 3611 4299 ἐσαπτίσθη
3635 4233 3662 4282 6
3688 4230 3864 4298 Κύριος

2327 4321 2484 4388 ἡμῶν
2527 4319 2732 4390 Ἰησοῦς
2783 4321 3014 4390 Χριστός
3040 4334 3054 4349 ⁸
3111 4322 3170 4372 ιν
3215 4319 3274 4373 δὲ
3326 4318 3406 4389 τῷ
3436 4320 3864 4386 ὀκτωκαιδεκάτῳ

2331 4411 2597 4479 παρεδόθη
2645 4412 2737 4463 καὶ
2784 4410 3102 4481 ἐσταυρώθη
3135 4413 3228 4464 καὶ
3261 4411 3480 4482 ἀνέστη.
3525 4411 3745 4482 Ἱστορεῖ
3775 4411 3863 4464 δὲό

668 4508 790 4549 eam
823 4507 939 4546 rem
975 4492 1198 4545 Tiberio
1239 4493 1559 4560 imperatori
1589 4493 2021 4547 communicavit
2053 4510 2066 4546 :
2130 4493 2217 4561 qui

2333 4503 2588 4564 Εὐσέϐιος
2620 4543 2635 4567 ,
2687 4502 2778 4554 τὸν
2823 4501 3055 4554 Πιλάτον
3091 4502 3209 4582 ’τῆς
3274 4502 3533 4565 Ἰουδαίας
3593 4500 3864 4573 τηνικαῦτα
3914 4526 3917 4527 ν

667 4597 794 4636 cum
847 4582 1057 4635 caeteris
1097 4583 1218 4648 ejus
1288 4581 1567 4635 miraculis
1610 4581 1852 4642 auditis,
1912 4591 2026 4635 tum
2077 4579 2221 4652 quod

672 4683 794 4741 post
819 4673 1278 4727 resurrectionem
1304 4687 1334 4724 e
1362 4671 1592 4724 mortuis
1616 4686 1644 4722 a
1684 4671 1931 4738 plurimis
1963 4673 2108 4726 Deus
2139 4688 2225 4726 es-

670 4776 732 4823 se
765 4763 1106 4824 crederetur,
1132 4761 1200 4815 ad
1241 4770 1490 4816 senatum
1508 4762 1575 4815 de
1603 4775 1672 4815 eo
1700 4762 1903 4814 retulit.
1926 4761 1974 4816 ls
1995 4778 2126 4816 vero
2141 4778 2226 4817 re-

670 4856 914 4922 tragatus
961 4862 1066 4915 est,
1115 4853 1262 4920 quod
1309 4853 1425 4921 ipse
1470 4853 1523 4907 id
1560 4867 1670 4906 non
1719 4854 1876 4922 prius
1919 4854 2222 4921 probasset.

670 4944 804 5000 Nam
834 4943 1006 4996 veteri
1037 4943 1155 5010 lege
1180 4943 1450 4995 sancitum
1477 4951 1614 5005 erat,
1660 4958 1728 4996 ne
1752 4943 1876 5011 quis
1904 4943 2062 4997 aliter
2084 4945 2225 5012 apud

674 5036 946 5088 Romanos
999 5032 1054 5084 in
1106 5031 1332 5085 deorum
1366 5046 1655 5085 numerum
1695 5033 2014 5095 referretur,
2047 5034 2101 5086 ni
2143 5048 2228 5087 se-

676 5120 838 5175 natus
873 5124 1124 5192 jussisset
1152 5136 1218 5174 ac
1238 5113 1589 5176 decrevisset.
1611 5120 1747 5176 Cum
1785 5134 1964 5177 autem
1996 5124 2225 5179 Romani

673 5211 1012 5281 rogationem
1050 5213 1116 5265 de
1138 5213 1428 5267 Servatore
1460 5223 1646 5267 nostro
1679 5215 2100 5284 improbassent.
2133 5217 2227 5268 Ti-

679 5305 889 5358 berium
929 5304 982 5356 in
1017 5304 1245 5371 pristim
1285 5304 1352 5359 de
1396 5319 1464 5356 eo
1505 5307 1770 5359 sententia
1797 5320 2226 5375 permanentem,

675 5395 812 5448 nihil
862 5395 1081 5468 gravius
1136 5394 1190 5447 in
1245 5395 1548 5449 doctrinam
1601 5395 1964 5452 Christianam
2021 5401 2226 5455 consti-

677 5485 846 5538 tuisse
883 5505 893 5537 :
927 5499 990 5537 ac
1024 5493 1216 5537 testem
1242 5485 1426 5538 laudat
1451 5485 1882 5547 Tertullianum,
1923 5489 2227 5546 Romanum

677 5575 1001 5644 scriptorem
1056 5583 1112 5627 et
1135 5573 1339 5627 clarum
1362 5577 1563 5639 virum,
1591 5579 1750 5645 cujus
1799 5579 1914 5634 hac
1961 5597 2023 5637 ea
2059 5584 2127 5638 de
2171 5601 2229 5640 re

677 5670 842 5719 verba
886 5675 1149 5720 exstant:
1201 5654 1368 5718 Vetus
1419 5676 1675 5722 statutum
1711 5670 1831 5738 fuit,
1883 5688 1947 5725 ne
1995 5679 2108 5744 quis
2165 5680 2228 5732 ab

680 5755 789 5807 ulla
829 5756 952 5808 deus
976 5765 1390 5820 consecraretur,
1419 5760 1720 5822 vriusquam
1743 5762 1797 5813 id
1823 5779 1854 5815 a
1884 5775 2070 5820 senatu
2105 5785 2228 5822 oro-

2331 4593 2776 4664 έπιτροπεύοντα,
2806 4596 3012 4661 γράψαι
3046 4590 3114 4643 τὰ
3154 4591 3287 4661 ’περὶ
3333 4593 3426 4644 τοῦ
3457 4593 3657 4663 Κυρίου
3689 4593 3760 4662 τῷ
3785 4593 3862 4644 Τι-

2329 4684 2516 4751 ϐερίῳ,
2542 4684 2693 4749 ἔθους
2717 4684 2868 4744 ὅντος
2919 4684 3029 4744 τοῖς
3057 4682 3166 4734 τῶν
3190 4683 3363 4738 ἐθνῶν
3388 4683 3618 4753 ἄρχουσι
3645 4687 3711 4738 τά
3735 4681 3862 4755 περὶ

2331 4771 2481 4837 σφίσι
2536 4769 3002 4839 καινοτομούμενα
3051 4771 3243 4841 δηλοῦν
3289 4772 3370 4843 τῷ
3410 4774 3534 4842 τὴν
3587 4776 3860 4844 μοναρχίαν

2336 4859 2585 4923 ίθύνοντι,
2619 4859 2685 4912 ἶν’
2716 4860 2864 4929 αὐτῷ
2904 4862 3069 4931 μηδὲν
3125 4863 3388 4932 ἀγνοῆται
3439 4864 3547 4917 τῶν
3600 4864 3728 4932 παρ’
3756 4853 3868 4916 ικά-’

2275 5021 2280 5026 γ
2334 4966 2478 5012 στοις
2523 4950 2640 5002 τῶν
2667 4950 2835 5003 ἐθνῶν
2869 4954 3188 5020 γινομένων.
3226 4954 3365 5024 Ἤδη
3413 4954 3544 5026 γὰρ,
3600 4957 3750 5025 φησὶ,
3777 4953 3857 5021 τῆς

2335 5045 2398 5096 ὲκ
2464 5045 2674 5112 νεκρῶν
2736 5044 3083 5102 ἀναστάσεως
3136 5041 3228 5094 τοῦ
3289 5044 3746 5118 Σωτῆροςημῶν
3795 5046 3859 5104 εἰς

2335 5135 2580 5194 ἅπαντας
2617 5135 2673 5186 ἐν
2706 5135 2855 5205 πάσῃ
2885 5136 2948 5202 τῇ
2985 5132 3310 5203 Παλαιστίνῃ
3339 5131 3780 5203 διαϐεϐοημένης,
3803 5131 3858 5182 τὰ

2335 5226 2462 5292 περὶ
2506 5225 2671 5290 αὐτῆς
2721 5226 2748 5276 6
2789 5225 3018 5285 Πιλᾶτος
3051 5221 3376 5276 ἐκοινώσατο
3410 5222 3648 5293 Τιϐερίῳ
3686 5223 3755 5291 τῷ
3781 5223 3860 5274 αὐ-

2336 5317 2622 5384 τοκράτορι
2666 5315 2721 5376 ὃς
2751 5317 2815 5366 τὰ
2859 5315 3024 5367 λοιπά
3056 5331 3113 5364 τε
3158 5315 3324 5366 αὐτοῦ
3357 5314 3719 5383 ἠνωτισμένο;
3749 5315 3856 5366 θαυ-

2339 5403 2529 5471 μάσια,
2577 5407 2670 5459 καὶ
2715 5405 2789 5467 ὡς
2826 5407 2964 5474 μετά
3012 5406 3240 5458 θάνατον
3288 5407 3351 5458 ἐκ
3401 5407 3610 5472 νεκρῶν
3651 5404 3857 5463 ἀναστὰς

2335 5492 2464 5558 Θεὸς
2511 5491 2648 5547 εἶναι
2692 5494 2842 5563 παρά
2892 5494 3165 5558 πλείστοις
3213 5495 3312 5567 ήδη
3383 5495 3752 5557 πεπίστευται,
3781 5495 3855 5546 ἀν·

2337 5585 2537 5655 ήιιεγκε
2575 5590 2641 5657 τῇ
2675 5586 2958 5655 συγκλήτῳ
3002 5586 3194 5640 ταῦτα.
3239 5587 3452 5656 Ἐκείνη
3492 5586 3550 5640 δι
3595 5587 3857 5652 τὸνλόγον

2337 5679 2616 5740 ἀπώσατο,
2668 5679 2751 5730 ὅτι
2789 5677 2864 5746 μὴ
2899 5668 3331 5750 πρότερονηαθτῆ
3359 5677 3517 5750 τοῦτο
3545 5679 3856 5748 δοκιμάσαιτε

2335 5765 2424 5836 ἦν,
2475 5769 2702 5824 παλαιοῦ
2753 5770 2918 5839 νόμου
2949 5769 3228 5841 κειμένου,
3269 5769 3351 5844 μὴ
3373 5769 3550 5836 ἄλλως
3578 5770 3707 5827 τινὰ
3731 5763 3854 5835 παρὰ
