4028 6334
111 2480 120 2487 .
221 2420 446 2488 ἑγγόνῳ
474 2419 551 2488 τῷ
583 2420 819 2489 Τιϐερίῳ
857 2420 955 2490 τὴν
993 2422 1295 2492 αύταρχίαν
1340 2424 1651 2489 κατέλιπεν,
1688 2426 1829 2480 ἀλλ”

234 376 346 439 933
1499 387 1903 450 ANNA’LIUM
1944 391 2088 451 LIB.
2131 392 2173 450 Χ
2188 392 2231 453 l.
3382 391 3484 453 93¢.

246 491 544 559 Ἰὀιμαίοις
582 492 969 557 θεοποιεῖσοαι,
1015 498 1091 566 μὴ
1142 498 1263 567 οὐχὶ
1314 498 1479 571 Qui;an
1529 502 1626 570 τῆς
1676 520 1806 569 συγ-

1909 505 2090 557 barum
2121 512 2272 556 esset.
2308 502 2563 557 Tiberius
2596 502 2782 572 igitur,
2824 517 2949 555 cum
2987 514 3187 556 nomen
3217 500 3484 557 Cliristia~

231 581 438 652 κλήτου
491 584 587 636 καὶ
641 584 896 656 δόγματι.
939 588 1158 658 Ταύτης
1210 589 1254 641 δ’
1285 587 1377 641 οὖν
1438 578 1807 662 ἀπωσαμένης

1912 607 2110 645 norum
2152 592 2208 645 in
2250 592 2515 663 mundum
2546 590 2851 663 ingressum
2894 601 3078 657 esset,
3113 591 3164 645 id
3200 592 3485 645 decretum

230 673 329 726 τὸν
361 670 490 745 περὶ
514 674 608 727 τοῦ
646 676 897 746 Σωτῆρος
923 680 1082 748 ήμῶν
1111 680 1292 747 λόγον,
1323 682 1419 734 τὸν
1461 683 1716 754 Τιϐέριον
1747 685 1807 755 ἣν

1909 700 1976 739 ex
2002 687 2315 751 Palaestina,
2343 688 2435 741 ubi
2470 687 2706 757 primunt
2732 695 2915 739 ortum
2944 695 3087 749 eral,
3125 685 3230 738 sibi
3266 684 3489 737 nuntia-

230 765 333 816 καὶ
369 765 561 835 πρώην
611 763 727 837 εἶχε
760 770 987 841 γνώμην
1022 773 1365 843 τηρήσαντα,
1404 774 1573 845 μηδὲν
1613 776 1807 829 ἄτοπον

1914 785 2051 841 tum,
2079 791 2203 830 cum
2242 786 2434 829 senatu
2477 774 2908 829 ccimnunicavit
2952 815 2967 840 ,
3027 773 3171 827 haud
3227 773 3489 827 dissimu-

231 856 383 907 κατά
412 857 517 926 τῆς
548 858 786 929 Χριστοῦ
815 861 1167 925 διδασκαλίας
1199 866 1504 934 ιπινοῆσαι.
1539 866 1807 938 Μάρτυρα

1910 864 2054 927 laus.
2123 866 2346 937 probari
2379 867 2481 920 sibi
2522 867 2571 919 id
2610 866 2968 935 praeconium.
3011 866 3129 931 Quo
3180 879 3209 917 a
3264 874 3483 927 senatu,

225 947 277 997 δ’
304 948 399 998 ἐπὶ
425 949 634 1011 τούτοις
674 952 911 1022 παράγει
931 955 1322 1025 Τερτουλιανὺν
1356 960 1382 1009 6
1412 959 1693 1025 Εὐσέϐιος,
1722 959 1807 1012 ἀν-

1914 955 2175 1023 quoniam
2210 956 2261 1009 id
2296 959 2412 1024 ipse
2445 971 2554 1009 non
2596 956 2910 1027 probasset,
2942 954 3250 1023 repudiato,
3284 953 3487 1006 nihilo-

229 1037 342 1107 δρα
384 1039 657 1110 Ῥωμαίον
690 1044 785 1096 καὶ
815 1045 912 1098 ἕνα
941 1045 1051 1098 τῶν
1097 1046 1158 1099 ὲν
1199 1050 1265 1118 τῇ
1308 1048 1494 1118 Ῥώμῃ
1524 1048 1807 1119 λαμπρῶν,

1913 1047 2098 1101 minus
2130 1049 2182 1101 in
2218 1046 2409 1101 eadem
2471 1048 2743 1101 sententia
2796 1046 3120 1116 permansit,
3151 1043 3488 1098 Christiano-

227 1130 292 1182 ὲν
337 1138 635 1205 συγγραφῇ
677 1138 956 1206 τινι,παρ’
992 1138 1157 1191 αὐτοῦ
1205 1139 1489 1211 έκτεθείσῃ
1526 1141 1807 1212 Ῥωμαϊκῇ

1916 1156 2037 1193 rum
2074 1139 2496 1194 accusatoribus
2532 1149 2763 1195 mortem
2804 1139 3194 1192 comminatus.
3230 1135 3352 1189 [late
3395 1134 3488 1187 Ti-

225 1223 530 1295 διαλέκτῳ,
583 1228 985 1302 μεταϐληθείσῃ
1016 1232 1063 1283 δ’
1093 1236 1171 1293 εἷς
1205 1234 1303 1300 τὴν
1346 1231 1574 1286 Ἐλλάδα
1611 1237 1807 1303 φωνὴν²

1914 1231 2127 1284 berium
2175 1230 2374 1285 fecisse
2399 1230 2693 1293 Eusebius,
2730 1228 3019 1282 divinitate
3048 1226 3358 1280 Servatoris
3391 1239 3488 1276 no-

225 1313 467 1379 λέγοντα
490 1317 660 1371 ταῦτα
687 1338 699 1350 ·
730 1323 1005 1373 Παλαιὸν
1035 1318 1114 1390 ἦν
1157 1326 1367 1391 δόγμα,
1398 1323 1630 1390 μηδένα
1667 1324 1807 1378 Θεὸν

1917 1324 2012 1378 siri
2070 1330 2126 1377 et
2168 1324 2578 1377 resurrectione
2634 1337 2699 1375 ex
2732 1321 2963 1374 mortuis
2995 1318 3235 1389 cognita,
3285 1332 3314 1369 e
3350 1316 3485 1369 Ter-
3532 1340 3535 1341 ν

224 1406 361 1455 ὑπό
402 1422 504 1458 του
538 1410 973 1476 καθιεροῦσθαι,
1000 1414 1142 1479 πρὶν
1167 1413 1285 1467 ὑπὸ
1317 1399 1443 1481 τῆς.
1462 1416 1807 1483 συγκλήτου

1916 1413 2133 1468 tulliani
2164 1414 2389 1482 scriptis
2422 1419 2843 1467 commemorat.

222 1497 595 1569 δοκιμασθῇ.
653 1502 712 1556 ’0
747 1503 996 1573 Τιϐέριος
1070 1502 1185 1572 οὖν,
1254 1507 1339 1576 ἐφ’
1401 1500 1462 1560 οὗ
1509 1510 1571 1561 τὸ
1615 1511 1722 1562 τῶν
1778 1506 2118 1579 Χριστιανῶν
2168 1505 2338 1573 ὄνομα
2372 1508 2452 1570 είς
2499 1506 2591 1558 τὸν
2640 1505 2845 1573 κόσμον
2890 1501 3245 1570 εἰσεληλύθει,
3286 1502 3487 1568 ἀγγελ-
3551 1512 3555 1519 ‘

223 1587 423 1653 Θέντος
466 1592 613 1659 αύτρ
663 1594 729 1647 ὲκ
777 1595 1149 1666 Παλαιστίνης
1190 1600 1281 1652 τοῦ
1326 1599 1595 1671 δόγματος
1651 1599 1841 1653 τούτου
1882 1598 2009 1651 ινθα
2060 1585 2273 1668 πρῶτον
2320 1597 2543 1666 ήρξατο,
2612 1597 2678 1665 τῇ
2728 1594 3016 1663 συγκλήτῳ
3064 1593 3488 1671 ἀνεκοινώσατον

220 1678 391 1749 δῆλος
422 1682 497 1734 ὢν
547 1682 777 1747 ἐκείνοις
807 1686 882 1748 ὡς
915 1682 1211 1755 ἀρέσκεται
1276 1688 1355 1760 τῷ
1397 1690 1731 1761 κηρύγματι.
1820 1686 1885 1741 Ἦ
1922 1687 1980 1741 δὲ
2034 1686 2335 1756 σύγκλητος
2377 1684 2513 1737 ἐπεὶ
2567 1684 2666 1736 οὐκ
2727 1683 2864 1754 αὐτὴ
2920 1683 3268 1750 διδοκιμάκει
3327 1681 3487 1734 τοῦτο

222 1762 513 1828 ἀπώσατο.
563 1776 622 1828 ’0
663 1776 805 1830 δὶιν
836 1780 901 1847 τῇ
935 1780 1070 1849 αὐτῇ
1104 1780 1299 1851 γνώμῃ
1342 1782 1559 1849 ἔμεινεν
1614 1779 1917 1849 ἀπειλήσας
1984 1779 2213 1833 θάνατον
2270 1779 2385 1840 τοῖς
2435 1776 2544 1829 τῶν
2575 1775 2913 1844 Χριστιανῶν
2938 1776 3283 1843 κατηγόροιςο
3315 1773 3486 1828 ταῦτα

220 1864 258 1916 ὀ
314 1865 574 1929 Εὐσέϐιος
609 1868 830 1936 ποιῆσαι
874 1870 965 1921 τὸν
999 1871 1249 1938 Τιϐέριον
1295 1875 1518 1943 ἱστορεῖ,
1564 1873 1805 1943 μαθόντα
1845 1874 1974 1945 περὶ
2046 1872 2145 1940 τῆς
2192 1870 2445 1939 θεότητος
2492 1867 2586 1920 τοῦ
2655 1868 2904 1937 Σωτῆρος
2951 1870 3111 1939 ἡμῶν
3156 1869 3249 1921 καὶ
3294 1872 3392 1940 τῆς
3421 1872 3485 1922 εκ

221 1959 444 2028 νεκρῶν
481 1960 649 2013 αὑτοῦ
680 1963 1051 2030 ἀλαστάσεως,
1080 1967 1143 2017 ὲκ
1177 1966 1276 2037 τῆς
1304 1967 1397 2020 τοῦ
1448 1967 1806 2038 Τερτυλιανού
1848 1966 2172 2035 συγγραφῆς
2206 1967 2341 2020 αύτά
2365 1966 2742 2033 ἐκλεξάμενος.
3032 2011 3047 2015 ρ
3239 1988 3247 1995 ‘

303 2054 381 2104 A'.
412 2052 517 2103 Καὶ
544 2054 573 2103 6
607 2052 706 2120 μὲν
742 2053 992 2126 Τιϐέριος
1036 2054 1209 2122 οὕτως
1256 2058 1487 2111 ἀπεϐίω.
1539 2056 1807 2123 Διεδέξατε

1991 2058 2078 2112 ιν.
2124 2057 2350 2110 Tiberio
2388 2056 2457 2110 ad
2517 2056 2663 2110 hunc
2722 2055 2945 2109 modum
2993 2057 3272 2133 defuncto,
3318 2057 3486 2113 Caius

221 2143 289 2197 δὲ
323 2144 490 2196 αὐτὸν
524 2147 551 2197 ὁ
584 2145 742 2208 Γάϊος
772 2148 801 2198 6
827 2145 922 2201 τοῦ
958 2148 1301 2219 Γερμανικοῦ
1343 2152 1553 2221 καὶτῆς
1584 2152 1807 2221 ’Λγριπ-

1908 2146 2221 2202 Germanici
2241 2155 2294 2203 et
2319 2146 2631 2217 Agrippina:
2652 2146 2817 2209 ﬁlius,
2836 2146 2929 2215 qui
2962 2144 3396 2202 etGermanicus
3425 2158 3482 2201 et

224 2236 398 2303 πίνης
454 2239 607 2298 παῖς,
663 2236 723 2289 ὃν
780 2239 875 2291 καὶ
930 2238 1271 2310 Γερμανικὸν
1328 2244 1421 2295 καὶ
1467 2242 1807 2309 Καλλιγόλαν

1910 2238 2072 2309 553
2116 2238 2337 2307 Calgula
2382 2239 2831 2307 cognominatur,
2858 2238 3146 2292 successit.
3188 2238 3300 2292 Etsi
3333 2239 3480 2293 enim

222 2327 609 2405 ἐπωνόμαςον.
639 2328 711 2390 ,Εἰ
769 2330 877 2401 γὰρ
930 2333 1025 2383 καὶ
1077 2333 1105 2383 ὁ
1146 2332 1396 2402 Τιϐέριος
1446 2336 1539 2387 καὶ
1568 2336 1646 2405 τῷ
1691 2334 1807 2405 ἰδίῳ

1912 2329 2192 2395 Tiberius,
2224 2329 2390 2382 etiam
2433 2328 2659 2383 Tiberio
2712 2320 2897 2397 nepoti
2949 2329 3250 2398 reliquerat
3308 2331 3481 2398 impe-

1908 2422 2070 2485 rium,
2123 2430 2302 2475 tamen
2354 2418 2521 2473 Caius
2576 2429 2902 2475 testamento
2954 2414 3086 2484 ejus.
3124 2427 3184 2473 ut
3233 2420 3390 2475 deliri
3424 2420 3477 2474 in

217 2514 252 2562 ό
285 2512 450 2573 Γάϊος
486 2512 585 2571 τὰς
622 2512 886 2580 διαθήκας
932 2511 1096 2579 αὑτοῦ
1134 2515 1214 2576 είς
1247 2514 1307 2566 τὸ
1348 2512 1622 2585 συνέδριον
1670 2517 1805 2586 πέμ-

172 2628 181 2635 ί
219 2603 361 2670 φας,
386 2600 626 2672 ἀκύρους
677 2602 1053 2672 παρεσκεύασε
1098 2603 1369 2671 γενέσθαι,
1406 2605 1481 2667 ὡς
1516 2623 1803 2676 παραφρο-

220 2694 533 2763 νήσαντος,
582 2687 669 2746 οἷα
713 2692 869 2747 παιδὶ
907 2688 951 2761 ᾧ
993 2694 1116 2765 μηδ’
1146 2695 1407 2750 εἰσελθεῖν
1455 2696 1580 2765 ἐξῆν
1626 2699 1709 2759 είς
1743 2698 1805 2751 τὸ

221 2784 637 2856 βοδλευτήριον,
682 2788 873 2858 ἄρχειν
902 2787 1011 2841 τῶν
1054 2786 1339 2856 Ῥωμαίων
1390 2789 1800 2859 ἐπιτρέψαντος.

225 2878 346 2946 Τῆς
393 2878 491 2947 μὲν
538 2874 630 2931 οὖν
672 2880 847 2947 ἀρχῆς
877 2880 1038 2931 αὐτὸν
1071 2877 1242 2943 οὕτως
1272 2880 1469 2933 αὐτίκα
1504 2882 1801 2953 παρέλυσε,

221 2970 326 3019 καὶ
377 2967 519 3037 μετά
556 2969 714 3021 τοῦτο
757 2971 1216 3037 εἰσποιησάμενος
1250 2973 1589 3034 ἀπέκτεινεν,
1615 2974 1689 3034 ὡς
1716 2990 1800 3025 τεο

218 3057 489 3126 λευτῆσαι
519 3057 682 3110 αὑτὸν
717 3056 1038 3126 εὐξάμενον.
1077 3058 1353 3127 Χρήματα
1384 3060 1439 3111 δὲ
1469 3060 1641 3112 πολλά
1688 3066 1801 3124 τοῖς

223 3146 598 3216 στρατιώταις
632 3149 726 3217 καὶ
763 3146 841 3216 τῷ
890 3148 1049 3219 δήμῳ
1081 3148 1340 3218 διένειμε,
1378 3150 1443 3203 τὰ
1479 3150 1580 3216 μὲν
1609 3150 1671 3205 ὲκ
1696 3153 1802 3205 τῶν

221 3238 484 3307 Τιϐερίου
538 3239 831 3308 διαθηκῶν,
876 3240 944 3292 τὰ
974 3240 1029 3292 δᾶ
1062 3242 1124 3293 ἐκ
1174 3241 1279 3295 τῶν
1310 3242 1405 3311 τῆς
1451 3243 1660 3309 Λιϐίας,
1694 3244 1728 3298 ἃ
1774 3248 1802 3298 6

220 3330 485 3399 Τιϐέριος
511 3332 573 3384 οὐ
604 3333 867 3402 παρέσχε.
902 3334 1009 3387 Καὶ
1041 3334 1201 3403 είπερ
1232 3336 1324 3387 καὶ
1354 3336 1421 3389 τά
1449 3336 1611 3389 λοιπά
1656 3338 1801 3391 δεόν-

218 3437 339 3482 τως
394 3421 677 3490 ἀνήλισκε,
726 3423 1057 3491 μεγαλόνους
1106 3424 1173 3477 ἂν
1225 3426 1318 3479 καὶ
1347 3428 1797 3500 ’μεγαλοπρεπής

219 3502 550 3574 ἔδοξεξΝῠν
598 3512 655 3565 δὲ
715 3514 807 3565 καὶ
858 3514 936 3574 είς
989 3514 1262 3585 ὀρχηστὰς
1320 3517 1412 3570 καὶ
1452 3518 1651 3582 ἵππους
1702 3519 1797 3573 καὶ

224 3604 594 3673 μονομάχους,
625 3605 717 3655 καὶ
748 3607 1135 3677 τοιουτότροπα
1174 3609 1334 3677 ἕτερα
1374 3609 1664 3677 ἀπλήιιτως
1701 3611 1794 3663 δα-

219 3694 437 3759 πανῶν,
467 3694 714 3758 καὶτοὺς
740 3695 1049 3766 θησαυροὺς
1092 3700 1362 3765 μεγάλους
1393 3702 1679 3766 γεγονότας
1706 3702 1793 3755 διὰ

220 3788 478 3857 βραχέος⁴
506 3786 828 3851 ἐξεκένωσε,
864 3791 957 3841 καὶ
1003 3790 1195 3841 ἑαυτὸν
1223 3790 1670 3860 προσεξήλεγξεν,
1714 3796 1795 3847 ὅτι

219 3876 482 3945 εὐχερείᾳ
513 3879 609 3927 καὶ
652 3877 879 3946 ἀκρισίᾳ
930 3878 1161 3929 κάκεῖνα
1211 3881 1501 3947 πεποίηκε.
1536 3885 1645 3937 Καὶ
1686 3885 1797 3938 οὐδ’

217 3970 283 4027 ἐς
324 3964 507 4034 τρίτον
531 3966 650 4028 ἔτος
686 3967 851 4038 μέρος
887 3968 1063 4019 αὐτῶν
1096 3984 1151 4021 τι
1183 3955 1463 4035 διέσωσεν,
1491 3973 1603 4025 ἀλλ’
1634 3976 1795 4039 εὐθὺς

216 4055 563 4124 παμπόλλων
596 4057 961 4130 προσεδεήθη.
989 4059 1078 4128 Τῷ
1109 4059 1155 4112 δ’
1182 4060 1330 4130 αὐτῷ
1367 4064 1555 4133 τρόπῳ
1604 4068 1697 4117 καὶ
1735 4068 1793 4130 ές

216 4147 293 4201 τὰ
330 4147 465 4202 ἀλλα
512 4149 801 4220 ικέχρητο.
853 4151 1270 4220 Μοιχικώτατός
1317 4169 1377 4203 τε
1425 4154 1536 4223 γὰρ
1579 4157 1791 4227 ἀνδρῶν

216 4238 539 4308 γενόμενος,
587 4241 683 4294 καὶ
714 4244 950 4309 γυναῖκα
987 4241 1118 4309 μίαν
1169 4241 1267 4311 μὲν
1300 4244 1553 4313 ἀρπάσας
1592 4248 1793 4301 ἐκδιδο-

222 4330 403 4401 μένην
449 4331 626 4399 ἀνδρὶ,
662 4330 827 4391 ἄλλας
876 4330 932 4383 δὲ
967 4331 1067 4401 ήδη
1097 4332 1453 4403 ἑκδεδομένας
1486 4338 1580 4388 καὶ
1620 4324 1795 4392 συνοι-

221 4422 431 4481 κούσας
485 4423 635 4487 τισὶν
689 4422 1049 4487 ἀποσπάσας,
1102 4424 1241 4493 πλὴν
1300 4429 1427 4494 μιᾶς
1476 4428 1575 4491 τὰς
1626 4429 1791 4493 ἄλλας

219 4512 459 4583 ἐμίσησε
478 4526 492 4541 ⁸
547 4510 765 4575 πάντως
797 4513 910 4585 (9U)
939 4513 984 4565 δ’
1011 4515 1077 4584 ay
1128 4517 1387 4587 κάκείνην
1417 4521 1699 4589 ἐμίσησεν,
1740 4508 1789 4574 εί

216 4603 320 4654 ἐπὶ
367 4602 526 4657 πλέον
568 4602 872 4657 ὲϐεϐιώκει.
900 4606 1008 4658 Καὶ
1040 4608 1099 4669 ἐς
1129 4604 1229 4675 τὴν
1285 4609 1519 4677 μητέρα,
1541 4612 1645 4668 ,καὶ
1687 4611 1786 4673 τάς

1907 2513 2117 2566 curiam
2156 2513 2345 2585 misso,
2376 2509 2581 2575 ell‘ecit,
2636 2523 2695 2565 ut
2728 2511 3066 2575 aboleretur,
3106 2512 3251 2581 quod
3282 2527 3481 2581 puero,

1904 2603 1992 2656 cui
2024 2619 2122 2672 per
2148 2613 2363 2656 aetatem
2392 2602 2628 2655 necdum
2663 2602 2872 2671 ingredi
2906 2601 3510 2672 curiam’liceret,||to-.

1907 2711 2126 2749 manum
2164 2696 2451 2766 imperium
2489 2696 2820 2764 reliquisset.
2856 2697 3035 2765 Atque
3090 2695 3163 2749 ita
3196 2696 3479 2766 principa-

1906 2798 2020 2842 tum
2052 2788 2104 2841 ei
2132 2786 2313 2841 statim
2338 2786 2563 2841 ademit.
2598 2788 2746 2852 Post,
2775 2789 3092 2858 adoptatum
3146 2788 3425 2844 interfecit
3455 2831 3470 2851 ,

1905 2892 1966 2933 ut
1991 2865 2084 2949 qui
2117 2879 2291 2948 ipsum
2325 2879 2463 2932 mori
2497 2888 2758 2949 optasset.
2809 2880 3051 2949 Magnam
3103 2881 3390 2949 pecuniam
3422 2893 3478 2933 et

1906 2970 2171 3022 militibus
2200 2978 2255 3021 et
2286 2969 2509 3037 populo,
2547 2972 2743 3038 partim
2776 2986 2842 3023 ex
2880 2970 3112 3032 Tiberii,
3152 2974 3349 3038 partim
3404 2985 3470 3023 ex

1904 3060 2070 3113 Liviae
2102 3066 2427 3112 testamento
2456 3054 2703 3113 nondum
2749 3075 2779 3113 a
2810 3058 3033 3113 Tiberio
3082 3068 3425 3111 numeratam
3455 3098 3471 3121 ,

1903 3150 2206 3206 distribuit.
2248 3150 2404 3219 Quod
2436 3151 2479 3204 si
2517 3151 2781 3219 reliquam
2818 3150 2984 3202 etiam
3016 3188 3031 3212 ,
3091 3146 3164 3202 ita
3191 3158 3252 3202 ut
3306 3149 3472 3203 dece-
3518 3202 3528 3209 ,

1906 3242 2015 3304 bat,
2053 3243 2453 3315 insumpsisset,
2490 3242 2867 3311 magnanimus
2915 3250 2971 3294 et
3020 3240 3343 3310 magniﬁcus
3381 3252 3474 3295 es-

1902 3342 1986 3388 set
2024 3335 2264 3393 babitus.
2294 3336 2448 3391 Nunc
2477 3332 3017 3402 inlinitis.impensis
3051 3334 3103 3386 in
3140 3334 3428 3387 saltatores
3455 3374 3473 3397 ,

1906 3440 2100 3494 equos,
2127 3426 2480 3497 gladiatores,
2517 3436 2573 3480 et
2612 3425 2665 3478 id
2693 3440 2863 3495 genus
2892 3422 2997 3478 alia
3026 3423 3186 3479 factis
3215 3466 3230 3491 ,
3267 3434 3323 3479 et
3356 3427 3472 3479 the-

1908 3532 2101 3571 sauros
2135 3518 2402 3572 maximos
2430 3517 2703 3579 exhausit,
2732 3517 2789 3569 et
2817 3517 2907 3572 illa
2949 3529 3163 3587 quoque
3197 3534 3255 3573 se
3300 3526 3470 3571 teme-

1908 3609 2077 3662 ritate
2097 3618 2153 3663 et
2189 3610 2408 3663 levitate
2438 3608 2674 3678 quadam
2711 3608 2907 3661 fecisse
2962 3607 3279 3662 declaravit.
3333 3606 3469 3659 Nam

1904 3702 2135 3769 publicae
2167 3701 2415 3770 pecunia:
2459 3715 2561 3756 nec
2614 3701 2666 3752 in
2719 3699 2943 3763 tertium
2995 3714 3199 3751 annum
3260 3709 3467 3765 partem

1906 3790 2072 3843 ullam
2108 3792 2357 3855 retinuit,
2392 3778 2489 3845 sed
2518 3790 2698 3844 statim
2724 3790 2909 3841 multis
2935 3803 3096 3856 egere
3154 3788 3340 3857 cmpit.
3373 3789 3458 3842 lis-

1902 3878 2025 3932 dem
2068 3878 2311 3931 moribus
2360 3878 2524 3941 etiam
2572 3877 2695 3929 aliis
2744 3875 2800 3928 in
2856 3875 3062 3940 rebus,
3103 3864 3159 3929 ei.
3201 3877 3468 3931 maximus

1901 3969 2115 4047 adulter
2180 3969 2327 4023 iuit:
2374 3977 2431 4023 et
2477 3983 2601 4024 cum
2657 3966 2945 4023 mulierem
2995 3965 3288 4037 quamdam
3347 3969 3465 4022 viro

1892 4046 2225 4129 desponsam
2280 4062 2596 4129 rapuisset,
2656 4060 2790 4114 alias
2844 4060 2956 4128 jam
3009 4060 3245 4114 elocatas
3290 4050 3347 4113 et
3408 4060 3463 4113 in

1892 4153 2154 4224 'conjugio
2192 4155 2447 4208 viventes
2489 4168 2520 4206 a
2571 4140 2783 4205 ni'aritis
2808 4152 3163 4219 abstraxisset
3194 4190 3209 4216 ,
3239 4163 3466 4205 caeteras

1899 4256 2093 4296 omnes
2116 4242 2242 4295 odio
2277 4250 2602 4310 prosecutus
2648 4248 2769 4299 est,
2815 4251 2921 4289 una
2968 4246 3237 4307 excepta:
3294 4224 3461 4308 quam

1897 4343 1953 4388 et
1980 4316 2151 4403 ipsam
2206 4335 2393 4401 utique
2436 4346 2635 4385 osurus
2678 4329 2816 4393 fuit,
2869 4332 2915 4384 si
2971 4329 3180 4386 diutius
3213 4332 3464 4386 vixisset.

1896 4425 2035 4492 Erga
2067 4434 2314 4485 matrem,
2344 4435 2562 4475 sorores
2605 4426 2662 4473 et
2718 4419 2897 4473 aviam
2945 4419 3239 4475 Antoniam
3288 4420 3460 4477 multa

1896 4514 1984 4584 pie
2021 4512 2151 4567 fecit
2187 4536 2198 4567 :
2234 4521 2375 4581 post,
2404 4512 2581 4567 aviam
2621 4527 2651 4565 a
2682 4527 2789 4581 qua
2830 4513 3151 4582 obiurgatus
3187 4519 3304 4563 erat
3328 4550 3342 4573 ,
3380 4509 3462 4564 ad‘

1894 4618 2085 4677 necem
2124 4592 2484 4657 voluntariam
2518 4604 2798 4671 compulit.
2841 4601 3071 4655 Sorores
3096 4602 3289 4653 omnes
3324 4614 3450 4653 cor-

220 4693 484 4763 ἀδελφάς,
514 4700 613 4765 τήν
656 4713 715 4748 τε
748 4696 917 4765 τήθην
962 4697 1064 4766 τὴν
1101 4699 1388 4751 Ἀντωνίαν
1436 4701 1607 4753 πολλά
1635 4703 1791 4755 εὐσε-

1898 4696 2062 4765 rupit,
2091 4697 2317 4749 et‘duas
2370 4694 2423 4747 in
2463 4693 2699 4748 insulam
2754 4695 3062 4760 relegavit:
3106 4707 3229 4745 nam
3286 4693 3453 4747 tertia

217 4784 336 4847 ϐὦς
364 4786 738 4855 ινδειξάμενος
762 4804 779 4853 ἠ
822 4790 965 4855 μετά
995 4787 1168 4841 ταῦτα
1198 4789 1297 4859 τὴν
1341 4794 1440 4862 μὲν
1469 4793 1639 4863 τήθην
1664 4796 1788 4848 επι-

214 4880 547 4947 τιμιήσασάνΔ
582 4894 634 4929 τι
678 4876 827 4946 αὐτῷ
869 4881 951 4942 είς
991 4880 1238 4949 ἀνάγκην
1276 4883 1526 4935 ἑκουσίου
1557 4883 1787 4939 θανάτου

217 4970 549 5036 κατέστησε.
603 4966 714 5030 Τὰς
768 4967 1005 5038 ἀδελφὰς
1049 4971 1109 5023 δὲ
1160 4972 1388 5043 φθείρας
1423 4974 1657 5039 ἁπάσας,
1706 4978 1788 5040 εἰς

216 5059 391 5127 νῆσον
418 5060 515 5127 τάς
550 5055 659 5110 δύω
693 5060 1063 5112 κατέκλεισεν·
1114 5063 1145 5131 ή
1194 5065 1302 5131 γὰρ
1344 5066 1501 5134 τρίτη
1557 5082 1785 5135 προετε-

215 5148 437 5218 θνήκει,
484 5148 580 5201 καὶ
619 5148 755 5203 ἄλλα
782 5136 973 5203 πολλὰ
1018 5150 1247 5203 τοιαῦτα
1283 5152 1529 5221 ἐποίησε.
1560 5157 1670 5209 Καὶ
1696 5159 1787 5211 τὸν

217 5241 476 5304 Τιϐέριον
513 5241 587 5303 ὡς
625 5240 831 5310 ἀσελγῆ
877 5242 973 5295 καὶ
1001 5242 1286 5313 μιαιφόνον
1316 5244 1615 5311 διέϐαλλεν,
1645 5248 1785 5302 ὥστε

218 5335 319 5386 καὶ
346 5332 540 5396 ἄλλους
561 5334 626 5386 ἐκ
656 5334 849 5386 τούτου
878 5334 1263 5404 χαριεῖσθαιηοί
1292 5336 1619 5405 νομίσαντας
1647 5357 1782 5411 προσ

219 5425 528 5493 πετεστέρᾳ
555 5426 839 5497 παρρησίᾳ
864 5425 1192 5495 χρήσασθαι.
1224 5421 1356 5479 Εἶτα
1377 5428 1565 5497 ἐπῄνει
1601 5448 1660 5483 τε
1693 5434 1785 5483 καὶ

219 5517 542 5583 ἐσέμνυνεν,
565 5513 705 5569 ὥστε
740 5519 835 5569 καὶ
859 5518 1079 5566 κολάσαι
1105 5515 1254 5578 τινὰς
1289 5516 1373 5582 ἐφ’
1396 5513 1475 5579 οἷς
1506 5519 1624 5569 κατ’
1646 5522 1785 5572 ὲκεί-

1891 4789 2045 4859 prius
2084 4786 2318 4841 obierat.
2352 4785 2431 4837 Ac
2462 4785 2631 4837 multa
2669 4785 2720 4836 id
2747 4798 2919 4853 genus
2964 4782 3112 4837 fecit.
3166 4782 3303 4838 cum
3357 4784 3455 4839 Ti-

1889 4879 2099 4935 berium
2130 4886 2189 4930 ut
2220 4875 2556 4929 luxuriosum
2581 4885 2645 4928 et
2670 4875 3001 4928 homicidam
3033 4864 3449 4939 criminaretur,

1887 4972 1978 5025 alii
2004 4982 2221 5038 quoque
2274 4981 2332 5019 se
2365 4966 2440 5019 illi
2477 4978 2687 5035 gratum
2722 4968 2967 5042 facturos
3018 4969 3165 5033 rati,
3222 4969 3454 5023 liberius

1886 5046 1943 5117 in
1968 5076 2091 5115 eum
2128 5048 2254 5112 sunt
2282 5058 2502 5113 invecti.
2540 5060 2751 5115 Deinde
2784 5050 3040 5115 eumdem
3093 5061 3339 5115 laudavit
3396 5071 3452 5115 et

1887 5152 2198 5213 celebravit,
2232 5160 2287 5203 et
2313 5142 2502 5219 pientis
2537 5150 2606 5206 de
2637 5152 2705 5205 iis
2727 5151 2961 5218 sumpsit
3008 5152 3101 5220 qui
3150 5144 3230 5205 illi
3282 5151 3437 5204 male-

1888 5244 2159 5303 dixerant.
2199 5241 2335 5297 Male
2372 5242 2439 5296 de
2473 5257 2539 5296 eo
2576 5244 2863 5310 loquentes
2899 5240 3289 5310 vituperabat,
3322 5241 3442 5291 lau-

1888 5336 2077 5387 dantes
2096 5332 2333 5398 oderat,
2372 5342 2434 5388 ut
2463 5334 2670 5387 amicos
2713 5332 2882 5385 illius.
2934 5331 3178 5402 Magnam
3230 5330 3445 5383 turbam

1885 5440 2074 5480 eorum
2116 5426 2210 5494 qui
2254 5424 2535 5481 Tiberium
2589 5433 2775 5477 contra
2807 5420 3059 5491 patrem,
3110 5432 3339 5476 matrem
3389 5431 3444 5475 et

1886 5516 2083 5569 fratres
2102 5518 2222 5588 ejus
2247 5519 2549 5582 irritarant,
2575 5514 2775 5569 occidit
2798 5532 2810 5568 :
2831 5513 3077 5585 quamvis
3101 5526 3157 5566 se
3171 5505 3443 5580 placatum

655 5736 689 5743 ,η
819 5736 831 5750 κ
1078 5736 1087 5741 _
1400 5671 1598 5733 Variae
1624 5671 1926 5732 lectiones
1969 5680 2030 5732 et
2066 5682 2250 5749 noue,

256 5760 403 5857 ’(90)
436 5783 694 5856 Πάντως.
724 5787 801 5843 lta
848 5756 977 5844 mss.
1024 5789 1184 5844 codd.
1214 5789 1444 5845 Wolﬁus
1479 5793 1681 5863 πάντας
1712 5790 1807 5845 edi.

1902 5804 1977 5851 at.
2086 5772 2089 5773 7
