4036 6338
199 442 307 505 937

1449 425 1849 514 summm;
1886 429 2023 489 LlB.
2057 425 2160 486 Xf.

3295 437 3401 498 938

197 574 316 620 τος.
365 552 502 607 Ὑπὸ
529 549 660 619 γοῦν
715 546 1000 617 ὠμότητος
1049 541 1410 596 ὲπιλιπδντων
1468 543 1598 594 ποτὲ
1645 542 1752 593 τῶν

1865 541 1986 596 vitia
2013 543 2136 607 tuit,
2167 551 2224 596 ut
2266 555 2388 597 cum
2425 543 2715 613 aliquando
2740 544 3087 600 condemnati
3137 563 3243 602 non
3273 552 3404 603 satis

197 648 322 704 τοῖς
348 643 558 711 θηρίοις
590 640 652 691 ἐκ
683 635 979 704 καταδίκης
1008 633 1321 704 διδομένων,
1369 633 1649 684 ἐκέλευσεν
1688 635 1754 685 ὲκ

197 733 297 784 τοῦ
331 732 500 801 δχλου
531 728 624 782 τοῦ
647 729 758 790 τοῖς
795 724 988 794 ἰκρίοις
1013 724 1441 792 προστετηκότος
1474 739 1752 790 συναρπα-

199 821 394 891 σθῆναι
423 835 595 880 τινας,
635 815 730 868 καὶ
765 812 1179 882 παραϐληθῆναι
1210 811 1409 871 αὐτοῖς.
1445 811 1556 862 Καὶ
1605 810 1754 872 ὅπως

195 912 344 981 μήτε
376 906 772 976 ἐπιϐοήσασθαι
800 905 939 975 μήτε
964 900 1317 956 αἰτιάσασθαι
1343 899 1635 969 δυνηθῶσι,
1658 899 1755 960 τὰς

194 993 451 1069 γλώσσας
487 998 668 1054 αὐτῶν
720 996 1126 1066 προαπέτεμον.
1165 991 1402 1053 Πολλοὺς
1429 991 1485 1042 δὲ
1543 992 1636 1042 καὶ
1669 989 1757 1041 διὰ

194 1095 300 1154 τὰς
331 1090 515 1152 οὐσίας
541 1089 816 1157 ἐφόνευεν,
849 1084 993 1155 ἕτερ’
1029 1083 1166 1138 άττα
1208 1084 1393 1150 σφίσιν
1414 1080 1754 1148 ἐπεγκαλῶν.

196 1182 318 1236 Καὶ
341 1183 367 1234 ὁ
395 1182 492 1250 τῆς
525 1179 856 1248 Δρουσίλλης
897 1177 997 1246 τῆς
1036 1175 1270 1244 ἀδελφῆς
1295 1173 1525 1236 θάνατος
1554 1171 1615 1222 ού
1643 1171 1760 1241 μεί-

193 1292 294 1336 ους
348 1272 674 1340 διέφθειρεν,
731 1266 765 1342 ᾖ
815 1268 1046 1339 συνῴκει
1107 1267 1204 1337 μὲν
1258 1266 1482 1334 Μάρκος
1534 1263 1759 1325 Λέπιδος

195 1364 430 1416 autem
468 1361 584 1430 ἅμα
614 1362 778 1413 αὐτοῦ
825 1363 920 1414 καὶ
951 1359 1188 1432 ἐραστὴς
1218 1357 1316 1422 ὢν,
1362 1357 1528 1424 συνῆν
1574 1355 1629 1408 δὲ
1665 1357 1760 1409 καὶ

191 1455 222 1502 ὁ
267 1452 444 1512 Γάϊος·
497 1445 890 1500 ἀποθανοῦσαν
927 1445 1020 1498 οὖν
1076 1445 1287 1497 πολλῶν
1316 1445 1412 1513 μὲν
1445 1443 1537 1493 καὶ
1588 1440 1760 1494 ἄλλων

191 1541 452 1608 ἠξίωσεν,
478 1535 595 1590 εἶτα
619 1539 711 1590 καὶ
741 1536 1039 1589 ἀπεθέωσε.
1089 1535 1221 1588 Μετ’
1254 1533 1433 1600 ὀλίγον
1472 1533 1528 1585 δὲ
1587 1532 1758 1601 ἔγημε

194 1631 404 1683 Λολίαν
448 1631 738 1694 Παυλῖναν,
766 1629 925 1682 αὑτὸν
949 1627 1040 1679 τὸν
1067 1626 1237 1696 ἄνδρα
1272 1627 1444 1694 αὐτῆς
1490 1625 1759 1692 ιγγυῆσαι

193 1722 356 1790 αὺτῷ
387 1721 484 1790 τὴν
512 1724 747 1789 γυναίκα
785 1718 998 1788 βιάσας,
1029 1718 1118 1772 ίνα
1147 1718 1243 1788 μὴ,
1287 1718 1552 1784 ἀνέγγυον
1589 1715 1759 1785 αὐτὴν

191 1811 404 1874 λαϐὼν,
431 1810 823 1880 παρανομήσῃ.
869 1809 956 1861 Ἐν
1008 1808 1268 1875 στενωπῷ
1305 1808 1361 1860 δέ
1399 1824 1526 1859 ποτε
1590 1807 1759 1875 πηλὸν

1859 632 2012 686 multi
2046 643 2263 698 essent,
2293 631 2385 702 qui
2431 633 2618 688 bestiis
2663 634 3066 702 objicerentur,
3107 638 3324 706 juberet
3373 656 3404 694 e

1858 723 2016 778 turba
2053 739 2173 793 qua:
2207 724 2462 780 tabulatis
2486 725 2812 789 inhaerebat,
2840 727 3048 796 aliquot
3074 729 3182 782 illis
3203 729 3404 800 objici:

1856 814 2056 881 quibus
2092 830 2159 868 ne
2196 814 2481 868 vociferari
2523 823 2579 869 et
2617 815 2864 884 quiritari
2895 827 3150 885 possent,
3197 820 3410 890 linguas

1859 904 1912 956 iu
1967 903 2155 972 primis
2216 904 2482 972 prtecidit.
2533 905 2730 960 Multos
2778 907 3084 961 alia,causa
3126 911 3407 977 simulata,-

1857 1002 2080 1062 propter
2123 993 2264 1048 bona
2297 991 2517 1049 oc‘eidit.
2549 995 2699 1068 Mors
2728 995 2946 1067 quoque
2979 998 3220 1054 Drusilla:
3252 1016 3411 1066 soro-

1861 1084 1935 1136 ris
1985 1084 2122 1152 ejus.
2180 1099 2287 1137 nou
2345 1085 2531 1152 paucis
2579 1085 2748 1140 exitio
2777 1086 2897 1148 fuit,
2938 1103 3057 1157 quae
3101 1090 3166 1140 M.
3209 1088 3411 1158 Lepido

1860 1173 1975 1240 ejus
2010 1173 2218 1226 amasio
2248 1173 2410 1227 simul
2447 1181 2501 1227 et
2529 1175 2756 1229 amatori
2789 1186 2979 1244 nupta,
3004 1177 3157 1240 fratri
3195 1195 3412 1248 quoque

1861 1265 1942 1316 sui
1980 1264 2190 1333 copiam
2235 1264 2487 1319 faciebat.
2540 1266 2668 1320 Eam
2717 1277 2986 1320 mortuam
3041 1279 3235 1336 przeter
3278 1269 3413 1323 alios

1861 1357 2099 1411 honores
2143 1357 2196 1409 in
2238 1372 2527 1410 numerum
2574 1357 2798 1412 deorum
2832 1360 3034 1412 retulit.
3074 1360 3240 1413 Paulo
3291 1369 3413 1430 post

1860 1446 2084 1500 Lolliam
2134 1447 2414 1501 Paulinam
2448 1447 2640 1510 duxit,
2686 1458 2875 1502 coacto
2927 1453 3119 1513 marito
3162 1451 3299 1520 ejus.
3353 1460 3413 1504 ut

1860 1550 1978 1588 eam
2043 1535 2146 1587 sibi
2199 1535 2605 1602 desponderet:
2637 1551 2704 1588 ne
2748 1537 2806 1590 in
2853 1535 2999 1605 leges
3049 1539 3413 1594 committeret

1861 1627 2090 1691 scilicet,
2117 1626 2162 1680 si
2192 1641 2310 1680 eam
2337 1627 2451 1697 sine
2479 1626 2824 1695 sponsalibus
2852 1628 3113 1682 duxisset.
3143 1628 3276 1683 Cum
3312 1631 3412 1684 ali-

1859 1714 2079 1788 quando
2120 1719 2175 1773 in
2201 1720 2488 1788 angiportu
2521 1719 2748 1773 multum
2782 1721 2923 1773 caeni
2951 1720 3209 1781 vidisset.
3254 1721 3304 1776 id
3357 1723 3411 1777 in

1860 1810 2032 1864 aidilis
2070 1817 2126 1862 et
2175 1810 2291 1880 ejus
2332 1810 2426 1878 qui
2477 1810 2582 1863 viis
2643 1809 2939 1879 purgandis
2990 1821 3215 1878 praeerat
3255 1815 3408 1866 vesti.

193 1899 372 1951 πολὺν
409 1899 762 1967 θεασάμενος,
786 1898 1068 1951 ἐκέλευσεν
1095 1897 1258 1950 αὐτὸν
1284 1899 1365 1957 είς
1390 1897 1457 1948 τὰ
1487 1896 1582 1949 τοῦ
1629 1898 1758 1972 άγοο

1865 1911 2040 1954 menta
2077 1901 2271 1970 conjici
2301 1901 2482 1970 jussit.
2535 1899 2670 1954 Tum
2713 1912 2892 1956 autem
2925 1901 3097 1956 :rdilis
3129 1913 3243 1957 erat
3304 1902 3413 1958 Ve-

196 1989 575 2058 ρανομοῦντος
639 1987 760 2040 τότε
818 1987 909 2040 καὶ
967 1987 1064 2056 τῆς
1101 1987 1209 2039 τῶν
1262 1986 1398 2039 ὁδῶν
1441 1987 1756 2058 καθάρσεως

193 2078 638 2147 ἐπιμελουμένου
695 2079 890 2147 ίμάτια
939 2077 1299 2148 ἐμϐληθῆναι.
1353 2078 1760 2141 Οὐεσπασιανὸς

187 2169 252 2221 δὲ
284 2173 406 2221 τότε
435 2165 503 2239 ἦν
541 2169 914 2239 ἀγορανομῶν
947 2168 1084 2221 ὥστε
1141 2156 1622 2238 ὖστερον,έκείνου
1667 2171 1759 2224 καὶ

188 2265 266 2315 τὰ
296 2266 597 2333 πράγματα
621 2268 1006 2335 τεταραγμένα
1029 2267 1122 2318 καὶ
1152 2265 1476 2334 πεφυρμένα
1517 2248 1763 2334 παραλαο

191 2356 393 2418 ϐόντος
423 2358 516 2409 καὶ
546 2357 1006 2427 καταστήσαντος,
1039 2357 1217 2419 ἔδοξεν
1243 2356 1342 2407 οὐκ
1372 2355 1522 2409 ἀθεεὶ
1551 2356 1611 2406 τὸ
1641 2355 1760 2408 τότε

189 2445 426 2513 συμϐὰν
473 2445 777 2513 γεγονέναι,
820 2444 934 2498 ἀλλ’
967 2445 1226 2515 ἄντικρυς
1263 2446 1414 2514 αύτῷ
1462 2445 1562 2515 τὴν
1610 2446 1762 2498 πόλιν

193 2534 347 2603 πρὸς
379 2523 748 2603 ἐπανόρθωσιν
779 2534 935 2604 παρὰ
964 2535 1000 2586 Γ
1004 2535 1124 2586 αῑου
1169 2533 1604 2604 ἐγχειρισθῆναι.
1633 2537 1761 2605 Διη-

193 2623 381 2685 νεκῶς
411 2624 466 2675 δὲ
508 2623 738 2685 πολλοὺς
767 2626 794 2677 ὁ
827 2623 986 2686 Γάϊος
1009 2625 1252 2700 ἐφόνευε,
1281 2624 1374 2675 καὶ
1404 2618 1470 2693 ἦν
1500 2622 1603 2687 ἔξω
1654 2623 1762 2676 τῶν

193 2716 385 2783 φόνων
418 2714 595 2780 οὐδὲν,
639 2715 735 2768 καὶ
779 2715 900 2768 οὐδὲ
972 2713 1051 2784 τῷ
1116 2715 1311 2785 πλήθει
1347 2728 1402 2766 τι
1454 2715 1758 2784 ἐχαρίζετο,

191 2805 449 2856 κάκεῖνοι
476 2805 614 2858 πάνυ
641 2805 789 2876 αὐτῷ
818 2806 1214 2875 ἀπηχθάνοντο.
1295 2807 1473 2860 Πολλὰ
1512 2807 1612 2876 μὲν
1654 2807 1764 2876 γὰρ

191 2897 304 2948 καί
334 2896 464 2949 ἄλλα
490 2897 636 2965 αὐτῷ
671 2898 745 2966 μὴ
772 2898 1077 2965 ἀρέσκοντα
1103 2897 1291 2964 ἔλεγόν
1328 2914 1387 2950 τε
1438 2894 1532 2952 καὶ
1560 2898 1764 2968 ἕπρατ⁸

188 3003 321 3038 τον·
355 2986 485 3058 πρὸς
514 2987 570 3039 δὲ
610 2989 720 3048 τοῖς
758 2989 1057 3057 ἠγανάκτει
1107 2988 1293 3050 δεινῶς
1342 2990 1425 3042 ὃτι
1479 2989 1763 3050 δοκοῦντες

192 3075 530 3146 μεγαλύνειν
578 3075 758 3137 αὑτὸν,
809 3075 1104 3139 Νεανίσκε
1129 3077 1457 3144 Αὕγουστε,
1501 3076 1759 3128 επεϐὁων.

1863 1991 2146 2059 spasianus
2172 1989 2297 2058 :qui
2325 2003 2448 2043 cum
2479 1999 2619 2058 post.
2654 1989 2942 2058 imperium
2981 2007 3198 2061 quoque
3232 1992 3414 2048 turba-

1808 2125 1815 2134 .
1864 2089 1976 2136 tum
2004 2090 2059 2136 et
2089 2079 2375 2136 confusum
2406 2080 2784 2148 tranquillitati
2815 2082 3124 2142 restitutum
3153 2082 3412 2137 adornas-

1862 2180 1964 2233 set,
2028 2171 2160 2226 illud
2211 2185 2318 2225 non
2369 2171 2487 2224 sine
2540 2171 2763 2226 numine
2826 2170 3048 2232 factum.
3095 2172 3189 2227 sed
3256 2174 3412 2243 plane

1861 2263 2048 2317 civitas
2084 2261 2135 2317 ei
2181 2261 2247 2315 ad
2285 2261 2603 2332 corrigenda
2636 2262 2763 2317 vitia
2797 2262 2996 2317 tradita
3033 2278 3152 2316 esse
3198 2278 3228 2317 a
3259 2263 3412 2329 Caio,

1863 2355 2179 2425 putabatur.
2208 2353 2449 2410 Gadium
2479 2354 2690 2408 nullum
2737 2354 2970 2409 faciebat
3017 2355 3237 2409 modum
3265 2397 3277 2416 .
3314 2371 3415 2410 nec

1862 2447 1981 2513 ejus
2007 2432 2323 2498 dominatus
2353 2443 2498 2497 aliud
2530 2459 2703 2512 quam.
2727 2445 3038 2499 carnificina
3069 2455 3189 2500 erat
3220 2463 3234 2500 :
3261 2456 3316 2498 et
3356 2457 3414 2501 ut

1864 2535 2006 2604 plebi
2039 2534 2186 2588 nulla
2217 2533 2270 2586 in
2304 2547 2362 2588 re
2407 2521 2835 2602 gratificabatur,
2868 2536 2948 2588 sic
2999 2534 3074 2587 illi
3121 2535 3411 2590 admodum

1864 2625 2072 2680 invisus
2104 2633 2240 2696 erat,
2273 2626 2349 2678 Ac
2397 2620 2596 2692 prazter
2635 2623 2736 2678 alia
2775 2624 2941 2678 multa
2992 2624 3136 2678 dicta
3178 2634 3232 2679 et
3276 2624 3414 2680 facta

1862 2717 2088 2770 minime
2119 2724 2290 2785 grata,
2323 2713 2455 2768 illud
2486 2715 2765 2784 aegerrime
2795 2714 3036 2778 ferebat,
3070 2714 3213 2783 quod
3250 2730 3418 2784 popu-

1864 2807 1950 2861 lus
1976 2822 2075 2876 per
2124 2805 2362 2874 speciem
2413 2804 2639 2857 honoris
2688 2805 3067 2858 acclamabat:
3106 2806 3416 2859 Adolescens

1864 2898 2117 2966 Auguste.
2152 2896 2262 2952 Nec
2293 2895 2440 2950 enim
2480 2910 2538 2950 se
2565 2894 2780 2949 felicem
2810 2895 3092 2963 praedicari
3137 2896 3412 2962 credebat,

1865 2986 2007 3055 quod
2054 2985 2374 3040 adolescens
2409 2984 2751 3052 imperaret;
2809 2981 2903 3038 se'd
2955 2985 3220 3049 accusari,
3268 2987 3413 3054 quod

1867 3077 2075 3132 tantilla
2105 3084 2264 3130 atate
2319 3083 2525 3128 tantum
2576 3075 2860 3141 imperium
2910 3073 3198 3150 obtineret.
3241 3071 3415 3130 Pecu-

187 3167 282 3218 υύ
309 3166 418 3232 γὰρ
449 3164 850 3233 μακαρίζεσθαι
903 3165 1110 3234 ἠγεῖτο,
1167 3164 1247 3217 δτι
1282 3165 1396 3227 νέος
1427 3163 1501 3217 ὣν
1531 3165 1761 3232 ίιμονάρ⁶

1867 3165 2010 3223 niam
2051 3167 2244 3238 quovis
2277 3165 2439 3220 modo
2462 3165 2704 3234 parabat,
2734 3165 2868 3218 alias
2890 3174 3056 3234 atque
3107 3166 3239 3221 alias
3270 3183 3417 3237 quae-

188 3272 314 3327 χει,
341 3253 451 3304 ἀλλ’
482 3255 835 3328 ἐγκαλεῖσθαι
868 3255 950 3308 ὅτι
989 3257 1046 3307 ὲν
1085 3255 1268 3326 ἡλικίᾳ
1293 3256 1520 3326 τοιαύτῃ
1572 3257 1757 3325 τηλικο

188 3346 375 3415 αὐτην
405 3342 550 3416 εἶχεν
578 3348 773 3417 ἀρχήν.
815 3347 1185 3417 Ἐχρημὰτιζε
1223 3349 1268 3400 δ’
1312 3351 1376 3401 ὲκ
1401 3350 1602 3418 τρόπου
1632 3366 1762 3402 πανσ

192 3437 322 3499 τὸς,
345 3438 681 3506 ἁργυρισμοῦ
705 3437 890 3490 άλλοτε
913 3438 1078 3500 άλλας
1092 3439 1428 3508 εφευρίσκων
1454 3439 1643 3502 λαϐὰς,
1670 3440 1764 3491 καὶ

198 3527 445 3597 ἀζήμιος
483 3528 592 3580 τῶν
625 3528 688 3594 γέ
711 3545 762 3581 τι
790 3529 1020 3598 ἐχόντων
1036 3529 1209 3590 οὐδεὶς
1233 3529 1334 3582 οὐκ
1365 3530 1521 3597 ἀνὴρ,
1541 3531 1600 3581 ού
1629 3531 1763 3598 γυνὴ

195 3616 622 3672 καταλέλειπτο⁶
684 3620 785 3672 κᾶν
834 3632 987 3681 τινας
1046 3619 1106 3671 δὲ
1158 3617 1268 3670 τῶν
1320 3618 1766 3688 άφηλικεστέρων

195 3709 310 3778 ζῇν
349 3708 454 3772 εία,
485 3707 620 3761 ἀλλὰ
657 3709 904 3779 πατέρας
937 3726 996 3761 τε
1030 3710 1122 3762 καὶ
1182 3710 1412 3763 πάππου
1451 3749 1466 3772 ,
1519 3711 1762 3779 μητέρας

192 3815 267 3852 τε
305 3799 586 3867 ὀνομάζων
618 3800 713 3864 καὶ
740 3800 932 3868 τηθάς,
969 3801 1068 3852 καὶ
1112 3800 1320 3864 ζῶντας
1370 3800 1763 3868 έξεκαρποῦτο,

197 3894 304 3946 καὶ
333 3890 708 3945 τελευτώντων
744 3893 841 3954 τὰς
869 3887 1060 3956 οὐσίας
1097 3891 1480 3962 ικληρονόμει.
1536 3891 1766 3944 Ἐλάσαι

195 3984 266 4038 δὲ
325 3982 416 4034 διὰ
467 3983 565 4050 τῆς
612 3980 892 4050 θαλάσσης
937 3983 1141 4051 τρόπον
1169 3981 1295 4033 τινὰ
1324 3982 1419 4034 καὶ
1449 3981 1768 4035 διιππεῦσαι

209 4068 556 4137 ἐπεθύμησε,
592 4070 687 4124 καὶ
724 4069 1039 4138 ἐγεφύρωσε
1070 4071 1130 4123 τὸ
1197 4065 1402 4140 μεταξὺ
1442 4070 1548 4122 τῶν
1583 4071 1772 4125 Ποτιό-

199 4158 318 4210 λων
356 4159 448 4209 καὶ
480 4158 587 4211 τῶν
611 4158 856 4212 Βαύλων.
879 4157 953 4212 Τὸ
980 4159 1036 4210 δὲ
1066 4161 1268 4229 χωρίον
1307 4159 1462 4212 τοῦτο
1517 4178 1770 4215 καταντιο

200 4252 384 4322 πέραν
415 4251 512 4319 τῆς
546 4249 756 4312 πόλεώς
793 4252 932 4316 lett,
969 4250 1149 4320 διέχον
1185 4250 1358 4320 αὐτῆς
1405 4250 1654 4313 σταδίους
1713 4252 1769 4318 ἓξ

201 4341 305 4392 καὶ
332 4341 530 4392 είκοσι.
580 4341 744 4393 "lota.
783 4339 841 4391 δὲ
870 4343 950 4402 είς
984 4341 1086 4411 τὴν
1115 4341 1361 4412 γέφυραν
1399 4343 1468 4395 τὰ
1527 4343 1624 4411 μὲν
1675 4359 1772 4395 κα-

202 4428 571 4498 τεσκευάσθη,
617 4431 684 4481 τά
711 4429 766 4482 δὲ
803 4429 1085 4501 ἡθροίσθη.
1129 4431 1248 4500 Ἀφ’
1270 4425 1440 4502 οὗπερ
1494 4434 1584 4484 καὶ
1613 4432 1770 4500 λιμδς

1871 3266 1987 3311 stus
2020 3257 2332 3311 occasiones
2376 3266 2620 3327 captans,
2671 3270 2844 3325 neque
2882 3257 3169 3327 quisquam
3201 3260 3284 3314 vel
3333 3259 3417 3313 vir

1865 3349 1948 3402 vel
1984 3348 2180 3400 mulier
2216 3347 2438 3400 multam
2471 3347 2783 3416 ell‘ugiebat.
2842 3347 2994 3412 Quod
3026 3347 3070 3400 si
3111 3364 3248 3416 quos
3295 3365 3418 3417 pro-

1865 3436 2120 3489 vectioris
2152 3436 2326 3489 tetatis
2371 3436 2556 3489 vivere
2604 3434 2936 3503 patiebatur,
2992 3449 3086 3487 eos
3136 3445 3317 3504 patres
3361 3448 3420 3492 et

1865 3538 2019 3589 avos,
2052 3533 2108 3578 et
2139 3533 2337 3577 matres
2361 3532 2415 3576 et
2439 3524 2588 3577 avias
2610 3523 2949 3592 appellando,
2982 3533 3094 3576 tum
3120 3527 3416 3582 viventium

1867 3614 2046 3669 adhuc
2075 3613 2234 3668 bonis
2271 3613 2574 3687 fruebatur,
2608 3623 2718 3667 tum
2769 3613 3149 3672 defunctorum
3193 3617 3423 3672 haeredi-

1869 3718 2035 3762 tatem
2065 3709 2346 3762 cernebat.
2381 3706 2515 3761 Cum
2552 3707 2600 3759 ei
2633 3705 2803 3759 libido
2841 3707 3154 3762 incessisset
3183 3709 3235 3761 in
3281 3709 3416 3764 mari

1868 3798 2050 3865 aliquo
2077 3797 2237 3850 modo
2266 3797 2547 3865 aurigandi
2589 3807 2645 3850 et
2685 3799 3001 3865 equitandi,
3039 3799 3236 3854 fretum
3273 3801 3418 3870 quod

1870 3888 2012 3939 inter
2039 3886 2294 3940 Puteolos
2324 3894 2379 3940 et
2414 3887 2607 3940 Baulos
2634 3896 2737 3950 est,
2771 3896 2933 3956 ponte
2965 3889 3164 3958 junxit.
3203 3891 3251 3944 Is
3291 3907 3417 3947 vero

1869 3977 2022 4031 locus
2051 3992 2081 4031 e
2115 3975 2334 4047 regione
2366 3977 2525 4048 556
2553 3977 2703 4033 urbis
2723 3987 2829 4043 est,
2861 3995 2911 4033 vt
2947 3989 3002 4034 et
3025 3997 3093 4034 xx
3115 3978 3305 4038 stadiis
3348 3983 3420 4038 ab

1868 4082 1932 4122 ea
1979 4067 2205 4121 distans.
2255 4066 2334 4121 Ad
2367 4083 2492 4121 eum
2528 4076 2744 4136 pontem
2794 4083 2917 4123 cum
2963 4071 3172 4142 navigia
3224 4075 3420 4143 partim

1869 4157 2156 4222 aedificata,
2178 4151 2384 4227 partim
2437 4164 2694 4212 'convecta
2742 4169 2944 4222 essent,
3014 4161 3204 4231 ingens
3249 4163 3421 4220 fames

1870 4249 1926 4302 in
1957 4255 2070 4303 tota
2101 4247 2274 4313 Italia,
2317 4255 2373 4302 et
2409 4247 2594 4301 Romae
2641 4247 2694 4300 in
2739 4248 2931 4315 primis
2979 4249 3100 4304 fuit.
3143 4252 3257 4324 Ipse
3289 4268 3420 4309 vero

1869 4337 2186 4398 Alexandri,
2217 4346 2278 4391 ut
2303 4335 2503 4399 aiebat,
2557 4336 2834 4391 thoracem
2891 4338 3136 4405 indutus,
3171 4353 3225 4396 et
3256 4358 3420 4412 super

1870 4443 1937 4482 eo
1977 4427 2313 4497 chlamydem
2366 4428 2594 4484 sericam
2645 4428 2904 4497 purpurei
2962 4431 3202 4498 coloris,
3249 4435 3422 4490 multo

207 4521 274 4572 ἐν
298 4537 362 4572 τε
402 4524 466 4588 τῇ
501 4512 714 4590 ἰταλίᾷ
739 4522 841 4588 καὶ,
861 4523 920 4573 εν
949 4524 1014 4591 τῇ
1060 4521 1246 4592 Ῥώμῃ
1287 4522 1518 4590 μάλιστα
1552 4521 1763 4590 ίσχυρὸς

1872 4533 2029 4581 auro.
2079 4517 2264 4572 multis
2294 4517 2494 4573 Indicis
2535 4521 2764 4590 gemmis
2807 4529 3075 4582 ornatam.
3124 4521 3302 4591 gladio
3328 4540 3420 4580 sc-

205 4610 452 4676 ὲγένετο.
501 4609 560 4661 ’0
586 4609 644 4662 δὲ
680 4612 772 4661 τὸν
789 4593 884 4662 τοῦ
926 4610 1305 4686 Ἀλεξάνδρου,
1328 4609 1404 4670 ὡς
1441 4609 1595 4678 ἔλεγε
1629 4610 1764 4678 (9i),

205 4701 440 4770 θώρακα
480 4691 860 4768 ἐνδυσάμενος,
890 4699 984 4752 καὶ
1014 4699 1100 4752 ἐπ’
1133 4700 1280 4770 αύτῷ
1307 4699 1554 4769 χλαμύδα
1610 4715 1766 4769 σηρι-

205 4794 316 4859 κὴν
347 4789 591 4858 ἁλουργῆ
637 4788 771 4841 πολὺ
809 4789 907 4858 μιν
937 4790 1177 4857 χρυσίον,
1227 4789 1452 4850 πολλοὺς
1479 4789 1535 4842 δι
1590 4789 1768 4852 λίθους

222 4879 484 4941 Ἰνδικοὺς
512 4878 761 4952 ἔχουσαν,
794 4878 889 4932 καὶ
949 4877 1101 4946 ξίφος
1157 4877 1624 4948 περιζωσάμενος,
1674 4877 1770 4930 καὶ

205 4971 421 5024 ἀσπίδα
475 4968 677 5032 λαϐὼν,
733 4969 854 5040 δρυΐ
905 4986 967 5021 τε
1003 4968 1515 5037 στεφανωσάμενος,
1573 4969 1772 5037 σπουδῇ

205 5061 468 5129 καθάπερ
499 5039 882 5129 ιπὶθπολεμίαν
912 5061 993 5122 είς
1017 5061 1116 5128 τὴν
1139 5059 1292 5111 πόλιν
1320 5061 1595 5129 είσηλασε,
1625 5075 1776 5126 παμ-

208 5151 440 5219 πληθεῖς
482 5152 668 5212 ίππεῐς
715 5167 775 5203 τε
809 5152 900 5204 καὶ
945 5150 1140 5214 πεζοὺς
1171 5149 1544 5217 ὡπλισμένους
1573 5146 1776 5213 ἐπαγόο

213 5246 400 5313 μενος,
427 5243 521 5293 καὶ
557 5240 692 5314 ἄλλα
711 5232 772 5314 ’δέ
803 5257 923 5294 τινα
945 5241 1170 5295 τοιαῦτα
1199 5241 1430 5306 ποιήσας
1455 5240 1554 5291 ’καὶ
1579 5237 1769 5290 ἑαυτὸν

210 5312 606 5402 άποσεμνύνας
663 5335 721 5386 ιν
748 5312 1061 5404 δημηγορίᾳ
1088 5332 1174 5384 διὰ
1213 5331 1383 5383 ταῦτα
1418 5331 1494 5392 ’ἐς
1530 5329 1621 5381 τὸν
1672 5331 1771 5380 Δα-

210 5427 363 5497 ρεῖον
393 5423 487 5475 καὶ
515 5423 607 5476 τὸν
625 5422 830 5492 Ξέρξην
848 5422 1232 5486 άπέσκωπτεδ,
1369 5418 1770 5472 πολλαπλάσιον

211 5510 255 5586 ἢ
285 5510 496 5568 ’ἐκεῖνοι
517 5515 611 5583 τῆς
650 5513 926 5581 θαλάσσης
958 5513 1154 5580 μέτρον
1176 5512 1371 5576 ζεύξας
1405 5511 1584 5570 αὑτός.
1613 5509 1774 5562 Attia.

1871 4610 2083 4664 cinctus
2111 4631 2125 4664 ι
2157 4607 2482 4679 sumptoque
2513 4610 2730 4679 clypeo,
2753 4619 2810 4663 et
2837 4625 3041 4678 querna
3085 4625 3284 4666 corona
3335 4630 3419 4669 re-

1874 4699 2119 4764 dimitus,
2155 4699 2478 4753 festinanter
2509 4699 2563 4751 in
2599 4698 2788 4751 urbem
2829 4699 2980 4767 quasi
3014 4709 3201 4754 contra
3237 4701 3418 4758 hostes

1875 4803 2000 4841 cum
2050 4788 2285 4841 maxime
2315 4785 2558 4856 equitum
2587 4796 2644 4841 et
2671 4787 2910 4855 peditum
2936 4800 3266 4844 armatorum
3314 4808 3416 4845 nu—

1875 4889 2026 4929 mero
2073 4873 2319 4926 introivit
2350 4890 2363 4927 :
2399 4881 2456 4926 et
2488 4872 2612 4927 aliis
2645 4874 2698 4927 id
2731 4889 2904 4944 genus
2953 4875 3117 4929 rebus
3148 4890 3244 4945 pro
3286 4890 3418 4930 con-

1871 4963 2026 5016 cione
2058 4961 2364 5030 gloriando,
2402 4962 2621 5016 Darium
2654 4971 2709 5017 et
2739 4963 2970 5018 Xerxem
3005 4963 3231 5029 derisit,
3275 4965 3418 5033 quod

1872 5053 1988 5122 ipse
2029 5053 2192 5123 longe
2226 5055 2399 5125 majus
2429 5069 2590 5123 quam
2637 5055 2716 5109 illi
2763 5068 2997 5124 ερνιηιιιι
3052 5056 3214 5107 maris
3259 5063 3416 5122 ponte

1877 5148 2217 5213 Occupasset.
2262 5143 2314 5199 Is
2357 5158 2576 5214 quoque
2616 5159 2754 5214 pons
2798 5143 2982 5197 multis
3029 5158 3190 5196 causa
3232 5143 3418 5196 mortis

1877 5232 2103 5287 exstitit.
2136 5232 2268 5286 Nam
2303 5231 2533 5302 pecunia
2562 5233 2617 5286 in
2651 5246 2776 5287 eum
2812 5239 3081 5299 insumpta
3111 5231 3416 5287 innumera-

1876 5324 1993 5386 bili,
2033 5324 2194 5390 longe
2225 5322 2470 5392 pluribus
2496 5331 2716 5392 propter
2747 5325 2967 5376 divitias
2997 5329 3077 5376 est
3115 5321 3417 5376 insidiatus.

1879 5417 2063 5484 Itaque
2094 5413 2258 5469 Junio
2298 5412 2484 5467 Prisco
2534 5421 2761 5481 praetore
2811 5411 2934 5465 aliis
2978 5411 3196 5480 quidem
3241 5410 3409 5464 crimi.

1881 5510 2044 5563 nibus
2078 5514 2354 5571 accusato,
2403 5504 2495 5559 sed
2540 5517 2637 5572 pro
2683 5502 2850 5557 divite
2894 5501 3218 5564 interiecto;
3264 5499 3413 5555 Caius

1383 5655 1574 5714 Variae
1611 5655 1911 5716 lectiones
1945 5657 2003 5710 ct
2044 5655 2229 5709 notae.

288 5773 404 5858 (9d)
445 5773 546 5841 Ὠς
575 5722 764 5840 ἔλεγε.
794 5773 950 5827 Dion.
981 5771 1078 5826 lib.
1108 5787 1220 5833 ιιι.
1253 5787 1311 5841 p.
1342 5775 1470 5830 65⁸5.

542 5867 806 5926 Panos.
853 5867 970 5926 Gtt.
1008 5863 1332 5929 CXXXIV.

2986 5857 3057 5917 3t)
