4036 6338
119 374 219 438 981

1333 369 1743 430 ANNALIUM
1788 372 1854 430 Ll
1873 371 1934 432 Β.
1973 372 2078 430 XI.

3215 379 3322 444 882

116 491 146 542 ἔ
189 507 354 560 αρχος
402 484 691 558 Νορϐζνδς.
735 487 857 540 οὔτί
933 487 960 540 6
1019 488 1298 558 συνάρχων
1347 486 1672 556 Πετρώνιος.

1777 489 1957 541 autem
2012 503 2107 542 eos
2165 504 2354 543 omnes
2411 487 2480 542 ob
2545 490 2909 559 su5picionem
2971 490 3217 550 occidere
3268 495 3359 550 in

123 582 192 632 Ἠ
218 597 277 632 τε
307 579 414 649 γὰρ
451 579 673 647 Δομιτία
715 578 806 630 ὑπ’
838 578 1000 630 αὐτοῦ
1042 580 1342 646 μισουμένη
1376 577 1561 630 ἐδεδίει
1596 576 1671 644 μὴ

122 667 388 737 ἀποθάνῃ,
417 668 509 721 καὶ
534 670 582 722 οί
614 668 762 722 ἄλλοι
791 666 969 720 οὐκέτ’
993 668 1152 721 αὑτὸν
1183 668 1417 735 ἐφίλουν.
1440 669 1669 736 Λέγεται

120 755 172 807 δὲ
210 759 292 810 ὅτι
326 758 531 819 πάντας
567 757 682 826 ἃμα
709 760 906 820 αὐτοὺς
944 758 971 808 6
1000 759 1321 826 Δομετιανὸς
1353 758 1670 812 ὑποπτεύων

121 849 431 898 ἀποκτεῖναι
462 849 506 914 ὲ⁸
534 847 692 902 ελὲτα
711 863 724 877 ·
753 849 844 900 καὶ
873 851 938 901 τὰ
970 849 1204 918 ὀνόματα
1229 850 1408 902 αὐτῶν.
1433 851 1674 919 ἀπογρα-

121 937 356 1002 ψάμενος
390 941 535 1007 ἐντῇ
570 940 724 1010 κλίνη
754 939 981 992 ὑπέθετο
1006 940 1107 993 ὑπὸ
1127 941 1185 993 τὸ
1213 941 1668 1010 προσκεφάλαιον⁸

121 1029 209 1079 καί
256 1045 310 1080 τι
357 1031 566 1082 παιδίον
598 1031 697 1098 τὴν
740 1031 1064 1100 ἀπογραφὴν
1110 1031 1439 1099 ἀφελόμενον
1487 1013 1668 1099 ἔφερε,

124 1121 194 1187 μὴ
220 1119 357 1198 etab;
397 1120 450 1171 τί
498 1121 673 1190 φέρει.
716 1122 1038 1191 Ἐντυχοῦσα
1083 1122 1138 1174 δὲ
1171 1126 1202 1192 ἡ
1247 1123 1472 1191 Δομιτία
1501 1123 1668 1192 αὐτῷ,

121 1215 210 1265 καὶ
251 1215 562 1282 ἀναγνοῦσα
593 1217 660 1270 τὰ
687 1218 1067 1287 γεγραμμένα.
1108 1218 1380 1280 κάκείνοις
1410 1220 1673 1288 ἐμήνυσε,

118 1310 222 1358 κὰκ
246 1306 439 1358 τούτου
501 1310 863 1377 συνετάχυναν
895 1310 992 1377 τὴν
1022 1308 1329 1377 ἐπιεουλήν.
1370 1309 1476 1361 Καὶ
1506 1309 1672 1360 πολλά

119 1397 171 1450 δὲ
219 1401 425 1466 σημεῖα
459 1400 705 1465 ἐγένοντό
753 1402 799 1452 οἱ
838 1400 935 1451 οὐκ
981 1400 1148 1451 cista.
1197 1401 1460 1467 Λαργίνος
1495 1399 1550 1452 δέ
1589 1416 1673 1460 τις

124 1490 382 1558 Πρόκλος,
428 1493 486 1542 ὲν
513 1491 787 1562 Γερμανίᾳ
817 1491 1046 1561 προειπιὶ
1067 1509 1094 1543 ν
1113 1493 1192 1544 ὅτι
1226 1492 1363 1543 κατά
1390 1491 1542 1559 τήνδε
1578 1488 1674 1558 τὴν

121 1581 326 1648 ἡμέραν
353 1580 664 1652 τελευτήσει
693 1583 721 1635 6
753 1581 1096 1651 Δομετιανὸς,
1128 1579 1381 1649 ἐπέμφθη
1407 1579 1491 1632 διὰ
1518 1579 1673 1632 τοῦτο

123 1671 400 1739 συσχεθεὶς
430 1675 512 1733 είς
548 1673 647 1741 τὴν
687 1671 904 1741 Ῥώμην
927 1689 941 1701 ’
981 1674 1073 1724 καὶ
1099 1671 1394 1741 ἐρωτηθεὶς
1422 1669 1552 1741 παρ’
1577 1672 1676 1723 αὐ-

122 1764 209 1814 τοῦ
238 1765 339 1833 ἔφη
371 1764 466 1817 καὶ
491 1764 610 1817 τότε
637 1764 775 1818 οὕτω
802 1765 1142 1834 γενήσεσθαι.
1170 1765 1595 1826 Καταδικασθεὶς
1617 1765 1673 1816 δὲ

123 1853 312 1919 θανεῖν,
350 1856 644 1926 memon,
677 1856 825 1917 ὅπως
856 1859 990 1926 μετά
1028 1857 1125 1924 τὴν
1169 1857 1380 1926 ἡμέραν
1411 1857 1467 1908 ὲν
1505 1850 1537 1928 ᾖ
1572 1856 1673 1925 ἔφη

124 1946 503 1998 ἀποθανεῖσθαι
530 1945 742 2015 μέλλειν
774 1947 867 1999 τὸν
896 1947 1220 2014 Δομετιανὸν
1250 1945 1515 2016 φονευθῇ·
1542 1935 1680 2012 σφα-

124 2037 302 2098 γέντος
355 2037 415 2090 δὲ
466 2036 559 2089 τοῦ
623 2037 950 2107 Δομετιανοῦ
1007 2037 1128 2089 κατ’
1180 2038 1417 2106 ἐκείνην,
1475 2035 1676 2104 ἐσώθη.

127 2127 342 2197 Ἕτερος
375 2127 434 2180 δέ
465 2145 546 2189 τις
584 2129 750 2180 εἰπὼν
788 2127 934 2198 αὑτῷ
961 2129 1122 2181 ὁπότε
1158 2130 1249 2180 καί
1278 2128 1424 2190 ὅπως
1465 2125 1678 2196 φθαρή-

128 2233 292 2282 σεται,
340 2218 600 2289 ὴρωτήθη
635 2220 804 2288 ὁποίῳ
847 2221 938 2273 καὶ
970 2219 1131 2281 αὐτὸς
1171 2219 1357 2288 τρόπῳ
1401 2219 1674 2271 θανεῖταιο

130 2310 214 2358 καὶ
244 2308 424 2374 φήσας
455 2307 529 2370 ὡς
575 2309 678 2362 ὑπὸ
713 2310 889 2362 κυνῶν
921 2309 1351 2380 ἀναλωθήσεται,
1407 2309 1514 2371 ζῶν
1546 2327 1677 2362 κατ-

122 2416 149 2450 ε
187 2401 306 2470 ρίθη
374 2403 657 2472 καυθῆναι,
689 2405 781 2458 καὶ
802 2403 878 2474 τῷ
918 2405 1051 2476 πυρὶ
1085 2405 1450 2475 προσερρίςρη.
1492 2404 1676 2457 ’Υετοῦ

131 2493 180 2544 δὲ
235 2495 679 2565 καταρραγέντος
730 2496 924 2549 πολλοῦ
982 2499 1013 2566 ἡ
1066 2497 1163 2567 μὲν
1217 2498 1363 2568 πυρά
1421 2496 1675 2563 ἐσϐέσθη,

127 2583 323 2637 ἐκεῖνον
355 2586 413 2639 δὲ
441 2585 615 2640 ὀπίσω
649 2587 725 2640 τὼ
755 2590 909 2657 χεῖρε
936 2587 1241 2658 δεδεμένον,
1278 2589 1372 2641 καὶ
1399 2587 1682 2656 ἐπικείμε-

129 2691 209 2726 νον
236 2678 396 2746 αὐτῇ.
422 2677 578 2742 κύνες
607 2678 858 2748 εὑρόντες
905 2679 1288 2750 διεσπάραξαν.
1315 2679 1412 2748 Τῷ
1429 2678 1484 2731 δὲ
1510 2679 1682 2748 Δομε-

89 2821 92 2824 ,
127 2768 282 2835 τιανῴ
323 2767 386 2819 τὺ
420 2770 790 2840 μεσημϐρινὸν
832 2772 1258 2842 ἀναπαυομένῳ,
1288 2769 1378 2824 τὸν
1411 2771 1678 2838 Στέφανον

132 2857 197 2920 ὡς
220 2858 325 2912 τῶν
360 2860 536 2914 ἄλλων
567 2863 1043 2932 ἐρρωμενέστερον
1091 2865 1424 2934 εἰσέπεμψεν
1467 2865 1494 2916 6
1532 2864 1679 2931 Παρ-

131 2948 312 3015 θένος.
349 2951 462 3004 Καὶ
492 2954 702 3023 ἐπλήγη
751 2956 847 3024 μὲν
880 2956 908 3007 6
935 2955 1279 3022 Δομετιανὸς,
1314 2957 1376 3009 οὐ
1415 2955 1520 3026 μὴν
1555 2973 1677 3007 και·

132 3041 260 3108 ρίαν,
290 3043 430 3097 ἀλλά
452 3045 813 3114 καταϐληθεὶς
837 3047 926 3100 ὑπ’
952 3047 1115 3100 αὐτοϋ
1141 3046 1318 3100 ἔκειτο
1337 3061 1351 3076 °
1385 3044 1484 3100 εϊτ’
1511 3047 1674 3113 αὖθις

1706 1827 1746 1884 Β

1776 579 1958 633 animo
2010 579 2266 635 habuisse
2293 621 2307 644 ,
2362 595 2665 650 eorumque
2709 586 2927 636 nomina
2972 583 3323 653 pugillaribus

1778 669 2060 735 inscripta,
2091 669 2194 723 sub
2225 671 2480 734 cervirali
2510 686 2610 724 suo
2641 672 2907 739 posuisse.
2949 671 3077 724 Eam
3124 671 3326 726 descri-

1777 762 2018 830 ptionem
2049 762 2205 830 pusio
2239 762 2465 828 quidam
2497 761 2755 824 abstulit,
2790 763 2918 830 quid
2966 761 3130 815 ferret
3179 762 3318 831 igna-

1776 866 1870 904 rus
1903 869 1915 903 :
1946 867 2054 920 qua
2098 851 2327 905 Domitia
2365 851 2506 906 forte
2553 852 2768 905 fortuna
2816 853 2990 917 lecta,
3028 861 3083 907 et
3117 853 3324 906 caeteris

1778 941 2039 1005 iudicata,
2075 941 2277 1005 ell‘ecit,
2308 951 2367 995 ut
2415 941 2626 996 insidiae
2655 951 3078 998 maturarentur.
3130 943 3323 996 Interi-

1779 1041 1866 1086 tus
1897 1033 1948 1086 ei
1985 1032 2172 1101 multis
2216 1033 2385 1102 signis
2428 1044 2512 1088 est
2557 1035 2972 1102 prrenuntiatus.
3028 1034 3159 1088 Nam
3195 1035 3326 1087 Pro-

1777 1126 1898 1178 elus
1921 1124 2142 1193 quidam
2179 1124 2466 1194 Larginus,
2497 1125 2641 1194 quod
2670 1126 2721 1178 in
2748 1126 3036 1181 Germania
3066 1125 3326 1194 pra-disco

1780 1227 1880 1276 rat.
1909 1226 2058 1270 certo
2095 1215 2182 1270 die
2237 1217 2603 1270 Domitianum
2660 1218 2937 1271 obiturum
2984 1231 3106 1270 esse
3137 1235 3149 1269 :
3183 1231 3325 1269 cmm-

1780 1311 2102 1378 prcbensus,
2134 1326 2306 1379 eaque
2346 1311 2414 1366 de
2461 1327 2622 1365 causa
2657 1313 2879 1366 Romam
2916 1312 3132 1374 missus,
3167 1321 3218 1364 et
3260 1308 3337 1362 alr

1780 1400 1898 1469 ipso
1937 1411 2180 1470 rogatas,
2205 1402 2346 1456 idem
2370 1402 2658 1458 allirmavit
2685 1422 2698 1458 :
2722 1414 2778 1458 et
2806 1404 2998 1472 capitis
3021 1403 3324 1464 damnatus.

1778 1500 1834 1543 et
1865 1501 2177 1546 asservatus
2199 1532 2214 1556 ,
2246 1501 2304 1546 ut
2338 1501 2458 1561 post
2488 1507 2612 1546 eum
2650 1493 2792 1546 diem
2825 1509 2934 1563 quo
2965 1494 3325 1568 Domitianum

1780 1581 2081 1651 periturum
2132 1599 2252 1638 esse
2302 1585 2533 1650 dixerat,
2566 1585 2931 1649 occideretur,
2984 1602 3049 1640 eo
3099 1587 3184 1640 die
3238 1586 3326 1640 illn

1782 1673 2088 1736 interfecto,
2123 1674 2315 1728 evasit.
2348 1673 2529 1739 Alius,
2559 1675 2649 1744 qui
2681 1675 2730 1729 ei
2766 1685 2977 1744 tempus
3007 1684 3061 1730 et
3107 1676 3324 1729 modum

1783 1764 2036 1817 interitus
2071 1765 2415 1834 przedixerat,
2445 1767 2812 1835 interrogatus
2846 1769 3025 1830 abeo,
3055 1785 3163 1837 quo
3212 1769 3326 1837 ipse

1779 1858 1970 1909 mortis
2016 1872 2213 1925 genere
2262 1857 2508 1911 obiturus
2555 1859 2743 1912 esset?
2805 1860 3103 1928 Respondit
3150 1877 3240 1913 'se
3298 1875 3324 1912 a

1781 1949 2006 2001 canibus
2031 1963 2148 2001 esse
2181 1949 2551 2004 lacerandum.
2598 1952 2892 2003 Damnatus
2933 1950 3095 2018 igitur
3145 1963 3200 2002 ut
3247 1950 3326 2002 vi-

1780 2060 1878 2095 rus
1908 2053 2260 2103 cremaretur,
2294 2055 2348 2097 et
2382 2045 2433 2098 in
2465 2045 2636 2114 ignem
2669 2046 2951 2109 con-iectus
2980 2051 3082 2096 est.
3111 2040 3213 2096 Sed
3249 2041 3324 2095 in-

1780 2133 1925 2200 genti
1999 2133 2179 2202 pluvia
2229 2150 2358 2203 rogo
2409 2135 2698 2198 exstincto,
2750 2134 3144 2192 ille,re\'inctis
3211 2141 3326 2201 post

1784 2235 1991 2294 tergum
2020 2226 2270 2279 manibus
2296 2242 2324 2280 a
2349 2228 2578 2281 canibus
2600 2237 2684 2280 est
2705 2226 3030 2294 discerptus.
3061 2226 3325 2278 (Steterunt

1780 2315 2102 2369 Parthenius
2133 2315 2470 2384 Stephanum
2498 2324 2556 2370 ut
2593 2316 2960 2370 robustiorem
2993 2324 3196 2368 contra.
3225 2313 3327 2367 Do-

1780 2406 2065 2460 mitianum
2113 2406 2495 2460 meridiantem
2552 2407 2721 2470 misit,
2767 2405 2860 2476 qui
2913 2406 3043 2466 ictu.
3091 2404 3182 2458 sed
3219 2419 3325 2457 non

1778 2497 1988 2558 letbali.
2030 2505 2306 2566 prostrato
2357 2496 2626 2560 incubuit,
2676 2496 2852 2551 donec
2901 2496 3021 2549 aliis
3067 2495 3328 2565 adjuvan-

1781 2584 1926 2638 tibus
1966 2594 2250 2656 tyrannum
2283 2585 2440 2655 plane
2475 2586 2732 2640 confecit.
2758 2585 2951 2642 Occiso
2982 2583 3287 2639 Domitiano
3313 2623 3326 2646 ,

1781 2675 2091 2746 Stephanus
2119 2677 2282 2731 etiam
2311 2676 2470 2748 582
2494 2693 2768 2732 concursu
2799 2693 2988 2732 eorum
3022 2675 3111 2745 qui
3136 2674 3329 2742 conju-

1781 2764 2009 2819 rationis
2058 2773 2313 2834 expertes
2358 2775 2545 2828 erant,
2595 2765 2774 2835 periit.
2829 2766 3149 2835 Apollonius
3199 2781 3337 2819 vero

1781 2857 2050 2926 Tyaneus,
2093 2856 2485 2926 Pythagoricus
2515 2854 2873 2926 philosophus
2897 2863 2992 2919 ,et
3026 2871 3211 2924 magus
3247 2858 3328 2908 iu-

1779 2947 1967 3015 signis.
2011 2955 2123 3002 tum
2174 2948 2374 3018 Ephesi
2418 2949 2482 3003 ad
2514 2949 2770 3019 pupulum
2799 2948 2963 3002 verba
3015 2945 3218 3002 faciens
3264 2961 3332 3000 ea

1780 3043 1914 3096 bora
1954 3059 2062 3112 qua
2109 3043 2446 3098 Domitianus
2495 3043 2804 3098 caedebatur
2847 3043 2927 3105 (ut
2964 3047 3088 3110 post
3137 3055 3203 3093 ex
3261 3040 3328 3093 iis

131 3131 212 3183 ὑπ’
241 3135 452 3188 ἐκείνου
488 3137 578 3189 καὶ
610 3137 812 3206 ἐτέρων
843 3137 1344 3209 προκατειργάσθη.
1380 3138 1490 3192 Kal.
1521 3140 1548 3192 6
1580 3140 1674 3210 μὲν

1780 3151 1898 3204 qua:
1927 3135 2218 3204 utrobique
2268 3134 2606 3198 acciderunt,
2653 3141 2804 3188 certo
2833 3140 3168 3200 compertum
3194 3132 3330 3198 est),

129 3222 258 3276 οὕτω
291 3229 637 3298 κατεσφάγη.
677 3229 772 3281 καὶ
803 3231 830 3282 6
861 3228 1130 3298 Στέφανος
1164 3229 1220 3283 δὲ
1263 3231 1672 3301 προσαπώλετο,

136 3313 534 3384 συνδραμόντων
573 3318 660 3371 ἐπ’
689 3320 852 3371 αὑτὸν
893 3320 1001 3374 τῶν
1039 3321 1099 3372 οὺ
1135 3323 1549 3391 μετεσχηκότων
1577 3323 1675 3391 τῆς

137 3408 483 3475 συνωμοσίας.
533 3409 889 3474 Ἀπολλώνιος
920 3411 978 3464 δὲ
1019 3415 1047 3466 6
1079 3414 1319 3474 Τυανεὺς
1367 3415 1678 3486 (φιλόσοφος

134 3497 181 3549 6‘:
206 3492 354 3560 οὗτος
376 3493 448 3568 ἦν
473 3499 865 3572 Πυθαγορικὸς,
901 3503 1031 3572 γόης
1056 3503 1110 3557 δὲ
1143 3504 1396 3576 μάλιστα)
1427 3509 1485 3558 ὲν
1521 3506 1675 3574 Ἑφέ-

135 3603 202 3655 σῳ
236 3591 353 3642 τότε
381 3590 603 3657 διάγων,
635 3595 729 3646 καὶ
755 3593 832 3663 τῷ
865 3595 1058 3665 πλήθει
1082 3595 1483 3666 διαλεγόμενος,
1533 3597 1676 3651 κατᾶ

138 3679 223 3748 τὴν
250 3680 396 3751 ὥραν
426 3683 545 3735 καθ’
573 3687 638 3754 ἢν
660 3689 688 3738 6
717 3686 1038 3756 Δομετιανὸς
1063 3687 1331 3758 ἀνῃρεῖτο,
1353 3688 1426 3752 ὡς
1454 3688 1677 3757 ὕστερον

138 3771 191 3821 ἑκ
220 3773 322 3824 τῶν
355 3775 693 3844 ἑκατέρωθεν
731 3778 1042 3846 γενομένων
1083 3779 1387 3849 ἡκριόώθη,
1436 3781 1528 3832 ἐπί
1561 3797 1676 3832 τινι

139 3860 270 3928 ὥραν
298 3866 443 3929 ἑνεδς
461 3866 615 3937 ἔστη,
636 3863 750 3920 εἶτα
779 3869 1031 3940 ὲξεδόησε
1055 3886 1068 3900 ·
1088 3866 1552 3940 Εὖγεβνέφανε,
1576 3889 1678 3925 κα-

138 3954 264 4022 λῶς,
305 3956 598 4026 Στέφανε,
653 3958 789 4013 παῖε
835 3961 941 4012 τὸν
996 3960 1336 4031 ἀλιτήριον·
1383 3961 1672 4028 ἕπληξας.

135 4045 399 4114 ἓτρωσας,
434 4049 804 4117 ἀπέκτεινας.
841 4051 1010 4106 Τοῦτο
1027 4053 1082 4106 δὲ
1112 4055 1202 4107 καὶ
1228 4054 1256 4107 6
1293 4053 1676 4124 Φιλόστρατοτ,

137 4138 214 4187 τὸν
241 4138 333 4190 τοῦ
379 4139 737 4193 ’Δπολλωνίου
767 4141 878 4208 βίον
912 4143 1519 4212 συγγεγραφὼς,οὖτως
1580 4146 1673 4197 ἀν-

136 4226 383 4297 έγραψεν.
419 4228 620 4298 Ἐζησε
650 4231 706 4284 δὲ
737 4233 1058 4301 Δομετιανὸς
1100 4233 1193 4301 ἐτη
1235 4235 1368 4302 πρὸς
1413 4235 1675 4304 τέσσαρσι

138 4321 523 4389 τεσσαράκοντα
563 4322 656 4374 καὶ
706 4320 877 4392 μῆνας
922 4323 1052 4377 δέκα
1094 4326 1185 4376 καὶ
1216 4325 1426 4395 ἡμέρας
1471 4326 1530 4391 ἓξ
1582 4326 1676 4380 καὶ

138 4411 324 4466 εἴκοσιν
347 4427 362 4443 ⁶
399 4415 744 4484 ἲμονάρχησε
777 4415 821 4468 δ’
849 4416 1126 4477 ἐνιαυτοὺς
1156 4417 1540 4469 πεντεκαίδεκα
1581 4419 1674 4470 καὶ

137 4504 329 4573 ἡμέρας
349 4506 530 4560 πέντε.
559 4506 647 4576 Τῷ
673 4507 728 4558 δὲ
754 4507 995 4578 τετάρτῳ
1027 4507 1135 4559 ἔτει
1158 4508 1257 4576 τῆς
1285 4507 1451 4559 αὑτοῦ
1471 4524 1667 4576 μοναρ-
1709 4498 1749 4550 Π
1780 4501 2023 4557 imitatus
2077 4516 2092 4553 :

139 4595 244 4656 χίας
282 4595 311 4644 6
365 4595 463 4659 τῆς
491 4595 885 4662 Ἀλεξανδρέων
919 4593 1242 4662 Ἐκκλησίας
1279 4594 1492 4664 πρῶτος
1532 4595 1671 4663 μετά

143 4682 349 4751 Μάρκον
378 4683 468 4735 τὸν
498 4684 790 4737 ἀπόστολον
817 4685 1104 4754 ἀρχιερεὺς
1134 4684 1373 4754 γεγονὼς
1394 4686 1672 4756 ἐτελεύτηο
1705 4753 1710 4756 _

142 4789 211 4837 σε,
239 4776 330 4829 καὶ
375 4775 605 4838 ’Δδίλιος
635 4776 1126 4843 αὐτὸνδιεδέξατο,
1161 4771 1420 4847 δεύτερος
1449 4779 1670 4830 ἐπίσκο-

141 4882 227 4928 ao;
260 4867 662 4936 Ἀλεξανδρείας
696 4867 1006 4935 γενόμενος.
1040 4868 1130 4937 Τῷ
1162 4868 1448 4938 δωδεκάτῳ
1491 4869 1532 4922 δ’
1563 4870 1670 4922 ἔτει

141 4956 224 5022 τῆς
264 4957 554 5026 ἡγεμονίας
604 4954 769 5008 αὑτοῦ
829 4956 1245 5026 τελευτήσαντος
1288 4958 1668 5024 Ἀνεγκ).ήτου,

144 5041 352 5115 Κλήμης
381 5047 477 5117 τὴν
507 5047 917 5119 ἀρχιερωσύνην
966 5046 1065 5114 τῆς
1105 5045 1323 5116 Ῥώμης
1371 5046 1668 5116 παρέλαϐε,

142 5132 304 5200 τρίτος
339 5124 903 5208 ταύτης’χρηματίσας
928 5137 1241 5200 ἐπίσκοπος,
1277 5140 1419 5190 κατά
1445 5140 1535 5190 τὸν
1706 5158 1709 5161 ’

147 5225 331 5282 σέδιον.
354 5218 520 5298 Οὗτος
551 5231 580 5283 6
614 5229 856 5298 ἔχθιστος
887 5226 1240 5296 αὐτοκράτωρ
1276 5229 1411 5294 μετά
1443 5231 1531 5280 τὸν
1568 5229 1670 5280 Νέ-

149 5328 278 5379 pum.
358 5316 510 5380 αὖθις
561 5317 652 5369 τὸν
709 5319 849 5371 κατά
907 5319 1014 5370 τῶν
1054 5314 1388 5386 Χριστιανῶν
1431 5317 1671 5384 διωγμὸν

150 5405 413 5477 ἀνεκίνησε
443 5409 538 5480 τῆς
569 5409 776 5462 ἐκείνου
817 5409 1112 5479 θεομαχίας
1139 5408 1378 5476 διάδοχος
1407 5407 1668 5474 γεγονὼς.

150 5496 200 5553 ὃς
231 5497 319 5549 καὶ
352 5499 442 5552 τὸν
465 5498 762 5555 ἀπόστολον
789 5502 880 5552 καὶ
913 5500 1302 5570 εὑαγγελιστὴν
1340 5498 1590 5566 Ἰωάννην
1612 5501 1669 5549 ὲν

153 5588 339 5659 υὰτμῳ
379 5593 445 5660 τῇ
481 5595 627 5660 νήσῳ
661 5590 750 5643 διά
795 5590 854 5642 τὸ
905 5593 1165 5662 κήρυγμα
1210 5591 1524 5661 περιώρισε,
1575 5589 1669 5638 καὶ

151 5679 261 5743 τοὺς
288 5681 574 5748 ἀπογόνους
598 5682 758 5737 Δαθὶὸ
792 5683 1129 5751 ἀναιρεῖσθαι
1164 5682 1479 5755 προσέταξε.
1505 5679 1668 5733 Ταῦθ’

1780 3241 1904 3280 eum
1929 3215 2544 3294 aliquandiu'attonitus
2578 3224 2854 3289 stetisset,
2895 3210 3114 3277 tandem
3145 3221 3327 3275 excla-

1782 3316 1984 3370 mavit:
2024 3314 2166 3386 Euge
2188 3313 2643 3384 Steplmne,recte.
2677 3312 3074 3382 Stephaneﬁferi
3101 3309 3325 3366 scelera-

1781 3417 1889 3458 tum
1920 3422 1938 3460 :
1972 3408 2295 3476 percussisti,
2343 3405 2651 3467 vulnerasti.
2699 3405 2950 3459 occidisti.
2988 3403 3100 3456 Hoc
3142 3402 3326 3455 Pbilo-

1779 3507 1985 3554 stratus
2039 3499 2299 3554 Lemnius
2352 3499 2406 3552 in
2454 3497 2728 3567 Apollonii
2778 3497 2896 3552 Vita
2945 3496 3128 3550 refert.
3183 3493 3328 3549 Vixit

1782 3587 2124 3646 Domitianus
2153 3607 2325 3645 annos
2357 3606 2501 3655 xuv,
2537 3604 2752 3644 menses
2801 3605 2874 3650 x1,
2917 3587 3034 3640 dies
3064 3602 3115 3639 νι
3147 3594 3201 3638 et
3235 3599 3321 3636 xx.

1780 3682 2071 3752 Imperavit
2095 3698 2268 3737 annos
2297 3699 2363 3736 xv
2389 3691 2445 3736 et
2474 3681 2600 3736 dies”
2625 3697 2675 3732 ν.
2706 3679 2910 3745 Quarto
2943 3691 3087 3730 anno
3113 3674 3326 3744 imperii

1777 3773 1912 3839 ejus,
1962 3770 2356 3842 Alexandrinae.
2400 3771 2655 3825 Ecclesia:
2701 3770 2875 3840 primo
2926 3776 3046 3838 post
3087 3766 3324 3821 Marcum

1777 3863 2079 3930 apostolum
2135 3862 2377 3932 pontifici
2433 3861 2716 3926 defuncto,
2767 3860 2978 3915 Abilius
3024 3857 3337 3940 successit,

1778 3952 2053 4007 secundus
2084 3952 2425 4007 Alexandriae
2461 3951 2724 4021 pontifex.
2763 3949 2983 4003 Decimo
3008 3961 3152 4001 anno
3179 3938 3325 4014 prin-
3388 3938 3390 3940 ’

1777 4046 1993 4113 cipatns
2023 4046 2143 4114 ejus
2168 4043 2427 4098 defuncto
2454 4041 2735 4109 Anacleto,
2763 4039 3016 4096 Clemens
3043 4035 3326 4106 pontifica-

1779 4146 1892 4190 tum
1925 4138 2229 4191 Romanum
2262 4137 2524 4205 suscepit.
2555 4137 2768 4209 tertius.
2799 4130 3034 4187 Eusebio
3065 4139 3287 4183 auctore
3309 4167 3324 4190 ,

1777 4229 1930 4284 urbis
1975 4220 2284 4299 episcopus.
2331 4230 2430 4284 Hic
2459 4227 2838 4281 odiosissimus
2874 4224 3167 4293 imperator
3207 4237 3327 4289 pcr-

1778 4320 2117 4373 seeutionem
2159 4318 2592 4380 Christianorum
2627 4327 2746 4385 post
2790 4315 3054 4369 Neronem
3089 4313 3324 4368 redinte-

1746 4406 1970 4480 gravit,
2031 4408 2177 4463 illius
2236 4408 2288 4462 in
2347 4407 2718 4478 oppugnando
2748 4406 2983 4461 Numine
3043 4401 3320 4458 audaciam

2151 4510 2206 4554 et
2245 4498 2508 4554 Joannem
2573 4498 2896 4566 apostolum,
2965 4495 3330 4560 eumdemquu.

1773 4593 2156 4660 evangelistam
2185 4631 2199 4656 ,
2245 4591 2315 4645 ob
2360 4582 2690 4660 praeconium
2723 4589 2776 4642 in
2822 4587 3050 4663 insulam
3097 4584 3324 4638 Patmon

1774 4685 2054 4752 relegavit,
2098 4673 2722 4752 Davidisque‘posteros
2756 4679 2866 4732 tolli
2916 4678 3098 4748 jussit.
3152 4677 3323 4743 Quam

1776 4789 1888 4827 rem
1937 4772 2207 4827 Eusebius
2253 4772 2515 4841 Egesippi
2553 4772 2736 4826 verbis
2791 4770 2857 4824 ad
2908 4770 3055 4823 hunc
3102 4769 3325 4837 exponit

1775 4863 1993 4916 modum
2025 4879 2038 4913 :
2071 4863 2250 4916 Adhuc
2289 4865 2593 4932 superstites
2616 4872 2767 4916 erant
2799 4871 3004 4928 nepotes
3033 4858 3202 4919 Judw,
3236 4859 3323 4925 qui

1773 4953 1938 5021 frater
1999 4951 2209 5005 Domini
2248 4943 2531 5006 secundum
2573 4968 2785 5006 carnem
2835 4952 3042 5012 dicitur,
3096 4964 3221 5016 quos
3267 4955 3320 4996 ut

1776 5046 1988 5099 Davidis
2019 5056 2252 5116 posteros
2278 5047 2489 5115 quidam
2514 5043 2829 5097 detulerunt.
2867 5041 2968 5094 Eos
2993 5039 3319 5090 Domitianus

1775 5139 1841 5192 cd
1869 5155 1923 5191 se
1950 5137 2196 5192 adductos
2229 5145 2596 5206 percunctatus
2628 5143 2808 5199 cst,an
2844 5131 3078 5183 Davidici
3108 5128 3321 5182 essent?

1775 5231 1894 5298 Illis
1923 5231 2319 5299 afﬁrmantibus,
2357 5232 2679 5296 interrogare
2703 5225 2953 5294 perrexit,
2985 5228 3106 5292 quot
3133 5222 3319 5290 fundos

1772 5319 2112 5386 possiderent,
2147 5325 2194 5368 et
2223 5328 2478 5387 quantum
2519 5315 2748 5384 pecuniae
2779 5311 3074 5364 haberent?
3106 5311 3201 5365 Cui
3242 5310 3320 5363 illi

1774 5410 2169 5477 responderunt,
2207 5423 2258 5461 ιχ
2290 5404 2456 5458 millia
2489 5405 2824 5457 denariorum
2878 5410 3083 5463 tantum
3125 5414 3178 5451 se
3219 5405 3315 5450 Ita-

1771 5503 1888 5553 bere
1919 5515 2120 5568 :eaquc
2143 5515 2243 5550 non
2269 5499 2320 5549 in
2351 5495 2590 5564 pecunia,
2619 5495 2706 5549 sed
2730 5497 2782 5548 in
2812 5492 3153 5547 wstimatione
3190 5491 3317 5558 {nn-

1770 5591 1974 5652 darum,
2010 5588 2146 5640 unde
2172 5595 2220 5639 et
2251 5587 2350 5654 ipsi
2388 5585 2559 5638 labore
2594 5601 2809 5638 suarum
2834 5596 3080 5634 manuum
3115 5580 3318 5631 victita-

1754 5691 1904 5745 rent,
1959 5687 2006 5731 et
2057 5679 2246 5736 tributa
2297 5679 2612 5749 penderent,
2648 5686 2696 5729 ct
2742 5690 2986 5728 manuum
3027 5671 3186 5724 callos
3225 5687 3317 5738 pro
