4036 6338
575 363 677 422 0δῖ

1811 347 2129 408 JOANNIS
2167 346 2484 406 ΖΟΝΛΒᾹΞ

3651 343 3760 406 988

561 471 722 536 regiae
782 462 1281 533 appropinquaret,
1344 459 1645 515 Decebalus
1722 471 1817 526 per
1873 445 2100 526 legatus,

2212 435 2384 510 τατον.
2407 454 2515 507 Καὶ
2542 453 2782 535 πολέμου
2811 452 3175 525 συρραγέντος
3201 453 3370 520 σφίσι,
3405 452 3630 513 πολλοὺς
3662 453 3760 517 μὲν

537 558 856 627 pollicitus,
906 569 963 608 se
1011 568 1181 616 arma,
1232 551 1512 606 machinas
1545 559 1601 604 et
1654 550 1839 603 fabros
1870 549 2108 603 traditu-

556 664 699 710 rum,
741 655 794 701 ct
836 644 1099 713 quidquid
1150 653 1412 712 praeterea
1458 657 1489 695 a
1542 656 1600 695 se
1632 641 1998 710 postularetur
2029 640 2111 693 fa-

493 773 497 777 ε
553 749 767 793 cturum
792 754 804 788 :
847 737 961 805 ipse
991 737 1053 788 ad
1084 736 1466 802 imperatorem
1495 732 1664 796 venit,
1691 747 1927 800 eumque
1955 731 2106 784 humi

553 835 859 893 prostratus
915 810 1181 876 adoravit.
1229 821 1435 874 Deinde
1467 821 1736 890 Trajanus
1788 820 1843 872 in
1895 821 2106 874 Italiam

553 928 828 972 reversus,
864 912 1068 980 legatos
1101 909 1350 964 Decehali
1392 925 1577 964 secum
1605 909 1834 963 adduxit
1863 927 1876 961 :
1923 907 2014 977 qui
2053 909 2106 962 in

553 1013 803 1054 senalum
858 1001 1180 1062 introducti,
1248 1001 1441 1068 positis
1500 1002 1687 1064 armis,
1748 1000 2107 1068 manibusque

552 1093 891 1162 captivorum
927 1093 1098 1146 instar
1122 1091 1448 1160 conjunctis,
1477 1092 1663 1145 multis
1693 1092 1871 1145 verbis
1903 1093 2106 1161 suppli-

550 1193 766 1246 carunt,
799 1192 854 1235 et
886 1198 1017 1251 pace
1051 1181 1365 1249 impetrata,
1398 1196 1547 1234 arma
1582 1193 1930 1250 receperunt.
1969 1182 2104 1236 Tra-

547 1257 1028 1341 janustriumpbo
1075 1282 1219 1338 acto,
1256 1272 1484 1325 Dacicus
1533 1274 1946 1342 cognominatus
2001 1282 2104 1327 est.

553 1361 739 1431 Neque
792 1379 922 1417 vero
962 1373 1184 1431 propter
1224 1363 1300 1415 rei
1349 1360 1600 1418 militaris
1628 1363 1868 1418 studium
1915 1372 2108 1417 caetera

557 1454 817 1522 neglexit,
848 1453 941 1507 sed
973 1454 1156 1506 multis
1185 1453 1236 1506 in
1271 1453 1408 1507 locis
1440 1461 1496 1508 et
1528 1468 1670 1521 saepe
1695 1454 1785 1523 jus
1813 1467 1910 1521 pro
1939 1435 2110 1506 tribu-

554 1545 659 1597 nali
691 1545 849 1598 dixit.
875 1544 1010 1598 Cum
1045 1545 1342 1599 Deeebalus
1372 1546 1546 1614 pactis
1587 1553 1644 1599 et
1675 1544 1964 1599 conventis
1990 1544 2108 1598 vio-

554 1635 699 1698 latis,
733 1651 817 1689 res
850 1651 1018 1690 novas
1055 1636 1233 1690 moliri
1279 1637 1648 1696 nuntiaretur,
1682 1634 1866 1688 denuo
1914 1645 2126 1688 contra

555 1724 706 1778 illum
759 1725 909 1778 duxit
961 1725 1260 1778 exercitum
1304 1742 1317 1779 :
1365 1725 1458 1792 Qui
1493 1725 1621 1793 quia
1671 1724 1884 1778 viribus
1933 1725 2106 1792 impar

2211 547 2319 600 τῶν
2354 533 2626 616 πολεμίων
2655 547 2980 600 ἀπέκτειναν
3011 546 3060 598 οἰ
3129 545 3410 614 Ῥωμαῖοι,
3463 546 3523 596 οὐ
3579 543 3760 612 μείους

2178 639 2264 693 ,δὲ
2293 640 2387 692 καὶ
2431 639 2608 691 αὐτῶν
2661 637 3191 706 ἐτραυματίσθησαν.
3251 633 3506 690 τοσοῦτοι
3541 634 3586 686 δ’
3619 629 3756 700 ἦσαν

2209 731 2256 783 οἱ
2277 729 2624 798 τραυματίαι,
2656 730 2731 792 ὡς
2755 729 3110 781 ἐπιλιπόντων
3135 728 3239 781 τῶν
3284 727 3595 796 ἐπιδέσμων
3624 726 3760 793 μηδὲ
3803 768 3806 769 ν

2208 821 2306 890 τῆς
2339 821 2531 875 ἐαυτοῦ
2556 822 2781 890 ἐσθῆτος
2816 820 3108 889 φείσασθαι
3139 820 3229 872 τὸν
3261 820 3550 888 τραῖανόν.
3604 819 3760 870 Ἐπεὶ

2209 911 2263 965 δὲ
2295 913 2362 964 τά
2413 929 2472 964 τε
2526 912 2668 979 ἄκρα
2718 911 2991 981 δυσχερῶς
3043 911 3160 981 μὲν,
3209 909 3473 963 κατέλαϐε
3527 909 3605 970 δέ,
3667 909 3762 960 καὶ

2211 1005 2378 1066 πέλας
2424 1004 2532 1056 τῶν
2574 1003 2855 1072 βασιλείων
2889 999 3050 1070 ἦλθεν
3079 1002 3282 1066 αὐτῶν,
3314 1001 3572 1070 πρέσϐεις
3601 1003 3627 1052 ὁ
3661 1002 3761 1050 As-

2210 1098 2436 1159 κέδαλος
2471 1096 2749 1164 πέπομφε,
2775 1094 3151 1163 συντιθέμενος
3180 1093 3250 1146 τά
3276 1110 3334 1145 τε
3383 1092 3519 1144 ὅπλα
3565 1090 3658 1142 καὶ
3695 1089 3764 1140 τὰ

2212 1187 2579 1258 μηχανήματα
2635 1186 2728 1238 καὶ
2781 1189 2905 1249 τοὺς
2956 1185 3354 1255 μηχανοποιοὺς
3407 1181 3762 1251 παραδοῦναι,

2209 1280 2302 1332 καὶ
2326 1277 2470 1331 ἅπαν
2497 1277 2681 1346 ἕτερον
2703 1275 2735 1328 δ
2763 1276 2828 1331 ἂν
2873 1276 3153 1329 ἁπαιτοῐτο
3185 1274 3313 1342 ποιῆ
3325 1291 3410 1326 σαι
3431 1313 3442 1326 .
3471 1273 3580 1326 Ka‘t
3625 1273 3763 1339 πρδς

2207 1371 2297 1424 τὸν
2329 1367 2702 1440 αὐτοκράτορα
2727 1367 2915 1433 ἐλθὼν,
2949 1368 3006 1429 ἐς
3034 1360 3190 1428 οὖδας
3225 1363 3571 1426 κατακλιθεὶς
3613 1362 3766 1428 αὐτῷ

2208 1461 2636 1532 προσεκύνησεν.
2694 1455 2823 1512 Εἶτα
2872 1460 2951 1520 εἰς
2989 1457 3087 1528 τὴν
3143 1456 3370 1510 Ἰταλίαν
3422 1456 3450 1507 ὁ
3497 1453 3766 1521 Τραῐανδς

2207 1551 2528 1614 ἀναζεύξας.
2569 1550 2660 1602 καὶ
2702 1549 2825 1612 τοὺς
2868 1546 2960 1600 τοῦ
3011 1547 3307 1606 Δεκεῦάλου
3351 1544 3607 1615 πρέσϐεις
3661 1545 3770 1592 ἐπ-

2213 1645 2396 1711 ήγετο.
2445 1641 2640 1709 Οἵπερ,
2665 1639 3005 1708 εἰσαχθέντες
3030 1638 3110 1701 εἰς
3130 1638 3189 1690 τὸ
3224 1635 3518 1704 συνέδριον,
3537 1633 3600 1684 τὰ
3624 1632 3772 1684 ὅπλα

2207 1730 2552 1800 ἀποθέμενοι,
2614 1729 2708 1783 καὶ
2772 1728 2872 1792 τὰς
2920 1731 3108 1798 χεῖρας
3168 1725 3498 1794 συνάψαντες
3539 1726 3596 1777 ἒν
3645 1723 3773 1790 αἰχ-

557 1817 851 1879 erat,dolo
901 1816 1288 1886 imperatorem
1338 1817 1557 1870 vincere
1615 1815 1889 1870 studebat.
1933 1813 2104 1881 Quem

2212 1794 2470 1893 μαλώτων
2513 1794 3081 1892 σχήματι,’τιολλά-τε
3134 1815 3285 1872 εἷπον
3318 1819 3407 1872 καὶ
3455 1815 3768 1869 ἱκέτευσαν.

556 1922 678 1960 cum
710 1922 927 1960 accessu
986 1921 1107 1960 esse
1149 1905 1403 1971 facilem,
1449 1915 1505 1960 et
1539 1908 1789 1975 quemvis
1832 1907 1898 1958 ad
1943 1907 2108 1960 collo-

555 1998 743 2064 quium
775 1997 1067 2049 admittere
1093 1997 1279 2060 sciret,
1310 1996 1614 2064 transfugas
1645 1996 1985 2058 subornavit,
2014 1994 2106 2064 qui

556 2099 704 2143 eum,
737 2084 783 2137 si
828 2085 1070 2151 pos’scnt,
1099 2083 1434 2136 occiderent.
1487 2083 1593 2137 Sed
1649 2100 1790 2137 unus
1819 2100 2007 2137 eorum
2040 2085 2111 2138 ob

559 2175 918 2242 suspicionem
949 2167 1401 2242 CDlltprellenSUS,
1442 2174 1494 2227 in
1526 2174 1926 2243 quaestionibus
1959 2190 2112 2230 arca-

557 2283 685 2320 num
724 2265 919 2318 effatus
940 2275 1040 2318 est.
1067 2265 1364 2334 Imperator
1387 2276 1566 2320 autem
1597 2276 1761 2335 ponte
1786 2281 1885 2336 per
1911 2266 2110 2321 Istrum
2137 2305 2140 2307 μ

557 2358 721 2420 facto,
754 2356 899 2425 quod
931 2371 1068 2425 opus
1094 2372 1310 2410 omnem
1339 2357 1759 2411 admirationem
1784 2367 1840 2411 et
1869 2373 2112 2414 comme-

558 2448 914 2502 morationem
951 2457 1195 2517 superat,
1233 2447 1593 2518 traductoque
1619 2449 1883 2514 exercitu,
1907 2451 1995 2504 vix
2021 2450 2112 2505 ille

558 2540 775 2607 quidem
805 2548 1010 2593 etcum
1052 2539 1322 2608 periculo,
1373 2539 1470 2594 sed
1502 2540 1636 2594 vicit
1686 2551 1866 2594 tamen
1915 2542 2109 2596 Dacos.

559 2629 859 2686 Det-ebalus
912 2639 1022 2697 pra:
1068 2629 1454 2698 desperatione
1505 2633 1744 2701 seipsum
1793 2629 2110 2688 interfecit:

564 2737 627 2773 ex
657 2734 836 2788 eoque
867 2735 998 2790 gens
1030 2720 1320 2786 Dacorum,
1351 2737 1653 2791 eorumque
1684 2725 1967 2792 provincia
1999 2725 2112 2780 Ro-

564 2812 740 2865 manis
768 2825 956 2880 parere
975 2811 1161 2879 erepit.
1194 2810 1415 2881 Reperit
1439 2825 1494 2868 et
1518 2815 1806 2870 thesauros
1837 2807 2112 2882 Deeebali,

559 2906 806 2974 quamvis
837 2902 1074 2958 dillicilis
1105 2919 1295 2958 eorum
1340 2915 1487 2960 esset
1527 2906 1791 2961 inventio.
1845 2907 2115 2964 Barbarus

557 2997 704 3050 enim
751 2995 937 3061 ﬂuvio,
984 2997 1078 3065 qui
1134 2997 1335 3067 regiam
1378 2999 1802 3068 praeterfluebat,
1851 3002 1958 3056 alio
2009 3010 2117 3055 tra-

2208 1915 2320 1966 Kal
2355 1912 2540 1984 obrui;
2559 1912 2802 1966 σπονδῶν
2826 1906 3263 1981 τυχόντες-αὖθις
3291 1910 3357 1963 τὰ
3390 1909 3530 1962 ὅπλα
3559 1905 3765 1958 ἀπέλα-

2207 2005 2321 2060 σον.
2371 2005 2638 2075 Τραϊανὸς
2703 2004 2761 2056 δὲ
2821 2004 2916 2057 καὶ
2971 2003 3355 2072 ἐθριάμϐευσε,
3411 2000 3504 2052 καὶ
3537 1998 3770 2059 Δακικὸς

2207 2092 2521 2165 ὠνομάσθη.
2570 2096 2682 2165 Οὐχ
2713 2095 2787 2158 ώς
2837 2096 3028 2165 ἀρήϊος
3067 2095 3122 2146 δέ
3169 2093 3278 2146 τῶν
3331 2092 3508 2145 ἄλλων
3549 2091 3766 2159 ἡμέλει,

2207 2187 2240 2257 ἢ
2274 2183 2433 2256 ἦττον
2480 2184 2751 2248 ἐδίκαζεν,
2779 2185 2914 2236 ἀλλὰ
2945 2185 3040 2236 καὶ
3073 2182 3340 2251 πολλαχοῦ
3374 2183 3468 2260 καὶ
3500 2181 3770 2241 πολλάκις

2211 2279 2301 2330 ἐπὶ
2341 2276 2584 2347 βήματος
2632 2274 2866 2348 ἔκρινεν.
2907 2276 2999 2338 Ὠς
3038 2274 3095 2329 δέ
3126 2273 3501 2342 ἀπηγγέλλετο
3533 2276 3560 2325 ὁ
3603 2273 3772 2323 Δεκέ-

2212 2368 2374 2433 6αλος
2401 2367 2557 2433 αὖθις
2613 2366 2970 2438 νεωτερίζων,
3025 2365 3122 2420 καὶ
3155 2366 3275 2426 ταῖς
3323 2362 3622 2431 συνθήκαις
3667 2361 3772 2413 οὐκ

2209 2457 2480 2527 ἐμμένων,
2505 2455 2666 2520 αὐτὸς
2701 2456 2797 2509 καὶ
2824 2453 2986 2507 πάλιν
3014 2452 3148 2523 πρὸς
3182 2449 3387 2503 ἐκεῖνον
3411 2449 3765 2519 ἐστράτευσε.

2212 2547 2322 2600 Καὶ
2374 2547 2402 2598 ὁ
2458 2544 2778 2609 Δεκέδαλος,
2815 2541 3125 2613 ἡττώμενος
3192 2539 3356 2609 ἰσχύϊ,
3408 2538 3544 2603 δὸλσχι
3599 2537 3767 2590 αὑτοῦ

2210 2636 2593 2707 περιγενέσθαι
2637 2634 3014 2704 διεμελέτησε.
3065 2632 3188 2684 Καὶ
3235 2628 3389 2692 εἰδὼς
3444 2629 3770 2698 εὐπρόσιτον

2210 2728 2338 2781 ὄντα
2374 2726 2664 2798 Τραϊανὸν,
2696 2725 2789 2778 καὶ
2832 2725 2924 2777 τὸν
2960 2721 3286 2793 βουλόμενον
3315 2721 3394 2783 είς
3434 2719 3652 2788 ὁμιλίαν
3680 2720 3772 2772 δε-

2213 2821 2462 2890 χόμενον,
2480 2816 2938 2887 ψευδαυτομόλους
2969 2813 3305 2875 ἀπέστειλεν,
3335 2813 3400 2864 ἵν’
3427 2812 3770 2880 εἰδυνηθείεν

2213 2911 2376 2965 αύτδν
2429 2910 2834 2981 διαχρήσαιντο.
2902 2901 2993 2968 Εἷς
3031 2905 3076 2959 δ’
3125 2905 3347 2958 ἐκείνων
3399 2902 3759 2963 ὑποπτευθεὶς

2216 3001 2544 3073 συνελήφθη,
2594 3000 2688 3053 καὶ
2738 2997 2986 3060 ἐτασθεὶς
3047 2995 3274 3068 ἐξέφηνε
3326 2993 3388 3046 τὸ
3437 2993 3764 3062 ἀπόρρητον.

561 3086 750 3149 ducto,
783 3086 837 3139 in
870 3085 1026 3140 alveo
1055 3085 1267 3140 foveam
1301 3087 1579 3156 praealtam
1608 3100 1921 3155 exeavarat,
1949 3105 2114 3160 quam

2217 3091 2543 3163 Γεφυρώσας
2566 3090 2622 3143 δέ
2654 3089 2745 3142 τδν
2770 3088 2982 3156 Ἴστρον
3012 3087 3040 3139 ὁ
3074 3084 3459 3168 αὐτοκράτωρ,
3483 3085 3579 3136 καὶ
3610 3083 3772 3153 ἔργον

564 3197 754 3249 magna
799 3180 941 3245 auri,
1001 3183 1207 3250 majore
1253 3183 1488 3252 argenti,
1534 3184 1875 3254 aliarumque
1929 3193 2121 3240 rerum

564 3270 769 3339 quibus
799 3269 1093 3326 humiditas
1125 3286 1234 3325 non
1259 3283 1440 3338 nocet,
1462 3274 1617 3343 copia
1645 3275 1866 3346 injecta,
1889 3276 2116 3346 lapideis

565 3363 764 3417 tabulis
787 3348 1176 3419 obstruxerat:
1217 3376 1545 3436 aggestaque
1581 3377 1746 3431 terra,
1781 3368 2010 3424 ﬂuvium
2052 3370 2115 3426 in

567 3463 808 3511 veterem
856 3455 1069 3508 alveum
1125 3457 1442 3512 reduxerat.
1491 3458 1654 3513 Multa
1684 3461 1848 3514 etiam
1888 3460 1943 3515 in
1991 3477 2117 3531 spe.

566 3545 742 3600 luncis
763 3543 1068 3598 abdiderat.
1100 3543 1224 3598 Hzec
1247 3548 1463 3600 nemine
1482 3560 1746 3616 praesente
1767 3550 1872 3604 nisi
1889 3553 2118 3620 captivis

569 3634 807 3690 faciebat
841 3651 856 3694 ;
893 3649 1050 3703 quos,
1087 3633 1339 3690 absoluto
1379 3643 1566 3704 opere,
1622 3646 1677 3692 et
1724 3637 1890 3694 rebus
1930 3641 2117 3695 occul-

570 3726 718 3789 tatis,
766 3727 1174 3781 interficiendos
1216 3727 1461 3795 curabat,
1511 3745 1579 3786 ne
1629 3746 1886 3787 arcanum
1919 3735 2116 3803 prode-

570 3827 711 3871 rent.
751 3813 903 3870 Unus
942 3825 1120 3871 tamen
1151 3816 1434 3875 familiaris
1464 3823 1602 3889 ejus,
1632 3839 1834 3892 gnarus
1877 3826 1968 3880 ubi
2003 3827 2119 3881 the-

566 3908 941 3972 συντίθεσθαι,
976 3907 1238 3962 iudieium
1269 3908 1427 3963 fecit.
1466 3910 1601 3965 Cum
1651 3913 1920 3968 Licinium
1957 3916 2120 3986 586

568 4000 785 4064 Suram,
820 4000 998 4054 virum
1036 4000 1282 4064 divitem,
1312 4016 1474 4072 quem
1509 4013 1699 4058 mutuo
1725 4004 1963 4070 amabat,
1997 4009 2120 4075 qui—-

568 4092 691 4144 dam
740 4103 799 4147 ut
830 4079 1223 4150 insidiatorem
1263 4096 1534 4151 criminati
1567 4103 1808 4161 essent,’
1834 4099 2119 4154 invocatus

570 4189 840 4235 comatum
874 4184 939 4236 ad
972 4200 1096 4239 eum
1150 4187 1306 4251 abiit,
1357 4197 1432 4253 et,
1480 4191 1805 4245 satellitibus
1835 4192 2116 4262 ablegatis,

572 4274 726 4328 Sura:
761 4274 975 4328 medico
999 4276 1188 4329 oculos
1205 4280 1494 4344 curandos,
1519 4281 1638 4351 ejus
1657 4283 1864 4336 tonsori
1896 4283 2118 4338 barbam

571 4364 860 4420 radendam
885 4365 1140 4435 praebuit.
1171 4362 1378 4421 Deinde
1407 4369 1535 4423 lavit
1565 4367 1895 4428 etcmnavit.
1915 4375 2122 4429 Postri-
2169 4368 2171 4370 ’

2216 3183 2376 3237 τοῦτο
2447 3179 2910 3249 διαπραξάμενος,
2968 3166 3106 3247 μήτε
3157 3173 3535 3244 θαυμασθῆναι
3584 3173 3774 3237 ἀξίως,

2218 3275 2343 3351 μήτ’
2406 3272 2741 3345 ἐξηγηθῆναι
2779 3269 3098 3339 δυνάμενον,
3149 3267 3237 3323 διὰ
3278 3266 3378 3337 τῆς
3421 3265 3656 3335 γεφύρας
3683 3281 3773 3346 τε

2216 3369 2431 3436 ταύτης
2462 3367 2552 3420 τὸν
2607 3363 2853 3434 ποταμὸν
2903 3360 3254 3433 περαιωθεὶς,
3317 3359 3468 3429 μόλις
3512 3357 3608 3428 μὲν
3664 3357 3768 3408 καὶ

2216 3458 2551 3522 κινδυνωδῶς
2588 3457 2855 3529 ἐκράτησε
2885 3455 2992 3508 τῶν
3030 3452 3238 3516 Δακῶν,
3271 3451 3544 3521 ἐκράτησε
3575 3448 3619 3501 δ’
3654 3445 3774 3502 οὖν.

2218 3552 2327 3605 Καὶ
2373 3551 2401 3601 ὁ
2431 3549 2748 3610 Δεκέϐαλος,
2784 3547 3076 3612 ἀπογνοὺς,
3133 3535 3493 3613 διεχειρίσατο
3556 3539 3773 3593 ἑαυτόν.

2218 3641 2524 3697 Κὰντεῦθεν
2547 3639 2606 3693 τδ
2635 3639 2788 3702 ἔθνος
2815 3639 2874 3690 τὸ
2898 3638 3003 3690 τῶν
3040 3635 3232 3712 ῥακῶν
3260 3635 3352 3686 καὶ
3376 3634 3407 3702 ἡ
3434 3632 3588 3702 χώρα
3613 3630 3770 3699 σφῶν

2229 3732 2517 3802 Ῥωμαίοις
2571 3731 2810 3800 ὑπήκοος
2837 3729 3027 3797 γέγονε
3050 3721 3194 3795 (19).
3244 3726 3354 3780 Kal.
3383 3726 3508 3787 τοὺς
3566 3725 3776 3792 θησαυ-

2221 3824 2344 3894 ροὺς
2374 3823 2418 3875 δ’
2446 3817 2570 3893 εὗρε
2607 3823 2734 3882 τοὺς
2757 3817 3081 3884 Δεκεδάλου,
3117 3817 3294 3870 καίτοι
3335 3813 3633 3885 δυσχεροῦς
3676 3814 3774 3866 οὗ-

2219 3930 2318 3982 σης
2360 3913 2457 3979 τῆς
2516 3911 2724 3964 τούτων
2777 3911 3069 3980 εὑρέσεως.
3113 3908 3360 3974 Ποταμὸν
3399 3907 3505 3975 γὰρ
3551 3905 3609 3967 ὃς
3659 3908 3778 3968 τοῖς

2173 4050 2175 4052 .
2220 4001 2506 4073 βασιλείοις
2528 3998 2692 4054 αὐτοῦ
2716 3998 3000 4068 παρέρρει,
3026 3996 3413 4066 μετοχετεύσας
3430 3997 3456 4047 δ
3479 3985 3774 4065 βάρδαροςι

2219 4093 2320 4164 τὴν
2371 4093 2476 4164 γῆν
2537 4090 2622 4160 ἐφ’
2671 4086 2740 4160 ἧς
2783 4089 2920 4159 διῄει
2953 4088 3013 4141 τὸ
3045 4088 3186 4158 ὓδωρ
3222 4085 3430 4156 ὤρυξεν
3475 4087 3554 4147 είς
3607 4085 3776 4156 βάθος

2219 4186 2372 4251 πολὺ,
2403 4187 2499 4239 καὶ
2528 4184 2774 4238 πλεῖστον
2807 4182 2906 4253 μὲν
2935 4180 3154 4252 χρυσὸν,
3201 4178 3370 4232 πλείω
3397 4177 3461 4230 δὲ,
3503 4177 3777 4247 ἄργυρον,

2219 4279 2312 4336 καὶ
2347 4277 2480 4329 ἄλλα
2507 4276 2615 4329 τῶν
2653 4274 2847 4344 τιμίων
2877 4274 2978 4327 ὅσα
3008 4273 3082 4342 μὴ
3109 4270 3352 4340 πέφυκεν
3387 4267 3445 4334 ἐξ
3472 4269 3775 4338 ὑγρότητος

2221 4365 2560 4433 φθείρεσθαι,
2620 4362 2990 4429 καταθέμενος
3041 4359 3119 4426 τῷ
3170 4358 3464 4428 ὀρύγματι,
3503 4358 3665 4422 πλαξί
3716 4374 3782 4409 τε

570 4458 659 4510 die
687 4458 1177 4514 calumniatoribus
1206 4459 1339 4514 dixit
1363 4474 1381 4513 :
1421 4457 1589 4537 Sigme
1618 4464 2005 4528 occidere;$ura
2029 4481 2116 4518 vo-

2221 4456 2560 4526 κατέστρωσε
2616 4452 2714 4522 τὴν
2748 4443 2892 4505 ἐκεί
2935 4451 3036 4520 γῆν
3072 4450 3168 4502 καὶ
3193 4449 3321 4518 χοῦν
3367 4448 3590 4507 ταύταις
3630 4447 3781 4516 ἐπή-

572 4546 767 4610 luissct,
798 4543 927 4600 nihil
949 4548 996 4602 ei
1023 4547 1320 4612 obstitisset,
1349 4549 1627 4618 quominus
1685 4549 1738 4600 id
1765 4549 1874 4601 heri
1900 4549 2122 4613 fecisset.

569 4637 704 4700 Qum
741 4626 1050 4704 pra-fectum
1098 4641 1349 4708 praetorio
1383 4639 1716 4709 designaret,
1748 4640 1908 4709 eique
1937 4654 2122 4694 ensem

575 4726 901 4793 porrigeret,
948 4745 1056 4797 quo
1103 4729 1149 4783 is
1200 4729 1410 4798 accingi
1462 4730 1745 4786 debebat:
1791 4731 1934 4801 Cape
1965 4731 2122 4795 hunc,

521 4828 523 4830 ·
577 4815 773 4885 inquit,
791 4819 902 4870 etsi
924 4815 1046 4872 bene
1071 4822 1290 4891 impero,
1324 4838 1418 4891 pro
1441 4838 1539 4882 me,
1567 4824 1651 4875 sin
1670 4821 1809 4875 male
1831 4833 2018 4876 contra
2042 4836 2122 4874 me

577 4909 673 4962 illo
697 4909 878 4962 utitor.
904 4911 1158 4964 Instruxit
1181 4914 1340 4968 etiam
1368 4914 1745 4968 bibliothecas.
1766 4913 1913 4978 Post,
1936 4923 2123 4968 contra

575 5003 803 5057 Parthos
852 5012 907 5057 et
959 5005 1244 5059 Armenios
1285 5007 1440 5060 duxit
1466 5007 1807 5061 exercitum:
1848 5005 1990 5073 quod
2026 5005 2126 5058 Ar-

581 5092 792 5146 menius
824 5093 1070 5145 diadema
1117 5102 1223 5144 non
1266 5108 1296 5146 a
1331 5110 1411 5157 se,
1440 5093 1535 5148 sed
1563 5112 1593 5148 a
1630 5094 1954 5148 Parthorum
2001 5107 2126 5163 rege

578 5183 904 5248 accepisset,
943 5183 1015 5236 Ea
1045 5199 1205 5250 causa
1240 5185 1636 5252 praetexebatur
1667 5185 1831 5247 bello,
1867 5200 1988 5238 eum
2016 5192 2126 5236 tota

583 5285 671 5324 res
706 5271 774 5322 ab
805 5272 1098 5328 ambitione
1152 5286 1208 5328 et
1256 5273 1443 5343 gloria:
1469 5273 1764 5341 cupiditate
1799 5274 2129 5340 proficisce-

584 5372 758 5417 retur.
788 5359 1044 5416 Armenia
1070 5365 1315 5431 subacta,
1343 5363 1515 5419 multa
1547 5363 1598 5418 ei
1626 5379 1655 5416 a
1683 5373 1875 5418 senatu
1906 5364 2124 5418 decreta

2217 4561 2395 4614 νεγκε,
2440 4544 2534 4597 καὶ
2563 4541 2734 4604 οὕτως
2795 4538 2949 4601 αὖθις
2979 4539 3040 4592 τὸ
3070 4537 3212 4607 ὓδωρ
3243 4539 3320 4600 είς
3340 4536 3435 4602 τὴν
3463 4536 3654 4604 πρώην
3680 4553 3784 4603 με..

2215 4635 2473 4706 τέστρεψε
2524 4633 2716 4694 δίοδον,
2762 4633 2885 4683 καὶ·
2919 4632 2976 4693 ἐς
3046 4627 3302 4698 σπήλαιον
3352 4627 3408 4679 δέ
3457 4626 3625 4679 πολλὰ
3653 4627 3785 4700 Eva:

2218 4725 2432 4778 πέθετο.
2462 4723 2646 4777 Ταῦτα
2693 4721 2739 4774 δ’
2785 4721 2957 4772 ἐποίει
3006 4720 3082 4788 μή
3113 4735 3256 4782 τινος
3288 4717 3446 4772 ἄλλου
3505 4717 3784 4787 παρόντος

2218 4815 2250 4885 ἢ
2275 4815 2655 4885 αἰχμαλώτων,
2681 4813 2730 4865 οἳ
2761 4812 2886 4880 περὶ
2919 4811 3091 4864 ταῦτα
3121 4809 3367 4863 ἐπόνουν⁸
3399 4808 3494 4861 καὶ
3519 4806 3658 4874 μετὰ
3678 4808 3785 4874 τὴν

2218 4906 2557 4976 κατάκρυψιν
2626 4904 2752 4966 τοὺς
2797 4899 3174 4971 αἰχμαλώτους
3230 4897 3521 4960 ἐκτίννυεν,
3564 4896 3650 4948 ἴνα
3707 4898 3787 4969 μὴ

2226 4999 2431 5067 ἐκφορα
2458 4998 2527 5049 τὰ
2563 4996 2694 5066 παρ’
2725 4995 2903 5046 αὐτῶν
2936 4989 3198 5058 γεγονότα
3231 4981 3687 5056 ποιήσωσιν.,Εἷς
3723 4989 3784 5040 δέ

2225 5106 2308 5152 τις
2344 5091 2554 5160 ἑταῖρος
2584 5087 2678 5141 τοῦ
2730 5084 3053 5146 Δεκεδάλου,
3085 5078 3338 5143 συνειδὼς
3372 5081 3441 5135 τά
3478 5096 3539 5132 τε
3576 5079 3788 5151 θησαυ-

2182 5179 2185 5181 ’
2234 5181 2481 5250 ρισμένα,
2513 5177 2786 5241 ὑπέδειξεν
2817 5173 2979 5227 αὐτά.
3022 5170 3128 5223 Τὸν
3149 5171 3207 5224 δὲ
3240 5172 3509 5226 Λικίννιον
3535 5171 3787 5243 Σούρραν

2230 5270 2484 5323 πλούσιον
2513 5268 2679 5336 ἄνδρα
2714 5263 2904 5332 φιλῶν,
2936 5261 3029 5314 καὶ
3062 5261 3154 5314 ὑπ’
3191 5261 3399 5315 ἐκείνου
3432 5259 3785 5331 φιλούμενος,

2229 5363 2257 5414 δ
2281 5362 2588 5437 αϐαλόντων
2615 5358 2776 5411 τινῶν
2802 5357 2891 5409 τὸν
2917 5356 3223 5426 ἄνθρωπον,
3261 5355 3336 5418 ὡς
3363 5352 3787 5407 ἐπιϐουλεύοντα

1716 5517 1910 5578 Variae
1934 5517 2234 5576 lectiones
2277 5523 2337 5576 et
2376 5490 2562 5575 notia.

662 5664 768 5728 (t9)
809 5637 1106 5732 Ῥωμαίων
1132 5662 1397 5727 ὑπήκοος
1429 5662 1650 5729 γέγονε.
1700 5662 1858 5715 Amm
1905 5661 2133 5732 Lactan-

595 5733 721 5795 tius,
749 5733 801 5784 in
835 5731 928 5788 lib.
960 5733 1032 5787 De
1056 5733 1304 5788 mortibus
1325 5741 1731 5797 persecutorum,
1759 5749 1790 5786 n
1834 5733 1919 5789 ‘33.
1943 5731 2128 5798 Traia-

2193 5727 2195 5729 ι
2237 5675 2364 5714 nam
2394 5659 2544 5712 Dacis
2569 5658 2772 5712 assidue
2797 5653 3160 5710 rebellantibus
3187 5665 3394 5704 cassum
3414 5664 3575 5722 pauc.
3606 5649 3790 5718 gratia

2238 5733 2472 5784 rictorem
2507 5731 2823 5784 imuosuisse.
