  <div class='ocr_page' id='page_1' title='image "/cluster/home/n/w/nwhite01/storage/ocr_20150623/134/pst.000005714506/520.png"; bbox 0 0 4036 6338; ppageno 0'>
   <div class='ocr_carea' id='block_1_1' title="bbox 135 436 281 503">
    <p class='ocr_par' dir='ltr' id='par_1_1' title="bbox 135 436 281 503">
     <span class='ocr_line' id='line_1_1' title="bbox 135 436 281 503; baseline 0.014 -3"><span class='ocrx_word' id='word_1_1' title='bbox 135 436 281 503; x_wconf 76' lang='grc'><strong>125</strong></span> 
     </span>
    </p>
   </div>
   <div class='ocr_carea' id='block_1_2' title="bbox 1349 444 2165 506">
    <p class='ocr_par' dir='ltr' id='par_1_2' title="bbox 1349 444 2165 506">
     <span class='ocr_line' id='line_1_2' title="bbox 1349 444 2165 506; baseline 0.001 -2"><span class='ocrx_word' id='word_1_2' title='bbox 1349 444 1748 506; x_wconf 76' lang='lat' dir='ltr'><strong>ANNALIUM</strong></span> <span class='ocrx_word' id='word_1_3' title='bbox 1794 445 1919 503; x_wconf 82' lang='lat' dir='ltr'><strong>LIB</strong></span> <span class='ocrx_word' id='word_1_4' title='bbox 1981 444 2125 505; x_wconf 78' lang='lat' dir='ltr'><strong>XiI.</strong></span> <span class='ocrx_word' id='word_1_5' title='bbox 2164 444 2165 447; x_wconf 44' lang='grc'><em>“</em></span> 
     </span>
    </p>
   </div>
   <div class='ocr_carea' id='block_1_3' title="bbox 3143 417 3413 533">
    <p class='ocr_par' dir='ltr' id='par_1_3' title="bbox 3143 417 3413 533">
     <span class='ocr_line' id='line_1_3' title="bbox 3143 417 3413 533; baseline 0.033 -29"><span class='ocrx_word' id='word_1_6' title='bbox 3143 417 3148 504; x_wconf 81' lang='grc' dir='ltr'>ζ</span> <span class='ocrx_word' id='word_1_7' title='bbox 3218 418 3351 513; x_wconf 72' lang='grc' dir='ltr'>ιοεε</span> <span class='ocrx_word' id='word_1_8' title='bbox 3408 526 3413 533; x_wconf 91' lang='lat'>_</span> 
     </span>
    </p>
   </div>
   <div class='ocr_carea' id='block_1_4' title="bbox 130 544 1713 633">
    <p class='ocr_par' dir='ltr' id='par_1_4' title="bbox 130 553 1709 633">
     <span class='ocr_line' id='line_1_4' title="bbox 130 553 1709 633; baseline 0 -27"><span class='ocrx_word' id='word_1_9' title='bbox 130 554 193 607; x_wconf 84' lang='grc' dir='ltr'><strong>λε</strong></span> <span class='ocrx_word' id='word_1_10' title='bbox 204 575 253 618; x_wconf 77' lang='grc' dir='ltr'>ις</span> <span class='ocrx_word' id='word_1_11' title='bbox 271 553 610 632; x_wconf 67' lang='grc' dir='ltr'>ἐλάμϐανον.</span> <span class='ocrx_word' id='word_1_12' title='bbox 626 555 787 619; x_wconf 80' lang='grc' dir='ltr'>Δυθις</span> <span class='ocrx_word' id='word_1_13' title='bbox 805 554 860 608; x_wconf 85' lang='grc' dir='ltr'><strong>δέ</strong></span> <span class='ocrx_word' id='word_1_14' title='bbox 878 554 1112 626; x_wconf 79' lang='grc' dir='ltr'>πόλεμος</span> <span class='ocrx_word' id='word_1_15' title='bbox 1130 554 1434 625; x_wconf 78' lang='grc' dir='ltr'><strong>συνηνέχθη</strong></span> <span class='ocrx_word' id='word_1_16' title='bbox 1453 554 1531 625; x_wconf 80' lang='grc' dir='ltr'><strong>τῷ</strong></span> <span class='ocrx_word' id='word_1_17' title='bbox 1543 555 1709 633; x_wconf 60' lang='grc' dir='ltr'>Σευὴέ</span> 
     </span>
    </p>
   </div>
   <div class='ocr_carea' id='block_1_5' title="bbox 1813 544 3357 633">
    <p class='ocr_par' dir='ltr' id='par_1_5' title="bbox 1813 544 3357 629">
     <span class='ocr_line' id='line_1_5' title="bbox 1813 544 3357 629; baseline 0.006 -23"><span class='ocrx_word' id='word_1_18' title='bbox 1813 568 1925 607; x_wconf 91' lang='lat' dir='ltr'><strong>rem</strong></span> <span class='ocrx_word' id='word_1_19' title='bbox 1962 565 2202 624; x_wconf 79' lang='lat' dir='ltr'><strong>negaret,</strong></span> <span class='ocrx_word' id='word_1_20' title='bbox 2236 552 2394 625; x_wconf 84' lang='lat' dir='ltr'><strong>isque</strong></span> <span class='ocrx_word' id='word_1_21' title='bbox 2434 557 2838 627; x_wconf 71' lang='lat' dir='ltr'><strong>imperatoriam</strong></span> <span class='ocrx_word' id='word_1_22' title='bbox 2865 554 2975 629; x_wconf 69' lang='lat' dir='ltr'><strong>iam</strong></span> <span class='ocrx_word' id='word_1_23' title='bbox 2998 544 3248 616; x_wconf 45' lang='lat' dir='ltr'><strong>&#39;amiiret</strong></span> <span class='ocrx_word' id='word_1_24' title='bbox 3274 563 3357 616; x_wconf 71' lang='lat' dir='ltr'><strong>lii‘</strong></span> 
     </span>
    </p>
   </div>
   <div class='ocr_carea' id='block_1_6' title="bbox 133 644 1707 717">
    <p class='ocr_par' dir='ltr' id='par_1_6' title="bbox 133 644 1707 717">
     <span class='ocr_line' id='line_1_6' title="bbox 133 644 1707 717; baseline 0 -21"><span class='ocrx_word' id='word_1_25' title='bbox 133 663 217 715; x_wconf 82' lang='grc' dir='ltr'>ρῳ</span> <span class='ocrx_word' id='word_1_26' title='bbox 240 645 544 715; x_wconf 72' lang='grc' dir='ltr'><strong>ἐμφύλιος.</strong></span> <span class='ocrx_word' id='word_1_27' title='bbox 559 647 619 698; x_wconf 88' lang='grc' dir='ltr'><strong>Ὀ</strong></span> <span class='ocrx_word' id='word_1_28' title='bbox 641 646 738 717; x_wconf 79' lang='grc' dir='ltr'>μὲν</span> <span class='ocrx_word' id='word_1_29' title='bbox 754 647 861 716; x_wconf 70' lang='grc' dir='ltr'>γὰρ</span> <span class='ocrx_word' id='word_1_30' title='bbox 881 645 993 715; x_wconf 68' lang='lat'><strong>(52)</strong></span> <span class='ocrx_word' id='word_1_31' title='bbox 1011 645 1088 715; x_wconf 79' lang='grc' dir='ltr'>τῷ</span> <span class='ocrx_word' id='word_1_32' title='bbox 1106 645 1333 714; x_wconf 79' lang='grc' dir='ltr'>’Λλϐίνῳ</span> <span class='ocrx_word' id='word_1_33' title='bbox 1352 645 1480 698; x_wconf 76' lang='grc' dir='ltr'>οὐδὲ</span> <span class='ocrx_word' id='word_1_34' title='bbox 1503 644 1602 715; x_wconf 84' lang='grc' dir='ltr'>τὴν</span> <span class='ocrx_word' id='word_1_35' title='bbox 1616 645 1707 697; x_wconf 84' lang='grc' dir='ltr'><strong>τοῦ</strong></span> 
     </span>
    </p>
   </div>
   <div class='ocr_carea' id='block_1_7' title="bbox 132 734 1707 806">
    <p class='ocr_par' dir='ltr' id='par_1_7' title="bbox 132 734 1707 806">
     <span class='ocr_line' id='line_1_7' title="bbox 132 734 1707 806; baseline -0.003 -17"><span class='ocrx_word' id='word_1_36' title='bbox 132 736 434 803; x_wconf 79' lang='grc' dir='ltr'>Καίσαρος</span> <span class='ocrx_word' id='word_1_37' title='bbox 443 736 612 789; x_wconf 71' lang='grc' dir='ltr'>ἐδὲδου</span> <span class='ocrx_word' id='word_1_38' title='bbox 628 754 674 788; x_wconf 90' lang='grc' dir='ltr'><strong>τι</strong></span> <span class='ocrx_word' id='word_1_39' title='bbox 682 735 808 806; x_wconf 71' lang='grc' dir='ltr'>μὴν,</span> <span class='ocrx_word' id='word_1_40' title='bbox 824 738 849 787; x_wconf 72' lang='grc' dir='ltr'><strong>ὁ</strong></span> <span class='ocrx_word' id='word_1_41' title='bbox 863 736 906 788; x_wconf 80' lang='grc' dir='ltr'>δ’</span> <span class='ocrx_word' id='word_1_42' title='bbox 925 735 1041 806; x_wconf 68' lang='grc' dir='ltr'>ᾔτει</span> <span class='ocrx_word' id='word_1_43' title='bbox 1058 736 1149 788; x_wconf 65' lang='grc' dir='ltr'>καὶ</span> <span class='ocrx_word' id='word_1_44' title='bbox 1161 736 1259 804; x_wconf 74' lang='grc' dir='ltr'>τὴν</span> <span class='ocrx_word' id='word_1_45' title='bbox 1271 734 1364 787; x_wconf 84' lang='grc' dir='ltr'><strong>τοῦ</strong></span> <span class='ocrx_word' id='word_1_46' title='bbox 1381 734 1707 802; x_wconf 83' lang='grc' dir='ltr'>αὐτοκράτο-</span> 
     </span>
    </p>
   </div>
   <div class='ocr_carea' id='block_1_8' title="bbox 134 824 1711 896">
    <p class='ocr_par' dir='ltr' id='par_1_8' title="bbox 134 824 1711 896">
     <span class='ocr_line' id='line_1_8' title="bbox 134 824 1711 896; baseline -0.008 -10"><span class='ocrx_word' id='word_1_47' title='bbox 134 841 200 896; x_wconf 86' lang='grc' dir='ltr'><strong>ρο</strong></span> <span class='ocrx_word' id='word_1_48' title='bbox 213 843 256 885; x_wconf 69' lang='grc' dir='ltr'><strong>Γ.</strong></span> <span class='ocrx_word' id='word_1_49' title='bbox 273 825 729 895; x_wconf 82' lang='grc' dir='ltr'>Συγκινουμένης</span> <span class='ocrx_word' id='word_1_50' title='bbox 746 825 801 879; x_wconf 84' lang='grc' dir='ltr'>δὲ</span> <span class='ocrx_word' id='word_1_51' title='bbox 818 826 903 878; x_wconf 75' lang='grc' dir='ltr'><strong>διὰ</strong></span> <span class='ocrx_word' id='word_1_52' title='bbox 920 826 1090 877; x_wconf 82' lang='grc' dir='ltr'>ταῦτα</span> <span class='ocrx_word' id='word_1_53' title='bbox 1106 828 1204 895; x_wconf 82' lang='grc' dir='ltr'>τῆς</span> <span class='ocrx_word' id='word_1_54' title='bbox 1216 824 1556 893; x_wconf 72' lang='grc' dir='ltr'><strong>οἰκουμένης,</strong></span> <span class='ocrx_word' id='word_1_55' title='bbox 1574 824 1603 875; x_wconf 86' lang='grc' dir='ltr'><strong>ό</strong></span> <span class='ocrx_word' id='word_1_56' title='bbox 1621 824 1711 893; x_wconf 78' lang='grc' dir='ltr'><strong>δῆ-</strong></span> 
     </span>
    </p>
   </div>
   <div class='ocr_carea' id='block_1_9' title="bbox 135 916 1711 988">
    <p class='ocr_par' dir='ltr' id='par_1_9' title="bbox 135 916 1711 988">
     <span class='ocr_line' id='line_1_9' title="bbox 135 916 1711 988; baseline 0.001 -21"><span class='ocrx_word' id='word_1_57' title='bbox 135 933 242 984; x_wconf 85' lang='grc' dir='ltr'><strong>μος</strong></span> <span class='ocrx_word' id='word_1_58' title='bbox 264 917 330 967; x_wconf 87' lang='grc' dir='ltr'><strong>ἐν</strong></span> <span class='ocrx_word' id='word_1_59' title='bbox 355 916 696 988; x_wconf 75' lang='grc' dir='ltr'>ἱπποδρομίᾳ</span> <span class='ocrx_word' id='word_1_60' title='bbox 720 917 1133 985; x_wconf 80' lang='grc' dir='ltr'><strong>συνειλεγμένος</strong></span> <span class='ocrx_word' id='word_1_61' title='bbox 1152 916 1319 980; x_wconf 85' lang='grc' dir='ltr'>πολὺς</span> <span class='ocrx_word' id='word_1_62' title='bbox 1341 919 1711 985; x_wconf 76' lang='grc' dir='ltr'><strong>ἐκφανέστατα</strong></span> 
     </span>
    </p>
   </div>
   <div class='ocr_carea' id='block_1_10' title="bbox 132 1004 1709 1082">
    <p class='ocr_par' dir='ltr' id='par_1_10' title="bbox 132 1004 1709 1082">
     <span class='ocr_line' id='line_1_10' title="bbox 132 1004 1709 1082; baseline 0.001 -25"><span class='ocrx_word' id='word_1_63' title='bbox 132 1004 362 1058; x_wconf 77' lang='grc' dir='ltr'>κατωδύ</span> <span class='ocrx_word' id='word_1_64' title='bbox 374 1024 529 1073; x_wconf 89' lang='grc' dir='ltr'>ρατο,</span> <span class='ocrx_word' id='word_1_65' title='bbox 564 1009 747 1079; x_wconf 82' lang='grc' dir='ltr'><strong>Μέχρι</strong></span> <span class='ocrx_word' id='word_1_66' title='bbox 778 1006 931 1061; x_wconf 75' lang='grc' dir='ltr'>πότε</span> <span class='ocrx_word' id='word_1_67' title='bbox 954 1008 1192 1082; x_wconf 76' lang='grc' dir='ltr'>τοιαῦτα</span> <span class='ocrx_word' id='word_1_68' title='bbox 1212 1009 1545 1076; x_wconf 78' lang='grc' dir='ltr'><strong>πάσχομεν,</strong></span> <span class='ocrx_word' id='word_1_69' title='bbox 1572 1007 1709 1075; x_wconf 86' lang='grc' dir='ltr'>κρά-</span> 
     </span>
    </p>
   </div>
   <div class='ocr_carea' id='block_1_11' title="bbox 131 1098 1707 1168">
    <p class='ocr_par' dir='ltr' id='par_1_11' title="bbox 131 1098 1707 1168">
     <span class='ocr_line' id='line_1_11' title="bbox 131 1098 1707 1168; baseline 0 -19"><span class='ocrx_word' id='word_1_70' title='bbox 131 1100 356 1161; x_wconf 77' lang='grc' dir='ltr'>ζοντες,</span> <span class='ocrx_word' id='word_1_71' title='bbox 403 1098 703 1167; x_wconf 79' lang='grc' dir='ltr'>καὶμέχρι</span> <span class='ocrx_word' id='word_1_72' title='bbox 754 1099 873 1152; x_wconf 73' lang='grc' dir='ltr'>ποῦ</span> <span class='ocrx_word' id='word_1_73' title='bbox 924 1100 1378 1168; x_wconf 73' lang='grc' dir='ltr'>πολεμούμεθα;</span> <span class='ocrx_word' id='word_1_74' title='bbox 1431 1100 1527 1153; x_wconf 71' lang='grc' dir='ltr'>καὶ</span> <span class='ocrx_word' id='word_1_75' title='bbox 1571 1098 1707 1151; x_wconf 79' lang='grc' dir='ltr'>ἄλλα</span> 
     </span>
    </p>
   </div>
   <div class='ocr_carea' id='block_1_12' title="bbox 69 1187 1708 1257">
    <p class='ocr_par' dir='ltr' id='par_1_12' title="bbox 69 1187 1708 1257">
     <span class='ocr_line' id='line_1_12' title="bbox 69 1187 1708 1257; baseline 0 -19"><span class='ocrx_word' id='word_1_76' title='bbox 69 1205 81 1224; x_wconf 78' lang='grc' dir='ltr'><em>ι</em></span> <span class='ocrx_word' id='word_1_77' title='bbox 133 1187 191 1238; x_wconf 75' lang='grc' dir='ltr'><strong>δέ</strong></span> <span class='ocrx_word' id='word_1_78' title='bbox 224 1204 361 1239; x_wconf 82' lang='grc' dir='ltr'>τινα</span> <span class='ocrx_word' id='word_1_79' title='bbox 407 1188 634 1241; x_wconf 81' lang='grc' dir='ltr'>τοιαῦτα</span> <span class='ocrx_word' id='word_1_80' title='bbox 672 1188 747 1251; x_wconf 85' lang='grc' dir='ltr'><strong>ὡς</strong></span> <span class='ocrx_word' id='word_1_81' title='bbox 797 1191 860 1241; x_wconf 84' lang='grc' dir='ltr'><strong>ἐκ</strong></span> <span class='ocrx_word' id='word_1_82' title='bbox 904 1188 1180 1257; x_wconf 80' lang='grc' dir='ltr'><strong>θειοτέρας</strong></span> <span class='ocrx_word' id='word_1_83' title='bbox 1231 1190 1373 1250; x_wconf 76' lang='grc' dir='ltr'>τινὸς</span> <span class='ocrx_word' id='word_1_84' title='bbox 1424 1187 1708 1250; x_wconf 71' lang='grc' dir='ltr'><strong>ἐπιπνοίας</strong></span> 
     </span>
    </p>
   </div>
   <div class='ocr_carea' id='block_1_13' title="bbox 135 1276 1704 1365">
    <p class='ocr_par' dir='ltr' id='par_1_13' title="bbox 135 1276 1704 1365">
     <span class='ocr_line' id='line_1_13' title="bbox 135 1276 1704 1365; baseline 0.001 -36"><span class='ocrx_word' id='word_1_85' title='bbox 135 1276 541 1341; x_wconf 72' lang='grc' dir='ltr'><strong>ἐνθουσιῶντες</strong></span> <span class='ocrx_word' id='word_1_86' title='bbox 570 1279 818 1349; x_wconf 76' lang='grc' dir='ltr'>ἐϐόησαν.</span> <span class='ocrx_word' id='word_1_87' title='bbox 854 1279 974 1341; x_wconf 83' lang='grc' dir='ltr'><strong>Πῶς</strong></span> <span class='ocrx_word' id='word_1_88' title='bbox 992 1279 1119 1365; x_wconf 47' lang='grc' dir='ltr'>(γὰρ</span> <span class='ocrx_word' id='word_1_89' title='bbox 1152 1279 1409 1333; x_wconf 78' lang='grc' dir='ltr'>τοσαῦται</span> <span class='ocrx_word' id='word_1_90' title='bbox 1447 1279 1704 1350; x_wconf 73' lang='grc' dir='ltr'><strong>μυριάδες</strong></span> 
     </span>
    </p>
   </div>
   <div class='ocr_carea' id='block_1_14' title="bbox 135 1366 1746 1441">
    <p class='ocr_par' dir='ltr' id='par_1_14' title="bbox 135 1366 1746 1441">
     <span class='ocr_line' id='line_1_14' title="bbox 135 1366 1746 1441; baseline 0.002 -24"><span class='ocrx_word' id='word_1_91' title='bbox 135 1366 211 1429; x_wconf 77' lang='grc' dir='ltr'>ὡς</span> <span class='ocrx_word' id='word_1_92' title='bbox 250 1368 365 1421; x_wconf 69' lang='grc' dir='ltr'><strong>ὑπὸ</strong></span> <span class='ocrx_word' id='word_1_93' title='bbox 396 1370 687 1439; x_wconf 80' lang='grc' dir='ltr'>χορολέκτη</span> <span class='ocrx_word' id='word_1_94' title='bbox 720 1370 830 1441; x_wconf 79' lang='lat'><strong>(55)</strong></span> <span class='ocrx_word' id='word_1_95' title='bbox 859 1366 1012 1423; x_wconf 74' lang='grc' dir='ltr'>εἷπον</span> <span class='ocrx_word' id='word_1_96' title='bbox 1059 1373 1395 1434; x_wconf 70' lang='grc' dir='ltr'><strong>ἀπταίστως,</strong></span> <span class='ocrx_word' id='word_1_97' title='bbox 1442 1369 1478 1424; x_wconf 77' lang='grc' dir='ltr'>ἃ</span> <span class='ocrx_word' id='word_1_98' title='bbox 1517 1368 1705 1435; x_wconf 82' lang='grc' dir='ltr'>εἷπον;</span> <span class='ocrx_word' id='word_1_99' title='bbox 1743 1371 1746 1373; x_wconf 58' lang='grc'>“</span> 
     </span>
    </p>
   </div>
   <div class='ocr_carea' id='block_1_15' title="bbox 138 1458 1708 1530">
    <p class='ocr_par' dir='ltr' id='par_1_15' title="bbox 138 1458 1708 1530">
     <span class='ocr_line' id='line_1_15' title="bbox 138 1458 1708 1530; baseline 0.002 -21"><span class='ocrx_word' id='word_1_100' title='bbox 138 1458 297 1521; x_wconf 76' lang='grc' dir='ltr'>Τέως</span> <span class='ocrx_word' id='word_1_101' title='bbox 357 1459 542 1529; x_wconf 85' lang='grc' dir='ltr'>μέντοι</span> <span class='ocrx_word' id='word_1_102' title='bbox 600 1461 779 1530; x_wconf 80' lang='grc' dir='ltr'>μάχης</span> <span class='ocrx_word' id='word_1_103' title='bbox 836 1461 1323 1530; x_wconf 84' lang='grc' dir='ltr'>συγκροτηθείσης,</span> <span class='ocrx_word' id='word_1_104' title='bbox 1371 1461 1463 1514; x_wconf 78' lang='grc' dir='ltr'>καὶ</span> <span class='ocrx_word' id='word_1_105' title='bbox 1509 1459 1708 1522; x_wconf 83' lang='grc' dir='ltr'>πολλὰς</span> 
     </span>
    </p>
   </div>
   <div class='ocr_carea' id='block_1_16' title="bbox 140 1547 1694 1621">
    <p class='ocr_par' dir='ltr' id='par_1_16' title="bbox 140 1547 1694 1621">
     <span class='ocr_line' id='line_1_16' title="bbox 140 1547 1694 1621; baseline 0.003 -25"><span class='ocrx_word' id='word_1_106' title='bbox 140 1547 292 1608; x_wconf 81' lang='grc' dir='ltr'>ἰδέας</span> <span class='ocrx_word' id='word_1_107' title='bbox 322 1551 517 1600; x_wconf 73' lang='grc' dir='ltr'>τεκαὶ</span> <span class='ocrx_word' id='word_1_108' title='bbox 544 1553 769 1619; x_wconf 68' lang='grc' dir='ltr'>τροπάς,</span> <span class='ocrx_word' id='word_1_109' title='bbox 822 1554 913 1603; x_wconf 80' lang='grc' dir='ltr'>καὶ</span> <span class='ocrx_word' id='word_1_110' title='bbox 947 1551 1292 1621; x_wconf 83' lang='grc' dir='ltr'><strong>μετακλίσεις</strong></span> <span class='ocrx_word' id='word_1_111' title='bbox 1328 1552 1421 1603; x_wconf 81' lang='grc' dir='ltr'><strong>τοῦ</strong></span> <span class='ocrx_word' id='word_1_112' title='bbox 1452 1551 1694 1619; x_wconf 88' lang='grc' dir='ltr'>πολέμου</span> 
     </span>
    </p>
   </div>
   <div class='ocr_carea' id='block_1_17' title="bbox 142 1638 1705 1712">
    <p class='ocr_par' dir='ltr' id='par_1_17' title="bbox 142 1638 1705 1712">
     <span class='ocr_line' id='line_1_17' title="bbox 142 1638 1705 1712; baseline 0.003 -23"><span class='ocrx_word' id='word_1_113' title='bbox 142 1638 472 1706; x_wconf 73' lang='grc' dir='ltr'>ἐσχηκότος,</span> <span class='ocrx_word' id='word_1_114' title='bbox 510 1642 537 1693; x_wconf 87' lang='grc' dir='ltr'>ὁ</span> <span class='ocrx_word' id='word_1_115' title='bbox 578 1642 815 1704; x_wconf 78' lang='grc' dir='ltr'>’Δλόῖνος</span> <span class='ocrx_word' id='word_1_116' title='bbox 859 1642 1084 1712; x_wconf 70' lang='grc' dir='ltr'>ἡττήθη,</span> <span class='ocrx_word' id='word_1_117' title='bbox 1138 1643 1411 1694; x_wconf 81' lang='grc' dir='ltr'>πεσόντων</span> <span class='ocrx_word' id='word_1_118' title='bbox 1446 1642 1542 1710; x_wconf 83' lang='grc' dir='ltr'>μὲν</span> <span class='ocrx_word' id='word_1_119' title='bbox 1595 1645 1705 1711; x_wconf 82' lang='grc' dir='ltr'><strong>ἁμ-</strong></span> 
     </span>
    </p>
   </div>
   <div class='ocr_carea' id='block_1_18' title="bbox 142 1729 1745 1802">
    <p class='ocr_par' dir='ltr' id='par_1_18' title="bbox 142 1729 1745 1802">
     <span class='ocr_line' id='line_1_18' title="bbox 142 1729 1745 1802; baseline 0.007 -24"><span class='ocrx_word' id='word_1_120' title='bbox 142 1729 473 1799; x_wconf 77' lang='grc' dir='ltr'>φοτέρωθεν</span> <span class='ocrx_word' id='word_1_121' title='bbox 501 1731 683 1799; x_wconf 69' lang='grc' dir='ltr'>σχεδὸν</span> <span class='ocrx_word' id='word_1_122' title='bbox 712 1732 1146 1799; x_wconf 69' lang='grc' dir='ltr'>ὑπερϐαινόντων</span> <span class='ocrx_word' id='word_1_123' title='bbox 1176 1734 1270 1784; x_wconf 80' lang='grc' dir='ltr'>καὶ</span> <span class='ocrx_word' id='word_1_124' title='bbox 1318 1733 1572 1802; x_wconf 85' lang='grc' dir='ltr'>ἀριθμὸν,</span> <span class='ocrx_word' id='word_1_125' title='bbox 1616 1732 1705 1784; x_wconf 79' lang='grc' dir='ltr'>τοῦ</span> <span class='ocrx_word' id='word_1_126' title='bbox 1740 1772 1745 1790; x_wconf 74' lang='grc'><strong><em>;</em></strong></span> 
     </span>
    </p>
   </div>
   <div class='ocr_carea' id='block_1_19' title="bbox 142 1815 1711 1893">
    <p class='ocr_par' dir='ltr' id='par_1_19' title="bbox 142 1815 1711 1893">
     <span class='ocr_line' id='line_1_19' title="bbox 142 1815 1711 1893; baseline 0.004 -24"><span class='ocrx_word' id='word_1_127' title='bbox 142 1818 199 1869; x_wconf 68' lang='grc' dir='ltr'>δὲ</span> <span class='ocrx_word' id='word_1_128' title='bbox 249 1819 507 1873; x_wconf 74' lang='grc' dir='ltr'>Ἀλϐίνου</span> <span class='ocrx_word' id='word_1_129' title='bbox 556 1822 745 1874; x_wconf 64' lang='grc' dir='ltr'>ἑαυτὸν</span> <span class='ocrx_word' id='word_1_130' title='bbox 802 1822 1101 1884; x_wconf 81' lang='grc' dir='ltr'>ἀνελόντος.</span> <span class='ocrx_word' id='word_1_131' title='bbox 1156 1815 1226 1893; x_wconf 79' lang='grc' dir='ltr'>ᾯ</span> <span class='ocrx_word' id='word_1_132' title='bbox 1273 1822 1506 1892; x_wconf 77' lang='grc' dir='ltr'>κειμένῳ</span> <span class='ocrx_word' id='word_1_133' title='bbox 1554 1826 1711 1875; x_wconf 84' lang='grc' dir='ltr'>ἐπεν-</span> 
     </span>
    </p>
   </div>
   <div class='ocr_carea' id='block_1_20' title="bbox 1810 643 3360 714">
    <p class='ocr_par' dir='ltr' id='par_1_20' title="bbox 1810 643 3360 714">
     <span class='ocr_line' id='line_1_20' title="bbox 1810 643 3360 714; baseline 0.008 -19"><span class='ocrx_word' id='word_1_134' title='bbox 1810 643 2095 714; x_wconf 71' lang='lat' dir='ltr'><strong>gnitatem,</strong></span> <span class='ocrx_word' id='word_1_135' title='bbox 2139 645 2336 699; x_wconf 87' lang='lat' dir='ltr'><strong>iterum</strong></span> <span class='ocrx_word' id='word_1_136' title='bbox 2378 647 2535 701; x_wconf 85' lang='lat' dir='ltr'><strong>civile</strong></span> <span class='ocrx_word' id='word_1_137' title='bbox 2584 649 2787 701; x_wconf 85' lang='lat' dir='ltr'><strong>bellum</strong></span> <span class='ocrx_word' id='word_1_138' title='bbox 2835 665 2958 703; x_wconf 87' lang='lat' dir='ltr'><strong>cum</strong></span> <span class='ocrx_word' id='word_1_139' title='bbox 3011 652 3177 707; x_wconf 90' lang='lat' dir='ltr'><strong>totius</strong></span> <span class='ocrx_word' id='word_1_140' title='bbox 3208 655 3360 709; x_wconf 80' lang='lat' dir='ltr'><strong>orbis</strong></span> 
     </span>
    </p>
   </div>
   <div class='ocr_carea' id='block_1_21' title="bbox 1810 734 3364 811">
    <p class='ocr_par' dir='ltr' id='par_1_21' title="bbox 1810 734 3364 811">
     <span class='ocr_line' id='line_1_21' title="bbox 1810 734 3364 811; baseline 0.007 -24"><span class='ocrx_word' id='word_1_141' title='bbox 1810 743 1960 787; x_wconf 89' lang='lat' dir='ltr'><strong>motu</strong></span> <span class='ocrx_word' id='word_1_142' title='bbox 1991 743 2076 788; x_wconf 88' lang='lat' dir='ltr'><strong>est</strong></span> <span class='ocrx_word' id='word_1_143' title='bbox 2105 746 2378 799; x_wconf 80' lang='lat' dir='ltr'><strong>exortum,</strong></span> <span class='ocrx_word' id='word_1_144' title='bbox 2417 748 2473 791; x_wconf 90' lang='lat' dir='ltr'><strong>et</strong></span> <span class='ocrx_word' id='word_1_145' title='bbox 2501 734 2692 809; x_wconf 74' lang='lat' dir='ltr'><strong>magna</strong></span> <span class='ocrx_word' id='word_1_146' title='bbox 2725 742 2910 811; x_wconf 80' lang='lat' dir='ltr'><strong>populi</strong></span> <span class='ocrx_word' id='word_1_147' title='bbox 2942 741 3168 797; x_wconf 79' lang='lat' dir='ltr'><strong>Romani</strong></span> <span class='ocrx_word' id='word_1_148' title='bbox 3220 734 3364 799; x_wconf 75' lang='lat' dir='ltr'><strong>inul-</strong></span> 
     </span>
    </p>
   </div>
   <div class='ocr_carea' id='block_1_22' title="bbox 1810 823 3359 911">
    <p class='ocr_par' dir='ltr' id='par_1_22' title="bbox 1810 823 3359 911">
     <span class='ocr_line' id='line_1_22' title="bbox 1810 823 3359 911; baseline 0.008 -34"><span class='ocrx_word' id='word_1_149' title='bbox 1810 823 1986 877; x_wconf 90' lang='lat' dir='ltr'><strong>titudo</strong></span> <span class='ocrx_word' id='word_1_150' title='bbox 2025 824 2077 877; x_wconf 89' lang='lat' dir='ltr'><strong>in</strong></span> <span class='ocrx_word' id='word_1_151' title='bbox 2112 826 2260 879; x_wconf 89' lang='lat' dir='ltr'><strong>circo</strong></span> <span class='ocrx_word' id='word_1_152' title='bbox 2286 829 2528 897; x_wconf 89' lang='lat' dir='ltr'><strong>equestri</strong></span> <span class='ocrx_word' id='word_1_153' title='bbox 2560 831 2901 911; x_wconf 70' lang='lat' dir='ltr'><strong>apertissime</strong></span> <span class='ocrx_word' id='word_1_154' title='bbox 2941 833 3207 889; x_wconf 44' lang='lat' dir='ltr'><strong>fortunas:</strong></span> <span class='ocrx_word' id='word_1_155' title='bbox 3230 850 3359 889; x_wconf 76' lang='lat' dir='ltr'><strong>suas</strong></span> 
     </span>
    </p>
   </div>
   <div class='ocr_carea' id='block_1_23' title="bbox 1807 915 3363 994">
    <p class='ocr_par' dir='ltr' id='par_1_23' title="bbox 1807 915 3363 994">
     <span class='ocr_line' id='line_1_23' title="bbox 1807 915 3363 994; baseline 0.008 -27"><span class='ocrx_word' id='word_1_156' title='bbox 1807 915 1969 985; x_wconf 77' lang='grc' dir='ltr'><strong>θο¹1</strong></span> <span class='ocrx_word' id='word_1_157' title='bbox 1981 925 2084 969; x_wconf 80' lang='lat' dir='ltr'><strong>est</strong></span> <span class='ocrx_word' id='word_1_158' title='bbox 2105 917 2392 973; x_wconf 88' lang='lat' dir='ltr'><strong>miserata:</strong></span> <span class='ocrx_word' id='word_1_159' title='bbox 2424 919 2699 991; x_wconf 78' lang='lat' dir='ltr'><strong>Quousque</strong></span> <span class='ocrx_word' id='word_1_160' title='bbox 2731 923 2942 976; x_wconf 82' lang='lat' dir='ltr'><strong>tandem</strong></span> <span class='ocrx_word' id='word_1_161' title='bbox 2977 926 3077 977; x_wconf 77' lang='lat' dir='ltr'><strong>ista</strong></span> <span class='ocrx_word' id='word_1_162' title='bbox 3110 928 3363 994; x_wconf 69' lang='grc' dir='ltr'>[ει-ειπωεῖ</span> 
     </span>
    </p>
   </div>
   <div class='ocr_carea' id='block_1_24' title="bbox 1810 1006 3361 1084">
    <p class='ocr_par' dir='ltr' id='par_1_24' title="bbox 1810 1006 3361 1084">
     <span class='ocr_line' id='line_1_24' title="bbox 1810 1006 3361 1084; baseline 0.008 -27"><span class='ocrx_word' id='word_1_163' title='bbox 1810 1006 2047 1075; x_wconf 78' lang='lat' dir='ltr'><strong>quandiu</strong></span> <span class='ocrx_word' id='word_1_164' title='bbox 2092 1011 2559 1079; x_wconf 69' lang='lat' dir='ltr'><strong>oppugnabimur?</strong></span> <span class='ocrx_word' id='word_1_165' title='bbox 2604 1022 2657 1065; x_wconf 91' lang='lat' dir='ltr'><strong>et</strong></span> <span class='ocrx_word' id='word_1_166' title='bbox 2713 1014 2815 1066; x_wconf 70' lang='lat' dir='ltr'><strong>alia</strong></span> <span class='ocrx_word' id='word_1_167' title='bbox 2897 1012 2947 1066; x_wconf 98' lang='lat' dir='ltr'><strong>id</strong></span> <span class='ocrx_word' id='word_1_168' title='bbox 2993 1030 3164 1083; x_wconf 78' lang='lat' dir='ltr'><strong>genus</strong></span> <span class='ocrx_word' id='word_1_169' title='bbox 3204 1018 3361 1084; x_wconf 79' lang='lat' dir='ltr'><strong>quasi</strong></span> 
     </span>
    </p>
   </div>
   <div class='ocr_carea' id='block_1_25' title="bbox 1805 1096 3358 1173">
    <p class='ocr_par' dir='ltr' id='par_1_25' title="bbox 1805 1096 3358 1173">
     <span class='ocr_line' id='line_1_25' title="bbox 1805 1096 3358 1173; baseline 0.006 -24"><span class='ocrx_word' id='word_1_170' title='bbox 1805 1096 2031 1150; x_wconf 89' lang='lat' dir='ltr'><strong>numine</strong></span> <span class='ocrx_word' id='word_1_171' title='bbox 2069 1096 2282 1152; x_wconf 82' lang='lat' dir='ltr'><strong>aﬂlatus</strong></span> <span class='ocrx_word' id='word_1_172' title='bbox 2320 1101 2641 1155; x_wconf 71' lang='lat' dir='ltr'><strong>vociferans.</strong></span> <span class='ocrx_word' id='word_1_173' title='bbox 2686 1103 2819 1155; x_wconf 82' lang='lat' dir='ltr'><strong>Nam</strong></span> <span class='ocrx_word' id='word_1_174' title='bbox 2868 1104 3071 1173; x_wconf 87' lang='lat' dir='ltr'><strong>alioqui</strong></span> <span class='ocrx_word' id='word_1_175' title='bbox 3118 1103 3233 1158; x_wconf 80' lang='lat' dir='ltr'><strong>ﬁeri</strong></span> <span class='ocrx_word' id='word_1_176' title='bbox 3265 1107 3358 1173; x_wconf 91' lang='lat' dir='ltr'><strong>qui</strong></span> 
     </span>
    </p>
   </div>
   <div class='ocr_carea' id='block_1_26' title="bbox 1807 1179 3357 1262">
    <p class='ocr_par' dir='ltr' id='par_1_26' title="bbox 1807 1179 3357 1262">
     <span class='ocr_line' id='line_1_26' title="bbox 1807 1179 3357 1262; baseline 0.006 -24"><span class='ocrx_word' id='word_1_177' title='bbox 1807 1186 2096 1253; x_wconf 86' lang='lat' dir='ltr'><strong>potuisset,</strong></span> <span class='ocrx_word' id='word_1_178' title='bbox 2123 1196 2181 1240; x_wconf 91' lang='lat' dir='ltr'><strong>ut</strong></span> <span class='ocrx_word' id='word_1_179' title='bbox 2208 1197 2284 1241; x_wconf 92' lang='lat' dir='ltr'><strong>tot</strong></span> <span class='ocrx_word' id='word_1_180' title='bbox 2308 1189 2588 1243; x_wconf 84' lang='lat' dir='ltr'><strong>hominum</strong></span> <span class='ocrx_word' id='word_1_181' title='bbox 2618 1179 2809 1255; x_wconf 84' lang='lat' dir='ltr'><strong>millia,</strong></span> <span class='ocrx_word' id='word_1_182' title='bbox 2839 1208 2901 1247; x_wconf 89' lang='lat' dir='ltr'><strong>ea</strong></span> <span class='ocrx_word' id='word_1_183' title='bbox 2936 1209 3055 1262; x_wconf 70' lang='lat' dir='ltr'><strong>qua:</strong></span> <span class='ocrx_word' id='word_1_184' title='bbox 3080 1196 3357 1255; x_wconf 88' lang='lat' dir='ltr'><strong>dicebant.</strong></span> 
     </span>
    </p>
   </div>
   <div class='ocr_carea' id='block_1_27' title="bbox 1808 1278 3359 1350">
    <p class='ocr_par' dir='ltr' id='par_1_27' title="bbox 1808 1278 3359 1350">
     <span class='ocr_line' id='line_1_27' title="bbox 1808 1278 3359 1350; baseline 0.006 -22"><span class='ocrx_word' id='word_1_185' title='bbox 1808 1284 2065 1345; x_wconf 89' lang='lat' dir='ltr'><strong>tanquam</strong></span> <span class='ocrx_word' id='word_1_186' title='bbox 2099 1278 2248 1335; x_wconf 90' lang='lat' dir='ltr'><strong>chori</strong></span> <span class='ocrx_word' id='word_1_187' title='bbox 2296 1282 2558 1349; x_wconf 75' lang='lat' dir='ltr'><strong>magistro</strong></span> <span class='ocrx_word' id='word_1_188' title='bbox 2592 1293 2867 1349; x_wconf 72' lang='lat' dir='ltr'><strong>praeeunte</strong></span> <span class='ocrx_word' id='word_1_189' title='bbox 2889 1324 2907 1350; x_wconf 86' lang='grc'><strong>,</strong></span> <span class='ocrx_word' id='word_1_190' title='bbox 2948 1284 3083 1339; x_wconf 79' lang='lat' dir='ltr'><strong>citra</strong></span> <span class='ocrx_word' id='word_1_191' title='bbox 3116 1300 3359 1337; x_wconf 90' lang='lat' dir='ltr'><strong>errorem</strong></span> 
     </span>
    </p>
   </div>
   <div class='ocr_carea' id='block_1_28' title="bbox 1805 1368 3361 1442">
    <p class='ocr_par' dir='ltr' id='par_1_28' title="bbox 1805 1368 3361 1442">
     <span class='ocr_line' id='line_1_28' title="bbox 1805 1368 3361 1442; baseline 0.008 -25"><span class='ocrx_word' id='word_1_192' title='bbox 1805 1368 2266 1435; x_wconf 89' lang='lat' dir='ltr'><strong>pronuntiarent?</strong></span> <span class='ocrx_word' id='word_1_193' title='bbox 2302 1368 2355 1422; x_wconf 94' lang='lat' dir='ltr'><strong>ld</strong></span> <span class='ocrx_word' id='word_1_194' title='bbox 2394 1371 2597 1425; x_wconf 89' lang='lat' dir='ltr'><strong>bellum</strong></span> <span class='ocrx_word' id='word_1_195' title='bbox 2627 1388 2818 1442; x_wconf 77' lang='lat' dir='ltr'><strong>magna</strong></span> <span class='ocrx_word' id='word_1_196' title='bbox 2856 1374 3117 1429; x_wconf 81' lang='lat' dir='ltr'><strong>varietate</strong></span> <span class='ocrx_word' id='word_1_197' title='bbox 3161 1387 3217 1429; x_wconf 91' lang='lat' dir='ltr'><strong>et</strong></span> <span class='ocrx_word' id='word_1_198' title='bbox 3260 1392 3361 1429; x_wconf 87' lang='lat' dir='ltr'><strong>an-</strong></span> 
     </span>
    </p>
   </div>
   <div class='ocr_carea' id='block_1_29' title="bbox 1806 1455 3358 1527">
    <p class='ocr_par' dir='ltr' id='par_1_29' title="bbox 1806 1455 3358 1527">
     <span class='ocr_line' id='line_1_29' title="bbox 1806 1455 3358 1527; baseline 0.005 -18"><span class='ocrx_word' id='word_1_199' title='bbox 1806 1455 1956 1525; x_wconf 90' lang='lat' dir='ltr'><strong>cipiti</strong></span> <span class='ocrx_word' id='word_1_200' title='bbox 1993 1456 2160 1510; x_wconf 81' lang='lat' dir='ltr'><strong>Marte</strong></span> <span class='ocrx_word' id='word_1_201' title='bbox 2194 1456 2405 1525; x_wconf 76' lang='lat' dir='ltr'><strong>gestum</strong></span> <span class='ocrx_word' id='word_1_202' title='bbox 2441 1476 2454 1512; x_wconf 92' lang='lat'>:</span> <span class='ocrx_word' id='word_1_203' title='bbox 2490 1460 2584 1513; x_wconf 88' lang='lat' dir='ltr'><strong>sed</strong></span> <span class='ocrx_word' id='word_1_204' title='bbox 2614 1462 2844 1515; x_wconf 79' lang='lat' dir='ltr'><strong>Albinus</strong></span> <span class='ocrx_word' id='word_1_205' title='bbox 2886 1462 3100 1515; x_wconf 87' lang='lat' dir='ltr'><strong>tandem</strong></span> <span class='ocrx_word' id='word_1_206' title='bbox 3146 1463 3358 1527; x_wconf 85' lang='lat' dir='ltr'><strong>victus,</strong></span> 
     </span>
    </p>
   </div>
   <div class='ocr_carea' id='block_1_30' title="bbox 1807 1545 3357 1619">
    <p class='ocr_par' dir='ltr' id='par_1_30' title="bbox 1807 1545 3357 1619">
     <span class='ocr_line' id='line_1_30' title="bbox 1807 1545 3357 1619; baseline 0.005 -20"><span class='ocrx_word' id='word_1_207' title='bbox 1807 1545 2067 1601; x_wconf 83' lang='lat' dir='ltr'><strong>Romanis</strong></span> <span class='ocrx_word' id='word_1_208' title='bbox 2119 1551 2374 1618; x_wconf 85' lang='lat' dir='ltr'><strong>utrinque</strong></span> <span class='ocrx_word' id='word_1_209' title='bbox 2418 1566 2552 1618; x_wconf 90' lang='lat' dir='ltr'><strong>pene</strong></span> <span class='ocrx_word' id='word_1_210' title='bbox 2606 1550 3099 1606; x_wconf 81' lang='lat' dir='ltr'><strong>innumerabilibus</strong></span> <span class='ocrx_word' id='word_1_211' title='bbox 3168 1554 3357 1619; x_wconf 53' lang='lat' dir='ltr'><strong>esesis,</strong></span> 
     </span>
    </p>
   </div>
   <div class='ocr_carea' id='block_1_31' title="bbox 1807 1636 3361 1709">
    <p class='ocr_par' dir='ltr' id='par_1_31' title="bbox 1807 1636 3361 1709">
     <span class='ocr_line' id='line_1_31' title="bbox 1807 1636 3361 1709; baseline 0.005 -22"><span class='ocrx_word' id='word_1_212' title='bbox 1807 1636 2018 1705; x_wconf 86' lang='lat' dir='ltr'><strong>sibiipsi</strong></span> <span class='ocrx_word' id='word_1_213' title='bbox 2050 1652 2242 1691; x_wconf 90' lang='lat' dir='ltr'><strong>manus</strong></span> <span class='ocrx_word' id='word_1_214' title='bbox 2271 1639 2478 1693; x_wconf 85' lang='lat' dir='ltr'><strong>attulit.</strong></span> <span class='ocrx_word' id='word_1_215' title='bbox 2518 1638 2685 1709; x_wconf 86' lang='lat' dir='ltr'><strong>Cujus</strong></span> <span class='ocrx_word' id='word_1_216' title='bbox 2720 1642 2969 1696; x_wconf 76' lang='lat' dir='ltr'><strong>cadaveri</strong></span> <span class='ocrx_word' id='word_1_217' title='bbox 3013 1642 3246 1696; x_wconf 81' lang='lat' dir='ltr'><strong>Severus</strong></span> <span class='ocrx_word' id='word_1_218' title='bbox 3278 1643 3361 1695; x_wconf 88' lang='lat' dir='ltr'><strong>in-</strong></span> 
     </span>
    </p>
   </div>
   <div class='ocr_carea' id='block_1_32' title="bbox 1808 1724 3363 1805">
    <p class='ocr_par' dir='ltr' id='par_1_32' title="bbox 1808 1724 3363 1805">
     <span class='ocr_line' id='line_1_32' title="bbox 1808 1724 3363 1805; baseline 0.004 -28"><span class='ocrx_word' id='word_1_219' title='bbox 1808 1724 2116 1780; x_wconf 90' lang='lat' dir='ltr'><strong>solentibus</strong></span> <span class='ocrx_word' id='word_1_220' title='bbox 2152 1735 2208 1779; x_wconf 89' lang='lat' dir='ltr'><strong>et</strong></span> <span class='ocrx_word' id='word_1_221' title='bbox 2251 1727 2535 1781; x_wconf 87' lang='lat' dir='ltr'><strong>atrocibus</strong></span> <span class='ocrx_word' id='word_1_222' title='bbox 2566 1729 2747 1805; x_wconf 82' lang='lat' dir='ltr'><strong>verbis</strong></span> <span class='ocrx_word' id='word_1_223' title='bbox 2782 1729 3061 1783; x_wconf 88' lang='lat' dir='ltr'><strong>iusultavit</strong></span> <span class='ocrx_word' id='word_1_224' title='bbox 3090 1748 3103 1781; x_wconf 87' lang='lat'><strong>:</strong></span> <span class='ocrx_word' id='word_1_225' title='bbox 3136 1740 3363 1785; x_wconf 88' lang='lat' dir='ltr'><strong>trunco-</strong></span> 
     </span>
    </p>
   </div>
   <div class='ocr_carea' id='block_1_33' title="bbox 1809 1815 3361 1891">
    <p class='ocr_par' dir='ltr' id='par_1_33' title="bbox 1809 1815 3361 1891">
     <span class='ocr_line' id='line_1_33' title="bbox 1809 1815 3361 1891; baseline 0.004 -24"><span class='ocrx_word' id='word_1_226' title='bbox 1809 1830 1916 1884; x_wconf 88' lang='lat' dir='ltr'><strong>que</strong></span> <span class='ocrx_word' id='word_1_227' title='bbox 1940 1815 2173 1884; x_wconf 87' lang='lat' dir='ltr'><strong>abjecto,</strong></span> <span class='ocrx_word' id='word_1_228' title='bbox 2223 1826 2385 1886; x_wconf 80' lang='lat' dir='ltr'><strong>caput</strong></span> <span class='ocrx_word' id='word_1_229' title='bbox 2438 1819 2663 1891; x_wconf 81' lang='lat' dir='ltr'><strong>Romam</strong></span> <span class='ocrx_word' id='word_1_230' title='bbox 2722 1820 2971 1883; x_wconf 84' lang='lat' dir='ltr'><strong>missum,</strong></span> <span class='ocrx_word' id='word_1_231' title='bbox 3030 1821 3178 1874; x_wconf 87' lang='lat' dir='ltr'><strong>cruci</strong></span> <span class='ocrx_word' id='word_1_232' title='bbox 3220 1820 3361 1889; x_wconf 72' lang='lat' dir='ltr'><strong>attigi</strong></span> 
     </span>
    </p>
   </div>
   <div class='ocr_carea' id='block_1_34' title="bbox 143 1906 1713 1982">
    <p class='ocr_par' dir='ltr' id='par_1_34' title="bbox 143 1910 1708 1982">
     <span class='ocr_line' id='line_1_34' title="bbox 143 1910 1708 1982; baseline -0.001 -19"><span class='ocrx_word' id='word_1_233' title='bbox 143 1910 786 1982; x_wconf 55' lang='grc' dir='ltr'>τωφήσαςόἓιυῆρος,</span> <span class='ocrx_word' id='word_1_234' title='bbox 854 1914 944 1964; x_wconf 79' lang='grc' dir='ltr'>καὶ</span> <span class='ocrx_word' id='word_1_235' title='bbox 993 1912 1435 1981; x_wconf 75' lang='grc' dir='ltr'>γλωσσαλγήσας,</span> <span class='ocrx_word' id='word_1_236' title='bbox 1492 1913 1552 1965; x_wconf 78' lang='grc' dir='ltr'>τὸ</span> <span class='ocrx_word' id='word_1_237' title='bbox 1610 1912 1708 1979; x_wconf 83' lang='grc' dir='ltr'>μὲν</span> 
     </span>
    </p>
   </div>
   <div class='ocr_carea' id='block_1_35' title="bbox 1813 1906 3361 1982">
    <p class='ocr_par' dir='ltr' id='par_1_35' title="bbox 1813 1906 3361 1975">
     <span class='ocr_line' id='line_1_35' title="bbox 1813 1906 3361 1975; baseline 0.004 -17"><span class='ocrx_word' id='word_1_238' title='bbox 1813 1906 1989 1975; x_wconf 76' lang='lat' dir='ltr'><strong>iussit.</strong></span> <span class='ocrx_word' id='word_1_239' title='bbox 2021 1906 2314 1962; x_wconf 88' lang='lat' dir='ltr'><strong>Senatores</strong></span> <span class='ocrx_word' id='word_1_240' title='bbox 2348 1909 2549 1963; x_wconf 90' lang='lat' dir='ltr'><strong>multos</strong></span> <span class='ocrx_word' id='word_1_241' title='bbox 2585 1910 2787 1963; x_wconf 89' lang='lat' dir='ltr'><strong>occidit</strong></span> <span class='ocrx_word' id='word_1_242' title='bbox 2811 1950 2825 1972; x_wconf 86' lang='lat'><strong>.</strong></span> <span class='ocrx_word' id='word_1_243' title='bbox 2862 1912 3155 1964; x_wconf 90' lang='lat' dir='ltr'><strong>nonnullos</strong></span> <span class='ocrx_word' id='word_1_244' title='bbox 3196 1911 3361 1964; x_wconf 79' lang='lat' dir='ltr'><strong>etiam</strong></span> 
     </span>
    </p>
   </div>
   <div class='ocr_carea' id='block_1_36' title="bbox 142 1993 1707 2071">
    <p class='ocr_par' dir='ltr' id='par_1_36' title="bbox 142 1993 1707 2071">
     <span class='ocr_line' id='line_1_36' title="bbox 142 1993 1707 2071; baseline 0.01 -23"><span class='ocrx_word' id='word_1_245' title='bbox 142 1995 277 2048; x_wconf 70' lang='grc' dir='ltr'>ἄλλο</span> <span class='ocrx_word' id='word_1_246' title='bbox 338 1998 501 2068; x_wconf 81' lang='grc' dir='ltr'>σῶμα</span> <span class='ocrx_word' id='word_1_247' title='bbox 552 1993 780 2071; x_wconf 62' lang='grc' dir='ltr'>ῥιφῆναί</span> <span class='ocrx_word' id='word_1_248' title='bbox 829 2001 1103 2064; x_wconf 81' lang='grc' dir='ltr'>ἐκέλευσε,</span> <span class='ocrx_word' id='word_1_249' title='bbox 1155 2002 1251 2071; x_wconf 80' lang='grc' dir='ltr'>τὴν</span> <span class='ocrx_word' id='word_1_250' title='bbox 1289 2001 1523 2070; x_wconf 72' lang='grc' dir='ltr'>κεφαλὴν</span> <span class='ocrx_word' id='word_1_251' title='bbox 1579 2002 1622 2053; x_wconf 84' lang='grc' dir='ltr'>δ’</span> <span class='ocrx_word' id='word_1_252' title='bbox 1653 2006 1707 2063; x_wconf 75' lang='grc' dir='ltr'><strong>ἐς</strong></span> 
     </span>
    </p>
   </div>
   <div class='ocr_carea' id='block_1_37' title="bbox 145 2087 1709 2161">
    <p class='ocr_par' dir='ltr' id='par_1_37' title="bbox 145 2087 1709 2161">
     <span class='ocr_line' id='line_1_37' title="bbox 145 2087 1709 2161; baseline 0.002 -21"><span class='ocrx_word' id='word_1_253' title='bbox 145 2088 247 2157; x_wconf 71' lang='grc' dir='ltr'>τὴν</span> <span class='ocrx_word' id='word_1_254' title='bbox 290 2087 516 2159; x_wconf 83' lang='grc' dir='ltr'>Ῥώμην</span> <span class='ocrx_word' id='word_1_255' title='bbox 571 2090 803 2158; x_wconf 79' lang='grc' dir='ltr'>στείλας,</span> <span class='ocrx_word' id='word_1_256' title='bbox 870 2093 1276 2161; x_wconf 81' lang='grc' dir='ltr'>ἀνεσταύρωσε.</span> <span class='ocrx_word' id='word_1_257' title='bbox 1345 2094 1452 2144; x_wconf 73' lang='grc' dir='ltr'><strong>Καὶ</strong></span> <span class='ocrx_word' id='word_1_258' title='bbox 1481 2091 1709 2152; x_wconf 77' lang='grc' dir='ltr'>πολλοὺς</span> 
     </span>
    </p>
   </div>
   <div class='ocr_carea' id='block_1_38' title="bbox 147 2178 1707 2248">
    <p class='ocr_par' dir='ltr' id='par_1_38' title="bbox 147 2178 1707 2248">
     <span class='ocr_line' id='line_1_38' title="bbox 147 2178 1707 2248; baseline 0.002 -19"><span class='ocrx_word' id='word_1_259' title='bbox 147 2178 259 2230; x_wconf 83' lang='grc' dir='ltr'><strong>τῶν</strong></span> <span class='ocrx_word' id='word_1_260' title='bbox 291 2180 396 2247; x_wconf 82' lang='grc' dir='ltr'>τῆς</span> <span class='ocrx_word' id='word_1_261' title='bbox 426 2181 712 2248; x_wconf 79' lang='grc' dir='ltr'>γερουσίας</span> <span class='ocrx_word' id='word_1_262' title='bbox 742 2181 1052 2245; x_wconf 80' lang='grc' dir='ltr'>ἀπέκτεινε,</span> <span class='ocrx_word' id='word_1_263' title='bbox 1083 2180 1232 2244; x_wconf 80' lang='grc' dir='ltr'>τινὰς</span> <span class='ocrx_word' id='word_1_264' title='bbox 1259 2182 1314 2233; x_wconf 85' lang='grc' dir='ltr'><strong>δέ</strong></span> <span class='ocrx_word' id='word_1_265' title='bbox 1338 2185 1429 2233; x_wconf 66' lang='grc' dir='ltr'>καὶ</span> <span class='ocrx_word' id='word_1_266' title='bbox 1450 2183 1707 2238; x_wconf 79' lang='grc' dir='ltr'>ἀπέλυσε.</span> 
     </span>
    </p>
   </div>
   <div class='ocr_carea' id='block_1_39' title="bbox 150 2270 1708 2343">
    <p class='ocr_par' dir='ltr' id='par_1_39' title="bbox 150 2270 1708 2343">
     <span class='ocr_line' id='line_1_39' title="bbox 150 2270 1708 2343; baseline 0.003 -21"><span class='ocrx_word' id='word_1_267' title='bbox 150 2270 311 2323; x_wconf 78' lang='grc' dir='ltr'>Μετά</span> <span class='ocrx_word' id='word_1_268' title='bbox 346 2271 520 2324; x_wconf 83' lang='grc' dir='ltr'>ταῦτα</span> <span class='ocrx_word' id='word_1_269' title='bbox 551 2271 605 2324; x_wconf 73' lang='grc' dir='ltr'><strong>δέ</strong></span> <span class='ocrx_word' id='word_1_270' title='bbox 631 2273 771 2325; x_wconf 86' lang='grc' dir='ltr'><strong>κατά</strong></span> <span class='ocrx_word' id='word_1_271' title='bbox 814 2272 923 2326; x_wconf 87' lang='grc' dir='ltr'><strong>τῶν</strong></span> <span class='ocrx_word' id='word_1_272' title='bbox 960 2272 1201 2343; x_wconf 85' lang='grc' dir='ltr'>,Πάρθων</span> <span class='ocrx_word' id='word_1_273' title='bbox 1248 2273 1568 2343; x_wconf 73' lang='grc' dir='ltr'>ἐστράτευσε</span> <span class='ocrx_word' id='word_1_274' title='bbox 1609 2272 1708 2343; x_wconf 72' lang='grc' dir='ltr'>τὴν</span> 
     </span>
    </p>
   </div>
   <div class='ocr_carea' id='block_1_40' title="bbox 153 2354 1707 2434">
    <p class='ocr_par' dir='ltr' id='par_1_40' title="bbox 153 2354 1707 2434">
     <span class='ocr_line' id='line_1_40' title="bbox 153 2354 1707 2434; baseline -0.001 -19"><span class='ocrx_word' id='word_1_275' title='bbox 153 2354 875 2434; x_wconf 79' lang='grc' dir='ltr'>Μεσοποταμίανέλόντων.</span> <span class='ocrx_word' id='word_1_276' title='bbox 923 2366 1030 2418; x_wconf 75' lang='grc' dir='ltr'><strong>Καὶ</strong></span> <span class='ocrx_word' id='word_1_277' title='bbox 1080 2366 1238 2417; x_wconf 86' lang='grc' dir='ltr'>πλοῖα</span> <span class='ocrx_word' id='word_1_278' title='bbox 1296 2365 1707 2430; x_wconf 72' lang='grc' dir='ltr'>κατασκευάσας</span> 
     </span>
    </p>
   </div>
   <div class='ocr_carea' id='block_1_41' title="bbox 155 2452 1711 2529">
    <p class='ocr_par' dir='ltr' id='par_1_41' title="bbox 155 2452 1711 2529">
     <span class='ocr_line' id='line_1_41' title="bbox 155 2452 1711 2529; baseline -0.001 -25"><span class='ocrx_word' id='word_1_279' title='bbox 155 2455 214 2504; x_wconf 88' lang='grc' dir='ltr'><strong>ἐν</strong></span> <span class='ocrx_word' id='word_1_280' title='bbox 237 2452 319 2523; x_wconf 84' lang='grc' dir='ltr'>τῷ</span> <span class='ocrx_word' id='word_1_281' title='bbox 349 2452 607 2524; x_wconf 77' lang='grc' dir='ltr'><strong>Εὐφράτῃ</strong></span> <span class='ocrx_word' id='word_1_282' title='bbox 633 2494 649 2518; x_wconf 93' lang='grc'><strong>,</strong></span> <span class='ocrx_word' id='word_1_283' title='bbox 686 2454 785 2523; x_wconf 82' lang='grc' dir='ltr'>τήν</span> <span class='ocrx_word' id='word_1_284' title='bbox 826 2470 886 2505; x_wconf 85' lang='grc' dir='ltr'><strong>τε</strong></span> <span class='ocrx_word' id='word_1_285' title='bbox 916 2452 1243 2529; x_wconf 13' lang='grc' dir='ltr'>Σελεύκειαν,</span> <span class='ocrx_word' id='word_1_286' title='bbox 1265 2453 1359 2505; x_wconf 76' lang='grc' dir='ltr'>καὶ</span> <span class='ocrx_word' id='word_1_287' title='bbox 1395 2452 1492 2521; x_wconf 78' lang='grc' dir='ltr'>τὴν</span> <span class='ocrx_word' id='word_1_288' title='bbox 1528 2452 1711 2504; x_wconf 74' lang='grc' dir='ltr'>Βαθυ-</span> 
     </span>
    </p>
   </div>
   <div class='ocr_carea' id='block_1_42' title="bbox 152 2543 1709 2613">
    <p class='ocr_par' dir='ltr' id='par_1_42' title="bbox 152 2543 1709 2613">
     <span class='ocr_line' id='line_1_42' title="bbox 152 2543 1709 2613; baseline -0.001 -18"><span class='ocrx_word' id='word_1_289' title='bbox 152 2544 298 2597; x_wconf 81' lang='grc' dir='ltr'>λῶνα</span> <span class='ocrx_word' id='word_1_290' title='bbox 356 2543 733 2613; x_wconf 71' lang='grc' dir='ltr'>ἐκλειφθεῖσαν</span> <span class='ocrx_word' id='word_1_291' title='bbox 782 2544 965 2603; x_wconf 70' lang='grc' dir='ltr'>ἔλαϐε.</span> <span class='ocrx_word' id='word_1_292' title='bbox 1035 2546 1144 2597; x_wconf 76' lang='grc' dir='ltr'><strong>Καὶ</strong></span> <span class='ocrx_word' id='word_1_293' title='bbox 1200 2544 1307 2613; x_wconf 84' lang='grc' dir='ltr'>τὴν</span> <span class='ocrx_word' id='word_1_294' title='bbox 1346 2545 1709 2613; x_wconf 78' lang='grc' dir='ltr'>Κτησιφῶντα</span> 
     </span>
    </p>
   </div>
   <div class='ocr_carea' id='block_1_43' title="bbox 158 2632 1710 2705">
    <p class='ocr_par' dir='ltr' id='par_1_43' title="bbox 158 2632 1710 2705">
     <span class='ocr_line' id='line_1_43' title="bbox 158 2632 1710 2705; baseline 0 -20"><span class='ocrx_word' id='word_1_295' title='bbox 158 2632 317 2700; x_wconf 74' lang='grc' dir='ltr'>ἐλὼν,</span> <span class='ocrx_word' id='word_1_296' title='bbox 343 2633 642 2704; x_wconf 79' lang='grc' dir='ltr'>διαρπάσαι</span> <span class='ocrx_word' id='word_1_297' title='bbox 669 2636 778 2697; x_wconf 78' lang='grc' dir='ltr'>τοῖς</span> <span class='ocrx_word' id='word_1_298' title='bbox 829 2636 1185 2705; x_wconf 83' lang='grc' dir='ltr'>στρατιώταις</span> <span class='ocrx_word' id='word_1_299' title='bbox 1236 2634 1436 2703; x_wconf 77' lang='grc' dir='ltr'>ἀφῆκε,</span> <span class='ocrx_word' id='word_1_300' title='bbox 1484 2632 1710 2696; x_wconf 77' lang='grc' dir='ltr'>πολλούς</span> 
     </span>
    </p>
   </div>
   <div class='ocr_carea' id='block_1_44' title="bbox 156 2718 1711 2790">
    <p class='ocr_par' dir='ltr' id='par_1_44' title="bbox 156 2718 1711 2790">
     <span class='ocr_line' id='line_1_44' title="bbox 156 2718 1711 2790; baseline -0.001 -15"><span class='ocrx_word' id='word_1_301' title='bbox 156 2742 213 2775; x_wconf 87' lang='grc' dir='ltr'><strong>τε</strong></span> <span class='ocrx_word' id='word_1_302' title='bbox 247 2724 457 2790; x_wconf 78' lang='grc' dir='ltr'>ἀνεῖλε,</span> <span class='ocrx_word' id='word_1_303' title='bbox 512 2724 601 2778; x_wconf 77' lang='grc' dir='ltr'>καὶ</span> <span class='ocrx_word' id='word_1_304' title='bbox 658 2721 865 2787; x_wconf 77' lang='grc' dir='ltr'>ζῶντας</span> <span class='ocrx_word' id='word_1_305' title='bbox 896 2723 1144 2786; x_wconf 88' lang='grc' dir='ltr'>πλείονας</span> <span class='ocrx_word' id='word_1_306' title='bbox 1172 2718 1335 2778; x_wconf 81' lang='grc' dir='ltr'>εἶλεν.</span> <span class='ocrx_word' id='word_1_307' title='bbox 1372 2720 1507 2776; x_wconf 78' lang='grc' dir='ltr'>Οῠτε</span> <span class='ocrx_word' id='word_1_308' title='bbox 1538 2721 1593 2774; x_wconf 85' lang='grc' dir='ltr'>δὲ</span> <span class='ocrx_word' id='word_1_309' title='bbox 1621 2721 1711 2773; x_wconf 81' lang='grc' dir='ltr'><strong>τὸν</strong></span> 
     </span>
    </p>
   </div>
   <div class='ocr_carea' id='block_1_45' title="bbox 161 2812 1717 2885">
    <p class='ocr_par' dir='ltr' id='par_1_45' title="bbox 161 2812 1717 2885">
     <span class='ocr_line' id='line_1_45' title="bbox 161 2812 1717 2885; baseline -0.002 -17"><span class='ocrx_word' id='word_1_310' title='bbox 161 2816 523 2885; x_wconf 77' lang='grc' dir='ltr'>Οὐολόγαισον</span> <span class='ocrx_word' id='word_1_311' title='bbox 548 2815 824 2883; x_wconf 80' lang='grc' dir='ltr'>ἐπεδίωξε,</span> <span class='ocrx_word' id='word_1_312' title='bbox 853 2816 942 2869; x_wconf 79' lang='grc' dir='ltr'>τὸν</span> <span class='ocrx_word' id='word_1_313' title='bbox 979 2814 1083 2867; x_wconf 86' lang='grc' dir='ltr'>τῶν</span> <span class='ocrx_word' id='word_1_314' title='bbox 1138 2814 1369 2885; x_wconf 83' lang='grc' dir='ltr'>Πάρθων</span> <span class='ocrx_word' id='word_1_315' title='bbox 1420 2812 1717 2884; x_wconf 58' lang='grc' dir='ltr'>ήγεμονεύε</span> 
     </span>
    </p>
   </div>
   <div class='ocr_carea' id='block_1_46' title="bbox 161 2904 1714 2978">
    <p class='ocr_par' dir='ltr' id='par_1_46' title="bbox 161 2904 1714 2978">
     <span class='ocr_line' id='line_1_46' title="bbox 161 2904 1714 2978; baseline -0.002 -20"><span class='ocrx_word' id='word_1_316' title='bbox 161 2923 313 2973; x_wconf 88' lang='grc' dir='ltr'>οντα,</span> <span class='ocrx_word' id='word_1_317' title='bbox 342 2909 776 2978; x_wconf 78' lang='grc' dir='ltr'>ἀναχωρήσαντα</span> <span class='ocrx_word' id='word_1_318' title='bbox 817 2906 1022 2971; x_wconf 78' lang='grc' dir='ltr'>οἴκαδε,</span> <span class='ocrx_word' id='word_1_319' title='bbox 1067 2906 1188 2959; x_wconf 75' lang='grc' dir='ltr'>οὔτε</span> <span class='ocrx_word' id='word_1_320' title='bbox 1218 2908 1315 2975; x_wconf 77' lang='grc' dir='ltr'>τὴν</span> <span class='ocrx_word' id='word_1_321' title='bbox 1352 2904 1714 2973; x_wconf 81' lang='grc' dir='ltr'>Κτησιφῶντα</span> 
     </span>
    </p>
   </div>
   <div class='ocr_carea' id='block_1_47' title="bbox 160 2994 1711 3067">
    <p class='ocr_par' dir='ltr' id='par_1_47' title="bbox 160 2994 1711 3067">
     <span class='ocr_line' id='line_1_47' title="bbox 160 2994 1711 3067; baseline -0.003 -18"><span class='ocrx_word' id='word_1_322' title='bbox 160 2999 449 3067; x_wconf 72' lang='grc' dir='ltr'>κατέσχεν.</span> <span class='ocrx_word' id='word_1_323' title='bbox 496 2998 635 3049; x_wconf 83' lang='grc' dir='ltr'>Ἀλλ’</span> <span class='ocrx_word' id='word_1_324' title='bbox 660 2998 831 3066; x_wconf 76' lang='grc' dir='ltr'>ᾤχετο</span> <span class='ocrx_word' id='word_1_325' title='bbox 864 2996 1049 3067; x_wconf 85' lang='grc' dir='ltr'>ὥσπερ</span> <span class='ocrx_word' id='word_1_326' title='bbox 1075 2998 1161 3049; x_wconf 80' lang='grc' dir='ltr'><strong>ἴνα</strong></span> <span class='ocrx_word' id='word_1_327' title='bbox 1180 2995 1460 3065; x_wconf 81' lang='grc' dir='ltr'>διαρπάσῃ</span> <span class='ocrx_word' id='word_1_328' title='bbox 1507 2994 1711 3062; x_wconf 85' lang='grc' dir='ltr'>ταύτην</span> 
     </span>
    </p>
   </div>
   <div class='ocr_carea' id='block_1_48' title="bbox 166 3078 1711 3158">
    <p class='ocr_par' dir='ltr' id='par_1_48' title="bbox 166 3078 1711 3158">
     <span class='ocr_line' id='line_1_48' title="bbox 166 3078 1711 3158; baseline -0.003 -17"><span class='ocrx_word' id='word_1_329' title='bbox 166 3090 325 3158; x_wconf 83' lang='grc' dir='ltr'>μόνον</span> <span class='ocrx_word' id='word_1_330' title='bbox 351 3088 749 3158; x_wconf 75' lang='grc' dir='ltr'>ὲστρατευκὼς.</span> <span class='ocrx_word' id='word_1_331' title='bbox 795 3089 882 3139; x_wconf 88' lang='grc' dir='ltr'><strong>Ἐν</strong></span> <span class='ocrx_word' id='word_1_332' title='bbox 908 3080 951 3153; x_wconf 81' lang='grc' dir='ltr'>ᾧ</span> <span class='ocrx_word' id='word_1_333' title='bbox 979 3089 1035 3139; x_wconf 77' lang='grc' dir='ltr'>δὲ</span> <span class='ocrx_word' id='word_1_334' title='bbox 1069 3088 1343 3155; x_wconf 83' lang='grc' dir='ltr'>ἐπολέμει,</span> <span class='ocrx_word' id='word_1_335' title='bbox 1379 3078 1575 3153; x_wconf 77' lang='grc' dir='ltr'>ἄνδρας</span> <span class='ocrx_word' id='word_1_336' title='bbox 1603 3083 1711 3136; x_wconf 79' lang='grc' dir='ltr'><strong>δύω</strong></span> 
     </span>
    </p>
   </div>
   <div class='ocr_carea' id='block_1_49' title="bbox 163 3176 1780 3265">
    <p class='ocr_par' dir='ltr' id='par_1_49' title="bbox 163 3176 1780 3265">
     <span class='ocr_line' id='line_1_49' title="bbox 163 3176 1780 3265; baseline -0.002 -34"><span class='ocrx_word' id='word_1_337' title='bbox 163 3178 452 3231; x_wconf 69' lang='grc' dir='ltr'>ἀπέκτεινε</span> <span class='ocrx_word' id='word_1_338' title='bbox 481 3177 589 3231; x_wconf 82' lang='grc' dir='ltr'><strong>τῶν</strong></span> <span class='ocrx_word' id='word_1_339' title='bbox 615 3179 911 3246; x_wconf 79' lang='grc' dir='ltr'>ἐπιφανῶν,</span> <span class='ocrx_word' id='word_1_340' title='bbox 938 3180 1026 3231; x_wconf 70' lang='grc' dir='ltr'><strong>τὸν</strong></span> <span class='ocrx_word' id='word_1_341' title='bbox 1062 3181 1157 3248; x_wconf 84' lang='grc' dir='ltr'>μὲν</span> <span class='ocrx_word' id='word_1_342' title='bbox 1207 3179 1449 3248; x_wconf 78' lang='grc' dir='ltr'>Κρίσπον</span> <span class='ocrx_word' id='word_1_343' title='bbox 1494 3176 1711 3230; x_wconf 78' lang='grc' dir='ltr'>Ἰούλιον</span> <span class='ocrx_word' id='word_1_344' title='bbox 1739 3208 1780 3265; x_wconf 79' lang='lat' dir='ltr'>C</span> 
     </span>
    </p>
   </div>
   <div class='ocr_carea' id='block_1_50' title="bbox 166 3268 1711 3341">
    <p class='ocr_par' dir='ltr' id='par_1_50' title="bbox 166 3268 1711 3341">
     <span class='ocr_line' id='line_1_50' title="bbox 166 3268 1711 3341; baseline 0 -21"><span class='ocrx_word' id='word_1_345' title='bbox 166 3270 547 3338; x_wconf 81' lang='grc' dir='ltr'>χιλιαρχοῦντα</span> <span class='ocrx_word' id='word_1_346' title='bbox 594 3271 700 3322; x_wconf 85' lang='grc' dir='ltr'>τῶν</span> <span class='ocrx_word' id='word_1_347' title='bbox 734 3271 1075 3341; x_wconf 83' lang='grc' dir='ltr'>δορυφόρων,</span> <span class='ocrx_word' id='word_1_348' title='bbox 1126 3272 1209 3322; x_wconf 81' lang='grc' dir='ltr'>ὅτι</span> <span class='ocrx_word' id='word_1_349' title='bbox 1262 3269 1453 3339; x_wconf 73' lang='grc' dir='ltr'>ἧχθετο</span> <span class='ocrx_word' id='word_1_350' title='bbox 1503 3270 1583 3338; x_wconf 83' lang='grc' dir='ltr'><strong>τῇ·</strong></span> <span class='ocrx_word' id='word_1_351' title='bbox 1618 3268 1711 3321; x_wconf 79' lang='grc' dir='ltr'><strong>τοῦ</strong></span> 
     </span>
    </p>
   </div>
   <div class='ocr_carea' id='block_1_51' title="bbox 166 3358 1714 3429">
    <p class='ocr_par' dir='ltr' id='par_1_51' title="bbox 166 3358 1714 3429">
     <span class='ocr_line' id='line_1_51' title="bbox 166 3358 1714 3429; baseline -0.001 -20"><span class='ocrx_word' id='word_1_352' title='bbox 166 3359 408 3428; x_wconf 83' lang='grc' dir='ltr'>πολέμου</span> <span class='ocrx_word' id='word_1_353' title='bbox 446 3360 707 3424; x_wconf 82' lang='grc' dir='ltr'>κακώσει,</span> <span class='ocrx_word' id='word_1_354' title='bbox 762 3361 854 3413; x_wconf 83' lang='grc' dir='ltr'><strong>καί</strong></span> <span class='ocrx_word' id='word_1_355' title='bbox 905 3378 955 3413; x_wconf 88' lang='grc' dir='ltr'><strong>τι</strong></span> <span class='ocrx_word' id='word_1_356' title='bbox 1005 3362 1096 3412; x_wconf 73' lang='grc' dir='ltr'>καὶ</span> <span class='ocrx_word' id='word_1_357' title='bbox 1154 3358 1585 3429; x_wconf 78' lang='grc' dir='ltr'>παρεφθέγξατο,</span> <span class='ocrx_word' id='word_1_358' title='bbox 1620 3359 1714 3411; x_wconf 76' lang='grc' dir='ltr'><strong>καὶ</strong></span> 
     </span>
    </p>
   </div>
   <div class='ocr_carea' id='block_1_52' title="bbox 167 3446 1713 3517">
    <p class='ocr_par' dir='ltr' id='par_1_52' title="bbox 167 3446 1713 3517">
     <span class='ocr_line' id='line_1_52' title="bbox 167 3446 1713 3517; baseline 0.001 -21"><span class='ocrx_word' id='word_1_359' title='bbox 167 3449 254 3498; x_wconf 66' lang='grc' dir='ltr'><strong>τὸν</strong></span> <span class='ocrx_word' id='word_1_360' title='bbox 318 3451 776 3517; x_wconf 73' lang='grc' dir='ltr'>κατηγορήσαντα</span> <span class='ocrx_word' id='word_1_361' title='bbox 826 3449 991 3499; x_wconf 81' lang='grc' dir='ltr'>αὑτοῦ</span> <span class='ocrx_word' id='word_1_362' title='bbox 1048 3446 1383 3517; x_wconf 80' lang='grc' dir='ltr'>στρατιώτην</span> <span class='ocrx_word' id='word_1_363' title='bbox 1439 3446 1713 3516; x_wconf 84' lang='grc' dir='ltr'>χιλίαρχον</span> 
     </span>
    </p>
   </div>
   <div class='ocr_carea' id='block_1_53' title="bbox 167 3537 1711 3605">
    <p class='ocr_par' dir='ltr' id='par_1_53' title="bbox 167 3537 1711 3605">
     <span class='ocr_line' id='line_1_53' title="bbox 167 3537 1711 3605; baseline 0.001 -18"><span class='ocrx_word' id='word_1_364' title='bbox 167 3538 447 3599; x_wconf 74' lang='grc' dir='ltr'>ἀπέδειξεν</span> <span class='ocrx_word' id='word_1_365' title='bbox 478 3537 592 3603; x_wconf 79' lang='grc' dir='ltr'>ἀντ’</span> <span class='ocrx_word' id='word_1_366' title='bbox 619 3538 805 3589; x_wconf 68' lang='grc' dir='ltr'>αὺιού’</span> <span class='ocrx_word' id='word_1_367' title='bbox 856 3538 949 3589; x_wconf 74' lang='grc' dir='ltr'>τὸν</span> <span class='ocrx_word' id='word_1_368' title='bbox 991 3538 1045 3587; x_wconf 83' lang='grc' dir='ltr'>δὲ</span> <span class='ocrx_word' id='word_1_369' title='bbox 1077 3539 1292 3597; x_wconf 87' lang='grc' dir='ltr'>Λαῖτον,</span> <span class='ocrx_word' id='word_1_370' title='bbox 1336 3539 1417 3589; x_wconf 86' lang='grc' dir='ltr'>ὅτι</span> <span class='ocrx_word' id='word_1_371' title='bbox 1461 3538 1711 3605; x_wconf 80' lang='grc' dir='ltr'>φρόνημα</span> 
     </span>
    </p>
   </div>
   <div class='ocr_carea' id='block_1_54' title="bbox 167 3626 1714 3699">
    <p class='ocr_par' dir='ltr' id='par_1_54' title="bbox 167 3626 1714 3699">
     <span class='ocr_line' id='line_1_54' title="bbox 167 3626 1714 3699; baseline 0.003 -24"><span class='ocrx_word' id='word_1_372' title='bbox 167 3626 295 3695; x_wconf 75' lang='grc' dir='ltr'>εἶχε,</span> <span class='ocrx_word' id='word_1_373' title='bbox 325 3632 417 3680; x_wconf 73' lang='grc' dir='ltr'>καὶ</span> <span class='ocrx_word' id='word_1_374' title='bbox 449 3630 526 3681; x_wconf 83' lang='grc' dir='ltr'>ὅτι</span> <span class='ocrx_word' id='word_1_375' title='bbox 559 3628 661 3679; x_wconf 73' lang='grc' dir='ltr'>ὑπὸ</span> <span class='ocrx_word' id='word_1_376' title='bbox 689 3628 795 3679; x_wconf 82' lang='grc' dir='ltr'>τῶν</span> <span class='ocrx_word' id='word_1_377' title='bbox 831 3627 1171 3699; x_wconf 75' lang='grc' dir='ltr'>στρατιωτῶν</span> <span class='ocrx_word' id='word_1_378' title='bbox 1198 3629 1464 3696; x_wconf 74' lang='grc' dir='ltr'>ἠγαπᾶτο,</span> <span class='ocrx_word' id='word_1_379' title='bbox 1498 3630 1587 3679; x_wconf 76' lang='grc' dir='ltr'>καὶ</span> <span class='ocrx_word' id='word_1_380' title='bbox 1617 3629 1714 3680; x_wconf 72' lang='grc' dir='ltr'>οὐκ</span> 
     </span>
    </p>
   </div>
   <div class='ocr_carea' id='block_1_55' title="bbox 171 3719 1715 3790">
    <p class='ocr_par' dir='ltr' id='par_1_55' title="bbox 171 3719 1715 3790">
     <span class='ocr_line' id='line_1_55' title="bbox 171 3719 1715 3790; baseline 0 -19"><span class='ocrx_word' id='word_1_381' title='bbox 171 3720 347 3782; x_wconf 77' lang='grc' dir='ltr'>ἄλλως</span> <span class='ocrx_word' id='word_1_382' title='bbox 408 3720 753 3790; x_wconf 79' lang='grc' dir='ltr'>στρατεύσειν</span> <span class='ocrx_word' id='word_1_383' title='bbox 796 3721 1005 3783; x_wconf 79' lang='grc' dir='ltr'>ἐλεγον,</span> <span class='ocrx_word' id='word_1_384' title='bbox 1056 3722 1103 3771; x_wconf 83' lang='grc' dir='ltr'><strong>εί</strong></span> <span class='ocrx_word' id='word_1_385' title='bbox 1154 3722 1226 3789; x_wconf 80' lang='grc' dir='ltr'>μὴ</span> <span class='ocrx_word' id='word_1_386' title='bbox 1295 3721 1488 3781; x_wconf 84' lang='grc' dir='ltr'>Δαῖτος</span> <span class='ocrx_word' id='word_1_387' title='bbox 1537 3719 1715 3771; x_wconf 79' lang='grc' dir='ltr'>αὐτῶν</span> 
     </span>
    </p>
   </div>
   <div class='ocr_carea' id='block_1_56' title="bbox 168 3809 1713 3878">
    <p class='ocr_par' dir='ltr' id='par_1_56' title="bbox 168 3809 1713 3878">
     <span class='ocr_line' id='line_1_56' title="bbox 168 3809 1713 3878; baseline -0.001 -16"><span class='ocrx_word' id='word_1_388' title='bbox 168 3811 373 3878; x_wconf 78' lang='grc' dir='ltr'>ἡγοῖτο,</span> <span class='ocrx_word' id='word_1_389' title='bbox 408 3813 501 3862; x_wconf 70' lang='grc' dir='ltr'>καὶ</span> <span class='ocrx_word' id='word_1_390' title='bbox 525 3811 614 3862; x_wconf 79' lang='grc' dir='ltr'>τὸν</span> <span class='ocrx_word' id='word_1_391' title='bbox 647 3812 803 3877; x_wconf 76' lang='grc' dir='ltr'>φόνον</span> <span class='ocrx_word' id='word_1_392' title='bbox 832 3812 994 3862; x_wconf 79' lang='grc' dir='ltr'>αὑτοῦ</span> <span class='ocrx_word' id='word_1_393' title='bbox 1024 3812 1135 3869; x_wconf 88' lang='grc' dir='ltr'>τοῖς</span> <span class='ocrx_word' id='word_1_394' title='bbox 1155 3809 1713 3877; x_wconf 73' lang='grc' dir='ltr'>στρατιώταιςπροσ-</span> 
     </span>
    </p>
   </div>
   <div class='ocr_carea' id='block_1_57' title="bbox 172 3895 1714 3969">
    <p class='ocr_par' dir='ltr' id='par_1_57' title="bbox 172 3895 1714 3969">
     <span class='ocr_line' id='line_1_57' title="bbox 172 3895 1714 3969; baseline -0.001 -16"><span class='ocrx_word' id='word_1_395' title='bbox 172 3902 364 3968; x_wconf 78' lang='grc' dir='ltr'>ἢπτεν,</span> <span class='ocrx_word' id='word_1_396' title='bbox 414 3904 494 3955; x_wconf 82' lang='grc' dir='ltr'>ὅτι</span> <span class='ocrx_word' id='word_1_397' title='bbox 542 3902 717 3968; x_wconf 74' lang='grc' dir='ltr'>φθόνῳ</span> <span class='ocrx_word' id='word_1_398' title='bbox 758 3903 917 3953; x_wconf 79' lang='grc' dir='ltr'>αὑτὸν</span> <span class='ocrx_word' id='word_1_399' title='bbox 960 3900 1179 3966; x_wconf 83' lang='grc' dir='ltr'>ἀνελὼν,</span> <span class='ocrx_word' id='word_1_400' title='bbox 1240 3901 1336 3950; x_wconf 75' lang='grc' dir='ltr'>οὐκ</span> <span class='ocrx_word' id='word_1_401' title='bbox 1378 3895 1487 3969; x_wconf 79' lang='grc' dir='ltr'>εἶχε</span> <span class='ocrx_word' id='word_1_402' title='bbox 1539 3899 1714 3966; x_wconf 72' lang='grc' dir='ltr'>λέγειν</span> 
     </span>
    </p>
   </div>
   <div class='ocr_carea' id='block_1_58' title="bbox 175 3989 1714 4061">
    <p class='ocr_par' dir='ltr' id='par_1_58' title="bbox 175 3989 1714 4061">
     <span class='ocr_line' id='line_1_58' title="bbox 175 3989 1714 4061; baseline 0 -19"><span class='ocrx_word' id='word_1_403' title='bbox 175 3994 371 4043; x_wconf 77' lang='grc' dir='ltr'>αἰτίαν.</span> <span class='ocrx_word' id='word_1_404' title='bbox 424 3989 555 4043; x_wconf 78' lang='grc' dir='ltr'>Εἶτα</span> <span class='ocrx_word' id='word_1_405' title='bbox 604 3994 696 4043; x_wconf 73' lang='grc' dir='ltr'>ἐπὶ</span> <span class='ocrx_word' id='word_1_406' title='bbox 726 3992 793 4043; x_wconf 79' lang='grc' dir='ltr'>τὰ</span> <span class='ocrx_word' id='word_1_407' title='bbox 846 3994 1021 4061; x_wconf 80' lang='grc' dir='ltr'>Ἀτρα</span> <span class='ocrx_word' id='word_1_408' title='bbox 1068 3991 1407 4060; x_wconf 81' lang='grc' dir='ltr'>ἐστράτευσε.</span> <span class='ocrx_word' id='word_1_409' title='bbox 1468 3991 1627 4053; x_wconf 80' lang='grc' dir='ltr'>Πόλις</span> <span class='ocrx_word' id='word_1_410' title='bbox 1658 3991 1714 4043; x_wconf 82' lang='grc' dir='ltr'>δὲ</span> 
     </span>
    </p>
   </div>
   <div class='ocr_carea' id='block_1_59' title="bbox 174 4077 1714 4153">
    <p class='ocr_par' dir='ltr' id='par_1_59' title="bbox 174 4077 1714 4153">
     <span class='ocr_line' id='line_1_59' title="bbox 174 4077 1714 4153; baseline 0.004 -24"><span class='ocrx_word' id='word_1_411' title='bbox 174 4081 347 4134; x_wconf 79' lang='grc' dir='ltr'>ταῦτα</span> <span class='ocrx_word' id='word_1_412' title='bbox 387 4083 653 4151; x_wconf 73' lang='grc' dir='ltr'>Ἀράδιος,</span> <span class='ocrx_word' id='word_1_413' title='bbox 686 4085 742 4134; x_wconf 88' lang='grc' dir='ltr'><strong>ἐν</strong></span> <span class='ocrx_word' id='word_1_414' title='bbox 826 4083 992 4134; x_wconf 84' lang='grc' dir='ltr'>πολλά</span> <span class='ocrx_word' id='word_1_415' title='bbox 1020 4098 1077 4133; x_wconf 90' lang='grc' dir='ltr'><strong>τε</strong></span> <span class='ocrx_word' id='word_1_416' title='bbox 1114 4082 1245 4134; x_wconf 82' lang='grc' dir='ltr'>ἄλλα</span> <span class='ocrx_word' id='word_1_417' title='bbox 1270 4082 1555 4133; x_wconf 80' lang='grc' dir='ltr'>ἀπέκειντο</span> <span class='ocrx_word' id='word_1_418' title='bbox 1579 4085 1714 4152; x_wconf 73' lang='grc' dir='ltr'>χρή-</span> 
     </span>
    </p>
   </div>
   <div class='ocr_carea' id='block_1_60' title="bbox 180 4167 1714 4240">
    <p class='ocr_par' dir='ltr' id='par_1_60' title="bbox 180 4167 1714 4240">
     <span class='ocr_line' id='line_1_60' title="bbox 180 4167 1714 4240; baseline -0.001 -17"><span class='ocrx_word' id='word_1_419' title='bbox 180 4190 342 4240; x_wconf 85' lang='grc' dir='ltr'>ματα,</span> <span class='ocrx_word' id='word_1_420' title='bbox 397 4177 489 4225; x_wconf 81' lang='grc' dir='ltr'>καὶ</span> <span class='ocrx_word' id='word_1_421' title='bbox 522 4175 587 4225; x_wconf 74' lang='grc' dir='ltr'>τὰ</span> <span class='ocrx_word' id='word_1_422' title='bbox 614 4173 705 4226; x_wconf 80' lang='grc' dir='ltr'>τοῦ</span> <span class='ocrx_word' id='word_1_423' title='bbox 746 4173 923 4225; x_wconf 81' lang='grc' dir='ltr'>Ἡλίου</span> <span class='ocrx_word' id='word_1_424' title='bbox 964 4173 1019 4224; x_wconf 79' lang='grc' dir='ltr'>δὲ</span> <span class='ocrx_word' id='word_1_425' title='bbox 1049 4172 1392 4239; x_wconf 77' lang='grc' dir='ltr'>ἀναθήματα.</span> <span class='ocrx_word' id='word_1_426' title='bbox 1426 4167 1468 4238; x_wconf 83' lang='grc' dir='ltr'><strong>ᾧ</strong></span> <span class='ocrx_word' id='word_1_427' title='bbox 1502 4174 1536 4240; x_wconf 75' lang='grc' dir='ltr'>ἡ</span> <span class='ocrx_word' id='word_1_428' title='bbox 1563 4173 1714 4231; x_wconf 84' lang='grc' dir='ltr'>πόλις</span> 
     </span>
    </p>
   </div>
   <div class='ocr_carea' id='block_1_61' title="bbox 178 4261 1715 4330">
    <p class='ocr_par' dir='ltr' id='par_1_61' title="bbox 178 4261 1715 4330">
     <span class='ocr_line' id='line_1_61' title="bbox 178 4261 1715 4330; baseline -0.001 -15"><span class='ocrx_word' id='word_1_429' title='bbox 178 4266 368 4317; x_wconf 81' lang='grc' dir='ltr'>ἀνεῖτο.</span> <span class='ocrx_word' id='word_1_430' title='bbox 402 4265 563 4317; x_wconf 68' lang='grc' dir='ltr'>Οὐδὲν</span> <span class='ocrx_word' id='word_1_431' title='bbox 593 4266 646 4315; x_wconf 81' lang='grc' dir='ltr'>δὲ</span> <span class='ocrx_word' id='word_1_432' title='bbox 671 4264 890 4327; x_wconf 81' lang='grc' dir='ltr'>ἀνύσας,</span> <span class='ocrx_word' id='word_1_433' title='bbox 924 4264 1094 4313; x_wconf 87' lang='grc' dir='ltr'>καίτοι</span> <span class='ocrx_word' id='word_1_434' title='bbox 1122 4262 1179 4313; x_wconf 84' lang='grc' dir='ltr'>τὸ</span> <span class='ocrx_word' id='word_1_435' title='bbox 1210 4262 1364 4323; x_wconf 79' lang='grc' dir='ltr'>ἐκτὸς</span> <span class='ocrx_word' id='word_1_436' title='bbox 1384 4265 1556 4330; x_wconf 84' lang='grc' dir='ltr'>τεῖχος</span> <span class='ocrx_word' id='word_1_437' title='bbox 1584 4261 1715 4314; x_wconf 82' lang='grc' dir='ltr'>καθ-</span> 
     </span>
    </p>
   </div>
   <div class='ocr_carea' id='block_1_62' title="bbox 175 4349 1713 4422">
    <p class='ocr_par' dir='ltr' id='par_1_62' title="bbox 175 4349 1713 4422">
     <span class='ocr_line' id='line_1_62' title="bbox 175 4349 1713 4422; baseline -0.003 -16"><span class='ocrx_word' id='word_1_438' title='bbox 175 4355 418 4422; x_wconf 56' lang='grc' dir='ltr'><strong>¹ᾑρηκὼς,</strong></span> <span class='ocrx_word' id='word_1_439' title='bbox 453 4356 543 4405; x_wconf 76' lang='grc' dir='ltr'><strong>καὶ</strong></span> <span class='ocrx_word' id='word_1_440' title='bbox 603 4353 829 4413; x_wconf 75' lang='grc' dir='ltr'>πολλοὺς</span> <span class='ocrx_word' id='word_1_441' title='bbox 862 4352 967 4402; x_wconf 82' lang='grc' dir='ltr'>τῶν</span> <span class='ocrx_word' id='word_1_442' title='bbox 997 4352 1214 4403; x_wconf 87' lang='grc' dir='ltr'>οίκείων</span> <span class='ocrx_word' id='word_1_443' title='bbox 1244 4349 1551 4414; x_wconf 77' lang='grc' dir='ltr'>ἀποϐαλὼν,</span> <span class='ocrx_word' id='word_1_444' title='bbox 1589 4352 1713 4403; x_wconf 73' lang='grc' dir='ltr'>ἀγε-</span> 
     </span>
    </p>
   </div>
   <div class='ocr_carea' id='block_1_63' title="bbox 177 4441 1714 4513">
    <p class='ocr_par' dir='ltr' id='par_1_63' title="bbox 177 4441 1714 4513">
     <span class='ocr_line' id='line_1_63' title="bbox 177 4441 1714 4513; baseline -0.002 -19"><span class='ocrx_word' id='word_1_445' title='bbox 177 4446 411 4513; x_wconf 74' lang='grc' dir='ltr'>χώρησε,</span> <span class='ocrx_word' id='word_1_446' title='bbox 464 4445 553 4495; x_wconf 70' lang='grc' dir='ltr'>καὶ</span> <span class='ocrx_word' id='word_1_447' title='bbox 608 4445 686 4503; x_wconf 80' lang='grc' dir='ltr'><strong>είς</strong></span> <span class='ocrx_word' id='word_1_448' title='bbox 714 4444 811 4509; x_wconf 79' lang='grc' dir='ltr'>τὴν</span> <span class='ocrx_word' id='word_1_449' title='bbox 845 4441 1202 4508; x_wconf 81' lang='grc' dir='ltr'>Παλαιστίνην</span> <span class='ocrx_word' id='word_1_450' title='bbox 1250 4441 1495 4506; x_wconf 81' lang='grc' dir='ltr'>ἀφίκετο,</span> <span class='ocrx_word' id='word_1_451' title='bbox 1534 4442 1625 4492; x_wconf 77' lang='grc' dir='ltr'>καὶ</span> <span class='ocrx_word' id='word_1_452' title='bbox 1658 4442 1714 4501; x_wconf 80' lang='grc' dir='ltr'><strong>ἐς</strong></span> 
     </span>
    </p>
   </div>
   <div class='ocr_carea' id='block_1_64' title="bbox 1811 1995 3361 2071">
    <p class='ocr_par' dir='ltr' id='par_1_64' title="bbox 1811 1995 3361 2071">
     <span class='ocr_line' id='line_1_64' title="bbox 1811 1995 3361 2071; baseline 0.003 -22"><span class='ocrx_word' id='word_1_453' title='bbox 1811 1995 2038 2049; x_wconf 89' lang='lat' dir='ltr'><strong>dimisit.</strong></span> <span class='ocrx_word' id='word_1_454' title='bbox 2071 1996 2199 2051; x_wconf 88' lang='lat' dir='ltr'><strong>Post</strong></span> <span class='ocrx_word' id='word_1_455' title='bbox 2245 1997 2359 2051; x_wconf 69' lang='lat' dir='ltr'><strong>htec</strong></span> <span class='ocrx_word' id='word_1_456' title='bbox 2415 2008 2605 2052; x_wconf 90' lang='lat' dir='ltr'><strong>contra</strong></span> <span class='ocrx_word' id='word_1_457' title='bbox 2648 2000 2878 2055; x_wconf 83' lang='lat' dir='ltr'><strong>Parthos</strong></span> <span class='ocrx_word' id='word_1_458' title='bbox 2924 2012 3010 2055; x_wconf 90' lang='lat' dir='ltr'><strong>est</strong></span> <span class='ocrx_word' id='word_1_459' title='bbox 3063 2000 3361 2071; x_wconf 82' lang='lat' dir='ltr'><strong>profectus,</strong></span> 
     </span>
    </p>
   </div>
   <div class='ocr_carea' id='block_1_65' title="bbox 1811 2078 3363 2163">
    <p class='ocr_par' dir='ltr' id='par_1_65' title="bbox 1811 2078 3363 2163">
     <span class='ocr_line' id='line_1_65' title="bbox 1811 2078 3363 2163; baseline 0.004 -23"><span class='ocrx_word' id='word_1_460' title='bbox 1811 2078 1927 2155; x_wconf 89' lang='lat' dir='ltr'><strong>qui</strong></span> <span class='ocrx_word' id='word_1_461' title='bbox 1966 2085 2408 2156; x_wconf 78' lang='lat' dir='ltr'><strong>Mesopotamiam</strong></span> <span class='ocrx_word' id='word_1_462' title='bbox 2462 2100 2794 2158; x_wconf 88' lang='lat' dir='ltr'><strong>occuparant</strong></span> <span class='ocrx_word' id='word_1_463' title='bbox 2844 2105 2861 2144; x_wconf 91' lang='lat'><strong>:</strong></span> <span class='ocrx_word' id='word_1_464' title='bbox 2916 2099 2967 2143; x_wconf 89' lang='lat' dir='ltr'><strong>et</strong></span> <span class='ocrx_word' id='word_1_465' title='bbox 3021 2091 3254 2145; x_wconf 87' lang='lat' dir='ltr'><strong>navibus</strong></span> <span class='ocrx_word' id='word_1_466' title='bbox 3308 2093 3363 2163; x_wconf 91' lang='lat' dir='ltr'><strong>in</strong></span> 
     </span>
    </p>
   </div>
   <div class='ocr_carea' id='block_1_66' title="bbox 1811 2178 3365 2251">
    <p class='ocr_par' dir='ltr' id='par_1_66' title="bbox 1811 2178 3365 2251">
     <span class='ocr_line' id='line_1_66' title="bbox 1811 2178 3365 2251; baseline 0.002 -21"><span class='ocrx_word' id='word_1_467' title='bbox 1811 2178 2090 2247; x_wconf 80' lang='lat' dir='ltr'><strong>Euphrate</strong></span> <span class='ocrx_word' id='word_1_468' title='bbox 2121 2179 2424 2244; x_wconf 64' lang='lat' dir='ltr'><strong>sediﬁcalis,</strong></span> <span class='ocrx_word' id='word_1_469' title='bbox 2456 2178 2758 2235; x_wconf 82' lang='lat' dir='ltr'><strong>Seleuciam</strong></span> <span class='ocrx_word' id='word_1_470' title='bbox 2792 2190 2849 2235; x_wconf 88' lang='lat' dir='ltr'><strong>et</strong></span> <span class='ocrx_word' id='word_1_471' title='bbox 2895 2182 3221 2251; x_wconf 78' lang='lat' dir='ltr'><strong>Babylonem</strong></span> <span class='ocrx_word' id='word_1_472' title='bbox 3264 2180 3365 2233; x_wconf 84' lang='lat' dir='ltr'><strong>dc-</strong></span> 
     </span>
    </p>
   </div>
   <div class='ocr_carea' id='block_1_67' title="bbox 1811 2266 3363 2343">
    <p class='ocr_par' dir='ltr' id='par_1_67' title="bbox 1811 2266 3363 2343">
     <span class='ocr_line' id='line_1_67' title="bbox 1811 2266 3363 2343; baseline 0 -19"><span class='ocrx_word' id='word_1_473' title='bbox 1811 2279 1985 2324; x_wconf 81' lang='lat' dir='ltr'><strong>sertas</strong></span> <span class='ocrx_word' id='word_1_474' title='bbox 2008 2266 2181 2343; x_wconf 83' lang='lat' dir='ltr'><strong>cepit.</strong></span> <span class='ocrx_word' id='word_1_475' title='bbox 2229 2268 2638 2339; x_wconf 84' lang='lat' dir='ltr'><strong>Ctesiphontem</strong></span> <span class='ocrx_word' id='word_1_476' title='bbox 2684 2283 3042 2342; x_wconf 69' lang='lat' dir='ltr'><strong>expugnatam</strong></span> <span class='ocrx_word' id='word_1_477' title='bbox 3098 2269 3363 2327; x_wconf 81' lang='lat' dir='ltr'><strong>militibus</strong></span> 
     </span>
    </p>
   </div>
   <div class='ocr_carea' id='block_1_68' title="bbox 1813 2357 3364 2431">
    <p class='ocr_par' dir='ltr' id='par_1_68' title="bbox 1813 2357 3364 2431">
     <span class='ocr_line' id='line_1_68' title="bbox 1813 2357 3364 2431; baseline 0.001 -19"><span class='ocrx_word' id='word_1_478' title='bbox 1813 2357 2178 2428; x_wconf 86' lang='lat' dir='ltr'><strong>diripiendam</strong></span> <span class='ocrx_word' id='word_1_479' title='bbox 2225 2358 2513 2413; x_wconf 88' lang='lat' dir='ltr'><strong>dedit:ac</strong></span> <span class='ocrx_word' id='word_1_480' title='bbox 2562 2360 2750 2414; x_wconf 89' lang='lat' dir='ltr'><strong>multis</strong></span> <span class='ocrx_word' id='word_1_481' title='bbox 2799 2361 3122 2423; x_wconf 76' lang='lat' dir='ltr'><strong>interfectis,</strong></span> <span class='ocrx_word' id='word_1_482' title='bbox 3176 2362 3364 2431; x_wconf 79' lang='lat' dir='ltr'><strong>plures</strong></span> 
     </span>
    </p>
   </div>
   <div class='ocr_carea' id='block_1_69' title="bbox 1812 2438 3361 2519">
    <p class='ocr_par' dir='ltr' id='par_1_69' title="bbox 1812 2438 3361 2519">
     <span class='ocr_line' id='line_1_69' title="bbox 1812 2438 3361 2519; baseline 0.003 -17"><span class='ocrx_word' id='word_1_483' title='bbox 1812 2450 1967 2505; x_wconf 82' lang='lat' dir='ltr'><strong>vivos</strong></span> <span class='ocrx_word' id='word_1_484' title='bbox 2020 2448 2185 2517; x_wconf 91' lang='lat' dir='ltr'><strong>cepit.</strong></span> <span class='ocrx_word' id='word_1_485' title='bbox 2249 2448 2354 2502; x_wconf 88' lang='lat' dir='ltr'><strong>Sed</strong></span> <span class='ocrx_word' id='word_1_486' title='bbox 2402 2464 2580 2517; x_wconf 88' lang='lat' dir='ltr'><strong>neque</strong></span> <span class='ocrx_word' id='word_1_487' title='bbox 2626 2450 2965 2519; x_wconf 57' lang='lat' dir='ltr'><strong>Vologwsum</strong></span> <span class='ocrx_word' id='word_1_488' title='bbox 3036 2438 3361 2506; x_wconf 83' lang='lat' dir='ltr'><strong>Parthorum</strong></span> 
     </span>
    </p>
   </div>
   <div class='ocr_carea' id='block_1_70' title="bbox 1814 2536 3365 2609">
    <p class='ocr_par' dir='ltr' id='par_1_70' title="bbox 1814 2536 3365 2609">
     <span class='ocr_line' id='line_1_70' title="bbox 1814 2536 3365 2609; baseline 0.003 -18"><span class='ocrx_word' id='word_1_489' title='bbox 1814 2538 2115 2607; x_wconf 86' lang='lat' dir='ltr'><strong>principem</strong></span> <span class='ocrx_word' id='word_1_490' title='bbox 2149 2536 2371 2592; x_wconf 91' lang='lat' dir='ltr'><strong>domum</strong></span> <span class='ocrx_word' id='word_1_491' title='bbox 2401 2554 2680 2593; x_wconf 85' lang='lat' dir='ltr'><strong>reversum</strong></span> <span class='ocrx_word' id='word_1_492' title='bbox 2708 2539 2949 2609; x_wconf 74' lang='lat' dir='ltr'><strong>fugavit,</strong></span> <span class='ocrx_word' id='word_1_493' title='bbox 2978 2548 3152 2609; x_wconf 82' lang='lat' dir='ltr'><strong>neque</strong></span> <span class='ocrx_word' id='word_1_494' title='bbox 3185 2540 3365 2597; x_wconf 75' lang='lat' dir='ltr'><strong>Ctesi-</strong></span> 
     </span>
    </p>
   </div>
   <div class='ocr_carea' id='block_1_71' title="bbox 1813 2629 3363 2701">
    <p class='ocr_par' dir='ltr' id='par_1_71' title="bbox 1813 2629 3363 2701">
     <span class='ocr_line' id='line_1_71' title="bbox 1813 2629 3363 2701; baseline 0.005 -21"><span class='ocrx_word' id='word_1_495' title='bbox 1813 2630 2073 2697; x_wconf 84' lang='lat' dir='ltr'><strong>phontem</strong></span> <span class='ocrx_word' id='word_1_496' title='bbox 2105 2630 2334 2683; x_wconf 90' lang='lat' dir='ltr'><strong>retinuit</strong></span> <span class='ocrx_word' id='word_1_497' title='bbox 2370 2647 2384 2684; x_wconf 91' lang='lat'><strong>:</strong></span> <span class='ocrx_word' id='word_1_498' title='bbox 2418 2629 2491 2684; x_wconf 88' lang='lat' dir='ltr'><strong>ita</strong></span> <span class='ocrx_word' id='word_1_499' title='bbox 2516 2630 2641 2686; x_wconf 90' lang='lat' dir='ltr'><strong>inde</strong></span> <span class='ocrx_word' id='word_1_500' title='bbox 2667 2631 2976 2700; x_wconf 80' lang='lat' dir='ltr'><strong>profectus,</strong></span> <span class='ocrx_word' id='word_1_501' title='bbox 3005 2632 3161 2699; x_wconf 88' lang='lat' dir='ltr'><strong>quasi</strong></span> <span class='ocrx_word' id='word_1_502' title='bbox 3199 2647 3363 2701; x_wconf 79' lang='lat' dir='ltr'><strong>expe-</strong></span> 
     </span>
    </p>
   </div>
   <div class='ocr_carea' id='block_1_72' title="bbox 1815 2721 3359 2792">
    <p class='ocr_par' dir='ltr' id='par_1_72' title="bbox 1815 2721 3359 2792">
     <span class='ocr_line' id='line_1_72' title="bbox 1815 2721 3359 2792; baseline 0.002 -17"><span class='ocrx_word' id='word_1_503' title='bbox 1815 2721 2075 2775; x_wconf 90' lang='lat' dir='ltr'><strong>ditionem</strong></span> <span class='ocrx_word' id='word_1_504' title='bbox 2120 2721 2444 2791; x_wconf 87' lang='lat' dir='ltr'><strong>direptionis</strong></span> <span class='ocrx_word' id='word_1_505' title='bbox 2490 2737 2655 2777; x_wconf 86' lang='lat' dir='ltr'><strong>causa</strong></span> <span class='ocrx_word' id='word_1_506' title='bbox 2699 2723 2961 2776; x_wconf 81' lang='lat' dir='ltr'><strong>duntaxat</strong></span> <span class='ocrx_word' id='word_1_507' title='bbox 3014 2724 3359 2792; x_wconf 82' lang='lat' dir='ltr'><strong>suscepisset.</strong></span> 
     </span>
    </p>
   </div>
   <div class='ocr_carea' id='block_1_73' title="bbox 1815 2812 3360 2884">
    <p class='ocr_par' dir='ltr' id='par_1_73' title="bbox 1815 2812 3360 2884">
     <span class='ocr_line' id='line_1_73' title="bbox 1815 2812 3360 2884; baseline 0.003 -18"><span class='ocrx_word' id='word_1_508' title='bbox 1815 2812 1988 2884; x_wconf 79' lang='lat' dir='ltr'><strong>Hujus</strong></span> <span class='ocrx_word' id='word_1_509' title='bbox 2014 2813 2140 2867; x_wconf 88' lang='lat' dir='ltr'><strong>belli</strong></span> <span class='ocrx_word' id='word_1_510' title='bbox 2183 2823 2426 2882; x_wconf 86' lang='lat' dir='ltr'><strong>tempore</strong></span> <span class='ocrx_word' id='word_1_511' title='bbox 2450 2853 2464 2877; x_wconf 92' lang='lat'><strong>,</strong></span> <span class='ocrx_word' id='word_1_512' title='bbox 2502 2813 2639 2874; x_wconf 88' lang='lat' dir='ltr'><strong>duos</strong></span> <span class='ocrx_word' id='word_1_513' title='bbox 2669 2815 2846 2869; x_wconf 90' lang='lat' dir='ltr'><strong>claros</strong></span> <span class='ocrx_word' id='word_1_514' title='bbox 2875 2814 3021 2867; x_wconf 88' lang='lat' dir='ltr'><strong>viros</strong></span> <span class='ocrx_word' id='word_1_515' title='bbox 3054 2814 3360 2871; x_wconf 79' lang='lat' dir='ltr'><strong>interfecit:</strong></span> 
     </span>
    </p>
   </div>
   <div class='ocr_carea' id='block_1_74' title="bbox 1814 2902 3365 2973">
    <p class='ocr_par' dir='ltr' id='par_1_74' title="bbox 1814 2902 3365 2973">
     <span class='ocr_line' id='line_1_74' title="bbox 1814 2902 3365 2973; baseline 0.001 -17"><span class='ocrx_word' id='word_1_516' title='bbox 1814 2902 2015 2957; x_wconf 88' lang='lat' dir='ltr'><strong>Julium</strong></span> <span class='ocrx_word' id='word_1_517' title='bbox 2050 2903 2301 2973; x_wconf 85' lang='lat' dir='ltr'><strong>Crispum</strong></span> <span class='ocrx_word' id='word_1_518' title='bbox 2338 2904 2613 2959; x_wconf 88' lang='lat' dir='ltr'><strong>tribunum</strong></span> <span class='ocrx_word' id='word_1_519' title='bbox 2648 2904 2878 2957; x_wconf 89' lang='lat' dir='ltr'><strong>militum</strong></span> <span class='ocrx_word' id='word_1_520' title='bbox 2900 2941 2916 2967; x_wconf 91' lang='lat'><strong>,</strong></span> <span class='ocrx_word' id='word_1_521' title='bbox 2962 2904 3088 2958; x_wconf 87' lang='lat' dir='ltr'><strong>belli</strong></span> <span class='ocrx_word' id='word_1_522' title='bbox 3126 2906 3365 2971; x_wconf 70' lang='lat' dir='ltr'><strong>vexatio-</strong></span> 
     </span>
    </p>
   </div>
   <div class='ocr_carea' id='block_1_75' title="bbox 1816 2994 3363 3064">
    <p class='ocr_par' dir='ltr' id='par_1_75' title="bbox 1816 2994 3363 3064">
     <span class='ocr_line' id='line_1_75' title="bbox 1816 2994 3363 3064; baseline 0.001 -17"><span class='ocrx_word' id='word_1_523' title='bbox 1816 3010 1913 3049; x_wconf 84' lang='lat' dir='ltr'><strong>nes</strong></span> <span class='ocrx_word' id='word_1_524' title='bbox 1936 3010 2075 3063; x_wconf 55' lang='lat' dir='ltr'><strong>aegre</strong></span> <span class='ocrx_word' id='word_1_525' title='bbox 2107 2994 2368 3050; x_wconf 84' lang='lat' dir='ltr'><strong>ferentem</strong></span> <span class='ocrx_word' id='word_1_526' title='bbox 2392 3036 2407 3063; x_wconf 88' lang='lat'><strong>,</strong></span> <span class='ocrx_word' id='word_1_527' title='bbox 2437 3006 2490 3049; x_wconf 90' lang='lat' dir='ltr'><strong>et</strong></span> <span class='ocrx_word' id='word_1_528' title='bbox 2521 2996 2705 3051; x_wconf 90' lang='lat' dir='ltr'><strong>nescio</strong></span> <span class='ocrx_word' id='word_1_529' title='bbox 2733 2996 2861 3064; x_wconf 92' lang='lat' dir='ltr'><strong>quid</strong></span> <span class='ocrx_word' id='word_1_530' title='bbox 2888 2996 3127 3049; x_wconf 88' lang='lat' dir='ltr'><strong>locutum</strong></span> <span class='ocrx_word' id='word_1_531' title='bbox 3149 3036 3162 3057; x_wconf 85' lang='lat'><strong>,</strong></span> <span class='ocrx_word' id='word_1_532' title='bbox 3191 2997 3363 3049; x_wconf 84' lang='lat' dir='ltr'><strong>milite</strong></span> 
     </span>
    </p>
   </div>
   <div class='ocr_carea' id='block_1_76' title="bbox 1818 3085 3362 3154">
    <p class='ocr_par' dir='ltr' id='par_1_76' title="bbox 1818 3085 3362 3154">
     <span class='ocr_line' id='line_1_76' title="bbox 1818 3085 3362 3154; baseline 0.001 -19"><span class='ocrx_word' id='word_1_533' title='bbox 1818 3098 1853 3135; x_wconf 86' lang='lat' dir='ltr'><strong>a-</strong></span> <span class='ocrx_word' id='word_1_534' title='bbox 1879 3099 1986 3153; x_wconf 90' lang='lat' dir='ltr'><strong>quo</strong></span> <span class='ocrx_word' id='word_1_535' title='bbox 2010 3094 2295 3139; x_wconf 86' lang='lat' dir='ltr'><strong>accusatus</strong></span> <span class='ocrx_word' id='word_1_536' title='bbox 2334 3085 2550 3149; x_wconf 82' lang='lat' dir='ltr'><strong>fuerat,</strong></span> <span class='ocrx_word' id='word_1_537' title='bbox 2601 3086 2655 3138; x_wconf 92' lang='lat' dir='ltr'><strong>in</strong></span> <span class='ocrx_word' id='word_1_538' title='bbox 2695 3087 2813 3154; x_wconf 84' lang='lat' dir='ltr'><strong>ejus</strong></span> <span class='ocrx_word' id='word_1_539' title='bbox 2856 3085 3034 3153; x_wconf 86' lang='lat' dir='ltr'><strong>locum</strong></span> <span class='ocrx_word' id='word_1_540' title='bbox 3088 3085 3362 3151; x_wconf 81' lang='lat' dir='ltr'><strong>suﬂ&#39;ectn;</strong></span> 
     </span>
    </p>
   </div>
   <div class='ocr_carea' id='block_1_77' title="bbox 1816 3173 3362 3245">
    <p class='ocr_par' dir='ltr' id='par_1_77' title="bbox 1816 3173 3362 3245">
     <span class='ocr_line' id='line_1_77' title="bbox 1816 3173 3362 3245; baseline 0.002 -19"><span class='ocrx_word' id='word_1_541' title='bbox 1816 3173 2018 3228; x_wconf 60' lang='lat' dir='ltr'><strong>Lictqu</strong></span> <span class='ocrx_word' id='word_1_542' title='bbox 2050 3174 2121 3229; x_wconf 93' lang='lat' dir='ltr'><strong>ob</strong></span> <span class='ocrx_word' id='word_1_543' title='bbox 2165 3175 2330 3229; x_wconf 92' lang='lat' dir='ltr'><strong>animi</strong></span> <span class='ocrx_word' id='word_1_544' title='bbox 2378 3175 2804 3244; x_wconf 67' lang='lat' dir='ltr'><strong>magnitudinem</strong></span> <span class='ocrx_word' id='word_1_545' title='bbox 2850 3183 2905 3229; x_wconf 90' lang='lat' dir='ltr'><strong>et</strong></span> <span class='ocrx_word' id='word_1_546' title='bbox 2943 3176 3172 3245; x_wconf 75' lang='lat' dir='ltr'><strong>gratiam</strong></span> <span class='ocrx_word' id='word_1_547' title='bbox 3216 3175 3362 3244; x_wconf 88' lang='lat' dir='ltr'><strong>apud</strong></span> 
     </span>
    </p>
   </div>
   <div class='ocr_carea' id='block_1_78' title="bbox 1818 3265 3361 3335">
    <p class='ocr_par' dir='ltr' id='par_1_78' title="bbox 1818 3265 3361 3335">
     <span class='ocr_line' id='line_1_78' title="bbox 1818 3265 3361 3335; baseline 0 -17"><span class='ocrx_word' id='word_1_548' title='bbox 1818 3265 2037 3328; x_wconf 89' lang='lat' dir='ltr'><strong>milites,</strong></span> <span class='ocrx_word' id='word_1_549' title='bbox 2073 3266 2163 3335; x_wconf 90' lang='lat' dir='ltr'><strong>qni</strong></span> <span class='ocrx_word' id='word_1_550' title='bbox 2198 3281 2256 3320; x_wconf 92' lang='lat' dir='ltr'><strong>se</strong></span> <span class='ocrx_word' id='word_1_551' title='bbox 2283 3266 2500 3321; x_wconf 89' lang='lat' dir='ltr'><strong>nonnisi</strong></span> <span class='ocrx_word' id='word_1_552' title='bbox 2548 3267 2642 3320; x_wconf 92' lang='lat' dir='ltr'><strong>illo</strong></span> <span class='ocrx_word' id='word_1_553' title='bbox 2674 3271 2816 3320; x_wconf 82' lang='lat' dir='ltr'><strong>duce</strong></span> <span class='ocrx_word' id='word_1_554' title='bbox 2855 3267 3183 3331; x_wconf 78' lang='lat' dir='ltr'><strong>militaturos</strong></span> <span class='ocrx_word' id='word_1_555' title='bbox 3212 3266 3361 3320; x_wconf 85' lang='lat' dir='ltr'><strong>aﬂir-</strong></span> 
     </span>
    </p>
   </div>
   <div class='ocr_carea' id='block_1_79' title="bbox 1819 3358 3361 3426">
    <p class='ocr_par' dir='ltr' id='par_1_79' title="bbox 1819 3358 3361 3426">
     <span class='ocr_line' id='line_1_79' title="bbox 1819 3358 3361 3426; baseline 0.001 -16"><span class='ocrx_word' id='word_1_556' title='bbox 1819 3358 2054 3421; x_wconf 87' lang='lat' dir='ltr'><strong>mabant,</strong></span> <span class='ocrx_word' id='word_1_557' title='bbox 2084 3363 2141 3412; x_wconf 80' lang='lat' dir='ltr'><strong>et</strong></span> <span class='ocrx_word' id='word_1_558' title='bbox 2167 3358 2371 3413; x_wconf 89' lang='lat' dir='ltr'><strong>crimen</strong></span> <span class='ocrx_word' id='word_1_559' title='bbox 2406 3358 2569 3412; x_wconf 75' lang='lat' dir='ltr'><strong>caedis</strong></span> <span class='ocrx_word' id='word_1_560' title='bbox 2594 3358 2713 3426; x_wconf 89' lang='lat' dir='ltr'><strong>ejus</strong></span> <span class='ocrx_word' id='word_1_561' title='bbox 2746 3358 2799 3411; x_wconf 91' lang='lat' dir='ltr'><strong>in</strong></span> <span class='ocrx_word' id='word_1_562' title='bbox 2834 3358 3035 3412; x_wconf 85' lang='lat' dir='ltr'><strong>milites</strong></span> <span class='ocrx_word' id='word_1_563' title='bbox 3066 3359 3361 3425; x_wconf 86' lang='lat' dir='ltr'><strong>transtulit,</strong></span> 
     </span>
    </p>
   </div>
   <div class='ocr_carea' id='block_1_80' title="bbox 1816 3448 3361 3516">
    <p class='ocr_par' dir='ltr' id='par_1_80' title="bbox 1816 3448 3361 3516">
     <span class='ocr_line' id='line_1_80' title="bbox 1816 3448 3361 3516; baseline 0 -15"><span class='ocrx_word' id='word_1_564' title='bbox 1816 3448 1959 3516; x_wconf 90' lang='lat' dir='ltr'><strong>quod</strong></span> <span class='ocrx_word' id='word_1_565' title='bbox 1987 3464 2051 3501; x_wconf 88' lang='lat' dir='ltr'><strong>eo</strong></span> <span class='ocrx_word' id='word_1_566' title='bbox 2081 3464 2147 3501; x_wconf 78' lang='lat' dir='ltr'><strong>ex</strong></span> <span class='ocrx_word' id='word_1_567' title='bbox 2196 3448 2395 3501; x_wconf 82' lang='lat' dir='ltr'><strong>invidia</strong></span> <span class='ocrx_word' id='word_1_568' title='bbox 2437 3449 2723 3502; x_wconf 88' lang='lat' dir='ltr'><strong>interfecto</strong></span> <span class='ocrx_word' id='word_1_569' title='bbox 2744 3489 2758 3513; x_wconf 89' lang='lat'><strong>,</strong></span> <span class='ocrx_word' id='word_1_570' title='bbox 2792 3463 3007 3501; x_wconf 88' lang='lat' dir='ltr'><strong>causam</strong></span> <span class='ocrx_word' id='word_1_571' title='bbox 3039 3448 3219 3500; x_wconf 89' lang='lat' dir='ltr'><strong>dicere</strong></span> <span class='ocrx_word' id='word_1_572' title='bbox 3250 3463 3361 3501; x_wconf 86' lang='lat' dir='ltr'><strong>nun</strong></span> 
     </span>
    </p>
   </div>
   <div class='ocr_carea' id='block_1_81' title="bbox 1818 3536 3358 3607">
    <p class='ocr_par' dir='ltr' id='par_1_81' title="bbox 1818 3536 3358 3607">
     <span class='ocr_line' id='line_1_81' title="bbox 1818 3536 3358 3607; baseline -0.002 -16"><span class='ocrx_word' id='word_1_573' title='bbox 1818 3547 2044 3607; x_wconf 86' lang='lat' dir='ltr'><strong>poterat.</strong></span> <span class='ocrx_word' id='word_1_574' title='bbox 2096 3537 2299 3591; x_wconf 89' lang='lat' dir='ltr'><strong>Deinde</strong></span> <span class='ocrx_word' id='word_1_575' title='bbox 2331 3536 2458 3590; x_wconf 87' lang='lat' dir='ltr'><strong>Atra</strong></span> <span class='ocrx_word' id='word_1_576' title='bbox 2504 3537 2692 3591; x_wconf 84' lang='lat' dir='ltr'><strong>urbem</strong></span> <span class='ocrx_word' id='word_1_577' title='bbox 2727 3537 2935 3590; x_wconf 70' lang='lat' dir='ltr'><strong>Arabia:</strong></span> <span class='ocrx_word' id='word_1_578' title='bbox 2971 3536 3083 3590; x_wconf 90' lang='lat' dir='ltr'><strong>Soli</strong></span> <span class='ocrx_word' id='word_1_579' title='bbox 3128 3537 3358 3590; x_wconf 78' lang='lat' dir='ltr'><strong>dicatam</strong></span> 
     </span>
    </p>
   </div>
   <div class='ocr_carea' id='block_1_82' title="bbox 1816 3626 3360 3697">
    <p class='ocr_par' dir='ltr' id='par_1_82' title="bbox 1816 3626 3360 3697">
     <span class='ocr_line' id='line_1_82' title="bbox 1816 3626 3360 3697; baseline -0.001 -16"><span class='ocrx_word' id='word_1_580' title='bbox 1816 3628 2179 3697; x_wconf 79' lang='lat' dir='ltr'><strong>oppugnavit,</strong></span> <span class='ocrx_word' id='word_1_581' title='bbox 2232 3627 2284 3679; x_wconf 91' lang='lat' dir='ltr'><strong>in</strong></span> <span class='ocrx_word' id='word_1_582' title='bbox 2335 3641 2465 3694; x_wconf 88' lang='lat' dir='ltr'><strong>qua,</strong></span> <span class='ocrx_word' id='word_1_583' title='bbox 2523 3636 2716 3695; x_wconf 60' lang='lat' dir='ltr'><strong>praeter</strong></span> <span class='ocrx_word' id='word_1_584' title='bbox 2748 3626 2881 3679; x_wconf 84' lang='lat' dir='ltr'><strong>alias</strong></span> <span class='ocrx_word' id='word_1_585' title='bbox 2926 3636 3143 3694; x_wconf 76' lang='lat' dir='ltr'><strong>magnas</strong></span> <span class='ocrx_word' id='word_1_586' title='bbox 3196 3641 3360 3695; x_wconf 85' lang='lat' dir='ltr'><strong>opes,</strong></span> 
     </span>
    </p>
   </div>
   <div class='ocr_carea' id='block_1_83' title="bbox 1816 3717 3362 3787">
    <p class='ocr_par' dir='ltr' id='par_1_83' title="bbox 1816 3717 3362 3787">
     <span class='ocr_line' id='line_1_83' title="bbox 1816 3717 3362 3787; baseline -0.001 -14"><span class='ocrx_word' id='word_1_587' title='bbox 1816 3725 1977 3774; x_wconf 88' lang='lat' dir='ltr'><strong>etiam</strong></span> <span class='ocrx_word' id='word_1_588' title='bbox 2007 3719 2397 3777; x_wconf 83' lang='lat' dir='ltr'><strong>Solisdonaria</strong></span> <span class='ocrx_word' id='word_1_589' title='bbox 2446 3720 2682 3787; x_wconf 84' lang='lat' dir='ltr'><strong>reposita</strong></span> <span class='ocrx_word' id='word_1_590' title='bbox 2732 3728 2911 3771; x_wconf 85' lang='lat' dir='ltr'><strong>erant.</strong></span> <span class='ocrx_word' id='word_1_591' title='bbox 2962 3717 3065 3771; x_wconf 89' lang='lat' dir='ltr'><strong>Sed</strong></span> <span class='ocrx_word' id='word_1_592' title='bbox 3114 3721 3362 3787; x_wconf 81' lang='lat' dir='ltr'><strong>quamvis</strong></span> 
     </span>
    </p>
   </div>
   <div class='ocr_carea' id='block_1_84' title="bbox 1814 3810 3362 3877">
    <p class='ocr_par' dir='ltr' id='par_1_84' title="bbox 1814 3810 3362 3877">
     <span class='ocr_line' id='line_1_84' title="bbox 1814 3810 3362 3877; baseline 0 -13"><span class='ocrx_word' id='word_1_593' title='bbox 1814 3810 2069 3865; x_wconf 81' lang='lat' dir='ltr'><strong>exteriori</strong></span> <span class='ocrx_word' id='word_1_594' title='bbox 2103 3826 2255 3862; x_wconf 89' lang='lat' dir='ltr'><strong>muro</strong></span> <span class='ocrx_word' id='word_1_595' title='bbox 2282 3820 2459 3877; x_wconf 83' lang='lat' dir='ltr'><strong>capto.</strong></span> <span class='ocrx_word' id='word_1_596' title='bbox 2509 3825 2565 3862; x_wconf 89' lang='lat' dir='ltr'><strong>re</strong></span> <span class='ocrx_word' id='word_1_597' title='bbox 2608 3810 2805 3862; x_wconf 80' lang='lat' dir='ltr'><strong>iniecta</strong></span> <span class='ocrx_word' id='word_1_598' title='bbox 2859 3810 3043 3861; x_wconf 86' lang='lat' dir='ltr'><strong>multis</strong></span> <span class='ocrx_word' id='word_1_599' title='bbox 3099 3810 3362 3864; x_wconf 87' lang='lat' dir='ltr'><strong>militibus</strong></span> 
     </span>
    </p>
   </div>
   <div class='ocr_carea' id='block_1_85' title="bbox 1814 3899 3359 3971">
    <p class='ocr_par' dir='ltr' id='par_1_85' title="bbox 1814 3899 3359 3971">
     <span class='ocr_line' id='line_1_85' title="bbox 1814 3899 3359 3971; baseline -0.001 -17"><span class='ocrx_word' id='word_1_600' title='bbox 1814 3902 2027 3954; x_wconf 86' lang='lat' dir='ltr'><strong>amissis</strong></span> <span class='ocrx_word' id='word_1_601' title='bbox 2073 3901 2125 3953; x_wconf 92' lang='lat' dir='ltr'><strong>in</strong></span> <span class='ocrx_word' id='word_1_602' title='bbox 2185 3900 2519 3954; x_wconf 65' lang='lat' dir='ltr'><strong>Palaestinam</strong></span> <span class='ocrx_word' id='word_1_603' title='bbox 2564 3899 2834 3960; x_wconf 87' lang='lat' dir='ltr'><strong>discessit,</strong></span> <span class='ocrx_word' id='word_1_604' title='bbox 2877 3909 3038 3967; x_wconf 89' lang='lat' dir='ltr'><strong>atque</strong></span> <span class='ocrx_word' id='word_1_605' title='bbox 3088 3900 3139 3953; x_wconf 91' lang='lat' dir='ltr'><strong>in</strong></span> <span class='ocrx_word' id='word_1_606' title='bbox 3201 3899 3359 3971; x_wconf 62' lang='lat' dir='ltr'><strong>Egy-</strong></span> 
     </span>
    </p>
   </div>
   <div class='ocr_carea' id='block_1_86' title="bbox 1817 3991 3360 4063">
    <p class='ocr_par' dir='ltr' id='par_1_86' title="bbox 1817 3991 3360 4063">
     <span class='ocr_line' id='line_1_86' title="bbox 1817 3991 3360 4063; baseline -0.001 -15"><span class='ocrx_word' id='word_1_607' title='bbox 1817 4007 1993 4063; x_wconf 85' lang='lat' dir='ltr'><strong>ptum,</strong></span> <span class='ocrx_word' id='word_1_608' title='bbox 2040 4008 2201 4061; x_wconf 91' lang='lat' dir='ltr'><strong>quam</strong></span> <span class='ocrx_word' id='word_1_609' title='bbox 2252 4000 2418 4045; x_wconf 89' lang='lat' dir='ltr'><strong>totam</strong></span> <span class='ocrx_word' id='word_1_610' title='bbox 2467 3991 2838 4061; x_wconf 84' lang='lat' dir='ltr'><strong>perlustravit,</strong></span> <span class='ocrx_word' id='word_1_611' title='bbox 2886 3991 3100 4044; x_wconf 88' lang='lat' dir='ltr'><strong>arcanis</strong></span> <span class='ocrx_word' id='word_1_612' title='bbox 3145 4007 3360 4061; x_wconf 87' lang='lat' dir='ltr'><strong>quoque</strong></span> 
     </span>
    </p>
   </div>
   <div class='ocr_carea' id='block_1_87' title="bbox 1819 4083 3361 4153">
    <p class='ocr_par' dir='ltr' id='par_1_87' title="bbox 1819 4083 3361 4153">
     <span class='ocr_line' id='line_1_87' title="bbox 1819 4083 3361 4153; baseline -0.003 -16"><span class='ocrx_word' id='word_1_613' title='bbox 1819 4086 1980 4139; x_wconf 89' lang='lat' dir='ltr'><strong>rebus</strong></span> <span class='ocrx_word' id='word_1_614' title='bbox 2026 4083 2311 4153; x_wconf 73' lang='lat' dir='ltr'><strong>indagatis.</strong></span> <span class='ocrx_word' id='word_1_615' title='bbox 2344 4084 2421 4137; x_wconf 87' lang='lat' dir='ltr'><strong>Eo</strong></span> <span class='ocrx_word' id='word_1_616' title='bbox 2458 4083 2601 4137; x_wconf 91' lang='lat' dir='ltr'><strong>enim</strong></span> <span class='ocrx_word' id='word_1_617' title='bbox 2644 4090 2760 4135; x_wconf 86' lang='lat' dir='ltr'><strong>erat</strong></span> <span class='ocrx_word' id='word_1_618' title='bbox 2810 4083 3045 4151; x_wconf 76' lang='lat' dir='ltr'><strong>ingenio,</strong></span> <span class='ocrx_word' id='word_1_619' title='bbox 3077 4092 3136 4133; x_wconf 93' lang='lat' dir='ltr'><strong>ut</strong></span> <span class='ocrx_word' id='word_1_620' title='bbox 3184 4096 3361 4148; x_wconf 90' lang='lat' dir='ltr'><strong>neque</strong></span> 
     </span>
    </p>
   </div>
   <div class='ocr_carea' id='block_1_88' title="bbox 1815 4172 3356 4242">
    <p class='ocr_par' dir='ltr' id='par_1_88' title="bbox 1815 4172 3356 4242">
     <span class='ocr_line' id='line_1_88' title="bbox 1815 4172 3356 4242; baseline -0.002 -16"><span class='ocrx_word' id='word_1_621' title='bbox 1815 4175 2059 4227; x_wconf 89' lang='lat' dir='ltr'><strong>divinum</strong></span> <span class='ocrx_word' id='word_1_622' title='bbox 2103 4190 2279 4242; x_wconf 90' lang='lat' dir='ltr'><strong>neque</strong></span> <span class='ocrx_word' id='word_1_623' title='bbox 2332 4174 2628 4228; x_wconf 84' lang='lat' dir='ltr'><strong>humanum</strong></span> <span class='ocrx_word' id='word_1_624' title='bbox 2672 4173 2969 4242; x_wconf 82' lang='lat' dir='ltr'><strong>quidquam</strong></span> <span class='ocrx_word' id='word_1_625' title='bbox 3007 4172 3356 4239; x_wconf 84' lang='lat' dir='ltr'><strong>impervesti-</strong></span> 
     </span>
    </p>
   </div>
   <div class='ocr_carea' id='block_1_89' title="bbox 1816 4260 3359 4332">
    <p class='ocr_par' dir='ltr' id='par_1_89' title="bbox 1816 4260 3359 4332">
     <span class='ocr_line' id='line_1_89' title="bbox 1816 4260 3359 4332; baseline -0.001 -16"><span class='ocrx_word' id='word_1_626' title='bbox 1816 4274 1996 4329; x_wconf 79' lang='lat' dir='ltr'><strong>gatum</strong></span> <span class='ocrx_word' id='word_1_627' title='bbox 2030 4266 2382 4332; x_wconf 90' lang='lat' dir='ltr'><strong>relinqueret.</strong></span> <span class='ocrx_word' id='word_1_628' title='bbox 2419 4263 2613 4316; x_wconf 88' lang='lat' dir='ltr'><strong>Libros</strong></span> <span class='ocrx_word' id='word_1_629' title='bbox 2643 4260 2963 4317; x_wconf 82' lang='lat' dir='ltr'><strong>arcanarum</strong></span> <span class='ocrx_word' id='word_1_630' title='bbox 3003 4276 3181 4314; x_wconf 90' lang='lat' dir='ltr'><strong>rerum</strong></span> <span class='ocrx_word' id='word_1_631' title='bbox 3219 4276 3359 4328; x_wconf 90' lang='lat' dir='ltr'><strong>quos</strong></span> 
     </span>
    </p>
   </div>
   <div class='ocr_carea' id='block_1_90' title="bbox 1816 4349 3363 4422">
    <p class='ocr_par' dir='ltr' id='par_1_90' title="bbox 1816 4349 3363 4422">
     <span class='ocr_line' id='line_1_90' title="bbox 1816 4349 3363 4422; baseline -0.002 -15"><span class='ocrx_word' id='word_1_632' title='bbox 1816 4354 2034 4422; x_wconf 75' lang='lat' dir='ltr'><strong>quidem</strong></span> <span class='ocrx_word' id='word_1_633' title='bbox 2072 4352 2318 4404; x_wconf 84' lang='lat' dir='ltr'><strong>invenire</strong></span> <span class='ocrx_word' id='word_1_634' title='bbox 2364 4358 2592 4417; x_wconf 86' lang='lat' dir='ltr'><strong>poterat,</strong></span> <span class='ocrx_word' id='word_1_635' title='bbox 2624 4366 2688 4402; x_wconf 78' lang='lat' dir='ltr'><strong>ex</strong></span> <span class='ocrx_word' id='word_1_636' title='bbox 2720 4349 2974 4403; x_wconf 88' lang='lat' dir='ltr'><strong>omnibus</strong></span> <span class='ocrx_word' id='word_1_637' title='bbox 3022 4350 3196 4421; x_wconf 82' lang='lat' dir='ltr'><strong>adytis</strong></span> <span class='ocrx_word' id='word_1_638' title='bbox 3244 4367 3363 4405; x_wconf 82' lang='lat' dir='ltr'><strong>sus-</strong></span> 
     </span>
    </p>
   </div>
   <div class='ocr_carea' id='block_1_91' title="bbox 1784 4439 3395 4510">
    <p class='ocr_par' dir='ltr' id='par_1_91' title="bbox 1784 4439 3395 4510">
     <span class='ocr_line' id='line_1_91' title="bbox 1784 4439 3395 4510; baseline -0.003 -12"><span class='ocrx_word' id='word_1_639' title='bbox 1784 4439 1963 4504; x_wconf 55' lang='lat' dir='ltr'><strong>nm.</strong></span> <span class='ocrx_word' id='word_1_640' title='bbox 2008 4444 2185 4509; x_wconf 86' lang='lat' dir='ltr'><strong>Atque</strong></span> <span class='ocrx_word' id='word_1_641' title='bbox 2212 4442 2326 4494; x_wconf 67' lang='lat' dir='ltr'><strong>haec</strong></span> <span class='ocrx_word' id='word_1_642' title='bbox 2361 4440 2642 4494; x_wconf 86' lang='lat' dir='ltr'><strong>hactenus.</strong></span> <span class='ocrx_word' id='word_1_643' title='bbox 2685 4440 2840 4495; x_wconf 87' lang='lat' dir='ltr'><strong>Nunc</strong></span> <span class='ocrx_word' id='word_1_644' title='bbox 2883 4441 3063 4495; x_wconf 88' lang='lat' dir='ltr'><strong>obiter</strong></span> <span class='ocrx_word' id='word_1_645' title='bbox 3101 4442 3188 4495; x_wconf 91' lang='lat' dir='ltr'><strong>illa</strong></span> <span class='ocrx_word' id='word_1_646' title='bbox 3232 4458 3395 4510; x_wconf 52' lang='lat' dir='ltr'><strong>quor</strong></span> 
     </span>
    </p>
   </div>
   <div class='ocr_carea' id='block_1_92' title="bbox 179 4523 1713 4602">
    <p class='ocr_par' dir='ltr' id='par_1_92' title="bbox 179 4529 1713 4602">
     <span class='ocr_line' id='line_1_92' title="bbox 179 4529 1713 4602; baseline -0.003 -17"><span class='ocrx_word' id='word_1_647' title='bbox 179 4536 467 4602; x_wconf 78' lang='grc' dir='ltr'>Αἴγυπτον,</span> <span class='ocrx_word' id='word_1_648' title='bbox 501 4536 594 4586; x_wconf 75' lang='grc' dir='ltr'>καὶ</span> <span class='ocrx_word' id='word_1_649' title='bbox 623 4537 799 4585; x_wconf 81' lang='grc' dir='ltr'>πᾶσαν</span> <span class='ocrx_word' id='word_1_650' title='bbox 827 4529 953 4597; x_wconf 76' lang='grc' dir='ltr'>εἶδε,</span> <span class='ocrx_word' id='word_1_651' title='bbox 981 4535 1075 4584; x_wconf 74' lang='grc' dir='ltr'>καὶ</span> <span class='ocrx_word' id='word_1_652' title='bbox 1115 4535 1181 4584; x_wconf 78' lang='grc' dir='ltr'>τὰ</span> <span class='ocrx_word' id='word_1_653' title='bbox 1206 4531 1560 4601; x_wconf 82' lang='grc' dir='ltr'>κεκρυμμένα</span> <span class='ocrx_word' id='word_1_654' title='bbox 1592 4532 1713 4581; x_wconf 86' lang='grc' dir='ltr'>ἐπο-</span> 
     </span>
    </p>
   </div>
   <div class='ocr_carea' id='block_1_93' title="bbox 1813 4523 3363 4602">
    <p class='ocr_par' dir='ltr' id='par_1_93' title="bbox 1820 4529 3363 4600">
     <span class='ocr_line' id='line_1_93' title="bbox 1820 4529 3363 4600; baseline 0.001 -16"><span class='ocrx_word' id='word_1_655' title='bbox 1820 4548 1924 4600; x_wconf 91' lang='lat' dir='ltr'><strong>que</strong></span> <span class='ocrx_word' id='word_1_656' title='bbox 1956 4530 2209 4593; x_wconf 76' lang='lat' dir='ltr'><strong>referant,</strong></span> <span class='ocrx_word' id='word_1_657' title='bbox 2248 4544 2365 4599; x_wconf 64' lang='lat' dir='ltr'><strong>qum</strong></span> <span class='ocrx_word' id='word_1_658' title='bbox 2389 4529 2531 4599; x_wconf 87' lang='lat' dir='ltr'><strong>apud</strong></span> <span class='ocrx_word' id='word_1_659' title='bbox 2566 4530 2787 4585; x_wconf 90' lang='lat' dir='ltr'><strong>Dionem</strong></span> <span class='ocrx_word' id='word_1_660' title='bbox 2830 4531 2897 4585; x_wconf 91' lang='lat' dir='ltr'><strong>de</strong></span> <span class='ocrx_word' id='word_1_661' title='bbox 2927 4531 3046 4584; x_wconf 83' lang='lat' dir='ltr'><strong>Nilo</strong></span> <span class='ocrx_word' id='word_1_662' title='bbox 3091 4533 3363 4585; x_wconf 54' lang='lat' dir='ltr'><strong>memorial.</strong></span> 
     </span>
    </p>
   </div>
   <div class='ocr_carea' id='block_1_94' title="bbox 182 4618 1713 4696">
    <p class='ocr_par' dir='ltr' id='par_1_94' title="bbox 182 4618 1713 4696">
     <span class='ocr_line' id='line_1_94' title="bbox 182 4618 1713 4696; baseline -0.005 -20"><span class='ocrx_word' id='word_1_663' title='bbox 182 4625 653 4696; x_wconf 81' lang='grc' dir='ltr'>λυπραγμόνησεν.</span> <span class='ocrx_word' id='word_1_664' title='bbox 682 4622 789 4677; x_wconf 85' lang='grc' dir='ltr'>Ἦν</span> <span class='ocrx_word' id='word_1_665' title='bbox 826 4626 931 4695; x_wconf 84' lang='grc' dir='ltr'>γὰρ</span> <span class='ocrx_word' id='word_1_666' title='bbox 957 4619 1064 4686; x_wconf 73' lang='grc' dir='ltr'>οἶος</span> <span class='ocrx_word' id='word_1_667' title='bbox 1094 4618 1229 4692; x_wconf 74' lang='grc' dir='ltr'>μήτε</span> <span class='ocrx_word' id='word_1_668' title='bbox 1273 4624 1412 4674; x_wconf 81' lang='grc' dir='ltr'>θεῖον</span> <span class='ocrx_word' id='word_1_669' title='bbox 1444 4622 1582 4689; x_wconf 83' lang='grc' dir='ltr'>μήτε</span> <span class='ocrx_word' id='word_1_670' title='bbox 1616 4620 1713 4669; x_wconf 86' lang='grc' dir='ltr'>ἀν-</span> 
     </span>
    </p>
   </div>
   <div class='ocr_carea' id='block_1_95' title="bbox 183 4706 1716 4787">
    <p class='ocr_par' dir='ltr' id='par_1_95' title="bbox 183 4706 1716 4787">
     <span class='ocr_line' id='line_1_95' title="bbox 183 4706 1716 4787; baseline -0.005 -20"><span class='ocrx_word' id='word_1_671' title='bbox 183 4718 445 4787; x_wconf 83' lang='grc' dir='ltr'>θρώπινον</span> <span class='ocrx_word' id='word_1_672' title='bbox 477 4718 792 4769; x_wconf 83' lang='grc' dir='ltr'>καταλιπεῖν</span> <span class='ocrx_word' id='word_1_673' title='bbox 823 4714 1193 4784; x_wconf 74' lang='grc' dir='ltr'>ἀνερεύνητον.</span> <span class='ocrx_word' id='word_1_674' title='bbox 1242 4713 1347 4762; x_wconf 70' lang='grc' dir='ltr'><strong>Καὶ</strong></span> <span class='ocrx_word' id='word_1_675' title='bbox 1376 4711 1443 4761; x_wconf 86' lang='grc' dir='ltr'>τὰ</span> <span class='ocrx_word' id='word_1_676' title='bbox 1478 4709 1650 4778; x_wconf 75' lang='grc' dir='ltr'>βιϐλία</span> <span class='ocrx_word' id='word_1_677' title='bbox 1681 4706 1716 4760; x_wconf 82' lang='grc' dir='ltr'>ἂ</span> 
     </span>
    </p>
   </div>
   <div class='ocr_carea' id='block_1_96' title="bbox 183 4797 1711 4879">
    <p class='ocr_par' dir='ltr' id='par_1_96' title="bbox 183 4797 1711 4879">
     <span class='ocr_line' id='line_1_96' title="bbox 183 4797 1711 4879; baseline -0.009 -20"><span class='ocrx_word' id='word_1_678' title='bbox 183 4824 231 4859; x_wconf 83' lang='grc' dir='ltr'><strong>τι</strong></span> <span class='ocrx_word' id='word_1_679' title='bbox 266 4807 413 4879; x_wconf 79' lang='grc' dir='ltr'>εἶχον</span> <span class='ocrx_word' id='word_1_680' title='bbox 456 4810 780 4875; x_wconf 66' lang='grc' dir='ltr'>ἀπόρρητον,</span> <span class='ocrx_word' id='word_1_681' title='bbox 814 4807 875 4856; x_wconf 87' lang='grc' dir='ltr'><strong>ἐκ</strong></span> <span class='ocrx_word' id='word_1_682' title='bbox 912 4807 1124 4855; x_wconf 84' lang='grc' dir='ltr'>πάντων</span> <span class='ocrx_word' id='word_1_683' title='bbox 1149 4801 1255 4851; x_wconf 80' lang='grc' dir='ltr'>τῶν</span> <span class='ocrx_word' id='word_1_684' title='bbox 1273 4799 1476 4851; x_wconf 78' lang='grc' dir='ltr'>ἀδύτων</span> <span class='ocrx_word' id='word_1_685' title='bbox 1508 4797 1711 4849; x_wconf 81' lang='grc' dir='ltr'>ἀνείλε-</span> 
     </span>
    </p>
   </div>
   <div class='ocr_carea' id='block_1_97' title="bbox 183 4886 1716 4965">
    <p class='ocr_par' dir='ltr' id='par_1_97' title="bbox 183 4886 1716 4965">
     <span class='ocr_line' id='line_1_97' title="bbox 183 4886 1716 4965; baseline -0.007 -18"><span class='ocrx_word' id='word_1_686' title='bbox 183 4914 257 4965; x_wconf 88' lang='grc' dir='ltr'><strong>το,</strong></span> <span class='ocrx_word' id='word_1_687' title='bbox 282 4899 390 4949; x_wconf 74' lang='grc' dir='ltr'>“ὃσα</span> <span class='ocrx_word' id='word_1_688' title='bbox 419 4899 549 4958; x_wconf 78' lang='grc' dir='ltr'>τέως</span> <span class='ocrx_word' id='word_1_689' title='bbox 602 4896 777 4963; x_wconf 76' lang='grc' dir='ltr'>εὑρεῖν</span> <span class='ocrx_word' id='word_1_690' title='bbox 812 4892 1081 4959; x_wconf 84' lang='grc' dir='ltr'>δεδύνητο.</span> <span class='ocrx_word' id='word_1_691' title='bbox 1119 4890 1275 4941; x_wconf 82' lang='grc' dir='ltr'>Ἀλλά</span> <span class='ocrx_word' id='word_1_692' title='bbox 1295 4888 1465 4941; x_wconf 73' lang='grc' dir='ltr'>ταῦτα</span> <span class='ocrx_word' id='word_1_693' title='bbox 1496 4888 1592 4955; x_wconf 78' lang='grc' dir='ltr'>μὲν</span> <span class='ocrx_word' id='word_1_694' title='bbox 1626 4886 1716 4939; x_wconf 84' lang='grc' dir='ltr'><strong>οὖ-</strong></span> 
     </span>
    </p>
   </div>
   <div class='ocr_carea' id='block_1_98' title="bbox 184 4979 1714 5059">
    <p class='ocr_par' dir='ltr' id='par_1_98' title="bbox 184 4979 1714 5059">
     <span class='ocr_line' id='line_1_98' title="bbox 184 4979 1714 5059; baseline -0.007 -20"><span class='ocrx_word' id='word_1_695' title='bbox 184 5006 305 5053; x_wconf 77' lang='grc' dir='ltr'>τωςο</span> <span class='ocrx_word' id='word_1_696' title='bbox 333 4992 568 5059; x_wconf 84' lang='grc' dir='ltr'>εἰρήσοω</span> <span class='ocrx_word' id='word_1_697' title='bbox 592 4988 634 5039; x_wconf 83' lang='grc' dir='ltr'>δ’</span> <span class='ocrx_word' id='word_1_698' title='bbox 652 4988 725 5048; x_wconf 78' lang='grc' dir='ltr'>ὡς</span> <span class='ocrx_word' id='word_1_699' title='bbox 748 4990 803 5038; x_wconf 89' lang='grc' dir='ltr'><strong>ἐν</strong></span> <span class='ocrx_word' id='word_1_700' title='bbox 823 4983 1055 5053; x_wconf 82' lang='grc' dir='ltr'>παρόδῳ,</span> <span class='ocrx_word' id='word_1_701' title='bbox 1071 4983 1161 5034; x_wconf 64' lang='grc' dir='ltr'><strong>καὶ</strong></span> <span class='ocrx_word' id='word_1_702' title='bbox 1179 4983 1275 5034; x_wconf 80' lang='grc' dir='ltr'>ὅσα</span> <span class='ocrx_word' id='word_1_703' title='bbox 1297 4982 1385 5032; x_wconf 76' lang='grc' dir='ltr'>τὸν</span> <span class='ocrx_word' id='word_1_704' title='bbox 1399 4982 1571 5032; x_wconf 81' lang='grc' dir='ltr'>Δίωνα</span> <span class='ocrx_word' id='word_1_705' title='bbox 1589 4979 1714 5046; x_wconf 78' lang='grc' dir='ltr'>περὶ</span> 
     </span>
    </p>
   </div>
   <div class='ocr_carea' id='block_1_99' title="bbox 186 5071 1711 5146">
    <p class='ocr_par' dir='ltr' id='par_1_99' title="bbox 186 5071 1711 5146">
     <span class='ocr_line' id='line_1_99' title="bbox 186 5071 1711 5146; baseline -0.005 -17"><span class='ocrx_word' id='word_1_706' title='bbox 186 5082 269 5131; x_wconf 77' lang='grc' dir='ltr'>τοῦ</span> <span class='ocrx_word' id='word_1_707' title='bbox 303 5082 491 5134; x_wconf 66' lang='grc' dir='ltr'>Νείλου</span> <span class='ocrx_word' id='word_1_708' title='bbox 542 5081 761 5146; x_wconf 77' lang='grc' dir='ltr'>λέγοντα</span> <span class='ocrx_word' id='word_1_709' title='bbox 793 5076 1044 5146; x_wconf 69' lang='grc' dir='ltr'>εὕρομεν,</span> <span class='ocrx_word' id='word_1_710' title='bbox 1101 5074 1221 5125; x_wconf 83' lang='grc' dir='ltr'>ὅθεν</span> <span class='ocrx_word' id='word_1_711' title='bbox 1276 5088 1334 5123; x_wconf 88' lang='grc' dir='ltr'><strong>τε</strong></span> <span class='ocrx_word' id='word_1_712' title='bbox 1390 5071 1711 5130; x_wconf 82' lang='grc' dir='ltr'>ἀναδίδοται,</span> 
     </span>
    </p>
   </div>
   <div class='ocr_carea' id='block_1_100' title="bbox 189 5161 1709 5235">
    <p class='ocr_par' dir='ltr' id='par_1_100' title="bbox 189 5161 1709 5235">
     <span class='ocr_line' id='line_1_100' title="bbox 189 5161 1709 5235; baseline -0.007 -15"><span class='ocrx_word' id='word_1_713' title='bbox 189 5172 276 5222; x_wconf 72' lang='grc' dir='ltr'>καὶ</span> <span class='ocrx_word' id='word_1_714' title='bbox 302 5171 387 5223; x_wconf 83' lang='grc' dir='ltr'>διὰ</span> <span class='ocrx_word' id='word_1_715' title='bbox 412 5171 460 5222; x_wconf 82' lang='grc' dir='ltr'><strong>τί</strong></span> <span class='ocrx_word' id='word_1_716' title='bbox 486 5173 624 5223; x_wconf 82' lang='grc' dir='ltr'>κατὰ</span> <span class='ocrx_word' id='word_1_717' title='bbox 677 5172 735 5222; x_wconf 84' lang='grc' dir='ltr'>τὸ</span> <span class='ocrx_word' id='word_1_718' title='bbox 784 5170 935 5235; x_wconf 84' lang='grc' dir='ltr'>θέρος</span> <span class='ocrx_word' id='word_1_719' title='bbox 976 5166 1267 5230; x_wconf 81' lang='grc' dir='ltr'>πεποίηται</span> <span class='ocrx_word' id='word_1_720' title='bbox 1302 5164 1395 5231; x_wconf 79' lang='grc' dir='ltr'>τὴν</span> <span class='ocrx_word' id='word_1_721' title='bbox 1432 5161 1709 5214; x_wconf 69' lang='grc' dir='ltr'>ἀνάδασν.</span> 
     </span>
    </p>
   </div>
   <div class='ocr_carea' id='block_1_101' title="bbox 191 5250 1713 5328">
    <p class='ocr_par' dir='ltr' id='par_1_101' title="bbox 191 5250 1713 5328">
     <span class='ocr_line' id='line_1_101' title="bbox 191 5250 1713 5328; baseline -0.009 -14"><span class='ocrx_word' id='word_1_722' title='bbox 191 5264 345 5328; x_wconf 83' lang='grc' dir='ltr'>Λέγει</span> <span class='ocrx_word' id='word_1_723' title='bbox 372 5262 566 5324; x_wconf 82' lang='grc' dir='ltr'>τοίνυν,</span> <span class='ocrx_word' id='word_1_724' title='bbox 593 5262 665 5323; x_wconf 83' lang='grc' dir='ltr'>ὡς</span> <span class='ocrx_word' id='word_1_725' title='bbox 715 5263 777 5311; x_wconf 85' lang='grc' dir='ltr'><strong>ἐκ</strong></span> <span class='ocrx_word' id='word_1_726' title='bbox 808 5263 898 5312; x_wconf 80' lang='grc' dir='ltr'>τοῦ</span> <span class='ocrx_word' id='word_1_727' title='bbox 938 5258 1223 5317; x_wconf 74' lang='grc' dir='ltr'>Ἀτλαντος</span> <span class='ocrx_word' id='word_1_728' title='bbox 1270 5253 1588 5313; x_wconf 84' lang='grc' dir='ltr'>ἀναδίδοται,</span> <span class='ocrx_word' id='word_1_729' title='bbox 1624 5250 1713 5301; x_wconf 78' lang='grc' dir='ltr'>τὸν</span> 
     </span>
    </p>
   </div>
   <div class='ocr_carea' id='block_1_102' title="bbox 1815 4619 3360 4689">
    <p class='ocr_par' dir='ltr' id='par_1_102' title="bbox 1815 4619 3360 4689">
     <span class='ocr_line' id='line_1_102' title="bbox 1815 4619 3360 4689; baseline 0 -16"><span class='ocrx_word' id='word_1_730' title='bbox 1815 4621 2026 4689; x_wconf 89' lang='lat' dir='ltr'><strong>prodita</strong></span> <span class='ocrx_word' id='word_1_731' title='bbox 2060 4629 2185 4673; x_wconf 90' lang='lat' dir='ltr'><strong>suut</strong></span> <span class='ocrx_word' id='word_1_732' title='bbox 2218 4636 2229 4672; x_wconf 91' lang='lat'><strong>:</strong></span> <span class='ocrx_word' id='word_1_733' title='bbox 2267 4619 2410 4671; x_wconf 92' lang='lat' dir='ltr'><strong>unde</strong></span> <span class='ocrx_word' id='word_1_734' title='bbox 2444 4619 2489 4672; x_wconf 90' lang='lat' dir='ltr'><strong>is</strong></span> <span class='ocrx_word' id='word_1_735' title='bbox 2512 4620 2739 4682; x_wconf 90' lang='lat' dir='ltr'><strong>oriatur,</strong></span> <span class='ocrx_word' id='word_1_736' title='bbox 2769 4635 2865 4672; x_wconf 91' lang='lat' dir='ltr'><strong>cur</strong></span> <span class='ocrx_word' id='word_1_737' title='bbox 2896 4620 3083 4672; x_wconf 75' lang='lat' dir='ltr'><strong>aestivo</strong></span> <span class='ocrx_word' id='word_1_738' title='bbox 3119 4628 3360 4688; x_wconf 80' lang='lat' dir='ltr'><strong>tempore</strong></span> 
     </span>
    </p>
   </div>
   <div class='ocr_carea' id='block_1_103' title="bbox 1816 4709 3359 4774">
    <p class='ocr_par' dir='ltr' id='par_1_103' title="bbox 1816 4709 3359 4774">
     <span class='ocr_line' id='line_1_103' title="bbox 1816 4709 3359 4774; baseline -0.003 -9"><span class='ocrx_word' id='word_1_739' title='bbox 1816 4713 2093 4765; x_wconf 87' lang='lat' dir='ltr'><strong>ascendat.</strong></span> <span class='ocrx_word' id='word_1_740' title='bbox 2150 4712 2343 4763; x_wconf 83' lang='lat' dir='ltr'><strong>Narrat</strong></span> <span class='ocrx_word' id='word_1_741' title='bbox 2392 4717 2608 4772; x_wconf 89' lang='lat' dir='ltr'><strong>autem,</strong></span> <span class='ocrx_word' id='word_1_742' title='bbox 2655 4724 2778 4760; x_wconf 90' lang='lat' dir='ltr'><strong>eum</strong></span> <span class='ocrx_word' id='word_1_743' title='bbox 2831 4723 2894 4761; x_wconf 79' lang='lat' dir='ltr'><strong>ex</strong></span> <span class='ocrx_word' id='word_1_744' title='bbox 2938 4709 3152 4762; x_wconf 83' lang='lat' dir='ltr'><strong>Atlante</strong></span> <span class='ocrx_word' id='word_1_745' title='bbox 3203 4710 3359 4774; x_wconf 74' lang='lat' dir='ltr'><strong>oriri,</strong></span> 
     </span>
    </p>
   </div>
   <div class='ocr_carea' id='block_1_104' title="bbox 1818 4798 3358 4867">
    <p class='ocr_par' dir='ltr' id='par_1_104' title="bbox 1818 4798 3358 4867">
     <span class='ocr_line' id='line_1_104' title="bbox 1818 4798 3358 4867; baseline -0.003 -12"><span class='ocrx_word' id='word_1_746' title='bbox 1818 4812 1999 4855; x_wconf 90' lang='lat' dir='ltr'><strong>monte</strong></span> <span class='ocrx_word' id='word_1_747' title='bbox 2030 4798 2423 4860; x_wconf 85' lang='lat' dir='ltr'><strong>Macennitidis,</strong></span> <span class='ocrx_word' id='word_1_748' title='bbox 2456 4798 2519 4849; x_wconf 89' lang='lat' dir='ltr'><strong>ad</strong></span> <span class='ocrx_word' id='word_1_749' title='bbox 2557 4798 2720 4866; x_wconf 77' lang='lat'><strong>608</strong></span> <span class='ocrx_word' id='word_1_750' title='bbox 2754 4798 2927 4867; x_wconf 90' lang='lat' dir='ltr'><strong>ipsum</strong></span> <span class='ocrx_word' id='word_1_751' title='bbox 2966 4800 3358 4865; x_wconf 82' lang='lat' dir='ltr'><strong>occidentalem</strong></span> 
     </span>
    </p>
   </div>
   <div class='ocr_carea' id='block_1_105' title="bbox 1816 4887 3361 4955">
    <p class='ocr_par' dir='ltr' id='par_1_105' title="bbox 1816 4887 3361 4955">
     <span class='ocr_line' id='line_1_105' title="bbox 1816 4887 3361 4955; baseline -0.003 -9"><span class='ocrx_word' id='word_1_752' title='bbox 1816 4892 2109 4951; x_wconf 87' lang='lat' dir='ltr'><strong>Oceanum,</strong></span> <span class='ocrx_word' id='word_1_753' title='bbox 2164 4888 2404 4941; x_wconf 87' lang='lat' dir='ltr'><strong>oumium</strong></span> <span class='ocrx_word' id='word_1_754' title='bbox 2478 4890 2744 4940; x_wconf 87' lang='lat' dir='ltr'><strong>montium</strong></span> <span class='ocrx_word' id='word_1_755' title='bbox 2798 4888 2950 4940; x_wconf 91' lang='lat' dir='ltr'><strong>altiss</strong></span> <span class='ocrx_word' id='word_1_756' title='bbox 2976 4902 3063 4940; x_wconf 90' lang='lat' dir='ltr'><strong>mo</strong></span> <span class='ocrx_word' id='word_1_757' title='bbox 3098 4905 3109 4939; x_wconf 92' lang='lat'>:</span> <span class='ocrx_word' id='word_1_758' title='bbox 3145 4902 3247 4955; x_wconf 90' lang='lat' dir='ltr'><strong>qua</strong></span> <span class='ocrx_word' id='word_1_759' title='bbox 3296 4887 3361 4941; x_wconf 86' lang='lat' dir='ltr'><strong>de</strong></span> 
     </span>
    </p>
   </div>
   <div class='ocr_carea' id='block_1_106' title="bbox 1820 4976 3361 5046">
    <p class='ocr_par' dir='ltr' id='par_1_106' title="bbox 1820 4976 3361 5046">
     <span class='ocr_line' id='line_1_106' title="bbox 1820 4976 3361 5046; baseline -0.005 -12"><span class='ocrx_word' id='word_1_760' title='bbox 1820 4995 1979 5035; x_wconf 85' lang='lat' dir='ltr'><strong>causa</strong></span> <span class='ocrx_word' id='word_1_761' title='bbox 2018 4977 2139 5031; x_wconf 60' lang='grc' dir='ltr'>ραδΙί</span> <span class='ocrx_word' id='word_1_762' title='bbox 2190 4978 2441 5030; x_wconf 88' lang='lat' dir='ltr'><strong>columna</strong></span> <span class='ocrx_word' id='word_1_763' title='bbox 2492 4992 2522 5029; x_wconf 92' lang='lat' dir='ltr'><strong>a</strong></span> <span class='ocrx_word' id='word_1_764' title='bbox 2569 4978 2742 5046; x_wconf 88' lang='lat' dir='ltr'><strong>poetis</strong></span> <span class='ocrx_word' id='word_1_765' title='bbox 2802 4978 3121 5045; x_wconf 71' lang='lat' dir='ltr'><strong>appelletur.</strong></span> <span class='ocrx_word' id='word_1_766' title='bbox 3175 4976 3361 5043; x_wconf 86' lang='lat' dir='ltr'><strong>Neque</strong></span> 
     </span>
    </p>
   </div>
   <div class='ocr_carea' id='block_1_107' title="bbox 1821 5064 3361 5137">
    <p class='ocr_par' dir='ltr' id='par_1_107' title="bbox 1821 5064 3361 5137">
     <span class='ocr_line' id='line_1_107' title="bbox 1821 5064 3361 5137; baseline -0.005 -13"><span class='ocrx_word' id='word_1_767' title='bbox 1821 5073 1961 5125; x_wconf 89' lang='lat' dir='ltr'><strong>enim</strong></span> <span class='ocrx_word' id='word_1_768' title='bbox 1994 5083 2318 5137; x_wconf 87' lang='lat' dir='ltr'><strong>quemquam</strong></span> <span class='ocrx_word' id='word_1_769' title='bbox 2362 5068 2481 5133; x_wconf 83' lang='lat' dir='ltr'><strong>eius</strong></span> <span class='ocrx_word' id='word_1_770' title='bbox 2524 5082 2783 5120; x_wconf 88' lang='lat' dir='ltr'><strong>cacumen</strong></span> <span class='ocrx_word' id='word_1_771' title='bbox 2815 5064 3142 5127; x_wconf 71' lang='lat' dir='ltr'><strong>ascendisse,</strong></span> <span class='ocrx_word' id='word_1_772' title='bbox 3186 5080 3361 5131; x_wconf 90' lang='lat' dir='ltr'><strong>neque</strong></span> 
     </span>
    </p>
   </div>
   <div class='ocr_carea' id='block_1_108' title="bbox 1821 5151 3359 5225">
    <p class='ocr_par' dir='ltr' id='par_1_108' title="bbox 1821 5151 3359 5225">
     <span class='ocr_line' id='line_1_108' title="bbox 1821 5151 3359 5225; baseline -0.005 -14"><span class='ocrx_word' id='word_1_773' title='bbox 1821 5157 2029 5225; x_wconf 78' lang='lat' dir='ltr'><strong>fastigia</strong></span> <span class='ocrx_word' id='word_1_774' title='bbox 2084 5154 2325 5216; x_wconf 80' lang='lat' dir='ltr'><strong>vidisse,</strong></span> <span class='ocrx_word' id='word_1_775' title='bbox 2379 5169 2595 5222; x_wconf 89' lang='lat' dir='ltr'><strong>semper</strong></span> <span class='ocrx_word' id='word_1_776' title='bbox 2648 5153 2862 5222; x_wconf 81' lang='lat' dir='ltr'><strong>Oppleta</strong></span> <span class='ocrx_word' id='word_1_777' title='bbox 2900 5151 3150 5219; x_wconf 83' lang='lat' dir='ltr'><strong>nivibus.</strong></span> <span class='ocrx_word' id='word_1_778' title='bbox 3206 5151 3359 5205; x_wconf 85' lang='lat' dir='ltr'><strong>Unde</strong></span> 
     </span>
    </p>
   </div>
   <div class='ocr_carea' id='block_1_109' title="bbox 1821 5239 3359 5313">
    <p class='ocr_par' dir='ltr' id='par_1_109' title="bbox 1821 5239 3359 5313">
     <span class='ocr_line' id='line_1_109' title="bbox 1821 5239 3359 5313; baseline -0.007 -11"><span class='ocrx_word' id='word_1_779' title='bbox 1821 5248 2005 5302; x_wconf 66' lang='lat' dir='ltr'><strong>mstivo</strong></span> <span class='ocrx_word' id='word_1_780' title='bbox 2048 5255 2290 5313; x_wconf 88' lang='lat' dir='ltr'><strong>tempore</strong></span> <span class='ocrx_word' id='word_1_781' title='bbox 2324 5259 2518 5313; x_wconf 81' lang='lat' dir='ltr'><strong>magna</strong></span> <span class='ocrx_word' id='word_1_782' title='bbox 2555 5257 2819 5313; x_wconf 85' lang='lat' dir='ltr'><strong>aquarum</strong></span> <span class='ocrx_word' id='word_1_783' title='bbox 2868 5240 3023 5308; x_wconf 88' lang='lat' dir='ltr'><strong>copia</strong></span> <span class='ocrx_word' id='word_1_784' title='bbox 3070 5239 3359 5304; x_wconf 81' lang='lat' dir='ltr'><strong>deﬂuente,</strong></span> 
     </span>
    </p>
   </div>
   <div class='ocr_carea' id='block_1_110' title="bbox 1336 5388 2259 5449">
    <p class='ocr_par' dir='ltr' id='par_1_110' title="bbox 1336 5388 2259 5449">
     <span class='ocr_line' id='line_1_110' title="bbox 1336 5388 2259 5449; baseline 0 0"><span class='ocrx_word' id='word_1_785' title='bbox 1336 5388 1529 5449; x_wconf 58' lang='lat' dir='ltr'><strong>Varia;</strong></span> <span class='ocrx_word' id='word_1_786' title='bbox 1568 5388 1865 5449; x_wconf 83' lang='lat' dir='ltr'><strong>lectiones</strong></span> <span class='ocrx_word' id='word_1_787' title='bbox 1906 5392 1964 5444; x_wconf 86' lang='lat' dir='ltr'><strong>et</strong></span> <span class='ocrx_word' id='word_1_788' title='bbox 1996 5390 2180 5446; x_wconf 75' lang='lat' dir='ltr'><strong>notce.</strong></span> <span class='ocrx_word' id='word_1_789' title='bbox 2256 5446 2259 5449; x_wconf 89' lang='lat'><strong>.</strong></span> 
     </span>
    </p>
   </div>
   <div class='ocr_carea' id='block_1_111' title="bbox 254 5509 1712 5594">
    <p class='ocr_par' dir='ltr' id='par_1_111' title="bbox 254 5509 1712 5594">
     <span class='ocr_line' id='line_1_111' title="bbox 254 5509 1712 5594; baseline -0.014 -15"><span class='ocrx_word' id='word_1_790' title='bbox 254 5526 365 5594; x_wconf 70' lang='lat'><strong>(52)</strong></span> <span class='ocrx_word' id='word_1_791' title='bbox 409 5524 469 5575; x_wconf 82' lang='grc' dir='ltr'>Ὀ</span> <span class='ocrx_word' id='word_1_792' title='bbox 493 5522 604 5589; x_wconf 79' lang='grc' dir='ltr'>μὲν</span> <span class='ocrx_word' id='word_1_793' title='bbox 635 5521 909 5594; x_wconf 42' lang='grc' dir='ltr'>γάμοιο.</span> <span class='ocrx_word' id='word_1_794' title='bbox 965 5518 1030 5594; x_wconf 79' lang='lat' dir='ltr'><strong>ln_</strong></span> <span class='ocrx_word' id='word_1_795' title='bbox 1066 5516 1311 5569; x_wconf 71' lang='lat' dir='ltr'><strong>versione</strong></span> <span class='ocrx_word' id='word_1_796' title='bbox 1338 5511 1425 5594; x_wconf 75' lang='lat' dir='ltr'><strong>hic</strong></span> <span class='ocrx_word' id='word_1_797' title='bbox 1460 5509 1712 5594; x_wconf 45' lang='lat' dir='ltr'><strong>quaedam</strong></span> 
     </span>
    </p>
   </div>
   <div class='ocr_carea' id='block_1_112' title="bbox 195 5578 1713 5657">
    <p class='ocr_par' dir='ltr' id='par_1_112' title="bbox 195 5578 1713 5657">
     <span class='ocr_line' id='line_1_112' title="bbox 195 5578 1713 5657; baseline -0.011 -12"><span class='ocrx_word' id='word_1_798' title='bbox 195 5578 585 5646; x_wconf 51' lang='lat' dir='ltr'><strong>iin‘iuu’taviu&#39;ius</strong></span> <span class='ocrx_word' id='word_1_799' title='bbox 627 5578 655 5639; x_wconf 71' lang='grc' dir='ltr'><strong>ι’</strong></span> <span class='ocrx_word' id='word_1_800' title='bbox 680 5578 903 5641; x_wconf 72' lang='lat' dir='ltr'><strong>Wultius</strong></span> <span class='ocrx_word' id='word_1_801' title='bbox 929 5588 1234 5652; x_wconf 81' lang='lat' dir='ltr'><strong>scripserat,</strong></span> <span class='ocrx_word' id='word_1_802' title='bbox 1269 5581 1353 5657; x_wconf 68' lang='lat' dir='ltr'><strong>sed</strong></span> <span class='ocrx_word' id='word_1_803' title='bbox 1383 5578 1713 5657; x_wconf 47' lang='lat' dir='ltr'><strong>quianztlbinp</strong></span> 
     </span>
    </p>
   </div>
   <div class='ocr_carea' id='block_1_113' title="bbox 194 5648 1714 5730">
    <p class='ocr_par' dir='ltr' id='par_1_113' title="bbox 194 5648 1714 5730">
     <span class='ocr_line' id='line_1_113' title="bbox 194 5648 1714 5730; baseline -0.011 -17"><span class='ocrx_word' id='word_1_804' title='bbox 194 5662 571 5730; x_wconf 78' lang='lat' dir='ltr'><strong>imperuwrimn</strong></span> <span class='ocrx_word' id='word_1_805' title='bbox 642 5648 1301 5730; x_wconf 39' lang='lat' dir='ltr'><strong>maiestatem“ﬂagitanti,</strong></span> <span class='ocrx_word' id='word_1_806' title='bbox 1360 5650 1434 5699; x_wconf 83' lang='lat' dir='ltr'><strong>vel</strong></span> <span class='ocrx_word' id='word_1_807' title='bbox 1495 5648 1714 5699; x_wconf 68' lang='lat' dir='ltr'><strong>Ca’saris</strong></span> 
     </span>
    </p>
   </div>
   <div class='ocr_carea' id='block_1_114' title="bbox 198 5722 1714 5796">
    <p class='ocr_par' dir='ltr' id='par_1_114' title="bbox 198 5722 1714 5796">
     <span class='ocr_line' id='line_1_114' title="bbox 198 5722 1714 5796; baseline -0.01 -16"><span class='ocrx_word' id='word_1_808' title='bbox 198 5722 432 5783; x_wconf 68' lang='lat' dir='ltr'><strong>honorem</strong></span> <span class='ocrx_word' id='word_1_809' title='bbox 481 5732 721 5796; x_wconf 64' lang='lat' dir='ltr'><strong>negabat,</strong></span> <span class='ocrx_word' id='word_1_810' title='bbox 776 5734 880 5796; x_wconf 81' lang='lat' dir='ltr'><strong>etc.</strong></span> <span class='ocrx_word' id='word_1_811' title='bbox 918 5725 1068 5775; x_wconf 79' lang='lat' dir='ltr'><strong>Alius</strong></span> <span class='ocrx_word' id='word_1_812' title='bbox 1127 5722 1399 5796; x_wconf 29' lang='lat' dir='ltr'><strong>enitnestﬁ</strong></span> <span class='ocrx_word' id='word_1_813' title='bbox 1431 5731 1620 5793; x_wconf 80' lang='lat' dir='ltr'><strong>sensus</strong></span> <span class='ocrx_word' id='word_1_814' title='bbox 1650 5732 1714 5796; x_wconf 64' lang='lat' dir='ltr'><strong>ex</strong></span> 
     </span>
    </p>
   </div>
   <div class='ocr_carea' id='block_1_115' title="bbox 202 5786 1717 5864">
    <p class='ocr_par' dir='ltr' id='par_1_115' title="bbox 202 5786 1717 5864">
     <span class='ocr_line' id='line_1_115' title="bbox 202 5786 1717 5864; baseline -0.012 -12"><span class='ocrx_word' id='word_1_815' title='bbox 202 5801 394 5854; x_wconf 86' lang='lat' dir='ltr'><strong>Dione:</strong></span> <span class='ocrx_word' id='word_1_816' title='bbox 421 5786 617 5864; x_wconf 48' lang='lat' dir='ltr'><strong>quip&#39;pe</strong></span> <span class='ocrx_word' id='word_1_817' title='bbox 640 5786 761 5848; x_wconf 83' lang='lat' dir='ltr'><strong>cum</strong></span> <span class='ocrx_word' id='word_1_818' title='bbox 781 5794 974 5847; x_wconf 65' lang='lat' dir='ltr'><strong>Alb‘no</strong></span> <span class='ocrx_word' id='word_1_819' title='bbox 1006 5792 1318 5856; x_wconf 77' lang='lat' dir='ltr'><strong>promissam</strong></span> <span class='ocrx_word' id='word_1_820' title='bbox 1364 5786 1591 5858; x_wconf 70' lang='lat' dir='ltr'><strong>Qmsaris</strong></span> <span class='ocrx_word' id='word_1_821' title='bbox 1635 5786 1717 5835; x_wconf 85' lang='lat' dir='ltr'><strong>di-</strong></span> 
     </span>
    </p>
   </div>
   <div class='ocr_carea' id='block_1_116' title="bbox 1815 5495 3361 5585">
    <p class='ocr_par' dir='ltr' id='par_1_116' title="bbox 1815 5495 3361 5585">
     <span class='ocr_line' id='line_1_116' title="bbox 1815 5495 3361 5585; baseline -0.006 -27"><span class='ocrx_word' id='word_1_822' title='bbox 1815 5508 2071 5585; x_wconf 76' lang='lat' dir='ltr'><strong>gnitatcm</strong></span> <span class='ocrx_word' id='word_1_823' title='bbox 2105 5513 2345 5573; x_wconf 75' lang='lat' dir='ltr'><strong>negaret,</strong></span> <span class='ocrx_word' id='word_1_824' title='bbox 2387 5512 2498 5557; x_wconf 90' lang='lat' dir='ltr'><strong>tum</strong></span> <span class='ocrx_word' id='word_1_825' title='bbox 2530 5504 2575 5556; x_wconf 89' lang='lat' dir='ltr'><strong>is</strong></span> <span class='ocrx_word' id='word_1_826' title='bbox 2608 5501 2985 5569; x_wconf 85' lang='lat' dir='ltr'><strong>imperatorem</strong></span> <span class='ocrx_word' id='word_1_827' title='bbox 3018 5514 3133 5565; x_wconf 86' lang='lat' dir='ltr'><strong>sese</strong></span> <span class='ocrx_word' id='word_1_828' title='bbox 3174 5495 3361 5565; x_wconf 77' lang='lat' dir='ltr'><strong>appel-</strong></span> 
     </span>
    </p>
   </div>
   <div class='ocr_carea' id='block_1_117' title="bbox 1815 5580 3362 5711">
    <p class='ocr_par' dir='ltr' id='par_1_117' title="bbox 1815 5580 3362 5711">
     <span class='ocr_line' id='line_1_117' title="bbox 1815 5580 3362 5711; baseline -0.014 -7"><span class='ocrx_word' id='word_1_829' title='bbox 1815 5580 1994 5711; x_wconf 44' lang='grc' dir='ltr'><strong>Μῖἓὲ)</strong></span> <span class='ocrx_word' id='word_1_830' title='bbox 2037 5645 2134 5707; x_wconf 84' lang='grc' dir='ltr'><strong>Ὠς</strong></span> <span class='ocrx_word' id='word_1_831' title='bbox 2168 5644 2283 5698; x_wconf 77' lang='grc' dir='ltr'><strong>ὑπὸ</strong></span> <span class='ocrx_word' id='word_1_832' title='bbox 2314 5642 2658 5711; x_wconf 69' lang='grc' dir='ltr'>χορολέκτη.</span> <span class='ocrx_word' id='word_1_833' title='bbox 2692 5640 2810 5701; x_wconf 83' lang='lat' dir='ltr'><strong>Din,</strong></span> <span class='ocrx_word' id='word_1_834' title='bbox 2843 5638 3028 5711; x_wconf 68' lang='grc' dir='ltr'>ὥσπερ</span> <span class='ocrx_word' id='word_1_835' title='bbox 3079 5652 3159 5697; x_wconf 83' lang='grc' dir='ltr'><strong>τις</strong></span> <span class='ocrx_word' id='word_1_836' title='bbox 3212 5636 3362 5711; x_wconf 57' lang='grc' dir='ltr'>ὀκριτ</span> 
     </span>
    </p>
   </div>
   <div class='ocr_carea' id='block_1_118' title="bbox 1817 5702 3359 5835">
    <p class='ocr_par' dir='ltr' id='par_1_118' title="bbox 1817 5702 3359 5835">
     <span class='ocr_line' id='line_1_118' title="bbox 1817 5702 3359 5833; baseline -0.005 -70"><span class='ocrx_word' id='word_1_837' title='bbox 1817 5706 1926 5833; x_wconf 51' lang='grc' dir='ltr'><strong>ἓῶξι</strong></span> <span class='ocrx_word' id='word_1_838' title='bbox 1975 5702 2581 5781; x_wconf 62' lang='grc' dir='ltr'>ᾗίορδςκδεδιόἆγμένος.</span> <span class='ocrx_word' id='word_1_839' title='bbox 2623 5702 2899 5765; x_wconf 72' lang='grc' dir='ltr'>Όεουπὶι</span> <span class='ocrx_word' id='word_1_840' title='bbox 2926 5702 3037 5761; x_wconf 63' lang='lat' dir='ltr'><strong>haec</strong></span> <span class='ocrx_word' id='word_1_841' title='bbox 3065 5721 3163 5758; x_wconf 80' lang='lat' dir='ltr'><strong>vox</strong></span> <span class='ocrx_word' id='word_1_842' title='bbox 3216 5702 3359 5772; x_wconf 83' lang='lat' dir='ltr'><strong>apud</strong></span> 
     </span>
     <span class='ocr_line' id='line_1_119' title="bbox 1861 5785 2111 5835; baseline -0.004 -1"><span class='ocrx_word' id='word_1_843' title='bbox 1861 5785 1906 5834; x_wconf 86' lang='lat' dir='ltr'><strong>ol</strong></span> <span class='ocrx_word' id='word_1_844' title='bbox 1937 5798 2111 5835; x_wconf 79' lang='lat' dir='ltr'><strong>uccm.</strong></span> 
     </span>
    </p>
   </div>
  </div>
