4036 6338
741 364 892 459 ῙθιτἸ¹

1991 389 2311 450 JOANNIS
2347 389 2664 449 ΖΟΝΑΗᾸΕ

3797 394 3814 454 1
3825 395 3903 455 068

797 512 979 567 XXIV.
1035 511 1158 564 Post
1189 503 1552 573 Valerianum,
1597 508 1858 563 Galienu-s
1907 505 2053 559 illius
2107 504 2274 569 ﬁlius,

2451 504 2577 558 ΚΝ.
2601 506 2754 559 Μετὰ
2784 502 2838 558 δὲ
2871 505 2960 558 τὸν
3002 506 3365 578 Οὐαλεριανὸν
3392 510 3656 580 Γαλιηνὸς
3681 511 3708 562 δ
3732 511 3908 561 ἐκείνου

728 603 943 672 imperii
975 602 1200 655 Romani
1234 600 1440 668 potitus
1474 607 1581 660 est,
1615 616 1644 651 a
1673 605 1826 667 patre
1859 603 2051 650 contra
2081 593 2280 648 Persas

725 693 959 747 abeunte
1011 692 1064 744 in
1112 689 1408 744 Occidente
1441 689 1681 752 relictus,
1739 697 1797 741 ut
1841 688 1916 741 iis
1965 686 2058 755 qui
2113 685 2281 739 Italiae

727 783 864 836 male
898 783 1298 854 cogitarent,tet
1320 779 1603 832 Thraciam
1630 787 1924 836 vastarent.
1957 776 2236 830 resisteret
2263 792 2277 828 :

679 870 816 942 ἰιι-ιὶ
881 887 1004 926 cum
1056 886 1165 940 non
1227 871 1461 939 amplius
1524 871 1713 924 decem
1777 870 1948 923 millia
1983 868 2275 928 haberet,

727 972 968 1017 trecenta
1022 963 1185 1015 millia
1232 962 1664 1015 Alemannorum
1707 961 1861 1029 juxta
1914 958 2278 1014 Mediolanum

725 1053 877 1105 vicit.
923 1052 1129 1106 Deinde
1179 1051 1409 1106 Herulos
1449 1052 1640 1114 etiam,
1684 1059 1900 1118 gentem
1947 1048 2278 1119 Scythicam,

723 1154 780 1198 et
831 1143 1111 1197 Gethicam
1179 1142 1504 1211 proﬂigavit.
1547 1140 1725 1195 Gessit
1771 1149 1830 1193 et
1872 1155 1998 1194 cum
2060 1138 2282 1192 Francis

728 1236 948 1288 bellum.
1003 1235 1270 1287 Aureolos
1319 1247 1446 1285 vero
1501 1246 1568 1283 ex
1616 1229 1898 1299 provincia
1944 1227 2132 1282 Getica
2179 1225 2282 1297 (sic

724 1327 868 1380 enim
918 1327 1077 1378 Dacia
1118 1325 1389 1393 quondam
1437 1312 1752 1389 vocabatur)
1793 1319 2030 1373 obscuro
2079 1333 2280 1387 genere

724 1428 878 1472 ortus
913 1420 1121 1487 (pastor
1156 1416 1302 1469 enim
1339 1413 1460 1482 fuit)
1494 1428 1617 1467 cuin
1647 1426 1678 1465 a
1715 1413 1934 1487 fortuna
1965 1409 2282 1464 evehendus

725 1519 890 1568 esset,
924 1485 1212 1568 militavit,
1281 1513 1442 1572 atque
1488 1501 1755 1554 industria
1802 1485 2132 1553 consecutus
2173 1505 2279 1556 est,

726 1608 787 1650 ut
811 1595 936 1661 equi
972 1593 1304 1664 imperatorii
1349 1607 1460 1644 sua:
1508 1589 1633 1642 lidei
1683 1590 2093 1640 mandarentur.
2132 1584 2282 1647 Quos

725 1688 849 1755 quia
895 1685 1154 1753 praeclare
1210 1680 1508 1740 tractabat,
1557 1679 1765 1730 charus
1819 1674 2127 1727 habebatur
2176 1673 2279 1723 im-

728 1776 984 1847 peratori.
1029 1773 1232 1827 Deinde
1279 1786 1404 1825 cum
1452 1770 1633 1838 Mysiae
1685 1766 1924 1835 legiones
1981 1764 2280 1831 Ingenuum

2381 597 2491 659 υίδς
2519 597 2619 665 τῆς
2647 595 2756 648 τῶν
2807 595 3097 666 Ῥωμαίων
3136 600 3430 669 ἡγεμονίας
3474 601 3698 668 γέγονεν
3735 601 3888 667 ὲγκρα

2381 691 2498 757 τὴς,
2547 689 2603 740 ὃν
2633 691 2660 739 ὁ
2695 689 2899 758 πατὴρ,
2934 690 3075 741 κατὰ
3097 690 3320 760 Περσῶν
3353 693 3801 762 στρατευόμενος,
3850 692 3909 751 είς

2385 781 2451 831 τὰ
2478 777 2711 846 ἑσπέρια
2749 778 2904 830 εἴασε
2953 780 3067 841 τοῖς
3135 781 3194 831 έν
3223 781 3287 848 τῇ
3336 779 3536 849 Ἰταλία
3590 779 3911 848 ἐφεδρεύουσι

2383 875 2477 923 καὶ
2509 875 2618 932 τοῖς
2641 871 2739 940 τὴν
2781 871 3005 941 Θρᾴκην
3054 872 3392 944 ληϊζομένοις
3425 870 3910 924 ἀντικαθίστασθαι.

2388 964 2481 1022 Ὃς
2542 963 2865 1029 Ἀλαμανοϊς
2933 965 3061 1033 περὶ
3121 965 3415 1032 τριάκοντα
3489 963 3760 1032 μυριάδας
3819 961 3914 1014 ούει

2383 1053 2510 1122 περὶ
2542 1055 2610 1104 τὰ
2647 1053 2954 1104 Μεδιόλανα
2991 1054 3281 1122 συμϐαλὼν
3344 1055 3478 1121 μετά
3511 1055 3720 1122 μυρίων
3761 1053 3914 1120 ἐνίκη-

2386 1159 2503 1196 σεν.
2548 1140 2678 1195 Ικῖτα
2710 1147 2804 1196 καὶ
2842 1144 3122 1213 Αίρού).οις
3171 1147 3305 1216 (73),
3341 1146 3589 1214 Σκυθικῷ
3643 1145 3793 1212 γένει
3842 1145 3915 1194 καὶ

2382 1235 2645 1304 Γοῖθικῷ.
2679 1236 2991 1302 ἐπεξελθὼν
3018 1238 3342 1306 ἐκράτησεν.
3385 1239 3723 1306 Ἐπολέμησε
3768 1238 3820 1288 δὲ
3841 1238 3914 1288 καὶ

2381 1328 2671 1396 Φράγγοις.
2703 1328 2965 1399 Δὺρίολος
3003 1328 3060 1381 δὲ
3117 1332 3182 1381 ὲκ
3210 1331 3392 1399 χώρας
3432 1329 3508 1382 ὣν
3552 1331 3804 1398 Γετικῆς,
3835 1333 3912 1398 τῆς

2383 1415 2608 1485 ὓστερον
2663 1420 2866 1479 Δακίας
2899 1418 3312 1489 ἑπικληθείσης,
3347 1422 3437 1472 καὶ
3494 1420 3686 1486 γένους
3726 1421 3914 1487 ἀσήμου

2383 1507 2611 1575 (ποιμὴν
2664 1511 2774 1576 γαρ
2829 1508 3098 1576 ιτύγχανε
3147 1510 3435 1579 πρότερον)
3498 1511 3596 1580 τῆς
3663 1509 3832 1579 τύχης
3877 1512 3919 1562 δὲ

2381 1595 2544 1646 αὑτὸν
2575 1597 2649 1656 είς
2694 1597 2836 1662 μέγα
2868 1595 3219 1666 βουληθείσης
3251 1600 3476 1667 ἐπᾶραι,
3523 1599 3915 1668 ἐστρατεύσατο·

2384 1686 2476 1735 καί
2543 1685 2850 1753 περιδέξιος
2912 1685 3176 1754 γεγονὼς,
3233 1690 3344 1739 τῶν
3401 1689 3696 1757 βασιλικῶν
3760 1691 3919 1740 ἵππων

2387 1776 2706 1840 φροντιστὴς
2739 1778 3178 1845 προκεχείριστο,
3217 1778 3327 1829 Καὶ
3376 1781 3504 1848 περὶ
3541 1777 3763 1838 τούτους
3799 1780 3920 1829 εὐδο-

729 1883 824 1938 per
848 1865 1168 1922 seditionem
1197 1863 1585 1931 imperatorem
1615 1858 1903 1917 dixissent,
1931 1865 1987 1910 et
2014 1854 2276 1908 Gaiieuus

2385 1861 2583 1929 κιμῶν,
2617 1867 3007 1931 κεχαρισμένος
3043 1865 3188 1928 ἔδοξε
3243 1865 3319 1935 τῷ
3353 1867 3669 1935 κρατοῦντι.··
3717 1866 3830 1919 Τῶν
3876 1869 3918 1919 δὲ

731 1969 922 2028 praeter
974 1966 1199 2012 caeteros
1243 1954 1408 2007 etiam
1461 1951 1676 2006 Mauros
1723 1949 1846 2018 (hos
1884 1964 1912 2000 a
1945 1947 2113 2000 Medis
2157 1960 2284 2012 pro-

730 2059 949 2119 pagatos
993 2061 1127 2110 esse,
1146 2043 1321 2113 aiunt)
1373 2050 1563 2096 contra
1606 2055 1731 2093 eum
1776 2038 1842 2090 ad
1877 2038 2136 2091 Sirmium
2187 2035 2286 2090 ad-

730 2143 1028 2194 duxisset:
1088 2137 1358 2192 Aureolus
1419 2136 1684 2202 magister
1749 2131 1997 2197 equitum
2061 2137 2285 2205 strenue

731 2234 1056 2298 dimicando,
1105 2233 1291 2285 multis
1339 2230 1588 2281 hostibus
1635 2227 1811 2286 caesis,
1886 2224 2145 2291 reliquos,
2205 2223 2286 2290 ip-

729 2340 991 2395 psumque
1005 2325 1298 2393 Ingenuum
1335 2320 1499 2374 rebus
1530 2318 1834 2385 desperatis
1862 2318 1913 2368 in
1942 2316 2119 2384 fugam
2152 2331 2286 2367 eon-

727 2419 878 2490 jecit,
926 2395 1125 2484 in.qua
1171 2430 1201 2467 a
1237 2414 1352 2468 suis
1388 2413 1718 2467 satellitibus
1761 2419 1845 2461 est
1894 2409 2130 2460 Occisus.
2171 2407 2286 2459 lloc

733 2510 956 2572 domito,
1001 2507 1326 2560 Posthumus
1371 2511 1562 2556 contra
1611 2501 1996 2569 imperatorem
2051 2499 2286 2567 insurgit

734 2602 822 2656 tali
855 2602 921 2655 de
971 2613 1156 2654 causa.
1216 2596 1476 2651 Galienus
1526 2594 1697 2646 lilium
1749 2592 2061 2655 Galieuum,
2120 2591 2282 2660 632

732 2693 1130 2746 adolescentem
1157 2688 1413 2742 solertem
1442 2697 1497 2739 et
1527 2686 1858 2745 formosum,
1905 2698 2066 2751 quem
2112 2682 2288 2750 impe-

733 2786 796 2838 rii
827 2795 1192 2838 successorem
1224 2780 1554 2842 destinabat,
1583 2778 1637 2830 in
1667 2777 1800 2830 urbe
1824 2775 2123 2843 Agrippina
2156 2775 2286 2828 reli-

731 2882 924 2942 querat
954 2891 967 2924 :
994 2865 1069 2925 ut
1098 2870 1284 2931 Gallis,
1323 2883 1461 2937 quos
1489 2867 1700 2936 Scythae
1738 2863 2082 2934 premebant,
2115 2877 2276 2931 opem

733 2969 917 3028 ferret,
937 2964 1144 3017 Albano
1168 2961 1382 3014 cuidam
1414 2968 1636 3026 propter
1657 2965 1873 3010 aetatem
1901 2956 2277 3008 commissum.

735 3055 1056 3109 Postliunius
1092 3066 1216 3103 vero
1242 3049 1305 3102 ad
1333 3049 1633 3102 custodiam
1672 3043 1845 3098 lilieni
1885 3042 2125 3096 ﬂuminis
2157 3044 2284 3096 reli-

732 3157 874 3208 ctus,
931 3153 990 3196 ut
1056 3141 1509 3196 Tiansrhenanos
1578 3137 1847 3190 Barbaros
1907 3135 2276 3188 Romanarum

737 3235 1133 3303 provinciarum
1165 3230 1481 3283 incursione
1515 3227 1832 3296 prohiberet
1862 3242 1876 3279 :
1915 3227 2149 3278 transitu
2185 3240 2279 3278 eo-

735 3342 850 3378 rum
899 3339 1005 3377 non
1053 3314 1454 3380 animadverso,
1491 3319 1543 3370 in
1597 3317 1773 3370 reditu
1830 3316 2008 3384 praada
2055 3326 2281 3370 onustos

733 3417 972 3476 adortus,
1006 3411 1191 3465 multis
1217 3410 1434 3473 occisis,
1477 3408 1712 3478 praedam
1745 3421 1962 3461 omnem
1996 3417 2278 3474 receptam

735 3510 875 3558 inter
918 3503 1114 3555 milites
1153 3501 1336 3553 sta-tim
1371 3498 1576 3552 divisit.
1617 3498 1754 3552 Cum
1805 3505 1988 3550 autem
2043 3497 2283 3549 Albanus

739 3597 1031 3665 postularet
1088 3605 1145 3645 ut
1197 3608 1260 3644 ea
1324 3589 1391 3643 ad
1442 3603 1501 3642 se
1552 3596 1606 3640 et
1657 3587 1940 3641 Juniorem
1993 3584 2276 3639 Galienum

737 3689 1019 3740 all‘erretur
1050 3701 1066 3734 :
1105 3683 1303 3736 milites
1331 3697 1394 3734 ea
1439 3680 1669 3750 repetita
1711 3678 1778 3731 ad
1822 3678 2146 3732 seditionem
2178 3679 2281 3730 im-

742 3779 942 3846 pulsos,
971 3774 1036 3826 ad
1066 3774 1370 3842 Agrippinae
1402 3772 1599 3823 tritonia
1624 3770 1870 3833 adduxit,
1905 3769 2283 3836 Albanumque

739 3882 791 3922 et
816 3867 1092 3921 Juniorem
1117 3862 1395 3917 Galienum
1417 3874 1446 3913 e
1469 3859 1679 3913 civibus
1700 3858 1801 3911 sibi
1828 3858 2041 3911 deditos
2061 3859 2282 3912 occidit.

739 3959 991 4011 Galienus
1028 3956 1189 4022 igitur
1223 3952 1366 4004 bello
1399 3958 1590 4003 contra
1616 3949 1974 4002 Posuiumum
2009 3957 2281 4016 Suscepto,

741 4049 914 4115 primo
946 4058 1237 4113 congressu
1287 4043 1460 4093 victus
1510 4051 1614 4093 est.
1664 4041 1868 4093 Deinde
1909 4053 2200 4110 tyrannum
2230 4042 2282 4092 in

741 4137 914 4204 fugam
958 4133 1285 4199 conjectum,
1329 4128 1619 4182 Aureoldm
1658 4129 1908 4196 persequi
1951 4132 2105 4197 jubet
2139 4149 2153 4184 :
2187 4131 2282 4199 qui

739 4240 860 4280 cum
896 4239 1018 4277 eum
1058 4221 1271 4288 assequi
1305 4230 1508 4289 posset,
1542 4219 1745 4272 diutius
1778 4221 2031 4287 persequi
2071 4221 2283 4283 nolens,

739 4323 994 4369 causatus
1023 4321 1125 4373 est,
1174 4327 1229 4364 se
1274 4325 1399 4363 eum
1439 4310 1669 4377 adipisci
1718 4326 1824 4363 non
1877 4326 2055 4377 posse.
2107 4310 2285 4375 Quare

743 4405 1094 4459 Posthumum
1145 4403 1222 4454 sic
1271 4401 1534 4468 elapsum,
1579 4410 1634 4452 et
1683 4402 1867 4468 copias
1918 4414 2283 4472 reparantem,

2388 1953 2443 2003 ἐν
2487 1957 2548 2021 τῇ
2577 1955 2758 2020 Μυσία
2782 1955 3122 2023 στρατιωτῶν
3158 1961 3585 2020 στασιασάντων,
3621 1962 3716 2012 καὶ
3774 1960 3918 2025 Ἰγγεσ

2386 2038 2538 2090 νοῦον
2601 2042 2982 2110 αὐτοκράτορα
3034 2045 3390 2109 ἀνειπόντων,
3437 2047 3649 2099 καὶτοῦ
3683 2046 3916 2117 Γαλιηνοῡ

2387 2130 2535 2199 αὑτῷ
2573 2132 3001 2201 ἀντιταξαμένου
3061 2137 3203 2213 περὶ,
3240 2136 3300 2187 τὸ
3344 2137 3589 2207 Σίρμιον,
3650 2139 3787 2207 μετά
3829 2139 3916 2188 τῶν

2387 2221 2559 2273 ἄλλων
2599 2223 2691 2275 καὶ
2721 2225 3098 2293 Μαυρουσίους
3125 2229 3486 2297 ἐπαγομένου,
3519 2229 3568 2282 οἶ
3603 2230 3710 2282 ἀπὸ
3743 2230 3915 2298 Μήδων

2387 2312 2719 2378 κατάγεσθαι
2773 2314 3040 2381 λέγονται,
3099 2319 3125 2368 ὁ
3177 2319 3436 2387 Αὑρίολος
3482 2320 3915 2391 ἱππαρχῶν-γεν-

2387 2402 2550 2463 ναίως
2584 2404 2720 2472 μετά
2747 2404 2854 2456 τῶν
2885 2408 3094 2468 ἱππέων
3119 2410 3552 2480 ἀγωνισάμενος,
3582 2389 3804 2473 πολλοὺς
3827 2413 3912 2462 τῶν

2386 2496 2454 2544 τὰ
2491 2495 2786 2561 Ἰγγενούου
2819 2499 3157 2566 φρονούντων
3178 2501 3424 2565 διώλεσε,
3457 2503 3552 2552 καὶ
3577 2503 3706 2562 τοὺς
3726 2502 3913 2562 λοιποὺς

2389 2587 2653 2656 ἐτρέψατο
2709 2589 2788 2648 εἰς
2817 2589 3013 2656 φυγὴν,
3048 2590 3120 2650 ὡς
3153 2593 3242 2642 καὶ
3288 2592 3448 2642 αὑτὸν
3493 2592 3584 2643 τὸν
3647 2590 3915 2660 Ἰγγενοῦον

2389 2676 2614 2743 φεύγειν
2642 2678 3001 2743 ἀπεγνωκότα
3037 2683 3129 2731 καὶ
3150 2683 3207 2732 ὲν
3239 2681 3313 2749 τῷ
3347 2681 3567 2750 φεύγειν
3596 2682 3915 2755 ἀναιρεθῆναι

2388 2770 2538 2836 παρὰ
2571 2767 2681 2820 τῶν
2714 2768 3026 2839 δορυφόρων
3057 2773 3246 2826 αὑτοῦ.
3280 2768 3445 2836 Αὖθις
3499 2768 3594 2827 οὖν
3634 2773 3914 2842 Ποστοῦμος

2388 2859 2501 2929 (Ἠ)
2553 2859 2629 2930 τῷ
2679 2862 2925 2931 Γαλιηνῴ
2979 2864 3357 2918 ἐπανίσταται.
3401 2865 3573 2919 Παῖδα
3619 2867 3727 2933 γὰρ
3753 2865 3916 2932 ἔχωνὸ

2387 2951 2742 3021 αὐτοκράτωρ
2769 2949 2920 3015 οὗτος
2951 2943 3258 3024 ὁμώνυμον,
3290 2955 3462 3022 δεξιόν
3495 2972 3553 3007 τε
3593 2957 3689 3008 καὶ
3713 2954 3920 3025 εὐπρόσ-

2387 3057 2565 3105 ωπον,
2618 3043 2676 3095 ὃν
2735 3046 2828 3097 καὶ
2881 3045 2977 3115 τῆς
3040 3046 3318 3116 βασιλείας
3380 3043 3493 3115 εἶχε
3547 3046 3823 3116 διάδοχον,
3875 3048 3920 3106 ἐν

2401 3135 2730 3205 ’Δγριππίνῃ
2763 3139 2827 3206 τῇ
2877 3138 3028 3189 πόλει
3059 3140 3345 3204 κατέλιπε,
3396 3141 3508 3200 τοῖς
3564 3138 3604 3190 Γ
3609 3139 3785 3200 ἀλλοις
3836 3137 3922 3188 ὑπὸ

2383 3223 2599 3274 Σκυθῶν
2638 3224 3024 3294 πορθουμένοις
3069 3228 3528 3298 έπικουρήσαντα.
3583 3221 3654 3298 ᾯ
3702 3229 3792 3280 καί
3820 3243 3922 3278 τινα

2393 3313 2646 3368 Ἀλϐανὸν
2693 3317 3028 3385 κεκλημένον
3083 3320 3353 3388 ἐπέστησε
3419 3320 3507 3373 διὰ
3563 3320 3664 3390 τὴν
3717 3319 3923 3388 νεότητα

2381 3407 2546 3459 αὑτοῦ
2597 3407 2692 3460 τοῦ
2751 3409 2888 3460 υίοῦ.
2950 3411 3260 3479 Ποστούμος
3305 3412 3384 3476 δὲ,
3419 3416 3497 3474 εἰς
3558 3413 3800 3482 φυλακὴν
3843 3411 3922 3462 τοῦ

2394 3497 2588 3565 Ῥήνου
2622 3501 2865 3566 ποταμοῦ
2898 3501 3096 3567 ὲαθεὶς,
3151 3503 3292 3554 ὥστε
3330 3504 3558 3557 κωλύειν
3614 3507 3725 3567 τοῖς
3767 3505 3922 3573 πέραν

2381 3589 2622 3643 οἰκοῦσιν
2674 3593 2980 3664 Βαρϐἀροις
3029 3596 3127 3661 τὴν
3176 3598 3253 3658 είς
3289 3597 3386 3664 τὴν
3427 3598 3706 3668 Ῥωμαῑδα
3763 3597 3926 3667 χώραν

2381 3682 2650 3749 διάὀασιν,
2691 3684 2912 3737 λαθοῶσί
2961 3703 3094 3751 τισι,
3137 3689 3228 3740 καὶ
3264 3688 3482 3742 διαϐᾶσι
3543 3694 3633 3741 τὸν
3679 3691 3924 3758 ποταμὸν,

2384 3777 2475 3827 καὶ
2525 3775 2674 3828 λείαν
2735 3778 3103 3847 ἐπαγομένοις
3173 3780 3376 3850 πολλὴν
3425 3785 3482 3834 έν
3533 3782 3613 3852 τῷ
3665 3783 3927 3836 ἐπανιέναι

2384 3865 2626 3930 ἐπέθετο,
2664 3867 2758 3919 καὶ
2785 3869 3009 3931 πολλοὺς
3034 3871 3129 3939 μὲν
3163 3872 3367 3937 ἀνεῖλε,
3395 3873 3493 3942 τὴν
3516 3874 3573 3926 δὲ
3609 3874 3758 3926 λείαν
3788 3874 3925 3940 ἀφεί-

2383 3954 2504 4006 λετο
2539 3956 2847 4026 ξύμπασαν,
2883 3962 2978 4011 καλ⁵
3009 3961 3216 4029 ταύτην
3276 3963 3474 4016 αὐτίκα
3513 3968 3628 4024 τοῖς
3681 3963 3924 4035 στρατιώ-

2383 4063 2504 4109 ταις
2527 4048 2817 4118 διένειμεν.
2863 4051 2926 4102 ’Ὀ
2961 4051 3146 4119 μαθὼν
3176 4053 3203 4104 δ
3245 4053 3518 4115 Ἀλϐανὸς,
3557 4058 3778 4126 πέμψας
3807 4058 3923 4109 ἀπο-

2394 4141 2723 4210 κομισθῆναι
2760 4142 2907 4212 αὐτῷ
2945 4146 3038 4196 καὶ
3098 4144 3175 4215 τῷ
3204 4146 3309 4215 νέῳ
3363 4147 3611 4217 Γαλιηνῷ
3668 4152 3764 4219 τὴν
3791 4149 3920 4200 λείαν

2386 4230 2604 4301 ἀπῄτει.
2659 4235 2767 4286 Καὶ
2793 4237 2820 4285 ὁ
2855 4235 3191 4321 Ποστούμος,
3230 4239 3568 4302 συγκαλέσας
3625 4242 3752 4304 τοὺς
3786 4258 3923 4308 στρα-

2386 4324 2605 4386 τιώτας,
2663 4325 3016 4390 εἰσέπραττεν
3043 4326 3099 4389 ἐξ
3157 4329 3335 4379 αὐτῶν
3383 4331 3452 4381 τὰ
3498 4331 3599 4397 τῆς
3652 4332 3801 4394 λείας
3859 4333 3920 4386 εἰς

2389 4414 2722 4465 ἀποστασίαν
2778 4416 2975 4477 αὐτοὺς
3027 4419 3405 4496 παρακινῆσαι
3462 4420 3921 4492 μηχανῶμενος,ὃ

745 4495 1001 4549 Galienus
1039 4499 1220 4545 denuo
1253 4491 1498 4551 adortus.
1531 4492 1583 4544 in
1615 4491 1888 4558 quoddam
1924 4493 2107 4546 Galliis
2132 4495 2281 4563 oppi-

2394 4506 2486 4556 καὶ
2515 4506 2730 4571 γέγονε*
2786 4507 2879 4557 καὶ
2922 4507 3037 4575 μετ’
3065 4491 3242 4560 αὐτῶν
3272 4511 3335 4578 τῇ
3392 4510 3543 4562 πόλει
3591 4518 3657 4581 τῇ
3727 4513 3922 4579 Ἀγριπ-

745 4588 875 4641 dum
927 4586 1266 4652 compulsum
1329 4583 1598 4637 obsedit:
1654 4581 1954 4650 sagittaque
2011 4584 2064 4634 in
2123 4584 2288 4637 dorso

746 4679 916 4755 ’ctus,
969 4677 1038 4730 ob
1094 4675 1333 4727 vulneris
1385 4674 1629 4727 dolorem
1686 4673 2030 4726 obsidionem
2089 4674 2285 4728 solvit.

744 4773 850 4824 Sed
875 4769 1020 4823 aliud
1045 4782 1264 4837 quoque
1303 4765 1507 4820 bellum
1537 4781 1568 4819 a
1603 4765 1840 4818 Macrino
1875 4774 1959 4818 est
1987 4777 2238 4821 exortum
2272 4785 2285 4821 :

745 4862 836 4929 qui
873 4875 997 4913 cum
1027 4857 1164 4912 duos
1205 4858 1345 4912 ﬁlios
1377 4856 1621 4919 haberet,
1669 4855 2001 4908 Macrianum
2030 4866 2084 4911 ct
2113 4858 2286 4923 Quin.

746 4965 880 5025 tum,
905 4965 1127 5020 regnum
1153 4948 1446 5003 all‘ectavit.
1467 4948 1542 5000 Ac
1573 4948 1686 5016 ipse
1709 4946 1931 5016 quidem
1960 4949 2028 5003 ob
2053 4951 2284 5003 alterum

742 5032 931 5110 pedem
955 5041 1282 5102 mutilatum,
1310 5048 1514 5092 vestem
1531 5039 1936 5107 imperatoriam
1955 5057 2063 5094 non
2088 5041 2286 5108 induit,

744 5133 837 5187 sed
865 5133 1006 5185 ﬁlios
1032 5132 1256 5184 induere
1283 5130 1446 5198 jussit
1481 5148 1492 5180 :
1544 5141 1706 5199 atque
1734 5131 1801 5184 ab
1828 5131 2047 5186 Asianis
2088 5134 2286 5201 cupide

743 5230 1048 5292 susceptus,
1096 5236 1217 5272 cum
1251 5221 1317 5272 ad
1361 5220 1526 5272 breve
1561 5229 1770 5284 tempus
1801 5222 2065 5292 adversus
2095 5224 2287 5277 Persas

744 5322 1107 5366 commoratus
1161 5319 1325 5373 esset,
1368 5321 1556 5364 contra
1588 5309 1868 5363 Galienum
1909 5328 1967 5365 se
2008 5314 2236 5381 parabat
2270 5331 2284 5367 :

2388 4597 2518 4665 πίνῃ
2550 4596 2875 4665 προσέϐαλε,
2929 4600 3022 4649 καὶ
3054 4598 3103 4650 oi
3151 4599 3252 4666 τῆς
3295 4599 3502 4664 πόλεως
3553 4601 3648 4652 τόν
3680 4619 3738 4655 τε
3786 4603 3922 4653 mitia

2385 4680 2479 4730 τοῦ
2513 4680 2774 4747 βασιλέως
2819 4686 2911 4734 καὶ
2942 4685 3031 4735 τὸν
3077 4685 3334 4738 ’Δλὸανὸν
3358 4688 3507 4758 αὐτῷ
3556 4689 3921 4749 ὲκδεδὼκασιν,

2385 4766 2476 4829 οὓς
2513 4768 2607 4820 καὶ
2641 4769 2809 4838 ἄμφω
2854 4773 3164 4825 ἀπέκτεινε.
3224 4774 3410 4826 Ταῦτα
3441 4778 3601 4843 γνοὺς
3623 4781 3652 4829 δ
3691 4780 3924 4845 Γαλιηνὸς

2385 4858 2522 4926 πρὸς
2568 4859 2658 4909 τὸν
2707 4861 3018 4930 Ποστοῦμον
3071 4864 3258 4935 ἀπῄει,
3313 4867 3412 4919 καὶΙ
3469 4868 3752 4936 συμμίξας
3798 4867 3924 4933 αὺτῴ

2389 4950 2653 5019 πρότερον
2719 4951 2816 5021 μὲν
2851 4953 3078 5022 ἡττήθη,
3117 4951 3236 5008 εἶτα
3291 4958 3831 5030 καὶέπεκράτησεν,
3863 4960 3922 5019 ὡς

2389 5047 2476 5092 καί
2498 5044 2588 5093 τὸν
2624 5043 2934 5111 [Ιοττοῦμον
2966 5045 3208 5114 φεύγειν.
3233 5039 3534 5121 ,Στέλλεται
3562 5048 3654 5103 οὖν
3681 5054 3708 5102 ὁ
3748 5038 3922 5120 Adglo-

2386 5129 2474 5189 λος
2561 5133 2886 5196 καταδιῶξαι
2940 5136 3122 5191 αὑτόν.
3196 5139 3255 5190 Ὀ
3307 5139 3382 5200 δὲ,
3433 5141 3610 5192 καίτοι
3652 5143 3922 5210 δυνάμενος

2386 5221 2714 5272 καταλαδεῖν
2774 5225 2975 5291 αὑτὸν,
3028 5231 3127 5281 ούι.
3176 5230 3437 5299 ἠθέλησεν
3499 5231 3782 5296 ἐπιδιῶξαι
3843 5235 3919 5282 ἐπὶ

2385 5315 2537 5379 πολὺ,
2558 5316 2990 5378 ἀλλΪὲπκνελθὼν
3017 5318 3135 5372 εἶπε
3171 5321 3242 5390 μὴ
3268 5321 3555 5391 δυνηθῆναι
3582 5325 3745 5376 αὑτὸν
3775 5340 3921 5376 κατα-

1875 5442 2065 5505 Variae
2110 5447 2414 5510 lectiones
2459 5461 2516 5512 et
2558 5461 2744 5515 notis.

809 5571 916 5637 ('75)
963 5566 1291 5637 AlpoﬁJth.
1330 5563 1428 5637 lta
1460 5580 1588 5620 mss.
1635 5567 1795 5621 codd.
1853 5578 1911 5621 ut
1961 5568 2156 5633 1Erult',
2215 5574 2268 5623 in

747 5635 907 5706 nam
946 5641 1066 5689 cod.
1107 5635 1400 5706 Ammiaui,
1455 5643 1512 5686 ut
1559 5648 1740 5690 monet
1793 5638 1956 5693 llenr.
2005 5641 2271 5702 Valesius,

748 5705 877 5774 quos
936 5707 1024 5759 alii
1069 5705 1350 5772 Ἐλούρους
1406 5715 1616 5756 vocant.
1662 5708 1892 5761 Lenem
1932 5726 2030 5763 ius.
2085 5714 2274 5763 Λιλου-

748 5795 855 5847 ρης.
906 5775 1144 5844 Ἐιούρος
1173 5776 1226 5826 δέ
1259 5776 1427 5838 ἔθνος,
1455 5776 1625 5840 dum].

2450 5575 2557 5645 (7})
2586 5576 2951 5642 Ποστοῦμος.
2988 5578 3060 5631 lta
3092 5578 3306 5632 Zosimo
3337 5577 3666 5645 appellatur.
3721 5581 3907 5630 Victor:

2380 5649 2434 5711 et
2486 5642 2747 5706 Eutropio
2792 5653 3119 5705 rost/minus.
3154 5642 3449 5711 Trebellio,
3485 5657 3539 5700 et
3583 5647 3639 5698 in
3666 5648 3916 5700 Numam.

2381 5710 2738 5765 1Ὂδιίηινηηιδ.
