  <div class='ocr_page' id='page_1' title='image "/cluster/home/n/w/nwhite01/storage/ocr_20150623/134/pst.000005714506/543.png"; bbox 0 0 4036 6338; ppageno 0'>
   <div class='ocr_carea' id='block_1_1' title="bbox 743 423 872 490">
    <p class='ocr_par' dir='ltr' id='par_1_1' title="bbox 743 423 872 490">
     <span class='ocr_line' id='line_1_1' title="bbox 743 423 872 490; baseline 0.016 -2"><span class='ocrx_word' id='word_1_1' title='bbox 743 423 838 488; x_wconf 75' lang='lat'><strong>107</strong></span> <span class='ocrx_word' id='word_1_2' title='bbox 854 427 872 490; x_wconf 94' lang='lat' dir='ltr'><strong>l</strong></span> 
     </span>
    </p>
   </div>
   <div class='ocr_carea' id='block_1_2' title="bbox 1983 417 2658 480">
    <p class='ocr_par' dir='ltr' id='par_1_2' title="bbox 1983 417 2658 480">
     <span class='ocr_line' id='line_1_2' title="bbox 1983 417 2658 480; baseline -0.001 -1"><span class='ocrx_word' id='word_1_3' title='bbox 1983 417 2302 480; x_wconf 83' lang='lat' dir='ltr'><strong>JOANNIS</strong></span> <span class='ocrx_word' id='word_1_4' title='bbox 2340 417 2658 478; x_wconf 73' lang='grc' dir='ltr'><strong>ΖΟΝΑΗᾹΞ</strong></span> 
     </span>
    </p>
   </div>
   <div class='ocr_carea' id='block_1_3' title="bbox 3806 427 3901 486">
    <p class='ocr_par' dir='ltr' id='par_1_3' title="bbox 3806 427 3901 486">
     <span class='ocr_line' id='line_1_3' title="bbox 3806 427 3901 486; baseline 0 0"><span class='ocrx_word' id='word_1_5' title='bbox 3806 427 3901 486; x_wconf 64' lang='grc' dir='ltr'><strong>Ιθτξ</strong></span> 
     </span>
    </p>
   </div>
   <div class='ocr_carea' id='block_1_4' title="bbox 802 522 2290 600">
    <p class='ocr_par' dir='ltr' id='par_1_4' title="bbox 802 527 2281 598">
     <span class='ocr_line' id='line_1_4' title="bbox 802 527 2281 598; baseline -0.007 -9"><span class='ocrx_word' id='word_1_6' title='bbox 802 535 966 589; x_wconf 74' lang='lat' dir='ltr'><strong>XXV.</strong></span> <span class='ocrx_word' id='word_1_7' title='bbox 1012 533 1211 588; x_wconf 89' lang='lat' dir='ltr'><strong>Deinde</strong></span> <span class='ocrx_word' id='word_1_8' title='bbox 1243 533 1510 587; x_wconf 83' lang='lat' dir='ltr'><strong>Aureolus</strong></span> <span class='ocrx_word' id='word_1_9' title='bbox 1542 530 1640 584; x_wconf 94' lang='lat' dir='ltr'><strong>toti</strong></span> <span class='ocrx_word' id='word_1_10' title='bbox 1662 529 1930 598; x_wconf 84' lang='lat' dir='ltr'><strong>equitatui</strong></span> <span class='ocrx_word' id='word_1_11' title='bbox 1977 527 2281 598; x_wconf 71' lang='lat' dir='ltr'><strong>prml‘ectus,</strong></span> 
     </span>
    </p>
   </div>
   <div class='ocr_carea' id='block_1_5' title="bbox 2390 522 3900 600">
    <p class='ocr_par' dir='ltr' id='par_1_5' title="bbox 2460 522 3900 600">
     <span class='ocr_line' id='line_1_5' title="bbox 2460 522 3900 600; baseline 0.008 -23"><span class='ocrx_word' id='word_1_12' title='bbox 2460 525 2594 578; x_wconf 73' lang='grc' dir='ltr'>κε’.</span> <span class='ocrx_word' id='word_1_13' title='bbox 2633 522 2797 589; x_wconf 79' lang='grc' dir='ltr'>Αὖθις</span> <span class='ocrx_word' id='word_1_14' title='bbox 2823 525 2880 577; x_wconf 73' lang='grc' dir='ltr'>δὲ</span> <span class='ocrx_word' id='word_1_15' title='bbox 2908 526 3071 596; x_wconf 80' lang='grc' dir='ltr'>ἑτέρα</span> <span class='ocrx_word' id='word_1_16' title='bbox 3110 526 3249 578; x_wconf 74' lang='grc' dir='ltr'>κατὰ</span> <span class='ocrx_word' id='word_1_17' title='bbox 3282 528 3386 586; x_wconf 58' lang='grc' dir='ltr'>,τοῦ</span> <span class='ocrx_word' id='word_1_18' title='bbox 3431 528 3705 600; x_wconf 74' lang='grc' dir='ltr'>Γαλιηνιῦ</span> <span class='ocrx_word' id='word_1_19' title='bbox 3739 534 3900 588; x_wconf 61' lang='grc' dir='ltr'>ἐπανί-</span> 
     </span>
    </p>
   </div>
   <div class='ocr_carea' id='block_1_6' title="bbox 735 620 2286 695">
    <p class='ocr_par' dir='ltr' id='par_1_6' title="bbox 735 620 2286 695">
     <span class='ocr_line' id='line_1_6' title="bbox 735 620 2286 695; baseline -0.007 -14"><span class='ocrx_word' id='word_1_20' title='bbox 735 628 898 682; x_wconf 89' lang='lat' dir='ltr'><strong>homo</strong></span> <span class='ocrx_word' id='word_1_21' title='bbox 954 636 1164 695; x_wconf 85' lang='lat' dir='ltr'><strong>potens,</strong></span> <span class='ocrx_word' id='word_1_22' title='bbox 1219 633 1407 679; x_wconf 92' lang='lat' dir='ltr'><strong>contra</strong></span> <span class='ocrx_word' id='word_1_23' title='bbox 1457 622 1741 676; x_wconf 83' lang='lat' dir='ltr'><strong>Galieuutu</strong></span> <span class='ocrx_word' id='word_1_24' title='bbox 1813 620 2173 674; x_wconf 74' lang='lat' dir='ltr'><strong>iusurrexit:</strong></span> <span class='ocrx_word' id='word_1_25' title='bbox 2230 627 2286 670; x_wconf 86' lang='lat' dir='ltr'><strong>et</strong></span> 
     </span>
    </p>
   </div>
   <div class='ocr_carea' id='block_1_7' title="bbox 732 710 2284 782">
    <p class='ocr_par' dir='ltr' id='par_1_7' title="bbox 732 710 2284 782">
     <span class='ocr_line' id='line_1_7' title="bbox 732 710 2284 782; baseline -0.008 -11"><span class='ocrx_word' id='word_1_26' title='bbox 732 717 1034 772; x_wconf 79' lang='lat' dir='ltr'><strong>Mediolano</strong></span> <span class='ocrx_word' id='word_1_27' title='bbox 1081 725 1366 782; x_wconf 88' lang='lat' dir='ltr'><strong>occupato,</strong></span> <span class='ocrx_word' id='word_1_28' title='bbox 1419 728 1478 766; x_wconf 88' lang='lat' dir='ltr'><strong>se</strong></span> <span class='ocrx_word' id='word_1_29' title='bbox 1510 711 1576 765; x_wconf 90' lang='lat' dir='ltr'><strong>ad</strong></span> <span class='ocrx_word' id='word_1_30' title='bbox 1630 710 1993 764; x_wconf 89' lang='lat' dir='ltr'><strong>invadendum</strong></span> <span class='ocrx_word' id='word_1_31' title='bbox 2049 710 2284 776; x_wconf 87' lang='lat' dir='ltr'><strong>impera-</strong></span> 
     </span>
    </p>
   </div>
   <div class='ocr_carea' id='block_1_8' title="bbox 735 801 2282 876">
    <p class='ocr_par' dir='ltr' id='par_1_8' title="bbox 735 801 2282 876">
     <span class='ocr_line' id='line_1_8' title="bbox 735 801 2282 876; baseline -0.003 -19"><span class='ocrx_word' id='word_1_32' title='bbox 735 817 908 860; x_wconf 89' lang='lat' dir='ltr'><strong>torem</strong></span> <span class='ocrx_word' id='word_1_33' title='bbox 950 807 1180 876; x_wconf 88' lang='lat' dir='ltr'><strong>paravit.</strong></span> <span class='ocrx_word' id='word_1_34' title='bbox 1209 805 1314 859; x_wconf 87' lang='lat' dir='ltr'><strong>Sed</strong></span> <span class='ocrx_word' id='word_1_35' title='bbox 1347 805 1414 856; x_wconf 86' lang='lat' dir='ltr'><strong>ab</strong></span> <span class='ocrx_word' id='word_1_36' title='bbox 1440 819 1528 865; x_wconf 94' lang='lat' dir='ltr'><strong>eo,</strong></span> <span class='ocrx_word' id='word_1_37' title='bbox 1571 803 1755 856; x_wconf 84' lang='lat' dir='ltr'><strong>multis</strong></span> <span class='ocrx_word' id='word_1_38' title='bbox 1786 816 2010 854; x_wconf 90' lang='lat' dir='ltr'><strong>suorum</strong></span> <span class='ocrx_word' id='word_1_39' title='bbox 2043 801 2282 862; x_wconf 89' lang='lat' dir='ltr'><strong>amissis,</strong></span> 
     </span>
    </p>
   </div>
   <div class='ocr_carea' id='block_1_9' title="bbox 731 888 2285 962">
    <p class='ocr_par' dir='ltr' id='par_1_9' title="bbox 731 888 2285 962">
     <span class='ocr_line' id='line_1_9' title="bbox 731 888 2285 962; baseline -0.005 -14"><span class='ocrx_word' id='word_1_40' title='bbox 731 906 788 948; x_wconf 90' lang='lat' dir='ltr'><strong>et</strong></span> <span class='ocrx_word' id='word_1_41' title='bbox 826 896 1048 948; x_wconf 83' lang='lat' dir='ltr'><strong>vulnere</strong></span> <span class='ocrx_word' id='word_1_42' title='bbox 1090 905 1333 962; x_wconf 82' lang='lat' dir='ltr'><strong>accepto,</strong></span> <span class='ocrx_word' id='word_1_43' title='bbox 1383 891 1749 946; x_wconf 80' lang='lat' dir='ltr'><strong>Mediolanum</strong></span> <span class='ocrx_word' id='word_1_44' title='bbox 1791 891 2127 959; x_wconf 84' lang='lat' dir='ltr'><strong>compulsus,</strong></span> <span class='ocrx_word' id='word_1_45' title='bbox 2167 888 2285 942; x_wconf 88' lang='lat' dir='ltr'><strong>ubi-</strong></span> 
     </span>
    </p>
   </div>
   <div class='ocr_carea' id='block_1_10' title="bbox 732 981 2283 1054">
    <p class='ocr_par' dir='ltr' id='par_1_10' title="bbox 732 981 2283 1054">
     <span class='ocr_line' id='line_1_10' title="bbox 732 981 2283 1054; baseline -0.003 -16"><span class='ocrx_word' id='word_1_46' title='bbox 732 1002 837 1054; x_wconf 93' lang='lat' dir='ltr'><strong>que</strong></span> <span class='ocrx_word' id='word_1_47' title='bbox 885 988 1143 1039; x_wconf 85' lang='lat' dir='ltr'><strong>obsessus</strong></span> <span class='ocrx_word' id='word_1_48' title='bbox 1198 995 1302 1038; x_wconf 88' lang='lat' dir='ltr'><strong>est.</strong></span> <span class='ocrx_word' id='word_1_49' title='bbox 1360 985 1493 1040; x_wconf 88' lang='lat' dir='ltr'><strong>Dum</strong></span> <span class='ocrx_word' id='word_1_50' title='bbox 1545 997 1725 1038; x_wconf 89' lang='lat' dir='ltr'><strong>autem</strong></span> <span class='ocrx_word' id='word_1_51' title='bbox 1780 981 2041 1036; x_wconf 88' lang='lat' dir='ltr'><strong>Galienus</strong></span> <span class='ocrx_word' id='word_1_52' title='bbox 2092 989 2283 1033; x_wconf 91' lang='lat' dir='ltr'><strong>contra</strong></span> 
     </span>
    </p>
   </div>
   <div class='ocr_carea' id='block_1_11' title="bbox 733 1075 2282 1145">
    <p class='ocr_par' dir='ltr' id='par_1_11' title="bbox 733 1075 2282 1145">
     <span class='ocr_line' id='line_1_11' title="bbox 733 1075 2282 1145; baseline -0.005 -14"><span class='ocrx_word' id='word_1_53' title='bbox 733 1079 918 1131; x_wconf 78' lang='lat' dir='ltr'><strong>hostes</strong></span> <span class='ocrx_word' id='word_1_54' title='bbox 959 1077 1312 1130; x_wconf 82' lang='lat' dir='ltr'><strong>excursiones</strong></span> <span class='ocrx_word' id='word_1_55' title='bbox 1354 1075 1508 1139; x_wconf 79' lang='lat' dir='ltr'><strong>facit,</strong></span> <span class='ocrx_word' id='word_1_56' title='bbox 1538 1075 1876 1145; x_wconf 80' lang='lat' dir='ltr'><strong>imperatrix,</strong></span> <span class='ocrx_word' id='word_1_57' title='bbox 1904 1087 2064 1141; x_wconf 91' lang='lat' dir='ltr'><strong>quam</strong></span> <span class='ocrx_word' id='word_1_58' title='bbox 2099 1086 2282 1124; x_wconf 84' lang='lat' dir='ltr'><strong>secum</strong></span> 
     </span>
    </p>
   </div>
   <div class='ocr_carea' id='block_1_12' title="bbox 730 1159 2284 1234">
    <p class='ocr_par' dir='ltr' id='par_1_12' title="bbox 730 1159 2284 1234">
     <span class='ocr_line' id='line_1_12' title="bbox 730 1159 2284 1234; baseline -0.006 -14"><span class='ocrx_word' id='word_1_59' title='bbox 730 1167 1051 1231; x_wconf 74' lang='lat' dir='ltr'><strong>adduxerat,</strong></span> <span class='ocrx_word' id='word_1_60' title='bbox 1097 1166 1149 1218; x_wconf 91' lang='lat' dir='ltr'><strong>in</strong></span> <span class='ocrx_word' id='word_1_61' title='bbox 1199 1165 1440 1234; x_wconf 89' lang='lat' dir='ltr'><strong>periculo</strong></span> <span class='ocrx_word' id='word_1_62' title='bbox 1468 1165 1592 1218; x_wconf 79' lang='lat' dir='ltr'><strong>fuit.</strong></span> <span class='ocrx_word' id='word_1_63' title='bbox 1624 1165 1759 1217; x_wconf 81' lang='lat' dir='ltr'><strong>Nam</strong></span> <span class='ocrx_word' id='word_1_64' title='bbox 1791 1176 1916 1215; x_wconf 92' lang='lat' dir='ltr'><strong>cum</strong></span> <span class='ocrx_word' id='word_1_65' title='bbox 1954 1163 2136 1214; x_wconf 92' lang='lat' dir='ltr'><strong>hostes</strong></span> <span class='ocrx_word' id='word_1_66' title='bbox 2168 1159 2284 1212; x_wconf 83' lang='lat' dir='ltr'><strong>val-</strong></span> 
     </span>
    </p>
   </div>
   <div class='ocr_carea' id='block_1_13' title="bbox 728 1251 2285 1328">
    <p class='ocr_par' dir='ltr' id='par_1_13' title="bbox 728 1251 2285 1328">
     <span class='ocr_line' id='line_1_13' title="bbox 728 1251 2285 1328; baseline -0.006 -14"><span class='ocrx_word' id='word_1_67' title='bbox 728 1260 841 1315; x_wconf 90' lang='lat' dir='ltr'><strong>lum</strong></span> <span class='ocrx_word' id='word_1_68' title='bbox 868 1276 896 1313; x_wconf 94' lang='lat' dir='ltr'><strong>a</strong></span> <span class='ocrx_word' id='word_1_69' title='bbox 921 1260 1106 1328; x_wconf 83' lang='lat' dir='ltr'><strong>paucis</strong></span> <span class='ocrx_word' id='word_1_70' title='bbox 1132 1258 1422 1311; x_wconf 89' lang='lat' dir='ltr'><strong>admodum</strong></span> <span class='ocrx_word' id='word_1_71' title='bbox 1456 1256 1720 1310; x_wconf 81' lang='lat' dir='ltr'><strong>militibus</strong></span> <span class='ocrx_word' id='word_1_72' title='bbox 1747 1253 2007 1308; x_wconf 85' lang='lat' dir='ltr'><strong>custodiri</strong></span> <span class='ocrx_word' id='word_1_73' title='bbox 2039 1251 2285 1305; x_wconf 79' lang='lat' dir='ltr'><strong>animad-</strong></span> 
     </span>
    </p>
   </div>
   <div class='ocr_carea' id='block_1_14' title="bbox 728 1345 2282 1418">
    <p class='ocr_par' dir='ltr' id='par_1_14' title="bbox 728 1345 2282 1418">
     <span class='ocr_line' id='line_1_14' title="bbox 728 1345 2282 1418; baseline -0.008 -12"><span class='ocrx_word' id='word_1_74' title='bbox 728 1353 1045 1415; x_wconf 80' lang='lat' dir='ltr'><strong>vertissent,</strong></span> <span class='ocrx_word' id='word_1_75' title='bbox 1085 1349 1430 1418; x_wconf 90' lang='lat' dir='ltr'><strong>impcratoris</strong></span> <span class='ocrx_word' id='word_1_76' title='bbox 1482 1346 1894 1400; x_wconf 85' lang='lat' dir='ltr'><strong>tabernaculum</strong></span> <span class='ocrx_word' id='word_1_77' title='bbox 1945 1345 2282 1405; x_wconf 87' lang='lat' dir='ltr'><strong>invaserunt,</strong></span> 
     </span>
    </p>
   </div>
   <div class='ocr_carea' id='block_1_15' title="bbox 729 1435 2284 1513">
    <p class='ocr_par' dir='ltr' id='par_1_15' title="bbox 729 1435 2284 1513">
     <span class='ocr_line' id='line_1_15' title="bbox 729 1435 2284 1513; baseline -0.008 -15"><span class='ocrx_word' id='word_1_78' title='bbox 729 1443 1093 1513; x_wconf 86' lang='lat' dir='ltr'><strong>lmperatricis</strong></span> <span class='ocrx_word' id='word_1_79' title='bbox 1148 1440 1418 1508; x_wconf 59' lang='lat' dir='ltr'><strong>rapiendae</strong></span> <span class='ocrx_word' id='word_1_80' title='bbox 1457 1454 1641 1492; x_wconf 90' lang='lat' dir='ltr'><strong>causa.</strong></span> <span class='ocrx_word' id='word_1_81' title='bbox 1687 1438 1791 1491; x_wconf 89' lang='lat' dir='ltr'><strong>Sed</strong></span> <span class='ocrx_word' id='word_1_82' title='bbox 1853 1436 2009 1488; x_wconf 87' lang='lat' dir='ltr'><strong>miles</strong></span> <span class='ocrx_word' id='word_1_83' title='bbox 2065 1435 2284 1502; x_wconf 90' lang='lat' dir='ltr'><strong>quidam</strong></span> 
     </span>
    </p>
   </div>
   <div class='ocr_carea' id='block_1_16' title="bbox 729 1526 2279 1604">
    <p class='ocr_par' dir='ltr' id='par_1_16' title="bbox 729 1526 2279 1604">
     <span class='ocr_line' id='line_1_16' title="bbox 729 1526 2279 1604; baseline -0.006 -18"><span class='ocrx_word' id='word_1_84' title='bbox 729 1532 1028 1604; x_wconf 70' lang='lat' dir='ltr'><strong>gregarius.</strong></span> <span class='ocrx_word' id='word_1_85' title='bbox 1069 1531 1161 1599; x_wconf 90' lang='lat' dir='ltr'><strong>qui</strong></span> <span class='ocrx_word' id='word_1_86' title='bbox 1193 1537 1319 1582; x_wconf 86' lang='lat' dir='ltr'><strong>ante</strong></span> <span class='ocrx_word' id='word_1_87' title='bbox 1345 1529 1755 1581; x_wconf 83' lang='lat' dir='ltr'><strong>tabernaculum</strong></span> <span class='ocrx_word' id='word_1_88' title='bbox 1785 1528 2006 1589; x_wconf 87' lang='lat' dir='ltr'><strong>sedens,</strong></span> <span class='ocrx_word' id='word_1_89' title='bbox 2034 1526 2279 1578; x_wconf 87' lang='lat' dir='ltr'><strong>calceum</strong></span> 
     </span>
    </p>
   </div>
   <div class='ocr_carea' id='block_1_17' title="bbox 731 1609 2284 1694">
    <p class='ocr_par' dir='ltr' id='par_1_17' title="bbox 731 1609 2284 1694">
     <span class='ocr_line' id='line_1_17' title="bbox 731 1609 2284 1694; baseline -0.005 -17"><span class='ocrx_word' id='word_1_90' title='bbox 731 1624 868 1694; x_wconf 79' lang='lat' dir='ltr'><strong>pede</strong></span> <span class='ocrx_word' id='word_1_91' title='bbox 916 1623 1218 1676; x_wconf 88' lang='lat' dir='ltr'><strong>detractum</strong></span> <span class='ocrx_word' id='word_1_92' title='bbox 1251 1619 1412 1690; x_wconf 69' lang='grc'><strong>634</strong></span> <span class='ocrx_word' id='word_1_93' title='bbox 1464 1619 1763 1673; x_wconf 91' lang='lat' dir='ltr'><strong>consuebat</strong></span> <span class='ocrx_word' id='word_1_94' title='bbox 1792 1635 1805 1670; x_wconf 88' lang='lat'><strong>:</strong></span> <span class='ocrx_word' id='word_1_95' title='bbox 1835 1609 2054 1686; x_wconf 79' lang='lat' dir='ltr'><strong>arrepto</strong></span> <span class='ocrx_word' id='word_1_96' title='bbox 2093 1619 2284 1688; x_wconf 85' lang='lat' dir='ltr'><strong>clypeo</strong></span> 
     </span>
    </p>
   </div>
   <div class='ocr_carea' id='block_1_18' title="bbox 731 1710 2308 1786">
    <p class='ocr_par' dir='ltr' id='par_1_18' title="bbox 731 1710 2308 1786">
     <span class='ocr_line' id='line_1_18' title="bbox 731 1710 2308 1786; baseline -0.007 -15"><span class='ocrx_word' id='word_1_97' title='bbox 731 1727 786 1772; x_wconf 90' lang='lat' dir='ltr'><strong>ct</strong></span> <span class='ocrx_word' id='word_1_98' title='bbox 817 1717 1071 1786; x_wconf 85' lang='lat' dir='ltr'><strong>pugione,</strong></span> <span class='ocrx_word' id='word_1_99' title='bbox 1105 1715 1156 1767; x_wconf 91' lang='lat' dir='ltr'><strong>iu</strong></span> <span class='ocrx_word' id='word_1_100' title='bbox 1197 1729 1290 1767; x_wconf 91' lang='lat' dir='ltr'><strong>eos</strong></span> <span class='ocrx_word' id='word_1_101' title='bbox 1330 1712 1591 1766; x_wconf 80' lang='lat' dir='ltr'><strong>ferociter</strong></span> <span class='ocrx_word' id='word_1_102' title='bbox 1640 1710 1825 1773; x_wconf 89' lang='lat' dir='ltr'><strong>irruit,</strong></span> <span class='ocrx_word' id='word_1_103' title='bbox 1871 1719 1927 1764; x_wconf 93' lang='lat' dir='ltr'><strong>et</strong></span> <span class='ocrx_word' id='word_1_104' title='bbox 1972 1725 2081 1762; x_wconf 93' lang='lat' dir='ltr'><strong>uno</strong></span> <span class='ocrx_word' id='word_1_105' title='bbox 2122 1718 2308 1776; x_wconf 86' lang='lat' dir='ltr'><strong>atque—</strong></span> 
     </span>
    </p>
   </div>
   <div class='ocr_carea' id='block_1_19' title="bbox 731 1801 2284 1876">
    <p class='ocr_par' dir='ltr' id='par_1_19' title="bbox 731 1801 2284 1876">
     <span class='ocr_line' id='line_1_19' title="bbox 731 1801 2284 1876; baseline -0.007 -14"><span class='ocrx_word' id='word_1_106' title='bbox 731 1808 900 1863; x_wconf 88' lang='lat' dir='ltr'><strong>altero</strong></span> <span class='ocrx_word' id='word_1_107' title='bbox 936 1820 1210 1876; x_wconf 89' lang='lat' dir='ltr'><strong>percusso,</strong></span> <span class='ocrx_word' id='word_1_108' title='bbox 1239 1812 1465 1856; x_wconf 82' lang='lat' dir='ltr'><strong>caeteros</strong></span> <span class='ocrx_word' id='word_1_109' title='bbox 1505 1802 1648 1854; x_wconf 91' lang='lat' dir='ltr'><strong>illius</strong></span> <span class='ocrx_word' id='word_1_110' title='bbox 1680 1801 1904 1855; x_wconf 85' lang='lat' dir='ltr'><strong>audacia</strong></span> <span class='ocrx_word' id='word_1_111' title='bbox 1938 1801 2154 1853; x_wconf 87' lang='lat' dir='ltr'><strong>territos</strong></span> <span class='ocrx_word' id='word_1_112' title='bbox 2197 1814 2284 1851; x_wconf 87' lang='lat' dir='ltr'><strong>re-</strong></span> 
     </span>
    </p>
   </div>
   <div class='ocr_carea' id='block_1_20' title="bbox 2395 617 3904 696">
    <p class='ocr_par' dir='ltr' id='par_1_20' title="bbox 2395 617 3904 696">
     <span class='ocr_line' id='line_1_20' title="bbox 2395 617 3904 696; baseline 0.009 -31"><span class='ocrx_word' id='word_1_113' title='bbox 2395 632 2585 678; x_wconf 88' lang='grc' dir='ltr'>στασις</span> <span class='ocrx_word' id='word_1_114' title='bbox 2621 618 2865 683; x_wconf 83' lang='grc' dir='ltr'>γέγονεν,</span> <span class='ocrx_word' id='word_1_115' title='bbox 2917 617 2984 688; x_wconf 74' lang='grc' dir='ltr'>ἦν</span> <span class='ocrx_word' id='word_1_116' title='bbox 3033 619 3292 688; x_wconf 77' lang='grc' dir='ltr'>Λὺρίολος</span> <span class='ocrx_word' id='word_1_117' title='bbox 3338 625 3730 691; x_wconf 81' lang='grc' dir='ltr'><strong>συνεστήσατο,</strong></span> <span class='ocrx_word' id='word_1_118' title='bbox 3769 628 3904 696; x_wconf 55' lang='lat' dir='ltr'><strong>adea;</strong></span> 
     </span>
    </p>
   </div>
   <div class='ocr_carea' id='block_1_21' title="bbox 2383 707 3906 786">
    <p class='ocr_par' dir='ltr' id='par_1_21' title="bbox 2383 707 3906 786">
     <span class='ocr_line' id='line_1_21' title="bbox 2383 707 3906 786; baseline 0.007 -28"><span class='ocrx_word' id='word_1_119' title='bbox 2383 707 2567 773; x_wconf 76' lang='grc' dir='ltr'>ἄρχων</span> <span class='ocrx_word' id='word_1_120' title='bbox 2619 709 2719 775; x_wconf 82' lang='grc' dir='ltr'>τῆς</span> <span class='ocrx_word' id='word_1_121' title='bbox 2752 709 2922 760; x_wconf 81' lang='grc' dir='ltr'>ἵππου</span> <span class='ocrx_word' id='word_1_122' title='bbox 2975 711 3071 762; x_wconf 83' lang='grc' dir='ltr'>καὶ</span> <span class='ocrx_word' id='word_1_123' title='bbox 3130 712 3274 779; x_wconf 82' lang='grc' dir='ltr'>μέγα</span> <span class='ocrx_word' id='word_1_124' title='bbox 3330 713 3663 782; x_wconf 70' lang='grc' dir='ltr'>δυναμενος’</span> <span class='ocrx_word' id='word_1_125' title='bbox 3715 718 3792 779; x_wconf 83' lang='grc' dir='ltr'>ὃς,</span> <span class='ocrx_word' id='word_1_126' title='bbox 3839 721 3906 786; x_wconf 68' lang='grc' dir='ltr'>τὴν</span> 
     </span>
    </p>
   </div>
   <div class='ocr_carea' id='block_1_22' title="bbox 2385 797 3909 877">
    <p class='ocr_par' dir='ltr' id='par_1_22' title="bbox 2385 797 3909 877">
     <span class='ocr_line' id='line_1_22' title="bbox 2385 797 3909 877; baseline 0.009 -30"><span class='ocrx_word' id='word_1_127' title='bbox 2385 797 2539 849; x_wconf 76' lang='grc' dir='ltr'>πόλιν</span> <span class='ocrx_word' id='word_1_128' title='bbox 2568 801 2636 850; x_wconf 76' lang='grc' dir='ltr'>τὰ</span> <span class='ocrx_word' id='word_1_129' title='bbox 2660 800 2964 852; x_wconf 84' lang='grc' dir='ltr'>Μεδιόλανα</span> <span class='ocrx_word' id='word_1_130' title='bbox 2992 803 3302 872; x_wconf 77' lang='grc' dir='ltr'>κατασχὼν,</span> <span class='ocrx_word' id='word_1_131' title='bbox 3325 807 3659 874; x_wconf 78' lang='grc' dir='ltr'><strong>ἡτοιμάζετο</strong></span> <span class='ocrx_word' id='word_1_132' title='bbox 3681 811 3909 877; x_wconf 64' lang='grc' dir='ltr'>συμμίξαι</span> 
     </span>
    </p>
   </div>
   <div class='ocr_carea' id='block_1_23' title="bbox 2383 888 3908 966">
    <p class='ocr_par' dir='ltr' id='par_1_23' title="bbox 2383 888 3908 966">
     <span class='ocr_line' id='line_1_23' title="bbox 2383 888 3908 966; baseline 0.009 -28"><span class='ocrx_word' id='word_1_133' title='bbox 2383 888 2462 956; x_wconf 86' lang='grc' dir='ltr'>τῷ</span> <span class='ocrx_word' id='word_1_134' title='bbox 2513 889 2746 958; x_wconf 78' lang='grc' dir='ltr'>βασιλεῖ.</span> <span class='ocrx_word' id='word_1_135' title='bbox 2813 891 3014 944; x_wconf 78' lang='grc' dir='ltr'>Ἐλθὼν</span> <span class='ocrx_word' id='word_1_136' title='bbox 3061 894 3120 946; x_wconf 82' lang='grc' dir='ltr'>δὲ</span> <span class='ocrx_word' id='word_1_137' title='bbox 3162 897 3410 957; x_wconf 77' lang='grc' dir='ltr'>κάκεῖνος</span> <span class='ocrx_word' id='word_1_138' title='bbox 3462 900 3598 965; x_wconf 80' lang='grc' dir='ltr'>μετὰ</span> <span class='ocrx_word' id='word_1_139' title='bbox 3645 901 3908 966; x_wconf 75' lang='grc' dir='ltr'>δυνάμεως,</span> 
     </span>
    </p>
   </div>
   <div class='ocr_carea' id='block_1_24' title="bbox 2385 979 3910 1054">
    <p class='ocr_par' dir='ltr' id='par_1_24' title="bbox 2385 979 3910 1054">
     <span class='ocr_line' id='line_1_24' title="bbox 2385 979 3910 1054; baseline 0.007 -26"><span class='ocrx_word' id='word_1_140' title='bbox 2385 979 2480 1029; x_wconf 78' lang='grc' dir='ltr'>καὶ</span> <span class='ocrx_word' id='word_1_141' title='bbox 2532 979 2610 1047; x_wconf 83' lang='grc' dir='ltr'>τῷ</span> <span class='ocrx_word' id='word_1_142' title='bbox 2659 981 3014 1049; x_wconf 77' lang='grc' dir='ltr'><strong>τυραννοῦντι</strong></span> <span class='ocrx_word' id='word_1_143' title='bbox 3071 986 3514 1054; x_wconf 70' lang='grc' dir='ltr'>ἀντιταξάμενος,</span> <span class='ocrx_word' id='word_1_144' title='bbox 3557 989 3784 1050; x_wconf 80' lang='grc' dir='ltr'>πολλοὺς</span> <span class='ocrx_word' id='word_1_145' title='bbox 3827 993 3910 1040; x_wconf 73' lang='grc' dir='ltr'>τῶν</span> 
     </span>
    </p>
   </div>
   <div class='ocr_carea' id='block_1_25' title="bbox 2384 1070 3911 1150">
    <p class='ocr_par' dir='ltr' id='par_1_25' title="bbox 2384 1070 3911 1150">
     <span class='ocr_line' id='line_1_25' title="bbox 2384 1070 3911 1150; baseline 0.008 -30"><span class='ocrx_word' id='word_1_146' title='bbox 2384 1070 2531 1138; x_wconf 82' lang='grc' dir='ltr'>αύτῷ</span> <span class='ocrx_word' id='word_1_147' title='bbox 2595 1072 2864 1124; x_wconf 82' lang='grc' dir='ltr'>συνόντων</span> <span class='ocrx_word' id='word_1_148' title='bbox 2927 1075 3254 1146; x_wconf 80' lang='grc' dir='ltr'>διέφθειρεν.</span> <span class='ocrx_word' id='word_1_149' title='bbox 3302 1078 3426 1130; x_wconf 85' lang='grc' dir='ltr'><strong>Ὅτε</strong></span> <span class='ocrx_word' id='word_1_150' title='bbox 3479 1083 3574 1132; x_wconf 67' lang='grc' dir='ltr'>καὶ</span> <span class='ocrx_word' id='word_1_151' title='bbox 3607 1082 3636 1131; x_wconf 84' lang='grc' dir='ltr'>ὁ</span> <span class='ocrx_word' id='word_1_152' title='bbox 3691 1083 3911 1150; x_wconf 70' lang='grc' dir='ltr'>Αὺρὶολος</span> 
     </span>
    </p>
   </div>
   <div class='ocr_carea' id='block_1_26' title="bbox 2385 1160 3912 1241">
    <p class='ocr_par' dir='ltr' id='par_1_26' title="bbox 2385 1160 3912 1241">
     <span class='ocr_line' id='line_1_26' title="bbox 2385 1160 3912 1241; baseline 0.008 -31"><span class='ocrx_word' id='word_1_153' title='bbox 2385 1160 2618 1230; x_wconf 88' lang='grc' dir='ltr'>ἐτρώθη,</span> <span class='ocrx_word' id='word_1_154' title='bbox 2671 1164 2764 1214; x_wconf 78' lang='grc' dir='ltr'><strong>καὶ</strong></span> <span class='ocrx_word' id='word_1_155' title='bbox 2797 1166 2876 1226; x_wconf 80' lang='grc' dir='ltr'><strong>είς</strong></span> <span class='ocrx_word' id='word_1_156' title='bbox 2913 1166 3216 1219; x_wconf 84' lang='grc' dir='ltr'>Μεδιόλανα</span> <span class='ocrx_word' id='word_1_157' title='bbox 3247 1170 3634 1238; x_wconf 80' lang='grc' dir='ltr'>κατεκλείσθη,</span> <span class='ocrx_word' id='word_1_158' title='bbox 3672 1176 3815 1241; x_wconf 83' lang='grc' dir='ltr'>παρὰ</span> <span class='ocrx_word' id='word_1_159' title='bbox 3841 1174 3912 1223; x_wconf 64' lang='grc' dir='ltr'><strong>τεῦ</strong></span> 
     </span>
    </p>
   </div>
   <div class='ocr_carea' id='block_1_27' title="bbox 2347 1251 3911 1333">
    <p class='ocr_par' dir='ltr' id='par_1_27' title="bbox 2347 1251 3911 1333">
     <span class='ocr_line' id='line_1_27' title="bbox 2347 1251 3911 1333; baseline 0.008 -31"><span class='ocrx_word' id='word_1_160' title='bbox 2347 1251 2649 1320; x_wconf 60' lang='grc' dir='ltr'>[βασιλέως</span> <span class='ocrx_word' id='word_1_161' title='bbox 2679 1257 2859 1308; x_wconf 84' lang='grc' dir='ltr'>ἐκεῖσε</span> <span class='ocrx_word' id='word_1_162' title='bbox 2912 1260 3391 1330; x_wconf 84' lang='grc' dir='ltr'>πολιορκούμενος.</span> <span class='ocrx_word' id='word_1_163' title='bbox 3428 1263 3534 1316; x_wconf 81' lang='grc' dir='ltr'><strong>Τοῦ</strong></span> <span class='ocrx_word' id='word_1_164' title='bbox 3575 1266 3632 1317; x_wconf 75' lang='grc' dir='ltr'>δὲ</span> <span class='ocrx_word' id='word_1_165' title='bbox 3689 1266 3911 1333; x_wconf 50' lang='lat' dir='ltr'><strong>rainy/ri</strong></span> 
     </span>
    </p>
   </div>
   <div class='ocr_carea' id='block_1_28' title="bbox 2386 1343 3912 1420">
    <p class='ocr_par' dir='ltr' id='par_1_28' title="bbox 2386 1343 3912 1420">
     <span class='ocr_line' id='line_1_28' title="bbox 2386 1343 3912 1420; baseline 0.006 -29"><span class='ocrx_word' id='word_1_166' title='bbox 2386 1343 2731 1412; x_wconf 79' lang='grc' dir='ltr'>ἐπεκδρομὰς</span> <span class='ocrx_word' id='word_1_167' title='bbox 2769 1349 3101 1416; x_wconf 83' lang='grc' dir='ltr'>ποιουμένου</span> <span class='ocrx_word' id='word_1_168' title='bbox 3147 1352 3289 1403; x_wconf 87' lang='grc' dir='ltr'>κατά</span> <span class='ocrx_word' id='word_1_169' title='bbox 3321 1370 3468 1414; x_wconf 86' lang='grc' dir='ltr'>τινας</span> <span class='ocrx_word' id='word_1_170' title='bbox 3499 1354 3608 1404; x_wconf 85' lang='grc' dir='ltr'>τῶν</span> <span class='ocrx_word' id='word_1_171' title='bbox 3653 1355 3912 1420; x_wconf 77' lang='grc' dir='ltr'>πολεμίων,</span> 
     </span>
    </p>
   </div>
   <div class='ocr_carea' id='block_1_29' title="bbox 2387 1433 3912 1514">
    <p class='ocr_par' dir='ltr' id='par_1_29' title="bbox 2387 1433 3912 1514">
     <span class='ocr_line' id='line_1_29' title="bbox 2387 1433 3912 1514; baseline 0.009 -33"><span class='ocrx_word' id='word_1_172' title='bbox 2387 1433 2446 1482; x_wconf 91' lang='grc' dir='ltr'><strong>ἐν</strong></span> <span class='ocrx_word' id='word_1_173' title='bbox 2495 1434 2726 1503; x_wconf 83' lang='grc' dir='ltr'>κινδύνῳ</span> <span class='ocrx_word' id='word_1_174' title='bbox 2762 1438 2890 1489; x_wconf 82' lang='grc' dir='ltr'>ποτὲ</span> <span class='ocrx_word' id='word_1_175' title='bbox 2930 1442 3211 1512; x_wconf 80' lang='grc' dir='ltr'>γέγονενή</span> <span class='ocrx_word' id='word_1_176' title='bbox 3263 1441 3585 1510; x_wconf 74' lang='grc' dir='ltr'><strong>βασίλισσα·</strong></span> <span class='ocrx_word' id='word_1_177' title='bbox 3622 1446 3785 1514; x_wconf 78' lang='grc' dir='ltr'>συνῆν</span> <span class='ocrx_word' id='word_1_178' title='bbox 3829 1449 3912 1513; x_wconf 63' lang='grc' dir='ltr'>γὰρ</span> 
     </span>
    </p>
   </div>
   <div class='ocr_carea' id='block_1_30' title="bbox 2385 1521 3914 1604">
    <p class='ocr_par' dir='ltr' id='par_1_30' title="bbox 2385 1521 3914 1604">
     <span class='ocr_line' id='line_1_30' title="bbox 2385 1521 3914 1604; baseline 0.004 -27"><span class='ocrx_word' id='word_1_179' title='bbox 2385 1521 2556 1588; x_wconf 75' lang='grc' dir='ltr'>αὐτῷ.</span> <span class='ocrx_word' id='word_1_180' title='bbox 2605 1524 2692 1583; x_wconf 84' lang='grc' dir='ltr'>Ὠς</span> <span class='ocrx_word' id='word_1_181' title='bbox 2738 1527 2847 1594; x_wconf 81' lang='grc' dir='ltr'>γὰρ</span> <span class='ocrx_word' id='word_1_182' title='bbox 2885 1531 2913 1580; x_wconf 86' lang='grc' dir='ltr'>ὁ</span> <span class='ocrx_word' id='word_1_183' title='bbox 2957 1530 3214 1596; x_wconf 84' lang='grc' dir='ltr'>βασιλεὺς</span> <span class='ocrx_word' id='word_1_184' title='bbox 3253 1531 3592 1603; x_wconf 79' lang='grc' dir='ltr'>ἐπεξέδραμε</span> <span class='ocrx_word' id='word_1_185' title='bbox 3650 1537 3786 1604; x_wconf 85' lang='grc' dir='ltr'>μετά</span> <span class='ocrx_word' id='word_1_186' title='bbox 3832 1536 3914 1584; x_wconf 64' lang='grc' dir='ltr'>τὼ.</span> 
     </span>
    </p>
   </div>
   <div class='ocr_carea' id='block_1_31' title="bbox 2385 1609 3908 1696">
    <p class='ocr_par' dir='ltr' id='par_1_31' title="bbox 2385 1609 3908 1696">
     <span class='ocr_line' id='line_1_31' title="bbox 2385 1609 3908 1696; baseline 0.011 -39"><span class='ocrx_word' id='word_1_187' title='bbox 2385 1609 2646 1662; x_wconf 85' lang='grc' dir='ltr'>πλειόνων</span> <span class='ocrx_word' id='word_1_188' title='bbox 2669 1618 3041 1696; x_wconf 79' lang='grc' dir='ltr'>στρατιωτῶν,</span> <span class='ocrx_word' id='word_1_189' title='bbox 3094 1620 3267 1688; x_wconf 72' lang='grc' dir='ltr'>ὀλίγοι</span> <span class='ocrx_word' id='word_1_190' title='bbox 3293 1624 3436 1675; x_wconf 79' lang='grc' dir='ltr'>πάνυ</span> <span class='ocrx_word' id='word_1_191' title='bbox 3475 1625 3908 1692; x_wconf 74' lang='grc' dir='ltr'>περιελείφθησαν</span> 
     </span>
    </p>
   </div>
   <div class='ocr_carea' id='block_1_32' title="bbox 2387 1699 3914 1779">
    <p class='ocr_par' dir='ltr' id='par_1_32' title="bbox 2387 1699 3914 1779">
     <span class='ocr_line' id='line_1_32' title="bbox 2387 1699 3914 1779; baseline 0.01 -31"><span class='ocrx_word' id='word_1_192' title='bbox 2387 1699 2515 1766; x_wconf 78' lang='grc' dir='ltr'>περὶ</span> <span class='ocrx_word' id='word_1_193' title='bbox 2540 1701 2598 1750; x_wconf 83' lang='grc' dir='ltr'>τὸ</span> <span class='ocrx_word' id='word_1_194' title='bbox 2627 1703 2957 1771; x_wconf 64' lang='grc' dir='ltr'>χαράκωμα.</span> <span class='ocrx_word' id='word_1_195' title='bbox 3010 1706 3258 1776; x_wconf 78' lang='grc' dir='ltr'>’Ὀπεροί</span> <span class='ocrx_word' id='word_1_196' title='bbox 3315 1711 3564 1779; x_wconf 80' lang='grc' dir='ltr'>πολέμιοι</span> <span class='ocrx_word' id='word_1_197' title='bbox 3619 1713 3914 1778; x_wconf 49' lang='grc' dir='ltr'>θεασάμενοι</span> 
     </span>
    </p>
   </div>
   <div class='ocr_carea' id='block_1_33' title="bbox 2387 1790 3910 1872">
    <p class='ocr_par' dir='ltr' id='par_1_33' title="bbox 2387 1790 3910 1872">
     <span class='ocr_line' id='line_1_33' title="bbox 2387 1790 3910 1872; baseline 0.009 -32"><span class='ocrx_word' id='word_1_198' title='bbox 2387 1790 2618 1856; x_wconf 73' lang='grc' dir='ltr'>ἐπῆλθον</span> <span class='ocrx_word' id='word_1_199' title='bbox 2640 1796 2704 1861; x_wconf 80' lang='grc' dir='ltr'>τῇ</span> <span class='ocrx_word' id='word_1_200' title='bbox 2734 1794 2827 1844; x_wconf 88' lang='grc' dir='ltr'>τοῦ</span> <span class='ocrx_word' id='word_1_201' title='bbox 2876 1796 3141 1864; x_wconf 76' lang='grc' dir='ltr'>βασιλέως</span> <span class='ocrx_word' id='word_1_202' title='bbox 3168 1804 3368 1870; x_wconf 82' lang='grc' dir='ltr'>σκηνῇ,</span> <span class='ocrx_word' id='word_1_203' title='bbox 3396 1804 3644 1872; x_wconf 80' lang='grc' dir='ltr'><strong>ἁρπάσαι</strong></span> <span class='ocrx_word' id='word_1_204' title='bbox 3705 1807 3910 1855; x_wconf 65' lang='lat' dir='ltr'><strong>(Itaon-</strong></span> 
     </span>
    </p>
   </div>
   <div class='ocr_carea' id='block_1_34' title="bbox 719 1874 2290 1966">
    <p class='ocr_par' dir='ltr' id='par_1_34' title="bbox 719 1890 2284 1966">
     <span class='ocr_line' id='line_1_34' title="bbox 719 1890 2284 1966; baseline -0.005 -16"><span class='ocrx_word' id='word_1_205' title='bbox 719 1890 892 1966; x_wconf 47' lang='lat' dir='ltr'><strong>&#39;pulit.</strong></span> <span class='ocrx_word' id='word_1_206' title='bbox 929 1897 1057 1949; x_wconf 90' lang='lat' dir='ltr'><strong>dum</strong></span> <span class='ocrx_word' id='word_1_207' title='bbox 1109 1894 1346 1963; x_wconf 86' lang='lat' dir='ltr'><strong>plurium</strong></span> <span class='ocrx_word' id='word_1_208' title='bbox 1385 1907 1651 1944; x_wconf 80' lang='lat' dir='ltr'><strong>concursu</strong></span> <span class='ocrx_word' id='word_1_209' title='bbox 1701 1893 1895 1960; x_wconf 77' lang='lat' dir='ltr'><strong>conjux</strong></span> <span class='ocrx_word' id='word_1_210' title='bbox 1940 1890 2284 1958; x_wconf 87' lang='lat' dir='ltr'><strong>imperatoris</strong></span> 
     </span>
    </p>
   </div>
   <div class='ocr_carea' id='block_1_35' title="bbox 2390 1874 3914 1966">
    <p class='ocr_par' dir='ltr' id='par_1_35' title="bbox 2390 1882 3914 1962">
     <span class='ocr_line' id='line_1_35' title="bbox 2390 1882 3914 1962; baseline 0.01 -32"><span class='ocrx_word' id='word_1_211' title='bbox 2390 1897 2534 1948; x_wconf 79' lang='grc' dir='ltr'>μενοι</span> <span class='ocrx_word' id='word_1_212' title='bbox 2565 1882 2660 1949; x_wconf 72' lang='grc' dir='ltr'>τὴν</span> <span class='ocrx_word' id='word_1_213' title='bbox 2687 1884 3023 1951; x_wconf 70' lang='grc' dir='ltr'>βασίλισσαν.</span> <span class='ocrx_word' id='word_1_214' title='bbox 3073 1884 3166 1951; x_wconf 83' lang='grc' dir='ltr'><strong>Εἷς</strong></span> <span class='ocrx_word' id='word_1_215' title='bbox 3210 1891 3267 1942; x_wconf 83' lang='grc' dir='ltr'>δέ</span> <span class='ocrx_word' id='word_1_216' title='bbox 3307 1909 3387 1950; x_wconf 52' lang='grc' dir='ltr'><strong>τι,</strong></span> <span class='ocrx_word' id='word_1_217' title='bbox 3415 1893 3522 1944; x_wconf 85' lang='grc' dir='ltr'>τῶν</span> <span class='ocrx_word' id='word_1_218' title='bbox 3583 1895 3914 1962; x_wconf 66' lang='grc' dir='ltr'>ᾕμελημένων</span> 
     </span>
    </p>
   </div>
   <div class='ocr_carea' id='block_1_36' title="bbox 732 1981 2282 2054">
    <p class='ocr_par' dir='ltr' id='par_1_36' title="bbox 732 1981 2282 2054">
     <span class='ocr_line' id='line_1_36' title="bbox 732 1981 2282 2054; baseline -0.006 -13"><span class='ocrx_word' id='word_1_219' title='bbox 732 1996 920 2054; x_wconf 85' lang='lat' dir='ltr'><strong>erepta</strong></span> <span class='ocrx_word' id='word_1_220' title='bbox 987 1993 1092 2038; x_wconf 88' lang='lat' dir='ltr'><strong>est.</strong></span> <span class='ocrx_word' id='word_1_221' title='bbox 1143 1983 1262 2047; x_wconf 87' lang='lat' dir='ltr'><strong>Quo</strong></span> <span class='ocrx_word' id='word_1_222' title='bbox 1319 1982 1683 2034; x_wconf 82' lang='lat' dir='ltr'><strong>Mediolanum</strong></span> <span class='ocrx_word' id='word_1_223' title='bbox 1741 1982 1919 2034; x_wconf 82' lang='lat' dir='ltr'><strong>adhuc</strong></span> <span class='ocrx_word' id='word_1_224' title='bbox 1968 1981 2282 2043; x_wconf 78' lang='lat' dir='ltr'><strong>obsidente,</strong></span> 
     </span>
    </p>
   </div>
   <div class='ocr_carea' id='block_1_37' title="bbox 732 2069 2282 2140">
    <p class='ocr_par' dir='ltr' id='par_1_37' title="bbox 732 2069 2282 2140">
     <span class='ocr_line' id='line_1_37' title="bbox 732 2069 2282 2140; baseline -0.005 -10"><span class='ocrx_word' id='word_1_225' title='bbox 732 2077 1054 2130; x_wconf 81' lang='lat' dir='ltr'><strong>Aurelianus</strong></span> <span class='ocrx_word' id='word_1_226' title='bbox 1099 2087 1222 2127; x_wconf 88' lang='lat' dir='ltr'><strong>cum</strong></span> <span class='ocrx_word' id='word_1_227' title='bbox 1282 2071 1564 2140; x_wconf 88' lang='lat' dir='ltr'><strong>equitibus</strong></span> <span class='ocrx_word' id='word_1_228' title='bbox 1618 2070 1686 2122; x_wconf 87' lang='lat' dir='ltr'><strong>ad</strong></span> <span class='ocrx_word' id='word_1_229' title='bbox 1742 2069 2030 2123; x_wconf 86' lang='lat' dir='ltr'><strong>Galienum</strong></span> <span class='ocrx_word' id='word_1_230' title='bbox 2089 2071 2282 2122; x_wconf 89' lang='lat' dir='ltr'><strong>venit:</strong></span> 
     </span>
    </p>
   </div>
   <div class='ocr_carea' id='block_1_38' title="bbox 732 2165 2284 2239">
    <p class='ocr_par' dir='ltr' id='par_1_38' title="bbox 732 2165 2284 2239">
     <span class='ocr_line' id='line_1_38' title="bbox 732 2165 2284 2239; baseline -0.004 -17"><span class='ocrx_word' id='word_1_231' title='bbox 732 2171 887 2239; x_wconf 86' lang='lat' dir='ltr'><strong>cujus</strong></span> <span class='ocrx_word' id='word_1_232' title='bbox 909 2167 1188 2227; x_wconf 82' lang='lat' dir='ltr'><strong>occidendi</strong></span> <span class='ocrx_word' id='word_1_233' title='bbox 1225 2166 1514 2218; x_wconf 79' lang='lat' dir='ltr'><strong>consilium</strong></span> <span class='ocrx_word' id='word_1_234' title='bbox 1543 2179 1796 2231; x_wconf 75' lang='lat' dir='ltr'><strong>proceres</strong></span> <span class='ocrx_word' id='word_1_235' title='bbox 1829 2179 1950 2218; x_wconf 91' lang='lat' dir='ltr'><strong>cum</strong></span> <span class='ocrx_word' id='word_1_236' title='bbox 1995 2165 2284 2217; x_wconf 83' lang='lat' dir='ltr'><strong>Aureliano</strong></span> 
     </span>
    </p>
   </div>
   <div class='ocr_carea' id='block_1_39' title="bbox 731 2255 2289 2322">
    <p class='ocr_par' dir='ltr' id='par_1_39' title="bbox 731 2255 2289 2322">
     <span class='ocr_line' id='line_1_39' title="bbox 731 2255 2289 2322; baseline -0.001 -12"><span class='ocrx_word' id='word_1_237' title='bbox 731 2259 788 2310; x_wconf 86' lang='lat' dir='ltr'><strong>in</strong></span> <span class='ocrx_word' id='word_1_238' title='bbox 815 2269 949 2321; x_wconf 89' lang='lat' dir='ltr'><strong>tum,</strong></span> <span class='ocrx_word' id='word_1_239' title='bbox 973 2258 1103 2310; x_wconf 88' lang='lat' dir='ltr'><strong>dum</strong></span> <span class='ocrx_word' id='word_1_240' title='bbox 1145 2256 1506 2309; x_wconf 80' lang='lat' dir='ltr'><strong>Mediolanum</strong></span> <span class='ocrx_word' id='word_1_241' title='bbox 1537 2265 1844 2322; x_wconf 83' lang='lat' dir='ltr'><strong>caperetur,</strong></span> <span class='ocrx_word' id='word_1_242' title='bbox 1871 2255 2095 2308; x_wconf 79' lang='lat' dir='ltr'><strong>dilIerre</strong></span> <span class='ocrx_word' id='word_1_243' title='bbox 2121 2255 2289 2308; x_wconf 88' lang='lat' dir='ltr'><strong>habe-</strong></span> 
     </span>
    </p>
   </div>
   <div class='ocr_carea' id='block_1_40' title="bbox 732 2345 2281 2410">
    <p class='ocr_par' dir='ltr' id='par_1_40' title="bbox 732 2345 2281 2410">
     <span class='ocr_line' id='line_1_40' title="bbox 732 2345 2281 2410; baseline -0.004 -6"><span class='ocrx_word' id='word_1_244' title='bbox 732 2349 854 2404; x_wconf 82' lang='lat' dir='ltr'><strong>bant</strong></span> <span class='ocrx_word' id='word_1_245' title='bbox 879 2351 946 2402; x_wconf 53' lang='lat' dir='ltr'><strong>riu</strong></span> <span class='ocrx_word' id='word_1_246' title='bbox 992 2348 1188 2400; x_wconf 86' lang='lat' dir='ltr'><strong>animo.</strong></span> <span class='ocrx_word' id='word_1_247' title='bbox 1237 2346 1341 2400; x_wconf 88' lang='lat' dir='ltr'><strong>Sed</strong></span> <span class='ocrx_word' id='word_1_248' title='bbox 1378 2361 1500 2399; x_wconf 90' lang='lat' dir='ltr'><strong>cum</strong></span> <span class='ocrx_word' id='word_1_249' title='bbox 1536 2345 1586 2398; x_wconf 88' lang='lat' dir='ltr'><strong>id</strong></span> <span class='ocrx_word' id='word_1_250' title='bbox 1621 2361 1742 2399; x_wconf 88' lang='lat' dir='ltr'><strong>esse</strong></span> <span class='ocrx_word' id='word_1_251' title='bbox 1781 2347 2061 2410; x_wconf 87' lang='lat' dir='ltr'><strong>proditum</strong></span> <span class='ocrx_word' id='word_1_252' title='bbox 2106 2346 2281 2398; x_wconf 82' lang='lat' dir='ltr'><strong>intel-</strong></span> 
     </span>
    </p>
   </div>
   <div class='ocr_carea' id='block_1_41' title="bbox 729 2435 2284 2500">
    <p class='ocr_par' dir='ltr' id='par_1_41' title="bbox 729 2435 2284 2500">
     <span class='ocr_line' id='line_1_41' title="bbox 729 2435 2284 2500; baseline -0.001 -9"><span class='ocrx_word' id='word_1_253' title='bbox 729 2441 1009 2499; x_wconf 61' lang='lat' dir='ltr'><strong>lex-ssent.</strong></span> <span class='ocrx_word' id='word_1_254' title='bbox 1047 2437 1329 2492; x_wconf 81' lang='lat' dir='ltr'><strong>maturatis</strong></span> <span class='ocrx_word' id='word_1_255' title='bbox 1372 2436 1604 2500; x_wconf 60' lang='lat' dir='ltr'><strong>insidiis,</strong></span> <span class='ocrx_word' id='word_1_256' title='bbox 1643 2435 1875 2490; x_wconf 85' lang='lat' dir='ltr'><strong>Galieno</strong></span> <span class='ocrx_word' id='word_1_257' title='bbox 1913 2438 2152 2490; x_wconf 90' lang='lat' dir='ltr'><strong>hostium</strong></span> <span class='ocrx_word' id='word_1_258' title='bbox 2185 2437 2284 2489; x_wconf 90' lang='lat' dir='ltr'><strong>ad-</strong></span> 
     </span>
    </p>
   </div>
   <div class='ocr_carea' id='block_1_42' title="bbox 730 2528 2282 2597">
    <p class='ocr_par' dir='ltr' id='par_1_42' title="bbox 730 2528 2282 2597">
     <span class='ocr_line' id='line_1_42' title="bbox 730 2528 2282 2597; baseline -0.003 -13"><span class='ocrx_word' id='word_1_259' title='bbox 730 2543 950 2586; x_wconf 80' lang='lat' dir='ltr'><strong>ventum</strong></span> <span class='ocrx_word' id='word_1_260' title='bbox 982 2528 1256 2589; x_wconf 83' lang='lat' dir='ltr'><strong>nuntiant,</strong></span> <span class='ocrx_word' id='word_1_261' title='bbox 1275 2539 1462 2582; x_wconf 89' lang='lat' dir='ltr'><strong>contra</strong></span> <span class='ocrx_word' id='word_1_262' title='bbox 1487 2544 1622 2596; x_wconf 84' lang='lat' dir='ltr'><strong>quos</strong></span> <span class='ocrx_word' id='word_1_263' title='bbox 1648 2529 1723 2581; x_wconf 89' lang='lat' dir='ltr'><strong>illi</strong></span> <span class='ocrx_word' id='word_1_264' title='bbox 1750 2530 1932 2581; x_wconf 86' lang='lat' dir='ltr'><strong>statim</strong></span> <span class='ocrx_word' id='word_1_265' title='bbox 1956 2533 2055 2582; x_wconf 78' lang='lat' dir='ltr'><strong>sub</strong></span> <span class='ocrx_word' id='word_1_266' title='bbox 2073 2529 2282 2597; x_wconf 88' lang='lat' dir='ltr'><strong>prandii</strong></span> 
     </span>
    </p>
   </div>
   <div class='ocr_carea' id='block_1_43' title="bbox 731 2617 2286 2688">
    <p class='ocr_par' dir='ltr' id='par_1_43' title="bbox 731 2617 2286 2688">
     <span class='ocr_line' id='line_1_43' title="bbox 731 2617 2286 2688; baseline -0.003 -13"><span class='ocrx_word' id='word_1_267' title='bbox 731 2632 945 2688; x_wconf 87' lang='lat' dir='ltr'><strong>tempus</strong></span> <span class='ocrx_word' id='word_1_268' title='bbox 979 2618 1163 2687; x_wconf 86' lang='lat' dir='ltr'><strong>paucis</strong></span> <span class='ocrx_word' id='word_1_269' title='bbox 1204 2618 1592 2670; x_wconf 88' lang='lat' dir='ltr'><strong>comitantibus</strong></span> <span class='ocrx_word' id='word_1_270' title='bbox 1639 2617 1962 2685; x_wconf 69' lang='lat' dir='ltr'><strong>egredienti,</strong></span> <span class='ocrx_word' id='word_1_271' title='bbox 1991 2617 2286 2672; x_wconf 68' lang='lat' dir='ltr'><strong>occurrunt</strong></span> 
     </span>
    </p>
   </div>
   <div class='ocr_carea' id='block_1_44' title="bbox 732 2707 2286 2778">
    <p class='ocr_par' dir='ltr' id='par_1_44' title="bbox 732 2707 2286 2778">
     <span class='ocr_line' id='line_1_44' title="bbox 732 2707 2286 2778; baseline -0.001 -15"><span class='ocrx_word' id='word_1_272' title='bbox 732 2712 964 2778; x_wconf 85' lang='lat' dir='ltr'><strong>equites.</strong></span> <span class='ocrx_word' id='word_1_273' title='bbox 999 2708 1099 2773; x_wconf 86' lang='lat' dir='ltr'><strong>Qui</strong></span> <span class='ocrx_word' id='word_1_274' title='bbox 1130 2724 1251 2761; x_wconf 92' lang='lat' dir='ltr'><strong>cum</strong></span> <span class='ocrx_word' id='word_1_275' title='bbox 1285 2725 1391 2760; x_wconf 83' lang='lat' dir='ltr'><strong>nou</strong></span> <span class='ocrx_word' id='word_1_276' title='bbox 1428 2707 1613 2775; x_wconf 77' lang='lat' dir='ltr'><strong>proettl</strong></span> <span class='ocrx_word' id='word_1_277' title='bbox 1647 2708 1716 2760; x_wconf 87' lang='lat' dir='ltr'><strong>ab</strong></span> <span class='ocrx_word' id='word_1_278' title='bbox 1746 2723 1809 2760; x_wconf 90' lang='lat' dir='ltr'><strong>eo</strong></span> <span class='ocrx_word' id='word_1_279' title='bbox 1850 2707 2151 2771; x_wconf 82' lang='lat' dir='ltr'><strong>distantes,</strong></span> <span class='ocrx_word' id='word_1_280' title='bbox 2186 2724 2286 2762; x_wconf 87' lang='lat' dir='ltr'><strong>nec</strong></span> 
     </span>
    </p>
   </div>
   <div class='ocr_carea' id='block_1_45' title="bbox 733 2799 2284 2868">
    <p class='ocr_par' dir='ltr' id='par_1_45' title="bbox 733 2799 2284 2868">
     <span class='ocr_line' id='line_1_45' title="bbox 733 2799 2284 2868; baseline -0.003 -13"><span class='ocrx_word' id='word_1_281' title='bbox 733 2818 800 2855; x_wconf 81' lang='lat' dir='ltr'><strong>ex</strong></span> <span class='ocrx_word' id='word_1_282' title='bbox 835 2801 990 2868; x_wconf 86' lang='lat' dir='ltr'><strong>equis</strong></span> <span class='ocrx_word' id='word_1_283' title='bbox 1021 2799 1436 2860; x_wconf 82' lang='lat' dir='ltr'><strong>descenderent,</strong></span> <span class='ocrx_word' id='word_1_284' title='bbox 1480 2813 1581 2851; x_wconf 86' lang='lat' dir='ltr'><strong>nec</strong></span> <span class='ocrx_word' id='word_1_285' title='bbox 1614 2799 1783 2849; x_wconf 90' lang='lat' dir='ltr'><strong>ullum</strong></span> <span class='ocrx_word' id='word_1_286' title='bbox 1819 2799 1985 2850; x_wconf 78' lang='lat' dir='ltr'><strong>alium</strong></span> <span class='ocrx_word' id='word_1_287' title='bbox 2022 2799 2284 2851; x_wconf 84' lang='lat' dir='ltr'><strong>honorem</strong></span> 
     </span>
    </p>
   </div>
   <div class='ocr_carea' id='block_1_46' title="bbox 737 2889 2284 2961">
    <p class='ocr_par' dir='ltr' id='par_1_46' title="bbox 737 2889 2284 2961">
     <span class='ocr_line' id='line_1_46' title="bbox 737 2889 2284 2961; baseline -0.001 -17"><span class='ocrx_word' id='word_1_288' title='bbox 737 2892 1048 2961; x_wconf 86' lang='lat' dir='ltr'><strong>imperatori</strong></span> <span class='ocrx_word' id='word_1_289' title='bbox 1077 2889 1626 2947; x_wconf 71' lang='lat' dir='ltr'><strong>debituuLhabereut</strong></span> <span class='ocrx_word' id='word_1_290' title='bbox 1651 2908 1662 2940; x_wconf 89' lang='lat'><strong>:</strong></span> <span class='ocrx_word' id='word_1_291' title='bbox 1698 2890 1928 2942; x_wconf 80' lang='lat' dir='ltr'><strong>comites</strong></span> <span class='ocrx_word' id='word_1_292' title='bbox 1956 2904 2086 2942; x_wconf 79' lang='lat' dir='ltr'><strong>suos</strong></span> <span class='ocrx_word' id='word_1_293' title='bbox 2110 2899 2284 2959; x_wconf 90' lang='lat' dir='ltr'><strong>rogat,</strong></span> 
     </span>
    </p>
   </div>
   <div class='ocr_carea' id='block_1_47' title="bbox 736 2979 2287 3048">
    <p class='ocr_par' dir='ltr' id='par_1_47' title="bbox 736 2979 2287 3048">
     <span class='ocr_line' id='line_1_47' title="bbox 736 2979 2287 3048; baseline 0 -14"><span class='ocrx_word' id='word_1_294' title='bbox 736 2982 865 3048; x_wconf 86' lang='lat' dir='ltr'><strong>quid</strong></span> <span class='ocrx_word' id='word_1_295' title='bbox 899 2983 972 3033; x_wconf 91' lang='lat' dir='ltr'><strong>illi</strong></span> <span class='ocrx_word' id='word_1_296' title='bbox 1006 2982 1108 3035; x_wconf 89' lang='lat' dir='ltr'><strong>sibi</strong></span> <span class='ocrx_word' id='word_1_297' title='bbox 1157 2980 1392 3033; x_wconf 68' lang='lat' dir='ltr'><strong>vellent?</strong></span> <span class='ocrx_word' id='word_1_298' title='bbox 1427 2979 1520 3047; x_wconf 86' lang='lat' dir='ltr'><strong>qui</strong></span> <span class='ocrx_word' id='word_1_299' title='bbox 1559 2995 1680 3031; x_wconf 85' lang='lat' dir='ltr'><strong>cum</strong></span> <span class='ocrx_word' id='word_1_300' title='bbox 1722 2982 2148 3048; x_wconf 61' lang='lat' dir='ltr'><strong>respondissent,</strong></span> <span class='ocrx_word' id='word_1_301' title='bbox 2191 2996 2287 3034; x_wconf 88' lang='lat' dir='ltr'><strong>eos</strong></span> 
     </span>
    </p>
   </div>
   <div class='ocr_carea' id='block_1_48' title="bbox 739 3071 2287 3138">
    <p class='ocr_par' dir='ltr' id='par_1_48' title="bbox 739 3071 2287 3138">
     <span class='ocr_line' id='line_1_48' title="bbox 739 3071 2287 3138; baseline 0.001 -14"><span class='ocrx_word' id='word_1_302' title='bbox 739 3073 1026 3138; x_wconf 88' lang='lat' dir='ltr'><strong>imperium</strong></span> <span class='ocrx_word' id='word_1_303' title='bbox 1061 3071 1134 3126; x_wconf 83' lang='lat' dir='ltr'><strong>illi</strong></span> <span class='ocrx_word' id='word_1_304' title='bbox 1165 3072 1557 3138; x_wconf 77' lang='lat' dir='ltr'><strong>abrogaturos:</strong></span> <span class='ocrx_word' id='word_1_305' title='bbox 1599 3071 1793 3131; x_wconf 81' lang='lat' dir='ltr'><strong>statim</strong></span> <span class='ocrx_word' id='word_1_306' title='bbox 1829 3072 2021 3125; x_wconf 76' lang='lat' dir='ltr'><strong>laxatis</strong></span> <span class='ocrx_word' id='word_1_307' title='bbox 2059 3072 2287 3125; x_wconf 85' lang='lat' dir='ltr'><strong>habenis</strong></span> 
     </span>
    </p>
   </div>
   <div class='ocr_carea' id='block_1_49' title="bbox 739 3159 2286 3228">
    <p class='ocr_par' dir='ltr' id='par_1_49' title="bbox 739 3159 2286 3228">
     <span class='ocr_line' id='line_1_49' title="bbox 739 3159 2286 3228; baseline 0.001 -15"><span class='ocrx_word' id='word_1_308' title='bbox 739 3160 794 3213; x_wconf 92' lang='lat' dir='ltr'><strong>iu</strong></span> <span class='ocrx_word' id='word_1_309' title='bbox 837 3160 1012 3228; x_wconf 75' lang='lat' dir='ltr'><strong>fugam</strong></span> <span class='ocrx_word' id='word_1_310' title='bbox 1068 3175 1384 3222; x_wconf 77' lang='lat' dir='ltr'><strong>conversus,</strong></span> <span class='ocrx_word' id='word_1_311' title='bbox 1439 3159 1786 3212; x_wconf 88' lang='lat' dir='ltr'><strong>insidiatores</strong></span> <span class='ocrx_word' id='word_1_312' title='bbox 1835 3161 1958 3228; x_wconf 89' lang='lat' dir='ltr'><strong>equi</strong></span> <span class='ocrx_word' id='word_1_313' title='bbox 2010 3162 2286 3214; x_wconf 88' lang='lat' dir='ltr'><strong>celeritate</strong></span> 
     </span>
    </p>
   </div>
   <div class='ocr_carea' id='block_1_50' title="bbox 739 3250 2285 3322">
    <p class='ocr_par' dir='ltr' id='par_1_50' title="bbox 739 3250 2285 3322">
     <span class='ocr_line' id='line_1_50' title="bbox 739 3250 2285 3322; baseline 0.001 -17"><span class='ocrx_word' id='word_1_314' title='bbox 739 3251 1038 3322; x_wconf 80' lang='lat' dir='ltr'><strong>ell&#39;ugissct,</strong></span> <span class='ocrx_word' id='word_1_315' title='bbox 1097 3253 1197 3305; x_wconf 86' lang='lat' dir='ltr'><strong>nisi</strong></span> <span class='ocrx_word' id='word_1_316' title='bbox 1252 3253 1296 3305; x_wconf 86' lang='lat' dir='ltr'><strong>is</strong></span> <span class='ocrx_word' id='word_1_317' title='bbox 1341 3251 1407 3305; x_wconf 92' lang='lat' dir='ltr'><strong>ad</strong></span> <span class='ocrx_word' id='word_1_318' title='bbox 1456 3250 1650 3303; x_wconf 78' lang='lat' dir='ltr'><strong>fossam</strong></span> <span class='ocrx_word' id='word_1_319' title='bbox 1711 3252 1998 3320; x_wconf 84' lang='lat' dir='ltr'><strong>quamdam</strong></span> <span class='ocrx_word' id='word_1_320' title='bbox 2060 3255 2285 3308; x_wconf 91' lang='lat' dir='ltr'><strong>territus</strong></span> 
     </span>
    </p>
   </div>
   <div class='ocr_carea' id='block_1_51' title="bbox 739 3344 2284 3412">
    <p class='ocr_par' dir='ltr' id='par_1_51' title="bbox 739 3344 2284 3412">
     <span class='ocr_line' id='line_1_51' title="bbox 739 3344 2284 3412; baseline 0.001 -15"><span class='ocrx_word' id='word_1_321' title='bbox 739 3344 1088 3407; x_wconf 85' lang='lat' dir='ltr'><strong>substitisset,</strong></span> <span class='ocrx_word' id='word_1_322' title='bbox 1145 3345 1234 3396; x_wconf 87' lang='lat' dir='ltr'><strong>ubi</strong></span> <span class='ocrx_word' id='word_1_323' title='bbox 1291 3344 1749 3412; x_wconf 84' lang='lat' dir='ltr'><strong>persequentibus</strong></span> <span class='ocrx_word' id='word_1_324' title='bbox 1787 3359 1910 3395; x_wconf 90' lang='lat' dir='ltr'><strong>eum</strong></span> <span class='ocrx_word' id='word_1_325' title='bbox 1981 3345 2284 3406; x_wconf 87' lang='lat' dir='ltr'><strong>assecutis,</strong></span> 
     </span>
    </p>
   </div>
   <div class='ocr_carea' id='block_1_52' title="bbox 738 3433 2287 3502">
    <p class='ocr_par' dir='ltr' id='par_1_52' title="bbox 738 3433 2287 3502">
     <span class='ocr_line' id='line_1_52' title="bbox 738 3433 2287 3502; baseline -0.001 -12"><span class='ocrx_word' id='word_1_326' title='bbox 738 3450 768 3490; x_wconf 66' lang='grc' dir='ltr'><strong>ε</strong></span> <span class='ocrx_word' id='word_1_327' title='bbox 800 3434 1032 3502; x_wconf 88' lang='lat' dir='ltr'><strong>quodam</strong></span> <span class='ocrx_word' id='word_1_328' title='bbox 1083 3434 1233 3485; x_wconf 81' lang='lat' dir='ltr'><strong>hasta</strong></span> <span class='ocrx_word' id='word_1_329' title='bbox 1275 3433 1434 3493; x_wconf 90' lang='lat' dir='ltr'><strong>ictus,</strong></span> <span class='ocrx_word' id='word_1_330' title='bbox 1472 3434 1677 3486; x_wconf 91' lang='lat' dir='ltr'><strong>decidit</strong></span> <span class='ocrx_word' id='word_1_331' title='bbox 1727 3449 1910 3500; x_wconf 86' lang='lat' dir='ltr'><strong>equo:</strong></span> <span class='ocrx_word' id='word_1_332' title='bbox 1964 3451 2062 3486; x_wconf 85' lang='lat' dir='ltr'><strong>nec</strong></span> <span class='ocrx_word' id='word_1_333' title='bbox 2115 3437 2287 3489; x_wconf 90' lang='lat' dir='ltr'><strong>multo</strong></span> 
     </span>
    </p>
   </div>
   <div class='ocr_carea' id='block_1_53' title="bbox 739 3519 2288 3594">
    <p class='ocr_par' dir='ltr' id='par_1_53' title="bbox 739 3519 2288 3594">
     <span class='ocr_line' id='line_1_53' title="bbox 739 3519 2288 3594; baseline -0.002 -18"><span class='ocrx_word' id='word_1_334' title='bbox 739 3531 864 3594; x_wconf 83' lang='lat' dir='ltr'><strong>post</strong></span> <span class='ocrx_word' id='word_1_335' title='bbox 916 3538 983 3575; x_wconf 79' lang='lat' dir='ltr'><strong>ex</strong></span> <span class='ocrx_word' id='word_1_336' title='bbox 1031 3521 1312 3588; x_wconf 79' lang='lat' dir='ltr'><strong>sanguinis</strong></span> <span class='ocrx_word' id='word_1_337' title='bbox 1370 3519 1635 3587; x_wconf 84' lang='lat' dir='ltr'><strong>proﬂuvio</strong></span> <span class='ocrx_word' id='word_1_338' title='bbox 1692 3519 1946 3573; x_wconf 83' lang='lat' dir='ltr'><strong>decessit.</strong></span> <span class='ocrx_word' id='word_1_339' title='bbox 2000 3520 2288 3587; x_wconf 83' lang='lat' dir='ltr'><strong>Imperavit</strong></span> 
     </span>
    </p>
   </div>
   <div class='ocr_carea' id='block_1_54' title="bbox 740 3606 2289 3676">
    <p class='ocr_par' dir='ltr' id='par_1_54' title="bbox 740 3606 2289 3676">
     <span class='ocr_line' id='line_1_54' title="bbox 740 3606 2289 3676; baseline -0.004 -8"><span class='ocrx_word' id='word_1_340' title='bbox 740 3614 910 3673; x_wconf 87' lang='lat' dir='ltr'><strong>solus,</strong></span> <span class='ocrx_word' id='word_1_341' title='bbox 961 3621 1016 3664; x_wconf 92' lang='lat' dir='ltr'><strong>et</strong></span> <span class='ocrx_word' id='word_1_342' title='bbox 1082 3627 1202 3662; x_wconf 78' lang='lat' dir='ltr'><strong>rum</strong></span> <span class='ocrx_word' id='word_1_343' title='bbox 1261 3606 1661 3676; x_wconf 58' lang='lat' dir='ltr'><strong>patre,&#39;annos</strong></span> <span class='ocrx_word' id='word_1_344' title='bbox 1711 3609 2042 3676; x_wconf 82' lang='lat' dir='ltr'><strong>quindecim.</strong></span> <span class='ocrx_word' id='word_1_345' title='bbox 2092 3609 2289 3663; x_wconf 80' lang='lat' dir='ltr'><strong>Animo</strong></span> 
     </span>
    </p>
   </div>
   <div class='ocr_carea' id='block_1_55' title="bbox 738 3692 2287 3770">
    <p class='ocr_par' dir='ltr' id='par_1_55' title="bbox 738 3692 2287 3770">
     <span class='ocr_line' id='line_1_55' title="bbox 738 3692 2287 3770; baseline -0.004 -11"><span class='ocrx_word' id='word_1_346' title='bbox 738 3705 950 3759; x_wconf 90' lang='lat' dir='ltr'><strong>liberali</strong></span> <span class='ocrx_word' id='word_1_347' title='bbox 1010 3703 1132 3761; x_wconf 78' lang='lat' dir='ltr'><strong>fuit.</strong></span> <span class='ocrx_word' id='word_1_348' title='bbox 1182 3715 1345 3770; x_wconf 89' lang='lat' dir='ltr'><strong>atque</strong></span> <span class='ocrx_word' id='word_1_349' title='bbox 1400 3700 1658 3754; x_wconf 83' lang='lat' dir='ltr'><strong>omnibus</strong></span> <span class='ocrx_word' id='word_1_350' title='bbox 1712 3692 2008 3769; x_wconf 81' lang='lat' dir='ltr'><strong>gratiﬁcari</strong></span> <span class='ocrx_word' id='word_1_351' title='bbox 2057 3700 2287 3763; x_wconf 87' lang='lat' dir='ltr'><strong>studuit,</strong></span> 
     </span>
    </p>
   </div>
   <div class='ocr_carea' id='block_1_56' title="bbox 741 3791 2290 3861">
    <p class='ocr_par' dir='ltr' id='par_1_56' title="bbox 741 3791 2290 3861">
     <span class='ocr_line' id='line_1_56' title="bbox 741 3791 2290 3861; baseline -0.002 -14"><span class='ocrx_word' id='word_1_352' title='bbox 741 3810 917 3861; x_wconf 87' lang='lat' dir='ltr'><strong>neque</strong></span> <span class='ocrx_word' id='word_1_353' title='bbox 971 3808 1294 3861; x_wconf 85' lang='lat' dir='ltr'><strong>quemquam</strong></span> <span class='ocrx_word' id='word_1_354' title='bbox 1331 3791 1442 3844; x_wconf 87' lang='lat' dir='ltr'><strong>voti</strong></span> <span class='ocrx_word' id='word_1_355' title='bbox 1491 3791 1748 3858; x_wconf 87' lang='lat' dir='ltr'><strong>impotem</strong></span> <span class='ocrx_word' id='word_1_356' title='bbox 1784 3791 2031 3843; x_wconf 87' lang='lat' dir='ltr'><strong>dimisit:</strong></span> <span class='ocrx_word' id='word_1_357' title='bbox 2077 3807 2144 3844; x_wconf 84' lang='lat' dir='ltr'><strong>ne</strong></span> <span class='ocrx_word' id='word_1_358' title='bbox 2193 3792 2290 3844; x_wconf 83' lang='lat' dir='ltr'><strong>ad-</strong></span> 
     </span>
    </p>
   </div>
   <div class='ocr_carea' id='block_1_57' title="bbox 743 3880 2291 3950">
    <p class='ocr_par' dir='ltr' id='par_1_57' title="bbox 743 3880 2291 3950">
     <span class='ocr_line' id='line_1_57' title="bbox 743 3880 2291 3950; baseline -0.001 -14"><span class='ocrx_word' id='word_1_359' title='bbox 743 3885 998 3936; x_wconf 78' lang='lat' dir='ltr'><strong>versariis</strong></span> <span class='ocrx_word' id='word_1_360' title='bbox 1026 3883 1240 3950; x_wconf 86' lang='lat' dir='ltr'><strong>quidem</strong></span> <span class='ocrx_word' id='word_1_361' title='bbox 1271 3881 1404 3943; x_wconf 85' lang='lat' dir='ltr'><strong>suis,</strong></span> <span class='ocrx_word' id='word_1_362' title='bbox 1454 3889 1547 3933; x_wconf 84' lang='lat' dir='ltr'><strong>aut</strong></span> <span class='ocrx_word' id='word_1_363' title='bbox 1578 3881 1643 3933; x_wconf 69' lang='lat' dir='ltr'><strong>ﬁs</strong></span> <span class='ocrx_word' id='word_1_364' title='bbox 1687 3880 1778 3948; x_wconf 90' lang='lat' dir='ltr'><strong>qui</strong></span> <span class='ocrx_word' id='word_1_365' title='bbox 1821 3891 2077 3948; x_wconf 83' lang='lat' dir='ltr'><strong>tyrannos</strong></span> <span class='ocrx_word' id='word_1_366' title='bbox 2117 3881 2291 3935; x_wconf 84' lang='lat' dir='ltr'><strong>secuti</strong></span> 
     </span>
    </p>
   </div>
   <div class='ocr_carea' id='block_1_58' title="bbox 745 3969 2293 4038">
    <p class='ocr_par' dir='ltr' id='par_1_58' title="bbox 745 3969 2293 4038">
     <span class='ocr_line' id='line_1_58' title="bbox 745 3969 2293 4038; baseline -0.002 -11"><span class='ocrx_word' id='word_1_367' title='bbox 745 3974 981 4034; x_wconf 78' lang='lat' dir='ltr'><strong>fuerant,</strong></span> <span class='ocrx_word' id='word_1_368' title='bbox 1033 3974 1296 4038; x_wconf 87' lang='lat' dir='ltr'><strong>supplicio</strong></span> <span class='ocrx_word' id='word_1_369' title='bbox 1339 3972 1563 4023; x_wconf 75' lang='lat' dir='ltr'><strong>allectis.</strong></span> <span class='ocrx_word' id='word_1_370' title='bbox 1594 3971 1684 4037; x_wconf 62' lang='lat' dir='ltr'><strong>{Ac</strong></span> <span class='ocrx_word' id='word_1_371' title='bbox 1711 3970 1799 4021; x_wconf 90' lang='lat' dir='ltr'><strong>alii</strong></span> <span class='ocrx_word' id='word_1_372' title='bbox 1831 3969 1910 4022; x_wconf 90' lang='lat' dir='ltr'><strong>sic</strong></span> <span class='ocrx_word' id='word_1_373' title='bbox 1946 3970 2168 4037; x_wconf 84' lang='lat' dir='ltr'><strong>periisse</strong></span> <span class='ocrx_word' id='word_1_374' title='bbox 2189 3969 2293 4024; x_wconf 84' lang='lat' dir='ltr'><strong>Ga-</strong></span> 
     </span>
    </p>
   </div>
   <div class='ocr_carea' id='block_1_59' title="bbox 747 4059 2293 4126">
    <p class='ocr_par' dir='ltr' id='par_1_59' title="bbox 747 4059 2293 4126">
     <span class='ocr_line' id='line_1_59' title="bbox 747 4059 2293 4126; baseline -0.001 -9"><span class='ocrx_word' id='word_1_375' title='bbox 747 4063 970 4123; x_wconf 89' lang='lat' dir='ltr'><strong>lienum,</strong></span> <span class='ocrx_word' id='word_1_376' title='bbox 1018 4061 1107 4112; x_wconf 91' lang='lat' dir='ltr'><strong>alii</strong></span> <span class='ocrx_word' id='word_1_377' title='bbox 1154 4061 1221 4112; x_wconf 85' lang='lat' dir='ltr'><strong>ab</strong></span> <span class='ocrx_word' id='word_1_378' title='bbox 1265 4059 1582 4113; x_wconf 83' lang='lat' dir='ltr'><strong>lleracliauo</strong></span> <span class='ocrx_word' id='word_1_379' title='bbox 1631 4061 1884 4126; x_wconf 71' lang='lat' dir='ltr'><strong>praefecto</strong></span> <span class='ocrx_word' id='word_1_380' title='bbox 1926 4077 2121 4113; x_wconf 68' lang='lat' dir='ltr'><strong>caesum</strong></span> <span class='ocrx_word' id='word_1_381' title='bbox 2173 4077 2293 4115; x_wconf 89' lang='lat' dir='ltr'><strong>esse</strong></span> 
     </span>
    </p>
   </div>
   <div class='ocr_carea' id='block_1_60' title="bbox 749 4148 2292 4218">
    <p class='ocr_par' dir='ltr' id='par_1_60' title="bbox 749 4148 2292 4218">
     <span class='ocr_line' id='line_1_60' title="bbox 749 4148 2292 4218; baseline 0 -14"><span class='ocrx_word' id='word_1_382' title='bbox 749 4153 968 4204; x_wconf 76' lang='lat' dir='ltr'><strong>tradunt</strong></span> <span class='ocrx_word' id='word_1_383' title='bbox 1026 4149 1156 4202; x_wconf 73' lang='lat' dir='ltr'><strong>Nam</strong></span> <span class='ocrx_word' id='word_1_384' title='bbox 1210 4163 1330 4200; x_wconf 90' lang='lat' dir='ltr'><strong>cum</strong></span> <span class='ocrx_word' id='word_1_385' title='bbox 1371 4149 1660 4211; x_wconf 84' lang='lat' dir='ltr'><strong>Aureolus,</strong></span> <span class='ocrx_word' id='word_1_386' title='bbox 1703 4150 1796 4216; x_wconf 89' lang='lat' dir='ltr'><strong>qui</strong></span> <span class='ocrx_word' id='word_1_387' title='bbox 1846 4148 2068 4202; x_wconf 85' lang='lat' dir='ltr'><strong>Gallicis</strong></span> <span class='ocrx_word' id='word_1_388' title='bbox 2108 4151 2292 4218; x_wconf 75' lang='lat' dir='ltr'><strong>legio-</strong></span> 
     </span>
    </p>
   </div>
   <div class='ocr_carea' id='block_1_61' title="bbox 749 4231 2292 4307">
    <p class='ocr_par' dir='ltr' id='par_1_61' title="bbox 749 4231 2292 4307">
     <span class='ocr_line' id='line_1_61' title="bbox 749 4231 2292 4307; baseline 0.001 -14"><span class='ocrx_word' id='word_1_389' title='bbox 749 4231 912 4293; x_wconf 77' lang='lat' dir='ltr'><strong>nibus</strong></span> <span class='ocrx_word' id='word_1_390' title='bbox 966 4248 1230 4307; x_wconf 72' lang='lat' dir='ltr'><strong>pra-crat,</strong></span> <span class='ocrx_word' id='word_1_391' title='bbox 1278 4248 1420 4290; x_wconf 84' lang='lat' dir='ltr'><strong>mota</strong></span> <span class='ocrx_word' id='word_1_392' title='bbox 1469 4239 1733 4292; x_wconf 87' lang='lat' dir='ltr'><strong>seditione</strong></span> <span class='ocrx_word' id='word_1_393' title='bbox 1774 4255 1896 4292; x_wconf 89' lang='lat' dir='ltr'><strong>cum</strong></span> <span class='ocrx_word' id='word_1_394' title='bbox 1948 4243 2186 4293; x_wconf 82' lang='lat' dir='ltr'><strong>exercitu</strong></span> <span class='ocrx_word' id='word_1_395' title='bbox 2241 4243 2292 4295; x_wconf 88' lang='lat' dir='ltr'><strong>in</strong></span> 
     </span>
    </p>
   </div>
   <div class='ocr_carea' id='block_1_62' title="bbox 755 4323 2294 4392">
    <p class='ocr_par' dir='ltr' id='par_1_62' title="bbox 755 4323 2294 4392">
     <span class='ocr_line' id='line_1_62' title="bbox 755 4323 2294 4392; baseline 0.001 -10"><span class='ocrx_word' id='word_1_396' title='bbox 755 4323 955 4382; x_wconf 79' lang='lat' dir='ltr'><strong>Italiam</strong></span> <span class='ocrx_word' id='word_1_397' title='bbox 1006 4328 1404 4392; x_wconf 86' lang='lat' dir='ltr'><strong>contenderet,</strong></span> <span class='ocrx_word' id='word_1_398' title='bbox 1452 4328 1736 4382; x_wconf 87' lang='lat' dir='ltr'><strong>Galienum</strong></span> <span class='ocrx_word' id='word_1_399' title='bbox 1791 4339 1978 4382; x_wconf 89' lang='lat' dir='ltr'><strong>contra</strong></span> <span class='ocrx_word' id='word_1_400' title='bbox 2018 4345 2143 4382; x_wconf 87' lang='lat' dir='ltr'><strong>cum</strong></span> <span class='ocrx_word' id='word_1_401' title='bbox 2195 4333 2294 4384; x_wconf 89' lang='lat' dir='ltr'><strong>ab-</strong></span> 
     </span>
    </p>
   </div>
   <div class='ocr_carea' id='block_1_63' title="bbox 751 4420 2294 4488">
    <p class='ocr_par' dir='ltr' id='par_1_63' title="bbox 751 4420 2294 4488">
     <span class='ocr_line' id='line_1_63' title="bbox 751 4420 2294 4488; baseline 0.006 -17"><span class='ocrx_word' id='word_1_402' title='bbox 751 4429 990 4475; x_wconf 88' lang='lat' dir='ltr'><strong>euntem.</strong></span> <span class='ocrx_word' id='word_1_403' title='bbox 1044 4420 1170 4470; x_wconf 90' lang='lat' dir='ltr'><strong>dum</strong></span> <span class='ocrx_word' id='word_1_404' title='bbox 1235 4429 1398 4473; x_wconf 90' lang='lat' dir='ltr'><strong>noctu</strong></span> <span class='ocrx_word' id='word_1_405' title='bbox 1454 4423 1505 4473; x_wconf 90' lang='lat' dir='ltr'><strong>in</strong></span> <span class='ocrx_word' id='word_1_406' title='bbox 1561 4421 1913 4476; x_wconf 83' lang='lat' dir='ltr'><strong>tabernaculo</strong></span> <span class='ocrx_word' id='word_1_407' title='bbox 1962 4425 2184 4488; x_wconf 86' lang='lat' dir='ltr'><strong>dormit,</strong></span> <span class='ocrx_word' id='word_1_408' title='bbox 2227 4429 2294 4481; x_wconf 90' lang='lat' dir='ltr'><strong>ab</strong></span> 
     </span>
    </p>
   </div>
   <div class='ocr_carea' id='block_1_64' title="bbox 2392 1976 3914 2054">
    <p class='ocr_par' dir='ltr' id='par_1_64' title="bbox 2392 1976 3914 2054">
     <span class='ocr_line' id='line_1_64' title="bbox 2392 1976 3914 2054; baseline 0.009 -32"><span class='ocrx_word' id='word_1_409' title='bbox 2392 1976 2740 2037; x_wconf 82' lang='grc' dir='ltr'>στρατιωτῶν</span> <span class='ocrx_word' id='word_1_410' title='bbox 2774 1979 2878 2043; x_wconf 79' lang='grc' dir='ltr'>πρὸ</span> <span class='ocrx_word' id='word_1_411' title='bbox 2907 1980 3005 2047; x_wconf 79' lang='grc' dir='ltr'>τῆς</span> <span class='ocrx_word' id='word_1_412' title='bbox 3045 1983 3252 2051; x_wconf 79' lang='grc' dir='ltr'><strong>σκηνῆς</strong></span> <span class='ocrx_word' id='word_1_413' title='bbox 3274 1987 3600 2054; x_wconf 79' lang='grc' dir='ltr'>καθήμενος,</span> <span class='ocrx_word' id='word_1_414' title='bbox 3643 1992 3735 2039; x_wconf 79' lang='grc' dir='ltr'>καὶ</span> <span class='ocrx_word' id='word_1_415' title='bbox 3769 2005 3821 2037; x_wconf 64' lang='grc' dir='ltr'><strong>τ’,</strong></span> <span class='ocrx_word' id='word_1_416' title='bbox 3856 1993 3914 2036; x_wconf 76' lang='lat' dir='ltr'><strong>oi-</strong></span> 
     </span>
    </p>
   </div>
   <div class='ocr_carea' id='block_1_65' title="bbox 2385 2064 3914 2147">
    <p class='ocr_par' dir='ltr' id='par_1_65' title="bbox 2385 2064 3914 2147">
     <span class='ocr_line' id='line_1_65' title="bbox 2385 2064 3914 2147; baseline 0.013 -36"><span class='ocrx_word' id='word_1_417' title='bbox 2385 2065 2528 2113; x_wconf 84' lang='grc' dir='ltr'><strong>κείον</strong></span> <span class='ocrx_word' id='word_1_418' title='bbox 2589 2064 2838 2133; x_wconf 76' lang='grc' dir='ltr'><strong>ὑπόδημα</strong></span> <span class='ocrx_word' id='word_1_419' title='bbox 2895 2069 2987 2121; x_wconf 85' lang='grc' dir='ltr'>τοῦ</span> <span class='ocrx_word' id='word_1_420' title='bbox 3059 2073 3218 2135; x_wconf 77' lang='grc' dir='ltr'>ποδὸς</span> <span class='ocrx_word' id='word_1_421' title='bbox 3269 2075 3513 2127; x_wconf 75' lang='grc' dir='ltr'>ἐκϐαλὼν</span> <span class='ocrx_word' id='word_1_422' title='bbox 3578 2079 3914 2147; x_wconf 70' lang='grc' dir='ltr'>συνέῥραπτεν</span> 
     </span>
    </p>
   </div>
   <div class='ocr_carea' id='block_1_66' title="bbox 2384 2151 3914 2236">
    <p class='ocr_par' dir='ltr' id='par_1_66' title="bbox 2384 2151 3914 2236">
     <span class='ocr_line' id='line_1_66' title="bbox 2384 2151 3914 2236; baseline 0.01 -33"><span class='ocrx_word' id='word_1_423' title='bbox 2384 2153 2534 2204; x_wconf 70' lang='grc' dir='ltr'>αύιό.</span> <span class='ocrx_word' id='word_1_424' title='bbox 2585 2154 2672 2216; x_wconf 83' lang='grc' dir='ltr'>Ὠς</span> <span class='ocrx_word' id='word_1_425' title='bbox 2720 2157 2814 2208; x_wconf 78' lang='grc' dir='ltr'>οὖν</span> <span class='ocrx_word' id='word_1_426' title='bbox 2864 2153 2970 2210; x_wconf 82' lang='grc' dir='ltr'>εἶδε</span> <span class='ocrx_word' id='word_1_427' title='bbox 3016 2163 3140 2222; x_wconf 84' lang='grc' dir='ltr'>τοὺς</span> <span class='ocrx_word' id='word_1_428' title='bbox 3172 2164 3458 2231; x_wconf 86' lang='grc' dir='ltr'>πολεμίους</span> <span class='ocrx_word' id='word_1_429' title='bbox 3516 2151 3914 2236; x_wconf 54' lang='grc' dir='ltr'>ἐπερχομένοῡέ</span> 
     </span>
    </p>
   </div>
   <div class='ocr_carea' id='block_1_67' title="bbox 2387 2244 3912 2327">
    <p class='ocr_par' dir='ltr' id='par_1_67' title="bbox 2387 2244 3912 2327">
     <span class='ocr_line' id='line_1_67' title="bbox 2387 2244 3912 2327; baseline 0.009 -33"><span class='ocrx_word' id='word_1_430' title='bbox 2387 2244 2638 2312; x_wconf 80' lang='grc' dir='ltr'>ἁρπάσας</span> <span class='ocrx_word' id='word_1_431' title='bbox 2667 2248 2867 2301; x_wconf 78' lang='grc' dir='ltr'>ἀσπίδα</span> <span class='ocrx_word' id='word_1_432' title='bbox 2891 2252 2982 2302; x_wconf 77' lang='grc' dir='ltr'>καὶ</span> <span class='ocrx_word' id='word_1_433' title='bbox 3013 2255 3354 2322; x_wconf 72' lang='grc' dir='ltr'>ἐγχειρίδιον,</span> <span class='ocrx_word' id='word_1_434' title='bbox 3374 2259 3694 2327; x_wconf 79' lang='grc' dir='ltr'><strong>περιθύμως</strong></span> <span class='ocrx_word' id='word_1_435' title='bbox 3717 2261 3912 2327; x_wconf 73' lang='grc' dir='ltr'>ὥρμησε</span> 
     </span>
    </p>
   </div>
   <div class='ocr_carea' id='block_1_68' title="bbox 2386 2337 3911 2418">
    <p class='ocr_par' dir='ltr' id='par_1_68' title="bbox 2386 2337 3911 2418">
     <span class='ocr_line' id='line_1_68' title="bbox 2386 2337 3911 2418; baseline 0.01 -34"><span class='ocrx_word' id='word_1_436' title='bbox 2386 2337 2505 2386; x_wconf 80' lang='grc' dir='ltr'>κατ’</span> <span class='ocrx_word' id='word_1_437' title='bbox 2535 2337 2740 2402; x_wconf 84' lang='grc' dir='ltr'>αὐτῶν,</span> <span class='ocrx_word' id='word_1_438' title='bbox 2783 2343 2877 2390; x_wconf 70' lang='grc' dir='ltr'><strong>καὶ</strong></span> <span class='ocrx_word' id='word_1_439' title='bbox 2914 2342 3120 2411; x_wconf 78' lang='grc' dir='ltr'>πλήξας</span> <span class='ocrx_word' id='word_1_440' title='bbox 3150 2344 3266 2407; x_wconf 71' lang='grc' dir='ltr'>ἕνα,</span> <span class='ocrx_word' id='word_1_441' title='bbox 3296 2347 3390 2398; x_wconf 81' lang='grc' dir='ltr'>καὶ</span> <span class='ocrx_word' id='word_1_442' title='bbox 3416 2348 3689 2418; x_wconf 78' lang='grc' dir='ltr'>δεύτερον,</span> <span class='ocrx_word' id='word_1_443' title='bbox 3719 2353 3911 2416; x_wconf 60' lang='lat' dir='ltr'><strong>duim/3,5</strong></span> 
     </span>
    </p>
   </div>
   <div class='ocr_carea' id='block_1_69' title="bbox 2383 2426 3912 2510">
    <p class='ocr_par' dir='ltr' id='par_1_69' title="bbox 2383 2426 3912 2510">
     <span class='ocr_line' id='line_1_69' title="bbox 2383 2426 3912 2510; baseline 0.01 -33"><span class='ocrx_word' id='word_1_444' title='bbox 2383 2426 2507 2490; x_wconf 82' lang='grc' dir='ltr'>τοὺς</span> <span class='ocrx_word' id='word_1_445' title='bbox 2540 2428 2782 2492; x_wconf 79' lang='grc' dir='ltr'>λοιποὺς,</span> <span class='ocrx_word' id='word_1_446' title='bbox 2853 2433 3362 2500; x_wconf 85' lang='grc' dir='ltr'>ἁποδεδειλιακότας</span> <span class='ocrx_word' id='word_1_447' title='bbox 3416 2441 3549 2504; x_wconf 85' lang='grc' dir='ltr'>πρὸς</span> <span class='ocrx_word' id='word_1_448' title='bbox 3605 2440 3702 2510; x_wconf 74' lang='grc' dir='ltr'>τὴν</span> <span class='ocrx_word' id='word_1_449' title='bbox 3737 2444 3912 2493; x_wconf 68' lang='grc' dir='ltr'>ἐκείνου</span> 
     </span>
    </p>
   </div>
   <div class='ocr_carea' id='block_1_70' title="bbox 2383 2519 3913 2601">
    <p class='ocr_par' dir='ltr' id='par_1_70' title="bbox 2383 2519 3913 2601">
     <span class='ocr_line' id='line_1_70' title="bbox 2383 2519 3913 2601; baseline 0.01 -33"><span class='ocrx_word' id='word_1_450' title='bbox 2383 2519 2578 2589; x_wconf 81' lang='grc' dir='ltr'>ὁρμήν.</span> <span class='ocrx_word' id='word_1_451' title='bbox 2610 2523 2719 2574; x_wconf 76' lang='grc' dir='ltr'><strong>Καὶ</strong></span> <span class='ocrx_word' id='word_1_452' title='bbox 2751 2523 2892 2574; x_wconf 73' lang='grc' dir='ltr'>οὕτω</span> <span class='ocrx_word' id='word_1_453' title='bbox 2919 2525 3181 2578; x_wconf 84' lang='grc' dir='ltr'>πλειόνων</span> <span class='ocrx_word' id='word_1_454' title='bbox 3217 2529 3635 2600; x_wconf 69' lang='grc' dir='ltr'>συνδραμόντων</span> <span class='ocrx_word' id='word_1_455' title='bbox 3685 2549 3913 2601; x_wconf 70' lang='grc' dir='ltr'>στρατιω-</span> 
     </span>
    </p>
   </div>
   <div class='ocr_carea' id='block_1_71' title="bbox 2382 2610 3912 2689">
    <p class='ocr_par' dir='ltr' id='par_1_71' title="bbox 2382 2610 3912 2689">
     <span class='ocr_line' id='line_1_71' title="bbox 2382 2610 3912 2689; baseline 0.008 -29"><span class='ocrx_word' id='word_1_456' title='bbox 2382 2610 2488 2661; x_wconf 80' lang='grc' dir='ltr'>τῶν</span> <span class='ocrx_word' id='word_1_457' title='bbox 2515 2615 2547 2680; x_wconf 76' lang='grc' dir='ltr'><strong>ἡ</strong></span> <span class='ocrx_word' id='word_1_458' title='bbox 2578 2613 2669 2662; x_wconf 73' lang='grc' dir='ltr'>τοῦ</span> <span class='ocrx_word' id='word_1_459' title='bbox 2729 2613 3384 2681; x_wconf 77' lang='grc' dir='ltr'>βασιλέως-διασέσωστο</span> <span class='ocrx_word' id='word_1_460' title='bbox 3431 2624 3668 2689; x_wconf 85' lang='grc' dir='ltr'>γαμετή.</span> <span class='ocrx_word' id='word_1_461' title='bbox 3714 2625 3828 2672; x_wconf 83' lang='grc' dir='ltr'>Ἐτι</span> <span class='ocrx_word' id='word_1_462' title='bbox 3871 2623 3912 2672; x_wconf 71' lang='grc' dir='ltr'>δὲ</span> 
     </span>
    </p>
   </div>
   <div class='ocr_carea' id='block_1_72' title="bbox 2384 2702 3915 2780">
    <p class='ocr_par' dir='ltr' id='par_1_72' title="bbox 2384 2702 3915 2780">
     <span class='ocr_line' id='line_1_72' title="bbox 2384 2702 3915 2780; baseline 0.01 -30"><span class='ocrx_word' id='word_1_463' title='bbox 2384 2702 2794 2770; x_wconf 70' lang='grc' dir='ltr'>πολιορκοῦντος</span> <span class='ocrx_word' id='word_1_464' title='bbox 2834 2706 2925 2756; x_wconf 74' lang='grc' dir='ltr'>τοῦ</span> <span class='ocrx_word' id='word_1_465' title='bbox 2965 2706 3228 2774; x_wconf 71' lang='grc' dir='ltr'>βασιλέως</span> <span class='ocrx_word' id='word_1_466' title='bbox 3282 2709 3351 2760; x_wconf 87' lang='grc' dir='ltr'><strong>τὰ</strong></span> <span class='ocrx_word' id='word_1_467' title='bbox 3389 2712 3716 2774; x_wconf 72' lang='grc' dir='ltr'>Μεδιόλανα,</span> <span class='ocrx_word' id='word_1_468' title='bbox 3766 2716 3915 2780; x_wconf 75' lang='grc' dir='ltr'>Λύρη-</span> 
     </span>
    </p>
   </div>
   <div class='ocr_carea' id='block_1_73' title="bbox 2385 2789 3914 2864">
    <p class='ocr_par' dir='ltr' id='par_1_73' title="bbox 2385 2789 3914 2864">
     <span class='ocr_line' id='line_1_73' title="bbox 2385 2789 3914 2864; baseline 0.005 -25"><span class='ocrx_word' id='word_1_469' title='bbox 2385 2789 2565 2851; x_wconf 73' lang='grc' dir='ltr'>λιανδς</span> <span class='ocrx_word' id='word_1_470' title='bbox 2601 2791 2700 2841; x_wconf 78' lang='grc' dir='ltr'>σὺν</span> <span class='ocrx_word' id='word_1_471' title='bbox 2728 2792 2953 2844; x_wconf 74' lang='grc' dir='ltr'>ἱππεῦσι</span> <span class='ocrx_word' id='word_1_472' title='bbox 3005 2796 3309 2863; x_wconf 75' lang='grc' dir='ltr'>προσῆλθεν</span> <span class='ocrx_word' id='word_1_473' title='bbox 3345 2797 3512 2864; x_wconf 80' lang='grc' dir='ltr'>αὐτῷ,</span> <span class='ocrx_word' id='word_1_474' title='bbox 3567 2798 3687 2864; x_wconf 78' lang='grc' dir='ltr'>μεθ’</span> <span class='ocrx_word' id='word_1_475' title='bbox 3734 2795 3791 2850; x_wconf 72' lang='grc' dir='ltr'><strong>οὗ</strong></span> <span class='ocrx_word' id='word_1_476' title='bbox 3841 2803 3914 2848; x_wconf 65' lang='grc' dir='ltr'>αν-</span> 
     </span>
    </p>
   </div>
   <div class='ocr_carea' id='block_1_74' title="bbox 2385 2878 3916 2954">
    <p class='ocr_par' dir='ltr' id='par_1_74' title="bbox 2385 2878 3916 2954">
     <span class='ocr_line' id='line_1_74' title="bbox 2385 2878 3916 2954; baseline 0.007 -27"><span class='ocrx_word' id='word_1_477' title='bbox 2385 2878 2524 2928; x_wconf 89' lang='grc' dir='ltr'><strong>ελείν</strong></span> <span class='ocrx_word' id='word_1_478' title='bbox 2554 2880 2714 2930; x_wconf 74' lang='grc' dir='ltr'>αὑτὸν</span> <span class='ocrx_word' id='word_1_479' title='bbox 2749 2882 2794 2932; x_wconf 72' lang='grc' dir='ltr'>οἱ</span> <span class='ocrx_word' id='word_1_480' title='bbox 2834 2886 3158 2947; x_wconf 79' lang='grc' dir='ltr'>μεγιστᾶνες</span> <span class='ocrx_word' id='word_1_481' title='bbox 3189 2886 3692 2954; x_wconf 76' lang='grc' dir='ltr'>προεὸουλεύσαντο</span> <span class='ocrx_word' id='word_1_482' title='bbox 3727 2905 3741 2917; x_wconf 91' lang='grc'><strong>·</strong></span> <span class='ocrx_word' id='word_1_483' title='bbox 3781 2890 3916 2953; x_wconf 71' lang='grc' dir='ltr'>ὑπερ-</span> 
     </span>
    </p>
   </div>
   <div class='ocr_carea' id='block_1_75' title="bbox 2384 2967 3915 3043">
    <p class='ocr_par' dir='ltr' id='par_1_75' title="bbox 2384 2967 3915 3043">
     <span class='ocr_line' id='line_1_75' title="bbox 2384 2967 3915 3043; baseline 0.007 -27"><span class='ocrx_word' id='word_1_484' title='bbox 2384 2968 2623 3018; x_wconf 81' lang='grc' dir='ltr'>ετίθεντο</span> <span class='ocrx_word' id='word_1_485' title='bbox 2659 2967 2718 3019; x_wconf 80' lang='grc' dir='ltr'>δὲ</span> <span class='ocrx_word' id='word_1_486' title='bbox 2762 2969 2822 3020; x_wconf 78' lang='grc' dir='ltr'>τὸ</span> <span class='ocrx_word' id='word_1_487' title='bbox 2863 2972 3106 3040; x_wconf 58' lang='grc' dir='ltr'>σκέμμας</span> <span class='ocrx_word' id='word_1_488' title='bbox 3171 2973 3274 3035; x_wconf 80' lang='grc' dir='ltr'>ἓως</span> <span class='ocrx_word' id='word_1_489' title='bbox 3306 2975 3477 3043; x_wconf 85' lang='grc' dir='ltr'>ἁλῷεν</span> <span class='ocrx_word' id='word_1_490' title='bbox 3506 2979 3575 3029; x_wconf 73' lang='grc' dir='ltr'>τὰ</span> <span class='ocrx_word' id='word_1_491' title='bbox 3623 2978 3915 3030; x_wconf 50' lang='lat' dir='ltr'><strong>nissum-.1.</strong></span> 
     </span>
    </p>
   </div>
   <div class='ocr_carea' id='block_1_76' title="bbox 2384 3058 3919 3131">
    <p class='ocr_par' dir='ltr' id='par_1_76' title="bbox 2384 3058 3919 3131">
     <span class='ocr_line' id='line_1_76' title="bbox 2384 3058 3919 3131; baseline 0.003 -21"><span class='ocrx_word' id='word_1_492' title='bbox 2384 3058 2655 3121; x_wconf 73' lang='grc' dir='ltr'>Μαθόντες</span> <span class='ocrx_word' id='word_1_493' title='bbox 2692 3059 2735 3109; x_wconf 85' lang='grc' dir='ltr'>δ’</span> <span class='ocrx_word' id='word_1_494' title='bbox 2766 3062 3031 3126; x_wconf 77' lang='grc' dir='ltr'>ἐγνῶσθαι</span> <span class='ocrx_word' id='word_1_495' title='bbox 3068 3065 3128 3114; x_wconf 78' lang='grc' dir='ltr'>τὸ</span> <span class='ocrx_word' id='word_1_496' title='bbox 3167 3065 3314 3131; x_wconf 80' lang='grc' dir='ltr'>σφῶν</span> <span class='ocrx_word' id='word_1_497' title='bbox 3369 3065 3693 3128; x_wconf 75' lang='grc' dir='ltr'>διαϐούλιον,</span> <span class='ocrx_word' id='word_1_498' title='bbox 3751 3070 3919 3116; x_wconf 65' lang='grc' dir='ltr'>ἐπετα-</span> 
     </span>
    </p>
   </div>
   <div class='ocr_carea' id='block_1_77' title="bbox 2390 3151 3920 3224">
    <p class='ocr_par' dir='ltr' id='par_1_77' title="bbox 2390 3151 3920 3224">
     <span class='ocr_line' id='line_1_77' title="bbox 2390 3151 3920 3224; baseline 0.004 -25"><span class='ocrx_word' id='word_1_499' title='bbox 2390 3166 2554 3215; x_wconf 85' lang='grc' dir='ltr'>χυναν</span> <span class='ocrx_word' id='word_1_500' title='bbox 2580 3151 2679 3218; x_wconf 79' lang='grc' dir='ltr'>τὴν</span> <span class='ocrx_word' id='word_1_501' title='bbox 2709 3152 3000 3222; x_wconf 74' lang='grc' dir='ltr'>ἐπιὸουλὴν</span> <span class='ocrx_word' id='word_1_502' title='bbox 3029 3157 3120 3205; x_wconf 83' lang='grc' dir='ltr'>καὶ</span> <span class='ocrx_word' id='word_1_503' title='bbox 3161 3155 3437 3207; x_wconf 80' lang='grc' dir='ltr'>στέλλουσί</span> <span class='ocrx_word' id='word_1_504' title='bbox 3471 3173 3624 3218; x_wconf 86' lang='grc' dir='ltr'>τινας</span> <span class='ocrx_word' id='word_1_505' title='bbox 3655 3158 3920 3224; x_wconf 74' lang='grc' dir='ltr'>πολεμίως</span> 
     </span>
    </p>
   </div>
   <div class='ocr_carea' id='block_1_78' title="bbox 2390 3238 3921 3310">
    <p class='ocr_par' dir='ltr' id='par_1_78' title="bbox 2390 3238 3921 3310">
     <span class='ocr_line' id='line_1_78' title="bbox 2390 3238 3921 3310; baseline 0.006 -24"><span class='ocrx_word' id='word_1_506' title='bbox 2390 3238 2604 3291; x_wconf 83' lang='grc' dir='ltr'>ἐπιέναι</span> <span class='ocrx_word' id='word_1_507' title='bbox 2647 3241 2722 3308; x_wconf 84' lang='grc' dir='ltr'>τῷ</span> <span class='ocrx_word' id='word_1_508' title='bbox 2785 3242 3030 3310; x_wconf 79' lang='grc' dir='ltr'>Γαλιηνῷ</span> <span class='ocrx_word' id='word_1_509' title='bbox 3095 3247 3472 3310; x_wconf 83' lang='grc' dir='ltr'>ἀγγέλλοντας.</span> <span class='ocrx_word' id='word_1_510' title='bbox 3539 3248 3595 3299; x_wconf 79' lang='grc' dir='ltr'>Ὀ</span> <span class='ocrx_word' id='word_1_511' title='bbox 3646 3249 3700 3298; x_wconf 80' lang='grc' dir='ltr'>δὲ</span> <span class='ocrx_word' id='word_1_512' title='bbox 3751 3250 3921 3299; x_wconf 62' lang='grc' dir='ltr'>αὐτίκα</span> 
     </span>
    </p>
   </div>
   <div class='ocr_carea' id='block_1_79' title="bbox 2343 3328 3919 3406">
    <p class='ocr_par' dir='ltr' id='par_1_79' title="bbox 2343 3328 3919 3406">
     <span class='ocr_line' id='line_1_79' title="bbox 2343 3328 3919 3406; baseline 0.004 -26"><span class='ocrx_word' id='word_1_513' title='bbox 2343 3389 2352 3400; x_wconf 32' lang='lat' dir='ltr'><strong><em>l</em></strong></span> <span class='ocrx_word' id='word_1_514' title='bbox 2386 3328 2668 3397; x_wconf 76' lang='grc' dir='ltr'>ἐξώρμησε</span> <span class='ocrx_word' id='word_1_515' title='bbox 2694 3331 2811 3382; x_wconf 83' lang='grc' dir='ltr'>κατ’</span> <span class='ocrx_word' id='word_1_516' title='bbox 2837 3334 3035 3395; x_wconf 72' lang='grc' dir='ltr'>αὐτῶν,</span> <span class='ocrx_word' id='word_1_517' title='bbox 3062 3333 3208 3400; x_wconf 78' lang='grc' dir='ltr'>ὠρας</span> <span class='ocrx_word' id='word_1_518' title='bbox 3233 3337 3330 3403; x_wconf 68' lang='grc' dir='ltr'>ἤδη</span> <span class='ocrx_word' id='word_1_519' title='bbox 3353 3339 3666 3404; x_wconf 72' lang='grc' dir='ltr'>ἐφεστώσης</span> <span class='ocrx_word' id='word_1_520' title='bbox 3698 3341 3919 3406; x_wconf 65' lang='grc' dir='ltr'>ἀρίστου,</span> 
     </span>
    </p>
   </div>
   <div class='ocr_carea' id='block_1_80' title="bbox 2387 3423 3921 3498">
    <p class='ocr_par' dir='ltr' id='par_1_80' title="bbox 2387 3423 3921 3498">
     <span class='ocr_line' id='line_1_80' title="bbox 2387 3423 3921 3498; baseline 0.005 -27"><span class='ocrx_word' id='word_1_521' title='bbox 2387 3424 2480 3471; x_wconf 75' lang='grc' dir='ltr'>καὶ</span> <span class='ocrx_word' id='word_1_522' title='bbox 2545 3423 2740 3488; x_wconf 70' lang='grc' dir='ltr'>ὀλίγων</span> <span class='ocrx_word' id='word_1_523' title='bbox 2805 3431 3262 3492; x_wconf 59' lang='grc' dir='ltr'>συνεφεπομενων</span> <span class='ocrx_word' id='word_1_524' title='bbox 3341 3430 3506 3498; x_wconf 78' lang='grc' dir='ltr'>α·’·τῴ.</span> <span class='ocrx_word' id='word_1_525' title='bbox 3581 3431 3817 3481; x_wconf 81' lang='grc' dir='ltr'>Ἀπιὸντι</span> <span class='ocrx_word' id='word_1_526' title='bbox 3877 3430 3921 3478; x_wconf 68' lang='grc' dir='ltr'><strong>(Σὲ</strong></span> 
     </span>
    </p>
   </div>
   <div class='ocr_carea' id='block_1_81' title="bbox 2390 3512 3921 3588">
    <p class='ocr_par' dir='ltr' id='par_1_81' title="bbox 2390 3512 3921 3588">
     <span class='ocr_line' id='line_1_81' title="bbox 2390 3512 3921 3588; baseline 0.005 -28"><span class='ocrx_word' id='word_1_527' title='bbox 2390 3514 2720 3564; x_wconf 72' lang='grc' dir='ltr'>συναντώσιν</span> <span class='ocrx_word' id='word_1_528' title='bbox 2781 3517 2985 3575; x_wconf 87' lang='grc' dir='ltr'>ἱππεῖς·</span> <span class='ocrx_word' id='word_1_529' title='bbox 3015 3512 3088 3568; x_wconf 75' lang='grc' dir='ltr'>ὼν</span> <span class='ocrx_word' id='word_1_530' title='bbox 3136 3519 3194 3568; x_wconf 83' lang='grc' dir='ltr'><strong>ού</strong></span> <span class='ocrx_word' id='word_1_531' title='bbox 3230 3518 3418 3588; x_wconf 71' lang='grc' dir='ltr'>πόρρω</span> <span class='ocrx_word' id='word_1_532' title='bbox 3462 3537 3563 3570; x_wconf 83' lang='grc' dir='ltr'><strong>που</strong></span> <span class='ocrx_word' id='word_1_533' title='bbox 3619 3522 3921 3587; x_wconf 43' lang='lat' dir='ltr'><strong>agndum</strong></span> 
     </span>
    </p>
   </div>
   <div class='ocr_carea' id='block_1_82' title="bbox 2389 3599 3923 3681">
    <p class='ocr_par' dir='ltr' id='par_1_82' title="bbox 2389 3599 3923 3681">
     <span class='ocr_line' id='line_1_82' title="bbox 2389 3599 3923 3681; baseline 0.01 -33"><span class='ocrx_word' id='word_1_534' title='bbox 2389 3599 2573 3664; x_wconf 85' lang='grc' dir='ltr'>αὑτοῦ,</span> <span class='ocrx_word' id='word_1_535' title='bbox 2609 3602 2704 3651; x_wconf 58' lang='grc' dir='ltr'><strong>καὶ⁵</strong></span> <span class='ocrx_word' id='word_1_536' title='bbox 2749 3607 2888 3670; x_wconf 84' lang='grc' dir='ltr'>μήτε</span> <span class='ocrx_word' id='word_1_537' title='bbox 2939 3606 3046 3655; x_wconf 82' lang='grc' dir='ltr'>τῶν</span> <span class='ocrx_word' id='word_1_538' title='bbox 3102 3608 3283 3658; x_wconf 77' lang='grc' dir='ltr'>ἵππων</span> <span class='ocrx_word' id='word_1_539' title='bbox 3333 3610 3673 3673; x_wconf 77' lang='grc' dir='ltr'>ἁποόάντων,</span> <span class='ocrx_word' id='word_1_540' title='bbox 3705 3614 3841 3681; x_wconf 66' lang='grc' dir='ltr'>,μήτε</span> <span class='ocrx_word' id='word_1_541' title='bbox 3883 3627 3923 3659; x_wconf 80' lang='grc' dir='ltr'><strong>τι</strong></span> 
     </span>
    </p>
   </div>
   <div class='ocr_carea' id='block_1_83' title="bbox 2390 3692 3924 3770">
    <p class='ocr_par' dir='ltr' id='par_1_83' title="bbox 2390 3692 3924 3770">
     <span class='ocr_line' id='line_1_83' title="bbox 2390 3692 3924 3770; baseline 0.007 -28"><span class='ocrx_word' id='word_1_542' title='bbox 2390 3692 2573 3760; x_wconf 74' lang='grc' dir='ltr'>ἕτερον</span> <span class='ocrx_word' id='word_1_543' title='bbox 2605 3695 2899 3747; x_wconf 85' lang='grc' dir='ltr'>ποιούντων</span> <span class='ocrx_word' id='word_1_544' title='bbox 2931 3696 2966 3749; x_wconf 83' lang='grc' dir='ltr'>ἂ.</span> <span class='ocrx_word' id='word_1_545' title='bbox 3006 3698 3140 3767; x_wconf 76' lang='grc' dir='ltr'>πρὸς</span> <span class='ocrx_word' id='word_1_546' title='bbox 3187 3699 3421 3767; x_wconf 81' lang='grc' dir='ltr'>βασιλεῖς</span> <span class='ocrx_word' id='word_1_547' title='bbox 3460 3706 3769 3770; x_wconf 78' lang='grc' dir='ltr'>νενόμισται</span> <span class='ocrx_word' id='word_1_548' title='bbox 3798 3707 3924 3768; x_wconf 80' lang='grc' dir='ltr'>γίνεο</span> 
     </span>
    </p>
   </div>
   <div class='ocr_carea' id='block_1_84' title="bbox 2392 3784 3925 3862">
    <p class='ocr_par' dir='ltr' id='par_1_84' title="bbox 2392 3784 3925 3862">
     <span class='ocr_line' id='line_1_84' title="bbox 2392 3784 3925 3862; baseline 0.005 -26"><span class='ocrx_word' id='word_1_549' title='bbox 2392 3784 2544 3850; x_wconf 81' lang='grc' dir='ltr'>σθαι,</span> <span class='ocrx_word' id='word_1_550' title='bbox 2573 3787 2739 3855; x_wconf 73' lang='grc' dir='ltr'>ἤρετο</span> <span class='ocrx_word' id='word_1_551' title='bbox 2768 3790 2892 3850; x_wconf 83' lang='grc' dir='ltr'>τοὺς</span> <span class='ocrx_word' id='word_1_552' title='bbox 2931 3794 3202 3860; x_wconf 85' lang='grc' dir='ltr'>παρόντας</span> <span class='ocrx_word' id='word_1_553' title='bbox 3247 3794 3474 3856; x_wconf 83' lang='grc' dir='ltr'>ἐκεῖνος,</span> <span class='ocrx_word' id='word_1_554' title='bbox 3513 3794 3577 3845; x_wconf 86' lang='grc' dir='ltr'>Τί</span> <span class='ocrx_word' id='word_1_555' title='bbox 3631 3791 3776 3846; x_wconf 73' lang='grc' dir='ltr'>οὗτοι</span> <span class='ocrx_word' id='word_1_556' title='bbox 3822 3795 3925 3862; x_wconf 58' lang='lat' dir='ltr'><strong>Beti-</strong></span> 
     </span>
    </p>
   </div>
   <div class='ocr_carea' id='block_1_85' title="bbox 2391 3863 3921 3954">
    <p class='ocr_par' dir='ltr' id='par_1_85' title="bbox 2391 3863 3921 3954">
     <span class='ocr_line' id='line_1_85' title="bbox 2391 3863 3921 3954; baseline 0.006 -27"><span class='ocrx_word' id='word_1_557' title='bbox 2391 3875 2606 3943; x_wconf 77' lang='grc' dir='ltr'>λονταις</span> <span class='ocrx_word' id='word_1_558' title='bbox 2635 3879 2681 3929; x_wconf 82' lang='lat' dir='ltr'><strong>oi</strong></span> <span class='ocrx_word' id='word_1_559' title='bbox 2708 3879 2787 3942; x_wconf 82' lang='grc' dir='ltr'>δὲ,</span> <span class='ocrx_word' id='word_1_560' title='bbox 2831 3863 3043 3933; x_wconf 56' lang='lat' dir='ltr'><strong>[latini</strong></span> <span class='ocrx_word' id='word_1_561' title='bbox 3079 3898 3135 3934; x_wconf 87' lang='grc' dir='ltr'><strong>σε</strong></span> <span class='ocrx_word' id='word_1_562' title='bbox 3165 3883 3265 3952; x_wconf 83' lang='grc' dir='ltr'>τῆς</span> <span class='ocrx_word' id='word_1_563' title='bbox 3313 3887 3507 3953; x_wconf 80' lang='grc' dir='ltr'>ἀρχῆς,</span> <span class='ocrx_word' id='word_1_564' title='bbox 3545 3888 3921 3954; x_wconf 77' lang='grc' dir='ltr'>ἀπεκρίθησαν.</span> 
     </span>
    </p>
   </div>
   <div class='ocr_carea' id='block_1_86' title="bbox 2393 3970 3924 4046">
    <p class='ocr_par' dir='ltr' id='par_1_86' title="bbox 2393 3970 3924 4046">
     <span class='ocr_line' id='line_1_86' title="bbox 2393 3970 3924 4046; baseline 0.012 -28"><span class='ocrx_word' id='word_1_565' title='bbox 2393 3972 2501 4024; x_wconf 78' lang='grc' dir='ltr'><strong>Καὶ</strong></span> <span class='ocrx_word' id='word_1_566' title='bbox 2549 3970 2605 4031; x_wconf 84' lang='grc' dir='ltr'><strong>δς</strong></span> <span class='ocrx_word' id='word_1_567' title='bbox 2641 3972 2838 4023; x_wconf 78' lang='grc' dir='ltr'>αὐτίκα</span> <span class='ocrx_word' id='word_1_568' title='bbox 2877 3975 2967 4025; x_wconf 84' lang='grc' dir='ltr'>τὸν</span> <span class='ocrx_word' id='word_1_569' title='bbox 3001 3977 3214 4042; x_wconf 86' lang='grc' dir='ltr'>χαλινὸν</span> <span class='ocrx_word' id='word_1_570' title='bbox 3266 3977 3341 4046; x_wconf 83' lang='grc' dir='ltr'>τῷ</span> <span class='ocrx_word' id='word_1_571' title='bbox 3391 3978 3544 4046; x_wconf 80' lang='grc' dir='ltr'>ἵππῳ</span> <span class='ocrx_word' id='word_1_572' title='bbox 3597 3983 3803 4043; x_wconf 77' lang='grc' dir='ltr'>ἐνδοὺς,</span> <span class='ocrx_word' id='word_1_573' title='bbox 3859 3981 3924 4037; x_wconf 70' lang='grc' dir='ltr'>εἰς</span> 
     </span>
    </p>
   </div>
   <div class='ocr_carea' id='block_1_87' title="bbox 2393 4059 3924 4131">
    <p class='ocr_par' dir='ltr' id='par_1_87' title="bbox 2393 4059 3924 4131">
     <span class='ocr_line' id='line_1_87' title="bbox 2393 4059 3924 4131; baseline 0.005 -22"><span class='ocrx_word' id='word_1_574' title='bbox 2393 4059 2571 4128; x_wconf 71' lang='grc' dir='ltr'>φυγὴν</span> <span class='ocrx_word' id='word_1_575' title='bbox 2600 4060 2829 4128; x_wconf 82' lang='grc' dir='ltr'>ἐτράπη.</span> <span class='ocrx_word' id='word_1_576' title='bbox 2865 4062 2972 4112; x_wconf 79' lang='grc' dir='ltr'><strong>Καὶ</strong></span> <span class='ocrx_word' id='word_1_577' title='bbox 2995 4063 3096 4114; x_wconf 77' lang='grc' dir='ltr'>κᾶν</span> <span class='ocrx_word' id='word_1_578' title='bbox 3132 4063 3354 4131; x_wconf 78' lang='grc' dir='ltr'>διέφυγε</span> <span class='ocrx_word' id='word_1_579' title='bbox 3387 4070 3510 4128; x_wconf 89' lang='grc' dir='ltr'>τοὺς</span> <span class='ocrx_word' id='word_1_580' title='bbox 3567 4069 3924 4120; x_wconf 77' lang='grc' dir='ltr'>ἐπιϐουλεύον-</span> 
     </span>
    </p>
   </div>
   <div class='ocr_carea' id='block_1_88' title="bbox 2393 4151 3924 4226">
    <p class='ocr_par' dir='ltr' id='par_1_88' title="bbox 2393 4151 3924 4226">
     <span class='ocr_line' id='line_1_88' title="bbox 2393 4151 3924 4226; baseline 0.003 -25"><span class='ocrx_word' id='word_1_581' title='bbox 2393 4166 2488 4212; x_wconf 80' lang='grc' dir='ltr'><strong>τας</strong></span> <span class='ocrx_word' id='word_1_582' title='bbox 2521 4154 2586 4219; x_wconf 81' lang='grc' dir='ltr'>τῇ</span> <span class='ocrx_word' id='word_1_583' title='bbox 2621 4154 2882 4220; x_wconf 76' lang='grc' dir='ltr'>ταχυτῆτι</span> <span class='ocrx_word' id='word_1_584' title='bbox 2906 4151 2998 4204; x_wconf 85' lang='grc' dir='ltr'>τοῦ</span> <span class='ocrx_word' id='word_1_585' title='bbox 3041 4155 3232 4217; x_wconf 73' lang='grc' dir='ltr'>ἵππου,</span> <span class='ocrx_word' id='word_1_586' title='bbox 3269 4158 3318 4206; x_wconf 81' lang='grc' dir='ltr'>ει</span> <span class='ocrx_word' id='word_1_587' title='bbox 3361 4158 3436 4224; x_wconf 82' lang='grc' dir='ltr'>μὴ</span> <span class='ocrx_word' id='word_1_588' title='bbox 3469 4156 3661 4220; x_wconf 79' lang='grc' dir='ltr'>ὓδατος</span> <span class='ocrx_word' id='word_1_589' title='bbox 3696 4162 3924 4226; x_wconf 77' lang='grc' dir='ltr'>ἐνέτυχεν</span> 
     </span>
    </p>
   </div>
   <div class='ocr_carea' id='block_1_89' title="bbox 2394 4242 3920 4313">
    <p class='ocr_par' dir='ltr' id='par_1_89' title="bbox 2394 4242 3920 4313">
     <span class='ocr_line' id='line_1_89' title="bbox 2394 4242 3920 4313; baseline 0.006 -22"><span class='ocrx_word' id='word_1_590' title='bbox 2394 4243 2583 4310; x_wconf 79' lang='grc' dir='ltr'>ὀχετῴ.</span> <span class='ocrx_word' id='word_1_591' title='bbox 2622 4242 2916 4310; x_wconf 83' lang='grc' dir='ltr'>Παρελθείν</span> <span class='ocrx_word' id='word_1_592' title='bbox 2951 4244 3056 4313; x_wconf 74' lang='grc' dir='ltr'>γὰρ</span> <span class='ocrx_word' id='word_1_593' title='bbox 3091 4247 3277 4297; x_wconf 80' lang='grc' dir='ltr'>τοῦτον</span> <span class='ocrx_word' id='word_1_594' title='bbox 3304 4249 3330 4298; x_wconf 83' lang='grc' dir='ltr'>ὀ</span> <span class='ocrx_word' id='word_1_595' title='bbox 3369 4250 3534 4310; x_wconf 82' lang='grc' dir='ltr'>ἵππος</span> <span class='ocrx_word' id='word_1_596' title='bbox 3569 4251 3920 4302; x_wconf 69' lang='grc' dir='ltr'>ἁποδδειλια·</span> 
     </span>
    </p>
   </div>
   <div class='ocr_carea' id='block_1_90' title="bbox 2398 4332 3923 4406">
    <p class='ocr_par' dir='ltr' id='par_1_90' title="bbox 2398 4332 3923 4406">
     <span class='ocr_line' id='line_1_90' title="bbox 2398 4332 3923 4406; baseline 0.007 -26"><span class='ocrx_word' id='word_1_597' title='bbox 2398 4333 2532 4393; x_wconf 84' lang='grc' dir='ltr'>κὼς,</span> <span class='ocrx_word' id='word_1_598' title='bbox 2563 4332 2690 4402; x_wconf 74' lang='grc' dir='ltr'>ἔστη</span> <span class='ocrx_word' id='word_1_599' title='bbox 2715 4351 2727 4363; x_wconf 89' lang='grc'><strong>·</strong></span> <span class='ocrx_word' id='word_1_600' title='bbox 2764 4337 2856 4384; x_wconf 71' lang='grc' dir='ltr'>καὶ</span> <span class='ocrx_word' id='word_1_601' title='bbox 2879 4337 3018 4386; x_wconf 78' lang='grc' dir='ltr'>οὓτω</span> <span class='ocrx_word' id='word_1_602' title='bbox 3051 4339 3351 4390; x_wconf 73' lang='grc' dir='ltr'>κατελαὸον</span> <span class='ocrx_word' id='word_1_603' title='bbox 3405 4343 3454 4391; x_wconf 88' lang='grc' dir='ltr'>οἱ</span> <span class='ocrx_word' id='word_1_604' title='bbox 3498 4342 3804 4406; x_wconf 82' lang='grc' dir='ltr'>διώκοντες,</span> <span class='ocrx_word' id='word_1_605' title='bbox 3849 4342 3923 4392; x_wconf 80' lang='grc' dir='ltr'><strong>καί</strong></span> 
     </span>
    </p>
   </div>
   <div class='ocr_carea' id='block_1_91' title="bbox 2395 4425 3923 4504">
    <p class='ocr_par' dir='ltr' id='par_1_91' title="bbox 2395 4425 3923 4504">
     <span class='ocr_line' id='line_1_91' title="bbox 2395 4425 3923 4504; baseline 0.008 -32"><span class='ocrx_word' id='word_1_606' title='bbox 2395 4426 2480 4484; x_wconf 84' lang='grc' dir='ltr'><strong>τίς</strong></span> <span class='ocrx_word' id='word_1_607' title='bbox 2537 4425 2657 4474; x_wconf 85' lang='grc' dir='ltr'>κατ’</span> <span class='ocrx_word' id='word_1_608' title='bbox 2697 4425 2860 4475; x_wconf 80' lang='grc' dir='ltr'>αὑτοῦ</span> <span class='ocrx_word' id='word_1_609' title='bbox 2911 4426 2971 4475; x_wconf 84' lang='grc' dir='ltr'>τὸ</span> <span class='ocrx_word' id='word_1_610' title='bbox 2998 4426 3462 4502; x_wconf 25' lang='grc' dir='ltr'>δόρυιὴκόντισεν.</span> <span class='ocrx_word' id='word_1_611' title='bbox 3513 4435 3575 4484; x_wconf 89' lang='grc' dir='ltr'>Ὀ</span> <span class='ocrx_word' id='word_1_612' title='bbox 3628 4437 3685 4486; x_wconf 85' lang='grc' dir='ltr'><strong>δέ</strong></span> <span class='ocrx_word' id='word_1_613' title='bbox 3724 4438 3923 4504; x_wconf 64' lang='grc' dir='ltr'>πληγεὶς</span> 
     </span>
    </p>
   </div>
   <div class='ocr_carea' id='block_1_92' title="bbox 755 4509 2290 4595">
    <p class='ocr_par' dir='ltr' id='par_1_92' title="bbox 755 4509 2290 4584">
     <span class='ocr_line' id='line_1_92' title="bbox 755 4509 2290 4584; baseline 0.006 -22"><span class='ocrx_word' id='word_1_614' title='bbox 755 4509 1072 4562; x_wconf 74' lang='lat' dir='ltr'><strong>llerarliauo</strong></span> <span class='ocrx_word' id='word_1_615' title='bbox 1115 4509 1331 4562; x_wconf 82' lang='lat' dir='ltr'><strong>Aureoli</strong></span> <span class='ocrx_word' id='word_1_616' title='bbox 1376 4515 1656 4578; x_wconf 74' lang='lat' dir='ltr'><strong>conjuuato</strong></span> <span class='ocrx_word' id='word_1_617' title='bbox 1698 4516 1989 4567; x_wconf 80' lang='lat' dir='ltr'><strong>excitatum</strong></span> <span class='ocrx_word' id='word_1_618' title='bbox 2026 4533 2164 4571; x_wconf 87' lang='lat' dir='ltr'><strong>esse.</strong></span> <span class='ocrx_word' id='word_1_619' title='bbox 2196 4519 2290 4584; x_wconf 82' lang='lat' dir='ltr'><strong>Qui</strong></span> 
     </span>
    </p>
   </div>
   <div class='ocr_carea' id='block_1_93' title="bbox 2390 4509 3921 4595">
    <p class='ocr_par' dir='ltr' id='par_1_93' title="bbox 2404 4513 3921 4595">
     <span class='ocr_line' id='line_1_93' title="bbox 2404 4513 3921 4595; baseline 0.01 -31"><span class='ocrx_word' id='word_1_620' title='bbox 2404 4513 2495 4565; x_wconf 81' lang='grc' dir='ltr'>τοῦ</span> <span class='ocrx_word' id='word_1_621' title='bbox 2526 4514 2697 4566; x_wconf 74' lang='grc' dir='ltr'>ἱππου</span> <span class='ocrx_word' id='word_1_622' title='bbox 2744 4515 3070 4583; x_wconf 75' lang='grc' dir='ltr'>κατήνεκτο,</span> <span class='ocrx_word' id='word_1_623' title='bbox 3105 4519 3198 4571; x_wconf 80' lang='grc' dir='ltr'>καὶ</span> <span class='ocrx_word' id='word_1_624' title='bbox 3241 4521 3350 4570; x_wconf 80' lang='grc' dir='ltr'>ἐπὶ-</span> <span class='ocrx_word' id='word_1_625' title='bbox 3382 4524 3578 4590; x_wconf 81' lang='grc' dir='ltr'>μικρὸν</span> <span class='ocrx_word' id='word_1_626' title='bbox 3635 4528 3921 4595; x_wconf 72' lang='grc' dir='ltr'>διαρκέσας,</span> 
     </span>
    </p>
   </div>
   <div class='ocr_carea' id='block_1_94' title="bbox 752 4595 2293 4664">
    <p class='ocr_par' dir='ltr' id='par_1_94' title="bbox 752 4595 2293 4664">
     <span class='ocr_line' id='line_1_94' title="bbox 752 4595 2293 4664; baseline 0.006 -14"><span class='ocrx_word' id='word_1_627' title='bbox 752 4613 874 4650; x_wconf 80' lang='lat' dir='ltr'><strong>cum</strong></span> <span class='ocrx_word' id='word_1_628' title='bbox 911 4597 958 4650; x_wconf 88' lang='lat' dir='ltr'><strong>ei</strong></span> <span class='ocrx_word' id='word_1_629' title='bbox 991 4605 1046 4648; x_wconf 86' lang='lat' dir='ltr'><strong>et</strong></span> <span class='ocrx_word' id='word_1_630' title='bbox 1095 4595 1322 4649; x_wconf 87' lang='lat' dir='ltr'><strong>Claudio</strong></span> <span class='ocrx_word' id='word_1_631' title='bbox 1375 4597 1492 4649; x_wconf 92' lang='lat' dir='ltr'><strong>viro</strong></span> <span class='ocrx_word' id='word_1_632' title='bbox 1530 4599 1965 4664; x_wconf 89' lang='lat' dir='ltr'><strong>bellicosissimo,</strong></span> <span class='ocrx_word' id='word_1_633' title='bbox 2000 4603 2293 4660; x_wconf 83' lang='lat' dir='ltr'><strong>Aureolum</strong></span> 
     </span>
    </p>
   </div>
   <div class='ocr_carea' id='block_1_95' title="bbox 747 4685 2292 4756">
    <p class='ocr_par' dir='ltr' id='par_1_95' title="bbox 747 4685 2292 4756">
     <span class='ocr_line' id='line_1_95' title="bbox 747 4685 2292 4756; baseline 0.005 -18"><span class='ocrx_word' id='word_1_634' title='bbox 747 4691 856 4755; x_wconf 88' lang='lat' dir='ltr'><strong>jam</strong></span> <span class='ocrx_word' id='word_1_635' title='bbox 914 4703 1037 4738; x_wconf 91' lang='lat' dir='ltr'><strong>cum</strong></span> <span class='ocrx_word' id='word_1_636' title='bbox 1102 4685 1312 4753; x_wconf 78' lang='lat' dir='ltr'><strong>magnis</strong></span> <span class='ocrx_word' id='word_1_637' title='bbox 1364 4687 1543 4754; x_wconf 89' lang='lat' dir='ltr'><strong>copiis</strong></span> <span class='ocrx_word' id='word_1_638' title='bbox 1599 4687 1900 4743; x_wconf 86' lang='lat' dir='ltr'><strong>adventare</strong></span> <span class='ocrx_word' id='word_1_639' title='bbox 1966 4692 2292 4756; x_wconf 85' lang='lat' dir='ltr'><strong>nuntiasset,</strong></span> 
     </span>
    </p>
   </div>
   <div class='ocr_carea' id='block_1_96' title="bbox 751 4777 2298 4846">
    <p class='ocr_par' dir='ltr' id='par_1_96' title="bbox 751 4777 2298 4846">
     <span class='ocr_line' id='line_1_96' title="bbox 751 4777 2298 4846; baseline 0.005 -16"><span class='ocrx_word' id='word_1_640' title='bbox 751 4777 1030 4830; x_wconf 82' lang='lat' dir='ltr'><strong>Galienum</strong></span> <span class='ocrx_word' id='word_1_641' title='bbox 1075 4777 1258 4830; x_wconf 81' lang='lat' dir='ltr'><strong>subito</strong></span> <span class='ocrx_word' id='word_1_642' title='bbox 1307 4778 1496 4830; x_wconf 91' lang='lat' dir='ltr'><strong>nuntio</strong></span> <span class='ocrx_word' id='word_1_643' title='bbox 1548 4780 1916 4846; x_wconf 85' lang='lat' dir='ltr'><strong>perterritum,</strong></span> <span class='ocrx_word' id='word_1_644' title='bbox 1953 4797 2016 4836; x_wconf 90' lang='lat' dir='ltr'><strong>ac</strong></span> <span class='ocrx_word' id='word_1_645' title='bbox 2060 4785 2298 4836; x_wconf 87' lang='lat' dir='ltr'><strong>seminu-</strong></span> 
     </span>
    </p>
   </div>
   <div class='ocr_carea' id='block_1_97' title="bbox 754 4866 2298 4938">
    <p class='ocr_par' dir='ltr' id='par_1_97' title="bbox 754 4866 2298 4938">
     <span class='ocr_line' id='line_1_97' title="bbox 754 4866 2298 4938; baseline 0.007 -21"><span class='ocrx_word' id='word_1_646' title='bbox 754 4869 882 4917; x_wconf 87' lang='lat' dir='ltr'><strong>dum</strong></span> <span class='ocrx_word' id='word_1_647' title='bbox 946 4867 1090 4919; x_wconf 84' lang='lat' dir='ltr'><strong>lecto</strong></span> <span class='ocrx_word' id='word_1_648' title='bbox 1147 4866 1512 4928; x_wconf 82' lang='lat' dir='ltr'><strong>exsilientem,</strong></span> <span class='ocrx_word' id='word_1_649' title='bbox 1571 4884 1832 4936; x_wconf 87' lang='lat' dir='ltr'><strong>armaque</strong></span> <span class='ocrx_word' id='word_1_650' title='bbox 1882 4880 2177 4938; x_wconf 80' lang='lat' dir='ltr'><strong>petentem,</strong></span> <span class='ocrx_word' id='word_1_651' title='bbox 2229 4875 2298 4928; x_wconf 84' lang='lat' dir='ltr'><strong>ab</strong></span> 
     </span>
    </p>
   </div>
   <div class='ocr_carea' id='block_1_98' title="bbox 759 4950 2333 5026">
    <p class='ocr_par' dir='ltr' id='par_1_98' title="bbox 759 4950 2333 5026">
     <span class='ocr_line' id='line_1_98' title="bbox 759 4950 2333 5026; baseline 0.006 -21"><span class='ocrx_word' id='word_1_652' title='bbox 759 4954 851 5010; x_wconf 82' lang='lat' dir='ltr'><strong>illo</strong></span> <span class='ocrx_word' id='word_1_653' title='bbox 902 4950 1095 5005; x_wconf 65' lang='lat' dir='ltr'><strong>cit-sum</strong></span> <span class='ocrx_word' id='word_1_654' title='bbox 1147 4969 1285 5006; x_wconf 87' lang='lat' dir='ltr'><strong>esse.</strong></span> <span class='ocrx_word' id='word_1_655' title='bbox 1340 4954 1512 5021; x_wconf 86' lang='lat' dir='ltr'><strong>llujus</strong></span> <span class='ocrx_word' id='word_1_656' title='bbox 1544 4957 1882 5023; x_wconf 88' lang='lat' dir='ltr'><strong>temporibus</strong></span> <span class='ocrx_word' id='word_1_657' title='bbox 1929 4957 2148 5026; x_wconf 77' lang='lat' dir='ltr'><strong>Xystus,</strong></span> <span class='ocrx_word' id='word_1_658' title='bbox 2201 4978 2333 5014; x_wconf 68' lang='lat' dir='ltr'><strong>un-&#39;</strong></span> 
     </span>
    </p>
   </div>
   <div class='ocr_carea' id='block_1_99' title="bbox 759 5040 2290 5113">
    <p class='ocr_par' dir='ltr' id='par_1_99' title="bbox 759 5040 2290 5113">
     <span class='ocr_line' id='line_1_99' title="bbox 759 5040 2290 5113; baseline 0.006 -19"><span class='ocrx_word' id='word_1_659' title='bbox 759 5040 970 5094; x_wconf 89' lang='lat' dir='ltr'><strong>decimo</strong></span> <span class='ocrx_word' id='word_1_660' title='bbox 1001 5041 1225 5094; x_wconf 83' lang='lat' dir='ltr'><strong>Romani</strong></span> <span class='ocrx_word' id='word_1_661' title='bbox 1269 5041 1612 5110; x_wconf 87' lang='lat' dir='ltr'><strong>episcopatus</strong></span> <span class='ocrx_word' id='word_1_662' title='bbox 1641 5060 1784 5103; x_wconf 89' lang='lat' dir='ltr'><strong>anno</strong></span> <span class='ocrx_word' id='word_1_663' title='bbox 1815 5047 2123 5113; x_wconf 79' lang='lat' dir='ltr'><strong>defunctus,</strong></span> <span class='ocrx_word' id='word_1_664' title='bbox 2165 5051 2290 5103; x_wconf 88' lang='lat' dir='ltr'><strong>Dio-</strong></span> 
     </span>
    </p>
   </div>
   <div class='ocr_carea' id='block_1_100' title="bbox 761 5131 2301 5202">
    <p class='ocr_par' dir='ltr' id='par_1_100' title="bbox 761 5131 2301 5202">
     <span class='ocr_line' id='line_1_100' title="bbox 761 5131 2301 5202; baseline 0.006 -18"><span class='ocrx_word' id='word_1_665' title='bbox 761 5132 972 5202; x_wconf 81' lang='lat' dir='ltr'><strong>nysium</strong></span> <span class='ocrx_word' id='word_1_666' title='bbox 1024 5145 1390 5184; x_wconf 89' lang='lat' dir='ltr'><strong>successorem</strong></span> <span class='ocrx_word' id='word_1_667' title='bbox 1449 5131 1664 5189; x_wconf 87' lang='lat' dir='ltr'><strong>habuit.</strong></span> <span class='ocrx_word' id='word_1_668' title='bbox 1719 5135 2066 5190; x_wconf 86' lang='lat' dir='ltr'><strong>Demetriano</strong></span> <span class='ocrx_word' id='word_1_669' title='bbox 2112 5139 2301 5193; x_wconf 81' lang='lat' dir='ltr'><strong>Antio-</strong></span> 
     </span>
    </p>
   </div>
   <div class='ocr_carea' id='block_1_101' title="bbox 763 5221 2300 5298">
    <p class='ocr_par' dir='ltr' id='par_1_101' title="bbox 763 5221 2300 5298">
     <span class='ocr_line' id='line_1_101' title="bbox 763 5221 2300 5298; baseline 0.005 -23"><span class='ocrx_word' id='word_1_670' title='bbox 763 5222 935 5275; x_wconf 86' lang='lat' dir='ltr'><strong>cheuo</strong></span> <span class='ocrx_word' id='word_1_671' title='bbox 979 5230 1206 5280; x_wconf 85' lang='lat' dir='ltr'><strong>mortuo,</strong></span> <span class='ocrx_word' id='word_1_672' title='bbox 1253 5221 1450 5274; x_wconf 81' lang='lat' dir='ltr'><strong>Paulus</strong></span> <span class='ocrx_word' id='word_1_673' title='bbox 1488 5221 1873 5280; x_wconf 81' lang='lat' dir='ltr'><strong>Samosatenus</strong></span> <span class='ocrx_word' id='word_1_674' title='bbox 1905 5229 2165 5296; x_wconf 81' lang='lat' dir='ltr'><strong>successit</strong></span> <span class='ocrx_word' id='word_1_675' title='bbox 2207 5231 2300 5298; x_wconf 90' lang='lat' dir='ltr'><strong>qui</strong></span> 
     </span>
    </p>
   </div>
   <div class='ocr_carea' id='block_1_102' title="bbox 765 5311 2302 5376">
    <p class='ocr_par' dir='ltr' id='par_1_102' title="bbox 765 5311 2302 5376">
     <span class='ocr_line' id='line_1_102' title="bbox 765 5311 2302 5376; baseline 0.009 -14"><span class='ocrx_word' id='word_1_676' title='bbox 765 5313 832 5363; x_wconf 92' lang='lat' dir='ltr'><strong>de</strong></span> <span class='ocrx_word' id='word_1_677' title='bbox 880 5311 1092 5364; x_wconf 86' lang='lat' dir='ltr'><strong>Christo</strong></span> <span class='ocrx_word' id='word_1_678' title='bbox 1145 5311 1424 5366; x_wconf 89' lang='lat' dir='ltr'><strong>humiliter</strong></span> <span class='ocrx_word' id='word_1_679' title='bbox 1473 5313 1679 5376; x_wconf 88' lang='lat' dir='ltr'><strong>docuit,</strong></span> <span class='ocrx_word' id='word_1_680' title='bbox 1711 5329 1835 5367; x_wconf 89' lang='lat' dir='ltr'><strong>cum</strong></span> <span class='ocrx_word' id='word_1_681' title='bbox 1861 5317 2132 5373; x_wconf 87' lang='lat' dir='ltr'><strong>hominem</strong></span> <span class='ocrx_word' id='word_1_682' title='bbox 2184 5335 2302 5376; x_wconf 82' lang='lat' dir='ltr'><strong>esse</strong></span> 
     </span>
    </p>
   </div>
   <div class='ocr_carea' id='block_1_103' title="bbox 767 5401 2302 5470">
    <p class='ocr_par' dir='ltr' id='par_1_103' title="bbox 767 5401 2302 5470">
     <span class='ocr_line' id='line_1_103' title="bbox 767 5401 2302 5470; baseline 0.009 -18"><span class='ocrx_word' id='word_1_683' title='bbox 767 5410 960 5452; x_wconf 83' lang='lat' dir='ltr'><strong>natura</strong></span> <span class='ocrx_word' id='word_1_684' title='bbox 993 5401 1267 5452; x_wconf 89' lang='lat' dir='ltr'><strong>communi</strong></span> <span class='ocrx_word' id='word_1_685' title='bbox 1302 5403 1614 5470; x_wconf 65' lang='lat' dir='ltr'><strong>praeditum,</strong></span> <span class='ocrx_word' id='word_1_686' title='bbox 1643 5413 1699 5456; x_wconf 88' lang='lat' dir='ltr'><strong>et</strong></span> <span class='ocrx_word' id='word_1_687' title='bbox 1733 5402 1838 5458; x_wconf 84' lang='lat' dir='ltr'><strong>non</strong></span> <span class='ocrx_word' id='word_1_688' title='bbox 1878 5407 2065 5462; x_wconf 84' lang='lat' dir='ltr'><strong>Deum.</strong></span> <span class='ocrx_word' id='word_1_689' title='bbox 2104 5413 2302 5466; x_wconf 90' lang='lat' dir='ltr'><strong>Contra</strong></span> 
     </span>
    </p>
   </div>
   <div class='ocr_carea' id='block_1_104' title="bbox 767 5489 2302 5576">
    <p class='ocr_par' dir='ltr' id='par_1_104' title="bbox 767 5489 2302 5576">
     <span class='ocr_line' id='line_1_104' title="bbox 767 5489 2302 5576; baseline 0.011 -37"><span class='ocrx_word' id='word_1_690' title='bbox 767 5489 924 5557; x_wconf 75' lang='lat'><strong>635</strong></span> <span class='ocrx_word' id='word_1_691' title='bbox 945 5490 1335 5576; x_wconf 70' lang='lat' dir='ltr'><strong>hunc_aliarum</strong></span> <span class='ocrx_word' id='word_1_692' title='bbox 1361 5493 1718 5548; x_wconf 84' lang='lat' dir='ltr'><strong>Ecclesiarum</strong></span> <span class='ocrx_word' id='word_1_693' title='bbox 1750 5507 1992 5564; x_wconf 89' lang='lat' dir='ltr'><strong>pastores</strong></span> <span class='ocrx_word' id='word_1_694' title='bbox 2018 5499 2302 5556; x_wconf 89' lang='lat' dir='ltr'><strong>concilium</strong></span> 
     </span>
    </p>
   </div>
   <div class='ocr_carea' id='block_1_105' title="bbox 767 5580 2303 5660">
    <p class='ocr_par' dir='ltr' id='par_1_105' title="bbox 767 5580 2303 5660">
     <span class='ocr_line' id='line_1_105' title="bbox 767 5580 2303 5660; baseline 0.009 -29"><span class='ocrx_word' id='word_1_695' title='bbox 767 5580 1100 5642; x_wconf 85' lang='lat' dir='ltr'><strong>indixerunt,</strong></span> <span class='ocrx_word' id='word_1_696' title='bbox 1160 5581 1251 5636; x_wconf 88' lang='lat' dir='ltr'><strong>cui</strong></span> <span class='ocrx_word' id='word_1_697' title='bbox 1302 5583 1462 5635; x_wconf 89' lang='lat' dir='ltr'><strong>etiam</strong></span> <span class='ocrx_word' id='word_1_698' title='bbox 1510 5584 1804 5654; x_wconf 86' lang='lat' dir='ltr'><strong>Gregorius</strong></span> <span class='ocrx_word' id='word_1_699' title='bbox 1852 5587 2303 5660; x_wconf 80' lang='lat' dir='ltr'><strong>Thaumaturgus,</strong></span> 
     </span>
    </p>
   </div>
   <div class='ocr_carea' id='block_1_106' title="bbox 767 5670 2306 5749">
    <p class='ocr_par' dir='ltr' id='par_1_106' title="bbox 767 5670 2306 5749">
     <span class='ocr_line' id='line_1_106' title="bbox 767 5670 2306 5749; baseline 0.008 -28"><span class='ocrx_word' id='word_1_700' title='bbox 767 5679 824 5722; x_wconf 88' lang='lat' dir='ltr'><strong>et</strong></span> <span class='ocrx_word' id='word_1_701' title='bbox 854 5670 1019 5723; x_wconf 76' lang='lat' dir='ltr'><strong>frater</strong></span> <span class='ocrx_word' id='word_1_702' title='bbox 1055 5673 1172 5739; x_wconf 87' lang='lat' dir='ltr'><strong>ejus</strong></span> <span class='ocrx_word' id='word_1_703' title='bbox 1212 5671 1594 5726; x_wconf 78' lang='lat' dir='ltr'><strong>Athenodorus</strong></span> <span class='ocrx_word' id='word_1_704' title='bbox 1621 5674 1987 5731; x_wconf 63' lang='lat' dir='ltr'><strong>interfuerunt</strong></span> <span class='ocrx_word' id='word_1_705' title='bbox 2018 5696 2030 5730; x_wconf 89' lang='lat'><strong>:</strong></span> <span class='ocrx_word' id='word_1_706' title='bbox 2067 5697 2306 5749; x_wconf 89' lang='lat' dir='ltr'><strong>eumque</strong></span> 
     </span>
    </p>
   </div>
   <div class='ocr_carea' id='block_1_107' title="bbox 773 5758 2303 5837">
    <p class='ocr_par' dir='ltr' id='par_1_107' title="bbox 773 5758 2303 5837">
     <span class='ocr_line' id='line_1_107' title="bbox 773 5758 2303 5837; baseline 0.012 -31"><span class='ocrx_word' id='word_1_707' title='bbox 773 5768 827 5806; x_wconf 84' lang='lat' dir='ltr'><strong>nt</strong></span> <span class='ocrx_word' id='word_1_708' title='bbox 875 5773 1148 5826; x_wconf 81' lang='lat' dir='ltr'><strong>perperam</strong></span> <span class='ocrx_word' id='word_1_709' title='bbox 1187 5762 1254 5814; x_wconf 90' lang='lat' dir='ltr'><strong>dc</strong></span> <span class='ocrx_word' id='word_1_710' title='bbox 1300 5758 1517 5813; x_wconf 88' lang='lat' dir='ltr'><strong>Christo</strong></span> <span class='ocrx_word' id='word_1_711' title='bbox 1567 5762 1910 5830; x_wconf 84' lang='lat' dir='ltr'><strong>sentientem,</strong></span> <span class='ocrx_word' id='word_1_712' title='bbox 1970 5769 2303 5837; x_wconf 84' lang='lat' dir='ltr'><strong>convictum,</strong></span> 
     </span>
    </p>
   </div>
   <div class='ocr_carea' id='block_1_108' title="bbox 2400 4602 3923 4682">
    <p class='ocr_par' dir='ltr' id='par_1_108' title="bbox 2400 4602 3923 4682">
     <span class='ocr_line' id='line_1_108' title="bbox 2400 4602 3923 4682; baseline 0.01 -29"><span class='ocrx_word' id='word_1_713' title='bbox 2400 4603 2464 4654; x_wconf 75' lang='grc' dir='ltr'><strong>ἐκ</strong></span> <span class='ocrx_word' id='word_1_714' title='bbox 2492 4602 2587 4672; x_wconf 85' lang='grc' dir='ltr'>τῆς</span> <span class='ocrx_word' id='word_1_715' title='bbox 2611 4603 2706 4655; x_wconf 84' lang='grc' dir='ltr'>τοῦ</span> <span class='ocrx_word' id='word_1_716' title='bbox 2745 4605 2970 4672; x_wconf 81' lang='grc' dir='ltr'>αἵματος</span> <span class='ocrx_word' id='word_1_717' title='bbox 3001 4605 3316 4678; x_wconf 77' lang='grc' dir='ltr'>ετελεύτησε</span> <span class='ocrx_word' id='word_1_718' title='bbox 3340 4606 3568 4677; x_wconf 71' lang='grc' dir='ltr'>ῥύσεως,</span> <span class='ocrx_word' id='word_1_719' title='bbox 3629 4615 3923 4682; x_wconf 71' lang='grc' dir='ltr'>βασιλεύσας</span> 
     </span>
    </p>
   </div>
   <div class='ocr_carea' id='block_1_109' title="bbox 2401 4693 3924 4774">
    <p class='ocr_par' dir='ltr' id='par_1_109' title="bbox 2401 4693 3924 4774">
     <span class='ocr_line' id='line_1_109' title="bbox 2401 4693 3924 4774; baseline 0.008 -33"><span class='ocrx_word' id='word_1_720' title='bbox 2401 4693 2675 4754; x_wconf 74' lang='grc' dir='ltr'>ἐνιαυτοὺς</span> <span class='ocrx_word' id='word_1_721' title='bbox 2708 4694 3101 4746; x_wconf 82' lang='grc' dir='ltr'>πεντεκαίδεκα</span> <span class='ocrx_word' id='word_1_722' title='bbox 3129 4696 3224 4749; x_wconf 80' lang='grc' dir='ltr'>σὺν</span> <span class='ocrx_word' id='word_1_723' title='bbox 3257 4701 3366 4760; x_wconf 88' lang='grc' dir='ltr'>τοῖς</span> <span class='ocrx_word' id='word_1_724' title='bbox 3395 4699 3486 4752; x_wconf 79' lang='grc' dir='ltr'>τοῦ</span> <span class='ocrx_word' id='word_1_725' title='bbox 3517 4705 3736 4774; x_wconf 82' lang='grc' dir='ltr'>πατρὸς.</span> <span class='ocrx_word' id='word_1_726' title='bbox 3768 4700 3924 4756; x_wconf 64' lang='grc' dir='ltr'><strong>Ἦνδὲ</strong></span> 
     </span>
    </p>
   </div>
   <div class='ocr_carea' id='block_1_110' title="bbox 2403 4782 3923 4863">
    <p class='ocr_par' dir='ltr' id='par_1_110' title="bbox 2403 4782 3923 4863">
     <span class='ocr_line' id='line_1_110' title="bbox 2403 4782 3923 4863; baseline 0.009 -33"><span class='ocrx_word' id='word_1_727' title='bbox 2403 4785 2498 4849; x_wconf 75' lang='grc' dir='ltr'>τὴν</span> <span class='ocrx_word' id='word_1_728' title='bbox 2523 4782 2748 4851; x_wconf 85' lang='grc' dir='ltr'>γνώμην</span> <span class='ocrx_word' id='word_1_729' title='bbox 2782 4785 3063 4851; x_wconf 81' lang='grc' dir='ltr'>φιλότιμος</span> <span class='ocrx_word' id='word_1_730' title='bbox 3102 4788 3199 4838; x_wconf 77' lang='grc' dir='ltr'>καὶ</span> <span class='ocrx_word' id='word_1_731' title='bbox 3221 4791 3354 4841; x_wconf 79' lang='grc' dir='ltr'>πᾶσι</span> <span class='ocrx_word' id='word_1_732' title='bbox 3401 4790 3571 4843; x_wconf 82' lang='grc' dir='ltr'>θέλων</span> <span class='ocrx_word' id='word_1_733' title='bbox 3610 4796 3923 4863; x_wconf 75' lang='grc' dir='ltr'>χαρίζεσθαι,</span> 
     </span>
    </p>
   </div>
   <div class='ocr_carea' id='block_1_111' title="bbox 2405 4874 3927 4958">
    <p class='ocr_par' dir='ltr' id='par_1_111' title="bbox 2405 4874 3927 4958">
     <span class='ocr_line' id='line_1_111' title="bbox 2405 4874 3927 4958; baseline 0.008 -35"><span class='ocrx_word' id='word_1_734' title='bbox 2405 4876 2498 4958; x_wconf 74' lang='grc' dir='ltr'>καὶ</span> <span class='ocrx_word' id='word_1_735' title='bbox 2518 4874 2687 4934; x_wconf 78' lang='grc' dir='ltr'>οὐδεὶς</span> <span class='ocrx_word' id='word_1_736' title='bbox 2717 4876 3032 4944; x_wconf 75' lang='grc' dir='ltr'>αἰτούμενος</span> <span class='ocrx_word' id='word_1_737' title='bbox 3059 4879 3218 4931; x_wconf 81' lang='grc' dir='ltr'>αὑτὸν</span> <span class='ocrx_word' id='word_1_738' title='bbox 3257 4881 3622 4951; x_wconf 81' lang='grc' dir='ltr'>διημάρτανεν</span> <span class='ocrx_word' id='word_1_739' title='bbox 3647 4904 3660 4916; x_wconf 88' lang='grc'><strong>·</strong></span> <span class='ocrx_word' id='word_1_740' title='bbox 3695 4888 3812 4938; x_wconf 76' lang='grc' dir='ltr'>οὔτε</span> <span class='ocrx_word' id='word_1_741' title='bbox 3842 4889 3927 4953; x_wconf 74' lang='grc' dir='ltr'>μὴν</span> 
     </span>
    </p>
   </div>
   <div class='ocr_carea' id='block_1_112' title="bbox 2403 4964 3926 5040">
    <p class='ocr_par' dir='ltr' id='par_1_112' title="bbox 2403 4964 3926 5040">
     <span class='ocr_line' id='line_1_112' title="bbox 2403 4964 3926 5040; baseline 0.005 -25"><span class='ocrx_word' id='word_1_742' title='bbox 2403 4964 2527 5024; x_wconf 84' lang='grc' dir='ltr'>τοὺς</span> <span class='ocrx_word' id='word_1_743' title='bbox 2561 4966 2972 5027; x_wconf 74' lang='grc' dir='ltr'>ἐναντιωθέντας</span> <span class='ocrx_word' id='word_1_744' title='bbox 3015 4968 3182 5036; x_wconf 84' lang='grc' dir='ltr'>αὐτῷ,</span> <span class='ocrx_word' id='word_1_745' title='bbox 3224 4970 3256 5038; x_wconf 84' lang='grc' dir='ltr'>ἦ</span> <span class='ocrx_word' id='word_1_746' title='bbox 3289 4975 3689 5040; x_wconf 74' lang='grc' dir='ltr'>προστεθέντας</span> <span class='ocrx_word' id='word_1_747' title='bbox 3719 4980 3824 5039; x_wconf 76' lang='grc' dir='ltr'>τοῖς</span> <span class='ocrx_word' id='word_1_748' title='bbox 3855 4995 3926 5028; x_wconf 73' lang='grc' dir='ltr'><strong>τυ.</strong></span> 
     </span>
    </p>
   </div>
   <div class='ocr_carea' id='block_1_113' title="bbox 2409 5057 3928 5129">
    <p class='ocr_par' dir='ltr' id='par_1_113' title="bbox 2409 5057 3928 5129">
     <span class='ocr_line' id='line_1_113' title="bbox 2409 5057 3928 5129; baseline 0.008 -24"><span class='ocrx_word' id='word_1_749' title='bbox 2409 5057 2755 5124; x_wconf 80' lang='grc' dir='ltr'>ραννήσασιν,</span> <span class='ocrx_word' id='word_1_750' title='bbox 2811 5058 3209 5126; x_wconf 78' lang='grc' dir='ltr'>ἐτιμωρήσατο.</span> <span class='ocrx_word' id='word_1_751' title='bbox 3249 5061 3310 5111; x_wconf 84' lang='lat' dir='ltr'><strong>Ol.</strong></span> <span class='ocrx_word' id='word_1_752' title='bbox 3335 5061 3434 5128; x_wconf 84' lang='grc' dir='ltr'>μὲν</span> <span class='ocrx_word' id='word_1_753' title='bbox 3465 5064 3558 5115; x_wconf 79' lang='grc' dir='ltr'>οὖν</span> <span class='ocrx_word' id='word_1_754' title='bbox 3591 5065 3763 5129; x_wconf 78' lang='grc' dir='ltr'>οὕτως</span> <span class='ocrx_word' id='word_1_755' title='bbox 3809 5071 3928 5118; x_wconf 72' lang='grc' dir='ltr'>ἱστο-</span> 
     </span>
    </p>
   </div>
   <div class='ocr_carea' id='block_1_114' title="bbox 2412 5135 3983 5227">
    <p class='ocr_par' dir='ltr' id='par_1_114' title="bbox 2412 5135 3983 5227">
     <span class='ocr_line' id='line_1_114' title="bbox 2412 5135 3983 5227; baseline 0.011 -34"><span class='ocrx_word' id='word_1_756' title='bbox 2412 5159 2582 5212; x_wconf 81' lang='grc' dir='ltr'>ρησαν</span> <span class='ocrx_word' id='word_1_757' title='bbox 2619 5146 2970 5214; x_wconf 83' lang='grc' dir='ltr'>ἀναιρεθῆναι</span> <span class='ocrx_word' id='word_1_758' title='bbox 2999 5148 3089 5198; x_wconf 88' lang='grc' dir='ltr'>τὸν</span> <span class='ocrx_word' id='word_1_759' title='bbox 3112 5149 3367 5208; x_wconf 77' lang='grc' dir='ltr'>Γαλιηνόν</span> <span class='ocrx_word' id='word_1_760' title='bbox 3397 5169 3410 5181; x_wconf 87' lang='grc'><strong>·</strong></span> <span class='ocrx_word' id='word_1_761' title='bbox 3436 5155 3484 5204; x_wconf 75' lang='lat' dir='ltr'><strong>oi</strong></span> <span class='ocrx_word' id='word_1_762' title='bbox 3513 5155 3570 5207; x_wconf 82' lang='grc' dir='ltr'>δὲ</span> <span class='ocrx_word' id='word_1_763' title='bbox 3595 5162 3738 5227; x_wconf 73' lang='grc' dir='ltr'>παρὰ</span> <span class='ocrx_word' id='word_1_764' title='bbox 3788 5160 3929 5226; x_wconf 78' lang='grc' dir='ltr'>Ἡρα·</span> <span class='ocrx_word' id='word_1_765' title='bbox 3981 5135 3983 5142; x_wconf 31' lang='grc' dir='ltr'><strong>Ι</strong></span> 
     </span>
    </p>
   </div>
   <div class='ocr_carea' id='block_1_115' title="bbox 2407 5235 3927 5315">
    <p class='ocr_par' dir='ltr' id='par_1_115' title="bbox 2407 5235 3927 5315">
     <span class='ocr_line' id='line_1_115' title="bbox 2407 5235 3927 5315; baseline 0.009 -32"><span class='ocrx_word' id='word_1_766' title='bbox 2407 5235 2653 5287; x_wconf 80' lang='grc' dir='ltr'>κλειανοῦ</span> <span class='ocrx_word' id='word_1_767' title='bbox 2690 5236 2782 5287; x_wconf 77' lang='grc' dir='ltr'>τοῦ</span> <span class='ocrx_word' id='word_1_768' title='bbox 2841 5238 3079 5306; x_wconf 81' lang='grc' dir='ltr'>ἐπάρχου</span> <span class='ocrx_word' id='word_1_769' title='bbox 3112 5243 3382 5311; x_wconf 71' lang='grc' dir='ltr'>σφαγῆναι</span> <span class='ocrx_word' id='word_1_770' title='bbox 3422 5248 3608 5299; x_wconf 80' lang='grc' dir='ltr'>τοῦτόν</span> <span class='ocrx_word' id='word_1_771' title='bbox 3643 5265 3792 5315; x_wconf 85' lang='grc' dir='ltr'>φασι.</span> <span class='ocrx_word' id='word_1_772' title='bbox 3842 5248 3927 5298; x_wconf 78' lang='grc' dir='ltr'><strong>Τυῦ</strong></span> 
     </span>
    </p>
   </div>
   <div class='ocr_carea' id='block_1_116' title="bbox 2409 5327 3929 5402">
    <p class='ocr_par' dir='ltr' id='par_1_116' title="bbox 2409 5327 3929 5402">
     <span class='ocr_line' id='line_1_116' title="bbox 2409 5327 3929 5402; baseline 0.01 -28"><span class='ocrx_word' id='word_1_773' title='bbox 2409 5327 2514 5392; x_wconf 75' lang='grc' dir='ltr'>γὰρ</span> <span class='ocrx_word' id='word_1_774' title='bbox 2539 5327 2796 5394; x_wconf 72' lang='grc' dir='ltr'>Λὺριόὶου</span> <span class='ocrx_word' id='word_1_775' title='bbox 2830 5330 2886 5378; x_wconf 85' lang='grc' dir='ltr'><strong>ἐν</strong></span> <span class='ocrx_word' id='word_1_776' title='bbox 2937 5330 3157 5391; x_wconf 78' lang='grc' dir='ltr'>Κελτοῖς</span> <span class='ocrx_word' id='word_1_777' title='bbox 3208 5336 3658 5402; x_wconf 79' lang='grc' dir='ltr'>στρατηγοῦντος,</span> <span class='ocrx_word' id='word_1_778' title='bbox 3716 5342 3803 5392; x_wconf 76' lang='grc' dir='ltr'>καὶ</span> <span class='ocrx_word' id='word_1_779' title='bbox 3852 5343 3929 5389; x_wconf 81' lang='grc' dir='ltr'><strong>ἑπ-</strong></span> 
     </span>
    </p>
   </div>
   <div class='ocr_carea' id='block_1_117' title="bbox 2410 5416 3928 5489">
    <p class='ocr_par' dir='ltr' id='par_1_117' title="bbox 2410 5416 3928 5489">
     <span class='ocr_line' id='line_1_117' title="bbox 2410 5416 3928 5489; baseline 0.012 -25"><span class='ocrx_word' id='word_1_780' title='bbox 2410 5416 2738 5477; x_wconf 69' lang='grc' dir='ltr'>α.ιαστάντος</span> <span class='ocrx_word' id='word_1_781' title='bbox 2766 5418 2913 5485; x_wconf 86' lang='grc' dir='ltr'><strong>αὺτῷ</strong></span> <span class='ocrx_word' id='word_1_782' title='bbox 2951 5418 3173 5481; x_wconf 74' lang='grc' dir='ltr'>ἥκοντος</span> <span class='ocrx_word' id='word_1_783' title='bbox 3203 5437 3260 5471; x_wconf 85' lang='grc' dir='ltr'><strong>τε</strong></span> <span class='ocrx_word' id='word_1_784' title='bbox 3311 5423 3403 5473; x_wconf 80' lang='grc' dir='ltr'>ἐπὶ</span> <span class='ocrx_word' id='word_1_785' title='bbox 3437 5424 3664 5479; x_wconf 83' lang='grc' dir='ltr'>Ἰταλίαν</span> <span class='ocrx_word' id='word_1_786' title='bbox 3707 5431 3796 5480; x_wconf 75' lang='grc' dir='ltr'>σὺν</span> <span class='ocrx_word' id='word_1_787' title='bbox 3830 5432 3928 5489; x_wconf 79' lang='grc' dir='ltr'>ταῖς</span> 
     </span>
    </p>
   </div>
   <div class='ocr_carea' id='block_1_118' title="bbox 2410 5502 3924 5589">
    <p class='ocr_par' dir='ltr' id='par_1_118' title="bbox 2410 5502 3924 5589">
     <span class='ocr_line' id='line_1_118' title="bbox 2410 5502 3924 5589; baseline 0.014 -39"><span class='ocrx_word' id='word_1_788' title='bbox 2410 5502 2690 5568; x_wconf 79' lang='grc' dir='ltr'>δυνάμεσι,</span> <span class='ocrx_word' id='word_1_789' title='bbox 2736 5509 2828 5556; x_wconf 82' lang='grc' dir='ltr'>καὶ</span> <span class='ocrx_word' id='word_1_790' title='bbox 2862 5510 2888 5557; x_wconf 82' lang='grc' dir='ltr'>ὁ</span> <span class='ocrx_word' id='word_1_791' title='bbox 2928 5507 3180 5572; x_wconf 81' lang='grc' dir='ltr'>Γαλιηνὸς</span> <span class='ocrx_word' id='word_1_792' title='bbox 3243 5511 3362 5561; x_wconf 83' lang='grc' dir='ltr'>κατ’</span> <span class='ocrx_word' id='word_1_793' title='bbox 3413 5515 3620 5568; x_wconf 86' lang='grc' dir='ltr'>ἐκείνου</span> <span class='ocrx_word' id='word_1_794' title='bbox 3648 5519 3924 5589; x_wconf 77' lang='grc' dir='ltr'>ἐξώρμησε.</span> 
     </span>
    </p>
   </div>
   <div class='ocr_carea' id='block_1_119' title="bbox 2413 5589 3925 5673">
    <p class='ocr_par' dir='ltr' id='par_1_119' title="bbox 2413 5589 3925 5673">
     <span class='ocr_line' id='line_1_119' title="bbox 2413 5589 3925 5673; baseline 0.013 -35"><span class='ocrx_word' id='word_1_795' title='bbox 2413 5589 2619 5652; x_wconf 82' lang='grc' dir='ltr'>Νυκτὸς</span> <span class='ocrx_word' id='word_1_796' title='bbox 2654 5593 2706 5643; x_wconf 82' lang='grc' dir='ltr'>δὲ</span> <span class='ocrx_word' id='word_1_797' title='bbox 2742 5593 3016 5660; x_wconf 84' lang='grc' dir='ltr'>πρόσεισιν</span> <span class='ocrx_word' id='word_1_798' title='bbox 3049 5597 3216 5664; x_wconf 82' lang='grc' dir='ltr'>αὐτῷ,</span> <span class='ocrx_word' id='word_1_799' title='bbox 3251 5599 3308 5647; x_wconf 84' lang='grc' dir='ltr'><strong>ἐν</strong></span> <span class='ocrx_word' id='word_1_800' title='bbox 3328 5602 3393 5669; x_wconf 81' lang='grc' dir='ltr'><strong>τῇ</strong></span> <span class='ocrx_word' id='word_1_801' title='bbox 3421 5609 3592 5673; x_wconf 78' lang='grc' dir='ltr'>σκηνῇ</span> <span class='ocrx_word' id='word_1_802' title='bbox 3641 5609 3925 5660; x_wconf 74' lang='grc' dir='ltr'>καθεύδοντι</span> 
     </span>
    </p>
   </div>
   <div class='ocr_carea' id='block_1_120' title="bbox 2411 5680 3926 5766">
    <p class='ocr_par' dir='ltr' id='par_1_120' title="bbox 2411 5680 3926 5766">
     <span class='ocr_line' id='line_1_120' title="bbox 2411 5680 3926 5766; baseline 0.011 -36"><span class='ocrx_word' id='word_1_803' title='bbox 2411 5682 2439 5730; x_wconf 80' lang='grc' dir='ltr'>ὁ</span> <span class='ocrx_word' id='word_1_804' title='bbox 2491 5680 2872 5745; x_wconf 74' lang='grc' dir='ltr'>Ἰἱρακλειανὸς</span> <span class='ocrx_word' id='word_1_805' title='bbox 2920 5687 3333 5755; x_wconf 65' lang='grc' dir='ltr'>κεκοινωνηκὼς</span> <span class='ocrx_word' id='word_1_806' title='bbox 3365 5693 3463 5760; x_wconf 83' lang='grc' dir='ltr'>τῆς</span> <span class='ocrx_word' id='word_1_807' title='bbox 3519 5697 3803 5766; x_wconf 75' lang='grc' dir='ltr'>ἐπιϐουλῆς</span> <span class='ocrx_word' id='word_1_808' title='bbox 3850 5697 3926 5747; x_wconf 77' lang='grc' dir='ltr'>καὶ</span> 
     </span>
    </p>
   </div>
   <div class='ocr_carea' id='block_1_121' title="bbox 2415 5773 3924 5854">
    <p class='ocr_par' dir='ltr' id='par_1_121' title="bbox 2415 5773 3924 5854">
     <span class='ocr_line' id='line_1_121' title="bbox 2415 5773 3924 5854; baseline 0.007 -30"><span class='ocrx_word' id='word_1_809' title='bbox 2415 5773 2681 5840; x_wconf 63' lang='grc' dir='ltr'>Κλαυδίῳ,</span> <span class='ocrx_word' id='word_1_810' title='bbox 2730 5775 2881 5844; x_wconf 81' lang='grc' dir='ltr'>ἀνδρὶ</span> <span class='ocrx_word' id='word_1_811' title='bbox 2936 5783 3448 5851; x_wconf 80' lang='grc' dir='ltr'>στρατηγικωτάτῳ,</span> <span class='ocrx_word' id='word_1_812' title='bbox 3498 5787 3924 5854; x_wconf 45' lang='grc' dir='ltr'>ἀπαγγέλλω-ιδῃ</span> 
     </span>
    </p>
   </div>
  </div>
