  <div class='ocr_page' id='page_1' title='image "/cluster/home/n/w/nwhite01/storage/ocr_20150623/134/pst.000005714506/547.png"; bbox 0 0 3988 6338; ppageno 0'>
   <div class='ocr_carea' id='block_1_1' title="bbox 675 413 811 476">
    <p class='ocr_par' dir='ltr' id='par_1_1' title="bbox 675 413 811 476">
     <span class='ocr_line' id='line_1_1' title="bbox 675 413 811 476; baseline 0.007 -1"><span class='ocrx_word' id='word_1_1' title='bbox 675 413 811 476; x_wconf 74' lang='grc' dir='ltr'><strong>1η79</strong></span> 
     </span>
    </p>
   </div>
   <div class='ocr_carea' id='block_1_2' title="bbox 1920 425 2602 497">
    <p class='ocr_par' dir='ltr' id='par_1_2' title="bbox 1920 425 2602 497">
     <span class='ocr_line' id='line_1_2' title="bbox 1920 425 2602 497; baseline 0.01 -12"><span class='ocrx_word' id='word_1_2' title='bbox 1920 425 2244 488; x_wconf 76' lang='lat' dir='ltr'><strong>IOANNIS</strong></span> <span class='ocrx_word' id='word_1_3' title='bbox 2284 429 2602 497; x_wconf 72' lang='lat' dir='ltr'><strong>ZONAB/E</strong></span> 
     </span>
    </p>
   </div>
   <div class='ocr_carea' id='block_1_3' title="bbox 3778 438 3889 503">
    <p class='ocr_par' dir='ltr' id='par_1_3' title="bbox 3778 438 3889 503">
     <span class='ocr_line' id='line_1_3' title="bbox 3778 438 3889 503; baseline 0.027 -3"><span class='ocrx_word' id='word_1_4' title='bbox 3778 438 3889 503; x_wconf 70' lang='lat'><strong>1080</strong></span> 
     </span>
    </p>
   </div>
   <div class='ocr_carea' id='block_1_4' title="bbox 668 524 2220 625">
    <p class='ocr_par' dir='ltr' id='par_1_4' title="bbox 668 524 2220 605">
     <span class='ocr_line' id='line_1_4' title="bbox 668 524 2220 605; baseline 0.008 -25"><span class='ocrx_word' id='word_1_5' title='bbox 668 524 1065 586; x_wconf 76' lang='lat' dir='ltr'><strong>cnarissimus,</strong></span> <span class='ocrx_word' id='word_1_6' title='bbox 1129 541 1357 596; x_wconf 79' lang='lat' dir='ltr'><strong>regnum</strong></span> <span class='ocrx_word' id='word_1_7' title='bbox 1414 529 1744 597; x_wconf 73' lang='lat' dir='ltr'><strong>affectante,</strong></span> <span class='ocrx_word' id='word_1_8' title='bbox 1809 535 1931 605; x_wconf 82' lang='lat' dir='ltr'><strong>ejus</strong></span> <span class='ocrx_word' id='word_1_9' title='bbox 1980 536 2220 593; x_wconf 79' lang='lat' dir='ltr'><strong>facinori:</strong></span> 
     </span>
    </p>
   </div>
   <div class='ocr_carea' id='block_1_5' title="bbox 2323 524 3887 625">
    <p class='ocr_par' dir='ltr' id='par_1_5' title="bbox 2340 543 3887 625">
     <span class='ocr_line' id='line_1_5' title="bbox 2340 543 3887 625; baseline 0.005 -30"><span class='ocrx_word' id='word_1_10' title='bbox 2340 543 2391 596; x_wconf 85' lang='grc' dir='ltr'><strong>ο¹ί</strong></span> <span class='ocrx_word' id='word_1_11' title='bbox 2420 545 2512 597; x_wconf 74' lang='grc' dir='ltr'><strong>τὸν</strong></span> <span class='ocrx_word' id='word_1_12' title='bbox 2541 545 2882 616; x_wconf 78' lang='grc' dir='ltr'><strong>Αὑρηλιανδν</strong></span> <span class='ocrx_word' id='word_1_13' title='bbox 2908 548 3002 601; x_wconf 74' lang='grc' dir='ltr'><strong>καὶ</strong></span> <span class='ocrx_word' id='word_1_14' title='bbox 3028 550 3118 602; x_wconf 78' lang='grc' dir='ltr'><strong>τὸν</strong></span> <span class='ocrx_word' id='word_1_15' title='bbox 3147 550 3383 605; x_wconf 83' lang='grc' dir='ltr'><strong>τάκιτον</strong></span> <span class='ocrx_word' id='word_1_16' title='bbox 3421 552 3762 625; x_wconf 77' lang='grc' dir='ltr'><strong>ἀνῃρήκασι.</strong></span> <span class='ocrx_word' id='word_1_17' title='bbox 3790 566 3887 603; x_wconf 74' lang='grc' dir='ltr'><strong>σνν-</strong></span> 
     </span>
    </p>
   </div>
   <div class='ocr_carea' id='block_1_6' title="bbox 665 616 2231 693">
    <p class='ocr_par' dir='ltr' id='par_1_6' title="bbox 665 616 2231 693">
     <span class='ocr_line' id='line_1_6' title="bbox 665 616 2231 693; baseline 0.012 -27"><span class='ocrx_word' id='word_1_18' title='bbox 665 616 833 686; x_wconf 75' lang='lat'><strong>638</strong></span> <span class='ocrx_word' id='word_1_19' title='bbox 873 616 1108 672; x_wconf 86' lang='lat' dir='ltr'><strong>indicem</strong></span> <span class='ocrx_word' id='word_1_20' title='bbox 1156 621 1372 674; x_wconf 89' lang='lat' dir='ltr'><strong>mentiri</strong></span> <span class='ocrx_word' id='word_1_21' title='bbox 1425 632 1660 690; x_wconf 86' lang='lat' dir='ltr'><strong>putans,</strong></span> <span class='ocrx_word' id='word_1_22' title='bbox 1689 626 1962 693; x_wconf 77' lang='lat' dir='ltr'><strong>supplicio</strong></span> <span class='ocrx_word' id='word_1_23' title='bbox 2001 629 2231 685; x_wconf 80' lang='lat' dir='ltr'><strong>aﬂ‘ecit:</strong></span> 
     </span>
    </p>
   </div>
   <div class='ocr_carea' id='block_1_7' title="bbox 623 709 2235 779">
    <p class='ocr_par' dir='ltr' id='par_1_7' title="bbox 623 709 2235 779">
     <span class='ocr_line' id='line_1_7' title="bbox 623 709 2235 779; baseline 0.009 -18"><span class='ocrx_word' id='word_1_24' title='bbox 623 775 626 779; x_wconf 19' lang='grc' dir='ltr'><strong><em>ν</em></strong></span> <span class='ocrx_word' id='word_1_25' title='bbox 669 709 1026 763; x_wconf 87' lang='lat' dir='ltr'><strong>Saturninum</strong></span> <span class='ocrx_word' id='word_1_26' title='bbox 1066 727 1196 764; x_wconf 83' lang='lat' dir='ltr'><strong>vero</strong></span> <span class='ocrx_word' id='word_1_27' title='bbox 1226 714 1429 767; x_wconf 76' lang='lat' dir='ltr'><strong>milites</strong></span> <span class='ocrx_word' id='word_1_28' title='bbox 1480 714 1821 772; x_wconf 83' lang='lat' dir='ltr'><strong>occiderunt.</strong></span> <span class='ocrx_word' id='word_1_29' title='bbox 1879 717 2022 773; x_wconf 90' lang='lat' dir='ltr'><strong>Cum</strong></span> <span class='ocrx_word' id='word_1_30' title='bbox 2093 723 2235 776; x_wconf 87' lang='lat' dir='ltr'><strong>alius</strong></span> 
     </span>
    </p>
   </div>
   <div class='ocr_carea' id='block_1_8' title="bbox 665 799 2230 881">
    <p class='ocr_par' dir='ltr' id='par_1_8' title="bbox 665 799 2230 881">
     <span class='ocr_line' id='line_1_8' title="bbox 665 799 2230 881; baseline 0.011 -31"><span class='ocrx_word' id='word_1_31' title='bbox 665 799 886 865; x_wconf 86' lang='lat' dir='ltr'><strong>quidam</strong></span> <span class='ocrx_word' id='word_1_32' title='bbox 950 800 1001 853; x_wconf 93' lang='lat' dir='ltr'><strong>in</strong></span> <span class='ocrx_word' id='word_1_33' title='bbox 1054 801 1352 881; x_wconf 64' lang='lat' dir='ltr'><strong>Britanniis</strong></span> <span class='ocrx_word' id='word_1_34' title='bbox 1414 804 1779 860; x_wconf 77' lang='lat' dir='ltr'><strong>defectionem</strong></span> <span class='ocrx_word' id='word_1_35' title='bbox 1835 810 2230 879; x_wconf 73' lang='lat' dir='ltr'><strong>meditaretur,</strong></span> 
     </span>
    </p>
   </div>
   <div class='ocr_carea' id='block_1_9' title="bbox 665 891 2230 958">
    <p class='ocr_par' dir='ltr' id='par_1_9' title="bbox 665 891 2230 958">
     <span class='ocr_line' id='line_1_9' title="bbox 665 891 2230 958; baseline 0.008 -16"><span class='ocrx_word' id='word_1_36' title='bbox 665 905 827 956; x_wconf 87' lang='lat' dir='ltr'><strong>quem</strong></span> <span class='ocrx_word' id='word_1_37' title='bbox 867 891 981 958; x_wconf 89' lang='lat' dir='ltr'><strong>ipse</strong></span> <span class='ocrx_word' id='word_1_38' title='bbox 1015 893 1247 955; x_wconf 87' lang='lat' dir='ltr'><strong>Probus,</strong></span> <span class='ocrx_word' id='word_1_39' title='bbox 1286 893 1553 948; x_wconf 82' lang='lat' dir='ltr'><strong>Victorini</strong></span> <span class='ocrx_word' id='word_1_40' title='bbox 1604 896 1775 951; x_wconf 82' lang='lat' dir='ltr'><strong>Mauri</strong></span> <span class='ocrx_word' id='word_1_41' title='bbox 1822 899 2109 957; x_wconf 78' lang='lat' dir='ltr'><strong>familiaris</strong></span> <span class='ocrx_word' id='word_1_42' title='bbox 2148 903 2230 957; x_wconf 89' lang='lat' dir='ltr'><strong>sui</strong></span> 
     </span>
    </p>
   </div>
   <div class='ocr_carea' id='block_1_10' title="bbox 666 982 2232 1062">
    <p class='ocr_par' dir='ltr' id='par_1_10' title="bbox 666 982 2232 1062">
     <span class='ocr_line' id='line_1_10' title="bbox 666 982 2232 1062; baseline 0.009 -30"><span class='ocrx_word' id='word_1_43' title='bbox 666 982 1143 1036; x_wconf 76' lang='lat' dir='ltr'><strong>commendatione</strong></span> <span class='ocrx_word' id='word_1_44' title='bbox 1206 983 1513 1045; x_wconf 85' lang='lat' dir='ltr'><strong>adductus.</strong></span> <span class='ocrx_word' id='word_1_45' title='bbox 1563 986 2055 1062; x_wconf 35' lang='lat' dir='ltr'><strong>ad&#39;magistratum</strong></span> <span class='ocrx_word' id='word_1_46' title='bbox 2106 1007 2232 1046; x_wconf 84' lang='lat' dir='ltr'><strong>eve-</strong></span> 
     </span>
    </p>
   </div>
   <div class='ocr_carea' id='block_1_11' title="bbox 664 1073 2230 1149">
    <p class='ocr_par' dir='ltr' id='par_1_11' title="bbox 664 1073 2230 1149">
     <span class='ocr_line' id='line_1_11' title="bbox 664 1073 2230 1149; baseline 0.009 -26"><span class='ocrx_word' id='word_1_47' title='bbox 664 1081 819 1125; x_wconf 82' lang='lat' dir='ltr'><strong>xerat</strong></span> <span class='ocrx_word' id='word_1_48' title='bbox 851 1088 865 1124; x_wconf 92' lang='lat'><strong>:</strong></span> <span class='ocrx_word' id='word_1_49' title='bbox 900 1088 1022 1125; x_wconf 87' lang='lat' dir='ltr'><strong>cum</strong></span> <span class='ocrx_word' id='word_1_50' title='bbox 1061 1073 1342 1129; x_wconf 83' lang='lat' dir='ltr'><strong>Victorino</strong></span> <span class='ocrx_word' id='word_1_51' title='bbox 1376 1078 1769 1145; x_wconf 75' lang='lat' dir='ltr'><strong>expostulavit,</strong></span> <span class='ocrx_word' id='word_1_52' title='bbox 1803 1079 1895 1149; x_wconf 89' lang='lat' dir='ltr'><strong>qui</strong></span> <span class='ocrx_word' id='word_1_53' title='bbox 1944 1082 2230 1149; x_wconf 89' lang='lat' dir='ltr'><strong>impetrata</strong></span> 
     </span>
    </p>
   </div>
   <div class='ocr_carea' id='block_1_12' title="bbox 663 1161 2233 1242">
    <p class='ocr_par' dir='ltr' id='par_1_12' title="bbox 663 1161 2233 1242">
     <span class='ocr_line' id='line_1_12' title="bbox 663 1161 2233 1242; baseline 0.009 -30"><span class='ocrx_word' id='word_1_54' title='bbox 663 1161 730 1213; x_wconf 82' lang='lat' dir='ltr'><strong>ad</strong></span> <span class='ocrx_word' id='word_1_55' title='bbox 762 1161 913 1215; x_wconf 90' lang='lat' dir='ltr'><strong>illum</strong></span> <span class='ocrx_word' id='word_1_56' title='bbox 948 1163 1183 1217; x_wconf 80' lang='lat' dir='ltr'><strong>abeundi</strong></span> <span class='ocrx_word' id='word_1_57' title='bbox 1215 1174 1509 1233; x_wconf 88' lang='lat' dir='ltr'><strong>potestate,</strong></span> <span class='ocrx_word' id='word_1_58' title='bbox 1547 1184 1605 1222; x_wconf 86' lang='lat' dir='ltr'><strong>se</strong></span> <span class='ocrx_word' id='word_1_59' title='bbox 1632 1170 2021 1239; x_wconf 80' lang='lat' dir='ltr'><strong>imperatorem</strong></span> <span class='ocrx_word' id='word_1_60' title='bbox 2047 1171 2233 1242; x_wconf 77' lang='lat' dir='ltr'><strong>fugere</strong></span> 
     </span>
    </p>
   </div>
   <div class='ocr_carea' id='block_1_13' title="bbox 664 1250 2233 1330">
    <p class='ocr_par' dir='ltr' id='par_1_13' title="bbox 664 1250 2233 1330">
     <span class='ocr_line' id='line_1_13' title="bbox 664 1250 2233 1330; baseline 0.01 -28"><span class='ocrx_word' id='word_1_61' title='bbox 664 1250 948 1316; x_wconf 82' lang='lat' dir='ltr'><strong>simulans,</strong></span> <span class='ocrx_word' id='word_1_62' title='bbox 993 1262 1241 1309; x_wconf 80' lang='lat' dir='ltr'><strong>amanter</strong></span> <span class='ocrx_word' id='word_1_63' title='bbox 1264 1271 1293 1309; x_wconf 92' lang='lat' dir='ltr'><strong>a</strong></span> <span class='ocrx_word' id='word_1_64' title='bbox 1322 1267 1553 1327; x_wconf 86' lang='lat' dir='ltr'><strong>tyranno</strong></span> <span class='ocrx_word' id='word_1_65' title='bbox 1583 1270 1906 1330; x_wconf 79' lang='lat' dir='ltr'><strong>susceptus,</strong></span> <span class='ocrx_word' id='word_1_66' title='bbox 1938 1271 2105 1317; x_wconf 90' lang='lat' dir='ltr'><strong>noctu</strong></span> <span class='ocrx_word' id='word_1_67' title='bbox 2140 1277 2233 1317; x_wconf 88' lang='lat' dir='ltr'><strong>oc-</strong></span> 
     </span>
    </p>
   </div>
   <div class='ocr_carea' id='block_1_14' title="bbox 660 1339 2231 1412">
    <p class='ocr_par' dir='ltr' id='par_1_14' title="bbox 660 1339 2231 1412">
     <span class='ocr_line' id='line_1_14' title="bbox 660 1339 2231 1412; baseline 0.008 -17"><span class='ocrx_word' id='word_1_68' title='bbox 660 1339 778 1395; x_wconf 89' lang='lat' dir='ltr'><strong>ciso</strong></span> <span class='ocrx_word' id='word_1_69' title='bbox 829 1342 1079 1405; x_wconf 84' lang='lat' dir='ltr'><strong>homine.</strong></span> <span class='ocrx_word' id='word_1_70' title='bbox 1130 1346 1194 1398; x_wconf 89' lang='lat' dir='ltr'><strong>ad</strong></span> <span class='ocrx_word' id='word_1_71' title='bbox 1245 1348 1483 1402; x_wconf 85' lang='lat' dir='ltr'><strong>Probum</strong></span> <span class='ocrx_word' id='word_1_72' title='bbox 1534 1351 1729 1412; x_wconf 88' lang='lat' dir='ltr'><strong>rediit,</strong></span> <span class='ocrx_word' id='word_1_73' title='bbox 1779 1352 1850 1404; x_wconf 87' lang='lat' dir='ltr'><strong>ob</strong></span> <span class='ocrx_word' id='word_1_74' title='bbox 1912 1364 2231 1410; x_wconf 86' lang='lat' dir='ltr'><strong>mansuetu-</strong></span> 
     </span>
    </p>
   </div>
   <div class='ocr_carea' id='block_1_15' title="bbox 660 1426 2227 1511">
    <p class='ocr_par' dir='ltr' id='par_1_15' title="bbox 660 1426 2227 1511">
     <span class='ocr_line' id='line_1_15' title="bbox 660 1426 2227 1511; baseline 0.009 -26"><span class='ocrx_word' id='word_1_75' title='bbox 660 1426 847 1486; x_wconf 81' lang='lat' dir='ltr'><strong>dinem</strong></span> <span class='ocrx_word' id='word_1_76' title='bbox 877 1473 891 1495; x_wconf 89' lang='lat'><strong>,</strong></span> <span class='ocrx_word' id='word_1_77' title='bbox 922 1436 1365 1511; x_wconf 80' lang='lat' dir='ltr'><strong>plarabilitatem</strong></span> <span class='ocrx_word' id='word_1_78' title='bbox 1417 1448 1472 1491; x_wconf 87' lang='lat' dir='ltr'><strong>et</strong></span> <span class='ocrx_word' id='word_1_79' title='bbox 1515 1440 1945 1495; x_wconf 81' lang='lat' dir='ltr'><strong>muniﬁcentiam</strong></span> <span class='ocrx_word' id='word_1_80' title='bbox 2001 1443 2227 1506; x_wconf 87' lang='lat' dir='ltr'><strong>charum</strong></span> 
     </span>
    </p>
   </div>
   <div class='ocr_carea' id='block_1_16' title="bbox 659 1523 2230 1591">
    <p class='ocr_par' dir='ltr' id='par_1_16' title="bbox 659 1523 2230 1591">
     <span class='ocr_line' id='line_1_16' title="bbox 659 1523 2230 1591; baseline 0.011 -18"><span class='ocrx_word' id='word_1_81' title='bbox 659 1523 937 1578; x_wconf 89' lang='lat' dir='ltr'><strong>omnibus.</strong></span> <span class='ocrx_word' id='word_1_82' title='bbox 972 1524 1107 1579; x_wconf 85' lang='lat' dir='ltr'><strong>Cum</strong></span> <span class='ocrx_word' id='word_1_83' title='bbox 1137 1526 1426 1581; x_wconf 80' lang='lat' dir='ltr'><strong>Germanis</strong></span> <span class='ocrx_word' id='word_1_84' title='bbox 1454 1529 1727 1586; x_wconf 81' lang='lat' dir='ltr'><strong>Romanas</strong></span> <span class='ocrx_word' id='word_1_85' title='bbox 1748 1528 2003 1588; x_wconf 84' lang='lat' dir='ltr'><strong>civitates</strong></span> <span class='ocrx_word' id='word_1_86' title='bbox 2026 1552 2230 1591; x_wconf 81' lang='lat' dir='ltr'><strong>vexan-</strong></span> 
     </span>
    </p>
   </div>
   <div class='ocr_carea' id='block_1_17' title="bbox 661 1613 2228 1694">
    <p class='ocr_par' dir='ltr' id='par_1_17' title="bbox 661 1613 2228 1694">
     <span class='ocr_line' id='line_1_17' title="bbox 661 1613 2228 1694; baseline 0.011 -31"><span class='ocrx_word' id='word_1_87' title='bbox 661 1613 810 1667; x_wconf 86' lang='lat' dir='ltr'><strong>tibus</strong></span> <span class='ocrx_word' id='word_1_88' title='bbox 845 1617 1143 1679; x_wconf 86' lang='lat' dir='ltr'><strong>resisteret,</strong></span> <span class='ocrx_word' id='word_1_89' title='bbox 1175 1616 1320 1670; x_wconf 90' lang='lat' dir='ltr'><strong>bello</strong></span> <span class='ocrx_word' id='word_1_90' title='bbox 1348 1618 1558 1672; x_wconf 81' lang='lat' dir='ltr'><strong>diutius</strong></span> <span class='ocrx_word' id='word_1_91' title='bbox 1592 1620 1827 1677; x_wconf 89' lang='lat' dir='ltr'><strong>durante</strong></span> <span class='ocrx_word' id='word_1_92' title='bbox 1849 1665 1862 1685; x_wconf 84' lang='lat'><strong>,</strong></span> <span class='ocrx_word' id='word_1_93' title='bbox 1894 1639 1959 1677; x_wconf 82' lang='lat' dir='ltr'><strong>ex</strong></span> <span class='ocrx_word' id='word_1_94' title='bbox 1998 1626 2228 1694; x_wconf 89' lang='lat' dir='ltr'><strong>penuria</strong></span> 
     </span>
    </p>
   </div>
   <div class='ocr_carea' id='block_1_18' title="bbox 659 1704 2229 1772">
    <p class='ocr_par' dir='ltr' id='par_1_18' title="bbox 659 1704 2229 1772">
     <span class='ocr_line' id='line_1_18' title="bbox 659 1704 2229 1772; baseline 0.008 -17"><span class='ocrx_word' id='word_1_95' title='bbox 659 1712 996 1757; x_wconf 75' lang='lat' dir='ltr'><strong>commeatus</strong></span> <span class='ocrx_word' id='word_1_96' title='bbox 1022 1704 1492 1772; x_wconf 35' lang='lat' dir='ltr'><strong>periclitatus‘est.</strong></span> <span class='ocrx_word' id='word_1_97' title='bbox 1532 1707 1726 1764; x_wconf 86' lang='lat' dir='ltr'><strong>Fertur</strong></span> <span class='ocrx_word' id='word_1_98' title='bbox 1756 1722 1939 1766; x_wconf 87' lang='lat' dir='ltr'><strong>autem</strong></span> <span class='ocrx_word' id='word_1_99' title='bbox 1991 1714 2229 1769; x_wconf 81' lang='lat' dir='ltr'><strong>maximo</strong></span> 
     </span>
    </p>
   </div>
   <div class='ocr_carea' id='block_1_19' title="bbox 659 1793 2223 1870">
    <p class='ocr_par' dir='ltr' id='par_1_19' title="bbox 659 1793 2223 1870">
     <span class='ocr_line' id='line_1_19' title="bbox 659 1793 2223 1870; baseline 0.006 -24"><span class='ocrx_word' id='word_1_100' title='bbox 659 1793 820 1847; x_wconf 87' lang='lat' dir='ltr'><strong>imbri</strong></span> <span class='ocrx_word' id='word_1_101' title='bbox 867 1794 919 1847; x_wconf 90' lang='lat' dir='ltr'><strong>in</strong></span> <span class='ocrx_word' id='word_1_102' title='bbox 942 1807 1119 1850; x_wconf 79' lang='lat' dir='ltr'><strong>castra</strong></span> <span class='ocrx_word' id='word_1_103' title='bbox 1155 1798 1275 1865; x_wconf 84' lang='lat' dir='ltr'><strong>ejus</strong></span> <span class='ocrx_word' id='word_1_104' title='bbox 1305 1797 1505 1856; x_wconf 81' lang='lat' dir='ltr'><strong>delato.</strong></span> <span class='ocrx_word' id='word_1_105' title='bbox 1562 1799 1793 1852; x_wconf 89' lang='lat' dir='ltr'><strong>multum</strong></span> <span class='ocrx_word' id='word_1_106' title='bbox 1840 1816 2061 1870; x_wconf 88' lang='lat' dir='ltr'><strong>quoque</strong></span> <span class='ocrx_word' id='word_1_107' title='bbox 2111 1804 2223 1857; x_wconf 79' lang='lat' dir='ltr'><strong>fru-</strong></span> 
     </span>
    </p>
   </div>
   <div class='ocr_carea' id='block_1_20' title="bbox 660 1885 2228 1963">
    <p class='ocr_par' dir='ltr' id='par_1_20' title="bbox 660 1885 2228 1963">
     <span class='ocr_line' id='line_1_20' title="bbox 660 1885 2228 1963; baseline 0.008 -27"><span class='ocrx_word' id='word_1_108' title='bbox 660 1885 825 1939; x_wconf 88' lang='lat' dir='ltr'><strong>menti</strong></span> <span class='ocrx_word' id='word_1_109' title='bbox 861 1886 938 1952; x_wconf 84' lang='lat' dir='ltr'><strong>(si</strong></span> <span class='ocrx_word' id='word_1_110' title='bbox 967 1888 1051 1940; x_wconf 90' lang='lat' dir='ltr'><strong>cui</strong></span> <span class='ocrx_word' id='word_1_111' title='bbox 1083 1893 1305 1941; x_wconf 82' lang='lat' dir='ltr'><strong>credere</strong></span> <span class='ocrx_word' id='word_1_112' title='bbox 1334 1889 1498 1957; x_wconf 89' lang='lat' dir='ltr'><strong>libet)</strong></span> <span class='ocrx_word' id='word_1_113' title='bbox 1524 1888 1804 1963; x_wconf 75' lang='lat' dir='ltr'><strong>depluisse</strong></span> <span class='ocrx_word' id='word_1_114' title='bbox 1834 1909 1848 1945; x_wconf 92' lang='lat'><strong>:</strong></span> <span class='ocrx_word' id='word_1_115' title='bbox 1887 1908 1997 1962; x_wconf 89' lang='lat' dir='ltr'><strong>quo</strong></span> <span class='ocrx_word' id='word_1_116' title='bbox 2024 1895 2228 1950; x_wconf 87' lang='lat' dir='ltr'><strong>milites</strong></span> 
     </span>
    </p>
   </div>
   <div class='ocr_carea' id='block_1_21' title="bbox 658 1976 2265 2051">
    <p class='ocr_par' dir='ltr' id='par_1_21' title="bbox 658 1976 2265 2051">
     <span class='ocr_line' id='line_1_21' title="bbox 658 1976 2265 2051; baseline 0.009 -24"><span class='ocrx_word' id='word_1_117' title='bbox 658 1976 889 2030; x_wconf 61' lang='lat' dir='ltr'><strong>collecto</strong></span> <span class='ocrx_word' id='word_1_118' title='bbox 915 1986 969 2030; x_wconf 89' lang='lat' dir='ltr'><strong>et</strong></span> <span class='ocrx_word' id='word_1_119' title='bbox 1020 1978 1181 2032; x_wconf 69' lang='lat' dir='ltr'><strong>[annis</strong></span> <span class='ocrx_word' id='word_1_120' title='bbox 1225 1980 1531 2047; x_wconf 85' lang='lat' dir='ltr'><strong>periculum</strong></span> <span class='ocrx_word' id='word_1_121' title='bbox 1580 1980 1892 2051; x_wconf 79' lang='lat' dir='ltr'><strong>eﬂ‘ugerint,</strong></span> <span class='ocrx_word' id='word_1_122' title='bbox 1940 1992 1998 2038; x_wconf 87' lang='lat' dir='ltr'><strong>et</strong></span> <span class='ocrx_word' id='word_1_123' title='bbox 2042 1984 2265 2041; x_wconf 67' lang='lat' dir='ltr'><strong>hostes.</strong></span> 
     </span>
    </p>
   </div>
   <div class='ocr_carea' id='block_1_22' title="bbox 658 2068 2223 2151">
    <p class='ocr_par' dir='ltr' id='par_1_22' title="bbox 658 2068 2223 2151">
     <span class='ocr_line' id='line_1_22' title="bbox 658 2068 2223 2151; baseline 0.01 -34"><span class='ocrx_word' id='word_1_124' title='bbox 658 2068 1016 2139; x_wconf 71' lang='lat' dir='ltr'><strong>proﬂigarint.</strong></span> <span class='ocrx_word' id='word_1_125' title='bbox 1073 2071 1167 2124; x_wconf 87' lang='lat' dir='ltr'><strong>Est</strong></span> <span class='ocrx_word' id='word_1_126' title='bbox 1213 2081 1269 2125; x_wconf 88' lang='lat' dir='ltr'><strong>et</strong></span> <span class='ocrx_word' id='word_1_127' title='bbox 1320 2072 1425 2125; x_wconf 87' lang='lat' dir='ltr'><strong>alia</strong></span> <span class='ocrx_word' id='word_1_128' title='bbox 1478 2073 1679 2127; x_wconf 89' lang='lat' dir='ltr'><strong>seditio</strong></span> <span class='ocrx_word' id='word_1_129' title='bbox 1732 2084 1923 2151; x_wconf 88' lang='lat' dir='ltr'><strong>contra</strong></span> <span class='ocrx_word' id='word_1_130' title='bbox 1985 2077 2223 2132; x_wconf 80' lang='lat' dir='ltr'><strong>Probum</strong></span> 
     </span>
    </p>
   </div>
   <div class='ocr_carea' id='block_1_23' title="bbox 657 2158 2222 2235">
    <p class='ocr_par' dir='ltr' id='par_1_23' title="bbox 657 2158 2222 2235">
     <span class='ocr_line' id='line_1_23' title="bbox 657 2158 2222 2235; baseline 0.006 -23"><span class='ocrx_word' id='word_1_131' title='bbox 657 2170 823 2213; x_wconf 91' lang='lat' dir='ltr'><strong>mota.</strong></span> <span class='ocrx_word' id='word_1_132' title='bbox 882 2158 1014 2213; x_wconf 78' lang='lat' dir='ltr'><strong>Nam</strong></span> <span class='ocrx_word' id='word_1_133' title='bbox 1067 2158 1261 2224; x_wconf 77' lang='lat' dir='ltr'><strong>carus,</strong></span> <span class='ocrx_word' id='word_1_134' title='bbox 1318 2163 1413 2231; x_wconf 92' lang='lat' dir='ltr'><strong>qui</strong></span> <span class='ocrx_word' id='word_1_135' title='bbox 1460 2165 1600 2233; x_wconf 85' lang='lat' dir='ltr'><strong>parti</strong></span> <span class='ocrx_word' id='word_1_136' title='bbox 1662 2165 1893 2233; x_wconf 63' lang='lat' dir='ltr'><strong>Europae</strong></span> <span class='ocrx_word' id='word_1_137' title='bbox 1953 2178 2222 2235; x_wconf 67' lang='lat' dir='ltr'><strong>praeerat,</strong></span> 
     </span>
    </p>
   </div>
   <div class='ocr_carea' id='block_1_24' title="bbox 655 2250 2225 2323">
    <p class='ocr_par' dir='ltr' id='par_1_24' title="bbox 655 2250 2225 2323">
     <span class='ocr_line' id='line_1_24' title="bbox 655 2250 2225 2323; baseline 0.006 -20"><span class='ocrx_word' id='word_1_138' title='bbox 655 2250 1042 2305; x_wconf 83' lang='lat' dir='ltr'><strong>animadvertit</strong></span> <span class='ocrx_word' id='word_1_139' title='bbox 1072 2268 1201 2306; x_wconf 80' lang='lat' dir='ltr'><strong>suos</strong></span> <span class='ocrx_word' id='word_1_140' title='bbox 1232 2254 1434 2309; x_wconf 82' lang='lat' dir='ltr'><strong>milites</strong></span> <span class='ocrx_word' id='word_1_141' title='bbox 1454 2253 1521 2308; x_wconf 91' lang='lat' dir='ltr'><strong>de</strong></span> <span class='ocrx_word' id='word_1_142' title='bbox 1549 2270 1606 2308; x_wconf 90' lang='lat' dir='ltr'><strong>se</strong></span> <span class='ocrx_word' id='word_1_143' title='bbox 1637 2256 1965 2323; x_wconf 83' lang='lat' dir='ltr'><strong>imperatore</strong></span> <span class='ocrx_word' id='word_1_144' title='bbox 1991 2261 2225 2312; x_wconf 88' lang='lat' dir='ltr'><strong>creando</strong></span> 
     </span>
    </p>
   </div>
   <div class='ocr_carea' id='block_1_25' title="bbox 656 2342 2223 2416">
    <p class='ocr_par' dir='ltr' id='par_1_25' title="bbox 656 2342 2223 2416">
     <span class='ocr_line' id='line_1_25' title="bbox 656 2342 2223 2416; baseline 0.007 -23"><span class='ocrx_word' id='word_1_145' title='bbox 656 2342 860 2407; x_wconf 75' lang='lat' dir='ltr'><strong>agitare</strong></span> <span class='ocrx_word' id='word_1_146' title='bbox 898 2360 911 2395; x_wconf 87' lang='lat'><strong>:</strong></span> <span class='ocrx_word' id='word_1_147' title='bbox 944 2358 1049 2410; x_wconf 88' lang='lat' dir='ltr'><strong>qua</strong></span> <span class='ocrx_word' id='word_1_148' title='bbox 1099 2360 1155 2397; x_wconf 88' lang='lat' dir='ltr'><strong>re</strong></span> <span class='ocrx_word' id='word_1_149' title='bbox 1190 2344 1369 2399; x_wconf 85' lang='lat' dir='ltr'><strong>Probo</strong></span> <span class='ocrx_word' id='word_1_150' title='bbox 1406 2345 1745 2413; x_wconf 80' lang='lat' dir='ltr'><strong>significata,</strong></span> <span class='ocrx_word' id='word_1_151' title='bbox 1784 2349 1944 2416; x_wconf 84' lang='lat' dir='ltr'><strong>petiit</strong></span> <span class='ocrx_word' id='word_1_152' title='bbox 1992 2359 2051 2403; x_wconf 89' lang='lat' dir='ltr'><strong>ut</strong></span> <span class='ocrx_word' id='word_1_153' title='bbox 2096 2350 2223 2405; x_wconf 90' lang='lat' dir='ltr'><strong>inde</strong></span> 
     </span>
    </p>
   </div>
   <div class='ocr_carea' id='block_1_26' title="bbox 659 2434 2223 2496">
    <p class='ocr_par' dir='ltr' id='par_1_26' title="bbox 659 2434 2223 2496">
     <span class='ocr_line' id='line_1_26' title="bbox 659 2434 2223 2496; baseline 0.009 -13"><span class='ocrx_word' id='word_1_154' title='bbox 659 2446 1030 2489; x_wconf 75' lang='lat' dir='ltr'><strong>revocaretur.</strong></span> <span class='ocrx_word' id='word_1_155' title='bbox 1067 2434 1170 2489; x_wconf 88' lang='lat' dir='ltr'><strong>Sed</strong></span> <span class='ocrx_word' id='word_1_156' title='bbox 1198 2451 1319 2489; x_wconf 91' lang='lat' dir='ltr'><strong>cum</strong></span> <span class='ocrx_word' id='word_1_157' title='bbox 1355 2436 1401 2490; x_wconf 89' lang='lat' dir='ltr'><strong>is</strong></span> <span class='ocrx_word' id='word_1_158' title='bbox 1424 2437 1473 2491; x_wconf 89' lang='lat' dir='ltr'><strong>ei</strong></span> <span class='ocrx_word' id='word_1_159' title='bbox 1518 2453 1889 2493; x_wconf 87' lang='lat' dir='ltr'><strong>successorem</strong></span> <span class='ocrx_word' id='word_1_160' title='bbox 1932 2440 2061 2496; x_wconf 91' lang='lat' dir='ltr'><strong>dare</strong></span> <span class='ocrx_word' id='word_1_161' title='bbox 2109 2442 2223 2496; x_wconf 87' lang='lat' dir='ltr'><strong>nol-</strong></span> 
     </span>
    </p>
   </div>
   <div class='ocr_carea' id='block_1_27' title="bbox 650 2522 2219 2589">
    <p class='ocr_par' dir='ltr' id='par_1_27' title="bbox 650 2522 2219 2589">
     <span class='ocr_line' id='line_1_27' title="bbox 650 2522 2219 2589; baseline 0.009 -14"><span class='ocrx_word' id='word_1_162' title='bbox 650 2522 749 2584; x_wconf 86' lang='lat' dir='ltr'><strong>let.</strong></span> <span class='ocrx_word' id='word_1_163' title='bbox 786 2524 988 2578; x_wconf 88' lang='lat' dir='ltr'><strong>milites</strong></span> <span class='ocrx_word' id='word_1_164' title='bbox 1032 2538 1232 2579; x_wconf 81' lang='lat' dir='ltr'><strong>corona</strong></span> <span class='ocrx_word' id='word_1_165' title='bbox 1274 2526 1417 2581; x_wconf 83' lang='lat' dir='ltr'><strong>facta</strong></span> <span class='ocrx_word' id='word_1_166' title='bbox 1471 2527 1669 2582; x_wconf 89' lang='lat' dir='ltr'><strong>Carum</strong></span> <span class='ocrx_word' id='word_1_167' title='bbox 1716 2532 1801 2585; x_wconf 79' lang='lat' dir='ltr'><strong>vel</strong></span> <span class='ocrx_word' id='word_1_168' title='bbox 1850 2533 2081 2587; x_wconf 78' lang='lat' dir='ltr'><strong>invitum</strong></span> <span class='ocrx_word' id='word_1_169' title='bbox 2128 2551 2219 2589; x_wconf 90' lang='lat' dir='ltr'><strong>su-</strong></span> 
     </span>
    </p>
   </div>
   <div class='ocr_carea' id='block_1_28' title="bbox 654 2614 2221 2692">
    <p class='ocr_par' dir='ltr' id='par_1_28' title="bbox 654 2614 2221 2692">
     <span class='ocr_line' id='line_1_28' title="bbox 654 2614 2221 2692; baseline 0.011 -28"><span class='ocrx_word' id='word_1_170' title='bbox 654 2614 1191 2685; x_wconf 62' lang='lat' dir='ltr'><strong>scipere&#39;itnperium</strong></span> <span class='ocrx_word' id='word_1_171' title='bbox 1231 2630 1551 2687; x_wconf 79' lang='lat' dir='ltr'><strong>coegerunt,</strong></span> <span class='ocrx_word' id='word_1_172' title='bbox 1586 2625 1876 2692; x_wconf 86' lang='lat' dir='ltr'><strong>statimque</strong></span> <span class='ocrx_word' id='word_1_173' title='bbox 1908 2638 2030 2677; x_wconf 91' lang='lat' dir='ltr'><strong>cum</strong></span> <span class='ocrx_word' id='word_1_174' title='bbox 2064 2641 2131 2679; x_wconf 90' lang='lat' dir='ltr'><strong>eo</strong></span> <span class='ocrx_word' id='word_1_175' title='bbox 2167 2626 2221 2681; x_wconf 90' lang='lat' dir='ltr'><strong>in</strong></span> 
     </span>
    </p>
   </div>
   <div class='ocr_carea' id='block_1_29' title="bbox 652 2704 2223 2785">
    <p class='ocr_par' dir='ltr' id='par_1_29' title="bbox 652 2704 2223 2785">
     <span class='ocr_line' id='line_1_29' title="bbox 652 2704 2223 2785; baseline 0.008 -28"><span class='ocrx_word' id='word_1_176' title='bbox 652 2704 859 2785; x_wconf 29' lang='lat' dir='ltr'><strong>lf‘aliam</strong></span> <span class='ocrx_word' id='word_1_177' title='bbox 891 2718 1275 2776; x_wconf 86' lang='lat' dir='ltr'><strong>properarunt.</strong></span> <span class='ocrx_word' id='word_1_178' title='bbox 1328 2711 1447 2774; x_wconf 89' lang='lat' dir='ltr'><strong>Quo</strong></span> <span class='ocrx_word' id='word_1_179' title='bbox 1480 2712 1689 2766; x_wconf 82' lang='lat' dir='ltr'><strong>Probus</strong></span> <span class='ocrx_word' id='word_1_180' title='bbox 1725 2715 1944 2782; x_wconf 79' lang='lat' dir='ltr'><strong>cognito</strong></span> <span class='ocrx_word' id='word_1_181' title='bbox 1966 2753 1979 2777; x_wconf 88' lang='lat'><strong>,</strong></span> <span class='ocrx_word' id='word_1_182' title='bbox 2014 2716 2223 2770; x_wconf 80' lang='lat' dir='ltr'><strong>exerci-</strong></span> 
     </span>
    </p>
   </div>
   <div class='ocr_carea' id='block_1_30' title="bbox 653 2797 2217 2869">
    <p class='ocr_par' dir='ltr' id='par_1_30' title="bbox 653 2797 2217 2869">
     <span class='ocr_line' id='line_1_30' title="bbox 653 2797 2217 2869; baseline 0.009 -24"><span class='ocrx_word' id='word_1_183' title='bbox 653 2805 769 2849; x_wconf 87' lang='lat' dir='ltr'><strong>tum</strong></span> <span class='ocrx_word' id='word_1_184' title='bbox 802 2808 856 2851; x_wconf 93' lang='lat' dir='ltr'><strong>et</strong></span> <span class='ocrx_word' id='word_1_185' title='bbox 886 2797 1103 2861; x_wconf 89' lang='lat' dir='ltr'><strong>ducem,</strong></span> <span class='ocrx_word' id='word_1_186' title='bbox 1134 2800 1225 2869; x_wconf 90' lang='lat' dir='ltr'><strong>qui</strong></span> <span class='ocrx_word' id='word_1_187' title='bbox 1261 2800 1338 2853; x_wconf 92' lang='lat' dir='ltr'><strong>illi</strong></span> <span class='ocrx_word' id='word_1_188' title='bbox 1370 2803 1711 2865; x_wconf 84' lang='lat' dir='ltr'><strong>resisterent.</strong></span> <span class='ocrx_word' id='word_1_189' title='bbox 1748 2806 1918 2859; x_wconf 90' lang='lat' dir='ltr'><strong>misit.</strong></span> <span class='ocrx_word' id='word_1_190' title='bbox 1951 2807 2086 2861; x_wconf 84' lang='lat' dir='ltr'><strong>Cum</strong></span> <span class='ocrx_word' id='word_1_191' title='bbox 2119 2824 2217 2861; x_wconf 86' lang='lat' dir='ltr'><strong>au—</strong></span> 
     </span>
    </p>
   </div>
   <div class='ocr_carea' id='block_1_31' title="bbox 649 2886 2218 2959">
    <p class='ocr_par' dir='ltr' id='par_1_31' title="bbox 649 2886 2218 2959">
     <span class='ocr_line' id='line_1_31' title="bbox 649 2886 2218 2959; baseline 0.006 -19"><span class='ocrx_word' id='word_1_192' title='bbox 649 2886 758 2940; x_wconf 77' lang='lat' dir='ltr'><strong>teni</strong></span> <span class='ocrx_word' id='word_1_193' title='bbox 793 2904 823 2943; x_wconf 87' lang='lat' dir='ltr'><strong>a</strong></span> <span class='ocrx_word' id='word_1_194' title='bbox 856 2889 995 2943; x_wconf 89' lang='lat' dir='ltr'><strong>Caro</strong></span> <span class='ocrx_word' id='word_1_195' title='bbox 1024 2905 1193 2959; x_wconf 88' lang='lat' dir='ltr'><strong>prope</strong></span> <span class='ocrx_word' id='word_1_196' title='bbox 1221 2890 1477 2944; x_wconf 88' lang='lat' dir='ltr'><strong>abessent</strong></span> <span class='ocrx_word' id='word_1_197' title='bbox 1500 2930 1513 2951; x_wconf 87' lang='lat'><strong>.</strong></span> <span class='ocrx_word' id='word_1_198' title='bbox 1547 2892 1741 2945; x_wconf 90' lang='lat' dir='ltr'><strong>ducem</strong></span> <span class='ocrx_word' id='word_1_199' title='bbox 1786 2910 1945 2948; x_wconf 86' lang='lat' dir='ltr'><strong>suum</strong></span> <span class='ocrx_word' id='word_1_200' title='bbox 1994 2896 2045 2948; x_wconf 90' lang='lat' dir='ltr'><strong>in</strong></span> <span class='ocrx_word' id='word_1_201' title='bbox 2096 2897 2218 2950; x_wconf 77' lang='lat' dir='ltr'><strong>vin-</strong></span> 
     </span>
    </p>
   </div>
   <div class='ocr_carea' id='block_1_32' title="bbox 650 2980 2241 3050">
    <p class='ocr_par' dir='ltr' id='par_1_32' title="bbox 650 2980 2241 3050">
     <span class='ocr_line' id='line_1_32' title="bbox 650 2980 2241 3050; baseline 0.009 -21"><span class='ocrx_word' id='word_1_202' title='bbox 650 2980 772 3033; x_wconf 80' lang='lat' dir='ltr'><strong>cula</strong></span> <span class='ocrx_word' id='word_1_203' title='bbox 802 2981 1134 3049; x_wconf 79' lang='lat' dir='ltr'><strong>conjectum,</strong></span> <span class='ocrx_word' id='word_1_204' title='bbox 1172 2996 1342 3050; x_wconf 90' lang='lat' dir='ltr'><strong>seque</strong></span> <span class='ocrx_word' id='word_1_205' title='bbox 1379 2998 1485 3036; x_wconf 89' lang='lat' dir='ltr'><strong>una</strong></span> <span class='ocrx_word' id='word_1_206' title='bbox 1520 2983 1596 3035; x_wconf 93' lang='lat' dir='ltr'><strong>illi</strong></span> <span class='ocrx_word' id='word_1_207' title='bbox 1628 2985 1978 3039; x_wconf 87' lang='lat' dir='ltr'><strong>dediderunt.</strong></span> <span class='ocrx_word' id='word_1_208' title='bbox 2007 2986 2241 3045; x_wconf 84' lang='lat' dir='ltr'><strong>Probus.</strong></span> 
     </span>
    </p>
   </div>
   <div class='ocr_carea' id='block_1_33' title="bbox 651 3070 2218 3150">
    <p class='ocr_par' dir='ltr' id='par_1_33' title="bbox 651 3070 2218 3150">
     <span class='ocr_line' id='line_1_33' title="bbox 651 3070 2218 3150; baseline 0.009 -31"><span class='ocrx_word' id='word_1_209' title='bbox 651 3085 802 3131; x_wconf 76' lang='lat' dir='ltr'><strong>vero,</strong></span> <span class='ocrx_word' id='word_1_210' title='bbox 838 3085 903 3123; x_wconf 90' lang='lat' dir='ltr'><strong>ea</strong></span> <span class='ocrx_word' id='word_1_211' title='bbox 940 3070 1171 3124; x_wconf 90' lang='lat' dir='ltr'><strong>militum</strong></span> <span class='ocrx_word' id='word_1_212' title='bbox 1205 3072 1532 3150; x_wconf 77' lang='lat' dir='ltr'><strong>transitione</strong></span> <span class='ocrx_word' id='word_1_213' title='bbox 1564 3074 1803 3142; x_wconf 80' lang='lat' dir='ltr'><strong>cognita,</strong></span> <span class='ocrx_word' id='word_1_214' title='bbox 1833 3091 1861 3128; x_wconf 90' lang='lat' dir='ltr'><strong>a</strong></span> <span class='ocrx_word' id='word_1_215' title='bbox 1901 3076 2016 3130; x_wconf 84' lang='lat' dir='ltr'><strong>suis</strong></span> <span class='ocrx_word' id='word_1_216' title='bbox 2058 3078 2218 3132; x_wconf 83' lang='lat' dir='ltr'><strong>satel-</strong></span> 
     </span>
    </p>
   </div>
   <div class='ocr_carea' id='block_1_34' title="bbox 2335 638 3887 706">
    <p class='ocr_par' dir='ltr' id='par_1_34' title="bbox 2335 638 3887 706">
     <span class='ocr_line' id='line_1_34' title="bbox 2335 638 3887 706; baseline 0.005 -20"><span class='ocrx_word' id='word_1_217' title='bbox 2335 639 2584 701; x_wconf 83' lang='grc' dir='ltr'><strong>αγαγεῖν,</strong></span> <span class='ocrx_word' id='word_1_218' title='bbox 2619 639 2713 690; x_wconf 80' lang='grc' dir='ltr'><strong>καὶ</strong></span> <span class='ocrx_word' id='word_1_219' title='bbox 2747 638 2918 691; x_wconf 81' lang='grc' dir='ltr'><strong>πολλᾶ</strong></span> <span class='ocrx_word' id='word_1_220' title='bbox 2972 642 3251 706; x_wconf 77' lang='grc' dir='ltr'><strong>ὀνειδίσαι,</strong></span> <span class='ocrx_word' id='word_1_221' title='bbox 3284 646 3378 696; x_wconf 74' lang='grc' dir='ltr'><strong>καὶ</strong></span> <span class='ocrx_word' id='word_1_222' title='bbox 3414 645 3739 698; x_wconf 81' lang='grc' dir='ltr'><strong>ἀποκτεῖναι</strong></span> <span class='ocrx_word' id='word_1_223' title='bbox 3762 661 3778 674; x_wconf 75' lang='grc'><strong><em>⁸</em></strong></span> <span class='ocrx_word' id='word_1_224' title='bbox 3802 643 3887 697; x_wconf 74' lang='grc' dir='ltr'><strong>Σα-</strong></span> 
     </span>
    </p>
   </div>
   <div class='ocr_carea' id='block_1_35' title="bbox 2333 722 3886 804">
    <p class='ocr_par' dir='ltr' id='par_1_35' title="bbox 2333 722 3886 804">
     <span class='ocr_line' id='line_1_35' title="bbox 2333 722 3886 804; baseline 0.008 -29"><span class='ocrx_word' id='word_1_225' title='bbox 2333 722 2573 793; x_wconf 87' lang='grc' dir='ltr'><strong>τορνίνου</strong></span> <span class='ocrx_word' id='word_1_226' title='bbox 2624 726 2679 778; x_wconf 76' lang='grc' dir='ltr'><strong>δὲ</strong></span> <span class='ocrx_word' id='word_1_227' title='bbox 2739 728 3092 795; x_wconf 75' lang='grc' dir='ltr'><strong>Μαυρουσίου</strong></span> <span class='ocrx_word' id='word_1_228' title='bbox 3134 732 3409 800; x_wconf 76' lang='grc' dir='ltr'><strong>τυραννίδι</strong></span> <span class='ocrx_word' id='word_1_229' title='bbox 3432 736 3886 804; x_wconf 77' lang='grc' dir='ltr'><strong>ἐπιχειρήσαντος,</strong></span> 
     </span>
    </p>
   </div>
   <div class='ocr_carea' id='block_1_36' title="bbox 2332 808 3886 893">
    <p class='ocr_par' dir='ltr' id='par_1_36' title="bbox 2332 808 3886 893">
     <span class='ocr_line' id='line_1_36' title="bbox 2332 808 3886 893; baseline 0.008 -29"><span class='ocrx_word' id='word_1_230' title='bbox 2332 813 2390 873; x_wconf 82' lang='grc' dir='ltr'><strong>ὃς</strong></span> <span class='ocrx_word' id='word_1_231' title='bbox 2418 808 2484 882; x_wconf 77' lang='grc' dir='ltr'><strong>ἦν</strong></span> <span class='ocrx_word' id='word_1_232' title='bbox 2523 816 2673 885; x_wconf 80' lang='grc' dir='ltr'><strong>αὐτῷ</strong></span> <span class='ocrx_word' id='word_1_233' title='bbox 2704 818 2979 886; x_wconf 81' lang='grc' dir='ltr'><strong>φίλτατος,</strong></span> <span class='ocrx_word' id='word_1_234' title='bbox 3017 821 3109 873; x_wconf 82' lang='grc' dir='ltr'><strong>τὸν</strong></span> <span class='ocrx_word' id='word_1_235' title='bbox 3136 820 3293 875; x_wconf 83' lang='grc' dir='ltr'><strong>τοῦτο</strong></span> <span class='ocrx_word' id='word_1_236' title='bbox 3324 808 3681 893; x_wconf 71' lang='grc' dir='ltr'><strong>μεμηνυκότα</strong></span> <span class='ocrx_word' id='word_1_237' title='bbox 3709 826 3886 892; x_wconf 70' lang='grc' dir='ltr'><strong>ἐτιμωο</strong></span> 
     </span>
    </p>
   </div>
   <div class='ocr_carea' id='block_1_37' title="bbox 2336 907 3885 983">
    <p class='ocr_par' dir='ltr' id='par_1_37' title="bbox 2336 907 3885 983">
     <span class='ocr_line' id='line_1_37' title="bbox 2336 907 3885 983; baseline 0.007 -28"><span class='ocrx_word' id='word_1_238' title='bbox 2336 907 2561 971; x_wconf 80' lang='grc' dir='ltr'><strong>ρήσατο,</strong></span> <span class='ocrx_word' id='word_1_239' title='bbox 2584 910 2649 963; x_wconf 72' lang='grc' dir='ltr'><strong>τῇ</strong></span> <span class='ocrx_word' id='word_1_240' title='bbox 2682 909 2913 979; x_wconf 78' lang='grc' dir='ltr'><strong>ἀγγελίᾳ</strong></span> <span class='ocrx_word' id='word_1_241' title='bbox 2943 911 3273 966; x_wconf 77' lang='grc' dir='ltr'><strong>διαπιστῶνο</strong></span> <span class='ocrx_word' id='word_1_242' title='bbox 3304 915 3333 966; x_wconf 99' lang='lat'><strong>6</strong></span> <span class='ocrx_word' id='word_1_243' title='bbox 3363 914 3421 967; x_wconf 80' lang='grc' dir='ltr'><strong>δέ</strong></span> <span class='ocrx_word' id='word_1_244' title='bbox 3454 916 3771 983; x_wconf 71' lang='grc' dir='ltr'><strong>Σατορνῖνος</strong></span> <span class='ocrx_word' id='word_1_245' title='bbox 3798 916 3885 967; x_wconf 72' lang='lat'><strong>6:6</strong></span> 
     </span>
    </p>
   </div>
   <div class='ocr_carea' id='block_1_38' title="bbox 2334 998 3886 1075">
    <p class='ocr_par' dir='ltr' id='par_1_38' title="bbox 2334 998 3886 1075">
     <span class='ocr_line' id='line_1_38' title="bbox 2334 998 3886 1075; baseline 0.01 -31"><span class='ocrx_word' id='word_1_246' title='bbox 2334 998 2687 1063; x_wconf 83' lang='grc' dir='ltr'><strong>στρατιωτῶν</strong></span> <span class='ocrx_word' id='word_1_247' title='bbox 2723 999 2985 1069; x_wconf 73' lang='grc' dir='ltr'><strong>ἀνῃρέθη.</strong></span> <span class='ocrx_word' id='word_1_248' title='bbox 3012 1001 3240 1070; x_wconf 86' lang='grc' dir='ltr'><strong>Ἕτερος</strong></span> <span class='ocrx_word' id='word_1_249' title='bbox 3266 1004 3323 1055; x_wconf 86' lang='grc' dir='ltr'><strong>δέ</strong></span> <span class='ocrx_word' id='word_1_250' title='bbox 3353 1021 3438 1067; x_wconf 88' lang='grc' dir='ltr'><strong>τις</strong></span> <span class='ocrx_word' id='word_1_251' title='bbox 3465 1007 3523 1056; x_wconf 88' lang='grc' dir='ltr'><strong>ἐν</strong></span> <span class='ocrx_word' id='word_1_252' title='bbox 3551 1006 3886 1075; x_wconf 81' lang='grc' dir='ltr'><strong>Βρεττανίαις</strong></span> 
     </span>
    </p>
   </div>
   <div class='ocr_carea' id='block_1_39' title="bbox 2332 1084 3886 1163">
    <p class='ocr_par' dir='ltr' id='par_1_39' title="bbox 2332 1084 3886 1163">
     <span class='ocr_line' id='line_1_39' title="bbox 2332 1084 3886 1163; baseline 0.008 -28"><span class='ocrx_word' id='word_1_253' title='bbox 2332 1084 2673 1137; x_wconf 76' lang='grc' dir='ltr'><strong>ἀποστασίαν</strong></span> <span class='ocrx_word' id='word_1_254' title='bbox 2708 1084 3113 1157; x_wconf 84' lang='grc' dir='ltr'><strong>διεμελέτησεν,</strong></span> <span class='ocrx_word' id='word_1_255' title='bbox 3138 1090 3196 1142; x_wconf 72' lang='grc' dir='ltr'><strong>ἢν</strong></span> <span class='ocrx_word' id='word_1_256' title='bbox 3229 1094 3323 1144; x_wconf 72' lang='grc' dir='ltr'><strong>ἐπὶ</strong></span> <span class='ocrx_word' id='word_1_257' title='bbox 3352 1093 3454 1159; x_wconf 74' lang='grc' dir='ltr'><strong>τῆς</strong></span> <span class='ocrx_word' id='word_1_258' title='bbox 3483 1094 3659 1163; x_wconf 78' lang='grc' dir='ltr'><strong>ἀρχῆς</strong></span> <span class='ocrx_word' id='word_1_259' title='bbox 3694 1098 3722 1146; x_wconf 89' lang='grc' dir='ltr'>ὀ</span> <span class='ocrx_word' id='word_1_260' title='bbox 3749 1094 3886 1161; x_wconf 81' lang='grc' dir='ltr'><strong>βασι-</strong></span> 
     </span>
    </p>
   </div>
   <div class='ocr_carea' id='block_1_40' title="bbox 2331 1173 3885 1253">
    <p class='ocr_par' dir='ltr' id='par_1_40' title="bbox 2331 1173 3885 1253">
     <span class='ocr_line' id='line_1_40' title="bbox 2331 1173 3885 1253; baseline 0.008 -29"><span class='ocrx_word' id='word_1_261' title='bbox 2331 1173 2457 1235; x_wconf 79' lang='grc' dir='ltr'><strong>λεὺς</strong></span> <span class='ocrx_word' id='word_1_262' title='bbox 2488 1175 2802 1244; x_wconf 80' lang='grc' dir='ltr'><strong>ἐποιήσατο,</strong></span> <span class='ocrx_word' id='word_1_263' title='bbox 2825 1178 3153 1246; x_wconf 86' lang='grc' dir='ltr'><strong>Βικτωρίνου</strong></span> <span class='ocrx_word' id='word_1_264' title='bbox 3178 1182 3525 1252; x_wconf 75' lang='grc' dir='ltr'><strong>Μαυρουσίου</strong></span> <span class='ocrx_word' id='word_1_265' title='bbox 3555 1184 3885 1253; x_wconf 75' lang='grc' dir='ltr'><strong>ᾠκειωμένου</strong></span> 
     </span>
    </p>
   </div>
   <div class='ocr_carea' id='block_1_41' title="bbox 2332 1261 3879 1340">
    <p class='ocr_par' dir='ltr' id='par_1_41' title="bbox 2332 1261 3879 1340">
     <span class='ocr_line' id='line_1_41' title="bbox 2332 1261 3879 1340; baseline 0.007 -27"><span class='ocrx_word' id='word_1_266' title='bbox 2332 1261 2500 1330; x_wconf 82' lang='grc' dir='ltr'><strong>αὐτῷ,</strong></span> <span class='ocrx_word' id='word_1_267' title='bbox 2530 1262 2688 1316; x_wconf 83' lang='grc' dir='ltr'><strong>τοῦτο</strong></span> <span class='ocrx_word' id='word_1_268' title='bbox 2722 1266 3111 1334; x_wconf 73' lang='grc' dir='ltr'><strong>αἰτησαμένου.</strong></span> <span class='ocrx_word' id='word_1_269' title='bbox 3145 1269 3253 1322; x_wconf 72' lang='grc' dir='ltr'><strong>Καὶ</strong></span> <span class='ocrx_word' id='word_1_270' title='bbox 3280 1270 3437 1322; x_wconf 84' lang='grc' dir='ltr'><strong>τοῦτο</strong></span> <span class='ocrx_word' id='word_1_271' title='bbox 3489 1270 3681 1338; x_wconf 86' lang='grc' dir='ltr'><strong>μαθὼν</strong></span> <span class='ocrx_word' id='word_1_272' title='bbox 3701 1273 3729 1323; x_wconf 87' lang='lat'><strong>6</strong></span> <span class='ocrx_word' id='word_1_273' title='bbox 3760 1272 3879 1340; x_wconf 53' lang='grc' dir='ltr'><strong>Πρό</strong></span> 
     </span>
    </p>
   </div>
   <div class='ocr_carea' id='block_1_42' title="bbox 2332 1352 3887 1432">
    <p class='ocr_par' dir='ltr' id='par_1_42' title="bbox 2332 1352 3887 1432">
     <span class='ocr_line' id='line_1_42' title="bbox 2332 1352 3887 1432; baseline 0.007 -31"><span class='ocrx_word' id='word_1_274' title='bbox 2332 1352 2446 1415; x_wconf 77' lang='grc' dir='ltr'><strong>σος,</strong></span> <span class='ocrx_word' id='word_1_275' title='bbox 2473 1354 2664 1424; x_wconf 71' lang='grc' dir='ltr'><strong>ᾐτιᾶτο</strong></span> <span class='ocrx_word' id='word_1_276' title='bbox 2696 1356 2787 1408; x_wconf 85' lang='grc' dir='ltr'><strong>τὸν</strong></span> <span class='ocrx_word' id='word_1_277' title='bbox 2816 1356 3163 1427; x_wconf 85' lang='grc' dir='ltr'><strong>Βικτωρῖνον.</strong></span> <span class='ocrx_word' id='word_1_278' title='bbox 3200 1360 3311 1412; x_wconf 78' lang='grc' dir='ltr'><strong>Καὶ</strong></span> <span class='ocrx_word' id='word_1_279' title='bbox 3338 1360 3395 1424; x_wconf 80' lang='grc' dir='ltr'><strong>ὃς</strong></span> <span class='ocrx_word' id='word_1_280' title='bbox 3425 1362 3739 1432; x_wconf 70' lang='grc' dir='ltr'><strong>πεμφθῆναι</strong></span> <span class='ocrx_word' id='word_1_281' title='bbox 3765 1365 3887 1429; x_wconf 70' lang='grc' dir='ltr'><strong>πρὸς</strong></span> 
     </span>
    </p>
   </div>
   <div class='ocr_carea' id='block_1_43' title="bbox 2330 1445 3886 1519">
    <p class='ocr_par' dir='ltr' id='par_1_43' title="bbox 2330 1445 3886 1519">
     <span class='ocr_line' id='line_1_43' title="bbox 2330 1445 3886 1519; baseline 0.006 -24"><span class='ocrx_word' id='word_1_282' title='bbox 2330 1445 2539 1497; x_wconf 80' lang='grc' dir='ltr'><strong>ἐκεῖνον</strong></span> <span class='ocrx_word' id='word_1_283' title='bbox 2598 1447 2865 1516; x_wconf 77' lang='grc' dir='ltr'><strong>ᾐτήσατο,</strong></span> <span class='ocrx_word' id='word_1_284' title='bbox 2916 1448 3011 1500; x_wconf 78' lang='grc' dir='ltr'><strong>καὶ</strong></span> <span class='ocrx_word' id='word_1_285' title='bbox 3041 1450 3207 1519; x_wconf 80' lang='grc' dir='ltr'><strong>ἀπῄει</strong></span> <span class='ocrx_word' id='word_1_286' title='bbox 3256 1451 3332 1513; x_wconf 85' lang='grc' dir='ltr'><strong>ὡς</strong></span> <span class='ocrx_word' id='word_1_287' title='bbox 3367 1451 3528 1519; x_wconf 81' lang='grc' dir='ltr'><strong>δῆθεν</strong></span> <span class='ocrx_word' id='word_1_288' title='bbox 3561 1452 3780 1518; x_wconf 78' lang='grc' dir='ltr'><strong>φεύγων</strong></span> <span class='ocrx_word' id='word_1_289' title='bbox 3806 1453 3886 1503; x_wconf 76' lang='grc' dir='ltr'><strong>τὸν</strong></span> 
     </span>
    </p>
   </div>
   <div class='ocr_carea' id='block_1_44' title="bbox 2328 1537 3885 1613">
    <p class='ocr_par' dir='ltr' id='par_1_44' title="bbox 2328 1537 3885 1613">
     <span class='ocr_line' id='line_1_44' title="bbox 2328 1537 3885 1613; baseline 0.004 -25"><span class='ocrx_word' id='word_1_290' title='bbox 2328 1537 2727 1607; x_wconf 79' lang='grc' dir='ltr'><strong>αὐτοκράτορα,</strong></span> <span class='ocrx_word' id='word_1_291' title='bbox 2755 1538 2851 1591; x_wconf 77' lang='grc' dir='ltr'><strong>καὶ</strong></span> <span class='ocrx_word' id='word_1_292' title='bbox 2886 1539 3176 1601; x_wconf 75' lang='grc' dir='ltr'><strong>ἀσπασίως</strong></span> <span class='ocrx_word' id='word_1_293' title='bbox 3205 1541 3358 1608; x_wconf 75' lang='grc' dir='ltr'><strong>παρά</strong></span> <span class='ocrx_word' id='word_1_294' title='bbox 3397 1543 3495 1594; x_wconf 81' lang='grc' dir='ltr'><strong>τοῦ</strong></span> <span class='ocrx_word' id='word_1_295' title='bbox 3528 1544 3885 1613; x_wconf 82' lang='grc' dir='ltr'><strong>τυραννήσαν-</strong></span> 
     </span>
    </p>
   </div>
   <div class='ocr_carea' id='block_1_45' title="bbox 2328 1628 3885 1700">
    <p class='ocr_par' dir='ltr' id='par_1_45' title="bbox 2328 1628 3885 1700">
     <span class='ocr_line' id='line_1_45' title="bbox 2328 1628 3885 1700; baseline 0.003 -19"><span class='ocrx_word' id='word_1_296' title='bbox 2328 1645 2418 1690; x_wconf 85' lang='grc' dir='ltr'><strong>τος</strong></span> <span class='ocrx_word' id='word_1_297' title='bbox 2446 1629 2793 1683; x_wconf 75' lang='grc' dir='ltr'><strong>ὑπεδέδεκτο.</strong></span> <span class='ocrx_word' id='word_1_298' title='bbox 2847 1628 2906 1683; x_wconf 88' lang='lat' dir='ltr'><strong>&#39;U</strong></span> <span class='ocrx_word' id='word_1_299' title='bbox 2940 1631 2998 1684; x_wconf 70' lang='grc' dir='ltr'><strong>δὲ</strong></span> <span class='ocrx_word' id='word_1_300' title='bbox 3028 1630 3118 1684; x_wconf 66' lang='grc' dir='ltr'>διὰ</span> <span class='ocrx_word' id='word_1_301' title='bbox 3140 1633 3238 1700; x_wconf 84' lang='grc' dir='ltr'><strong>τῆς</strong></span> <span class='ocrx_word' id='word_1_302' title='bbox 3262 1634 3455 1695; x_wconf 82' lang='grc' dir='ltr'><strong>νυκτὸς</strong></span> <span class='ocrx_word' id='word_1_303' title='bbox 3480 1633 3690 1686; x_wconf 85' lang='grc' dir='ltr'><strong>ἀνελὼν</strong></span> <span class='ocrx_word' id='word_1_304' title='bbox 3712 1637 3885 1698; x_wconf 80' lang='grc' dir='ltr'><strong>αὑτὸν,</strong></span> 
     </span>
    </p>
   </div>
   <div class='ocr_carea' id='block_1_46' title="bbox 2328 1718 3885 1793">
    <p class='ocr_par' dir='ltr' id='par_1_46' title="bbox 2328 1718 3885 1793">
     <span class='ocr_line' id='line_1_46' title="bbox 2328 1718 3885 1793; baseline 0.006 -24"><span class='ocrx_word' id='word_1_305' title='bbox 2328 1718 2603 1785; x_wconf 74' lang='grc' dir='ltr'><strong>ἐπανῆλθε</strong></span> <span class='ocrx_word' id='word_1_306' title='bbox 2634 1720 2766 1787; x_wconf 79' lang='grc' dir='ltr'><strong>πρὸς</strong></span> <span class='ocrx_word' id='word_1_307' title='bbox 2810 1720 3041 1791; x_wconf 77' lang='grc' dir='ltr'><strong>Πρόδον.</strong></span> <span class='ocrx_word' id='word_1_308' title='bbox 3086 1723 3354 1790; x_wconf 81' lang='grc' dir='ltr'>Ἐφιλείτο</span> <span class='ocrx_word' id='word_1_309' title='bbox 3392 1724 3451 1776; x_wconf 77' lang='grc' dir='ltr'><strong>δέ</strong></span> <span class='ocrx_word' id='word_1_310' title='bbox 3500 1728 3651 1793; x_wconf 83' lang='grc' dir='ltr'><strong>παρά</strong></span> <span class='ocrx_word' id='word_1_311' title='bbox 3682 1727 3885 1778; x_wconf 86' lang='grc' dir='ltr'><strong>πάντων</strong></span> 
     </span>
    </p>
   </div>
   <div class='ocr_carea' id='block_1_47' title="bbox 2329 1808 3883 1881">
    <p class='ocr_par' dir='ltr' id='par_1_47' title="bbox 2329 1808 3883 1881">
     <span class='ocr_line' id='line_1_47' title="bbox 2329 1808 3883 1881; baseline 0.003 -22"><span class='ocrx_word' id='word_1_312' title='bbox 2329 1809 2357 1859; x_wconf 90' lang='lat'><strong>6</strong></span> <span class='ocrx_word' id='word_1_313' title='bbox 2398 1808 2631 1879; x_wconf 77' lang='grc' dir='ltr'><strong>Πρόὸος,</strong></span> <span class='ocrx_word' id='word_1_314' title='bbox 2686 1809 2763 1872; x_wconf 84' lang='grc' dir='ltr'><strong>ὼς</strong></span> <span class='ocrx_word' id='word_1_315' title='bbox 2802 1812 2991 1878; x_wconf 48' lang='grc' dir='ltr'><strong>ίπρᾶος</strong></span> <span class='ocrx_word' id='word_1_316' title='bbox 3035 1811 3131 1863; x_wconf 74' lang='grc' dir='ltr'><strong>καὶ</strong></span> <span class='ocrx_word' id='word_1_317' title='bbox 3162 1811 3397 1881; x_wconf 80' lang='grc' dir='ltr'><strong>εὐμενὴς</strong></span> <span class='ocrx_word' id='word_1_318' title='bbox 3435 1814 3532 1864; x_wconf 77' lang='grc' dir='ltr'><strong>καὶ</strong></span> <span class='ocrx_word' id='word_1_319' title='bbox 3584 1813 3883 1879; x_wconf 79' lang='grc' dir='ltr'><strong>φιλόδωρος.</strong></span> 
     </span>
    </p>
   </div>
   <div class='ocr_carea' id='block_1_48' title="bbox 2329 1891 3885 1970">
    <p class='ocr_par' dir='ltr' id='par_1_48' title="bbox 2329 1891 3885 1970">
     <span class='ocr_line' id='line_1_48' title="bbox 2329 1891 3885 1970; baseline 0.001 -20"><span class='ocrx_word' id='word_1_320' title='bbox 2329 1891 2498 1961; x_wconf 77' lang='grc' dir='ltr'><strong>υῦτος</strong></span> <span class='ocrx_word' id='word_1_321' title='bbox 2528 1897 2605 1967; x_wconf 82' lang='grc' dir='ltr'><strong>τῷ</strong></span> <span class='ocrx_word' id='word_1_322' title='bbox 2641 1897 2785 1952; x_wconf 73' lang='grc' dir='ltr'><strong>ἔθνει</strong></span> <span class='ocrx_word' id='word_1_323' title='bbox 2838 1900 2947 1951; x_wconf 85' lang='grc' dir='ltr'><strong>τῶν</strong></span> <span class='ocrx_word' id='word_1_324' title='bbox 2998 1901 3297 1970; x_wconf 81' lang='grc' dir='ltr'><strong>Γερμανῶν</strong></span> <span class='ocrx_word' id='word_1_325' title='bbox 3343 1897 3736 1968; x_wconf 63' lang='grc' dir='ltr'><strong>ἐπιτιθεμένων</strong></span> <span class='ocrx_word' id='word_1_326' title='bbox 3775 1903 3885 1961; x_wconf 81' lang='grc' dir='ltr'><strong>ταῖς</strong></span> 
     </span>
    </p>
   </div>
   <div class='ocr_carea' id='block_1_49' title="bbox 2328 1990 3885 2060">
    <p class='ocr_par' dir='ltr' id='par_1_49' title="bbox 2328 1990 3885 2060">
     <span class='ocr_line' id='line_1_49' title="bbox 2328 1990 3885 2060; baseline -0.001 -16"><span class='ocrx_word' id='word_1_327' title='bbox 2328 1991 2433 2045; x_wconf 77' lang='grc' dir='ltr'><strong>ὑπὸ</strong></span> <span class='ocrx_word' id='word_1_328' title='bbox 2478 1990 2784 2060; x_wconf 79' lang='grc' dir='ltr'><strong>Ῥωμαίους</strong></span> <span class='ocrx_word' id='word_1_329' title='bbox 2819 1994 3040 2044; x_wconf 80' lang='grc' dir='ltr'><strong>πόλεσιν</strong></span> <span class='ocrx_word' id='word_1_330' title='bbox 3085 1994 3558 2059; x_wconf 81' lang='grc' dir='ltr'><strong>ἀντιταττόμενος,</strong></span> <span class='ocrx_word' id='word_1_331' title='bbox 3592 1991 3685 2044; x_wconf 78' lang='grc' dir='ltr'><strong>τοῦ</strong></span> <span class='ocrx_word' id='word_1_332' title='bbox 3734 1993 3885 2043; x_wconf 80' lang='grc' dir='ltr'><strong>πολέ-</strong></span> 
     </span>
    </p>
   </div>
   <div class='ocr_carea' id='block_1_50' title="bbox 2330 2082 3895 2171">
    <p class='ocr_par' dir='ltr' id='par_1_50' title="bbox 2330 2082 3895 2171">
     <span class='ocr_line' id='line_1_50' title="bbox 2330 2082 3895 2171; baseline 0 -37"><span class='ocrx_word' id='word_1_333' title='bbox 2330 2099 2434 2150; x_wconf 89' lang='grc' dir='ltr'><strong>μου</strong></span> <span class='ocrx_word' id='word_1_334' title='bbox 2468 2082 2687 2135; x_wconf 76' lang='grc' dir='ltr'><strong>πλείονα</strong></span> <span class='ocrx_word' id='word_1_335' title='bbox 2730 2083 2918 2151; x_wconf 81' lang='grc' dir='ltr'><strong>χρόνον</strong></span> <span class='ocrx_word' id='word_1_336' title='bbox 2949 2083 3447 2151; x_wconf 79' lang='grc' dir='ltr'><strong>ἐπικρατήσαντος,</strong></span> <span class='ocrx_word' id='word_1_337' title='bbox 3490 2084 3549 2133; x_wconf 88' lang='grc' dir='ltr'><strong>ἐν</strong></span> <span class='ocrx_word' id='word_1_338' title='bbox 3577 2084 3895 2171; x_wconf 43' lang='grc' dir='ltr'><strong>περιστάσει</strong></span> 
     </span>
    </p>
   </div>
   <div class='ocr_carea' id='block_1_51' title="bbox 2327 2171 3923 2242">
    <p class='ocr_par' dir='ltr' id='par_1_51' title="bbox 2327 2171 3923 2242">
     <span class='ocr_line' id='line_1_51' title="bbox 2327 2171 3923 2242; baseline -0.001 -17"><span class='ocrx_word' id='word_1_339' title='bbox 2327 2174 2568 2239; x_wconf 82' lang='grc' dir='ltr'><strong>ἐγένετο,</strong></span> <span class='ocrx_word' id='word_1_340' title='bbox 2606 2171 2771 2240; x_wconf 81' lang='grc' dir='ltr'>λιμοῦ</span> <span class='ocrx_word' id='word_1_341' title='bbox 2805 2171 3218 2241; x_wconf 76' lang='grc' dir='ltr'><strong>συμϐεϐηκότος</strong></span> <span class='ocrx_word' id='word_1_342' title='bbox 3245 2174 3338 2224; x_wconf 75' lang='grc' dir='ltr'><strong>ἐπὶ</strong></span> <span class='ocrx_word' id='word_1_343' title='bbox 3360 2176 3426 2241; x_wconf 79' lang='grc' dir='ltr'><strong>τῇ</strong></span> <span class='ocrx_word' id='word_1_344' title='bbox 3458 2172 3624 2225; x_wconf 81' lang='grc' dir='ltr'><strong>αὐτοῦ</strong></span> <span class='ocrx_word' id='word_1_345' title='bbox 3647 2174 3923 2242; x_wconf 57' lang='grc' dir='ltr'><strong>στρατιᾷμ</strong></span> 
     </span>
    </p>
   </div>
   <div class='ocr_carea' id='block_1_52' title="bbox 2330 2246 3883 2333">
    <p class='ocr_par' dir='ltr' id='par_1_52' title="bbox 2330 2246 3883 2333">
     <span class='ocr_line' id='line_1_52' title="bbox 2330 2246 3883 2333; baseline 0 -18"><span class='ocrx_word' id='word_1_346' title='bbox 2330 2263 2460 2315; x_wconf 87' lang='grc' dir='ltr'><strong>Ὅτε</strong></span> <span class='ocrx_word' id='word_1_347' title='bbox 2514 2262 2715 2333; x_wconf 85' lang='grc' dir='ltr'><strong>λαῦρος</strong></span> <span class='ocrx_word' id='word_1_348' title='bbox 2763 2246 3005 2325; x_wconf 56' lang='grc' dir='ltr'><strong>λέγεταί</strong></span> <span class='ocrx_word' id='word_1_349' title='bbox 3042 2266 3459 2333; x_wconf 68' lang='grc' dir='ltr'><strong>καταρραγῆναι</strong></span> <span class='ocrx_word' id='word_1_350' title='bbox 3493 2264 3695 2332; x_wconf 71' lang='grc' dir='ltr'><strong>δμδρος</strong></span> <span class='ocrx_word' id='word_1_351' title='bbox 3734 2266 3794 2315; x_wconf 81' lang='grc' dir='ltr'><strong>ἐν</strong></span> <span class='ocrx_word' id='word_1_352' title='bbox 3819 2265 3883 2330; x_wconf 75' lang='grc' dir='ltr'><strong>τῷ</strong></span> 
     </span>
    </p>
   </div>
   <div class='ocr_carea' id='block_1_53' title="bbox 2326 2350 3882 2422">
    <p class='ocr_par' dir='ltr' id='par_1_53' title="bbox 2326 2350 3882 2422">
     <span class='ocr_line' id='line_1_53' title="bbox 2326 2350 3882 2422; baseline 0.001 -19"><span class='ocrx_word' id='word_1_353' title='bbox 2326 2351 2498 2405; x_wconf 81' lang='grc' dir='ltr'><strong>αὑτοῦ</strong></span> <span class='ocrx_word' id='word_1_354' title='bbox 2534 2352 2905 2421; x_wconf 84' lang='grc' dir='ltr'><strong>στρατοπέδῳ,</strong></span> <span class='ocrx_word' id='word_1_355' title='bbox 2946 2350 3024 2420; x_wconf 83' lang='grc' dir='ltr'><strong>τῷ</strong></span> <span class='ocrx_word' id='word_1_356' title='bbox 3068 2352 3113 2403; x_wconf 80' lang='lat'><strong>6‘</strong></span> <span class='ocrx_word' id='word_1_357' title='bbox 3155 2353 3295 2422; x_wconf 83' lang='grc' dir='ltr'><strong>ὑετῷ</strong></span> <span class='ocrx_word' id='word_1_358' title='bbox 3330 2354 3599 2406; x_wconf 52' lang='grc' dir='ltr'><strong>καὶνσίτον</strong></span> <span class='ocrx_word' id='word_1_359' title='bbox 3630 2370 3882 2416; x_wconf 79' lang='grc' dir='ltr'><strong>συγκατε-</strong></span> 
     </span>
    </p>
   </div>
   <div class='ocr_carea' id='block_1_54' title="bbox 2324 2426 3881 2515">
    <p class='ocr_par' dir='ltr' id='par_1_54' title="bbox 2324 2426 3881 2515">
     <span class='ocr_line' id='line_1_54' title="bbox 2324 2426 3881 2515; baseline -0.003 -18"><span class='ocrx_word' id='word_1_360' title='bbox 2324 2426 2578 2515; x_wconf 76' lang='grc' dir='ltr'><strong>νεχΘῆναι</strong></span> <span class='ocrx_word' id='word_1_361' title='bbox 2610 2443 2797 2505; x_wconf 75' lang='grc' dir='ltr'><strong>πολὺν,</strong></span> <span class='ocrx_word' id='word_1_362' title='bbox 2833 2444 2886 2495; x_wconf 79' lang='grc' dir='ltr'>εί</span> <span class='ocrx_word' id='word_1_363' title='bbox 2947 2461 3056 2495; x_wconf 91' lang='grc' dir='ltr'><strong>τισι</strong></span> <span class='ocrx_word' id='word_1_364' title='bbox 3088 2444 3249 2495; x_wconf 80' lang='grc' dir='ltr'><strong>τοῦτο</strong></span> <span class='ocrx_word' id='word_1_365' title='bbox 3296 2445 3644 2496; x_wconf 82' lang='grc' dir='ltr'><strong>πιστεύοιτο·</strong></span> <span class='ocrx_word' id='word_1_366' title='bbox 3674 2443 3767 2495; x_wconf 83' lang='grc' dir='ltr'><strong>καὶ</strong></span> <span class='ocrx_word' id='word_1_367' title='bbox 3799 2445 3881 2511; x_wconf 75' lang='grc' dir='ltr'><strong>τὴν</strong></span> 
     </span>
    </p>
   </div>
   <div class='ocr_carea' id='block_1_55' title="bbox 2327 2533 3880 2605">
    <p class='ocr_par' dir='ltr' id='par_1_55' title="bbox 2327 2533 3880 2605">
     <span class='ocr_line' id='line_1_55' title="bbox 2327 2533 3880 2605; baseline -0.003 -16"><span class='ocrx_word' id='word_1_368' title='bbox 2327 2535 2588 2605; x_wconf 78' lang='grc' dir='ltr'><strong>στρατιὰν</strong></span> <span class='ocrx_word' id='word_1_369' title='bbox 2617 2533 3035 2601; x_wconf 82' lang='grc' dir='ltr'><strong>συναγαγοῦσαν</strong></span> <span class='ocrx_word' id='word_1_370' title='bbox 3075 2534 3258 2597; x_wconf 74' lang='grc' dir='ltr'><strong>αὐτὸν,</strong></span> <span class='ocrx_word' id='word_1_371' title='bbox 3306 2534 3378 2586; x_wconf 81' lang='grc' dir='ltr'><strong>δι’</strong></span> <span class='ocrx_word' id='word_1_372' title='bbox 3413 2534 3583 2586; x_wconf 80' lang='grc' dir='ltr'><strong>αὑτοῦ</strong></span> <span class='ocrx_word' id='word_1_373' title='bbox 3620 2535 3880 2601; x_wconf 71' lang='grc' dir='ltr'><strong>τραφῆναι</strong></span> 
     </span>
    </p>
   </div>
   <div class='ocr_carea' id='block_1_56' title="bbox 2324 2621 3880 2697">
    <p class='ocr_par' dir='ltr' id='par_1_56' title="bbox 2324 2621 3880 2690">
     <span class='ocr_line' id='line_1_56' title="bbox 2324 2621 3880 2690; baseline -0.001 -13"><span class='ocrx_word' id='word_1_374' title='bbox 2324 2624 2418 2677; x_wconf 82' lang='grc' dir='ltr'><strong>καὶ</strong></span> <span class='ocrx_word' id='word_1_375' title='bbox 2442 2622 2865 2690; x_wconf 76' lang='grc' dir='ltr'><strong>διαπεφευγέναι</strong></span> <span class='ocrx_word' id='word_1_376' title='bbox 2910 2621 3000 2673; x_wconf 78' lang='grc' dir='ltr'><strong>τὸν</strong></span> <span class='ocrx_word' id='word_1_377' title='bbox 3033 2621 3296 2684; x_wconf 88' lang='grc' dir='ltr'><strong>κίνδυνον,</strong></span> <span class='ocrx_word' id='word_1_378' title='bbox 3339 2623 3433 2674; x_wconf 75' lang='grc' dir='ltr'><strong>καὶ</strong></span> <span class='ocrx_word' id='word_1_379' title='bbox 3465 2623 3593 2683; x_wconf 87' lang='grc' dir='ltr'><strong>τοὺς</strong></span> <span class='ocrx_word' id='word_1_380' title='bbox 3621 2624 3880 2684; x_wconf 73' lang='grc' dir='ltr'><strong>ἐναντίους</strong></span> 
     </span>
    </p>
   </div>
   <div class='ocr_carea' id='block_1_57' title="bbox 2324 2713 3879 2783">
    <p class='ocr_par' dir='ltr' id='par_1_57' title="bbox 2324 2713 3879 2783">
     <span class='ocr_line' id='line_1_57' title="bbox 2324 2713 3879 2783; baseline -0.001 -16"><span class='ocrx_word' id='word_1_381' title='bbox 2324 2713 2883 2783; x_wconf 76' lang='grc' dir='ltr'><strong>κατατροπώσασθαι.</strong></span> <span class='ocrx_word' id='word_1_382' title='bbox 2937 2714 3137 2779; x_wconf 84' lang='grc' dir='ltr'><strong>Γέγονε</strong></span> <span class='ocrx_word' id='word_1_383' title='bbox 3184 2714 3241 2764; x_wconf 80' lang='grc' dir='ltr'><strong>δέ</strong></span> <span class='ocrx_word' id='word_1_384' title='bbox 3285 2716 3405 2765; x_wconf 81' lang='grc' dir='ltr'><strong>κατ’</strong></span> <span class='ocrx_word' id='word_1_385' title='bbox 3438 2714 3606 2766; x_wconf 80' lang='grc' dir='ltr'><strong>αὑτοῦ</strong></span> <span class='ocrx_word' id='word_1_386' title='bbox 3636 2716 3731 2767; x_wconf 70' lang='grc' dir='ltr'><strong>καὶ</strong></span> <span class='ocrx_word' id='word_1_387' title='bbox 3761 2716 3879 2782; x_wconf 66' lang='grc' dir='ltr'><strong>άλλη</strong></span> 
     </span>
    </p>
   </div>
   <div class='ocr_carea' id='block_1_58' title="bbox 2321 2803 3879 2873">
    <p class='ocr_par' dir='ltr' id='par_1_58' title="bbox 2321 2803 3879 2873">
     <span class='ocr_line' id='line_1_58' title="bbox 2321 2803 3879 2873; baseline 0 -16"><span class='ocrx_word' id='word_1_388' title='bbox 2321 2821 2405 2865; x_wconf 80' lang='grc' dir='ltr'><strong>τις</strong></span> <span class='ocrx_word' id='word_1_389' title='bbox 2436 2804 2825 2863; x_wconf 75' lang='grc' dir='ltr'><strong>ἐπανάστασις.</strong></span> <span class='ocrx_word' id='word_1_390' title='bbox 2856 2803 3075 2868; x_wconf 77' lang='grc' dir='ltr'><strong>Μέρους</strong></span> <span class='ocrx_word' id='word_1_391' title='bbox 3094 2804 3202 2871; x_wconf 74' lang='grc' dir='ltr'><strong>γάρ</strong></span> <span class='ocrx_word' id='word_1_392' title='bbox 3229 2805 3323 2872; x_wconf 82' lang='grc' dir='ltr'><strong>τῆς</strong></span> <span class='ocrx_word' id='word_1_393' title='bbox 3352 2805 3623 2873; x_wconf 81' lang='grc' dir='ltr'><strong>Εὐρώπης</strong></span> <span class='ocrx_word' id='word_1_394' title='bbox 3657 2809 3683 2857; x_wconf 94' lang='lat'><strong>6</strong></span> <span class='ocrx_word' id='word_1_395' title='bbox 3708 2808 3879 2873; x_wconf 72' lang='grc' dir='ltr'><strong>Κάρος</strong></span> 
     </span>
    </p>
   </div>
   <div class='ocr_carea' id='block_1_59' title="bbox 2322 2891 3878 2962">
    <p class='ocr_par' dir='ltr' id='par_1_59' title="bbox 2322 2891 3878 2962">
     <span class='ocr_line' id='line_1_59' title="bbox 2322 2891 3878 2962; baseline 0.001 -18"><span class='ocrx_word' id='word_1_396' title='bbox 2322 2893 2505 2961; x_wconf 78' lang='grc' dir='ltr'><strong>ἄρχων</strong></span> <span class='ocrx_word' id='word_1_397' title='bbox 2536 2891 2678 2958; x_wconf 77' lang='grc' dir='ltr'><strong>ἔγνω</strong></span> <span class='ocrx_word' id='word_1_398' title='bbox 2720 2894 2842 2953; x_wconf 76' lang='grc' dir='ltr'><strong>τοὺς</strong></span> <span class='ocrx_word' id='word_1_399' title='bbox 2869 2892 2961 2944; x_wconf 77' lang='grc' dir='ltr'><strong>ὑπ’</strong></span> <span class='ocrx_word' id='word_1_400' title='bbox 3006 2892 3167 2944; x_wconf 76' lang='grc' dir='ltr'><strong>αὑτὸν</strong></span> <span class='ocrx_word' id='word_1_401' title='bbox 3196 2892 3535 2957; x_wconf 76' lang='grc' dir='ltr'><strong>στρατιώτας</strong></span> <span class='ocrx_word' id='word_1_402' title='bbox 3565 2894 3878 2962; x_wconf 78' lang='grc' dir='ltr'><strong>βουλευομέ-</strong></span> 
     </span>
    </p>
   </div>
   <div class='ocr_carea' id='block_1_60' title="bbox 2322 2982 3879 3053">
    <p class='ocr_par' dir='ltr' id='par_1_60' title="bbox 2322 2982 3879 3053">
     <span class='ocr_line' id='line_1_60' title="bbox 2322 2982 3879 3053; baseline -0.003 -18"><span class='ocrx_word' id='word_1_403' title='bbox 2322 3000 2444 3044; x_wconf 91' lang='grc' dir='ltr'><strong>νους</strong></span> <span class='ocrx_word' id='word_1_404' title='bbox 2485 2983 2730 3035; x_wconf 79' lang='grc' dir='ltr'><strong>ἀνειπεῖν</strong></span> <span class='ocrx_word' id='word_1_405' title='bbox 2790 2982 2954 3035; x_wconf 74' lang='grc' dir='ltr'><strong>αὑτὸν</strong></span> <span class='ocrx_word' id='word_1_406' title='bbox 3002 2983 3401 3053; x_wconf 73' lang='grc' dir='ltr'><strong>αὐτοκράτορα,</strong></span> <span class='ocrx_word' id='word_1_407' title='bbox 3470 2986 3569 3037; x_wconf 75' lang='grc' dir='ltr'><strong>καὶ</strong></span> <span class='ocrx_word' id='word_1_408' title='bbox 3611 2984 3770 3037; x_wconf 78' lang='grc' dir='ltr'><strong>τοῦτο</strong></span> <span class='ocrx_word' id='word_1_409' title='bbox 3812 2984 3879 3050; x_wconf 72' lang='grc' dir='ltr'><strong>τῷ</strong></span> 
     </span>
    </p>
   </div>
   <div class='ocr_carea' id='block_1_61' title="bbox 2318 3071 3880 3143">
    <p class='ocr_par' dir='ltr' id='par_1_61' title="bbox 2318 3071 3880 3143">
     <span class='ocr_line' id='line_1_61' title="bbox 2318 3071 3880 3143; baseline 0 -18"><span class='ocrx_word' id='word_1_410' title='bbox 2318 3072 2517 3143; x_wconf 76' lang='grc' dir='ltr'><strong>Πρόόῳ</strong></span> <span class='ocrx_word' id='word_1_411' title='bbox 2549 3071 2807 3140; x_wconf 80' lang='grc' dir='ltr'><strong>ἐδήλωσε,</strong></span> <span class='ocrx_word' id='word_1_412' title='bbox 2843 3072 3097 3141; x_wconf 81' lang='grc' dir='ltr'><strong>δεόμενος</strong></span> <span class='ocrx_word' id='word_1_413' title='bbox 3146 3073 3359 3126; x_wconf 82' lang='grc' dir='ltr'><strong>ἐκεῖθεν</strong></span> <span class='ocrx_word' id='word_1_414' title='bbox 3388 3075 3785 3143; x_wconf 78' lang='grc' dir='ltr'><strong>ἀνακληθῆναι.</strong></span> <span class='ocrx_word' id='word_1_415' title='bbox 3830 3075 3880 3125; x_wconf 87' lang='grc' dir='ltr'><strong>Ὀ</strong></span> 
     </span>
    </p>
   </div>
   <div class='ocr_carea' id='block_1_62' title="bbox 648 3150 2220 3247">
    <p class='ocr_par' dir='ltr' id='par_1_62' title="bbox 648 3160 2217 3247">
     <span class='ocr_line' id='line_1_62' title="bbox 648 3160 2217 3247; baseline 0.008 -36"><span class='ocrx_word' id='word_1_416' title='bbox 648 3160 665 3212; x_wconf 87' lang='lat' dir='ltr'><strong>i</strong></span> <span class='ocrx_word' id='word_1_417' title='bbox 697 3160 838 3214; x_wconf 87' lang='lat' dir='ltr'><strong>tibus</strong></span> <span class='ocrx_word' id='word_1_418' title='bbox 868 3171 951 3215; x_wconf 89' lang='lat' dir='ltr'><strong>est</strong></span> <span class='ocrx_word' id='word_1_419' title='bbox 987 3162 1333 3228; x_wconf 84' lang='lat' dir='ltr'><strong>interfectus,</strong></span> <span class='ocrx_word' id='word_1_420' title='bbox 1365 3179 1470 3217; x_wconf 90' lang='lat' dir='ltr'><strong>non</strong></span> <span class='ocrx_word' id='word_1_421' title='bbox 1511 3164 1739 3247; x_wconf 79' lang='lat' dir='ltr'><strong>integris</strong></span> <span class='ocrx_word' id='word_1_422' title='bbox 1771 3181 1824 3220; x_wconf 73' lang='lat' dir='ltr'><strong>Vl</strong></span> <span class='ocrx_word' id='word_1_423' title='bbox 1859 3166 2019 3231; x_wconf 81' lang='lat' dir='ltr'><strong>armis</strong></span> <span class='ocrx_word' id='word_1_424' title='bbox 2042 3168 2217 3238; x_wconf 82' lang='lat' dir='ltr'><strong>impe-</strong></span> 
     </span>
    </p>
   </div>
   <div class='ocr_carea' id='block_1_63' title="bbox 2323 3150 3881 3247">
    <p class='ocr_par' dir='ltr' id='par_1_63' title="bbox 2323 3150 3881 3235">
     <span class='ocr_line' id='line_1_63' title="bbox 2323 3150 3881 3235; baseline -0.003 -15"><span class='ocrx_word' id='word_1_425' title='bbox 2323 3167 2376 3220; x_wconf 82' lang='grc' dir='ltr'><strong>δὲ</strong></span> <span class='ocrx_word' id='word_1_426' title='bbox 2407 3168 2507 3218; x_wconf 84' lang='grc' dir='ltr'><strong>οὐκ</strong></span> <span class='ocrx_word' id='word_1_427' title='bbox 2530 3165 2724 3235; x_wconf 70' lang='grc' dir='ltr'><strong>ἢθελεν</strong></span> <span class='ocrx_word' id='word_1_428' title='bbox 2787 3165 3086 3233; x_wconf 73' lang='grc' dir='ltr'>ἀφελέσθαι</span> <span class='ocrx_word' id='word_1_429' title='bbox 3123 3150 3287 3219; x_wconf 63' lang='grc' dir='ltr'><strong>αὐτὸν</strong></span> <span class='ocrx_word' id='word_1_430' title='bbox 3343 3167 3443 3235; x_wconf 75' lang='grc' dir='ltr'><strong>τὴν</strong></span> <span class='ocrx_word' id='word_1_431' title='bbox 3478 3168 3674 3235; x_wconf 78' lang='grc' dir='ltr'><strong>ἀρχήν.</strong></span> <span class='ocrx_word' id='word_1_432' title='bbox 3724 3166 3881 3234; x_wconf 82' lang='grc' dir='ltr'><strong>Περι-</strong></span> 
     </span>
    </p>
   </div>
   <div class='ocr_carea' id='block_1_64' title="bbox 649 3249 1009 3310">
    <p class='ocr_par' dir='ltr' id='par_1_64' title="bbox 649 3249 1009 3310">
     <span class='ocr_line' id='line_1_64' title="bbox 649 3249 1009 3310; baseline 0.022 -12"><span class='ocrx_word' id='word_1_433' title='bbox 649 3250 730 3302; x_wconf 84' lang='lat' dir='ltr'><strong>rio</strong></span> <span class='ocrx_word' id='word_1_434' title='bbox 769 3249 1009 3310; x_wconf 82' lang='lat' dir='ltr'><strong>functus.</strong></span> 
     </span>
    </p>
   </div>
   <div class='ocr_carea' id='block_1_65' title="bbox 2325 3252 3878 3324">
    <p class='ocr_par' dir='ltr' id='par_1_65' title="bbox 2325 3252 3878 3324">
     <span class='ocr_line' id='line_1_65' title="bbox 2325 3252 3878 3324; baseline -0.001 -15"><span class='ocrx_word' id='word_1_435' title='bbox 2325 3258 2547 3317; x_wconf 82' lang='grc' dir='ltr'><strong>στάντες</strong></span> <span class='ocrx_word' id='word_1_436' title='bbox 2577 3252 2671 3308; x_wconf 71' lang='grc' dir='ltr'><strong>οὖν</strong></span> <span class='ocrx_word' id='word_1_437' title='bbox 2708 3257 2759 3307; x_wconf 78' lang='grc' dir='ltr'><strong>οἱ</strong></span> <span class='ocrx_word' id='word_1_438' title='bbox 2823 3256 3155 3324; x_wconf 87' lang='grc' dir='ltr'><strong>στρατιῶται</strong></span> <span class='ocrx_word' id='word_1_439' title='bbox 3206 3256 3304 3308; x_wconf 79' lang='grc' dir='ltr'><strong>τὸν</strong></span> <span class='ocrx_word' id='word_1_440' title='bbox 3327 3258 3536 3324; x_wconf 85' lang='grc' dir='ltr'><strong>Κάρον,</strong></span> <span class='ocrx_word' id='word_1_441' title='bbox 3574 3257 3666 3309; x_wconf 74' lang='grc' dir='ltr'><strong>καὶ</strong></span> <span class='ocrx_word' id='word_1_442' title='bbox 3687 3258 3878 3311; x_wconf 79' lang='grc' dir='ltr'><strong>ἄκοντα</strong></span> 
     </span>
    </p>
   </div>
   <div class='ocr_carea' id='block_1_66' title="bbox 648 3346 3877 3423">
    <p class='ocr_par' dir='ltr' id='par_1_66' title="bbox 648 3346 3877 3423">
     <span class='ocr_line' id='line_1_66' title="bbox 648 3346 3877 3423; baseline 0.002 -28"><span class='ocrx_word' id='word_1_443' title='bbox 648 3346 1043 3410; x_wconf 75' lang='grc' dir='ltr'><strong>καταδέξασθαι</strong></span> <span class='ocrx_word' id='word_1_444' title='bbox 1099 3347 1198 3417; x_wconf 84' lang='grc' dir='ltr'><strong>τὴν</strong></span> <span class='ocrx_word' id='word_1_445' title='bbox 1240 3350 1347 3400; x_wconf 82' lang='grc' dir='ltr'><strong>τῶν</strong></span> <span class='ocrx_word' id='word_1_446' title='bbox 1380 3350 1673 3417; x_wconf 84' lang='grc' dir='ltr'><strong>Ῥωμαίων</strong></span> <span class='ocrx_word' id='word_1_447' title='bbox 1701 3351 1876 3423; x_wconf 72' lang='grc' dir='ltr'><strong>ἀρχὴν</strong></span> <span class='ocrx_word' id='word_1_448' title='bbox 1934 3354 2248 3417; x_wconf 79' lang='grc' dir='ltr'><strong>ἐϐιάσαντο,</strong></span> <span class='ocrx_word' id='word_1_449' title='bbox 2284 3352 2377 3405; x_wconf 76' lang='grc' dir='ltr'><strong>καὶ</strong></span> <span class='ocrx_word' id='word_1_450' title='bbox 2451 3351 2654 3403; x_wconf 81' lang='grc' dir='ltr'><strong>αὐτίκα</strong></span> <span class='ocrx_word' id='word_1_451' title='bbox 2692 3349 2787 3401; x_wconf 83' lang='grc' dir='ltr'><strong>σὺν</strong></span> <span class='ocrx_word' id='word_1_452' title='bbox 2814 3349 2962 3418; x_wconf 77' lang='grc' dir='ltr'><strong>αὑτῷ</strong></span> <span class='ocrx_word' id='word_1_453' title='bbox 2985 3350 3075 3400; x_wconf 70' lang='grc' dir='ltr'><strong>ἐπὶ</strong></span> <span class='ocrx_word' id='word_1_454' title='bbox 3120 3348 3349 3403; x_wconf 82' lang='grc' dir='ltr'><strong>Ἰταλίαν</strong></span> <span class='ocrx_word' id='word_1_455' title='bbox 3376 3350 3729 3418; x_wconf 77' lang='grc' dir='ltr'><strong>ὡρμήκεσαν.</strong></span> <span class='ocrx_word' id='word_1_456' title='bbox 3774 3352 3877 3422; x_wconf 64' lang='grc' dir='ltr'><strong>Καὶ</strong></span> 
     </span>
    </p>
   </div>
   <div class='ocr_carea' id='block_1_67' title="bbox 648 3436 3878 3514">
    <p class='ocr_par' dir='ltr' id='par_1_67' title="bbox 648 3436 3878 3514">
     <span class='ocr_line' id='line_1_67' title="bbox 648 3436 3878 3514; baseline 0 -24"><span class='ocrx_word' id='word_1_457' title='bbox 648 3436 853 3507; x_wconf 72' lang='grc' dir='ltr'><strong>Πρόϐος</strong></span> <span class='ocrx_word' id='word_1_458' title='bbox 885 3438 1043 3491; x_wconf 77' lang='grc' dir='ltr'><strong>τοῦτο</strong></span> <span class='ocrx_word' id='word_1_459' title='bbox 1074 3438 1261 3507; x_wconf 86' lang='grc' dir='ltr'><strong>μαοὼν</strong></span> <span class='ocrx_word' id='word_1_460' title='bbox 1286 3439 1602 3511; x_wconf 85' lang='grc' dir='ltr'><strong>στράτευμα</strong></span> <span class='ocrx_word' id='word_1_461' title='bbox 1627 3441 1843 3511; x_wconf 65' lang='grc' dir='ltr'><strong>ἔπεμψε</strong></span> <span class='ocrx_word' id='word_1_462' title='bbox 1904 3446 2002 3498; x_wconf 74' lang='grc' dir='ltr'><strong>σὺν</strong></span> <span class='ocrx_word' id='word_1_463' title='bbox 2065 3445 2283 3514; x_wconf 81' lang='grc' dir='ltr'><strong>ἄρχοντι</strong></span> <span class='ocrx_word' id='word_1_464' title='bbox 2319 3442 2639 3511; x_wconf 78' lang='grc' dir='ltr'><strong>ἀντιστῆναι</strong></span> <span class='ocrx_word' id='word_1_465' title='bbox 2660 3441 2839 3511; x_wconf 76' lang='grc' dir='ltr'><strong>αὐτῷ’</strong></span> <span class='ocrx_word' id='word_1_466' title='bbox 2867 3440 2968 3509; x_wconf 70' lang='grc' dir='ltr'><strong>ἢδη</strong></span> <span class='ocrx_word' id='word_1_467' title='bbox 3011 3440 3069 3493; x_wconf 83' lang='grc' dir='ltr'><strong>δὲ</strong></span> <span class='ocrx_word' id='word_1_468' title='bbox 3103 3442 3501 3510; x_wconf 78' lang='grc' dir='ltr'><strong>πλησιάσαντες</strong></span> <span class='ocrx_word' id='word_1_469' title='bbox 3525 3442 3575 3494; x_wconf 86' lang='grc' dir='ltr'><strong>οί</strong></span> <span class='ocrx_word' id='word_1_470' title='bbox 3606 3441 3878 3509; x_wconf 78' lang='grc' dir='ltr'><strong>πεμφθέν-</strong></span> 
     </span>
    </p>
   </div>
   <div class='ocr_carea' id='block_1_68' title="bbox 645 3529 3878 3605">
    <p class='ocr_par' dir='ltr' id='par_1_68' title="bbox 645 3529 3878 3605">
     <span class='ocr_line' id='line_1_68' title="bbox 645 3529 3878 3605; baseline 0 -24"><span class='ocrx_word' id='word_1_471' title='bbox 645 3548 735 3593; x_wconf 77' lang='grc' dir='ltr'><strong>τες</strong></span> <span class='ocrx_word' id='word_1_472' title='bbox 778 3529 851 3599; x_wconf 82' lang='grc' dir='ltr'><strong>τῷ</strong></span> <span class='ocrx_word' id='word_1_473' title='bbox 895 3530 1087 3600; x_wconf 82' lang='grc' dir='ltr'><strong>Κάρῳ,</strong></span> <span class='ocrx_word' id='word_1_474' title='bbox 1142 3531 1519 3601; x_wconf 80' lang='grc' dir='ltr'><strong>δεσμήσαντες</strong></span> <span class='ocrx_word' id='word_1_475' title='bbox 1565 3534 1657 3586; x_wconf 81' lang='grc' dir='ltr'><strong>τὸν</strong></span> <span class='ocrx_word' id='word_1_476' title='bbox 1700 3534 1939 3605; x_wconf 78' lang='grc' dir='ltr'><strong>ἄρχοντα</strong></span> <span class='ocrx_word' id='word_1_477' title='bbox 1974 3535 2217 3600; x_wconf 79' lang='grc' dir='ltr'><strong>ἑαυτῶν,</strong></span> <span class='ocrx_word' id='word_1_478' title='bbox 2250 3536 2500 3589; x_wconf 80' lang='grc' dir='ltr'><strong>κάκεῖνον</strong></span> <span class='ocrx_word' id='word_1_479' title='bbox 2573 3532 2667 3585; x_wconf 74' lang='grc' dir='ltr'><strong>καὶ</strong></span> <span class='ocrx_word' id='word_1_480' title='bbox 2730 3532 2956 3600; x_wconf 74' lang='grc' dir='ltr'><strong>ἑαυτοὺς</strong></span> <span class='ocrx_word' id='word_1_481' title='bbox 2999 3531 3077 3599; x_wconf 83' lang='grc' dir='ltr'><strong>τῷ</strong></span> <span class='ocrx_word' id='word_1_482' title='bbox 3125 3532 3292 3601; x_wconf 80' lang='grc' dir='ltr'><strong>Κάρῳ</strong></span> <span class='ocrx_word' id='word_1_483' title='bbox 3317 3531 3785 3601; x_wconf 83' lang='grc' dir='ltr'><strong>παραδεδώκασιν.</strong></span> <span class='ocrx_word' id='word_1_484' title='bbox 3825 3530 3878 3581; x_wconf 88' lang='lat'><strong>&#39;0</strong></span> 
     </span>
    </p>
   </div>
   <div class='ocr_carea' id='block_1_69' title="bbox 646 3616 3880 3697">
    <p class='ocr_par' dir='ltr' id='par_1_69' title="bbox 646 3616 3880 3697">
     <span class='ocr_line' id='line_1_69' title="bbox 646 3616 3880 3697; baseline 0.001 -24"><span class='ocrx_word' id='word_1_485' title='bbox 646 3622 704 3673; x_wconf 85' lang='grc' dir='ltr'><strong>δὲ</strong></span> <span class='ocrx_word' id='word_1_486' title='bbox 757 3621 963 3689; x_wconf 77' lang='grc' dir='ltr'><strong>Πρόὸος</strong></span> <span class='ocrx_word' id='word_1_487' title='bbox 1029 3622 1134 3671; x_wconf 81' lang='grc' dir='ltr'><strong>ὑπὸ</strong></span> <span class='ocrx_word' id='word_1_488' title='bbox 1165 3623 1273 3674; x_wconf 83' lang='grc' dir='ltr'><strong>τῶν</strong></span> <span class='ocrx_word' id='word_1_489' title='bbox 1306 3623 1524 3675; x_wconf 80' lang='grc' dir='ltr'><strong>οἰκείων</strong></span> <span class='ocrx_word' id='word_1_490' title='bbox 1568 3625 1884 3695; x_wconf 85' lang='grc' dir='ltr'><strong>δορυφόρων</strong></span> <span class='ocrx_word' id='word_1_491' title='bbox 1926 3627 2202 3697; x_wconf 79' lang='grc' dir='ltr'><strong>ἀνῄρητο,</strong></span> <span class='ocrx_word' id='word_1_492' title='bbox 2249 3624 2533 3694; x_wconf 77' lang='grc' dir='ltr'><strong>μαθόντων</strong></span> <span class='ocrx_word' id='word_1_493' title='bbox 2596 3623 2825 3691; x_wconf 82' lang='grc' dir='ltr'><strong>τὴντῶν</strong></span> <span class='ocrx_word' id='word_1_494' title='bbox 2889 3616 3241 3691; x_wconf 84' lang='grc' dir='ltr'><strong>στρατιωτῶν</strong></span> <span class='ocrx_word' id='word_1_495' title='bbox 3269 3623 3404 3692; x_wconf 78' lang='grc' dir='ltr'><strong>πρὸς</strong></span> <span class='ocrx_word' id='word_1_496' title='bbox 3428 3624 3615 3692; x_wconf 80' lang='grc' dir='ltr'><strong>Κάρον</strong></span> <span class='ocrx_word' id='word_1_497' title='bbox 3633 3624 3880 3693; x_wconf 73' lang='grc' dir='ltr'><strong>προσχώ-</strong></span> 
     </span>
    </p>
   </div>
   <div class='ocr_carea' id='block_1_70' title="bbox 649 3699 3257 3783">
    <p class='ocr_par' dir='ltr' id='par_1_70' title="bbox 649 3699 3257 3783">
     <span class='ocr_line' id='line_1_70' title="bbox 649 3699 3257 3783; baseline 0.002 -23"><span class='ocrx_word' id='word_1_498' title='bbox 649 3720 827 3780; x_wconf 82' lang='grc' dir='ltr'><strong>ρησιν.</strong></span> <span class='ocrx_word' id='word_1_499' title='bbox 880 3710 936 3762; x_wconf 88' lang='lat'><strong>&#39;0</strong></span> <span class='ocrx_word' id='word_1_500' title='bbox 968 3710 1024 3763; x_wconf 83' lang='grc' dir='ltr'><strong>δὲ</strong></span> <span class='ocrx_word' id='word_1_501' title='bbox 1047 3711 1236 3781; x_wconf 83' lang='grc' dir='ltr'><strong>χρόνος</strong></span> <span class='ocrx_word' id='word_1_502' title='bbox 1274 3711 1373 3779; x_wconf 73' lang='grc' dir='ltr'><strong>τῆς</strong></span> <span class='ocrx_word' id='word_1_503' title='bbox 1428 3713 1726 3782; x_wconf 80' lang='grc' dir='ltr'><strong>αὐταρχίας</strong></span> <span class='ocrx_word' id='word_1_504' title='bbox 1755 3714 1847 3766; x_wconf 73' lang='grc' dir='ltr'><strong>τοῦ</strong></span> <span class='ocrx_word' id='word_1_505' title='bbox 1875 3715 2084 3783; x_wconf 78' lang='grc' dir='ltr'><strong>Πρόϐου</strong></span> <span class='ocrx_word' id='word_1_506' title='bbox 2112 3716 2209 3783; x_wconf 79' lang='grc' dir='ltr'><strong>οὐχ</strong></span> <span class='ocrx_word' id='word_1_507' title='bbox 2242 3714 2528 3782; x_wconf 80' lang='grc' dir='ltr'><strong>ὁλόκληροι</strong></span> <span class='ocrx_word' id='word_1_508' title='bbox 2590 3712 2879 3779; x_wconf 87' lang='grc' dir='ltr'><strong>γεγόνασιν</strong></span> <span class='ocrx_word' id='word_1_509' title='bbox 2911 3710 3144 3763; x_wconf 67' lang='grc' dir='ltr'><strong>ἐνιαυτοὶ</strong></span> <span class='ocrx_word' id='word_1_510' title='bbox 3177 3699 3257 3776; x_wconf 71' lang='grc' dir='ltr'><strong>ἐξ.</strong></span> 
     </span>
    </p>
   </div>
   <div class='ocr_carea' id='block_1_71' title="bbox 717 3802 2220 3875">
    <p class='ocr_par' dir='ltr' id='par_1_71' title="bbox 717 3802 2220 3875">
     <span class='ocr_line' id='line_1_71' title="bbox 717 3802 2220 3875; baseline 0.005 -19"><span class='ocrx_word' id='word_1_511' title='bbox 717 3802 883 3857; x_wconf 73' lang='lat' dir='ltr'><strong>XXX.</strong></span> <span class='ocrx_word' id='word_1_512' title='bbox 925 3802 1099 3859; x_wconf 87' lang='lat' dir='ltr'><strong>Carus</strong></span> <span class='ocrx_word' id='word_1_513' title='bbox 1128 3821 1311 3859; x_wconf 89' lang='lat' dir='ltr'><strong>rerum</strong></span> <span class='ocrx_word' id='word_1_514' title='bbox 1344 3806 1555 3875; x_wconf 87' lang='lat' dir='ltr'><strong>potitus</strong></span> <span class='ocrx_word' id='word_1_515' title='bbox 1577 3847 1589 3868; x_wconf 86' lang='lat'><strong>,</strong></span> <span class='ocrx_word' id='word_1_516' title='bbox 1622 3806 1751 3862; x_wconf 75' lang='lat' dir='ltr'><strong>[iiiis</strong></span> <span class='ocrx_word' id='word_1_517' title='bbox 1783 3811 1899 3863; x_wconf 91' lang='lat' dir='ltr'><strong>suis</strong></span> <span class='ocrx_word' id='word_1_518' title='bbox 1927 3808 2129 3863; x_wconf 89' lang='lat' dir='ltr'><strong>Carino</strong></span> <span class='ocrx_word' id='word_1_519' title='bbox 2161 3819 2220 3864; x_wconf 86' lang='lat' dir='ltr'><strong>et</strong></span> 
     </span>
    </p>
   </div>
   <div class='ocr_carea' id='block_1_72' title="bbox 649 3894 2217 3965">
    <p class='ocr_par' dir='ltr' id='par_1_72' title="bbox 649 3894 2217 3965">
     <span class='ocr_line' id='line_1_72' title="bbox 649 3894 2217 3965; baseline 0.004 -17"><span class='ocrx_word' id='word_1_520' title='bbox 649 3894 985 3949; x_wconf 75' lang='lat' dir='ltr'><strong>Numeriano</strong></span> <span class='ocrx_word' id='word_1_521' title='bbox 1031 3896 1383 3965; x_wconf 79' lang='lat' dir='ltr'><strong>imperatorio</strong></span> <span class='ocrx_word' id='word_1_522' title='bbox 1441 3898 1749 3955; x_wconf 87' lang='lat' dir='ltr'><strong>diademate</strong></span> <span class='ocrx_word' id='word_1_523' title='bbox 1810 3900 2057 3962; x_wconf 89' lang='lat' dir='ltr'><strong>ornatis.</strong></span> <span class='ocrx_word' id='word_1_524' title='bbox 2107 3908 2217 3955; x_wconf 82' lang='lat' dir='ltr'><strong>sta-</strong></span> 
     </span>
    </p>
   </div>
   <div class='ocr_carea' id='block_1_73' title="bbox 650 3986 2215 4055">
    <p class='ocr_par' dir='ltr' id='par_1_73' title="bbox 650 3986 2215 4055">
     <span class='ocr_line' id='line_1_73' title="bbox 650 3986 2215 4055; baseline 0.003 -16"><span class='ocrx_word' id='word_1_525' title='bbox 650 3986 748 4040; x_wconf 91' lang='lat' dir='ltr'><strong>tim</strong></span> <span class='ocrx_word' id='word_1_526' title='bbox 780 3994 971 4039; x_wconf 85' lang='lat' dir='ltr'><strong>contra</strong></span> <span class='ocrx_word' id='word_1_527' title='bbox 1004 3986 1196 4041; x_wconf 85' lang='lat' dir='ltr'><strong>Persas</strong></span> <span class='ocrx_word' id='word_1_528' title='bbox 1242 3988 1523 4055; x_wconf 78' lang='lat' dir='ltr'><strong>profectus</strong></span> <span class='ocrx_word' id='word_1_529' title='bbox 1548 4032 1560 4051; x_wconf 90' lang='lat'><strong>,</strong></span> <span class='ocrx_word' id='word_1_530' title='bbox 1607 3988 1942 4043; x_wconf 86' lang='lat' dir='ltr'><strong>Numeriano</strong></span> <span class='ocrx_word' id='word_1_531' title='bbox 1986 3989 2097 4043; x_wconf 78' lang='lat' dir='ltr'><strong>lilio</strong></span> <span class='ocrx_word' id='word_1_532' title='bbox 2123 4005 2215 4045; x_wconf 90' lang='lat' dir='ltr'><strong>co-</strong></span> 
     </span>
    </p>
   </div>
   <div class='ocr_carea' id='block_1_74' title="bbox 647 4076 2207 4151">
    <p class='ocr_par' dir='ltr' id='par_1_74' title="bbox 647 4076 2207 4151">
     <span class='ocr_line' id='line_1_74' title="bbox 647 4076 2207 4151; baseline 0.003 -23"><span class='ocrx_word' id='word_1_533' title='bbox 647 4078 908 4141; x_wconf 84' lang='lat' dir='ltr'><strong>mitante,</strong></span> <span class='ocrx_word' id='word_1_534' title='bbox 955 4076 1367 4151; x_wconf 84' lang='lat' dir='ltr'><strong>Ctesiphontem</strong></span> <span class='ocrx_word' id='word_1_535' title='bbox 1397 4086 1452 4131; x_wconf 89' lang='lat' dir='ltr'><strong>et</strong></span> <span class='ocrx_word' id='word_1_536' title='bbox 1526 4076 1831 4131; x_wconf 84' lang='lat' dir='ltr'><strong>Seleuciam</strong></span> <span class='ocrx_word' id='word_1_537' title='bbox 1897 4082 2207 4146; x_wconf 86' lang='lat' dir='ltr'><strong>occupavit.</strong></span> 
     </span>
    </p>
   </div>
   <div class='ocr_carea' id='block_1_75' title="bbox 2390 3803 3877 3875">
    <p class='ocr_par' dir='ltr' id='par_1_75' title="bbox 2390 3803 3877 3875">
     <span class='ocr_line' id='line_1_75' title="bbox 2390 3803 3877 3875; baseline -0.003 -16"><span class='ocrx_word' id='word_1_538' title='bbox 2390 3806 2468 3862; x_wconf 82' lang='lat' dir='ltr'><strong>A&#39;.</strong></span> <span class='ocrx_word' id='word_1_539' title='bbox 2507 3807 2688 3875; x_wconf 80' lang='grc' dir='ltr'><strong>Κάρος</strong></span> <span class='ocrx_word' id='word_1_540' title='bbox 2720 3806 2776 3857; x_wconf 80' lang='grc' dir='ltr'><strong>δὲ</strong></span> <span class='ocrx_word' id='word_1_541' title='bbox 2801 3804 2903 3872; x_wconf 81' lang='grc' dir='ltr'><strong>τῆς</strong></span> <span class='ocrx_word' id='word_1_542' title='bbox 2957 3803 3233 3873; x_wconf 83' lang='grc' dir='ltr'><strong>βασιλείας</strong></span> <span class='ocrx_word' id='word_1_543' title='bbox 3285 3805 3579 3872; x_wconf 84' lang='grc' dir='ltr'><strong>γενόμενος</strong></span> <span class='ocrx_word' id='word_1_544' title='bbox 3610 3804 3877 3873; x_wconf 77' lang='grc' dir='ltr'><strong>ἐγκρατὴς</strong></span> 
     </span>
    </p>
   </div>
   <div class='ocr_carea' id='block_1_76' title="bbox 2314 3894 3876 3965">
    <p class='ocr_par' dir='ltr' id='par_1_76' title="bbox 2314 3894 3876 3965">
     <span class='ocr_line' id='line_1_76' title="bbox 2314 3894 3876 3965; baseline -0.003 -16"><span class='ocrx_word' id='word_1_545' title='bbox 2314 3899 2440 3959; x_wconf 67' lang='grc' dir='ltr'><strong>τοὺς</strong></span> <span class='ocrx_word' id='word_1_546' title='bbox 2472 3898 2707 3958; x_wconf 73' lang='grc' dir='ltr'><strong>οἰκείους</strong></span> <span class='ocrx_word' id='word_1_547' title='bbox 2753 3895 2904 3957; x_wconf 84' lang='grc' dir='ltr'><strong>υἱοὺς</strong></span> <span class='ocrx_word' id='word_1_548' title='bbox 2930 3894 3041 3965; x_wconf 85' lang='grc'><strong>(85)</strong></span> <span class='ocrx_word' id='word_1_549' title='bbox 3076 3896 3314 3965; x_wconf 85' lang='grc' dir='ltr'><strong>Καρῖνον</strong></span> <span class='ocrx_word' id='word_1_550' title='bbox 3358 3896 3454 3949; x_wconf 79' lang='grc' dir='ltr'><strong>καὶ</strong></span> <span class='ocrx_word' id='word_1_551' title='bbox 3502 3895 3876 3965; x_wconf 79' lang='grc' dir='ltr'><strong>Νουμεριανδν</strong></span> 
     </span>
    </p>
   </div>
   <div class='ocr_carea' id='block_1_77' title="bbox 2312 3984 3873 4053">
    <p class='ocr_par' dir='ltr' id='par_1_77' title="bbox 2312 3984 3873 4053">
     <span class='ocr_line' id='line_1_77' title="bbox 2312 3984 3873 4053; baseline -0.004 -13"><span class='ocrx_word' id='word_1_552' title='bbox 2312 3986 2592 4041; x_wconf 65' lang='lat' dir='ltr'><strong>tun/(was</strong></span> <span class='ocrx_word' id='word_1_553' title='bbox 2646 3984 2915 4053; x_wconf 76' lang='grc' dir='ltr'><strong>βασιλικῷ</strong></span> <span class='ocrx_word' id='word_1_554' title='bbox 2960 3984 3273 4052; x_wconf 81' lang='grc' dir='ltr'><strong>διαδήματι.</strong></span> <span class='ocrx_word' id='word_1_555' title='bbox 3331 3984 3441 4036; x_wconf 72' lang='grc' dir='ltr'><strong>Καὶ</strong></span> <span class='ocrx_word' id='word_1_556' title='bbox 3490 3984 3689 4037; x_wconf 85' lang='grc' dir='ltr'><strong>αὐτίκα</strong></span> <span class='ocrx_word' id='word_1_557' title='bbox 3740 3986 3873 4038; x_wconf 72' lang='grc' dir='ltr'><strong>κατὰ</strong></span> 
     </span>
    </p>
   </div>
   <div class='ocr_carea' id='block_1_78' title="bbox 2313 4071 3875 4145">
    <p class='ocr_par' dir='ltr' id='par_1_78' title="bbox 2313 4071 3875 4145">
     <span class='ocr_line' id='line_1_78' title="bbox 2313 4071 3875 4145; baseline -0.001 -17"><span class='ocrx_word' id='word_1_558' title='bbox 2313 4076 2538 4145; x_wconf 81' lang='grc' dir='ltr'><strong>Περσῶν</strong></span> <span class='ocrx_word' id='word_1_559' title='bbox 2571 4074 2995 4142; x_wconf 75' lang='grc' dir='ltr'><strong>ἐξεστράτευσεν</strong></span> <span class='ocrx_word' id='word_1_560' title='bbox 3027 4071 3144 4139; x_wconf 75' lang='grc' dir='ltr'><strong>ἃμα</strong></span> <span class='ocrx_word' id='word_1_561' title='bbox 3188 4071 3269 4142; x_wconf 84' lang='grc' dir='ltr'><strong>τῷ</strong></span> <span class='ocrx_word' id='word_1_562' title='bbox 3310 4074 3389 4125; x_wconf 78' lang='grc' dir='ltr'><strong>ἐνὶ</strong></span> <span class='ocrx_word' id='word_1_563' title='bbox 3422 4074 3531 4126; x_wconf 85' lang='grc' dir='ltr'><strong>τῶν</strong></span> <span class='ocrx_word' id='word_1_564' title='bbox 3570 4075 3776 4127; x_wconf 82' lang='grc' dir='ltr'><strong>παίδων</strong></span> <span class='ocrx_word' id='word_1_565' title='bbox 3800 4076 3875 4145; x_wconf 79' lang='grc' dir='ltr'><strong>τῷ</strong></span> 
     </span>
    </p>
   </div>
   <div class='ocr_carea' id='block_1_79' title="bbox 646 4162 2220 4237">
    <p class='ocr_par' dir='ltr' id='par_1_79' title="bbox 646 4167 2209 4237">
     <span class='ocr_line' id='line_1_79' title="bbox 646 4167 2209 4237; baseline 0.001 -16"><span class='ocrx_word' id='word_1_566' title='bbox 646 4167 752 4221; x_wconf 84' lang='lat' dir='ltr'><strong>Sed</strong></span> <span class='ocrx_word' id='word_1_567' title='bbox 807 4167 1036 4223; x_wconf 82' lang='lat' dir='ltr'><strong>Romani</strong></span> <span class='ocrx_word' id='word_1_568' title='bbox 1090 4183 1213 4223; x_wconf 89' lang='lat' dir='ltr'><strong>cum</strong></span> <span class='ocrx_word' id='word_1_569' title='bbox 1269 4169 1322 4221; x_wconf 89' lang='lat' dir='ltr'><strong>in</strong></span> <span class='ocrx_word' id='word_1_570' title='bbox 1380 4184 1515 4222; x_wconf 81' lang='lat' dir='ltr'><strong>cavo</strong></span> <span class='ocrx_word' id='word_1_571' title='bbox 1562 4168 1801 4237; x_wconf 85' lang='lat' dir='ltr'><strong>quodam</strong></span> <span class='ocrx_word' id='word_1_572' title='bbox 1861 4167 1982 4222; x_wconf 91' lang='lat' dir='ltr'><strong>loco</strong></span> <span class='ocrx_word' id='word_1_573' title='bbox 2034 4178 2209 4223; x_wconf 88' lang='lat' dir='ltr'><strong>castra</strong></span> 
     </span>
    </p>
   </div>
   <div class='ocr_carea' id='block_1_80' title="bbox 2323 4162 3871 4237">
    <p class='ocr_par' dir='ltr' id='par_1_80' title="bbox 2323 4162 3871 4234">
     <span class='ocr_line' id='line_1_80' title="bbox 2323 4162 3871 4234; baseline 0 -17"><span class='ocrx_word' id='word_1_574' title='bbox 2323 4164 2674 4234; x_wconf 63' lang='lat' dir='ltr'><strong>Noupsptavif)</strong></span> <span class='ocrx_word' id='word_1_575' title='bbox 2703 4164 2795 4217; x_wconf 80' lang='grc' dir='ltr'><strong>καὶ</strong></span> <span class='ocrx_word' id='word_1_576' title='bbox 2819 4163 3051 4233; x_wconf 76' lang='grc' dir='ltr'><strong>κατέσχε</strong></span> <span class='ocrx_word' id='word_1_577' title='bbox 3083 4162 3451 4230; x_wconf 76' lang='grc' dir='ltr'><strong>Κτησιφῶντα</strong></span> <span class='ocrx_word' id='word_1_578' title='bbox 3476 4180 3537 4214; x_wconf 84' lang='grc' dir='ltr'><strong>τε</strong></span> <span class='ocrx_word' id='word_1_579' title='bbox 3561 4167 3655 4216; x_wconf 69' lang='grc' dir='ltr'><strong>καὶ</strong></span> <span class='ocrx_word' id='word_1_580' title='bbox 3688 4165 3871 4217; x_wconf 79' lang='grc' dir='ltr'><strong>Σελεὺ-</strong></span> 
     </span>
    </p>
   </div>
   <div class='ocr_carea' id='block_1_81' title="bbox 646 4253 2220 4329">
    <p class='ocr_par' dir='ltr' id='par_1_81' title="bbox 646 4258 2211 4329">
     <span class='ocr_line' id='line_1_81' title="bbox 646 4258 2211 4329; baseline 0.003 -20"><span class='ocrx_word' id='word_1_581' title='bbox 646 4258 932 4322; x_wconf 84' lang='lat' dir='ltr'><strong>haberent,</strong></span> <span class='ocrx_word' id='word_1_582' title='bbox 966 4274 1104 4328; x_wconf 88' lang='lat' dir='ltr'><strong>pene</strong></span> <span class='ocrx_word' id='word_1_583' title='bbox 1135 4259 1297 4314; x_wconf 85' lang='lat' dir='ltr'><strong>undis</strong></span> <span class='ocrx_word' id='word_1_584' title='bbox 1326 4268 1509 4314; x_wconf 88' lang='lat' dir='ltr'><strong>essent</strong></span> <span class='ocrx_word' id='word_1_585' title='bbox 1543 4260 1788 4329; x_wconf 49' lang='lat' dir='ltr'><strong>oppressi</strong></span> <span class='ocrx_word' id='word_1_586' title='bbox 1812 4300 1827 4319; x_wconf 88' lang='lat'><strong>.</strong></span> <span class='ocrx_word' id='word_1_587' title='bbox 1872 4258 2039 4313; x_wconf 87' lang='lat' dir='ltr'><strong>ﬂuvio</strong></span> <span class='ocrx_word' id='word_1_588' title='bbox 2073 4275 2211 4329; x_wconf 80' lang='lat' dir='ltr'><strong>pra:-</strong></span> 
     </span>
    </p>
   </div>
   <div class='ocr_carea' id='block_1_82' title="bbox 2323 4253 3873 4329">
    <p class='ocr_par' dir='ltr' id='par_1_82' title="bbox 2323 4253 3873 4327">
     <span class='ocr_line' id='line_1_82' title="bbox 2323 4253 3873 4327; baseline 0.001 -18"><span class='ocrx_word' id='word_1_589' title='bbox 2323 4274 2481 4309; x_wconf 77' lang='grc' dir='ltr'><strong>ιειαν.</strong></span> <span class='ocrx_word' id='word_1_590' title='bbox 2519 4254 2732 4325; x_wconf 79' lang='grc' dir='ltr'><strong>Μικροῦ</strong></span> <span class='ocrx_word' id='word_1_591' title='bbox 2772 4255 2817 4307; x_wconf 79' lang='grc' dir='ltr'><strong>δ’</strong></span> <span class='ocrx_word' id='word_1_592' title='bbox 2860 4254 2927 4309; x_wconf 78' lang='grc' dir='ltr'><strong>ἀν</strong></span> <span class='ocrx_word' id='word_1_593' title='bbox 2957 4253 3295 4307; x_wconf 74' lang='grc' dir='ltr'><strong>ἐκινδύνευσε</strong></span> <span class='ocrx_word' id='word_1_594' title='bbox 3329 4256 3389 4307; x_wconf 72' lang='grc' dir='ltr'><strong>τὸ</strong></span> <span class='ocrx_word' id='word_1_595' title='bbox 3421 4255 3738 4327; x_wconf 84' lang='grc' dir='ltr'><strong>στράτευμα</strong></span> <span class='ocrx_word' id='word_1_596' title='bbox 3765 4258 3873 4311; x_wconf 74' lang='grc' dir='ltr'><strong>τῶν</strong></span> 
     </span>
    </p>
   </div>
   <div class='ocr_carea' id='block_1_83' title="bbox 649 4348 2211 4417">
    <p class='ocr_par' dir='ltr' id='par_1_83' title="bbox 649 4348 2211 4417">
     <span class='ocr_line' id='line_1_83' title="bbox 649 4348 2211 4417; baseline 0.004 -18"><span class='ocrx_word' id='word_1_597' title='bbox 649 4349 935 4401; x_wconf 84' lang='lat' dir='ltr'><strong>tcrﬂuente</strong></span> <span class='ocrx_word' id='word_1_598' title='bbox 961 4364 1059 4417; x_wconf 88' lang='lat' dir='ltr'><strong>per</strong></span> <span class='ocrx_word' id='word_1_599' title='bbox 1090 4348 1289 4402; x_wconf 79' lang='lat' dir='ltr'><strong>fossam</strong></span> <span class='ocrx_word' id='word_1_600' title='bbox 1320 4365 1349 4402; x_wconf 90' lang='lat' dir='ltr'><strong>a</strong></span> <span class='ocrx_word' id='word_1_601' title='bbox 1378 4349 1563 4405; x_wconf 72' lang='lat' dir='ltr'><strong>Persis</strong></span> <span class='ocrx_word' id='word_1_602' title='bbox 1600 4350 1654 4404; x_wconf 92' lang='lat' dir='ltr'><strong>in</strong></span> <span class='ocrx_word' id='word_1_603' title='bbox 1698 4365 1793 4404; x_wconf 86' lang='lat' dir='ltr'><strong>eos</strong></span> <span class='ocrx_word' id='word_1_604' title='bbox 1840 4350 2064 4405; x_wconf 88' lang='lat' dir='ltr'><strong>emisso.</strong></span> <span class='ocrx_word' id='word_1_605' title='bbox 2108 4350 2211 4405; x_wconf 80' lang='lat' dir='ltr'><strong>Ve-</strong></span> 
     </span>
    </p>
   </div>
   <div class='ocr_carea' id='block_1_84' title="bbox 2317 4346 3865 4418">
    <p class='ocr_par' dir='ltr' id='par_1_84' title="bbox 2317 4346 3865 4418">
     <span class='ocr_line' id='line_1_84' title="bbox 2317 4346 3865 4418; baseline -0.001 -17"><span class='ocrx_word' id='word_1_606' title='bbox 2317 4348 2625 4417; x_wconf 82' lang='grc' dir='ltr'><strong>Ῥωμαίων.</strong></span> <span class='ocrx_word' id='word_1_607' title='bbox 2660 4348 2749 4401; x_wconf 85' lang='grc' dir='ltr'>Ἐν</span> <span class='ocrx_word' id='word_1_608' title='bbox 2779 4348 2943 4418; x_wconf 84' lang='grc' dir='ltr'><strong>κοίλῳ</strong></span> <span class='ocrx_word' id='word_1_609' title='bbox 2967 4346 3076 4417; x_wconf 85' lang='grc' dir='ltr'><strong>γὰρ</strong></span> <span class='ocrx_word' id='word_1_610' title='bbox 3104 4348 3675 4417; x_wconf 69' lang='grc' dir='ltr'><strong>ἐστρατοπεδεύσαντο</strong></span> <span class='ocrx_word' id='word_1_611' title='bbox 3697 4351 3865 4416; x_wconf 78' lang='grc' dir='ltr'><strong>τόπῳ·</strong></span> 
     </span>
    </p>
   </div>
   <div class='ocr_carea' id='block_1_85' title="bbox 647 4438 2220 4508">
    <p class='ocr_par' dir='ltr' id='par_1_85' title="bbox 647 4438 2204 4508">
     <span class='ocr_line' id='line_1_85' title="bbox 647 4438 2204 4508; baseline 0.003 -17"><span class='ocrx_word' id='word_1_612' title='bbox 647 4456 768 4492; x_wconf 89' lang='lat' dir='ltr'><strong>rnm</strong></span> <span class='ocrx_word' id='word_1_613' title='bbox 796 4438 967 4493; x_wconf 78' lang='lat' dir='ltr'><strong>Carus</strong></span> <span class='ocrx_word' id='word_1_614' title='bbox 1001 4438 1303 4508; x_wconf 78' lang='lat' dir='ltr'><strong>proﬂigatis</strong></span> <span class='ocrx_word' id='word_1_615' title='bbox 1333 4439 1585 4493; x_wconf 87' lang='lat' dir='ltr'><strong>hostibus</strong></span> <span class='ocrx_word' id='word_1_616' title='bbox 1632 4455 1690 4493; x_wconf 90' lang='lat' dir='ltr'><strong>re</strong></span> <span class='ocrx_word' id='word_1_617' title='bbox 1720 4442 1858 4494; x_wconf 91' lang='lat' dir='ltr'><strong>bene</strong></span> <span class='ocrx_word' id='word_1_618' title='bbox 1903 4449 2053 4508; x_wconf 79' lang='lat' dir='ltr'><strong>gesta</strong></span> <span class='ocrx_word' id='word_1_619' title='bbox 2080 4457 2204 4495; x_wconf 89' lang='lat' dir='ltr'><strong>cum</strong></span> 
     </span>
    </p>
   </div>
   <div class='ocr_carea' id='block_1_86' title="bbox 2323 4438 3869 4508">
    <p class='ocr_par' dir='ltr' id='par_1_86' title="bbox 2323 4439 3869 4508">
     <span class='ocr_line' id='line_1_86' title="bbox 2323 4439 3869 4508; baseline -0.001 -17"><span class='ocrx_word' id='word_1_620' title='bbox 2323 4439 2333 4491; x_wconf 78' lang='lat' dir='ltr'><strong>l</strong></span> <span class='ocrx_word' id='word_1_621' title='bbox 2364 4440 2413 4491; x_wconf 88' lang='grc' dir='ltr'>οί</span> <span class='ocrx_word' id='word_1_622' title='bbox 2448 4440 2654 4507; x_wconf 83' lang='grc' dir='ltr'><strong>Πέρσαι</strong></span> <span class='ocrx_word' id='word_1_623' title='bbox 2685 4439 3117 4504; x_wconf 84' lang='grc' dir='ltr'><strong>θεασάμενοιτὸν</strong></span> <span class='ocrx_word' id='word_1_624' title='bbox 3138 4440 3257 4490; x_wconf 81' lang='grc' dir='ltr'><strong>ἐκεῖ</strong></span> <span class='ocrx_word' id='word_1_625' title='bbox 3288 4440 3674 4508; x_wconf 68' lang='grc' dir='ltr'><strong>παραρρέοντα</strong></span> <span class='ocrx_word' id='word_1_626' title='bbox 3706 4457 3869 4490; x_wconf 76' lang='grc' dir='ltr'><strong>ποτα-</strong></span> 
     </span>
    </p>
   </div>
   <div class='ocr_carea' id='block_1_87' title="bbox 646 4525 2220 4601">
    <p class='ocr_par' dir='ltr' id='par_1_87' title="bbox 646 4528 2204 4601">
     <span class='ocr_line' id='line_1_87' title="bbox 646 4528 2204 4601; baseline 0.002 -18"><span class='ocrx_word' id='word_1_627' title='bbox 646 4545 838 4599; x_wconf 80' lang='lat' dir='ltr'><strong>magna</strong></span> <span class='ocrx_word' id='word_1_628' title='bbox 882 4529 1222 4598; x_wconf 84' lang='lat' dir='ltr'><strong>captivorum</strong></span> <span class='ocrx_word' id='word_1_629' title='bbox 1260 4528 1646 4595; x_wconf 85' lang='lat' dir='ltr'><strong>multitudine,</strong></span> <span class='ocrx_word' id='word_1_630' title='bbox 1696 4531 1985 4600; x_wconf 88' lang='lat' dir='ltr'><strong>opimaque</strong></span> <span class='ocrx_word' id='word_1_631' title='bbox 2026 4533 2204 4601; x_wconf 66' lang='lat' dir='ltr'><strong>praeda</strong></span> 
     </span>
    </p>
   </div>
   <div class='ocr_carea' id='block_1_88' title="bbox 2323 4525 3867 4601">
    <p class='ocr_par' dir='ltr' id='par_1_88' title="bbox 2323 4525 3867 4594">
     <span class='ocr_line' id='line_1_88' title="bbox 2323 4525 3867 4594; baseline -0.001 -16"><span class='ocrx_word' id='word_1_632' title='bbox 2323 4529 2408 4593; x_wconf 71' lang='grc' dir='ltr'><strong>ιδν</strong></span> <span class='ocrx_word' id='word_1_633' title='bbox 2436 4527 2516 4589; x_wconf 84' lang='grc' dir='ltr'><strong>είς</strong></span> <span class='ocrx_word' id='word_1_634' title='bbox 2541 4527 2631 4578; x_wconf 71' lang='grc' dir='ltr'><strong>τὸν</strong></span> <span class='ocrx_word' id='word_1_635' title='bbox 2662 4526 2843 4579; x_wconf 88' lang='grc' dir='ltr'><strong>κοῖλον</strong></span> <span class='ocrx_word' id='word_1_636' title='bbox 2880 4526 3091 4579; x_wconf 81' lang='grc' dir='ltr'><strong>ἐκεῖνον</strong></span> <span class='ocrx_word' id='word_1_637' title='bbox 3118 4525 3282 4577; x_wconf 80' lang='grc' dir='ltr'>τόπον</span> <span class='ocrx_word' id='word_1_638' title='bbox 3306 4526 3394 4577; x_wconf 73' lang='grc' dir='ltr'><strong>διὰ</strong></span> <span class='ocrx_word' id='word_1_639' title='bbox 3445 4526 3710 4594; x_wconf 86' lang='grc' dir='ltr'><strong>διώρυγος</strong></span> <span class='ocrx_word' id='word_1_640' title='bbox 3740 4528 3867 4577; x_wconf 74' lang='grc' dir='ltr'><strong>ἐπα·</strong></span> 
     </span>
    </p>
   </div>
   <div class='ocr_carea' id='block_1_89' title="bbox 644 4592 2220 4687">
    <p class='ocr_par' dir='ltr' id='par_1_89' title="bbox 644 4592 2205 4676">
     <span class='ocr_line' id='line_1_89' title="bbox 644 4592 2205 4676; baseline 0 0"><span class='ocrx_word' id='word_1_641' title='bbox 644 4592 871 4676; x_wconf 71' lang='lat' dir='ltr'><strong>anam</strong></span> <span class='ocrx_word' id='word_1_642' title='bbox 926 4592 1105 4675; x_wconf 73' lang='lat' dir='ltr'><strong>rediit.</strong></span> <span class='ocrx_word' id='word_1_643' title='bbox 1186 4621 1393 4675; x_wconf 90' lang='lat' dir='ltr'><strong>Deinde</strong></span> <span class='ocrx_word' id='word_1_644' title='bbox 1462 4621 1739 4675; x_wconf 86' lang='lat' dir='ltr'><strong>Sarmatas</strong></span> <span class='ocrx_word' id='word_1_645' title='bbox 1810 4622 2205 4676; x_wconf 86' lang='lat' dir='ltr'><strong>tumultuantes</strong></span> 
     </span>
    </p>
   </div>
   <div class='ocr_carea' id='block_1_90' title="bbox 2323 4592 3863 4687">
    <p class='ocr_par' dir='ltr' id='par_1_90' title="bbox 2323 4592 3863 4687">
     <span class='ocr_line' id='line_1_90' title="bbox 2323 4592 3863 4687; baseline -0.001 -18"><span class='ocrx_word' id='word_1_646' title='bbox 2323 4618 2537 4685; x_wconf 76' lang='grc' dir='ltr'><strong>ρήκασι.</strong></span> <span class='ocrx_word' id='word_1_647' title='bbox 2566 4617 2688 4679; x_wconf 78' lang='grc' dir='ltr'><strong>Τοῖς</strong></span> <span class='ocrx_word' id='word_1_648' title='bbox 2708 4616 2946 4687; x_wconf 79' lang='grc' dir='ltr'><strong>Πέρσαις</strong></span> <span class='ocrx_word' id='word_1_649' title='bbox 2969 4615 3027 4668; x_wconf 80' lang='grc' dir='ltr'><strong>δὲ</strong></span> <span class='ocrx_word' id='word_1_650' title='bbox 3056 4614 3380 4685; x_wconf 77' lang='grc' dir='ltr'><strong>προσσαλὼν</strong></span> <span class='ocrx_word' id='word_1_651' title='bbox 3413 4616 3443 4667; x_wconf 89' lang='lat'><strong>6</strong></span> <span class='ocrx_word' id='word_1_652' title='bbox 3474 4592 3676 4685; x_wconf 78' lang='grc' dir='ltr'><strong>Κάρος,</strong></span> <span class='ocrx_word' id='word_1_653' title='bbox 3708 4615 3863 4668; x_wconf 62' lang='lat' dir='ltr'><strong>timi-</strong></span> 
     </span>
    </p>
   </div>
   <div class='ocr_carea' id='block_1_91' title="bbox 624 4694 2204 4783">
    <p class='ocr_par' dir='ltr' id='par_1_91' title="bbox 624 4694 2204 4783">
     <span class='ocr_line' id='line_1_91' title="bbox 624 4694 2204 4783; baseline -0.001 -17"><span class='ocrx_word' id='word_1_654' title='bbox 624 4694 759 4766; x_wconf 21' lang='lat' dir='ltr'><strong>Iaeie</strong></span> <span class='ocrx_word' id='word_1_655' title='bbox 791 4713 937 4770; x_wconf 87' lang='lat' dir='ltr'><strong>vicit.</strong></span> <span class='ocrx_word' id='word_1_656' title='bbox 966 4720 1023 4765; x_wconf 92' lang='lat' dir='ltr'><strong>et</strong></span> <span class='ocrx_word' id='word_1_657' title='bbox 1060 4718 1277 4783; x_wconf 75' lang='lat' dir='ltr'><strong>gentem</strong></span> <span class='ocrx_word' id='word_1_658' title='bbox 1300 4711 1536 4779; x_wconf 66' lang='lat' dir='ltr'><strong>subegit.</strong></span> <span class='ocrx_word' id='word_1_659' title='bbox 1566 4712 1691 4766; x_wconf 87' lang='lat' dir='ltr'><strong>Fuit</strong></span> <span class='ocrx_word' id='word_1_660' title='bbox 1734 4712 1951 4766; x_wconf 84' lang='lat' dir='ltr'><strong>natione</strong></span> <span class='ocrx_word' id='word_1_661' title='bbox 1994 4711 2204 4775; x_wconf 85' lang='lat' dir='ltr'><strong>Gallus,</strong></span> 
     </span>
    </p>
   </div>
   <div class='ocr_carea' id='block_1_92' title="bbox 2304 4704 3865 4775">
    <p class='ocr_par' dir='ltr' id='par_1_92' title="bbox 2304 4704 3865 4775">
     <span class='ocr_line' id='line_1_92' title="bbox 2304 4704 3865 4775; baseline -0.001 -18"><span class='ocrx_word' id='word_1_662' title='bbox 2304 4723 2461 4775; x_wconf 86' lang='grc' dir='ltr'><strong>χησε,</strong></span> <span class='ocrx_word' id='word_1_663' title='bbox 2494 4707 2588 4759; x_wconf 80' lang='grc' dir='ltr'><strong>καὶ</strong></span> <span class='ocrx_word' id='word_1_664' title='bbox 2618 4705 3091 4772; x_wconf 81' lang='grc' dir='ltr'><strong>κατετρωπώσατο</strong></span> <span class='ocrx_word' id='word_1_665' title='bbox 3123 4704 3343 4767; x_wconf 85' lang='grc' dir='ltr'><strong>αὐτούς.</strong></span> <span class='ocrx_word' id='word_1_666' title='bbox 3375 4706 3483 4757; x_wconf 77' lang='grc' dir='ltr'><strong>Καὶ</strong></span> <span class='ocrx_word' id='word_1_667' title='bbox 3511 4705 3865 4771; x_wconf 71' lang='grc' dir='ltr'><strong>ἐπανέζευξεν</strong></span> 
     </span>
    </p>
   </div>
   <div class='ocr_carea' id='block_1_93' title="bbox 643 4795 2220 4870">
    <p class='ocr_par' dir='ltr' id='par_1_93' title="bbox 643 4801 2207 4870">
     <span class='ocr_line' id='line_1_93' title="bbox 643 4801 2207 4870; baseline 0.001 -15"><span class='ocrx_word' id='word_1_668' title='bbox 643 4803 739 4855; x_wconf 83' lang='lat' dir='ltr'><strong>sed</strong></span> <span class='ocrx_word' id='word_1_669' title='bbox 773 4803 856 4854; x_wconf 77' lang='lat' dir='ltr'><strong>vir</strong></span> <span class='ocrx_word' id='word_1_670' title='bbox 884 4802 1079 4858; x_wconf 79' lang='lat' dir='ltr'><strong>fortis.</strong></span> <span class='ocrx_word' id='word_1_671' title='bbox 1118 4809 1172 4853; x_wconf 92' lang='lat' dir='ltr'><strong>et</strong></span> <span class='ocrx_word' id='word_1_672' title='bbox 1203 4801 1279 4854; x_wconf 79' lang='lat' dir='ltr'><strong>rei</strong></span> <span class='ocrx_word' id='word_1_673' title='bbox 1331 4802 1583 4856; x_wconf 83' lang='lat' dir='ltr'><strong>militaris</strong></span> <span class='ocrx_word' id='word_1_674' title='bbox 1630 4804 1858 4870; x_wconf 88' lang='lat' dir='ltr'><strong>peritus.</strong></span> <span class='ocrx_word' id='word_1_675' title='bbox 1916 4804 1989 4857; x_wconf 88' lang='lat' dir='ltr'><strong>De</strong></span> <span class='ocrx_word' id='word_1_676' title='bbox 2034 4812 2207 4857; x_wconf 88' lang='lat' dir='ltr'><strong>morte</strong></span> 
     </span>
    </p>
   </div>
   <div class='ocr_carea' id='block_1_94' title="bbox 2323 4795 3863 4870">
    <p class='ocr_par' dir='ltr' id='par_1_94' title="bbox 2323 4795 3863 4866">
     <span class='ocr_line' id='line_1_94' title="bbox 2323 4795 3863 4866; baseline 0 -19"><span class='ocrx_word' id='word_1_677' title='bbox 2323 4801 2381 4861; x_wconf 80' lang='lat' dir='ltr'><strong>:i;</strong></span> <span class='ocrx_word' id='word_1_678' title='bbox 2435 4798 2673 4866; x_wconf 87' lang='grc' dir='ltr'><strong>Ῥώμην,</strong></span> <span class='ocrx_word' id='word_1_679' title='bbox 2739 4795 2889 4862; x_wconf 76' lang='grc' dir='ltr'><strong>ἄγων</strong></span> <span class='ocrx_word' id='word_1_680' title='bbox 2946 4795 3310 4865; x_wconf 76' lang='grc' dir='ltr'><strong>αἰχμαλώτων</strong></span> <span class='ocrx_word' id='word_1_681' title='bbox 3342 4796 3553 4861; x_wconf 73' lang='grc' dir='ltr'><strong>πληθὺν</strong></span> <span class='ocrx_word' id='word_1_682' title='bbox 3590 4798 3685 4848; x_wconf 80' lang='grc' dir='ltr'><strong>καὶ</strong></span> <span class='ocrx_word' id='word_1_683' title='bbox 3712 4798 3863 4849; x_wconf 79' lang='grc' dir='ltr'><strong>λείαν</strong></span> 
     </span>
    </p>
   </div>
   <div class='ocr_carea' id='block_1_95' title="bbox 642 4884 2220 4977">
    <p class='ocr_par' dir='ltr' id='par_1_95' title="bbox 642 4892 2203 4962">
     <span class='ocr_line' id='line_1_95' title="bbox 642 4892 2203 4962; baseline 0.003 -18"><span class='ocrx_word' id='word_1_684' title='bbox 642 4894 761 4960; x_wconf 87' lang='lat' dir='ltr'><strong>ejus</strong></span> <span class='ocrx_word' id='word_1_685' title='bbox 797 4906 902 4959; x_wconf 86' lang='lat' dir='ltr'><strong>non</strong></span> <span class='ocrx_word' id='word_1_686' title='bbox 928 4893 1116 4944; x_wconf 83' lang='lat' dir='ltr'><strong>eadem</strong></span> <span class='ocrx_word' id='word_1_687' title='bbox 1150 4892 1397 4947; x_wconf 88' lang='lat' dir='ltr'><strong>historici</strong></span> <span class='ocrx_word' id='word_1_688' title='bbox 1429 4893 1813 4962; x_wconf 88' lang='lat' dir='ltr'><strong>prodiderunt.</strong></span> <span class='ocrx_word' id='word_1_689' title='bbox 1846 4894 1981 4948; x_wconf 87' lang='lat' dir='ltr'><strong>Nam</strong></span> <span class='ocrx_word' id='word_1_690' title='bbox 2012 4896 2102 4948; x_wconf 89' lang='lat' dir='ltr'><strong>alii</strong></span> <span class='ocrx_word' id='word_1_691' title='bbox 2149 4894 2203 4949; x_wconf 87' lang='lat' dir='ltr'><strong>in</strong></span> 
     </span>
    </p>
   </div>
   <div class='ocr_carea' id='block_1_96' title="bbox 2323 4884 3858 4977">
    <p class='ocr_par' dir='ltr' id='par_1_96' title="bbox 2323 4884 3858 4977">
     <span class='ocr_line' id='line_1_96' title="bbox 2323 4884 3858 4977; baseline -0.003 -34"><span class='ocrx_word' id='word_1_692' title='bbox 2323 4890 2527 4958; x_wconf 81' lang='grc' dir='ltr'><strong>τολλήν.</strong></span> <span class='ocrx_word' id='word_1_693' title='bbox 2557 4885 2690 4941; x_wconf 82' lang='grc' dir='ltr'><strong>Εἶτα</strong></span> <span class='ocrx_word' id='word_1_694' title='bbox 2718 4886 2825 4977; x_wconf 55' lang='grc' dir='ltr'><strong>τοῦ.</strong></span> <span class='ocrx_word' id='word_1_695' title='bbox 2852 4884 3041 4950; x_wconf 74' lang='grc' dir='ltr'><strong>ἔθνους</strong></span> <span class='ocrx_word' id='word_1_696' title='bbox 3070 4886 3476 4948; x_wconf 77' lang='grc' dir='ltr'><strong>ἐπαναστάντος</strong></span> <span class='ocrx_word' id='word_1_697' title='bbox 3512 4887 3622 4938; x_wconf 84' lang='grc' dir='ltr'><strong>τῶν</strong></span> <span class='ocrx_word' id='word_1_698' title='bbox 3645 4888 3858 4955; x_wconf 80' lang='grc' dir='ltr'><strong>Σαρμα-</strong></span> 
     </span>
    </p>
   </div>
   <div class='ocr_carea' id='block_1_97' title="bbox 642 4976 2220 5049">
    <p class='ocr_par' dir='ltr' id='par_1_97' title="bbox 642 4979 2203 5049">
     <span class='ocr_line' id='line_1_97' title="bbox 642 4979 2203 5049; baseline 0.003 -16"><span class='ocrx_word' id='word_1_699' title='bbox 642 4981 990 5049; x_wconf 80' lang='lat' dir='ltr'><strong>expeditione</strong></span> <span class='ocrx_word' id='word_1_700' title='bbox 1044 4979 1292 5034; x_wconf 88' lang='lat' dir='ltr'><strong>llunnica</strong></span> <span class='ocrx_word' id='word_1_701' title='bbox 1340 4982 1583 5035; x_wconf 89' lang='lat' dir='ltr'><strong>occisum</strong></span> <span class='ocrx_word' id='word_1_702' title='bbox 1626 4982 1842 5047; x_wconf 79' lang='lat' dir='ltr'><strong>ferunt;</strong></span> <span class='ocrx_word' id='word_1_703' title='bbox 1903 4984 2016 5047; x_wconf 89' lang='lat' dir='ltr'><strong>alii,</strong></span> <span class='ocrx_word' id='word_1_704' title='bbox 2078 5000 2203 5037; x_wconf 90' lang='lat' dir='ltr'><strong>cum</strong></span> 
     </span>
    </p>
   </div>
   <div class='ocr_carea' id='block_1_98' title="bbox 2323 4976 3860 5049">
    <p class='ocr_par' dir='ltr' id='par_1_98' title="bbox 2323 4976 3860 5047">
     <span class='ocr_line' id='line_1_98' title="bbox 2323 4976 3860 5047; baseline -0.001 -16"><span class='ocrx_word' id='word_1_705' title='bbox 2323 4983 2431 5041; x_wconf 73' lang='grc' dir='ltr'><strong>τῶν,</strong></span> <span class='ocrx_word' id='word_1_706' title='bbox 2452 4980 2723 5038; x_wconf 79' lang='grc' dir='ltr'><strong>κάκείνοις</strong></span> <span class='ocrx_word' id='word_1_707' title='bbox 2746 4976 3055 5045; x_wconf 78' lang='grc' dir='ltr'><strong>προσμίξας</strong></span> <span class='ocrx_word' id='word_1_708' title='bbox 3087 4976 3236 5047; x_wconf 76' lang='grc' dir='ltr'><strong>νικᾷ,</strong></span> <span class='ocrx_word' id='word_1_709' title='bbox 3262 4978 3355 5030; x_wconf 77' lang='grc' dir='ltr'><strong>καὶ</strong></span> <span class='ocrx_word' id='word_1_710' title='bbox 3388 4978 3451 5030; x_wconf 83' lang='grc' dir='ltr'><strong>τὸ</strong></span> <span class='ocrx_word' id='word_1_711' title='bbox 3482 4978 3633 5039; x_wconf 71' lang='grc' dir='ltr'>ἔθνος</span> <span class='ocrx_word' id='word_1_712' title='bbox 3664 4980 3860 5031; x_wconf 73' lang='grc' dir='ltr'><strong>ὑπέτα-</strong></span> 
     </span>
    </p>
   </div>
   <div class='ocr_carea' id='block_1_99' title="bbox 641 5069 2198 5140">
    <p class='ocr_par' dir='ltr' id='par_1_99' title="bbox 641 5069 2198 5140">
     <span class='ocr_line' id='line_1_99' title="bbox 641 5069 2198 5140; baseline -0.001 -16"><span class='ocrx_word' id='word_1_713' title='bbox 641 5070 803 5140; x_wconf 79' lang='lat'><strong>639</strong></span> <span class='ocrx_word' id='word_1_714' title='bbox 830 5069 895 5123; x_wconf 89' lang='lat' dir='ltr'><strong>ad</strong></span> <span class='ocrx_word' id='word_1_715' title='bbox 924 5070 1127 5140; x_wconf 78' lang='lat' dir='ltr'><strong>Tigrim</strong></span> <span class='ocrx_word' id='word_1_716' title='bbox 1150 5069 1375 5123; x_wconf 86' lang='lat' dir='ltr'><strong>ﬂuvium</strong></span> <span class='ocrx_word' id='word_1_717' title='bbox 1416 5081 1592 5123; x_wconf 86' lang='lat' dir='ltr'><strong>castra</strong></span> <span class='ocrx_word' id='word_1_718' title='bbox 1624 5070 1883 5131; x_wconf 82' lang='lat' dir='ltr'><strong>haberet,</strong></span> <span class='ocrx_word' id='word_1_719' title='bbox 1922 5086 2026 5123; x_wconf 86' lang='lat' dir='ltr'><strong>una</strong></span> <span class='ocrx_word' id='word_1_720' title='bbox 2075 5087 2198 5125; x_wconf 90' lang='lat' dir='ltr'><strong>cum</strong></span> 
     </span>
    </p>
   </div>
   <div class='ocr_carea' id='block_1_100' title="bbox 647 5159 2202 5228">
    <p class='ocr_par' dir='ltr' id='par_1_100' title="bbox 647 5159 2202 5228">
     <span class='ocr_line' id='line_1_100' title="bbox 647 5159 2202 5228; baseline 0.004 -17"><span class='ocrx_word' id='word_1_721' title='bbox 647 5161 1001 5214; x_wconf 84' lang='lat' dir='ltr'><strong>tabernaculo</strong></span> <span class='ocrx_word' id='word_1_722' title='bbox 1050 5176 1149 5215; x_wconf 90' lang='lat' dir='ltr'><strong>suo</strong></span> <span class='ocrx_word' id='word_1_723' title='bbox 1195 5160 1424 5214; x_wconf 80' lang='lat' dir='ltr'><strong>fulmine</strong></span> <span class='ocrx_word' id='word_1_724' title='bbox 1483 5159 1866 5228; x_wconf 82' lang='lat' dir='ltr'><strong>conﬂagrasse.</strong></span> <span class='ocrx_word' id='word_1_725' title='bbox 1921 5160 2039 5226; x_wconf 86' lang='lat' dir='ltr'><strong>Quo</strong></span> <span class='ocrx_word' id='word_1_726' title='bbox 2086 5162 2202 5217; x_wconf 81' lang='lat' dir='ltr'><strong>sive</strong></span> 
     </span>
    </p>
   </div>
   <div class='ocr_carea' id='block_1_101' title="bbox 644 5249 2203 5315">
    <p class='ocr_par' dir='ltr' id='par_1_101' title="bbox 644 5249 2203 5315">
     <span class='ocr_line' id='line_1_101' title="bbox 644 5249 2203 5315; baseline 0.001 -12"><span class='ocrx_word' id='word_1_727' title='bbox 644 5249 749 5303; x_wconf 84' lang='lat' dir='ltr'><strong>huc</strong></span> <span class='ocrx_word' id='word_1_728' title='bbox 800 5252 913 5305; x_wconf 87' lang='lat' dir='ltr'><strong>sive</strong></span> <span class='ocrx_word' id='word_1_729' title='bbox 960 5252 1051 5305; x_wconf 91' lang='lat' dir='ltr'><strong>illo</strong></span> <span class='ocrx_word' id='word_1_730' title='bbox 1108 5252 1269 5307; x_wconf 92' lang='lat' dir='ltr'><strong>modo</strong></span> <span class='ocrx_word' id='word_1_731' title='bbox 1323 5251 1575 5315; x_wconf 86' lang='lat' dir='ltr'><strong>sublato,</strong></span> <span class='ocrx_word' id='word_1_732' title='bbox 1627 5251 1993 5307; x_wconf 85' lang='lat' dir='ltr'><strong>Numerianus</strong></span> <span class='ocrx_word' id='word_1_733' title='bbox 2058 5252 2203 5305; x_wconf 76' lang='lat' dir='ltr'><strong>illius</strong></span> 
     </span>
    </p>
   </div>
   <div class='ocr_carea' id='block_1_102' title="bbox 2308 5067 3859 5140">
    <p class='ocr_par' dir='ltr' id='par_1_102' title="bbox 2308 5067 3859 5140">
     <span class='ocr_line' id='line_1_102' title="bbox 2308 5067 3859 5140; baseline -0.001 -17"><span class='ocrx_word' id='word_1_734' title='bbox 2308 5070 2547 5133; x_wconf 65' lang='lat' dir='ltr'><strong>Esv.~&#39;0;</strong></span> <span class='ocrx_word' id='word_1_735' title='bbox 2572 5069 2632 5120; x_wconf 85' lang='grc' dir='ltr'><strong>τδ</strong></span> <span class='ocrx_word' id='word_1_736' title='bbox 2660 5069 2758 5137; x_wconf 76' lang='grc' dir='ltr'><strong>μὲν</strong></span> <span class='ocrx_word' id='word_1_737' title='bbox 2784 5070 2935 5134; x_wconf 80' lang='grc' dir='ltr'><strong>γένος</strong></span> <span class='ocrx_word' id='word_1_738' title='bbox 2968 5068 3213 5139; x_wconf 87' lang='grc' dir='ltr'><strong>Γαλάτης</strong></span> <span class='ocrx_word' id='word_1_739' title='bbox 3247 5070 3358 5138; x_wconf 83' lang='grc'><strong>(86)</strong></span> <span class='ocrx_word' id='word_1_740' title='bbox 3394 5067 3484 5139; x_wconf 77' lang='grc' dir='ltr'><strong>ἦν.</strong></span> <span class='ocrx_word' id='word_1_741' title='bbox 3541 5072 3782 5140; x_wconf 74' lang='grc' dir='ltr'><strong>ἀνδρεῖος</strong></span> <span class='ocrx_word' id='word_1_742' title='bbox 3806 5071 3859 5121; x_wconf 71' lang='grc' dir='ltr'><strong>δὲ</strong></span> 
     </span>
    </p>
   </div>
   <div class='ocr_carea' id='block_1_103' title="bbox 2308 5160 3859 5228">
    <p class='ocr_par' dir='ltr' id='par_1_103' title="bbox 2308 5160 3859 5228">
     <span class='ocr_line' id='line_1_103' title="bbox 2308 5160 3859 5228; baseline 0 -15"><span class='ocrx_word' id='word_1_743' title='bbox 2308 5163 2401 5214; x_wconf 80' lang='grc' dir='ltr'><strong>καὶ</strong></span> <span class='ocrx_word' id='word_1_744' title='bbox 2455 5162 2523 5213; x_wconf 88' lang='grc' dir='ltr'><strong>τά</strong></span> <span class='ocrx_word' id='word_1_745' title='bbox 2570 5160 2807 5227; x_wconf 77' lang='grc' dir='ltr'><strong>πολέμια</strong></span> <span class='ocrx_word' id='word_1_746' title='bbox 2866 5160 3056 5225; x_wconf 84' lang='grc' dir='ltr'><strong>δεξιός.</strong></span> <span class='ocrx_word' id='word_1_747' title='bbox 3099 5161 3158 5213; x_wconf 83' lang='lat'><strong>&#39;0</strong></span> <span class='ocrx_word' id='word_1_748' title='bbox 3195 5161 3251 5213; x_wconf 74' lang='grc' dir='ltr'><strong>δέ</strong></span> <span class='ocrx_word' id='word_1_749' title='bbox 3314 5162 3442 5227; x_wconf 73' lang='grc' dir='ltr'><strong>περὶ</strong></span> <span class='ocrx_word' id='word_1_750' title='bbox 3485 5161 3584 5228; x_wconf 80' lang='grc' dir='ltr'><strong>τῆς</strong></span> <span class='ocrx_word' id='word_1_751' title='bbox 3612 5162 3859 5226; x_wconf 78' lang='grc' dir='ltr'><strong>τελευτῆς</strong></span> 
     </span>
    </p>
   </div>
   <div class='ocr_carea' id='block_1_104' title="bbox 2308 5249 3857 5331">
    <p class='ocr_par' dir='ltr' id='par_1_104' title="bbox 2308 5249 3857 5331">
     <span class='ocr_line' id='line_1_104' title="bbox 2308 5249 3857 5331; baseline -0.001 -28"><span class='ocrx_word' id='word_1_752' title='bbox 2308 5251 2474 5303; x_wconf 79' lang='grc' dir='ltr'><strong>αὑτοῦ</strong></span> <span class='ocrx_word' id='word_1_753' title='bbox 2516 5249 2672 5317; x_wconf 84' lang='grc' dir='ltr'><strong>λόγος</strong></span> <span class='ocrx_word' id='word_1_754' title='bbox 2731 5250 2827 5319; x_wconf 80' lang='grc' dir='ltr'><strong>οὐχ</strong></span> <span class='ocrx_word' id='word_1_755' title='bbox 2882 5250 3078 5321; x_wconf 87' lang='grc' dir='ltr'><strong>ὁμοίως</strong></span> <span class='ocrx_word' id='word_1_756' title='bbox 3106 5254 3222 5313; x_wconf 83' lang='grc' dir='ltr'><strong>τοῖς</strong></span> <span class='ocrx_word' id='word_1_757' title='bbox 3278 5251 3596 5331; x_wconf 80' lang='grc' dir='ltr'><strong>ίστορήσασι</strong></span> <span class='ocrx_word' id='word_1_758' title='bbox 3661 5259 3857 5318; x_wconf 77' lang='grc' dir='ltr'><strong>συγγε-</strong></span> 
     </span>
    </p>
   </div>
   <div class='ocr_carea' id='block_1_105' title="bbox 1774 5377 2636 5442">
    <p class='ocr_par' dir='ltr' id='par_1_105' title="bbox 1774 5377 2636 5442">
     <span class='ocr_line' id='line_1_105' title="bbox 1774 5377 2636 5442; baseline -0.002 -3"><span class='ocrx_word' id='word_1_759' title='bbox 1774 5382 1973 5442; x_wconf 67' lang='grc' dir='ltr'><strong>νδπὶω</strong></span> <span class='ocrx_word' id='word_1_760' title='bbox 2015 5382 2324 5441; x_wconf 86' lang='lat' dir='ltr'><strong>lectiones</strong></span> <span class='ocrx_word' id='word_1_761' title='bbox 2352 5377 2413 5441; x_wconf 78' lang='lat' dir='ltr'><strong>et</strong></span> <span class='ocrx_word' id='word_1_762' title='bbox 2446 5387 2636 5440; x_wconf 69' lang='lat' dir='ltr'><strong>notua.</strong></span> 
     </span>
    </p>
   </div>
   <div class='ocr_carea' id='block_1_106' title="bbox 622 5506 2192 5577">
    <p class='ocr_par' dir='ltr' id='par_1_106' title="bbox 622 5506 2192 5577">
     <span class='ocr_line' id='line_1_106' title="bbox 622 5506 2192 5577; baseline -0.002 -15"><span class='ocrx_word' id='word_1_763' title='bbox 622 5540 625 5543; x_wconf 96' lang='lat'><strong><em>-</em></strong></span> <span class='ocrx_word' id='word_1_764' title='bbox 715 5508 823 5577; x_wconf 75' lang='lat'><strong>(85)</strong></span> <span class='ocrx_word' id='word_1_765' title='bbox 864 5508 1008 5572; x_wconf 78' lang='grc' dir='ltr'><strong>Τοὺς</strong></span> <span class='ocrx_word' id='word_1_766' title='bbox 1039 5511 1299 5573; x_wconf 72' lang='grc' dir='ltr'><strong>οἰκείους</strong></span> <span class='ocrx_word' id='word_1_767' title='bbox 1324 5510 1514 5570; x_wconf 77' lang='grc' dir='ltr'><strong>υἱούς.</strong></span> <span class='ocrx_word' id='word_1_768' title='bbox 1541 5506 1674 5577; x_wconf 72' lang='lat' dir='ltr'><strong>Hinc</strong></span> <span class='ocrx_word' id='word_1_769' title='bbox 1703 5506 1755 5556; x_wconf 91' lang='lat' dir='ltr'><strong>in</strong></span> <span class='ocrx_word' id='word_1_770' title='bbox 1781 5508 1955 5575; x_wconf 78' lang='lat' dir='ltr'><strong>legum</strong></span> <span class='ocrx_word' id='word_1_771' title='bbox 1982 5510 2192 5577; x_wconf 82' lang='lat' dir='ltr'><strong>aliquot</strong></span> 
     </span>
    </p>
   </div>
   <div class='ocr_carea' id='block_1_107' title="bbox 643 5579 1324 5649">
    <p class='ocr_par' dir='ltr' id='par_1_107' title="bbox 643 5579 1324 5649">
     <span class='ocr_line' id='line_1_107' title="bbox 643 5579 1324 5649; baseline 0.006 -22"><span class='ocrx_word' id='word_1_772' title='bbox 643 5580 765 5649; x_wconf 54' lang='lat' dir='ltr'><strong>Cari</strong></span> <span class='ocrx_word' id='word_1_773' title='bbox 820 5579 1270 5649; x_wconf 86' lang='lat' dir='ltr'><strong>inscriptionibus</strong></span> <span class='ocrx_word' id='word_1_774' title='bbox 1311 5596 1324 5631; x_wconf 89' lang='lat'><strong>:</strong></span> 
     </span>
    </p>
   </div>
   <div class='ocr_carea' id='block_1_108' title="bbox 645 5644 2191 5716">
    <p class='ocr_par' dir='ltr' id='par_1_108' title="bbox 645 5644 2191 5716">
     <span class='ocr_line' id='line_1_108' title="bbox 645 5644 2191 5716; baseline -0.001 -16"><span class='ocrx_word' id='word_1_775' title='bbox 645 5644 1003 5703; x_wconf 68' lang='grc' dir='ltr'><strong>Νιιηιεῑξσηιιε</strong></span> <span class='ocrx_word' id='word_1_776' title='bbox 1038 5652 1103 5703; x_wconf 81' lang='grc' dir='ltr'><strong>Α.</strong></span> <span class='ocrx_word' id='word_1_777' title='bbox 1129 5650 1280 5701; x_wconf 80' lang='lat' dir='ltr'><strong>A.A.</strong></span> <span class='ocrx_word' id='word_1_778' title='bbox 1332 5646 1477 5716; x_wconf 79' lang='lat' dir='ltr'><strong>quod</strong></span> <span class='ocrx_word' id='word_1_779' title='bbox 1531 5644 1876 5716; x_wconf 81' lang='lat' dir='ltr'><strong>observatum</strong></span> <span class='ocrx_word' id='word_1_780' title='bbox 1916 5662 1945 5699; x_wconf 76' lang='grc' dir='ltr'>ιι</span> <span class='ocrx_word' id='word_1_781' title='bbox 1986 5647 2191 5701; x_wconf 85' lang='lat' dir='ltr'><strong>Casan-</strong></span> 
     </span>
    </p>
   </div>
   <div class='ocr_carea' id='block_1_109' title="bbox 646 5714 2185 5789">
    <p class='ocr_par' dir='ltr' id='par_1_109' title="bbox 646 5714 2185 5789">
     <span class='ocr_line' id='line_1_109' title="bbox 646 5714 2185 5789; baseline 0.002 -21"><span class='ocrx_word' id='word_1_782' title='bbox 646 5717 933 5789; x_wconf 66' lang='lat' dir='ltr'><strong>[numqui</strong></span> <span class='ocrx_word' id='word_1_783' title='bbox 971 5718 1021 5771; x_wconf 86' lang='lat' dir='ltr'><strong>id</strong></span> <span class='ocrx_word' id='word_1_784' title='bbox 1075 5714 1363 5771; x_wconf 41' lang='lat' dir='ltr'><strong>Zonaram&#39;</strong></span> <span class='ocrx_word' id='word_1_785' title='bbox 1404 5733 1431 5769; x_wconf 72' lang='grc' dir='ltr'><strong>ι</strong></span> <span class='ocrx_word' id='word_1_786' title='bbox 1463 5714 1643 5789; x_wconf 87' lang='lat' dir='ltr'><strong>probo</strong></span> <span class='ocrx_word' id='word_1_787' title='bbox 1694 5714 1929 5788; x_wconf 82' lang='lat' dir='ltr'><strong>quodam</strong></span> <span class='ocrx_word' id='word_1_788' title='bbox 1964 5727 2185 5771; x_wconf 80' lang='lat' dir='ltr'><strong>auctore</strong></span> 
     </span>
    </p>
   </div>
   <div class='ocr_carea' id='block_1_110' title="bbox 644 5790 1239 5865">
    <p class='ocr_par' dir='ltr' id='par_1_110' title="bbox 644 5790 1239 5865">
     <span class='ocr_line' id='line_1_110' title="bbox 644 5790 1239 5865; baseline -0.005 -23"><span class='ocrx_word' id='word_1_789' title='bbox 644 5790 920 5865; x_wconf 74' lang='lat' dir='ltr'><strong>accepisse</strong></span> <span class='ocrx_word' id='word_1_790' title='bbox 946 5790 1239 5843; x_wconf 74' lang='lat' dir='ltr'><strong>existimat.</strong></span> 
     </span>
    </p>
   </div>
   <div class='ocr_carea' id='block_1_111' title="bbox 2372 5502 3849 5577">
    <p class='ocr_par' dir='ltr' id='par_1_111' title="bbox 2372 5502 3849 5577">
     <span class='ocr_line' id='line_1_111' title="bbox 2372 5502 3849 5577; baseline -0.003 -16"><span class='ocrx_word' id='word_1_791' title='bbox 2372 5506 2483 5577; x_wconf 67' lang='lat'><strong>(86)</strong></span> <span class='ocrx_word' id='word_1_792' title='bbox 2522 5504 2821 5577; x_wconf 69' lang='grc' dir='ltr'><strong>Γαλάτης.</strong></span> <span class='ocrx_word' id='word_1_793' title='bbox 2843 5502 2909 5577; x_wconf 58' lang='lat' dir='ltr'><strong>id</strong></span> <span class='ocrx_word' id='word_1_794' title='bbox 2940 5512 3024 5557; x_wconf 87' lang='lat' dir='ltr'><strong>est</strong></span> <span class='ocrx_word' id='word_1_795' title='bbox 3057 5502 3261 5577; x_wconf 10' lang='lat' dir='ltr'><strong>Gallitta.</strong></span> <span class='ocrx_word' id='word_1_796' title='bbox 3297 5506 3473 5573; x_wconf 90' lang='lat' dir='ltr'><strong>inquit</strong></span> <span class='ocrx_word' id='word_1_797' title='bbox 3494 5503 3849 5577; x_wconf 60' lang='lat' dir='ltr'><strong>Qasaubonua</strong></span> 
     </span>
    </p>
   </div>
   <div class='ocr_carea' id='block_1_112' title="bbox 1391 5572 3848 5645">
    <p class='ocr_par' dir='ltr' id='par_1_112' title="bbox 1391 5572 3848 5645">
     <span class='ocr_line' id='line_1_112' title="bbox 1391 5572 3848 5645; baseline -0.001 -16"><span class='ocrx_word' id='word_1_798' title='bbox 1391 5578 1575 5645; x_wconf 66' lang='lat' dir='ltr'><strong>lmpp.</strong></span> <span class='ocrx_word' id='word_1_799' title='bbox 1611 5574 1801 5635; x_wconf 80' lang='lat' dir='ltr'><strong>Carus,</strong></span> <span class='ocrx_word' id='word_1_800' title='bbox 1840 5572 2107 5636; x_wconf 46' lang='lat' dir='ltr'><strong>&#39;Carinus&#39;.</strong></span> <span class='ocrx_word' id='word_1_801' title='bbox 2141 5588 2189 5629; x_wconf 82' lang='lat' dir='ltr'><strong>el</strong></span> <span class='ocrx_word' id='word_1_802' title='bbox 2299 5572 2715 5645; x_wconf 46' lang='lat' dir='ltr'><strong>ad&#39;Vopiscunr</strong></span> <span class='ocrx_word' id='word_1_803' title='bbox 2750 5573 2804 5624; x_wconf 82' lang='lat' dir='ltr'><strong>in</strong></span> <span class='ocrx_word' id='word_1_804' title='bbox 2834 5572 2994 5645; x_wconf 80' lang='lat' dir='ltr'><strong>Ca_ro,</strong></span> <span class='ocrx_word' id='word_1_805' title='bbox 3046 5576 3137 5641; x_wconf 85' lang='lat' dir='ltr'><strong>qui</strong></span> <span class='ocrx_word' id='word_1_806' title='bbox 3172 5575 3318 5629; x_wconf 88' lang='lat' dir='ltr'><strong>illius</strong></span> <span class='ocrx_word' id='word_1_807' title='bbox 3368 5572 3600 5645; x_wconf 70' lang='lat' dir='ltr'><strong>patriam</strong></span> <span class='ocrx_word' id='word_1_808' title='bbox 3666 5573 3848 5645; x_wconf 77' lang='lat' dir='ltr'><strong>incer-</strong></span> 
     </span>
    </p>
   </div>
   <div class='ocr_carea' id='block_1_113' title="bbox 2299 5640 3529 5700">
    <p class='ocr_par' dir='ltr' id='par_1_113' title="bbox 2299 5640 3529 5700">
     <span class='ocr_line' id='line_1_113' title="bbox 2299 5640 3529 5700; baseline -0.004 -2"><span class='ocrx_word' id='word_1_809' title='bbox 2299 5657 2407 5698; x_wconf 83' lang='lat' dir='ltr'><strong>tam</strong></span> <span class='ocrx_word' id='word_1_810' title='bbox 2460 5644 2629 5695; x_wconf 82' lang='lat' dir='ltr'><strong>fuisse</strong></span> <span class='ocrx_word' id='word_1_811' title='bbox 2667 5640 2766 5700; x_wconf 88' lang='lat' dir='ltr'><strong>ait,</strong></span> <span class='ocrx_word' id='word_1_812' title='bbox 2803 5649 2859 5693; x_wconf 92' lang='lat' dir='ltr'><strong>et</strong></span> <span class='ocrx_word' id='word_1_813' title='bbox 2888 5640 3075 5697; x_wconf 74' lang='lat' dir='ltr'><strong>Romze</strong></span> <span class='ocrx_word' id='word_1_814' title='bbox 3103 5654 3289 5696; x_wconf 86' lang='lat' dir='ltr'><strong>natum</strong></span> <span class='ocrx_word' id='word_1_815' title='bbox 3353 5640 3529 5694; x_wconf 87' lang='lat' dir='ltr'><strong>videri</strong></span> 
     </span>
    </p>
   </div>
   <div class='ocr_carea' id='block_1_114' title="bbox 2297 5709 3843 5781">
    <p class='ocr_par' dir='ltr' id='par_1_114' title="bbox 2297 5709 3843 5781">
     <span class='ocr_line' id='line_1_114' title="bbox 2297 5709 3843 5781; baseline 0 -15"><span class='ocrx_word' id='word_1_816' title='bbox 2297 5724 2529 5778; x_wconf 73' lang='lat' dir='ltr'><strong>uterque</strong></span> <span class='ocrx_word' id='word_1_817' title='bbox 2594 5709 2781 5781; x_wconf 52' lang='lat' dir='ltr'><strong>ﬁctor</strong></span> <span class='ocrx_word' id='word_1_818' title='bbox 2833 5719 2897 5781; x_wconf 90' lang='lat' dir='ltr'><strong>ct_</strong></span> <span class='ocrx_word' id='word_1_819' title='bbox 2950 5711 3223 5781; x_wconf 84' lang='lat' dir='ltr'><strong>Sidonius</strong></span> <span class='ocrx_word' id='word_1_820' title='bbox 3274 5710 3530 5766; x_wconf 82' lang='lat' dir='ltr'><strong>Narbone</strong></span> <span class='ocrx_word' id='word_1_821' title='bbox 3604 5712 3843 5781; x_wconf 72' lang='lat' dir='ltr'><strong>genitum</strong></span> 
     </span>
    </p>
   </div>
   <div class='ocr_carea' id='block_1_115' title="bbox 2294 5776 3359 5852">
    <p class='ocr_par' dir='ltr' id='par_1_115' title="bbox 2294 5776 3359 5852">
     <span class='ocr_line' id='line_1_115' title="bbox 2294 5776 3359 5852; baseline -0.006 -15"><span class='ocrx_word' id='word_1_822' title='bbox 2294 5776 2563 5837; x_wconf 78' lang='lat' dir='ltr'><strong>scribunt.</strong></span> <span class='ocrx_word' id='word_1_823' title='bbox 2597 5776 2823 5834; x_wconf 84' lang='lat' dir='ltr'><strong>Wolﬁus</strong></span> <span class='ocrx_word' id='word_1_824' title='bbox 2856 5779 3075 5852; x_wconf 78' lang='lat' dir='ltr'><strong>Galate,</strong></span> <span class='ocrx_word' id='word_1_825' title='bbox 3105 5788 3359 5837; x_wconf 79' lang='lat' dir='ltr'><strong>verterat.</strong></span> 
     </span>
    </p>
   </div>
   <div class='ocr_carea' id='block_1_116' title="bbox 3590 5642 3850 5695">
    <p class='ocr_par' dir='ltr' id='par_1_116' title="bbox 3590 5642 3850 5695">
     <span class='ocr_line' id='line_1_116' title="bbox 3590 5642 3850 5695; baseline -0.004 -2"><span class='ocrx_word' id='word_1_826' title='bbox 3590 5642 3724 5695; x_wconf 83' lang='lat' dir='ltr'><strong>vult.</strong></span> <span class='ocrx_word' id='word_1_827' title='bbox 3778 5644 3850 5695; x_wconf 78' lang='lat' dir='ltr'><strong>At</strong></span> 
     </span>
    </p>
   </div>
  </div>
