4036 6350
170 461 302 525 1081

1405 471 1801 533 ANNALIUM
1841 473 1981 532 LIB.
2021 473 2162 533 XII.

3208 463 3350 528 1082

165 586 429 649 γραπται.
460 588 524 638 Οἱ
559 587 657 656 μὲν
673 591 966 665 ’γάρ-φασι
993 592 1132 644 κατᾶ
1158 592 1370 644 Οῠννων
1414 595 1705 661 ἐστρατευο

1808 597 1946 660 ejus,
1977 595 2127 648 solus
2159 595 2212 647 in
2243 592 2484 646 exercitu
2518 590 2742 644 relictus
2786 589 3083 657 imperator
3108 625 3123 650 ,
3164 587 3344 639 statim

162 677 292 728 κότα
326 678 503 762 ἐκετσε
539 681 920 749 ἀναιρεθῆναι,
977 684 1027 734 οἱ
1074 683 1130 734 δέ
1178 684 1328 751 παρὰ
1363 685 1440 752 τῷ
1475 683 1709 752 ποταμῷ

162 767 389 835 Τίγρητι
443 767 694 835 λέγουσιν
733 773 895 824 αὐτὸν
939 773 1304 841 ἐσκηνῶσθαι,
1338 777 1454 826 ἐκεῖ
1483 777 1572 828 καὶ
1605 778 1703 842 τῆς

161 858 322 908 αὑτοῦ
351 860 606 926 στρατιᾶς
626 859 923 932 βαλομένης
943 864 1032 913 τὸν
1051 863 1282 932 χάρακα,
1315 862 1443 916 ἔνθα
1460 864 1706 932 κεραυνῷ

165 947 263 1014 τὴν
293 948 501 1000 ἐκείνου
532 953 735 1019 σκηνὴν
764 947 1043 1020 βληθῆναι,
1097 953 1189 1004 καὶ
1249 954 1706 1023 συνδιαφθαρῆναι

161 1039 294 1107 αὐτῇ
324 1039 575 1093 κάκεῖνον
609 1043 920 1111 ἱστόρησαν.
953 1037 1023 1112 ᾯ
1065 1044 1187 1096 ἐπεὶ
1218 1045 1278 1098 τὸ
1319 1046 1579 1114 βιώσιμον
1609 1045 1706 1097 εἶθ’

158 1127 332 1190 οὕτως
376 1130 474 1182 εἶτ’
516 1131 689 1194 ἄλλως
725 1134 1078 1197 ἐπιλελοίπει,
1115 1136 1488 1204 Νουμεριανὸς
1539 1139 1567 1189 ὁ
1593 1136 1708 1196 υἱὸς

159 1216 325 1269 aui-toﬁ
376 1219 537 1286 μόνος
597 1219 844 1288 βασιλεὺς
873 1223 929 1274 ἐν
966 1222 1043 1291 τῷ
1086 1224 1431 1292 στρατοπέδῳ
1464 1224 1708 1292 περιελέ-

157 1306 364 1371 λειπτο,
390 1310 484 1362 καὶ
511 1309 708 1363 αὐτίκα
737 1311 879 1365 κατὰ
900 1313 1122 1381 Περσῶν
1150 1312 1569 1382 ἐστρατεύσατο.
1603 1315 1710 1365 Καὶ

160 1399 528 1467 συρραγέντος
557 1400 790 1469 πολέμου
828 1404 1300 1472 ἐπικρατεστέρων
1333 1422 1392 1456 τε
1431 1405 1538 1456 τῶν
1572 1407 1712 1474 Περ⁴

158 1488 263 1537 σῶν
297 1489 620 1554 γεγονότων,
671 1492 762 1542 καὶ
794 1491 1088 1545 κ-λινάντων
1125 1493 1271 1545 νῶτα
1315 1493 1627 1561 Ῥωμαίων,
1659 1491 1710 1543 οἱ

159 1577 258 1644 μὲν
292 1578 456 1630 αὐτὸν
478 1579 536 1630 ἐν
562 1582 630 1647 τῇ
663 1584 810 1650 φυιγῇ
863 1582 1232 1651 συλληφθῆναι
1274 1584 1588 1652 ἱστόρησαν.
1620 1583 1712 1635 καὶ

153 1668 276 1719 ὅλου
317 1667 424 1726 ,τοῦ
487 1668 761 1737 σώματος.
792 1673 890 1740 τὴν
951 1673 1113 1742 δορὰν
1163 1675 1504 1742 ἀποσυρῆναι
1557 1674 1713 1741 δίκην

152 1757 347 1818 ἀσκοῦ,
400 1758 495 1809 καὶ
542 1759 683 1810 οὕτω
729 1761 1141 1831 διαφθαρῆναι·
1186 1765 1235 1815 οἱ
1267 1763 1324 1814 δέ
1368 1764 1431 1814 ἐκ
1457 1763 1712 1830 Περσίδος

152 1848 312 1900 αὐτὸν
340 1849 632 1903 ἐπανιόντα
659 1851 933 1924 ὀφθαλμία
955 1857 1270 1921 περιπεσεῖν
1290 1853 1712 1922 συνεγράψαντο,

152 1939 248 1989 καὶ
301 1940 455 2009 παρὰ
505 1940 600 1992 τοῦ
651 1943 854 1997 οἱκείου
912 1933 1178 2012 πενθεροῦ
1235 1944 1561 2011 ἐπάρχοντος
1618 1943 1710 1994 τοῦ

154 2031 527 2096 στρατοπέδου
572 2031 964 2099 ἀναιρεθῆναι,
1009 2036 1075 2104 τῇ
1131 2035 1404 2103 αὑταρχία
1438 2032 1712 2101 ἐποφθαλ⁸

138 2126 477 2210 μιάσαντος,
512 2123 586 2194 μὴ
647 2126 831 2192 μέντοι
858 2127 954 2180 καὶ
985 2128 1240 2196 τυχόντος
1281 2127 1471 2195 αὐτῆς.
1506 2125 1571 2178 Ἦ
1605 2124 1712 2195 γὰρ

153 2215 388 2282 στρατιὰ
412 2210 504 2268 τὸν
529 2217 915 2288 Διοκλητιανὸν
946 2217 1327 2288 αὐτοκράτορα
1368 2217 1564 2279 εἵλετο,
1599 2218 1714 2290 ἐκεζ

101 2387 103 2392 1
152 2307 274 2359 τότε
310 2308 576 2376 παρόντα,
609 2310 702 2361 καὶ
730 2309 981 2377 ἀνδρείας
1012 2309 1149 2379 ἔργα
1182 2309 1351 2361 πολλὰ
1381 2310 1437 2361 ἐν
1466 2309 1713 2378 τῷκατὰ

153 2394 383 2462 Περσῶν
421 2395 644 2464 πολέμῳ
661 2392 1091 2464 ἐπιδειξάμενον.
1123 2396 1362 2466 Θάτερος
1398 2399 1581 2465 μέντοι
1601 2396 1713 2450 τῶν

150 2487 343 2553 Κάρου
380 2487 512 2538 υἱῶν
534 2490 566 2540 6
595 2488 833 2555 Καρίνος
861 2488 940 2550 εἱς
981 2486 1202 2556 Ῥώμην
1233 2489 1455 2554 διάγων,
1483 2489 1712 2558 χαλεπὸς

152 2579 262 2637 τοῖς
305 2576 606 2644 Ῥωμαίοις
661 2577 975 2647 ἐτύγχανεν,
1018 2578 1255 2648 ἀσελγὴς
1279 2579 1589 2646 γενόμενος,
1619 2579 1712 2630 καὶ

153 2667 322 2730 ὠμὸς,
359 2667 454 2718 καὶ
510 2668 870 2736 μνησίκακος.
909 2670 1006 2731 ’ος
1039 2669 1154 2722 ’ὑπὸ
1192 2668 1579 2739 Διοκλητιανοῦ
1632 2670 1712 2730 εἱς

163 2753 387 2825 Ῥώμην
419 2757 861 2827 ἐπιδημήσαντος
893 2760 1182 2828 διεφθάρη.
1213 2762 1273 2812 '0
1302 2760 1359 2812 δέ
1381 2763 1478 2829 τῆς
1508 2759 1716 2812 τούτων

151 2847 324 2913 ἀρχῆς
351 2847 540 2914 χρόνος
569 2849 632 2899 οὐ
667 2850 859 2916 γέγονε
893 2849 1014 2902 καθ’
1054 2851 1245 2920 όλόκλη
1257 2868 1347 2920 ρον
1372 2852 1610 2920 τριετής.
1628 2850 1715 2900 Ἐν

151 2935 365 2995 τούτοις
391 2938 503 2997 τοῖς
531 2938 745 3004 χρόνοις
775 2941 967 3006 Μάνης
997 2943 1026 2993 6
1064 2943 1498 3011 τρισκατάρατος
1523 2945 1586 2994 ἐκ
1609 2942 1716 2993 τῶν

154 3026 384 3094 Περσῶν
414 3026 491 3088 εἱς
517 3027 612 3094 τὴν
641 3027 761 3080 καθ’
806 3031 954 3098 ἡμᾶς
1006 3031 1332 3101 οἱκουμένην
1377 3033 1717 3101 παρεισφθα-

155 3121 287 3188 ρεὶς,
315 3118 378 3168 ἐν
411 3116 584 3186 ταύτῃ
635 3119 724 3170 τὸν
764 3121 964 3171 οἱκείον
999 3121 1078 3171 ἱὸν
1111 3121 1398 3190 ἐξήμεσεν,
1444 3123 1537 3187 ἀφ’
1562 3115 1622 3173 οὗ
1655 3124 1714 3174 τὸ

1805 686 1983 738 Persis
2029 684 2230 737 bellum
2276 683 2479 744 intulit,
2521 680 2920 747 commissaque
2959 678 3167 745 praalio,
3225 693 3348 730 cum

1805 774 2034 827 Romani
2060 789 2088 826 a
2113 774 2293 827 Persis
2324 772 2563 840 superati
2595 780 2740 835 terga
2766 768 3067 830 dedissem,
3095 766 3187 818 alii
3223 781 3348 818 eum

1806 865 1860 917 in
1909 865 2031 934 fuga
2079 864 2554 932 comprehensum,
2606 862 2744 930 pelle
2786 868 2898 912 toto
2939 873 3167 925 corpore
3215 857 3354 910 utris

1806 955 1978 1009 instar
2018 955 2256 1010 detracta
2310 955 2536 1022 periisse
2568 958 2911 1004 memorant:
2958 948 3072 1010 alii,
3123 962 3247 1000 curn
3298 949 3352 1001 in

1806 1046 1984 1099 reditu
2017 1061 2085 1099 ex
2114 1045 2294 1098 Persia
2319 1060 2383 1098 ex
2412 1045 2583 1098 oculis
2616 1043 2920 1102 laboraret,
2953 1055 2980 1092 a
3011 1054 3206 1093 socero
3255 1045 3355 1092 suo

1805 1135 2061 1204 praetorio
2104 1134 2358 1202 praefecto
2406 1133 2704 1200 cupiditate
2746 1129 2966 1202 imperii
3011 1128 3354 1180 interfectum

1806 1241 1966 1278 esse:
2001 1225 2146 1292 quod
2195 1233 2372 1276 tamen
2410 1239 2516 1275 non
2548 1224 2620 1276 sit
2670 1228 2970 1284 assecutus,
3023 1219 3358 1272 Diocletiano

1808 1330 1838 1368 a
1872 1313 2132 1367 militibus
2161 1314 2422 1376 delatum,
2452 1327 2516 1365 eo
2551 1311 2692 1365 bello
2719 1312 2935 1364 Persico
2966 1308 3152 1360 multis
3191 1305 3349 1358 forti-

1807 1404 1911 1458 bus
1956 1403 2292 1457 facinoribus
2350 1403 2658 1455 nobililato.
2715 1399 2982 1454 Caeterum
3038 1399 3175 1452 alter
3235 1395 3358 1450 Cari

1810 1495 1953 1565 ﬁlius
1976 1495 2229 1558 Carinus,
2261 1510 2385 1549 cum
2415 1493 2671 1548 Romanis
2701 1492 2878 1561 gravis
2912 1497 3080 1552 esset,
3113 1486 3360 1540 luxurio-

1810 1602 1938 1649 sus,
1964 1586 2221 1648 crudelis,
2275 1593 2332 1639 et
2377 1586 2523 1637 ultor
2570 1584 2927 1652 injuriarum,
2960 1595 2990 1633 a
3023 1579 3361 1637 Diocletiano

1812 1679 2035 1732 Romam
2077 1677 2326 1745 ingresso
2352 1674 2565 1728 occisus
2593 1682 2697 1726 est.
2735 1672 2974 1738 Tempus
3003 1671 3014 1721 i
3042 1669 3214 1738 uperii
3264 1668 3359 1718 ho-

1813 1785 1934 1823 rum
1967 1771 2154 1828 trium,
2183 1766 2480 1820 triennium
2525 1779 2632 1819 non
2686 1762 2944 1831 explevit.
3000 1761 3096 1814 His
3149 1766 3363 1820 tempo-

1811 1862 1964 1914 ribus
2011 1859 2231 1921 Maues,
2293 1845 2455 1909 homo
2514 1854 2899 1911 detestandus.
2957 1866 3024 1905 ex
3071 1850 3255 1904 Persia
3307 1847 3360 1900 in

1745 1922 1792 2020 Β,
1813 1962 2058 2006 nostrum
2090 1941 2280 2002 orbem
2307 1947 2537 2003 delatus.
2569 1959 2727 1998 suum
2765 1957 3035 1997 venenum
3069 1937 3315 1992 evomuit

1812 2043 1956 2098 unde
1990 2041 2406 2094 Manichaeorum
2442 2050 2641 2088 nomen
2692 2035 2746 2087 in
2800 2031 2946 2084 hunc
2995 2043 3166 2095 usque
3218 2025 3362 2081 diem

1813 2136 1994 2194 durat,
2030 2135 2080 2186 Is
2107 2133 2244 2186 aiias
2275 2130 2614 2189 Peracletum
2646 2133 2702 2179 et
2740 2124 3002 2192 Spiritum
3032 2128 3279 2172 sanctum
3305 2131 3363 2169 se

1812 2243 1932 2281 esse
1965 2224 2321 2294 proﬁtebatur
2344 2265 2359 2284 ,
2395 2235 2519 2274 cum
2571 2215 2810 2285 Spiritus
2837 2209 3202 2278 improbitatis
3228 2205 3364 2269 'evi-

1811 2319 2006 2372 denter
2038 2316 2094 2368 in
2136 2329 2204 2368 eo
2237 2304 2510 2382 habitaret
2545 2326 2557 2360 :
2591 2306 2726 2359 alias
2752 2303 3030 2358 Christum
3082 2313 3141 2350 se
3190 2297 3369 2349 nomio

1811 2425 1970 2469 nans,
2023 2420 2148 2458 cum
2176 2385 2567 2457 {daemonibus
2605 2395 2673 2448 ad
2708 2396 2952 2461 ipsorum
2997 2385 3370 2441 ministerium

1811 2505 2009 2549 unctus
2038 2503 2219 2555 esset;
2248 2487 2535 2542 duodecim
2567 2481 2862 2549 discipulos
2901 2478 2983 2530 sui
3036 2473 3212 2528 delirii
3237 2513 3251 2535 ,
3299 2485 3367 2523 ex

1812 2585 1996 2638 multis
2022 2583 2319 2649 sectisjam
2353 2575 2543 2630 desitis
2569 2570 2900 2632 coacervati,
2931 2567 3106 2620 socios
3140 2574 3196 2617 et
3233 2577 3368 2630 prze-

1811 2688 1976 2727 cones
1999 2667 2472 2725 cit‘cumducebat.
2501 2660 2791 2731 Dionysius
2816 2673 2937 2712 cum
2967 2657 3152 2710 Romae
3182 2652 3371 2705 ﬁdeles

1814 2783 1865 2819 ιι
1899 2765 2055 2818 annis
2087 2761 2345 2830 pavisset,
2377 2756 2688 2814 defunctus,
2715 2750 2953 2804 Felicem
2992 2757 3363 2800 successorem

1814 2855 2029 2908 habuit.
2059 2851 2156 2905 Cui
2191 2859 2312 2918 post
2336 2842 2771 2916 quinquennium
2805 2847 3042 2900 mortuo,
3076 2832 3368 2902 Eutychia-

1813 2962 1918 2999 nus
1969 2942 2250 3005 successit.
2301 2940 2420 3004 Quo
2465 2938 2608 2989 intra
2643 2951 2676 2987 x
2707 2947 2920 2986 menses
2971 2929 3122 2981 illum
3174 2939 3367 2979 conse-

1814 3046 1961 3097 cuto,
1989 3034 2444 3102 pastorismunus
2467 3028 2597 3081 Caio
2626 3035 2710 3078 est
2735 3021 3045 3077 mandatum
3074 3034 3087 3069 :
3114 3017 3205 3084 qui
3241 3029 3366 3067 cum

1813 3138 1987 3178 annos
2018 3121 2238 3174 circiter
2267 3134 2333 3170 xv
2356 3114 2611 3169 Ecclesiae
2637 3111 2958 3176 praefuisset,
2997 3099 3364 3158 Marcellinum

152 3209 256 3259 τῶν
287 3208 606 3274 Μανιχαίων
640 3202 808 3277 ὄνομα
856 3209 1017 3279 μέχρι
1050 3212 1143 3262 τοῦ
1168 3212 1261 3264 νῦν
1291 3215 1389 3264 οὐκ
1420 3213 1712 3264 ἐπέλιπεν·

1816 3209 2006 3264 habuit
2033 3219 2420 3262 successorem.
2459 3201 2520 3254 Hi
2557 3198 2894 3266 temporibus
2920 3193 3362 3264 persecutionum

153 3296 207 3358 ὃς
237 3299 372 3376 ποτὶ
424 3300 523 3366 μὲν
571 3299 925 3367 Παράκλητον
974 3301 1166 3352 ἐαυτὸν
1204 3302 1298 3354 καὶ
1328 3302 1551 3370 Πνεῦμα
1578 3302 1714 3355 ὠνό-

156 3389 293 3456 μαζε
327 3389 505 3456 ἅγιον,
540 3384 584 3457 ᾧ
612 3392 671 3442 τὺ
716 3392 817 3458 τῆς
855 3392 1118 3460 πονηρίας
1167 3392 1382 3462 πνεῦμα
1424 3393 1716 3463 προφανῶς

155 3479 530 3546 ἐγκατῴκιστο
549 3496 564 3511 ⁸
597 3482 729 3542 ποτέ
757 3482 811 3533 δὲ
836 3483 1071 3551 Χριστὸν
1101 3485 1294 3537 ἑαυτὸν
1325 3486 1533 3551 ἐκάλει,
1561 3488 1588 3538 ό
1617 3487 1717 3538 ὑπὸ

155 3569 259 3618 τῶν
295 3569 571 3639 δαιμόνων
620 3572 698 3633 εἱς
747 3571 1089 3639 λειτουργίαν
1142 3574 1385 3636 ἐκείνους
1434 3575 1715 3642 χρισθεὶς,

157 3659 244 3709 καὶ
276 3657 529 3728 μαθητὰς
555 3660 794 3730 ἐπήγετο
825 3662 1054 3726 δώδεκα,
1109 3664 1210 3732 τῆς
1239 3662 1403 3715 αὐτοῦ
1450 3663 1714 3732 φλυαρίας

153 3751 448 3825 ,κεινωνούς
478 3767 537 3803 τε
586 3755 679 3804 καὶ
731 3757 999 3822 κήρυκας,
1049 3757 1116 3823 ἢν
1166 3755 1228 3807 ἐκ
1280 3756 1489 3806 πολλῶν
1540 3754 1714 3806 ἀθέων

156 3841 448 3910 δογμάτων
513 3842 621 3895 τῶν
677 3844 778 3911 ἤδη
841 3843 1227 3909 ἁπεσὸηκυιῶν
1269 3844 1535 3910 αἱρέσεων
1589 3859 1714 3893 συν-

159 3935 422 4000 εφόρησε.
473 3931 754 3982 Διονυσίου
782 3935 966 3998 μέντοι
994 3932 1086 3983 τοῦ
1139 3933 1264 3993 τοὺς
1292 3933 1349 3982 ἐν
1401 3931 1590 4000 Ῥώμῃ
1621 3949 1714 3983 πι-

160 4024 316 4082 στοὺς
342 4021 726 4089 ποιμαίνοντος
766 4023 857 4091 ἐτη
887 4023 1040 4075 ἐννέα
1075 4023 1130 4073 ἐν
1174 4021 1344 4092 ταύτῃ
1375 4025 1440 4090 τῇ
1474 4021 1716 4090 λειτουρ-

157 4114 250 4180 γίᾳ
271 4115 538 4179 ἡνυκότος
573 4112 665 4163 καὶ
688 4176 689 4179 η
712 4113 1096 4181 μεταστάντος,
1131 4112 1300 4180 Φήλιξ
1327 4112 1418 4162 τὸν
1446 4112 1542 4179 τῆς
1585 4111 1717 4164 Ῥώ-

1813 3301 2056 3355 fuerunt.
2105 3299 2164 3348 In
2211 3285 2547 3347 AntioChena
2606 3287 2846 3341 ECclcsia
2913 3293 3035 3353 post
3097 3283 3364 3335 Domuum

1813 3391 2103 3458 episcopus
2136 3385 2241 3437 fuit
2273 3381 2537 3441 Timzeus,
2577 3379 2779 3431 Timaso
2813 3373 3074 3428 successit
3095 3370 3364 3440 Cyrillus,

1812 3481 2014 3553 Cyrillo
2037 3477 2320 3548 Tyrannus
2353 3492 2366 3526 :
2395 3472 2497 3526 sub
2535 3485 2643 3539 quo
2678 3466 3044 3520 Ecclesiarum
3092 3457 3368 3530 oppugna-

1814 3551 1892 3627 tio
1927 3567 2208 3640 viguit,'ac
2248 3565 2493 3635 tyrannis
2527 3562 2666 3614 facta
2698 3571 2781 3612 est
2819 3554 3198 3609 intolerabilis.
3237 3551 3365 3604 Ilie-

1813 3635 2258 3727 rosoly‘mitanam
2294 3652 2591 3710 Ecclesiam
2626 3657 2748 3717 post
2777 3635 3124 3715 Hymenaeum
3166 3641 3367 3708 guber-

1813 3752 1964 3806 navit
1991 3749 2201 3801 Zabdas
2240 3762 2253 3796 :
2297 3759 2406 3812 quo
2435 3742 2597 3809 paulo
2625 3747 2750 3805 post
2789 3736 3071 3793 defuncto,
3106 3733 3364 3783 thronum

1812 3857 1936 3896 eum
1997 3840 2233 3892 Hermon
2292 3832 2528 3886 ornavit.
2582 3825 2920 3880 Alexandria:
2966 3821 3225 3896 Maximo,
3271 3821 3366 3887 qui

1810 3941 1934 4004 post
1979 3927 2291 3996 Dionysium
2337 3937 2468 3978 xvm
2510 3919 2669 3972 annis
2717 3916 3010 3969 Ecclesium
3056 3894 3368 3964 moderatus

1809 4003 1912 4086 est,
1946 4029 2181 4078 mortuo,
2227 4014 2389 4085 640
2439 4011 2624 4064 Theon
2676 4009 2849 4060 factus
2895 4016 2979 4058 est
3021 4003 3306 4070 episcopus
3348 4016 3362 4050 :

1811 4116 1898 4170 cui
1934 4111 2197 4167 successit
2226 4107 2440 4162 Petrus,
2473 4100 2564 4168 qui
2597 4098 2957 4151 obtruncatus
2991 4092 3230 4160 martyrii
3277 4105 3370 4142 co-

161 4220 265 4271 μης
301 4202 576 4271 ἱερατικὸν
631 4180 905 4267 διεδέξατο
957 4201 1166 4271 θρόνον.
1216 4201 1421 4253 Τούτου
1484 4203 1539 4254 δέ
1582 4189 1712 4271 μετὰ

1812 4216 2001 4258 ronam
2058 4195 2316 4262 suscepit.
2365 4192 2442 4244 Ac
2487 4189 2804 4258 pontiﬁcum
2859 4183 3236 4238 successiones
3287 4180 3371 4233 has

159 4296 344 4363 χρόνον
378 4294 629 4358 θανόντος
665 4294 960 4361 πενταετῆ,
1014 4294 1340 4362 Εὐτυχιτονδς
1381 4292 1586 4362 ἠξιώθη
1618 4297 1718 4363 τῆς
1814 4298 2060 4350 fuerunt.

157 4387 262 4439 τῶν
303 4373 590 4457 Ῥωμαίων
625 4389 950 4455 ἐπισκοπῆς.
994 4385 1157 4438 Οὔπω
1191 4387 1245 4437 δὲ
1280 4389 1422 4454 μησὶ
1451 4387 1581 4440 δέκα
1645 4396 1741 4444 καὶ
1777 4384 1931 4449 οὗτος
1972 4379 2350 4446 ἐπισκοπήσας
2381 4370 2680 4440 μετήλλαξε
2710 4368 2808 4436 τὴν
2840 4366 3004 4433 ζωὴν,
3037 4363 3129 4414 καὶ
3155 4364 3370 4414 ἀντεισ“

157 4484 292 4554 ήχθη
357 4456 434 4543 εἰς
467 4482 525 4532 τὸ
587 4487 684 4552 τῆς
715 4481 1076 4548 ποιμαντικῆς
1129 4480 1497 4548 λειτούργημα
1565 4484 1746 4544 Γάϊος.
1791 4478 1975 4546 Οὗπερ
2025 4473 2167 4542 ἀμφὶ
2219 4469 2286 4519 τὰ
2319 4463 2705 4517 πεντεκαίδεκα
2771 4461 2863 4528 ἔτη
2914 4459 3245 4527 προστάντος
3273 4456 3372 4521 τῆς

169 4546 493 4643 έέκέλησίας
551 4546 888 4641 Μαρκελῖνος
932 4546 1174 4639 διάδοχος
1206 4546 1447 4638 reri-m5.
1483 4566 1642 4625 Οὗτοι
1700 4575 1746 4625 δ’
1785 4570 1924 4643 ἦσαν
1980 4564 2169 4622 ἐντοῖς
2223 4556 2433 4626 Χρόνοις
2489 4551 2597 4602 τῶν
2649 4549 2923 4616 διωγμῶν·
2971 4548 3056 4598 Ἑν
3094 4548 3150 4598 δέ
3193 4561 3255 4611 γε
3303 4546 3368 4613 τῇ

170 4635 488 4733 Ἀντιοξέων
532 4635 827 4741 Ἐκκλησία
890 4662 1024 4729 μετὰ
1084 4635 1295 4728 Ᾱόμνον
1348 4663 1690 4730 ἐπεσκόπησε
1729 4635 1978 4731 Τίμαιος,
2029 4653 2118 4706 τὸν
2168 4648 2225 4700 δὲ
2293 4645 2520 4713 Τίμαιον
2568 4639 2835 4703 διεδέξατο
2912 4635 3194 4704 Κύριλλοςι
3273 4637 3368 4684 καὶ

163 4757 297 4821 μετὰ
337 4719 599 4823 ιῐύριλλον
632 4719 903 4820 Τύραννον
942 4756 969 4804 6
997 4719 1185 4820 θρόνος
1214 4752 1446 4815 ἐδέξατο,
1479 4719 1694 4807 mei-6v
1733 4757 1763 4822 ἡ
1796 4719 1902 4805 τῶν
1938 4719 2272 4810 νἛκκλησιῶν
2319 4735 2602 4804 πολιορκία
2638 4732 2737 4800 τὴν
2805 4728 2985 4798 ἀκμὴν
3035 4728 3235 4795 ἔσχηκε
3275 4719 3369 4777 καὶ

161 4820 192 4912 ἦ
258 4820 515 4913 τυραννὶς
573 4844 842 4912 ἀφόρητος
892 4845 1102 4909 γέγονε.
1170 4843 1280 4910 Τῆς
1347 4846 1402 4894 δέ
1444 4846 1550 4896 τῶν
1622 4820 2003 4915 Ἰεροσολύμων
2060 4831 2384 4900 Ἐκκλησὶας
2448 4829 2588 4897 μετὰ
2633 4827 2722 4878 τὸν
2787 4823 3074 4892 Ὑμέναιον
3129 4820 3366 4889 προέστη
3447 4843 3460 4850 -

160 4908 364 4998 Ζαδδας
387 4937 517 5003 (87),
541 4931 604 4988 οὗ
635 4908 750 5004 μετἆ
778 4937 838 4987 οὺ
871 4908 1004 4985 πολὺ
1036 4908 1458 5002 κεκοιμημένου,
1522 4908 1744 5006 Ἕρμων
1782 4908 1901 4988 τδηῖ
1939 4929 2123 4999 θρόνον
2148 4915 2336 4976 τοῦτον
2367 4919 2645 4987 ἐκόμισεν.
2684 4917 2770 4968 Ἐν
2814 4915 2867 4966 δέ
2893 4917 2957 4982 τῇ
2999 4908 3369 4976 Ἀλεξανδρείᾳ

162 5030 413 5098 Μαξίμου
433 5027 527 5080 τοῦ
555 5026 691 5095 μετὰ
717 5026 989 5077 Διονύσιον
1017 5024 1193 5075 ἐτεσιν
1212 5023 1584 5108 ὁκτωκαὶδεκα
1650 5024 1746 5094 τὴν
1788 5017 2098 5089 ἱερουργίαν
2144 5012 2458 5070 ἀνύσαντος.
2533 5006 2593 5058 τὸ
2634 5001 2809 5073 χρεὼν
2860 5002 3366 5067 λειτουργήσαντος.

161 5093 374 5181 Θ-ῶνας
396 5093 793 5188 ἐπεσκόπησεν.
835 5119 930 5169 “Ov
966 5115 1238 5200 διεδέξατο
1276 5095 1500 5182 ὑέτρος,
1563 5117 1622 5178 ὃς
1679 5093 1774 5168 καὶ
1834 5114 1923 5165 τὸν
1959 5109 2053 5162 τοῦ
2111 5103 2409 5176 μαρτυρίου
2466 5099 2727 5166 στέφανον
2772 5097 2962 5166 ᾔρετο,
3001 5095 3097 5162 τὴν
3127 5093 3362 5158 κεφαλὴν

67 5229 72 5238 λ
162 5211 480 5278 ἐκτμηθείς.
530 5212 598 5262 Αἱ
655 5210 754 5277 μὲν
793 5208 883 5261 οὖν
906 5199 1012 5260 τῶν
1036 5207 1338 5276 ἀρχιερέων
1366 5207 1569 5259 τούτων
1601 5207 1842 5274 διαδοχαὶ
1869 5202 2022 5270 ἔσχον
2055 5199 2248 5258 οὕτως.

229 5272 349 5354 AA".
401 5272 774 5366 Διοκλητιανδς
820 5300 875 5351 δὲ
931 5299 1024 5366 τὴν
1075 5272 1370 5367 ἡγεμονίαν
1416 5297 1613 5366 λαχὼν,
1650 5298 1706 5358 ὃς

1884 5291 2072 5344 XXXI.
2104 5290 2393 5357 imperium
2414 5296 2592 5339 autem
2619 5279 2986 5334 Diocletianus
3008 5282 3090 5326 est
3110 5272 3359 5339 adeptus.

166 5393 447 5460 Διιλμὰτης
504 5392 600 5457 μὲν
653 5386 722 5459 ἦν
768 5392 828 5441 τὸ
879 5390 1054 5457 γένος,
1089 5366 1341 5456 πατέρων
1397 5387 1441 5438 δ’
1484 5389 1711 5456 ἀσήμων

1811 5383 2030 5436 natione
2095 5381 2356 5440 Dalmata,
2400 5376 2651 5429 obscuris
2692 5380 2845 5423 ortus
2898 5366 3234 5436 parcmtibus,
3287 5370 3360 5425 ct,

165 5456 326 5548 (τιλές
388 5456 443 5530 δὲ
503 5456 1096 5546 άπελεόθερονναύτόν
1169 5495 1332 5545 φασιν
1397 5478 1706 5529 Ἀνουλίνου

1813 5482 1871 5525 ut
1905 5470 2124 5538 quidam
2161 5469 2401 5530 tradunt,
2433 5463 2654 5520 Anulini
2705 5460 2974 5515 senatoris
3016 5456 3264 5514 libertus,
3295 5467 3360 5517 ex

168 5567 570 5638 συγκλητικοῦ),
605 5567 664 5629 ἐξ
689 5569 919 5620 εὐτελῶν
955 5569 1299 5636 στρατιωτῶν
1338 5567 1461 5632 δοὺξ
1499 5567 1708 5628 Μυσίας

1814 5562 1985 5616 milite
2038 5559 2286 5629 gregario
2340 5557 2522 5627 Mysia:
2572 5557 2675 5606 dux
2711 5553 2900 5605 erasit.
2952 5548 3052 5601 Alii
3099 5554 3227 5598 vero
3254 5551 3361 5596 Co—

1325 5677 1519 5737 Varizs
1553 5677 1852 5737 lectiones
1894 5680 1953 5733 et
1996 5681 2180 5733 notae.

237 5802 343 5867 «δη
371 5797 619 5852 Ζάόδαν.
652 5798 766 5852 Duo
809 5798 966 5853 codd.
1005 5785 1152 5867 Reg.”
1194 5810 1245 5855 el
1297 5800 1538 5855 Colbert.
1568 5800 1712 5868 Ζάμε

1808 5817 1840 5863 ι,
1875 5798 2009 5850 alter
2038 5795 2169 5863 Reg.
2206 5793 2388 5847 26.6w
2424 5787 2741 5858 ρτωὶυτυηι.
