4036 6350
632 453 768 515 1083

1873 450 2196 514 IOANNIS
2232 449 2548 510 ZONARE

3699 447 3845 511 1084

626 571 813 632 mitem
844 569 1284 626 domesticorum:
1333 572 1502 631 fuisse
1552 570 1795 633 tradunt,
1845 585 1983 639 quos
2040 582 2176 622 non-

2280 564 2493 632 ιγένετο
2513 579 2526 593 ·
2552 560 2700 615 ἄλλοι
2718 550 2777 614 ¹δὲὲ
2805 554 3015 631 κόμη-ἔα
3041 563 3374 632 δομεστίκων
3395 562 3559 616 αὑτὸν
3582 563 3844 630 γενέσθαι

626 662 762 715 nulli
792 662 1006 730 equites
1049 677 1170 718 esse
1213 672 1427 733 putant.
1467 662 1625 732 Apud
1668 662 1869 718 milites
1914 660 2016 730 pro
2045 676 2177 714 con-

605 753 782 807 .cione
819 752 1126 815 afﬁrmavit,
1165 770 1222 808 se
1266 754 1439 810 caedis
1487 754 1805 809 Numeriani
1855 768 1963 826 non
2009 752 2178 806 fuisse

625 844 900 899 conscium
927 861 942 898 :
974 846 1244 913 simulque
1271 845 1337 900 ad
1368 847 1570 913 Aprum
1603 845 1914 914 praefectum
1945 845 2176 899 militum

623 949 951 1000 conversus:
981 935 1107 998 Hoc,
1133 935 1331 1003 inquit,
1359 935 1503 988 illius
1532 952 1801 1011 percussor
1819 947 1915 999 est,
1940 952 2177 1004 eumque

622 1039 752 1078 ense
796 1037 1062 1094 arrepto,
1097 1025 1393 1081 interfecit.
1450 1027 1679 1082 Romam
1731 1042 1853 1082 cum
1916 1028 2175 1092 venisset,

624 1104 806 1167 rerum
841 1114 1370 1172 administrationem
1403 1117 1646 1184 suscepit
1677 1133 1691 1170 :
1718 1115 2174 1185 considerataque

621 1205 966 1274 principatus
1021 1205 1404 1276 amplitudine.
1465 1206 1582 1261 sive
1636 1214 1867 1274 quarto,
1915 1207 2052 1270 sive,
2116 1215 2177 1261 ut

619 1295 711 1349 alii
770 1296 990 1360 docent,
1063 1296 1307 1350 secundo
1377 1297 1593 1365 imperii
1662 1313 1844 1362 anno,
1911 1298 2174 1368 collegam

617 1385 996 1453 Maximianum
1032 1386 1351 1443 Herculium
1380 1389 1618 1454 asciscit,
1644 1398 1804 1445 tanta
1831 1390 1957 1444 moli
1993 1405 2175 1446 rerum

615 1493 674 1531 se
723 1493 890 1532 unum
943 1479 1365 1548 imparemesse
1404 1487 1575 1534 ratus.
1627 1479 1802 1535 Ambo
1851 1481 2014 1548 igitur
2042 1495 2174 1534 con-

613 1568 986 1622 sentientibus
1023 1568 1224 1637 animis
1279 1571 1719 1639 persecutionem
1779 1581 1970 1626 contra
2015 1571 2175 1626 Chri-

612 1660 824 1713 stianos
852 1659 1230 1724 instituerunt,
1278 1645 1659 1730 superioribus
1696 1663 1955 1718 omnibus
2000 1662 2172 1717 vehe-

615 1749 938 1804 mentiorem
967 1759 1023 1805 et
1067 1751 1467 1808 immaniorem.
1513 1753 1738 1808 Summo
1762 1755 1911 1809 enim
1961 1755 2171 1817 studio,

613 1854 678 1893 ac
713 1841 894 1909 potius
929 1840 1137 1908 furore,
1171 1845 1264 1898 Dei
1297 1841 1473 1898 nostri
1508 1845 1636 1899 Jesu
1675 1844 1878 1900 Christi
1929 1847 2171 1900 salutare

615 1942 814 2006 nomen
853 1930 907 1982 in
945 1933 1199 1986 omnibus
1227 1932 1411 1988 delere
1447 1935 1612 1987 terris
1645 1944 1775 1989 sunt
1815 1935 2018 1990 conati.
2052 1935 2172 2002 Quo
2205 1911 2242 1966 Β

616 2009 861 2087 tempore
890 2029 1039 2074 tanta
1071 2039 1261 2077 eorum
1313 2025 1404 2093 qui
1453 2040 1555 2094 pro
1587 2025 1791 2081 Christi
1831 2028 2174 2086 confessione

615 2109 669 2162 in
717 2111 976 2164 omnibus
1019 2112 1338 2196 civitatibus
1385 2124 1442 2170 et
1488 2116 1791 2185 provinciis
1829 2118 2047 2173 fortiter
2079 2135 2172 2174 oc—

615 2201 958 2263 cumberent,
1012 2203 1328 2257 multitudo'
1360 2205 1484 2270 fuit,
1534 2215 1594 2260 ut
1647 2222 1839 2261 eorum
1888 2209 2015 2263 iniri
2069 2226 2174 2264 nu-

613 2307 798 2346 nierus
832 2308 975 2362 aegre
1010 2279 1202 2362 possit.
1262 2294 1411 2353 Hanc
1455 2299 1600 2353 enim
1653 2299 2023 2358 carnificinam
2071 2317 2168 2358 ca:-

617 2383 750 2436 Ieris
780 2383 945 2438 rebus
971 2387 1231 2440 omnibus
1261 2388 1710 2455 antevertendam
1734 2405 1857 2446 esse
1882 2391 2171 2460 putabant.

617 2469 924 2526 Busiridem
977 2488 1110 2528 vero
1155 2483 1212 2530 et
1257 2475 1493 2547 Coptum
1523 2479 1710 2547 urbes,
1755 2480 1961 2536 Thebis
2013 2481 2173 2554 Egy-

561 2615 564 2618 λ
615 2557 808 2624 ptiacis
860 2560 1108 2627 vicinas,
1171 2579 1297 2620 cum
1365 2567 1735 2636 defecissent,
1798 2572 2175 2629 Diocletianus

616 2649 763 2719 repit
818 2659 981 2719 atque
1016 2655 1237 2708 evertit.
1282 2655 1432 2719 Post,
1485 2659 1814 2715 Alexandria
1849 2673 2070 2732 quoque
2118 2673 2174 2718 et

615 2739 878 2811 Egyptus
905 2743 1112 2798 Achille
1141 2746 1377 2814 quodam
1404 2757 1631 2804 auctore
1659 2765 1811 2806 arma
1843 2762 2036 2808 contra
2062 2749 2172 2808 Ro—

614 2845 806 2885 manos
875 2843 1270 2901 sumpserunt:
1338 2838 1431 2891 sed
1491 2839 1830 2894 Diocletiano
1876 2842 2021 2896 haud
2077 2845 2173 2898 diu

611 2922 960 2990 restiterunt,
1014 2926 1280 2996 multique
1328 2927 1616 2987 seditionis
1658 2931 2024 2988 concitatores
2068 2950 2173 2989 una

611 3031 738 3071 cum
784 3016 995 3072 Achille
1026 3033 1216 3087 poenas
1247 3020 1544 3078 dederunt.
1587 3022 1958 3084 Diocletianus
2006 3041 2172 3095 porro

611 3117 667 3165 et
719 3108 1100 3177 Maximianus,
1156 3124 1315 3167 suum
1364 3122 1596 3184 uterque
1643 3130 1902 3185 generum
1933 3103 2172 3172 Caesares

612 3200 1003 3258 declararunt:
1042 3205 1417 3262 Diocletianus
1462 3206 1814 3262 Maximinum
1847 3207 2166 3273 Gallerium.

613 3291 702 3345 cui
735 3291 898 3348 ﬁliam
927 3295 1215 3367 Valeriam
1241 3297 1647 3369 desponderat:
1683 3297 1972 3354 Herculius
2000 3290 2173 3366 Magi;

615 3380 829 3436 mianus
850 3382 1250 3451 Constantium,
1293 3391 1388 3456 qui
1432 3384 1469 3442 a”
1492 3389 1700 3459 pallore
1728 3388 1966 3446 Chlorus
2012 3407 2175 3447 voca-

616 3470 802 3536 batur,
837 3460 1093 3540 nepotem
1123 3476 1357 3540 Claudii,
1383 3481 1475 3548 qui
1509 3481 1670 3548 paulo
1692 3492 1823 3538 ante
1852 3480 2170 3548 imperarat,

520 3623 521 3626 η
615 3573 676 3617 ut
697 3564 806 3633 jam
839 3565 1087 3634 exposui,
1116 3568 1383 3637 desponsa
1415 3570 1524 3624 lilia
1553 3570 1863 3651 Theodora.
1913 3573 2175 3639 Quamvis

615 3663 796 3706 autem
829 3653 990 3710 ambo
1015 3654 1258 3718 Caesares
1303 3675 1499 3714 uxores
1529 3659 1820 3725 baberent,
1861 3670 2041 3718 tamen
2083 3680 2173 3718 re-

616 3742 854 3810 pudiatis
873 3743 1000 3810 illis,
1025 3745 1419 3815 imperatorum
1446 3748 1763 3818 aﬂinitatem
1786 3755 2171 3822 praetulerunt.

616 3831 976 3888 Maximianus
1033 3837 1088 3892 in
1135 3829 1337 3894 Gallias
1369 3836 1532 3913 αι
1581 3840 1881 3910 profectus,
1938 3843 2173 3900 Amandi

622 3923 910 3992 cujusdam
959 3936 1165 3981 motum
1201 3933 1498 3998 repressit-
1524 3932 1802 3997 Crassum,
1838 3935 1929 4003 qui
1961 3935 2176 3992 Britan-

617 4014 765 4067 niam
826 4030 921 4084 per
967 4017 1266 4074 triennium
1295 4035 1612 4087 occuparat,
1652 4024 1942 4091 praefectus
1994 4026 2177 4079 Ascle-

617 4105 874 4172 piodotus
901 4110 1142 4164 sustulit.
1174 4111 1754 4181 Quinque-Gentianos
1795 4115 1889 4183 qui
1937 4115 2199 4171 Africam.

620 4187 993 4263 occuparant,
1069 4199 1355 4258 Herculius
1426 4202 1742 4259 debellavit.
1824 4205 2176 4267 Constantius

627 4284 806 4337 Cmsar
835 4286 887 4338 in
926 4288 1114 4345 Galliis
1143 4293 1407 4348 adversus
1455 4293 1803 4350 Alemannos.
1835 4295 2040 4350 bellum
2080 4312 2174 4366 ge-

620 4390 770 4437 rens.
802 4377 997 4434 eodem
1025 4379 1115 4434 die
1151 4391 1207 4435 et
1239 4383 1416 4438 victus
1441 4390 1571 4448 est,‘
1591 4394 1650 4441 et
1695 4387 1844 4441 vicit.
1885 4385 2016 4440 Nam
2061 4388 2176 4456 pri-

621 4483 770 4521 mum
801 4483 926 4523 cum
951 4469 1234 4525 Alemanni
1265 4487 1464 4542 magno
1498 4474 1702 4543 impetu
1735 4478 1789 4530 in
1814 4478 1930 4546 ejus
1959 4478 2176 4532 exerci-

2279 652 2435 724 φασί.
2457 653 2820 721 Δομεστίκους
2859 653 2916 707 δέ
2948 668 3093 715 τινες
3137 655 3262 715 τοὺς
3295 653 3494 712 ἱππέας
3526 653 3841 721 νομίζουσι.

2276 744 2663 811 Διαλεγόμενος
2699 743 2754 796 δὲ
2812 745 2922 806 τοῖς
2972 743 3334 812 στρατιώταις
3388 741 3696 805 διεεεσαίου
3766 741 3844 810 μὴ

2277 835 2600 905 κοινωνῆσαι
2643 834 2721 902 τῷ
2770 834 2917 904 φόνῳ
2958 834 3051 887 τοῦ
3097 834 3472 903 Νουμεριανοῦ
3498 849 3512 866 ο
3543 834 3637 886 καὶ
3665 833 3734 885 ὲν
3766 833 3845 898 τῷ

2275 924 2447 979 ταῦτα
2489 921 2670 993 λέγειν
2715 926 2975 994 στραφεὶς
3034 925 3170 996 πρὸς
3214 925 3305 977 τὸν
3346 924 3550 998 ’Ᾱπρον
3593 924 3845 994 ἔπαρχον

2275 1015 2403 1068 ὅντα
2453 1014 2548 1067 τοῦ
2600 1015 3028 1091 στρατεύματος,
3086 1011 3293 1082 Οὗτος,
3348 1015 3473 1085 ἔῳη,
3527 1019 3557 1068 ὀ
3595 1016 3845 1068 ἐκείνου

2275 1106 2515 1174 φονεύς.
2553 1105 2663 1158 Καὶ
2697 1107 2893 1160 αὐτίκα
2947 1107 3025 1175 τῷ
3084 1107 3224 1175 μετά
3270 1109 3456 1176 χεῖρας
3490 1105 3632 1171 ξίφει
3666 1106 3846 1158 αὑτὸν

2275 1196 2503 1249 άνεῐλεν.
2549 1197 2637 1270 Ἐν
2659 1197 2715 1249 δὲ
2744 1199 2808 1268 τῇ
2853 1196 3040 1270 Ῥώμῃ
3062 1198 3352 1266 γενόμενος
3381 1197 3491 1250 τῶν
3520 1197 3616 1265 τῆς
3656 1196 3848 1262 ἀρχῆς

2276 1286 2616 1354 πραγμάτων
2665 1288 3084 1356 ἀντεποιήσατο,
3134 1288 3228 1339 καὶ
3269 1287 3372 1356 τῆς
3414 1288 3615 1341 τούτων
3654 1287 3845 1356 ηψατο

2273 1374 2612 1444 διοικήσεως.
2688 1377 2924 1444 ’Δπιδὼν
2971 1377 3030 1430 δὲ
3075 1378 3214 1450 πρὸς
3269 1379 3331 1430 τὸ
3389 1379 3485 1446 τῆς
3534 1377 3846 1447 ,βασιλείας

2275 1464 2598 1533 ὑπέρογκον,
2648 1468 2901 1519 κοινωνὸν
2949 1469 3118 1537 αὐτῆς
3160 1468 3644 1539 προσλαμϐάνεται
3700 1470 3851 1522 κατά

2273 1559 2334 1609 τὸ
2359 1559 2618 1628 τέταρτον
2677 1543 2802 1621 ita;
2851 1559 2952 1628 τῆς
3013 1561 3310 1631 ἡγεμονίας
3375 1560 3560 1621 αὐτοῦ,
3625 1560 3658 1623 ἢ
3715 1558 3851 1611 καθ’

2275 1649 2490 1717 ἐτέρους
2541 1649 2680 1704 κατὰ
2726 1649 2785 1702 τὸ
2814 1649 3065 1720 δεύτερον
3115 1651 3456 1720 Μαξιμιανδν
3484 1651 3574 1702 τὸν
3609 1650 3852 1718 Ἐρκού-

2275 1740 2409 1802 λιον,
2461 1740 2536 1809 μὴ
2573 1741 2768 1794 ἑαυτὸν
2821 1741 2978 1811 μόνον
3039 1725 3310 1812 ἀρκοῦντα
3366 1741 3503 1809 πρὸς
3564 1743 3850 1808 τοσαύτης

2277 1830 2448 1900 ἀρχῆς
2494 1831 2761 1900 διοίκησιν
2810 1831 3189 1900 λογισάμενος.
3241 1833 3443 1900 Ἄμφω
3481 1831 3667 1885 τοίνυν
3695 1849 3848 1899 συμ-

2275 1921 2609 1985 πνεύσαντες
2665 1922 2907 1991 διωγμὸν
2956 1922 3232 1992 ἐγείρουσι
3282 1924 3422 1978 κατὰ
3467 1923 3845 1990 Χριστιανῶν,

2274 2012 2382 2064 τῶν
2422 2014 2553 2082 πρὶν
2603 2014 2906 2082 γεγονότων
2952 2015 3209 2066 ἁπάντων
3245 2015 3598 2082 σφοδρότερόν
3634 2002 3697 2065 τὶ
3743 2015 3848 2065 καὶ

2273 2086 2635 2169 ἀγριώτερον.
2667 2098 2953 2170 Ἐκθύμως
2992 2100 3123 2170 γάρ,
3155 2100 3356 2169 μᾶλλον
3405 2099 3462 2152 δὲ
3518 2099 3852 2169 περιμανῶς

2273 2190 2335 2244 τδ
2362 2189 2458 2242 τοῦ
2482 2189 2619 2244 Θεοῦ
2658 2190 2815 2260 ἡμῶν
2848 2190 3024 2260 Ἰησοῦ
3052 2190 3286 2261 Χριστοῦ
3322 2189 3580 2243 ἔσπευδον
3631 2193 3700 2243 ὲκ
3732 2192 3849 2243 πά-

2276 2299 2375 2352 σης
2427 2282 2532 2351 γῆς
2586 2282 2868 2351 ἐξαλεῖψαι
2933 2285 3200 2352 σωτήριον
3251 2283 3443 2350 ὄνομα.
3495 2282 3634 2334 Ὅτε
3697 2285 3849 2334 κατά

2274 2379 2452 2429 πᾶσαν
2503 2377 2658 2431 πόλιν
2718 2378 2810 2430 καὶΙ
2874 2377 3060 2447 χώραν
3111 2377 3352 2431 τοσοῦτοι
3407 2373 3548 2445 ὑπὲρ
3601 2378 3706 2444 τῆς
3762 2380 3850 2440 είς

2274 2469 2510 2536 Χριστὸν
2566 2469 2860 2537 ὁμολογίας
2925 2469 3265 2538 ἠνδρίσαντο,
3310 2468 3387 2531 ὡς
3441 2469 3568 2538 μηδ’
3613 2469 3846 2539 ἀριθμῷ

2276 2558 2460 2628 σχεδὸν
2497 2558 2696 2621 αὐτοὺς
2741 2559 3050 2633 ὑπαχθῆναι
3093 2559 3275 2629 ῥᾴδιον
3322 2557 3460 2614 εἶναι
3483 2579 3496 2594 ·
3533 2563 3698 2632 ἔργον
3729 2566 3848 2632 γὰρ

2278 2647 2441 2703 τοῦτο
2478 2649 2588 2702 τῶν
2626 2649 2804 2703 ἀλλων
2828 2651 3086 2705 ἀπάντων
3122 2649 3363 2705 ἐτίθεντο
3399 2651 3846 2722 σπουδαιότερον.

2274 2739 2590 2808 Βουσίρεως
2649 2739 2705 2790 δὲ
2771 2741 2864 2792 καὶ
2914 2738 3136 2797 Κοπτοῦ
3186 2741 3392 2792 πόλεων
3448 2741 3852 2808 Αἰγυπτιακῶν

2273 2830 2403 2897 περὶ
2445 2829 2543 2892 τάς
2593 2831 2711 2899 ἐκεῖ
2761 2829 2940 2897 Θήϐας
2987 2829 3320 2899 οἰκουμένων
3366 2831 3447 2892 είς
3499 2833 3851 2884 ἀποστασίαν

2263 2918 2630 2980 -έκκλινασῶν,
2695 2922 2724 2973 ὁ
2783 2920 3166 2990 Διοκλητιανὸς
3242 2922 3648 2990 ἐκστρατεύσας
3717 2925 3849 2975 κατ’

2270 3011 2448 3065 αὐτῶν
2487 3006 2597 3068 εἷλέ
2629 3029 2689 3064 τε
2729 3015 2825 3064 καὶ¹
2858 3013 3027 3075 αὐτάς
3060 3014 3157 3065 καὶ
3192 3012 3564 3083 κατέσκαψεν.
3594 3011 3712 3066 Εἶτ’
3747 3012 3851 3069 αὗ-

2271 3103 2354 3174 θις
2382 3103 2753 3174 Ἀλεξάνδρεια
2784 3107 2927 3174 καὶὴ
2949 3107 3219 3172 Αἴγυπτος
3250 3106 3490 3176 ἀντῆραν
3519 3109 3677 3176 χεῖρα
3704 3107 3852 3161 Ῥω.

2278 3197 2480 3263 μαίοις,
2513 3197 2802 3266 Ἀχιλλέως
2836 3200 2978 3258 τινὸς
3006 3201 3086 3261 εἰς
3127 3197 3286 3251 τοῦτο
3323 3201 3452 3261 τοὺς
3495 3198 3843 3266 Δίγυπτίους

2277 3286 2647 3354 ὐωγαγόντος
2674 3308 2687 3317 ·
2736 3290 2871 3342 ἀλλά
2917 3290 3204 3359 Ῥωμαίων
3247 3290 3446 3353 ,αὐτοῖς
3497 3290 3849 3343 ἐπελθόντων

2275 3377 2372 3430 σὺν
2417 3377 2805 3447 Διοκλητιανῷ,
2836 3379 2936 3430 οὐκ
2965 3379 3227 3447 ἀντέσχον
3257 3379 3348 3430 ἐπὶ
3381 3378 3541 3440 πολὺ,
3575 3380 3670 3432 καὶ
3708 3381 3851 3432 πολ-

2273 3469 2354 3522 λοὶ
2390 3467 2499 3522 τῶν
2525 3467 2714 3525 αἰτίων
2740 3469 2840 3538 τῆς
2875 3470 3118 3532 στάσεως
3147 3469 3516 3542 ἀνῃρέθησαν,
3549 3472 3646 3524 καὶ
3672 3473 3853 3536 αὐτὸς

2286 3557 2582 3626 ’Δχιλλεύς.
2612 3558 2991 3626 Διοκλητιανὸς
3028 3559 3083 3611 δὲ
3116 3559 3208 3611 καὶ
3238 3559 3583 3627 Μιξιμιανὸς
3625 3563 3851 3615 Καίσα-

2278 3665 2374 3717 ρας
2429 3650 2847 3717 ἐχειροτόνησαν
2898 3651 3025 3712 τοὺς
3076 3651 3294 3724 ἑαυτῶν
3344 3652 3632 3718 κηδεστὰς,
3663 3655 3691 3705 ὁ
3740 3655 3853 3723 μὲν

2275 3739 2660 3809 Διοκλητιανὸς
2693 3738 2996 3809 Μαξιμίνον
3024 3741 3112 3792 τὸν
3136 3724 3456 3811 Γαλλέριον,
3491 3745 3588 3814 τὴν
3628 3745 3853 3799 οἰκείαν

2275 3831 2550 3899 θυγατέρα
2584 3830 2846 3894 συζεύξας
2885 3831 3036 3901 αὐτῷ
3071 3827 3335 3903 Βαλερίαν
3384 3850 3397 3863 ·
3448 3836 3477 3886 ό
3519 3834 3564 3888 δ’
3606 3835 3857 3903 Ἐρκού-

2274 3923 2388 3986 λιος
2434 3923 2778 3992 Μαξιμιανδς
2837 3925 3173 3979 Κώνσταντα
3227 3925 3397 3993 (88).
3452 3925 3510 3989 ὃς
3555 3926 3848 3997 ἐπεκλήθη

2275 4013 2498 4084 Χλωρὰς
2522 4013 2610 4065 διὰ
2639 4014 2735 4084 τὴν
2765 4015 3071 4083 ὠχρότητα,
3101 4015 3456 4083 θυγατριδοῦν
3481 4017 3612 4070 ὄντα
3651 4019 3852 4070 Κλαυ-

2275 4103 2389 4156 δίου
2436 4101 2526 4155 τοῦ
2586 4103 2692 4174 πρὸ
2736 4106 2937 4174 μικροῦ
2998 4105 3440 4172 βασιλεύσαντος,
3475 4107 3551 4168 ὡς
3594 4107 3692 4176 ἠδη
3751 4097 3855 4176 ’μοι

2277 4196 2515 4266 εἴρηται,
2575 4198 2666 4250 καὶ
2728 4197 2891 4258 αὐτὸς
2942 4197 3117 4267 τούτῳ
3172 4197 3269 4266 τὴν
3320 4182 3515 4251 ἑαυτοῦ
3564 4197 3853 4266 θυγατέρα

2276 4286 2556 4356 Θεοδώραν
2603 4289 3012 4359 κατεγγυήσας.
3060 4289 3172 4344 Καὶ
3205 4287 3366 4356 ἄμφω
3399 4286 3454 4338 δὲ
3488 4289 3574 4353 τώ,
3599 4288 3856 4356 Καίσαρε

2276 4378 2451 4431 τούτω
2497 4379 2746 4445 γαμετὰς
2801 4380 3047 4450 εἰχέτην·
3095 4377 3231 4431 ἀλλά
3260 4378 3348 4430 διὰ
3405 4361 3466 4428 τό
3527 4378 3659 4445 πρὸς
3711 4381 3858 4442 τοὺς

2281 4469 2517 4536 βασιλεῖς
2556 4468 2720 4536 κῆδος
2777 4469 2875 4528 τὰς
2935 4470 3037 4536 μὲν
3098 4470 3409 4533 ἀπώσαντο,
3439 4472 3560 4530 ταῖς
3617 4470 3670 4522 δὲ
3729 4471 3853 4523 τῶν

622 4566 738 4610 tum
775 4558 1066 4626 irruerent,
1097 4569 1249 4630 terga
1288 4576 1482 4617 omnes
1510 4563 1797 4627 dederunt,
1848 4582 1990 4634 quos
2043 4567 2172 4619 dum

2282 4558 2547 4627 βασιλέων
2578 4558 2880 4628 θυγατράσι
2909 4557 3265 4627 συνῴκησαν.
3301 4559 3568 4625 ’Δμάνδου
3607 4559 3660 4609 δέ
3687 4575 3857 4622 τινος

623 4645 980 4702 Constantius
1033 4648 1158 4719 fuga
1204 4660 1517 4719 postremus
1563 4653 1940 4719 consequitur,
1989 4670 2179 4723 parum

614 4735 804 4804 abfuit
835 4727 968 4807 quin
1004 4738 1176 4808 portis
1197 4741 1308 4810 jam
1334 4741 1535 4810 clausis
1565 4749 1892 4811 caperetur:
1924 4745 2182 4818 acplane

597 4838 600 4842 ·
627 4824 705 4876 ah
719 4826 967 4883 hostibus
989 4831 1417 4899 comprehensus
1437 4841 1602 4897 esset,
1626 4833 1678 4886 in
1703 4849 1827 4887 eum
1858 4835 2181 4904 capiendum

626 4914 877 4980 intentis,
906 4921 1010 4975 nisi
1050 4921 1278 4978 funibus
1305 4938 1372 4977 ex
1429 4938 1586 4977 muro
1615 4924 1870 4980 demissis
1918 4937 2183 4983 attractus

625 5019 793 5063 esset.
847 5010 922 5064 Ita
972 5025 1347 5079 conservatus,
1382 5023 1545 5083 atque
1588 5015 1642 5067 in
1685 5015 1872 5069 urbem
1909 5028 2180 5087 receptus,

628 5112 925 5156 convocato
961 5105 1143 5157 statim
1184 5108 1454 5169 exercitu,
1508 5109 1757 5161 oratione
1808 5109 2014 5173 habita,
2074 5126 2180 5178 qua

630 5191 863 5245 militum
898 5194 1094 5247 animis
1129 5194 1461 5251 alacritatem
1487 5197 1551 5250 ad
1589 5214 1700 5250 rem
1733 5208 1954 5252 strenue
1983 5215 2181 5268 geren-

629 5282 753 5334 dam
794 5285 994 5349 attulit,
1044 5300 1107 5339 ac
1145 5283 1398 5339 ﬁduciam
1450 5288 1737 5352 quamdam
1794 5289 1947 5355 quasi
2009 5289 2182 5356 inspi-

560 5440 562 5442 τ
632 5375 794 5438 ravit,
830 5380 1010 5430 statim
1047 5379 1203 5432 duxit
1233 5388 1424 5433 contra
1463 5378 1698 5440 hostem,
1756 5388 1920 5446 atque
1980 5379 2184 5432 illustri

633 5467 857 5520 victoria
892 5470 1092 5535 potitus
1123 5482 1226 5535 cst,
1268 5472 1486 5526 circiter
1543 5486 1606 5524 ις
1657 5470 1898 5524 millibus
1928 5469 2185 5524 Aleman-

2279 4646 2703 4718 νεωτερίσαντος
2781 4651 2836 4701 ὲν
2900 4649 3174 4711 Γαλλίαις,
3236 4648 3584 4717 Μαξιμιανδς
3654 4651 3854 4704 ἐκεῖσε

2278 4743 2569 4813 γενόμενος
2593 4742 2686 4794 τδν
2715 4741 3082 4811 νεωτερισμὸν
3122 4741 3455 4795 κατέστειλε.
3483 4742 3742 4810 Κράσσον
3774 4761 3840 4795 τε

2279 4834 2609 4904 Βρεττανίαν
2676 4834 3056 4902 κατεσχηκότα
3111 4833 3202 4886 ἐπὶ
3270 4835 3553 4896 ἐνιαυτοὺς
3609 4837 3770 4901 τρεῖς
3800 4829 3857 4887 ’ὁ

2278 4923 2518 4992 ἔπαρχος
2570 4923 2781 4975 ἀνεῖλεν
2822 4920 3300 4988 Ἀσκληπιόδοτος·
3355 4923 3451 4972 καὶ
3487 4921 3646 4972 πέντε
3673 4921 3857 4990 τινῶν

2279 5011 2585 5066 Γεντιανῶν
2621 5010 2733 5080 (89)
2760 5011 2858 5079 τὴν
2893 5010 3165 5078 Ἀφρικὴν
3203 5011 3606 5078 κατασχόντων,
3642 5010 3668 5058 ὁ
3708 5007 3855 5076 Ἑρ-

2280 5105 2492 5162 κούλιος
2542 5103 2766 5164 τούτους
2807 5103 3242 5170 κατηγωνίσατο.
3285 5102 3348 5153 '0
3391 5101 3449 5152 δέ
3501 5115 3564 5167 γε
3619 5102 3853 5177 καῖσαρ

2279 5196 2541 5258 Κώνστας
2575 5196 2631 5246 ἐν
2665 5196 2782 5255 ταῖς
2810 5194 3062 5254 Γαλλίαις
3089 5193 3222 5261 πρὸς
3263 5190 3632 5260 Ἀλαμαννοὺς
3661 5195 3852 5261 μαχό-

2284 5304 2440 5355 μενος
2496 5286 2594 5356 τῆς
2657 5287 2827 5351 αὐτῆς
2877 5286 3088 5354 ἡμέρας
3137 5283 3339 5352 ἥττητο
3407 5284 3502 5336 καὶ
3560 5283 3850 5350 νενίκηκε.

2284 5381 2556 5449 Πρότερον
2614 5381 2710 5448 μὲν
2763 5378 2873 5447 γὰρ
2931 5377 3038 5427 τῶν
3095 5373 3445 5444 Ἀλαμαννῶν
3539 5378 3606 5444 τῇ
3670 5375 3850 5428 αὑτοῦ

2285 5473 2509 5541 στρατιᾷ
2553 5473 2691 5539 μετὰ
2747 5469 2926 5538 ῥύμης
2980 5465 3411 5533 εφορμησάντων
3468 5464 3726 5533 σφοδρᾶς,
3771 5469 3854 5531 είς

1831 5586 2032 5646 Variis
2064 5586 2372 5648 lectiones
2422 5598 2481 5646 et
2528 5595 2714 5644 notas.

709 5691 816 5753 (88)
855 5689 1230 5743 Κώνστιιντα.
1268 5689 1342 5742 ita
1381 5692 1619 5744 Zonaras
1670 5691 2001 5744 Constantem
2053 5707 2176 5759 per-

638 5775 799 5822 pcnm
834 5772 1005 5818 γης-ιιι,
1033 5775 1192 5829 quem
1227 5759 1316 5811 alii
1361 5760 1738 5813 Constantium
1774 5778 1785 5812 :
1823 5762 2178 5825 quemadmo-

637 5830 763 5881 dum
793 5831 952 5883 etiam
984 5831 1374 5885 Constantinus
1406 5830 1733 5893 Porum-mg.
1792 5831 1885 5883 lib.
1913 5829 1986 5882 Dc
2035 5832 2174 5890 adm,

2286 5694 2565 5759 imp.rcap.
2605 5688 2704 5759 ult.
2729 5692 2793 5759 _(_:t
2819 5682 3015 5758 Menam
3039 5682 3295 5759 ﬂljiaii.“
3367 5749 3402 5759 η
3680 5750 3692 5759 _
3743 5753 3776 5759 η

2361 5749 2470 5823 (89)
2505 5749 2684 5808 Τινῶν
2720 5749 3072 5823 Γειζτιαιτῷν.
3109 5753 3240 5806 Vide
3264 5749 3596 5818 Scaliger-um
3625 5750 3694 5802 τιιὶ
3743 5753 3846 5802 liu-

2288 5820 2523 5889 scbiuin,
2560 5840 2609 5891 ι).
2656 5824 2778 5884 Ξίῗ),
2816 5822 2870 5873 Η
2903 5820 3034 5873 odit.
