4036 6350
175 404 300 467 1093

1372 395 1774 463 Α’ΝΝΑιιυΜ
1822 361 1969 464 Lis.
2003 404 2141 464 χιι.

3237 407 3374 472 1094

173 517 307 584 σχὼν
333 517 690 584 στρατιώτας,
741 516 836 569 καὶ
884 513 1146 584 φοϐηθεὶς
1183 514 1258 583 μὴ
1292 514 1610 583 πρόσθοιντο
1644 514 1720 584 τῷ

1843 514 2084 579 iituerat,
2112 511 2343 584 primum
2384 514 2520 568 clam
2548 481 2651 583 per
2678 515 2929 581 insidias,
2961 517 3158 573 deinde
3187 535 3377 589 aperto

171 602 612 678 ἐχθρῷ,’ἀπέστη
648 611 745 676 τῆς
781 607 987 676 μάχης,
1021 607 1116 658 καὶ
1159 605 1498 674 ἀνεχώρησε.
1541 605 1721 658 Μετα-

174 697 420 766 μεληθεὶς
453 697 499 748 δ’
538 699 634 750 ἐπὶ
676 700 740 767 τῇ
787 696 1094 766 προσλήψει
1126 695 1221 747 τοῦ
1270 691 1724 762 Λικιννίου,ηπρό-

169 803 322 855 τερον
357 788 457 855 μὲν
503 787 776 858 λαθραίως
831 785 980 855 αὑτῷ
1030 784 1426 846 ἐπεϐούλευεν,
1469 779 1586 836 εἶτα
1628 783 1723 834 καὶ

175 877 346 944 μάχην
386 879 506 930 κατ’
553 879 718 930 αὑτοῦ
753 879 832 940 είς
861 875 1169 944 τούμφανὲς
1199 875 1583 944 συνεστήσατο.
1614 873 1723 926 Καὶ

173 969 460 1036 συμϐαλὼν
511 971 662 1038 αύτῷ
710 970 995 1037 τρέπεται,
1038 967 1133 1020 καὶ
1178 966 1489 1036 ἡττώμενος
1530 964 1720 1032 ἔφυγε,

172 1059 260 1108 καὶ
319 1061 376 1110 ἐν
426 1063 491 1129 τῇ
547 1062 694 1128 φυγῇ
743 1059 932 1112 ἑαυτὸν
972 1057 1317 1126 διεχρήσατο.
1373 1055 1436 1109 οι
1484 1055 1582 1125 μὲν
1631 1049 1723 1106 οὖν

169 1131 390 1218 τοιούτῳ
422 1150 569 1201 τέλει
625 1129 930 1202 καταλῦσαι
970 1149 1067 1218 τὴν
1091 1146 1250 1215 ,ζωὴν
1299 1146 1592 1216 ῖστόρησαν
1633 1143 1724 1197 τὸν

175 1238 496 1307 Μάξιμῖνον,
546 1233 622 1290 οί’
648 1239 704 1291 δὲ
758 1243 898 1292 κατά
954 1237 1296 1310 Χριστιανῶν
1336 1237 1500 1290 αὐτὴν
1552 1237 1724 1305 ἐκμα-

174 1331 326 1380 νέντα
369 1330 646 1398 μετελθεῖν
689 1331 792 1402 τὴν
839 1330 992 1384 θείαν
1030 1332 1186 1400 δίκην
1256 1326 1724 1398 παραδεδώκασιν.

172 1418 364 1482 Ἕλκος
392 1421 500 1488 γὰρ
553 1421 832 1490 ἐνσκῆψαν
864 1421 1030 1475 αὑτοῦ
1064 1423 1192 1491 περὶ
1233 1420 1322 1473 τὸν
1347 1419 1590 1488 βουϐῶνα
1633 1417 1728 1470 καὶ

169 1509 263 1578 τὴν
314 1509 450 1563 αίδὼ
501 1511 907 1580 χαλεπώτατον,
956 1514 1024 1565 τὰ
1072 1513 1172 1580 τῆς
1225 1495 1517 1570 ἀιῖολασίας
1560 1506 1726 1560 αὐτοῦ

170 1599 550 1653 ἐπιϐόσκεσθαι
580 1601 814 1672 ὄργανα.
842 1601 939 1656 Ἐκ
963 1603 1020 1655 δέ
1049 1619 1114 1670 γε
1147 1602 1246 1670 τῆς
1277 1600 1494 1669 σήψεως
1521 1599 1728 1651 τούτων

169 1692 258 1743 καὶ
302 1691 594 1760 σκώληκας
652 1693 1115 1763 ἀναϐράσσεσθαι,
1166 1694 1260 1746 καὶ
1304 1688 1529 1745 εἶναιτὸ
1557 1693 1727 1756 πάθος

173 1781 406 1834 ἀνίατον.
447 1783 552 1834 Ίατ
563 1782 670 1852 ρῶν
695 1784 749 1835 δέ
772 1785 895 1845 τοὺς
923 1785 1021 1851 μέν
1045 1783 1270 1835 αὐτόθεν
1286 1782 1728 1851 ἀπαγορεύοντας

1824 614 1994 660 marte
2024 605 2275 677 adortus,
2312 605 2365 658 in
2399 605 2578 675 fugam
2612 607 2866 672 vertitur,
2905 611 2956 662 in
2992 625 3098 679 qua
3134 613 3372 684 seipsum

1822 695 2126 750 interemit.
2162 696 2227 748 Et
2264 695 2369 750 hoc
2399 695 2561 750 modo
2589 696 2936 752 Maximinum
2968 701 3217 768 periisse.
3253 706 3373 772 qui-

1823 785 1948 839 dam
1983 787 2224 841 tradunt.
2251 787 2362 860 [Alii
2398 795 2651 841 auctores
2683 797 2830 852 sunt,
2864 805 2990 844 eum
3021 790 3207 847 furore
3241 810 3380 864 quo-

1823 876 1947 930 dam
1994 887 2179 931 contra
2218 875 2559 931 Christianos
2603 887 2936 944 grassantem
2960 919 2976 944 ,
3017 881 3215 936 divina
3255 887 3375 939 vin-

1822 967 1986 1020 dicta
2012 981 2199 1036 poenas
2230 966 2482 1031 dedisse,
2520 967 2703 1021 ulcere
2741 969 3059 1038 gravissimo
3093 973 3233 1028 circa
3271 973 3374 1029 bu-

1822 1052 2022 1109 bonem
2050 1067 2107 1108 et
2135 1053 2384 1123 pudenda
2409 1063 2552 1116 orto,
2579 1058 2723 1123 quod
2751 1057 3110 1114 instrumenta
3133 1061 3376 1119 libidinis

1823 1145 1942 1214 ejus
1969 1147 2374 1213 consumpserit
2404 1164 2414 1196 :
2451 1161 2570 1198 nam
2599 1161 2665 1198 ex
2694 1161 2755 1200 ea
2786 1149 3182 1216 putrefactione
3211 1155 3375 1209 etiam

1824 1251 2042 1290 vermes
2078 1239 2361 1305 erupisse,
2405 1245 2461 1289 et
2501 1238 2701 1308 malum
2747 1239 2913 1294 fuisse
2958 1241 3374 1301 immedicabile.

1823 1326 2062 1380 Medicus
2109 1339 2311 1390 autem,
2361 1327 2454 1397 qui
2495 1338 2748 1382 conatum
2794 1329 3058 1386 facienda
3098 1337 3380 1391 medicina

1822 1416 2006 1471 statim
2053 1417 2364 1480 vetus-rint,
2419 1418 2718 1471 crudeliter
2760 1433 2880 1472 esse
2919 1421 3236 1489 jugulatos:
3285 1428 3376 1495 qui

1825 1523 1960 1575 vero
2004 1509 2289 1561 curatione
2339 1518 2590 1576 suscepta
2641 1509 2775 1562 nihil
2818 1510 2980 1582 65,6
3027 1514 3378 1582 profccerint,

1828 1597 2218 1652 immanissima
2275 1597 2606 1662 trucidatos,
2659 1600 2806 1668 quod
2862 1616 2927 1655 ea
2972 1612 3228 1670 prastare
3268 1585 3380 1665 non

1829 1701 2089 1758 possent,
2137 1703 2259 1758 qua
2313 1688 2450 1742 artis
2497 1688 2811 1745 facultatem
2855 1704 3196 1761 superarent.
3247 1696 3384 1750 Sero

1831 1779 2050 1834 tandem
2087 1779 2420 1847 suspicatum
2455 1789 2775 1848 tyrannum,
2820 1795 2879 1834 se
2923 1783 3245 1850 injustarum
3278 1802 3382 1840 cae

170 1867 263 1938 τὴν
321 1871 636 1940 ἐγχείρησιν
679 1870 844 1938 ὠμῶς
887 1870 1349 1937 ἀποσφάττεσθαι,
1383 1871 1507 1932 τοὺς
1548 1871 1591 1922 δ’
1614 1874 1733 1924 ἐπι-

1839 1869 1982 1923 dium
2016 1870 2289 1924 cultorum
2321 1867 2524 1923 Christi
2553 1868 2682 1922 dare
2718 1885 2928 1937 pinnas,
2959 1874 3161 1942 ubique
3192 1876 3384 1931 edictis

172 1957 485 2029 χειροῦντας
533 1961 650 2027 μιν,
693 1959 771 2028 μὴ
799 1960 1125 2030 δυναμένους
1149 1959 1194 2011 δ’
1228 1959 1554 2025 ἀκέσασθαι,
1585 1961 1732 2014 κτείς

172 2042 353 2100 νὲσθαι
414 2048 780 2117 ἀπηνέστατα,
832 2050 916 2101 ὃτι
985 2049 1060 2119 μὴ
1114 2049 1425 2120 κατώρθουν
1477 2051 1729 2105 ἀδύνατα.

185 2137 310 2205 Ὀψὲ
342 2138 384 2189 δ’
412 2134 510 2190 οὖν
540 2140 880 2205 ὑπωοπῇσαι
918 2124 1018 2192 ,τὸν
1055 2141 1314 2210 τύραννον
1352 2141 1439 2194 διὰ
1471 2143 1593 2205 τοὺς
1616 2143 1734 2194 ἀδί-

174 2243 297 2288 κους
344 2231 536 2294 φόνους
583 2230 691 2282 τῶν
737 2229 826 2281 τὸν
868 2231 1100 2300 Χριστὸν
1149 2230 1458 2299 σεϐομένων
1496 2231 1734 2284 τιννύναι

172 2314 346 2383 δίκην,
373 2317 470 2367 καὶ
499 2315 750 2378 ἐκθέσθαι
771 2317 1116 2385 θεσπίσματα
1148 2317 1420 2385 πανταχοῦ
1450 2314 1733 2368 κελεύοντα

175 2408 446 2475 παυθῆναι
499 2408 588 2458 τὸν
635 2408 773 2460 κατὰ
825 2409 1164 2476 Χριστιανῶν
1207 2408 1465 2476 διωγμὸν,
1501 2411 1596 2460 καὶ
1637 2408 1735 2476 ζῇν

176 2498 417 2558 ἐκείνους
450 2496 545 2548 καὶ
584 2497 907 2566 θρησκεύειν
942 2498 1026 2565 ώς
1065 2497 1356 2566 βούλοιντο,
1390 2494 1643 2566 εὔχεσθαί
1677 2513 1734 2547 τε

176 2585 312 2654 ὑπὲρ
351 2586 537 2639 αὑτοῦ.
573 2586 864 2640 Κάνταῦθα
898 2587 951 2639 δὲ
1001 2587 1164 2638 διττοὶ
1207 2587 1449 2654 λέγονται
1479 2586 1659 2653 λόγοι·
1710 2587 1737 2637 ὁ

181 2679 276 2748 μὲν
300 2680 411 2749 γὰρ
449 2675 830 2747 ἀπαλλαγῆναι
870 2679 1030 2731 αὐτὸν
1061 2679 1152 2730 τοῦ
1202 2679 1406 2740 πάθους
1455 2679 1604 2747 παρὰ
1630 2681 1736 2731 πᾶ-

182 2786 278 2821 σαν
308 2770 504 2821 ἐλπίδα
534 2771 719 2838 φησιν,
752 2767 852 2819 εἶτ’
888 2767 1044 2830 αὖθις
1077 2770 1356 2838 ἐπεγεῖραι
1387 2769 1476 2819 τὸν
1505 2769 1738 2837 διωγμὸν

184 2860 270 2911 καὶ
309 2857 635 2926 ἀδιόρθωτον
683 2860 884 2926 μεῖναι,
915 2851 1107 2919 ἐωςλοῖ)
1143 2859 1233 2908 τοῦ
1262 2859 1318 2908 ἰν
1358 2859 1500 2926 χειρὶ
1537 2857 1738 2926 Κυρίου

183 2952 444 3020 ποτηρίου
473 2949 566 3001 τὸν
589 2950 816 3017 τρυγίαν
844 2949 1058 3011 ἐξέπιεν
1103 2963 1118 2977 ⁸
1155 2951 1183 3000 δ
1211 2950 1253 2999 δ’
1281 2948 1466 3016 ἕτερος
1498 2949 1740 3018 ἀρνεῖται

179 3043 254 3114 τῷ
273 3023 462 3094 ἀσεϐεῖ
493 3039 584 3108 τὴν
630 3040 955 3106 ἀνάρρωσιν,
998 3039 1069 3099 ὼς
1100 3039 1164 3088 ἐκ
1205 3037 1301 3104 τῆς
1331 3037 1623 3105 είρημένης
1652 3053 1739 3087 τε·

180 3129 499 3198 λευτήσαντι
534 3127 708 3200 νόσου,
749 3125 842 3176 καὶ
882 3123 1222 3190 ἀνενεγκόντι
1249 3124 1313 3175 ἐκ
1342 3123 1433 3173 τοῦ
1475 3121 1745 3187 στόματος-

182 3220 490 3289 σκώληκας.
539 3217 594 3271 ’0
628 3217 728 3286 μὲν
767 3211 857 3268 οὖν
889 3214 1010 3267 καθ’
1051 3214 1146 3265 ἕνα
1188 3213 1402 3282 τρόπων
1444 3211 1551 3264 τῶν
1593 3213 1733 3261 ιστο-

184 3311 456 3378 ρηθέντων
503 3307 690 3376 βιαίως
739 3307 1042 3375 ἀπέρρηξε·
1073 3305 1170 3373 τὴν
1223 3302 1390 3370 ζωήν.
1442 3300 1530 3352 Ἐν
1573 3299 1631 3350 δὲ
1669 3301 1734 3367 τῇ

197 3401 384 3470 Ῥώμῃ
431 3400 540 3468 (95)
589 3400 686 3465 τῆς
730 3399 839 3448 τῶν
886 3399 1092 3448 πιστῶν
1143 3393 1463 3460 Ἐκκλησίας
1503 3394 1735 3461 προέστη

187 3492 320 3559 μετά
369 3486 732 3558 Μαρκελλῖνον
756 3488 810 3536 ἐν
839 3485 980 3536 ἔτεσι
1003 3482 1124 3536 δυσὶ
1168 3483 1266 3554 τὴν
1293 3481 1629 3552 λειτουργίαν
1652 3483 1738 3532 ἑκ-

190 3583 470 3652 πλήσαντα
514 3577 790 3641 Εὐσέϐιος,
824 3577 882 3629 δν
925 3577 1063 3645 μετὰ
1099 3574 1342 3628 ἐνιαυτὸν
1386 3563 1613 3626 θανόντα
1664 3572 1741 3623 δι-

187 3675 403 3740 εδέξατο
453 3669 768 3738 Μιλτιάδης.
825 3669 931 3720 Καὶ
984 3667 1075 3718 ἐπὶ
1103 3667 1362 3732 τέσσαρσι
1395 3654 1738 3730 ’προστάντος

189 3768 456 3827 ἐνιαυτοῖς
509 3765 618 3815 τῶν
676 3765 736 3815 ἐν
796 3760 979 3828 Ῥώμῃ
1031 3759 1236 3810 πιστῶν
1283 3756 1377 3807 τοῦ
1421 3753 1736 3816 Μιλτιάδου,

189 3859 506 3924 Σίλϐεστρος
532 3855 770 3922 διάδοχος
793 3852 1034 3918 γέγονεν.
1071 3849 1158 3901 Ἐν
1199 3846 1494 3914 ’Δντιοχείᾳ
1519 3844 1576 3896 δὲ
1606 3843 1742 3912 μετὰ

189 3950 460 4018 Τύραννον
482 3947 598 4009 ἔτος
623 3946 1065 4013 ἐπισκοπήσαντα
1107 3929 1564 4007 τρισκαιδέκατον,
1605 3950 1739 4003 προ-

191 4036 465 4107 σιειρίσθη
516 4036 783 4097 Βαάλιος,
810 4037 898 4085 καὶ
931 4031 1116 4084 τοῦτον
1152 4029 1308 4080 ἐκτον
1339 4027 1452 4086 lto;
1478 4024 1741 4076 ἀνύσαντι

192 4130 460 4193 διεδέξατο
517 4126 843 4194 Φιλογένης,
912 4121 1153 4187 κάκείνῳ
1202 4118 1359 4184 πέντε
1410 4114 1744 4167 ἀνυσθέντων

195 4219 474 4279 ἐνιαυτῶν,
509 4219 698 4283 γέγονε
738 4213 997 4272 Παυλῖνος
1049 4208 1308 4276 διάδοχος.
1349 4204 1467 4260 Τῶν
1497 4203 1540 4256 δ’
1591 4203 1748 4272 Ἱερο-

196 4313 442 4378 σολύμων
471 4308 605 4376 μετὰ
637 4305 844 4358 Ζάϐδιν
875 4304 966 4354 ἐπὶ
1005 4300 1227 4351 δέκατον
1266 4293 1746 4366 λελειτουργηκότα

197 4405 434 4454 ἐνιαυτὸν
495 4401 719 4467 Ἕρμων
773 4392 1117 4462 ἐκληρώσατο
1171 4389 1260 4442 τὸν
1300 4389 1485 4456 θρόνον
1514 4387 1606 4437 τὸν
1652 4387 1747 4453 ὰρ-

1833 1961 2130 2029 prOpositis
2173 1960 2610 2028 persecutionem
2654 1957 3085 2016 Christianorum
3124 1962 3385 2030 inhiberi,

1832 2051 2162 2118 atqueillos
2204 2050 2411 2112 vivere,
2448 2063 2510 2103 ac
2550 2050 2718 2104 Deum
2749 2066 2848 2104 suo
2878 2053 3144 2106 arbitratu
3179 2055 3380 2120 colere,
3436 2047 3439 2049 ’

1831 2149 1886 2194 et
1915 2155 2018 2208 pro
2045 2139 2218 2209 ipsius
2251 2139 2426 2193 salute
2459 2150 2580 2192 vota
2607 2139 2784 2194 facere
2808 2142 3056 2207 jussisse.
3093 2145 3268 2213 Atque
3295 2147 3386 2201 hic

1833 2229 1998 2283 etiam
2038 2228 2240 2297 duplex
2278 2243 2466 2282 rumor
2502 2238 2656 2283 ortus
2695 2237 2796 2284 est.
2843 2230 2976 2286 Nam
3011 2231 3101 2286 alii
3143 2234 3385 2299 tradunt,

1835 2325 2032 2387 prater
2077 2333 2294 2371 omnem
2336 2332 2486 2386 spem
2519 2331 2586 2372 eo
2629 2318 2819 2372 morbo
2860 2319 3180 2388 liberatum,
3228 2338 3389 2376 reno-

1834 2423 1990 2460 vasse
2020 2410 2455 2476 persecutionem
2499 2423 2603 2461 non
2643 2412 2866 2462 mutatis
2905 2412 3177 2475 moribus,
3213 2412 3413 2486 donec_
3451 2467 3456 2472 ,

1835 2497 2014 2565 poculi
2051 2496 2197 2565 quod
2229 2496 2490 2551 Dominus
2523 2512 2686 2551 manu
2720 2505 2888 2562 tenet,
2919 2499 3090 2554 fecem
3123 2502 3392 2556 exhause-

1837 2591 1945 2642 rit:
1975 2589 2067 2642 alii
2100 2585 2469 2644 valetudinem
2501 2597 2881 2658 recuperatam
2912 2572 3194 2661 negantes,
3236 2609 3301 2648 ex
3323 2610 3391 2647 eo
3463 2617 3465 2621 ι

1837 2681 1979 2736 malo
2017 2680 2241 2749 impium
2280 2665 2580 2735 decessisse
2618 2680 2858 2746 tradunt,
2889 2695 2951 2735 ac
2988 2697 3200 2738 vermes
3223 2685 3387 2738 etiam

1838 2788 1936 2843 per
1975 2787 2038 2826 os
2079 2773 2352 2842 rejecisse.
2404 2771 2523 2825 Uno
2566 2781 2720 2824 certo
2765 2786 2832 2824 ex
2880 2770 2966 2827 his
3008 2774 3183 2828 modis
3224 2777 3390 2828 vitam

1839 2863 2077 2930 abrupit.
2126 2861 2310 2915 Roma
2346 2862 2525 2914 catui‘
2557 2858 2797 2913 ﬁdelium
2825 2870 2950 2930 post
2990 2863 3389 2924 Marcellinum,

1839 2951 2056 3004 duobus
2099 2951 2258 3003 annis
2293 2950 2599 3007 sacerdotio
2632 2951 2902 3015 functum,
2928 2953 3212 3007 Eusebius
3252 2970 3389 3022 pra--

1841 3027 1982 3095 fuit:
2014 3041 2100 3094 cui
2134 3050 2255 3109 post
2288 3056 2487 3094 annum
2523 3049 2775 3106 mortuo,
2807 3043 3072 3096 successit
3098 3042 3388 3104 Miltiades,

1840 3131 1933 3199 qui
1978 3145 2101 3184 cum
2151 3130 2402 3183 fidelibus
2446 3129 2868 3198 quadriennium
2912 3115 3236 3199 prafuisset,
3281 3133 3387 3188 Sil-

1844 3231 2084 3275 vestrum
2122 3235 2489 3275 successorem
2533 3219 2775 3291 reliquit.
2805 3219 3109 3273 Antiochia
3137 3230 3259 3288 post
3290 3222 3394 3290 Ty-

1844 3325 2074 3364 rannum
2103 3326 2196 3364 xm
2219 3311 2378 3364 annis
2405 3311 2723 3380 episcopatu
2749 3307 3017 3370 functum,
3045 3308 3288 3365 delectus
3311 3322 3394 3365 est

1846 3402 2056 3456 Vitatis.
2092 3402 2230 3456 Huic
2261 3411 2382 3471 post
2407 3401 2728 3456 sexennium
2757 3399 3023 3454 successit
3053 3400 3392 3470 Philogenes;

1846 3501 2010 3561 atque
2049 3491 2096 3545 is
2127 3505 2342 3560 quoque
2371 3494 2528 3544 annis
2559 3506 2592 3542 ν
2630 3488 2856 3552 exactis,
2891 3488 3174 3543 Paulinum
3208 3489 3397 3542 habuit

1847 3597 2242 3638 successorem.
2283 3580 2673 3648 Hierosolymis
2710 3589 2834 3648 post
2871 3579 3126 3643 Zabdam,
3165 3579 3257 3645 qui
3291 3579 3394 3630 mi-

1847 3672 2130 3725 nisterium
2160 3671 2225 3725 ad
2255 3671 2526 3746 decimum
2561 3684 2765 3722 annum
2798 3668 2954 3732 obiit,
2995 3667 3230 3722 Hermon
3263 3684 3397 3737 pon-

1849 3757 2066 3814 tiﬁciam
2089 3759 2273 3813 sedem
2294 3767 2376 3811 est
2394 3758 2636 3812 sortitus.
2655 3756 2990 3811 Alexandria
3005 3766 3126 3825 post
3148 3771 3392 3812 sanctum

1848 3857 2138 3918 martyrem
2165 3845 2416 3909 Petrum,
2450 3845 2544 3913 qui
2579 3845 2910 3914 pontificium
2945 3824 3131 3901 sedem
3165 3863 3258 3914 per
3293 3863 3391 3900 an-

1849 3955 1949 4017 nos
1977 3956 2031 3993 xi
2077 3947 2330 4010 ornarat,
2373 3938 2678 3991 Alexander
2724 3936 3092 4005 pontiﬁcatum
3134 3941 3388 3992 obtinuit.

1849 4029 2032 4084 Roma
2059 4027 2317 4081 Silvestro
2343 4043 2438 4094 per
2462 4041 2636 4081 annos
2656 4042 2818 4080 xxvni
2845 4028 3157 4095 episcopatu
3183 4028 3387 4087 functo.

1848 4116 2024 4170 Julius
2053 4116 2307 4169 Ecclesia
2344 4129 2411 4168 xv
2437 4117 2595 4168 annis
2623 4115 2857 4183 prafuit.
2885 4116 3010 4170 Post
3037 4130 3195 4182 quem
3231 4114 3390 4168 Libe-

1852 4207 1967 4258 rius
1988 4213 2197 4258 sextum
2219 4203 2453 4258 absolvit
2475 4217 2709 4266 annum;
2739 4204 2897 4270 eique
2919 4204 3182 4264 successit
3207 4202 3398 4256 Dama-

1851 4311 1971 4361 sus,
2005 4294 2095 4364 qui
2131 4305 2298 4347 xxviii
2335 4307 2507 4345 annos
2544 4291 2729 4344 ﬁdeles
2763 4290 2932 4366 pavit.
2975 4289 3130 4344 Hune
3169 4291 3398 4346 Siricius

1853 4394 2092 4446 secutus,
2125 4383 2282 4436 annis
2313 4398 2398 4435 xvi
2430 4381 2791 4434 ministerium
2818 4381 2977 4435 obiit.
3009 4381 3213 4436 Deinde
3239 4383 3400 4436 Inno-

197 4492 522 4564 χιερατικόν.
562 4460 671 4558 ίῐης
721 4489 762 4540 δ’
830 4460 1238 4558 Ἀλεξανδρείας
1298 4479 1434 4548 μετά
1469 4476 1559 4527 τὸν
1611 4471 1738 4563 ἱεροὲ

1851 4474 2061 4529 centius
2083 4480 2166 4527 est
2188 4473 2415 4535 electus,
2446 4471 2538 4539 qui
2575 4472 2832 4539 populum
2865 4472 3078 4525 Domini
3104 4487 3200 4541 per
3224 4487 3394 4525 annos
3421 4460 3428 4467 ³

203 4561 447 4654 μάρτυρα
483 4582 707 4648 Πέτρον,
749 4578 879 4630 δέκα
919 4576 1094 4626 ἐτεσιν
1137 4569 1221 4636 ἐφ’
1252 4569 1330 4620 ἐνὶ
1373 4567 1461 4619 τὸν
1514 4561 1747 4637 τῆςάρο

200 4674 532 4745 χιερωσύνης
588 4670 776 4739 θρόνον
837 4655 1600 4730 κοσμήσαντα,,Ἀλέξανδρος
1657 4653 1752 4721 τὴν

201 4763 610 4835 ἀρχιερωσύνην
654 4762 906 4828 ἔσχηκεν.
958 4754 1047 4806 Ἑν
1083 4751 1138 4804 δέ
1184 4747 1368 4818 Ῥώμῃ
1411 4748 1544 4816 μετὰ
1570 4745 1753 4835 Σίλϐε-

205 4832 361 4926 στρον
415 4854 501 4906 ἐπ’
538 4853 691 4912 ’,ἔτεσι
728 4842 1214 4914 λελειτουργηκότα
1251 4840 1423 4892 εἴκοσι
1463 4836 1558 4890 καὶ
1611 4832 1754 4886 ὀκτὼ

216 4950 428 5010 Ἰούλιος
469 4946 704 5013 προέστη
734 4939 831 5006 τῆς
880 4934 1201 5001 Ἐκκλησίας
1225 4931 1319 4998 ἐτη
1346 4927 1752 4982 πεντεκαίδεκα.

208 5042 336 5095 Μεθ’
381 5039 440 5090 δν
478 5035 726 5104 Λιϐέριος
773 5032 929 5083 ἕκτον
968 5028 1162 5096 ἡνυσεν
1201 5022 1464 5084 ἐνιαυτὸν,
1507 5021 1754 5072 κάκεῖνον

208 5132 473 5194 διεδέξατο
541 5129 822 5196 Δάμασος,
877 5118 1020 5171 ὀκτὼ
1075 5116 1169 5169 καὶ
1223 5114 1422 5166 εἴκοσιν
1481 5110 1756 5168 ἐνιαυτοὺς

214 5224 476 5289 ποιμάνας
533 5221 655 5280 τοὺς
706 5211 1099 5274 πιστούς·’καὶ
1149 5206 1332 5258 τοῦτον
1381 5206 1585 5274 Σιρίκιο
1621 5243 1635 5265 ,
1665 5203 1756 5268 ἔτη

215 5316 595 5380 λειτουργήσας
640 5305 951 5359 ἑκκαίδεκα.
991 5298 1119 5353 Εἶτα
1159 5297 1566 5368 προκεχείριστο
1605 5295 1757 5344 Ἱννο-

220 5404 417 5464 κέντιος
449 5398 578 5470 (96),
627 5400 685 5448 ἐν
724 5392 1110 5445 πεντεκαίδεκα
1140 5390 1397 5448 ἐνιαυτοῖς
1425 5387 1636 5448 διδάξας
1671 5382 1759 5431 τὸν

1849 4581 1914 4619 xv
1939 4563 2160 4618 erudiit.
2201 4561 2317 4628 Quo
2349 4571 2586 4623 mortuo,
2631 4560 2878 4614 Zosimus
2908 4561 2962 4611 in
2997 4559 3251 4613 Ecilesia
3286 4560 3394 4612 Ru—

1848 4669 2020 4708 iuana
2065 4653 2204 4707 solio
2241 4661 2327 4704 est
2371 4652 2707 4704 collocatus:
2751 4649 2835 4701 cui
2885 4643 3208 4701 duodecimo
3254 4664 3397 4702 anno

1847 4754 2036 4801 exacto
2077 4741 2339 4795 successit
2381 4737 2742 4801 leestinus,
2775 4737 2867 4804 qui
2912 4737 3069 4788 annis
3109 4737 3295 4789 decem
3343 4738 3395 4788 in

1847 4833 2157 4906 pontiﬁcatu
2179 4829 2394 4890 claruit,
2423 4827 2592 4897 llujus
2618 4842 2902 4880 successor
2921 4827 3023 4879 fuit
3052 4825 3274 4896 Xystus,
3303 4827 3396 4893 qui

1850 4937 1942 4977 vm
1984 4936 2156 4974 annos
2187 4920 2423 4974 duravit.
2463 4919 2667 4972 Deinde
2697 4918 2806 4971 Leo
2833 4919 2884 4970 in
2925 4917 3042 4985 ejus
3078 4916 3258 4969 locum
3287 4917 3400 4968 sut-

1854 5006 2029 5070 fectus
2071 5020 2176 5074 est,
2219 5010 2313 5081 qui
2361 5025 2544 5064 veram
2584 5007 2887 5063 doctrinam
2929 5017 3034 5073 “per
3070 5017 3243 5056 annos
3276 5015 3398 5054 xxiv

1854 5102 2115 5156 defendit.
2162 5101 2342 5154 Leone
2375 5100 2666 5159 defuncto,
2707 5097 2911 5150 Hilario
2956 5093 3010 5144 in
3056 5091 3186 5144 sede
3229 5088 3398 5141 collo-

1855 5203 2010 5250 catus
2038 5203 2121 5248 est
2148 5211 2160 5245 :
2192 5198 2282 5261 qui
2317 5210 2368 5246 νι
2399 5193 2555 5244 annis
2579 5189 2830 5256 expletis,
2861 5183 3109 5236 electioni
3134 5179 3398 5248 Simplicii

1857 5287 2033 5339 locum
2065 5285 2212 5347 fecit,
2255 5284 2345 5352 qui
2372 5293 2426 5336 et
2460 5285 2575 5350 ipse
2600 5294 2742 5332 anno
2773 5292 2862 5329 XIX
2891 5272 3181 5328 ministerii
3207 5271 3396 5324 deces

1860 5378 1947 5429 sit.
1982 5375 2140 5446 647
2175 5377 2230 5429 in
2257 5377 2376 5444 ejus
2407 5375 2582 5426 locum
2611 5367 2956 5422 introductus
2984 5374 3066 5419 est
3089 5361 3234 5442 Felix
3263 5379 3272 5410 ί
3307 5358 3399 5426 qui

1387 5502 1578 5561 Varia
1613 5497 1910 5557 lectiones
1952 5505 2004 5552 et
2050 5502 2237 5552 nota.

255 5675 262 5682 ,
297 5620 401 5687 (95)
447 5621 545 5672 ‘Er
578 5618 644 5669 δὲ
673 5613 744 5679 τῇ
786 5613 990 5687 Ῥώμῃ.
1019 5609 1147 5673 Qua
1167 5606 1422 5687 deinceps
1460 5603 1757 5687 adduntur,

223 5674 417 5744 absunt
441 5690 506 5741 ab
538 5704 644 5739 uno
677 5674 1046 5748 e'cmhthcg.
1075 5689 1131 5730 ct
1162 5676 1342 5748 Colb.,
1371 5674 1756 5748 describuntur

223 5743 351 5816 vero
377 5759 433 5828 in
462 5757 635 5810 tribus
665 5755 783 5807 aliis
813 5749 942 5817 ειυς.
976 5743 1271 5814 οῖῳιειιαεο
1293 5743 1510 5812 quidem
1554 5751 1756 5806 suppo-

1861 5597 2049 5656 sititia,
2094 5609 2194 5649 nec
2224 5595 2443 5645 Zonaras
2473 5604 2592 5642 esse
2625 5587 2895 5642 videntur.

1932 5668 2041 5734 (illi)
2081 5664 2486 5724 ’Irroxérttoc.
2519 5659 2647 5727 lteg.
2699 5658 3025 5710 ’lvoxév:to;.
