4036 6350
631 403 772 468 1895

1884 391 2204 452 JOA‘NNIS
2257 387 2572 466 20mm

3691 377 3825 439 1036

573 550 578 554 ~
627 530 776 572 nono
795 527 940 570 anno
963 510 1273 570 defunctus,
1299 505 1515 560 Gelasio
1544 504 1807 557 honorem
1833 502 2057 569 reliquit
2085 515 2181 569 per

2299 498 2372 550 τοῦ
2404 496 2608 565 Κυρίου
2634 494 2780 546 λαόν.
2822 491 2933 544 Καὶ
2962 489 3206 557 Ζώσιμος
3253 486 3329 556 τῷ
3367 487 3542 557 θρόνῳ
3572 488 3666 554 τῆς
3703 489 3832 540 Ῥω.

627 601 1063 675 quinquennium
1096 599 1405 653 fruendum.
1443 597 1570 649 Post
1599 609 1722 647 eum
1755 592 2072 646 Anastasius
2100 600 2184 644 est

628 697 876 750 electus:
912 691 1004 758 qui
1028 704 1167 742 anno
1191 697 1386 755 quarto
1415 687 1620 752 elapso,
1647 683 2031 752 Symmachum
2064 694 2185 733 suc-

630 797 900 839 cessarem
932 781 1142 841 habuit,
1177 777 1269 845 qui
1301 783 1423 828 cum
1455 790 1627 826 annos
1661 789 1733 825 xn
1771 773 1826 824 in
1869 770 2185 838 pontiﬁcatu

631 873 930 939 exegisset,
967 867 1282 921 Hormisdas
1323 874 1406 918 est
1447 866 1675 924 electus,
1715 861 1820 914 Sed
1855 859 1943 912 hic
1969 874 2186 939 quoque

634 961 845 1015 decimo
899 974 1044 1011 anno
1092 956 1378 1008 ministerii
1432 963 1662 1006 mortem
1715 952 1874 1004 obiit.
1932 950 2188 1004 Romana

634 1063 762 1100 vero
785 1047 1036 1099 Ecclesia:
1054 1044 1211 1096 sedes
1233 1043 1495 1096 Joannem
1523 1042 1576 1093 in
1606 1041 1902 1093 triennium
1925 1037 2186 1106 suscepit.

635 1136 763 1189 Post
780 1149 940 1202 quem
965 1133 1108 1186 Felix
1136 1133 1398 1185 Romanis
1423 1131 1673 1183 ﬁdelibus
1696 1130 1931 1197 prtefuit,
1955 1137 2190 1198 quatuor

635 1240 809 1278 annos
849 1239 916 1276 eo
960 1225 1164 1278 honore
1191 1223 1433 1294 gavisus.
1488 1222 1692 1274 Deinde
1738 1221 2048 1274 Bonifacius
2092 1233 2190 1286 per

637 1314 916 1368 biennium
947 1301 1320 1380 episcopatum
1347 1312 1690 1380 gubernavit.
1723 1311 1850 1364 Post
1877 1311 2022 1362 hunc
2047 1309 2188 1375 Aga-

640 1411 797 1469 petus
822 1400 1132 1469 designatus
1153 1408 1256 1461 est,
1288 1401 1379 1467 qui
1408 1414 1532 1451 cum
1557 1399 1753 1451 summi
1776 1399 2008 1467 pastoris
2029 1397 2189 1452 Chri-

557 1517 559 1519 -
639 1491 705 1541 sti
737 1504 950 1556 gregem
975 1489 1278 1540 Romanum
1301 1487 1513 1540 duobus
1537 1487 1694 1540 annis
1716 1497 1771 1541 et
1794 1488 1908 1555 ipse
1933 1488 2188 1555 pavisset,

639 1588 846 1633 natura;
888 1579 1136 1631 debitum
1178 1578 1459 1646 persolvit.
1504 1578 1687 1632 Romae
1730 1588 1908 1631 autem
1952 1578 2192 1645 pontifex

637 1669 848 1721 electus
903 1676 987 1721 est
1034 1668 1348 1722 Silverius:
1403 1684 1620 1736 unoque
1678 1684 1822 1720 anno
1874 1669 2190 1735 pontiﬁcatu

642 1756 881 1816 functus,
923 1757 1086 1809 vitam
1127 1759 1324 1825 exegit.
1371 1757 1542 1824 Hujus
1589 1771 1874 1809 successor
1911 1757 2187 1824 Virgilius,

2287 589 2462 656 μαίων
2500 584 2829 653 Ἐκκλησίας
2875 580 3137 650 ἐνίδρυτο,
3175 579 3424 639 θανόντος
3467 579 3826 630 Ὶννοκεντίου.

2289 681 2386 730 Ὃν
2417 676 2711 728 δωδέκατον
2749 673 2996 741 ἠνυκότα·
3043 670 3285 722 ἐνιαυτὸν
3319 669 3633 728 Κελεστίνος
3671 668 3829 720 διεδέ-

2286 768 2433 832 ξατο,
2463 767 2552 815 ἐπ’
2583 765 2676 833 ἐτη
2724 766 2790 830 τῇ
2839 757 3213 828 ἀρχιερωσύνη
3265 757 3400 809 δέκα
3454 757 3829 824 ἐνδιαπρέψας.

2286 858 2474 924 Τούτῳ
2520 855 2720 914 Ξύστος
2772 853 3015 920 διάδοχος
3071 852 3314 918 γέγονεν,
3359 847 3545 914 ὃγδοον
3598 851 3833 899 ἔνια-στιν

2286 947 2597 1016 διαρκέσας.
2641 939 2773 996 Εἶτα
2805 941 2954 994 Λέων
2992 939 3341 1009 ἁντεισήχθη,
3402 939 3512 989 τῶν
3545 939 3710 1005 ὀρθῶν
3766 939 3835 989 δο-

2289 1039 2512 1106 γμάτων
2531 1035 3038 1102 άντιποιησάμενος,
3067 1034 3153 1084 ἐπ’
3177 1034 3351 1083 ἔτεσιν
3373 1032 3546 1083 εἴκοσι
3577 1029 3703 1096 πρὸς
3733 1031 3835 1088 τοίς

2287 1130 2566 1195 τέσσαρσι.
2609 1126 2716 1178 Καὶ
2749 1123 3059 1185 ἐκλιπόντος
3088 1122 3180 1175 τοῦ
3211 1123 3439 1181 Λέοντος
3489 1119 3726 1187 Ἰλσρίων
3765 1121 3835 1176 εἰς

2288 1218 2379 1268 τὸν
2429 1215 2613 1284 θρόνον
2665 1213 2978 1282 άνθίδρυτο.
3039 1212 3196 1262 ἕκτον
3251 1209 3533 1278 ἐκπλήσας
3583 1208 3836 1258 ἐνιαυτόν.

2290 1304 2431 1355 Ἀνθ⁹
2487 1298 2656 1371 οὗπερ
2725 1300 3049 1368 Σιμπλίκιος
3099 1297 3210 1363 (97)
3271 1296 3694 1363 κεχειροτόνητο,
3751 1295 3838 1344 καὶ

2290 1395 2380 1445 ἐπὶ
2410 1392 2892 1445 ἐννεακαιδέκατον
2930 1390 3047 1449 ἔτος
3093 1387 3152 1440 τὺ
3195 1388 3293 1452 της
3345 1387 3704 1454 ποιμαντικῆς
3752 1381 3839 1434 καὶ

2289 1479 2439 1545 οὗτος
2480 1483 2848 1552 λειτούργημα
2902 1478 3180 1541 διανύσας,
3199 1478 3411 1543 ἐξέλιπε
3437 1494 3452 1508 ο
3500 1478 3595 1527 καὶ
3634 1477 3837 1527 ἀντεισ-

2291 1575 2428 1643 ῆκτο
2461 1574 2647 1643 Φῆλιξ.
2685 1571 2919 1638 Ἐννάτῳ
2949 1570 2995 1622 δ’
3047 1567 3274 1636 ἐνιαυτῷ
3304 1571 3394 1620 καὶ
3425 1564 3577 1629 οὗτος
3617 1566 3839 1619 ἐκλελοι-

2294 1666 2429 1730 πὼς,
2462 1667 2500 1717 Γ
2504 1664 2704 1734 ελασίῳ
2731 1664 2829 1732 τὴν
2861 1661 3028 1730 τιμὴν
3052 1660 3429 1722 καταλέλοιπε,
3463 1662 3624 1710 πέντε
3648 1657 3838 1725 ταύτης

2294 1758 2659 1810 ἁπολαύσαντι
2728 1756 2841 1824 ἔτη.
2897 1753 3030 1805 Μεθ’
3079 1751 3140 1803 ὃν
3188 1752 3539 1809 Ἀναστάοιος
3595 1749 3835 1813 ὲπελέγη.

640 1862 764 1900 cum
797 1863 920 1899 xvm
949 1847 1108 1898 armis
1137 1847 1390 1899 Ecclesia:
1420 1846 1746 1914 praefuisset,
1782 1847 1834 1898 in
1861 1848 1979 1914 ejus
2009 1847 2187 1898 locum

2299 1852 2451 1902 Μετὰ
2493 1850 2747 1916 τέταρτον
2801 1821 2857 1898 δὲ
2917 1845 3008 1896 καὶ
3060 1838 3211 1904 οὗτος
3259 1841 3503 1895 ἐνιαυτὸν
3560 1843 3662 1893 ὑπὸ
3711 1843 3839 1907 Συμ-

640 1938 903 1988 suti'ectus
951 1945 1035 1986 est
1082 1936 1375 2004 Pelagius:
1419 1937 1509 2003 qui
1557 1937 1800 2003 quinque
1845 1937 2001 1988 annis
2043 1937 2194 1988 obito

639 2026 961 2084 ministerio,
1003 2023 1259 2077 decessit.
1302 2024 1542 2078 Romana
1578 2039 1706 2076 vero
1739 2024 1894 2093 sedes
1929 2024 2192 2076 Joannem

642 2117 698 2167 in
728 2131 815 2167 vm
849 2131 1022 2167 annos
1051 2113 1312 2181 suscepit,
1343 2124 1398 2166 et
1438 2123 1560 2180 post
1605 2097 1749 2166 hunc
1785 2112 2103 2180 Gregorium
2140 2112 2192 2165 in

642 2218 812 2258 annos
858 2220 944 2256 xv.
995 2193 1119 2256 Post
1169 2203 1315 2255 hunc
1362 2213 1622 2276 perpetua
1667 2204 1824 2256 sedes
1866 2216 2055 2254 eorum
2103 2203 2194 2269 qui

645 2283 904 2349 Romanae
940 2296 1193 2348 Ecclesia:
1225 2281 1590 2362 praefuerunt,
1629 2310 1734 2346 non
1766 2294 2051 2360 reperitur.
2083 2294 2194 2345 An-

557 2447 569 2458 .
644 2388 859 2440 tiochim
909 2390 1036 2439 vero
1085 2387 1393 2455 C(elesyriae
1437 2386 1753 2442 Eustathius
1801 2386 2057 2447 Paulino,
2102 2383 2195 2450 qui

644 2477 952 2529 ministerio
991 2477 1427 2543 quinquennium
1466 2486 1704 2536 vocarat,
1742 2476 2028 2528 successit.
2059 2474 2194 2527 Cum

645 2566 965 2617 Eustathius
989 2566 1173 2618 fideles
1200 2581 1372 2618 annos
1401 2582 1528 2618 xuii
1558 2566 1816 2634 pavissort,
1845 2565 2196 2633 Euphronius

647 2671 745 2722 per
767 2653 938 2707 annos
959 2671 1054 2707 νιιι
1083 2655 1434 2708 ministravit.
1459 2655 1588 2707 Post
1609 2670 1767 2721 quem
1805 2654 2077 2708 Phlacitus
2122 2672 2194 2708 xu

649 2746 893 2816 explevit
941 2761 1135 2800 annos.
1184 2745 1389 2817 Deinde
1432 2744 1740 2812 Stephanus
1789 2744 1901 2795 Arii
1941 2753 2196 2807 sectator,

643 2838 903 2891 Ecclesia:
936 2853 1030 2905 per
1059 2835 1353 2890 triennium
1400 2850 1456 2888 se
1495 2834 1737 2902 ingessit.
1785 2833 1911 2886 Post
1943 2833 2088 2886 hunc
2119 2835 2200 2886 in-

649 2929 936 2981 troductus
964 2937 1048 2981 est
1093 2927 1372 2986 Leontius,
1415 2928 1506 2993 qui
1543 2942 1632 2978 un
1663 2941 1808 2978 anno
1851 2926 2199 2993 episcopatus

659 3028 887 3070 mortem
918 3020 1070 3070 ohiit.
1101 3019 1226 3071 Post
1255 3019 1398 3070 hunc
1423 3017 1773 3069 Antiochense.
1803 3016 2059 3070 Ecclesize
2092 3017 2200 3069 Eu-

2299 1942 2469 2010 μάχου
2522 1939 2784 2006 διεδέχθη.
2825 1933 2898 1989 υῦ
2946 1935 3266 1987 δυοκαίδεκα
3319 1933 3603 1994 ἐνιαυτοὺς
3629 1916 3634 1920 ’
3661 1933 3747 1983 ἐπὶ
3777 1933 3836 1999 τῇ

2294 2033 2668 2102 ἀρχιερωσύνη
2746 2028 3135 2096 διαγαγόντος,
3204 2009 3495 2095 Ὀρμίσδας
3561 2024 3835 2087 ἐξείλεκτο.

2295 2126 2515 2191 Δεκάτῳ
2541 2123 2596 2174 δὲ
2635 2123 2728 2174 καὶ
2784 2116 2941 2180 οὗτος
2973 2119 3206 2188 ἐνιαυτῷ
3238 2123 3298 2169 το
3329 2117 3697 2186 λειτούργημα
3729 2115 3838 2165 δια·

2298 2214 2483 2273 νύσας,
2543 2211 2803 2263 κατέλυσε
2830 2209 2930 2276 τὴν
2980 2209 3144 2275 ζωὴν,
3187 2207 3280 2259 καὶ¹
3326 2205 3582 2272 Ἰωάννην
3608 2208 3635 2256 ό
3662 2204 3840 2272 θρόνος

2295 2308 2392 2373 τῆς
2436 2303 2721 2371 Ῥωμαίων
2762 2303 3091 2371 Ἐκκλησίας
3137 2300 3405 2364 διεδέξατο
3448 2299 3540 2350 ἐπὶ
3594 2296 3838 2366 τριετίαν.

2296 2395 2426 2448 Μεθ’
2455 2396 2512 2446 ὃν
2545 2393 2708 2462 Φῆλιξ
2745 2395 2848 2444 τῶν
2897 2395 2954 2444 ἐν
3011 2391 3192 2461 Ῥώμη
3236 2391 3470 2460 προέστη
3520 2389 3840 2450 manem-rs-

2294 2488 2550 2554 τραετίαν
2578 2488 2672 2554 τῆς
2707 2485 2873 2553 τιμῆς
2901 2484 3236 2544 ἆπολαύσας.
3270 2480 3398 2534 Εἶτα
3426 2483 3734 2549 Βονιφάτιος
3760 2477 3840 2530 ἐπὶ

2296 2577 2494 2630 διετίαν
2557 2579 2653 2646 τῆς
2721 2576 3051 2643 προστασίας
3121 2575 3335 2645 ἠξίωτο,
3399 2575 3490 2624 καὶ
3546 2575 3634 2624 ἐπὶ
3685 2571 3841 2628 τούτῳ

2312 2667 2613 2733 Ἀγαπητὸς
2650 2665 2759 2733 (98)
2809 2665 3249 2733 προκεχείριστο.
3301 2661 3420 2712 Δύω
3467 2660 3526 2712 δέ
3567 2663 3653 2713 καὶ
3700 2655 3841 2719 οὗτος

2297 2757 2577 2821 ἐνιαυτοὺς
2624 2757 2892 2823 ποιμάνας
2933 2756 2992 2806 τὸ
3024 2761 3080 2806 ἐν
3125 2756 3314 2826 Ῥώμῃ
3347 2753 3439 2806 τοῦ
3471 2753 3840 2822 άρχιποιμὲνος

2299 2844 2533 2908 Χριστοῦ
2572 2843 2838 2910 ποίμνιον,
2882 2843 3106 2895 ἀπέτισε
3130 2872 3133 2873 ν
3153 2842 3211 2895 τὸ
3236 2843 3430 2911 χρεών,
3462 2843 3557 2895 καὶ
3583 2845 3837 2911 ἐχειροτο-

2300 2932 2432 3002 νήθη
2472 2933 2686 2998 Ῥώμης
2713 2934 3002 3000 ἀρχιερεὺς
3045 2931 3348 3000 Σιλὸήριος.
3391 2932 3528 2984 Ἕνα
3549 2932 3602 2982 δὲ
3643 2936 3729 2982 καὶ
3756 2924 3840 2982 οὗ·

2299 3040 2387 3084 τος
2417 3022 2849 3091 ἀρχιερατεύσας
2901 3023 3145 3074 ἐνιαυτὸν
3181 3024 3279 3089 τὴν
3315 3021 3458 3089 ζωὴν
3506 3013 3839 3090 ἐξεμέτρησε.

651 3111 845 3161 «laxius
901 3107 1132 3160 alterum
1183 3122 1383 3159 annum
1433 3107 1669 3174 prtefuit.
1722 3107 1849 3159 Post
1895 3107 2197 3160 Eudoxium

2307 3116 2411 3164 Καὶ
2435 3113 2603 3179 τούτῳ
2649 3111 2888 3180 διάδοχος
2932 3112 3166 3178 Βιγίλιος
3218 3114 3460 3178 γέγονεν.
3512 3109 3843 3163 Ὀκτωκαιδέ-

657 3201 890 3252 Arianus
926 3207 1176 3267 quartum
1204 3213 1406 3251 annum
1435 3198 1536 3249 fuit
1560 3197 1864 3266 episcopus.
1891 3197 2014 3250 Post
2055 3195 2200 3250 hunc
2240 3225 2250 3237 ι

653 3290 901 3344 Meletius
931 3305 1106 3345 annos
1143 3306 1264 3342 xxv.
1300 3290 1428 3344 Post
1453 3292 1600 3344 hunc
1629 3290 1915 3342 Flavianus
1941 3290 2202 3343 Christia-

654 3382 741 3434 nis
763 3395 935 3433 annos
963 3395 1084 3433 xxvi
1117 3381 1351 3448 praefuit.
1380 3380 1586 3434 Deinde
1611 3380 1925 3432 Theodotus
1954 3382 2203 3433 ministe-

658 3472 798 3523 rium
833 3471 1096 3537 suscepit,
1135 3471 1189 3521 in
1228 3484 1402 3536 eoque
1433 3485 1607 3522 annos
1643 3485 1696 3522 iv
1725 3473 1925 3537 exegit.
1957 3470 2014 3522 ln
2043 3471 2204 3538 hujus

660 3577 834 3614 iocum
857 3561 1095 3614 Joannes
1121 3560 1484 3623 introductus,
1511 3574 1607 3627 per
1627 3575 1798 3611 annos
1823 3574 1946 3612 xvm
1969 3560 2202 3616 duravit.

661 3649 764 3703 Pro
784 3649 989 3702 Joanne
1018 3649 1257 3702 Domnus
1283 3648 1510 3708 electus,
1538 3661 1708 3700 annos
1728 3663 1817 3700 vm
1841 3657 2024 3714 postea
2050 3648 2204 3703 vixit.

662 3740 792 3790 Post
821 3756 981 3807 quem
1010 3742 1063 3792 in
1097 3737 1450 3793 Antiochente
1479 3731 1729 3791 Ecclesia:
1755 3740 2006 3790 thronum
2037 3738 2204 3791 Maxi-

663 3848 783 3884 mus
805 3829 1167 3893 introductus,
1189 3831 1241 3882 in
1270 3845 1336 3882 eo
1360 3844 1586 3882 munere
1609 3830 2029 3895 quadriennium
2051 3830 2204 3880 vixit:

663 3934 978 3974 successore
1014 3919 1290 3986 Martyrio,
1330 3919 1420 3986 qui
1459 3933 1508 3968 ix
1545 3918 1781 3986 explevit
1807 3919 1862 3969 in
1893 3902 2207 3985 magistratu

665 4021 867 4060 annos.
899 4006 1100 4058 Deinde
1118 4004 1373 4058 Julianus
1397 4007 1448 4057 in
1473 4021 1534 4058 ea
1567 4006 1842 4073 pontiﬁcia
1867 4005 2013 4068 sede,
2039 4019 2210 4058 annos

667 4113 718 4147 vn
751 4095 1015 4155 consedit,
1055 4103 1106 4144 et
1135 4093 1354 4145 Petrum
1393 4108 1767 4146 successorem
1799 4093 2009 4144 habuit.
2047 4092 2212 4162 648

666 4183 766 4236 Cui
797 4182 1030 4234 triennio
1053 4189 1177 4249 post
1205 4179 1516 4248 Stephanus
1548 4181 1832 4243 successit,
1866 4179 2087 4233 totidem
2113 4197 2212 4233 an-

654 4271 771 4337 jnos
807 4269 1126 4337 pontiﬁcatu
1156 4269 1398 4321 functus.
1431 4266 1484 4319 In
1515 4265 1778 4343 Stephani
1811 4265 1989 4318 locum
2021 4264 2212 4318 Calan—

2304 3221 2465 3256 κατον
2501 3204 2558 3256 δὲ
2605 3203 2796 3256 τούτου
2845 3203 2962 3265 ἔτος
3000 3204 3310 3271 διηνυκότος
3357 3207 3414 3255 ἐν
3451 3207 3516 3274 τῇ
3564 3206 3720 3272 ἀρχῇ,
3761 3205 3843 3255 άν-

2303 3291 2504 3362 θῃρέθη
2526 3292 2807 3358 Πελάγιος.
2845 3293 2961 3354 Ὃς,
2998 3292 3243 3360 πέμπτον
3273 3293 3513 3344 ἐνιαυτὸν
3540 3298 3600 3361 τῇ
3623 3294 3842 3361 λειτουρ-

2303 3381 2397 3449 γίᾳ
2424 3377 2751 3448 ἐσχολακὼς,
2784 3381 3014 3450 ἀπῆλθε,
3040 3385 3134 3434 καὶ
3174 3383 3422 3451 Ἰωάννην
3447 3385 3478 3452 ἡ
3504 3383 3841 3453 ἀρχιερατική

2305 3470 2539 3538 καθέδρα
2576 3471 2685 3523 τῶν
2720 3469 3004 3539 Ῥωμαίων
3056 3472 3270 3535 ἐδέξατο
3317 3475 3407 3525 ἐπὶ
3440 3478 3647 3544 χρόνοις
3690 3474 3840 3532 ὀκτὼ.

2305 3557 2401 3609 καὶ
2434 3558 2570 3625 μετὰ
2612 3558 2798 3610 τοῦτον
2831 3560 3124 3628 Γρηγόριον
3162 3560 3254 3611 ἐπὶ
3287 3566 3692 3616 πεντεκαίδεκα.
3720 3561 3840 3615 Μεθ’

2304 3647 2362 3698 δν
2387 3648 2566 3700 οὐκέτι
2600 3648 2740 3700 κατὰ
2773 3633 3052 3717 συνέχειαν
3082 3652 3130 3702 οἱ
3157 3653 3254 3720 τῆς
3303 3652 3590 3719 Ῥωμαίων
3635 3654 3842 3718 Ἐκκλη-

2308 3738 2428 3799 σίας
2476 3738 2803 3805 προστάντες
2862 3738 3142 3808 εὕρηνται.
3195 3741 3281 3792 Ἐν
3337 3741 3633 3810 Ἀντιοχείᾳ
3673 3742 3725 3793 δὲ
3783 3741 3838 3807 τῇ

2309 3830 2449 3881 κατὰ
2500 3830 2700 3897 Κοίλην
2755 3830 2953 3898 Συρίαν
3000 3831 3090 3882 τὸν
3137 3831 3397 3883 Παυὶῖνον
3442 3833 3534 3900 ἐτη
3584 3834 3734 3884 πέντε
3782 3834 3837 3896 τῇ

2307 3917 2619 3986 λειτουργίᾳ
2664 3917 2998 3985 σχολάσαντα
3050 3920 3345 3981 Εὐστάθιος
3403 3922 3705 3986 διεδέξατο,
3761 3924 3841 3972 καὶ

2307 4007 2400 4057 τοῦ
2448 4006 2741 4059 Εὑσταθίου
2788 4007 2874 4060 ἐπ’
2918 4008 3010 4077 ἐτη
3058 4011 3420 4077 ποιμάναντος
3461 4014 3588 4072 τοὺς
3640 4013 3839 4073 πιστοὺς

2309 4097 2700 4160 ὀκτωκαίδεκα,
2730 4098 3021 4168 Εὐφρόνιος
3059 4099 3467 4171 ἐλειτούργησεν
3506 4103 3620 4164 ἔτος
3654 4105 3837 4170 ὃγδοον.

2310 4183 2442 4261 Μεθ’
2469 4186 2526 4236 ὃν
2557 4184 2818 4246 Φλάκιτος
2842 4186 3140 4239 δωδέκατον
3177 4188 3372 4257 ῆνυσεν
3411 4189 3558 4252 ἐιτος⁹
3591 4188 3707 4243 εἶτα
3733 4191 3839 4241 Στέ-

2312 4290 2474 4340 φανος
2526 4277 2846 4345 αἱρεσιὼτης
2897 4277 3104 4342 Ἀρείου
3163 4280 3574 4349 παρεισεφθάρη
3631 4284 3692 4349 τῇ
3748 4280 3842 4329 Ἐκ·

671 4359 761 4413 dio
802 4358 1062 4411 suffectus
1089 4365 1196 4420 est,
1225 4366 1279 4409 et
1317 4358 1445 4409 huic
1475 4364 1598 4424 post
1623 4355 2043 4423 quadriennium
2076 4355 2198 4407 alius

2313 4364 2509 4433 κλησίᾳ
2546 4365 2638 4414 ἐπὶ
2683 4366 2861 4434 τρίτον
2891 4369 3154 4432 ἐνιαυτὸν,
3207 4369 3302 4421 καὶ
3352 4372 3487 4436 μετὰ
3530 4369 3715 4424 τοῦτον
3743 4372 3834 4421 eic-

676 4449 863 4503 Petrus
901 4446 1183 4507 successit,
1224 4445 1318 4512 qui
1352 4441 1642 4496 Ecclesiam
1677 4460 1771 4511 per
1794 4443 2087 4497 triennium
2111 4460 2198 4511 gu-

2313 4429 2450 4523 ἧκτο
2483 4429 2757 4517 ’Λεόντιος.
2799 4457 3019 4522 Ὄγδοον
3070 4429 3149 4508 δὲ-
3180 4459 3275 4510 καὶ
3315 4429 3467 4521 aii-ro;
3498 4461 3616 4522 ἔτος
3647 4464 3840 4513 ἐπισκο-

672 4537 935 4592 bernavit.
960 4535 1130 4604 Hujus
1164 4548 1447 4587 successor
1466 4531 1677 4585 exstitit
1703 4531 1991 4590 Palladius,
2026 4531 2212 4584 decem

2313 4550 2510 4613 πησας,
2557 4547 2816 4598 κατέλυσε
2849 4547 2948 4614 τὴν
2988 4546 3154 4615 ζωὴν,
3184 4549 3276 4600 καὶ
3300 4552 3388 4601 ἐπὶ
3419 4551 3593 4618 τούτῳ
3623 4552 3834 4619 προέστη

673 4626 828 4680 annis
882 4625 937 4677 in
994 4625 1309 4692 magistratu
1368 4622 1596 4674 exactis.
1660 4619 1866 4671 Deinde
1930 4618 2198 4670 Flavianu:

2311 4637 2408 4703 τῆς
2449 4638 2759 4704 Ἀντιοχέων
2809 4637 3129 4706 Ἐκκλησίας
3171 4627 3414 4704 Εὑδόξιος
3443 4641 3558 4703 ἐτος
3592 4618 3835 4707 δεύτερον.

675 4724 888 4768 creatus
926 4713 1236 4781 episcopus,
1280 4725 1374 4764 xm
1416 4709 1594 4760 annis.
1641 4708 1770 4761 Post
1820 4721 1944 4760 eum
1985 4706 2198 4760 Severo:

2314 4727 2406 4776 καὶ
2439 4727 2528 4776 ἐπὶ
2585 4725 2662 4793 τῷ
2713 4726 2949 4792 Εὐδοξίῳ
3003 4728 3282 4796 Ἀρριανὸς
3330 4732 3702 4800 ἐπεσκόπησεν
3741 4706 3836 4786 Ero;

675 4820 748 4869 vn
801 4795 958 4856 annis
995 4793 1303 4869 'gubernata
1356 4798 1636 4866 Ecclesia,
1664 4797 1969 4864 Euphrasio
2008 4811 2215 4850 sacram

678 4894 859 4948 sedem
891 4892 1113 4958 reliquit
1146 4908 1159 4941 :
1187 4890 1275 4942 cui
1313 4900 1435 4956 post
1469 4904 1670 4941 annum
1699 4888 1949 4955 quintum
1986 4887 2214 4955 Ephrai-

682 4998 800 5034 mus
829 4978 1108 5042 successit,
1137 4988 1193 5031 et
1221 4979 1277 5029 in
1303 4977 1605 5030 ministerio
1631 4991 1803 5029 annos
1831 4991 1959 5028 xvnl
1993 4977 2144 5029 vixit.

2313 4815 2588 4885 τέταρτον.
2627 4818 2738 4868 Καὶ
2771 4818 2910 4885 μετά
2938 4817 3122 4870 τοῦτον
3154 4821 3431 4884 Μελέτιος,
3469 4824 3739 4883 ἐνιαυτοὺς
3773 4819 3837 4870 εί-

2315 4922 2465 4957 κοσιν
2513 4906 2603 4956 ἐπὶ
2647 4904 2828 4958 πέντε.
2875 4905 3008 4958 Μεθ’
3045 4906 3102 4957 ὃν
3148 4909 3439 4971 exuam;
3489 4913 3720 4978 προέστη
3751 4907 3835 4958 τῶν

2315 4996 2717 5064 Χρτστωνύμων
2759 4997 2844 5047 ἐπ’
2876 4999 3050 5049 ἐτεσιν
3094 4999 3264 5050 εἴκοσι
3297 5001 3430 5066 πρὸς
3459 5004 3570 5061 τοῖς
3616 5003 3693 5064 ἐξ.
3730 4998 3835 5052 Εἶτα

681 5096 922 5155 θεόδοτος
963 5095 1060 5161 τὴν
1107 5091 1448 5160 λειτουργίαν
1471 5091 1758 5154 διεδέξατο,
1794 5090 1886 5140 καὶ
1944 5087 2254 5156 τετραετίαν
2292 5087 2477 5155 ἧνυσε.
2525 5085 2633 5137 Καὶ
2701 5087 2820 5137 ἀντὶ
2897 5086 3085 5137 τούτου
3152 5089 3410 5158 Ἰωάννης
3467 5093 3717 5161 εἰσήχθης
3765 5090 3836 5142 καὶ

681 5184 960 5249 διήρκεσεν
991 5182 1074 5230 ἐπ’
1105 5180 1217 5240 ἔτος
1240 5178 1719 5229 ὀκτωκαιδέκατον.
1771 5179 1911 5238 Ἀντὶ
1978 5178 2034 5229 δὲ
2099 5175 2356 5228 Ἰωάννου
2421 5177 2623 5243 Δόμνος
2694 5173 3121 5241 κεχειροτόνητο,
3166 5174 3428 5245 ἐπιζήσις
3469 5185 3532 5250 τῇ
3567 5181 3835 5251 χειροτονίᾳ

661 5274 864 5344 ¹θγδοον
907 5272 1054 5331 ἔτος·
1109 5273 1200 5322 καὶ
1248 5269 1537 5340 άνθιδρύθη
1564 5269 1641 5337 τῷ
1681 5269 1852 5337 θρόνῳ
1915 5271 2010 5337 τῆς
2092 5270 2401 5338 Ἀντιοχέων
2477 5267 2790 5334 Ἐκκλησίας
2835 5265 3103 5333 Μάξιμος,
3140 5268 3223 5318 ἐπ’
3284 5273 3558 5334 ἐνιαυτοὺς
3581 5280 3836 5341 ἐπιρεενας

668 5349 752 5435 ’τῇ
798 5363 1093 5431 προστασίᾳ
1149 5364 1432 5431 τέσσαρας.
1478 5363 1570 5424 Ὃς
1651 5361 1754 5412 ὑπὸ
1796 5361 2104 5430 Μαρτυρίου
2158 5361 2423 5428 διεδέχθη,
2477 5359 2686 5411 ἔννατον
2741 5360 2835 5410 καὶ
2919 5357 3104 5408 τούτου
3167 5361 3230 5428 τῇ
3313 5365 3452 5432 ἀρχῇ
3518 5366 3833 5420 διανύσαντος

688 5460 822 5519 ἔτος.
895 5453 1176 5515 Ἰουλιανὸς
1233 5453 1275 5504 δ’
1325 5455 1512 5508 ἒπειτα
1566 5456 1644 5516 είς
1693 5454 1789 5521 τὴν
1839 5443 2223 5521 ἀρχιερατικὴν
2261 5453 2462 5520 ταύτην
2524 5451 2787 5519 καθέδραν
2835 5451 3092 5505 ἐκάθισεν
3117 5435 3207 5507 ἐπὶ
3270 5458 3424 5511 ἕκτον
3464 5458 3718 5521 ἐνιαυτὸν,
3762 5456 3833 5508 καὶ

1848 5606 2042 5668 Variis
2073 5603 2370 5665 lectiones
2399 5610 2459 5665 et
2491 5605 2675 5668 ncitaa.

761 5728 870 5797 (97)
896 5730 1255 5798 Σιμπλίκιος.
1282 5728 1414 5798 Reg.
1438 5727 1782 5798 Συμτιλίκιος.

2403 5726 2507 5795 (98)
2553 5728 2886 5796 Ἀγαπητός.
2915 5728 3041 5799 Reg.
3087 5716 3474 5801 Ἀγαπητικός.
3509 5732 3690 5787 Melius
3707 5730 3805 5787 alii.
