4036 6350
673 422 813 486 1099

1924 402 2244 488 JOANNIS
2279 423 2593 485 20mm:

3760 421 3886 489 11οὒ

667 537 753 589 hic
785 534 928 589 illius
949 533 1052 586 fuit
1084 544 1280 590 exitus.
1309 534 1476 606 Cujus
1499 535 1785 608 tyrannide
1813 534 2043 588 Romani
2071 533 2212 587 lihe-

2339 533 2412 583 :al
2440 530 2627 592 αὐτοῖς
2657 532 3045 600 τυπουμένοις,
3086 535 3179 587 καὶ
3215 533 3528 603 φράζουσιν,
3569 537 3670 590 'Er
3709 539 3891 601 τούτῳ

667 627 806 692 rati,
841 627 1014 696 portis
1040 628 1245 696 apertis
1273 627 1693 683 Constantinum
1731 625 2014 696 splendide
2054 639 2234 686 στου-ι,

667 725 884 786 perunt,
920 726 980 774 ut
1007 717 1360 772 liberatorem
1391 712 1546 773 urbis
1569 716 1705 772 laetis
1734 712 2219 770 acclamationibus

665 807 1037 863 celebrantes:
1071 808 1291 863 decreta
1331 808 1385 862 in
1423 807 1541 866 foro
1568 816 1764 870 statua,
1807 820 1970 876 quam
2012 803 2101 858 ille
2145 803 2217 857 ita

665 899 781 953 ﬁeri
804 899 987 968 jussit,
1011 907 1069 952 ut
1090 899 1319 954 formam
1342 899 1522 954 erucis
1542 913 1705 952 manu
1731 906 1946 952 teneret
1972 913 1984 948 :
2007 895 2218 950 edicto-

665 1003 772 1058 que
801 989 974 1044 vetuit
1010 1006 1115 1055 ne,
1145 990 1213 1049 ob
1246 991 1585 1059 religionem,
1619 989 1656 1042 ii
1682 988 1775 1057 qui
1815 986 2091 1042 Christum
2118 1001 2220 1054 pro

667 1081 778 1135 Deo
797 1082 1065 1146 colerent,
1092 1082 1482 1150 plecterentur.
1515 1081 1603 1135 Sic
1631 1080 1802 1142 Italia,
1836 1088 1891 1131 et
1913 1079 2025 1147 ipsa
2051 1077 2219 1130 Roma

665 1173 784 1241 ejus
814 1171 1042 1240 imperio
1069 1172 1345 1242 adjuncta,
1380 1187 1504 1225 cum
1537 1171 1769 1232 Licinio,
1799 1168 1886 1223 cui
1922 1183 2078 1223 soror
2103 1169 2222 1236 ejus

670 1273 836 1332 nupta
864 1274 1002 1328 erat,
1045 1265 1332 1334 imperium
1378 1267 1570 1320 tenuit.
1608 1266 1655 1318 ls
1692 1279 1815 1318 cum
1859 1262 2133 1316 Maximini
2167 1269 2223 1315 et

673 1352 839 1405 ﬁlium
870 1361 924 1405 et
971 1351 1134 1405 filiam
1167 1353 1489 1415 occidisset,
1529 1354 1638 1422 jam
1684 1363 1914 1429 uterque
1943 1351 2098 1403 alteri
2129 1365 2223 1402 su-

671 1453 908 1513 spectus,
943 1443 1157 1497 sublato
1183 1443 1372 1504 altero,
1394 1458 1450 1496 se
1476 1444 1646 1495 solum
1671 1443 1898 1509 imperio
1925 1441 2222 1510 potiturum

616 1574 617 1577 η
671 1536 930 1603 putabat,
973 1536 1191 1587 nemine
1225 1535 1330 1587 alio
1362 1535 1412 1587 id
1443 1535 1545 1586 sibi
1575 1533 1946 1586 vendicaturo.
1979 1532 2054 1585 Ac
2085 1546 2224 1584 non-

675 1625 808 1679 nulli
847 1627 925 1679 sic
953 1627 1183 1694 potitum
1208 1640 1325 1678 esse
1357 1624 1625 1679 Licinium
1664 1633 1816 1691 parte
1839 1621 2040 1676 Galerii
2075 1636 2227 1675 asse-

678 1723 828 1782 runt,
855 1715 1065 1770 socium
1106 1715 1174 1769 ab
1210 1715 1301 1767 illo
1331 1715 1585 1775 ascitum,
1621 1721 1680 1766 ut
1706 1713 1909 1766 dictum
1948 1721 2049 1764 est.
2084 1711 2228 1764 Non-

677 1806 837 1870 nulli,
870 1805 923 1859 in
962 1805 1304 1860 Constantini
1335 1803 1584 1872 gratiam,
1625 1817 1747 1856 cum
1780 1816 2023 1855 sororem
2053 1801 2102 1853 ei
2134 1799 2229 1852 de-

677 1897 1003 1966 spondisset,
1040 1912 1069 1950 a
1099 1896 1368 1949 militibus
1407 1894 1671 1949 Cmsarem
1708 1893 1999 1968 salutatum
2022 1932 2035 1954 ,
2068 1900 2122 1944 et
2160 1890 2228 1942 ab

678 1986 796 2055 ipso
839 1989 1026 2060 contra
1081 1985 1427 2040 Maximinum
1473 1985 1720 2049 missum,
1768 1999 1940 2053 eoque
1990 1984 2133 2036 victo
2176 1992 2231 2036 et

677 2079 1216 2148 proﬂigatoyregno
1255 2077 1400 2130 illius
1427 2076 1688 2130 donatum
1733 2089 1883 2137 esse,
1929 2089 1992 2128 ea
2038 2074 2230 2127 condi-

678 2169 847 2231 tione,
876 2176 936 2222 ut
963 2183 1029 2222 ne
1052 2166 1391 2222 Christianos
1417 2166 1642 2220 violaret
1668 2183 1681 2217 :
1714 2180 1818 2234 qua
1849 2163 1938 2217 ille
1961 2165 2229 2232 neglecta,

682 2274 788 2312 non
831 2259 1031 2319 minus,
1067 2273 1129 2312 ac
1159 2258 1340 2325 potius
1359 2257 1554 2328 magis,
1588 2271 1748 2325 quam
1783 2255 2102 2310 decessores
2125 2254 2231 2321 sui,

682 2350 739 2404 in
779 2349 1122 2404 Christianos
1153 2348 1472 2413 insanierit,
1513 2347 1665 2401 nullo
1693 2355 1950 2400 extrema:
1995 2344 2233 2398 crudeli-

679 2439 808 2494 tatis
831 2455 1028 2508 genere
1064 2437 1454 2508 praetermisso.
1491 2435 1542 2506 3
1574 2435 1652 2490 Ad
1682 2435 1814 2489 alias
1835 2435 1998 2504 igitur
2021 2433 2235 2488 dissen-

683 2529 853 2582 sionis
870 2543 1058 2582 eorum
1083 2543 1276 2582 causas
1312 2528 1473 2582 etiam
1504 2527 1644 2582 hanc
1663 2526 1980 2580 accessisse.
2003 2523 2234 2579 Proinde

681 2620 1092 2683 Constantinus,
1132 2619 1296 2672 ducto
1329 2627 1517 2672 contra
1565 2617 1836 2672 Licinium
1882 2617 2152 2680 exercitu,
2180 2625 2236 2670 et

683 2727 826 2781 saape
853 2711 1142 2764 commissa
1173 2727 1372 2780 pugna,
1397 2709 1633 2778 denique
1662 2708 1854 2762 vincit.
1882 2707 1986 2762 Sed
2016 2715 2237 2776 propter

682 2817 927 2857 sororem
969 2801 1378 2865 reconciliatus,
1426 2799 1715 2869 imperium
1757 2799 1808 2852 ei
1844 2799 2010 2852 certis
2047 2797 2238 2852 condi—

688 2892 924 2947 tionibus
954 2891 1210 2944 restituit.
1240 2890 1308 2944 At
1342 2889 1431 2943 ille
1451 2929 1465 2954 ,
1499 2905 1645 2954 cum,
1677 2897 1736 2942 ut
1767 2889 1929 2943 homo
1969 2886 2237 2957 perﬁdus,

691 2984 861 3052 pactis
891 2999 997 3036 non
1025 2982 1296 3044 stetisset,
1337 2998 1364 3036 a
1394 2981 1752 3046 Constantino
1791 2979 1972 3034 denuo
2012 2994 2238 3048 superae

691 3086 798 3138 tus,
845 3074 1101 3145 Byzantio
1141 3083 1196 3128 et
1240 3071 1564 3142 Chrysopoli
1610 3071 1816 3139 captis,
1868 3069 2237 3124 Nicomediam

2317 624 2475 675 νίκα.
2517 622 2612 676 Ἐκ
2644 623 2845 692 χρυσοῦ
2909 624 3089 678 τοίνυν
3141 623 3339 677 αὐτίκα
3377 628 3667 694 σχεδιάσας
3729 643 3887 678 σταυ-

2321 711 2414 781 ρὸν
2453 709 2577 780 (t5),
2607 712 2748 763 κατὰ
2769 712 2858 764 τὸν
2890 713 3126 779 φανέντα
3160 713 3329 765 τύπον
3357 715 3528 783 αὐτῷ,
3567 718 3667 767 καὶ
3698 715 3888 766 τοῦτον

2318 802 2582 864 κελεύσας
2635 802 2734 870 τῆς
2799 805 3058 871 στρατιᾶς
3109 803 3272 855 αὐταῦ
3317 805 3763 875 προπορεύεσθαι
3791 808 3892 865 τοῖς

2317 895 2410 948 τοῦ
2446 895 2746 958 Μαξεντίου
2797 897 3282 965 συρῤήγνυταικαὶ
3309 897 3619 966 ὑπερτερεῖ,
3654 898 3736 960 ὠς
3769 901 3890 958 τοὺς

2321 986 2606 1048 πλείστους
2658 985 2769 1037 τῶν
2820 985 2913 1037 ὑπ’
2941 985 3152 1038 ἐκείνου
3182 987 3630 1055 στρατευομένων
3662 990 3892 1057 ἀναιρε-

2321 1075 2650 1145 θῆναι,τοὺς
2678 1076 2735 1128 δὲ
2767 1077 2987 1139 λοιποὺς
3036 1078 3116 1139 είς
3138 1079 3315 1147 φυγὴν
3363 1079 3597 1132 ἀπιδεῖν.
3654 1075 3754 1142 Οἷς
3803 1091 3894 1139 καὶ

2320 1169 2480 1232 αὐτὸς
2524 1170 2553 1220 ὁ
2607 1169 2910 1234 Μαξέντιος
2968 1169 3513 1236 συναποδιδράσκων,
3572 1171 3675 1222 καὶ
3724 1173 3786 1221 ἐν
3833 1174 3893 1237 τῇ

2323 1256 2538 1325 γεφύρᾳ
2594 1259 2890 1326 γενόμενος
2946 1258 3043 1311 τοῦ
3133 1259 3410 1329 Τιϐερίδος
3451 1264 3514 1328 τῇ
3575 1260 3893 1328 καλουμένῃ

2323 1349 2524 1420 Μιλὸίᾳ
2547 1348 2645 1423 (4),
2672 1353 2767 1403 σὺν
2819 1349 2896 1419 τῷ
2927 1351 3077 1420 ἵππῳ
3107 1354 3247 1404 κατὰ
3287 1351 3380 1403 τοῦ
3413 1351 3661 1419 ποταμοῦ
3712 1352 3896 1414 ἐξωλε-

2327 1441 2490 1512 σθησε
2532 1443 2622 1493 καὶ
2649 1441 2916 1495 ἀπώλετο.
2953 1443 3061 1493 Καὶ
3094 1444 3121 1493 ὁ
3140 1443 3238 1511 μὲν
3259 1442 3401 1494 οὕτω
3421 1443 3739 1510 διέτθαρτο.
3764 1445 3826 1493 ΟΞ
3844 1443 3896 1494 δέ

2326 1549 2386 1600 γε
2402 1532 2664 1600 Ῥωμαῖοι
2688 1531 2785 1600 τῆς
2802 1533 3009 1585 ἐκείνου
3026 1533 3337 1601 τυραννίδος
3356 1533 3892 1599 annexa-.3351;

2327 1611 2502 1686 πῢλας
2530 1621 2626 1690 τῆς
2681 1622 2899 1692 Ῥώμης
2953 1623 3389 1684 ἀναπετάσαντες
3439 1625 3782 1686 εἰσεδέξαντο
3813 1627 3897 1676 τὸν

2326 1713 2731 1766 Κωνσταντῖνον
2748 1713 3014 1782 λαμπρῶς
3039 1714 3130 1766 καὶ
3145 1714 3215 1774 ὡς
3233 1716 3595 1785 ὲλευθερωτὴν
3615 1715 3783 1768 αὐτὸν
3800 1719 3896 1784 τῆς

2331 1804 2536 1868 πόλεως
2599 1806 2880 1876 εὐφήμουν
2938 1807 3027 1858 καὶ
3083 1808 3458 1877 ἁησὲμνυνον
3491 1812 3635 1872 ,καὶ
3694 1812 3896 1880 στήλην

2331 1897 2482 1966 αὑτῴ
2534 1900 2591 1950 ἐν
2648 1903 2714 1970 τῇ
2764 1899 2863 1966 τῆς
2921 1897 3138 1970 Ῥώμης
3200 1902 3374 1971 ἀγορᾷ
3429 1902 3620 1969 στῆσαι
3703 1905 3893 1965 κοινῶς

2334 1989 2692 2058 ἐψηφίσαντο.
2735 1993 2793 2044 ’0
2828 1992 2905 2054 δὲ,
2940 1993 3000 2045 τὸ
3027 1995 3120 2047 τοῦ
3157 1995 3392 2064 σταυροῦ
3458 1999 3682 2064 σημεῖον
3743 1998 3896 2063 ἐγκε-

2332 2081 2685 2153 χειρισμένην
2773 2083 2869 2151 τὴν
2952 2085 3156 2154 στήλην
3233 2085 3399 2138 αὑτοῦ
3483 2088 3892 2156 πλασθήσεσυαι

2331 2169 2643 2234 διετάξατο⁹
2699 2172 2796 2224 καὶ
2854 2173 3029 2240 δόγμα
3077 2175 3134 2226 δὲ
3185 2175 3260 2245 μὴ
3316 2176 3644 2240 κολάζεσθαι
3677 2178 3768 2230 διὰ
3801 2180 3890 2244 τὴν

2335 2257 2627 2327 θρησκείαν
2673 2262 2795 2322 τοὺς
2840 2262 2933 2313 τὸν
2979 2263 3210 2330 Χριστὸν
3274 2266 3595 2334 σεῦομέν;υ;
3653 2270 3728 2331 ώς
3770 2269 3894 2321 Θεὸν

2335 2349 2746 2418 ἐκπεφώνηκεν.
2817 2349 2973 2404 Οὕτω
3007 2353 3063 2405 δὲ
3105 2357 3199 2407 καὶ
3247 2356 3343 2424 τῆς
3405 2357 3630 2418 Ἰταλίας
3664 2351 3761 2410 »ξιξ
3801 2361 3892 2428 τῆς

2347 2438 2566 2509 Ῥώμης
2629 2439 2801 2510 αὐτῆς
2851 2438 3245 2514 προστεθείσης
3306 2450 3373 2517 τῇ
3405 2446 3654 2518 βασιλείᾳ
3709 2451 3889 2517 αὑτοῦ,

2341 2532 2506 2594 αὐτός
2530 2549 2590 2584 τε
2621 2532 2715 2584 καὶ
2738 2534 2978 2597 Λικίνιος
3009 2538 3037 2587 ὁ
3072 2537 3159 2587 ἐπ’
3183 2537 3387 2607 ἀδελφῇ
3430 2540 3676 2608 γαμ6ρ’.ς
3734 2540 3894 2592 αξιτοῦ

2344 2625 2779 2695 κατελείφθησαν
2805 2626 3068 2695 βασιλεῖς.
3103 2630 3162 2681 Ὀ
3193 2631 3301 2698 γὰρ
3326 2632 3566 2695 Λικίνιος
3591 2635 3680 2686 τόν
3721 2652 3780 2686 τε
3810 2635 3894 2687 τοῦ

2339 2714 2645 2785 Μαξιμίνου
2711 2719 2824 2771 υίδν
2866 2721 2960 2772 καὶ
3002 2722 3104 2789 τὴν
3164 2721 3436 2793 θυγατέρα
3461 2726 3780 2792 ἀπέκτεινε,
3810 2729 3895 2780 καὶ

2338 2806 2523 2859 λοιπὸν
2588 2808 2848 2878 ἑκάτερος
2887 2811 3092 2865 τούτων
3142 2813 3230 2865 τὸν
3283 2814 3467 2884 ἕτερον
3519 2817 3891 2872 ὑπεϐλὲπετοο

2339 2895 2473 2966 ᾤετο
2503 2896 2609 2969 γὰρ
2671 2899 2923 2966 ἕκαστος,
2961 2903 3053 2955 τοῦ
3110 2904 3227 2968 ἑνδς
3278 2906 3683 2972 ἐπιλείποντος,
3739 2909 3893 2969 αὑτδς

2343 2989 2504 3056 μόνος
2569 2989 2787 3043 ἔσεσθαι
2821 2991 3111 3062 μόναρχος,
3148 2993 3222 3063 μὴ
3245 2994 3393 3058 ὄντος
3432 2996 3528 3048 τοῦ
3551 2996 3896 3066 ἀμφισϐητή-

2343 3093 2524 3143 σοντος
2559 3082 2688 3150 περὶ
2708 3085 2804 3151 τῆς
2834 3086 3034 3153 ἀρχῆς.
3070 3085 3131 3136 Ol
3168 3086 3268 3154 μὲν
3315 3083 3406 3139 οὖν
3447 3088 3590 3140 οὕτω
3633 3091 3724 3141 τὸν
3750 3089 3896 3142 Λικί-

688 3165 845 3235 fugit.
889 3165 1024 3218 Tum
1063 3179 1223 3219 soror
1265 3162 1687 3217 Constantinum
1736 3171 1890 3231 rogat
1937 3168 1995 3213 ut
2042 3161 2235 3215 marito

2341 3171 2450 3224 νιόν
2483 3189 2645 3240 φασιν
2673 3173 2916 3242 ἐγκρατῆ
2941 3174 3192 3241 γενέσθαι
3213 3177 3628 3247 τῆςΓαλλερίου
3662 3180 3893 3248 μερίδος,

689 3256 882 3309 reddat
940 3255 1260 3323 imperium;
1317 3269 1424 3323 quo
1481 3269 1588 3307 non
1638 3252 1962 3322 impetrato,
2009 3251 2237 3305 salutem

690 3347 838 3400 illius
858 3361 887 3399 a
917 3345 1082 3400 fratre
1106 3353 1316 3399 exorat.
1342 3345 1527 3412 Itaque
1552 3342 1793 3397 Licinius
1813 3343 2024 3411 plebeio
2049 3343 2238 3397 habitu

691 3439 1072 3505 imperatorem
1095 3433 1227 3495 adit,
1261 3447 1323 3486 ac
1342 3432 1739 3486 Thessalonicae
1775 3432 2040 3499 privatam
2074 3433 2238 3485 vitam

693 3544 850 3598 agere
876 3527 1119 3597 jubetur.
1161 3525 1216 3578 Id
1247 3523 1448 3578 factum
1482 3526 1812 3577 accusabant
1840 3523 2060 3588 milites,
2094 3524 2238 3594 quod

695 3617 900 3670 homini
933 3617 1158 3686 pertido,
1187 3617 1276 3685 qui
1304 3615 1507 3670 hedera
1538 3613 1733 3683 saepius
1761 3615 2018 3684 rupisset,
2051 3631 2242 3685 parce-

693 3717 864 3761 retur.
909 3709 1088 3772 Quare
1135 3709 1429 3777 imperator
1455 3720 1597 3762 ‘cam
1637 3723 1750 3762 rem
1793 3725 1890 3779 per
1929 3708 2139 3763 litteras
2173 3709 2239 3764 ad

693 3808 915 3850 senatus
942 3798 1207 3866 judicium
1241 3797 1424 3850 refert.
1457 3799 1499 3851 A
1535 3814 1642 3866 quo
1670 3799 1762 3852 alii
1792 3815 1916 3853 eum
1952 3800 2250 3864 militibus;

694 3888 936 3955 ipsorum
980 3889 1244 3942 arbitratu
1285 3889 1656 3952 tractandum,
1701 3905 1824 3943 esse
1857 3889 2136 3955 deditum,
2179 3905 2242 3944 ac

697 3981 1112 4046 Thessalonicae,
1155 3989 1248 4034 aut
1295 3995 1462 4050 prape
1510 3980 1721 4045 Serras,
1761 3981 1946 4035 nescio
1971 3997 2078 4051 quo
2103 3997 2241 4035 eun-

701 4082 829 4136 tem,
862 4072 1234 4126 intcrl‘ectum:
1263 4074 1374 4137 alii,
1413 4089 1512 4127 nec
1542 4073 1670 4128 dum
1700 4074 1772 4128 ibi
1803 4074 2059 4142 degeret,
2091 4076 2246 4145 quie-

702 4170 859 4225 visse,
903 4162 995 4216 sed
1039 4163 1373 4232 tyrannidem
1415 4165 1698 4218 affectasse
1736 4165 1979 4225 tradunt,
2013 4180 2118 4233 quo
2147 4182 2242 4220 co-

700 4257 848 4324 gnito
891 4241 1184 4322 imperator
1223 4269 1345 4307 eum
1393 4254 1567 4307 occidi
1598 4254 1836 4324 jusserit.
1869 4254 2072 4308 Ferunt
2100 4255 2244 4310 Con-

702 4347 997 4400 stantinum
1029 4347 1080 4399 in
1111 4347 1309 4414 praeliis
1338 4361 1458 4399 cum
1494 4347 1586 4398 illo
1610 4355 1664 4400 et
1690 4345 1958 4400 Maxentio
1985 4350 2245 4402 commis-

703 4441 808 4502 sis,
848 4440 1046 4491 vidisse
1081 4450 1345 4490 armatum
1377 4441 1648 4506 equitem,
1690 4442 1903 4509 signum
1946 4442 2124 4495 crucis
2152 4458 2248 4507 pro

2344 3267 2599 3320 κοινωνὸν
2655 3265 2784 3336 παρ’
2814 3267 3020 3320 ἐκείνου
3068 3268 3501 3337 προσληφθέντα,
3531 3270 3606 3333 ώς
3633 3271 3850 3340 εἴρηται
3878 3289 3891 3303 ο

2342 3359 2391 3410 οἱ
2415 3356 2471 3409 δὲ
2505 3357 2602 3427 τῆς
2651 3356 2744 3410 τοῦ
2806 3357 3212 3410 Κωνσταντίνου
3271 3359 3505 3428 ἀδελφῆς
3545 3362 3672 3430 παρ’
3733 3359 3893 3415 αὐτοῦ

2347 3446 2669 3517 συξυγείσης
2730 3447 2898 3518 αὐτῷ,
2971 3449 3184 3516 λέγουσι
3244 3451 3369 3511 τοὺς
3437 3452 3774 3520 στρατιώτας
3825 3451 3894 3519 τί)

2348 3541 2740 3610 Κωνσταντίνῳ
2809 3541 3222 3611 χαριζομένους,
3282 3542 3535 3612 Καίσαρα
3571 3543 3729 3596 αὑτὸν
3759 3546 3898 3596 ἀνειο

2346 3636 2487 3699 πεῖν,
2519 3633 2610 3686 καὶ
2643 3633 2769 3704 παρ’
2792 3635 2997 3687 ἐκείνου
3041 3633 3294 3702 σταλῆναι
3325 3634 3485 3687 αὐτὸν
3505 3633 3582 3703 τῷ
3613 3635 3894 3702 Mue-.11.!qu

2345 3723 2912 3792 ἁντιπαραταξὸμενον
2960 3727 3260 3790 νενικηκότι
3290 3724 3334 3777 δ’
3380 3726 3584 3777 ἐκεῖνον
3617 3727 3709 3778 καὶ
3735 3743 3894 3778 κατα-

2345 3816 2778 3883 τροπωσαμένῳ,
2802 3815 3115 3884 ¹ἐκχωρῆσαι
3144 3820 3242 3884 τῆς
3269 3816 3544 3884 βασιλείας
3573 3818 3800 3880 ἐκείνου,
3825 3815 3895 3885 μὴ

2349 3899 2580 3967 ἐνοχλεῖν
2621 3901 2966 3970 Χριστιανοῖς
3030 3903 3428 3971 ἐπισκήψαντα,
3488 3905 3563 3974 μὴ
3594 3907 3776 3972 μέντοι
3804 3908 3894 3965 τας

2349 3989 2564 4052 ἐντολὰς
2589 3990 2822 4059 τηρῆσαι
2845 3991 3022 4055 αὑτὸν,
3045 3991 3174 4044 ἀλλὰ
3201 3993 3454 4063 λυττῆσαι
3484 3996 3620 4048 κατὰ
3642 3997 3892 4064 Χριστα-

2350 4079 2474 4146 νῶν,
2507 4081 2657 4134 οὐδὲν
2691 4076 2851 4152 ἦττον
2876 4082 2979 4133 τῶν
3017 4083 3118 4151 πρδ
3149 4082 3330 4143 αὑτοῦ.
3370 4085 3417 4135 εἰ
3450 4087 3526 4153 μὴ
3555 4085 3649 4136 καὶ
3681 4085 3890 4153 μᾶἓλον.

2353 4173 2536 4223 ιὶᾶσαν
2561 4172 2666 4240 γὰρ
2690 4171 2991 4241 ὑπερϐολὴ)
3021 4173 3350 4243 ὑπερελάσαι
3407 4173 3703 4244 dlubrum:
3769 4177 3892 4245 πρὸς

2354 4265 2537 4327 ἄλλαις
2567 4265 2609 4316 δ’
2659 4266 2858 4328 αἰτίαις
2887 4267 2994 4319 τῶν
3022 4267 3155 4335 πρὸς
3189 4267 3448 4336 ἀλλήλους
3483 4267 3775 4336 διαφορῶν,
3807 4268 3893 4318 καὶ

2353 4351 2554 4421 ταύτην
2604 4353 2874 4419 γενέσθαι.
2925 4354 3164 4421 Κινήσας
3203 4354 3294 4406 οὖν
3325 4359 3461 4408 κατὰ
3503 4357 3741 4410 Λικινίου
3804 4361 3891 4422 τὴν

2357 4443 2615 4510 στρατιὰν
2643 4446 2669 4495 ὁ
2702 4445 3147 4505 Κωνσταντϊνος,·
3178 4445 3273 4496 καὶ
3303 4446 3559 4508 πολλάκις
3592 4446 3738 4514 αὐτῷ
3769 4462 3890 4512 συμ-

708 4532 900 4584 vexillo
939 4541 1063 4585 ante
1101 4533 1270 4584 aciem
1319 4545 1471 4585 suam
1513 4531 1892 4599 prmlerentem
1923 4551 1935 4584 :
1971 4549 2032 4585 ac
2063 4549 2235 4587 rursus

2357 4533 2553 4598 ϐαλὼν,
2594 4535 2739 4596 τέλος
2809 4528 2955 4603 νικᾷ.
2990 4531 3118 4587 Εἶτα
3167 4535 3448 4590 σπένδεται
3481 4541 3655 4605 τούτῳ
3691 4537 3781 4589 διὰ
3806 4536 3889 4604 τὴν

707 4623 1072 4691 .\drianopo|i,
1095 4622 1230 4675 duos
1246 4623 1294 4675 ei
1317 4623 1461 4676 visos
1477 4622 1875 4686 adolescentes,
1899 4625 1990 4692 qui
2017 4625 2249 4678 hostium

706 4714 995 4783 phalanges
1036 4716 1321 4768 caaderent.
1369 4714 1500 4769 Item
1544 4715 2043 4784 circa'Byzantium
2087 4729 2250 4771 noctu

708 4807 958 4858 omnibus
993 4806 1417 4870 dormientibus,
1459 4815 1815 4875 conspectum
1855 4809 1923 4861 ab
1954 4823 2019 4861 eo
2051 4809 2248 4877 ignem,

708 4897 822 4968 qui,
855 4898 1080 4967 fulguris
1110 4898 1299 4963 instar,
1322 4898 1522 4952 vallum
1554 4901 1826 4953 exercitus
1857 4900 1937 4952 sui
1963 4901 2250 4953 collustra-

2352 4625 2605 4694 ἀδελφὴν,
2667 4627 2754 4677 καὶ
2821 4626 2917 4694 τὴν
2961 4626 3129 4696 ἀρχὴν
3174 4628 3334 4680 αὑτὸν
3363 4631 3460 4682 οὐκ
3493 4629 3757 4697 ἀφείλετο,
3786 4624 3885 4680 ἁλλ⁴

2351 4718 2440 4766 ἐπὶ
2469 4717 2757 4785 συνθήκαις
2817 4715 2972 4778 αὖθις
3009 4718 3211 4786 ταύτης
3238 4719 3383 4787 αὑτῷ
3415 4720 3800 4790 παρεχώρησεν
3824 4736 3835 4748 ·
3864 4719 3887 4768 ὁ

2349 4808 2403 4859 δὲ
2462 4804 2800 4867 ᾶπιστοςὼν,
2832 4809 2929 4857 οὐκ
2970 4806 3200 4872 ἐτήρησε
3232 4809 3325 4870 τὰς
3362 4810 3682 4878 συμϐάσεις.
3739 4809 3884 4861 Ὀθεν

2352 4903 2443 4951 καὶ
2508 4902 2714 4952 πάλινό
2745 4903 3141 4968 Κωνστσντϊνος
3200 4905 3346 4974 αὐτῷ
3405 4906 3751 4974 ἐπολέμησε·
3802 4900 3883 4954 καὶ

1879 5053 2090 5112 -\'arize
2122 5054 2425 5115 lectiones
2453 5063 2509 5112 et
2545 5061 2726 5114 notae.

710 5232 760 5277 m
785 5223 936 5271 scutis
966 5232 1189 5273 notasse.
1219 5220 1305 5274 Sic
1329 5220 1472 5272 enim
1514 5220 1775 5289 legendus
1835 5223 1921 5276 hic
1948 5223 2117 5287 locus,
2150 5221 2242 5276 ubi

714 5305 993 5363 perperam
1028 5291 1226 5363 Christo
1254 5289 1429 5363 _cditio
1460 5293 1695 5363 prsnliert.
1721 5293 1894 5361 Atque
1949 5296 2144 5347 exinde
2195 5293 2241 5344 is

716 5358 828 5416 inos
855 5358 1111 5420 obtinuit,
1155 5371 1211 5411 ut
1254 5360 1305 5410 in
1335 5360 1503 5413 scutis
1524 5361 1756 5430 militum
1794 5358 2254 5430 praetorianoium

708 5433 904 5486 Christi
947 5444 1367 5504 monogramma,
1401 5430 1485 5504 _uti
1519 5429 1605 5504 hic
1628 5429 1978 5504 describitur,
2023 5433 2244 5504 eilinge-

714 5512 858 5570 ictur
881 5515 892 5547 :
915 5499 1054 5570 qunti
1080 5514 1142 5570 cx
1165 5499 1371 5570 inusivu
1393 5498 1680 5570 Justiniairi
1715 5498 2074 5570 Ravenuensi,
2103 5498 2246 5570 quod

714 5574 762 5622 in
799 5567 1032 5620 Familiis
1072 5567 1370 5634 Byzantini:
1401 5567 1611 5631 davnus,
1657 5569 1908 5637 colligere
1941 5580 2024 5623 cst
2078 5567 2250 5639 potis-

711 5655 921 5688 διιιιιιιιι.

772 5708 842 5777 (5)
886 5706 1209 5769 Σχεδιιίσας
1261 5708 1545 5772 σταυρόν.
1579 5706 1939 5775 Theophanes
1966 5724 2020 5777 ι).
2054 5713 2138 5764 ll.

781 5776 852 5839 (ὦ)
887 5777 1116 5828 ,υιλίτίια
1153 5777 1400 5839 Bome-zu,
1435 5777 1505 5828 ita
1537 5786 1770 5842 quatuor
1805 5794 1933 5835 mss.
1971 5776 2162 5849 Regii,
2197 5790 2251 5834 ct

2354 5221 2638 5297 Woltiapi;
2669 5222 2899 5297 .lliluiuni
2933 5226 3230 5297 scriptores
3283 5243 3444 5297 vulgo
3496 5237 3724 5288 vocant;
3753 5225 3878 5276 Mul-

2359 5293 2514 5360 pium,
2542 5293 2854 5347 Lactantius
2883 5294 2934 5345 in
2970 5295 3107 5346 libro
3128 5293 3202 5347 De
3223 5293 3426 5348 monili.
3453 5307 3698 5360 persecat.
3726 5313 3776 5348 n.
3799 5297 3874 5348 45.

2343 5359 2649 5433 Clircniicon
2705 5363 3130 5433 Alexandrinum
3186 5359 3484 5417 Μουλυσίου
3527 5367 3768 5433 γέφυραν
3799 5366 3879 5416 ha-

2351 5430 2459 5482 bet.
2482 5430 2847 5485 Damascenus
2869 5432 3103 5492 Studita,
3133 5434 3318 5486 homil.
3346 5436 3440 5486 ὅδε
3465 5430 3690 5499 πλησίον
3711 5438 3784 5493 εἰς
3805 5436 3877 5483 ἆ)-

2352 5499 2438 5572 λον
2471 5501 2702 5567 γεφύριν
2725 5502 2858 5572 ,ὅπου
2887 5501 2946 5551 τὸ
2977 5501 3582 5572 ώνόμαζανίψουὶιϐίαν.
3637 5503 3881 5572 Georgius

2351 5566 2690 5622 Halnartolus
2721 5571 2771 5621 in
2805 5571 3006 5622 Chron.
3042 5566 3140 5624 nis.
3180 5574 3229 5624 in
3263 5571 3616 5625 Constantino
3661 5571 3728 5622 Μ.
3761 5566 3876 5623 ’ὖδὲ

2351 5638 2611 5706 δυσσεϐὴς
2647 5640 2904 5704 τύραννος
2933 5642 3206 5707 θαρσήσας
3229 5643 3334 5701 τοῖς
3367 5657 3458 5693 σου
3508 5644 3744 5706 δαίμοσι,
3798 5643 3876 5691 χαί

2353 5708 2674 5826 γεφυόλώσας
2697 5710 2784 5758 τὸν
2816 5713 3189 5778 παραίὶρένντα
3222 5713 3461 5778 ποταμὸν
3488 5728 3552 5762 7:0
3587 5712 3696 5772 λαί,
3718 5711 3874 5772 ναυσὶ,

2354 5774 2479 5826 ἐξῆ).
2520 5793 2576 5826 εν
2604 5779 2679 5826 είς
2713 5779 3012 5826 παράταξιν
3038 5778 3129 5826 τοῦ
3156 5779 3427 5826 πολέμους

2354 5774 2576 5841 ἐξῆλθεν
2604 5779 2679 5837 είς
2713 5774 3013 5847 παράταξιν
3038 5778 3129 5830 τοῦ
3156 5774 3427 5845 πολέμου.
