4036 6350
217 478 360 544 1109

1436 460 1843 531 ANNALIUM
1883 461 2033 524 LIB.
2071 463 2242 524 XIII.

3282 454 3418 520 ιιιο

212 593 464 664 ὶτηρεῐτο
504 589 622 658 εθη,
681 588 778 642 καὶ
824 587 858 657 ἠ
898 587 1250 649 κατάστασις,
1307 581 1402 638 καὶ
1453 575 1776 650 ήγερουσία

1894 571 1965 626 Sic
1998 572 2128 627 urbs
2165 587 2194 626 λ
2226 569 2315 641 pio
2361 560 2454 624 illo
2492 569 2817 638 imperatore
2850 567 2904 621 in
2947 568 3144 622 veteris
3187 568 3426 638 Byzantii

212 684 514 751 τετίμητο,
577 679 674 733 καὶ
730 680 778 730 οἱ
839 677 1042 745 ταύτης
1108 674 1304 746 ἧνθουν
1380 670 1631 730 πολῖται,
1683 667 1779 718 καὶ

214 774 443 842 ἔννομος
474 769 541 843 ἦν
577 770 886 833 ἐπιστασία,
909 767 970 822 τδ
1009 767 1204 838 κράτος
1235 765 1298 834 δὴ
1348 763 1409 816 τὸ
1460 760 1728 831 βασίλειον
1760 773 1775 788 ·

217 862 339 916 ἀλλ’
386 863 484 914 οὐκ
544 862 806 930 ἄντικρυς
863 860 1136 930 τυραννὶς,
1198 857 1306 908 ἴδια
1359 853 1429 907 τὰ
1487 850 1641 905 κοινὰ
1672 848 1777 902 τῶν

218 952 574 1022 κρατούντων
612 950 999 1019 λογιζομένων,
1048 948 1142 1000 καὶ
1190 948 1270 1008 εἰς
1310 944 1512 1005 οἰκείας
1544 937 1781 995 ἀπολαύ-

218 1059 338 1106 σεις
369 1045 669 1113 χρωμένων
709 1044 890 1102 αὐτοῖς
915 1057 930 1072 ·
960 1039 1052 1090 καὶ
1084 1031 1286 1089 τούτων
1318 1036 1464 1097 ἐνίοις
1507 1034 1606 1085 οὐκ
1648 1032 1779 1084 εὐα-

217 1137 364 1200 γεῖς,
399 1136 490 1185 ml,
521 1134 896 1204 δωρουμένων
957 1125 1039 1192 οἷς
1102 1128 1381 1196 βούλονται
1425 1126 1494 1179 τὰ
1521 1123 1778 1193 δημόσια,

218 1226 318 1276 καὶ
338 1225 398 1275 οὐ
432 1226 701 1294 ποιμένων
730 1224 930 1294 τρόπον
969 1225 1080 1284 τοῖς
1117 1218 1378 1285 ὑπηκόοις
1399 1213 1780 1286 προσφερομέ-

217 1332 352 1376 νων,
398 1315 688 1384 κειρόντων
735 1314 793 1365 τὸ
843 1311 1091 1379 περιττὸν
1148 1311 1246 1379 τῆς
1294 1307 1501 1377 τριχὸς,
1553 1305 1646 1358 καὶ
1685 1319 1782 1354 πε-

222 1411 534 1478 φεισμένως
562 1409 980 1478 ἐμφορουμένων
1011 1406 1104 1459 τοῦ
1143 1406 1432 1472 γάλακτος,
1466 1391 1599 1455 ἀλλὰ
1628 1400 1780 1464 δίκην

222 1499 441 1568 λῃστῶν
486 1499 622 1551 αὐτὰ
680 1497 1055 1549 καταθυόντων
1109 1496 1177 1549 τὰ
1226 1493 1489 1565 πρόϐατα,
1542 1492 1633 1542 καὶ
1674 1487 1784 1541 τῶν

221 1590 445 1657 σαρκῶν
469 1588 912 1656 ἐμφορουμένων,
968 1586 1000 1656 ἦ
1061 1586 1156 1640 καὶ
1205 1585 1401 1646 αὐτοὺς
1436 1579 1781 1650 ὲκμυζόντων

219 1681 349 1740 τοὺς
384 1678 632 1746 μυελούς.
687 1679 752 1730 Ἢ
806 1680 903 1747 μὲν
962 1674 1053 1730 οὖν
1111 1677 1262 1739 πόλις
1315 1673 1456 1727 οὕτω
1510 1669 1660 1740 παρὰ
1687 1668 1779 1721 τοῦ

1880 665 1995 719 solo
2033 663 2250 719 condita
2297 672 2400 716 est.
2455 660 2770 731 Byzantium
2825 668 3004 712 autem
3065 659 3216 726 prius
3265 660 3426 714 etiam

1881 757 2012 811 urbs
2061 756 2164 810 luit
2195 753 2339 807 haud
2387 753 2638 813 obscura,
2691 765 2866 818 neque
2919 749 3189 817 ignobilis,
3237 750 3328 803 sed
3376 760 3431 803 et

1881 847 2189 916 frequentia
2212 847 2411 901 civium
2452 843 2676 904 ﬂorens,
2709 849 2764 896 et
2787 842 3000 908 opibus,
3036 849 3091 895 ct
3117 841 3248 894 viris
3281 841 3428 893 forti-

1880 938 2005 1002 bus,
2035 948 2091 993 et
2120 937 2390 992 moenibus
2430 934 2772 1005 permunitis,
2807 931 2948 985 adeo
2969 939 3028 984 ut
3054 931 3152 983 sub
3206 931 3428 994 Severo,

1881 1031 1973 1101 qui
2018 1038 2199 1084 vetere
2233 1029 2404 1083 Roma
2455 1025 2772 1096 imperabat,
2811 1041 2905 1092 per
2940 1023 3234 1076 triennium
3263 1038 3291 1073 a
3327 1022 3430 1074 Ro-

1882 1122 2056 1176 manis
2084 1120 2452 1181 obsideretur,
2482 1134 2546 1172 ac
2571 1118 2739 1171 multa
2775 1116 3067 1169 tolerarent
3098 1114 3261 1175 cives,
3293 1125 3444 1166 sncut.

1879 1227 2042 1280 supra
2073 1211 2126 1264 in
2163 1209 2366 1264 Severo
2403 1209 2762 1262 narravimus.
2796 1207 2932 1260 Dion
2969 1206 3094 1258 item
3130 1204 3195 1258 de
3228 1204 3429 1272 Byzan-

1882 1305 2078 1359 tiorum
2129 1301 2392 1369 potentia,
2427 1309 2482 1354 et
2515 1313 2794 1352 murorum
2834 1295 3108 1357 ﬁrmitate,
3141 1295 3192 1348 in
3235 1294 3433 1348 Severo

1881 1393 1946 1445 ad
1980 1393 2124 1446 hunc
2171 1390 2362 1443 scribit
2409 1389 2628 1442 modum
2658 1405 2669 1438 :
2695 1387 3012 1456 Byzantium
3044 1386 3228 1438 mcenia
3257 1385 3434 1436 habuit.

1881 1487 2236 1541 robustissima
2263 1502 2279 1538 :
2313 1503 2436 1538 nam
2463 1500 2640 1538 eorum
2675 1483 2838 1538 lorica
2877 1483 3134 1553 lapidibus
3167 1483 3437 1552 quadratis

1879 1581 2067 1633 crassis
2101 1587 2392 1631 constructa
2437 1585 2571 1641 erat,
2598 1584 2646 1628 et
2673 1577 2881 1629 laminis
2918 1576 3097 1644 ferreis
3141 1574 3385 1642 colligata
3418 1590 3434 1626 :

1880 1672 2132 1725 interiora
2168 1678 2215 1721 et
2246 1669 2517 1736 aggeribus
2548 1672 2595 1718 et
2633 1666 2869 1732 aediﬁciis
2925 1667 3124 1718 munita
3179 1675 3351 1725 erant,
3383 1671 3440 1715 ut

217 1769 479 1828 εὐσεῦοὖς
505 1769 716 1821 ἐκείνου
772 1768 1034 1837 βασιλέως
1085 1766 1486 1837 ἀνῳκοδόμητο,
1551 1759 1781 1814 κατὰτὸ

1894 1761 2058 1814 νιηηία
2093 1776 2225 1812 unus
2267 1774 2472 1823 crassus
2515 1771 2692 1808 murus
2728 1769 2836 1806 esse
2871 1755 3190 1822 viderentur.
3223 1753 3440 1807 Inerant

218 1859 392 1911 πάλαι
420 1858 730 1922 Βυζάντιον.
772 1859 845 1912 Τὸ
878 1858 934 1912 δὲ
963 1857 1252 1920 Βυζάντιον
1277 1855 1432 1916 πόλις
1464 1853 1556 1906 καὶ
1589 1850 1781 1920 πρώην

1894 1862 1929 1905 ιε
1966 1850 2141 1905 multis
2163 1864 2363 1917 magna:
2397 1856 2564 1899 turres
2600 1846 2741 1914 foras
2771 1845 3139 1912 prominentes,
3172 1853 3220 1894 et
3249 1845 3440 1895 crebris

217 1947 540 2016 ἐτύγχανεν,
568 1950 628 2002 οὐ
674 1949 781 2001 τῶν
823 1948 1118 2015 ἀνωνύμων
1164 1947 1197 2015 ἦ
1229 1945 1336 2014 τῶν
1367 1944 1620 2013 ἀσήμων,
1647 1941 1783 1995 ἀλλὰ

1894 1945 2121 2006 fenestris
2183 1940 2475 1992 adornatw.
2533 1935 2668 1989 Pars
2725 1935 3009 1988 continenti
3067 1933 3320 1994 obuersa,
3371 1932 3439 1983 att

219 2042 321 2094 καὶ
376 2039 601 2108 πλήθεσι
658 2039 887 2113 πολιτῶν
945 2037 1337 2106 εύθηνουμένη,
1395 2036 1488 2088 καὶ
1543 2033 1781 2100 πλούτῳ,

219 2129 320 2182 καὶ
353 2128 560 2199 ἀνδρῶν
617 2128 990 2196 γενναιότητι,
1052 2126 1146 2179 καὶ
1190 2125 1384 2195 τειχῶν
1436 2124 1782 2193 ἐρυμνότητι,

218 2221 321 2272 καὶ
352 2217 626 2282 τοσοῦτον,
656 2219 728 2282 ὡς
756 2220 849 2271 ἐπὶ
885 2219 1034 2287 τρεῖς
1072 2217 1350 2279 ἐνιαυτοὺς
1387 2216 1478 2268 ἐπὶ
1520 2214 1784 2283 Σεδήρου,

218 2307 321 2360 τοῦ
345 2309 401 2360 ὲν
437 2306 624 2378 Ῥώμῃ
647 2311 712 2378 τῇ
753 2306 957 2378 παλαιᾷ
989 2307 1423 2378 βασιλεύσαντος,
1453 2305 1602 2375 παρὰ
1638 2304 1780 2356 Ῥω-

222 2397 409 2469 μαίων
451 2397 878 2468 πολιορκεῖσθαι,
919 2399 1014 2452 καὶ
1051 2397 1217 2452 πολλὰ
1259 2396 1408 2467 παρὰ
1432 2396 1538 2447 τῶν
1570 2395 1786 2464 πολιορ-

223 2488 512 2557 κουμένων
543 2488 844 2557 ὑποστῆναι
880 2488 1096 2564 αὐτοὺςξ
1128 2487 1202 2548 ὠς
1233 2489 1290 2538 ὲν
1318 2488 1430 2548 τοῖς
1463 2487 1587 2555 περὶ
1614 2485 1785 2552 Σευή-

235 2596 338 2648 ρου
372 2597 460 2648 μοι
496 2579 904 2648 προῖστόρηται.
951 2576 1088 2646 Περὶ
1113 2576 1169 2630 δδ
1200 2575 1298 2644 τῆς
1334 2576 1440 2629 τῶν
1483 2573 1788 2638 Βυζαντίων

227 2670 538 2737 δυνάμεως,
587 2669 682 2720 καὶ
715 2667 818 2735 τῆς
844 2667 953 2721 τῶν
982 2667 1178 2736 τειχῶν
1222 2667 1566 2736 ὀχυρότητος,
1619 2665 1789 2718 ταῦτα

224 2761 254 2810 ό
280 2759 418 2809 Δίων
450 2756 560 2825 (Η)
588 2758 644 2811 ὲν
679 2758 790 2820 τοῖς
815 2758 940 2827 περὶ
1000 2758 1243 2827 Σευήρου
1293 2757 1425 2827 φησί
1457 2771 1474 2789 ο
1521 2754 1691 2823 Τείχη
1722 2755 1790 2807 δὲ

226 2852 300 2904 τὸ
359 2848 681 2909 Βυζάντιον
748 2847 1154 2917 καρτερώτατα
1209 2846 1372 2916 εἶχεν
1403 2863 1416 2878 ·
1480 2847 1512 2899 ὅ
1564 2863 1628 2899 τε
1681 2847 1791 2916 γὰρ

227 2939 429 3006 θώραξ
474 2938 584 3006 (15)
644 2932 842 2992 αὐτῶν
894 2940 1086 3003 λίθοις
1138 2935 1514 3016 τετραπέὂοις
1571 2937 1794 3004 παχέσι

229 3029 726 3098 συνῳκοδόμητο,
789 3030 975 3092 πλαξὶ
1031 3029 1284 3098 χαλκαῖς
1339 3028 1790 3094 συνδουμένοις.

230 3121 436 3176 καὶτὰ
480 3121 650 3186 ἐντὸς
689 3120 887 3174 αὐτῶν
936 3119 1035 3173 καί
1076 3120 1307 3189 χώμασι
1357 3119 1453 3171 καί
1486 3118 1790 3186 οἰκοδομή-

1887 2048 2135 2101 magnum
2174 2030 2485 2099 exsurgebat
2522 2026 2849 2081 altitudinem
2878 2040 2895 2078 :
2922 2039 3035 2095 qua’
3065 2038 3210 2076 mare
3235 2030 3405 2088 specta
3424 2051 3439 2062 -

1886 2125 1993 2188 bat,
2032 2123 2279 2176 humilior
2327 2130 2461 2181 erat.
2491 2129 2540 2174 et
2575 2130 2752 2190 portus
2806 2129 3021 2188 uterque
3065 2118 3206 2170 intra
3252 2099 3436 2168 moenia

1886 2216 2083 2268 catenis
2134 2211 2310 2266 claudi
2343 2219 2566 2281 poterat,
2619 2224 2899 2278 eorumque
2943 2207 3152 2260 brachia
3200 2207 3439 2274 utrinque

1888 2312 2057 2358 turres
2087 2303 2308 2356 multum
2340 2303 2620 2354 eminentes
2662 2297 3007 2353 sustinebant.
3044 2294 3268 2363 Navigia
3327 2309 3442 2347 vero

1886 2395 2143 2449 habebant
2191 2392 2431 2462 Byzantii
2490 2394 2808 2461 quingenta,
2865 2387 3115 2459 pleraque
3162 2386 3441 2439 solitaria:

1887 2489 2142 2560 quasdam
2194 2491 2352 2541 etiam
2397 2486 2653 2548 biremes,
2717 2498 2944 2554 quarunt
2983 2477 3249 2532 nonnulla!
3300 2484 3346 2528 et
3389 2478 3444 2526 in

1888 2596 2045 2650 prora
2098 2587 2145 2631 et
2187 2579 2242 2630 in
2292 2577 2451 2646 puppi
2504 2570 2866 2644 gubernaculis
2905 2562 2965 2623 ἐι
3015 2566 3442 2639 gubernatoribus

1888 2679 2153 2726 exornata:
2201 2677 2374 2731 erant,
2415 2674 2462 2720 et
2495 2665 2663 2736 duplis
2715 2664 2915 2726 nautis,
2954 2669 3010 2712 ut
3035 2668 3083 2711 et
3127 2656 3364 2709 accedere
3396 2663 3443 2705 et

1891 2764 2124 2818 recedere
2162 2756 2401 2831 possent,
2452 2758 2668 2812 navibus
2721 2771 2828 2809 non
2874 2752 3148 2813 conversis,
3188 2756 3235 2802 et
3278 2750 3444 2801 hostes

1892 2864 2002 2909 tam
2036 2857 2088 2909 in
2117 2868 2315 2906 recessu
2345 2867 2504 2919 quam
2533 2863 2736 2902 accessu
2763 2849 3031 2900 vexarent.
3067 2837 3266 2908 Adjicit
3295 2837 3445 2898 Dion,

1891 2965 1966 3003 vn
2019 2959 2198 3001 turres
2229 2963 2256 2999 a
2306 2945 2536 2998 Thracia
2587 2949 2744 3011 porta
2790 2937 2857 2993 ad
2901 2949 3048 2991 mare
3097 2931 3448 3002 pertinuisse,

1894 3055 2127 3108 quarum
2156 3038 2199 3092 si
2231 3038 2354 3105 quis
2394 3037 2552 3089 aliam
2600 3032 2884 3100 attigisset,
2937 3025 3096 3080 tacita
3127 3023 3289 3078 fuerit
3322 3041 3335 3076 :
3366 3022 3451 3075 sin

1897 3131 1951 3183 in
1985 3131 2212 3198 primam
2248 3126 2451 3194 aliquid
2491 3123 2858 3184 iuclamasset,
2886 3128 2980 3172 aut
3006 3115 3236 3185 lapidem
3266 3113 3450 3181 conje-

224 3228 422 3281 μασιν
446 3197 767 3280 ὠχύροντο,
821 3211 975 3266 ὥστε
1027 3212 1126 3264 καὶ
1173 3209 1242 3264 ἐν
1294 3209 1490 3277 τεῖχος
1538 3209 1699 3276 παχὺ
1727 3209 1792 3260 τὸ

1896 3220 2078 3280 cisset,
2112 3231 2230 3271 eam
2259 3230 2357 3284 per
2391 3213 2694 3267 machinam
2722 3207 3011 3279 quamdam
3040 3203 3368 3264 resonuisse,
3395 3210 3452 3256 et

232 3304 364 3357 πᾶν
404 3301 554 3358 εἷναι
580 3303 798 3358 δοκεῖν.
826 3303 1046 3370 Πύρτοι
1070 3318 1134 3355 τε
1163 3299 1378 3354 πολλοὶ
1411 3300 1508 3352 καὶ
1544 3299 1796 3368 μεγάλοι

231 3395 358 3458 ἔξω
389 3411 450 3447 τε
493 3395 848 3462 ἐκκείμενα,
890 3392 987 3446 καὶ
1036 3392 1281 3460 θυρίδας
1313 3389 1483 3459 πέριξ
1530 3389 1798 3458 ἐπαλλή-

232 3490 390 3552 λους
417 3487 661 3554 ἔχοντες
691 3487 872 3554 ἦσαν.
906 3485 1012 3540 Καὶ
1048 3487 1118 3539 τὰ
1142 3485 1259 3552 μὲν
1279 3485 1426 3552 πρὸς
1471 3483 1584 3551 τὴν
1629 3483 1795 3552 ﬂaret-

227 3595 350 3646 ρον
402 3579 569 3643 τείχη
591 3577 656 3639 ἐς
678 3577 832 3644 μέγα
855 3577 1012 3644 ὕψος
1056 3573 1222 3646 ἦρτο.
1286 3576 1363 3629 Τὰ
1411 3573 1478 3629 δὲ
1521 3575 1669 3644 πρὸς
1697 3575 1799 3628 θά-

234 3675 487 3724 λασσαν
513 3665 696 3739 ἧττον
724 3669 976 3737 ὐψοῦτο,
1022 3670 1080 3723 οἵ
1110 3687 1173 3723 τε
1202 3669 1442 3738 λιμένες
1482 3668 1651 3734 ἐντός
1687 3671 1802 3722 τεί-

239 3775 395 3828 χους
431 3759 750 3826 ἀμφότεροι
809 3758 1076 3813 κλειστοὶ
1126 3761 1424 3815 ἀλύσεσιν
1472 3756 1652 3829 ἦσαν,
1702 3762 1800 3814 καὶ

239 3850 307 3903 αι
337 3849 518 3917 χηλαὶ
546 3847 743 3903 αὐτῶν
766 3850 1031 3917 πύργους
1063 3850 1156 3917 ἐφ’
1191 3850 1442 3916 ἑκάτερα
1469 3851 1624 3904 πολὺ
1660 3866 1803 3918 προ-

239 3940 498 4007 έχοντας
518 3939 755 4008 ἔφερον.
798 3937 986 3990 [Maia
1030 3937 1083 3989 δ’
1122 3934 1283 4006 ἦσαν
1308 3939 1432 4002 τοῖς
1466 3939 1802 4006 Βυζαντίοις

240 4030 616 4080 πεντακόσια
647 4042 662 4057 ο
722 4025 795 4078 τὰ
844 4023 961 4092 μὲν
1017 4024 1295 4087 πλεῖστα,
1351 4029 1583 4094 μονήρη
1611 4042 1623 4055 ·
1672 4029 1802 4083 ἐστι

238 4118 298 4170 δ’
350 4114 390 4170 d
429 4106 525 4168 καί
559 4115 818 4181 δίκροτα,
847 4116 946 4168 καί
996 4131 1156 4170 τισιν
1197 4117 1395 4171 αὐτῶν
1439 4120 1534 4172 καί
1587 4121 1653 4173 ἐκ
1705 4119 1804 4187 τῆς

240 4207 483 4276 πρώρας
515 4207 613 4260 καὶ
658 4208 726 4260 ἐκ
761 4206 872 4274 τῆς
917 4208 1190 4277 πρύμνης
1239 4209 1503 4276 πηδάλια
1549 4211 1802 4281 ἤσκητο,

241 4299 345 4351 καί
376 4298 769 4366 κυϐερνήτας·
804 4300 1030 4366 ναύτας
1055 4317 1119 4354 τε
1149 4300 1407 4367 διπλοῦς
1431 4299 1618 4371 εἷχον,
1647 4306 1806 4373 ὅπως

240 4390 343 4442 καὶ
391 4388 721 4445 ἐπιπλέωσι
770 4392 866 4443 καί
901 4393 1247 4462 ἀναχωρῶσι
1301 4397 1386 4464 μὴ
1434 4397 1801 4467 ἀναστρεφόο

239 4495 432 4547 μενοι,
480 4477 579 4531 καὶ
620 4477 762 4543 τοὺς
805 4475 1117 4547 ἐναντίους
1151 4483 1222 4536 ἐν
1263 4500 1327 4553 τε
1381 4485 1459 4550 τῷ
1513 4490 1804 4554 πρόσπλῳ

241 4571 456 4633 καὶτῷ
512 4570 766 4635 ἀπόπλῳ
819 4571 1018 4625 αὐτῶν
1069 4573 1370 4641 σφάλωσι.
1422 4578 1566 4645 Πρὸς
1598 4579 1804 4639 τούτοις

243 4665 444 4730 ἐπάγει
485 4663 513 4716 ό
551 4663 709 4725 Δίων,
754 4661 829 4724 ὡς
864 4664 1004 4716 ἑπτὰ
1051 4665 1158 4718 ἀπὸ
1189 4666 1297 4718 τῶν
1339 4666 1591 4737 Θρᾳκίων
1625 4667 1808 4718 πυλῶν

245 4757 450 4826 πύργοι
510 4755 906 4822 καθεστηκότες
969 4755 1104 4822 πρὸς
1147 4757 1246 4823 τὴν
1286 4756 1560 4809 Θάλασσαν
1610 4752 1751 4826 ἦσαν
1791 4773 1805 4788 ο

243 4847 451 4901 τούτων
490 4848 533 4900 δ’
577 4850 624 4899 εἰ
660 4847 758 4913 μέν
788 4862 872 4906 τις
920 4845 1065 4913 ἄλλῳ
1103 4861 1179 4915 τῳ
1223 4845 1577 4916 προσέμιξεν,
1609 4847 1811 4918 ἥσυχος

244 4935 335 5007 ἦν.
361 4937 422 4989 Εἰ
474 4935 530 4988 δὲ
579 4933 643 5004 δὴ
685 4933 760 5002 τῷ
805 4933 1012 5003 πρώτῳ
1031 4949 1085 4984 τι
1123 4933 1428 5004 ἐνεϐόησεν,
1479 4936 1635 5006 ἢκαὶ
1663 4937 1810 4991 λίθον

247 5023 638 5095 προσέρριψεν,
680 5021 842 5083 αὑτός
875 5036 934 5073 τε
964 5019 1142 5073 ἐλάλει
1171 5020 1234 5073 ἐκ
1260 5038 1405 5084 τινος
1433 5025 1680 5093 μηχανῆς
1715 5027 1808 5078 καὶ

245 5114 331 5183 τῷ
378 5114 614 5182 δευτέρῳ
655 5112 716 5166 τδ
751 5110 884 5165 αὐτὸ
930 5109 1216 5180 παρεδίδου
1265 5113 1441 5163 ποιεῖν
1469 5127 1485 5143 ο
1536 5113 1629 5165 καὶ
1670 5115 1812 5168 οὓτω

247 5205 341 5258 διὰ
368 5207 587 5258 πάντων
615 5204 817 5274 ὁμοίως
850 5203 1067 5274 ἐχώρει,
1098 5203 1218 5256 οὐδὲ
1247 5204 1615 5276 ἐπετάραττον
1644 5208 1812 5278 ἀλλήο

247 5294 400 5354 λους,
439 5292 554 5345 ἀλλ’
583 5293 644 5344 ὲν
671 5295 747 5361 τῷ
777 5293 936 5365 μέρει
965 5295 1164 5358 πάντες
1187 5293 1337 5362 παρὰ
1371 5294 1464 5348 τοῦ
1504 5296 1611 5364 πρὸ
1649 5297 1812 5350 αὑτοῦ

249 5383 441 5449 ἕτερος
465 5382 564 5450 τήν
599 5397 658 5433 τε
697 5383 878 5454 φωνὴν
915 5385 1009 5437 καὶ
1043 5384 1140 5456 τὴν
1172 5385 1308 5455 ἠχὴν
1338 5384 1653 5454 διεδέχοντο.
1687 5389 1813 5439 Τοι-

251 5471 398 5551 αύτη
432 5470 529 5540 μὶν
573 5467 665 5525 οὖν
698 5471 795 5524 τοῦ
839 5473 1133 5538 Βυζαντίου
1173 5473 1338 5530 πάλαι
1375 5477 1407 5526 ii
1461 5475 1614 5540 πόλις
1655 5479 1813 5547 ἐτύγ-

1897 3307 2147 3374 eumdem
2191 3319 2384 3359 sonum
2426 3300 2682 3370 proximae
2725 3295 3033 3358 tradidisse,
3060 3292 3233 3361 donec
3263 3303 3451 3344 omnes

1896 3396 2223 3467 pervasisset
2255 3411 2266 3444 :
2296 3406 2474 3461 neque
2523 3398 2700 3444 tamen
2734 3386 2894 3442 aliam
2930 3382 3000 3439 ab
3028 3382 3130 3437 alia
3163 3379 3448 3442 turbatam,

1899 3488 1993 3545 sed
2038 3503 2136 3556 per
2180 3485 2330 3539 vices
2360 3483 2428 3537 ab
2452 3481 2706 3536 omnibus
2753 3491 2944 3532 vocem
2975 3483 3031 3530 et
3059 3487 3250 3529 sonum
3291 3483 3452 3524 exce-

1899 3588 2071 3650 ptum.
2103 3579 2179 3633 Ac
2215 3576 2340 3629 talis
2360 3574 2487 3629 olim
2514 3571 2806 3642 Byzantina
2835 3566 2965 3623 urbs
2988 3565 3091 3620 fuit
3118 3580 3133 3618 :
3165 3561 3260 3617 sed
3289 3560 3454 3628 incly-

1901 3682 1990 3727 tus
2021 3669 2411 3726 Constantinus
2455 3681 2572 3722 eam
2605 3664 2658 3716 in
2695 3663 3014 3716 immensum
3056 3655 3225 3719 auxit,
3254 3651 3453 3720 templa

1903 3760 2266 3821 inaediﬁcavit,
2321 3766 2376 3811 et
2427 3755 2611 3808 multis
2658 3751 2822 3805 rebus
2860 3744 3186 3801 adornavit:
3219 3741 3453 3807 denique

1902 3855 2124 3902 teretem
2157 3846 2300 3897 illam
2341 3843 2644 3895 columnam
2681 3833 3137 3905 porphyreticam,
3166 3829 3355 3890 Roma,
3394 3837 3455 3881 ut
3555 3888 3564 3890 _

1904 3937 2111 3999 ferunt,
2158 3933 2373 3986 allatam
2430 3930 2482 3982 in
2515 3929 2633 3984 loro
2678 3925 2907 3996 lapideis
2945 3923 3158 3979 tabellis
3203 3923 3452 3980 instrato.

1904 4025 2049 4081 unde
2078 4040 2107 4078 a
2137 4023 2339 4077 Graecis
2370 4022 2623 4076 Placoton
2660 4018 2993 4080 nominatur,
3034 4013 3209 4070 erexit
3235 4029 3248 4066 :
3277 4013 3456 4080 juxta-

1904 4133 2011 4188 que
2044 4116 2391 4172 simulacrum
2423 4126 2655 4176 aaneum,
2693 4119 2806 4163 tum
2844 4106 3072 4161 artiﬁcio
3102 4099 3333 4158 mirabili
3362 4117 3458 4156 an-

1908 4211 2071 4280 tiqua:
2106 4222 2296 4261 manus
2327 4219 2463 4274 pene
2506 4202 2739 4256 viventis
2775 4199 2947 4253 instar
2975 4209 3311 4264 expressum,
3344 4200 3454 4246 tum

1907 4297 2278 4368 magnitudine
2309 4293 2502 4359 insigni
2535 4285 2844 4358 spectabile
2869 4284 3154 4340 dedicavit.
3186 4283 3314 4336 Eam
3343 4290 3458 4336 sta-

1909 4399 2055 4444 tuam
2100 4382 2363 4453 Apollinis
2407 4394 2527 4434 esse
2567 4377 2773 4441 ferunt,
2813 4375 2908 4430 ilio
2935 4374 2994 4444 8
3022 4372 3262 4442 Phrygia
3284 4381 3459 4426 trans-

1908 4478 2093 4531 latam.
2143 4473 2246 4527 Sed
2305 4470 2521 4526 divinus
2565 4467 2860 4536 imperator
2889 4464 3001 4530 ille,
3044 4478 3204 4518 suum
3249 4460 3326 4516 illi
3351 4476 3458 4515 rno-

1907 4587 2029 4626 men
2068 4569 2286 4633 indidit,
2323 4566 2490 4622 clavis
2523 4563 2845 4635 quibusdam
2898 4560 3059 4630 capiti
3092 4558 3332 4617 insertis.
3365 4559 3456 4626 qui

1904 4678 2107 4732 corpus
2148 4659 2363 4715 Domini
2409 4656 2703 4713 salutifera:
2751 4654 2898 4710 cruci
2943 4651 3239 4706 adherant.
3287 4650 3362 4703 Ea
3390 4649 3456 4701 ad

1906 4764 2147 4809 nostram
2195 4765 2410 4823 quoque
2466 4758 2679 4804 aetatem
2739 4741 3037 4815 permansit
3090 4741 3319 4808 integra,
3367 4752 3458 4791 co-

1899 4844 2102 4900 lumna:
2153 4843 2450 4897 insistens:
2483 4838 2577 4892 sed
2615 4833 2939 4891 sub'Alexio
2982 4830 3259 4884 Comneno
3290 4827 3458 4882 vehe-

1903 4936 2103 4991 mentis
2150 4931 2296 4985 venti
2349 4930 2553 4996 impetu
2604 4925 2813 4993 deiecta
2858 4920 3100 4976 concidit
3139 4936 3152 4973 :
3197 4933 3296 4974 nec
3342 4920 3457 4987 ipsa

1907 5029 2081 5084 solum
2119 5019 2454 5077 communita
2483 5024 2586 5078 est,
2625 5015 2718 5070 sed
2754 5014 2953 5068 multos
2976 5014 3160 5091 etiam,
3209 5010 3302 5075 qui
3329 5025 3454 5065 casu

1905 5118 2017 5173 illic
2048 5119 2220 5175 erant,
2273 5108 2552 5163 contrivit.
2590 5106 2890 5162 Palladium
2941 5104 3068 5158 item
3100 5102 3260 5168 Troja
3291 5100 3345 5153 in
3373 5098 3457 5152 fo~

1907 5221 2027 5261 rum
2061 5202 2338 5258 Placotutn
2385 5197 2680 5251 transtulit.
2714 5196 2788 5248 Ita
2815 5189 3206 5247 Constantinus
3239 5185 3458 5254 Magnus

1907 5312 2028 5354 cum
2079 5291 2200 5346 aliis
2240 5289 2427 5344 multis
2486 5289 2676 5341 urbem
2725 5281 3047 5345 adornavit,
3096 5289 3208 5355 tum
3260 5274 3458 5346 Byzan-

1911 5391 2064 5452 tium,
2112 5385 2255 5454 quod
2311 5383 2460 5450 prius
2505 5379 2749 5434 Thraciae
2803 5373 3072 5429 Heraclea:
3115 5369 3457 5441 episcOpatus

1909 5486 2043 5541 crat,
2076 5492 2104 5528 a
2133 5474 2334 5528 Severo
2371 5469 2666 5524 Perintbiis
2711 5473 2830 5534 post
2872 5462 3235 5533 captivitatem
3274 5457 3456 5526 subje-

1425 5635 1621 5698 Variaa
1637 5603 1644 5612 Ι
1662 5636 1962 5700 lectiones
2005 5641 2066 5694 et
2097 5636 2284 5691 notas.

334 5768 603 5851 (ule
669 5775 839 5843 Cujus
868 5769 1034 5827 verba
1067 5772 1426 5840 expendimus
1476 5775 1529 5832 in
1577 5778 1819 5850 Byzantii

255 5843 620 5931 descriptione
1596 5888 1600 5891 ,

1999 5768 2108 5847 (l5)
2139 5767 2364 5847 Θώραξ..
2405 5765 2684 5847 alumnam
2712 5763 2906 5847 leti-ica,
2931 5759 3093 5847 vulgo
3113 5754 3459 5847 CortinaLut-

1925 5828 2032 5909 que
2061 5828 2138 5894 sic
2161 5867 2169 5885 ι
2194 5828 2595 5901 niendavimus,
2633 5834 2724 5889 ubi
2749 5830 2980 5888 Wolﬁus
3003 5828 3436 5897 frons-verterat.
