4036 6350
665 447 800 510 1115

1910 442 2233 503 JOANNIS
2273 420 2592 503 zemas:

3739 441 3888 520 1116

660 562 930 630 sapientia:
965 557 1056 610 Dei
1086 558 1158 609 ait
1192 572 1210 609 :
1244 555 1492 609 Dominus
1533 556 1765 608 condidit
1795 573 1874 609 me
1903 559 2214 626 principium

2333 557 2526 609 τούτου
2553 557 2972 624 δευτερεύοντα
2999 541 3157 611 θεῖον
3180 559 3391 628 Λόγον,
3416 558 3546 625 ταῖς
3574 559 3896 628 πατρικαῖς

661 655 870 706 viarum
901 665 1139 708 suarum,
1168 659 1273 703 etc.
1310 647 1514 701 Deinde
1545 657 1666 716 post
1695 647 1799 701 alia
1831 649 1983 717 plura
2012 651 2214 703 infert:

664 742 735 794 Et
769 756 925 806 super
951 741 1057 792 [uec
1111 740 1306 800 omnia,
1342 742 1476 792 sicut
1511 738 1609 792 Dei
1653 737 1898 802 Verbum,
1930 744 2066 806 quod
2097 749 2218 793 ante

665 831 784 899 fuit,
811 838 858 881 et
887 841 1006 882 ante
1036 830 1228 883 swcula
1277 831 1455 883 omnia
1490 831 1689 898 factum
1735 839 1833 894 est,
1872 830 2218 883 venerabilem

662 924 910 974 honorem
945 939 974 973 a
1022 921 1125 973 Deo
1163 922 1322 974 Patre
1378 924 1648 990 adeptum,
1705 920 1921 972 adorari
1965 928 2218 988 tanquam

672 1013 850 1064 Deam.
882 1010 1005 1064 limc
1036 1021 1090 1064 et
1114 1013 1217 1064 alia
1249 1013 1657 1074 demonstrant,
1687 1009 1985 1064 Eusebium
2019 1011 2218 1064 Ariana

664 1099 909 1166 dogmata
961 1099 1240 1166 probasse.
1277 1099 1391 1153 Nisi
1438 1098 1562 1167 quis
1603 1097 1768 1160 dicat,
1818 1097 1869 1149 id
1923 1111 2061 1164 opus
2094 1108 2220 1151 ante

663 1188 1075 1241 conversionem
1101 1191 1168 1242 ab
1194 1205 1260 1242 eo
1288 1189 1460 1241 fuisse
1476 1188 1868 1255 conscriptum.
1895 1187 2030 1241 illud
2055 1186 2220 1255 igitur

665 1288 914 1331 sanctum
969 1280 1262 1332 concilium
1322 1277 1516 1347 dogma
1575 1278 1644 1332 de
1695 1278 1882 1332 eadem
1926 1289 2118 1333 natura
2163 1288 2219 1333 et

664 1371 969 1424 aeternitate
1005 1370 1124 1424 Filii
1152 1369 1363 1430 statuit,
1396 1377 1452 1422 et
1476 1369 1719 1422 divinum
1753 1369 1875 1424 lldei
1902 1369 2218 1439 Symbolum

665 1461 850 1514 statim
874 1461 1065 1523 edidit,
1105 1460 1174 1513 de
1207 1461 1383 1513 Patris
1409 1469 1464 1514 et
1516 1460 1638 1514 Filii
1699 1460 1984 1515 divinitate
2042 1460 2218 1516 disse-

668 1549 860 1612 rendo,
905 1566 1014 1603 non
1074 1550 1216 1603 ultra
1259 1550 1394 1604 illud
1443 1566 1790 1620 progressum
1824 1552 2030 1622 :Cttjus
2075 1555 2222 1623 regni

670 1657 776 1694 non
804 1640 1060 1707 eritﬁnis.
1103 1641 1281 1708 Atque
1330 1641 1384 1694 in
1418 1642 1507 1695 illo
1543 1643 1704 1696 desiit
1736 1661 1748 1696 :
1781 1642 1849 1696 Et
1875 1645 1927 1697 in
1962 1644 2220 1712 Spiritum

667 1743 929 1784 sanctum.
959 1731 1092 1784 Nam
1126 1731 1397 1801 theologia
1430 1732 1497 1786 de
1537 1733 1742 1802 Spiritu
1777 1743 1986 1799 sancto,
2021 1744 2141 1805 post
2166 1735 2220 1788 in

668 1813 910 1874 secundo
947 1822 1184 1876 concilio
1223 1831 1410 1877 contra
1446 1824 1817 1878 Macedonium
1869 1834 2217 1896 congregato,

2323 647 2737 714 ὑποιιογοῦντα
2783 649 3108 716 ἐπιταγαῖς.
3163 650 3269 701 Καὶ
3327 651 3464 718 μετά
3514 669 3636 704 τινα
3688 652 3844 717 λέγει
3875 667 3892 682 ·

2328 739 2543 793 Τοῦτον
2579 741 2797 794 ὡσανεὶ
2837 741 2939 795 τοῦ
2977 741 3202 807 Πατρός
3241 742 3590 812 ὑπάρχοντα
3627 744 3897 811 δύναμιν

2325 832 2417 881 καὶ
2459 833 2703 896 σοφίαν,
2740 832 2835 884 καὶ
2872 831 2942 886 τὰ
2978 832 3276 899 δευτερεῖα
3308 832 3413 900 τῆς
3454 834 3601 886 κατὰ
3641 835 3898 886 πάντων

2319 922 2634 986 ,βασιλείας
2660 922 2756 974 καί
2783 921 2972 990 ἀρχῆς
2995 924 3564 992 ὲμπεπιστευμένον.
3595 926 3703 977 Καὶ
3735 922 3896 986 αὖθις

2328 1012 2443 1076 μετ’
2469 1013 2654 1079 ὀλίγα·
2694 1014 2800 1067 Καί
2839 1015 2928 1067 ὅτι
2965 1015 3136 1068 ἐστὶν
3169 1016 3349 1068 οὐσία
3385 1031 3474 1078 τις
3516 1018 3897 1084 προκόσμιος

2325 1103 2475 1163 ζῶσα
2518 1105 2613 1156 καί
2652 1106 3004 1172 ὑφεστῶσα,
3050 1104 3087 1172 ἦ
3131 1105 3207 1168 τῷ
3248 1102 3369 1168 Θεῷ
3407 1105 3503 1156 καὶ
3549 1108 3726 1171 Ποτρὶ
3773 1105 3896 1158 τῶν

2325 1193 2481 1246 ὅλων
2502 1199 2586 1260 εις
2612 1195 2725 1261 τὴν
2747 1195 2864 1248 τῶν
2887 1194 3150 1262 γενητῶν
3172 1196 3558 1262 δημιουργίαν
3581 1198 3889 1261 ὑπηρετηο

2323 1286 2573 1352 σαμένη,
2603 1289 2697 1338 καὶ
2728 1289 2759 1339 ὁ
2789 1284 3069 1353 Σολομῶν
3091 1286 3250 1353 λέγει
3276 1285 3571 1353 προσώπῳ
3593 1302 3606 1316 ·
3637 1284 3752 1350 τῆς
3779 1284 3891 1336 τοῦ

2327 1376 2474 1430 Θεοῦ
2505 1371 2756 1443 σοφίαςο
2791 1377 3001 1442 Κύριος
3032 1376 3232 1428 ἕκτισέ
3259 1391 3334 1443 με
3368 1375 3564 1442 ἀρχὴν
3593 1373 3752 1427 ὁδῶν
3783 1378 3891 1424 ab-

2325 1467 2448 1528 τοῦ,
2482 1466 2575 1519 καὶ
2625 1467 2768 1534 ἑξῆς.
2799 1469 2904 1518 Kal
2938 1466 3053 1534 μεθ’
3079 1467 3236 1534 ἔτερα
3264 1465 3487 1518 πλείονα
3513 1466 3709 1532 φάσκει
3732 1481 3746 1491 ·
3781 1463 3894 1516 Kal

2325 1555 2424 1609 ἐπὶ
2448 1557 2596 1611 πᾶσι
2637 1558 2899 1621 τούτοις,
2934 1551 3028 1610 οἶα
3072 1556 3216 1610 Θεοῦ
3259 1557 3450 1624 Λόγον
3485 1557 3748 1622 προόντα
3793 1555 3893 1605 καί

2325 1650 2437 1716 πρὸ
2462 1649 2684 1701 αἰώνων
2709 1647 2983 1702 ἁπάντων
3006 1647 3392 1715 οὐσιωμένον,
3420 1646 3534 1710 τὴν
3557 1644 3897 1710 σεϐάσμιον

2326 1737 2502 1806 τιμὴν
2524 1737 2678 1803 παρὰ
2703 1736 2807 1788 τοῦ
2841 1736 3064 1802 Πατρός
3088 1737 3389 1802 εἰληφότα,
3417 1734 3895 1802 προσκυνεῖσθαι

2325 1829 2404 1892 ὡς
2438 1827 2512 1880 ἂν
2545 1827 2710 1880 Θεόν.
2746 1826 2930 1880 Ταῦτα
2965 1828 3058 1877 καὶ
3091 1824 3251 1895 ἕτερα
3285 1825 3339 1876 δὲ
3372 1828 3482 1886 τοῖς
3518 1823 3895 1893 ἀρειανίζουσι

669 1925 731 1963 ea
766 1911 1065 1978 quaestione
1110 1912 1327 1980 agitata,
1375 1915 1582 1984 adjecta
1640 1925 1743 1969 est.
1805 1915 1873 1970 At
1923 1892 2218 1985 imperator

2333 1919 2549 1988 Ξόγμασι
2588 1917 2920 1970 δεικνύουσιν
2955 1892 3233 1984 ὁμόφρονα
3265 1914 3352 1966 τὸν
3387 1892 3672 1977 Εὐσέϐιον,
3715 1917 3769 1966 εί
3813 1916 3889 1983 μή

673 2001 776 2069 ιο
808 2017 903 2069 par
950 2003 1230 2070 apostolis,
1293 2003 1511 2057 Patrum
1556 2005 1845 2058 concordia
1893 2004 2214 2068 delectatus,

669 2092 914 2145 dextram
951 2093 1032 2147 eis
1059 2095 1320 2162 porrexit,
1356 2105 1412 2148 ct
1444 2096 1802 2164 quorumdam
1829 2096 1921 2165 qui
1962 2096 2031 2150 ob
2061 2096 2220 2151 Chri-

670 2183 737 2236 sti
770 2185 1166 2238 confessionem
1199 2195 1353 2240 notas
1372 2185 1424 2238 in
1449 2187 1770 2256 corporibus
1799 2190 1911 2240 suis
1938 2187 2218 2258 gerebant,

672 2274 923 2326 mutilata
970 2275 1056 2326 illa
1110 2275 1352 2328 membra
1385 2289 1440 2328 et
1494 2286 1674 2344 partes
1722 2277 2068 2332 deosculatus
2115 2286 2218 2342 est,

672 2377 879 2429 eosque
911 2363 981 2414 ob
1025 2364 1395 2418 mutilationes
1433 2365 1553 2418 illas
1589 2368 1772 2420 beatos
1825 2369 2218 2436 pronuntiavit.

676 2454 912 2508 Libellos
943 2464 1132 2509 contra
1179 2455 1444 2526 quosdam
1473 2457 1759 2527 episcopos
1790 2459 2020 2524 oblatos,
2046 2474 2223 2528 neque

673 2543 820 2613 legit,
859 2561 1032 2614 neque
1065 2547 1362 2600 examinari
1386 2563 1575 2616 passus
1601 2545 1703 2610 est,
1737 2551 1830 2604 sed
1854 2552 1904 2603 in
1930 2561 2221 2619 conspectu

674 2636 919 2690 omnium
949 2637 1057 2708 igni
1089 2638 1414 2707 absumpsit,
1449 2654 1569 2692 cum
1607 2641 1690 2694 his
1739 2642 1920 2694 verbis
1950 2661 1962 2695 :
1999 2640 2224 2694 Etiamsi

673 2727 782 2787 ipse
811 2729 1106 2799 episcopum
1135 2730 1364 2799 aliquem
1399 2729 1778 2798 delinquentem
1812 2732 2058 2794 viderem,
2106 2749 2228 2801 pur-

675 2834 811 2885 pura
841 2837 956 2872 mea
981 2837 1098 2873 eum
1133 2830 1376 2891 tegerem.
1403 2824 1532 2879 Inde
1567 2831 1786 2876 sanctos
1817 2821 2004 2875 Patres
2034 2822 2086 2874 in
2139 2837 2228 2875 ur-

676 2906 800 2962 bem
837 2911 1038 2976 regiam
1072 2926 1101 2962 a
1126 2926 1183 2965 se
1213 2913 1488 2967 conditam
1519 2913 1774 2974 traduxit,
1809 2921 1862 2964 ut
1896 2928 2013 2965 eam
2040 2911 2229 2966 faustis

679 3001 1220 3066 comprecationibus
1280 3014 1766 3072 prosequerentur,
1826 3013 1882 3058 et
1927 3004 2226 3058 secundum

678 3091 1047 3158 patriarcham
1115 3093 1455 3164 deligerent,
1514 3107 1760 3151 sanctum
1838 3095 2224 3150 Alexandrum.

676 3181 811 3236 Nam
844 3183 1078 3242 inclvlus
1107 3185 1485 3256 Metrophanes
1512 3186 1738 3242 obierat.
1776 3187 1846 3242 lis
1868 3187 2124 3256 peractis,
2160 3185 2226 3240 ad
2253 3215 2298 3276 ο

677 3288 834 3326 suam
884 3291 1155 3345 quemque
1217 3280 1508 3346 parmciam
1557 3279 1784 3342 dimisit,
1825 3279 2132 3333 honoribus
2174 3289 2231 3332 et

679 3362 839 3417 donis
871 3365 1174 3433 magniﬁcis
1191 3369 1436 3446 allectos.
1471 3370 1819 3438 Imperatoris
1845 3378 2017 3423 mater
2047 3378 2230 3424 sancta

679 3451 884 3508 Helena
917 3457 1136 3523 grandis
1160 3469 1288 3512 natu
1315 3461 1462 3528 (nam
1488 3462 1881 3528 octogesimum
1927 3460 2104 3516 aetatis
2139 3476 2234 3513 an-

679 3559 812 3596 num
841 3546 1084 3613 attigisse
1115 3548 1451 3616 perhibetur)
1510 3550 1564 3602 in
1618 3550 1867 3603 cmlestes
1922 3551 2235 3603 mansiones

681 3634 933 3688 discessit
973 3653 984 3686 :
1013 3651 1176 3705 quam
1201 3636 1343 3690 [ilius
1375 3637 1430 3690 in
1457 3641 1570 3692 aede
1609 3649 1920 3694 sanctorum
1949 3640 2238 3709 Apostolo-

682 3740 802 3777 rum
864 3726 1120 3794 regaliter
1169 3728 1438 3782 condidit.
1498 3728 1761 3799 Suscepta
1819 3743 2007 3787 contra
2041 3732 2235 3786 Persas

681 3816 1046 3884 expeditione,
1080 3818 1395 3876 triremibus
1421 3822 1781 3892 Soteropolim
1822 3824 2087 3889 defertur,
2115 3840 2235 3894 qua:

681 3919 829 3960 nunc
859 3907 1054 3977 Pythia
1083 3917 1311 3964 vocatur
1335 3926 1350 3966 :
1377 3920 1434 3964 et
1462 3921 1659 3965 natura
1699 3911 1892 3966 calidis
1935 3912 2082 3966 illius
2129 3909 2232 3965 loci

682 3999 842 4066 aquis
870 4015 1025 4062 usus,
1069 4001 1160 4055 ubi
1186 4005 1351 4057 etiam
1416 4005 1677 4069 toxicum,
1711 4021 1739 4058 a
1774 4004 2035 4058 fratribus
2083 4014 2236 4073 patre

682 4091 950 4146 duntaxat
974 4093 1169 4148 eodem
1200 4096 1343 4149 natis
1390 4104 1774 4166 temperatum,
1827 4097 2075 4152 hausisse
2129 4098 2236 4152 fer-

685 4189 796 4234 tur.
869 4181 1022 4236 Unde
1072 4183 1446 4240 Nico‘mediam
1515 4187 1810 4256 profectus,
1872 4189 2237 4242 diuturnitate

685 4271 863 4323 morbi
922 4273 1228 4327 exstinctus
1294 4285 1399 4339 est,
1457 4291 1628 4330 annos
1672 4279 1913 4346 quinque
1979 4289 2034 4331 et
2079 4295 2238 4333 sexa-

684 4359 832 4427 ginta
865 4370 1046 4425 natus,
1080 4376 1204 4415 cum
1233 4365 1338 4417 duo
1370 4374 1426 4417 et
1459 4365 1674 4433 triginta
1706 4367 2047 4434 imperasset.
2080 4367 2141 4420 Ei
2175 4369 2238 4420 ti-

686 4448 796 4507 lius
851 4446 1234 4518 Constantius,
1291 4453 1576 4510 Antiochia
1631 4455 1905 4523 profectus
1948 4461 2106 4523 (nam
2162 4458 2235 4511 ibi

2318 2031 2402 2075 τις
2434 2011 2566 2080 φαίη
2589 2049 2602 2071 ,
2635 2009 2741 2078 πρὸ
2769 2009 2864 2076 τῆς
2895 2005 3228 2076 ἐπιστροφῆς
3261 2006 3406 2074 αὐτῷ
3438 2005 3736 2076 πονηθῆναι
3768 2006 3894 2056 τοὺ-

2318 2121 2426 2157 των
2465 2102 2563 2172 τὴν
2611 2102 2951 2169 συγγραφήν.
2991 2100 3053 2150 Ἦ
3104 2103 3200 2168 μὲν
3243 2095 3336 2152 οὖν
3383 2099 3516 2164 ἁγία
3568 2097 3788 2158 σύνοδος
3833 2096 3892 2147 τδ

2320 2193 2604 2265 ὁμοούσιον
2635 2191 2729 2244 καὶ
2764 2190 3031 2242 συνατδιον
3062 2191 3154 2242 ἐπὶ
3183 2189 3274 2242 τοῦ
3311 2189 3439 2241 1⁵ίοῦ
3473 2189 3888 2256 δογματίσασα,

2320 2285 2414 2340 καὶ
2448 2283 2509 2337 τὸ
2546 2283 2686 2334 θεῖον
2721 2280 2915 2332 αὐτίκα
2951 2281 3046 2348 τῆς
3090 2279 3325 2340 πίστεως
3366 2276 3578 2341 ἐξέθετο
3617 2275 3890 2343 σύμϐολον

2321 2375 2451 2446 περὶ
2474 2375 2566 2426 τοῦ
2599 2371 2803 2440 [ἰατρὸς
2833 2371 2924 2423 καὶ
2949 2370 3041 2421 τοῦ
3072 2369 3201 2422 Υἱοῦ
3235 2367 3601 2436 θεολογήσασα
3630 2367 3683 2417 ὲν
3708 2366 3888 2434 αὐτῷ.

2323 2465 2430 2519 Καὶ
2458 2463 2616 2533 μέχρι
2637 2460 2730 2514 τοῦ
2752 2477 2764 2490 ⁸
2789 2456 2869 2515 Οὗ
2895 2458 3004 2525 τῆς
3023 2457 3341 2522 ,ϐασιλείας
3362 2459 3471 2510 οὐκ
3492 2457 3662 2509 ἔσται
3686 2455 3890 2517 τέλος,

2322 2555 2420 2609 καί
2449 2556 2534 2620 είς
2563 2552 2628 2607 τὸ
2658 2551 2897 2620 Πνεῦμα
2927 2549 2988 2602 τὸ
3022 2548 3213 2616 ἅγιον,
3242 2551 3303 2599 τὸ
3328 2547 3517 2599 τούτου
3547 2544 3692 2606 τέλος
3727 2561 3893 2612 ποιηο

2325 2646 2556 2716 σαμένη.
2591 2644 2657 2697 Ἦ
2688 2642 2795 2713 γὰρ
2828 2645 2952 2709 περὶ
2983 2639 3076 2692 τοῦ
3109 2638 3260 2705 ἁγίου
3294 2637 3607 2705 Πνεύματος
3641 2633 3892 2700 θεολογία

2328 2738 2620 2807 μετέπειτα
2646 2734 2944 2804 προσετέθη
2974 2736 3032 2786 ὲν
3054 2735 3120 2800 τῇ
3147 2731 3374 2800 δευτέρᾳ⁴
3402 2729 3604 2796 συνόδῳ
3629 2728 3721 2796 τῆς
3766 2727 3892 2794 περὶ

2326 2825 2513 2878 τούτου
2539 2825 2829 2894 γενομένης
2854 2823 3150 2892 ζητήσεως,
3179 2823 3212 2890 ἢ
3239 2821 3378 2873 κατὰ
3404 2819 3734 2873 Μακεδονίου
3775 2833 3894 2869 συν-

2327 2914 2480 2984 ῆκτο.
2526 2913 2585 2967 ⁸0
2638 2915 2681 2967 δ’
2721 2913 3067 2972 ἰσαπόστολος
3120 2911 3472 2980 αὐτοκράτωρ
3522 2907 3614 2958 ἐπὶ
3662 2909 3724 2975 τῇ
3788 2905 3891 2958 τῶν

2328 3004 2583 3074 Πατὲρων
2608 3003 2823 3072 ὁμονοίᾳ
2850 3001 3037 3071 ἡσθεὶς
3068 2999 3332 3076 ἐδεξιοῦτο
3355 2998 3571 3060 αὐτούς.
3598 2995 3704 3048 Καί
3725 3012 3894 3047 τινων

2327 3093 2435 3148 τῶν
2469 3094 2607 3164 ὑπὲρ
2639 3094 2733 3164 τῆς
2766 3092 2859 3145 τοῦ
2900 3093 3146 3161 Σωτῆρος
3185 3089 3474 3158 ὁμολογίας
3513 3090 3797 3154 φερόντων
3831 3085 3894 3135 τὰ

2332 3185 2604 3255 στίγματα
2639 3186 2694 3238 ὲν
2726 3187 2836 3247 τοῖς
2878 3183 3119 3252 σώμασιν
3140 3221 3155 3246 ,
3194 3178 3573 3249 κατησπάζετο
3605 3177 3675 3228 τὰ
3709 3192 3894 3242 πεπη-

2339 3278 2558 3347 ρωμένα
2584 3276 2783 3330 τούτων
2815 3275 2951 3345 μέλη
2996 3275 3089 3326 καὶ
3121 3275 3305 3343 μόρια,
3333 3272 3425 3324 καὶ
3453 3270 3649 3329 αὐτοὺς
3680 3267 3770 3318 διὰ
3798 3266 3894 3326 τὰς

2334 3369 2609 3441 πηρώσεις
2655 3369 2830 3421 αὐτῶν
2870 3365 3188 3435 ἐμακάριζε.
3228 3363 3498 3416 Δοθέντων
3536 3359 3592 3411 δὲ
3633 3358 3895 3410 natum

2335 3462 2481 3528 αὐτῴ
2524 3459 2664 3512 κατά
2703 3477 2861 3510 τινων
2902 3451 3597 3518 ὲπισκόπων,οῠτ⁹ἀνέγνω
3640 3451 3888 3514 τούτουε,

2335 3547 2550 3608 οὐτ’ςίς
2599 3545 2823 3614 ζήτησιν
2874 3544 3134 3610 ἧνεγκενο
3188 3541 3299 3594 ἀλλ’
3357 3539 3585 3594 ἐνώπιον
3634 3540 3891 3592 ἁπάντων

2336 3639 2469 3710 πυρὶ
2501 3639 2693 3698 αὐτοὺς
2731 3636 3113 3703 ἀπετέφρωσεν
3143 3633 3410 3696 ἐπειπὼν,
3443 3633 3526 3684 ὅτι
3563 3630 3692 3683 Κάν
3721 3632 3894 3684 αὐτό-

2337 3749 2486 3798 πτης
2532 3729 2820 3798 ἐγενόμην
2860 3727 3170 3794 ἀρχιερέως
3214 3723 3377 3788 τινὸς
3423 3724 3892 3790 ἁμαρτάνοντος,

2337 3825 2408 3893 τῇ
2442 3821 2758 3892 πορφυρίδι
2789 3837 2903 3888 μου
2938 3816 3014 3870 ἃν
3045 3811 3236 3870 αὐτὸν
3260 3812 3681 3880 συνεκάλυψα.
3719 3812 3895 3862 Ἐκεῖ-

2339 3917 2429 3969 θεν
2466 3917 2543 3977 εἰς
2576 3914 2636 3966 τὸ
2676 3912 2802 3982 παρ’
2831 3909 2997 3964 αὐτοῦ
3038 3906 3251 3962 κτισθὲν
3291 3904 3556 3976 βασίλειον
3593 3905 3730 3958 ἀστυ
3770 3903 3893 3962 τοὺς

2340 4007 2513 4069 θείους
2544 4004 2777 4063 ἐκείνους
2812 3999 3134 4070 μεταγαγὼν
3164 3997 3430 4067 Πατέρας,
3457 3997 3551 4050 καὶ
3582 3995 3676 4064 τῆς
3707 3994 3768 4058 ἐξ
3797 3994 3894 4044 αὐ-

2336 4097 2443 4150 τῶν
2473 4094 2715 4163 εὐλογίας
2741 4091 2979 4157 ἀξιώσας
3005 4089 3157 4155 αὐτὸ,
3191 4090 3280 4142 καὶ
3311 4086 3756 4158 χειροτονηθῆναι
3790 4102 3893 4138 παι

2341 4187 2683 4257 ρασκευᾱισας
2711 4186 2766 4236 ὲν
2787 4181 2935 4252 αὐτῷ
2959 4182 3209 4249 δεύτερον
3236 4179 3608 4250 πατριάρχην,
3633 4179 3726 4231 τὸν
3755 4179 3894 4247 ἱερὸν

2351 4279 2692 4346 Ἀλέξανδρον
2718 4277 2766 4346 (ὁ
2794 4275 2900 4345 γὰρ
2925 4268 3165 4341 ἀοίδιμος
3193 4271 3559 4340 Μητροφάνης
3590 4268 3893 4340 μετήλλαξε

2340 4371 2438 4437 τὴν
2470 4367 2654 4438 ζωὴν),
2687 4367 2897 4434 ἀφῆκεν
2923 4366 3152 4417 ’ἑκαστον
3182 4365 3260 4426 είς
3278 4362 3376 4431 τὴν
3405 4364 3608 4416 οἰκείαν
3639 4362 3894 4415 ἀπελθεῖν

2343 4458 2667 4525 παροικίαν,
2712 4458 2897 4524 τιμαῖς
2941 4471 3000 4506 τε
3050 4455 3145 4506 καὶ
3188 4454 3415 4522 δωρεαῖς
3463 4451 3894 4522 μεγαλοπρεπῶς

687 4540 870 4594 Persis
892 4542 1246 4612 repugnabat)
1270 4558 1393 4597 cum
1415 4544 1590 4598 adhuc
1620 4547 1890 4600 viventem
1918 4546 2230 4612 invenisset,

2343 4549 2537 4609 αὐτοὺς
2563 4544 3107 4614 φιλοφρονησάμενος.
3136 4543 3200 4595 Ἦ
3224 4543 3279 4595 δὲ
3305 4543 3394 4596 τοῦ
3421 4542 3677 4613 βασιλέως
3707 4544 3894 4611 μήτηρ

689 4632 972 4698 magnifice
1019 4634 1347 4701 parentavit,
1395 4644 1450 4689 et
1486 4635 1540 4689 in
1587 4647 1898 4690 sanctorum
1951 4638 2240 4706 Apostolo—

689 4738 809 4779 rum
844 4727 980 4786 aede,
1017 4727 1278 4792 peculiari
1308 4735 1487 4781 tamen
1516 4729 1731 4797 porticu
1757 4727 1823 4782 ad
1866 4729 1916 4782 id
1945 4729 2232 4794 adiﬁcata,

689 4815 926 4881 sepeliit.
962 4814 1293 4879 Memoratur
1323 4826 1506 4872 autem
1535 4819 1771 4890 inclytus
1805 4820 1892 4874 hic
1946 4821 2243 4890 imperator

693 4906 976 4972 pecuniam
1005 4916 1060 4960 et
1099 4907 1236 4961 citra
1286 4909 1557 4964 delectum
1617 4912 1994 4981 insumpsisse,
2041 4923 2095 4965 et
2137 4913 2242 4965 mi-

693 4995 813 5055 nori
851 5010 975 5048 cum
1005 4999 1220 5052 delectu
1260 5015 1609 5069 comparasse
1645 5021 1656 5055 :
1707 5003 1778 5056 ita
1815 5005 2011 5074 utejus
2041 5005 2091 5058 in
2134 5006 2244 5059 lar-

693 5085 888 5155 giendo
920 5087 1160 5142 studium
1210 5089 1622 5158 magniﬁcentia:
1665 5109 1772 5147 non
1813 5095 2106 5160 tribuatur,
2147 5094 2241 5149 sed

693 5185 882 5230 contra
918 5196 930 5228 :
963 5193 1150 5231 verum
1178 5180 1586 5247 temperandum
1620 5196 1703 5237 est
1733 5185 1959 5249 calamo,
1992 5202 2060 5239 ne
2083 5201 2242 5254 quam

694 5268 882 5326 divino
908 5269 983 5323 illi
1010 5271 1128 5323 viro
1158 5271 1335 5325 labem
1372 5285 1679 5340 aspergam.
1723 5275 2016 5330 Enimvero
2061 5277 2247 5345 profa-

2345 4639 2377 4709 ή
2439 4636 2680 4707 μακαρία
2715 4634 2900 4702 Ἑλένη
2956 4637 3038 4696 εἰς
3088 4634 3262 4703 γῆρας
3316 4632 3451 4701 βαθύ
3512 4634 3895 4700 καταντήσασα

2344 4729 2700 4800 (ὀγδοήκοντα
2726 4726 2835 4794 γὰρ
2864 4725 3080 4793 λέγεται
3110 4722 3276 4791 ζῆσαι
3302 4720 3603 4790 ἐνιαυτοὺς)
3632 4721 3775 4791 πρὸς
3802 4721 3895 4782 τὰς

2342 4820 2619 4890 οὐρανίους
2653 4819 2831 4889 ἀπῆρε
2869 4816 3054 4886 μονὰς,
3091 4815 3156 4886 ῆν
3187 4815 3214 4866 ὁ
3246 4813 3360 4877 υίὸς
3392 4816 3451 4867 ἂν
3480 4811 3556 4882 τῷ
3585 4813 3689 4865 τῶν
3725 4813 3895 4881 ἁγίων

2345 4912 2653 4966 ἀποστόλων
2683 4911 2796 4981 ναῷ
2832 4908 3123 4979 βασιλικῶς
3157 4906 3539 4978 ὲθησαύρισεν.
3570 4906 3811 4970 Ἐκεῖνος
3841 4906 3891 4958 δὲ

2345 5002 2484 5054 κατὰ
2529 4999 2749 5070 Περσῶν
2789 4996 3165 5067 ἐκστρατεύων
3203 4999 3450 5067 τριήρεσι
3495 4997 3779 5065 κομίζεται
3820 4997 3893 5055 εἰς

2342 5091 2441 5159 τὴν
2471 5089 2864 5159 Σωτηρόπολιν,
2896 5091 2929 5158 ἢ
2959 5087 3053 5140 νῦν
3080 5085 3398 5156 ὀνομάζεται
3428 5086 3596 5137 Πύθια
3617 5101 3629 5114 ·
3665 5086 3764 5136 καὶ
3793 5086 3895 5143 toi;

2344 5183 2518 5234 ἐκεῖσε
2551 5182 2888 5251 χρησάμενος
2924 5176 3248 5246 αὐτομάτοις
3279 5176 3497 5244 θερμοῖς
3530 5173 3740 5236 ὕδασιν,
3777 5175 3894 5227 ἔνθα

2347 5275 2441 5326 καὶ⁵
2495 5274 2782 5342 φάρμακόν
2827 5290 2880 5323 τι
2933 5272 3076 5323 πιεῖν
3121 5268 3444 5337 δηλητήριον
3491 5268 3700 5335 λέγεται
3755 5266 3895 5338 παρὰ

699 5374 802 5410 nus
831 5359 919 5412 ille
950 5360 1223 5424 Julianus,
1254 5360 1307 5414 in
1343 5361 1485 5415 libro
1509 5361 1576 5416 de
1598 5361 1923 5428 Caesaribus,
1958 5366 2111 5434 quasi
2153 5383 2230 5435 pel

2347 5369 2454 5419 τῶν
2487 5366 2816 5434 ἑτεροθαλῶν
2849 5363 2996 5429 αὐτῷ
3029 5360 3293 5430 κερασθὲν
3323 5360 3589 5430 ἀδελφῶν,
3623 5363 3700 5418 είς
3735 5361 3896 5414 Niso-

701 5447 938 5501 derisum
1009 5452 1378 5519 impensarum
1433 5453 1777 5522 imperatoris
1837 5455 2246 5524 religiosissimi,

2354 5459 2576 5526 μήδειαν
2605 5453 2980 5525 παραγίνεται·
3007 5453 3138 5504 ὅπου
3163 5455 3255 5503 καὶ
3278 5451 3646 5520 τετελεύτηκε,
3666 5452 3891 5519 νοσήσας

702 5539 856 5605 lingit
885 5539 1210 5596 Mercurium
1251 5561 1375 5598 cum
1412 5560 1480 5599 eo
1511 5545 1937 5612 colloquentem,
1986 5561 2226 5612 quaerere

2352 5547 2434 5615 ἐφ’
2458 5547 2662 5606 ἱκανὸν,
2696 5545 2836 5598 ἰνῶν
2863 5539 3098 5611 γεγονὼς
3130 5539 3290 5594 πέντε
3320 5542 3456 5614 πρὸς
3479 5545 3590 5604 τοῖς
3617 5533 3888 5610 {Equam

702 5643 940 5693 qmmam
971 5631 1038 5681 sit
1081 5631 1205 5685 boni
1232 5634 1373 5703 regis
1393 5643 1516 5688 nota
1537 5637 1563 5690 γ
1597 5633 1698 5689 Cui
1759 5635 1870 5690 ille
1898 5635 2249 5704 respondeat,

703 5714 1018 5784 Imperatori
1063 5727 1112 5771 et
1160 5720 1398 5776 habenda
1441 5733 1492 5776 et
1545 5725 1856 5778 insumendo
1904 5741 2011 5779 esse
2060 5725 2250 5780 multa.

708 5805 902 5868 Fertur
933 5827 1031 5867 nec
1064 5829 1092 5868 a
1124 5813 1322 5873 studiis
1365 5814 1736 5872 doctrinarum
1785 5818 1949 5876 fuisse
2020 5818 2250 5884 alienas,

2355 5636 2675 5708 βασιλεύσας
2710 5637 2755 5689 δ’
2783 5639 2852 5688 tu
2884 5630 3087 5685 τούτων
3123 5633 3412 5702 τριάκοντι
3451 5633 3585 5703 πρὸς
3615 5631 3890 5697 δυσὶν,ιν-

2353 5725 2577 5778 δεόντων
2607 5724 2699 5777 δύο
2735 5718 2938 5791 μηνῶν.
2963 5721 3058 5773 Ὃν
3083 5720 3112 5771 δ
3146 5722 3258 5786 uili;
3294 5722 3664 5786 Κωνστάντιος
3697 5720 3756 5787 ιε
3782 5721 3888 5776 ’Λν-

2356 5819 2588 5885 τιοχείας
2630 5813 3062 5885 παραγενόμενος
3104 5815 3240 5885 (lusi
3276 5818 3382 5888 γὰρ
3409 5811 3487 5888 ᾖν
3523 5817 3631 5880 τας
3669 5814 3889 5885 Πέρσαις
