3988 6338
130 442 250 506 1125

1305 435 1708 498 ANNALIUM
1732 437 1896 496 .LlB.
1940 438 2106 495 Xlll.

3160 429 3298 500 1126

181 551 248 605 Z'.
274 549 449 602 Ταῦτα
513 548 607 602 τοῦ
642 548 1022 604 Κωνσταντίου
1061 548 1388 610 σκοποῦντος
1419 547 1512 600 καὶ
1541 546 1654 599 δια-

1826 543 1935 598 Vll.
1974 543 2076 596 Sed
2105 541 2424 596 Constantio
2452 540 2552 594 hac
2583 539 2982 598 deliberatione
3013 559 3298 616 suspenso,

127 642 410 709 μέλλοντος
438 640 466 690 ό
514 639 804 716 Σαπώρης,
841 639 962 692 ἐπεὶ
991 638 1226 708 κάκείνῳ
1273 639 1408 708 πρὸς
1444 638 1646 705 γνῶσιν

121 727 236 797 ἦλθε
264 728 329 780 τά
366 726 745 796 συμϐεϐηκότα
779 727 908 797 περὶ
949 728 1040 780 τὸν
1091 727 1438 791 Κώνσταντα,
1472 726 1648 779 ἐπιτί-

122 821 250 873 θεται
295 815 366 884 τῷ
411 817 608 885 καιρῷ,
650 815 742 868 καὶ
775 817 871 868 σὺν
913 817 1070 887 βαρεῖ
1111 815 1478 887 στρατεύματι
1507 816 1646 870 κατά

117 909 210 960 τῶν
254 905 622 972 ὑποκειμένων
662 905 950 973 Ῥωμαίοις
994 905 1172 958 ἔπεισι
1203 905 1395 974 χωρῶν
1441 922 1501 958 τε
1551 905 1646 957 καὶ

117 986 324 1059 πόλεων,
355 995 449 1047 καὶ
481 995 679 1061 πολλὴν
712 993 809 1062 μὲν
843 993 1094 1064 ὲληΐσατο
1119 993 1324 1063 χώραν,
1354 993 1489 1046 ἀλλά
1519 993 1646 1063 μέν·

115 1085 184 1138 τοι
235 1090 321 1138 καὶ
377 1086 607 1155 φρούρια
657 1081 789 1151 εἷλε,
833 1088 925 1138 καὶ
981 1085 1133 1146 τέλος
1187 1085 1494 1155 ἐπολιόρκει
1546 1083 1662 1152 τὴν·

116 1177 312 1230 Νίσιϐιν
338 1180 472 1245 (38),
508 1179 540 1247 ἢ
583 1176 747 1229 πάλαι
797 1177 896 1244 μὲν
936 1179 1001 1246 τῇ
1053 1178 1161 1230 τῶν
1200 1179 1500 1246 Ἀρμενίων
1537 1176 1645 1229 διέ-

116 1285 230 1337 φερε
273 1269 532 1339 βασιλείᾳ,
569 1269 659 1320 ἐπὶ
693 1269 747 1321 δὲ
777 1267 1109 1334 Μιθριδάτου
1161 1268 1219 1329 ὃς
1255 1267 1520 1338 Τιγράνου
1552 1265 1644 1319 τοῦ

113 1361 207 1410 τῶν
243 1360 540 1428 Ἀρμενίων
588 1359 710 1411 τότε
771 1357 1094 1428 κρατοῦντος
1139 1355 1207 1427 ἦν
1251 1359 1516 1427 γαμὸρδς,
1553 1361 1645 1412 καὶ

113 1450 164 1513 ἐξ
209 1449 410 1500 ἐκείνου
455 1452 554 1518 τὴν
586 1449 740 1502 πόλιν
785 1450 1015 1518 εἰλήφει,
1047 1448 1148 1501 ὑπὸ
1189 1449 1470 1516 Ῥωμαίων
1505 1451 1646 1503 ἑάλω

114 1537 397 1608 πολιορκίᾳ.
442 1536 531 1590 Ἐν
558 1536 730 1610 ταύτῃ
758 1537 889 1604 γοῦν
921 1541 949 1590 ὁ
980 1539 1243 1608 Σαπώρης
1271 1538 1437 1591 ἐλθὼν
1471 1541 1647 1592 πᾶσαν

113 1624 313 1695 ἐκίνησε
353 1625 623 1695 μηχανὴν,
658 1625 723 1678 ἶν’
751 1623 958 1694 αὑτῷὴ
995 1623 1148 1685 πόλις
1188 1623 1318 1692 ἀλῷ,
1355 1625 1540 1692 κριούς
1587 1643 1645 1676 τε

110 1713 206 1783 γὰρ
229 1716 466 1785 προσῆγε
499 1719 608 1778 τοῖς
647 1715 871 1785 τείχεσι,
903 1717 997 1767 καὶ
1025 1716 1292 1784 διώρυχας
1350 1717 1646 1782 ὑπογαίους

111 1806 379 1874 πεποίητο,
405 1806 542 1859 ἀλλὰ.
569 1807 704 1876 πρὸς
730 1807 904 1860 πάντα
930 1805 1189 1872 γενναίως
1202 1805 1646 1859 ἀντικαθίσταντο

107 1895 149 1944 οἱ
173 1895 634 1966 πολιορκούμενοι,
669 1898 762 1948 καὶ
797 1895 886 1948 τὸν
926 1897 1172 1964 ποταμὸν
1212 1897 1288 1961 δὲ,
1323 1896 1378 1960 ὃς
1419 1898 1506 1949 διὰ
1551 1901 1649 1964 μὲ-
1672 1871 1720 1932 Β

111 2001 196 2053 σης
242 1986 390 2058 ἔρρει
430 1987 527 2054 τῆς
555 1987 782 2048 πόλεως,
816 1987 1200 2060 μετωχέτευεν,
1237 1989 1321 2041 ἵνα
1357 1987 1496 2056 δίψει
1528 2005 1648 2040 πιε-

108 2074 310 2143 ζόμενοι
361 2076 413 2130 οἰ
451 2077 546 2146 τῆς
594 2077 798 2140 πόλεως
850 2077 1092 2149 προδῴεν
1137 2077 1282 2148 αὑτῷ
1324 2080 1420 2148 τὴν
1469 2079 1642 2132 πόλιν.

108 2164 222 2229 Τοῖς
262 2167 318 2221 δέ
361 2166 590 2232 ἀφθονία
629 2163 696 2239 ἦν
732 2167 942 2221 ὑδάτων
974 2168 1066 2222 καὶ
1093 2169 1155 2221 ἐκ
1187 2171 1437 2239 φρεάτων
1463 2173 1556 2224 καὶ
1584 2173 1648 2223 ἑκ

107 2273 305 2326 πηγων.
352 2259 440 2322 Ὠς
473 2260 518 2313 δ’
558 2262 638 2321 εἰς
666 2259 827 2316 οὑδὶν
864 2258 1012 2328 αὑτῷ
1071 2264 1351 2328 κατήντων
1386 2259 1648 2330 ἀνύσιμον

105 2348 154 2397 αἰ
204 2344 460 2415 ἐπίνοιαι,
523 2350 712 2419 ἔτερόν
767 2366 818 2402 τι
873 2349 1019 2418 αὑτῷ
1077 2351 1444 2419 μεμηχάνητο.
1499 2351 1647 2402 Ἀνα-

121 2438 343 2508 δραμὼν
377 2442 469 2493 τὸν
519 2439 784 2508 ποταμὸν,
844 2441 919 2515 εἰς
945 2441 1179 2510 εἴρηται,
1207 2441 1295 2491 διὰ
1326 2440 1423 2510 τῆς
1443 2439 1647 2502 πόλεως

107 2528 264 2595 ἕρρει,
290 2531 386 2582 καὶ
421 2529 553 2600 πρὸς
594 2530 879 2598 φάραγγας
917 2530 1173 2598 γεγονὼς,
1206 2529 1336 2583 ἔνθα
1390 2534 1417 2583 ὸ
1473 2531 1648 2600 χῶρος

103 2617 166 2667 δι’
187 2611 246 2668 οὗ
271 2618 436 2689 διῄει,
502 2621 791 2684 ὲστένωτο,
855 2620 1133 2690 ἀπέὼραξε
1188 2622 1280 2676 τὸν
1341 2622 1502 2676 τόπον
1555 2623 1650 2676 καὶ

105 2709 294 2779 ὲπέσχε
325 2712 388 2762 τὸ
414 2711 592 2780 ῥεῦμα
616 2712 801 2765 αὑτοῦ.
835 2711 942 2766 Τοῦ
993 2713 1036 2766 δ’
1065 2713 1254 2777 ὓδατος
1315 2715 1650 2786 πλημμυρή·

106 2818 308 2869 σαντος,
343 2804 540 2870 ἀθρόον
562 2805 628 2856 τὰ
668 2803 982 2874 φραγνύντα
1009 2807 1106 2876 τὴν
1152 2805 1243 2859 τοῦ
1265 2805 1456 2870 ὕδατος
1481 2807 1651 2861 δίοδον

104 2891 292 2954 ἐξελὼν
322 2895 504 2964 ἀφῆκε
553 2895 614 2946 τὸ
638 2895 815 2964 ῥεῦμα
850 2897 990 2949 κατά
1046 2899 1146 2966 τῆς
1203 2899 1443 2960 πόλεως’
1491 2899 1550 2951 τὺ
1593 2898 1650 2950 δὲ

107 2983 266 3037 πολύν
286 3003 347 3038 τε
377 2985 789 3054 σεσωρευμένον
820 2988 917 3040 καὶ
952 2990 1050 3040 σὺν
1082 2987 1174 3056 βίᾳ
1203 2988 1405 3056 σφοδρᾷ
1433 2986 1513 3057 τῷ
1538 2989 1653 3040 τεί-

103 3090 181 3140 χει
217 3075 537 3145 προσπεσὸν
565 3077 734 3145 μέρος
762 3077 973 3129 ἑκείνου
1007 3076 1362 3148 κατέρραεεν.
1395 3079 1508 3131 Οὐκ
1555 3079 1649 3133 εὑ-

104 3162 192 3255 θὺς
222 3166 279 3218 δὲ
311 3169 339 3218 ό
381 3165 657 3237 βάρϐαρος
687 3167 867 3220 εἰσέδυ
888 3166 986 3235 τὴν
1017 3168 1194 3232 πόλιν,
1227 3169 1342 3222 ἀλλ’
1393 3168 1469 3232 ὡς
1547 3171 1646 3240 ἤδη
1676 3196 1719 3255 c

102 3254 410 3328 ήλωθείσης
435 3259 759 3330 αὑτῆς(έπεὶ
782 3258 881 3312 καὶ
910 3258 1046 3330 πρὸς
1091 3261 1333 3327 έσπέραν
1357 3257 1424 3332 ἦν
1453 3263 1481 3315 ὁ
1529 3279 1652 3316 και-

105 3347 209 3414 ρὸς)
237 3350 522 3421 εἰσαύριον
555 3352 976 3422 παραλήψεσθαι
1003 3352 1102 3423 τὴν
1156 3354 1333 3419 πόλιν,
1386 3355 1460 3424 μή
1508 3371 1652 3418 τινος

99 3435 520 3504 ἀντιϐαίνοντος,
571 3441 886 3511 ὑπερέθετο.
919 3443 982 3495 Oi
1007 3444 1053 3496 δ’
1083 3445 1141 3496 ἐν
1173 3446 1237 3513 τῇ
1297 3443 1450 3498 πόλει
1509 3446 1648 3515 πρὸς

106 3529 196 3594 μὲν
223 3531 285 3584 τὸ
319 3531 514 3602 ῥῆγμα
550 3534 645 3587 τοῦ
684 3535 897 3605 τείχους
959 3536 1394 3606 ἀθορυὸήθησαν.
1467 3537 1552 3599 Ὠς
1608 3538 1653 3590 δ’

99 3616 232 3674 εἶδον
265 3624 399 3686 τοὺς
428 3623 640 3694 Πέρσας
658 3625 1064 3696 ὑπερθεμένους
1091 3627 1191 3692 τὴν
1240 3626 1459 3688 εἰσοδον,
1515 3625 1656 3678 ἄϋπ-

104 3729 179 3764 νοι
202 3714 304 3784 τὴν
338 3715 510 3767 νύκτα
527 3715 940 3778 διατελέσαντες
996 3715 1318 3785 πολυχειρίᾳ
1355 3715 1449 3768 τὸν
1491 3716 1652 3767 τόπον

100 3802 429 3874 ὠχύρωσαν,
457 3807 634 3875 τεῖχος
655 3805 804 3869 ἐντὸς
827 3808 1206 3876 ἀνεγείραντες
1251 3809 1438 3876 ἕτερον
1457 3845 1471 3870 ,
1520 3808 1654 3876 ὅπερ

99 3893 265 3946 ἔωθεν
297 3896 327 3947 ὀ
361 3895 632 3965 Σαπώρης
662 3895 783 3948 ἰδὼν
818 3897 1049 3968 ἀμελείᾳ
1083 3897 1261 3968 οἰκείᾳ
1288 3897 1347 3949 τὸ
1398 3896 1653 3965 ἀτύχημα

96 3986 470 4056 ἐπεγράφετο,
497 3987 610 4040 ἀλλ’
663 3987 773 4040 οὐδ’
828 3988 968 4041 οὕτω
1011 3989 1108 4058 τῆς
1160 3987 1473 4058 πολιορκίας
1527 3987 1654 4060 ἀφίη-

100 4092 283 4130 στατο.
305 4077 488 4130 Πολλά
513 4079 570 4130 δὲ
602 4081 694 4130 καὶ
716 4078 879 4147 ἕτερα
909 4080 1046 4132 κατά
1069 4080 1168 4148 τῆς
1200 4077 1403 4137 πόλεως
1434 4079 1656 4146 ἐπινοη-

96 4169 355 4234 σὰμενος,
385 4169 481 4220 καὶ
515 4167 795 4229 πλείστους
822 4168 930 4220 τῶν
956 4170 1170 4221 οἰκείων
1192 4169 1656 4240 ἀποϐαλὼν(ὑπὲρ

96 4257 202 4325 γὰρ
225 4257 330 4319 τὰς
355 4255 532 4309 εἴκοσι
561 4255 808 4325 χιλιάδας
825 4257 1165 4311 κινδυνεῦσαι
1187 4258 1404 4325 λέγεται
1428 4260 1539 4329 (59)
1562 4260 1654 4312 τοῦ

97 4345 384 4416 Περσικοῦ
409 4346 820 4418 στρατεύματος
853 4349 1317 4420 πολιορκουμένης
1365 4350 1654 4418 Νιείϐεως)

1750 632 1941 701 Sapor,
1971 632 2063 701 qui
2095 641 2151 686 et
2206 632 2319 700 ipse
2364 624 2679 685 Constantis
2719 647 2905 686 casum
2953 645 3297 703 cognoverat,

1747 723 2091 777 occasionem
2136 731 2314 792 urget,
2346 729 2556 776 etcum
2614 722 2822 792 ingenti
2870 723 3114 777 exercitu
3171 739 3300 790 pro-

1752 813 1962 868 vincias
1978 824 2030 868 et
2061 813 2226 868 urbes
2246 815 2615 868 Romanorum
2647 812 2875 876 invadit,
2893 813 3053 882 longe
3083 814 3301 881 lateque

1748 904 1960 973 praedas
1991 919 2183 973 agens,
2212 905 2453 959 castellis
2481 903 2646 958 etiam
2678 906 2873 973 captis,
2907 896 3147 969 denique
3199 902 3295 956 Ni—

1745 994 1890 1050 sibin
1925 993 2157 1049 obsidet.
2210 995 2284 1048 Ea
2330 995 2604 1063 quondam
2635 993 2703 1049 ad
2745 994 3018 1048 Armenia:
3074 1008 3298 1062 regnum

1749 1085 2042 1155 pertinuit,
2073 1085 2164 1139 sed
2195 1085 2298 1138 sub
2325 1085 2640 1140 Mithridate
2666 1085 2917 1156 Tigranis
2941 1083 3082 1155 regis
3110 1087 3298 1135 Arme-

1749 1177 1966 1229 niorum
2007 1189 2227 1246 genere,
2269 1177 2361 1244 qui
2405 1186 2517 1230 tum
2546 1178 2690 1231 illam
2725 1176 2960 1230 dotalem
3001 1173 3240 1233 tenebat,
3273 1188 3302 1224 a

1749 1268 2014 1323 Romanis
2049 1279 2205 1337 capta
2238 1268 2358 1321 fuit.
2404 1267 2555 1322 Hanc
2600 1269 2765 1337 igitur
2791 1270 2963 1336 Sapor
2996 1278 3298 1337 aggressus,

1750 1371 1946 1411 omnes
1991 1357 2058 1410 ad
2094 1357 2514 1426 expugnandum
2567 1356 2847 1409 machinas
2893 1356 3166 1417 adhibuit,
3209 1356 3302 1407 ad-

1747 1448 1910 1501 motis
1934 1448 1999 1500 ad
2032 1463 2218 1501 muros
2265 1447 2548 1510 arietibus,
2585 1446 2827 1514 actisque
2866 1447 3155 1499 cuniculis.
3193 1447 3297 1498 Sed

1747 1538 1838 1607 qui
1889 1538 2322 1601 obsidebantur,
2368 1537 2663 1592 l‘ortiterad
2717 1538 2897 1591 omnia
2943 1536 3297 1588 resistebant.

1747 1627 1992 1698 Cumque
2026 1628 2213 1694 ﬂuvio,
2245 1632 2335 1699 qui
2380 1630 2610 1684 mediam
2657 1629 2846 1684 urbem
2897 1626 3136 1696 perfluit,
3197 1627 3302 1680 alio

1749 1720 2016 1784 derivato,
2055 1730 2114 1774 ut
2145 1721 2402 1790 oppidani
2445 1721 2533 1775 siti
2569 1723 2741 1774 coacti
2776 1735 2896 1773 sese
2925 1719 3208 1779 dederent,
3235 1732 3302 1770 ex

1749 1813 1928 1882 puteis
1961 1823 2015 1866 et
2065 1814 2313 1866 fontibus
2351 1813 2568 1866 abunde
2614 1813 2724 1865 illis
2771 1823 2910 1878 aqua
2954 1817 3298 1878 suppetente,

1748 1905 1882 1957 nihil
1923 1903 2262 1971 profecisset,
2305 1903 2370 1955 ad
2419 1902 2564 1956 aiiud
2608 1902 2966 1956 convertitur.
3007 1902 3303 1969 Regressus

1752 1993 1852 2062 15
1878 1995 2022 2055 enim
2049 2009 2238 2048 versus
2262 2005 2419 2062 caput
2453 1992 2693 2062 ejusdem
2721 1991 2917 2054 amnis,
2945 2006 3050 2058 qua
3074 1992 3126 2046 in
3164 2003 3298 2042 con-
3338 1990 3341 1991 ⁷
3434 1993 3438 1996 ’

1747 2084 1980 2137 vallibus
2004 2099 2108 2154 ang
2125 2093 2246 2137 usto
2276 2086 2428 2138 alveo
2450 2083 2724 2137 deﬂuebat.
2753 2101 2766 2138 :
2790 2082 2910 2136 loco
2937 2082 3028 2138 illo
3048 2082 3295 2149 obsepto,

1745 2186 1967 2226 cursum
2010 2173 2267 2237 inhibuit,
2313 2182 2369 2226 et
2424 2189 2619 2241 aquam
2670 2181 3032 2243 stagnantem,
3080 2171 3304 2224 remotis

1747 2262 2034 2331 aggeribus
2084 2261 2370 2317 con‘estim
2412 2278 2602 2316 versus
2652 2263 2838 2315 urbem
2897 2261 3122 2316 emisit:
3181 2275 3302 2328 qua:

1747 2352 1872 2419 quia
1909 2351 2144 2419 plurima
2171 2351 2395 2406 collecta
2435 2351 2637 2412 fuerat,
2677 2365 2869 2420 magno
2915 2351 3119 2416 impetu
3173 2364 3301 2416 par-

1750 2450 1855 2494 tem
1891 2441 2032 2493 muri
2068 2440 2286 2510 dejecit.
2322 2441 2590 2494 Barbarus
2621 2456 2749 2494 vero
2790 2455 2914 2493 cum
2959 2441 3146 2493 urbem
3193 2455 3300 2491 non

1747 2530 1928 2584 statim
1978 2529 2226 2595 intraret,
2268 2539 2380 2583 tum
2412 2530 2538 2600 quia
2580 2529 2688 2585 diei
2757 2544 2939 2584 serum
2981 2541 3133 2594 erat,
3187 2540 3298 2582 tum

1748 2622 1890 2691 quod
1913 2624 2021 2691 jam
2046 2614 2434 2693 expugnatam,
2455 2623 2714 2691 postridie
2736 2622 2871 2675 citra
2895 2623 3300 2676 dimicationem

1751 2729 1809 2768 se
1839 2724 2193 2784 accepturum
2245 2715 2512 2783 putabat:
2545 2715 2800 2785 oppidani
2836 2715 2935 2768 etsi
2973 2715 3038 2768 ad
3091 2716 3299 2768 ruinam

1752 2806 1894 2860 muri
1925 2807 2283 2869 consternati,
2315 2815 2492 2858 tamen
2525 2816 2584 2859 ut
2614 2806 2802 2860 Persas
2833 2806 3053 2859 diderre
3090 2805 3302 2874 ingres-

1752 2909 1872 2948 sum
1905 2894 2186 2958 viderunt,
2227 2904 2440 2948 noctein
2484 2896 2627 2948 illam
2672 2896 3203 2965 egere.insomnem,
3246 2907 3300 2950 e'

1751 3001 2036 3054 operarum
2061 2987 2410 3039 multitudine
2441 3000 2582 3038 novo
2610 2995 2893 3039 exstructo
2929 3001 3086 3038 muro
3119 2987 3298 3040 locum

1751 3077 1904 3131 illum
1955 3077 2326 3130 muniverunt.
2378 3074 2495 3140 Quo
2548 3074 2721 3143 Sapor
2775 3089 2934 3128 mane
2988 3086 3302 3143 conSpecto,
3385 3112 3394 3117 -

1752 3182 1937 3223 casum
1968 3182 2092 3221 eum
2135 3181 2246 3220 suae
2279 3165 2621 3235 negligentiae
2664 3164 2967 3229 ascribens,
3012 3165 3183 3219 nihilo
3209 3181 3297 3220 se-

1753 3259 1872 3315 cius
1899 3258 2361 3327 oppugnationem
2390 3266 2567 3326 urget,
2601 3257 2789 3311 multis
2841 3257 2962 3310 aliis
2998 3257 3300 3312 rationibus

1753 3351 1994 3405 tentatis.
2049 3350 2184 3403 Cum
2230 3357 2412 3402 autem
2460 3363 2681 3402 suorum
2734 3348 2999 3418 plurimos
3030 3349 3300 3402 amisisset

1755 3443 1899 3510 (nam
1929 3442 1993 3495 ad
2025 3440 2220 3510 viginti
2269 3440 2438 3493 millia
2471 3440 2760 3494 Persarum
2806 3440 2872 3493 ad
2904 3439 3115 3494 Nisibin
3160 3440 3301 3493 ceci-

1752 3535 1894 3588 disse
1925 3533 2228 3596 dicuntur),
2260 3547 2382 3586 cum
2412 3531 2680 3585 dedecore
2707 3531 2954 3592 discedit,
2977 3529 3122 3598 quod
3163 3529 3302 3584 Mas-

1754 3634 1950 3692 sagetae
1981 3624 2120 3676 facta
2157 3622 2516 3690 impressione
2542 3622 2780 3675 Persiam
2811 3630 3108 3674 vastarent.
3149 3620 3296 3674 Con-

1753 3716 1986 3769 stantius
2047 3715 2360 3779 imperator,
2423 3713 2590 3766 Nisibi
2664 3697 2917 3776 munita,
2968 3722 3028 3792 et
3084 3713 3300 3768 civibus

1755 3805 2031 3867 recreatis,
2093 3805 2304 3859 Orienti
2376 3819 2407 3858 a
2459 3805 2640 3861 Persis
2687 3805 2796 3874 jam
2852 3803 3087 3858 induciis
3133 3805 3297 3868 datis,

1754 3911 1946 3950 versus
1983 3897 2330 3950 Occidentem
2370 3895 2738 3965 progreditur,
2772 3911 2894 3948 cum
2933 3896 2982 3949 ei
3021 3897 3304 3960 nuntiatur

1755 3988 2015 4044 Vetranio
2050 3990 2324 4044 colludere
2354 4005 2478 4043 cum
2528 3989 2854 4057 Magnentio.
2887 3988 3015 4040 Erat
3047 3990 3091 4040 is
3123 3988 3300 4055 Illyri-

1755 4096 1940 4136 carum
1985 4081 2258 4150 legionum
2298 4081 2426 4142 dux,
2453 4082 2781 4148 cognitoque
2806 4077 3094 4146 Magnentii
3125 4087 3298 4143 motu,

1755 4185 1809 4228 et
1838 4173 1983 4227 crede
2013 4171 2343 4238 Constantis,
2371 4179 2598 4238 tyranno
2635 4167 2776 4220 haud
2818 4178 3078 4233 cesserat,
3122 4169 3217 4223 sed
3248 4180 3302 4223 et

1759 4263 1871 4330 ipse
1901 4260 2029 4313 alibi
2067 4259 2403 4328 tyrannidem
2436 4268 2726 4325 occuparat
2762 4275 2774 4311 :
2819 4259 2921 4312 etsi
2957 4273 3054 4326 per
3095 4259 3303 4312 litteras

1755 4365 1812 4405 se
1850 4359 2076 4420 tyranno
2109 4350 2359 4402 resistere
2395 4349 2772 4418 proﬁtebatur,
2833 4351 3118 4419 ipsumque
3156 4350 3301 4405 Con-

98 4437 219 4503 μετ’
247 4437 518 4508 αἰσχύνης
539 4439 908 4510 ἀνεχώρησεν.
936 4440 1073 4510 ξἨδη
1093 4443 1197 4510 γὰρ
1229 4443 1317 4492 καὶ
1339 4441 1653 4508 Μασαγέται

1758 4442 2014 4495 stantium
2049 4439 2115 4493 ad
2143 4439 2292 4494 illum
2323 4453 2548 4507 propere
2583 4440 2995 4508 opprimendum
3021 4440 3301 4495 evocabat.

94 4530 159 4598 τῇ
195 4505 430 4600 Περσίδι
458 4505 787 4599 tamam,
819 4531 914 4582 καὶ
936 4505 1080 4595 ἀὺτῇ
1105 4505 1481 4597 μαίνοντο.
1499 4505 1654 4584 Κων-

1761 4530 2010 4586 Vetranio
2039 4529 2203 4596 igitur
2227 4536 2282 4581 et
2319 4505 2671 4596 Magnentius
2692 4528 2854 4580 certis
2896 4527 3303 4583 conditionibus

96 4621 354 4683 στάντιος
383 4621 439 4673 δὲ
461 4623 489 4673 ὁ
520 4621 775 4689 βασιλεὺς
798 4620 895 4686 τὴν
918 4620 1017 4688 μὲν
1032 4621 1245 4672 Νίσιϐιν
1267 4623 1659 4691 κατωχύρωσε,

97 4711 189 4759 καὶ
221 4712 355 4770 τοὺς
379 4707 599 4770 πολίτας
620 4708 788 4775 αὑτῆς
818 4708 1174 4777 ἀνεκτήσατο.
1200 4711 1370 4770 Αὐτὸς
1432 4712 1487 4762 δὲ
1525 4716 1657 4766 ἀνα·

91 4800 282 4869 κωχῆς
311 4799 414 4868 ἠδη
433 4800 498 4867 τῇ
525 4796 635 4868 id);
664 4799 962 4866 γενομένης
997 4801 1058 4851 ὲκ
1082 4800 1184 4850 τῶν
1238 4801 1461 4868 Περσῶν
1523 4804 1658 4869 πρὸς

91 4893 159 4942 τὰ
178 4890 423 4958 ἑσπέρια
455 4887 701 4958 ὥρμησε.
759 4887 866 4940 Καί
920 4890 968 4939 οἰ
999 4889 1315 4955 ἀγγέλλεται
1352 4891 1653 4960 Βετρανίων

92 4980 209 5046 (40)
235 4980 688 5048 κοινοπραγήσας
714 4978 793 5047 τῷ
824 4979 1166 5044 Μαγνεντίῳ.
1208 4979 1328 5030 Τῶν
1383 4981 1489 5050 γὰρ
1529 4981 1656 5050 παρ’

1753 4618 2107 4680 reconciliati,
2163 4616 2323 4670 ambo
2372 4615 2733 4677 communiter
2784 4617 2989 4684 legatos
3039 4617 3106 4671 ad
3155 4618 3299 4672 Con-

1752 4708 2010 4764 stantium
2044 4707 2286 4771 mittunt,
2315 4715 2581 4774 petentes,
2619 4715 2677 4758 ut
2711 4707 2877 4760 armis
2919 4709 3114 4777 positis
3147 4711 3300 4778 pritr-

1752 4799 1932 4868 cipem
1957 4797 2218 4849 honorem
2249 4796 2535 4851 obtineret.
2566 4795 2685 4851 Hice
2712 4797 2889 4868 legati,
2918 4800 3297 4868 imperatorem

1751 4891 1892 4944 circa
1923 4887 2164 4944 Thracia:
2194 4888 2506 4943 Heracleam
2535 4891 2713 4959 adepti
2747 4894 3079 4956 renuntiant,
3110 4893 3201 4961 qui
3228 4894 3299 4949 ob

1751 4981 1840 5035 illa
1894 4977 2178 5044 sollicitus,
2239 4988 2401 5035 noctu
2449 4984 2722 5032 somnium
2777 4981 3088 5049 hujusmodi
3133 4981 3292 5036 vidit.

1242 5139 1434 5198 Varia)
1477 5137 1785 5201 lectiones
1806 5146 1864 5199 et
1895 5145 2082 5197 notae.

172 5289 292 5353 (58)
357 5289 609 5361 Νίσιϐιν.
661 5289 793 5361 Vide
856 5291 1244 5353 Marcellinum,
1290 5290 1385 5342 lib.
1412 5306 1563 5356 xvm,
1596 5308 1649 5361 p.

99 5361 223 5421 128,
257 5361 282 5411 l
327 5359 452 5411 edit.
486 5358 577 5421 qui
622 5371 687 5409 ex
722 5359 926 5412 Zonara
969 5361 1284 5414 illustratur.

137 5465 142 5470 -
169 5429 292 5496 (59)
321 5426 598 5498 Χιλιάᾶας
629 5426 1013 5498 κινζδυνεῦσηι
1040 5429 1289 5498 λέγεται.
1325 5429 1666 5484 Κινδυνεύειν

92 5514 200 5568 pro
233 5501 453 5617 κξεσεεῖν
478 5496 569 5551 hic
607 5495 853 5565 ponitur,
886 5507 945 5550 ut
976 5495 1130 5553 alibi'
1151 5512 1315 5567 saepe,
1353 5508 1412 5552 ut
1465 5500 1656 5555 obser-

93 5577 191 5617 vat
319 5604 331 5614 .

93 5577 191 5621 κ’θί
239 5577 301 5617 \V
319 5604 331 5614 .

156 5633 288 5704 MO)
311 5635 672 5704 Bst-partior.
702 5635 777 5689 lta
826 5635 1251 5699 emendavimus,
1288 5652 1409 5690 cum
1436 5637 1662 5692 Wolfius

92 5702 185 5759 hic
215 5713 278 5757 et
307 5702 446 5773 intra
471 5706 772 5773 Βρετανίων
799 5705 1055 5758 edidisset
1087 5708 1198 5760 :sic
1226 5707 1369 5760 enim
1397 5715 1505 5761 tres
1531 5723 1660 5763 mss.

94 5773 266 5842 ltegii
304 5771 621 5839 pra-ferunt,
651 5776 922 5842 quomodo
957 5776 1117 5827 etiam
1153 5777 1353 5830 habent
1389 5776 1659 5840 Zosimus,

1758 5294 1992 5345 Joannes
2065 5291 2456 5350 Antiochenus,
2514 5287 2804 5341 Chronico»
2863 5288 3298 5351 Alexandrinum,

1764 5362 1966 5416 nummi
2025 5371 2256 5424 veteres,
2311 5370 2366 5414 et
2408 5359 2704 5425 scriptores
2759 5358 2955 5410 Latini.
3008 5358 3300 5424 Eutropius

1761 5447 1889 5484 vero
1950 5430 2364 5488 Veteranionem,
2406 5428 2799 5496 Philostorgius
2873 5426 3296 5494 Οὑετερανίωνσ,

1761 5509 1954 5554 vocant
1989 5517 2000 5551 :
2037 5515 2141 5567 qua
2191 5502 2376 5553 ultima
2421 5497 2826 5551 nomenclatura
2867 5498 3297 5567 quemdam_r_t_ie-

1761 5579 1935 5623 morat
1957 5563 2272 5622 Ammianus
2301 5569 2402 5622 sub
2422 5567 2609 5620 eadem
2643 5567 2754 5620 fere
2787 5575 3045 5630 tempora,
3079 5565 3169 5630 qui
3198 5563 3296 5615 Zo-

1762 5639 1920 5700 simo,
1986 5640 2080 5692 lib.
2130 5655 2206 5703 tu,
2283 5652 2336 5705 p.
2401 5638 2488 5701 72,
2561 5637 2859 5705 Βρετανίων
2934 5648 3296 5699 nuncupatur.

1761 5709 2062 5775 Βρετανξων
2098 5701 2256 5761 habet
2283 5701 2457 5760 'codex
2495 5701 2788 5775 recentior,
2826 5701 3066 5775 Zonarie,
3129 5711 3187 5753 ut
3242 5712 3320 5775 et

1759 5771 2136 5845 Theophanes.
2194 5777 2490 5845 Βριτανίων
2539 5773 2882 5835 Athanasius,
2928 5773 2980 5824 in
3014 5771 3298 5840 Εμειπειί
