  <div class='ocr_page' id='page_1' title='image "/cluster/home/n/w/nwhite01/storage/ocr_20150623/134/pst.000005714506/597.png"; bbox 0 0 4036 6350; ppageno 0'>
   <div class='ocr_carea' id='block_1_1' title="bbox 605 428 3810 515">
    <p class='ocr_par' dir='ltr' id='par_1_1' title="bbox 605 428 3810 515">
     <span class='ocr_line' id='line_1_1' title="bbox 605 428 3810 515; baseline -0.004 -9"><span class='ocrx_word' id='word_1_1' title='bbox 605 446 744 515; x_wconf 79' lang='grc'>1179</span> <span class='ocrx_word' id='word_1_2' title='bbox 1855 441 2175 504; x_wconf 77' lang='lat' dir='ltr'><strong>JOANNIS</strong></span> <span class='ocrx_word' id='word_1_3' title='bbox 2207 436 2554 500; x_wconf 45' lang='lat' dir='ltr'><strong>ZONARIE&#39;</strong></span> <span class='ocrx_word' id='word_1_4' title='bbox 2801 455 2806 460; x_wconf 78' lang='grc'><em>’</em></span> <span class='ocrx_word' id='word_1_5' title='bbox 3654 428 3810 494; x_wconf 78' lang='lat'><strong>1130</strong></span> 
     </span>
    </p>
   </div>
   <div class='ocr_carea' id='block_1_2' title="bbox 601 539 2171 621">
    <p class='ocr_par' dir='ltr' id='par_1_2' title="bbox 601 548 2155 621">
     <span class='ocr_line' id='line_1_2' title="bbox 601 548 2155 621; baseline -0.003 -16"><span class='ocrx_word' id='word_1_6' title='bbox 601 552 654 605; x_wconf 87' lang='lat' dir='ltr'><strong>in</strong></span> <span class='ocrx_word' id='word_1_7' title='bbox 689 555 852 608; x_wconf 86' lang='lat' dir='ltr'><strong>vitam</strong></span> <span class='ocrx_word' id='word_1_8' title='bbox 883 552 1183 607; x_wconf 89' lang='lat' dir='ltr'><strong>solitariam</strong></span> <span class='ocrx_word' id='word_1_9' title='bbox 1213 553 1480 617; x_wconf 79' lang='lat' dir='ltr'><strong>contulit,</strong></span> <span class='ocrx_word' id='word_1_10' title='bbox 1511 552 1730 621; x_wconf 85' lang='lat' dir='ltr'><strong>ibique,</strong></span> <span class='ocrx_word' id='word_1_11' title='bbox 1785 550 1958 605; x_wconf 89' lang='lat' dir='ltr'><strong>instar</strong></span> <span class='ocrx_word' id='word_1_12' title='bbox 1981 548 2155 619; x_wconf 72' lang='lat' dir='ltr'><strong>angeli</strong></span> 
     </span>
    </p>
   </div>
   <div class='ocr_carea' id='block_1_3' title="bbox 2274 539 3827 621">
    <p class='ocr_par' dir='ltr' id='par_1_3' title="bbox 2274 539 3827 614">
     <span class='ocr_line' id='line_1_3' title="bbox 2274 539 3827 614; baseline -0.005 -16"><span class='ocrx_word' id='word_1_13' title='bbox 2274 545 2506 614; x_wconf 68' lang='grc' dir='ltr'>ἑστηκὼς</span> <span class='ocrx_word' id='word_1_14' title='bbox 2567 539 2803 612; x_wconf 77' lang='grc' dir='ltr'>ἐπλήρου</span> <span class='ocrx_word' id='word_1_15' title='bbox 2853 541 2950 614; x_wconf 75' lang='grc' dir='ltr'><strong>τήν</strong></span> <span class='ocrx_word' id='word_1_16' title='bbox 3010 542 3362 609; x_wconf 71' lang='grc' dir='ltr'><strong>διδασκαλίαν</strong></span> <span class='ocrx_word' id='word_1_17' title='bbox 3423 541 3632 602; x_wconf 75' lang='grc' dir='ltr'>αὐτοῖς.</span> <span class='ocrx_word' id='word_1_18' title='bbox 3701 542 3827 593; x_wconf 71' lang='grc' dir='ltr'>Καί</span> 
     </span>
    </p>
   </div>
   <div class='ocr_carea' id='block_1_4' title="bbox 602 629 2171 711">
    <p class='ocr_par' dir='ltr' id='par_1_4' title="bbox 602 642 2156 711">
     <span class='ocr_line' id='line_1_4' title="bbox 602 642 2156 711; baseline 0 -19"><span class='ocrx_word' id='word_1_19' title='bbox 602 642 756 694; x_wconf 82' lang='lat' dir='ltr'><strong>vixit.</strong></span> <span class='ocrx_word' id='word_1_20' title='bbox 793 643 1134 697; x_wconf 89' lang='lat' dir='ltr'><strong>Theodosius</strong></span> <span class='ocrx_word' id='word_1_21' title='bbox 1163 653 1344 698; x_wconf 86' lang='lat' dir='ltr'><strong>autem</strong></span> <span class='ocrx_word' id='word_1_22' title='bbox 1380 643 1677 711; x_wconf 77' lang='lat' dir='ltr'><strong>imperator</strong></span> <span class='ocrx_word' id='word_1_23' title='bbox 1706 654 1832 696; x_wconf 90' lang='lat' dir='ltr'><strong>eum</strong></span> <span class='ocrx_word' id='word_1_24' title='bbox 1864 642 2156 710; x_wconf 75' lang='lat' dir='ltr'><strong>diligenter</strong></span> 
     </span>
    </p>
   </div>
   <div class='ocr_carea' id='block_1_5' title="bbox 2274 629 3845 711">
    <p class='ocr_par' dir='ltr' id='par_1_5' title="bbox 2274 629 3845 706">
     <span class='ocr_line' id='line_1_5' title="bbox 2274 629 3845 706; baseline -0.008 -14"><span class='ocrx_word' id='word_1_25' title='bbox 2274 655 2392 692; x_wconf 75' lang='grc' dir='ltr'>ποτε</span> <span class='ocrx_word' id='word_1_26' title='bbox 2418 635 2614 706; x_wconf 77' lang='grc' dir='ltr'>ἀθρόον</span> <span class='ocrx_word' id='word_1_27' title='bbox 2638 636 2821 698; x_wconf 82' lang='grc' dir='ltr'>αὐτοῖς</span> <span class='ocrx_word' id='word_1_28' title='bbox 2841 637 2869 690; x_wconf 98' lang='lat'><strong>6</strong></span> <span class='ocrx_word' id='word_1_29' title='bbox 2899 634 3150 704; x_wconf 82' lang='grc' dir='ltr'>βασιλεὺς</span> <span class='ocrx_word' id='word_1_30' title='bbox 3167 635 3414 699; x_wconf 74' lang='grc' dir='ltr'>ἐπιστάς,</span> <span class='ocrx_word' id='word_1_31' title='bbox 3441 633 3536 687; x_wconf 76' lang='grc' dir='ltr'>καὶ</span> <span class='ocrx_word' id='word_1_32' title='bbox 3570 633 3700 692; x_wconf 77' lang='grc' dir='ltr'>τοὺς</span> <span class='ocrx_word' id='word_1_33' title='bbox 3730 629 3845 698; x_wconf 73' lang='grc' dir='ltr'><strong>μὲν</strong></span> 
     </span>
    </p>
   </div>
   <div class='ocr_carea' id='block_1_6' title="bbox 604 719 2171 804">
    <p class='ocr_par' dir='ltr' id='par_1_6' title="bbox 604 719 2156 804">
     <span class='ocr_line' id='line_1_6' title="bbox 604 719 2156 804; baseline -0.002 -19"><span class='ocrx_word' id='word_1_34' title='bbox 604 733 923 802; x_wconf 89' lang='lat' dir='ltr'><strong>inquisitum</strong></span> <span class='ocrx_word' id='word_1_35' title='bbox 975 750 1245 804; x_wconf 86' lang='lat' dir='ltr'><strong>nusquam</strong></span> <span class='ocrx_word' id='word_1_36' title='bbox 1310 735 1565 804; x_wconf 83' lang='lat' dir='ltr'><strong>reperit,</strong></span> <span class='ocrx_word' id='word_1_37' title='bbox 1633 741 1688 788; x_wconf 87' lang='lat' dir='ltr'><strong>et</strong></span> <span class='ocrx_word' id='word_1_38' title='bbox 1744 719 2035 800; x_wconf 80' lang='lat' dir='ltr'><strong>MediOlani</strong></span> <span class='ocrx_word' id='word_1_39' title='bbox 2089 745 2156 784; x_wconf 81' lang='lat' dir='ltr'><strong>ex</strong></span> 
     </span>
    </p>
   </div>
   <div class='ocr_carea' id='block_1_7' title="bbox 2274 719 3842 804">
    <p class='ocr_par' dir='ltr' id='par_1_7' title="bbox 2274 723 3842 800">
     <span class='ocr_line' id='line_1_7' title="bbox 2274 723 3842 800; baseline -0.003 -18"><span class='ocrx_word' id='word_1_40' title='bbox 2274 728 2603 798; x_wconf 69' lang='grc' dir='ltr'>καθημένους</span> <span class='ocrx_word' id='word_1_41' title='bbox 2663 727 2860 795; x_wconf 81' lang='grc' dir='ltr'><strong>εὑρὼν,</strong></span> <span class='ocrx_word' id='word_1_42' title='bbox 2920 725 3201 793; x_wconf 73' lang='grc' dir='ltr'><strong>ἱστάμενον</strong></span> <span class='ocrx_word' id='word_1_43' title='bbox 3249 724 3305 800; x_wconf 79' lang='grc' dir='ltr'>δὲ</span> <span class='ocrx_word' id='word_1_44' title='bbox 3384 724 3476 778; x_wconf 77' lang='grc' dir='ltr'><strong>τὸν</strong></span> <span class='ocrx_word' id='word_1_45' title='bbox 3519 723 3842 792; x_wconf 75' lang='grc' dir='ltr'>Ἀρσένιον.</span> 
     </span>
    </p>
   </div>
   <div class='ocr_carea' id='block_1_8' title="bbox 558 809 2171 897">
    <p class='ocr_par' dir='ltr' id='par_1_8' title="bbox 558 818 2154 891">
     <span class='ocr_line' id='line_1_8' title="bbox 558 818 2154 891; baseline -0.002 -19"><span class='ocrx_word' id='word_1_46' title='bbox 558 876 560 879; x_wconf 65' lang='grc'><strong>,</strong></span> <span class='ocrx_word' id='word_1_47' title='bbox 605 821 796 873; x_wconf 84' lang='lat' dir='ltr'><strong>morbo</strong></span> <span class='ocrx_word' id='word_1_48' title='bbox 851 823 1101 885; x_wconf 90' lang='lat' dir='ltr'><strong>moritur,</strong></span> <span class='ocrx_word' id='word_1_49' title='bbox 1152 838 1295 876; x_wconf 88' lang='lat' dir='ltr'><strong>anno</strong></span> <span class='ocrx_word' id='word_1_50' title='bbox 1352 822 1568 891; x_wconf 91' lang='lat' dir='ltr'><strong>imperii</strong></span> <span class='ocrx_word' id='word_1_51' title='bbox 1627 820 1840 875; x_wconf 83' lang='lat' dir='ltr'><strong>decimo</strong></span> <span class='ocrx_word' id='word_1_52' title='bbox 1901 818 2154 888; x_wconf 88' lang='lat' dir='ltr'><strong>septimo,</strong></span> 
     </span>
    </p>
   </div>
   <div class='ocr_carea' id='block_1_9' title="bbox 2274 809 3845 897">
    <p class='ocr_par' dir='ltr' id='par_1_9' title="bbox 2274 809 3845 897">
     <span class='ocr_line' id='line_1_9' title="bbox 2274 809 3845 897; baseline 0 -27"><span class='ocrx_word' id='word_1_53' title='bbox 2274 819 2637 897; x_wconf 60' lang='grc' dir='ltr'><strong>ἠγανάκτησε,</strong></span> <span class='ocrx_word' id='word_1_54' title='bbox 2663 819 2758 871; x_wconf 79' lang='grc' dir='ltr'>καὶ</span> <span class='ocrx_word' id='word_1_55' title='bbox 2795 817 2924 880; x_wconf 80' lang='grc' dir='ltr'><strong>τοὺς</strong></span> <span class='ocrx_word' id='word_1_56' title='bbox 2963 815 3063 885; x_wconf 82' lang='grc' dir='ltr'><strong>μὲν</strong></span> <span class='ocrx_word' id='word_1_57' title='bbox 3095 815 3442 889; x_wconf 18' lang='grc' dir='ltr'>παίδαςλτῶν</span> <span class='ocrx_word' id='word_1_58' title='bbox 3493 813 3702 882; x_wconf 77' lang='grc' dir='ltr'>θρόνων</span> <span class='ocrx_word' id='word_1_59' title='bbox 3757 809 3845 872; x_wconf 78' lang='grc' dir='ltr'><strong>ἒξ·</strong></span> 
     </span>
    </p>
   </div>
   <div class='ocr_carea' id='block_1_10' title="bbox 608 903 2171 981">
    <p class='ocr_par' dir='ltr' id='par_1_10' title="bbox 608 906 2154 981">
     <span class='ocr_line' id='line_1_10' title="bbox 608 906 2154 981; baseline -0.001 -21"><span class='ocrx_word' id='word_1_60' title='bbox 608 923 773 978; x_wconf 86' lang='lat' dir='ltr'><strong>supra</strong></span> <span class='ocrx_word' id='word_1_61' title='bbox 797 926 1012 967; x_wconf 84' lang='lat' dir='ltr'><strong>menses</strong></span> <span class='ocrx_word' id='word_1_62' title='bbox 1032 913 1277 981; x_wconf 87' lang='lat' dir='ltr'><strong>quinque</strong></span> <span class='ocrx_word' id='word_1_63' title='bbox 1299 952 1312 974; x_wconf 90' lang='lat'><strong>,</strong></span> <span class='ocrx_word' id='word_1_64' title='bbox 1352 927 1418 964; x_wconf 88' lang='lat' dir='ltr'><strong>eo</strong></span> <span class='ocrx_word' id='word_1_65' title='bbox 1457 913 1602 964; x_wconf 89' lang='lat' dir='ltr'><strong>inter</strong></span> <span class='ocrx_word' id='word_1_66' title='bbox 1625 909 1764 962; x_wconf 91' lang='lat' dir='ltr'><strong>duos</strong></span> <span class='ocrx_word' id='word_1_67' title='bbox 1791 907 1930 961; x_wconf 81' lang='lat' dir='ltr'><strong>ﬁlios</strong></span> <span class='ocrx_word' id='word_1_68' title='bbox 1957 906 2154 959; x_wconf 91' lang='lat' dir='ltr'><strong>diviso.</strong></span> 
     </span>
    </p>
   </div>
   <div class='ocr_carea' id='block_1_11' title="bbox 2274 903 3849 981">
    <p class='ocr_par' dir='ltr' id='par_1_11' title="bbox 2274 903 3849 977">
     <span class='ocr_line' id='line_1_11' title="bbox 2274 903 3849 977; baseline -0.006 -15"><span class='ocrx_word' id='word_1_69' title='bbox 2274 909 2593 977; x_wconf 82' lang='grc' dir='ltr'>ιναστήσας,</span> <span class='ocrx_word' id='word_1_70' title='bbox 2631 908 2862 969; x_wconf 79' lang='grc' dir='ltr'>καθίσας</span> <span class='ocrx_word' id='word_1_71' title='bbox 2913 909 2970 961; x_wconf 82' lang='grc' dir='ltr'>δὲ</span> <span class='ocrx_word' id='word_1_72' title='bbox 3025 907 3116 960; x_wconf 75' lang='grc' dir='ltr'><strong>τὸν</strong></span> <span class='ocrx_word' id='word_1_73' title='bbox 3157 908 3478 975; x_wconf 66' lang='grc' dir='ltr'><strong>,’ᾼρσένιον,</strong></span> <span class='ocrx_word' id='word_1_74' title='bbox 3510 905 3659 958; x_wconf 74' lang='grc' dir='ltr'>οὕτω</span> <span class='ocrx_word' id='word_1_75' title='bbox 3687 903 3849 956; x_wconf 74' lang='grc' dir='ltr'>διδὰο</span> 
     </span>
    </p>
   </div>
   <div class='ocr_carea' id='block_1_12' title="bbox 603 981 2171 1064">
    <p class='ocr_par' dir='ltr' id='par_1_12' title="bbox 603 996 2158 1056">
     <span class='ocr_line' id='line_1_12' title="bbox 603 996 2158 1056; baseline -0.003 -4"><span class='ocrx_word' id='word_1_76' title='bbox 603 999 837 1053; x_wconf 75' lang='lat' dir='ltr'><strong>Arcadio</strong></span> <span class='ocrx_word' id='word_1_77' title='bbox 882 1017 1022 1056; x_wconf 79' lang='lat' dir='ltr'><strong>nova</strong></span> <span class='ocrx_word' id='word_1_78' title='bbox 1074 1003 1245 1056; x_wconf 82' lang='lat' dir='ltr'><strong>Roma</strong></span> <span class='ocrx_word' id='word_1_79' title='bbox 1293 1002 1554 1056; x_wconf 84' lang='lat' dir='ltr'><strong>attributa</strong></span> <span class='ocrx_word' id='word_1_80' title='bbox 1591 1011 1675 1054; x_wconf 90' lang='lat' dir='ltr'><strong>est</strong></span> <span class='ocrx_word' id='word_1_81' title='bbox 1727 1014 1850 1056; x_wconf 92' lang='lat' dir='ltr'><strong>cum</strong></span> <span class='ocrx_word' id='word_1_82' title='bbox 1911 996 2158 1051; x_wconf 81' lang='lat' dir='ltr'><strong>ﬁnitimis</strong></span> 
     </span>
    </p>
   </div>
   <div class='ocr_carea' id='block_1_13' title="bbox 2274 981 3846 1064">
    <p class='ocr_par' dir='ltr' id='par_1_13' title="bbox 2274 981 3846 1064">
     <span class='ocr_line' id='line_1_13' title="bbox 2274 981 3846 1064; baseline -0.005 -14"><span class='ocrx_word' id='word_1_83' title='bbox 2274 999 2413 1050; x_wconf 72' lang='lat' dir='ltr'><strong>:xe‘t&#39;v</strong></span> <span class='ocrx_word' id='word_1_84' title='bbox 2441 998 2638 1059; x_wconf 77' lang='grc' dir='ltr'>αὐτοὺς</span> <span class='ocrx_word' id='word_1_85' title='bbox 2686 981 2988 1062; x_wconf 70' lang='grc' dir='ltr'><strong>διετάξατο.</strong></span> <span class='ocrx_word' id='word_1_86' title='bbox 3043 997 3152 1050; x_wconf 77' lang='grc' dir='ltr'><strong>Καὶ</strong></span> <span class='ocrx_word' id='word_1_87' title='bbox 3183 992 3324 1064; x_wconf 82' lang='grc' dir='ltr'>ἦσαν</span> <span class='ocrx_word' id='word_1_88' title='bbox 3372 995 3560 1048; x_wconf 73' lang='grc' dir='ltr'>ἔκτοτε</span> <span class='ocrx_word' id='word_1_89' title='bbox 3622 996 3674 1046; x_wconf 82' lang='lat' dir='ltr'><strong>oi</strong></span> <span class='ocrx_word' id='word_1_90' title='bbox 3731 992 3846 1061; x_wconf 79' lang='grc' dir='ltr'><strong>μὲν</strong></span> 
     </span>
    </p>
   </div>
   <div class='ocr_carea' id='block_1_14' title="bbox 497 1078 2171 1161">
    <p class='ocr_par' dir='ltr' id='par_1_14' title="bbox 497 1078 2160 1161">
     <span class='ocr_line' id='line_1_14' title="bbox 497 1078 2160 1161; baseline 0 -19"><span class='ocrx_word' id='word_1_91' title='bbox 497 1094 500 1100; x_wconf 85' lang='grc'><strong><em>“</em></strong></span> <span class='ocrx_word' id='word_1_92' title='bbox 607 1091 921 1158; x_wconf 82' lang='lat' dir='ltr'><strong>regionibus</strong></span> <span class='ocrx_word' id='word_1_93' title='bbox 937 1102 993 1145; x_wconf 90' lang='lat' dir='ltr'><strong>et</strong></span> <span class='ocrx_word' id='word_1_94' title='bbox 1013 1091 1272 1146; x_wconf 90' lang='lat' dir='ltr'><strong>Orientali</strong></span> <span class='ocrx_word' id='word_1_95' title='bbox 1298 1100 1478 1161; x_wconf 90' lang='lat' dir='ltr'><strong>parte;</strong></span> <span class='ocrx_word' id='word_1_96' title='bbox 1499 1078 1758 1153; x_wconf 86' lang='lat' dir='ltr'><strong>Honorio,</strong></span> <span class='ocrx_word' id='word_1_97' title='bbox 1784 1090 1956 1143; x_wconf 84' lang='lat' dir='ltr'><strong>Roma</strong></span> <span class='ocrx_word' id='word_1_98' title='bbox 1974 1095 2160 1142; x_wconf 84' lang='lat' dir='ltr'><strong>vetere</strong></span> 
     </span>
    </p>
   </div>
   <div class='ocr_carea' id='block_1_15' title="bbox 2274 1078 3847 1161">
    <p class='ocr_par' dir='ltr' id='par_1_15' title="bbox 2274 1083 3847 1159">
     <span class='ocr_line' id='line_1_15' title="bbox 2274 1083 3847 1159; baseline -0.006 -16"><span class='ocrx_word' id='word_1_99' title='bbox 2274 1089 2615 1158; x_wconf 80' lang='grc' dir='ltr'>παρεστῶτες</span> <span class='ocrx_word' id='word_1_100' title='bbox 2652 1089 2728 1159; x_wconf 85' lang='grc' dir='ltr'><strong>τῷ</strong></span> <span class='ocrx_word' id='word_1_101' title='bbox 2773 1087 3100 1158; x_wconf 77' lang='grc' dir='ltr'>διδασκάλῳ,</span> <span class='ocrx_word' id='word_1_102' title='bbox 3131 1089 3158 1140; x_wconf 95' lang='lat'><strong>6</strong></span> <span class='ocrx_word' id='word_1_103' title='bbox 3185 1087 3240 1140; x_wconf 76' lang='grc' dir='ltr'>δὲ</span> <span class='ocrx_word' id='word_1_104' title='bbox 3269 1087 3538 1140; x_wconf 77' lang='grc' dir='ltr'><strong>διδάσκων</strong></span> <span class='ocrx_word' id='word_1_105' title='bbox 3577 1083 3847 1152; x_wconf 85' lang='grc' dir='ltr'>καθήμε-</span> 
     </span>
    </p>
   </div>
   <div class='ocr_carea' id='block_1_16' title="bbox 605 1169 2171 1252">
    <p class='ocr_par' dir='ltr' id='par_1_16' title="bbox 605 1178 2106 1252">
     <span class='ocr_line' id='line_1_16' title="bbox 605 1178 2106 1252; baseline 0.001 -22"><span class='ocrx_word' id='word_1_106' title='bbox 605 1182 924 1250; x_wconf 60' lang='lat' dir='ltr'><strong>ceterisque</strong></span> <span class='ocrx_word' id='word_1_107' title='bbox 980 1181 1424 1238; x_wconf 88' lang='lat' dir='ltr'><strong>Occidentalibus</strong></span> <span class='ocrx_word' id='word_1_108' title='bbox 1461 1181 1759 1252; x_wconf 79' lang='lat' dir='ltr'><strong>provinciis</strong></span> <span class='ocrx_word' id='word_1_109' title='bbox 1797 1178 2106 1249; x_wconf 90' lang='lat' dir='ltr'><strong>assignatis.</strong></span> 
     </span>
    </p>
   </div>
   <div class='ocr_carea' id='block_1_17' title="bbox 2274 1169 3848 1252">
    <p class='ocr_par' dir='ltr' id='par_1_17' title="bbox 2274 1169 3848 1247">
     <span class='ocr_line' id='line_1_17' title="bbox 2274 1169 3848 1247; baseline -0.006 -15"><span class='ocrx_word' id='word_1_110' title='bbox 2274 1195 2377 1240; x_wconf 81' lang='grc' dir='ltr'>νος.</span> <span class='ocrx_word' id='word_1_111' title='bbox 2417 1178 2556 1230; x_wconf 85' lang='grc' dir='ltr'><strong>Ποτὲ</strong></span> <span class='ocrx_word' id='word_1_112' title='bbox 2593 1177 2774 1241; x_wconf 79' lang='grc' dir='ltr'><strong>τοίνυν</strong></span> <span class='ocrx_word' id='word_1_113' title='bbox 2826 1176 3235 1247; x_wconf 82' lang='grc' dir='ltr'>παρασφαλὲντι</span> <span class='ocrx_word' id='word_1_114' title='bbox 3287 1174 3363 1244; x_wconf 80' lang='grc' dir='ltr'><strong>τῷ</strong></span> <span class='ocrx_word' id='word_1_115' title='bbox 3421 1174 3693 1243; x_wconf 82' lang='grc' dir='ltr'>’Δρκαδὶῳ</span> <span class='ocrx_word' id='word_1_116' title='bbox 3727 1169 3848 1237; x_wconf 77' lang='grc' dir='ltr'>μά.-</span> 
     </span>
    </p>
   </div>
   <div class='ocr_carea' id='block_1_18' title="bbox 608 1262 3850 1342">
    <p class='ocr_par' dir='ltr' id='par_1_18' title="bbox 608 1262 3850 1342">
     <span class='ocr_line' id='line_1_18' title="bbox 608 1262 3850 1342; baseline -0.003 -20"><span class='ocrx_word' id='word_1_117' title='bbox 608 1288 800 1338; x_wconf 88' lang='grc' dir='ltr'>στιγας</span> <span class='ocrx_word' id='word_1_118' title='bbox 861 1273 1121 1328; x_wconf 76' lang='grc' dir='ltr'><strong>ἐνέτεινεν</strong></span> <span class='ocrx_word' id='word_1_119' title='bbox 1165 1278 1191 1328; x_wconf 91' lang='lat'><strong>6</strong></span> <span class='ocrx_word' id='word_1_120' title='bbox 1219 1275 1556 1336; x_wconf 82' lang='grc' dir='ltr'>διδάσκαλος.</span> <span class='ocrx_word' id='word_1_121' title='bbox 1631 1275 1687 1328; x_wconf 89' lang='grc'><strong>’0</strong></span> <span class='ocrx_word' id='word_1_122' title='bbox 1716 1274 1773 1327; x_wconf 81' lang='grc' dir='ltr'>δὲ</span> <span class='ocrx_word' id='word_1_123' title='bbox 1829 1272 2032 1342; x_wconf 80' lang='grc' dir='ltr'><strong>μηνιῶν</strong></span> <span class='ocrx_word' id='word_1_124' title='bbox 2077 1270 2167 1322; x_wconf 77' lang='grc' dir='ltr'><strong>διὰ</strong></span> <span class='ocrx_word' id='word_1_125' title='bbox 2205 1269 2408 1330; x_wconf 80' lang='grc' dir='ltr'>ταύτας</span> <span class='ocrx_word' id='word_1_126' title='bbox 2467 1267 2618 1337; x_wconf 83' lang='grc' dir='ltr'><strong>αὑτῷ</strong></span> <span class='ocrx_word' id='word_1_127' title='bbox 2666 1267 2958 1340; x_wconf 75' lang='grc' dir='ltr'>ἐπιϐουλὴν</span> <span class='ocrx_word' id='word_1_128' title='bbox 3006 1269 3286 1337; x_wconf 86' lang='grc' dir='ltr'>συντίθησι</span> <span class='ocrx_word' id='word_1_129' title='bbox 3339 1267 3460 1320; x_wconf 82' lang='grc' dir='ltr'>κατ’</span> <span class='ocrx_word' id='word_1_130' title='bbox 3527 1262 3702 1332; x_wconf 63' lang='grc' dir='ltr'>αἰετοῦ</span> <span class='ocrx_word' id='word_1_131' title='bbox 3743 1262 3850 1314; x_wconf 81' lang='grc' dir='ltr'>καὶ</span> 
     </span>
    </p>
   </div>
   <div class='ocr_carea' id='block_1_19' title="bbox 607 1360 3845 1440">
    <p class='ocr_par' dir='ltr' id='par_1_19' title="bbox 607 1360 3845 1440">
     <span class='ocr_line' id='line_1_19' title="bbox 607 1360 3845 1440; baseline -0.003 -17"><span class='ocrx_word' id='word_1_132' title='bbox 607 1372 814 1423; x_wconf 77' lang='grc' dir='ltr'>κτεῖναι</span> <span class='ocrx_word' id='word_1_133' title='bbox 867 1371 956 1422; x_wconf 77' lang='grc' dir='ltr'><strong>τὸν</strong></span> <span class='ocrx_word' id='word_1_134' title='bbox 1011 1369 1178 1439; x_wconf 78' lang='grc' dir='ltr'>ἄνδρα</span> <span class='ocrx_word' id='word_1_135' title='bbox 1238 1369 1607 1440; x_wconf 76' lang='grc' dir='ltr'>διεμελέτησε,</span> <span class='ocrx_word' id='word_1_136' title='bbox 1660 1370 1754 1422; x_wconf 71' lang='grc' dir='ltr'>καὶ</span> <span class='ocrx_word' id='word_1_137' title='bbox 1807 1367 1898 1427; x_wconf 83' lang='grc' dir='ltr'><strong>τὸν</strong></span> <span class='ocrx_word' id='word_1_138' title='bbox 1950 1366 2162 1433; x_wconf 78' lang='grc' dir='ltr'>σφαγέα</span> <span class='ocrx_word' id='word_1_139' title='bbox 2202 1363 2492 1432; x_wconf 76' lang='grc' dir='ltr'><strong>ἡτοίμαζε.</strong></span> <span class='ocrx_word' id='word_1_140' title='bbox 2543 1364 2709 1426; x_wconf 79' lang='grc' dir='ltr'><strong>Γνοὺς</strong></span> <span class='ocrx_word' id='word_1_141' title='bbox 2761 1363 2818 1416; x_wconf 71' lang='grc' dir='ltr'>δὲ</span> <span class='ocrx_word' id='word_1_142' title='bbox 2877 1363 2937 1417; x_wconf 79' lang='grc' dir='ltr'>τὸ</span> <span class='ocrx_word' id='word_1_143' title='bbox 3003 1362 3380 1432; x_wconf 78' lang='grc' dir='ltr'><strong>μελετώμενον</strong></span> <span class='ocrx_word' id='word_1_144' title='bbox 3436 1363 3464 1414; x_wconf 90' lang='lat'><strong>6</strong></span> <span class='ocrx_word' id='word_1_145' title='bbox 3526 1360 3845 1428; x_wconf 69' lang='grc' dir='ltr'>Ἀρσένιος,</span> 
     </span>
    </p>
   </div>
   <div class='ocr_carea' id='block_1_20' title="bbox 605 1453 3850 1534">
    <p class='ocr_par' dir='ltr' id='par_1_20' title="bbox 605 1453 3850 1534">
     <span class='ocr_line' id='line_1_20' title="bbox 605 1453 3850 1534; baseline -0.004 -18"><span class='ocrx_word' id='word_1_146' title='bbox 605 1463 778 1533; x_wconf 80' lang='grc' dir='ltr'>λάθρα</span> <span class='ocrx_word' id='word_1_147' title='bbox 821 1464 931 1516; x_wconf 82' lang='grc' dir='ltr'><strong>τῶν</strong></span> <span class='ocrx_word' id='word_1_148' title='bbox 1016 1463 1302 1534; x_wconf 72' lang='grc' dir='ltr'>βασιλείων</span> <span class='ocrx_word' id='word_1_149' title='bbox 1373 1464 1802 1534; x_wconf 78' lang='grc' dir='ltr'>ὑπανεχώρησε’</span> <span class='ocrx_word' id='word_1_150' title='bbox 1859 1459 1954 1515; x_wconf 79' lang='grc' dir='ltr'>καὶ</span> <span class='ocrx_word' id='word_1_151' title='bbox 2005 1460 2084 1522; x_wconf 85' lang='grc' dir='ltr'><strong>είς</strong></span> <span class='ocrx_word' id='word_1_152' title='bbox 2138 1457 2238 1526; x_wconf 80' lang='grc' dir='ltr'>τήν</span> <span class='ocrx_word' id='word_1_153' title='bbox 2275 1458 2474 1526; x_wconf 87' lang='grc' dir='ltr'><strong>Σκῆτιν</strong></span> <span class='ocrx_word' id='word_1_154' title='bbox 2524 1455 2809 1523; x_wconf 80' lang='grc' dir='ltr'><strong>ἀπελθὼν,</strong></span> <span class='ocrx_word' id='word_1_155' title='bbox 2865 1457 2962 1527; x_wconf 80' lang='grc' dir='ltr'><strong>τὴν</strong></span> <span class='ocrx_word' id='word_1_156' title='bbox 3015 1460 3224 1528; x_wconf 86' lang='grc' dir='ltr'><strong>μονήρη</strong></span> <span class='ocrx_word' id='word_1_157' title='bbox 3273 1457 3419 1525; x_wconf 76' lang='grc' dir='ltr'><strong>ζωὴν</strong></span> <span class='ocrx_word' id='word_1_158' title='bbox 3471 1453 3680 1522; x_wconf 79' lang='grc' dir='ltr'>ὑπῆλθε</span> <span class='ocrx_word' id='word_1_159' title='bbox 3745 1453 3850 1503; x_wconf 80' lang='grc' dir='ltr'>καὶ</span> 
     </span>
    </p>
   </div>
   <div class='ocr_carea' id='block_1_21' title="bbox 610 1541 3849 1625">
    <p class='ocr_par' dir='ltr' id='par_1_21' title="bbox 610 1541 3849 1625">
     <span class='ocr_line' id='line_1_21' title="bbox 610 1541 3849 1625; baseline -0.003 -17"><span class='ocrx_word' id='word_1_160' title='bbox 610 1552 894 1618; x_wconf 76' lang='grc' dir='ltr'><strong>ίσὰγγελος</strong></span> <span class='ocrx_word' id='word_1_161' title='bbox 952 1555 1166 1622; x_wconf 85' lang='grc' dir='ltr'><strong>γέγονε.</strong></span> <span class='ocrx_word' id='word_1_162' title='bbox 1203 1554 1409 1625; x_wconf 76' lang='grc' dir='ltr'><strong>Πολλὴν</strong></span> <span class='ocrx_word' id='word_1_163' title='bbox 1433 1557 1490 1608; x_wconf 78' lang='grc' dir='ltr'>δὲ</span> <span class='ocrx_word' id='word_1_164' title='bbox 1519 1554 1684 1607; x_wconf 85' lang='grc' dir='ltr'>αὑτοῦ</span> <span class='ocrx_word' id='word_1_165' title='bbox 1721 1554 1946 1622; x_wconf 83' lang='grc' dir='ltr'>θέμενος</span> <span class='ocrx_word' id='word_1_166' title='bbox 2021 1550 2251 1620; x_wconf 79' lang='grc' dir='ltr'>ζήτησιν</span> <span class='ocrx_word' id='word_1_167' title='bbox 2314 1550 2342 1603; x_wconf 90' lang='lat'><strong>6</strong></span> <span class='ocrx_word' id='word_1_168' title='bbox 2412 1548 2663 1617; x_wconf 78' lang='grc' dir='ltr'><strong>βασιλεὺς</strong></span> <span class='ocrx_word' id='word_1_169' title='bbox 2703 1551 2984 1613; x_wconf 85' lang='grc' dir='ltr'><strong>Θεοδόσιος</strong></span> <span class='ocrx_word' id='word_1_170' title='bbox 3054 1553 3156 1606; x_wconf 86' lang='grc' dir='ltr'>οὐκ</span> <span class='ocrx_word' id='word_1_171' title='bbox 3213 1552 3356 1618; x_wconf 72' lang='grc' dir='ltr'><strong>ἔγνω</strong></span> <span class='ocrx_word' id='word_1_172' title='bbox 3412 1550 3536 1602; x_wconf 82' lang='grc' dir='ltr'>ὅποι</span> <span class='ocrx_word' id='word_1_173' title='bbox 3587 1550 3694 1616; x_wconf 83' lang='grc' dir='ltr'><strong>γῆς</strong></span> <span class='ocrx_word' id='word_1_174' title='bbox 3748 1541 3849 1613; x_wconf 71' lang='grc' dir='ltr'>ἦν.</span> 
     </span>
    </p>
   </div>
   <div class='ocr_carea' id='block_1_22' title="bbox 608 1637 3852 1714">
    <p class='ocr_par' dir='ltr' id='par_1_22' title="bbox 608 1637 3852 1714">
     <span class='ocr_line' id='line_1_22' title="bbox 608 1637 3852 1714; baseline -0.003 -17"><span class='ocrx_word' id='word_1_175' title='bbox 608 1642 860 1711; x_wconf 76' lang='grc' dir='ltr'>Νοσήσας</span> <span class='ocrx_word' id='word_1_176' title='bbox 911 1643 957 1695; x_wconf 81' lang='grc' dir='ltr'>δ’</span> <span class='ocrx_word' id='word_1_177' title='bbox 1008 1639 1164 1705; x_wconf 77' lang='grc' dir='ltr'>οὗτος</span> <span class='ocrx_word' id='word_1_178' title='bbox 1202 1648 1230 1698; x_wconf 92' lang='lat'><strong>6</strong></span> <span class='ocrx_word' id='word_1_179' title='bbox 1299 1646 1554 1714; x_wconf 81' lang='grc' dir='ltr'>βασιλεὺς</span> <span class='ocrx_word' id='word_1_180' title='bbox 1603 1646 1661 1698; x_wconf 90' lang='grc' dir='ltr'><strong>ὲν</strong></span> <span class='ocrx_word' id='word_1_181' title='bbox 1707 1642 2058 1702; x_wconf 84' lang='grc' dir='ltr'>Μεδιολάνοις</span> <span class='ocrx_word' id='word_1_182' title='bbox 2131 1638 2244 1708; x_wconf 83' lang='lat'><strong>(60)</strong></span> <span class='ocrx_word' id='word_1_183' title='bbox 2288 1638 2587 1709; x_wconf 80' lang='grc' dir='ltr'><strong>μετήλλαξε</strong></span> <span class='ocrx_word' id='word_1_184' title='bbox 2638 1640 2738 1709; x_wconf 81' lang='grc' dir='ltr'><strong>τὴν</strong></span> <span class='ocrx_word' id='word_1_185' title='bbox 2793 1640 2956 1711; x_wconf 77' lang='grc' dir='ltr'><strong>ζωὴν,</strong></span> <span class='ocrx_word' id='word_1_186' title='bbox 2993 1641 3363 1695; x_wconf 70' lang='grc' dir='ltr'>ἑπτακαίδεκα</span> <span class='ocrx_word' id='word_1_187' title='bbox 3410 1639 3504 1707; x_wconf 80' lang='grc' dir='ltr'>ἐτη</span> <span class='ocrx_word' id='word_1_188' title='bbox 3553 1639 3654 1708; x_wconf 82' lang='grc' dir='ltr'><strong>τὴν</strong></span> <span class='ocrx_word' id='word_1_189' title='bbox 3687 1637 3852 1704; x_wconf 86' lang='grc' dir='ltr'>βασι-</span> 
     </span>
    </p>
   </div>
   <div class='ocr_carea' id='block_1_23' title="bbox 605 1725 3854 1806">
    <p class='ocr_par' dir='ltr' id='par_1_23' title="bbox 605 1725 3854 1806">
     <span class='ocr_line' id='line_1_23' title="bbox 605 1725 3854 1806; baseline -0.001 -22"><span class='ocrx_word' id='word_1_190' title='bbox 605 1725 760 1784; x_wconf 74' lang='grc' dir='ltr'>λείαν</span> <span class='ocrx_word' id='word_1_191' title='bbox 801 1734 1006 1797; x_wconf 81' lang='grc' dir='ltr'>ίθύνας,</span> <span class='ocrx_word' id='word_1_192' title='bbox 1043 1736 1135 1786; x_wconf 78' lang='grc' dir='ltr'><strong>ἐπὶ</strong></span> <span class='ocrx_word' id='word_1_193' title='bbox 1169 1735 1323 1787; x_wconf 78' lang='grc' dir='ltr'>πέντε</span> <span class='ocrx_word' id='word_1_194' title='bbox 1359 1736 1493 1806; x_wconf 88' lang='grc' dir='ltr'>μησί</span> <span class='ocrx_word' id='word_1_195' title='bbox 1519 1752 1533 1766; x_wconf 68' lang='grc' dir='ltr'>θ</span> <span class='ocrx_word' id='word_1_196' title='bbox 1590 1735 1819 1803; x_wconf 83' lang='grc' dir='ltr'><strong>μερίσας</strong></span> <span class='ocrx_word' id='word_1_197' title='bbox 1857 1733 1913 1786; x_wconf 83' lang='grc' dir='ltr'>δὲ</span> <span class='ocrx_word' id='word_1_198' title='bbox 1963 1729 2169 1800; x_wconf 87' lang='grc' dir='ltr'>ταύτην</span> <span class='ocrx_word' id='word_1_199' title='bbox 2209 1731 2319 1791; x_wconf 82' lang='grc' dir='ltr'>τοῖς</span> <span class='ocrx_word' id='word_1_200' title='bbox 2386 1729 2536 1781; x_wconf 83' lang='grc' dir='ltr'>δυσὶν</span> <span class='ocrx_word' id='word_1_201' title='bbox 2587 1731 2760 1784; x_wconf 78' lang='grc' dir='ltr'><strong>υἱέσιν</strong></span> <span class='ocrx_word' id='word_1_202' title='bbox 2825 1731 3010 1795; x_wconf 81' lang='grc' dir='ltr'><strong>αὑτοῦ,</strong></span> <span class='ocrx_word' id='word_1_203' title='bbox 3061 1732 3256 1799; x_wconf 77' lang='grc' dir='ltr'>καὶτῷ</span> <span class='ocrx_word' id='word_1_204' title='bbox 3314 1733 3410 1800; x_wconf 80' lang='grc' dir='ltr'><strong>μὲν</strong></span> <span class='ocrx_word' id='word_1_205' title='bbox 3439 1731 3718 1797; x_wconf 39' lang='grc' dir='ltr'>Ἀρκαδίῳν</span> <span class='ocrx_word' id='word_1_206' title='bbox 3748 1729 3854 1791; x_wconf 67' lang='grc' dir='ltr'>τὴν</span> 
     </span>
    </p>
   </div>
   <div class='ocr_carea' id='block_1_24' title="bbox 610 1819 3852 1896">
    <p class='ocr_par' dir='ltr' id='par_1_24' title="bbox 610 1819 3852 1896">
     <span class='ocr_line' id='line_1_24' title="bbox 610 1819 3852 1896; baseline -0.001 -17"><span class='ocrx_word' id='word_1_207' title='bbox 610 1829 752 1879; x_wconf 81' lang='grc' dir='ltr'>Νέαν</span> <span class='ocrx_word' id='word_1_208' title='bbox 784 1827 1085 1894; x_wconf 74' lang='grc' dir='ltr'><strong>ἀπονείμας</strong></span> <span class='ocrx_word' id='word_1_209' title='bbox 1122 1828 1360 1895; x_wconf 83' lang='grc' dir='ltr'><strong>Ῥώμην.</strong></span> <span class='ocrx_word' id='word_1_210' title='bbox 1394 1829 1485 1881; x_wconf 72' lang='grc' dir='ltr'>καὶ</span> <span class='ocrx_word' id='word_1_211' title='bbox 1508 1830 1573 1882; x_wconf 84' lang='grc' dir='ltr'>τά</span> <span class='ocrx_word' id='word_1_212' title='bbox 1609 1827 1737 1894; x_wconf 73' lang='grc' dir='ltr'>περὶ</span> <span class='ocrx_word' id='word_1_213' title='bbox 1762 1825 1950 1894; x_wconf 76' lang='grc' dir='ltr'><strong>αὐτὴν,</strong></span> <span class='ocrx_word' id='word_1_214' title='bbox 1981 1823 2072 1876; x_wconf 78' lang='grc' dir='ltr'><strong>καὶ</strong></span> <span class='ocrx_word' id='word_1_215' title='bbox 2106 1821 2166 1874; x_wconf 78' lang='grc' dir='ltr'>τὸ</span> <span class='ocrx_word' id='word_1_216' title='bbox 2203 1819 2337 1889; x_wconf 76' lang='grc' dir='ltr'>ἑῷον</span> <span class='ocrx_word' id='word_1_217' title='bbox 2364 1823 2573 1890; x_wconf 76' lang='grc' dir='ltr'><strong>τμῆμα,</strong></span> <span class='ocrx_word' id='word_1_218' title='bbox 2605 1823 2682 1893; x_wconf 82' lang='grc' dir='ltr'>τῷ</span> <span class='ocrx_word' id='word_1_219' title='bbox 2712 1824 2952 1896; x_wconf 81' lang='grc' dir='ltr'><strong>Ὀνωρέῳ</strong></span> <span class='ocrx_word' id='word_1_220' title='bbox 2973 1825 3029 1878; x_wconf 79' lang='grc' dir='ltr'>δὲ</span> <span class='ocrx_word' id='word_1_221' title='bbox 3060 1826 3156 1896; x_wconf 83' lang='grc' dir='ltr'><strong>τὴν</strong></span> <span class='ocrx_word' id='word_1_222' title='bbox 3184 1826 3558 1896; x_wconf 71' lang='grc' dir='ltr'>πρεσϐυτέραν</span> <span class='ocrx_word' id='word_1_223' title='bbox 3623 1824 3852 1894; x_wconf 76' lang='grc' dir='ltr'><strong>Ῥώμην</strong></span> 
     </span>
    </p>
   </div>
   <div class='ocr_carea' id='block_1_25' title="bbox 611 1909 2866 1989">
    <p class='ocr_par' dir='ltr' id='par_1_25' title="bbox 611 1909 2866 1989">
     <span class='ocr_line' id='line_1_25' title="bbox 611 1909 2866 1989; baseline -0.003 -16"><span class='ocrx_word' id='word_1_224' title='bbox 611 1921 1038 1989; x_wconf 72' lang='grc' dir='ltr'>προσκληρώσσς</span> <span class='ocrx_word' id='word_1_225' title='bbox 1064 1922 1155 1972; x_wconf 73' lang='grc' dir='ltr'>καὶ</span> <span class='ocrx_word' id='word_1_226' title='bbox 1185 1922 1252 1973; x_wconf 82' lang='grc' dir='ltr'><strong>τὰ</strong></span> <span class='ocrx_word' id='word_1_227' title='bbox 1288 1922 1549 1989; x_wconf 82' lang='grc' dir='ltr'>Ἐσπέρια</span> <span class='ocrx_word' id='word_1_228' title='bbox 1571 1921 1741 1972; x_wconf 85' lang='grc' dir='ltr'>ὁπόσα</span> <span class='ocrx_word' id='word_1_229' title='bbox 1782 1915 2076 1985; x_wconf 84' lang='grc' dir='ltr'>Ῥωμαίοις</span> <span class='ocrx_word' id='word_1_230' title='bbox 2095 1909 2233 1982; x_wconf 82' lang='grc' dir='ltr'>ἦσαν</span> <span class='ocrx_word' id='word_1_231' title='bbox 2259 1913 2496 1980; x_wconf 80' lang='grc' dir='ltr'>ὑπήκοα.</span> <span class='ocrx_word' id='word_1_232' title='bbox 2863 1921 2866 1924; x_wconf 81' lang='grc'><em>’</em></span> 
     </span>
    </p>
   </div>
   <div class='ocr_carea' id='block_1_26' title="bbox 676 2006 2171 2079">
    <p class='ocr_par' dir='ltr' id='par_1_26' title="bbox 676 2007 2167 2078">
     <span class='ocr_line' id='line_1_26' title="bbox 676 2007 2167 2078; baseline -0.003 -14"><span class='ocrx_word' id='word_1_233' title='bbox 676 2010 794 2064; x_wconf 75' lang='lat' dir='ltr'><strong>XX.</strong></span> <span class='ocrx_word' id='word_1_234' title='bbox 843 2010 1078 2078; x_wconf 86' lang='lat' dir='ltr'><strong>Imperio</strong></span> <span class='ocrx_word' id='word_1_235' title='bbox 1109 2011 1479 2065; x_wconf 77' lang='lat' dir='ltr'><strong>Romanorum</strong></span> <span class='ocrx_word' id='word_1_236' title='bbox 1512 2011 1592 2065; x_wconf 91' lang='lat' dir='ltr'><strong>sic</strong></span> <span class='ocrx_word' id='word_1_237' title='bbox 1624 2011 1767 2065; x_wconf 86' lang='lat' dir='ltr'><strong>inter</strong></span> <span class='ocrx_word' id='word_1_238' title='bbox 1787 2007 2080 2063; x_wconf 83' lang='lat' dir='ltr'><strong>Theodosii</strong></span> <span class='ocrx_word' id='word_1_239' title='bbox 2107 2007 2167 2060; x_wconf 78' lang='lat' dir='ltr'><strong>fi-</strong></span> 
     </span>
    </p>
   </div>
   <div class='ocr_carea' id='block_1_27' title="bbox 2274 2006 3852 2079">
    <p class='ocr_par' dir='ltr' id='par_1_27' title="bbox 2339 2007 3852 2079">
     <span class='ocr_line' id='line_1_27' title="bbox 2339 2007 3852 2079; baseline -0.001 -17"><span class='ocrx_word' id='word_1_240' title='bbox 2339 2008 2422 2062; x_wconf 83' lang='lat' dir='ltr'><strong>K&#39;.</strong></span> <span class='ocrx_word' id='word_1_241' title='bbox 2456 2007 2610 2060; x_wconf 84' lang='grc' dir='ltr'><strong>Οὖτω</strong></span> <span class='ocrx_word' id='word_1_242' title='bbox 2647 2009 3066 2079; x_wconf 73' lang='grc' dir='ltr'><strong>διανεμηθείσης</strong></span> <span class='ocrx_word' id='word_1_243' title='bbox 3103 2011 3217 2073; x_wconf 81' lang='grc' dir='ltr'>τοῖς</span> <span class='ocrx_word' id='word_1_244' title='bbox 3245 2008 3338 2063; x_wconf 79' lang='grc' dir='ltr'>τοῦ</span> <span class='ocrx_word' id='word_1_245' title='bbox 3384 2009 3664 2063; x_wconf 74' lang='grc' dir='ltr'>Θεοδοσίου</span> <span class='ocrx_word' id='word_1_246' title='bbox 3707 2012 3852 2074; x_wconf 80' lang='grc' dir='ltr'>υίοίς</span> 
     </span>
    </p>
   </div>
   <div class='ocr_carea' id='block_1_28' title="bbox 606 2101 2163 2176">
    <p class='ocr_par' dir='ltr' id='par_1_28' title="bbox 606 2101 2163 2176">
     <span class='ocr_line' id='line_1_28' title="bbox 606 2101 2163 2176; baseline -0.001 -22"><span class='ocrx_word' id='word_1_247' title='bbox 606 2101 708 2154; x_wconf 90' lang='lat' dir='ltr'><strong>lios</strong></span> <span class='ocrx_word' id='word_1_248' title='bbox 737 2103 931 2158; x_wconf 88' lang='lat' dir='ltr'><strong>diviso.</strong></span> <span class='ocrx_word' id='word_1_249' title='bbox 969 2118 1120 2156; x_wconf 91' lang='lat' dir='ltr'><strong>suam</strong></span> <span class='ocrx_word' id='word_1_250' title='bbox 1155 2112 1382 2172; x_wconf 88' lang='lat' dir='ltr'><strong>uterque</strong></span> <span class='ocrx_word' id='word_1_251' title='bbox 1413 2115 1618 2172; x_wconf 89' lang='lat' dir='ltr'><strong>partem</strong></span> <span class='ocrx_word' id='word_1_252' title='bbox 1647 2103 2003 2176; x_wconf 82' lang='lat' dir='ltr'><strong>gubernabat.</strong></span> <span class='ocrx_word' id='word_1_253' title='bbox 2028 2101 2163 2156; x_wconf 89' lang='lat' dir='ltr'><strong>Cum</strong></span> 
     </span>
    </p>
   </div>
   <div class='ocr_carea' id='block_1_29' title="bbox 609 2193 2162 2264">
    <p class='ocr_par' dir='ltr' id='par_1_29' title="bbox 609 2193 2162 2264">
     <span class='ocr_line' id='line_1_29' title="bbox 609 2193 2162 2264; baseline 0.001 -19"><span class='ocrx_word' id='word_1_254' title='bbox 609 2205 791 2247; x_wconf 86' lang='lat' dir='ltr'><strong>autem</strong></span> <span class='ocrx_word' id='word_1_255' title='bbox 825 2193 1138 2253; x_wconf 84' lang='lat' dir='ltr'><strong>rescissem.</strong></span> <span class='ocrx_word' id='word_1_256' title='bbox 1179 2210 1429 2264; x_wconf 82' lang='lat' dir='ltr'><strong>magnum</strong></span> <span class='ocrx_word' id='word_1_257' title='bbox 1459 2196 1746 2250; x_wconf 86' lang='lat' dir='ltr'><strong>Arsenium</strong></span> <span class='ocrx_word' id='word_1_258' title='bbox 1780 2195 1968 2248; x_wconf 89' lang='lat' dir='ltr'><strong>Scethi</strong></span> <span class='ocrx_word' id='word_1_259' title='bbox 2001 2195 2162 2248; x_wconf 80' lang='lat' dir='ltr'><strong>vitam</strong></span> 
     </span>
    </p>
   </div>
   <div class='ocr_carea' id='block_1_30' title="bbox 609 2284 2167 2356">
    <p class='ocr_par' dir='ltr' id='par_1_30' title="bbox 609 2284 2167 2356">
     <span class='ocr_line' id='line_1_30' title="bbox 609 2284 2167 2356; baseline 0.003 -20"><span class='ocrx_word' id='word_1_260' title='bbox 609 2298 766 2348; x_wconf 72' lang='lat' dir='ltr'><strong>agere</strong></span> <span class='ocrx_word' id='word_1_261' title='bbox 782 2284 1097 2343; x_wconf 78' lang='lat' dir='ltr'><strong>solitariam.</strong></span> <span class='ocrx_word' id='word_1_262' title='bbox 1121 2285 1533 2354; x_wconf 68' lang='lat' dir='ltr'><strong>assmpissime</strong></span> <span class='ocrx_word' id='word_1_263' title='bbox 1552 2302 1649 2354; x_wconf 87' lang='lat' dir='ltr'><strong>per</strong></span> <span class='ocrx_word' id='word_1_264' title='bbox 1672 2288 1879 2343; x_wconf 86' lang='lat' dir='ltr'><strong>litteras</strong></span> <span class='ocrx_word' id='word_1_265' title='bbox 1905 2288 1973 2340; x_wconf 86' lang='lat' dir='ltr'><strong>ab</strong></span> <span class='ocrx_word' id='word_1_266' title='bbox 1991 2303 2058 2341; x_wconf 90' lang='lat' dir='ltr'><strong>eo</strong></span> <span class='ocrx_word' id='word_1_267' title='bbox 2075 2303 2167 2356; x_wconf 81' lang='lat' dir='ltr'><strong>pe-</strong></span> 
     </span>
    </p>
   </div>
   <div class='ocr_carea' id='block_1_31' title="bbox 611 2373 2163 2445">
    <p class='ocr_par' dir='ltr' id='par_1_31' title="bbox 611 2373 2163 2445">
     <span class='ocr_line' id='line_1_31' title="bbox 611 2373 2163 2445; baseline 0.003 -20"><span class='ocrx_word' id='word_1_268' title='bbox 611 2373 838 2432; x_wconf 86' lang='lat' dir='ltr'><strong>tierunt.</strong></span> <span class='ocrx_word' id='word_1_269' title='bbox 867 2383 925 2426; x_wconf 93' lang='lat' dir='ltr'><strong>ut</strong></span> <span class='ocrx_word' id='word_1_270' title='bbox 950 2383 1072 2428; x_wconf 66' lang='lat' dir='ltr'><strong>tota</strong></span> <span class='ocrx_word' id='word_1_271' title='bbox 1114 2390 1210 2443; x_wconf 88' lang='lat' dir='ltr'><strong>pro</strong></span> <span class='ocrx_word' id='word_1_272' title='bbox 1234 2376 1365 2442; x_wconf 88' lang='lat' dir='ltr'><strong>ipsis</strong></span> <span class='ocrx_word' id='word_1_273' title='bbox 1399 2375 1621 2441; x_wconf 81' lang='lat' dir='ltr'><strong>faceret,</strong></span> <span class='ocrx_word' id='word_1_274' title='bbox 1655 2377 1888 2431; x_wconf 84' lang='lat' dir='ltr'><strong>Arcadio</strong></span> <span class='ocrx_word' id='word_1_275' title='bbox 1912 2379 2163 2445; x_wconf 83' lang='lat' dir='ltr'><strong>privatim</strong></span> 
     </span>
    </p>
   </div>
   <div class='ocr_carea' id='block_1_32' title="bbox 611 2463 2163 2534">
    <p class='ocr_par' dir='ltr' id='par_1_32' title="bbox 611 2463 2163 2534">
     <span class='ocr_line' id='line_1_32' title="bbox 611 2463 2163 2534; baseline 0.004 -19"><span class='ocrx_word' id='word_1_276' title='bbox 611 2479 639 2516; x_wconf 92' lang='lat' dir='ltr'><strong>a</strong></span> <span class='ocrx_word' id='word_1_277' title='bbox 671 2463 788 2516; x_wconf 91' lang='lat' dir='ltr'><strong>viro</strong></span> <span class='ocrx_word' id='word_1_278' title='bbox 810 2474 1017 2528; x_wconf 87' lang='lat' dir='ltr'><strong>sancto,</strong></span> <span class='ocrx_word' id='word_1_279' title='bbox 1042 2465 1253 2520; x_wconf 84' lang='lat' dir='ltr'><strong>veniam</strong></span> <span class='ocrx_word' id='word_1_280' title='bbox 1275 2475 1510 2534; x_wconf 86' lang='lat' dir='ltr'><strong>petente,</strong></span> <span class='ocrx_word' id='word_1_281' title='bbox 1538 2468 1608 2521; x_wconf 87' lang='lat' dir='ltr'><strong>ob</strong></span> <span class='ocrx_word' id='word_1_282' title='bbox 1628 2477 1865 2522; x_wconf 87' lang='lat' dir='ltr'><strong>structas</strong></span> <span class='ocrx_word' id='word_1_283' title='bbox 1900 2469 1974 2522; x_wconf 90' lang='lat' dir='ltr'><strong>illi</strong></span> <span class='ocrx_word' id='word_1_284' title='bbox 2000 2468 2163 2523; x_wconf 89' lang='lat' dir='ltr'><strong>etiam</strong></span> 
     </span>
    </p>
   </div>
   <div class='ocr_carea' id='block_1_33' title="bbox 581 2553 2165 2628">
    <p class='ocr_par' dir='ltr' id='par_1_33' title="bbox 581 2553 2165 2628">
     <span class='ocr_line' id='line_1_33' title="bbox 581 2553 2165 2628; baseline 0.002 -18"><span class='ocrx_word' id='word_1_285' title='bbox 581 2553 859 2612; x_wconf 81' lang='lat' dir='ltr'><strong>insidias.</strong></span> <span class='ocrx_word' id='word_1_286' title='bbox 908 2555 1110 2610; x_wconf 89' lang='lat' dir='ltr'><strong>donato</strong></span> <span class='ocrx_word' id='word_1_287' title='bbox 1152 2557 1297 2610; x_wconf 83' lang='lat' dir='ltr'><strong>illius</strong></span> <span class='ocrx_word' id='word_1_288' title='bbox 1336 2557 1462 2611; x_wconf 86' lang='lat' dir='ltr'><strong>anni</strong></span> <span class='ocrx_word' id='word_1_289' title='bbox 1507 2558 1713 2611; x_wconf 88' lang='lat' dir='ltr'><strong>tributo</strong></span> <span class='ocrx_word' id='word_1_290' title='bbox 1753 2557 2020 2628; x_wconf 65' lang='lat' dir='ltr'><strong>Egyptio,</strong></span> <span class='ocrx_word' id='word_1_291' title='bbox 2057 2575 2165 2627; x_wconf 93' lang='lat' dir='ltr'><strong>quo</strong></span> 
     </span>
    </p>
   </div>
   <div class='ocr_carea' id='block_1_34' title="bbox 610 2645 2167 2719">
    <p class='ocr_par' dir='ltr' id='par_1_34' title="bbox 610 2645 2167 2719">
     <span class='ocr_line' id='line_1_34' title="bbox 610 2645 2167 2719; baseline 0.005 -22"><span class='ocrx_word' id='word_1_292' title='bbox 610 2658 710 2697; x_wconf 89' lang='lat' dir='ltr'><strong>suo</strong></span> <span class='ocrx_word' id='word_1_293' title='bbox 733 2645 1000 2700; x_wconf 90' lang='lat' dir='ltr'><strong>arbitratu</strong></span> <span class='ocrx_word' id='word_1_294' title='bbox 1031 2656 1296 2702; x_wconf 87' lang='lat' dir='ltr'><strong>uteretur.</strong></span> <span class='ocrx_word' id='word_1_295' title='bbox 1327 2647 1399 2703; x_wconf 83' lang='lat' dir='ltr'><strong>At</strong></span> <span class='ocrx_word' id='word_1_296' title='bbox 1423 2649 1511 2703; x_wconf 90' lang='lat' dir='ltr'><strong>ille</strong></span> <span class='ocrx_word' id='word_1_297' title='bbox 1540 2650 1844 2705; x_wconf 86' lang='lat' dir='ltr'><strong>rescribere</strong></span> <span class='ocrx_word' id='word_1_298' title='bbox 1873 2652 2167 2719; x_wconf 86' lang='lat' dir='ltr'><strong>imperato-</strong></span> 
     </span>
    </p>
   </div>
   <div class='ocr_carea' id='block_1_35' title="bbox 610 2734 2164 2809">
    <p class='ocr_par' dir='ltr' id='par_1_35' title="bbox 610 2734 2164 2809">
     <span class='ocr_line' id='line_1_35' title="bbox 610 2734 2164 2809; baseline 0.005 -23"><span class='ocrx_word' id='word_1_299' title='bbox 610 2734 765 2788; x_wconf 83' lang='lat' dir='ltr'><strong>ribus</strong></span> <span class='ocrx_word' id='word_1_300' title='bbox 803 2736 998 2800; x_wconf 85' lang='lat' dir='ltr'><strong>noluit,</strong></span> <span class='ocrx_word' id='word_1_301' title='bbox 1044 2738 1136 2791; x_wconf 86' lang='lat' dir='ltr'><strong>sed</strong></span> <span class='ocrx_word' id='word_1_302' title='bbox 1171 2738 1376 2806; x_wconf 73' lang='lat' dir='ltr'><strong>legatos</strong></span> <span class='ocrx_word' id='word_1_303' title='bbox 1418 2737 1500 2792; x_wconf 89' lang='lat' dir='ltr'><strong>eis</strong></span> <span class='ocrx_word' id='word_1_304' title='bbox 1533 2739 1852 2793; x_wconf 88' lang='lat' dir='ltr'><strong>renuntiare</strong></span> <span class='ocrx_word' id='word_1_305' title='bbox 1878 2740 2060 2809; x_wconf 87' lang='lat' dir='ltr'><strong>jussit,</strong></span> <span class='ocrx_word' id='word_1_306' title='bbox 2108 2755 2164 2794; x_wconf 89' lang='lat' dir='ltr'><strong>se</strong></span> 
     </span>
    </p>
   </div>
   <div class='ocr_carea' id='block_1_36' title="bbox 552 2811 2163 2898">
    <p class='ocr_par' dir='ltr' id='par_1_36' title="bbox 552 2811 2163 2898">
     <span class='ocr_line' id='line_1_36' title="bbox 552 2811 2163 2898; baseline 0.004 -20"><span class='ocrx_word' id='word_1_307' title='bbox 552 2811 556 2814; x_wconf 52' lang='grc'><strong>’</strong></span> <span class='ocrx_word' id='word_1_308' title='bbox 610 2828 824 2895; x_wconf 89' lang='lat' dir='ltr'><strong>precari</strong></span> <span class='ocrx_word' id='word_1_309' title='bbox 859 2829 1029 2881; x_wconf 91' lang='lat' dir='ltr'><strong>Deum</strong></span> <span class='ocrx_word' id='word_1_310' title='bbox 1067 2836 1123 2883; x_wconf 91' lang='lat' dir='ltr'><strong>ut</strong></span> <span class='ocrx_word' id='word_1_311' title='bbox 1157 2829 1264 2883; x_wconf 89' lang='lat' dir='ltr'><strong>illis</strong></span> <span class='ocrx_word' id='word_1_312' title='bbox 1304 2831 1517 2884; x_wconf 83' lang='lat' dir='ltr'><strong>veniam</strong></span> <span class='ocrx_word' id='word_1_313' title='bbox 1567 2831 1694 2893; x_wconf 88' lang='lat' dir='ltr'><strong>det,</strong></span> <span class='ocrx_word' id='word_1_314' title='bbox 1741 2841 1904 2898; x_wconf 89' lang='lat' dir='ltr'><strong>atque</strong></span> <span class='ocrx_word' id='word_1_315' title='bbox 1947 2831 2163 2895; x_wconf 70' lang='lat' dir='ltr'><strong>efﬁciat,</strong></span> 
     </span>
    </p>
   </div>
   <div class='ocr_carea' id='block_1_37' title="bbox 611 2919 2164 2992">
    <p class='ocr_par' dir='ltr' id='par_1_37' title="bbox 611 2919 2164 2992">
     <span class='ocr_line' id='line_1_37' title="bbox 611 2919 2164 2992; baseline 0.003 -18"><span class='ocrx_word' id='word_1_316' title='bbox 611 2927 675 2974; x_wconf 90' lang='lat' dir='ltr'><strong>ut</strong></span> <span class='ocrx_word' id='word_1_317' title='bbox 703 2919 967 2973; x_wconf 90' lang='lat' dir='ltr'><strong>voluntati</strong></span> <span class='ocrx_word' id='word_1_318' title='bbox 991 2921 1108 2989; x_wconf 85' lang='lat' dir='ltr'><strong>ejus</strong></span> <span class='ocrx_word' id='word_1_319' title='bbox 1135 2931 1396 2990; x_wconf 80' lang='lat' dir='ltr'><strong>pareant:</strong></span> <span class='ocrx_word' id='word_1_320' title='bbox 1431 2922 1534 2975; x_wconf 91' lang='lat' dir='ltr'><strong>sibi</strong></span> <span class='ocrx_word' id='word_1_321' title='bbox 1571 2937 1719 2986; x_wconf 89' lang='lat' dir='ltr'><strong>vero,</strong></span> <span class='ocrx_word' id='word_1_322' title='bbox 1754 2921 1981 2992; x_wconf 63' lang='lat' dir='ltr'><strong>qui‘jam</strong></span> <span class='ocrx_word' id='word_1_323' title='bbox 2008 2939 2164 2978; x_wconf 89' lang='lat' dir='ltr'><strong>mun-</strong></span> 
     </span>
    </p>
   </div>
   <div class='ocr_carea' id='block_1_38' title="bbox 612 3013 2166 3084">
    <p class='ocr_par' dir='ltr' id='par_1_38' title="bbox 612 3013 2166 3084">
     <span class='ocr_line' id='line_1_38' title="bbox 612 3013 2166 3084; baseline 0.005 -20"><span class='ocrx_word' id='word_1_324' title='bbox 612 3013 684 3064; x_wconf 92' lang='lat' dir='ltr'><strong>do</strong></span> <span class='ocrx_word' id='word_1_325' title='bbox 723 3023 865 3066; x_wconf 88' lang='lat' dir='ltr'><strong>esset</strong></span> <span class='ocrx_word' id='word_1_326' title='bbox 899 3025 1166 3075; x_wconf 84' lang='lat' dir='ltr'><strong>mortuus,</strong></span> <span class='ocrx_word' id='word_1_327' title='bbox 1208 3015 1339 3067; x_wconf 88' lang='lat' dir='ltr'><strong>nulli</strong></span> <span class='ocrx_word' id='word_1_328' title='bbox 1394 3015 1511 3068; x_wconf 91' lang='lat' dir='ltr'><strong>usui</strong></span> <span class='ocrx_word' id='word_1_329' title='bbox 1561 3032 1681 3071; x_wconf 81' lang='lat' dir='ltr'><strong>esse</strong></span> <span class='ocrx_word' id='word_1_330' title='bbox 1719 3018 2025 3084; x_wconf 89' lang='lat' dir='ltr'><strong>pecuniam.</strong></span> <span class='ocrx_word' id='word_1_331' title='bbox 2061 3018 2166 3071; x_wconf 86' lang='lat' dir='ltr'><strong>Ar-</strong></span> 
     </span>
    </p>
   </div>
   <div class='ocr_carea' id='block_1_39' title="bbox 613 3104 2164 3177">
    <p class='ocr_par' dir='ltr' id='par_1_39' title="bbox 613 3104 2164 3177">
     <span class='ocr_line' id='line_1_39' title="bbox 613 3104 2164 3177; baseline 0.005 -21"><span class='ocrx_word' id='word_1_332' title='bbox 613 3104 800 3158; x_wconf 77' lang='lat' dir='ltr'><strong>cadius</strong></span> <span class='ocrx_word' id='word_1_333' title='bbox 822 3107 1009 3159; x_wconf 89' lang='lat' dir='ltr'><strong>urbem</strong></span> <span class='ocrx_word' id='word_1_334' title='bbox 1041 3106 1325 3160; x_wconf 68' lang='lat' dir='ltr'><strong>aedificavit</strong></span> <span class='ocrx_word' id='word_1_335' title='bbox 1354 3107 1408 3160; x_wconf 93' lang='lat' dir='ltr'><strong>in</strong></span> <span class='ocrx_word' id='word_1_336' title='bbox 1429 3107 1680 3168; x_wconf 85' lang='lat' dir='ltr'><strong>Thracia,</strong></span> <span class='ocrx_word' id='word_1_337' title='bbox 1710 3125 1873 3177; x_wconf 87' lang='lat' dir='ltr'><strong>quam</strong></span> <span class='ocrx_word' id='word_1_338' title='bbox 1901 3109 2164 3163; x_wconf 86' lang='lat' dir='ltr'><strong>Arcadio-</strong></span> 
     </span>
    </p>
   </div>
   <div class='ocr_carea' id='block_1_40' title="bbox 611 3197 2190 3269">
    <p class='ocr_par' dir='ltr' id='par_1_40' title="bbox 611 3197 2190 3269">
     <span class='ocr_line' id='line_1_40' title="bbox 611 3197 2190 3269; baseline 0.006 -24"><span class='ocrx_word' id='word_1_339' title='bbox 611 3197 776 3263; x_wconf 81' lang='lat' dir='ltr'><strong>polim</strong></span> <span class='ocrx_word' id='word_1_340' title='bbox 812 3199 1129 3252; x_wconf 88' lang='lat' dir='ltr'><strong>nominavit.</strong></span> <span class='ocrx_word' id='word_1_341' title='bbox 1181 3199 1239 3252; x_wconf 84' lang='lat' dir='ltr'><strong>In</strong></span> <span class='ocrx_word' id='word_1_342' title='bbox 1270 3199 1586 3268; x_wconf 83' lang='lat' dir='ltr'><strong>Xerolopho</strong></span> <span class='ocrx_word' id='word_1_343' title='bbox 1617 3201 1924 3254; x_wconf 81' lang='lat' dir='ltr'><strong>columnam</strong></span> <span class='ocrx_word' id='word_1_344' title='bbox 1968 3201 2190 3269; x_wconf 61' lang='lat' dir='ltr'><strong>erexit,</strong></span> 
     </span>
    </p>
   </div>
   <div class='ocr_carea' id='block_1_41' title="bbox 613 3284 2166 3352">
    <p class='ocr_par' dir='ltr' id='par_1_41' title="bbox 613 3284 2166 3352">
     <span class='ocr_line' id='line_1_41' title="bbox 613 3284 2166 3352; baseline 0.005 -15"><span class='ocrx_word' id='word_1_345' title='bbox 613 3284 666 3337; x_wconf 67' lang='lat' dir='ltr'><strong>ia</strong></span> <span class='ocrx_word' id='word_1_346' title='bbox 702 3301 806 3352; x_wconf 91' lang='lat' dir='ltr'><strong>qua</strong></span> <span class='ocrx_word' id='word_1_347' title='bbox 846 3301 995 3340; x_wconf 89' lang='lat' dir='ltr'><strong>suam</strong></span> <span class='ocrx_word' id='word_1_348' title='bbox 1021 3296 1252 3340; x_wconf 87' lang='lat' dir='ltr'><strong>statuam</strong></span> <span class='ocrx_word' id='word_1_349' title='bbox 1279 3288 1591 3341; x_wconf 87' lang='lat' dir='ltr'><strong>collocavit.</strong></span> <span class='ocrx_word' id='word_1_350' title='bbox 1619 3289 1874 3342; x_wconf 87' lang='lat' dir='ltr'><strong>Nectario</strong></span> <span class='ocrx_word' id='word_1_351' title='bbox 1899 3289 2166 3345; x_wconf 89' lang='lat' dir='ltr'><strong>Constan-</strong></span> 
     </span>
    </p>
   </div>
   <div class='ocr_carea' id='block_1_42' title="bbox 615 3377 2162 3452">
    <p class='ocr_par' dir='ltr' id='par_1_42' title="bbox 615 3377 2162 3452">
     <span class='ocr_line' id='line_1_42' title="bbox 615 3377 2162 3452; baseline 0.005 -24"><span class='ocrx_word' id='word_1_352' title='bbox 615 3377 976 3444; x_wconf 86' lang='lat' dir='ltr'><strong>tinopolitano</strong></span> <span class='ocrx_word' id='word_1_353' title='bbox 1022 3379 1330 3449; x_wconf 83' lang='lat' dir='ltr'><strong>patriarcha</strong></span> <span class='ocrx_word' id='word_1_354' title='bbox 1382 3387 1618 3444; x_wconf 91' lang='lat' dir='ltr'><strong>mortuo,</strong></span> <span class='ocrx_word' id='word_1_355' title='bbox 1673 3380 1940 3436; x_wconf 85' lang='lat' dir='ltr'><strong>Joannem</strong></span> <span class='ocrx_word' id='word_1_356' title='bbox 1985 3381 2162 3452; x_wconf 83' lang='lat' dir='ltr'><strong>Chry-</strong></span> 
     </span>
    </p>
   </div>
   <div class='ocr_carea' id='block_1_43' title="bbox 617 3467 2168 3533">
    <p class='ocr_par' dir='ltr' id='par_1_43' title="bbox 617 3467 2168 3533">
     <span class='ocr_line' id='line_1_43' title="bbox 617 3467 2168 3533; baseline 0.006 -18"><span class='ocrx_word' id='word_1_357' title='bbox 617 3473 917 3518; x_wconf 86' lang='lat' dir='ltr'><strong>sostomum</strong></span> <span class='ocrx_word' id='word_1_358' title='bbox 982 3467 1268 3521; x_wconf 79' lang='lat' dir='ltr'><strong>Antiochia</strong></span> <span class='ocrx_word' id='word_1_359' title='bbox 1329 3471 1691 3533; x_wconf 86' lang='lat' dir='ltr'><strong>accersitum,</strong></span> <span class='ocrx_word' id='word_1_360' title='bbox 1760 3477 1914 3525; x_wconf 57' lang='lat' dir='ltr'><strong>novae</strong></span> <span class='ocrx_word' id='word_1_361' title='bbox 1981 3473 2168 3527; x_wconf 76' lang='lat' dir='ltr'><strong>Roma:</strong></span> 
     </span>
    </p>
   </div>
   <div class='ocr_carea' id='block_1_44' title="bbox 618 3555 2170 3624">
    <p class='ocr_par' dir='ltr' id='par_1_44' title="bbox 618 3555 2170 3624">
     <span class='ocr_line' id='line_1_44' title="bbox 618 3555 2170 3624; baseline 0.006 -18"><span class='ocrx_word' id='word_1_362' title='bbox 618 3555 984 3622; x_wconf 85' lang='lat' dir='ltr'><strong>patriarcham</strong></span> <span class='ocrx_word' id='word_1_363' title='bbox 1018 3556 1287 3624; x_wconf 79' lang='lat' dir='ltr'><strong>designat.</strong></span> <span class='ocrx_word' id='word_1_364' title='bbox 1337 3557 1443 3612; x_wconf 91' lang='lat' dir='ltr'><strong>Sed</strong></span> <span class='ocrx_word' id='word_1_365' title='bbox 1486 3574 1609 3612; x_wconf 87' lang='lat' dir='ltr'><strong>cum</strong></span> <span class='ocrx_word' id='word_1_366' title='bbox 1653 3560 1919 3615; x_wconf 76' lang='lat' dir='ltr'><strong>Arcadius</strong></span> <span class='ocrx_word' id='word_1_367' title='bbox 1984 3562 2170 3615; x_wconf 89' lang='lat' dir='ltr'><strong>tardu</strong></span> 
     </span>
    </p>
   </div>
   <div class='ocr_carea' id='block_1_45' title="bbox 522 3645 2171 3722">
    <p class='ocr_par' dir='ltr' id='par_1_45' title="bbox 522 3645 2171 3722">
     <span class='ocr_line' id='line_1_45' title="bbox 522 3645 2171 3722; baseline 0.006 -25"><span class='ocrx_word' id='word_1_368' title='bbox 522 3653 528 3658; x_wconf 91' lang='lat'><strong><em>&#39;</em></strong></span> <span class='ocrx_word' id='word_1_369' title='bbox 617 3654 759 3698; x_wconf 72' lang='lat' dir='ltr'><strong>esset</strong></span> <span class='ocrx_word' id='word_1_370' title='bbox 789 3645 1040 3715; x_wconf 78' lang='lat' dir='ltr'><strong>iustoque</strong></span> <span class='ocrx_word' id='word_1_371' title='bbox 1074 3647 1305 3704; x_wconf 79' lang='lat' dir='ltr'><strong>mollior.</strong></span> <span class='ocrx_word' id='word_1_372' title='bbox 1342 3648 1410 3701; x_wconf 93' lang='lat' dir='ltr'><strong>ab</strong></span> <span class='ocrx_word' id='word_1_373' title='bbox 1447 3664 1615 3703; x_wconf 80' lang='lat' dir='ltr'><strong>uxore</strong></span> <span class='ocrx_word' id='word_1_374' title='bbox 1671 3649 1914 3705; x_wconf 83' lang='lat' dir='ltr'><strong>Eudoxia</strong></span> <span class='ocrx_word' id='word_1_375' title='bbox 1944 3655 2171 3722; x_wconf 84' lang='lat' dir='ltr'><strong>regeba-</strong></span> 
     </span>
    </p>
   </div>
   <div class='ocr_carea' id='block_1_46' title="bbox 619 3738 2173 3812">
    <p class='ocr_par' dir='ltr' id='par_1_46' title="bbox 619 3738 2173 3812">
     <span class='ocr_line' id='line_1_46' title="bbox 619 3738 2173 3812; baseline 0.005 -21"><span class='ocrx_word' id='word_1_376' title='bbox 619 3746 726 3801; x_wconf 91' lang='lat' dir='ltr'><strong>tur,</strong></span> <span class='ocrx_word' id='word_1_377' title='bbox 758 3738 1078 3792; x_wconf 86' lang='lat' dir='ltr'><strong>muliercula</strong></span> <span class='ocrx_word' id='word_1_378' title='bbox 1121 3739 1386 3804; x_wconf 84' lang='lat' dir='ltr'><strong>l&#39;erocula,</strong></span> <span class='ocrx_word' id='word_1_379' title='bbox 1423 3749 1477 3794; x_wconf 87' lang='lat' dir='ltr'><strong>et</strong></span> <span class='ocrx_word' id='word_1_380' title='bbox 1521 3756 1586 3795; x_wconf 82' lang='lat' dir='ltr'><strong>ex</strong></span> <span class='ocrx_word' id='word_1_381' title='bbox 1614 3742 1840 3796; x_wconf 84' lang='lat' dir='ltr'><strong>avaritia</strong></span> <span class='ocrx_word' id='word_1_382' title='bbox 1878 3742 2173 3812; x_wconf 74' lang='lat' dir='ltr'><strong>iniustissi-</strong></span> 
     </span>
    </p>
   </div>
   <div class='ocr_carea' id='block_1_47' title="bbox 617 3827 2172 3901">
    <p class='ocr_par' dir='ltr' id='par_1_47' title="bbox 617 3827 2172 3901">
     <span class='ocr_line' id='line_1_47' title="bbox 617 3827 2172 3901; baseline 0.006 -22"><span class='ocrx_word' id='word_1_383' title='bbox 617 3842 703 3879; x_wconf 90' lang='lat' dir='ltr'><strong>ma</strong></span> <span class='ocrx_word' id='word_1_384' title='bbox 737 3844 751 3878; x_wconf 91' lang='lat'><strong>:</strong></span> <span class='ocrx_word' id='word_1_385' title='bbox 786 3829 941 3898; x_wconf 89' lang='lat' dir='ltr'><strong>cujus</strong></span> <span class='ocrx_word' id='word_1_386' title='bbox 974 3827 1246 3898; x_wconf 89' lang='lat' dir='ltr'><strong>cupiditas</strong></span> <span class='ocrx_word' id='word_1_387' title='bbox 1273 3845 1394 3883; x_wconf 89' lang='lat' dir='ltr'><strong>cum</strong></span> <span class='ocrx_word' id='word_1_388' title='bbox 1429 3847 1460 3884; x_wconf 87' lang='lat' dir='ltr'><strong>a</strong></span> <span class='ocrx_word' id='word_1_389' title='bbox 1491 3845 1688 3900; x_wconf 83' lang='lat' dir='ltr'><strong>magno</strong></span> <span class='ocrx_word' id='word_1_390' title='bbox 1726 3832 1818 3886; x_wconf 92' lang='lat' dir='ltr'><strong>illo</strong></span> <span class='ocrx_word' id='word_1_391' title='bbox 1848 3845 2001 3901; x_wconf 86' lang='lat' dir='ltr'><strong>patre</strong></span> <span class='ocrx_word' id='word_1_392' title='bbox 2034 3834 2172 3888; x_wconf 85' lang='lat' dir='ltr'><strong>inhi-</strong></span> 
     </span>
    </p>
   </div>
   <div class='ocr_carea' id='block_1_48' title="bbox 619 3919 2170 3992">
    <p class='ocr_par' dir='ltr' id='par_1_48' title="bbox 619 3919 2170 3992">
     <span class='ocr_line' id='line_1_48' title="bbox 619 3919 2170 3992; baseline 0.006 -21"><span class='ocrx_word' id='word_1_393' title='bbox 619 3919 863 3980; x_wconf 86' lang='lat' dir='ltr'><strong>bcretur.</strong></span> <span class='ocrx_word' id='word_1_394' title='bbox 908 3920 1203 3988; x_wconf 83' lang='lat' dir='ltr'><strong>aliquando</strong></span> <span class='ocrx_word' id='word_1_395' title='bbox 1233 3922 1397 3974; x_wconf 88' lang='lat' dir='ltr'><strong>etiam</strong></span> <span class='ocrx_word' id='word_1_396' title='bbox 1437 3923 1844 3992; x_wconf 68' lang='lat' dir='ltr'><strong>obiurgaretur,</strong></span> <span class='ocrx_word' id='word_1_397' title='bbox 1883 3926 2170 3980; x_wconf 77' lang='lat' dir='ltr'><strong>iracundia</strong></span> 
     </span>
    </p>
   </div>
   <div class='ocr_carea' id='block_1_49' title="bbox 621 4004 2175 4076">
    <p class='ocr_par' dir='ltr' id='par_1_49' title="bbox 621 4004 2175 4076">
     <span class='ocr_line' id='line_1_49' title="bbox 621 4004 2175 4076; baseline 0.002 -14"><span class='ocrx_word' id='word_1_398' title='bbox 621 4009 997 4074; x_wconf 81' lang='lat' dir='ltr'><strong>inﬂammata,</strong></span> <span class='ocrx_word' id='word_1_399' title='bbox 1045 4004 1226 4064; x_wconf 88' lang='lat' dir='ltr'><strong>virum</strong></span> <span class='ocrx_word' id='word_1_400' title='bbox 1290 4019 1538 4064; x_wconf 87' lang='lat' dir='ltr'><strong>sanctum</strong></span> <span class='ocrx_word' id='word_1_401' title='bbox 1595 4012 1783 4065; x_wconf 88' lang='lat' dir='ltr'><strong>ulcisci</strong></span> <span class='ocrx_word' id='word_1_402' title='bbox 1835 4013 2019 4066; x_wconf 84' lang='lat' dir='ltr'><strong>studet</strong></span> <span class='ocrx_word' id='word_1_403' title='bbox 2055 4053 2069 4076; x_wconf 88' lang='lat'><strong>,</strong></span> <span class='ocrx_word' id='word_1_404' title='bbox 2118 4022 2175 4068; x_wconf 87' lang='lat' dir='ltr'><strong>et</strong></span> 
     </span>
    </p>
   </div>
   <div class='ocr_carea' id='block_1_50' title="bbox 600 4083 2174 4170">
    <p class='ocr_par' dir='ltr' id='par_1_50' title="bbox 600 4083 2174 4170">
     <span class='ocr_line' id='line_1_50' title="bbox 600 4083 2174 4170; baseline 0.002 -16"><span class='ocrx_word' id='word_1_405' title='bbox 600 4083 1050 4155; x_wconf 59' lang='lat' dir='ltr'><strong>Alexandrinum</strong></span> <span class='ocrx_word' id='word_1_406' title='bbox 1082 4100 1446 4170; x_wconf 89' lang='lat' dir='ltr'><strong>Theophilum</strong></span> <span class='ocrx_word' id='word_1_407' title='bbox 1479 4098 1850 4170; x_wconf 81' lang='lat' dir='ltr'><strong>improbitatis</strong></span> <span class='ocrx_word' id='word_1_408' title='bbox 1876 4117 1987 4156; x_wconf 66' lang='lat' dir='ltr'><strong>sua!</strong></span> <span class='ocrx_word' id='word_1_409' title='bbox 2012 4111 2174 4158; x_wconf 81' lang='lat' dir='ltr'><strong>nacta</strong></span> 
     </span>
    </p>
   </div>
   <div class='ocr_carea' id='block_1_51' title="bbox 630 4192 2171 4260">
    <p class='ocr_par' dir='ltr' id='par_1_51' title="bbox 630 4192 2171 4260">
     <span class='ocr_line' id='line_1_51' title="bbox 630 4192 2171 4260; baseline 0.005 -19"><span class='ocrx_word' id='word_1_410' title='bbox 630 4192 971 4255; x_wconf 83' lang='lat' dir='ltr'><strong>ministrum,</strong></span> <span class='ocrx_word' id='word_1_411' title='bbox 1014 4192 1247 4246; x_wconf 81' lang='lat' dir='ltr'><strong>Arcadio</strong></span> <span class='ocrx_word' id='word_1_412' title='bbox 1274 4192 1585 4260; x_wconf 86' lang='lat' dir='ltr'><strong>persuadet,</strong></span> <span class='ocrx_word' id='word_1_413' title='bbox 1622 4201 1680 4246; x_wconf 92' lang='lat' dir='ltr'><strong>ut</strong></span> <span class='ocrx_word' id='word_1_414' title='bbox 1714 4193 1891 4247; x_wconf 87' lang='lat' dir='ltr'><strong>virum</strong></span> <span class='ocrx_word' id='word_1_415' title='bbox 1924 4203 2171 4248; x_wconf 90' lang='lat' dir='ltr'><strong>sanetum</strong></span> 
     </span>
    </p>
   </div>
   <div class='ocr_carea' id='block_1_52' title="bbox 619 4280 2176 4355">
    <p class='ocr_par' dir='ltr' id='par_1_52' title="bbox 619 4280 2176 4355">
     <span class='ocr_line' id='line_1_52' title="bbox 619 4280 2176 4355; baseline 0.006 -23"><span class='ocrx_word' id='word_1_416' title='bbox 619 4280 849 4349; x_wconf 79' lang='lat' dir='ltr'><strong>releget.</strong></span> <span class='ocrx_word' id='word_1_417' title='bbox 901 4281 993 4335; x_wconf 89' lang='lat' dir='ltr'><strong>Sic</strong></span> <span class='ocrx_word' id='word_1_418' title='bbox 1022 4282 1110 4335; x_wconf 91' lang='lat' dir='ltr'><strong>ille</strong></span> <span class='ocrx_word' id='word_1_419' title='bbox 1137 4283 1346 4350; x_wconf 87' lang='lat' dir='ltr'><strong>ejectus</strong></span> <span class='ocrx_word' id='word_1_420' title='bbox 1370 4284 1625 4349; x_wconf 79' lang='lat' dir='ltr'><strong>ecclesia,</strong></span> <span class='ocrx_word' id='word_1_421' title='bbox 1655 4285 1949 4341; x_wconf 64' lang='lat' dir='ltr'><strong>relegatur.</strong></span> <span class='ocrx_word' id='word_1_422' title='bbox 1981 4286 2050 4340; x_wconf 85' lang='lat' dir='ltr'><strong>At</strong></span> <span class='ocrx_word' id='word_1_423' title='bbox 2078 4302 2176 4355; x_wconf 91' lang='lat' dir='ltr'><strong>po-</strong></span> 
     </span>
    </p>
   </div>
   <div class='ocr_carea' id='block_1_53' title="bbox 618 4368 2176 4440">
    <p class='ocr_par' dir='ltr' id='par_1_53' title="bbox 618 4368 2176 4440">
     <span class='ocr_line' id='line_1_53' title="bbox 618 4368 2176 4440; baseline 0.007 -20"><span class='ocrx_word' id='word_1_424' title='bbox 618 4371 787 4436; x_wconf 80' lang='lat' dir='ltr'><strong>pulus</strong></span> <span class='ocrx_word' id='word_1_425' title='bbox 848 4368 1107 4430; x_wconf 87' lang='lat' dir='ltr'><strong>urbanus.</strong></span> <span class='ocrx_word' id='word_1_426' title='bbox 1158 4371 1354 4438; x_wconf 86' lang='lat' dir='ltr'><strong>partim</strong></span> <span class='ocrx_word' id='word_1_427' title='bbox 1405 4372 1626 4440; x_wconf 78' lang='lat' dir='ltr'><strong>lugere,</strong></span> <span class='ocrx_word' id='word_1_428' title='bbox 1673 4374 1870 4440; x_wconf 83' lang='lat' dir='ltr'><strong>partim</strong></span> <span class='ocrx_word' id='word_1_429' title='bbox 1911 4391 2021 4429; x_wconf 90' lang='lat' dir='ltr'><strong>non</strong></span> <span class='ocrx_word' id='word_1_430' title='bbox 2058 4377 2176 4431; x_wconf 82' lang='lat' dir='ltr'><strong>sine</strong></span> 
     </span>
    </p>
   </div>
   <div class='ocr_carea' id='block_1_54' title="bbox 619 4458 2178 4524">
    <p class='ocr_par' dir='ltr' id='par_1_54' title="bbox 619 4458 2178 4524">
     <span class='ocr_line' id='line_1_54' title="bbox 619 4458 2178 4524; baseline 0.006 -14"><span class='ocrx_word' id='word_1_431' title='bbox 619 4458 898 4514; x_wconf 82' lang='lat' dir='ltr'><strong>seditione</strong></span> <span class='ocrx_word' id='word_1_432' title='bbox 959 4459 1302 4514; x_wconf 89' lang='lat' dir='ltr'><strong>tumultuari.</strong></span> <span class='ocrx_word' id='word_1_433' title='bbox 1355 4458 1476 4524; x_wconf 88' lang='lat' dir='ltr'><strong>Quo</strong></span> <span class='ocrx_word' id='word_1_434' title='bbox 1530 4462 1718 4516; x_wconf 89' lang='lat' dir='ltr'><strong>tardus</strong></span> <span class='ocrx_word' id='word_1_435' title='bbox 1771 4463 1861 4518; x_wconf 90' lang='lat' dir='ltr'><strong>ille</strong></span> <span class='ocrx_word' id='word_1_436' title='bbox 1910 4465 2178 4520; x_wconf 83' lang='lat' dir='ltr'><strong>Arcadius</strong></span> 
     </span>
    </p>
   </div>
   <div class='ocr_carea' id='block_1_55' title="bbox 616 4550 2175 4624">
    <p class='ocr_par' dir='ltr' id='par_1_55' title="bbox 616 4550 2175 4624">
     <span class='ocr_line' id='line_1_55' title="bbox 616 4550 2175 4624; baseline 0.006 -24"><span class='ocrx_word' id='word_1_437' title='bbox 616 4551 877 4619; x_wconf 71' lang='lat' dir='ltr'><strong>(-ngnilo,</strong></span> <span class='ocrx_word' id='word_1_438' title='bbox 925 4550 1187 4606; x_wconf 74' lang='lat' dir='ltr'><strong>Joannem</strong></span> <span class='ocrx_word' id='word_1_439' title='bbox 1221 4552 1475 4607; x_wconf 87' lang='lat' dir='ltr'><strong>celeriter</strong></span> <span class='ocrx_word' id='word_1_440' title='bbox 1503 4553 1745 4606; x_wconf 86' lang='lat' dir='ltr'><strong>revocari</strong></span> <span class='ocrx_word' id='word_1_441' title='bbox 1771 4555 1946 4624; x_wconf 84' lang='lat' dir='ltr'><strong>jubet.</strong></span> <span class='ocrx_word' id='word_1_442' title='bbox 1996 4556 2175 4610; x_wconf 81' lang='lat' dir='ltr'><strong>Revo-</strong></span> 
     </span>
    </p>
   </div>
   <div class='ocr_carea' id='block_1_56' title="bbox 2272 2093 3851 2172">
    <p class='ocr_par' dir='ltr' id='par_1_56' title="bbox 2272 2093 3851 2172">
     <span class='ocr_line' id='line_1_56' title="bbox 2272 2093 3851 2172; baseline 0 -20"><span class='ocrx_word' id='word_1_443' title='bbox 2272 2101 2369 2169; x_wconf 84' lang='grc' dir='ltr'>τῆς</span> <span class='ocrx_word' id='word_1_444' title='bbox 2396 2099 2504 2152; x_wconf 81' lang='grc' dir='ltr'><strong>τῶν</strong></span> <span class='ocrx_word' id='word_1_445' title='bbox 2545 2099 2826 2169; x_wconf 84' lang='grc' dir='ltr'><strong>Ῥωμαίων</strong></span> <span class='ocrx_word' id='word_1_446' title='bbox 2846 2093 3162 2170; x_wconf 80' lang='grc' dir='ltr'>ἡγεμονίας.</span> <span class='ocrx_word' id='word_1_447' title='bbox 3184 2095 3320 2172; x_wconf 82' lang='grc' dir='ltr'><strong>ἦρχε</strong></span> <span class='ocrx_word' id='word_1_448' title='bbox 3344 2101 3442 2168; x_wconf 82' lang='grc' dir='ltr'><strong>τῆς</strong></span> <span class='ocrx_word' id='word_1_449' title='bbox 3475 2101 3682 2163; x_wconf 78' lang='grc' dir='ltr'>οἰκείας</span> <span class='ocrx_word' id='word_1_450' title='bbox 3722 2102 3851 2168; x_wconf 79' lang='grc' dir='ltr'>μοί-</span> 
     </span>
    </p>
   </div>
   <div class='ocr_carea' id='block_1_57' title="bbox 2277 2188 3852 2261">
    <p class='ocr_par' dir='ltr' id='par_1_57' title="bbox 2277 2188 3852 2261">
     <span class='ocr_line' id='line_1_57' title="bbox 2277 2188 3852 2261; baseline 0.001 -22"><span class='ocrx_word' id='word_1_451' title='bbox 2277 2205 2370 2249; x_wconf 80' lang='grc' dir='ltr'><strong>ρας</strong></span> <span class='ocrx_word' id='word_1_452' title='bbox 2404 2188 2681 2256; x_wconf 80' lang='grc' dir='ltr'>ἑκάτερος,</span> <span class='ocrx_word' id='word_1_453' title='bbox 2710 2189 2802 2239; x_wconf 75' lang='grc' dir='ltr'>καὶ</span> <span class='ocrx_word' id='word_1_454' title='bbox 2827 2189 3042 2255; x_wconf 86' lang='grc' dir='ltr'><strong>γνόντες</strong></span> <span class='ocrx_word' id='word_1_455' title='bbox 3071 2191 3146 2252; x_wconf 86' lang='grc' dir='ltr'><strong>ὡς</strong></span> <span class='ocrx_word' id='word_1_456' title='bbox 3181 2190 3238 2243; x_wconf 72' lang='grc' dir='ltr'><strong>ὲν</strong></span> <span class='ocrx_word' id='word_1_457' title='bbox 3260 2194 3324 2261; x_wconf 85' lang='grc' dir='ltr'>τῇ</span> <span class='ocrx_word' id='word_1_458' title='bbox 3358 2192 3552 2257; x_wconf 84' lang='grc' dir='ltr'>Σκήτει</span> <span class='ocrx_word' id='word_1_459' title='bbox 3590 2190 3852 2257; x_wconf 74' lang='grc' dir='ltr'><strong>μονάζωυ</strong></span> 
     </span>
    </p>
   </div>
   <div class='ocr_carea' id='block_1_58' title="bbox 2271 2275 3850 2351">
    <p class='ocr_par' dir='ltr' id='par_1_58' title="bbox 2271 2275 3850 2351">
     <span class='ocr_line' id='line_1_58' title="bbox 2271 2275 3850 2351; baseline 0.002 -20"><span class='ocrx_word' id='word_1_460' title='bbox 2271 2275 2338 2349; x_wconf 77' lang='grc' dir='ltr'><strong>ἦν</strong></span> <span class='ocrx_word' id='word_1_461' title='bbox 2372 2282 2398 2332; x_wconf 98' lang='lat'><strong>6</strong></span> <span class='ocrx_word' id='word_1_462' title='bbox 2446 2280 2617 2347; x_wconf 78' lang='grc' dir='ltr'>μέγας</span> <span class='ocrx_word' id='word_1_463' title='bbox 2667 2280 2961 2350; x_wconf 77' lang='grc' dir='ltr'>Ἀρσένιος,</span> <span class='ocrx_word' id='word_1_464' title='bbox 3018 2282 3336 2342; x_wconf 77' lang='grc' dir='ltr'>πλειστάκις</span> <span class='ocrx_word' id='word_1_465' title='bbox 3383 2281 3530 2351; x_wconf 81' lang='grc' dir='ltr'><strong>αὐτῷ</strong></span> <span class='ocrx_word' id='word_1_466' title='bbox 3570 2281 3850 2334; x_wconf 76' lang='grc' dir='ltr'>ἐπεστάλ-</span> 
     </span>
    </p>
   </div>
   <div class='ocr_carea' id='block_1_59' title="bbox 2275 2371 3848 2440">
    <p class='ocr_par' dir='ltr' id='par_1_59' title="bbox 2275 2371 3848 2440">
     <span class='ocr_line' id='line_1_59' title="bbox 2275 2371 3848 2440; baseline -0.001 -16"><span class='ocrx_word' id='word_1_467' title='bbox 2275 2389 2434 2424; x_wconf 83' lang='grc' dir='ltr'>κασιν</span> <span class='ocrx_word' id='word_1_468' title='bbox 2491 2371 2744 2440; x_wconf 73' lang='grc' dir='ltr'>εὔχεσθαι</span> <span class='ocrx_word' id='word_1_469' title='bbox 2795 2371 3074 2438; x_wconf 79' lang='grc' dir='ltr'><strong>ἀξιοῦντες</strong></span> <span class='ocrx_word' id='word_1_470' title='bbox 3118 2373 3258 2439; x_wconf 82' lang='grc' dir='ltr'>ὑπὲρ</span> <span class='ocrx_word' id='word_1_471' title='bbox 3312 2373 3507 2427; x_wconf 79' lang='grc' dir='ltr'>αὐτῶν.</span> <span class='ocrx_word' id='word_1_472' title='bbox 3571 2372 3627 2426; x_wconf 87' lang='grc' dir='ltr'>Ὀ</span> <span class='ocrx_word' id='word_1_473' title='bbox 3671 2374 3731 2424; x_wconf 84' lang='grc' dir='ltr'><strong>δέ</strong></span> <span class='ocrx_word' id='word_1_474' title='bbox 3781 2391 3848 2439; x_wconf 85' lang='grc' dir='ltr'>γε</span> 
     </span>
    </p>
   </div>
   <div class='ocr_carea' id='block_1_60' title="bbox 2286 2463 3848 2535">
    <p class='ocr_par' dir='ltr' id='par_1_60' title="bbox 2286 2463 3848 2535">
     <span class='ocr_line' id='line_1_60' title="bbox 2286 2463 3848 2535; baseline -0.003 -19"><span class='ocrx_word' id='word_1_475' title='bbox 2286 2465 2568 2535; x_wconf 76' lang='grc' dir='ltr'>Ἀρκάδιος</span> <span class='ocrx_word' id='word_1_476' title='bbox 2607 2463 2701 2517; x_wconf 75' lang='grc' dir='ltr'>καὶ</span> <span class='ocrx_word' id='word_1_477' title='bbox 2753 2463 2858 2534; x_wconf 74' lang='grc' dir='ltr'>ἰδίᾳ</span> <span class='ocrx_word' id='word_1_478' title='bbox 2883 2464 2962 2533; x_wconf 82' lang='grc' dir='ltr'><strong>τῷ</strong></span> <span class='ocrx_word' id='word_1_479' title='bbox 2998 2464 3136 2532; x_wconf 84' lang='grc' dir='ltr'>ἁγίῳ</span> <span class='ocrx_word' id='word_1_480' title='bbox 3163 2464 3462 2525; x_wconf 79' lang='grc' dir='ltr'>ἐπέστειλε,</span> <span class='ocrx_word' id='word_1_481' title='bbox 3502 2464 3848 2533; x_wconf 75' lang='grc' dir='ltr'>παρακαλῶν</span> 
     </span>
    </p>
   </div>
   <div class='ocr_carea' id='block_1_61' title="bbox 2276 2550 3849 2625">
    <p class='ocr_par' dir='ltr' id='par_1_61' title="bbox 2276 2550 3849 2625">
     <span class='ocr_line' id='line_1_61' title="bbox 2276 2550 3849 2625; baseline -0.003 -16"><span class='ocrx_word' id='word_1_482' title='bbox 2276 2556 2601 2625; x_wconf 84' lang='grc' dir='ltr'><strong>συγγνώμην</strong></span> <span class='ocrx_word' id='word_1_483' title='bbox 2642 2557 2820 2623; x_wconf 80' lang='grc' dir='ltr'>νεῖμαι</span> <span class='ocrx_word' id='word_1_484' title='bbox 2851 2555 2999 2624; x_wconf 79' lang='grc' dir='ltr'><strong>αὑτῷ</strong></span> <span class='ocrx_word' id='word_1_485' title='bbox 3029 2556 3108 2608; x_wconf 86' lang='grc' dir='ltr'>ὅτι</span> <span class='ocrx_word' id='word_1_486' title='bbox 3149 2555 3296 2624; x_wconf 79' lang='grc' dir='ltr'>αὐτῷ</span> <span class='ocrx_word' id='word_1_487' title='bbox 3331 2550 3712 2616; x_wconf 74' lang='grc' dir='ltr'><strong>ἐπεϐούλευσε,</strong></span> <span class='ocrx_word' id='word_1_488' title='bbox 3749 2556 3849 2605; x_wconf 82' lang='grc' dir='ltr'>καὶ</span> 
     </span>
    </p>
   </div>
   <div class='ocr_carea' id='block_1_62' title="bbox 2273 2645 3842 2717">
    <p class='ocr_par' dir='ltr' id='par_1_62' title="bbox 2273 2645 3842 2717">
     <span class='ocr_line' id='line_1_62' title="bbox 2273 2645 3842 2717; baseline 0 -18"><span class='ocrx_word' id='word_1_489' title='bbox 2273 2646 2539 2717; x_wconf 77' lang='grc' dir='ltr'>ἐπέτρεπε</span> <span class='ocrx_word' id='word_1_490' title='bbox 2587 2645 2788 2699; x_wconf 75' lang='grc' dir='ltr'>λαϐεῖν’</span> <span class='ocrx_word' id='word_1_491' title='bbox 2829 2647 2989 2700; x_wconf 80' lang='grc' dir='ltr'>αὑτὸν</span> <span class='ocrx_word' id='word_1_492' title='bbox 3037 2646 3128 2699; x_wconf 67' lang='grc' dir='ltr'>τὸν</span> <span class='ocrx_word' id='word_1_493' title='bbox 3173 2645 3271 2715; x_wconf 78' lang='grc' dir='ltr'><strong>τῆς</strong></span> <span class='ocrx_word' id='word_1_494' title='bbox 3333 2647 3604 2712; x_wconf 75' lang='grc' dir='ltr'><strong>Αἰγύπτου</strong></span> <span class='ocrx_word' id='word_1_495' title='bbox 3648 2649 3842 2714; x_wconf 65' lang='grc' dir='ltr'>πάσης</span> 
     </span>
    </p>
   </div>
   <div class='ocr_carea' id='block_1_63' title="bbox 2273 2739 3843 2808">
    <p class='ocr_par' dir='ltr' id='par_1_63' title="bbox 2273 2739 3843 2808">
     <span class='ocr_line' id='line_1_63' title="bbox 2273 2739 3843 2808; baseline -0.001 -16"><span class='ocrx_word' id='word_1_496' title='bbox 2273 2739 2476 2807; x_wconf 76' lang='grc' dir='ltr'>δασμὸν</span> <span class='ocrx_word' id='word_1_497' title='bbox 2516 2739 2610 2792; x_wconf 76' lang='grc' dir='ltr'><strong>τοῦ</strong></span> <span class='ocrx_word' id='word_1_498' title='bbox 2633 2739 2784 2801; x_wconf 79' lang='grc' dir='ltr'>ἔτους</span> <span class='ocrx_word' id='word_1_499' title='bbox 2832 2740 3060 2805; x_wconf 76' lang='grc' dir='ltr'>ἐκείνου,</span> <span class='ocrx_word' id='word_1_500' title='bbox 3093 2742 3186 2793; x_wconf 73' lang='grc' dir='ltr'>καὶ</span> <span class='ocrx_word' id='word_1_501' title='bbox 3226 2740 3535 2808; x_wconf 83' lang='grc' dir='ltr'>χρήσασθαι</span> <span class='ocrx_word' id='word_1_502' title='bbox 3574 2741 3647 2799; x_wconf 87' lang='grc' dir='ltr'><strong>ώς</strong></span> <span class='ocrx_word' id='word_1_503' title='bbox 3677 2741 3843 2806; x_wconf 78' lang='grc' dir='ltr'>αὐτῷ</span> 
     </span>
    </p>
   </div>
   <div class='ocr_carea' id='block_1_64' title="bbox 2275 2829 3843 2898">
    <p class='ocr_par' dir='ltr' id='par_1_64' title="bbox 2275 2829 3843 2898">
     <span class='ocr_line' id='line_1_64' title="bbox 2275 2829 3843 2898; baseline -0.001 -15"><span class='ocrx_word' id='word_1_504' title='bbox 2275 2831 2410 2898; x_wconf 82' lang='grc' dir='ltr'>πρὸς</span> <span class='ocrx_word' id='word_1_505' title='bbox 2450 2829 2673 2896; x_wconf 66' lang='grc' dir='ltr'>βουλῆς.»</span> <span class='ocrx_word' id='word_1_506' title='bbox 2706 2830 2764 2882; x_wconf 82' lang='lat'><strong>&#39;0</strong></span> <span class='ocrx_word' id='word_1_507' title='bbox 2792 2830 2848 2882; x_wconf 84' lang='grc' dir='ltr'>δὲ</span> <span class='ocrx_word' id='word_1_508' title='bbox 2891 2831 3064 2898; x_wconf 85' lang='grc' dir='ltr'><strong>μέγας</strong></span> <span class='ocrx_word' id='word_1_509' title='bbox 3103 2831 3376 2898; x_wconf 79' lang='grc' dir='ltr'>Ἀρσένιος</span> <span class='ocrx_word' id='word_1_510' title='bbox 3430 2831 3843 2882; x_wconf 70' lang='grc' dir='ltr'>ἀντεπιστεῖλαι</span> 
     </span>
    </p>
   </div>
   <div class='ocr_carea' id='block_1_65' title="bbox 2280 2905 3844 2989">
    <p class='ocr_par' dir='ltr' id='par_1_65' title="bbox 2280 2905 3844 2989">
     <span class='ocr_line' id='line_1_65' title="bbox 2280 2905 3844 2989; baseline 0.001 -16"><span class='ocrx_word' id='word_1_511' title='bbox 2280 2919 2378 2989; x_wconf 79' lang='grc' dir='ltr'><strong>μὲν</strong></span> <span class='ocrx_word' id='word_1_512' title='bbox 2418 2922 2531 2982; x_wconf 80' lang='grc' dir='ltr'>τοῖς</span> <span class='ocrx_word' id='word_1_513' title='bbox 2572 2919 3000 2988; x_wconf 85' lang='grc' dir='ltr'>αὐτοκράτορσιν</span> <span class='ocrx_word' id='word_1_514' title='bbox 3045 2920 3144 2973; x_wconf 84' lang='grc' dir='ltr'><strong>οὐκ</strong></span> <span class='ocrx_word' id='word_1_515' title='bbox 3192 2921 3443 2989; x_wconf 77' lang='grc' dir='ltr'>ἠθέλησε,</span> <span class='ocrx_word' id='word_1_516' title='bbox 3490 2905 3603 2979; x_wconf 80' lang='grc' dir='ltr'>τοῖς</span> <span class='ocrx_word' id='word_1_517' title='bbox 3647 2921 3696 2972; x_wconf 80' lang='grc' dir='ltr'>δ’</span> <span class='ocrx_word' id='word_1_518' title='bbox 3757 2923 3844 2985; x_wconf 73' lang='grc' dir='ltr'>εἷς</span> 
     </span>
    </p>
   </div>
   <div class='ocr_carea' id='block_1_66' title="bbox 2273 3010 3840 3074">
    <p class='ocr_par' dir='ltr' id='par_1_66' title="bbox 2273 3010 3840 3074">
     <span class='ocr_line' id='line_1_66' title="bbox 2273 3010 3840 3074; baseline 0 -8"><span class='ocrx_word' id='word_1_519' title='bbox 2273 3011 2435 3066; x_wconf 69' lang='grc' dir='ltr'>αὑτὸν</span> <span class='ocrx_word' id='word_1_520' title='bbox 2492 3010 2869 3065; x_wconf 83' lang='grc' dir='ltr'>ἀποσταλεῖσιν</span> <span class='ocrx_word' id='word_1_521' title='bbox 2919 3012 3089 3064; x_wconf 81' lang='grc' dir='ltr'>εἰπεῖν</span> <span class='ocrx_word' id='word_1_522' title='bbox 3134 3012 3315 3074; x_wconf 75' lang='grc' dir='ltr'>αὐτοῖς</span> <span class='ocrx_word' id='word_1_523' title='bbox 3363 3012 3698 3071; x_wconf 74' lang='grc' dir='ltr'>ἐνετείλατο.</span> <span class='ocrx_word' id='word_1_524' title='bbox 3757 3015 3840 3066; x_wconf 84' lang='grc' dir='ltr'><strong>ὃτι</strong></span> 
     </span>
    </p>
   </div>
   <div class='ocr_carea' id='block_1_67' title="bbox 2288 3103 3843 3175">
    <p class='ocr_par' dir='ltr' id='par_1_67' title="bbox 2288 3103 3843 3175">
     <span class='ocr_line' id='line_1_67' title="bbox 2288 3103 3843 3175; baseline 0 -19"><span class='ocrx_word' id='word_1_525' title='bbox 2288 3103 2347 3156; x_wconf 89' lang='lat'><strong>&#39;0</strong></span> <span class='ocrx_word' id='word_1_526' title='bbox 2393 3105 2525 3165; x_wconf 69' lang='grc' dir='ltr'><strong>Θεὸς</strong></span> <span class='ocrx_word' id='word_1_527' title='bbox 2583 3105 2923 3172; x_wconf 83' lang='grc' dir='ltr'>συγχωρήσοι</span> <span class='ocrx_word' id='word_1_528' title='bbox 2956 3105 3104 3172; x_wconf 75' lang='grc' dir='ltr'><strong>ὑμῖν,</strong></span> <span class='ocrx_word' id='word_1_529' title='bbox 3148 3105 3245 3158; x_wconf 71' lang='grc' dir='ltr'>καὶ</span> <span class='ocrx_word' id='word_1_530' title='bbox 3272 3107 3339 3166; x_wconf 77' lang='grc' dir='ltr'><strong>τὰ</strong></span> <span class='ocrx_word' id='word_1_531' title='bbox 3372 3105 3534 3158; x_wconf 79' lang='grc' dir='ltr'>αὐτοῦ</span> <span class='ocrx_word' id='word_1_532' title='bbox 3569 3106 3843 3175; x_wconf 81' lang='grc' dir='ltr'>πράττειν</span> 
     </span>
    </p>
   </div>
   <div class='ocr_carea' id='block_1_68' title="bbox 2275 3195 3842 3266">
    <p class='ocr_par' dir='ltr' id='par_1_68' title="bbox 2275 3195 3842 3266">
     <span class='ocr_line' id='line_1_68' title="bbox 2275 3195 3842 3266; baseline 0.004 -20"><span class='ocrx_word' id='word_1_533' title='bbox 2275 3196 2490 3265; x_wconf 86' lang='grc' dir='ltr'>ποιήσοι</span> <span class='ocrx_word' id='word_1_534' title='bbox 2543 3195 2852 3263; x_wconf 78' lang='grc' dir='ltr'>θελήματα’</span> <span class='ocrx_word' id='word_1_535' title='bbox 2895 3196 3016 3262; x_wconf 75' lang='grc' dir='ltr'><strong>ἐμοὶ</strong></span> <span class='ocrx_word' id='word_1_536' title='bbox 3048 3195 3102 3246; x_wconf 85' lang='grc' dir='ltr'>δὲ</span> <span class='ocrx_word' id='word_1_537' title='bbox 3129 3196 3227 3263; x_wconf 76' lang='grc' dir='ltr'><strong>ήδη</strong></span> <span class='ocrx_word' id='word_1_538' title='bbox 3267 3197 3590 3265; x_wconf 86' lang='grc' dir='ltr'>νεκρωθέντι</span> <span class='ocrx_word' id='word_1_539' title='bbox 3614 3197 3690 3266; x_wconf 82' lang='grc' dir='ltr'>τῷ</span> <span class='ocrx_word' id='word_1_540' title='bbox 3739 3199 3842 3252; x_wconf 77' lang='grc' dir='ltr'>κό-</span> 
     </span>
    </p>
   </div>
   <div class='ocr_carea' id='block_1_69' title="bbox 2277 3280 3844 3357">
    <p class='ocr_par' dir='ltr' id='par_1_69' title="bbox 2277 3280 3844 3357">
     <span class='ocr_line' id='line_1_69' title="bbox 2277 3280 3844 3357; baseline 0.003 -18"><span class='ocrx_word' id='word_1_541' title='bbox 2277 3305 2400 3356; x_wconf 86' lang='grc' dir='ltr'><strong>σμῳ</strong></span> <span class='ocrx_word' id='word_1_542' title='bbox 2441 3286 2508 3339; x_wconf 80' lang='grc' dir='ltr'>τά</span> <span class='ocrx_word' id='word_1_543' title='bbox 2546 3287 2801 3355; x_wconf 82' lang='grc' dir='ltr'>χρήματα</span> <span class='ocrx_word' id='word_1_544' title='bbox 2830 3286 3094 3353; x_wconf 74' lang='grc' dir='ltr'>ἄχρηστα.</span> <span class='ocrx_word' id='word_1_545' title='bbox 3135 3280 3303 3348; x_wconf 74' lang='grc' dir='ltr'>Οὗτος</span> <span class='ocrx_word' id='word_1_546' title='bbox 3339 3291 3367 3340; x_wconf 90' lang='lat'><strong>6</strong></span> <span class='ocrx_word' id='word_1_547' title='bbox 3417 3287 3659 3357; x_wconf 76' lang='grc' dir='ltr'>βασιλεὺς</span> <span class='ocrx_word' id='word_1_548' title='bbox 3699 3290 3844 3355; x_wconf 77' lang='grc' dir='ltr'><strong>’Δρ-</strong></span> 
     </span>
    </p>
   </div>
   <div class='ocr_carea' id='block_1_70' title="bbox 2271 3375 3839 3447">
    <p class='ocr_par' dir='ltr' id='par_1_70' title="bbox 2271 3375 3839 3447">
     <span class='ocr_line' id='line_1_70' title="bbox 2271 3375 3839 3447; baseline 0.001 -17"><span class='ocrx_word' id='word_1_549' title='bbox 2271 3379 2453 3438; x_wconf 87' lang='grc' dir='ltr'>κάδιος</span> <span class='ocrx_word' id='word_1_550' title='bbox 2499 3377 2557 3426; x_wconf 80' lang='grc' dir='ltr'><strong>ὲν</strong></span> <span class='ocrx_word' id='word_1_551' title='bbox 2593 3379 2657 3444; x_wconf 82' lang='grc' dir='ltr'><strong>τῇ</strong></span> <span class='ocrx_word' id='word_1_552' title='bbox 2694 3375 2888 3445; x_wconf 75' lang='grc' dir='ltr'>Θρᾴκῃ</span> <span class='ocrx_word' id='word_1_553' title='bbox 2927 3377 3082 3429; x_wconf 87' lang='grc' dir='ltr'>πόλιν</span> <span class='ocrx_word' id='word_1_554' title='bbox 3109 3378 3472 3446; x_wconf 73' lang='grc' dir='ltr'>οἰκοδομήσας</span> <span class='ocrx_word' id='word_1_555' title='bbox 3517 3379 3839 3447; x_wconf 76' lang='grc' dir='ltr'>Ἀρκαδιού-</span> 
     </span>
    </p>
   </div>
   <div class='ocr_carea' id='block_1_71' title="bbox 2271 3467 3831 3541">
    <p class='ocr_par' dir='ltr' id='par_1_71' title="bbox 2271 3467 3831 3541">
     <span class='ocr_line' id='line_1_71' title="bbox 2271 3467 3831 3541; baseline 0.001 -21"><span class='ocrx_word' id='word_1_556' title='bbox 2271 3468 2424 3520; x_wconf 87' lang='grc' dir='ltr'>πολιν</span> <span class='ocrx_word' id='word_1_557' title='bbox 2453 3467 2562 3532; x_wconf 85' lang='lat'><strong>(6|)</strong></span> <span class='ocrx_word' id='word_1_558' title='bbox 2609 3468 2776 3536; x_wconf 76' lang='grc' dir='ltr'><strong>αὐτὴν</strong></span> <span class='ocrx_word' id='word_1_559' title='bbox 2805 3467 3145 3537; x_wconf 76' lang='grc' dir='ltr'>ἐπωνόμασε.</span> <span class='ocrx_word' id='word_1_560' title='bbox 3192 3469 3303 3524; x_wconf 71' lang='grc' dir='ltr'><strong>Καὶ</strong></span> <span class='ocrx_word' id='word_1_561' title='bbox 3336 3470 3427 3522; x_wconf 78' lang='grc' dir='ltr'><strong>τὸν</strong></span> <span class='ocrx_word' id='word_1_562' title='bbox 3461 3472 3517 3522; x_wconf 79' lang='grc' dir='ltr'><strong>έν</strong></span> <span class='ocrx_word' id='word_1_563' title='bbox 3553 3470 3628 3538; x_wconf 87' lang='grc' dir='ltr'>τῷ</span> <span class='ocrx_word' id='word_1_564' title='bbox 3661 3471 3831 3541; x_wconf 66' lang='grc' dir='ltr'>Ξηρα</span> 
     </span>
    </p>
   </div>
   <div class='ocr_carea' id='block_1_72' title="bbox 2270 3557 3840 3632">
    <p class='ocr_par' dir='ltr' id='par_1_72' title="bbox 2270 3557 3840 3632">
     <span class='ocr_line' id='line_1_72' title="bbox 2270 3557 3840 3632; baseline 0.003 -22"><span class='ocrx_word' id='word_1_565' title='bbox 2270 3558 2418 3626; x_wconf 73' lang='grc' dir='ltr'>λόφῳ</span> <span class='ocrx_word' id='word_1_566' title='bbox 2441 3557 2551 3627; x_wconf 71' lang='lat'><strong>(62)</strong></span> <span class='ocrx_word' id='word_1_567' title='bbox 2586 3560 2840 3626; x_wconf 82' lang='grc' dir='ltr'><strong>ἀνήγειρε</strong></span> <span class='ocrx_word' id='word_1_568' title='bbox 2885 3559 3058 3621; x_wconf 85' lang='grc' dir='ltr'>κίονα,</span> <span class='ocrx_word' id='word_1_569' title='bbox 3088 3561 3183 3615; x_wconf 75' lang='grc' dir='ltr'>καὶ</span> <span class='ocrx_word' id='word_1_570' title='bbox 3225 3563 3312 3615; x_wconf 73' lang='grc' dir='ltr'><strong>ἐπ’</strong></span> <span class='ocrx_word' id='word_1_571' title='bbox 3354 3562 3502 3632; x_wconf 83' lang='grc' dir='ltr'><strong>αὐτῷ</strong></span> <span class='ocrx_word' id='word_1_572' title='bbox 3538 3563 3840 3632; x_wconf 76' lang='grc' dir='ltr'>ἀνδριάντι</span> 
     </span>
    </p>
   </div>
   <div class='ocr_carea' id='block_1_73' title="bbox 2272 3648 3842 3720">
    <p class='ocr_par' dir='ltr' id='par_1_73' title="bbox 2272 3648 3842 3720">
     <span class='ocr_line' id='line_1_73' title="bbox 2272 3648 3842 3720; baseline 0.004 -19"><span class='ocrx_word' id='word_1_573' title='bbox 2272 3650 2468 3701; x_wconf 73' lang='grc' dir='ltr'>οἰκεῖον</span> <span class='ocrx_word' id='word_1_574' title='bbox 2500 3649 2761 3716; x_wconf 79' lang='grc' dir='ltr'>ἐνίδρυσε.</span> <span class='ocrx_word' id='word_1_575' title='bbox 2787 3648 2893 3702; x_wconf 82' lang='grc' dir='ltr'><strong>Τοῦ</strong></span> <span class='ocrx_word' id='word_1_576' title='bbox 2926 3650 3265 3720; x_wconf 81' lang='grc' dir='ltr'>πατριάρχου</span> <span class='ocrx_word' id='word_1_577' title='bbox 3307 3652 3370 3705; x_wconf 78' lang='grc' dir='ltr'>δὲ</span> <span class='ocrx_word' id='word_1_578' title='bbox 3399 3653 3842 3708; x_wconf 72' lang='grc' dir='ltr'>Κωνσταντινσυ-</span> 
     </span>
    </p>
   </div>
   <div class='ocr_carea' id='block_1_74' title="bbox 2273 3739 3844 3811">
    <p class='ocr_par' dir='ltr' id='par_1_74' title="bbox 2273 3739 3844 3811">
     <span class='ocr_line' id='line_1_74' title="bbox 2273 3739 3844 3811; baseline 0.004 -20"><span class='ocrx_word' id='word_1_579' title='bbox 2273 3740 2480 3798; x_wconf 77' lang='grc' dir='ltr'>πόλεως</span> <span class='ocrx_word' id='word_1_580' title='bbox 2507 3739 2810 3808; x_wconf 85' lang='grc' dir='ltr'>Νεκταρίου</span> <span class='ocrx_word' id='word_1_581' title='bbox 2845 3739 3119 3810; x_wconf 78' lang='grc' dir='ltr'><strong>θανόντος,</strong></span> <span class='ocrx_word' id='word_1_582' title='bbox 3146 3741 3238 3793; x_wconf 80' lang='grc' dir='ltr'><strong>τὸν</strong></span> <span class='ocrx_word' id='word_1_583' title='bbox 3270 3742 3504 3810; x_wconf 79' lang='grc' dir='ltr'>χρυσοῦν</span> <span class='ocrx_word' id='word_1_584' title='bbox 3539 3743 3639 3811; x_wconf 80' lang='grc' dir='ltr'>τήν</span> <span class='ocrx_word' id='word_1_585' title='bbox 3670 3745 3844 3811; x_wconf 79' lang='grc' dir='ltr'><strong>γλῶτ-</strong></span> 
     </span>
    </p>
   </div>
   <div class='ocr_carea' id='block_1_75' title="bbox 2271 3820 3840 3900">
    <p class='ocr_par' dir='ltr' id='par_1_75' title="bbox 2271 3820 3840 3900">
     <span class='ocr_line' id='line_1_75' title="bbox 2271 3820 3840 3900; baseline 0.004 -20"><span class='ocrx_word' id='word_1_586' title='bbox 2271 3845 2368 3881; x_wconf 88' lang='grc' dir='ltr'>ταν</span> <span class='ocrx_word' id='word_1_587' title='bbox 2413 3829 2665 3898; x_wconf 82' lang='grc' dir='ltr'><strong>Ἰωάννην</strong></span> <span class='ocrx_word' id='word_1_588' title='bbox 2692 3828 2750 3892; x_wconf 75' lang='grc' dir='ltr'><strong>ἐξ</strong></span> <span class='ocrx_word' id='word_1_589' title='bbox 2787 3820 3125 3898; x_wconf 78' lang='grc' dir='ltr'>Ἀντιοχείας</span> <span class='ocrx_word' id='word_1_590' title='bbox 3142 3831 3239 3898; x_wconf 82' lang='grc' dir='ltr'><strong>τῆς</strong></span> <span class='ocrx_word' id='word_1_591' title='bbox 3275 3829 3512 3900; x_wconf 77' lang='grc' dir='ltr'><strong>μεγάλης</strong></span> <span class='ocrx_word' id='word_1_592' title='bbox 3545 3848 3840 3900; x_wconf 85' lang='grc' dir='ltr'>μεταστει-</span> 
     </span>
    </p>
   </div>
   <div class='ocr_carea' id='block_1_76' title="bbox 2273 3920 3835 3992">
    <p class='ocr_par' dir='ltr' id='par_1_76' title="bbox 2273 3920 3835 3992">
     <span class='ocr_line' id='line_1_76' title="bbox 2273 3920 3835 3992; baseline 0.004 -21"><span class='ocrx_word' id='word_1_593' title='bbox 2273 3920 2500 3988; x_wconf 84' lang='grc' dir='ltr'><strong>λάμενος</strong></span> <span class='ocrx_word' id='word_1_594' title='bbox 2533 3920 2872 3988; x_wconf 77' lang='grc' dir='ltr'>πατριάρχην</span> <span class='ocrx_word' id='word_1_595' title='bbox 2896 3921 2993 3986; x_wconf 82' lang='grc' dir='ltr'><strong>τῆς</strong></span> <span class='ocrx_word' id='word_1_596' title='bbox 3019 3921 3166 3984; x_wconf 88' lang='grc' dir='ltr'>Νέας</span> <span class='ocrx_word' id='word_1_597' title='bbox 3201 3921 3422 3991; x_wconf 85' lang='grc' dir='ltr'><strong>Ῥώμης</strong></span> <span class='ocrx_word' id='word_1_598' title='bbox 3448 3920 3835 3992; x_wconf 72' lang='grc' dir='ltr'>προϐάλλεται.</span> 
     </span>
    </p>
   </div>
   <div class='ocr_carea' id='block_1_77' title="bbox 2275 4007 3837 4082">
    <p class='ocr_par' dir='ltr' id='par_1_77' title="bbox 2275 4007 3837 4082">
     <span class='ocr_line' id='line_1_77' title="bbox 2275 4007 3837 4082; baseline 0.005 -22"><span class='ocrx_word' id='word_1_599' title='bbox 2275 4008 2470 4076; x_wconf 78' lang='grc' dir='ltr'>Νωθης</span> <span class='ocrx_word' id='word_1_600' title='bbox 2514 4007 2569 4060; x_wconf 70' lang='grc' dir='ltr'>δὲ</span> <span class='ocrx_word' id='word_1_601' title='bbox 2627 4007 2703 4060; x_wconf 85' lang='grc' dir='ltr'><strong>ὣν</strong></span> <span class='ocrx_word' id='word_1_602' title='bbox 2750 4010 2842 4061; x_wconf 80' lang='grc' dir='ltr'>καὶ</span> <span class='ocrx_word' id='word_1_603' title='bbox 2885 4009 2980 4076; x_wconf 82' lang='grc' dir='ltr'>τὴν</span> <span class='ocrx_word' id='word_1_604' title='bbox 3026 4010 3251 4080; x_wconf 85' lang='grc' dir='ltr'><strong>γνώμην</strong></span> <span class='ocrx_word' id='word_1_605' title='bbox 3302 4012 3448 4082; x_wconf 89' lang='grc' dir='ltr'>πέρα</span> <span class='ocrx_word' id='word_1_606' title='bbox 3493 4008 3585 4067; x_wconf 73' lang='grc' dir='ltr'><strong>τοῦ</strong></span> <span class='ocrx_word' id='word_1_607' title='bbox 3619 4013 3837 4076; x_wconf 79' lang='grc' dir='ltr'>δέοντος</span> 
     </span>
    </p>
   </div>
   <div class='ocr_carea' id='block_1_78' title="bbox 2231 4098 3840 4171">
    <p class='ocr_par' dir='ltr' id='par_1_78' title="bbox 2231 4098 3840 4171">
     <span class='ocr_line' id='line_1_78' title="bbox 2231 4098 3840 4171; baseline 0.006 -25"><span class='ocrx_word' id='word_1_608' title='bbox 2231 4142 2235 4146; x_wconf 36' lang='grc'><strong><em>«</em></strong></span> <span class='ocrx_word' id='word_1_609' title='bbox 2279 4098 2552 4166; x_wconf 72' lang='grc' dir='ltr'>μαλθακδς</span> <span class='ocrx_word' id='word_1_610' title='bbox 2593 4098 2620 4150; x_wconf 89' lang='lat'><strong>6</strong></span> <span class='ocrx_word' id='word_1_611' title='bbox 2663 4098 2965 4169; x_wconf 80' lang='grc' dir='ltr'>’Δρκάδιος,</span> <span class='ocrx_word' id='word_1_612' title='bbox 2999 4100 3101 4154; x_wconf 80' lang='grc' dir='ltr'><strong>ὑπὸ</strong></span> <span class='ocrx_word' id='word_1_613' title='bbox 3131 4101 3227 4170; x_wconf 86' lang='grc' dir='ltr'>τῆς</span> <span class='ocrx_word' id='word_1_614' title='bbox 3265 4103 3511 4170; x_wconf 84' lang='grc' dir='ltr'>γαμετῆς</span> <span class='ocrx_word' id='word_1_615' title='bbox 3549 4104 3840 4171; x_wconf 78' lang='grc' dir='ltr'>κατείχετο</span> 
     </span>
    </p>
   </div>
   <div class='ocr_carea' id='block_1_79' title="bbox 2276 4184 3840 4261">
    <p class='ocr_par' dir='ltr' id='par_1_79' title="bbox 2276 4184 3840 4261">
     <span class='ocr_line' id='line_1_79' title="bbox 2276 4184 3840 4261; baseline 0.002 -20"><span class='ocrx_word' id='word_1_616' title='bbox 2276 4187 2548 4253; x_wconf 77' lang='grc' dir='ltr'>Εὐδοξίας.</span> <span class='ocrx_word' id='word_1_617' title='bbox 2604 4186 2666 4240; x_wconf 85' lang='grc' dir='ltr'><strong>Ἦ</strong></span> <span class='ocrx_word' id='word_1_618' title='bbox 2710 4187 2766 4242; x_wconf 78' lang='grc' dir='ltr'>δὲ</span> <span class='ocrx_word' id='word_1_619' title='bbox 2802 4184 2869 4258; x_wconf 76' lang='grc' dir='ltr'><strong>ἦν</strong></span> <span class='ocrx_word' id='word_1_620' title='bbox 2903 4186 3125 4256; x_wconf 83' lang='grc' dir='ltr'>γύναιον</span> <span class='ocrx_word' id='word_1_621' title='bbox 3170 4190 3362 4260; x_wconf 83' lang='grc' dir='ltr'><strong>ίταμδν</strong></span> <span class='ocrx_word' id='word_1_622' title='bbox 3399 4192 3492 4244; x_wconf 83' lang='grc' dir='ltr'>καὶ</span> <span class='ocrx_word' id='word_1_623' title='bbox 3536 4187 3840 4261; x_wconf 79' lang='grc' dir='ltr'><strong>χρημάτων</strong></span> 
     </span>
    </p>
   </div>
   <div class='ocr_carea' id='block_1_80' title="bbox 2275 4275 3841 4347">
    <p class='ocr_par' dir='ltr' id='par_1_80' title="bbox 2275 4275 3841 4347">
     <span class='ocr_line' id='line_1_80' title="bbox 2275 4275 3841 4347; baseline 0.003 -19"><span class='ocrx_word' id='word_1_624' title='bbox 2275 4277 2588 4346; x_wconf 80' lang='grc' dir='ltr'><strong>ἡττώμενον</strong></span> <span class='ocrx_word' id='word_1_625' title='bbox 2612 4275 2833 4347; x_wconf 81' lang='grc' dir='ltr'><strong>ἔρωτος,</strong></span> <span class='ocrx_word' id='word_1_626' title='bbox 2863 4279 3153 4332; x_wconf 86' lang='grc' dir='ltr'>κάντεῦθεν</span> <span class='ocrx_word' id='word_1_627' title='bbox 3179 4281 3273 4334; x_wconf 75' lang='grc' dir='ltr'>καὶ</span> <span class='ocrx_word' id='word_1_628' title='bbox 3296 4280 3643 4333; x_wconf 82' lang='grc' dir='ltr'>ἀδικώτατον.</span> <span class='ocrx_word' id='word_1_629' title='bbox 3673 4281 3841 4335; x_wconf 81' lang='grc' dir='ltr'>Ὅθεν</span> 
     </span>
    </p>
   </div>
   <div class='ocr_carea' id='block_1_81' title="bbox 2277 4359 3840 4440">
    <p class='ocr_par' dir='ltr' id='par_1_81' title="bbox 2277 4359 3840 4440">
     <span class='ocr_line' id='line_1_81' title="bbox 2277 4359 3840 4440; baseline 0.004 -21"><span class='ocrx_word' id='word_1_630' title='bbox 2277 4368 2427 4436; x_wconf 76' lang='grc' dir='ltr'>παρὰ</span> <span class='ocrx_word' id='word_1_631' title='bbox 2476 4367 2570 4420; x_wconf 64' lang='grc' dir='ltr'>τοῦ</span> <span class='ocrx_word' id='word_1_632' title='bbox 2622 4369 2854 4438; x_wconf 87' lang='grc' dir='ltr'><strong>μεγάλου</strong></span> <span class='ocrx_word' id='word_1_633' title='bbox 2899 4368 3089 4421; x_wconf 81' lang='grc' dir='ltr'>τούτου</span> <span class='ocrx_word' id='word_1_634' title='bbox 3134 4370 3344 4440; x_wconf 81' lang='grc' dir='ltr'>Πατρδς</span> <span class='ocrx_word' id='word_1_635' title='bbox 3397 4359 3840 4439; x_wconf 74' lang='grc' dir='ltr'>ἀνακοπτόμενον</span> 
     </span>
    </p>
   </div>
   <div class='ocr_carea' id='block_1_82' title="bbox 2275 4455 3842 4532">
    <p class='ocr_par' dir='ltr' id='par_1_82' title="bbox 2275 4455 3842 4532">
     <span class='ocr_line' id='line_1_82' title="bbox 2275 4455 3842 4532; baseline 0.004 -22"><span class='ocrx_word' id='word_1_636' title='bbox 2275 4457 2374 4524; x_wconf 74' lang='grc' dir='ltr'><strong>τῆς</strong></span> <span class='ocrx_word' id='word_1_637' title='bbox 2405 4457 2600 4527; x_wconf 74' lang='grc' dir='ltr'><strong>ὁρμῆς,</strong></span> <span class='ocrx_word' id='word_1_638' title='bbox 2646 4459 2760 4511; x_wconf 77' lang='grc' dir='ltr'>ἐστι</span> <span class='ocrx_word' id='word_1_639' title='bbox 2806 4455 2947 4512; x_wconf 71' lang='grc' dir='ltr'><strong>δὀὗ</strong></span> <span class='ocrx_word' id='word_1_640' title='bbox 2990 4459 3082 4512; x_wconf 83' lang='grc' dir='ltr'>καὶ</span> <span class='ocrx_word' id='word_1_641' title='bbox 3115 4459 3535 4529; x_wconf 77' lang='grc' dir='ltr'>ἐπιτιμώμενον,</span> <span class='ocrx_word' id='word_1_642' title='bbox 3581 4463 3842 4532; x_wconf 78' lang='grc' dir='ltr'>ἠρέθιστο</span> 
     </span>
    </p>
   </div>
   <div class='ocr_carea' id='block_1_83' title="bbox 2279 4549 3837 4622">
    <p class='ocr_par' dir='ltr' id='par_1_83' title="bbox 2279 4549 3837 4622">
     <span class='ocr_line' id='line_1_83' title="bbox 2279 4549 3837 4622; baseline 0.002 -21"><span class='ocrx_word' id='word_1_643' title='bbox 2279 4550 2357 4611; x_wconf 88' lang='grc' dir='ltr'>είς</span> <span class='ocrx_word' id='word_1_644' title='bbox 2383 4549 2573 4622; x_wconf 75' lang='grc' dir='ltr'><strong>ὀργὴν,</strong></span> <span class='ocrx_word' id='word_1_645' title='bbox 2611 4550 2702 4602; x_wconf 76' lang='grc' dir='ltr'><strong>καὶ</strong></span> <span class='ocrx_word' id='word_1_646' title='bbox 2751 4549 3058 4618; x_wconf 80' lang='grc' dir='ltr'>ἀμύνασθαι</span> <span class='ocrx_word' id='word_1_647' title='bbox 3094 4549 3185 4602; x_wconf 82' lang='grc' dir='ltr'><strong>τὸν</strong></span> <span class='ocrx_word' id='word_1_648' title='bbox 3227 4549 3379 4616; x_wconf 77' lang='grc' dir='ltr'><strong>ἅγιον</strong></span> <span class='ocrx_word' id='word_1_649' title='bbox 3412 4552 3694 4605; x_wconf 75' lang='grc' dir='ltr'>ἔσπευδεν.</span> <span class='ocrx_word' id='word_1_650' title='bbox 3735 4553 3837 4604; x_wconf 76' lang='grc' dir='ltr'><strong>Εὖ-</strong></span> 
     </span>
    </p>
   </div>
   <div class='ocr_carea' id='block_1_84' title="bbox 621 4639 2171 4716">
    <p class='ocr_par' dir='ltr' id='par_1_84' title="bbox 621 4640 2171 4710">
     <span class='ocr_line' id='line_1_84' title="bbox 621 4640 2171 4710; baseline 0.003 -17"><span class='ocrx_word' id='word_1_651' title='bbox 621 4648 799 4703; x_wconf 87' lang='lat' dir='ltr'><strong>catus,</strong></span> <span class='ocrx_word' id='word_1_652' title='bbox 832 4640 1086 4694; x_wconf 65' lang='lat' dir='ltr'><strong>Ecclesiae</strong></span> <span class='ocrx_word' id='word_1_653' title='bbox 1113 4640 1379 4695; x_wconf 90' lang='lat' dir='ltr'><strong>redditur.</strong></span> <span class='ocrx_word' id='word_1_654' title='bbox 1416 4640 1519 4695; x_wconf 88' lang='lat' dir='ltr'><strong>Sed</strong></span> <span class='ocrx_word' id='word_1_655' title='bbox 1559 4642 1685 4710; x_wconf 90' lang='lat' dir='ltr'><strong>quia</strong></span> <span class='ocrx_word' id='word_1_656' title='bbox 1721 4641 1805 4695; x_wconf 89' lang='lat' dir='ltr'><strong>vir</strong></span> <span class='ocrx_word' id='word_1_657' title='bbox 1836 4643 2021 4697; x_wconf 88' lang='lat' dir='ltr'><strong>invicti</strong></span> <span class='ocrx_word' id='word_1_658' title='bbox 2064 4644 2171 4698; x_wconf 88' lang='lat' dir='ltr'><strong>ani-</strong></span> 
     </span>
    </p>
   </div>
   <div class='ocr_carea' id='block_1_85' title="bbox 2274 4639 3839 4716">
    <p class='ocr_par' dir='ltr' id='par_1_85' title="bbox 2282 4639 3839 4712">
     <span class='ocr_line' id='line_1_85' title="bbox 2282 4639 3839 4712; baseline 0.003 -20"><span class='ocrx_word' id='word_1_659' title='bbox 2282 4639 2447 4709; x_wconf 83' lang='grc' dir='ltr'>ροῦσα</span> <span class='ocrx_word' id='word_1_660' title='bbox 2481 4640 2534 4692; x_wconf 87' lang='grc' dir='ltr'>δὲ</span> <span class='ocrx_word' id='word_1_661' title='bbox 2565 4641 2657 4693; x_wconf 80' lang='grc' dir='ltr'>καὶ</span> <span class='ocrx_word' id='word_1_662' title='bbox 2686 4640 2779 4692; x_wconf 84' lang='grc' dir='ltr'><strong>τὸν</strong></span> <span class='ocrx_word' id='word_1_663' title='bbox 2828 4640 3239 4708; x_wconf 79' lang='grc' dir='ltr'>’Δλεξανδρείας</span> <span class='ocrx_word' id='word_1_664' title='bbox 3297 4642 3552 4712; x_wconf 77' lang='grc' dir='ltr'><strong>Θεόφιλον</strong></span> <span class='ocrx_word' id='word_1_665' title='bbox 3603 4644 3702 4708; x_wconf 85' lang='grc' dir='ltr'><strong>τῆς</strong></span> <span class='ocrx_word' id='word_1_666' title='bbox 3739 4659 3839 4696; x_wconf 73' lang='grc' dir='ltr'>κα-</span> 
     </span>
    </p>
   </div>
   <div class='ocr_carea' id='block_1_86' title="bbox 625 4717 2178 4800">
    <p class='ocr_par' dir='ltr' id='par_1_86' title="bbox 625 4717 2178 4800">
     <span class='ocr_line' id='line_1_86' title="bbox 625 4717 2178 4800; baseline 0.006 -21"><span class='ocrx_word' id='word_1_667' title='bbox 625 4729 720 4792; x_wconf 82' lang='lat' dir='ltr'><strong>mi,</strong></span> <span class='ocrx_word' id='word_1_668' title='bbox 766 4717 1005 4797; x_wconf 76' lang='lat' dir='ltr'><strong>lingualn</strong></span> <span class='ocrx_word' id='word_1_669' title='bbox 1039 4721 1228 4785; x_wconf 87' lang='lat' dir='ltr'><strong>contra</strong></span> <span class='ocrx_word' id='word_1_670' title='bbox 1269 4732 1500 4800; x_wconf 79' lang='lat' dir='ltr'><strong>injustos</strong></span> <span class='ocrx_word' id='word_1_671' title='bbox 1541 4747 1736 4786; x_wconf 88' lang='lat' dir='ltr'><strong>acuere</strong></span> <span class='ocrx_word' id='word_1_672' title='bbox 1787 4747 1893 4787; x_wconf 92' lang='lat' dir='ltr'><strong>non</strong></span> <span class='ocrx_word' id='word_1_673' title='bbox 1948 4732 2178 4789; x_wconf 85' lang='lat' dir='ltr'><strong>desiste-</strong></span> 
     </span>
    </p>
   </div>
   <div class='ocr_carea' id='block_1_87' title="bbox 626 4817 2178 4893">
    <p class='ocr_par' dir='ltr' id='par_1_87' title="bbox 626 4817 2178 4893">
     <span class='ocr_line' id='line_1_87' title="bbox 626 4817 2178 4893; baseline 0.005 -23"><span class='ocrx_word' id='word_1_674' title='bbox 626 4818 739 4878; x_wconf 75' lang='lat' dir='ltr'><strong>bat.</strong></span> <span class='ocrx_word' id='word_1_675' title='bbox 766 4848 776 4852; x_wconf 91' lang='lat'><strong>-</strong></span> <span class='ocrx_word' id='word_1_676' title='bbox 802 4817 1042 4874; x_wconf 81' lang='lat' dir='ltr'><strong>Eudoxia</strong></span> <span class='ocrx_word' id='word_1_677' title='bbox 1076 4821 1420 4889; x_wconf 80' lang='lat' dir='ltr'><strong>imperatrix,</strong></span> <span class='ocrx_word' id='word_1_678' title='bbox 1464 4837 1583 4890; x_wconf 76' lang='lat' dir='ltr'><strong>qua:</strong></span> <span class='ocrx_word' id='word_1_679' title='bbox 1611 4820 1905 4877; x_wconf 88' lang='lat' dir='ltr'><strong>conciones</strong></span> <span class='ocrx_word' id='word_1_680' title='bbox 1939 4821 2007 4877; x_wconf 89' lang='lat' dir='ltr'><strong>de</strong></span> <span class='ocrx_word' id='word_1_681' title='bbox 2037 4822 2178 4893; x_wconf 86' lang='lat' dir='ltr'><strong>inju-</strong></span> 
     </span>
    </p>
   </div>
   <div class='ocr_carea' id='block_1_88' title="bbox 625 4907 2183 4982">
    <p class='ocr_par' dir='ltr' id='par_1_88' title="bbox 625 4907 2183 4982">
     <span class='ocr_line' id='line_1_88' title="bbox 625 4907 2183 4982; baseline 0.003 -21"><span class='ocrx_word' id='word_1_682' title='bbox 625 4908 773 4961; x_wconf 87' lang='lat' dir='ltr'><strong>stitia</strong></span> <span class='ocrx_word' id='word_1_683' title='bbox 797 4907 860 4961; x_wconf 93' lang='lat' dir='ltr'><strong>ad</strong></span> <span class='ocrx_word' id='word_1_684' title='bbox 891 4923 1009 4962; x_wconf 90' lang='lat' dir='ltr'><strong>sese</strong></span> <span class='ocrx_word' id='word_1_685' title='bbox 1058 4911 1491 4966; x_wconf 87' lang='lat' dir='ltr'><strong>accommodaret</strong></span> <span class='ocrx_word' id='word_1_686' title='bbox 1539 4914 1574 4981; x_wconf 73' lang='grc' dir='ltr'>ι,</span> <span class='ocrx_word' id='word_1_687' title='bbox 1590 4927 1711 4966; x_wconf 92' lang='lat' dir='ltr'><strong>nam</strong></span> <span class='ocrx_word' id='word_1_688' title='bbox 1744 4927 1773 4973; x_wconf 88' lang='lat' dir='ltr'><strong>a</strong></span> <span class='ocrx_word' id='word_1_689' title='bbox 1800 4922 1989 4982; x_wconf 88' lang='lat' dir='ltr'><strong>suapte</strong></span> <span class='ocrx_word' id='word_1_690' title='bbox 2047 4927 2183 4967; x_wconf 88' lang='lat' dir='ltr'><strong>con-</strong></span> 
     </span>
    </p>
   </div>
   <div class='ocr_carea' id='block_1_89' title="bbox 588 4989 2176 5073">
    <p class='ocr_par' dir='ltr' id='par_1_89' title="bbox 588 4989 2176 5073">
     <span class='ocr_line' id='line_1_89' title="bbox 588 4989 2176 5073; baseline 0.004 -24"><span class='ocrx_word' id='word_1_691' title='bbox 588 4989 854 5051; x_wconf 51' lang='lat' dir='ltr'><strong>‘scientia</strong></span> <span class='ocrx_word' id='word_1_692' title='bbox 909 4999 1633 5066; x_wconf 82' lang='lat' dir='ltr'><strong>arguebatur).inﬂammato</strong></span> <span class='ocrx_word' id='word_1_693' title='bbox 1677 5010 1866 5055; x_wconf 90' lang='lat' dir='ltr'><strong>contra</strong></span> <span class='ocrx_word' id='word_1_694' title='bbox 1921 5017 2176 5073; x_wconf 87' lang='lat' dir='ltr'><strong>magnum</strong></span> 
     </span>
    </p>
   </div>
   <div class='ocr_carea' id='block_1_90' title="bbox 630 5086 2178 5160">
    <p class='ocr_par' dir='ltr' id='par_1_90' title="bbox 630 5086 2178 5160">
     <span class='ocr_line' id='line_1_90' title="bbox 630 5086 2178 5160; baseline 0.001 -18"><span class='ocrx_word' id='word_1_695' title='bbox 630 5087 844 5143; x_wconf 80' lang='lat' dir='ltr'><strong>Patrem</strong></span> <span class='ocrx_word' id='word_1_696' title='bbox 880 5086 1084 5153; x_wconf 90' lang='lat' dir='ltr'><strong>animo,</strong></span> <span class='ocrx_word' id='word_1_697' title='bbox 1119 5104 1306 5143; x_wconf 89' lang='lat' dir='ltr'><strong>rursus</strong></span> <span class='ocrx_word' id='word_1_698' title='bbox 1341 5091 1424 5160; x_wconf 89' lang='lat' dir='ltr'><strong>(ut</strong></span> <span class='ocrx_word' id='word_1_699' title='bbox 1457 5106 1578 5160; x_wconf 74' lang='lat' dir='ltr'><strong>qua:</strong></span> <span class='ocrx_word' id='word_1_700' title='bbox 1623 5090 1981 5147; x_wconf 89' lang='lat' dir='ltr'><strong>intercessere</strong></span> <span class='ocrx_word' id='word_1_701' title='bbox 2016 5093 2178 5147; x_wconf 92' lang='lat' dir='ltr'><strong>omit-</strong></span> 
     </span>
    </p>
   </div>
   <div class='ocr_carea' id='block_1_91' title="bbox 2284 4731 3836 4803">
    <p class='ocr_par' dir='ltr' id='par_1_91' title="bbox 2284 4731 3836 4803">
     <span class='ocr_line' id='line_1_91' title="bbox 2284 4731 3836 4803; baseline 0.002 -19"><span class='ocrx_word' id='word_1_702' title='bbox 2284 4732 2404 4794; x_wconf 85' lang='grc' dir='ltr'>κίας</span> <span class='ocrx_word' id='word_1_703' title='bbox 2452 4733 2621 4794; x_wconf 78' lang='grc' dir='ltr'>αὐτῆς</span> <span class='ocrx_word' id='word_1_704' title='bbox 2653 4733 2930 4803; x_wconf 78' lang='grc' dir='ltr'>συνεργὸν,</span> <span class='ocrx_word' id='word_1_705' title='bbox 2982 4733 3156 4786; x_wconf 85' lang='grc' dir='ltr'>πείθει</span> <span class='ocrx_word' id='word_1_706' title='bbox 3199 4733 3291 4786; x_wconf 84' lang='grc' dir='ltr'>τδν</span> <span class='ocrx_word' id='word_1_707' title='bbox 3329 4735 3609 4803; x_wconf 76' lang='grc' dir='ltr'>Ἀρκάδων</span> <span class='ocrx_word' id='word_1_708' title='bbox 3666 4731 3836 4803; x_wconf 74' lang='grc' dir='ltr'>ὓπερο</span> 
     </span>
    </p>
   </div>
   <div class='ocr_carea' id='block_1_92' title="bbox 2283 4803 3840 4892">
    <p class='ocr_par' dir='ltr' id='par_1_92' title="bbox 2283 4803 3840 4892">
     <span class='ocr_line' id='line_1_92' title="bbox 2283 4803 3840 4892; baseline 0.003 -21"><span class='ocrx_word' id='word_1_709' title='bbox 2283 4803 2435 4888; x_wconf 72' lang='grc' dir='ltr'><strong>ορῖαν</strong></span> <span class='ocrx_word' id='word_1_710' title='bbox 2481 4819 2576 4872; x_wconf 79' lang='grc' dir='ltr'>τοῦ</span> <span class='ocrx_word' id='word_1_711' title='bbox 2605 4821 2760 4888; x_wconf 85' lang='grc' dir='ltr'>άγίου</span> <span class='ocrx_word' id='word_1_712' title='bbox 2821 4822 3320 4892; x_wconf 84' lang='grc' dir='ltr'>καταψηφίσασθαι.</span> <span class='ocrx_word' id='word_1_713' title='bbox 3374 4825 3482 4876; x_wconf 72' lang='grc' dir='ltr'><strong>Καὶ</strong></span> <span class='ocrx_word' id='word_1_714' title='bbox 3522 4825 3550 4877; x_wconf 95' lang='lat'><strong>6</strong></span> <span class='ocrx_word' id='word_1_715' title='bbox 3600 4823 3700 4891; x_wconf 76' lang='grc' dir='ltr'><strong>μὲν</strong></span> <span class='ocrx_word' id='word_1_716' title='bbox 3743 4824 3840 4890; x_wconf 77' lang='grc' dir='ltr'><strong>τῆς</strong></span> 
     </span>
    </p>
   </div>
   <div class='ocr_carea' id='block_1_93' title="bbox 2283 4911 3838 4984">
    <p class='ocr_par' dir='ltr' id='par_1_93' title="bbox 2283 4911 3838 4984">
     <span class='ocr_line' id='line_1_93' title="bbox 2283 4911 3838 4984; baseline 0.001 -21"><span class='ocrx_word' id='word_1_717' title='bbox 2283 4912 2575 4980; x_wconf 76' lang='grc' dir='ltr'>ἐκκλησίας</span> <span class='ocrx_word' id='word_1_718' title='bbox 2593 4982 2595 4984; x_wconf 17' lang='grc' dir='ltr'><strong>η</strong></span> <span class='ocrx_word' id='word_1_719' title='bbox 2616 4911 2910 4982; x_wconf 75' lang='grc' dir='ltr'><strong>ὲκδὲϐλητο</strong></span> <span class='ocrx_word' id='word_1_720' title='bbox 2938 4914 3033 4965; x_wconf 77' lang='grc' dir='ltr'>καὶ</span> <span class='ocrx_word' id='word_1_721' title='bbox 3083 4913 3328 4983; x_wconf 83' lang='grc' dir='ltr'>ἀπήγετο</span> <span class='ocrx_word' id='word_1_722' title='bbox 3359 4913 3646 4983; x_wconf 81' lang='grc' dir='ltr'>ὑπερόριος</span> <span class='ocrx_word' id='word_1_723' title='bbox 3671 4927 3688 4942; x_wconf 84' lang='lat'><strong><em>°</em></strong></span> <span class='ocrx_word' id='word_1_724' title='bbox 3727 4915 3756 4964; x_wconf 92' lang='lat'><strong>6</strong></span> <span class='ocrx_word' id='word_1_725' title='bbox 3782 4912 3838 4965; x_wconf 66' lang='grc' dir='ltr'>δὲ</span> 
     </span>
    </p>
   </div>
   <div class='ocr_carea' id='block_1_94' title="bbox 2280 4994 3835 5075">
    <p class='ocr_par' dir='ltr' id='par_1_94' title="bbox 2280 4994 3835 5075">
     <span class='ocr_line' id='line_1_94' title="bbox 2280 4994 3835 5075; baseline 0.003 -21"><span class='ocrx_word' id='word_1_726' title='bbox 2280 5004 2377 5071; x_wconf 78' lang='grc' dir='ltr'><strong>τῆς</strong></span> <span class='ocrx_word' id='word_1_727' title='bbox 2405 5003 2608 5066; x_wconf 74' lang='grc' dir='ltr'>πόλεως</span> <span class='ocrx_word' id='word_1_728' title='bbox 2635 5004 2886 5071; x_wconf 74' lang='grc' dir='ltr'>δῆμος,οί</span> <span class='ocrx_word' id='word_1_729' title='bbox 2919 4994 3018 5073; x_wconf 75' lang='grc' dir='ltr'><strong>μὲν</strong></span> <span class='ocrx_word' id='word_1_730' title='bbox 3038 5004 3319 5075; x_wconf 64' lang='grc' dir='ltr'>ἐθρήνουν,</span> <span class='ocrx_word' id='word_1_731' title='bbox 3341 5005 3391 5056; x_wconf 78' lang='lat' dir='ltr'><strong>oi</strong></span> <span class='ocrx_word' id='word_1_732' title='bbox 3418 5004 3472 5054; x_wconf 79' lang='grc' dir='ltr'>δὲ</span> <span class='ocrx_word' id='word_1_733' title='bbox 3497 5002 3835 5066; x_wconf 74' lang='grc' dir='ltr'>ἐστασίαζον.</span> 
     </span>
    </p>
   </div>
   <div class='ocr_carea' id='block_1_95' title="bbox 2287 5083 3839 5171">
    <p class='ocr_par' dir='ltr' id='par_1_95' title="bbox 2287 5083 3839 5171">
     <span class='ocr_line' id='line_1_95' title="bbox 2287 5083 3839 5171; baseline 0.001 -26"><span class='ocrx_word' id='word_1_734' title='bbox 2287 5095 2352 5145; x_wconf 83' lang='lat'><strong>‘0</strong></span> <span class='ocrx_word' id='word_1_735' title='bbox 2381 5095 2542 5162; x_wconf 74' lang='grc' dir='ltr'><strong>γνοὺς</strong></span> <span class='ocrx_word' id='word_1_736' title='bbox 2569 5096 2597 5146; x_wconf 93' lang='lat'><strong>6</strong></span> <span class='ocrx_word' id='word_1_737' title='bbox 2627 5094 2800 5166; x_wconf 79' lang='grc' dir='ltr'>νωθὴς</span> <span class='ocrx_word' id='word_1_738' title='bbox 2835 5083 3118 5164; x_wconf 73' lang='grc' dir='ltr'>Ἀρκάδιος</span> <span class='ocrx_word' id='word_1_739' title='bbox 3166 5093 3370 5147; x_wconf 88' lang='grc' dir='ltr'>στέλλει</span> <span class='ocrx_word' id='word_1_740' title='bbox 3401 5093 3540 5146; x_wconf 81' lang='grc' dir='ltr'>κατὰ</span> <span class='ocrx_word' id='word_1_741' title='bbox 3567 5094 3730 5171; x_wconf 58' lang='grc' dir='ltr'><strong>τάχος</strong></span> <span class='ocrx_word' id='word_1_742' title='bbox 3751 5095 3839 5147; x_wconf 77' lang='grc' dir='ltr'><strong>τὸν</strong></span> 
     </span>
    </p>
   </div>
   <div class='ocr_carea' id='block_1_96' title="bbox 1846 5246 2714 5336">
    <p class='ocr_par' dir='ltr' id='par_1_96' title="bbox 1846 5246 2714 5336">
     <span class='ocr_line' id='line_1_96' title="bbox 1846 5246 2714 5336; baseline 0.007 -28"><span class='ocrx_word' id='word_1_743' title='bbox 1846 5247 2045 5313; x_wconf 63' lang='lat' dir='ltr'><strong>Variae</strong></span> <span class='ocrx_word' id='word_1_744' title='bbox 2083 5246 2482 5336; x_wconf 86' lang='lat' dir='ltr'><strong>lectioneset</strong></span> <span class='ocrx_word' id='word_1_745' title='bbox 2526 5258 2714 5314; x_wconf 66' lang='lat' dir='ltr'><strong>notae.</strong></span> 
     </span>
    </p>
   </div>
   <div class='ocr_carea' id='block_1_97' title="bbox 708 5404 2173 5472">
    <p class='ocr_par' dir='ltr' id='par_1_97' title="bbox 708 5404 2173 5472">
     <span class='ocr_line' id='line_1_97' title="bbox 708 5404 2173 5472; baseline 0.004 -13"><span class='ocrx_word' id='word_1_746' title='bbox 708 5404 817 5472; x_wconf 78' lang='lat' dir='ltr'><strong>(C0)</strong></span> <span class='ocrx_word' id='word_1_747' title='bbox 864 5404 967 5458; x_wconf 80' lang='grc' dir='ltr'><strong>Ἐν</strong></span> <span class='ocrx_word' id='word_1_748' title='bbox 1008 5406 1418 5472; x_wconf 76' lang='grc' dir='ltr'>Μεδιολάνοις.</span> <span class='ocrx_word' id='word_1_749' title='bbox 1483 5407 1632 5462; x_wconf 88' lang='lat' dir='ltr'><strong>Illius</strong></span> <span class='ocrx_word' id='word_1_750' title='bbox 1687 5418 1884 5466; x_wconf 86' lang='lat' dir='ltr'><strong>cornus</strong></span> <span class='ocrx_word' id='word_1_751' title='bbox 1941 5412 2173 5466; x_wconf 89' lang='lat' dir='ltr'><strong>relatum</strong></span> 
     </span>
    </p>
   </div>
   <div class='ocr_carea' id='block_1_98' title="bbox 635 5474 2173 5544">
    <p class='ocr_par' dir='ltr' id='par_1_98' title="bbox 635 5474 2173 5544">
     <span class='ocr_line' id='line_1_98' title="bbox 635 5474 2173 5544; baseline 0.003 -13"><span class='ocrx_word' id='word_1_752' title='bbox 635 5474 1161 5544; x_wconf 82' lang='lat' dir='ltr'><strong>Constantinopolim</strong></span> <span class='ocrx_word' id='word_1_753' title='bbox 1193 5478 1260 5531; x_wconf 90' lang='lat' dir='ltr'><strong>ab</strong></span> <span class='ocrx_word' id='word_1_754' title='bbox 1294 5477 1524 5532; x_wconf 83' lang='lat' dir='ltr'><strong>Arcadio</strong></span> <span class='ocrx_word' id='word_1_755' title='bbox 1559 5477 1689 5532; x_wconf 82' lang='lat' dir='ltr'><strong>ﬁlio.</strong></span> <span class='ocrx_word' id='word_1_756' title='bbox 1725 5479 2034 5535; x_wconf 87' lang='lat' dir='ltr'><strong>Chronicon</strong></span> <span class='ocrx_word' id='word_1_757' title='bbox 2068 5497 2173 5535; x_wconf 88' lang='lat' dir='ltr'><strong>ms.</strong></span> 
     </span>
    </p>
   </div>
   <div class='ocr_carea' id='block_1_99' title="bbox 635 5543 2176 5617">
    <p class='ocr_par' dir='ltr' id='par_1_99' title="bbox 635 5543 2176 5617">
     <span class='ocr_line' id='line_1_99' title="bbox 635 5543 2176 5617; baseline 0.004 -20"><span class='ocrx_word' id='word_1_758' title='bbox 635 5547 702 5617; x_wconf 84' lang='lat' dir='ltr'><strong>ab</strong></span> <span class='ocrx_word' id='word_1_759' title='bbox 735 5543 954 5617; x_wconf 71' lang='lat' dir='ltr'><strong>-A_damo</strong></span> <span class='ocrx_word' id='word_1_760' title='bbox 979 5543 1074 5617; x_wconf 51' lang='grc' dir='ltr'><strong>Δαα</strong></span> <span class='ocrx_word' id='word_1_761' title='bbox 1135 5546 1370 5617; x_wconf 83' lang='lat' dir='ltr'><strong>Leonem</strong></span> <span class='ocrx_word' id='word_1_762' title='bbox 1413 5548 1800 5617; x_wconf 86' lang='lat' dir='ltr'><strong>Philosophum</strong></span> <span class='ocrx_word' id='word_1_763' title='bbox 1838 5565 1851 5601; x_wconf 90' lang='lat'><strong>:</strong></span> <span class='ocrx_word' id='word_1_764' title='bbox 1914 5551 1986 5602; x_wconf 82' lang='lat' dir='ltr'><em>T6</em></span> <span class='ocrx_word' id='word_1_765' title='bbox 2018 5551 2176 5617; x_wconf 84' lang='grc' dir='ltr'><strong>σῶμα</strong></span> 
     </span>
    </p>
   </div>
   <div class='ocr_carea' id='block_1_100' title="bbox 635 5612 2178 5687">
    <p class='ocr_par' dir='ltr' id='par_1_100' title="bbox 635 5612 2178 5687">
     <span class='ocr_line' id='line_1_100' title="bbox 635 5612 2178 5687; baseline 0.005 -22"><span class='ocrx_word' id='word_1_766' title='bbox 635 5612 798 5687; x_wconf 80' lang='grc' dir='ltr'>αὑτοῦ</span> <span class='ocrx_word' id='word_1_767' title='bbox 828 5613 1106 5687; x_wconf 48' lang='grc' dir='ltr'>Ἀ-ρκάδιρς</span> <span class='ocrx_word' id='word_1_768' title='bbox 1138 5615 1274 5687; x_wconf 12' lang='grc' dir='ltr'><strong>ὲνίτῇ</strong></span> <span class='ocrx_word' id='word_1_769' title='bbox 1309 5617 1458 5670; x_wconf 82' lang='grc' dir='ltr'>πόλει</span> <span class='ocrx_word' id='word_1_770' title='bbox 1491 5612 1852 5687; x_wconf 81' lang='grc' dir='ltr'>ἀποκομίσας,</span> <span class='ocrx_word' id='word_1_771' title='bbox 1883 5612 2178 5686; x_wconf 77' lang='grc' dir='ltr'>κατατίθη-</span> 
     </span>
    </p>
   </div>
   <div class='ocr_carea' id='block_1_101' title="bbox 637 5681 2177 5756">
    <p class='ocr_par' dir='ltr' id='par_1_101' title="bbox 637 5681 2177 5756">
     <span class='ocr_line' id='line_1_101' title="bbox 637 5681 2177 5756; baseline 0.002 -22"><span class='ocrx_word' id='word_1_772' title='bbox 637 5700 720 5736; x_wconf 91' lang='grc' dir='ltr'><strong>σιν</strong></span> <span class='ocrx_word' id='word_1_773' title='bbox 741 5682 905 5756; x_wconf 51' lang='lat' dir='ltr'><strong>tvm};</strong></span> <span class='ocrx_word' id='word_1_774' title='bbox 955 5681 1136 5756; x_wconf 54' lang='lat' dir='ltr'><strong>ﬂptbtp,</strong></span> <span class='ocrx_word' id='word_1_775' title='bbox 1197 5681 1329 5756; x_wconf 78' lang='grc' dir='ltr'>ὅπερ</span> <span class='ocrx_word' id='word_1_776' title='bbox 1375 5689 1431 5737; x_wconf 80' lang='grc' dir='ltr'><strong>ἐν</strong></span> <span class='ocrx_word' id='word_1_777' title='bbox 1482 5681 1716 5752; x_wconf 61' lang='grc' dir='ltr'>άγίοιςὸ</span> <span class='ocrx_word' id='word_1_778' title='bbox 1771 5681 2177 5749; x_wconf 73' lang='grc' dir='ltr'>Κώνσταντίνός</span> 
     </span>
    </p>
   </div>
   <div class='ocr_carea' id='block_1_102' title="bbox 639 5752 2173 5825">
    <p class='ocr_par' dir='ltr' id='par_1_102' title="bbox 639 5752 2173 5825">
     <span class='ocr_line' id='line_1_102' title="bbox 639 5752 2173 5825; baseline 0.006 -24"><span class='ocrx_word' id='word_1_779' title='bbox 639 5752 1117 5825; x_wconf 27' lang='grc' dir='ltr'>κατε-σκεύασελείς</span> <span class='ocrx_word' id='word_1_780' title='bbox 1134 5752 1332 5825; x_wconf 75' lang='grc' dir='ltr'>ταφήν.</span> <span class='ocrx_word' id='word_1_781' title='bbox 1360 5756 1491 5810; x_wconf 85' lang='lat' dir='ltr'><strong>Vide</strong></span> <span class='ocrx_word' id='word_1_782' title='bbox 1549 5757 1836 5812; x_wconf 76' lang='lat' dir='ltr'><strong>Chronicon</strong></span> <span class='ocrx_word' id='word_1_783' title='bbox 1885 5756 2173 5813; x_wconf 66' lang='lat' dir='ltr'><strong>Alcxandr.</strong></span> 
     </span>
    </p>
   </div>
   <div class='ocr_carea' id='block_1_103' title="bbox 638 5820 1536 5890">
    <p class='ocr_par' dir='ltr' id='par_1_103' title="bbox 638 5820 1536 5890">
     <span class='ocr_line' id='line_1_103' title="bbox 638 5820 1536 5890; baseline 0.009 -18"><span class='ocrx_word' id='word_1_784' title='bbox 638 5835 727 5874; x_wconf 87' lang='lat' dir='ltr'><strong>an.</strong></span> <span class='ocrx_word' id='word_1_785' title='bbox 763 5821 781 5875; x_wconf 88' lang='lat' dir='ltr'><strong>l</strong></span> <span class='ocrx_word' id='word_1_786' title='bbox 808 5821 1048 5890; x_wconf 80' lang='lat' dir='ltr'><strong>Arcadii,</strong></span> <span class='ocrx_word' id='word_1_787' title='bbox 1079 5820 1406 5890; x_wconf 88' lang='lat' dir='ltr'><strong>Cedrcnum,</strong></span> <span class='ocrx_word' id='word_1_788' title='bbox 1430 5837 1536 5880; x_wconf 88' lang='lat' dir='ltr'><strong>etc.</strong></span> 
     </span>
    </p>
   </div>
   <div class='ocr_carea' id='block_1_104' title="bbox 2355 5405 3830 5479">
    <p class='ocr_par' dir='ltr' id='par_1_104' title="bbox 2355 5405 3830 5479">
     <span class='ocr_line' id='line_1_104' title="bbox 2355 5405 3830 5479; baseline -0.002 -15"><span class='ocrx_word' id='word_1_789' title='bbox 2355 5410 2465 5476; x_wconf 81' lang='lat' dir='ltr'><strong>(6n</strong></span> <span class='ocrx_word' id='word_1_790' title='bbox 2513 5410 3018 5477; x_wconf 74' lang='grc' dir='ltr'>Ἀρκσδιούπολιγ.</span> <span class='ocrx_word' id='word_1_791' title='bbox 3064 5406 3426 5479; x_wconf 76' lang='lat' dir='ltr'><strong>Theophanes</strong></span> <span class='ocrx_word' id='word_1_792' title='bbox 3449 5422 3538 5462; x_wconf 89' lang='lat' dir='ltr'><strong>an.</strong></span> <span class='ocrx_word' id='word_1_793' title='bbox 3578 5405 3612 5460; x_wconf 88' lang='lat'><strong>9</strong></span> <span class='ocrx_word' id='word_1_794' title='bbox 3642 5406 3830 5463; x_wconf 72' lang='lat' dir='ltr'><strong>Arcad.</strong></span> 
     </span>
    </p>
   </div>
   <div class='ocr_carea' id='block_1_105' title="bbox 2276 5479 2739 5547">
    <p class='ocr_par' dir='ltr' id='par_1_105' title="bbox 2276 5479 2739 5547">
     <span class='ocr_line' id='line_1_105' title="bbox 2276 5479 2739 5547; baseline -0.002 -13"><span class='ocrx_word' id='word_1_795' title='bbox 2276 5479 2507 5534; x_wconf 88' lang='lat' dir='ltr'><strong>Cedren.</strong></span> <span class='ocrx_word' id='word_1_796' title='bbox 2541 5497 2590 5547; x_wconf 85' lang='lat' dir='ltr'><strong>p.</strong></span> <span class='ocrx_word' id='word_1_797' title='bbox 2615 5482 2739 5534; x_wconf 67' lang='lat'><strong>326.</strong></span> 
     </span>
    </p>
   </div>
   <div class='ocr_carea' id='block_1_106' title="bbox 2348 5545 3830 5630">
    <p class='ocr_par' dir='ltr' id='par_1_106' title="bbox 2348 5545 3830 5630">
     <span class='ocr_line' id='line_1_106' title="bbox 2348 5545 3830 5630; baseline 0.001 -28"><span class='ocrx_word' id='word_1_798' title='bbox 2348 5551 2456 5630; x_wconf 21' lang='lat' dir='ltr'><strong>(6A2)</strong></span> <span class='ocrx_word' id='word_1_799' title='bbox 2496 5545 2691 5630; x_wconf 49' lang='grc' dir='ltr'><strong>Ἑνὶ-εἷ)</strong></span> <span class='ocrx_word' id='word_1_800' title='bbox 2709 5547 3053 5630; x_wconf 67' lang='grc' dir='ltr'>Ξηρολόςρφ.</span> <span class='ocrx_word' id='word_1_801' title='bbox 3089 5547 3163 5630; x_wconf 54' lang='lat' dir='ltr'><strong>Ita</strong></span> <span class='ocrx_word' id='word_1_802' title='bbox 3203 5547 3498 5630; x_wconf 59' lang='lat' dir='ltr'><strong>scriptores</strong></span> <span class='ocrx_word' id='word_1_803' title='bbox 3522 5545 3830 5630; x_wconf 59' lang='lat' dir='ltr'><strong>Bysantinj.</strong></span> 
     </span>
    </p>
   </div>
   <div class='ocr_carea' id='block_1_107' title="bbox 2280 5613 3841 5685">
    <p class='ocr_par' dir='ltr' id='par_1_107' title="bbox 2280 5613 3841 5685">
     <span class='ocr_line' id='line_1_107' title="bbox 2280 5613 3841 5685; baseline -0.001 -16"><span class='ocrx_word' id='word_1_804' title='bbox 2280 5613 2541 5685; x_wconf 68' lang='lat' dir='ltr'><strong>praetcrea</strong></span> <span class='ocrx_word' id='word_1_805' title='bbox 2598 5613 2904 5672; x_wconf 87' lang='lat' dir='ltr'><strong>Chronicon</strong></span> <span class='ocrx_word' id='word_1_806' title='bbox 2946 5613 3059 5671; x_wconf 55' lang='lat' dir='ltr'><strong>&#39;ms.</strong></span> <span class='ocrx_word' id='word_1_807' title='bbox 3121 5617 3334 5684; x_wconf 83' lang='lat' dir='ltr'><strong>Georgii</strong></span> <span class='ocrx_word' id='word_1_808' title='bbox 3408 5613 3729 5676; x_wconf 55' lang='lat' dir='ltr'><strong>llama&#39;rtnli,</strong></span> <span class='ocrx_word' id='word_1_809' title='bbox 3762 5613 3841 5668; x_wconf 82' lang='lat' dir='ltr'><strong>de.</strong></span> 
     </span>
    </p>
   </div>
   <div class='ocr_carea' id='block_1_108' title="bbox 2281 5685 3831 5753">
    <p class='ocr_par' dir='ltr' id='par_1_108' title="bbox 2281 5685 3831 5753">
     <span class='ocr_line' id='line_1_108' title="bbox 2281 5685 3831 5753; baseline -0.008 -11"><span class='ocrx_word' id='word_1_810' title='bbox 2281 5689 2513 5742; x_wconf 80' lang='lat' dir='ltr'><strong>Arcadio</strong></span> <span class='ocrx_word' id='word_1_811' title='bbox 2544 5706 2557 5741; x_wconf 88' lang='lat'>:</span> <span class='ocrx_word' id='word_1_812' title='bbox 2600 5690 2695 5750; x_wconf 80' lang='grc' dir='ltr'><strong>’ος</strong></span> <span class='ocrx_word' id='word_1_813' title='bbox 2723 5689 2812 5739; x_wconf 83' lang='grc' dir='ltr'>τὸν</span> <span class='ocrx_word' id='word_1_814' title='bbox 2837 5687 2988 5740; x_wconf 81' lang='grc' dir='ltr'>κίονα</span> <span class='ocrx_word' id='word_1_815' title='bbox 3015 5687 3108 5738; x_wconf 79' lang='grc' dir='ltr'><strong>τοῦ</strong></span> <span class='ocrx_word' id='word_1_816' title='bbox 3140 5685 3448 5752; x_wconf 55' lang='grc' dir='ltr'>Ξηρολόςςου</span> <span class='ocrx_word' id='word_1_817' title='bbox 3476 5686 3680 5753; x_wconf 84' lang='grc' dir='ltr'>στήσας</span> <span class='ocrx_word' id='word_1_818' title='bbox 3704 5685 3831 5733; x_wconf 67' lang='lat' dir='ltr'><strong>hu-</strong></span> 
     </span>
    </p>
   </div>
   <div class='ocr_carea' id='block_1_109' title="bbox 2235 5753 3827 5825">
    <p class='ocr_par' dir='ltr' id='par_1_109' title="bbox 2235 5753 3827 5825">
     <span class='ocr_line' id='line_1_109' title="bbox 2235 5753 3827 5825; baseline -0.003 -18"><span class='ocrx_word' id='word_1_819' title='bbox 2235 5805 2238 5807; x_wconf 74' lang='lat'><strong>.</strong></span> <span class='ocrx_word' id='word_1_820' title='bbox 2278 5755 2376 5822; x_wconf 81' lang='grc' dir='ltr'><strong>τῷ,</strong></span> <span class='ocrx_word' id='word_1_821' title='bbox 2411 5759 2499 5808; x_wconf 78' lang='grc' dir='ltr'>τὸν</span> <span class='ocrx_word' id='word_1_822' title='bbox 2520 5756 2713 5810; x_wconf 77' lang='grc' dir='ltr'>ἑαυτοῦ</span> <span class='ocrx_word' id='word_1_823' title='bbox 2745 5755 3066 5823; x_wconf 75' lang='grc' dir='ltr'>καθίδρυτεν</span> <span class='ocrx_word' id='word_1_824' title='bbox 3097 5753 3404 5825; x_wconf 74' lang='grc' dir='ltr'>ἀνδριάντα.</span> <span class='ocrx_word' id='word_1_825' title='bbox 3429 5755 3551 5811; x_wconf 76' lang='lat' dir='ltr'><strong>Viti.</strong></span> <span class='ocrx_word' id='word_1_826' title='bbox 3583 5760 3827 5809; x_wconf 80' lang='lat' dir='ltr'><strong>nostram</strong></span> 
     </span>
    </p>
   </div>
   <div class='ocr_carea' id='block_1_110' title="bbox 2281 5825 3031 5892">
    <p class='ocr_par' dir='ltr' id='par_1_110' title="bbox 2281 5825 3031 5892">
     <span class='ocr_line' id='line_1_110' title="bbox 2281 5825 3031 5892; baseline 0.001 -12"><span class='ocrx_word' id='word_1_827' title='bbox 2281 5825 2812 5892; x_wconf 71' lang='lat' dir='ltr'><strong>Constantinopolim,</strong></span> <span class='ocrx_word' id='word_1_828' title='bbox 2853 5826 2948 5882; x_wconf 88' lang='lat' dir='ltr'><strong>lib.</strong></span> <span class='ocrx_word' id='word_1_829' title='bbox 2973 5841 3031 5881; x_wconf 87' lang='lat' dir='ltr'><strong>ll.</strong></span> 
     </span>
    </p>
   </div>
  </div>
