4036 6350
621 345 752 406 1191

1896 337 2214 398 JOANNIS
2254 336 2568 397 ΖΟΝΑΒᾹΞ

3685 337 3828 398 1192

617 449 942 503 Eunuchum
993 445 1127 510 adit,
1190 462 1300 502 sua
1362 443 1647 500 sententiae
1706 443 2158 514 suﬂ'ragatorem:

2277 443 2342 514 τῷ
2376 444 2605 514 ἐκτομίᾳ
2649 443 2994 513 όμοδοξοῦντι
3044 442 3211 512 αὐτῷ,
3268 444 3358 495 καὶ
3396 443 3621 504 πλεῖστα
3657 446 3825 498 δυνα-

615 539 709 606 qui
739 554 859 592 cum
888 538 1025 606 apud
1057 538 1439 606 imperatorem
1482 532 1776 605 plurimum
1809 543 2012 603 posset.
2049 534 2151 587 im—

617 639 816 696 petrat,
845 637 903 682 ut
931 629 1189 682 Dioscoro
1218 627 1310 695 qui
1334 636 1456 694 post
1484 625 1668 696 Cyrilli
1689 626 1897 678 obitum
1925 625 2159 678 Alexan-

615 718 828 771 drinam
857 718 1154 771 Ecclesiam
1203 715 1538 785 gubernabat
1566 730 1688 768 cum
1728 715 1850 768 aliis
1891 712 2163 782 episcopis

616 809 886 876 Ephesum
914 818 1124 868 vocato,
1153 806 1544 874 Eutychianum
1572 805 1765 874 dogma
1791 813 2158 869 excuteretur,

614 909 880 966 prmsente
907 898 1067 951 etiam
1108 896 1383 949 Flaviano.
1416 896 1466 949 ls
1493 896 1657 963 igitur
1693 895 2004 953 Dioscorus.
2039 909 2162 947 cum

553 1000 556 1003 ’
615 993 856 1062 Eutyche
886 994 1251 1056 consentiens,
1278 993 1528 1046 adductis
1565 993 1684 1044 aliis
1705 992 1868 1044 etiam
1893 990 2164 1058 episcopis

613 1079 854 1148 ejusdem
888 1082 1178 1150 opinionis,
1232 1082 1502 1149 Ephesum
1550 1081 1846 1149 profectus,
1897 1079 2164 1147 suifraga-

616 1179 704 1223 tur
728 1171 1060 1239 Eutychiano
1091 1171 1349 1239 dogmati.
1380 1171 1648 1224 Caeterum
1684 1178 1875 1222 sancto
1899 1168 2163 1221 Flaviano

615 1261 959 1322 adversante,
1015 1262 1303 1314 Dioscorus
1360 1260 1618 1313 exsiliens
1691 1259 1858 1311 instar
1916 1256 2164 1310 indomiti

615 1352 776 1412 asini.
843 1352 1083 1406 calt-ibus
1135 1353 1307 1404 sancti
1355 1349 1500 1404 illius
1535 1351 1636 1402 viri
1682 1359 1872 1418 pectus
1913 1348 2166 1416 impetiit,

610 1453 666 1498 et
694 1445 890 1514 pugnis
926 1444 1169 1496 maxillas
1197 1443 1315 1510 ejus
1355 1440 1582 1494 tundere
1615 1456 1722 1494 non
1751 1425 1902 1509 prius
1937 1439 2164 1499 destitit,

613 1549 773 1601 quam
812 1531 1044 1586 concilio
1080 1532 1397 1600 expulisset.
1431 1530 1502 1583 At
1547 1538 1770 1583 sanctus
1817 1529 1906 1582 ille
1935 1542 2003 1581 ex
2049 1527 2165 1594 pla-

616 1639 681 1691 ga
743 1625 975 1688 pectoris
1034 1631 1157 1690 post
1220 1620 1460 1674 triduum
1523 1618 1768 1682 decedit,
1829 1631 1952 1670 cum
2008 1616 2171 1668 Novae

619 1713 800 1765 Romae
846 1714 1099 1767 thronum
1141 1726 1236 1778 per
1267 1709 1546 1763 biennium
1582 1715 1853 1760 ornasset.
1887 1706 2170 1758 DiOSCOl'US

617 1815 798 1854 autem
843 1802 1128 1870 episcopos
1184 1800 1276 1868 qui
1360 1798 1587 1852 aderant
1645 1795 1987 1849 subscribere
2045 1809 2168 1846 sen—

621 1889 802 1944 tentia:
856 1905 965 1942 sua!
1023 1890 1217 1958 coegit.
1276 1888 1410 1942 Nam
1472 1886 1767 1939 Eunuchus
1822 1883 1911 1936 ille
1970 1884 2170 1936 milites

619 1988 854 2031 armatos
905 1978 1090 2030 adesse
1142 1979 1399 2046 jusscrat,
1445 1983 1510 2027 .ut
1558 1974 1910 2027 adversantes
1961 1982 2170 2040 perter-

620 2067 900 2121 refaceret.
926 2065 1124 2119 Verum
1139 2067 1394 2127 Domnus,
1412 2065 1758 2116 Antiochena:
1778 2062 1930 2114 urbis
1951 2076 2166 2129 praeses,

621 2174 745 2213 cum
788 2167 841 2211 ct
877 2159 989 2226 ipse
1023 2157 1076 2210 in
1122 2157 1358 2209 tumultu
1388 2155 1478 2208 illo
1513 2153 1944 2222 subscripsisset.
1986 2160 2171 2221 postea

622 2251 676 2302 in
744 2249 1063 2301 Dioscorum
1127 2246 1491 2308 vociferatur,
1547 2246 1774 2312 ejusque
1840 2241 2170 2295 sententiam

622 2349 680 2394 ut
726 2338 1003 2407 impietate
1060 2337 1268 2406 plenam
1315 2334 1638 2404 proscindit.
1695 2331 1788 2385 llis
1831 2329 2174 2383 Theodosius

621 2430 842 2493 auditis,
889 2439 945 2481 et
986 2428 1226 2481 Flaviani
1271 2424 1488 2494 cognito
1536 2421 1783 2485 interitu,
1833 2420 2006 2471 iratus
2050 2433 2173 2471 cum

623 2518 972 2587 Chrysaphio
1028 2516 1380 2584 expostulat:
1425 2513 1516 2565 cui
1583 2512 1877 2564 Dioscorus
1942 2506 2172 2576 periculi

528 2617 530 2619 ’
625 2619 770 2661 metu
820 2607 1029 2668 suadet,
1066 2615 1123 2658 ut
1147 2606 1212 2657 ab
1243 2605 1570 2672 imperatore
1615 2604 1895 2669 impetret,
1943 2608 2000 2650 ut
2035 2598 2176 2649 Ana—

627 2699 839 2758 tolium,
885 2696 977 2763 qui
1013 2695 1063 2747 ei
1103 2711 1133 2747 a
1172 2693 1446 2762 responsis
1483 2699 1622 2752 erat,
1669 2703 1828 2757 quem
1877 2685 2173 2755 apocrisia-

629 2787 769 2838 rium
837 2793 1047 2842 vocant,
1105 2784 1468 2852 patriarcham
1516 2776 2174 2844 Constantinopolitanum

629 2875 896 2943 designet,
940 2890 1046 2943 quo
1067 2883 1121 2926 et
1173 2872 1470 2939 Eutychem
1520 2871 1572 2922 in
1608 2870 1919 2922 societatem
1967 2865 2174 2932 recipe-

631 2975 732 3026 ret,
781 2965 930 3017 etde
976 2963 1217 3032 Flaviani
1267 2964 1573 3016 calamitate
1764 2958 1992 3027 quastio
2025 2955 2175 3008 nulla

2265 537 2410 604 μένῳ
2439 535 2588 603 παρά
2615 536 2696 605 τῷ
2730 533 2978 603 βασιλεῖ’
3013 533 3107 586 καὶ
3139 533 3198 594 ὃς
3224 534 3398 585 πείθει
3419 533 3508 586 τὸν
3538 535 3826 587 Θεοδόσιον

2262 626 2554 695 ἐπιτρέψαι
2590 625 2667 695 τῷ
2717 626 2852 694 μετὰ
2875 626 2973 696 τήν
3015 625 3108 678 τοῦ
3149 626 3305 692 ἁγίου
3340 627 3614 695 Κυρίλλου
3657 626 3824 696 μετά·

2264 733 2453 769 στασιν
2517 717 2615 784 τῆς
2687 716 3090 785 Ἀλεξανδρείας
3158 715 3248 769 τὸν
3317 716 3507 786 Θρόνον
3580 719 3824 770 διέποντι

2263 807 2555 876 Διοσκόρῳ,
2605 807 3006 874 παραγενέσθαι
3055 809 3134 870 είς
3172 809 3405 876 Ἔφεσον
3453 809 3573 878 μεθ’
3618 811 3825 877 ἑτέρων

2263 898 2600 960 ἐπισκόπων,
2655 899 2748 950 καὶ
2801 899 2869 950 τὰ
2925 899 3064 952 κατά
3109 898 3200 950 τὸν
3242 899 3456 967 Εὐτυχῆ
3515 901 3824 966 γυμνάσαι,

2265 989 2528 1055 παρόντος
2549 988 2641 1040 καὶ
2663 988 2754 1040 τοῦ
2791 988 3110 1041 Φλαϐιανοῢ.
3149 986 3313 1050 Οὗτος
3343 985 3435 1041 οὖν
3462 992 3488 1041 6
3525 989 3824 1057 Διόσκορος

2265 1079 2358 1130 τοῦ
2407 1079 2679 1147 Εὐτυχοῦς
2707 1079 2991 1147 τυγχάνων
3014 1079 3284 1148 όμόδοξος,
3331 1082 3426 1132 καὶ
3467 1079 3662 1139 ἄλλους
3703 1081 3796 1130 ἔπι

2267 1168 2502 1230 σκόπους
2559 1168 2934 1237 προσειληφὼς
2999 1169 3406 1239 ὁμογνώμονας,
3445 1173 3526 1231 είς
3587 1172 3826 1237 Ἔφεσον

2267 1259 2663 1326 παραγίνεται,
2717 1261 2808 1311 καὶ
2875 1263 3032 1328 κυροί
3074 1263 3141 1312 τὰ
3198 1260 3347 1330 παρὰ
3399 1262 3493 1313 τοῦ
3546 1259 3827 1328 Εὐτυχοῦς

2267 1351 2609 1416 είσαγόμενα.
2669 1350 3060 1416 ’Δντιλέγοντος
3103 1351 3160 1402 δὲ
3198 1349 3291 1402 τοῦ
3346 1351 3643 1418 ίερωτάτου
3677 1350 3828 1401 Φλα-

2267 1437 2478 1503 ϐιανοῦ,
2509 1433 2597 1491 οἶά
2635 1456 2718 1497 τις
2756 1440 2943 1507 ἄγριος
2990 1439 3110 1501 δνος
3139 1438 3420 1507 ἀναθορὼν
3449 1441 3477 1490 6
3506 1441 3828 1506 Διόσκορος,

2267 1527 2365 1590 λὰξ
2389 1528 2464 1597 τῷ
2492 1529 2697 1598 στέρνῳ
2727 1528 2940 1598 ἑνέϐορι
2966 1528 3062 1581 τοῦ
3081 1528 3334 1591 εὐσεϐοῦς
3365 1529 3574 1581 ἐκείνου
3606 1529 3827 1596 ἀνδρὸς,

2269 1617 2364 1669 καὶ
2393 1618 2499 1681 πὺξ
2547 1617 2711 1669 αὐτὸν
2768 1618 2910 1669 κατὰ
2961 1619 3165 1686 κόρρης
3207 1618 3444 1681 τύπτων,
3483 1618 3582 1669 οὐκ
3620 1621 3828 1686 ἀνῆκεν

2269 1707 2374 1768 ἓως
2401 1708 2494 1758 τοῦ
2532 1707 2807 1776 συνεδρίου
2836 1707 3093 1773 ὲξὼοησε.
3136 1708 3243 1760 Καὶ
3287 1709 3315 1758 6
3357 1707 3459 1776 μὲν
3501 1707 3626 1775 ἃγιο
3683 1709 3830 1775 μετὰ

2271 1794 2458 1863 τρίτην
2488 1795 2698 1865 ήμέραν
2731 1798 2794 1847 ἐκ
2827 1796 2925 1865 τῆς
2965 1794 3057 1847 τοῦ
3102 1795 3321 1864 στέρνου
3363 1797 3574 1867 πληγής
3624 1798 3829 1864 μετήλ-

2270 1885 2391 1948 λαξε
2423 1885 2519 1954 τὴν
2559 1885 2703 1954 ζωὴν
2733 1887 2869 1957 (87),
2904 1888 2969 1938 ὲν
3003 1887 3098 1939 δύο
3139 1888 3404 1947 ἐνιαυτοῖς
3439 1886 3532 1937 τὸν
3565 1887 3831 1955 ἀρχιερα-

2269 1972 2416 2023 τικὸν
2461 1974 2746 2041 κοσμήσας
2800 1973 2989 2042 θρόνον
3021 1974 3118 2039 τῆς
3160 1973 3451 2043 Νεωτέρας
3496 1973 3720 2043 Ῥώμης
3754 1992 3772 2008 ο
3802 1979 3829 2027 6

2268 2060 2346 2140 δὲ.
2371 2061 2656 2130 Διόσκορος
2699 2063 2822 2123 τοὺς
2857 2065 2971 2114 ἐκεῖ
3009 2064 3280 2130 παρόντας
3329 2064 3657 2124 ἐπισκόπους
3691 2065 3827 2115 ὐπο-

2274 2153 2617 2219 σημήνασθαι
2689 2151 2945 2204 ἐϐιάσατο
3003 2154 3084 2221 τῷ
3141 2155 3269 2221 παρ’
3329 2154 3492 2204 αὑτοῦ
3551 2154 3829 2205 ὲκτεοέντι

2272 2244 2401 2311 ἕρῳ.
2444 2242 2509 2294 Ἦ
2539 2241 2664 2311 ’γάρ
2712 2241 2803 2294 τοῦ
2862 2243 3186 2313 δηλωθέντος
3241 2242 3494 2312 εὐνούχου
3539 2242 3822 2295 δυναστεία

2276 2334 2615 2400 στρατιώτας
2653 2334 2911 2396 ἐνόπλους
2963 2337 3078 2386 ἐκεῖ
3127 2337 3386 2403 παρεῖναι
3435 2335 3680 2402 ἐποίησε,
3722 2352 3833 2394 ,και

2273 2422 2395 2485 τοὺς
2425 2423 2801 2494 ἀντιλέγοντας
2831 2424 3103 2491 ἐκφοϐεῖν.
3149 2425 3350 2492 Δόμνος
3383 2423 3440 2474 δὲ
3480 2426 3506 2474 6
3553 2423 3650 2490 τῆς
3704 2424 3826 2475 Ἀν-

2273 2513 2497 2582 τιοχέων
2555 2513 2759 2577 πόλεως
2815 2515 3074 2583 πρόεδρος
3131 2514 3520 2583 ὑπεσημήνατο
3575 2514 3672 2583 μὲν
3733 2511 3830 2565 καὶ

2274 2607 2434 2668 αὐτὸς
2489 2607 2877 2676 συναρπαγεὶς,
2925 2602 3042 2659 εἶτα
3094 2605 3328 2658 κατεϐόα
3368 2606 3462 2657 τοῦ
3511 2607 3826 2675 Διοσκόρου,

2276 2697 2368 2746 καὶ⁵
2395 2697 2485 2746 τὸν
2515 2696 2637 2765 ὅρον
2675 2694 2947 2748 διέϐαλλεν
2979 2694 3054 2756 ὡς
3087 2694 3337 2758 ἀσεϐείας
3381 2695 3601 2764 μεστόν.
3642 2696 3828 2748 Ταῦτα

2277 2784 2463 2853 μαθὼν
2513 2787 2540 2837 ό
2594 2785 2843 2852 βασιλεὺς
2911 2785 3219 2848 Θεοδόσιος,
3267 2785 3361 2836 καὶ
3416 2785 3482 2836 τά
3535 2784 3675 2837 κατὰ
3735 2785 3827 2836 τὸν

2274 2873 2570 2926 Φλαϐιανὸν
2602 2873 2758 2941 γνοὺς
2781 2875 2838 2925 ὲν
2869 2874 3066 2937 αἰτίαις
3091 2874 3352 2944 πεποίητο
3377 2874 3467 2925 τὸν
3487 2874 3824 2942 Χρυσάφιον,

2277 2965 2370 3014 καὶ
2425 2962 2712 3031 ὠργίζετο.
2741 2964 2926 3026 Δείσας
2966 2963 3021 3015 δὲ
3068 2966 3095 3016 6
3144 2966 3453 3034 Διόσκορος,
3510 2964 3826 3031 ὓποτίθησιν

633 3047 945 3102 haberetur.
969 3049 1065 3104 .'Ea
1112 3065 1171 3102 re
1216 3064 1313 3117 per
1358 3048 1683 3101 Eunuchum
1732 3048 1800 3098 ab
1849 3046 2174 3113 imperatore

2277 3053 2423 3120 αὺτῷ
2473 3055 2659 3104 πεῖσαι
2704 3054 2793 3106 τὸν
2830 3054 3051 3122 βασιλέα
3094 3057 3436 3124 πατριάρχην
3479 3057 3822 3108 Κωνσταντι-

633 3137 788 3190 facile
836 3139 1135 3206 impetrata,
1179 3136 1485 3206 patriarcha
1519 3135 1832 3204 designatur
1869 3133 2171 3186 Anatolius.

631 3225 776 3280 Idem
803 3226 1185 3297 Chrysaphius,
1211 3228 1376 3279 ascita
1404 3227 1568 3280 etiam
1598 3224 1841 3278 Eudoxia
1867 3223 2135 3292 adjutrice
2155 3262 2170 3285 ,

598 3319 884 3371 ‘facilitari
927 3318 1190 3386 principis
1245 3316 1501 3378 illudens,
1535 3314 1844 3383 persuadet,
1878 3322 1940 3364 ut
1971 3320 2022 3364 et
2053 3311 2177 3363 Pul-

632 3410 818 3463 cheuia
872 3409 939 3462 ab
988 3407 1467 3460 administratione
1508 3419 1688 3458 rerum
1729 3410 2059 3456 amoveatur.
2102 3401 2176 3454 Ea

634 3499 818 3566 igitur,
865 3497 986 3548 aula
1039 3495 1246 3558 relicta,
1298 3498 1465 3548 vitam
1517 3493 1784 3561 privatam
1844 3489 1976 3559 agit,
2018 3498 2073 3543 et
2121 3489 2176 3542 in

633 3589 909 3663 Hebdomo
951 3587 1203 3654 quiescit.
1242 3586 1309 3638 At
1353 3585 1671 3654 imperator,
1717 3582 1805 3634 vix
1861 3580 2076 3634 tandem
2111 3581 2176 3634 ad

635 3694 821 3733 sanam
875 3689 1109 3730 tuentem
1167 3673 1831 3739 reversus,.considerata
1877 3680 1932 3724 et
1971 3671 2178 3724 nefaria

637 3768 872 3822 Flaviani
937 3768 1100 3828 Caede,
1160 3776 1215 3819 et
1270 3766 1570 3818 Puleheriae
1627 3764 1899 3817 delatione
1948 3800 1964 3826 ,
2027 3764 2174 3832 justa

637 3858 1004 3927 indignatione
1047 3866 1234 3910 contra
1280 3855 1601 3908 Eunuchum
1641 3861 1969 3913 commotus,
2017 3866 2180 3918 quem

639 3963 828 4000 earum
879 3963 1059 3999 rerum
1103 3946 1346 3997 omnium
1385 3953 1662 3998 auctorem
1705 3957 1826 3997 esse
1875 3945 2179 4004 constabat,

639 4038 916 4089 hominem
979 4038 1214 4103 relegat,
1272 4035 1469 4102 opibus
1537 4034 1655 4104 ejus
1715 4033 2063 4098 confiscatis,
2127 4041 2183 4086 et

640 4139 879 4177 sororem
911 4125 1078 4192 petita
1106 4125 1259 4175 venia
1285 4131 1528 4178 revocat.
1546 4122 1972 4177 EratPulcheria
1989 4122 2184 4176 mulier

642 4215 1055 4284 prudentissima
1083 4254 1097 4276 ,
1139 4227 1258 4281 qua:
1306 4213 1475 4264 multa
1520 4213 1705 4268 fratris
1757 4223 1939 4267 errata
1985 4214 2183 4282 partim

640 4304 968 4372 corrigebat,
1016 4304 1210 4371 partim
1246 4303 1477 4371 tegebat.
1513 4301 1733 4356 Litteris
1759 4303 1849 4356 ille
1877 4313 2027 4357 certe
2064 4303 2184 4369 qui-

2277 3140 2576 3203 νουπόλεως
2636 3140 3078 3210 προχειρίσασθαι
3153 3142 3448 3194 ’Δνατόλιον
3512 3142 3604 3193 τὸν
3659 3140 3823 3194 αὐτοὶ

2275 3234 2717 3304 ἀποκρισιάριον,
2760 3234 2845 3287 ἶνα
2896 3232 2990 3285 καὶ
3039 3233 3129 3285 τδν
3169 3233 3385 3302 Εὐτυχῆ
3427 3232 3647 3302 δέξηται
3689 3235 3826 3303 πρὸς

2278 3327 2583 3390 κοινωνίαν,
2632 3327 2726 3376 καὶ
2781 3325 2849 3377 τά
2901 3324 3040 3377 κατὰ
3079 3325 3170 3377 τὸν
3221 3325 3825 3393 μακάριονφλαϐιανὲν

2282 3416 2442 3488 μείνῃ
2474 3413 2886 3484 άνεξερεύνητα.
2930 3413 3112 3466 Πείθει
3159 3415 3340 3468 τοίνυν
3379 3417 3406 3467 6
3455 3416 3708 3484 ἐκτομίας
3735 3415 3825 3466 τδν

2280 3507 2520 3578 βασιλέα,
2561 3506 2840 3572 εὐάγωγον
2875 3504 3023 3568 ὅντα,
3079 3504 3174 3576 καὶ
3204 3507 3588 3573 χειροτονεῖται
3628 3523 3825 3574 πατρι-

2279 3602 2449 3669 άρχης
2493 3601 2520 3651 6
2567 3597 2864 3657 ’Δνατόλιος
2899 3595 3029 3664 (88).
3074 3589 3239 3656 Οὗτος
3279 3596 3308 3647 ό
3357 3596 3641 3664 εἰρημένος
3684 3595 3827 3662 Χρυ-

2281 3694 2495 3757 σάξιος,
2539 3689 2636 3757 τῆς
2663 3687 2903 3750 εὐκολίας
2957 3684 3049 3739 τοῦ
3083 3683 3407 3748 κρατοῦντος
3443 3684 3823 3753 κατατρυφῶν,

2280 3777 2496 3846 ἔπεισεν
2522 3775 2701 3839 αὑτὸν,
2726 3776 2820 3826 και)⁵
2853 3774 2949 3841 τὴν
2976 3772 3568 3843 βασίλισσανΈὺδοκίαν
3605 3790 3826 3844 προσει-

2280 3866 2465 3934 ληφὼς
2522 3865 2799 3932 συνεργὸν,
2843 3864 2940 3932 τὴν
3004 3863 3335 3931 Πουλχερίαν
3389 3864 3487 3929 τῆς
3534 3865 3644 3915 τῶν
3691 3879 3828 3933 πρα-

2282 3958 2507 4027 γμάτων
2568 3956 2911 4023 μετενεγκεῖν
2936 3953 3267 4020 διοικήσεως.
3331 3952 3501 4021 Καὶὴ
3552 3954 3672 4020 μὲν,
3717 3955 3824 4006 τῶν

2285 4047 2599 4115 ἀνακτόρων
2653 4043 3092 4112 ὑποχωρήσασα,
3153 4040 3272 4094 καθ’
3311 4042 3510 4107 ἑαυτὴν
3563 4041 3682 4109 ἔζη,
3733 4045 3824 4094 καὶ

2283 4139 2342 4189 ὲν
2382 4135 2458 4203 τῷ
2511 4133 2751 4202 Ἑϐδόμῳ
2777 4133 2884 4202 (89)
2916 4131 3198 4200 ἡσύχαζεν.
3267 4129 3324 4184 '0
3349 4130 3405 4183 δὲ
3455 4130 3724 4200 βασιλεὺς,
3752 4133 3828 4191 εἰς

2287 4225 2475 4277 ἑαυτὸν
2534 4223 2630 4290 ὀψὲ
2680 4224 2772 4275 καὶ
2810 4221 2960 4289 μόλις
3007 4220 3198 4286 ἐλθὼν,
3244 4221 3338 4273 καὶ
3387 4223 3487 4290 τὴν
3542 4223 3684 4276 κατά
3732 4222 3822 4275 τοῦ

2292 4317 2560 4384 μακαρίου
2623 4312 2923 4364 Φλαϐιανοῦ
2991 4312 3300 4379 μιαιφονίαν
3353 4313 3821 4381 ἀναλογισάμενος,

642 4395 766 4450 dem
823 4395 1219 4448 inconsiderate
1277 4393 1625 4447 subscribere
1669 4391 1974 4446 dicebatur.
2032 4392 2174 4458 Quod

2290 4405 2384 4457 καὶ
2431 4404 2498 4455 τὰ
2548 4403 2688 4457 κατὰ
2727 4402 2825 4472 τὴν
2870 4401 3220 4469 Πουλχερίαν,
3255 4403 3351 4453 καὶ
3392 4403 3616 4455 πάντων
3662 4405 3824 4454 αίτιον

645 4503 713 4541 ne
770 4488 1013 4549 faceret,
1065 4495 1229 4553 utque
1297 4485 1602 4537 litterarum
1671 4484 1995 4539 sententiam
2054 4498 2187 4537 con-

648 4578 934 4640 sideraret,
993 4575 1062 4630 ab
1113 4575 1201 4627 illa
1239 4574 1572 4639 admonitus,
1622 4573 1948 4639 aﬁirmabat,
1999 4587 2029 4626 a
2079 4589 2182 4627 ne-

656 4670 798 4721 mine
833 4668 970 4720 strui
1004 4665 1110 4719 sibi
1141 4664 1410 4726 fraudem,
1448 4675 1502 4717 et
1543 4666 1682 4718 scire
1721 4681 1779 4718 se
1825 4666 1956 4733 quid
1997 4666 2191 4721 littem

647 4759 1006 4810 continerent.
1037 4757 1215 4821 Quare
1262 4756 1348 4809 illa
1389 4755 1456 4808 ad
1491 4754 1797 4807 socordiam
1831 4755 2012 4808 fratris
2040 4771 2193 4809 coar-

647 4845 919 4916 guendam
968 4845 1276 4912 hujusmodi
1321 4852 1628 4896 commento
1683 4857 1777 4894 usa
1823 4852 1925 4894 est.
1965 4843 2193 4898 Nomine

662 4937 812 4988 illius
865 4937 1225 5004 syngrapham
1287 4937 1587 5002 componit,
1631 4950 1739 5003 qua
1784 4934 1887 4986 sibi
1951 4933 2196 4988 Eudoxia

653 5026 890 5093 Augusta
939 5027 1283 5087 venderetur.
1334 5041 1531 5093 eaque,
1594 5042 1691 5079 ceu
1741 5026 1886 5079 aliud
1938 5027 2191 5094 quiddam

653 5124 815 5177 esset,
839 5118 1360 5184 imperatoriooblata,
1383 5115 1543 5169 efﬁcit
1564 5124 1622 5166 ut
1641 5116 1966 5170 subscribat.
1991 5117 2193 5170 Deinde

2290 4494 2381 4546 τὸν
2438 4491 2659 4561 βέϐηλον
2707 4492 2911 4543 ἐκεῖνον
2962 4490 3214 4558 εὐνοῦχον
3254 4490 3449 4557 εὑρὼν,
3501 4493 3582 4552 είς
3630 4491 3825 4543 δίκαιον

2294 4580 2412 4634 κατ’
2453 4581 2616 4632 αὐτοῦ
2655 4582 2881 4632 κινεῖται
2913 4579 3102 4644 Θυμὸν,
3131 4579 3224 4632 καὶ
3261 4579 3355 4632 τοῦ
3390 4580 3489 4648 μὲν
3545 4583 3827 4650 ὑπερορίαν

2294 4668 2730 4736 καταψηφίζεται
2770 4668 2903 4737 (90),
2934 4671 3029 4720 καὶ
3063 4669 3288 4736 δημεύει
3313 4671 3411 4738 τήν
3433 4671 3619 4724 οὐσίαν
3647 4671 3823 4730 αὑτοῦ,

2293 4757 2392 4824 τὴν
2414 4755 2471 4806 δὲ
2515 4755 2749 4824 ἀδελφὴν
2797 4755 3296 4825 μετακαλεσάμενος
3351 4760 3676 4826 συγγνώμην
3715 4761 3826 4829 ῇτει

2292 4847 2386 4898 καὶ
2435 4846 2531 4914 τήν
2583 4847 2693 4899 τῶν
2756 4847 3095 4915 πραγμάτων
3167 4847 3429 4911 διοίκησιν
3487 4850 3640 4912 αὖθις
3694 4853 3822 4916 αὐτῇ

2292 4936 2635 5005 ἐνεχείρισεν.
2677 4935 2786 4989 Ἶιν
2832 4936 2889 4987 δὲ
2933 4939 2966 5004 ή
3008 4936 3305 5007 Πουλχερία
3339 4940 3699 5008 συνετωτάτη,
3739 4939 3823 4990 καὶ

2294 5025 2461 5076 πολλὰ
2518 5027 2627 5078 τῶν
2683 5027 3078 5095 ἐλαττωμάτων
3145 5025 3238 5077 τοῦ
3293 5027 3552 5093 ἀδελφοῦ,
3620 5031 3687 5082 τά
3734 5029 3823 5096 μὲν

2298 5116 2633 5185 ἐπηνώρθου,
2651 5118 2718 5170 τὰ
2736 5116 2791 5169 δὲ
2815 5118 3202 5169 συνεκάλυπτε.
3225 5119 3452 5184 Λέγεται
3477 5118 3604 5184 γοῦν
3634 5121 3824 5185 ἀπροσ-

1825 5249 2021 5309 Variae
2051 5248 2354 5308 lectiones
2378 5253 2436 5305 et
2475 5256 2658 5308 noue.

733 5368 842 5437 (87)
869 5368 1210 5432 Matvj.1.ta£e
1232 5371 1342 5434 τὴν
1368 5371 1534 5439 ζὶυήν.
1559 5370 1839 5439 Evagrius,
1860 5373 2196 5426 Marcellinus

661 5449 977 5497 conies,etc.
1007 5444 1055 5490 δ.
1087 5439 1315 5491 Flaviani
1344 5441 1482 5492 Patr.
1516 5440 2196 5506 Constantinopol.festum

664 5514 823 5573 agunt
857 5507 1028 5560 Gnaei
1067 5507 1127 5558 l6
1160 5507 1313 5560 Febr.
1348 5519 1403 5561 ut
1433 5519 1519 5563 est
1553 5511 1605 5560 in
1631 5510 1861 5561 Menaeis.

738 5578 847 5650 (ss)
899 5579 952 5650 ξᾼ
968 5579 1254 5640 γατόλιος.
1297 5577 1462 5647 Cujus
1486 5579 1802 5637 memoriam
1830 5590 1992 5646 agunt
2028 5578 2196 5632 Graeci

663 5641 698 5694 ὅ
716 5641 859 5695 Julii.
896 5646 1112 5700 Mentha.

2324 5440 2332 5449 _
2372 5372 2478 5438 (89)
2522 5373 2622 5423 Ἐν
2653 5371 2728 5436 τῷ
2767 5373 3042 5442 Ἑϐδόμῳ.
3072 5375 3148 5430 lta
3176 5377 3332 5433 etiam
3363 5377 3655 5444 Nicephor.
3696 5378 3820 5432 Call.

2302 5439 2392 5491 lib.
2427 5456 2530 5501 xw,
2564 5456 2682 5507 cap.
2721 5443 2805 5494 47.

2374 5509 2478 5577 ι90)
2510 5509 2996 5576 Καταψηεριζεται.
3050 5513 3389 5567 Marcellinus
3432 5529 3635 5574 comes,
3659 5516 3824 5569 Victor

2303 5577 2704 5653 Turpitineusis,
2735 5580 3038 5653 Chronico»3
3067 5583 3378 5653 Merenda,
3400 5582 3713 5653 Theophan.
3745 5600 3821 5638 an.

2303 5646 2373 5698 ιε
2399 5645 2707 5711 Theodosii,
2734 5655 2788 5700 et
2822 5649 2841 5701 l
2879 5649 3149 5703 Marciani.
