4036 6350
81 507 224 574 1201

1303 516 1700 578 ANNALIUM
1743 517 1888 576 LIB.
1933 515 2101 577 ΧΙῘῙ·

3158 517 3304 584 1.9.02

77 622 184 678 καὶ
211 625 264 676 οἱ
295 623 492 695 χάρται
541 626 619 696 τῷ
642 627 828 697 στήθει
851 627 951 697 τῆς
977 629 1254 700 μάρτυρος
1282 631 1635 698 ἐπιτίθενται1

1744 630 1922 694 niunt,
1979 633 2303 701 imperatore
2349 631 2458 703 58
2515 631 2676 687 etiam
2750 642 3036 702 praesente,
3110 649 3301 704 aperto

76 720 182 769 καὶ
227 719 258 770 ὁ
288 717 434 780 λίθος
483 717 638 782 αὖθις
684 724 751 792 τῇ
807 721 1038 792 λάρνακι
1087 724 1489 792 ἐπενὴνεκτατ,
1550 728 1646 780 καὶ

75 808 451 876 σφραγίζεται
496 811 589 864 ὑπ’
620 812 822 878 ἀμφοῖν
849 814 960 864 τοῖν
984 817 1188 883 μεροῖν.
1216 813 1289 866 Τὸ
1323 814 1367 867 δ’
1397 815 1645 868 ἐντεῦθεν

75 901 293 954 ἱκεσίαι
354 903 487 971 πρὸς
515 903 605 955 τὸν
632 903 765 957 Θεὸν
797 906 890 956 καὶ
935 904 1149 975 δεήσεις
1172 905 1481 976 παννύχιοι,
1513 907 1646 959 ἀπο-

74 990 324 1060 καλύψαι
369 991 452 1054 τίς
511 993 660 1064 αὐτῷ
698 995 808 1047 τῶν
843 988 1018 1059 δοξῶν
1070 996 1406 1067 καταθύμιος
1435 998 1530 1052 κα)⁸
1560 997 1645 1059 τίς

85 1082 415 1153 ἀποϐλητέα
435 1083 604 1138 δοκεῖ.
638 1086 748 1138 Καὶ
807 1087 948 1153 μετά
999 1088 1190 1156 τρίτην
1220 1089 1433 1159 ἡμέραν
1464 1090 1646 1159 συνέρ-

70 1189 293 1242 χονται,
347 1175 482 1245 μηδέ
538 1175 632 1229 τοῦ
686 1175 955 1247 βασιλέως
1019 1179 1438 1248 ἀπολειφθέντος
1471 1223 1487 1246 ,
1551 1182 1643 1237 καὶ

70 1264 396 1334 ἀνοιγείοης
452 1267 550 1336 τῆς
588 1266 861 1338 λάρνακος
892 1308 910 1334 ,
976 1270 1088 1323 τῶν
1144 1269 1458 1342 Θαυμασίων
1502 1289 1595 1325 σου
1625 1312 1642 1338 ,

72 1354 278 1424 Κύριε,
331 1357 530 1426 εὑρέθη
558 1361 585 1411 δ
618 1359 717 1428 μὲν
759 1360 869 1413 τῶν
907 1361 1200 1431 αίρετικῶν
1248 1363 1411 1434 τόμος
1451 1365 1506 1416 ἐν
1531 1367 1643 1428 τοῖς

72 1449 216 1500 ποσὶ
264 1449 363 1518 τῆς
431 1442 708 1522 μάρτυρος
770 1452 1026 1524 κείμενος
1061 1494 1076 1519 ,
1125 1455 1153 1506 δ
1187 1455 1242 1507 δέ
1269 1472 1330 1522 γε
1364 1455 1549 1518 λοιπὸς
1577 1458 1641 1526 τῇ

68 1537 229 1609 δεξιᾷ
260 1539 464 1609 ταύτης
491 1542 635 1611 χειρὶ
663 1545 1048 1615 κατεχόμενος,
1073 1547 1138 1618 ἣν
1169 1547 1403 1600 ἐκτεῖναι
1427 1548 1644 1614 λέγεται

71 1630 221 1696 πρὸς
265 1630 359 1682 τὸν
413 1631 641 1702 βασιλέα
688 1635 782 1689 καὶ
825 1636 929 1689 ,τὸν
982 1638 1328 1708 πατριάρχην
1359 1639 1447 1690 τδν
1480 1642 1644 1708 τόμον

69 1721 270 1784 αὐτοῖς
322 1723 727 1795 ἐγχειρίζουσα.
778 1727 842 1781 Ol
877 1729 976 1795 μὲν
1017 1726 1111 1783 οὖν
1161 1730 1222 1782 τὸ
1271 1729 1429 1799 ὀρθὸν
1512 1747 1646 1801 πρε-

66 1811 372 1877 σϐεύοντες
428 1816 606 1884 δόγμα
660 1813 802 1888 ἦσαν
851 1820 912 1872 ἐν
958 1821 1279 1889 κρότοι’ς,οί
1330 1822 1389 1875 δέ
1435 1822 1643 1886 τούτοις

64 1902 518 1973 ἑτερογνώμονες
539 1905 916 1978 κατηφιῶντες
931 1907 1025 1960 καὶ
1049 1907 1236 1971 σκότος
1267 1910 1362 1962 ὑπ’
1384 1910 1644 1980 αἰσχύνης

69 1993 469 2062 περιχυθέντες
517 1997 857 2064 ἀπήλθοσαν*
926 2000 1072 2063 τινὲς
1101 2000 1148 2054 δ’
1191 2001 1257 2054 ἐκ
1313 2001 1519 2055 τούτων
1550 2003 1640 2055 καὶ

65 2084 218 2151 πρὸς
261 2083 321 2136 τὸ
373 2085 654 2157 όρθόδοξον
712 2088 1092 2163 μετεϐᾲλοντο.
1158 2093 1315 2147 Κατά
1371 2095 1464 2148 τὸν
1520 2096 1638 2149 τότε

65 2173 281 2243 χρόνον
316 2175 404 2228 καὶ
458 2177 491 2246 ἡ
528 2176 744 2247 βασιλὶς
790 2180 1093 2254 Πουλχερία
1137 2185 1360 2254 θνήσκει
1403 2189 1641 2252 εύσεϐῶς

60 2281 129 2318 τε
189 2269 286 2319 καί
322 2268 580 2332 εὐκλεῶς,
626 2272 720 2324 καὶ
763 2273 851 2325 ἐπ’
886 2272 1073 2328 ἐλπίσι
1121 2279 1406 2347 χρησταῖς.
1456 2279 1641 2333 Πάντα

58 2360 188 2429 γὰρ
236 2359 326 2410 τὸν
366 2360 596 2413 πλοῦτον
646 2363 816 2431 αὐτῆς
854 2364 1092 2436 διένειμε
1141 2368 1359 2438 πένησι,
1428 2374 1521 2422 καὶ
1563 2370 1640 2439 τῷ

58 2449 214 2517 πρὸς
237 2449 458 2513 τούτους
504 2452 639 2520 ἐλέῳ
700 2455 789 2506 τὸν
821 2455 914 2508 τοῦ
961 2456 1103 2512 Θεοῦ
1167 2460 1435 2528 ἐκτήσατο
1468 2461 1638 2515 ἔλεον.

59 2539 521 2604 Οὐαλεντινιανὸς
542 2542 600 2594 δέ
623 2545 650 2595 ὀ
674 2545 891 2614 ἀνεψιὸς
956 2547 1238 2618 Ὀνωρίου,
1294 2544 1355 2603 οὗ
1395 2553 1505 2606 ἄνω
1537 2572 1638 2606 που

59 2631 626 2723 ἐημνήσθημεν,οὼς
684 2637 748 2689 ἐκ
797 2638 896 2704 τῆς
929 2639 1166 2709 ἀδελφῆς
1225 2641 1390 2696 αὐτοῦ
1448 2662 1639 2713 ’γεννη-

59 2724 262 2787 θέντος
300 2723 399 2792 τῆς
425 2725 736 2791 Πλακιδίας,
772 2728 1075 2798 βασιλεύων
1103 2733 1158 2782 ἐν
1184 2736 1250 2805 τῇ
1281 2735 1636 2807 πρεσϐυτέρα

73 2813 301 2884 Ῥώμῃ,
333 2814 524 2884 ἄγεται
580 2820 661 2882 είς
724 2823 959 2888 γυναῖκα
1025 2823 1282 2888 Εύδοξίαν
1334 2825 1430 2896 τὴν
1476 2829 1638 2881 παῖδα

57 2903 168 2954 τοῦ
212 2903 332 2957 νέου
392 2906 693 2963 Θεοδοσίου.
762 2912 1256 2984 Ἐκδεδιῃτημένως
1301 2917 1357 2969 δὲ
1394 2917 1638 2987 βιώσκων

58 2993 168 3044 καὶ
229 2992 492 3071 ἀσελγῶς,
524 2998 622 3067 τὴν
679 2999 780 3066 μὶν
806 3003 1014 3055 οἰκείαν
1044 3006 1289 3074 γαμετὴν
1319 3008 1427 3069 εἴα,
1460 3010 1636 3061 καίτοι

59 3080 308 3146 καλλους
348 3079 405 3138 εὖ
446 3083 699 3154 ἔχουσαν,
751 3088 1056 3160 ἀλλοτρίαις
1096 3092 1154 3144 δέ
1221 3094 1631 3164 συνεφθείρετοθ

58 3172 345 3242 ἐκέχρητο
387 3173 444 3226 δὲ
489 3175 582 3227 καὶ⁸
634 3178 919 3245 μαντείαις
981 3181 1075 3231 καὶ
1130 3184 1428 3251 γοητείαις.
1481 3184 1637 3238 Οῦτω

1745 724 1946 786 loculo,
1979 740 2012 779 ο
2041 740 2152 777 rem
2182 725 2368 778 miram
2394 727 2408 778 l
2442 725 2661 781 libellus
2691 727 3071 781 haereticorum
3100 730 3167 782 ad
3209 745 3302 799 pe-

1745 815 1843 870 des
1877 817 2131 889 martyris
2163 816 2462 880 invenitur,
2491 819 2628 872 alter
2661 818 2714 872 in
2746 834 2906 873 manu
2941 820 3058 889 ejus
3087 818 3300 885 dextra,
3397 809 3408 820 ’

1747 919 1911 972 quam
1939 906 2247 960 extendisse
2278 906 2454 960 l'ertur
2481 906 2547 959 ad
2583 907 2964 976 imperatorem
2993 920 3047 962 et
3074 909 3303 978 patriar-

1745 996 1927 1058 eham,
1971 1012 2036 1051 ac
2088 997 2333 1051 libellum
2392 999 2473 1052 eis
2523 999 2855 1067 porrexisse.
2901 999 3088 1068 Itaque
3141 1010 3301 1055 rectae

1743 1088 2026 1141 sententia:
2091 1098 2396 1143 assertores
2461 1088 2752 1158 plaudere,
2813 1091 3111 1144 adversarii
3169 1105 3300 1144 vero

1709 1241 1712 1243 Α
1743 1179 1996 1234 demissis
2025 1179 2270 1233 vultibus
2292 1189 2346 1233 et
2369 1195 2478 1249 pra:
2501 1180 2710 1250 pudore
2735 1181 3096 1251 caligantibus
3119 1181 3292 1245 abire,

1741 1270 1961 1338 quidam
2013 1270 2177 1323 etiam
2237 1285 2418 1323 veram
2487 1271 2813 1324 sententiam
2880 1273 3156 1340 amplecti.
3221 1272 3296 1325 Eo

1743 1364 1987 1426 tempore
2024 1358 2310 1411 Pulcheria
2346 1357 2660 1426 imperatrix
2692 1357 2798 1426 pie,
2829 1357 3060 1429 gloriose
3091 1366 3145 1410 et
3170 1371 3305 1409 eum,

1742 1464 1837 1517 spe
1866 1449 2005 1502 bona
2036 1448 2285 1511 moritur,
2317 1462 2506 1501 omnes
2535 1462 2662 1502 suas
2705 1462 2838 1515 opes
2871 1447 3122 1516 dilargita
3161 1462 3296 1516 pau~

1743 1541 1993 1610 perihus.
2028 1550 2083 1595 et
2122 1539 2495 1594 misericordia
2526 1554 2652 1609 erga
2694 1540 2816 1594 illos
2859 1539 3043 1593 divina
3088 1538 3298 1592 miseri-

1741 1632 1926 1686 cordia
1961 1631 2259 1700 redempta.
2291 1629 2706 1685 Valentinianus
2736 1642 2888 1694 vero,
2917 1631 3075 1700 cujus
3131 1644 3293 1697 supra

1742 1723 1918 1778 obiter
1941 1730 2026 1776 est
2061 1720 2200 1776 facta
2233 1722 2467 1787 mentio,
2509 1719 2736 1776 Honorii
2767 1739 2797 1777 e
2833 1737 3020 1777 sorore
3059 1718 3294 1776 Placidia

1743 1827 1931 1881 nepos,
1969 1811 2150 1865 Romre
2189 1813 2391 1866 veteris
2423 1812 2739 1881 imperator,
2789 1812 3084 1865 Eudoxiam
3109 1810 3298 1882 junio-

1744 1903 1822 1958 ris
1847 1903 2137 1958 Theodosii
2176 1902 2338 1956 ﬁliam
2370 1918 2595 1958 uxorem
2633 1902 2803 1957 ducit.
2841 1902 3147 1958 Sedhomo
3171 1902 3297 1955 vitm

1674 1965 1716 2019 Β
1743 1995 2023 2050 insolentis
2072 2005 2127 2049 et
2156 1993 2435 2066 ﬂagitiosa:
2456 2036 2470 2056 ,
2503 1995 2704 2050 omissa
2733 1995 2964 2065 conjuge
2985 2035 3000 2058 ,
3046 1993 3296 2063 quamvis
3355 1985 3358 1989 ’

1740 2087 1969 2158 eleganti
2002 2088 2198 2148 forma,
2227 2088 2282 2141 in
2309 2087 2516 2156 stupris
2541 2097 2596 2140 et
2616 2087 2901 2140 adulteriis
2921 2086 3292 2147 volutabatur,

1739 2179 2172 2234 divinationibus
2233 2181 2400 2234 etiam
2467 2187 2524 2234 et
2581 2179 2868 2249 pmstigiis
2925 2177 3160 2232 deditus.
3224 2175 3294 2231 Ut

1739 2271 1903 2340 igitur
1939 2270 2104 2324 vitam
2135 2270 2329 2340 agebat
2362 2269 2652 2336 nefariam,
2675 2271 2747 2323 ita
2775 2269 3140 2323 miserabilem
3174 2281 3293 2324 sor-

1741 2361 1873 2416 titus
1899 2369 1980 2416 est
2027 2363 2330 2418 interitum.
2365 2361 2628 2417 Maximus
2676 2361 2843 2422 enim,
2882 2360 3140 2428 patricius
3161 2359 3272 2413 Ro-

1742 2467 1958 2517 manus,
2009 2453 2267 2512 elelius
2304 2453 2519 2507 Maximi
2556 2453 2758 2506 familia
2802 2466 2962 2520 quem
3007 2449 3292 2521 tyrannide

1738 2556 1998 2616 occupata
2038 2562 2266 2616 magnus
2292 2544 2636 2600 Theodosius
2663 2544 2994 2607 debellarat,
3033 2542 3291 2613 palatium

1740 2640 2047 2705 ingressus,
2097 2639 2537 2694 Valentinianum
2598 2637 2852 2706 perimit,
2893 2635 3188 2691 Eudoxiam
3238 2634 3290 2688 vi

1739 2738 1969 2795 stuprat,
2005 2729 2290 2795 imperiunm
2330 2727 2557 2781 invadit.
2590 2726 2658 2780 At
2693 2727 2802 2789 illa,
2832 2725 3107 2779 Thodosio
3138 2732 3292 2793 patre

1740 2828 1974 2882 mortuo,
2029 2817 2313 2873 Pulcheria
2366 2817 2492 2870 item
2555 2815 2842 2879 defuncta,
2896 2829 3016 2868 eum
3079 2813 3287 2867 nullum

1739 2910 1905 2964 alium
1975 2910 2189 2980 injuriae
2243 2908 2515 2962 vindicem
2568 2916 2848 2975 speraret,
2889 2922 2918 2959 a
2953 2903 3288 2959 Gensericho

1741 3001 2106 3056 Vandalorum
2140 3016 2263 3070 rege
2293 2999 2546 3068 precibus
2581 2999 2866 3066 impetrat,
2917 3006 2976 3049 ut
3019 3011 3113 3064 per
3158 3008 3296 3050 eum.

1737 3109 1765 3146 a
1797 3093 2010 3148 Maximi
2039 3091 2322 3162 tyrannide
2351 3091 2633 3144 liberetur.
2677 3089 2725 3143 Is
2755 3088 2919 3159 igitur
2954 3103 3076 3141 eum
3114 3086 3286 3142 classe

1737 3194 1793 3238 et
1818 3185 1996 3254 copiis
2017 3183 2225 3254 magnis
2255 3182 2483 3236 Romam
2509 3180 2680 3245 venit,
2712 3179 2964 3241 Maximo,
3001 3193 3123 3232 eum
3160 3175 3285 3231 inde

57 3262 121 3314 δὲ
191 3263 439 3331 βιώσκων
501 3265 602 3318 οὐκ
655 3267 891 3333 εύαγῶς,
961 3270 1296 3323 ἀποϐιὼσκει
1358 3275 1628 3338 ἐλεεινῶς.

1734 3275 2097 3344 profugisset,
2130 3291 2158 3326 a
2191 3274 2304 3327 suis
2332 3274 2532 3335 occiso,
2567 3272 2702 3326 urbe
2733 3272 2869 3325 citra
2917 3270 3154 3325 laborem
3180 3284 3285 3339 po-

56 3352 328 3420 Μάξιμος
353 3353 461 3423 γὰρ
496 3349 577 3416 εἷς
607 3353 716 3407 τῶν
747 3356 804 3407 ἐν
828 3357 891 3426 τῇ
924 3355 1108 3428 Ῥώμη
1127 3360 1452 3428 πατρικίων,
1475 3360 1634 3427 ἔγγο-

55 3458 153 3502 νος
179 3442 239 3494 δὲ
257 3443 349 3496 τοῦ
372 3444 538 3497 πάλαι
561 3449 992 3516 τυραννήσαντος
1023 3450 1299 3517 Μαξίμου,
1327 3450 1385 3502 ὃν
1408 3453 1434 3503 ὁ
1460 3451 1635 3519 μέγας

54 3533 490 3604 κατεπολέμησε
557 3536 882 3599 Θεοδόσιος,
941 3538 1090 3591 ἔνδον
1160 3541 1267 3593 τῶν
1344 3542 1633 3611 βασιλείων

55 3624 365 3693 γενόμενος
403 3627 462 3681 ἐν
482 3625 667 3691 αὐτοῖς
693 3629 785 3680 τὸν
806 3629 1244 3685 Οὐαλεντινιανὸν
1274 3634 1630 3703 ἁπσσφάττει,

54 3718 160 3768 καὶ
196 3717 266 3784 τῇ
304 3715 527 3787 noscat;
564 3716 656 3788 βίᾳ
681 3720 1074 3787 συμμίγνυται,
1107 3724 1198 3775 καὶ
1222 3723 1322 3791 τῆς
1355 3725 1632 3792 βᾶσιλείας

55 3807 285 3876 κρατεῖ.
304 3806 362 3857 Ἡ
396 3805 453 3858 δὲ
492 3809 586 3859 τοῦ
621 3813 824 3877 πατρὸς
855 3811 1019 3877 αὐτῆς
1049 3813 1324 3864 Θεοδοσίου
1358 3814 1630 3882 θανόντος,

57 3900 158 3949 καὶ
193 3896 298 3964 τῆς
325 3896 655 3966 Πουλχερίας
688 3899 1109 3969 ἐκμετρησάσης
1128 3903 1325 3972 τὸιζῇν,
1353 3904 1634 3975 ἐκδίκησιν

56 3988 350 4058 ἑτέρωθεν
374 3988 449 4059 μὴ
481 3990 774 4069 ἐλπίζουσα
802 3991 1173 4063 διαπέμπεται
1189 3996 1323 4066 πρὸς
1351 3997 1631 4068 Γιζέριχον

53 4082 172 4132 τῶν
228 4080 550 4148 Ούανδήλων
608 4083 752 4151 ρῆγα
805 4084 1170 4153 καλούμενον,
1219 4087 1313 4139 καὶ
1361 4089 1460 4157 τῆς
1531 4090 1627 4142 τοῦ

51 4170 326 4238 Μαξίμου
356 4172 667 4240 τυραννίδος
694 4175 761 4226 δι’
806 4173 973 4227 αὑτοῦ
1033 4177 1414 4246 ἀπαλλαγῆναι
1477 4179 1628 4232 ἐκλι-

53 4262 273 4332 παρεῖ·
318 4263 414 4314 καὶ
444 4263 501 4324 ὃς
536 4264 718 4316 ἔπεισι
749 4267 813 4333 τῇ
860 4263 1044 4336 Ῥώμῃ
1090 4267 1186 4319 σὺν
1220 4268 1294 4334 τῷ
1327 4269 1498 4338 στόλῳ
1533 4272 1627 4324 καὶ⁸

49 4356 298 4422 δυνάμει
357 4354 546 4424 πολλῇ.
586 4355 644 4408 Ὀ
672 4355 728 4408 δὲ
761 4355 1010 4424 Μάξιμος
1050 4357 1258 4426 ἀπέδρα
1283 4360 1503 4428 ταύτης,
1533 4364 1626 4415 καὶ

52 4438 341 4490 κτείνεται
382 4439 534 4507 παρά
581 4439 692 4491 τῶν
740 4441 1006 4516 συ-νόντων
1039 4443 1206 4513 αὐτῷ.
1241 4445 1298 4497 ’0
1324 4447 1379 4499 δὲ
1417 4449 1627 4519 Γιζέρι-

49 4544 148 4596 χος
187 4525 274 4598 (7)
316 4527 529 4589 ἀπόνως
550 4528 649 4596 τῆς
665 4527 1126 4609 Ῥώμηςλκρατεί,
1151 4535 1244 4587 καὶ
1279 4537 1372 4587 τὸν
1395 4537 1625 4591 πλοῦτον

52 4616 236 4685 αὐτῆς
268 4618 736 4695 συγκομῳάμενος
793 4619 1031 4696 ἅπαντα.
1083 4627 1178 4675 καὶ
1213 4626 1281 4676 τὰ
1323 4625 1431 4678 τῶν
1460 4629 1617 4679 θείων
1657 4609 1700 4664 θ

49 4709 206 4761 ναῶν
241 4707 570 4776 ἀναθήματα
604 4709 667 4761 ἐκ
703 4711 902 4780 χρυσοῦ
950 4715 1295 4782 πεποιημένα
1327 4716 1422 4768 καὶ
1445 4719 1618 4784 λίθοις

50 4797 447 4866 κοσμούμενα,
484 4799 578 4850 καί
603 4815 728 4851 τινα
759 4799 866 4852 τῶν
891 4801 1041 4871 παρά
1092 4803 1252 4856 Τίτου
1289 4811 1616 4876 κοσμισθέν-

48 4908 164 4942 των
198 4887 263 4952 ἐξ
299 4887 688 4959 Ἱεροσολύμων
713 4893 921 4944 σκευῶν
954 4893 1046 4945 τοῦ
1081 4895 1261 4948 ἐκεῖσε
1313 4898 1463 4964 ναοῦ,
1507 4903 1618 4970 εἰρ-

49 4978 322 5049 γασμένα
372 4980 467 5031 καὶ
527 4980 668 5030 αὐτὰ
698 4982 763 5031 ἐκ
789 4981 1018 5048 χρυσοῦ,
1053 4981 1230 5036 λαϐὼν
1280 4984 1336 5038 δὲ
1364 4989 1454 5039 καὶ
1521 4991 1622 5058 τὴν

51 5071 326 5133 Εὺδοξίαν
357 5071 453 5123 σὺν
476 5073 594 5134 ταῖς
621 5071 716 5123 δύο
747 5069 1074 5141 θυγατράσιν
1102 5075 1274 5145 αὐτῆς
1320 5079 1621 5147 ἐπανῆλθεν

51 5163 448 5229 είςἈφρικήν.
479 5163 586 5215 Καὶ
606 5161 704 5245 την
734 5161 830 5230 μὲν
857 5162 966 5212 τῶν
980 5164 1298 5235 θυγατέρων
1323 5169 1492 5236 αὐτῆς
1522 5170 1621 5238 τὴν

53 5252 329 5304 Εῦδοκίαν
343 5253 420 5320 τῷ
451 5253 804 5323 πρεσϐυτέρῳ
827 5252 934 5304 τῶν
965 5255 1181 5308 οἰκείων
1206 5258 1617 5330 υίῶνὈνορίχῳ

54 5341 379 5406 συνέζευξε,
421 5345 596 5411 τὴνδέ
639 5361 704 5413 γε
757 5345 804 5396 λτ
875 5345 950 5413 ἦν
986 5345 1172 5412 μαθὼν
1201 5349 1356 5418 ἀνδρὶ
1413 5369 1620 5420 κατηγ-

1735 3366 1888 3428 titur,
1946 3373 2001 3418 et
2041 3379 2232 3418 omnes
2274 3364 2394 3434 ejus
2445 3363 2701 3423 divitias,
2752 3377 3028 3416 sacrarum
3081 3362 3282 3416 aedium

1732 3472 1895 3510 aurea
1931 3457 2156 3510 donaria
2186 3466 2242 3510 et
2300 3451 2530 3526 gemmis
2562 3464 2776 3519 ornata,
2816 3455 3073 3533 nonnulla
3120 3455 3282 3509 etiam

1733 3565 1859 3604 vasa
1890 3565 1920 3605 e
1957 3549 2158 3618 templo
2217 3547 2709 3619 llierosolymitano
2754 3564 2782 3600 a
2825 3546 2948 3600 Tito
2977 3545 3159 3607 allati,
3189 3560 3283 3599 au-

1732 3654 1823 3693 rea
1880 3647 1934 3692 et
1983 3639 2119 3707 ipsa,
2185 3652 2289 3691 una
2339 3652 2461 3693 eum
2513 3635 2752 3690 Ευίιοιίιι
2802 3643 2857 3689 et
2909 3633 3119 3687 duabus
3153 3633 3271 3697 eius

1735 3729 1949 3781 ﬁliabus
1987 3728 2040 3781 in
2082 3727 2320 3780 Africam
2368 3741 2554 3781 secum
2604 3732 2864 3792 asportat.
2905 3723 3072 3792 Cujus
3117 3721 3279 3776 tiliam

1731 3819 2035 3872 Eudoeiam
2061 3827 2190 3870 natu
2226 3817 2418 3884 majori
2457 3815 2565 3868 lilio
2594 3814 2905 3867 llonorieho
2945 3813 3124 3883 jungit
3154 3831 3168 3867 :
3201 3813 3279 3866 al-

1731 3917 1922 3969 teram,
1953 3907 2078 3976 quia
2122 3906 2345 3976 Olybrio
2394 3904 2624 3973 patricio
2656 3903 2979 3971 desponsam
3033 3911 3277 3961 noverat,

1730 4016 1850 4053 cum
1884 4011 2056 4053 matre
2088 4006 2356 4052 asservat.
2382 3995 2511 4060 Quae
2544 4010 2666 4048 cum
2698 3992 2977 4047 biennium
3022 3991 3093 4043 ibi
3138 3992 3280 4059 egit.

1728 4099 1830 4149 set,
1866 4089 1988 4141 cum
2033 4087 2139 4139 lilia
2171 4085 2429 4147 Placidia,
2465 4091 2727 4151 regnante
2753 4082 2931 4136 adhuc
2989 4082 3277 4145 Marciano,

1728 4178 2042 4248 Byzantium
2089 4173 2416 4236 revertitur,
2452 4171 2640 4225 relicta
2667 4170 2772 4225 ﬁlia
2826 4170 3061 4226 Eudocia
3089 4210 3103 4231 ,
3136 4187 3277 4240 (piae,

1727 4268 1974 4338 quamvis
2029 4280 2203 4320 annos
2244 4280 2327 4317 xvi
2376 4279 2500 4317 cum
2541 4264 2739 4316 marito
2790 4263 3013 4317 vixisset
3040 4302 3054 4325 ,
3095 4263 3280 4334 genito

1727 4359 2041 4413 llilderieho
2103 4357 2255 4417 ﬁlio,
2315 4364 2497 4408 tamen
2548 4353 2668 4421 ejus
2712 4353 3161 4407 consuetudinem
3208 4352 3278 4407 ob

1725 4451 2086 4504 Arianismum
2119 4459 2258 4514 aegre
2285 4445 2496 4505 ferens,
2531 4450 2688 4496 nacta
2717 4443 3173 4509 opportunitatem
3224 4450 3280 4495 et

1727 4541 1839 4609 ipsa
1876 4533 2406 4604 Constantinopolim
2443 4532 2682 4595 secedit,
2716 4543 2886 4585 matre
2921 4533 3029 4601 jam
3079 4532 3275 4585 defun-

1727 4641 1832 4684 cta.
1862 4627 1989 4684 Inde
2028 4621 2394 4696 Hierosolyma
2420 4623 2528 4696 5.9
2553 4623 2816 4692 profecta,
2842 4621 3093 4673 moritur.
3126 4621 3277 4675 Obiit

1727 4731 1781 4776 et
1831 4721 2157 4785 Marcianus,
2195 4734 2318 4774 eum
2349 4731 2521 4770 annos
2571 4729 2665 4767 sex
2709 4721 2764 4767 ct
2803 4712 3010 4780 aliquot
3062 4725 3275 4766 menses

1728 4814 2077 4880 imperasset,
2117 4809 2232 4871 sive
2272 4823 2339 4862 ex
2373 4809 2597 4872 morbo,
2655 4806 2768 4860 sive
2810 4818 3016 4856 veneno
3053 4803 3274 4870 Asparis

1727 4900 1941 4971 patricii
1980 4909 2114 4955 nutu
2154 4901 2302 4961 dato,
2333 4898 2624 4953 admodum
2655 4911 2852 4959 senex,
2906 4895 2985 4947 vir
3021 4891 3139 4946 miti
3191 4894 3271 4949 in—

1722 4991 1881 5061 genio
1916 4998 1970 5044 et
2005 5006 2132 5061 erga
2165 4991 2416 5045 subditos
2458 4987 2729 5056 benignus
2763 5004 2775 5040 :
2807 4987 2992 5043 dicere
3037 4987 3269 5053 solitus,

1723 5081 2043 5150 imperatori
2090 5097 2198 5134 non
2231 5079 2494 5148 capienda
2523 5093 2644 5133 esse
2689 5093 2867 5139 arma,
2912 5079 3038 5131 dum
3082 5093 3267 5147 pacem

1722 5185 1881 5241 agere
1915 5171 2124 5224 liceret.
2153 5170 2326 5237 Aspar
2355 5169 2649 5240 patricius,
2685 5169 2787 5222 etsi
2831 5169 3059 5220 multum
3110 5177 3280 5236 pote~

1722 5272 1842 5322 rat,
1873 5277 1978 5314 non
2026 5269 2206 5313 tamen
2247 5261 2543 5330 imperator
2589 5263 2804 5314 creatus
2846 5265 2929 5312 est
2975 5272 3010 5312 α
3066 5259 3266 5327 popqu

1717 5352 2322 5421 ConstantinOpolitano
2350 5393 2364 5416 ,
2403 5353 2474 5405 ob
2532 5355 2742 5406 Arianae
2789 5358 2951 5404 secta:
3002 5347 3263 5403 studium.

53 5431 305 5501 γυῆσθαι
347 5432 424 5500 τῷ
483 5435 756 5505 πατρικίῳ
811 5434 1112 5501 Ὀλυϐρίῳ,
1172 5438 1357 5507 ἐτήρει
1405 5442 1500 5494 σὺν
1551 5443 1617 5511 τῇ

1734 5442 1894 5507 Quare
1934 5443 2048 5510 ipse
2077 5441 2337 5504 Leonem,
2370 5444 2485 5495 sive
2515 5450 2707 5512 suapte
2744 5441 3101 5501 auctoritate,
3150 5438 3261 5492 sive

58 5525 238 5593 μητρὶ
280 5524 524 5593 Εὺδοξία,
567 5526 694 5578 ἐνθα
756 5527 848 5578 δύο
896 5525 1228 5593 διαγαγοῦσα
1284 5531 1617 5602 ἐνιαυτοὺςή

1734 5541 1941 5603 iccepta
1970 5549 1999 5586 a
2026 5534 2226 5602 p0pulo
2257 5540 2546 5600 potestate,
2579 5533 2956 5601 imperatorem
2986 5529 3259 5595 declarat,

56 5615 279 5683 βασιλὶς
331 5614 551 5678 Εὑδοξία
607 5617 912 5686 ἐπανῆλθεν
943 5620 1022 5680 είς
1049 5618 1108 5668 τὸ
1140 5617 1432 5680 Βυζάντιον
1477 5625 1616 5691 μετὰ

1719 5624 2031 5692 stipulatus,
2073 5631 2130 5675 ut
2172 5621 2308 5674 alter
2349 5620 2584 5675 ﬁliorum
2615 5637 2837 5677 suorum
2881 5620 3125 5676 Czesarea
3170 5632 3258 5674 co-

1208 5756 1406 5816 Varize
1450 5759 1755 5822 lectiones
1779 5768 1839 5821 et
1882 5768 2066 5822 noue.

130 5876 214 5944 (7)
244 5876 294 5931 Γ
295 5874 558 5943 ιζ’ἐριχος.
591 5875 691 5940 Qui
725 5874 1011 5944 Co’ysiricus
1069 5880 1295 5937 Eusebio
1326 5883 1378 5936 in
1432 5883 1724 5950 Chronico,
1762 5855 2065 5941 Geuicricus
2096 5882 2305 5941 cartcris
2331 5881 2709 5947 scriptoribus.
