4036 6350
189 420 333 490 1245

1435 433 1678 494 ANNAI.
1696 433 1834 496 IUM
1869 438 2012 499 LIB.
2053 439 2206 502 XIV.

3262 439 3394 505 192-16

185 545 290 592 καὶ
312 541 440 601 τοὺς
459 539 567 592 τῶν
592 540 906 610 Οῦανδήλων
924 542 1189 612 ἄρχοντας
1223 545 1454 612 ἐντίμως
1482 546 1738 612 ἐφύλαττε

1848 563 2082 605 ratorem
2125 556 2333 608 adoret.
2371 553 2522 609 Facit
2563 554 2652 609 ille
2687 563 2748 610 ut
2784 555 3098 625 jubebatur.
3142 557 3396 625 laerymis

189 634 701 702 κομισθησομένους
741 635 819 704 τῷ
854 628 1082 705 βασιλεῖξ
1130 639 1463 708 Παρειλήφει
1531 641 1588 692 δὲ
1654 643 1746 694 καὶ

186 725 446 777 Σικελίαν
492 727 583 778 καὶ
634 726 728 795 τὴν
779 728 965 795 Σαρδὼ
1018 730 1198 798 (νῆσος
1241 728 1296 781 δὲ
1338 733 1429 782 καὶ
1481 733 1617 800 αὑτὴ
1669 733 1744 795 ὡς

188 814 293 882 ἤδη
345 814 436 865 καὶ
469 802 882 885 προϊστόρηται)
911 819 1003 870 καὶ
1045 820 1110 870 τὰ
1157 820 1319 887 μέχρι
1353 822 1622 892 Γαδείρων
1654 822 1742 889 ὑφ’

191 901 390 954 ἑαυτὸν
419 904 729 969 ἐποιήσατο,
780 907 870 958 καὶ
900 905 1070 967 οὕτως
1099 907 1405 976 ἐπανῆλθεν
1436 911 1514 973 είς
1548 912 1605 962 τὸ
1646 911 1742 964 Βυ-

192 989 433 1057 ζάντιον,
466 993 613 1058 ἄγων
644 996 809 1048 αὐτόν
837 1013 893 1047 τε
941 996 1032 1048 τὸν
1080 997 1346 1068 Γελίμερα
1399 1002 1495 1054 σὺν
1529 1004 1745 1070 γυναικὶ

189 1085 289 1135 καὶ
309 1085 518 1146 τέκνοις
544 1089 635 1138 καὶ
657 1088 959 1155 συγγενέσι,
997 1089 1089 1140 καὶ
1116 1091 1292 1143 πᾶσαν
1321 1094 1419 1162 τὴν
1449 1092 1744 1162 θεραπείαν

190 1174 383 1238 αὐτοῦ,
443 1177 535 1229 καὶ
593 1180 756 1247 τιμῆς
830 1180 1070 1248 μεγάλης
1130 1183 1278 1252 παρᾶ
1336 1184 1428 1236 τοῦ
1464 1185 1744 1253 βασιλέως
1790 1215 1792 1217 >

188 1266 412 1336 ἠξίωτο.
462 1265 589 1320 Εἶτα
625 1270 717 1321 κα)⁵
749 1269 1015 1338 θρίαμϐον
1058 1273 1148 1322 ἐπὶ
1180 1277 1242 1342 τῇ
1284 1273 1407 1346 νίκῃ
1437 1277 1743 1343 κατήγαγε,

188 1358 527 1427 τελουμένης
566 1360 793 1427 ἁμίλλης
820 1360 998 1412 ἵππων
1030 1363 1086 1412 ὲν
1119 1362 1195 1432 τῷ
1228 1363 1461 1439 θεάτρῳ,
1496 1366 1659 1419 αὐτοῦ
1686 1385 1742 1419 τε

188 1450 284 1501 τοῦ
340 1452 795 1520 κρατοῦντος“(ὼς
831 1452 972 1523 ἔθος)
1011 1455 1454 1524 προκαθημένου,
1506 1457 1597 1508 καὶ
1648 1460 1744 1526 τῆς

187 1544 478 1611 γερουσίας
514 1545 814 1611 παρούσης,
863 1546 957 1596 καὶ
1004 1545 1098 1596 τοῦ
1143 1547 1316 1614 δήμου
1363 1548 1585 1610 παντός.
1635 1549 1743 1599 Καὶ

187 1633 381 1702 προῄει
431 1632 530 1699 μὲν
562 1635 624 1683 ὲκ
667 1632 764 1695 τῆς
811 1635 919 1685 τῶν
968 1636 1150 1687 ἵππων
1193 1637 1492 1706 ἀφετηρίας
1528 1637 1556 1688 ό
1589 1635 1745 1704 ἀρχι-

187 1729 487 1796 στράτηγος
522 1726 830 1796 Βελισάριος
862 1729 961 1795 τῆς
1015 1727 1342 1798 πορφυρίδος
1366 1725 1460 1780 τοῦ
1517 1726 1741 1794 Γελίμε-

187 1836 276 1887 ρος
308 1820 684 1888 παρεπομένου
724 1820 978 1888 ἐχόμενος
1007 1823 1070 1886 τῇ
1103 1822 1282 1890 χειρί·
1312 1816 1737 1888 συμπαρωμάρ-

1845 643 2113 711 oppletus.
2165 645 2473 698 Procumbit
2518 654 2572 700 et
2625 646 2739 715 ipse
2784 646 3104 722 Belisarius,
3145 655 3204 699 ut
3246 648 3394 701 Geli-

1848 749 1998 787 mero
2043 735 2390 799 ostenderet,
2427 753 2551 791 eum
2599 737 2650 791 id
2698 737 3134 807 facerejussum,
3181 754 3288 791 non
3338 751 3398 793 ut

1845 826 2116 894 captivum
2143 868 2155 886 ,
2197 828 2287 880 sed
2333 829 2455 897 quia
2494 828 2662 882 moris
2703 829 2772 882 sit
2820 828 2921 881 hoc
2972 827 3132 881 modo
3178 827 3394 881 adorari

1846 916 2211 970 Romanorum
2238 919 2609 986 imperatores,
2632 921 2859 986 eiusque
2887 918 3239 972 calamitatem
3263 935 3320 971 su
3335 918 3394 970 b-
3450 939 3471 960 ρ·

1847 1005 2070 1059 levaret.
2121 1005 2254 1060 Cum
2312 1008 2563 1060 eumdem
2625 1007 2886 1060 honorem
2948 1016 3002 1059 et
3067 1004 3394 1074 imperatrici

1846 1097 2126 1150 habuisset
2164 1097 2495 1158 Gelimerus.
2539 1098 2778 1166 hospitio
2813 1096 3099 1166 splendido
3139 1105 3195 1148 et
3235 1095 3396 1163 regiis

1849 1187 2164 1241 minismriis
2189 1188 2295 1255 jam
2319 1173 2444 1242 ante
2465 1189 2777 1257 praeparatis
2804 1188 3095 1256 excipitur.
3131 1188 3257 1241 Post
3279 1186 3396 1240 dies

1847 1280 2073 1348 aliquot,
2112 1295 2234 1333 cum
2270 1281 2466 1332 iterum
2499 1279 2610 1333 ludi
2641 1287 2925 1349 equestres
2953 1278 3006 1332 in
3041 1279 3253 1339 theatro
3277 1278 3393 1347 agi-

1846 1378 2115 1431 tarentur,
2148 1367 2317 1434 spolia
2355 1367 2545 1422 bellica
2586 1383 2682 1435 per
2709 1367 2943 1422 mediam
2977 1367 3168 1423 urbem
3209 1375 3396 1422 osten-

1846 1471 1974 1520 tata.
2014 1459 2068 1510 in
2106 1455 2340 1510 stadium
2383 1458 2712 1519 inferuntur,
2743 1457 2944 1525 jaeula.
2986 1457 3152 1518 salue,
3199 1457 3395 1510 mulie-

1844 1548 1972 1602 bres
2017 1545 2255 1605 lecticas,
2307 1546 2491 1598 omnia
2567 1559 2756 1610 aurea,
2800 1555 2855 1599 et
2896 1543 3150 1613 pretiosis
3197 1545 3398 1610 lapillis

1840 1644 2136 1697 exornata,
2183 1643 2238 1687 et
2267 1633 2472 1700 sponda
2516 1631 2757 1701 ejusdem
2800 1634 3051 1700 generis.
3099 1635 3392 1702 auratique

1842 1728 2074 1792 tapetes.
2103 1731 2158 1775 et
2188 1720 2440 1775 utensilia
2472 1735 2781 1775 mensarum
2810 1723 3006 1789 partim
3041 1708 3230 1781 aurea,
3262 1737 3392 1790 par-

1841 1813 1936 1869 tim
1967 1821 2239 1882 argeutea,
2273 1812 2464 1880 pocula
2499 1812 2627 1864 item
2658 1825 2846 1872 aurea,
2881 1813 3108 1878 gemmis
3145 1811 3392 1880 interpo-

189 1878 319 1957 τουν
372 1878 416 1956 δ’
463 1878 608 1974 αὐτῷ
635 1878 830 1958 καὶῐοί
860 1878 972 1958 τῶν
1269 1878 1602 1974 στρατηγοὶ,
1642 1878 1737 1957 καὶ

1840 1905 1969 1967 lata,
2001 1878 2394 1971 purpureasque
2425 1910 2626 1964 vestes,
2663 1910 2720 1955 et
2757 1901 2916 1970 pepla
2951 1900 3193 1970 ejusdem
3225 1878 3393 1971 gene-

182 1997 571 2066 ταγματὰρχαι
621 1996 712 2048 καὶ
766 1995 1004 2062 λοχαγοὶ,
1065 1996 1158 2048 καὶ
1210 1994 1260 2048 οί
1306 1993 1398 2047 τοῦ
1447 1992 1737 2064 Γελίμερος

1842 1993 1948 2053 ris,
1986 1992 2192 2061 regales
2219 2006 2464 2055 coronat,
2497 2000 2813 2045 ornamenta
2841 1990 3131 2042 mulierum
3163 1989 3392 2059 gemmis

184 2084 485 2148 συγγενεῖς.
533 2083 670 2153 Ἤδη
701 2082 744 2135 δ’
777 2083 1030 2150 ἑφθακὼς
1061 2083 1240 2135 ἔναντι
1273 2081 1366 2135 τοῦ
1411 2082 1738 2152 κρατοῦντος

1841 2093 1895 2140 et
1922 2084 2225 2152 margaritis
2263 2083 2628 2151 interpuncta,
2659 2082 2872 2151 aliaque
2905 2083 3137 2152 plurima
3166 2091 3220 2135 et
3252 2095 3392 2150 pene

189 2170 218 2222 ὁ
263 2170 610 2240 Βελισὰριος,
653 2171 827 2224 πείθει
897 2172 988 2223 τὸν
1040 2172 1308 2241 Γελίμερα
1354 2172 1433 2234 είς
1473 2162 1736 2238 τοθδαφος

1838 2169 2295 2226 innumerabilia:
2343 2180 2398 2224 et
2438 2178 2559 2240 post
2579 2171 2693 2224 hate
2735 2171 2953 2237 omnia,
2998 2171 3148 2226 cista:
3187 2182 3393 2240 septem

185 2261 513 2314 καταϐαλεῖν
554 2262 762 2321 ἑαυτὸν,
793 2262 883 2315 καὶ
911 2263 1080 2324 οὕτως
1111 2263 1405 2329 ἀπονεῖμαι
1427 2261 1505 2332 τῷ
1529 2261 1737 2332 βασιλεῖ

1838 2279 1969 2319 auro
2005 2263 2208 2330 plenae,
2237 2272 2291 2316 et
2320 2261 2441 2316 libri
2470 2277 2747 2316 sacrorum
2779 2263 3196 2333 Evangeliorum
3236 2263 3393 2315 undi-

177 2353 280 2422 τὴν
315 2354 688 2423 προσκύνησιν
719 2354 817 2423 (4).
852 2353 912 2405 Ὀ
949 2354 993 2406 δ’
1037 2353 1214 2405 ἐποίει
1239 2352 1301 2404 τὸ
1330 2353 1737 2422 προσταττόμε-

1838 2365 1939 2420 que
1996 2365 2130 2402 auro
2178 2348 2543 2417 refulgentes,
2593 2356 2650 2401 et
2698 2348 2874 2401 omnis
2925 2349 3144 2416 generis
3188 2347 3386 2415 lapillis

181 2463 295 2510 νον,
335 2446 730 2513 καταχεόμενος
773 2443 1024 2513 δάκρυσι.
1058 2445 1165 2495 Καὶ
1196 2443 1356 2505 αὐτὸς
1415 2444 1469 2495 δὲ
1503 2447 1531 2495 δ
1580 2442 1734 2495 Βελι-

1838 2442 2096 2497 distincti.
2138 2441 2216 2494 Ac
2255 2441 2562 2508 triumphus
2593 2441 2904 2510 huiusmodi
2944 2440 3086 2493 fuit:
3124 2440 3385 2494 Belisario

182 2537 373 2604 σάριος
404 2533 760 2603 προσούδισεν
790 2533 1000 2597 ἑαυτὸν,
1035 2532 1446 2601 ἐνδεικνύμενος
1477 2531 1553 2602 τῷ
1592 2531 1738 2584 Γελί-

1838 2540 2018 2585 autem
2047 2529 2210 2584 etiam
2242 2530 2558 2584 consulatus
2591 2539 2673 2584 est
2704 2530 2935 2584 delatus.

185 2644 314 2696 μερι
344 2628 422 2679 ὅτι
458 2629 555 2696 ούχ
585 2627 659 2690 ὡς
724 2625 1067 2694 αἰχμάλωτος
1108 2626 1312 2686 ἐκεῖνος
1351 2622 1510 2675 τοῦτο
1579 2624 1802 2692 ποιῆσαι
1841 2622 2105 2691 ἀπῄτητο,
2150 2620 2266 2674 ἀλλ’
2307 2622 2388 2674 ὅτι
2430 2620 2570 2673 οὕτω
2604 2622 2913 2690 νενόμισται
2957 2622 3380 2692 προσκυνεῖσθαι

180 2714 290 2767 τῶν
323 2715 616 2784 Ῥωμαίων
659 2715 784 2776 τοὺς
824 2713 1080 2783 βασιλεῖς,
1125 2713 1219 2765 καὶ
1263 2713 1426 2765 οἱονεὶ
1491 2711 1762 2780 κουφίζων
1801 2711 1947 2780 αὐτῷ
1980 2712 2040 2764 τὸ
2102 2711 2442 2782 δυστύχημα.
2478 2712 2584 2763 Kal.
2622 2713 2873 2782 τὴν“ῐσην
2897 2716 3049 2785 δὲτῇ
3088 2713 3373 2784 βασιλίσσῃ

183 2805 560 2875 προσκύνησιν
596 2805 970 2871 ἀπονείμαντα
994 2805 1084 2855 τὸν
1118 2803 1411 2874 Γελίμερα,
1441 2803 1736 2872 καταγωγὴ
1775 2801 1986 2870 δέχεται
2049 2802 2276 2873 λαμπρὰ
2316 2803 2408 2857 καὶ
2477 2803 2743 2874 θεραπεία
2771 2803 3019 2876 βασιλικὴ
3056 2824 3379 2876 προετοιμα-

184 2897 372 2950 σθεῖσα
410 2897 582 2963 αὐτῷ.
615 2895 750 2949 Μεθ’
781 2897 991 2964 ἡμέρας
1021 2896 1077 2948 δέ
1119 2912 1270 2957 τινας
1303 2891 1462 2958 αὖθις
1524 2896 1860 2964 ἱππηλασίας
1933 2896 2206 2966 ἀγομένης
2263 2897 2402 2950 κατὰ
2462 2898 2522 2949 τὸ
2552 2898 2800 2967 θέατρον,
2825 2899 2893 2959 τὰ
2915 2900 3129 2969 λάφυρα
3153 2899 3247 2951 τοῦ
3277 2916 3371 2953 πο-

181 2992 350 3058 λέμου
372 2988 458 3042 διὰ
494 2989 665 3057 μέσης
731 2987 830 3054 τῆς
902 2985 1109 3046 πόλεως
1180 2985 1515 3053 κομιζόμενα
1577 2987 1671 3037 καὶ
1713 2985 2122 3054 θεατριζόμενα,
2168 2987 2446 3056 εἰσήγοντο
2490 2988 2569 3050 εἰς
2611 2988 2670 3040 τδ
2733 2988 2942 3050 στάδιον
2985 2990 3210 3043 ἀκόντια
3241 2992 3389 3056 ικαὶ,

177 3084 387 3156 θρόνοι,
429 3083 524 3134 καὶ
565 3082 756 3151 φορεῖα
802 3078 1123 3146 καταστηγῆ
1171 3080 1486 3145 γυναικεῖα,
1521 3076 1722 3148 χρυσοῦ
1762 3077 1829 3130 τὰ
1889 3078 2065 3130 πάντα
2123 3079 2491 3148 πεποιημένα,
2520 3081 2616 3132 καὶ
2649 3079 2812 3142 λίθοις
2847 3080 3168 3150 τιμαλφέσιν
3197 3085 3385 3137 ἐπικο-

176 3177 488 3247 σμούμενα,
513 3176 608 3228 καὶ
640 3175 794 3243 κλίνη
826 3173 1006 3242 ὁμοία,
1039 3175 1131 3225 καὶ
1196 3174 1558 3242 χρυσόπαστοι
1617 3171 1879 3238 τάπητες,
1953 3171 2046 3224 καὶ
2109 3170 2277 3241 σκευὴ
2322 3170 2392 3224 τὰ
2435 3171 2557 3233 ταῖς
2595 3171 2896 3243 τραπέζαις
2939 3173 3374 3244 ύπηρετούμενα,

173 3270 250 3322 τὰ
298 3270 397 3338 μὲν
447 3273 510 3322 ὲκ
553 3267 755 3338 χρυσοῦ
799 3266 1140 3336 εἰργασμένα
1161 3304 1175 3328 ,
1208 3265 1278 3342 τὰ
1308 3264 1353 3317 δ’
1382 3266 1443 3331 ἐξ
1509 3265 1750 3336 ἀργύρου
1791 3266 2134 3337 πεποιημένα
2157 3308 2173 3332 ,
2201 3265 2296 3318 καὶ
2355 3265 2660 3336 ἐκπώματα
2703 3265 2908 3334 χρύσεά
2934 3283 2992 3319 τε
3024 3269 3119 3322 καὶ
3142 3268 3383 3321 λιθοκόλ-

173 3365 340 3434 λητα.
366 3363 458 3416 καὶ
480 3362 766 3428 ἁλουργεῖς
789 3358 1034 3428 ἐσθῆτες,
1061 3360 1155 3414 καὶ
1189 3358 1382 3411 πέπλοι
1446 3359 1757 3428 παρόμοιοι,
1797 3358 1891 3412 καὶ
1924 3357 2184 3428 βασίλειοι
2246 3357 2527 3428 στέφανοι,
2556 3357 2649 3410 καὶ
2679 3357 2871 3426 κόσμοι
2909 3359 3179 3426 γυναικῶν
3208 3359 3374 3413 διάλι-

171 3459 265 3512 θοί
306 3473 365 3509 τε
402 3456 496 3509 καὶ
537 3454 962 3523 περιμάργαροι,
1016 3451 1111 3505 καὶ⁸
1155 3451 1288 3505 ἄλλα
1341 3452 1589 3516 πλεῖστα,
1629 3454 1722 3505 καὶ
1760 3453 1992 3524 ἀριθμὸν
2045 3453 2227 3522 σχεδὸν
2288 3454 2701 3524 ὑπερϐαίνοντα.
2732 3455 2840 3509 Καὶ
2873 3456 2966 3508 ἐπὶ
3005 3457 3155 3511 πᾶσι.
3185 3453 3379 3522 λάρνα-

173 3569 280 3613 κες
326 3548 465 3603 έπτὰ
515 3549 742 3620 χρυσίου
804 3547 1036 3618 μεσταὶ,
1072 3550 1166 3600 καὶ
1213 3545 1388 3616 βίδλοι
1430 3547 1538 3598 τῶν
1576 3546 1736 3600 θείων
1801 3548 2131 3617 εὐαγγελίων
2202 3549 2299 3619 (5),
2349 3549 2531 3620 χρυσῷ
2577 3549 3049 3620 περιλαμπόμεναι
3097 3549 3376 3614 πάντοθεν,

170 3649 274 3702 καὶ
306 3646 468 3700 λίθων
495 3644 765 3705 παντοίοις
807 3644 989 3712 γένεσι
1052 3641 1479 3711 ποικιλλόμεναι.
1530 3641 1610 3693 Τὰ
1649 3644 1748 3710 μὲν
1785 3643 1876 3695 οὖν
1914 3644 2006 3696 τοῦ
2057 3639 2324 3712 θριάμϐου
2372 3639 2512 3712 ἦσαν
2555 3645 2612 3694 ὲν
2670 3643 2899 3701 τούτοις.
2969 3641 3278 3709 Βελισάριος

170 3743 279 3799 καὶ
315 3743 576 3804 ὑπατείας
601 3742 816 3809 ἠξίωτο.

249 3838 332 3891 Η’.
368 3837 502 3905 Ἤδη
529 3836 587 3887 ’δὲ
615 3835 708 3886 τοῦ
742 3832 848 3884 τῶν
888 3831 1204 3900 Ούανδήλων
1234 3831 1467 3901 πολέμου
1500 3831 1733 3884 καταλυ-

1908 3827 2036 3881 VIII.
2077 3827 2225 3882 Bello
2247 3826 2540 3882 Vandalico
2564 3827 2672 3897 jam
2699 3826 2968 3890 confecto,
2995 3825 3137 3881 idem
3164 3828 3388 3884 Romam

165 3932 385 3991 θέντος,
421 3928 694 3978 στέλλεται
740 3924 889 3992 παρὰ
936 3923 1029 3977 τοῦ
1083 3923 1343 3993 βασιλέως
1374 3924 1452 3986 είς
1491 3923 1726 3992 Ῥώμην.

165 4022 382 4090 ταύτην
425 4019 484 4071 τὲ
516 4017 608 4070 καὶ
644 4018 822 4070 πᾶσαν
860 4015 1006 4085 αὐτῷ
1040 4015 1139 4082 τὴν
1173 4015 1402 4068 Ἰταλίαν
1442 4029 1728 4082 παραστη-

168 4117 426 4185 σόμενος,
463 4110 568 4162 ὑπὸ
595 4103 801 4162 Γότθων
846 4106 1235 4178 κατεχομένην,
1262 4101 1334 4161 ὧν
1365 4105 1629 4168 Θευδὰτος
1662 4101 1730 4177 ἦν

166 4203 422 4276 ἡγεμών.
455 4202 625 4254 Τοῦτο
674 4199 857 4269 μαθὼν
909 4202 936 4252 ό
983 4200 1246 4264 Θευδάτος
1293 4199 1601 4269 Ἀγαπητδν
1641 4199 1731 4251 τὸν

164 4300 275 4367 τῆς
349 4293 566 4362 Ῥώμης
620 4290 792 4360 μέγαν
860 4292 1144 4361 ἀρχιερέα,
1207 4291 1372 4362 ἄνδρα
1422 4289 1730 4354 θεσπέσιον,

168 4383 388 4440 στέλλει
435 4381 513 4451 τῷ
563 4381 777 4451 βασιλεί
811 4381 1298 4451 πρεσϐευσάμενον.
1351 4382 1410 4433 '0
1455 4381 1511 4434 δὲ
1561 4397 1732 4435 καταο

167 4472 361 4529 λαϐὼν
389 4471 450 4526 τὸ
479 4471 794 4538 Βυζάντιον,
825 4473 918 4525 καὶ
945 4471 1021 4542 τῷ
1065 4470 1425 4539 ’1ουστινιανῷ
1475 4470 1730 4538 ἐντυχὼν,

157 4564 396 4636 πρῶτον
443 4566 571 4635 περὶ
605 4564 737 4618 Θεοῦ
767 4564 988 4633 καὶτῆς
1028 4565 1106 4625 είς
1139 4562 1300 4615 αὐτὸν
1347 4561 1512 4632 ὀρθῆς
1558 4561 1735 4613 διαλέ.⁹

165 4673 335 4724 γεται
386 4652 640 4720 πίστεως,
663 4654 777 4706 καὶ
830 4653 928 4723 τὴν
976 4652 1175 4712 είςτδν
1224 4651 1410 4720 θρόνον
1455 4649 1554 4718 τῆς
1585 4649 1744 4712 Νέας

177 4730 410 4818 Ῥώμης
459 4745 749 4814 ἀναγωγὴν
782 4742 1040 4810 Ἀνθίμου
1089 4741 1180 4793 ὑπ’
1219 4742 1398 4794 αἰτίαν
1448 4739 1732 4809 πεποίητο,

167 4840 256 4894 δτι
283 4857 343 4893 τε
372 4838 445 4910 μὴ
470 4822 767 4898 κανονικῶς
795 4836 871 4904 (6)
902 4836 965 4886 ὲκ
1006 4831 1490 4903 Τραπεζοῦντος,ἥ
1521 4831 1627 4884 τῶν
1656 4833 1734 4895 είς

173 4933 272 4986 τὸν
299 4930 695 5000 Πολεμονιακδν
724 4931 921 4982 Πόντον
953 4928 1216 4997 κειμένων
1266 4925 1474 4977 πόλεων
1527 4927 1734 4994 τυγχά-

175 5041 262 5078 νει
301 5023 653 5092 μητρόπολις,
683 5024 764 5083 είς
808 5021 906 5092 τὴν
948 5017 1356 5074 Κωνσταντίνου
1397 5014 1728 5084 μετήνεκτο,

178 5115 279 5170 καὶ
316 5115 397 5166 ὅτι
436 5114 526 5166 καὶ
573 5112 669 5181 τῆς
712 5115 952 5183 Σεὸήρου
1006 5108 1320 5173 κακοδοξίας
1379 5107 1730 5177 μετέσχηκεν.

191 5207 254 5259 ὐ
279 5204 333 5257 δὲ
361 5202 714 5272 αὐτοκράτωρ
752 5205 952 5273 σπουδῇ
989 5205 1085 5273 τῆς
1119 5200 1386 5272 βασιλίδος
1412 5198 1500 5250 τὸν
1536 5199 1727 5250 Ἀνθιυ

184 5315 286 5366 μον
314 5295 409 5362 τῆς
447 5295 838 5365 ἀρχιερατικῆς
867 5291 1105 5357 ἀξιώσας
1153 5289 1421 5360 καθέδρας
1457 5289 1553 5356 τῆς
1583 5289 1736 5340 Κων-

1832 3918 1899 3970 ah
1932 3917 2255 3987 imperatore
2295 3917 2552 3981 mittitur,
2586 3923 2645 3970 ut
2675 3932 2792 3970 eam
2829 3925 2883 3970 et
2921 3926 3084 3971 totam
3117 3919 3319 3972 Italiam
3361 3935 3389 3973 a
3479 3948 3484 3955 -

1830 4006 2042 4063 Gotthis
2069 4017 2383 4076 occupatam
2413 4007 2649 4077 subigat,
2667 4023 2908 4077 quorum
2937 4007 3045 4061 dux
3071 4018 3188 4062 erat
3208 4006 3390 4070 Theu-

1832 4097 2005 4152 datns.
2029 4097 2153 4164 Qui,
2172 4112 2235 4152 ea
2264 4112 2323 4151 re
2343 4097 2582 4175 cognita,
2612 4097 2910 4166 Agapetum
2929 4098 3257 4175 pontiﬁcem
3284 4097 3391 4169 6⁷

1833 4191 2162 4253 Romanum,
2204 4189 2382 4244 virum
2423 4188 2826 4254 admirandum,
2858 4189 3093 4258 legatum
3127 4190 3293 4250 mittit
3324 4190 3391 4244 ad

1833 4279 2237 4347 imperatorem,
2260 4277 2378 4348 qui,
2407 4276 2722 4346 Byzantium
2763 4275 2827 4328 ad
2867 4275 3229 4331 Iustinianum
3269 4292 3395 4355 pro-

1833 4371 2005 4426 fectus
2062 4371 2296 4438 primum
2323 4370 2391 4424 de
2428 4371 2536 4424 Deo
2566 4381 2621 4424 et
2654 4377 2800 4424 recta
2837 4370 2889 4423 in
2915 4383 3039 4423 eum
3074 4368 3178 4422 ﬁde
3208 4369 3389 4441 disse-

1834 4460 1925 4522 rit,
1962 4468 2018 4512 et
2044 4458 2285 4512 Anthimi
2321 4459 2734 4513 collocationem
2767 4457 2821 4511 in
2856 4456 3016 4512 Nova
3048 4457 3231 4510 Romae
3253 4455 3390 4522 sede

1834 4541 2084 4605 incusat:
2115 4565 2294 4620 neque
2329 4551 2474 4604 enim
2501 4566 2624 4605 eum
2653 4549 3012 4618 Trapezunte,
3039 4546 3256 4598 urbium
3289 4545 3387 4618 Po-

1833 4640 2116 4695 lemoniaci
2151 4639 2306 4694 Ponti
2340 4639 2644 4707 metmpoli,
2678 4637 2994 4705 Byzantium
3027 4635 3130 4688 rite
3157 4635 3388 4689 transla-

1835 4741 1972 4794 tum,
2001 4742 2371 4801 prastereaque
2405 4743 2658 4797 perversa
2699 4728 2957 4795 opinione
2987 4727 3174 4782 Severi
3207 4726 3388 4781 imbu-

1836 4834 1948 4880 tum
1983 4839 2120 4881 esse.
2157 4823 2352 4874 Verum
2401 4821 2728 4902 imperatori
2746 4819 2838 4889 qui
2871 4821 3186 4874 Anthimum
3216 4820 3388 4874 inter-

1835 4915 2075 4970 cessione
2090 4913 2208 4981 conj
2220 4910 2909 4979 ugisConstantinopolitan
2921 4925 3007 4964 um
3027 4910 3388 4980 patriarcham

1835 5006 2170 5075 designarat,
2217 5011 2335 5055 acta
2368 5019 2465 5057 sua
2504 5004 2815 5059 rescindere
2849 5005 3061 5068 noluit,
3105 5013 3161 5057 et
3199 5001 3387 5057 divino

1837 5101 2074 5168 Agapeto
2108 5095 2287 5148 aerius
2314 5095 2560 5160 instanti,
2593 5097 2850 5160 minatus,
2887 5113 2943 5150 se
2983 5112 3083 5150 suo
3116 5093 3382 5150 arbitratu

1836 5191 1980 5263 quod
2012 5189 2190 5250 vellet,
2225 5203 2380 5252 posse
2408 5205 2567 5255 agere
2590 5190 2748 5245 dixit.
2772 5190 2905 5244 Cum
2935 5198 3116 5244 autem
3145 5187 3386 5258 pontifex

1830 5283 1897 5338 ad
1932 5282 2104 5336 minas
2135 5280 2364 5342 risisset,
2391 5297 2555 5351 seque
2586 5283 2787 5336 caulem
2822 5282 2986 5339 etiam
3017 5297 3174 5351 aequo
3202 5280 3384 5335 animo

1359 5405 1552 5467 Varite
1583 5404 1893 5465 lectiones
1925 5405 1982 5460 et
2023 5403 2211 5459 notua.

250 5535 325 5600 (tl
367 5532 482 5594 Τὴν
510 5530 944 5600 προσκύνησιν.
964 5530 1041 5600 De
1067 5531 1171 5584 ritu
1196 5527 1720 5600 adorandi__impera-

177 5596 324 5657 tores
352 5599 720 5655 consulendus
743 5599 793 5650 in
820 5598 1007 5666 primis
1031 5600 1349 5666 Procopius,
1376 5598 1430 5653 in
1452 5596 1594 5649 Hist.
1639 5611 1732 5666 ar-

176 5687 334 5729 cana,
360 5686 410 5725 c.
426 5669 524 5731 30;
559 5665 829 5737 praeterea
843 5667 1044 5720 Arnold
1056 5683 1116 5721 us
1131 5665 1335 5723 Lu’bec.
1358 5668 1396 5721 Ι.
1420 5682 1479 5729 ιι,
1496 5665 1728 5737 capLLS.

1905 5520 1984 5592 (6)
2022 5518 2117 5592 Μὴ
2162 5517 2514 5592 καῖονικῶςτ
2538 5510 3083 5592 Marcellinuscomes
3115 5517 3378 5592 :_Agapiua

1835 5586 2358 5654 Constantinopolim,
2393 5598 2448 5640 ut
2481 5589 2728 5645 diximus.
2767 5591 2829 5642 de
2853 5589 3017 5643 Roma
3071 5587 3373 5647 adveniens,

1828 5662 2128 5715 Ant/timum
2156 5673 2274 5709 mox
2301 5657 2374 5710 de"
2388 5657 2618 5712 Ecclesia
2642 5659 2806 5723 pellit,
2867 5659 3038 5712 dicens
3065 5671 3184 5723 eun!
3215 5654 3376 5723 juxta

367 5722 523 5793 Vlietl"
555 5722 755 5802 :Blé'lm
787 5737 1104 5807 ((37:06:10)?
1149 5722 1728 5807 Εὐαγτελίών.’ῗὶἇθ

1838 5729 2226 5807 ecclesiasticam
2252 5727 2487 5807 regulum
2519 5722 2836 5793 adulterum,
2872 5728 2960 5796 qui
3001 5742 3097 5779 sua
3140 5722 3370 5783 Εεεξεεὶα

186 5801 367 5865 σοι..
394 5801 685 5866 ωειιζιιοῑ.
717 5810 768 5862 in
805 5823 855 5862 ν.
887 5805 1092 5860 Tcxtus.

1825 5799 2060 5862 dimissa,
2089 5798 2342 5850 ambierat
2361 5797 2610 5852 alienam.

3202 5964 3239 5982 νο
