4036 6330
185 429 330 497 1309

1400 435 1800 495 ANNALIUM
1841 437 1986 501 LIB.
2028 439 2185 503 XIV.

3253 434 3392 498 1310

181 526 370 610 πόλεις
410 547 656 602 καθελεῖν
705 548 801 601 καὶ
853 549 1198 618 ἀροτριάααι.
1252 552 1350 603 Διά
1378 550 1548 603 ταῦτα
1575 555 1622 603 οἱ
1655 550 1735 603 ἔτι

1852 552 1927 614 Lit,
1975 553 2276 623 classisque
2326 555 2579 624 prrefecto
2618 554 2838 610 mandat
2880 563 2938 609 ut
2981 553 3224 608 funditus
3271 552 3394 605 uni-

179 639 628 709 περιλειςρθέντες
649 642 705 692 ἐν
732 639 998 709 Χερσῶνι,
1022 642 1114 692 καὶ
1138 642 1185 692 οί
1214 640 1416 692 τούτων
1473 644 1741 710 περίοικοι

177 731 690 801 ἁποστατήσαντες,
717 731 1040 783 Φιλιππικὸν
1078 730 1169 782 τὸν
1200 730 1293 782 τοῦ
1329 731 1598 807 Βαρδανη,
1627 732 1684 782 ὃν
1713 733 1742 784 6

177 821 346 889 λόγος
378 821 634 889 ίστόρησε
673 821 825 889 παρὰ
875 820 968 872 τοῦ
1011 819 1313 888 Ἀψιμάρου
1343 821 1421 881 εἰς
1451 821 1740 888 Κεφαλλη-

178 913 305 965 νίαν
335 912 732 980 περιοισθῆναι,
787 912 911 980 ἀρτι
958 911 1332 979 ἀνακληθέντα
1367 912 1428 962 ἐκ
1450 912 1546 979 τῆς
1574 913 1742 982 ὑπερ-

179 989 360 1075 ορίαέ,
394 1005 486 1056 καὶ
511 1004 800 1056 ἐπανιόντα
835 1003 970 1071 πρὸς
1007 1002 1101 1070 τὴν
1151 1003 1740 1063 Κωνσταντινούπολιν,

179 1098 349 1149 κάκεῖ
410 1095 718 1162 γενόμενον,
757 1093 980 1160 βασιλέα
1053 1093 1470 1162 ἀναγορεύουσι,
1517 1094 1610 1144 καὶ
1648 1093 1740 1145 τοῦ

182 1185 340 1250 σφῶν
403 1185 660 1253 ἄρχοντος
702 1181 858 1234 Ἠλία
924 1182 1385 1248 συμπράττοντος.
1439 1182 1504 1230 Ἀ
1557 1179 1742 1247 μαθὼν

192 1273 597 1337 Ίουστινιανὸς,
642 1272 766 1335 τοὺς
824 1273 923 1340 μέν
972 1270 1064 1321 τοῦ
1119 1271 1273 1323 Ἦλία
1319 1271 1521 1330 ’παῖδας
1569 1273 1625 1322 ἐν
1664 1270 1742 1341 τῷ

179 1366 376 1433 κόλπῳ
437 1362 744 1431 κατέσφαξε
795 1362 897 1430 τῆς
951 1360 1189 1430 μητρός·
1240 1361 1457 1430 ἐκείνην
1488 1362 1544 1414 δέ
1575 1362 1742 1431 δούλῳ

179 1456 353 1524 αὐτῆς
420 1454 562 1524 ἸνΞῷ
625 1453 872 1522 μαγείρῳ
927 1451 1264 1514 συνέζευξεν.
1333 1448 1489 1517 Εἶτα,
1558 1453 1741 1503 στόλον

179 1545 657 1612 ἑτοιμασάμενος,
699 1541 906 1592 στέλλει
957 1538 1099 1592 κατά
1144 1539 1454 1605 Χερσῶνος,
1504 1539 1742 1592 ἐντειλά-

182 1651 347 1704 μενος
378 1633 452 1703 τῷ
484 1632 575 1685 τοῦ
617 1631 801 1684 στόλου
835 1631 1161 1700 κατάρχοντι
1199 1629 1394 1700 ἡϐηδὸν
1427 1629 1740 1696 ξύμπαντας

177 1726 421 1778 ἀνελεῖν.
460 1726 596 1792 Ἤδη
636 1725 692 1776 δέ
754 1723 1157 1783 καταλαὸόντος
1208 1722 1308 1789 τὴν
1355 1721 1615 1786 Χερσῶνα
1645 1723 1740 1774 τοῦ

179 1815 466 1876 ναυτικοῦ,
493 1815 584 1866 καὶ
621 1812 1035 1882 πολιορκοῦντος
1074 1812 1263 1880 αὐτὴν,
1311 1806 1446 1879 ἦκον
1498 1809 1739 1879 Χάζαροι

1844 658 2031 698 versos
2066 645 2262 700 deleat.
2313 647 2441 712 Quae
2493 663 2617 701 cum
2653 648 2761 713 jam
2821 647 2932 700 illic
2971 646 3287 714 appulisset,
3331 659 3396 699 ac

1843 736 2179 802 provinciam
2233 737 2536 805 obsideret,
2597 737 2824 790 Chazari
2875 736 3219 791 Chersoni'tis
3268 750 3397 803 sup-

1841 827 2014 894 petias
2055 838 2341 880 venerunt.
2374 828 2532 883 Unde‘
2567 829 2782 882 obsidio
2813 829 2992 882 soluta
3022 837 3125 887 est,
3170 835 3225 879 et
3252 826 3394 880 clas-

1839 917 1990 970 siarii
2027 934 2148 970 cum
2188 918 2254 970 ad
2303 919 2688 987 imperatorem
2734 919 2912 972 redire
2961 934 3066 971 non
3109 916 3398 977 auderent,

1840 1007 2127 1062 maledicta
2185 1008 2240 1060 in
2298 1023 2422 1060 eum
2480 1010 2754 1078 jeeerunt,
2818 1019 2873 1062 et
2935 1008 3253 1062 Bard-auem
3299 1016 3412 1074 pro’

1841 1097 2166 1166 imperatore
2193 1099 2557 1152 celebrarunt.
2586 1102 2700 1155 .lam
2726 1102 2883 1170 longo
2915 1112 3170 1167 tempore
3192 1099 3399 1165 elapso,

1840 1204 1962 1242 cum
2004 1189 2138 1242 nihil
2187 1191 2237 1244 ei
2291 1190 2359 1243 de
2408 1192 2579 1244 classe
2632 1192 3051 1260 signiﬁcaretur,
3094 1190 3401 1265 suspicatus

1839 1279 2101 1332 accidisse
2129 1280 2331 1356 aliquid
2371 1281 2516 1349 quod
2550 1283 2602 1335 in
2651 1297 2804 1335 suam
2849 1282 3096 1335 fraudem
3125 1279 3400 1344 tenderet,

1839 1368 2094 1438 Byzantio
2147 1371 2441 1437 prolectus,
2498 1388 2622 1426 cum
2683 1373 2923 1441 Sinopen
2975 1388 3146 1441 usque
3209 1385 3404 1439 perre-

1839 1459 2031 1521 uisset,
2091 1459 2241 1513 videt
2293 1461 2525 1514 classem
2583 1479 2776 1515 versus
2832 1463 3025 1516 urbem
3085 1460 3401 1530 proﬁcisci:

1841 1550 2021 1604 statim
2062 1551 2226 1620 igitur
2263 1561 2319 1606 et
2346 1552 2460 1621 ipse
2503 1568 2667 1607 naves
2711 1554 3000 1608 convertit.
3045 1554 3149 1608 Sed
3193 1553 3404 1621 Philip-

1839 1643 1995 1709 picus
2039 1658 2299 1710 prospera
2352 1645 2690 1712 navigatione
2720 1660 2849 1698 usus
2903 1660 3149 1714 magnam
3203 1645 3397 1720 urbem

1840 1744 2201 1802 praroccupat.
2231 1735 2574 1789 Justinianus
2616 1751 2746 1789 vero
2793 1737 2846 1788 in
2897 1735 3153 1804 Damatry
3202 1734 3402 1787 stativa

1844 1825 2027 1888 habet,
2072 1827 2139 1878 ad
2181 1841 2341 1893 quem
2389 1826 2532 1880 Elias
2567 1827 2784 1884 missus.
2817 1817 3084 1880 militibus
3111 1825 3402 1894 persuasit,

177 1909 300 1967 τοῖς
337 1905 704 1973 Χερσωνίταις
729 1903 1208 1970 ἐπικουρήσοντες.
1268 1900 1549 1952 Ἐντεῦθεν
1580 1903 1611 1968 ή
1640 1904 1740 1969 μὲν

1852 1925 1902 1968 ιιι
1933 1902 2149 1968 deserto
2176 1888 2269 1968 illo
2310 1931 2366 1969 se
2392 1916 2458 1968 ad
2493 1917 2858 1986 Philippicum
2902 1888 3240 1970 conferrent.
3287 1915 3406 1977 Quo

181 1997 480 2066 πολιορκία
510 1993 747 2060 ἐλέλυτο,
782 1996 832 2048 oi.
857 1995 915 2046 δὲ
963 1993 1056 2046 τοῦ
1094 1994 1279 2045 στόλου
1337 1993 1408 2062 μὴ
1442 1993 1742 2061 τολμῶντες

181 2089 327 2157 πρὸς
352 2088 443 2138 τὸν
479 2087 702 2154 βασιλέα
735 2084 1073 2148 ἐπανελθεῖν,
1126 2084 1222 2137 τοῦ
1263 2084 1360 2153 μέν
1397 2085 1743 2153 βλασφημίας

144 2177 468 2251 Ἲκατέχεον,
504 2176 594 2229 τὸν
631 2175 690 2228 δέ
722 2175 1006 2246 Βαρδάνην
1035 2174 1108 2235 ὡς
1141 2173 1364 2241 βασιλέα
1398 2175 1742 2242 εὐφήμησαν.

183 2265 402 2334 Καιροῦ
445 2266 498 2317 δέ
520 2264 924 2337 παραρῤυέντος
951 2264 1168 2332 συχνοῦ,
1203 2265 1282 2314 ὅτι
1315 2264 1481 2329 μηδὲν
1508 2263 1652 2329 αὑτῷ
1686 2266 1748 2315 ἐκ

180 2357 283 2410 τοῦ
331 2356 516 2408 στόλου
555 2336 856 2425 μεμήνυτο,
887 2357 914 2407 6
953 2354 1206 2424 βασιλεὺς
1239 2354 1583 2427 ὑποτοπήσας
1610 2372 1746 2421 συμ-

184 2446 356 2514 ϐῆναί
386 2463 439 2497 τι
472 2447 771 2515 φερόμενον
807 2446 929 2497 κατ’
981 2444 1170 2508 αὐτοῦ,
1196 2442 1481 2512 ἐξώρμησε
1508 2445 1606 2513 τῆς
1647 2447 1748 2498 Βυ-

182 2538 457 2600 ζαντίδος,
514 2536 607 2588 καὶ
646 2537 750 2599 ἕως
796 2535 1043 2604 Σινώπης
1095 2535 1263 2589 ἐλθὼν
1309 2538 1413 2607 ὁρᾷ
1443 2538 1533 2588 τὸν
1563 2537 1749 2590 στόλον

181 2628 319 2681 εὐθὺ
341 2630 435 2696 τῆς
470 2627 678 2689 πόλεως
722 2626 1135 2695 πλωϊζόμενον*
1185 2626 1383 2678 αὐτίκα
1441 2626 1619 2679 τοίνυν
1662 2627 1750 2692 γέ-

185 2735 322 2786 γονε
366 2720 462 2780 καὶ
490 2720 651 2782 αὐτὸς
688 2719 1110 2789 ὀπισθόρμητος.
1170 2717 1276 2771 Τοῦ
1318 2718 1373 2771 δέ
1421 2718 1750 2771 Φιλιππικοῦ

1841 2009 1983 2061 iacto
2038 2010 2151 2062 suis
2201 2012 2453 2066 manibus
2501 2023 2666 2080 caput
2699 2013 2775 2066 illi
2811 2022 3040 2066 resecat.
3074 2011 3244 2064 Filius
3305 2026 3404 2062 au-

1844 2106 1950 2151 tem
1998 2101 2117 2168 ejus
2163 2100 2437 2166 Tiberius,
2481 2118 2606 2156 cum
2659 2104 2780 2157 avia
2832 2114 3074 2158 materna
3124 2100 3408 2156 Anastasis

1845 2187 1988 2254 (nam
2020 2189 2304 2246 Theodora
2359 2203 2533 2247 mater
2584 2194 2693 2263 jam
2751 2194 2982 2262 obierat)
3039 2195 3092 2245 in
3148 2189 3407 2259 templum

1846 2277 2225 2334 Blachernium
2274 2281 2523 2352 confugit
2555 2300 2568 2338 :
2604 2298 2837 2352 cumque
2870 2291 3274 2335 sacrosanctum
3311 2293 3403 2331 sa-

1842 2367 2037 2419 cellum
2067 2369 2356 2437 ingressus,
2389 2385 2630 2438 mensam
2669 2370 3069 2423 sanctissimam
3123 2363 3404 2422 subiissct,

1845 2457 2114 2524 prehensa
2159 2475 2265 2512 una
2307 2461 2427 2530 eius
2468 2461 2777 2522 columella,
2826 2469 3055 2512 mortem
3097 2466 3179 2509 est
3203 2453 3403 2521 depre-

1847 2558 2020 2601 catus.
2070 2549 2172 2603 Sed
2225 2551 2318 2619 qui
2350 2551 2428 2605 ad
2461 2567 2586 2605 eum
2637 2549 2990 2620 qumrendum
3031 2547 3180 2600 missi
3226 2547 3405 2601 erant,

1847 2639 2003 2705 pueri
2033 2655 2060 2692 e
2092 2643 2332 2695 sacrario
2369 2641 2629 2695 abstracti
2666 2641 2864 2694 collum
2894 2651 3146 2707 tanquam
3183 2630 3407 2703 pecudis

1851 2729 2150 2790 crudeliter
2176 2746 2554 2795 resecuerunt.

184 2814 616 2882 εὐπλοήσαντος.
655 2816 748 2866 καὶ
771 2811 1282 2883 προκαταλαϐόντος
1342 2813 1440 2882 τὴν
1469 2814 1874 2898 Μεγαλόπολιν,
1948 2825 2150 2885 ἐκεῖνος
2193 2826 2250 2876 ἐν
2295 2825 2372 2893 τῷ
2425 2825 2710 2894 Δαματρύῖ
2741 2825 3038 2893 ἐσκήνωσε,
3086 2822 3221 2891 πρὶς
3283 2819 3339 2871 ὃν
3381 2818 3410 2868 ὁ

183 2907 481 2978 εἰρημένος
529 2904 712 2965 Ἠλίας
743 2903 954 2964 σταλεὶς
985 2903 1218 2972 ἠδυνήθη
1263 2907 1448 2956 πεῖσαι
1495 2906 1556 2958 τὸ
1595 2908 1736 2974 μετᾶ
1772 2910 1867 2962 τοῦ
1947 2915 2321 2966 ’1ουστινιανοῦ
2393 2916 2784 2984 στρατιωτικὸν
2834 2913 3141 2979 ἀποστῆναι
3212 2907 3401 2968 αὐτοῦ,

186 3001 289 3054 καὶ
355 2996 688 3068 προσρυῆναι
745 2995 1070 3063 Φιλιππικῷ.
1153 2995 1550 3064 Καταλειφθιεὶς
1639 2999 1819 3052 τοίνυν
1886 3005 2037 3073 παρά
2095 3006 2204 3057 τῶν
2267 3006 2612 3075 στρατιωτῶν
2668 3002 3058 3066 ἰουστινιανδς,
3101 2998 3404 3068 χειροῦται,

185 3093 288 3148 καὶ
317 3089 502 3160 χερσὶν
527 3088 758 3148 οἰκείαις
793 3086 953 3148 εὖθὺς
987 3089 1014 3139 ὁ
1071 3087 1258 3149 Ἠλίας
1317 3088 1506 3154 ἀσεῖλε
1574 3091 1672 3160 τὴν
1745 3094 1910 3146 αὑτοῦ
1978 3099 2243 3165 κεφαλήν.
2284 3099 2343 3152 Ὀ
2373 3099 2430 3151 δέ
2454 3097 2645 3150 τούτου
2663 3098 2790 3160 παῖς
2819 3098 2846 3148 6
2878 3095 3126 3162 Tt6épto;
3155 3093 3288 3158 μετά
3312 3088 3412 3164 τῆς

189 3187 335 3256 πρὸς
397 3181 601 3252 μητρὸς
665 3180 896 3247 μάμμης
969 3177 1326 3248 Ἀναστασίας
1373 3177 1428 3247 (ἡ
1505 3179 1611 3249 γὰρ
1681 3187 1861 3253 μήτηρ
1929 3187 2091 3240 αὐτοῦ
2143 3189 2392 3258 Θεοδώρα
2449 3189 2584 3258 ἔφθη
2641 3185 2943 3256 θανεῖν)τῷ
2983 3187 3038 3236 ἐν
3090 3181 3415 3250 Βλαχέρναις

189 3275 310 3346 ναῷ
334 3273 665 3344 προσφυγὼν
722 3272 898 3324 είσέδυ
927 3268 986 3322 τδ
1030 3270 1175 3321 θεῖον
1215 3269 1626 3339 θυσιαστήριον,
1694 3277 1787 3327 καὶ
1825 3275 1927 3328 ύπδ
1956 3278 2054 3346 τήν
2115 3281 2337 3346 παναγῆ
2364 3275 2653 3346 γενόμενος
2668 3275 2969 3346 τράπεζαν,
3003 3274 3118 3335 ἐνδς
3150 3273 3256 3324 τῶν
3289 3268 3418 3324 ταύ-

189 3386 298 3438 την
320 3367 618 3435 ἀνεχόντων
651 3363 953 3416 στυλίσκων
1003 3360 1386 3429 δεδραγμένος,
1435 3360 1645 3413 ἱκέτευε
1713 3365 1788 3433 μὴ
1822 3364 2024 3420 θανεῖν.
2071 3369 2214 3422 Ἀλλ’
2236 3371 2284 3421 οί
2319 3370 2604 3432 σταλέντες
2638 3371 2717 3430 εἰς
2785 3367 3014 3436 ζήτησιν
3048 3363 3233 3427 αὑτοῦ,
3272 3361 3416 3425 ἐξελ·-

188 3464 464 3523 κύσαντες
514 3459 606 3511 τοῦ
653 3455 1036 3526 θυσιαστηρίου
1098 3455 1191 3510 τὸν
1244 3456 1440 3523 παῖδα,
1505 3460 1751 3531 μαχαίρᾳ
1794 3461 1987 3516 τούτου
2067 3466 2158 3517 τὸν
2198 3465 2395 3537 λαιμὸν
2469 3468 2542 3529 ὠς
2583 3465 2926 3537 βοσκήματος
2966 3463 3236 3530 ἀπέτεμον
3275 3458 3418 3525 ἀπη..

189 3568 323 3611 νως.

261 3644 412 3707 KG".
446 3640 582 3707 Ἤδη
609 3639 665 3692 δέ
697 3638 795 3706 τῆς
835 3612 1332 3706 βασιλείαςκτυχὼν
1357 3641 1384 3690 6
1408 3639 1612 3692 Φιλιππ
1639 3641 1751 3705 κὸς,

1930 3645 2116 3698 XXVI.
2157 3645 2274 3697 Jam
2305 3643 2510 3712 potitus
2545 3641 2775 3710 imperio
2811 3639 3179 3706 Philippicus,
3223 3645 3413 3691 contra

191 3733 345 3788 κατά
381 3732 476 3794 τῆς
520 3730 686 3797 ἕκτης
735 3728 1118 3796 οίκουμενικῆς
1174 3727 1392 3778 συνόδου
1451 3727 1757 3791 ὠπλίσατο,

195 3824 300 3878 καὶ
325 3800 547 3873 σύνοδον
588 3815 844 3885 ἀθροίσας
887 3818 912 3867 6
955 3816 1180 3884 μάταιος
1226 3816 1512 3882 ⁴ἠκύρωσεν
1542 3817 1666 3868 ὅσον
1701 3820 1760 3870 τδ

195 3914 326 3968 κατ’
367 3911 528 3965 αὑτὸν
576 3909 642 3961 δι’
697 3907 864 3974 αὐτῆς
899 3905 996 3976 τὴν
1033 3905 1199 3973 ἁγίαν
1255 3906 1474 3974 ἐκείνην
1522 3908 1759 3964 σύνοδον.

192 4004 434 4069 Λέγεται
461 3999 568 4069 γὰρ
603 4000 725 4068 ἀρτι
757 3996 848 4049 τοῦ
877 3995 1127 4049 Λεοντίου
1151 3995 1257 4048 τῶν
1288 3998 1580 4067 σκήπτρων
1614 3999 1762 4050 ἐπει·

193 4096 504 4163 λημμένου,
541 4091 981 4162 χρησμοδοτῆσαι
1020 4080 1310 4157 τούτῳ’δὴ
1336 4089 1410 4156 τῷ
1449 4087 1761 4157 Φιλιππικῷ

194 4187 304 4254 τὴν
326 4189 405 4245 εἰς
429 4185 518 4236 τὸν
544 4183 812 4251 βασίλειον
845 4180 1034 4249 θρόνον
1067 4178 1356 4246 ἀναγωγὴν
1385 4174 1613 4247 μοναχόν
1640 4197 1760 4230 τινα

196 4276 520 4344 ἐγκλειστον
539 4274 670 4325 ὄντα
702 4276 758 4324 ἐν
789 4274 853 4340 τῇ
888 4269 982 4322 τοῦ
1027 4268 1439 4336 Καλλιστράτου
1479 4272 1639 4337 μονῇ,
1669 4270 1762 4320 καὶ

194 4347 682 4437 τῆέὶπρορίκήσεως
711 4360 928 4432 αἰτῆσαι
957 4361 1144 4430 μισθὸν
1174 4358 1270 4428 τὴν
1305 4360 1401 4424 τῆς
1423 4359 1584 4427 ἕκτης
1639 4375 1765 4410 συν.

197 4461 326 4514 ὁδον
384 4457 645 4525 ἀθέτησιν
699 4451 786 4523 (ἦν
847 4453 954 4523 γὰρ
991 4445 1107 4520 ’τῆς
1157 4441 1264 4504 τῶν
1314 4450 1702 4519 Μονοθελητῶν
1736 4453 1763 4502 6

201 4548 442 4621 μοναχδς
464 4549 665 4609 ἐκεῖνος
696 4545 1001 4617 αίρέσεως),
1026 4547 1115 4597 καὶ
1143 4546 1233 4596 τὸν
1273 4547 1624 4615 ὑποσχέσθαι.
1653 4547 1762 4614 Τὴν

203 4641 310 4710 μὲν
338 4641 429 4700 οὖν
472 4639 855 4707 οίκουμενικὴν
909 4638 1073 4705 ἕκτην
1103 4637 1334 4690 σύνοδον
1357 4636 1662 4703 ἠκύρωσεν,
1686 4635 1761 4697 ὡς

200 4733 398 4784 ἐδόκει.
432 4732 603 4793 Αὐτὸς
632 4731 708 4790 δὲ,
730 4732 940 4797 σωροὺς
967 4729 1264 4797 χρημάτων
1295 4729 1360 4778 ἐκ
1387 4727 1760 4796 παλαιοτέρων

201 4820 668 4891 θησαυρισθέντας
724 4818 1138 4886 αὐτοκρατόρων
1189 4819 1244 4869 ἐν
1292 4818 1403 4874 τοῖς
1469 4815 1762 4884 βασιλείοις

200 4909 404 4978 εὑρὼν,
430 4909 506 4970 είς
537 4907 685 4960 οὐδὲν
734 4905 851 4958 δέον
897 4904 1114 4967 τούτοις
1158 4905 1460 4975 χρώμενος,
1497 4904 1562 4956 τὰ
1593 4903 1761 4956 πλείω

1863 3743 2070 3787 sextam
2104 3735 2495 3787 (ecumenicam
2539 3730 2804 3802 synodum
2857 3744 2914 3784 se
2961 3727 3212 3788 armavit,
3267 3724 3413 3779 indi-

1862 3833 2059 3892 ctoque
2109 3825 2342 3877 concilio
2387 3823 2551 3875 homo
2599 3837 2808 3883 vanus,
2855 3831 3116 3890 quantum
3184 3818 3239 3871 in
3297 3818 3413 3886 iptio

1862 3913 1983 3977 fuit,
2017 3929 2226 3967 sacram
2255 3913 2397 3966 illam
2426 3911 2691 3981 synodum
2727 3911 3024 3979 abrogavit.
3050 3909 3186 3962 Nam
3236 3909 3415 3963 Leon-

1865 4003 1939 4057 tio
1968 4019 2158 4057 recens
2191 4013 2466 4071 sceptrum
2508 4003 2742 4068 adepto,
2787 4000 2960 4053 fertur
2999 4000 3243 4052 inclusus
3287 3999 3412 4068 qui-

1862 4095 1984 4148 dam
2017 4094 2316 4147 monachus
2349 4096 2402 4146 in
2441 4092 2732 4148 Callistrati
2771 4090 3135 4152 monasterio,
3166 4090 3258 4157 qui
3297 4090 3412 4143 Μυ-

1863 4185 2251 4238 nothclitarum
2314 4196 2514 4238 sectam
2576 4183 2870 4251 probaret,
2926 4180 3055 4233 huic
3111 4180 3413 4248 Philippica

1862 4278 2013 4346 regni
2049 4277 2388 4344 adeptionem
2443 4276 2791 4344 praedixisse,
2830 4275 3073 4344 ejusque’
3108 4273 3414 4341 praedictio-

1864 4369 1946 4420 nis
1973 4368 2274 4420 mercedem
2314 4376 2476 4421 sexta:
2505 4367 2696 4436 synodi
2725 4366 3135 4434 'abrogationem
3188 4361 3412 4430 stipula-

1865 4467 1970 4519 tus,
2003 4467 2058 4511 et
2104 4457 2194 4510 hic
2229 4458 2501 4526 pollicitus
2548 4472 2688 4511 esse.
2738 4457 2813 4510 Ac
2865 4463 3070 4509 sextam
3110 4453 3221 4521 98
3261 4465 3410 4504 mcu-

1865 4547 2124 4601 meniCam
2157 4549 2420 4615 synodum
2443 4547 2743 4612 abrogavit,
2773 4555 2829 4598 ut
2856 4544 3099 4613 putabat.
3120 4540 3253 4595 Cum
3280 4554 3410 4592 vero

1866 4655 2091 4692 acervos
2145 4644 2498 4707 pecuniarum
2563 4654 2591 4690 a
2657 4637 2936 4690 veteribus
2994 4628 3415 4700 imperatoribus

1866 4730 2170 4783 cumulatos
2236 4729 2290 4779 in
2344 4728 2487 4794 regia
2538 4727 2861 4794 reperissct,
2897 4725 3155 4794 majorem
3201 4728 3408 4789 partem

1865 4818 1918 4872 in
1977 4816 2152 4869 nullos
2218 4830 2349 4868 usus
2419 4814 2757 4868 necessarios
2814 4812 3067 4867 collatam
3134 4803 3413 4873 dissipavit

1865 4908 2060 4976 exiguo
2087 4916 2330 4974 tempore
2374 4924 2386 4958 :
2421 4921 2483 4959 ac
2512 4919 2728 4959 onmem
2771 4904 2953 4957 forsan
2980 4899 3371 4967 absumpsisset
3394 4933 3410 4956 ,

200 4999 556 5068 διεσκόρπισε
615 4997 704 5050 διὰ
767 4996 993 5066 βραχέος
1038 4997 1272 5063 καιροῦ·
1327 4997 1417 5047 καὶ
1467 4995 1606 5063 τάχα
1671 4997 1751 5048 καλ

1867 4999 1911 5052 si
1968 4997 2173 5060 diutius
2225 4996 2513 5064 imperium
2563 4993 2840 5053 tenuisset,
2898 4991 3029 5043 Nam
3081 4991 3133 5041 in
3183 4983 3413 5037 dicendo

201 5093 426 5145 ἅπαντα
453 5091 835 5158 κατηνάλωσεν
891 5088 1065 5154 ἂν,“εί
1111 5091 1202 5142 ἐπὶ
1237 5089 1395 5141 πλέον
1424 5092 1490 5159 τῇ
1517 5089 1760 5159 βασιλείᾳ

202 5179 594 5249 προσέμεινεν.
633 5181 723 5234 Ἐν
750 5181 849 5250 μὲν
878 5181 986 5250 γὰρ
1009 5178 1085 5248 τῷ
1108 5181 1287 5243 λέγειν
1327 5179 1503 5230 ἐδόκει
1538 5182 1760 5252 ῥητορι-

152 5324 157 5328 ,
204 5271 472 5333 κώτατος,
510 5270 583 5339 μὴ
612 5271 859 5341 ἀμοιρῶν
888 5289 948 5324 τε
981 5270 1242 5330 συνέσεως
1264 5284 1278 5298 '
1311 5270 1367 5321 ἐν
1391 5269 1448 5321 δὲ
1481 5269 1556 5339 τῷ
1592 5265 1763 5340 πρᾶτ-

201 5377 326 5412 τειν
370 5355 438 5429 ἦν
505 5361 832 5428 ξυμπάντων
888 5361 1332 5422 ἀσυνετὼτατος,
1389 5361 1482 5412 καὶ
1533 5362 1764 5429 πάμπαν

205 5449 437 5517 ἀδέξιος.
486 5450 677 5523 Κῦρον
699 5451 755 5504 δὲ
800 5453 892 5508 τὸν
925 5452 1269 5522 πατριάρχην
1315 5450 1596 5520 ἐξωθήσας
1653 5451 1765 5522 (40)

1857 5087 2077 5157 quidem
2130 5087 2528 5139 disertissimus
2576 5082 2914 5141 habebatur,
2971 5091 3073 5129 nec
3112 5072 3414 5140 prudentia:

1857 5194 2050 5246 expers
2101 5194 2114 5229 :
2164 5176 2235 5229 ad
2289 5191 2375 5229 res
2432 5184 2611 5226 autem
2673 5168 2938 5239 gerendas
3006 5175 3124 5218 erat
3167 5161 3408 5213 omnium

1859 5269 2254 5339 ineptissimus,
2307 5277 2363 5321 et
2419 5265 2634 5334 ingenio
2693 5263 2851 5329 plane
2909 5256 3150 5309 sinistro.
3208 5252 3410 5320 Cyrum

1860 5361 2222 5431 patriarcham
2257 5357 2493 5411 Ecclesia
2515 5395 2527 5418 .
2561 5367 2720 5422 quam
2750 5365 2846 5417 per
2885 5363 2976 5399 sex
3011 5358 3184 5397 annos
3221 5353 3411 5394 tenue-

1866 5462 1968 5518 rat,
2015 5452 2214 5522 cxcgit,
2265 5460 2320 5504 et
2349 5449 2607 5504 Joannem
2659 5453 2998 5496 assensercm
3047 5449 3203 5490 suum
3252 5433 3307 5485 in
3343 5443 3408 5484 ea

1375 5582 1574 5644 Variae
1619 5584 1920 5645 lectiones
1963 5590 2023 5642 et
2066 5588 2251 5641 nota).

279 5703 391 5780 (49)
420 5709 782 5777 Ἐξωθήσας.
811 5710 1051 5765 Libellus
1079 5710 1370 5780 synodicus
1395 5710 1559 5777 Pappi
1605 5727 1615 5759 :
1648 5709 1755 5780 Καὶ

209 5776 306 5832 τὸν
336 5776 759 5847 ἀρχιεπίσκοπον
796 5780 977 5851 Κῦρον
1019 5776 1269 5850 ἐξέωσεν,
1301 5782 1359 5832 ἐν
1385 5781 1449 5848 τῇ
1475 5776 1635 5849 μονῇ
1662 5779 1758 5847 τῆς

1865 5703 2061 5769 Χώρβαῖ
2099 5702 2330 5765 ποιήσας
2369 5698 2528 5750 αὐτὸν
2571 5695 2904 5764 ἕγκλεισιον,
2942 5685 3034 5738 καὶ
3074 5683 3187 5736 ἀντ’
3240 5681 3406 5736 αὺτδῡ

1867 5773 2120 5842 Ἰωάννην
2151 5772 2356 5839 ἐχειροτ
2371 5771 2569 5838 ἑνηεςιεν.⁴
