4094 6340
655 407 791 476 1315

1927 404 2240 467 JOANNIS
2274 402 2592 463 ZONAILE

3700 396 3867 461 1316

643 527 804 589 riam,
827 536 988 595 atque
1025 527 1148 582 inde
1184 544 1289 582 una
1335 544 1457 598 cum
1495 529 1814 598 parentibus
1851 528 1917 581 ab
1957 528 2181 596 impera-

2301 517 2392 572 θεν
2430 520 2488 571 δὲ
2531 515 2890 587 μετοικισθεὶς
2921 514 3059 586 μετά
3110 513 3218 567 τῶν
3241 515 3512 567 τεκόντων
3549 514 3711 582 παρὰ
3765 513 3862 566 τοῦ

584 626 586 628 ’
643 628 763 671 tore
794 615 1134 684 Justiniano,
1166 631 1454 691 antequam
1508 622 1737 689 imperio
1785 623 1993 690 ejectus
2040 621 2196 689 100

643 716 811 771 esset,
847 708 1161 773 translatus,
1192 712 1526 765 Mesembria:
1571 711 1814 766 Thraciae
1849 713 1982 765 urbe
2029 713 2195 764 vitam

640 796 768 865 egit.
817 797 978 850 Pulso
1032 809 1212 852 autem
1266 801 1596 867 Justiniano,
1652 811 1708 855 et
1757 818 1785 855 a
1837 801 2086 869 Bulgaris
2140 801 2193 854 in

560 897 563 899 ·
641 900 865 954 regnum
905 888 1237 953 reducendo,
1272 908 1591 960 progressus
1620 893 1859 956 obviam,
1885 893 1936 946 ei
1970 907 2195 946 munera

639 977 842 1032 obtulit
896 995 908 1031 :
969 995 1140 1048 eaque
1207 983 1272 1036 de
1325 998 1484 1037 causa
1553 985 1813 1052 spatharii
1877 985 2194 1053 dignitatem

638 1069 820 1120 statim
854 1079 935 1122 est
962 1084 1288 1132 consecutus
1312 1115 1325 1137 ,
1354 1085 1436 1138 et,
1485 1085 1809 1142 recuperato
1855 1076 1921 1128 ab
1959 1075 2046 1129 illo
2099 1075 2196 1127 im-

637 1156 816 1224 perio,
847 1148 962 1227 ejus
999 1159 1368 1213 familiaritate
1397 1177 1548 1214 usus.
1583 1161 1788 1215 Deinde
1839 1161 1905 1214 ad
1955 1161 2193 1226 Alanus,

636 1247 752 1300 sive
782 1248 1018 1301 Albanos
1068 1249 1180 1317 (sic
1203 1250 1347 1303 enim
1375 1261 1640 1303 vocantur
1663 1267 1693 1304 a
1718 1251 2029 1321 veteribus)
2062 1251 2194 1304 rnis~

597 1351 732 1396 ,sus
768 1347 872 1402 est,
899 1351 958 1391 ut
1004 1355 1098 1393 eos
1148 1350 1338 1394 contra
1395 1341 1656 1411 Abasgos,
1705 1343 1797 1411 qui
1853 1359 1885 1397 a
1937 1344 2196 1397 Romanis

637 1428 972 1491 defecerant,
1003 1432 1322 1484 concitaret.
1352 1431 1622 1486 Parebant
1651 1443 1834 1487 autem
1859 1473 1873 1496 ,
1918 1446 1977 1488 ut
2013 1433 2192 1490 Caesa-

636 1519 833 1571 riensis
858 1521 1152 1588 Procopius
1180 1521 1365 1584 refert,
1401 1523 1617 1578 duobus
1660 1526 1773 1578 suis
1802 1527 2152 1593 popularibus
2174 1566 2190 1591 ,

636 1622 869 1672 quorum
929 1609 1065 1662 alter
1133 1621 1340 1678 partem
1387 1615 1743 1680 orientalem,
1799 1617 2192 1671 occidentalem

635 1696 772 1749 alter
804 1698 1162 1766 gubernabat.
1186 1700 1422 1770 Uterque
1455 1712 1617 1772 porro
1649 1714 1861 1774 gentem
1879 1722 1944 1760 ex
1965 1703 2190 1762 avaritia

2300 609 2564 678 βασιλέως
2623 606 3018 668 Ἰουστινιανοῦ,
3053 595 3228 675 μήπω
3267 605 3363 673 τῆς
3391 604 3566 673 ἀρχῆς
3595 604 3864 666 ἐξωσθέν-

2298 718 2412 762 τος,
2462 701 2519 751 ἐν
2553 697 2883 768 Μεσημϐρίᾳ
2938 698 3003 766 τῇ
3031 696 3277 765 Θρακικῇ
3309 695 3572 776 πεποίητο
3607 694 3706 756 τὰς
3747 693 3866 746 ὅτι-

2291 791 2511 861 τριὸἀς.
2570 789 3000 856 Καθαιρεθέντος
3047 787 3103 838 δὲ
3149 784 3244 838 τοῦ
3315 783 3698 837 Ἰουστινιανοῦ
3748 786 3858 851 τῆς

2255 895 2260 898 ‘
2299 879 2502 950 ἀρχῆς,
2530 873 2648 930 εἶτα
2677 876 3115 947 ἐπανερχομένου
3158 874 3295 943 μετά
3331 873 3653 942 Βουλγάρων
3687 873 3768 934 εἰς
3799 873 3861 924 τὸ

2293 972 2390 1037 τὴν
2420 969 2693 1036 βασιλείαν
2719 965 2873 1030 αὖθις
2911 966 3220 1030 ἀναλαόεῖν,
3264 966 3293 1018 6
3326 964 3475 1018 Λέων
3534 965 3862 1033 ἀπαντήσας

2294 1061 2443 1124 αύτῷ
2474 1060 2622 1128 δῶρα
2655 1058 3049 1127 προσήνεγκεν.
3084 1057 3191 1110 Kal
3229 1057 3257 1109 6
3286 1055 3660 1116 ἰουστινιανδς
3716 1069 3862 1106 σπα-

2296 1152 2482 1219 θάριον
2537 1151 2696 1202 αὑτὸν
2764 1148 2963 1201 αὐτίκα
3004 1146 3250 1216 ἐτίμησε.
3301 1147 3394 1198 καὶ
3431 1144 3760 1215 βασιλεύσας
3801 1141 3863 1194 τὸ

2293 1242 2568 1310 δεύτερον,
2637 1241 2801 1295 αὐτὸν
2848 1239 3190 1310 ᾠκειώσατο.
3244 1233 3377 1290 Εἶτα
3441 1235 3672 1288 ἔσταλτο
3723 1233 3858 1303 παρ’

2293 1333 2458 1385 αὑτοῦ
2503 1333 2639 1403 πρὸς
2681 1333 2805 1393 τοὺς
2848 1330 3103 1393 Ἀλανοὺς
3130 1329 3244 1399 (l5)
3347 1327 3638 1389 ’Ἀλϐανοὺς
3691 1326 3860 1397 (οὕτω

2293 1426 2402 1492 γὰρ
2431 1427 2544 1486 τοῖς
2587 1423 2833 1485 παλαιοῖς
2881 1421 3286 1491 ὀνομάζονται).
3318 1419 3538 1472 ἔσταλτο
3569 1419 3627 1470 δὲ
3667 1434 3862 1486 συγκι-

2296 1517 2478 1585 νὴσων
2505 1515 2703 1577 αὐτοὺς
2730 1513 2872 1566 κατὰ
2893 1513 3002 1565 τῶν
3045 1511 3349 1579 Ἀϐασγῶν,
3375 1511 3728 1564 ἀποστάντων
3758 1510 3860 1577 τῆς

2305 1605 2590 1674 Ῥωμαίων
2626 1602 2820 1673 ἀρχῆς.
2854 1603 2918 1656 υῑ
2971 1603 3079 1673 γὰρ
3117 1601 3395 1667 Ἀσασγώ,
3463 1600 3537 1662 ὡς
3572 1601 3601 1652 ὁ
3642 1601 3858 1653 Καισα-

2295 1697 2422 1768 ρεὺς
2471 1697 2773 1765 Προκόπιος
2802 1696 3023 1766 ἱστορεῖ,
3065 1694 3210 1746 δυοῖν
3234 1687 3681 1762 ὀμοφύλοινῆσαν
3714 1690 3858 1758 ὑπή.

641 1785 784 1838 rnale
825 1788 1107 1841 tractabat.
1143 1790 1275 1842 Nam
1308 1807 1658 1863 quoscunque
1692 1813 1891 1865 pueros
1925 1798 2181 1852 formosos

2292 1806 2428 1852 κοοι,
2463 1788 2539 1858 τῷ
2581 1789 2680 1857 μὲν
2718 1789 3010 1857 κρατοῦντι
3053 1786 3155 1856 τῆς
3186 1786 3322 1856 πρὸς
3371 1786 3655 1854 ἀνίσχοντα
3698 1783 3856 1854 ἥλιον

637 1883 693 1927 et
712 1877 1032 1944 corporibus
1047 1879 1384 1948 elegantibus
1405 1883 1770 1950 inveniebant,
1789 1901 1894 1940 eos
1910 1888 1955 1940 vi
1985 1903 2183 1957 paren-

640 1967 786 2021 tibus
815 1979 1032 2038 ereptos
1082 1981 1474 2043 eastratosque,
1523 1976 1780 2032 Romanis
1808 1981 2184 2034 eunueltorum

637 2073 821 2115 amore
871 2076 1085 2130 semper
1141 2063 1407 2130 attonitis,
1464 2081 1654 2138 magna
1705 2069 1932 2136 pecunia
1979 2070 2183 2124 vende-

634 2148 804 2212 bant,
855 2165 1155 2220 eorumque
1212 2163 1394 2222 patres
1444 2157 1800 2216 occidebant.
1850 2173 1918 2212 ne
1968 2161 2186 2228 quando

632 2229 860 2308 promer
883 2239 1024 2297 ﬁlios
1053 2243 1200 2307 irati,
1226 2245 1551 2300 seditionem
1583 2257 1886 2302 moverent.
1923 2250 2053 2303 Erat
2083 2251 2201 2320 igi-.

632 2336 724 2382 tur
775 2328 917 2398 apud
977 2331 1220 2402 Abasgos
1283 2333 1512 2389 ﬁliolum
1574 2337 1861 2406 pulchrum
1930 2341 2182 2410 genuisse

632 2418 926 2472 maximum
967 2419 1388 2489 ,inl'ortunium,
1447 2439 1569 2479 eam
1619 2426 1941 2495 elegantiam
2005 2439 2182 2485 morte

630 2502 865 2563 luentes.
897 2511 976 2565 Ac
1001 2511 1199 2582 Abasgi
1232 2513 1313 2568 sic
1361 2529 1392 2569 a
1450 2515 1564 2570 suis
1603 2503 2012 2588 magistratibus
2055 2529 2180 2575 tra-

630 2597 936 2652 ctabantur.
977 2599 1316 2656 Justinianus
1359 2601 1543 2658 autem
1589 2606 1837 2674 primus,
1883 2609 2050 2664 misso
2113 2610 2180 2663 ad

628 2700 724 2741 eos
751 2688 1101 2756 imperatorio
1138 2693 1391 2766 eunucho
1419 2694 1678 2763 quodam,
1714 2711 1904 2750 eorum
1930 2699 2181 2766 papulari

632 2777 822 2845 (multi
875 2779 1020 2833 enim
1065 2759 1215 2835 tales'
1235 2781 1288 2835 in
1324 2759 1566 2839 Romana
1599 2759 1748 2840 curia
1776 2788 2176 2860 versabantur)

630 2868 1041 2938 magistratibus
1065 2886 1259 2930 eorum
1292 2873 1594 2936 interdixit,
1629 2891 1698 2930 ne
1722 2891 1884 2945 quem
1910 2878 1962 2932 in
1993 2888 2178 2947 poste-

628 2974 750 3013 rum
795 2960 1024 3016 invitum
1073 2973 1375 3018 castrarent
1407 2983 1421 3020 :
1457 2975 1714 3035 capturos
1750 2969 1898 3024 enim
1935 2969 2179 3026 laborem

627 3049 865 3114 inanem,
923 3052 1142 3107 nemine
1208 3051 1579 3128 Romanorum
1643 3053 1908 3112 castratos
1984 3073 2175 3113 eorum

2292 1881 2490 1950 μοίρας
2516 1879 2715 1944 αὐτῶν,
2739 1878 2816 1948 τῷ
2842 1878 2897 1931 δὲ
2921 1879 3019 1948 τῆς
3037 1877 3421 1949 τετραμμένης
3443 1876 3578 1946 πρὸς
3597 1875 3851 1932 δύνοντα.

2292 1973 2401 2023 Kal
2475 1971 2642 2039 ἄμφω
2700 1969 2758 2021 δὲ
2823 1969 2998 2022 τούτω
3066 1969 3143 2022 τὼ
3175 1970 3402 2040 ἄρχοντε
3432 1967 3533 2020 ὑπὸ
3585 1967 3852 2035 φιλοχρη-

2291 2060 2486 2128 ματίας
2512 2061 2696 2123 κακῶς
2724 2059 2962 2129 ἐχρῶντο
2983 2059 3061 2129 τῷ
3078 2059 3239 2113 ἔθνειο
3259 2061 3415 2120 ὅσους
3431 2059 3536 2128 γὰρ
3558 2057 3628 2110 ἂν
3655 2057 3853 2118 παῖδας

2286 2151 2535 2221 εὕρισκον
2555 2151 2812 2222 ὡραίους,
2836 2150 2932 2204 καὶ
2953 2150 3014 2202 τὸ
3031 2146 3168 2213 εἶδος
3192 2149 3412 2214 καλοὺς,
3445 2149 3536 2201 καὶ
3559 2148 3659 2218 τὴν
3679 2148 3847 2215 ἀλλην

2285 2241 2378 2293 τοῦ
2413 2240 2660 2309 σώματος
2695 2242 2860 2308 φύσιν
2888 2239 3116 2307 δεξιούς,
3149 2238 3241 2308 βίᾳ
3273 2240 3382 2292 τῶν
3422 2239 3626 2306 τοκέων
3678 2238 3849 2305 dail-

2287 2347 2495 2394 κοντες,
2533 2331 2628 2382 καὶ
2677 2329 2786 2382 τῶν
2824 2328 3158 2396 παιδογόνων
3186 2328 3390 2398 μορίων
3431 2327 3634 2397 σιδήρῳ
3662 2329 3847 2396 στερί-

2290 2438 2528 2490 σκοντες,
2556 2420 2803 2482 ἐκείνους
2833 2419 2931 2490 μὲν
2975 2419 3187 2472 πολλῶν
3213 2419 3510 2491 χρημάτων
3549 2419 3849 2488 Ῥωμαίοις

2286 2515 2644 2579 ἐπίπρασκον,
2675 2514 2804 2581 περὶ
2832 2513 2958 2576 τοῦς
3001 2511 3258 2580 ἐκτομίας
3327 2511 3687 2579 ἐπτοημένοις
3734 2505 3843 2563 ἀεί’

2280 2601 2406 2662 τοὺς
2427 2600 2480 2652 δὲ
2509 2599 2716 2650 τούτων
2749 2599 2992 2666 πατέρας
3022 2599 3186 2659 εὐθὺς
3214 2597 3473 2660 ἔκτεινον,
3496 2598 3583 2650 ἶνα
3617 2598 3843 2667 μήποτε

2286 2691 2586 2759 μηνιῶντες
2644 2689 2732 2740 διὰ
2795 2689 2922 2750 τοὺς
2987 2687 3205 2753 παῖδας,
3265 2687 3664 2757 βουλεύσωνται
3723 2690 3844 2742 κατ’

2284 2779 2463 2832 αὐτῶν
2510 2779 2897 2847 ἐπανάστασιν.
2944 2779 3057 2831 Kal
3083 2773 3150 2849 ἦν
3181 2777 3334 2847 παρὰ
3391 2779 3502 2840 τοϊς
3560 2777 3843 2846 ’Λδασγοῖς

2280 2870 2341 2922 τὸ
2395 2871 2563 2922 παῖδα
2617 2872 2798 2922 τεκεῖν
2845 2868 3049 2936 ἀγαθὸν
3080 2870 3178 2938 τὴν
3227 2868 3356 2939 ὄψιν
3397 2859 3720 2940 δυστύχημα
3750 2872 3843 2938 μέ-

2278 2977 2486 3028 γιστον,
2520 2963 2616 3028 τῆς
2668 2959 2775 3010 τῶν
2808 2959 3018 3024 παίδων
3056 2959 3387 3029 εὐπρεπείας
3423 2960 3842 3028 ἀλλασσομένοις

2281 3051 2372 3101 τὸν
2394 3049 2641 3102 θάνατον.
2680 3047 2789 3100 Kal
2819 3048 2962 3106 οῦτω
2997 3050 3096 3118 μὲν
3128 3054 3241 3113 τοῖς
3274 3051 3568 3118 Ἀσασγοῖς
3600 3052 3652 3104 οἱ
3684 3053 3836 3119 σφῶν

626 3149 900 3225 empturo.
926 3143 1039 3197 Hoc
1064 3143 1257 3215 Abasgi
1289 3145 1639 3215 cupidissime
1661 3159 2025 3217 acceperunt,
2059 3139 2181 3205 edi-4

2284 3140 2687 3211 προσεφέροντο
2719 3139 3002 3209 ἄρχοντες.
3051 3140 3419 3205 Ἰουστινιανὺς
3461 3142 3540 3205 δὲ,
3574 3144 3601 3195 6
3629 3144 3842 3212 πρῶτος

626 3241 819 3304 ctoque
881 3233 1229 3304 imperatoris
1281 3237 1651 3293 Romanorum
1710 3238 1869 3305 freti,
1921 3241 2178 3312 deinceps

625 3325 1036 3395 magistratibus
1067 3325 1181 3380 suis
1219 3327 1274 3381 in
1305 3342 1369 3381 ea
1398 3344 1458 3383 re
1498 3344 1606 3384 non
1632 3339 1952 3398 cesserunt,
1981 3335 2073 3403 qui
2123 3347 2180 3389 et

625 3413 729 3482 ipsi
764 3414 874 3484 jam
929 3415 1209 3484 segniores
1253 3417 1319 3470 ad
1369 3417 1424 3470 id
1484 3418 1695 3473 facinus
1742 3431 1900 3477 erant
1958 3425 2176 3489 redditi.

627 3502 754 3558 Post
781 3504 976 3570 etiam,
1011 3505 1230 3574 utrique
1269 3506 1587 3576 magistratu
1619 3509 1878 3580 abrogato
1904 3551 1918 3576 ,
1948 3514 2064 3569 suis
2095 3519 2175 3569 vi-

611 3605 754 3646 ‘vere
787 3593 997 3662 legibus
1023 3596 1336 3660 voluerunt,
1381 3610 1506 3651 cum
1531 3597 1599 3652 ad
1651 3599 1706 3653 id
1742 3598 1914 3670 usque
1964 3612 2178 3673 tempus

623 3681 950 3736 Christiana:
1008 3682 1288 3752 religionis
1329 3687 1495 3742 rudes
1542 3700 1749 3756 essent,
1811 3701 1868 3746 et
1917 3693 2071 3749 lucos
2115 3711 2177 3750 ac

538 3772 552 3786 ‘
631 3770 797 3824 silvas
830 3783 1244 3834 venerarentur,
1274 3782 1329 3827 et
1358 3776 1582 3832 arbores
1601 3779 1885 3837 barbarica
1911 3783 2176 3854 simplici-

637 3870 748 3914 tate
779 3876 876 3929 pro
907 3860 1011 3916 diis
1039 3862 1322 3918 haberent.
1356 3865 1461 3920 Sed
1493 3867 1803 3925 Iustiniano
1833 3875 2015 3928 studio
2050 3876 2173 3940 fuit,

625 3963 722 4001 eos
749 3953 815 4002 ad
846 3949 1103 4018 pietatem
1138 3952 1444 4020 traducere,
1488 3957 1774 4029 missisque
1818 3964 1990 4017 sacris
2024 3966 2174 4031 viris,

629 4039 724 4092 Dei
784 4039 1091 4108 cdgnitione
1151 4044 1411 4101 barbaros
1470 4047 1664 4103 imbuit
1728 4069 1742 4105 :
1794 4065 2176 4125 exstructaque

627 4129 886 4199 pmclara
933 4132 1046 4184 aede
1083 4130 1344 4201 Deiparze,
1378 4147 1433 4190 et
1462 4139 1841 4196 sacerdotibus
1875 4145 1929 4197 in
1978 4162 2041 4201 ea
2067 4150 2177 4201 col-

626 4221 816 4275 locatis
837 4260 852 4284 ,
885 4236 979 4275 eos
1007 4237 1036 4274 a
1060 4223 1166 4275 vita
1201 4225 1355 4292 plane
1386 4227 1666 4284 barbarica
1698 4233 1764 4286 ad
1794 4249 1974 4290 mores
2015 4237 2176 4292 Chri-

626 4309 926 4365 stianorum
1000 4311 1258 4366 traduxit.
1335 4315 1412 4368 Ex
1475 4331 1539 4370 eo
1603 4323 1802 4376 nemini
1861 4329 2177 4394 parentibus

624 4399 872 4469 Abasgis,
894 4400 1248 4469 imperatores
1270 4403 1496 4457 Romani
1521 4410 1866 4476 magistratus
1890 4418 2170 4480 miserunt,

626 4502 657 4541 a
696 4489 896 4557 quibus
944 4504 1032 4543 res
1074 4490 1617 4547 administrabantur.
1673 4497 1774 4562 Qui
1824 4516 1945 4555 cum
1992 4504 2174 4574 injurii

2281 3231 2492 3291 στείλας
2513 3232 2644 3300 παρ’
2667 3232 2848 3292 αὐτοῖς
2868 3230 2962 3283 ἕνα
2982 3230 3090 3282 τῶν
3115 3233 3171 3284 ὲν
3201 3233 3315 3293 τοῖς
3336 3231 3627 3300 βασιλείοις
3649 3234 3840 3286 εὐνού-

2277 3339 2408 3391 χων,
2437 3322 2621 3388 σφίσιν
2638 3320 2873 3394 ὁμογενῆ
2903 3321 3110 3390 (πολλοὶ
3134 3323 3244 3391 γὰρ
3273 3321 3490 3391 περὶτὰ
3544 3323 3839 3394 Ῥωμαίων

2277 3413 2468 3478 ἀρχεῖα
2488 3409 2717 3462 τοιοῦτοι
2747 3410 3083 3480 ἐτρέφοντο),
3126 3412 3326 3464 ἀπεῖπε
3345 3416 3455 3475 τοῖς
3474 3414 3708 3484 ἡγεμόσι
3731 3417 3842 3467 τῶν

2293 3501 2570 3567 ’Λὸασγῶν
2598 3502 2794 3572 μηκέτι
2823 3500 3028 3570 μηδένα
3080 3502 3177 3571 τὴν
3196 3504 3546 3573 ἀῤῥενωπίαν
3572 3509 3844 3576 ’ἐκτέμνε-

2279 3593 2401 3646 σθαι
2417 3592 2752 3663 βιαζόμενον
2775 3609 2792 3625 ο
2821 3593 3165 3664 τελευτήσειν
3193 3596 3299 3662 γάρ
3322 3593 3424 3664 τὴν
3441 3598 3641 3662 πρᾶξιν
3653 3599 3839 3661 αὑτοῖς

2276 3686 2354 3746 είς
2375 3685 2547 3746 κενὸν,
2570 3682 2790 3752 μηδενὸς
2815 3682 3101 3752 Ῥωμαίων
3121 3685 3384 3755 πρίασθαι
3439 3684 3842 3756 βουλησομένου

2276 3776 2398 3836 τοὺς
2448 3773 2708 3843 ἐκτομίας
2749 3774 2951 3826 αὐτῶν.
2980 3774 3151 3826 Τοῦτο
3181 3777 3294 3839 τοῖς
3335 3776 3620 3844 Ἀδασγοτς
3659 3781 3840 3847 ἀσμε.

2277 3866 2506 3918 νέστατα
2540 3864 2945 3933 προσεδέδεκτο,
2972 3867 3063 3918 καὶ
3090 3868 3159 3936 τῇ
3185 3868 3421 3939 ὲπιταγῇ
3447 3868 3541 3921 τοῦ
3566 3867 3836 3938 βασιλέως

2290 3955 2576 4024 Ῥωμαίων
2623 3954 3018 4024 θαρρήσαντες,
3051 3954 3144 4007 τοῦ
3197 3956 3387 4009 λοιποῦ
3435 3958 3572 4028 πρὸς
3601 3959 3839 4030 τοῦργον

2277 4047 2432 4099 τοῦτο
2467 4049 2576 4109 τοῖς
2605 4047 2859 4115 ἄρχουσιν
2889 4045 3065 4098 αὐτῶν
3091 4045 3187 4116 οὐχ
3224 4047 3556 4112 ύπέκυπτον,
3588 4051 3838 4106 κάκεῖνα

2274 4139 2329 4191 δὲ
2383 4138 2518 4208 πρὸς
2587 4139 2690 4208 τὴν
2724 4138 2922 4208 πρᾶξιν
2966 4133 3109 4207 ἦσαν
3164 4137 3505 4207 νωθέστεροι.
3546 4127 3691 4193 Ἐἶτα
3734 4143 3837 4194 καὶ

2275 4229 2440 4298 ἄμφω
2496 4227 2622 4289 τοὺς
2675 4226 2853 4279 αὐτῶν
2906 4226 3180 4298 ἀρχηγοὺς
3228 4226 3563 4295 καθελόντες,
3635 4231 3833 4298 ἤθελεν

2278 4318 2546 4387 βιοτεύειν
2601 4317 2911 4384 αὐτόνομοι.
2961 4317 3140 4386 Μέχρι
3204 4317 3388 4388 μέντοι
3427 4317 3549 4372 τότε
3591 4321 3683 4372 καὶ
3727 4321 3833 4390 τῆς

2277 4397 2380 4459 τῶν
2431 4405 2770 4476 Χριστιανῶν
2799 4396 3093 4474 θρησκείας
3122 4403 3543 4479 ἦσαν’ἀμύητοι,
3592 4406 3728 4480 ἄλση
3770 4413 3832 4464 δὲ

2278 4502 2370 4552 καὶ
2404 4500 2530 4561 ὕλας
2565 4498 2813 4551 ἐσέϐοντο
2841 4497 3020 4550 καὶτὰ
3038 4497 3229 4566 δένδρα
3257 4499 3462 4562 τούτοις
3491 4501 3550 4564 ἐξ
3568 4501 3832 4568 ἀφελείας

625 4587 826 4642 essent,
860 4593 923 4632 ac
953 4580 1212 4647 populum
1245 4583 1522 4638 crudelius
1555 4593 1869 4657 tractarent,
1901 4594 2058 4647 veriti
2109 4613 2175 4652 ne

2282 4590 2607 4660 Ξαρϐαρικῆς
2640 4590 2720 4651 είς
2771 4589 2926 4651 θεοὺς
2973 4589 3304 4658 ἐνομίζοντο.
3373 4591 3740 4656 Ἰουστινισνὸς
3768 4596 3835 4647 δὲ

627 4682 852 4736 prorsus
887 4668 1036 4736 101
1072 4670 1126 4722 in
1155 4672 1468 4727 servitutem
1498 4690 1527 4728 a
1560 4676 1816 4734 Romanis
1867 4684 2175 4754 redigeren-

529 4798 532 4799 ν
630 4767 740 4817 tur,
769 4753 1120 4820 defecerunt,
1157 4772 1334 4825 neque
1378 4763 1610 4829 amplius
1655 4753 2025 4838 magistratum
2072 4779 2176 4831 Ro-

629 4859 914 4897 manorum
938 4845 1294 4900 admiserunt.
1327 4848 1399 4900 Ea
1435 4851 1500 4903 de
1537 4867 1698 4909 causa
1729 4858 2096 4929 Justinianus,
2135 4869 2176 4921 is

629 4933 724 5001 qui
751 4930 879 4988 n'aso
908 4937 1186 4994 mutilatus
1214 4936 1333 4999 fuit,
1363 4954 1456 4994 eos
1482 4943 1692 4999 ulturus
1711 4989 1724 5011 ,
1777 4950 2011 5006 Leonem
2046 4973 2167 5023 Spa-

630 5021 864 5094 tltarium
903 5024 970 5076 ad
1009 5025 1209 5079 Alanos
1247 5026 1413 5080 mittit
1453 5044 1574 5082 cum
1627 5035 1857 5090 maxima
1905 5021 2173 5108 pecunia,

631 5121 691 5163 ut
722 5127 816 5165 eos
845 5122 1029 5166 contra
1072 5115 1331 5167 ﬁnitimos
1371 5119 1606 5188 Abasgos
1650 5140 1902 5182 armaret.
1941 5131 2015 5184 Eo
2052 5150 2172 5201 pro-

630 5201 805 5256 fectus
839 5200 967 5266 Leo,
1002 5212 1058 5256 et
1083 5204 1283 5257 multos
1323 5203 1393 5256 ibi
1421 5220 1588 5263 annos
1626 5229 2020 5284 commoratus,
2054 5200 2170 5274 sero

2273 4681 2582 4751 μεταθεῖναι
2619 4679 2760 4748 σφᾶς
2800 4682 2934 4748 πρὸς
2966 4679 3254 4733 εὐσέϐειαν
3288 4681 3612 4750 σπούδασμα
3646 4683 3830 4748 tom,

2269 4775 2362 4825 καὶ
2393 4773 2608 4833 στείλας
2673 4773 2803 4840 παρ’
2839 4771 3022 4831 αὐτοῖς
3051 4770 3227 4839 ἱεροὺς
3274 4771 3497 4844 ἄνδρας,
3546 4773 3615 4826 δι’
3644 4775 3832 4826 αὐτῶν

2274 4866 2350 4924 εἰς
2410 4862 2706 4928 ἐπίγνωσιν
2765 4861 2964 4923 αὐτοὺς
3019 4863 3321 4930 μετήνεγκε
3372 4862 3467 4915 τοῦ
3497 4863 3653 4916 Θεοῦ.
3695 4861 3834 4918 Εἶτα

2275 4957 2364 5005 καὶ
2401 4953 2541 5005 θεῖον
2575 4954 2633 5004 ὲν
2695 4951 2980 5027 Ἀϐασγοῖς
3009 4953 3110 5020 τῆς
3153 4952 3425 5006 Θεοτόκου
3457 4954 3708 5024 ιδείμάτο
3734 4957 3831 5008 τέ-

2277 5063 2455 5112 μενος,
2493 5046 2584 5096 καὶ⁵
2622 5043 2813 5112 Ἶερεῖς
2860 5044 3240 5111 ἐγκατέστησε,
3293 5046 3385 5099 καὶ
3419 5044 3698 5110 οὓτως-εἰς
3726 5047 3827 5120 ἔθη

2225 5187 2234 5194 ,
2275 5138 2343 5187 τὰ
2376 5139 2481 5187 τῶν
2517 5136 2858 5203 Χριστιανῶν
2885 5135 3432 5205 αὐτοὺςμετήγαγεν
3457 5139 3521 5191 ὲκ
3541 5139 3650 5191 τῶν
3679 5139 3828 5191 πάνυ

2278 5224 2644 5295 βαρϐαρικῶν.
2694 5225 2972 5278 Ἐντεῦθεν
3015 5224 3103 5278 ὑπ’
3128 5227 3341 5294 οὐδενὸς
3370 5229 3686 5300 ἀρχομένων
3711 5230 3826 5284 τῶν

1807 5379 2005 5441 Variae
2038 5379 2338 5440 lectiones
2385 5389 2442 5440 et
2473 5392 2656 5448 notae.

632 5535 700 5611 ιι.λ
716 5519 804 5572 9.0.
838 5521 986 5598 [δέων
1024 5518 1173 5611 0-5505
1218 5531 1245 5579 6
1276 5530 1334 5611 ἐξ
1376 5531 1628 5611 Ἰσαύρων
1670 5540 1696 5590 6
1741 5541 2066 5611 ἀποστάτης,
2099 5545 2168 5594 τὰ

636 5591 733 5680 μὲν
765 5591 953 5680 σξρὼτα
1001 5591 1380 5680 τοῦβεσπότου
1405 5591 1534 5680 ⁸καῖ’
1559 5607 1816 5680 βασιλέως
1856 5591 2163 5680 γενόμενος,

600 5725 602 5727 _
751 5658 811 5740 το
841 5662 1031 5745 κράτος
1057 5665 1218 5745 αὐτοῦ
1255 5671 1344 5718 καί
1367 5670 1461 5737 τὴν
1483 5658 1659 5745 ἀρῖχὴν
1688 5658 2033 5745 άφὲῑάρενοέ,
2068 5658 2166 5733 οὐκ

633 5725 848 5794 ἀνδρείᾳ
889 5731 986 5798 (μὴ
1033 5733 1239 5802 οἰηθείη
1284 5753 1361 5799 τις
1418 5725 1593 5792 τοῦέξ
1620 5725 1767 5814 Ῑτὲοτέ)
1821 5725 2081 5818 μηχανξῖς
2117 5753 2170 5803 δὲ

2275 5547 2366 5598 καὶ
2398 5550 2568 5609 δόλοις
2598 5549 3069 5618 ὑποσπασάμενος.

2353 5618 2454 5681 (ts)
2497 5622 2647 5684 Πρὸς
2689 5620 2828 5682 τοὺς
2876 5623 3174 5685 ’Λλανούςκ
3208 5618 3371 5674 Addit
3410 5619 3546 5674 alter
3581 5635 3615 5674 ε
3659 5622 3831 5678 codd.

2241 5713 2245 5716 -
2276 5686 2573 5751 Wollianis,
2609 5687 2699 5750 οὓς
2730 5688 3014 5752 Ἀλῆανοὺς
3042 5692 3070 5742 ὀ
3103 5692 3401 5757 ιιροκοπιος
3434 5689 3656 5760 γράφει.
