4094 6340
564 338 697 403 1387
1146 360 1174 372 κ

1799 333 2120 409 JOANNIs
2158 334 2478 394 zo-Nams

3636 335 3783 403 1383

557 447 705 501 illius
741 442 963 506 Thotnae
1000 443 1331 498 labefactata:
1386 450 1534 498 sunt.
1574 443 1705 497 Nam
1746 456 1965 496 rumore
2011 440 2102 496 de-

2213 439 2289 508 τῷ
2315 440 2537 513 Μιχαὴλ
2570 406 3000 512 αὐτομολοῦντες
3045 442 3375 513 προσῄεσαν.
3422 445 3481 497 Ὀ
3526 445 3585 499 δὲ
3629 447 3775 498 ἀπο-

508 550 511 553 ·
557 535 805 593 fectionis
829 535 1067 600 Thomze,
1096 544 1152 590 et
1176 536 1327 590 urbis
1350 524 1648 589 obsidionis
1667 534 1867 603 passim
1891 547 2102 601 sparso,

558 626 831 695 Βοηθεοη
848 624 1195 694 Bulgarorum
1216 622 1583 694 princeps,qui
1601 637 1866 677 annorum
1883 622 2103 691 triginta

560 713 806 770 inducias
830 730 952 769 cum
971 714 1151 770 Leone
1168 715 1393 777 fecerat,
1423 715 1682 770 Romanis
1705 715 1932 778 amicus,
1959 714 2103 767 ultro

553 806 830 875 suppetias
871 806 1183 875 imperatdri
1232 808 1395 872 venit,
1444 807 1638 862 castris
1692 805 1759 859 ad
1806 804 2101 861 Cedoctum

553 899 762 953 locatis.
796 899 872 953 Ea
902 914 991 953 res
1021 899 1355 954 desertorem
1381 898 1635 953 turbavit.
1666 898 1799 952 Nam
1830 912 1952 952 cum
1983 912 2012 952 e
2044 912 2102 951 re

552 1003 650 1043 sua
682 1003 801 1043 esse
826 1004 931 1043 non
966 998 1208 1058 putaret,
1242 999 1298 1044 ut
1327 989 1485 1043 simul
1512 998 1569 1044 et
1603 988 1792 1042 urbem
1827 1002 2102 1057 oppugna-

553 1085 654 1138 ret.
678 1085 739 1131 et
760 1092 883 1131 cum
910 1077 1155 1148 Bulgaris
1187 1078 1487 1141 dimicaret,
1515 1077 1881 1146 quod,divisis
1906 1076 2098 1145 copiis,

551 1166 761 1223 neutris
796 1181 894 1236 par
939 1166 1160 1221 futurus
1198 1176 1389 1233 esset,
1430 1177 1613 1222 contra
1677 1167 1933 1237 Bulgaros
1975 1182 2100 1221 cum

552 1259 697 1313 omni
738 1257 979 1315 exercitu
1019 1267 1102 1314 est
1135 1258 1433 1329 profectus,
1486 1273 1772 1329 pugnaque
1809 1257 2101 1312 commissa

554 1351 749 1414 victus,
779 1349 978 1404 multos
1004 1364 1226 1404 suorum
1261 1350 1438 1404 amisit
1466 1349 1660 1418 partim
1682 1363 1871 1413 czesos,
1902 1349 2099 1417 partim

557 1448 765 1508 captos.
794 1439 905 1506 “Qui
940 1455 1071 1494 vero
1104 1450 1158 1495 et
1194 1441 1535 1495 barbaricum
1573 1454 1758 1494 ensem
1791 1448 1848 1493 et
1877 1438 2103 1508 captivi-

557 1537 719 1582 tatem
762 1530 1085 1601 eﬂugerant,
1128 1531 1530 1599 exspectatione
1559 1544 1741 1587 rerum
1794 1530 2099 1583 futurarum

560 1620 830 1688 suspensi,
877 1623 1225 1689 quieverunt.
1272 1622 1504 1691 Bulgari,
1538 1620 1768 1690 captivis
1809 1626 1862 1674 et
1906 1633 2099 1688 magna

561 1710 736 1777 praeda
788 1710 1059 1777 adducta,
1120 1712 1248 1765 elati
1297 1711 1520 1764 victoria
1582 1720 1943 1766 recesserunt.
2023 1709 2099 1762 Ea

2206 533 2407 600 στάτης
2438 530 2520 584 ἔτι
2566 530 2666 601 τῆς
2703 533 3018 601 τυραννίδος
3062 534 3354 604 ἀντείχετο,
3391 536 3484 588 καὶ
3514 536 3637 588 οὔτε
3676 538 3774 588 τὸν

2204 620 2424 690 χάρακα
2460 620 2641 687 ἔλυσε,
2686 621 2869 675 καὶτὸ
2895 623 2955 676 ἐν
3013 620 3229 675 Ἐλλάδι
3256 624 3584 695 ἐτοιμασθέν
3621 625 3778 695 αὐτῷ

2202 711 2458 767 ναυτικόν
2498 711 2915 781 μετεπέμψατο,
2974 713 3068 765 καὶ
3095 712 3216 766 τόδε
3266 716 3451 784 παρῆν
3491 716 3635 768 κατά
3670 713 3777 767 Βυ-

2205 800 2352 871 ρίδας
2386 800 2850 870 νεωλκυσὰμινον.
2890 803 2955 854 Ὃ
2976 802 3196 870 γνόντες
3223 803 3271 856 οί
3300 802 3393 856 τοῦ
3432 806 3625 858 στόλου
3666 806 3769 859 τοῦ

2201 891 2439 960 Μιχαὴλ,
2476 890 2670 955 νυκτὸς
2699 892 2887 955 αὐτοῖς
2928 892 3281 955 ἐπιτίθενται,
3328 893 3423 947 καί
3469 912 3623 958 τινας
3670 897 3776 964 μὲν

2200 982 2443 1054 ᾑρήκασι
2477 984 2588 1036 τῶν
2642 983 2924 1054 πολεμίων
2968 984 3126 1049 νεῶν,
3178 986 3371 1055 ἐτέρας
3401 984 3458 1038 δέ
3510 985 3591 1055 τῷ
3616 986 3776 1055 ὑγρῷ

2201 1076 2332 1142 πυρὶ
2358 1074 2833 1145 παραδεδώκασιν,
2876 1075 2951 1137 ὡς
2973 1074 3159 1143 ὀλίγας
3188 1076 3623 1147 περιλειφθῆναι.
3654 1078 3775 1130 Κα-

2200 1164 2267 1218 τὰ
2299 1166 2400 1235 γῆν
2430 1164 2486 1217 δὲ
2522 1168 2713 1235 συχναὶ
2742 1166 2843 1235 μὲν
2886 1166 3126 1233 ἐγίνοντο
3179 1166 3501 1236 προσϐολαὶ,
3570 1165 3807 1233 Θεοφί-“

2200 1256 2292 1308 λου
2312 1254 2406 1308 τοῦ
2432 1256 2551 1309 υίοῦ
2585 1255 2679 1309 τοῦ
2710 1255 2977 1326 βασιλέως
3020 1255 3121 1309 τοῦ.
3149 1255 3281 1310 λαοῦ
3315 1256 3772 1327 προεξάρχοντορο

2201 1346 2508 1415 ἀγχώμαλα
2569 1346 2624 1400 δέ
2665 1351 2776 1409 τοῖς
2824 1349 3091 1411 ἐναντίοις
3140 1343 3282 1418 ἦσαν
3327 1348 3395 1401 τὰ
3441 1346 3775 1415 πράγματα,

2202 1439 2297 1489 καὶ
2350 1436 2527 1491 οὐδενὶ
2581 1437 2740 1509 μέρει
2789 1438 3045 1507 καθαρῶς
3084 1438 3118 1508 ὴ
3176 1438 3303 1505 νίκη
3364 1438 3779 1506 ἐπεμειδίασεν.

2212 1525 2301 1580 Ἐν
2334 1526 2573 1598 τοσούτῳ
2595 1528 2653 1581 δέ
2689 1544 2742 1581 τι
2768 1528 3007 1598 συμϐὰν,
3040 1529 3121 1598 τῷ
3155 1514 3329 1599 Θωμᾷ
3356 1528 3425 1581 τά
3466 1529 3778 1598 πράγματα

2201 1616 2427 1684 ἔσφηλε·
2468 1618 2568 1687 τῆς
2598 1619 2707 1688 γὰρ
2744 1620 2932 1688 φήμης
2986 1619 3274 1688 πανταχοῦ
3324 1618 3422 1689 τὴν
3460 1620 3555 1672 τοῦ
3601 1620 3782 1684 Θωμᾶ

2201 1707 2512 1776 κηρυξάσης
2540 1709 2879 1762 ἀποστασίαν
2912 1711 3008 1763 καὶ
3041 1712 3142 1779 τὴν
3187 1711 3511 1780 πολιορκίαν
3540 1710 3644 1777 τῆς
3674 1712 3777 1762 πό-

562 1798 717 1853 clade
752 1797 1049 1855 desertoris
1075 1801 1309 1870 cognita,
1354 1800 1545 1855 classis
1586 1799 1705 1869 ejus
1752 1800 1997 1867 reliqui-.e
2035 1796 2102 1850 ad

2206 1800 2361 1863 λεως,
2390 1800 2698 1871 Μορτάγων
2723 1801 2752 1853 δ
2773 1800 2881 1855 τῶν
2910 1802 3241 1872 Βουλγάρων
3290 1779 3583 1872 κατάρχων
3609 1818 3781 1854 σπον-

562 1889 874 1945 Michaelem
924 1890 1261 1947 defecerunt.
1312 1890 1390 1944 Eo
1434 1904 1614 1944 rerum
1644 1896 1786 1942 statu
1818 1897 2103 1956 tyrannus,

561 1980 663 2057 etsi
697 1980 842 2034 vires
890 1981 1008 2050 ejus
1056 1981 1293 2049 undique
1341 1978 1761 2042 minuebantur,
1815 1987 1995 2030 tamen
2037 1977 2107 2033 ab

563 2072 845 2128 obsidione
874 2087 980 2127 non
1007 2072 1288 2127 recedebat
1314 2089 1327 2122 :
1359 2069 1454 2125 sed
1484 2083 1607 2123 eum
1637 2083 1705 2122 ne
1738 2074 1851 2122 tum
1884 2066 2106 2135 quidem

564 2164 854 2233 quidquam
903 2162 1195 2231 proliceret
1219 2201 1232 2224 ,
1265 2160 1465 2214 omissa
1498 2157 1633 2211 urbe
1671 2156 1888 2224 longius
1920 2153 2108 2209 abscca

561 2256 661 2319 dit,
686 2262 741 2310 et
776 2255 954 2322 locum
985 2260 1352 2321 opportunum
1387 2255 1599 2310 nactus,
1630 2245 1831 2316 vallum
1865 2258 2105 2299 comnm-

560 2347 679 2409 nit,
758 2355 920 2414 atque
978 2343 1106 2398 inde
1162 2340 1475 2396 suburbana
1535 2337 1756 2405 diripit,
1809 2350 2107 2404 eorumque

564 2434 931 2491 arntenitatem
982 2438 1178 2485 vastat.
1215 2427 1319 2483 Sed
1351 2424 1607 2480 Michaele
1647 2439 1772 2478 eum
1818 2438 2106 2493 aggressa,

560 2523 955 2590 commissaque
986 2533 1199 2590 pugna,
1233 2516 1473 2572 Thomaei
1518 2514 1587 2568 de
1622 2514 1888 2567 industria
1934 2512 1987 2565 in
2026 2511 2109 2565 fu-

556 2628 674 2684 gam
730 2613 893 2678 versi,
944 2610 1141 2679 partim
1186 2607 1253 2662 ad
1306 2607 1692 2675 imperatorem
1738 2618 1797 2658 se
1856 2601 2106 2656 contule-

535 2712 685 2758 runt
723 2742 739 2767 ,
805 2702 1001 2771 partim
1062 2690 1144 2754 ad
1231 2713 1329 2753 sua
1430 2696 1729 2751 redierunt.
1820 2693 2109 2764 Tyrannus

556 2810 677 2849 cum
727 2793 1068 2863 paucissimis
1141 2790 1548 2859 Adrianopolim
1589 2789 1741 2852 abit,
1798 2802 1960 2857 quem
2005 2780 2105 2840 Mi-

557 2884 710 2937 chael
754 2882 1017 2951 evestigio
1054 2882 1372 2943 insecutus,
1426 2879 1618 2932 urbem
1657 2894 1765 2931 non
1814 2876 2101 2937 machinis.

556 2972 652 3029 sed
703 2986 931 3027 annonae
986 2969 1215 3039 penuria
1269 2976 1604 3038 oppugnat“
1643 2965 1804 3021 Cives
1878 2973 2102 3033 urgente

445 3038 448 3042 ’
502 3074 507 3079 '
557 3056 719 3122 fame,
766 3058 934 3127 petita
980 3038 1302 3111 delictorum
1351 3056 1421 3110 ab
1471 3055 1799 3124 imperatore
1847 3066 2002 3104 vcma
2050 3057 2105 3103 et
2129 3092 2175 3149 ο

556 3150 866 3219 impetrata,
912 3148 1174 3202 Thomam
1225 3147 1466 3203 vinctum
1502 3145 1551 3200 ei
1582 3143 1823 3197 tradunt.
1874 3142 1923 3195 Is
1965 3141 2013 3194 ei
2048 3149 2104 3193 et

557 3254 748 3294 manus
802 3248 859 3293 et
911 3238 1074 3308 pedes
1132 3244 1407 3305 amputat.
1455 3242 1513 3287 et
1568 3232 1721 3286 asino
1787 3229 2100 3300 impositum

456 3372 460 3375 η
554 3328 913 3401 ignominioSo
986 3326 1260 3395 triumpho
1321 3325 1702 3380 circumducit.
1770 3321 1962 3387 Postea
2035 3321 2103 3375 de

552 3421 785 3478 consciis
842 3418 1069 3489 quaerit,
1130 3429 1365 3485 quorum
1418 3414 1509 3469 ille
1565 3413 1762 3467 multos
1826 3413 2104 3481 nominas-

503 3506 671 3576 ’set,
726 3511 827 3565 nisi
890 3496 1048 3579 139
1104 3505 1437 3562 Hexabulius
1498 3503 1757 3573 patricius
1807 3502 2103 3571 imperato-

553 3602 630 3656 ris
713 3599 977 3669 impetum
1043 3597 1149 3651 hoc
1212 3595 1365 3649 dicto
1413 3593 1806 3663 repressisset,
1866 3591 2103 3645 inimicis

540 3693 759 3753 amicos
806 3687 1181 3760 deferentibus
1219 3701 1329 3742 non
1387 3684 1688 3739 habendam
1731 3698 1853 3739 esse
1916 3682 2101 3738 fidem.

555 3784 791 3837 Thomas
849 3794 981 3833 vero
1040 3778 1173 3831 alias
1219 3776 1340 3830 aliis
1384 3760 1685 3828 ‘tormcntis
1737 3774 2100 3838 excruciatus,

556 3872 860 3927 miserrime
890 3867 1208 3937 exspiravit.
1244 3865 1544 3935 Adeptivus
1597 3866 1723 3919 item
1770 3866 1887 3936 ejus
1929 3864 2099 3938 filius,

556 3978 679 4017 cum
723 3962 780 4014 in
818 3961 1030 4030 Bizyam
1080 3957 1339 4028 oppidum
1387 3956 1750 4025 confugisset,
1797 3971 1828 4009 a
1898 3954 2101 4009 castelli

556 4052 952 4111 habitatoribus
990 4051 1237 4112 vinctus,
1273 4049 1340 4102 ad
1383 4048 1760 4117 imperatorem
1806 4057 1889 4101 est
1927 4043 2102 4101 addu-

554 4152 696 4208 ctus,
714 4152 770 4195 et
790 4140 979 4197 eodem
1004 4153 1111 4208 quo
1138 4137 1362 4193 (ietitius
1386 4146 1542 4208 pater
1557 4136 1823 4206 supplicio
1852 4136 2099 4199 allectus.

556 4234 822 4288 violenter
843 4242 899 4286 et
929 4231 1044 4300 ipse
1074 4228 1251 4299 periit.
1295 4226 1517 4282 Thomas
1555 4228 1822 4283 seditione
1860 4227 1926 4281 ad
1957 4230 2101 4281 hunc

557 4324 775 4379 modum
834 4335 1178 4391 compressa,
1224 4319 1512 4375 maritimae
1558 4317 1804 4372 Thracia:
1836 4318 2101 4396 civitates

2205 1890 2300 1953 δὰς
2333 1892 2424 1944 ἐπὶ
2446 1889 2540 1944 τοῦ
2564 1893 2793 1955 Λέοντος
2823 1895 3263 1963 τριακοντούτεις
3302 1892 3527 1963 θέμενος
3554 1892 3651 1945 καὶ
3688 1909 3780 1957 ιρι-

2204 1977 2337 2041 λίως
2366 1980 2489 2033 τότε
2533 1982 2825 2050 Ῥωμαίοις
2859 1982 2997 2053 ἔχων
3042 1982 3483 2050 αὐτεπάγγελτος
3509 1966 3616 2053 ἧκε
3639 1998 3785 2049 συμο

2208 2070 2469 2138 μαχήσων
2498 2069 2578 2139 τῷ
2614 2070 2847 2141 βασιλεῖ,
2881 2077 2975 2125 καὶ
3001 2073 3489 2143 στρατοπεδεύεται
3533 2072 3679 2125 κατὰ
3709 2074 3782 2122 τὰ

2208 2158 2506 2225 unum».
2537 2160 2709 2213 Τοῦτο
2732 2161 2822 2213 τὸν
2847 2142 3162 2231 ἀποστάτην
3195 2142 3445 2231 ὲθρόησε.
3474 2162 3688 2230 Κρίνας
3725 2162 3785 2212 δὲ

2207 2246 2530 2318 ἀσύμφορον
2558 2250 2757 2317 ἐαυτῷ,
2790 2250 2905 2321 ἅμα
2938 2264 2998 2303 τε
3034 2253 3131 2304 καὶ
3176 2252 3507 2319 πολιορκεῖν,
3541 2252 3786 2309 καὶτοῖς
3890 2307 3894 2309 Α

2209 2335 2249 2385 Β
2260 2336 2530 2408 λυλγάροις
2543 2341 3099 2410 άντιστρατεύσασθαι
3117 2340 3490 2411 (μερισθείσης
3504 2339 3609 2408 γάρ
3626 2338 3695 2392 αὖ
3706 2339 3782 2407 τῷ

2207 2426 2305 2493 τῆς
2336 2427 2637 2497 δυνάμεως,
2671 2431 2771 2482 οὐκ
2797 2429 3094 2500 ἀξιόμαχον
3125 2430 3319 2486 ἐαυτὸν
3348 2431 3620 2498 οὐδετέρῳ
3645 2448 3786 2495 τυγ-

2208 2516 2389 2585 χάνειν
2415 2517 2607 2587 ᾤετο),
2640 2521 2783 2573 κατὰ
2830 2521 2941 2574 τῶν
2977 2521 3306 2591 Βουλγάρων
3333 2520 3581 2590 ἐχώρησε
3612 2521 3784 2573 παντὶ

2206 2605 2283 2674 τῷ
2305 2608 2695 2677 στρατεύματι,
2728 2610 2825 2663 καὶ
2860 2610 3156 2679 συμϐαλὼν
3212 2613 3464 2685 ἡττᾶται,
3494 2612 3591 2664 καὶ
3639 2613 3781 2663 πολ-

2207 2694 2330 2756 λοὺς
2356 2698 2454 2765 μὲν
2477 2698 2774 2753 ἀποϐάλλει
2800 2702 2908 2754 τῶν
2934 2703 3154 2765 ἐαυτοῦ,
3174 2705 3299 2766 τοὺς
3322 2703 3422 2771 μὲν
3442 2704 3727 2771 φθαρέντα
3738 2723 3779 2765 ζ.

2207 2784 2330 2841 τοὺς
2359 2785 2415 2838 δὲ
2447 2786 2540 2837 καὶ
2562 2787 2812 2852 ἁλόντας.
2850 2790 3005 2843 Ὅσοι
3034 2791 3091 2844 δέ
3113 2787 3181 2858 γε
3213 2792 3305 2845 τόν
3332 2808 3392 2843 τε
3436 2790 3783 2862 βαρϐαρικὸν

2206 2876 2472 2944 ἀκινάκην
2498 2876 2784 2946 ἐξέφυγον,
2826 2881 2919 2934 καὶ
2948 2882 3048 2951 τὴν
3075 2883 3455 2952 αἰχμαλωσίαν
3493 2884 3776 2952 διέφυγον,

2206 2966 2264 3016 τὸ
2298 2967 2493 3032 μέλλον
2524 2969 2961 3038 καραδοκοῦντες
2984 2973 3279 3043 ἡσύχαζον.
3308 2976 3370 3028 Ol
3396 2975 3692 3044 Βουλγάροε
3721 2977 3781 3028 ie

2207 3057 2330 3117 τοὺς
2386 3058 2765 3127 αίχμαλὼτους
2822 3061 2916 3113 καὶ
2965 3063 3115 3115 λείαν
3164 3064 3366 3135 πολλὴν
3417 3066 3778 3133 ἐπαγόμενοι,

2205 3148 2563 3215 ἀνεζεύγνυον
2583 3154 2648 3222 τῇ
2673 3153 2799 3223 νίκῃ
2817 3153 3205 3223 γαυρούμενοι.
3227 3155 3448 3225 Ταύτην
3473 3157 3573 3225 τὴν
3602 3150 3779 3225 ἧτταν

2204 3238 2297 3290 τοῦ
2324 3241 2631 3294 ἀποττάτου
2679 3243 2806 3296 ὅσον
2834 3246 2899 3297 ἐκ
2935 3243 3030 3296 ⁶τοῦ
3068 3245 3267 3298 στόλου
3301 3246 3468 3301 αὐτοῦ
3524 3246 3775 3317 περιελέ-

2204 3328 2391 3381 λειπτο
2424 3331 2683 3396 ἐγνωκὸς,
2717 3333 2853 3404 πρὸς
2888 3333 2979 3388 τὸν
3019 3335 3651 3406 Μιχαὴληύτομόλησιν.
3685 3337 3778 3388 Ἐν

2203 3419 2462 3483 τοιούτοις
2485 3420 2541 3472 δέ
2574 3423 2601 3473 ό
2634 3422 2900 3498 τιύραννος
2926 3425 3184 3492 γεγονὼς,
3214 3426 3309 3479 καὶ
3348 3427 3523 3496 πάντη
3548 3427 3778 3493 ἐξασθε-

2205 3508 2393 3577 νήσας,
2419 3510 2566 3578 ὅμως
2590 3509 2672 3563 ἐτι
2699 3510 2791 3563 τοῦ
2823 3512 3134 3582 πολιορκεῖν
3162 3516 3264 3567 οὐκ
3290 3517 3585 3571 ἐπαύσατο.
3606 3516 3779 3569 ’Δλλέι

2204 3598 2298 3648 καὶ
2319 3592 2476 3660 αὖθις
2502 3600 2667 3677 μηδὲν
2690 3600 2892 3664 ἀνύων,
2922 3585 3295 3674 ἀπανίσταται
3334 3595 3434 3672 μὲν
3456 3605 3564 3673 τῆς
3596 3598 3774 3674 προτο

2204 3686 2385 3756 εδρίας
2412 3689 2510 3756 τῆς
2546 3689 2777 3756 πόλεως,
2815 3691 3002 3743 ἄπεισι
3037 3692 3094 3744 δέ
3130 3693 3487 3763 πορρωτέρω,
3524 3694 3621 3746 καί
3648 3710 3777 3747 τιια

2166 3796 2171 3801 -
2202 3779 2366 3830 τόπον
2396 3779 2572 3846 εὑρὼν
2603 3780 2930 3850 ἐπιτήδειον,
2957 3783 3014 3834 ἐν
3047 3782 3220 3853 τούτῳ
3248 3782 3503 3853 βάλλεται
3527 3784 3776 3853 χάρακα,

2205 3867 2456 3920 κάκεῖοεν
2481 3866 2804 3937 ὁρμώμενος
2834 3870 3080 3941 ἐληΐξετο
3120 3873 3218 3942 τῆς
3260 3874 3465 3936 πόλεως
3513 3874 3584 3925 τά
3637 3891 3809 3943 προ-ι
3867 3862 3873 3867 ”

2203 3960 2435 4035 άστειαἸ
2474 3959 2569 4012 καὶ
2613 3960 2708 4022 τὰς
2738 3961 2943 4014 τούτων
2966 3963 3218 4032 ἐκεράϊζε
3241 3964 3488 4032 χάριτας.
3535 3964 3778 4032 Ἐπῆλθε

2203 4048 2382 4100 τοίνυν
2396 4050 2610 4117 τούτῳό
2630 4052 2868 4120 Μιχαὴλ,
2891 4054 2987 4105 καὶ
3007 4053 3188 4123 μάχης
3210 4056 3696 4142 συγκροτῃθείσης,
3724 4060 3777 4109 ot
3844 4035 3848 4038 ί

2202 4139 2296 4190 τοῦ
2311 4139 2503 4207 ’Θωμᾶ
2523 4140 2739 4204 ἑκόντες
2772 4143 3091 4212 ἐτράπησαν
3118 4146 3198 4208 είς
3224 4139 3424 4215 φυγὴν,
3458 4148 3554 4199 καὶ
3581 4148 3635 4199 οί
3670 4149 3778 4214 μὲν

2201 4232 2278 4296 τῷ
2300 4232 2520 4303 Μιχαὴλ
2547 4234 2978 4304 προσερρύοντο,
3011 4237 3065 4288 οἱ
3082 4236 3126 4289 δ’
3159 4240 3251 4290 ἐπὶ
3267 4238 3337 4291 τά
3361 4238 3572 4292 ἑαυτῶν
3599 4241 3778 4311 ἀπῄε-

2204 4340 2304 4375 σαν
2330 4324 2573 4378 ἐκαστοι.
2611 4326 2670 4379 Ὀ
2705 4327 2761 4379 δέ
2790 4344 2853 4393 γε
2883 4327 3149 4399 τύραννος
3183 4330 3320 4399 μετὰ
3358 4330 3667 4400 βραχίστων
3688 4337 3779 4397 εἰς

556 4415 931 4474 nihilominus.
963 4416 1125 4468 etiam
1155 4411 1248 4466 illo
1278 4409 1513 4473 sublato,
1546 4418 1751 4463 motum
1783 4424 1909 4463 eum
1935 4423 2097 4483 urge-

2215 4412 2655 4481 Ἀδριανούπολιν
2671 4416 2879 4480 ἄπεισι,
2901 4398 2995 4469 καὶ
3015 4420 3043 4470 ὀ
3069 4398 3290 4489 Μιχαὴλ
3313 4398 3600 4490 αύτῷγκαΐ
3625 4424 3780 4493 (xw;

556 4509 708 4570 bant,
750 4519 814 4559 ac
878 4516 988 4572 prae
1029 4499 1241 4581 exter}:
1270 4497 1499 4552 Panium
1554 4505 1609 4550 et
1656 4495 1951 4562 Perinthus
2001 4496 2102 4565 (sic

553 4597 698 4653 enim
714 4594 971 4650 Heraclea
988 4592 1117 4647 olim
1135 4589 1401 4662 appellata
1427 4596 1511 4644 est
1528 4587 1715 4659 (idque
1762 4587 2102 4657 imperatoris

553 4690 677 4742 odio
704 4686 921 4741 factum.
948 4681 1471 4743 Caeterum,Panium
1493 4679 1932 4735 mmibusterrte
1953 4687 2101 4732 motu

554 4774 825 4845 collapsis,
858 4785 1073 4842 captum
1088 4781 1189 4837 est,
1217 4771 1473 4826 Heraclea
1489 4769 1623 4824 mari
1646 4778 1974 4838 expugnata.
2000 4768 2097 4821 Mi-

556 4866 708 4920 chael
724 4863 809 4918 his
824 4863 985 4917 rebus
1002 4862 1138 4916 bene
1156 4860 1341 4930 gestis,
1369 4859 1706 4928 triumphans
1729 4861 1783 4913 in
1803 4859 1990 4912 urbem
2017 4872 2097 4911 re-

553 4956 671 5019 diit,
700 4964 753 5009 et
782 4954 925 5008 ludis
951 4953 1300 5008 Circensibus
1337 4952 1613 5019 Michaelis
1632 4952 1905 5021 adjutores
1934 4950 2100 5005 asinis

554 5035 851 5101 insidentes
875 5044 927 5097 in
961 5045 1229 5097 theatrum
1254 5044 1607 5109 introductos,
1634 5044 1748 5097 sola
1769 5044 2097 5112 relegatione

555 5142 863 5201 contentus,
895 5136 1233 5206 gravioribus
1272 5135 1549 5206 suppliciis
1568 5151 1685 5190 non
1714 5136 1928 5201 aﬂ’ccit,
1965 5136 2103 5191 duo-

2205 4501 2513 4569 άκολουθεὶ,
2546 4505 2638 4557 καὶ
2666 4504 2949 4575 πολιορκεῖ
2970 4505 3069 4574 τὴν
3090 4504 3267 4571 πόλιν,
3307 4510 3404 4578 οὐχ
3434 4508 3779 4578 ἐλεπόλεσι··,

2203 4592 2337 4645 ἀλλὰ
2369 4593 2562 4646 σπάνει
2601 4596 2712 4647 τῶν
2740 4595 3076 4663 ἀναγκαίων.
3107 4580 3217 4649 Καὶ
3241 4599 3289 4649 oi
3318 4599 3420 4668 τῆς
3453 4600 3662 4663 πόλεως
3691 4603 3780 4669 τῷ

2205 4683 2347 4752 λιμῷ
2397 4684 2725 4757 πιεζόμενοι,
2791 4686 3098 4753 ἀμνηστίαν
3139 4686 3244 4738 τῶν
3299 4686 3779 4757 ἐπταισμένωνὲκ

2202 4773 2295 4825 τοῦ
2345 4772 2607 4841 βασιλέως
2659 4775 2950 4845 ᾐτήσαντο,
3000 4775 3095 4829 καὶ
3141 4776 3343 4845 ταύτης
3372 4777 3648 4846 τυχόντες,
3682 4778 3778 4829 δ.-

2212 4864 2407 4932 σμοῦσι
2464 4867 2554 4918 τὸν
2594 4867 2816 4936 Θωμᾶν,
2868 4867 2963 4920 καὶ
3006 4867 3364 4936 παραδιδόασι
3395 4868 3471 4936 τῷ
3515 4867 3772 4939 Μιχαὴλ.
3861 4873 3867 4876 ’

2220 4956 2277 5007 ’0
2303 4956 2358 5009 δὲ
2406 4959 2719 5025 ἀφαιρεῖται
2768 4960 2933 5013 αὐτοῦ
2977 4963 3164 5030 χεῖρας
3209 4963 3303 5011 καὶ
3338 4961 3500 5039 πόδες
3534 4946 3637 5030 (8),
3669 4970 3769 5017 καὶ

2207 5046 2312 5116 ὄνῳ
2366 5048 2686 5114 ἐπιϐιϐάσας
2718 5050 3040 5120 θριαμϐεύει
3095 5051 3185 5103 τὸν
3217 5051 3412 5121 άτιμον
3469 5051 3770 5123 θρίαμϐον.

2216 5133 2343 5188 Εἶτα
2369 5139 2496 5207 περὶ
2530 5141 2862 5210 συνιστόρων
2899 5141 3245 5208 πυνθάνεται,
3299 5144 3394 5217 καὶ
3415 5143 3643 5206 πολλοὺς
3695 5144 3772 5196 ἂν

1706 5312 1917 5372 νοτία)
1950 5310 2249 5374 lectiones
2289 5320 2352 5376 et
2392 5322 2576 5378 notas.

541 5442 574 5540 -_
634 5466 707 5540 (8)
745 5466 904 5540 '96:}
949 5469 1274 5540 ἀφαιρεῖται
1306 5471 1490 5540 αὐτοῦ
1514 5466 1737 5540 ,χεῖρας
1763 5436 2097 5540 κομποοαξ.

560 5536 780 5592 Michael
800 5536 928 5607 ipse
951 5536 1005 5591 in
1026 5536 1196 5606 Epist.
1225 5542 1290 5593 ad
1317 5536 1653 5593 Ludovic‘um
1680 5538 1912 5607 imp.:Et
1932 5540 2101 5607 ipsum

560 5608 759 5676 cuidem
794 5606 1382 5676 Thomam,‘amputatis
1413 5611 1650 5663 manibus
1675 5615 1720 5660 et
1747 5606 1979 5676 pedibus,
2009 5626 2101 5675 pa-

564 5674 723 5759 tibulo
746 5679 987 5745 stupendi
1012 5674 1290 5747 jussimm.
1344 5678 1454 5740 Duo
1486 5688 1604 5733 vero
1663 5674 1756 5747 qui
1798 5674 2105 5731 dicebantur

2199 5472 2360 5541 ei/ilii
2401 5469 2510 5529 esse
2541 5476 2791 5543 adaptivi,
2825 5477 2962 5529 alter
2993 5492 3172 5532 eorum
3205 5482 3259 5533 in
3298 5479 3425 5533 Asia
3460 5498 3492 5534 ο
3516 5480 3769 5541 ﬁdelibus

2199 5545 2391 5627 nostris
2427 5548 2767 5627 interemptus
2795 5555 2871 5599 ut
2894 5561 2916 5627 :_
2937 5553 2987 5597 et
3006 5545 3236 5627 alteram
3260 5550 3639 5627 eademjnortc
3656 5571 3770 5627 qua

2200 5615 2752 5686 pseudOpalrem'cjus,
2785 5616 3121 5679 condemnari
3142 5617 3424 5685 jussintue.‘
3512 5626 3514 5629 ’
