4036 6330
306 429 438 492 1397
1531 429 1934 488 ANNALIUM
1978 429 2124 487 LIB.
2170 428 2293 488 XV.
3387 422 3521 482 13‘)?!

297 533 657 604 φορτισμένη,
715 534 808 588 καὶ
852 535 1027 605 τούτῳ
1080 534 1274 606 μέχρις
1319 535 1546 604 ἐσχάτου
1585 535 1862 604 ζωστῆρος

1969 534 2198 587 iumenta
2225 533 2664 604 interceperintus,
2694 531 2958 586 undenam
3019 532 3193 600 fortun
3215 547 3240 582 t‘
3279 534 3530 584 tenuioris

297 624 874 695 καταὸεσαπτισμένη.
902 627 1100 696 Ἔτυχε
1133 627 1190 679 δὲ
1223 626 1562 697 προκύψαςό
1611 627 1863 696 βασιλεὺς

1969 627 2200 679 homines
2234 626 2428 678 victum
2458 624 2834 694 comparabant
2859 625 2884 678 ?

294 716 522 782 ἀνωθεν,
564 717 657 770 καὶ
702 715 986 787 θαυμάσας
1019 718 1117 787 τὴν
1148 717 1300 782 ναῦν,
1328 718 1418 773 διά
1451 735 1595 780 τινος
1656 719 1764 770 τῶν
1829 717 1979 786 αὐτῷ
2027 716 2328 788 ἑπομένων,
2360 715 2501 778 τίνος
2531 716 2595 770 ἂν
2649 717 2758 785 εῖη,
2821 714 3168 770 ἐπυνθάνετο.
3209 714 3296 778 Ὠς
3352 715 3407 768 δὲ
3434 713 3534 782 τῆς

294 811 612 882 Λύγούστης
635 808 774 866 εἶναι
807 812 1118 884 μεμάθηκε,
1155 813 1249 866 καὶ
1277 815 1352 876 ὼς
1372 813 1496 882 ἀρτι
1524 813 1732 884 ἀνήχθη
1756 813 1815 878 ἐξ
1852 812 2143 884 ἐμπορίας,
2169 813 2234 882 ἣν
2261 815 2317 866 ἐν
2349 816 2458 876 τοῖς
2487 816 2585 883 τῆς
2609 814 2807 883 Συρίας
2841 813 2890 864 ot
2920 813 3055 881 πρὸς
3085 812 3185 881 τῆς
3217 811 3536 881 βασιλίσσης

295 902 578 966 σταλέντες
629 906 956 976 ἐποιήσαντο
1005 906 1249 976 μέρεσιν,
1295 908 1403 960 εῖτι
1455 907 1554 976 μὲν
1608 909 1722 969 τοῖς
1767 907 1862 960 τοῦ
1901 908 2268 978 πληρώματος
2313 909 2412 978 τῆς
2481 907 2606 977 νηὸς
2657 907 2970 976 πρόσεστιν,
3004 904 3311 974 ἐξενεγκεῖν
3349 905 3535 964 αὐτοῖς

291 999 490 1049 αὐτίκα
525 999 801 1065 ἐκέλευσε,
837 1001 948 1054 τῶν
977 1001 1036 1054 δὲ
1085 1004 1188 1072 τῆς
1246 1001 1564 1070 Δύγούστης
1617 1001 1859 1070 ἅψασθαι
1899 1002 2150 1074 μηδενός.
2237 1003 2325 1066 Ὠς
2349 1002 2406 1056 δὲ
2430 1003 2586 1056 τοῦτο
2643 1003 2857 1071 γέγονε,
2885 980 2978 1056 καὶ
3016 1003 3141 1062 τοὺς
3175 1001 3371 1068 ἄνδρας
3395 1002 3531 1052 ἐκεῖ-

293 1092 385 1173 θεν
413 1094 715 1165 ἀπήλασεν,
752 1095 915 1166 ὑγρὸν
939 1099 1059 1149 κατ’
1087 1098 1258 1166 αὐτῆς
1289 1098 1560 1167 ἐπήνεγκε
1634 1097 1762 1168 πῦρ,
1832 1098 1928 1151 καὶ
1964 1098 2297 1168 αὐτόφορτον
2338 1097 2763 1165 κατενέπρησεν,
2793 1097 2888 1149 καὶ
2917 1098 2981 1166 τῇ
3016 1096 3300 1179 βασιλίσσῃ
3339 1093 3529 1146 ἐλοιδο-

294 1171 520 1254 ρήτατο,
562 1185 824 1239 Βασιλέα
873 1204 968 1255 με,
1019 1187 1211 1254 λέγων,
1263 1188 1694 1250 ἁναδείξαντος
1752 1189 1858 1241 τοῦ
1899 1189 2068 1252 Θεοῦ,
2129 1189 2210 1242 σὺ
2238 1187 2411 1255 ,ϐιάζῃ
2467 1203 2542 1255 με
2583 1187 2828 1254 ποιῆσαι
2880 1171 3538 1253 ναύκ.ῑηρ‹)ν.’”1σοιδὲ-

288 1276 385 1333 ὖτί
418 1279 540 1344 τοῖς
566 1278 821 1341 ἰδιώταις
848 1279 912 1330 τὸ
931 1279 1367 1344 ἐμπορεύεσθαι
1425 1279 1977 1345 προσκεκλήρωται,
2046 1279 2123 1332 ἵν’
2181 1279 2409 1333 ἐκεῖθεν
2437 1280 2542 1343 τὰς
2574 1277 2728 1346 πρὸς
2768 1276 2831 1329 τὸ
2991 1275 3312 1342 πορίζοιντο
3345 1277 3524 1342 ἀρορ-

217 1433 236 1440 ,
284 1366 425 1434 μεὶς,
459 1367 526 1418 El
558 1365 610 1416 δ’
641 1363 805 1431 ἡμεῖς
842 1363 997 1429 μετὰ
1027 1363 1134 1430 τῆς
1160 1365 1495 1432 ,ϐασιλικῆς
1530 1367 1860 1434 εὐετηρίας,
1900 1365 1998 1417 καὶ
2057 1367 2128 1419 τὰ
2185 1369 2252 1432 ἐξ
2321 1368 2604 1436 ἐμπορίας
2643 1365 2752 1433 (21)
2803 1366 3036 1428 ἑαυτοῖς
3096 1365 3518 1430 περιποιεῖσθαι

286 1457 635 1524 πειρώμεθα,
675 1457 752 1510 ἂν
782 1458 835 1510 οὶ
891 1455 1001 1524 τῆς
1055 1456 1247 1528 τύχης
1301 1454 1411 1522 τῆς
1463 1455 1751 1521 ἰδιώτιδος
1790 1454 1860 1508 τὰ
1896 1452 2120 1524 ζωαρκῆ
2153 1459 2652 1524 συμπορίσαιντο.

362 1549 506 1613 κστ.
539 1547 619 1618 Τῇ
673 1547 729 1599 δὲ
787 1547 1075 1619 βασιλίσσῃ
1123 1549 1325 1611 πατρὶς
1364 1542 1495 1618 ἧνή
1554 1547 1706 1616 χώρα
1755 1547 1865 1598 ετῶν

288 1639 677 1706 Ιιασλαγονων,
714 1640 952 1707 πατέρες
983 1638 1029 1689 δ’
1068 1638 1205 1708 αὐτῇ
1235 1640 1478 1708 Μαρῖνος
1513 1641 1607 1691 καὶ
1639 1639 1863 1691 Θεοκτί-

2046 1547 2226 1602 XXVI.
2272 1549 2602 1618 lmperatrici
2649 1549 2820 1617 patria
2857 1548 2957 1600 fuit
2991 1549 3383 1618 Paphlagonia,
3429 1569 3521 1620 ρει-

1972 1650 2154 1693 remes
2185 1639 2425 1694 Marinus
2455 1649 2511 1694 et
2543 1639 2875 1702 Tltcoctista,
2910 1653 2974 1691 ex
3007 1638 3171 1692 nobili
3211 1632 3354 1694 illiu‘s
3393 1659 3520 1712 pro-

286 1749 386 1799 στη
419 1729 525 1782 τῶν
553 1725 612 1782 εὖ
651 1730 957 1797 γεγονότων
1001 1732 1061 1782 ἐν
1089 1732 1155 1800 τῇ
1199 1729 1352 1800 χώρᾳ
1381 1733 1445 1801 τῇ
1483 1730 1606 1783 κατ’
1638 1731 1861 1795 αὐτοὺς,

1969 1730 2160 1783 vincia:
2208 1729 2446 1791 familia.
2496 1733 2655 1786 ambo
2704 1731 2780 1799 pii
2813 1739 2865 1784 et
2906 1744 3179 1790 sacrarum
3225 1732 3520 1803 imaginum

284 1820 527 1882 εὐσεϐεῖς
553 1819 609 1872 δὲ
638 1819 824 1888 ἄμφω,
847 1817 1062 1871 καὶτῶν
1094 1819 1406 1888 σεϐασμίων
1435 1819 1658 1872 εἰκόνων
1686 1836 1859 1888 προσ-

288 1911 534 1979 κυνηταί.
569 1910 680 1975 Τῆς
743 1911 800 1962 δὲ
836 1909 1123 1980 Θεοδώρας
1148 1909 1225 1978 τῷ
1255 1909 1471 1977 βασιλεῖ
1507 1909 1859 1977 συζυγείσης,

286 2002 437 2070 καὶὴ
466 2000 652 2072 μητὴρ
687 2001 856 2069 αὐτῆς
887 2000 1208 2068 Θεοκτίστη,
1237 2000 1270 2071 ἢ
1310 2001 1403 2053 καὶ
1437 2000 1685 2068 Φλωρίνα
1719 2002 1858 2052 ἐπως

285 2098 798 2167 satiatam-Zth
849 2097 944 2149 καὶ
991 2096 1260 2166 Πατρικία
1288 2097 1570 2165 τετίμητο.
1610 2097 1763 2167 ᾯκει
1805 2097 1860 2149 δὲ

235 2219 255 2235 η
285 2187 424 2241 κατά
457 2188 554 2258 τὴν
579 2188 750 2257 μονὴν
781 2187 891 2239 τῶν
922 2188 1226 2256 Γαστριῶν,
1250 2186 1324 2249 ὡς
1355 2187 1412 2239 δέ
1440 2204 1585 2248 τινες
1615 2186 1857 2253 λέγουσι,

286 2278 378 2332 καὶ
421 2278 520 2348 τὴν
555 2281 727 2349 μονήν
756 2278 927 2348 αὐτὴν
957 2279 1142 2348 ἐκείνη
1174 2278 1450 2346 ἐδείματο.
1498 2278 1586 2340 Ὠς
1610 2274 1704 2330 οὖν
1724 2279 1860 2347 πρὸς

288 2373 522 2440 μάμμην
574 2373 851 2439 ἀπήγοντο
899 2371 1041 2435 πρὸς
1069 2371 1245 2439 αὑτήν
1297 2384 1426 2424 ποτε
1480 2371 1547 2422 τά
1580 2371 1672 2422 τοῦ
1703 2371 1857 2438 βασι-

284 2462 422 2523 λέως
454 2462 744 2528 θυγάτρια,
777 2457 916 2530 ἦσαν
951 2461 1006 2512 δὲ
1039 2462 1222 2523 πέντε,
1253 2462 1346 2514 καὶ
1375 2462 1430 2513 ai
1465 2460 1688 2529 κλήσεις
1718 2461 1860 2513 ὲκείο

285 2568 389 2602 νων
414 2547 594 2612 αὗται,
625 2549 800 2601 Θὲκλα
831 2551 924 2602 καὶ
961 2551 1150 2610 ΙἌννα,
1191 2549 1519 2602 Ἀναστασία
1551 2566 1607 2600 τε
1642 2550 1734 2602 καὶ
1762 2549 1856 2601 σὺν

289 2630 594 2708 Ιιουλχερία
625 2640 830 2708 Μαρία.
875 2639 940 2690 Ἡ
968 2638 1024 2690 δὲ
1055 2638 1340 2708 δωρήμασι
1373 2639 1469 2700 τὰς
1490 2639 1680 2701 παῖδας
1732 2641 1844 2693 ἐδε-

285 2730 485 2795 ξιοῦτο,
536 2732 633 2782 καὶ
695 2731 802 2799 ἰδίᾳ.
856 2730 1402 2799 παραλαμϐάνουσα,
1458 2730 1698 2801 παρῄνει
1755 2733 1852 2796 τὰς

286 2821 448 2887 ἁγίας
480 2821 696 2883 εἰκόνας
751 2820 1100 2884 σεϐάζεσθαι,
1161 2821 1254 2874 καὶ
1299 2822 1362 2873 ἐκ
1397 2822 1653 2873 κιϐωτίου
1695 2823 1857 2874 056d-

1965 1822 2309 1876 adoratores.
2357 1823 2639 1876 Thcodora
2686 1837 2817 1875 vero
2869 1820 3179 1889 imperatori
3229 1823 3516 1892 desponsa,

1962 1915 2127 1967 etiam
2166 1923 2339 1968 mater
2368 1915 2486 1983 ejus
2516 1913 2822 1967 Theoctista
2846 1953 2860 1975 ,
2893 1911 3107 1965 Florina
3137 1927 3516 1982 cognomento,

1964 2002 2141 2057 Zostaa
2177 2016 2232 2057 et
2265 2005 2510 2074 patriciae
2544 2003 2858 2072 dignitatem
2896 2009 2977 2055 est
3008 2013 3319 2056 consecuta.
3350 2005 3516 2063 Habi-

1967 2093 2099 2148 tavit
2134 2104 2316 2149 autem
2345 2096 2493 2163 juxta
2519 2093 2728 2148 Castria
2770 2093 3184 2159 monasterium,
3229 2095 3410 2164 idque,
3455 2109 3515 2155 ut

1963 2184 2188 2252 quidam
2220 2194 2491 2248 asserunt,
2512 2181 2773 2238 condidit.
2804 2181 3002 2236 Filiola:
3029 2181 3192 2251 igitur
3223 2187 3514 2254 imperato-

1965 2279 2040 2332 ris
2087 2293 2317 2332 numero
2352 2278 2593 2344 quinque
2616 2315 2628 2339 ,
2671 2275 2736 2328 ad
2763 2289 2880 2328 eam
2915 2283 2973 2326 ut
3012 2277 3180 2328 aviam
3219 2279 3508 2346 aliquando

1958 2369 2403 2433 adducebanturj,
2448 2365 2942 2436 quarumnomina
2989 2366 3205 2420 fuerunt
3284 2370 3497 2436 Thecla,

1959 2462 2136 2524 Anna,
2177 2462 2482 2519 Anastasia.
2516 2459 2799 2513 Puleheria
2841 2467 2894 2510 et
2937 2457 3116 2510 Maria.
3167 2459 3256 2512 llla
3297 2464 3497 2530 puellas

1960 2553 2300 2606 munusculis
2335 2550 2442 2604 sibi
2471 2549 2812 2609 conciliabat,
2848 2562 2908 2600 ac
2933 2550 3150 2602 seorsim
3184 2551 3497 2605 hortabatur

1959 2643 2026 2696 ad
2057 2657 2333 2696 sacrarum
2378 2642 2674 2712 imaginum
2708 2643 3104 2695 vent-rationem
3127 2681 3141 2705 ,
3173 2645 3503 2711 curabatque
3553 2689 3563 2697 .

1959 2743 2018 2787 ut
2042 2749 2226 2791 sacras
2254 2733 2478 2802 effigies,
2503 2747 2640 2800 quas
2668 2746 2697 2785 e
2725 2731 2924 2785 cistella
2959 2732 3275 2799 proferebat,
3310 2742 3505 2798 neptes

1956 2825 2250 2878 adorarent
2292 2838 2356 2876 ac
2390 2823 2876 2884 deoscularentur,
2911 2837 3200 2893 earumque
3239 2823 3504 2892 capitibus

287 2929 424 2980 σμια
482 2912 791 2979 ἐκφέρουσα
847 2910 1264 2978 ἐκτυπώματα,
1329 2915 1670 2979 προσκυνεῖν
1718 2915 1857 2966 αὐτὰ

1969 2919 2012 2965 et
2057 2911 2299 2966 faciebus
2328 2927 2422 2965 eas
2448 2911 2792 2965 admovebat.
2829 2911 3039 2964 Puellas
3066 2914 3348 2982 aliquando
3380 2912 3500 2967 inde

284 2999 667 3067 παρεσκεύασε
699 2999 796 3061 τάς
850 2999 1185 3068 θυγατριὸἄς
1221 3000 1314 3052 καὶ
1357 3001 1727 3065 ἀσπάζεσθαι,
1762 3005 1858 3056 καὶ

1959 3018 2209 3058 reversas
2232 3013 2384 3072 rogat
2406 3003 2721 3070 imperator,
2744 3010 2804 3054 ut
2822 3002 2890 3054 ab
2910 3006 3024 3056 avia
3048 3011 3281 3057 tractata:
3303 3013 3504 3062 essent,

284 3093 404 3152 ταῖς
433 3089 696 3158 κεφαλαῖς
744 3090 926 3144 αὐτῶν
956 3091 1202 3143 ἐπετίθει
1243 3091 1336 3142 καὶ
1365 3095 1483 3154 ταῖς
1531 3093 1852 3162 προσόψεσι.

1969 3075 2016 3150 et
2064 3094 2220 3165 144
2259 3094 2388 3163 quid
2450 3095 2539 3146 illa
2588 3091 2836 3146 diceret?
2889 3091 3112 3147 caeteris
3188 3095 3514 3158 tacentibus,

285 3183 395 3234 Καί
429 3199 555 3234 ποτε
587 3182 796 3235 ἐκεῖθεν
843 3182 1226 3256 ἐπανηκούσας
1248 3185 1346 3246 τὰς
1392 3184 1589 3245 παῖδας
1613 3185 1799 3254 ἠρώτα
1829 3188 1854 3238 ὁ

1969 3187 2244 3242 Puleheria
2279 3187 2458 3241 adhuc
2501 3183 2766 3239 infautula
2799 3199 2922 3240 cum
2959 3194 3152 3240 caetera
3191 3183 3532 3246 balbutient'x

287 3274 544 3343 βασιλεὺς
569 3273 619 3324 τί
652 3273 805 3341 παρά
837 3274 934 3342 τῆς
975 3275 1209 3343 μάμμης
1255 3276 1448 3336 αὑταῖς
1497 3274 1725 3342 γένοιτο,
1765 3275 1858 3328 καὶ

1969 3295 2093 3334 voce
2125 3280 2320 3340 refert.
2359 3289 2473 3331 tum
2513 3278 2700 3339 addit,
2748 3276 2923 3330 aviam
2959 3277 3013 3330 in
3050 3277 3308 3332 cistellam
3348 3293 3514 3346 pupa,

284 3366 407 3416 τίνα
438 3363 570 3432 παρ’
601 3363 815 3432 ἐκείνης
856 3364 1049 3423 αὐταῖς
1083 3367 1357 3430 λέγοιντο;
1393 3365 1457 3417 Δί
1491 3365 1589 3435 μὲν
1622 3361 1715 3418 οὖν
1745 3365 1858 3418 λοι-

292 3455 389 3508 παὶ
418 3454 691 3515 ἐσιώπων,
713 3453 747 3523 ή
784 3453 1089 3522 Πουλχερία
1117 3454 1173 3507 δὲ
1211 3456 1554 3524 νηπιάζουσα
1585 3457 1665 3508 ἔτι
1688 3457 1860 3510 τᾶλλα

289 3565 348 3599 τε
379 3547 620 3614 διηγεῖτο
667 3544 996 3615 ψελλιζούσῃ
1049 3549 1226 3616 φωνῇ,
1259 3549 1353 3600 καὶ
1384 3548 1756 3616 προσεπῆγεν,
1788 3549 1859 3610 ώς

287 3637 378 3706 εἴη
403 3639 467 3704 τῇ
495 3635 693 3705 μάμμη
727 3635 866 3686 νινία
913 3637 972 3686 ἐν
1006 3635 1267 3704 κιϐωτίῳ,
1311 3635 1406 3698 τὰς
1452 3637 1616 3702 ἁγίας
1648 3637 1861 3697 εξκόνας

289 3727 434 3780 οὕτω
490 3725 754 3788 καλοῦσα,
798 3727 892 3779 καὶ
927 3724 1100 3778 ταῦτα
1144 3728 1272 3788 ’ταῖς
1307 3727 1588 3795 κεφαλαῖς
1620 3727 1716 3778 καὶ
1754 3729 1863 3790 τοῖς

292 3818 604 3886 προσώποις
633 3819 788 3886 ἡμῶν
812 3820 1108 3890 ἐπιτίθησι,
1144 3822 1236 3873 καὶ
1259 3821 1600 3885 ἀσπάζεσθαι
1625 3823 1861 3876 δίδωσιν.
1885 3859 1888 3862 ι

305 3909 585 3962 Ἐντεῦθεν
619 3911 717 3972 τὰς
775 3911 982 3970 σεπτάς
1040 3913 1259 3976 εἰκόνας
1295 3915 1458 3980 γνοὺς
1517 3913 1865 3968 διδάσκεσθαι

296 4003 620 4068 προσκυνεῖν
639 4000 736 4062 τὰς
771 4000 936 4053 αὑτοῦ
973 4000 1279 4071 θυγατέρας
1299 4004 1452 4072 παρὰ
1479 4005 1578 4073 τῆς
1613 4006 1865 4075 μάμμης,

295 4093 480 4144 οὐκέτι
518 4091 653 4161 πρὸς
683 4093 853 4161 αὐτὴν
884 4093 1193 4159 ἀπάγεσθαι
1249 4095 1348 4155 τὰς
1385 4095 1583 4157 παῖδας
1615 4113 1864 4163 παρακε-

299 4183 570 4252 χώρηκεν,
598 4185 784 4254 ἓτερον
817 4185 874 4236 δέ
908 4185 1060 4237 οὐδὲν
1116 4184 1360 4254 λυπηρὸν
1412 4185 1490 4246 εἰς
1527 4185 1620 4253 τὴν
1646 4185 1871 4238 Θεοκτί-

303 4292 434 4344 στην
463 4275 776 4342 εἰργάσατο,
827 4275 1146 4344 αἰδούμενος
1189 4277 1408 4346 ἐκείνην
1457 4276 1546 4328 διὰ
1577 4274 1636 4326 τὸ
1682 4274 1867 4342 κῆδος,

301 4368 393 4420 καὶ
425 4369 586 4422 πλέον
615 4369 703 4422 διά
758 4370 854 4439 τὴν
887 4359 1110 4439 ἀρετὴν,
1142 4369 1175 4440 ἠ
1221 4373 1313 4422 καὶ
1347 4371 1610 4434 πολλάκις
1669 4372 1868 4442 ήλεγχε

302 4459 509 4522 τοῦτον,
533 4463 613 4513 ὅτι
634 4463 757 4522 τοὺς
785 4463 1100 4532 ὀρθοδόξους
1131 4464 1376 4527 ἐκόλαζε,
1416 4467 1510 4517 καὶ
1540 4467 1660 4524 ταῖς
1697 4466 1868 4532 ἱεραῖς

305 4554 508 4604 εἰκόσιν
536 4551 808 4619 ἐνύϐριζε,
847 4557 940 4604 καὶ
966 4554 1052 4605 διὰ
1080 4552 1253 4606 ταῦτα
1280 4555 1534 4620 ἀπεχθῶς
1561 4555 1873 4605 διακεῖσθαι

309 4643 442 4710 πρὸς
465 4643 623 4694 αὑτὸν
652 4641 1014 4710 ἐπληροφόρει
1050 4645 1156 4694 πᾶν
1199 4643 1260 4694 τὸ
1320 4643 1581 4710 ὑπήκοον.
1621 4643 1874 4698 Τοιοῦτον

309 4735 373 4802 δή
406 4751 455 4786 τι
506 4735 601 4786 καὶ
641 4734 764 4802 περὶ
797 4732 892 4802 τὴν
937 4734 1180 4801 βασιλίδα
1231 4734 1463 4800 ἐγένετο.
1494 4728 1603 4784 Ἦν
1636 4751 1688 4786 τι
1722 4737 1874 4802 παρά

310 4829 423 4888 τοῖς
447 4828 766 4896 ἀνακτόροις
795 4825 1103 4895 ἀνθρώπιον
1135 4826 1229 4878 καὶ
1253 4825 1346 4878 τοῦ
1395 4825 1745 4893 νοῦ-πάσχον,
1781 4827 1874 4878 καὶ

311 4917 409 4985 τῆς
434 4915 686 4987 γλώσσης
706 4915 1053 4986 παρακοπὴν,
1079 4918 1172 4967 καὶ
1214 4912 1282 4984 ἦν
1317 4912 1428 4969 οἷον
1464 4915 1684 4985 ἀθυρμά
1715 4934 1767 4968 τι
1797 4916 1874 4984 τῷ

317 5007 561 5077 βασιλεῖ’
611 5007 687 5076 τῷ
712 5007 766 5058 δὲ
792 5007 1016 5075 τοιούτῳ
1047 5004 1370 5073 τυγχάνοντι
1402 5002 1468 5074 ἦν
1500 5009 1592 5058 καὶ
1624 5009 1655 5076 ή
1689 5024 1878 5074 γυναι-

318 5098 530 5159 κωνίτις
564 5096 722 5166 βατή.
760 5099 866 5149 Καί
907 5115 1038 5150 ποτε
1085 5095 1177 5148 τὸν
1225 5095 1322 5162 τῆς
1356 5096 1670 5166 Αὑγούστης
1702 5097 1874 5149 είσεσι

318 5189 559 5258 θάλαμον
609 5204 622 5218 ο
673 5190 705 5256 ἠ
736 5189 779 5240 δ’
815 5189 970 5260 ἔτυχε
1006 5191 1127 5241 τότε
1162 5188 1322 5254 ἁγίας
1370 5187 1584 5250 εἰκόνας
1639 5189 1885 5252 ἀσπαζο-

325 5281 459 5346 μένη
491 5279 582 5332 καὶ
614 5281 997 5346 προσκυνοῦσα
1020 5281 1206 5348 (ἐτίμα
1235 5279 1342 5346 γὰρ
1389 5277 1545 5342 διαφε
1559 5278 1757 5344 ριᾶντως
1783 5282 1886 5330 αὺ-

321 5372 417 5442 τὰς
439 5371 628 5440 ἀγνοίᾳ
658 5371 748 5422 τοῦ
785 5373 1144 5440 ξυνευνὲτου)“
1179 5373 1237 5422 τὸ
1279 5370 1333 5422 δὲ
1382 5373 1886 5437 πΙρακεκομμὲνον

1958 3369 2162 3424 habere
2198 3369 2300 3435 (sic
2337 3368 2484 3420 enim
2522 3365 2784 3432 imagines
2826 3364 3077 3434 vocabat)
3113 3381 3245 3434 quas
3281 3366 3524 3434 ipsarum

1961 3458 2235 3528 capitibus
2272 3466 2328 3512 et
2360 3456 2604 3511 (aciebus
2644 3455 2962 3509 admoveret
3001 3463 3163 3524 atque
3199 3454 3520 3508 osculandas

1961 3552 2249 3619 praeberet.
2295 3549 2372 3602 Ex
2401 3562 2467 3601 eo
2508 3561 2631 3600 cum
2682 3545 3025 3614 cognovisset
3064 3544 3254 3598 filiolas
3295 3544 3364 3596 ab
3401 3544 3520 3597 avia

1961 3643 2170 3696 cultum
2209 3654 2485 3694 sacrarum
2533 3637 2829 3707 imaginum
2868 3635 3092 3690 doceri:
3134 3650 3228 3690 eas
3266 3650 3371 3690 non
3412 3650 3524 3690 am-

1962 3734 2106 3803 plius
2159 3732 2222 3785 ad
2280 3730 2425 3783 illam
2478 3728 2741 3798 accedere
2792 3742 2990 3798 passus
3033 3735 3151 3792 est,
3197 3742 3375 3797 neque
3421 3728 3525 3782 alia
3571 3801 3577 3806 η

1967 3825 2216 3877 molestia
2277 3821 2647 3875 Theoctistam
2713 3819 2929 3883 aﬂ'ecit,
2989 3834 3150 3888 quam
3201 3828 3257 3874 et
3309 3830 3527 3889 propter

1965 3913 2285 3968 affinitatem
2316 3921 2372 3966 et
2408 3911 2578 3980 magis
2608 3914 2777 3964 etiam
2811 3909 2881 3964 ob
2910 3911 3170 3962 virtutem
3203 3909 3526 3963 verebatur:

1967 4021 2089 4061 cum
2131 4003 2355 4073 quidem
2403 4017 2544 4070 saepe
2595 4001 2664 4056 ab
2709 4015 2768 4054 ca
2819 3999 3336 4069 reprehenderetur,
3385 3998 3528 4066 quod

1968 4095 2308 4149 orthodoxos
2332 4092 2576 4163 puniret,
2609 4100 2663 4145 et
2688 4091 2860 4145 sacris
2891 4088 3220 4158 imaginibus
3249 4097 3525 4140 contume-

1968 4183 2093 4236 liam
2120 4181 2345 4243 faceret,
2375 4180 2546 4246 iisque
2576 4179 2735 4231 rebus
2755 4176 3005 4231 omnium
3037 4174 3378 4230 subditorum
3407 4175 3529 4227 odia

1968 4269 2483 4340 susciperet.Sitnile
2505 4269 2760 4340 quiddam
2781 4269 2940 4322 etiam
2963 4267 3292 4337 lmperatriei
3311 4266 3528 4322 accidit.

1971 4363 2104 4417 Erat
2135 4364 2188 4415 in
2215 4365 2362 4432 regia
2389 4362 2611 4431 quidam
2637 4360 2934 4414 homuncio
2967 4360 3174 4414 delirus
3196 4368 3249 4412 et
3273 4359 3528 4426 impedita

1973 4456 2195 4524 lingua,
2244 4469 2406 4523 quem
2457 4454 2750 4522 imperator
2792 4453 2843 4504 in
2889 4451 3098 4504 deliciis
3143 4451 3404 4510 habebat,
3440 4452 3523 4503 cui

1973 4548 2137 4599 etiam
2174 4547 2227 4598 in
2257 4543 2707 4614 gynaeconitidem
2740 4542 2957 4611 patebat
2983 4541 3181 4594 aditus.
3224 4541 3523 4608 Aliquando

1974 4636 2141 4705 igitur
2191 4635 2246 4688 in
2291 4634 2654 4701 imperatricis
2704 4632 3000 4686 thalamum
3052 4630 3360 4698 ingressus,
3407 4642 3529 4680 cum

1975 4728 2064 4780 illa
2099 4741 2283 4780 sacras
2333 4725 2594 4794 imagines
2636 4722 2976 4777 oscularetur
3019 4729 3071 4776 cl
3114 4719 3364 4773 adoraret
3408 4721 3534 4776 (eas

1975 4818 2124 4873 enim
2151 4819 2290 4872 clam
2321 4816 2517 4870 marito
2549 4829 2711 4885 supra
2741 4810 2959 4866 modum
2993 4809 3334 4873 honorabat),
3359 4821 3537 4860 sacras

1978 4909 2189 4978 effigies
2212 4908 2582 4977 conspicatus,
2611 4904 2740 4974 quid
2777 4909 2958 4958 essent
3021 4898 3210 4968 rogat?
3247 4898 3538 4965 respondet

1983 5001 2072 5054 illa
2105 5000 2466 5068 simpliciter:
2503 4997 2756 5050 Pulchras
2780 5011 2903 5049 suos
2929 5010 3096 5065 pupa:
3126 5007 3247 5044 esse.
3281 4989 3542 5055 Egressus

1984 5105 2176 5144 vecors
2201 5091 2518 5151 homuncio,
2551 5088 2914 5158 Theophilum
2945 5086 3000 5140 in
3028 5083 3276 5138 convivio
3303 5080 3543 5148 reperit;

1985 5182 2354 5249 interrogatus
2401 5180 2839 5235 underveniret?
2879 5179 2923 5230 A
2977 5177 3198 5242 Manna,
3243 5173 3543 5243 respondit,

1986 5278 2065 5331 sic
2099 5277 2244 5330 enim
2278 5275 2563 5328 Dominam
2602 5273 2849 5334 vocabat,
2883 5285 3114 5338 eamque
3156 5269 3410 5337 pulchras
3441 5282 3542 5335 pu-

1989 5387 2084 5439 pas
2115 5369 2316 5422 habere
2347 5369 2502 5420 dixit.
2534 5367 2830 5434 Imperator
2859 5372 3039 5417 autem
3069 5377 3241 5430 pupas
3287 5360 3544 5429 imagines

1504 5527 1701 5587 Variis
1747 5526 2050 5589 lectiones
2100 5536 2161 5589 et
2206 5537 2394 5590 notas.

403 5651 518 5721 (9.1)
544 5654 647 5703 Kal
676 5651 745 5704 τὰ
775 5653 841 5715 ἐξ
871 5653 1174 5718 ἐμπορίας.
1207 5651 1494 5721 Τὴιιοιιιιῐιῑ
1537 5663 1716 5704 tamen
1746 5655 1889 5707 alias

336 5720 613 5788 avaritiam
652 5724 966 5788 perstringit
993 5723 1228 5788 scriptor
1265 5720 1372 5774 tus.
1406 5725 1537 5774 Vitae
1571 5725 1625 5774 ὃ.
1657 5722 1884 5776 Joanni-

337 5785 408 5839 cii
448 5806 460 5840 :
493 5785 618 5857 Εἶχε
653 5785 747 5858 μὲν
775 5791 878 5859 γάρ
893 5785 969 5843 *τὰ
1012 5785 1292 5859 Ῥωμαίων
1322 5793 1574 5861 σκῆπτρα
1607 5794 1884 5861 Θεόφιλος·

1982 5655 2020 5704 ὁ
2046 5655 2102 5706 δὲ
2147 5653 2377 5720 ἐπτόητο
2407 5669 2463 5703 τε
2491 5667 2552 5701 πε
2568 5650 2619 5717 pi.
2649 5650 2737 5702 τὸν
2758 5648 2958 5720 χρυσον
3015 5647 3153 5720 ὅλος,
3219 5645 3312 5720 καὶ
3367 5642 3548 5693 τούτου

1995 5714 2406 5789 ἡττᾶτοςάλλως
2436 5738 2492 5772 τε
2522 5714 2837 5786 Χριστιανδς
2879 5714 3017 5768 εἶναι
3068 5716 3142 5784 μὴ
3186 5714 3386 5782 φέρων,
3429 5726 3549 5780 περι

1996 5793 2091 5855 τὰς
2127 5793 2274 5854 θείας
2303 5809 2357 5842 τε
2393 5790 2604 5843 ἀσεϐῶν
2635 5791 2994 5851 εἰκόνας,οις.
