4098 6412
906 390 1627 402 -----ι--ν-ο-ο
1635 384 3104 402 ᾝΜΜΣ

280 382 3511 448 ω

1610 427 1738 438 Α..

1610 427 1738 438 ,α-ι

870 594 1620 730 ΙΩΑΝΝΟΥ
1708 593 2057 729 ΤΟΥ
2133 496 3009 725 ΑΣΚΗΤΟΥῠ

576 853 1362 1094 ΤΟΥ
1602 850 3243 1092 ΖΩΝΑΡΑ

415 1180 822 1235 ΓΕΓΟΝΟἸῸΣ
880 1183 1019 1235 ΤΟΥ
1075 1182 1405 1236 ΜΕΓΔΛΟΥ
1471 1181 1946 1236 ΔΡΟΥΙΤΑΡΙΟΥ
2020 1182 2154 1235 ΤΗΣ
2226 1181 2498 1248 ΒΙΓᾹΑΣ,
2565 1182 2684 1235 ΚΑΙ
2758 1177 3388 1235 ΠΡΩΤΟΑΣΙΙΚΡΗΤΙΣ

1167 1351 2654 1560 ΧΡΟΝΙΚΟΝ.

673 1766 1825 2051 JOANNIS
1958 1755 3131 2055 ZONAB/E

773 2392 1036 2455 MAGNI
1078 2392 1346 2452 ΑΝΤΕΑ
1394 2388 1728 2451 \'lGILUM
1775 2385 2179 2449 PBIEFEC'H
2222 2390 2325 2450 ET
2369 2387 2686 2464 ΡΡιΙΜΙᾈ
2735 2387 3110 2452 SECRETIS

1376 2586 2442 2768 ANNALES.

1088 2890 1466 2956 CAROLUS
1502 2890 1622 2951 DU
1654 2887 2017 2963 FRESNE,
2056 2886 2256 2952 DUM.
2296 2889 2413 2951 DU
2452 2888 2765 2966 CANGE,

838 3014 1011 3075 REGI
1040 3017 1085 3072 Α
1118 3015 1486 3083 CONSILIIS,
1530 3014 1625 3072 ET
1664 3013 2001 3093 FRANCle
2060 3014 2257 3071 APUD
2294 3015 2658 3074 AMBIANOS
2696 3016 3062 3085 QUIESTOR,

291 3160 708 3213 WOLFIANAH
724 3158 1112 3211 EDITIONEM
1141 3155 1616 3209 CUMSCRIPTIS
1629 3154 1995 3207 CODIGIBUS
2011 3154 2383 3216 CONTULIT,
2404 3154 2716 3208 LATINAH
2737 3156 3130 3208 VERSIONEM
3147 3159 3552 3222 RECENSUH'.

1369 3263 1678 3315 ANNALES
1712 3261 1929 3314 NOTIS
1966 3260 2452 3314 ILLUSTBAVIT.

1366 3542 1864 3624 DUCANGII
1944 3542 2498 3622 PREFATIO.

367 3722 543 3777 Nemo
572 3730 661 3778 est
698 3731 820 3777 tttm
853 3737 921 3778 ex
952 3722 1156 3779 nostris
1188 3729 1305 3777 tum
1354 3723 1524 3779 etiam
1582 3724 1789 3780 exteris
1835 3721 1933 3794 (l),
1962 3723 2055 3793 qui
2112 3722 2336 3793 Regiam
2392 3723 2727 3793 scriptorum
2776 3721 3202 3794 Byzantinornm
3246 3718 3552 3784 editionem

289 3816 449 3870 velut
496 3816 761 3870 eximium
791 3814 1013 3870 Gallica:
1048 3814 1472 3885 magniﬁcentia:
1499 3824 1920 3870 monumentum
1954 3827 2064 3867 non
2097 3811 2379 3880 suspiciat.
2410 3811 2475 3864 Et
2502 3811 2700 3865 merito
2715 3826 2849 3866 sane
2882 3827 2945 3866 ac
2970 3813 3097 3883 jure
3123 3815 3353 3884 Optimo,
3394 3831 3547 3883 cum,

309 3911 686 3973 praeterquam
710 3902 857 3972 quod
892 3902 1178 3957 historiam
1220 3903 1404 3956 minus
1432 3904 1699 3959 hactenus
1722 3915 1909 3963 notam
1939 3911 1996 3955 et
2036 3914 2161 3969 qum
2190 3907 2270 3952 tot
2307 3914 2492 3952 rerum
2517 3897 2734 3953 eventis
2767 3899 3032 3966 varietur,
3070 3900 3412 3973 Romanique
3442 3905 3551 3958 im-

289 3989 436 4058 perii
470 3990 734 4044 universo
782 4004 925 4058 pene
953 3989 1075 4044 orbi
1116 3989 1251 4044 olim
1298 3989 1637 4045 dominantis
1679 4004 1881 4043 causas
1919 3985 2302 4041 inclinationis
2330 3993 2496 4055 atque
2538 3986 2715 4040 ruinae
2744 3986 2816 4040 ob
2853 3988 3047 4043 oculos
3073 3999 3366 4058 proponat,
3412 3994 3553 4063 typis

292 4075 394 4129 illa
427 4085 538 4129 tam
569 4077 921 4146 elegantibus
954 4077 1387 4145 chartarumque
1437 4075 1816 4145 magnitudine
1843 4074 2115 4130 adornata
2156 4073 2271 4126 exit
2319 4072 2373 4126 in
2409 4071 2712 4141 publicum.
2744 4084 2805 4127 ut
2838 4075 3133 4143 quamdam
3162 4092 3278 4146 pra:
3320 4094 3379 4132 se
3414 4080 3549 4135 ferat

292 4163 667 4233 maiestatem,
698 4172 757 4217 et
790 4171 1066 4234 quotquot
1093 4164 1309 4218 litteras
1338 4172 1529 4218 amant
1572 4162 1640 4217 ad
1682 4162 1769 4218 sui
1802 4162 2099 4217 lectionem
2129 4158 2537 4228 quodammodo
2575 4158 2838 4213 sollicitet
2863 4169 2920 4213 et
2956 4161 3189 4215 alliciat.
3217 4162 3289 4217 At
3314 4178 3440 4218 cum
3467 4174 3553 4218 tot

288 4252 446 4305 inter
478 4251 648 4321 llcgio
680 4251 787 4305 isto
816 4259 1084 4321 apparatu
1133 4250 1397 4320 insignes,
1421 4250 1652 4305 Joannis
1686 4249 1916 4304 Zonarae
1944 4246 2187 4302 Annales
2215 4245 2405 4300 Graece
2438 4247 2607 4300 semel
2638 4245 2932 4315 minusque
2956 4244 3132 4302 nitide
3159 4249 3457 4319 impressos
3486 4270 3551 4307 ac

290 4336 357 4391 in
388 4352 632 4406 pmsens
662 4336 903 4392 rariores
942 4336 1192 4406 plerique
1221 4352 1289 4391 ex
1323 4336 1557 4391 eruditis
1583 4335 1886 4392 desiderari
1928 4334 2295 4398 monuissent,
2334 4334 2417 4387 vir
2459 4333 2871 4388 illustrissimus
2900 4335 3148 4390 marchio
3190 4338 3259 4392 de
3287 4339 3548 4403 Louvois,

184 4424 211 4444 '
288 4424 414 4493 regi
449 4423 522 4478 ab
563 4422 774 4478 intimis
814 4423 1065 4477 consiliis
1089 4431 1144 4477 et
1189 4422 1443 4489 secretis,
1477 4424 1636 4493 cujus
1660 4437 1810 4477 curae
1839 4421 2073 4478 aediﬁcia
2108 4421 2299 4492 Regia,
2343 4431 2512 4486 artes,
2551 4420 2777 4490 ipsaque
2826 4424 3184 4494 typograpliia
3222 4426 3389 4496 Regia
3422 4442 3549 4496 per-

284 4510 467 4564 missa
497 4520 648 4577 sunt,
681 4510 739 4564 in
772 4510 915 4565 idem
948 4509 1116 4566 etiam
1147 4510 1446 4565 consilium
1478 4510 1829 4579 conspirante
1870 4508 2244 4564 illustrissimo
2278 4508 2446 4562 fratre
2489 4507 2908 4579 archiepiscopo
2933 4511 3231 4567 Rbemensi
3268 4529 3332 4567 ac
3370 4515 3549 4585 primo

290 4597 544 4652 Francia:
565 4598 709 4668 pari,
741 4612 841 4668 pro
872 4597 1062 4651 innato
1092 4612 1202 4651 non
1241 4596 1451 4666 vulgari
1480 4612 1610 4666 erga
1638 4596 1854 4651 litteras
1881 4596 2080 4650 aﬂectu
2112 4604 2171 4649 ut
2197 4604 2390 4650 auctor
2415 4595 2584 4665 Regia
2614 4595 2858 4650 editione
2902 4597 3261 4667 dignissimus
3291 4601 3552 4656 ederetur

289 4687 573 4756 optimum
601 4685 804 4741 factum
836 4685 1016 4740 videri
1064 4684 1170 4739 sibi
1215 4684 1567 4755 signiﬁcavit.
1607 4683 1785 4739 llacce
1831 4682 1969 4737 mihi
2003 4682 2204 4737 deinde
2242 4682 2575 4737 demandata
2619 4682 2930 4751 provincia,
2969 4701 3081 4755 qua
3113 4687 3389 4743 doctiores
3413 4689 3551 4744 alios

288 4775 461 4845 longe
488 4773 689 4827 melius
717 4772 1081 4828 defuncturos
1117 4773 1248 4828 licet
1281 4772 1509 4827 minime
1549 4771 1819 4837 dubitem,
1846 4788 2072 4827 manum
2114 4773 2299 4827 statim
2343 4773 2586 4835 admovi,
2649 4772 2871 4827 codices
2899 4784 3116 4830 veteres
3146 4788 3414 4845 quantum
3453 4795 3549 4847 per

290 4870 520 4929 tempus
546 4860 713 4915 licuit
742 4860 937 4931 collegi
972 4868 1029 4916 et
1065 4861 1299 4927 contuli,
1333 4868 1605 4929 notasque
1638 4860 1814 4931 adjeci
1849 4877 1863 4914 :
1895 4861 2044 4932 quod
2073 4859 2455 4931 qualecunque
2479 4869 2585 4924 est,
2612 4859 3029 4931 aequibonique
3072 4865 3426 4920 consulturos
3450 4866 3552 4921 be-

288 4948 498 5016 nignos
524 4946 766 5003 lectores
791 4948 1032 5003 conﬁdo.

366 5039 670 5096 Enimvero
701 5049 762 5095 ut
786 5041 856 5097 de
885 5042 1036 5098 hisce
1076 5043 1169 5113 qui
1201 5059 1356 5099 nunc
1387 5042 1662 5113 prodeunt
1690 5042 1998 5098 Annalibus
2036 5057 2101 5098 ac
2140 5041 2209 5098 de
2240 5059 2434 5099 eorum
2465 5055 2692 5102 auctore
2714 5047 2927 5103 Zonara
2952 5048 3206 5118 quaedam
3246 5049 3548 5118 praemitta-

291 5143 443 5193 mus,
477 5128 583 5184 hos
620 5131 924 5198 praesertim
967 5130 1322 5186 commendat
1349 5130 1636 5200 scriptoris
1665 5130 1928 5196 eruditio,
1965 5146 2089 5201 quae
2121 5146 2232 5209 non
2272 5146 2341 5185 ex
2386 5130 2455 5186 iis
2483 5133 2650 5187 modo
2688 5135 2872 5206 colligi
2909 5144 3113 5204 potest.
3148 5135 3244 5189 sed
3285 5135 3450 5190 etiam
3482 5152 3550 5191 ex

291 5219 423 5274 aliis
444 5233 615 5288 quam
649 5219 907 5287 plurimis
955 5219 1241 5289 Operibus,
1270 5234 1507 5289 quorum
1540 5219 1778 5274 indicem
1814 5218 2009 5273 huicce
2053 5215 2365 5271 Prazfationi
2402 5218 2757 5289 subjicimus;
2789 5223 2845 5276 in
2885 5222 3088 5293 quibus
3131 5237 3311 5291 neque
3359 5237 3545 5276 rerum

287 5305 670 5374 cognitionem
705 5320 885 5372 neque
914 5321 1041 5361 acre
1076 5307 1161 5360 vel
1193 5306 1431 5361 solidum
1469 5305 1743 5378 judicium
1778 5312 1836 5375 ut
1873 5320 1976 5360 nec
2005 5304 2263 5374 pietatem
2292 5304 2566 5374 quispiam
2597 5307 2897 5364 desideret.
2934 5308 3079 5375 Quin
3107 5310 3271 5363 etiam
3307 5308 3353 5364 si
3394 5320 3550 5363 nata-

291 5396 431 5450 lium
462 5393 732 5463 splendor
761 5394 1014 5464 gestique
1058 5395 1112 5449 in
1158 5396 1553 5464 imperatorum
1581 5394 1800 5464 palatiis
1832 5391 2184 5463 magistratus
2209 5392 2673 5450 existimationem
2706 5397 2944 5467 aliquam
2971 5396 3226 5466 scriptori
3254 5397 3549 5452 conciliare

290 5493 548 5554 possunt,
577 5480 728 5553 quod
750 5496 917 5536 nemo
947 5481 1091 5537 forte
1113 5483 1169 5537 in
1201 5483 1433 5537 dubium
1464 5482 1830 5547 revocaverit,
1859 5480 1928 5534 de
1968 5482 2063 5536 illo
2086 5482 2363 5552 praecipue
2396 5483 2490 5554 qui
2521 5483 2589 5540 de
2623 5485 2789 5540 rebus
2819 5486 3081 5556 politicis,
3107 5487 3163 5538 in
3196 5485 3400 5555 quibus
3429 5501 3551 5539 ver-

358 5661 439 5734 (1)
471 5658 630 5714 Mart.
676 5656 926 5714 llankius
960 5656 1013 5715 ii.
1092 5657 1286 5715 .rzrl‘at.
1319 5656 1385 5711 ad
1435 5656 1533 5713 lib.
1578 5657 1655 5710 De
1695 5658 1876 5726 script.
1905 5655 2130 5728 Byzant.

605 5754 891 5815 ΡΑτιιοι..
926 5748 1044 5814 Gn.
1079 5752 1421 5814 CXXXIV.

2962 5753 2968 5761 ’
3222 5756 3253 5812 1
