4098 6394
513 377 575 440 ιι
1920 374 2024 435 DU
2065 374 2127 434 Cl

2233 376 2331 436 ’ὶιί
3706 375 3777 439 1‘2

508 501 661 546 satus
686 502 790 557 est,
826 488 1072 545 scribere
1123 488 1465 559 aggreditur,
1520 501 1586 541 eo
1639 501 1769 540 sane
1824 484 2099 539 celebrari
2156 487 2361 555 poterit
2405 496 2464 542 et
2511 486 2627 557 ipse
2659 487 2903 542 Zonaras
2952 501 3162 557 :quem
3211 486 3548 566 ctetcroqnin
3580 486 3650 539 ab
3681 487 3779 541 illo

508 586 743 649 Zonara,
785 583 878 653 qui
916 583 1019 637 sub
1063 580 1432 637 Constantino
1448 576 1929 648 Porphyrogenito
1963 575 2168 630 Leonis
2200 574 2480 645 Sapientis
2514 574 2627 629 ﬁlio
2657 574 2711 628 in
2743 575 2866 629 aula
2894 574 3033 628 vixit
3060 576 3159 643 (2),
3190 589 3365 643 genus
3399 574 3623 628 duxisse
3652 590 3778 627 sua-

509 675 604 729 det
633 674 860 727 omnino
896 671 1140 726 nominis
1189 668 1519 724 similitudo.
1570 667 1787 736 Quippe
1823 667 1880 720 in
1926 664 2159 721 Joannis
2187 671 2245 716 et
2276 662 2547 716 Manuelis
2571 661 2863 725 Comneni,
2915 662 3123 731 quibus
3171 662 3579 731 imperantibus
3619 662 3776 722 vixit,

514 762 746 832 palatio,
773 760 954 829 magni
994 758 1303 827 vigiliarum
1337 756 1625 826 drungarii
1650 770 1769 815 seu,
1803 764 1864 808 ut
1894 752 2076 807 Latini
2111 748 2440 813 efferebant,
2471 749 2696 818 vigilum
2729 748 2972 817 prtefecti
2996 764 3057 803 ac
3094 749 3257 817 primi
3290 765 3319 801 a
3350 750 3582 802 secretis
3611 759 3779 818 gestre

502 848 828 919 dignitates,
865 848 1010 901 inter
1050 845 1386 899 illustriores
1409 858 1629 912 semper
1662 842 1883 905 habite,
1906 856 2106 911 magno
2127 838 2300 893 fuisse
2331 837 2476 907 apud
2506 838 2873 907 imperatores
2895 838 3017 892 loco
3052 837 3185 891 satis
3215 845 3473 906 arguant.
3506 839 3684 905 Atque
3711 853 3778 888 ex

495 953 600 1001 σου,
631 937 685 991 ni
720 936 903 1000 fallor,
931 949 963 989 ι
995 932 1291 988 Theodoro
1315 932 1641 987 Balsamonc
1668 930 1744 999 (5)
1779 939 1835 983 et
1859 947 1886 983 a
1913 929 2169 983 Matthzeo
2200 927 2445 979 Blastaie
2478 924 2557 994 (4)
2590 925 2878 994 ὑπερφυής
2906 923 3189 993 ἰιιᾶἰίιὶιειιιέί
3223 926 3385 988 solet,
3421 924 3567 993 quod
3594 934 3781 978 essent

512 1026 660 1079 inter
705 1023 1013 1079 senatorias
1046 1021 1357 1092 praecipuae.
1396 1032 1521 1075 cum
1550 1019 1721 1073 hocce
1770 1018 2019 1086 epitheto
2070 1021 2323 1069 senatum
2360 1025 2423 1065 ac
2474 1012 2627 1081 ipsos
2666 1021 2952 1065 senatores
2987 1010 3181 1064 donari
3211 1012 3406 1065 solitos
3432 1020 3669 1074 constet,
3697 1012 3778 1063 nti

512 1112 643 1166 alibi
692 1112 1058 1165 observamus
1106 1109 1183 1179 (5)
1219 1126 1231 1160 :
1272 1123 1383 1176 quo
1411 1106 1636 1175 quidem
1682 1115 1738 1159 et
1784 1104 2050 1158 nobilitas
2076 1100 2297 1173 generis
2324 1109 2380 1155 et
2414 1100 2837 1170 magistratuum
2862 1098 3122 1168 splendor
3151 1100 3505 1168 exprimitur,
3534 1115 3681 1164 cum,
3723 1109 3782 1152 ut

513 1201 590 1255 ait
621 1198 925 1271 Gregorius
954 1196 1339 1252 Nazianzenus
1366 1196 1467 1264 (ﬁ),
1510 1193 1768 1262 μέγιστον
1801 1192 1881 1254 εἰς
1912 1192 2125 1257 εὐγενεί

2233 1191 2507 1255 ἀπόδειξιν
2538 1190 2847 1260 συγκλήτου
2878 1190 3138 1250 μετουσία
3168 1189 3459 1243 habeatur.

585 1288 788 1342 Verum
818 1284 1090 1339 abdicatis
1111 1292 1302 1353 postea
1332 1280 1591 1351 palatinis
1616 1279 1791 1343 curis,
1816 1293 1928 1347 quo
1966 1277 2070 1331 sibi
2114 1279 2168 1331 in
2196 1279 2390 1348 primis
2418 1287 2641 1333 vacaret
2663 1278 2969 1345 animaeque
3010 1277 3174 1330 saluti
3207 1276 3554 1343 consuleret,
3590 1294 3784 1333 mona-

499 1376 682 1429 -ιτιιιιηι
713 1373 919 1431 induit.
958 1372 1265 1439 relictaque
1299 1369 1437 1423 urbe
1466 1367 1693 1437 imperii
1726 1365 1991 1436 primaria
2018 1366 2073 1419 in
2107 1365 2344 1421 insulam
2374 1365 2741 1445 remotiorem
2784 1364 3014 1420 secessit
3044 1382 3056 1418 :
3087 1364 3235 1434 quod
3272 1364 3506 1434 ipsemet
3555 1366 3609 1419 in
3642 1367 3787 1420 ἰδιω-

517 1463 726 1517 fatione
762 1461 829 1514 ad
852 1459 1096 1513 Annales
1121 1464 1393 1513 testatur:
1421 1469 1533 1525 quo
1560 1456 1684 1509 loco
1716 1455 1768 1507 in
1792 1453 1870 1507 iis
1888 1461 1956 1506 ιιι
1980 1468 2084 1523 par
2098 1462 2219 1508 erat
2241 1452 2665 1509 conscribendis
2691 1452 2964 1506 librorum
3001 1452 3280 1507 delectum
3312 1459 3595 1518 causatur,
3619 1454 3784 1517 αὐτὸς

517 1551 812 1619 ὑπερόριος
849 1547 926 1599 ὢν
957 1548 1052 1600 καὶ
1083 1545 1278 1617 «apem
1308 1544 1403 1597 τοῦ
1436 1545 1644 1604 ᾶστεως
1674 1543 1732 1595 ὲν
1758 1540 1935 1611 νησῖδι
1960 1541 2127 1593 ἐνδιαι

2233 1559 2399 1602 ιενος.
2428 1541 2560 1607 Qua:
2583 1556 2714 1595 vero
2742 1540 2909 1595 fuerit
2929 1538 3171 1594 insulula
3207 1540 3336 1604 ista,
3362 1548 3516 1594 tanto
3550 1542 3621 1596 ab
3648 1543 3786 1596 urbe
3836 1601 3857 1620 ἀ

518 1637 697 1708 spatio
732 1635 1034 1704 disparata,
1066 1648 1178 1686 non
1215 1640 1532 1701 promptum
1564 1638 1649 1683 est
1673 1628 1926 1698 assequi;
1969 1627 2067 1682 sed
2097 1627 2180 1681 vel
2206 1627 2333 1681 inde
2357 1628 2549 1702 saltem
2581 1626 2712 1681 licet
2738 1626 3035 1696 conjicere,
3070 1626 3261 1679 venire
3299 1626 3353 1679 in
3380 1626 3612 1680 dubium
3635 1627 3785 1696 quod
3844 1622 3851 1629 ’

519 1723 688 1778 tradit
710 1721 959 1776 Andreas
987 1719 1293 1779 Thevetus,
1338 1718 1578 1787 scriptor
1610 1716 1954 1785 czcteroquin
1990 1715 2046 1767 in
2082 1716 2208 1768 aliis
2245 1717 2391 1770 haud
2422 1726 2588 1771 certa:
2630 1716 2778 1779 ﬁdei,
2813 1732 2910 1770 sua
2934 1725 3097 1770 aetate
3131 1719 3310 1771 visum
3343 1716 3525 1771 adhuc
3559 1718 3611 1770 in
3644 1733 3786 1786 quo-

519 1813 644 1865 dam
674 1808 874 1863 Montis
904 1807 1089 1862 Sancti
1128 1807 1223 1874 (ita
1256 1805 1429 1859 Athos
1467 1804 1633 1858 hodie
1669 1802 2001 1873 appellatur)
2034 1803 2367 1856 monasterio
2393 1805 2620 1857 Zonarae
2653 1804 2996 1874 epitaphium
3026 1802 3180 1857 hisce
3214 1803 3397 1858 verbis
3423 1814 3782 1874 conceptum:

527 1897 794 1951 ΕΝΤΛΔΕ
819 1894 1133 1948 ΖΩΝΑΡΑΣ
1168 1891 1557 1955 KEII‘AI,'nisi
1588 1891 1694 1944 sth
1736 1890 2127 1944 vittarcxtrctn:1

2268 1891 2492 1945 dicatur
2517 1892 2860 1946 concessisse
2897 1893 2997 1963 (τ).

589 1987 885 2055 Utcunque
923 1982 991 2037 de
1024 1982 1127 2036 hac
1164 1997 1225 2036 re
1255 1983 1350 2045 sit,
1390 1981 1477 2034 vix
1517 1981 1730 2050 aliquot
1760 1979 1814 2033 in
1856 1981 2130 2033 asceterio
2161 1989 2339 2033 annos
2371 1989 2651 2049 exegerat,
2689 1996 2815 2035 cum
2854 1996 2981 2033 eum
3006 1996 3325 2035 convenere
3346 1982 3516 2036 amici
3549 1982 3629 2052 (8)
3654 1983 3788 2035 hor-

522 2076 730 2144 tatique
759 2079 976 2127 suntut
1005 2070 1317 2124 solitarium
1347 2067 1491 2123 istttd
1520 2067 1696 2122 otium
1729 2067 1784 2121 in
1823 2068 2106 2136 negotium
2140 2065 2365 2143 aliquod
2402 2066 2705 2131 conferret,
2743 2067 2891 2137 quod
2920 2078 2976 2122 et
3002 2084 3115 2121 rem
3163 2068 3441 2138 publicam
3482 2070 3702 2139 juvaret
3732 2081 3791 2124 et

523 2171 747 2215 :t-tcrna‘.
787 2158 914 2212 vita:
936 2158 1223 2227 praemium
1270 2156 1376 2210 sibi
1423 2155 1753 2209 conciliaret
1785 2171 1797 2206 :
1825 2154 1974 2223 quod
2007 2154 2231 2222 quidem
2266 2154 2500 2207 maxime
2528 2155 2749 2223 assequi
2785 2156 2981 2210 liceret
3004 2156 3048 2209 si
3086 2156 3377 2209 historiam
3411 2157 3793 2211 conscriberet

521 2264 644 2317 qua:
674 2255 733 2301 et
758 2254 1043 2300 resecaret
1073 2256 1480 2312 supervacanea
1498 2252 1553 2295 et
1585 2258 1672 2296 res
1705 2249 2014 2295 memoratu
2054 2240 2336 2310 digniores
2370 2242 2523 2295 nullo
2547 2242 2844 2295 verborum
2869 2242 3079 2296 ambitu
3113 2244 3168 2296 in
3194 2244 3584 2312 compendium
3608 2246 3791 2315 quod-

519 2337 649 2389 dam
684 2333 1063 2388 contraheret.
1093 2331 1201 2384 Eos
1228 2330 1378 2383 enim
1425 2329 1519 2399 qui
1567 2329 1624 2381 in
1668 2329 1840 2382 hocce
1880 2328 2201 2398 scriptionis
2225 2343 2424 2399 genere
2459 2343 2684 2397 operam
2715 2328 2984 2383 hactenus
3014 2329 3397 2394 collocassent,
3433 2346 3618 2385 rerum
3655 2347 3795 2400 quas

522 2428 787 2477 enarrant
826 2420 1027 2474 seriem
1059 2419 1173 2473 fere
1209 2431 1428 2487 semper
1463 2417 1871 2484 interrumpere
1900 2415 2195 2469 inutilibus
2218 2415 2601 2486 παρεκδὰσεσι
2639 2431 2735 2470 seu
2764 2416 3108 2479 excessibus,
3136 2417 3221 2470 vel
3257 2417 3425 2471 etiam
3457 2416 3797 2487 descriptio-

518 2511 691 2565 nibus
727 2517 824 2563 aut
869 2507 1256 2569 concionibus,
1291 2513 1456 2574 atque
1481 2504 1622 2559 adeo
1652 2504 2062 2573 intempestivis
2098 2516 2156 2558 et
2191 2518 2314 2573 quae
2342 2503 2641 2557 annalibus
2669 2518 2864 2571 parum
2905 2502 3242 2556 conveniant
3280 2502 3349 2557 de
3383 2502 3649 2571 rtligione
3677 2501 3793 2555 dis-

526 2595 931 2668 putationibus,
965 2594 1097 2649 dutn
1144 2593 1271 2647 ﬁdei
1334 2592 1595 2663 mysteria
1640 2601 1927 2663 exponunt
1972 2592 2059 2646 vel
2109 2592 2351 2647 haereses
2394 2591 2683 2645 confutare
2734 2590 3153 2659 aggrediuntur,
3204 2591 3602 2659 argumentisc
3639 2604 3796 2643 sacra

513 2686 815 2757 Scriptura
846 2684 931 2737 vel
961 2698 992 2737 e
1022 2681 1232 2737 sanctis
1260 2679 1519 2735 Patribus
1552 2680 1762 2750 petitis.
1791 2680 2006 2747 Quibus
2026 2678 2254 2749 quidem
2276 2694 2354 2731 ex
2385 2676 2742 2746 dlll‘OHOIOgls
2790 2676 3000 2744 aliquot
3035 2677 3409 2745 suggillabant
3433 2676 3528 2745 qui
3559 2692 3623 2730 ca
3654 2685 3797 2730 tem-

518 2779 739 2841 .pcstate
782 2771 839 2823 in
878 2769 1126 2823 omnium
1160 2766 1419 2821 manibus
1450 2767 1838 2831 versabantur,
1870 2776 2155 2821 auctorem
2204 2767 2349 2819 forte
2393 2764 2657 2820 Cbroniei
2700 2761 2848 2831 quod
2883 2763 3317 2817 Alexandrinum
3354 2771 3574 2827 vocant,
3625 2763 3799 2818 Geor-

526 2860 676 2929 gium
708 2857 1044 2933 Syncellum,
1079 2854 1376 2926 Georgium
1425 2853 1831 2919 llamartolum,
1860 2853 2161 2923 Georgium
2200 2851 2543 2918 Ccdrenum,
2577 2851 2830 2918 aliosque
2872 2864 3112 2918 quorum
3147 2850 3351 2920 scripta
3385 2850 3660 2922 ejusmodi
3702 2867 3799 2907 su-

530 2945 888 3014 jervacaneis
921 2942 1253 2997 excursibus
1282 2942 1486 3010 passim
1517 2950 1756 2997 scatent.

601 3033 804 3087 Verum
840 3030 1056 3084 tametsi
1084 3029 1224 3082 duas
1243 3028 1680 3099 reslanguorem
1704 3026 1906 3081 all'erre
1935 3026 2161 3091 animis,
2192 3026 2369 3080 otium
2401 3036 2458 3081 et
2483 3026 2868 3094 soli-tudinem,
2899 3028 3045 3098 quod
3080 3026 3262 3081 aiebat
3297 3026 3535 3091 Tullius,
3564 3042 3798 3096 persua-

530 3135 654 3174 sum
688 3118 938 3179 haberet,
971 3125 1027 3171 et
1055 3114 1202 3186 apud
1245 3114 1614 3179 Christianos,
1646 3129 1712 3169 ac
1744 3114 2046 3169 monachos
2081 3114 2137 3168 in
2169 3112 2387 3182 primis,
2423 3127 2626 3181 pravas
2656 3114 2777 3167 illas
2810 3130 2910 3168 seu
2949 3114 3319 3183 cogitationes
3351 3112 3668 3182 (λογισμούς
3700 3130 3797 3167 as-

530 3204 694 3260 cetiei
720 3202 940 3272 vocant)
963 3217 1059 3256 seu
1086 3199 1445 3271 cupiditates,
1486 3216 1610 3271 qua:
1635 3208 1876 3255 mentem
1915 3213 1945 3252 a
1970 3201 2211 3270 negotiis
2238 3215 2469 3254 vacuam
2511 3200 2773 3255 invadere
2803 3202 2987 3255 solent
3019 3212 3072 3255 et
3108 3201 3161 3254 in
3187 3210 3411 3270 peccata
3443 3203 3558 3255 fere
3580 3215 3803 3271 semper

532 3298 898 3362 demergunt:
934 3304 1167 3344 avocare
1212 3288 1432 3343 unicam
1481 3303 1643 3358 posse
1685 3287 2135 3358 occupationem,
2170 3302 2317 3357 aegre
2374 3295 2560 3342 tamen
2608 3288 2777 3341 cessit
2805 3288 3112 3343 amicorum
3145 3288 3480 3352 hortatibus,
3521 3303 3649 3342 cum
3681 3304 3801 3342 rem

533 3396 655 3435 esse
698 3385 954 3433 cerneret
980 3392 1103 3447 quae
1137 3375 1430 3441 librorum,
1466 3375 1675 3445 quibus
1705 3376 1958 3440 carebat,
2008 3374 2223 3444 copiam
2259 3375 2582 3443 postularet.
2618 3375 2689 3428 At
2732 3376 2995 3430 vellicare
3041 3375 3078 3428 ii
3129 3390 3239 3428 non
3278 3374 3435 3444 prius
3464 3376 3805 3430 destiterunt

533 3481 696 3538 quam
727 3463 1078 3533 improbitate
1095 3462 1414 3517 stimulandi
1446 3462 1513 3516 ad
1539 3461 1955 3532 suscipiendum
1980 3462 2514 3532 opnsimpulissent.
2543 3462 2733 3517 Victus
2756 3463 2920 3533 igitur
2950 3462 3302 3516 familiarium
3342 3462 3802 3533 ﬂagitationibus,

536 3564 590 3609 et
621 3568 788 3622 supra
832 3550 1014 3605 allatis
1040 3549 1317 3603 adductus
1348 3548 1678 3611 rationibus,
1707 3547 1774 3602 ad
1809 3549 2053 3602 Annales
2082 3548 2523 3603 conscribendos
2564 3564 2623 3604 se
2663 3550 2926 3615 accinxit,
2960 3565 3087 3603 cum
3138 3550 3192 3603 in
3229 3549 3335 3603 hoc
3366 3564 3587 3604 secessu
3613 3566 3802 3620 agens,

536 3641 632 3696 ubi
663 3639 731 3693 ad
759 3637 1108 3693 condendam
1144 3636 1432 3690 historiam
1464 3636 1762 3690 necessarii
1806 3635 1935 3689 libri
1986 3650 2097 3687 non
2131 3643 2512 3704 suppeterent,
2562 3636 2607 3690 si
2643 3652 2753 3690 non
2785 3636 2971 3690 omnia
3026 3636 3264 3690 dicenda
3313 3638 3803 3705 complecteretur,

536 3726 755 3782 veniam
785 3741 818 3779 a
851 3723 1094 3793 benigno
1120 3722 1327 3777 lectore
1357 3737 1417 3777 se
1447 3722 1871 3790 impetraturum
1902 3722 2063 3775 facile
2095 3721 2202 3776 sibi
2239 3723 2618 3791 persuaderet.
2657 3723 2715 3777 ln
2762 3740 2870 3794 qua
2913 3725 3252 3793 caeteroquin
3285 3725 3693 3779 conscribenda
3727 3726 3804 3780 ita

532 3824 622 3871 est
642 3822 917 3869 versatus.
954 3821 1014 3865 ut
1039 3809 1316 3881 praecipua
1338 3817 1395 3864 et
1425 3825 1549 3878 qua:
1569 3809 1806 3879 alicujus
1829 3809 2156 3863 viderentur
2186 3811 2456 3865 momenti
2482 3827 2592 3865 non
2619 3812 2895 3875 omiserit,
2919 3830 2937 3861 ι
2971 3827 3146 3880 eaque
3176 3813 3232 3864 in
3255 3812 3536 3881 epitomen
3561 3815 3808 3881 coegerit

532 3899 1013 3969 tanﬂtelcgantia,
1047 3898 1198 3952 salus
1224 3907 1285 3951 ut
1311 3897 1565 3951 videatur
1610 3908 1903 3952 assecutus
1934 3898 2086 3967 quod
2131 3908 2330 3952 contra
2360 3914 2549 3953 rerum
2586 3909 2845 3953 naturam
2876 3908 2980 3962 est,
3017 3899 3264 3952 brevitas
3302 3911 3364 3952 ut
3405 3900 3644 3953 obscura
3678 3914 3792 3952 non

530 3997 721 4052 esset;
755 4005 774 4038 ι
812 3986 962 4055 quod
995 3985 1064 4040 de
1092 3984 1294 4039 Pontio
1325 3984 1577 4046 Paulino,
1605 3984 1699 4053 qui
1735 3992 1849 4039 tres
1891 3984 2147 4039 Suetonii
2176 3985 2354 4039 libros
2383 3986 2451 4040 de
2480 3986 2726 4055 Regibus
2775 3986 2829 4040 in
2858 3986 3251 4055 compendium
3306 3986 3614 4056 redegerat,
3657 3987 3803 4042 dixit

543 4074 825 4132 Ausonius
850 4073 949 4143 t9).
977 4072 1212 4139 Quidam
1247 4072 1396 4127 enim
1428 4082 1579 4138 sunt,
1612 4082 1674 4126 ut
1713 4072 2106 4127 aiebat—Focas
2134 4071 2562 4138 Grammaticus,
2588 4074 2684 4141 qui
2730 4074 2839 4127 late
2882 4074 3221 4142 copioseque
3248 4073 3615 4143 scripserunt,
3646 4074 3720 4127 ita
3748 4084 3809 4128 ut

540 4161 821 4235 superﬂua
853 4160 1134 4215 interdum
1181 4161 1438 4214 ubertate
1493 4161 1829 4215 narrationis
1868 4161 2136 4215 memoria
2178 4161 2481 4229 legentium
2516 4161 2891 4215 confundatur
2920 4178 2933 4213 :
2962 4162 3080 4223 alii,
3110 4166 3241 4215 dum
3268 4162 3523 4215 brevitati
3557 4160 3805 4225 student,

538 4251 838 4306 admodum
870 4248 1130 4303 dill‘usam
1159 4257 1439 4302 coartasse
1470 4247 1780 4311 materiam,
1838 4259 1899 4301 ut
1951 4248 2128 4302 sterili
2155 4248 2487 4317 compendio
2535 4249 2673 4303 nihil
2719 4250 2788 4303 ad
2842 4250 3115 4321 integram
3156 4250 3447 4304 scientiam
3500 4249 3809 4303 lectoribus

540 4336 1079 4406 conferant..Neque
1125 4346 1307 4389 tamen
1351 4334 1460 4389 sibi
1514 4333 1615 4403 ipsi
1652 4334 1924 4394 satisfecit
1956 4335 2208 4397 omnino,
2252 4349 2379 4389 cum
2407 4337 2612 4405 quibus
2646 4337 2715 4390 ad
2756 4337 2943 4406 operis
2975 4336 3125 4406 quod
3175 4338 3231 4390 in
3273 4352 3471 4392 manus
3499 4347 3812 4406 sumpserat

540 4425 949 4496 absolutionem
980 4436 1208 4478 necesse
1233 4431 1354 4474 erat
1375 4420 1669 4475 codicibus
1695 4435 1940 4491 persaepe
1961 4431 2200 4483 careret,
2221 4438 2365 4489 quos
2380 4439 2505 4478 eum
2532 4424 2737 4493 saepius
2765 4426 3074 4494 quaesisset,
3100 4425 3347 4493 reperire
3386 4441 3495 4480 non
3526 4436 3811 4495 potuerat,

543 4526 641 4567 seu
673 4519 982 4579 temporum
1011 4507 1216 4578 injuria
1240 4517 1429 4561 essent
1457 4507 1669 4575 amissi,
1708 4522 1809 4563 seu
1846 4509 2220 4579 negligentiae
2249 4510 2319 4564 ab
2368 4510 2440 4565 iis
2483 4510 2738 4579 inquisiti
2768 4512 2978 4581 quibus
3026 4511 3082 4565 id
3141 4511 3351 4581 negotii
3400 4512 3631 4567 dederat
3671 4516 3809 4585 (10),

617 4707 699 4778 (ἓ)
738 4707 1009 4778 Αιιοιιςῳ.
1034 4703 1359 4778 _Combeﬁs.
1397 4703 1453 4756 in
1496 4702 1946 4775 Porphyrogen.,
1980 4721 2035 4760 n.
2077 4708 2129 4762 8.

550 4774 786 4851 [PotroL
802 4787 858 4851 _t.
883 4774 1048 4851 CIX:]

621 4849 700 4917 (5)
736 4846 817 4900 Ad
854 4861 979 4917 ean.
1005 4843 1073 4898 56
1100 4843 1291 4914 Apost.

624 4912 704 4993 (ι)
742 4916 924 4993 page
955 4930 1077 4984 cap.
1106 4912 1237 4993 ti."
1360 4982 1370 4993 ,

626 4983 702 5056 (:3)
742 4987 800 5040 lit
822 4984 1000 5039 Gloss.
1022 4983 1167 5056 ined.
1198 4983 1421 5056 Graaeit.

626 5053 701 5126 (6)
737 5056 894 5126 Orat.
925 5058 989 5109 18
1022 5054 1075 5126 in
1111 5053 1167 5108 S.
1199 5054 1457 5126 tiyprian.

624 5122 700 5198 (7)
723 5125 817 5198 ,Ειι
837 5124 1070 5198 Tbeveti
1090 5122 1261 5198 verba
1285 5139 1338 5198 ιιι
1367 5122 1665 5198 l’ourtruita
1683 5133 1730 5198 et
1750 5125 1857 5198 uie:
1879 5127 1967 5180 de:
1984 5128 2132 5182 Itom—

555 5193 945 5257 me's'illustres,
975 5194 1150 5257 Paris,
1179 5193 1336 5253 1584,
1373 5193 1583 5255 in-l’ol.,
1630 5195 1671 5256 Ι,
1699 5194 1769 5247 26
1794 5195 1827 5248 b
1859 5207 1913 5250 et
1957 5198 2026 5252 27
2056 5215 2087 5252 a
2113 5217 2126 5253 ;

560 5288 580 5320 ι
613 5313 627 5325 .
649 5308 663 5322 .
684 5306 697 5320 .
730 5264 1020 5320 toutesfois
1053 5266 1132 5317 les
1158 5262 1330 5316 Grccs
1362 5263 1434 5316 du
1460 5271 1612 5317 mont
1649 5264 1823 5319 Athos
1860 5266 2132 5325 m‘ontdit

553 5355 660 5409 que
694 5337 886 5409 cegfut
923 5349 991 5387 en
1020 5348 1092 5386 un
1122 5333 1459 5409 rocherqui
1508 5342 1640 5409 peut
1687 5336 1841 5409 avoir
1885 5338 1953 5391 de
2000 5349 2126 5392 tour

557 5403 822 5477 (compris
852 5406 932 5459 les
974 5404 1215 5477 escueilz
1262 5405 1353 5477 qui
1411 5403 1838 5477 l‘environnent)
1887 5408 2125 5476 quclque

555 5473 723 5539 Iicue,
754 5477 805 5530 le
853 5473 1543 5547 plusuinaccesstblelieu
1580 5490 1686 5543 que
1728 5476 1870 5547 j’aye
1904 5473 2126 5531 'veu'en

559 5548 792 5632 toutenlla
830 5543 946 5632 nter
975 5544 1117 5632 Eg‘ee
1158 5552 1218 5596 et
1245 5543 1674 5632 grcliipclague',
1720 5543 1776 5598 et
1807 5543 1875 5599 de
1906 5556 2129 5615 present

556 5614 773 5685 appellé
800 5630 897 5683 par
927 5615 1007 5668 les
1026 5610 1211 5667 'Grecz
1244 5610 1460 5666 Caloier
1487 5613 1781 5677 d’Andros,
1809 5610 2128 5671 autreinent

555 5685 753 5756 dictle‘
767 5686 873 5756 bon
908 5684 1180 5756 vieillard,
1203 5684 1281 5756 les
1304 5682 1479 5737 'l‘urcs
1505 5684 1555 5756 le
1581 5694 1868 5756 nomment
1887 5685 2125 5756 Cahyra,

557 5754 638 5810 lx's
661 5754 933 5809 Hebrieux
963 5768 1033 5807 ou
1065 5754 1206 5807 Juifs
1242 5752 1313 5805 du
1343 5767 1475 5822 pays
1506 5755 1593 5823 luy
1624 5753 1870 5808 donucnt
1909 5756 1959 5809 le
2000 5752 2126 5808 nom

2236 4708 2307 4785 de
2331 4708 2634 4785 Charchas,
2678 4710 3006 4785 auquely_a
3039 4725 3271 4785 e_ncores
3314 4713 3682 4785 aujourd’huy
3737 4732 3812 4769 nn

2234 4779 2347 4833 fort
2393 4781 2528 4854 bcau
2580 4779 3003 4854 monastere‘de
3041 4780 3235 4837 Grecz.
3384 4779 3596 4854 zonare
3632 4779 3815 4854 doncq

2235 4859 2401 4920 ayant
2429 4848 2692 4904 demeuré
2731 4852 2858 4920 cinq
2882 4866 3165 4905 ansaence
3195 4854 3304 4905 lieu
3333 4892 3346 4907 .
3369 4892 3382 4904 .
3412 4853 3691 4909 Callineus
3713 4848 3815 4908 seti

2233 4919 2558 4990 Patriarcbe
2592 4958 2606 4973 .
2632 4961 2645 4974 .
2679 4921 2771 4990 luy
2803 4919 3130 4990 coinmanda
3183 4937 3244 4976 se
3286 4923 3485 4977 retirer
3539 4938 3610 4977 au
3661 4934 3816 4978 mont

2231 4989 2481 5063 Athos._..
2507 4989 2578 5042 οὐ
2604 4989 3051 5063 ayantdemeure
3074 4993 3241 5045 treize
3267 5007 3387 5055 aus,
3408 4992 3528 5046 ﬁnit
3549 5007 3636 5047 ses
3656 4994 3814 5063 jours

2232 5059 2475 5132 aagéde
2514 5059 3111 5132 quatrefvingtz-huict
3154 5075 3254 5132 ans
3283 5072 3406 5132 sept
3435 5077 3610 5132 moys,
3643 5059 3699 5116 et
3729 5064 3817 5117 fut

2231 5129 2429 5197 depuis
2461 5130 2923 5183 honorablement
2959 5131 3183 5185 enterré
3210 5146 3281 5185 en
3312 5129 3425 5185 l’un
3453 5129 3549 5185 des
3586 5147 3812 5186 monas-

2233 5206 2378 5271 teres
2408 5198 2629 5271 nomine
2655 5199 2830 5253 sainct
2854 5199 3006 5271 Hetie
3027 5199 3221 5254 dudict
3242 5210 3416 5265 ment,
3447 5204 3496 5255 la
3527 5203 3813 5271 sepulture

2232 5267 2436 5336 duquel
2469 5284 2528 5322 se
2562 5270 2675 5322 voit
2709 5284 2912 5323 encore
2957 5269 3025 5322 de
3058 5280 3304 5338 present,
3345 5267 3607 5325 couverté
3650 5272 3815 5326 d’une

2236 5338 2421 5408 picrre
2463 5339 2650 5408 jaspee
2680 5347 2872 5393 centre
2915 5338 3151 5406 laquelle
3202 5351 3329 5395 sunt
3353 5339 3523 5394 éeritz
3553 5357 3645 5395 ces
3673 5351 3816 5395 mots

2233 5422 2301 5480 en
2328 5406 2489 5471 Grec,
2511 5416 2564 5461 et
2587 5409 2636 5460 la
2672 5410 2793 5476 plus
2820 5418 2941 5480 part
2964 5410 3243 5480 stelfacez
3268 5409 3393 5479 qu’a
3425 5411 3617 5478 grand’
3652 5412 3812 5480 pcine

2233 5476 2315 5530 les
2344 5488 2476 5545 peut
2518 5492 2588 5530 on
2621 5480 2722 5531 lire
2755 5515 2769 5530 .
2793 5476 2946 5530 ,ΕΙΣ
2982 5479 3069 5533 T0
3102 5476 3331 5535 “AP-0N
3359 5476 3740 5536 MNHMEIUN
3772 5483 3817 5534 0

2237 5546 2454 5598 ΣΟΦΟΣ
2487 5547 2792 5600 ΖΩΝΑΡΑΣ
2818 5546 3076 5605 ΚΕΙΤΑΙ.
3116 5567 3136 5601 ι

2308 5616 2383 5685 (8)
2418 5617 2597 5670 Praef.
2626 5633 2680 5669 ιι.
2721 5620 2772 5670 1.

2309 5692 2383 5753 (υ)
2428 5686 2604 5754 Epist.
2643 5689 2691 5739 7.

2311 5758 2421 5825 (ιιι)
2454 5756 2651 5812 Zonar.
2687 5757 2784 5812 lib.
2828 5774 2904 5825 ix,
2939 5774 2995 5815 ιι.
3028 5758 3116 5813 5|.
