2049 3198
196 197 228 228 lfl
916 198 1005 225 Pii/£1

1016 198 1110 226 ’ΛΤΙΟ
1795 196 1825 227 ll

200 256 266 283 dum
280 256 339 292 ipse
355 258 478 285 extorris
495 264 522 285 ct
536 259 631 294 procul
643 259 679 286 ab
695 260 764 286 urbe
779 258 805 284 in
821 264 904 291 parva
925 256 1014 282 insula
1032 254 1117 282 vitam
1134 258 1227 289 ageret
1241 263 1248 280 ι
1266 261 1299 281 ex
1315 261 1370 289 quo
1385 254 1487 281 factum
1502 256 1625 291 agnoscit
1640 261 1668 283 ut
1681 258 1825 285 consulum

196 306 225 327 et
239 300 408 329 dictatorum
428 302 543 330 historia
568 305 659 330 minus
678 303 713 330 sit
734 302 870 328 absoluta.
890 301 983 334 Neque
1004 306 1085 333 porro
1105 298 1200 325 mirari
1216 297 1318 325 debere
1340 298 1432 325 subdit
1454 299 1597 331 lectorem,
1615 301 1637 326 si
1656 301 1682 327 iu
1702 301 1735 328 iis
1756 308 1826 336 quos

197 346 367 380 conscripsit
388 346 545 373 Annalibus
562 347 720 382 scriptionis
735 347 877 372 character
893 344 995 378 ubique
1017 342 1068 369 sibi
1085 342 1184 369 similis
1204 349 1257 369 non
1272 346 1411 374 occurrat,
1427 350 1489 369 etim
1506 343 1585 370 aliter
1597 344 1658 370 ﬁeri
1675 345 1718 371 vix
1731 351 1825 380 queat.

201 389 291 423 utqui
310 390 456 417 historiatn
467 399 483 417 e
495 392 577 417 variis
593 390 778 426 scriptoribus
792 388 874 415 vcluli
889 389 986 421 stipem
1003 386 1118 420 colligit,
1133 386 1243 413 illorum
1257 390 1284 412 ct
1296 386 1416 413 dictione
1431 390 1457 413 et
1472 388 1672 421 compositione
1689 389 1715 415 in
1731 390 1826 417 multis

199 440 255 459 non
267 438 372 461 utatur.
386 434 466 466 Quod
479 435 514 461 ita
528 439 618 461 tamen
629 434 759 465 confecit,
773 438 799 460 tit
814 433 835 458 si
853 431 955 465 aliquid
968 431 1002 456 dc
1017 438 1067 456 δυο
1080 429 1261 463 ittlerjccerit,
1274 429 1386 469 idillius
1399 431 1468 465 stylo
1482 438 1563 465 quem
1587 432 1756 466 sequebatur
1777 441 1822 459 au-

198 476 285 502 ctoris
299 482 433 510 quantutn
459 478 517 504 ﬁeri
542 478 629 511 tmtuit
647 475 908 504 accommodaverit,
931 481 963 500 nc
993 473 1151 507 scriptionis
1168 473 1239 499 ratio
1256 481 1270 499 a
1290 481 1350 500 sese
1366 473 1469 508 ubique
1492 474 1626 502 dissidere
1651 476 1794 504 videretur
1817 486 1823 503 :

198 526 263 545 eum
282 519 393 546 interim
412 521 464 546 alia
490 521 569 555 longe
587 529 668 555 quam
692 520 782 547 σωκ)νί
799 520 844 554 qui
870 527 912 545 res
941 517 1152 552 elironologicas
1175 516 1309 549 hactenus
1327 520 1522 549 tractaverant,
1544 518 1663 546 Annales
1679 527 1743 548 suos
1759 529 1825 549 con-

200 562 347 595 scriberet,
363 571 408 590 res
422 572 519 598 nempe
542 565 619 598 quasi
635 564 668 590 de
679 572 731 590 suo
743 571 912 597 componens
931 566 958 587 et
976 568 1101 592 narrans,
1117 565 1145 588 et
1159 560 1232 595 quod
1246 560 1326 587 laude
1344 560 1455 595 dignum
1473 565 1514 589 est
1529 569 1617 596 eaque
1635 571 1752 596 summa,
1769 574 1824 593 non

198 605 356 632 alienorum
373 607 455 633 furtis
468 607 594 642 plausum
609 612 733 642 captans,
754 614 845 640 neque
863 610 994 633 tractatus
1013 605 1136 639 integros
1150 604 1323 637 exscribcns,
1339 608 1368 631 ut
1386 604 1421 631 dc
1442 605 1502 639 ipso
1524 605 1630 633 Zonara
1653 608 1751 636 scribit
1768 609 1824 637 Leo

200 649 319 676 Allatius
330 650 399 684 (Η).

236 692 296 718 Non
310 693 423 720 defuere
435 697 527 720 tamen
540 694 586 728 qui
599 694 727 721 censorio
743 693 860 728 quodam
872 692 976 727 judicio
994 697 1023 719 ut
1039 691 1129 718 minus
1143 691 1312 726 diligentem,
1332 691 1447 718 maxime
1467 691 1513 719 ubi
1529 693 1563 720 de
1583 693 1667 722 rebus
1689 695 1823 724 Romanis

200 736 266 769 agit,
281 736 435 763 vellicarint
448 741 531 771 atque
543 737 611 764 adeo
628 737 851 772 perstrinxerint.
865 746 873 759 ι
887 735 994 766 Omnia,
1009 734 1202 769 iuquithorum
1215 734 1284 761 alter
1297 734 1353 770 (12)
1364 755 1371 767 ,
1385 742 1448 762 ante
1456 735 1670 765 Constantinum
1689 739 1781 776 inepte
1797 747 1823 769 et

201 786 300 812 parum
322 779 470 814 diligenter
496 780 541 816 (de
567 783 650 807 rebus
666 780 770 807 Latinis
797 779 903 813 loquor)
919 779 1077 812 explicavit.
1102 787 1111 803 ι
1131 777 1184 805 Sed
1201 786 1282 812 quam
1295 786 1363 805 sano
1379 779 1424 806 ille
1439 779 1545 814 judicio
1559 781 1617 809 haec
1628 783 1763 811 ctl‘utierit
1780 786 1822 812 ve!

202 821 268 848 inde
279 826 366 856 patet,
383 823 458 857 quod
474 831 491 850 ει
503 824 583 858 paulo
598 824 769 858 :equioribus
782 823 933 857 iudicibus,
947 822 1035 856 iisque
1049 821 1216 856 pereruditis
1229 821 1375 856 quibusvis
1389 822 1591 859 cltronologicis
1605 826 1717 861 scriptis
1732 821 1819 856 Arinav

199 865 268 891 lium
285 865 397 893 Zonara:
412 874 476 901 pars
492 867 536 894 illa
551 876 611 902 qua:
627 876 671 894 res
688 868 799 894 Latinas
824 870 974 901 pertractat
996 867 1074 899 longe
1091 870 1286 900 anteponatur.
1307 865 1375 892 Nam
1390 873 1452 893 cum
1479 867 1505 893 in
1531 870 1706 898 recensendis
1722 870 1823 899 Roma-

199 916 299 935 norum
313 910 396 944 gestis
413 918 446 938 ex
466 911 551 938 Dione
566 912 730 948 praesertim,
745 918 825 944 quem
844 910 955 936 minime
973 913 1129 935 truncatum
1153 912 1182 934 ut
1205 908 1286 935 hodie
1308 909 1401 936 editus
1418 915 1459 936 est
1481 911 1529 937 sed
1550 911 1687 947 integrant
1706 914 1823 950 legerat,

199 952 315 986 aliisque
332 954 514 988 scriptoribus
526 955 569 989 qui
588 956 695 989 periere
711 959 864 988 temporum
880 954 990 988 injuria.
1007 953 1077 979 hanc
1092 952 1215 978 historiae
1231 957 1337 986 partctn
1355 954 1536 988 compegerit.
1552 963 1622 982 nova
1644 956 1701 984 fere
1714 966 1824 994 semper

196 998 227 1021 et
240 995 275 1022 ah
293 996 355 1023 aliis
367 997 470 1024 indicta
485 1003 682 1025 eomnremorat
696 1007 702 1024 ε
722 998 757 1024 ita
776 1002 805 1024 ut
821 997 916 1023 multis
932 997 958 1022 in
973 996 1040 1022 locis
1058 995 1092 1023 de
1109 995 1195 1023 verbo
1206 995 1242 1022 ad
1261 996 1375 1022 verbum
1388 997 1501 1024 Dionem
1517 1000 1697 1035 exscripsisse
1714 1003 1823 1030 dicatur

197 1046 214 1064 a
226 1037 373 1066 Guillelrno
385 1040 535 1074 Xylandro.
557 1041 653 1067 Fulvio
668 1041 781 1071 Ursino,
800 1040 940 1067 Friderico
956 1040 1103 1075 Sylburgio
1115 1045 1144 1067 et
1164 1039 1282 1067 llenrico
1297 1040 1417 1072 Valcsio,
1443 1041 1524 1069 istius
1538 1043 1683 1078 scriptoris
1703 1047 1824 1074 eruditis

199 1081 410 1117 interpretibus,
427 1084 530 1118 quibus
549 1084 672 1111 solemne
688 1089 730 1111 est
746 1092 778 1111 ex
798 1084 905 1109 Zonara
922 1088 969 1109 aut
981 1084 1069 1117 ipsum
1083 1083 1196 1110 Dionem
1211 1082 1360 1111 emendare
1372 1089 1419 1111 aut
1433 1084 1573 1113 Romanos
1587 1088 1739 1123 scriptores
1754 1091 1822 1119 alios

199 1125 339 1152 illustrare
363 1135 370 1152 :
389 1127 460 1154 unde
474 1128 637 1155 Theodorus
649 1128 787 1154 Marcilius
807 1127 862 1161 (l3)
878 1127 1011 1153 Zonaram
1034 1130 1061 1152 et
1078 1126 1249 1160 Xiphilinum
1266 1126 1361 1153 Dionis
1382 1127 1511 1163 subdigas
1534 1135 1625 1157 vocat.
1645 1131 1680 1159 Et
1695 1138 1769 1161 certe
1786 1134 1823 1162 ira

197 1167 233 1194 de
248 1168 354 1196 Zonara
379 1172 498 1198 sensisse
520 1176 627 1199 constat
643 1171 769 1198 eumdem
788 1170 930 1202 Allatiuin,
953 1179 961 1195 ι
988 1170 1034 1203 qui
1055 1179 1064 1195 ›
1088 1170 1126 1196 ait
1145 1170 1191 1197 ille
1215 1179 1224 1195 ι
1249 1170 1314 1197 licet
1335 1170 1363 1197 in
1387 1171 1502 1200 historia
1527 1179 1590 1208 post
1611 1175 1822 1206 Constantinum

198 1211 323 1246 Llagutrm
335 1214 456 1248 jejunior
473 1215 518 1246 sit,
533 1219 560 1241 et
577 1215 685 1242 nonnisi
700 1215 778 1241 obvia
795 1221 910 1248 quaeque
931 1213 1107 1247 pcreurrerit,
1118 1213 1147 1239 in
1165 1213 1207 1241 his
1223 1221 1288 1241 vero
1299 1222 1360 1249 qua:
1371 1219 1435 1243 ante
1450 1215 1660 1246 Constantinum
1675 1220 1709 1247 ad
1727 1223 1822 1250 mundi

195 1257 309 1284 exordia
325 1257 485 1292 diligentius
502 1264 529 1286 ct
541 1259 679 1293 copiosius
694 1263 829 1286 versatur.
850 1268 858 1283 ι
876 1258 935 1285 Non
950 1258 1049 1283 mirum
1062 1257 1145 1291 igitur
1159 1257 1179 1283 si
1193 1257 1227 1283 ab
1241 1258 1394 1285 Alexandro
1409 1259 1570 1288 Brassicano
1582 1261 1608 1288 in
1617 1262 1780 1293 Praefatione
1789 1267 1822 1293 ad

199 1299 358 1327 Salvianum
376 1302 491 1328 sincera:
517 1302 578 1329 ﬁdei
609 1303 768 1332 historicus,
796 1306 823 1328 et
848 1309 861 1327 a
885 1302 1046 1328 Casaubono
1067 1299 1123 1334 (η)
1148 1300 1256 1327 dicatur
1284 1302 1328 1328 vir
1352 1303 1568 1332 eruditissimus.
1594 1305 1712 1334 Cedreni
1734 1310 1822 1337 codici

200 1345 390 1379 tuanuscripto
405 1346 535 1373 schedam
554 1346 714 1381 ascripsisse
729 1346 831 1372 dicitur
856 1345 983 1376 Wolﬁus,
1006 1344 1031 1370 in
1053 1351 1106 1378 qua
1124 1344 1289 1371 observabat
1309 1350 1428 1373 tractare
1446 1347 1518 1374 idem
1541 1355 1732 1383 argumentum
1749 1354 1822 1387 quod

195 1386 329 1419 Zonaras,
350 1389 397 1415 sed
415 1389 517 1416 habere
533 1398 547 1416 a
570 1390 675 1417 Zonara
691 1390 775 1416 multa
803 1389 836 1416 de
862 1389 996 1415 industria
1021 1388 1216 1422 praetermissa,
1234 1388 1378 1416 brevitatis
1390 1389 1463 1417 forte
1483 1392 1587 1424 studio,
1607 1394 1654 1420 sed
1678 1386 1821 1425 certcinoo

197 1432 443 1464 pratermittenda,
462 1433 498 1459 ita
520 1437 549 1459 ut
571 1434 682 1467 optione
704 1433 757 1460 sibi
778 1433 840 1459 data
865 1433 899 1459 ab
921 1432 999 1458 initio
1022 1431 1178 1458 Ccdrenum
1200 1431 1313 1459 Zonarae
1335 1434 1511 1467 praetulisset.
1531 1435 1595 1468 Qui,
1616 1437 1704 1473 inquit
1721 1439 1822 1475 Xylan.

196 1474 248 1501 der
264 1475 330 1509 (l5),
346 1483 360 1502 a
378 1484 433 1511 quo
447 1477 504 1504 haec
519 1485 551 1504 ex
564 1477 662 1504 Wolﬁo
680 1477 849 1507 referuntur,
869 1476 902 1502 ad
919 1484 950 1502 ea
966 1475 1086 1507 respexit
1104 1476 1249 1510 pracipue,
1263 1483 1323 1510 qum
1338 1476 1449 1504 aliunde
1464 1485 1545 1512 quam
1561 1487 1593 1506 ex
1612 1487 1645 1508 eo
1666 1474 1752 1517 repeti
1766 1491 1820 1512 non

198 1524 324 1553 possunt,
339 1527 401 1547 cum
418 1520 473 1548 duo
489 1521 596 1555 priores
611 1521 724 1547 Zonara:
741 1520 806 1547 torui
833 1520 913 1554 longe
937 1520 1058 1552 alioquin
1080 1519 1135 1546 sint
1158 1520 1287 1548 meliores
1305 1528 1337 1548 ac
1353 1521 1433 1549 laude
1447 1522 1596 1557 digniores,
1616 1533 1697 1560 quam
1712 1535 1743 1554 ea
1761 1536 1821 1563 quin

193 1563 232 1589 ad
245 1562 455 1591 Constantinum
473 1572 559 1599 usque
572 1564 697 1599 Magnum
714 1564 856 1591 Cedrenus
871 1563 990 1598 collegit.
1007 1563 1111 1590 Scribit
1128 1568 1258 1599 prasterea
1282 1564 1355 1592 idem
1372 1565 1490 1593 Wolﬁus
1515 1567 1571 1603 (16)
1596 1568 1730 1597 Zonaram
1754 1562 1822 1600 alias

194 1606 376 1640 prolixiorem
401 1607 500 1639 videri,
521 1612 550 1634 ut
570 1608 598 1634 in
621 1607 735 1635 Judaica
765 1607 890 1638 historia,
907 1607 974 1633 alias
1000 1606 1166 1638 breviorem,
1187 1611 1217 1634 ut
1237 1608 1265 1634 in
1287 1613 1443 1636 exterarum
1458 1610 1580 1644 gentium
1597 1613 1692 1646 gestis.
1713 1615 1747 1642 .ln
1765 1624 1819 1650 quo

195 1650 309 1683 quidem
332 1651 354 1677 si
376 1659 430 1685 qua
450 1651 531 1686 culpa
547 1651 694 1678 commissa
710 1655 761 1681 est.
782 1651 989 1678 excusationem
1012 1650 1113 1678 habere
1133 1651 1220 1678 videri
1243 1652 1325 1685 hanc,
1347 1652 1420 1687 quod
1439 1653 1497 1687 ipse
1516 1662 1570 1681 non
1587 1664 1620 1683 ex
1644 1664 1695 1685 suo
1709 1658 1820 1694 ingenio

194 1693 373 1728 deprompsit
387 1701 419 1721 ea
438 1702 499 1729 quae
514 1695 634 1729 scripsit,
649 1693 695 1721 sed
715 1702 747 1721 ex
764 1694 848 1720 variis
859 1693 1021 1720 auctoribus
1044 1694 1157 1721 collecta
1173 1695 1201 1721 in
1217 1700 1322 1722 certum
1337 1696 1464 1723 ordinem
1490 1697 1617 1733 redegit:
1633 1700 1681 1735 qtti
1693 1693 1820 1732 auctores

197 1740 272 1764 inter
288 1745 317 1765 se
331 1737 510 1765 dissimillimi
532 1744 606 1765 sunt.
623 1737 701 1770 Quod
719 1742 810 1764 autern
827 1745 882 1765 non
898 1738 990 1764 omnia
1006 1742 1167 1772 persecutus
1182 1744 1233 1771 est,
1257 1746 1312 1766 non
1333 1743 1388 1766 tam
1404 1740 1569 1775 negligentia
1584 1749 1665 1777 quam
1682 1744 1715 1772 de
1736 1746 1816 1773 indu-

194 1780 266 1808 stria
280 1779 389 1809 fecisse.

235 1824 346 1856 Verum,
361 1825 426 1853 licet
441 1825 468 1852 in
488 1825 521 1853 iis
534 1833 595 1860 qua:
613 1830 675 1860 post
692 1826 903 1853 Constantinum
920 1825 1045 1860 Magnum
1064 1825 1175 1859 scripsit
1187 1825 1269 1854 obvia
1280 1834 1395 1861 quaeque
1411 1834 1574 1860 percurrere
1589 1829 1724 1858 Zonarum
1741 1833 1814 1861 dicat

195 1867 326 1900 Allatius,
343 1869 424 1903 longe
438 1869 520 1896 aliter
538 1874 629 1896 tamen
645 1869 766 1896 sensisse
785 1869 895 1896 videtur
914 1869 1002 1896 exacti
1025 1868 1069 1895 vir
1088 1868 1187 1903 iudicii
1210 1868 1346 1897 Henricus
1365 1870 1502 1903 Valesius,
1522 1872 1569 1906 qui
1590 1881 1643 1900 non
1667 1875 1749 1902 modo
1771 1884 1818 1903 au-

192 1916 304 1939 ctorem
323 1918 366 1939 sat
380 1912 540 1947 diligentem
555 1912 630 1939 haud
643 1912 727 1949 semel
742 1912 881 1947 iudigitat,
898 1912 945 1939 sed
957 1912 1023 1938 etin
1041 1912 1073 1939 iis
1089 1913 1241 1947 pra-sertim
1260 1920 1321 1948 qua:
1341 1914 1464 1948 ejusdem
1490 1914 1661 1944 Constanzini
1688 1918 1818 1947 familiam

192 1960 336 1990 spectant,
350 1957 556 1983 accuratiorem
573 1964 654 1991 quam
675 1956 702 1983 in
719 1956 836 1987 caeteris.
854 1963 943 1990 neque
961 1956 1022 1982 aliis
1038 1956 1119 1982 obvia
1136 1956 1229 1984 dicere
1244 1957 1375 1984 observat
1388 1958 1456 1993 (l7).
1479 1958 1510 1985 Et
1530 1967 1596 1987 sane
1613 1968 1770 1996 quanquam
1787 1964 1817 1991 in

195 1999 377 2027 recensendis
390 1998 598 2034 Cpolitanorum
614 2000 809 2034 imperatorum
824 2000 917 2034 gestis,
935 1999 1085 2026 fusioribus
1104 2000 1175 2027 forte
1199 2000 1282 2027 editis
1297 2002 1504 2029 commentariis
1526 2005 1628 2030 versati
1652 2005 1707 2033 sint
1727 2006 1818 2035 Theo-

194 2042 314 2077 phanes,
330 2042 482 2075 Cedrenus.
501 2043 632 2078 Scylitzes
643 2048 670 2070 et
686 2043 791 2078 aliquot
807 2043 865 2073 alii,
882 2047 988 2069 constat
1004 2043 1028 2069 id
1042 2043 1155 2071 Zonarze
1172 2044 1198 2071 in
1211 2044 1308 2079 primis
1326 2045 1470 2072 consilium
1486 2045 1581 2079 fuisse,
1594 2052 1628 2075 ut
1641 2057 1696 2076 non
1712 2050 1818 2084 plenio-

192 2093 256 2113 rem
269 2086 500 2120 quemadmodum
516 2087 534 2113 ii
551 2087 704 2118 historiam,
722 2086 770 2113 sed
782 2086 994 2113 contractiorem
1006 2091 1088 2121 atque
1103 2087 1172 2114 adeo
1189 2087 1383 2122 compendium
1398 2089 1598 2123 conscriberet,
1614 2091 1642 2118 in
1655 2099 1710 2126 quo
1726 2093 1817 2129 singu-

197 2130 267 2156 laria
279 2137 396 2164 quaeque
409 2133 437 2157 ct
454 2138 515 2165 quae
532 2131 558 2157 in
576 2139 605 2158 re
622 2130 754 2157 historica
773 2130 902 2165 praecipui
916 2130 1079 2157 viderentur
1098 2130 1227 2165 ponderis
1247 2131 1455 2166 perstringeret.
1473 2132 1510 2159 Ex
1524 2134 1626 2168 quibus
1644 2135 1724 2163 facile
1737 2137 1816 2165 dilui~

194 2179 243 2201 tu:
259 2173 334 2208 quod
348 2174 387 2201 ait
401 2173 541 2202 Gerardus
563 2174 686 2206 Vossius,
706 2179 763 2200 tum
778 2175 805 2200 in
821 2182 854 2201 eo
868 2174 998 2209 majorem
1019 2181 1111 2200 curatn
1124 2177 1151 2201 et
1165 2174 1328 2201 industriam
1346 2175 1507 2208 desiderari,
1529 2181 1584 2203 tum
1601 2178 1683 2205 etiam
1702 2181 1819 2209 maxime

179 2235 181 2238 ‹
196 2217 354 2245 mirandum
367 2225 439 2251 esse,
459 2219 549 2245 virum
567 2226 655 2253 usque
668 2218 736 2245 adeo
750 2219 938 2253 experientern
955 2218 980 2244 iu
993 2218 1035 2244 sui
1050 2217 1182 2252 temporis
1201 2219 1352 2253 praesertim
1377 2219 1461 2247 rebus
1480 2220 1611 2255 pleraque
1630 2222 1820 2256 perfunctorie

192 2265 306 2289 tantum
323 2261 427 2294 dicere,
448 2269 511 2289 cum
525 2262 611 2289 multa
628 2270 779 2297 magnaque
798 2263 830 2288 iis
847 2262 1020 2296 temporibus
1034 2265 1109 2296 gesta
1130 2265 1204 2294 sunt,
1228 2262 1356 2289 orientali
1378 2262 1446 2290 orbe
1463 2270 1529 2290 cum
1551 2264 1714 2293 occidentali
1739 2269 1822 2302 quasi

192 2309 381 2332 concurrente
395 2314 402 2331 :
414 2305 484 2332 adeo
502 2309 532 2332 ut
544 2313 630 2340 pauca
650 2306 704 2332 sint
718 2306 818 2340 quibus
832 2305 917 2332 Alexii
935 2305 1017 2331 vitam
1039 2305 1240 2339 perstrinxerit.
1259 2305 1301 2337 ld,
1318 2308 1441 2340 inquam,
1464 2306 1536 2334 haud
1550 2315 1621 2342 aegre
1637 2309 1773 2337 refellitur
1786 2319 1817 2339 ex

190 2349 322 2376 auctoris
344 2349 431 2384 ipsius
446 2349 593 2376 Annalium
610 2350 750 2379 lemmate,
769 2349 812 2376 vel
827 2357 859 2375 ex
881 2350 968 2383 ipsius
991 2348 1166 2381 Prtefatione,
1190 2348 1216 2375 in
1231 2357 1285 2383 qua
1302 2356 1357 2376 non
1373 2350 1518 2377 historiam
1539 2352 1584 2378 sed
1610 2352 1732 2381 historia:
1745 2362 1820 2381 eom-

194 2393 331 2427 pendium
348 2393 470 2419 seribere
486 2400 515 2420 se
531 2393 694 2427 proﬁtetur;
712 2393 749 2419 ita
764 2397 792 2419 ut
807 2394 829 2419 si
852 2392 993 2427 prolixiori
1011 2392 1054 2419 sui
1068 2393 1201 2427 temporis
1216 2400 1260 2420 res
1275 2393 1373 2420 fuisset
1396 2399 1558 2428 persecutus
1572 2397 1740 2430 narratione,
1762 2399 1817 2433 pri-

195 2443 273 2462 rnum
289 2436 435 2470 scriptoris
451 2436 573 2464 cilicium
597 2437 712 2463 minime
734 2437 895 2463 observaSse
910 2436 1050 2463 diceretur
1065 2445 1071 2462 :
1088 2444 1162 2469 cum,
1176 2440 1206 2463 ut
1228 2437 1266 2463 ait
1283 2437 1389 2464 Plinius
1403 2437 1485 2469 alter,
1500 2438 1609 2465 titulum
1627 2447 1708 2467 suum
1728 2441 1819 2477 legere

195 2480 308 2511 debeat,
324 2485 409 2515 atque
422 2480 577 2507 identidem
593 2481 763 2515 interrogare
780 2488 809 2508 se
825 2480 890 2515 quid
907 2480 1023 2514 coeperit
1044 2480 1165 2508 scribere
1177 2500 1184 2513 ,
1206 2481 1331 2516 scireque
1347 2481 1369 2508 si
1381 2482 1502 2509 materia:
1518 2482 1682 2511 immoratur
1693 2493 1746 2513 non
1759 2494 1820 2514 esse

195 2525 319 2560 longum,
336 2524 526 2559 longissimum
543 2525 566 2552 si
583 2525 687 2560 aliquid
709 2527 826 2553 arcessit
847 2530 929 2560 atque
950 2524 1074 2553 attrahit.
1094 2525 1182 2559 Atque
1204 2532 1238 2552 ex
1255 2525 1337 2553 haece
1357 2526 1481 2553 virorum
1494 2527 1666 2555 eruditorutn
1685 2530 1760 2557 varia
1785 2531 1819 2558 de

194 2568 311 2595 Zonaras
325 2568 479 2596 Annalibus
497 2563 635 2596 sententia
653 2574 729 2604 patet
747 2577 829 2604 quam
845 2570 963 2597 infausta
981 2570 1017 2596 sit
1031 2575 1126 2595 eorum
1140 2575 1200 2595 sors
1215 2569 1262 2603 qui
1275 2569 1379 2604 aliquid
1394 2570 1518 2598 scribere
1532 2571 1743 2605 aggrediuntur,
1755 2580 1818 2600 cum

195 2611 344 2647 quibusvis
357 2612 458 2639 ae-ferc
475 2612 579 2647 iniquis
595 2614 739 2640 hominum
753 2614 865 2649 judieiis
881 2617 909 2640 et
920 2621 1043 2640 censurae
1056 2613 1159 2648 ingenii
1179 2613 1263 2641 fretus
1280 2619 1433 2649 exponunt.

227 2654 366 2682 Czeterum
383 2656 410 2682 in
432 2656 578 2683 Annalium
604 2656 724 2683 decursu
748 2657 921 2683 oecasionem
940 2657 1078 2683 interdum
1103 2662 1193 2692 captat
1205 2658 1331 2685 Zonaras
1349 2658 1507 2686 Grecorum
1531 2667 1587 2687 sua:
1608 2660 1697 2687 aetatis
1726 2669 1818 2690 moros

192 2699 352 2732 vellicandi,
376 2700 461 2727 veluti
478 2708 541 2727 cum
561 2701 686 2728 virorutn
710 2702 960 2728 ecclesiasticorum
992 2701 1141 2729 Sirnoniam
1166 2701 1265 2735 carpit,
1290 2707 1412 2729 comatos
1438 2707 1465 2729 et
1487 2702 1660 2731 cincinnatos
1684 2705 1819 2739 palatinos

226 2779 286 2812 (Η)
302 2778 341 2806 ﬂe
351 2779 448 2814 Georg.

227 2783 286 2812 (Η)
302 2783 341 2806 De
351 2783 448 2815 Georg.

227 2814 379 2876 (iteié'Apud
391 2816 475 2842 Attat.
488 2814 526 2841 De
537 2823 622 2844 error.
634 2825 723 2852 magn.
735 2818 818 2844 uiror.
828 2818 854 2844 in
864 2817 983 2850 dicendo,

1069 2783 1124 2818 (14)
1141 2783 1182 2810 Ad
1199 2784 1271 2810 Hist.
1292 2784 1360 2818 Aug.
1374 2790 1400 2818 p.
1414 2783 1477 2816 202,
1495 2783 1513 2810 2
1528 2784 1572 2812 ed.

764 2825 818 2844 ror.
828 2818 854 2844 in
864 2817 983 2850 dicendo,
1137 2818 1171 2876 llr:I
1300 2819 1333 2845 ad
1346 2818 1464 2846 Cedren.

1069 2819 1124 2851 (15)
1137 2818 1167 2844 ln
1180 2819 1286 2853 pra-fat.
1300 2819 1333 2845 ad
1346 2818 1464 2846 Cedren.

1084 2853 1126 2885 lii)
1144 2853 1172 2879 In
1189 2854 1291 2887 praefat.

1086 2888 1128 2920 l7)
1143 2890 1171 2915 In
1183 2893 1238 2915 not.
1256 2889 1291 2916 ad
1303 2888 1351 2916 lib.
1364 2896 1430 2918 xvut
1441 2889 1575 2918 Amrniani

1316 2946 1330 2958 ό

210 2870 218 2877 ⁸
227 2870 329 2913 flavi-In
339 2888 400 2911 not.
413 2884 447 2912 ad
463 2883 577 2913 Sueten.
