4098 6416
467 448 537 514 15
1870 443 1974 503 DU
2010 442 2271 503 CANGII
3652 441 3719 506 16

463 559 787 634 perstringit
820 558 957 628 (l8),
982 567 1037 613 et
1067 556 1617 627 impcratores,quod
1657 553 1911 611 abdicato
1938 556 2123 623 patrio
2164 556 2367 609 vestitu
2411 553 2756 609 barbaricum
2795 554 3261 625 amplecterentur
3293 556 3426 628 (l9).
3470 556 3719 625 Deniqu:

464 651 518 702 in
551 649 700 718 ipsos
734 646 917 700 adhuc
960 644 1239 715 Augustos
1285 659 1351 698 ac
1388 659 1582 698 eorum
1633 643 1688 697 in
1738 643 1907 697 rebus
1942 641 2402 696 administrandis
2453 642 2694 711 publicis
2751 643 3099 713 tyrannidem
3145 644 3365 715 gravius
3414 644 3715 698 invehitur.

461 736 598 792 Nam
635 744 696 788 ut
725 734 974 788 Valentis
1000 732 1373 787 mathematici
1414 732 1527 803 (ἓο)
1552 732 1619 786 de
1663 731 1819 786 urbis
1850 730 2152 799 Cpolitana:
2177 728 2471 783 duratioue
2501 729 2712 784 editum
2740 731 2843 785 sub
2874 731 3244 786 Constantino
3272 729 3466 801 Magno
3521 731 3721 784 natali-

463 826 600 878 :ium
643 824 825 878 thema
870 820 1279 892 quodammodo
1313 830 1557 883 tueatur,
1586 835 1656 873 ne
1685 819 1915 872 omnino
1955 816 2151 871 falsum
2195 824 2439 885 putetur,
2484 832 2647 886 quam
2676 833 2851 871 annos
2874 818 2977 872 696
3008 818 3335 872 duraturam
3366 817 3719 888 pra-dixerat.

395 892 412 928 ³
458 915 569 980 iam
598 912 728 965 olim
779 925 905 965 cum
958 908 1240 966 scribebat
1268 908 1512 962 Zonaras
1540 908 1782 975 elapsos,
1813 904 2003 959 subdit
2045 913 2142 957 aut
2172 902 2364 956 lalsatn
2410 903 2832 957 existimandam
2883 905 3132 959 Valentis
3162 905 3598 973 przcdictionem,
3624 912 3722 957 aut

388 1010 395 1062 ξ
460 1012 636 1052 annos
662 998 785 1051 illos
819 995 1204 1066 intelligendos
1246 992 1367 1050 esse
1400 994 1607 1064 quibus
1660 991 1915 1047 instituta
1944 991 2022 1045 rei
2074 991 2312 1059 publica:
2361 1006 2426 1045 ac
2453 1002 2632 1045 status
2673 992 3171 1057 conservabantur,
3204 993 3337 1047 dum
3369 1008 3505 1047 suus
3544 992 3721 1047 honor

458 1094 580 1139 erat
624 1085 865 1149 senatui,
901 1083 1031 1137 dum
1077 1083 1228 1137 cives
1275 1080 1379 1136 sub
1412 1081 1656 1151 legitima
1700 1078 1918 1148 imperii
1972 1088 2247 1147 potestate
2279 1077 2573 1142 ﬂorebant,
2620 1093 2730 1132 non
2772 1088 2956 1133 autem
3006 1096 3131 1133 cum
3182 1081 3471 1134 manifesta
3504 1080 3720 1149 vigebat

458 1170 710 1240 tyrannis
737 1170 1087 1224 dominorum
1119 1168 1338 1239 publica
1367 1168 1474 1223 sibi
1510 1183 1611 1237 pro
1644 1166 1875 1237 privatis
1903 1165 2305 1218 vindicantium
2337 1176 2395 1218 et
2434 1165 2503 1218 ad
2533 1181 2662 1220 suas
2698 1166 3012 1236 voluptates
3050 1167 3478 1231 conferentium,
3516 1183 3721 1236 easque

458 1275 653 1330 parum
691 1260 975 1324 honestas,
1012 1274 1138 1312 cum
1167 1259 1388 1328 publica
1439 1258 1734 1327 quibusvis
1779 1256 2074 1317 donarent,
2111 1270 2214 1309 nee
2245 1268 2526 1322 pastorum
2581 1254 2754 1308 instar
2803 1255 3060 1311 subditos
3093 1264 3417 1320 tractarent,
3469 1272 3571 1310 nec
3593 1258 3718 1309 lana

460 1361 803 1414 supervacua
841 1345 1093 1411 detonsa,
1127 1344 1222 1400 sed
1252 1344 1572 1414 praedonum
1610 1359 1765 1398 more
1809 1359 1942 1398 oves
1976 1343 2291 1402 mactando,
2320 1343 2386 1396 ad
2438 1342 2708 1396 medullas
2738 1342 2885 1412 ipsas
2917 1350 3270 1413 exsugerent’.

530 1434 789 1489 Chronici
817 1433 1038 1488 titulum
1067 1432 1262 1487 huicee
1290 1433 1520 1487 Zonarze
1550 1433 1796 1486 historia:
1841 1431 2201 1500 ascripsimus
2238 1428 2709 1499 quemadmodum
2748 1430 3001 1484 Wolﬁus.
3048 1431 3181 1484 Nam
3217 1444 3273 1483 et
3302 1431 3373 1485 ita
3410 1431 3665 1485 laudatur
3690 1449 3720 1484 a

456 1522 721 1577 Michaele
749 1520 913 1592 Glyca
941 1520 996 1575 in
1014 1520 1324 1574 Annalibus
1356 1538 1372 1577 :
1420 1520 1480 1571 '0
1520 1521 1781 1590 Ζωναρᾶς
1818 1520 1877 1571 ἐν
1912 1520 1988 1586 τῷ
2026 1538 2074 1589 χ(

2102 1517 2263 1586 ονικῷ
2294 1517 2731 1585 συντάγματι,ρι
2760 1516 2815 1570 in
2847 1517 3022 1571 altero
3057 1532 3088 1572 e
3118 1517 3405 1572 codicibus
3437 1518 3642 1589 Regiis,
3668 1520 3720 1572 itt

457 1627 569 1683 quo
596 1610 841 1666 secunda
867 1610 1136 1665 duntaxat
1167 1625 1298 1679 pars
1328 1609 1671 1674 continetur,
1706 1609 1824 1663 ha:c
1850 1609 2018 1664 verba
2046 1608 2075 1660 il

2131 1606 2311 1658 fronte
2345 1604 2642 1674 leguntur:
2675 1603 2747 1655 Τὸ
2763 1604 2936 1674 παρὸν
2969 1603 3174 1673 βιϐλίον
3203 1605 3572 1674 χρονογράφος
3608 1607 3724 1657 ὀνο-

459 1698 714 1770 μὰζεται.
741 1697 948 1753 Verum
978 1696 1033 1750 in
1068 1696 1263 1751 codice
1293 1694 1633 1759 Viennensi,
1677 1710 1788 1763 quo
1834 1710 1967 1748 usus
2011 1704 2097 1761 est
2134 1691 2368 1747 Wolﬁus
2393 1730 2407 1753 ,
2451 1691 2559 1744 alia
2616 1691 2855 1745 habetur
2902 1690 3200 1762 cpigraphe
3224 1731 3238 1755 ,
3280 1691 3429 1747 hisce
3466 1693 3725 1750 videlicet

455 1784 687 1839 vocibus
718 1791 1019 1851 concepta:
1064 1780 1332 1850 Ἐπιτομὴ
1365 1779 1615 1848 ἱστοριῶν
1674 1779 1997 1846 συλλεγεῖσα
2045 1780 2138 1831 καὶ
2196 1782 2580 1848 σὺγγραφεῖσα
2630 1780 2782 1849 παρὰ
2841 1778 2934 1831 τοῦ
2989 1777 3301 1846 σοφωτάτου
3349 1782 3584 1849 μοναχοῦ
3627 1783 3721 1835 τοῦ

456 1871 716 1941 Ζωναρᾶ,
750 1868 847 1922 τοῦ
895 1867 1180 1937 γεγονότος
1223 1867 1461 1936 μεγάλου
1519 1866 1882 1938 δρουγγαρίου
1915 1864 2013 1933 τῆς
2054 1865 2246 1933 βίγλας
2299 1866 2396 1918 καὶ
2456 1868 2975 1937 πρωτοασηκρῖτις.
3026 1866 3092 1920 Et
3149 1883 3281 1921 sane
3332 1870 3721 1937 compendium

454 1958 701 2013 historia:
752 1956 1000 2012 scribere
1043 1970 1102 2009 se
1136 1953 1427 2025 proﬁtetur
1482 1953 1598 2023 ipse
1629 1952 1873 2006 Zonaras
1898 1968 1913 1982 ·
1934 1952 2072 2022 Ἐμο

2143 1952 2189 2006 δ’
2221 1952 2488 2023 ἐπιτομὴν
2537 1953 2778 2023 ἱστορίας
2814 1954 3169 2025 πεποιημένῳ
3219 1956 3321 2008 οὐκ
3358 1956 3574 2008 ἐπέοικε
3625 1958 3723 2027 τὴν

454 2045 846 2116 πραγματείαν
878 2042 1071 2097 θέσθαι
1102 2042 1453 2111 πολύστιχον,
1494 2050 1603 2095 etc.
1636 2040 1774 2111 (2i).

527 2140 859 2195 Universum
908 2152 1042 2191 vero
1086 2151 1230 2205 opus
1256 2132 1394 2187 duas
1419 2132 1473 2186 in
1513 2143 1699 2203 partes
1740 2132 2069 2187 distribuit:
2113 2148 2177 2187 ac
2213 2134 2269 2187 in
2308 2134 2480 2203 priori
2530 2134 2756 2205 quidem
2794 2135 3044 2190 historia:
3074 2151 3238 2206 quam
3273 2136 3437 2208 vulgo
3469 2148 3716 2192 sanctam

456 2236 661 2281 vocant
682 2241 748 2280 ex
774 2224 950 2279 sacris
977 2223 1161 2278 Libris
1184 2231 1242 2276 et
1272 2237 1338 2275 ex
1367 2219 1597 2289 Josephi
1630 2218 2013 2291 Archzeologia
2044 2221 2436 2291 compendium
2463 2224 2807 2293 complexus,
2852 2233 2968 2277 tntn
3000 2240 3088 2281 res
3121 2224 3439 2281 Grazcorum
3470 2236 3723 2282 veterum

454 2314 653 2385 tangit,
684 2329 749 2367 ac
780 2313 1163 2366 Romanorum
1198 2308 1401 2365 deinde
1433 2308 1500 2362 ad
1529 2324 1594 2362 ea
1631 2322 1809 2378 usque
1864 2317 2115 2378 tempora
2168 2308 2462 2364 historiam
2503 2309 2784 2380 perducit,
2822 2313 3026 2382 quibus
3069 2328 3159 2368 res
3204 2312 3430 2383 publica
3467 2314 3520 2367 in
3556 2315 3726 2368 unius

454 2402 997 2458 administrationem
1030 2414 1125 2452 seu
1165 2398 1546 2452 monarchiam
1582 2395 1807 2464 delapsa
1834 2405 1939 2449 est.
1968 2395 2211 2450 Alletam
2241 2407 2425 2452 autem
2455 2413 2485 2453 a
2523 2399 2877 2455 triumviratu
2915 2402 3159 2475 orditur,
3192 2416 3257 2455 ac
3288 2402 3581 2457 recensitis
3607 2403 3724 2457 sin-

453 2492 710 2560 gulorum
768 2488 1167 2557 imperatorum
1222 2484 1392 2556 gestis
1435 2498 1610 2553 usque
1650 2482 1718 2536 ad
1748 2482 1926 2536 Alexii
1966 2482 2240 2539 Comneni
2293 2485 2505 2540 exitum
2558 2490 2934 2559 perSrquitur,
2978 2489 3031 2545 id
3076 2498 3163 2545 est
3195 2490 3262 2544 ad
3304 2491 3564 2544 szeculutn
3612 2504 3726 2560 quo

456 2581 576 2649 ipse
614 2577 753 2631 vixit
784 2574 1166 2629 undecimum.
1198 2572 1319 2627 Non
1351 2571 1529 2627 solum
1554 2568 1704 2624 enim
1727 2569 1960 2625 Joannis
1989 2569 2258 2627 Comneni
2294 2574 2650 2645 imperatoris
2688 2576 2867 2632 Alexii
2912 2578 3008 2631 ﬁlii
3052 2579 3327 2643 meminit,
3372 2578 3470 2632 sed
3506 2587 3561 2632 et
3598 2577 3722 2633 Ma—

451 2665 617 2721 nuele
648 2664 883 2719 Joannis
916 2662 1030 2717 ﬁlio
1057 2662 1366 2731 imperante
1401 2659 1609 2713 vixisse
1647 2657 1792 2712 infra
1827 2658 2112 2713 docemus.
2158 2660 2432 2716 Caeterum
2477 2662 2594 2718 haec
2643 2663 2942 2719 Annalium
2982 2664 3211 2719 Zonartc
3243 2665 3474 2734 partitio
3508 2680 3617 2720 non
3654 2680 3723 2719 ex

454 2757 570 2826 ipsa
614 2753 780 2808 modo
815 2750 1150 2806 Pra‘l‘atione
1183 2748 1510 2820 percipitur,
1542 2747 1637 2803 sed
1665 2748 1971 2817 praasertim
2000 2762 2069 2801 ex
2102 2747 2288 2802 verbis
2316 2748 2525 2817 quibus
2553 2766 2682 2818 pars
2713 2751 2866 2819 prior
2894 2751 3177 2805 clauditur
3204 2752 3341 2823 (22),
3381 2762 3548 2822 atque
3584 2753 3723 2807 adeo

451 2859 517 2897 cx
544 2841 774 2896 alterius
802 2838 1190 2909 inscriptione,
1231 2853 1354 2907 quae
1376 2838 1432 2891 in
1465 2835 1691 2905 scriptis
1719 2834 2011 2890 codicibus
2040 2835 2069 2888 h

2102 2850 2158 2890 ec
2182 2837 2351 2891 verba
2382 2838 2641 2907 praefert:
2676 2841 2844 2910 Ἀρχὴ
2878 2841 2973 2910 τῆς
3002 2842 3129 2910 περὶ
3157 2842 3267 2894 τῶν
3299 2842 3720 2913 αὐτοκρατόρων

453 2916 716 3000 ἱστορίας.
746 2926 961 2994 Quibus
997 2925 1223 2997 quidem
1257 2925 1490 2980 vocibus
1521 2924 1578 2978 in
1608 2923 1788 2977 altero
1825 2937 1894 2977 ex
1937 2922 2126 2992 Regiis
2158 2922 2297 2985 istae,
2347 2926 2671 2981 charactere
2699 2927 2830 2981 licet
2860 2928 3028 2997 paulo
3069 2928 3389 2993 recentiori,
3431 2929 3721 2999 prmﬁgun-

454 3029 542 3071 tur
569 3034 583 3070 :
614 3016 874 3085 Ἱστορίας
906 3014 1140 3083 Ζωναρᾶ
1171 3013 1335 3082 τόμος
1355 3011 1608 3080 δεύτερος
1642 3012 1737 3062 καὶ
1759 3008 2069 3071 τελευταῖος

2126 3010 2235 3063 Sed
2269 3012 2575 3079 praesertim
2607 3012 2749 3066 alter
2780 3028 2848 3068 ex
2880 3014 3087 3083 Regiis,
3124 3015 3215 3083 qui
3254 3015 3552 3069 secundam
3578 3017 3721 3069 dun-

454 3112 602 3158 taxat
649 3113 863 3174 partem
908 3098 1477 3154 Annaliumlouarm
1519 3098 1931 3166 complectitur,
1983 3095 2037 3149 in
2098 3096 2297 3166 primis
2347 3109 2644 3154 contextus
2690 3101 2855 3154 lineis
2899 3101 3044 3155 hanc
3091 3103 3445 3172 partitionem
3491 3117 3721 3173 prorsus

452 3191 672 3256 astruit,
710 3190 765 3243 in
796 3203 906 3259 quo
938 3188 1179 3256 scriptor
1208 3186 1280 3239 ita
1309 3186 1450 3238 hanc
1479 3184 1697 3238 orditur
1728 3203 1740 3236 :
1784 3182 1878 3247 Ἐξ
1907 3183 2070 3253 ἀρχῆς

2112 3183 2211 3251 μὲν
2241 3179 2356 3250 οὖν,
2382 3185 2458 3247 ὡς
2491 3188 2548 3238 ὲν
2581 3189 2647 3257 τῇ
2684 3187 2927 3259 προτέρᾳ
2967 3188 3137 3258 βίϐλῳ
3171 3205 3261 3258 μοι
3302 3192 3716 3260 προῖστόρηται,

455 3277 773 3351 βασιλεῦσιν
817 3278 851 3346 ἡ
890 3275 1002 3326 τῶν
1042 3273 1355 3342 Ῥωμαίων,
1393 3282 1502 3326 etc.
1545 3271 1649 3327 Ubi
1686 3270 1862 3325 codex
1911 3271 2054 3326 alius

2096 3270 2297 3342 Regius
2340 3283 2398 3326 et
2437 3273 2769 3329 Colberteus
2802 3284 3005 3345 praeter
3049 3277 3349 3330 editionem
3389 3277 3714 3331 Wolﬁanam

453 3366 573 3417 hinc
606 3370 818 3415 tantum
853 3358 1058 3412 habent
1085 3375 1098 3410 :
1149 3356 1239 3419 Ἐξ
1266 3356 1443 3425 ἀρχῆς
1478 3355 1578 3425 μὲν
1605 3353 1720 3420 οὖν,
1752 3353 1829 3417 ὡς
1870 3354 2071 3425 ἱστόρη.

2099 3374 2173 3423 αι,
2203 3369 2315 3413 etc.
2359 3358 2466 3413 Sed
2498 3368 2553 3413 et
2589 3362 2642 3414 in
2689 3362 2935 3433 ejusdem
2978 3362 3188 3418 codicis
3224 3363 3376 3433 Regii
3410 3364 3571 3417 initio
3601 3364 3717 3419 ha-e

451 3452 712 3522 leguntur
742 3466 755 3502 :
796 3448 885 3501 Ἑν
932 3435 1193 3519 προτέρᾳ*
1220 3444 1389 3514 βίϐλῳ
1435 3444 1680 3513 περιέχει
1724 3442 1791 3495 τὰ
1834 3441 2099 3512 Ἑϐραϊκὰ
2129 3447 2222 3498 καὶ
2254 3447 2323 3499 τὰ
2374 3447 2505 3516 περὶ
2545 3447 2834 3516 Ῥωμαίων
2880 3450 3126 3515 ὑπάτων,
3163 3451 3239 3519 τῷ
3264 3450 3320 3502 δὲ
3354 3451 3452 3513 τὰς
3479 3450 3585 3503 τῶν
3618 3452 3717 3503 σιιέ-

452 3536 805 3608 τοκρατόρων
841 3534 1107 3604 ἱστορίας.
1144 3532 1290 3597 Quin
1319 3531 1488 3586 etiam
1521 3529 1822 3585 Wolﬁanos
1845 3530 2068 3584 codices

2099 3530 2242 3586 hanc
2288 3534 2581 3588 Annalium
2619 3534 2845 3590 Zonarzc
2873 3538 3229 3606 partitionem
3276 3538 3583 3607 praetulisse
3623 3555 3714 3592 ar—

452 3625 572 3697 guit
606 3624 751 3694 quod
780 3623 834 3676 in
877 3622 1060 3674 fronte
1099 3619 1344 3674 Zonara:i
1386 3617 1598 3672 codicis
1622 3634 1652 3671 a
1686 3632 1746 3672 se
1775 3617 1931 3686 Cpoli
1968 3619 2140 3688 empti
2168 3620 2404 3688 prazﬁxit
2431 3620 2674 3676 Joannes
2704 3622 3187 3687 Dernsehwamus,
3223 3633 3280 3679 et
3310 3639 3374 3678 ex
3406 3640 3473 3679 eo
3508 3618 3719 3681 descri-

453 3713 564 3785 psit
591 3712 648 3766 in
688 3726 786 3766 sua
824 3708 1152 3763 l‘rael'atione
1186 3705 1440 3761 Wolﬁus.
1474 3705 1552 3759 Ex
1597 3706 1804 3775 quibus
1853 3705 2077 3760 abunde
2126 3706 2407 3775 colligitur
2441 3708 2606 3762 hosce
2641 3710 2885 3764 Annales
2920 3710 2974 3763 in
3011 3712 3151 3765 duos
3178 3711 3446 3766 duntaxat
3478 3722 3657 3769 tomos
3685 3731 3717 3769 a

452 3799 668 3853 Zonara
698 3796 870 3851 fuisse
903 3795 1252 3863 dispertitos,
1289 3808 1398 3846 non
1433 3808 1565 3847 vero
1596 3793 1650 3844 in
1702 3803 1835 3856 tres,
1873 3803 1931 3847 ut
1974 3792 2099 3847 illos
2128 3794 2316 3849 divisit
2344 3796 2489 3850 idem
2520 3798 2757 3852 Wolﬁus
2792 3816 2805 3851 :
2845 3814 3081 3868 quorum
3125 3800 3275 3867 prior
3312 3800 3380 3854 de
3408 3800 3578 3856 rebus
3613 3802 3714 3856 Ju-

446 3886 633 3942 daicis
660 3885 729 3940 ab
763 3884 925 3939 initio
956 3882 1145 3936 mundi
1179 3889 1354 3950 usque
1397 3882 1463 3934 ad
1504 3880 2069 3950 llierosolytnitanum
2113 3884 2431 3951 excidium;
2460 3886 2603 3939 alter
2636 3887 2924 3940 historiam
2969 3888 3273 3942 Romanam
3307 3888 3375 3942 ab
3402 3889 3546 3945 Urbe
3576 3905 3709 3943 con-

450 3975 569 4028 dita
601 3987 775 4041 usque
807 3969 875 4025 ad
902 3968 1331 4024 Constantinum
1353 3967 1608 4037 Magnum
1641 3968 1884 4022 breviter
1911 3970 2330 4040 complectitur,
2361 3976 2416 4026 in
2445 3989 2553 4043 qua
2588 3983 2701 4028 tum
2738 3975 2990 4042 Dionem,
3028 3986 3089 4030 ut
3121 3977 3380 4035 diximus.
3408 3986 3521 4031 tum
3549 3978 3715 4031 etiam

456 4061 709 4130 Eutropit
734 4060 1097 4128 interpretem
1122 4057 1423 4119 l’aeanium,
1444 4071 1607 4125 quem
1641 4055 1711 4110 ad
1742 4055 1974 4110 verbum
2000 4072 2383 4128 saepenumero
2408 4063 2694 4124 exscribit,
2730 4074 2789 4117 ut
2823 4064 3177 4119 observatum
3212 4081 3241 4119 a
3274 4064 3553 4135 Sealigero
3579 4067 3714 4133 (25),

457 4149 765 4222 prwsertitn
797 4148 1073 4217 sequitur.
1124 4144 1353 4199 .Tertius
1372 4144 1614 4214 denique
1652 4144 2052 4214 imperatorum
2096 4162 2187 4200 res
2230 4159 2414 4218 gestas
2442 4165 2472 4202 a
2507 4149 2874 4205 Constantino
2917 4151 3112 4222 Magno
3159 4168 3333 4221 usque
3384 4153 3452 4206 ad
3500 4153 3712 4207 obitum

453 4238 629 4292 Alexii
656 4234 925 4293 Comneni
959 4242 1181 4288 tractat.
1218 4232 1436 4286 Falsum
1468 4241 1650 4287 tamen
1693 4241 1913 4286 Constat
1956 4230 2467 4299 Dernschwamum,
2517 4250 2642 4289 cum
2686 4238 2825 4291 dixit
2866 4238 3108 4307 priorem
3153 4238 3447 4293 Annalium
3488 4239 3714 4293 Zonarrc

451 4335 666 4397 partem
707 4324 764 4377 in
804 4320 1312 4390 Hierosolymorum
1351 4318 1632 4372 excidium
1663 4318 1944 4373 desinere.

529 4413 687 4467 Licet
714 4424 880 4480 porro
904 4409 1090 4464 Wolﬁi
1122 4407 1324 4461 divisio
1358 4406 1585 4461 tolerari
1612 4407 2023 4475 quodanunodo
2047 4408 2243 4476 possit,
2279 4417 2338 4463 ut
2384 4425 2508 4479 quae
2552 4426 2765 4464 sacram
2800 4411 3091 4467 historiam
3124 4429 3152 4467 a
3188 4413 3447 4468 Romanae
3486 4415 3563 4469 ι·ιὶ
3612 4433 3712 4486 pu-

451 4499 640 4564 blieae,
678 4510 900 4550 rursum
934 4508 1273 4564 paganorum
1314 4508 1344 4546 a
1385 4493 1835 4548 Christianorum
1867 4495 2268 4562 imperatorum
2295 4495 2524 4551 historia
2558 4498 2885 4569 distinguat,
2932 4515 3058 4554 cum
3108 4500 3283 4570 ipsius
3310 4502 3536 4557 Zonara:
3570 4503 3712 4557 divi-

458 4587 604 4643 sioni
630 4583 912 4641 contraria
943 4582 1037 4646 sit,
1077 4581 1253 4635 satius
1281 4580 1542 4634 duximus
1578 4596 1646 4634 ex
1688 4579 1934 4635 virorum
1980 4580 2330 4635 eruditorum
2362 4583 2595 4639 tonsilio
2637 4584 2957 4641 universum
2999 4585 3106 4640 hoc
3143 4587 3436 4641 Annalium
3469 4604 3609 4658 opus
3655 4589 3712 4644 in

452 4674 630 4729 libros
660 4687 789 4727 xvttt
810 4670 1037 4741 partiri,
1065 4668 1242 4723 libros
1269 4684 1400 4723 vero
1430 4670 1485 4722 in
1513 4668 1811 4731 sectiones,

1367 4770 1587 4826 Sumere
1613 4787 1678 4825 ne
1706 4771 1868 4825 lector
1899 4773 2030 4843 jugc
2062 4784 2277 4843 paveret
2309 4792 2463 4847 opus.

446 4864 580 4905 nam
617 4858 677 4902 ut

1370 4928 1670 4984 Intervalla
1698 4930 1796 4983 via?
1828 4929 1976 4999 fessis
2008 4942 2265 5000 pra'stare
2303 4935 2507 4988 videtur

1444 5000 1549 5066 Qui
1579 5008 1726 5055 notat
1752 5001 2033 5072 inscriptus
2061 5002 2231 5057 millia
2259 5005 2441 5058 crebra
2470 5007 2605 5078 lapis
2631 5007 2766 5080 (Si),

451 5133 528 5187 ita
570 5130 837 5186 librorum
866 5127 1172 5183 divisiones
1200 5142 1232 5181 a
1257 5125 1523 5181 continua
1552 5121 1816 5178 lectionis
1844 5123 2176 5181 assiduitate
2202 5127 2430 5184 lectoris
2458 5130 2706 5184 animum
2738 5132 3010 5197 relaxant,
3056 5146 3185 5186 cum
3213 5130 3381 5187 habet
3411 5130 3502 5186 ubi
3543 5130 3711 5202 longo

449 5219 608 5291 quasi
640 5217 841 5272 itinere
863 5213 1196 5284 defatigatus
1218 5211 1518 5278 consistat;
1552 5211 1856 5281 praesertim
1886 5211 2053 5266 etiam
2089 5227 2214 5268 cum
2244 5215 2382 5269 nihil
2417 5218 2632 5271 auctori
2665 5217 2965 5272 detrahant
2996 5233 3097 5273 nec
3142 5218 3461 5288 scriptionis
3505 5220 3709 5273 seriem

449 5308 805 5378 abrumpant.
837 5303 993 5359 Adde
1021 5302 1170 5373 quod
1202 5301 1255 5355 id
1290 5299 1607 5369 partitionis
1634 5313 1811 5369 genus
1840 5299 1909 5353 ad
1942 5300 2096 5355 locos
2129 5315 2196 5355 ex
2239 5302 2614 5372 scriptorlbus
2640 5304 2895 5359 laudatos
2929 5305 3116 5359 statim
3162 5304 3526 5373 reperiendus
3564 5306 3710 5359 mul-

453 5405 570 5450 tum
593 5394 879 5449 conducat
913 5410 927 5445 :
965 5390 1112 5444 unde
1160 5389 1451 5445 inductum
1491 5387 1624 5441 illud
1666 5386 1785 5442 fere
1833 5387 1903 5440 ab
1945 5386 2349 5443 eruditioribus
2382 5391 2436 5443 in
2470 5389 2761 5458 quibusvis
2795 5391 3225 5460 exemplaribus,
3276 5408 3398 5460 qua:
3445 5394 3708 5447 continua

448 5483 593 5541 serie
615 5482 823 5551 absque
849 5480 1012 5535 libris
1043 5478 1125 5532 vel
1153 5477 1362 5549 absque
1388 5476 1668 5548 capitibus
1690 5474 2113 5532 describuntur.
2149 5475 2305 5541 Quod
2335 5475 2586 5545 quidem,
2607 5477 2681 5530 ita
2724 5478 2779 5530 in
2832 5477 3047 5533 Zonara
3078 5479 3447 5546 confecimus,
3474 5491 3534 5534 ut
3568 5480 3706 5536 alte-

521 5642 634 5716 (l8)
663 5641 787 5716 Lib.
815 5656 915 5705 vn,
947 5626 1197 5716 sectlj7.
2355 5633 2480 5716 .Lib.
2508 5648 2583 5716 ιχ,
2610 5644 2747 5716 sect.
2780 5633 2881 5716 ult.

521 5702 631 5785 (19)
812 5727 863 5777 x,
902 5702 1038 5785 sect.
1066 5709 1156 5762 28.
2354 5703 2411 5785 LII
2436 5713 2550 5785 not.
2585 5704 2651 5785 ad
2684 5705 2911 5785 Ense-In,
2943 5720 2996 5773 ιι.
3022 5703 3151 5765 Elii,
3178 5705 3302 5772 “252,
3335 5705 3369 5760 ‘2
3392 5702 3529 5759 edit.

517 5774 631 5855 (20)
811 5774 923 5844 xitt,
946 5778 1001 5831 ὅ.
1088 5849 1149 5855 Μ

2211 5774 2322 5843 (24)
2356 5774 2595 5827 Rutilius
2625 5776 2845 5829 homst.
2877 5776 2973 5828 li'o.
3012 5792 3071 5828 tt.

518 5849 631 5923 (2|)
657 5851 777 5909 Lib.
804 5866 885 5918 ιη,
919 5859 1056 5905 sect.
1082 5849 1172 5903 26.
