4098 6428
430 476 508 545 19
1833 487 1939 549 DU
1975 484 2242 550 CANGII
3613 479 3691 541 29

461 594 912 652 'Caeterumnon
953 612 1060 673 una
1105 607 1188 654 est
1236 599 1292 654 in
1347 615 1478 654 mss.
1531 599 1820 657 codicibus
1859 600 2088 654 Zonaras
2138 599 2432 654 Annalium
2486 595 2877 667 descriptionis
2908 596 3070 659 ratio,
3116 610 3212 649 seu
3267 608 3455 648 rerum
3505 593 3560 646 in
3611 593 3690 648 iis

424 689 882 751 pertractatarum
907 695 1230 755 spectentur
1252 697 1599 759 argumenta,
1635 704 1760 758 quas
1801 691 1854 742 in
1884 688 2222 758 quibusdam
2245 703 2311 741 ex
2347 687 2412 740 iis
2452 686 2507 740 in
2543 683 2908 755 marginibus,
2941 698 3039 738 seu
3069 685 3162 751 qui
3213 678 3513 744 interdum,
3553 695 3685 734 cum

427 785 568 824 nova
601 769 896 826 inchoatur
925 774 1178 837 materia,
1209 775 1263 828 in
1293 775 1416 844 ipso
1455 785 1718 830 contextu
1750 777 1894 830 tituli
1927 783 2298 846 apponuntur.
2334 773 2412 828 Ac
2435 785 2584 828 certe
2616 771 2796 842 quoad
2834 779 2996 825 notas
3027 769 3162 824 istas
3187 767 3534 838 marginales.
3565 783 3674 821 non

424 871 644 928 semper
681 860 846 914 etiam
891 861 1099 916 eadem
1147 863 1200 916 in
1247 865 1508 918 omnibus
1549 864 1962 942 exemplaribus
1993 863 2048 917 in
2075 861 2277 931 quibus
2325 860 2622 922 habentur,
2665 873 2769 914 nec
2818 857 2985 912 simili
3025 857 3266 911 dictione
3319 863 3571 910 exaratze.
3617 853 3677 908 In

423 944 755 1012 quibusdam
787 956 1055 1018 praeterea
1089 949 1368 1005 interdum
1399 951 1587 1022 plures
1614 967 1679 1007 ac
1709 941 2026 1007 crebriores
2057 964 2223 1019 quam
2254 948 2309 1002 in
2333 948 2478 1010 aliis,
2508 947 2564 1002 in
2591 945 2922 1018 quibusdam
2960 960 3060 1014 per
3101 943 3388 998 intervalla
3431 941 3682 1012 longius-

423 1033 546 1088 cula
585 1033 872 1090 breviores
922 1048 1244 1093 occurrunt.
1302 1039 1359 1094 In
1407 1039 1530 1094 aliis
1569 1039 1812 1109 denique
1847 1054 1911 1093 ac
1955 1035 2362 1106 antiquioribus
2401 1033 2691 1089 codicibus
2737 1033 2903 1088 nulla:
2952 1031 3070 1088 fere
3119 1046 3337 1101 semper
3379 1028 3681 1086 habentur.

425 1118 630 1174 Scribit
659 1120 774 1176 Leo
791 1124 1026 1179 Allatius
1047 1126 1098 1180 in
1118 1125 1362 1181 Dialriba
1395 1127 1462 1180 de
1483 1126 1731 1198 Georgiis
1757 1129 1808 1182 ul
1831 1126 1847 1181 i
1875 1126 1942 1181 de
1967 1124 2220 1180 Cedreno
2238 1121 2370 1196 [ista
2397 1121 2648 1195 chlitza,
2675 1137 2726 1177 c.
2747 1121 2996 1192 27lagit,
3023 1129 3243 1200 exstare
3271 1119 3326 1174 in
3348 1117 3682 1174 bibliotheca

425 1207 704 1264 Sfortiana
739 1212 996 1266 eodiccm-
1033 1213 1313 1286 ingentem
1349 1215 1569 1286 Georgii
1623 1215 1876 1286 Scylitza:
1906 1227 2104 1268 nomen
2142 1211 2550 1284 przrl’erentem,
2585 1211 2716 1266 licet
2753 1210 2948 1265 unicos
2989 1209 3260 1263 duntaxat
3297 1207 3527 1264 Zonarai
3573 1208 3688 1261 An-

423 1297 578 1352 nales
602 1298 906 1354 contineat.
949 1299 1054 1356 Sed
1086 1311 1143 1356 et
1189 1303 1334 1357 inter
1364 1303 1584 1357 codices
1625 1303 1902 1358 Palatinos
1948 1303 2175 1356 Romam
2217 1301 2478 1356 advectos
2504 1315 2564 1356 se
2597 1300 2802 1356 vidisse
2844 1299 3091 1371 ejusiem
3125 1297 3353 1352 Zonarze
3385 1295 3678 1351 historiam

423 1383 700 1455 principio
755 1387 1027 1455 mutilam,
1093 1404 1123 1443 a
1174 1390 1494 1444 monareltia
1543 1391 1911 1453 Romanorum
1957 1388 2332 1460 incipientem,
2386 1389 2440 1443 in
2511 1404 2640 1458 qua,
2687 1388 2791 1444 etsi
2834 1387 2982 1442 notis
3033 1385 3102 1440 ab
3144 1385 3376 1440 historia
3423 1383 3681 1445 diversis,

427 1468 708 1539 praeﬁxum
739 1482 823 1527 est
857 1473 1134 1545 Γεωργίου
1156 1475 1251 1529 τοῦ
1281 1477 1572 1548 Σκυλίτζη.
1600 1478 1730 1544 Quae
1755 1476 1980 1547 quidem
2017 1478 2045 1531 d

2063 1476 2220 1542 ill'ert,
2255 1476 2455 1546 inquit,
2488 1476 2560 1530 ab
2591 1475 2740 1530 edito
2769 1475 3006 1540 Zonara,
3035 1471 3182 1542 quod
3210 1471 3263 1525 in
3297 1469 3480 1544 capita
3505 1469 3681 1524 divisa

427 1557 634 1628 ubique
661 1563 961 1616 seminaria
990 1565 1234 1632 capitum
1265 1565 1546 1619 exhibeat.
1573 1583 1592 1615 ‹
1628 1565 1708 1619 An
1742 1579 2132 1627 summarum,»
2171 1563 2360 1618 subdit
2391 1563 2534 1618 idem
2565 1563 2820 1620 Allatius.
2849 1580 2871 1613 ο
2907 1571 3101 1616 auctor
3133 1559 3400 1630 Scylitses
3432 1555 3580 1613 iste?
3610 1573 3684 1611 an

425 1654 716 1715 propterea
762 1648 847 1702 vel
883 1649 1078 1704 Craude
1111 1663 1210 1705 sua
1258 1651 1346 1705 vel
1389 1651 1795 1721 exscriptorum
1850 1651 2143 1707 oscitanlia
2201 1651 2448 1706 historia:
2493 1659 2688 1706 auctor
2723 1649 3166 1704 comminiscitur
3199 1665 3218 1699 ι
3270 1661 3366 1701 seu
3417 1643 3689 1716 tingitur?

425 1731 575 1786 unde
603 1748 832 1802 prorsus
871 1735 1000 1792 licet
1034 1737 1314 1810 conjicere
1359 1738 1542 1794 hancce
1582 1753 1768 1793 rerum
1802 1749 2118 1809 argumenta
2170 1755 2278 1793 non
2321 1754 2442 1794 esse
2485 1739 2658 1808 ipsius
2679 1737 2925 1799 Zonarze,
2957 1745 3072 1790 tum
3117 1751 3185 1790 ex
3214 1749 3284 1790 eo
3320 1733 3488 1789 etiam
3534 1732 3690 1806 quod

421 1815 657 1873 diversis
679 1837 824 1891 saepe
853 1834 1121 1895 concepta
1171 1826 1356 1880 verbis
1397 1827 1672 1896 legantur,
1713 1837 1826 1880 tum
1881 1828 2054 1897 quod,
2084 1837 2144 1884 ut
2172 1830 2354 1900 attigi,
2387 1831 2539 1885 varie
2584 1829 2928 1901 marginibus
2965 1829 3245 1892 codicum,
3289 1829 3421 1884 alibi
3472 1829 3690 1886 scilicet

423 1905 623 1970 rarius,
656 1907 786 1963 alibi
821 1913 1055 1980 singulis
1103 1913 1276 1969 ferme
1311 1915 1554 1981 periodis
1603 1915 1993 1986 appingantur.
2027 1916 2189 1985 Quod
2219 1933 2382 1987 quam
2429 1917 2624 1973 inutile
2665 1917 2738 1973 sit
2759 1917 2844 1972 Vel
2888 1932 2956 1972 ex
3005 1932 3072 1972 eo
3119 1926 3291 1987 patet,
3345 1917 3497 1987 quod.
3524 1917 3688 1986 longe

424 1993 598 2048 sati-us
625 2004 710 2050 est
756 2011 878 2066 qua:
903 1999 958 2052 in
989 2010 1250 2055 contextu
1298 2002 1538 2058 breviter
1579 2003 1855 2074 descripta
1893 2005 2171 2062 habentur
2193 2007 2396 2078 legere,
2426 2021 2594 2076 quam
2647 2006 2702 2061 in
2752 2006 3113 2078 argumentis,
3146 2022 3272 2062 cum
3307 2005 3543 2061 totidem
3572 2005 3690 2061 fere

425 2096 645 2152 semper
681 2083 870 2139 verbis
918 2097 1196 2142 constent.
1229 2087 1302 2143 Ea
1329 2090 1734 2161 qualiacunque
1781 2100 1910 2146 sunt
1957 2101 2014 2148 et
2064 2092 2372 2164 cuiusmodi
2409 2093 2462 2147 in
2499 2093 2621 2148 suis
2659 2091 2946 2148 codicibus
2988 2094 3278 2150 invenerat
3322 2093 3694 2165 Hieronymus

428 2169 660 2226 Wolﬁus
686 2171 740 2226 in
763 2173 1086 2230 interiorem
1115 2175 1380 2233 editionis
1405 2194 1518 2234 sua:
1561 2181 1860 2251 marginem
1886 2197 1982 2236 seu
2015 2181 2082 2236 ad
2118 2181 2362 2236 Graecam
2411 2182 2724 2236 columnam
2755 2181 2845 2236 edi
2877 2181 3121 2247 curavit,
3153 2189 3210 2238 et
3239 2197 3366 2236 cum
3399 2197 3510 2236 non
3550 2181 3686 2236 tanti

428 2258 771 2326 viderentur,
795 2277 990 2318 eorum
1020 2267 1205 2320 omisit
1237 2265 1774 2337 interpretationem,
1821 2269 1968 2324 nolis
2000 2269 2124 2325 aliis
2161 2269 2508 2324 brevioribus
2533 2269 2746 2324 Latinis
2775 2269 2842 2324 ad
2877 2269 3104 2324 alteram
3133 2271 3453 2325 columnam
3479 2271 3694 2340 pariter

430 2347 705 2416 ascriptis,
751 2364 874 2419 quae
917 2350 1156 2408 subinde
1197 2351 1266 2408 de
1310 2368 1495 2409 rerum
1535 2357 1876 2427 argumentis
1921 2357 2181 2412 lectorem
2227 2359 2614 2412 admonerent.
2679 2355 2884 2411 Harum
2935 2357 3229 2428 plerasque
3279 2358 3336 2412 in
3386 2358 3488 2412 hac
3518 2357 3689 2428 Regia

429 2435 519 2489 edi
545 2437 882 2503 curavimus,
916 2439 1041 2494 aliis
1066 2441 1237 2513 certis
1255 2456 1320 2497 ex
1362 2442 1547 2497 causis
1577 2443 1818 2515 rejectis,
1855 2453 1970 2499 tum
2013 2447 2181 2501 etiam
2226 2463 2318 2511 ne,
2347 2447 2390 2501 si
2420 2445 2802 2502 crebrioribus
2831 2446 3104 2517 ejusmodi
3140 2446 3482 2518 argumentis
3509 2446 3694 2502 fusca-

432 2533 630 2578 rentur
661 2523 786 2579 libri
821 2527 1116 2598 margines,
1144 2529 1406 2585 editionis
1433 2545 1665 2600 prorsus
1707 2531 1888 2603 Regia:
1920 2543 2182 2590 venustas
2223 2551 2288 2590 ac
2313 2535 2575 2605 majestas
2605 2535 3128 2590 commacularetur.
3161 2535 3341 2606 Atque
3373 2535 3426 2590 id
3461 2534 3688 2605 quidem

427 2625 612 2665 causa:
644 2610 768 2677 fuit,
798 2623 858 2668 ut
888 2613 1076 2670 Graeca
1109 2615 1210 2670 ista
1242 2627 1566 2688 argumenta
1599 2619 1650 2673 in
1694 2619 1989 2676 interiores
2022 2622 2298 2694 margines
2341 2624 2598 2694 rejicere,
2629 2623 2775 2692 quod
2809 2621 3016 2678 fecerat
3054 2621 3308 2686 Wolfius,
3351 2623 3530 2676 visum
3577 2637 3688 2676 non

427 2696 620 2764 fuerit,
653 2709 770 2760 tum
796 2701 946 2770 quod
973 2701 1080 2758 illa:
1110 2703 1164 2758 in
1200 2704 1542 2761 editionibus
1562 2707 1752 2778 Regiis
1781 2707 1944 2778 vulgo
1966 2709 2132 2766 hasce
2155 2719 2314 2765 notas
2356 2709 2626 2764 hactenus
2653 2724 2765 2763 non
2795 2709 3142 2773 admiserint,
3186 2719 3300 2762 tum
3330 2707 3500 2764 etiam
3539 2708 3688 2777 quod

427 2800 497 2841 eo
525 2798 657 2844 sunt
687 2789 932 2858 inutiles,
973 2793 1120 2862 quod
1157 2795 1422 2865 apposita:
1454 2793 1662 2851 Latiare
1703 2795 1848 2852 idem
1892 2813 2124 2868 prorsus
2171 2797 2429 2852 clliciant.
2475 2796 2551 2852 Ne
2587 2806 2769 2851 tamen
2796 2795 3000 2852 Graecis
3041 2795 3385 2866 argumentis
3430 2795 3690 2850 fraudare

429 2875 690 2930 lectorem
717 2877 1028 2943 videamur,
1056 2897 1118 2936 ea
1145 2897 1366 2938 rursum
1406 2882 1497 2938 hic
1537 2883 1874 2950 rccudimus,
1895 2886 2106 2955 aliquot
2131 2883 2184 2937 in
2212 2883 2353 2937 locis
2386 2899 2454 2937 ex
2489 2898 2620 2936 mss.
2649 2880 2935 2935 codicibus
2965 2882 3236 2944 auctiora,
3267 2894 3442 2948 eaque
3490 2894 3692 2934 secun-

427 2963 560 3018 dum
591 2963 864 3021 librorum
903 2977 958 3024 et
983 2971 1292 3026 sectionum
1319 2987 1581 3028 numeros
1606 2974 1836 3045 digesta,
1869 2972 1944 3028 ita
1975 2980 2036 3028 ut
2073 2987 2260 3030 rerum
2303 2989 2332 3026 a
2361 2971 2574 3026 Zonara
2604 2971 2658 3024 in
2691 2969 3000 3024 Annalibus
3023 2967 3426 3040 descriptarum
3469 2968 3690 3025 elenchi

429 3066 526 3106 seu
559 3056 844 3110 summarii
872 3055 1047 3113 vicem
1082 3065 1344 3129 praestare
1374 3061 1608 3130 possint.

498 3137 640 3211 Quid
675 3155 845 3210 porro
870 3152 1163 3213 postrema:
1193 3146 1324 3202 huic
1357 3147 1636 3220 ae'Regirc
1683 3162 1923 3223 prorsus_
1955 3136 2184 3204 Joannis
2213 3146 2440 3202 Zonaras
2482 3145 2780 3201 Annalium
2803 3145 3035 3200 editioni
3076 3145 3395 3209 accesserit,
3427 3145 3691 3202 lectorem

431 3227 663 3284 interest
691 3231 947 3288 educere.
979 3233 1165 3290 Cra-ca
1191 3237 1547 3302 contulimus,
1585 3237 1820 3290 maxime
1853 3238 1906 3291 in
1965 3235 2100 3291 locis
2129 3235 2222 3307 qui
2259 3235 2599 3290 dubietatem
2635 3233 2931 3306 quamdam
2965 3233 3360 3304 praeferebant,
3388 3250 3514 3288 cum
3555 3248 3694 3304 qua-

431 3330 558 3374 ιιιοι·
591 3321 880 3378 codicibus
927 3323 1115 3396 Regiis
1152 3335 1209 3380 et
1237 3341 1346 3380 uno
1390 3325 1706 3383 Colberteo.
1753 3327 2050 3398 Regiorum
2095 3327 2206 3382 duo
2247 3325 2433 3399 [17”,
2477 3341 2602 3382 szec.
2648 3342 2739 3380 xm
2775 3367 2790 3391 ,
2832 3335 2887 3380 et
2938 3325 3113 3388 17:6,
3148 3341 3272 3380 sieo.
3320 3323 3412 3397 xv]
3449 3326 3694 3396 integros

429 3408 670 3498 Annales
695 3412 1162 3482 complectuntur,
1174 3423 1564 3498 .prazterquam
1608 3415 1755 3485 quod
1805 3415 2003 3470 horum
2036 3415 2176 3472 alter
2207 3414 2397 3488 [1716]
2437 3415 2657 3472 duobus
2689 3415 2836 3470 foliis
2867 3414 3026 3470 initio
3059 3414 3286 3470 mutilus
3323 3423 3450 3480 est;
3489 3415 3688 3469 tertius

433 3497 618 3568 [1768.
645 3516 772 3556 sane.
809 3500 944 3575 xlv].
971 3497 1272 3559 secundam
1317 3505 1611 3560 Annalium
1660 3514 1904 3577 partem;
1935 3513 2168 3575 quartus
2209 3504 2395 3578 [F718,
2443 3520 2570 3560 suae.
2613 3503 2726 3575 xw]
2753 3504 3000 3566 demum,
3057 3503 3214 3572 isque
3261 3502 3562 3558 recentiori
3595 3501 3694 3555 dc-

431 3587 672 3658 scriptus
697 3607 881 3654 manu,
907 3590 1132 3648 eosdem
1163 3593 1403 3650 Annales
1446 3593 1516 3649 ab
1563 3595 1798 3666 imperio
1827 3593 2152 3650 Diocletiani
2187 3593 2255 3648 ad
2292 3592 2550 3648 Alexium
2583 3593 2850 3648 continet.
2873 3591 3055 3648 Codex
3103 3591 3434 3647 Colberteus
3462 3589 3577 3663 (28)
3608 3601 3696 3646 sat

432 3676 590 3732 bona;
619 3683 785 3744 notae,
820 3680 1012 3749 paucis
1037 3681 1204 3736 etiam
1235 3683 1449 3754 paginis
1501 3683 1661 3739 initio
1701 3683 1950 3750 mutilus,
1983 3682 2190 3738 desinit
2230 3682 2284 3737 in
2321 3683 2551 3754 hujusce
2589 3681 2850 3736 editionis
2882 3680 3186 3734 sectionem
3228 3679 3300 3734 54
3330 3679 3462 3734 libri
3494 3695 3590 3746 xu,
3639 3681 3692 3733 in

430 3763 709 3820 Maximini
743 3767 956 3824 scilicet
985 3778 1044 3824 et
1087 3768 1282 3824 Licinii
1312 3770 1628 3840 imperium.
1659 3771 1850 3826 Varias
1879 3787 1947 3825 ex
1989 3771 2142 3826 hisce
2177 3770 2464 3826 codicibus
2497 3757 2788 3839 excerptas
2818 3768 3086 3823 lectiones
3139 3768 3195 3821 in
3247 3766 3414 3822 Notas
3455 3766 3696 3822 subinde

432 3851 749 3916 retulimus,
805 3857 1096 3912 nonnullis
1140 3873 1263 3928 qua:
1313 3866 1466 3913 extra
1521 3861 1955 3916 controversiam
2007 3858 2342 3914 videbantur
2377 3858 2434 3912 in
2468 3868 2788 3914 contextum
2821 3857 3010 3926 ipsum
3055 3854 3340 3910 immissis.
3372 3854 3692 3926 Hieronymi

430 3938 615 3996 Wollii
645 3941 963 3997 versionem
993 3943 1246 3999 Latinam
1285 3945 1564 4001 interdum
1597 3957 1655 4002 et
1683 3949 1866 4003 rarius
1893 3951 2336 4014 emendavimus,
2369 3950 2609 4004 maxime
2641 3949 2710 4004 iis
2741 3948 2878 4004 locis
2906 3948 2997 4004 ubi
3028 3947 3274 4002 auctoris
3308 3953 3551 4000 mentem
3582 3961 3696 4000 non

431 4029 658 4084 omnino
683 4043 804 4086 erat
830 4039 1139 4097 assecutus,
1175 4049 1316 4104 quos
1350 4035 1404 4089 in
1440 4035 1592 4090 Notis
1621 4036 1737 4092 fere
1767 4052 1988 4109 semper
2015 4039 2358 4102 indicamus;
2393 4034 2488 4092 sed
2517 4035 2823 4106 praesertim
2853 4035 2907 4088 in
2935 4050 2999 4089 ea
3035 4044 3188 4104 parte
3224 4033 3315 4087 ubi
3351 4049 3442 4089 res
3487 4033 3694 4101 Byzan-

432 4117 562 4173 tium
586 4127 996 4188 pertractantur
1015 4121 1263 4190 quaedam
1297 4122 1646 4192 potissimum
1686 4125 2121 4194 immutavimus,
2151 4126 2242 4180 ubi
2279 4126 2548 4196 palatinas
2572 4141 2669 4180 seu
2719 4124 3128 4180 ecclesiasticas
3167 4122 3466 4192 dignitates
3502 4121 3700 4176 minus

431 4213 804 4264 consentanee
831 4207 1140 4266 reddidisse
1174 4211 1483 4267 videbatur.
1517 4211 1829 4270 Annalibus
1859 4214 2100 4287 denique
2123 4215 2527 4271 Aduotationes
2551 4223 2770 4270 nostras
2804 4212 3166 4284 subjecimus,
3202 4227 3308 4266 una
3341 4225 3467 4264 cum
3500 4209 3696 4264 Disce-

431 4295 680 4364 ptatione
703 4295 772 4352 de
803 4296 1088 4354 Hebdomo
1111 4305 1168 4354 et
1192 4298 1404 4370 aliquot
1425 4299 1822 4359 additamentis
1852 4303 1926 4358 ad
1960 4313 2202 4360 nostram
2233 4302 2446 4374 Cpolim
2476 4301 2878 4360 Christianam.
2913 4301 2982 4356 de
3013 4301 3220 4370 quibus
3247 4297 3508 4354 omnibus
3535 4296 3699 4351 initio

432 4384 702 4456 cujusque
727 4384 1132 4442 lucubrationis
1164 4385 1426 4442 lectorem
1457 4404 1767 4446 monemus.

503 4469 678 4527 Breve
709 4470 951 4542 denique
984 4473 1330 4539 Cbronicon,
1377 4475 1602 4532 levioris
1638 4477 1780 4534 forte
1819 4478 1949 4534 licet
2000 4479 2287 4543 momenti,
2317 4476 2549 4534 Joannis
2575 4474 2806 4532 Zonaras
2841 4474 3152 4532 Annalibus
3175 4472 3524 4544 subiicimus,
3547 4470 3698 4544 quod

435 4569 754 4628 temporum
777 4559 845 4615 ab
877 4561 1087 4616 Adamo
1121 4563 1189 4616 ad
1223 4564 1476 4618 Alexium
1525 4564 1894 4630 Comnenum,
1936 4583 2060 4638 qum
2091 4569 2182 4623 ille
2229 4567 2603 4638 persequitur,
2653 4565 3018 4621 summarium
3062 4563 3345 4634 quoddam
3393 4565 3696 4625 contineat,

434 4647 744 4718 cuiusmodi
779 4649 1042 4705 nonnulla
1071 4651 1177 4705 alia
1210 4651 1487 4708 habentur
1517 4651 1572 4708 in
1598 4655 1889 4710 codicibus
1920 4657 2315 4726 manuscriptis
2343 4655 2698 4710 bibliothecas
2721 4653 2928 4724 Regia,
2958 4669 3084 4724 quae
3115 4661 3300 4708 tamen
3333 4653 3388 4707 in
3423 4667 3698 4706 annorum

437 4735 884 4793 characterismis
912 4753 1022 4793 non
1053 4739 1284 4796 omnino
1309 4741 1518 4811 ubique
1547 4757 1674 4796 cum
1703 4758 1772 4798 eo
1800 4743 1948 4813 quod
1980 4744 2200 4799 edimus
2225 4743 2587 4807 conveniunt,
2615 4741 3054 4811 exscriptorum,
3089 4750 3151 4795 ut
3195 4741 3476 4803 existimo,
3512 4741 3699 4810 potius

435 4825 672 4890 incuria,
699 4838 864 4894 quam
893 4840 1086 4880 eorum
1112 4841 1143 4882 a
1175 4825 1382 4897 quibus
1410 4835 1542 4895 sunt
1563 4828 1834 4885 confecta.
1875 4831 1946 4888 Ut
1981 4841 2168 4887 tamen
2199 4833 2417 4887 caeteris
2444 4829 2590 4885 istud
2630 4829 2972 4898 pnel'errem,
3011 4828 3144 4884 fecit
3175 4827 3278 4882 viri
3317 4829 3373 4882 in
3401 4829 3697 4883 chronolo—

437 4912 574 4983 gicis
605 4922 664 4968 ut
695 4921 752 4967 et
775 4915 830 4968 in
863 4913 1078 4970 caeteris
1115 4915 1426 4986 disciplinis
1454 4917 1817 4974 versatissimi
1853 4918 2097 4992 Dionysii
2131 4919 2339 4974 Petavii
2373 4919 2697 4980 auctoritas,
2723 4933 2754 4972 a
2795 4930 2907 4988 quo
2939 4916 3178 4986 primum
3201 4915 3417 4969 editum
3454 4922 3541 4969 est
3565 4929 3696 4970 cum

435 5000 736 5071 Nicephori
767 5001 1090 5072 patriarchae
1110 5003 1386 5059 Breviario
1409 5003 1675 5060 historico
1699 5023 1713 5062 :
1743 5007 1887 5077 ψιοά
1906 5022 2031 5063 cum
2060 5009 2114 5064 in
2141 5007 2308 5079 Regia
2330 5006 2576 5064 editione
2599 5005 2850 5074 ejusdem
2882 5003 3172 5074 scriptoris
3201 5001 3468 5058 omissum
3509 5001 3696 5060 fuerit.

438 5089 530 5144 hic
567 5105 783 5144 rursum
817 5105 1125 5160 proponere
1156 5091 1337 5146 visum
1374 5099 1480 5157 est,
1513 5101 1630 5147 tum
1671 5093 1928 5162 maxime,
1957 5105 2022 5152 ut
2051 5095 2356 5166 attigimus,
2385 5094 2531 5165 quod
2568 5093 2794 5149 eosdem
2838 5107 2980 5162 quos
3037 5091 3280 5145 Zonaras
3315 5105 3490 5145 annos
3548 5105 3696 5144 com-

438 5178 732 5246 plectatur,
759 5193 790 5232 a
819 5179 1026 5234 mundo
1051 5179 1264 5236 scilicet
1289 5181 1514 5236 condito
1543 5195 1718 5253 usque
1747 5182 1816 5238 ad
1850 5184 2108 5240 eumdem
2137 5185 2414 5240 Alexium.

508 5267 614 5323 Sed
662 5269 984 5339 priusquam
1033 5268 1164 5325 huic
1214 5270 1530 5326 Prml‘ationi
1583 5271 1708 5326 linis
1761 5273 2116 5344 imponatur,
2167 5282 2426 5344 praestat,
2480 5271 2628 5342 quod
2681 5287 2850 5342 supra
2898 5285 3095 5326 sumus
3147 5267 3402 5338 polliciti,
3465 5267 3698 5322 aliorum

368 5379 370 5383 -
437 5351 662 5408 Zonara:
691 5370 946 5424 operum,
993 5371 1233 5426 quorum
1284 5359 1550 5413 memoria
1600 5361 1668 5413 ad
1715 5376 1818 5415 nos
1852 5366 2132 5431 pervenit,
2176 5362 2413 5416 indicem
2448 5361 2746 5432 subjicere,
2782 5367 2843 5414 ut
2875 5359 2960 5413 vel
2997 5359 3146 5423 inde,
3190 5371 3355 5427 quam
3403 5355 3698 5426 singularis

437 5442 606 5495 fuerit
637 5443 737 5496 viri
767 5443 1010 5500 eruditio
1036 5460 1102 5500 ac
1133 5447 1332 5516 pietas,
1384 5447 1556 5502 lector
1584 5458 1932 5519 assequatur.
1967 5450 2147 5520 Atque
2175 5460 2234 5504 ut
2255 5451 2326 5503 ab
2364 5449 2534 5504 editis
2565 5456 2823 5502 sumatur
2861 5446 3105 5509 initium,
3141 5444 3390 5498 occurrit
3417 5443 3472 5496 in
3507 5443 3696 5512 primis

437 5531 879 5586 (Zoxnmentarius
909 5533 962 5586 in
994 5547 1235 5589 canones
1265 5533 1641 5604 apostolorum
1685 5545 1740 5591 et
1782 5537 2147 5592 conciliorum
2194 5536 2306 5610 (29)
2331 5549 2386 5592 et
2413 5537 2470 5592 in
2503 5537 2780 5604 Epistolas
2821 5535 3116 5590 canonicas
3145 5532 3282 5601 (50),
3316 5533 3477 5602 cuius
3509 5530 3698 5584 titulus

512 5726 624 5797 (28)
654 5727 817 5802 Nunc
858 5727 1061 5802 Regius
1111 5729 1272 5802 1717,
1314 5744 1441 5802 saec.
1497 5745 1615 5802 xm.
1659 5730 1862 5802 Prmter
1911 5732 2012 5788 hos
2193 5731 2306 5802 (29)
2336 5731 2437 5802 Ed.
2470 5729 2640 5785 Paris.
2681 5729 2840 5794 l6l8,
2869 5727 2923 5782 in
2957 5727 3052 5784 fol.
3088 5740 3144 5784 et
3180 5730 3234 5784 in
3264 5727 3530 5797 Bevercgii
3559 5725 3695 5780 Pan-

438 5773 916 5876 Zoitarm_c_o_dices
940 5773 1328 5876 parisiissu'nt
1353 5801 1464 5876 duo
1499 5801 1617 5865 alii,
1641 5803 1780 5876 al_ter
1809 5801 2010 5858 Coisli-
2120 5773 2652 5876 doctiszanonuma
2821 5773 2853 5876 ἷ-
3018 5871 3049 5876 __
3087 5869 3146 5876 __
3333 5823 3350 5842 ο
3409 5773 3483 5876 ,ξ’
3526 5863 3565 5876 ἢ
3636 5865 3646 5876 ,

443 5871 642 5941 cianus
671 5869 806 5941 157.
833 5884 958 5924 saec.
989 5885 1101 5928 xw.
1133 5872 1272 5924 alter
1300 5871 1460 5937 patilo
1515 5863 1640 5940 post
1677 5871 1946 5928 Zonaram
1983 5888 2012 5927 a
2196 5873 2308 5941 (30)
2347 5871 2447 5924 E'I.
2478 5871 2544 5925 ad
2571 5871 2778 5941 calcem
2810 5868 3050 5938 Gregorii
3085 5863 3491 5941 Tlmumotnrgi,
3526 5863 3684 5918 Paris

441 5936 720 6010 Decangio
744 5938 954 5994 editum
1007 5941 1244 5996 Parisios
1285 5936 1564 6010 advectus,
1614 5943 1819 6013 Regius
1861 5945 2014 5998 l'llii.
2125 5936 2372 6012 162l,'in
2401 5942 2493 5996 fol.
2531 5951 2588 5996 ct
2620 5941 2674 5996 in
2709 5936 2972 6011 [ἔριθοι-ινρἱὶ
3005 5941 3293 5998 Pandectis
3319 5936 3630 5994 (Iunonum.
