4098 6394
327 423 390 487 21
1438 464 1455 475 .
1748 418 1945 478 ΡΡιίΕΙ

1984 419 2163 480 mo.
3442 410 3451 417 “
3511 429 3602 491 ξηε

332 533 405 586 ita
433 529 753 599 concipitur
795 530 851 584 in
896 528 1187 584 codicibus
1223 542 1356 582 mss.
1399 526 1589 596 Regiis
1626 544 1639 578 :
1687 525 1949 594 Ἐξήγησι

1966 542 1981 586 ;
2025 527 2135 579 τῶν
2189 526 2352 596 ίερῶν
2388 528 2484 581 καὶ
2518 527 2683 582 θείων
2730 530 2974 585 κανόνων
3014 532 3124 588 τῶν
3171 552 3228 589 τε
3268 534 3447 602 ,ἁγίων
3487 541 3584 592 καὶ⁵

330 619 543 672 σεπτῶν
572 616 897 670 ἀποστόλων
938 618 1029 669 καὶ
1076 614 1186 668 τῶν
1232 614 1393 684 ιερῶν
1435 612 1832 682 οἰκουμενικῶν
1881 613 2155 678 συνόδων,
2196 615 2332 669 ἀλλὰ
2377 617 2484 686 μὴν
2515 619 2748 670 καὶτῶν
2797 619 3002 674 λοιπῶν
3058 623 3232 691 ἁγίων
3294 626 3577 695 Πατέρων,

328 711 630 780 πονηθείσα
690 709 916 780 Ἰωάννῃ
974 707 1195 778 μοναχῷ
1248 705 1328 774 τῷ
1371 705 1603 774 Ζωναρᾷ
1645 703 1724 772 τῷ
1776 702 2022 771 γεγονότι
2082 702 2305 772 μεγάλῳ
2351 703 2705 775 δρουγγαρίῳ
2737 707 2838 777 τῆς
2880 708 3072 779 βίγλας
3121 713 3213 764 καὶ
3251 729 3581 781 πρωτοασηο

330 797 543 867 κρῆτις.
579 797 638 849 lu
673 796 839 850 istius
873 810 1041 864 porro
1077 792 1262 863 eperis
1318 790 1643 846 Puefatione
1689 788 1823 843 illud
1874 804 1933 844 se
1976 805 2293 860 aggressum
2341 793 2418 845 ait
2471 807 2580 846 non
2628 805 2822 863 sponte
2868 796 2964 855 sed
3010 798 3241 853 alterius
3285 815 3573 869 persuasu,

332 883 595 938 Manuelis
644 883 787 938 forte
828 881 1096 938 Comneni
1127 878 1286 949 imp.,
1335 886 1398 931 ut
1454 876 1593 931 infra
1630 876 1928 931 dicemus:

1958 879 2051 947 Μή
2105 895 2189 940 τις
2242 877 2299 931 δέ
2346 896 2437 947 μοι
2487 882 2786 950 καταγνοίη
2812 884 3146 952 προπέτειαν
3174 902 3187 915 ο
3228 886 3290 938 οὐ
3322 889 3428 956 γὰρ
3477 888 3571 954 atq)"

329 977 522 1029 ἑαυτοῦ
555 976 635 1047 τῷ
679 979 959 1045 πονὴματι
1006 972 1272 1044 ἐγχειρῶ,
1325 971 1464 1025 ἀλλὰ
1523 966 2190 1047 παρακληθεὶςνὺπέκυψα
2236 968 2328 1019 καὶ
2375 966 2454 1036 τῷ
2503 968 2651 1038 πόνῳ
2691 969 2901 1023 δέδωκα
2952 973 3193 1040 ἐμαυτὸν
3240 975 3327 1027 ἵνα
3383 973 3460 1045 μὴ
3503 975 3584 1028 ὁι’

328 1066 591 1134 ἀνηκοΐαν
622 1064 965 1134 κατακριθῶ.

395 1150 571 1224 Λόγος
602 1149 738 1218 πρδς
773 1149 904 1210 τοὺς
937 1146 1036 1215 τὴν
1065 1144 1305 1214 φυσικὴν
1336 1144 1434 1231 τῆς
1478 1139 1897 1231 γονῆς-ἐκροῆνᾲ
1920 1141 2013 1231 μία

1964 1141 2137 1212 ίασμα
2182 1142 2543 1231 ἡγουμένους.
2587 1146 2784 1201 Editus
2825 1148 3058 1202 habetur
3092 1148 3147 1202 in
3180 1148 3314 1204 Jure
3362 1148 3581 1203 Graeco-

331 1238 485 1290 Ilotn.
515 1237 674 1308 ltum.
706 1236 747 1298 I,
781 1252 834 1304 p.
863 1233 1093 1288 551-561
1132 1241 1187 1284 ιιι
1220 1232 1274 1285 iu
1305 1228 1597 1283 Enitnnndi
1634 1226 1899 1282 Bouelidii
1934 1230 2063 1285 Jure
2094 1226 2375 1295 orientali,
2410 1248 2465 1302 p.
2501 1250 2558 1297 ll,
2590 1250 2641 1303 p.
2674 1235 2800 1300 2w,
2843 1235 2998 1307 237.]

410 1325 657 1378 'ltodvvau
686 1322 922 1393 μοναχοῦ
960 1320 1055 1374 τοῦ
1086 1319 1336 1388 Ζωναρᾶ.
1383 1319 1446 1369 ὲκ
1472 1314 1766 1385 προσώπου
1807 1315 1918 1366 τῶν
1956 1317 2282 1397 αρχιερέων,
2317 1320 2570 1388 περὶτοῦ
2614 1322 2689 1391 μὴ
2720 1324 2830 1375 δεῖν
2878 1323 2971 1375 δύο
3009 1323 3427 1393 δισεξαδέλφους
3476 1325 3577 1395 τὴν

331 1413 501 1481 αὐτὴν
535 1411 841 1477 ἀγαγέσθαι
874 1410 1010 1479 πρὸς
1050 1408 1228 1478 γάμον
1263 1406 1402 1477 (51).
1435 1405 1584 1459 Εὰἰι.
1621 1420 1672 1458 a.
1708 1421 1760 1458 ν.
1795 1420 1844 1459 c.
1869 1404 1949 1458 Jo:

1976 1422 2082 1459 unc
2112 1405 2351 1475 Baptista
2379 1407 2680 1474 Cotelcrio,
2712 1418 2845 1464 tom.
2885 1410 2927 1462 ll
2994 1409 3038 1481 [ι
3061 1452 3074 1464 .
3105 1410 3233 1482 885]
3270 1411 3588 1467 Monumen-

329 1511 501 1553 torum
534 1497 672 1551 Eccl.
708 1496 802 1551 Gr.
1066 1490 1073 1495 ’

396 1586 680 1640 Laudatur
705 1602 734 1639 a
764 1585 929 1639 Petro
975 1583 1270 1638 Lambecio
1302 1582 1398 1637 lib.
1457 1597 1512 1635 ut
1547 1580 1620 1633 De
1655 1577 1795 1633 Bibl.
1828 1578 2093 1643 Cresarca,
2129 1596 2250 1650 pag.
2293 1582 2385 1645 '59,
2418 1583 2668 1654 ejusdem
2699 1584 2926 1640 Zonara:
2960 1595 3016 1641 et
3045 1589 3250 1643 Nicettc
3295 1589 3590 1645 Thessalo-

331 1674 575 1729 nicensis
622 1673 906 1742 Expositio
954 1686 1231 1725 canonum
1265 1670 1737 1724 Auastasimorum
1769 1666 1826 1721 S.
1862 1666 1949 1721 Joa

1965 1669 2090 1723 nuis
2135 1669 2472 1735 Damasceui,
2519 1672 2623 1727 hoc
2662 1673 2858 1728 titulo:
2907 1675 3157 1729 Ἰωάννου
3200 1677 3446 1747 ἁσκητοῦ
3487 1679 3582 1731 τοῦ

322 1763 577 1831 ,Ζω,ηρί,
604 1762 889 1829 γεγονότος
915 1760 1152 1829 μεγάλου
1177 1758 1538 1827 δρουγγαρίου
1564 1756 1664 1826 τῆς
1699 1755 1888 1823 βίγλας
1912 1756 2006 1808 καὶ
2038 1759 2553 1828 πρωτοασηκρῆτις,
2597 1758 2854 1830 ἐξήγησις
2878 1761 2986 1815 τῶν
3012 1764 3402 1836 ἀναστασίμων
3426 1768 3589 1821 κανό-

326 1868 431 1903 νων
460 1850 567 1903 τῶν
598 1849 692 1902 τοῦ
738 1849 1127 1919 Δαμασκηνοῦ,
1159 1849 1318 1919 cujus
1366 1847 1582 1900 initium
1623 1844 1774 1898 hisce
1803 1841 1944 1897 verbi

1968 1857 1988 1896 s
2014 1844 2328 1913 concipitur
2360 1860 2374 1897 :
2415 1847 2568 1900 Ἐπεὶ
2596 1848 2836 1904 κανόνων
2867 1850 3136 1920 ἑρμηνεία
3161 1852 3280 1905 ἐστὶ
3305 1853 3369 1905 τδ
3397 1853 3586 1924 παρὸν-

328 1940 639 2009 σύνταγμα,
673 1940 781 2008 χρὴ
813 1939 912 1994 καὶ
943 1940 1071 2009 περὶ
1092 1938 1225 1991 αὐτὸ
1244 1937 1306 1990 τὸ
1327 1937 1498 2006 ὄνομα
1525 1935 1620 1987 τοῦ
1650 1933 1895 1997 κανόνος,
1922 1931 2019 1985 καὶ
2047 1931 2145 2001 τὴν
2163 1932 2258 1985 τοῦ
2291 1932 2488 2004 είρμεῦ
2521 1935 2616 1986 καὶ
2633 1936 2733 2005 τὴς
2759 1935 2906 2007 ᾠδῆς
2946 1938 3160 2008 κλῆσιν,
3184 1939 3263 1993 ἔτι
3290 1940 3347 1993 δὲ
3378 1940 3587 1994 καὶτοῦ

325 2026 625 2096 τροπαρίου
667 2030 754 2091 (ὲκ
779 2027 987 2080 τούτων
1014 2026 1123 2097 γὰρ
1145 2022 1509 2094 ἀπαρτίζεται
1537 2023 1565 2075 ὁ
1596 2020 1798 2090 κανών)
1818 2020 1940 2089 φιλο

1975 2017 2176 2087 οφῆσαι
2205 2021 2373 2089 ἡμᾶς.
2404 2021 2735 2077 Postcrioris
2752 2038 2882 2077 vero
2903 2024 3263 2094 expositionis
3282 2025 3475 2082 titulus
3500 2037 3592 2083 est-

328 2116 441 2179 ltit:,
472 2113 620 2184 Αὕτη
652 2116 687 2183 ἡ
726 2115 989 2184 ἐξήγησις
1018 2114 1127 2167 τῶν
1169 2111 1565 2180 ἀναστασίμων
1605 2108 1847 2161 κανόνων
1873 2107 1967 2160 τοῦ
1996 2106 2216 2181 πρώτου
2248 2107 2342 2159 καὶ
2369 2105 2465 2159 τοῦ
2491 2109 2765 2179 δευτέρου,
2805 2111 2935 2181 ἄχρι
2977 2114 3073 2182 τῆς
3108 2118 3162 2177 ς’
3191 2112 3361 2185 ᾠδῆς,
3386 2114 3582 2183 γέγονε

325 2204 479 2271 παρὰ
513 2202 812 2271 ἱερωτάτου
841 2201 1241 2272 μητροπολίτου
1273 2198 1679 2267 Θεσσαλονίκης
1710 2196 1902 2267 κυρίου
1929 2195 1943 2247 Ῑ

1961 2194 2144 2260 ίικήτα
2177 2194 2238 2258 ἐξ
2270 2193 2435 2246 αὐτοῦ
2470 2194 2563 2247 τοῦ
2594 2199 2844 2268 Ζωναρᾶ,
2891 2208 3001 2254 etc.
3044 2199 3326 2254 Laudatur
3371 2204 3579 2271 pariter

326 2289 569 2344 Zonaras
605 2289 659 2341 in
685 2303 930 2343 canones
963 2287 1340 2343 Anastasimos
1379 2283 1705 2339 Damasceni
1731 2281 1802 2336 ab
1835 2280 2035 2335 Allatio
2066 2280 2120 2334 in
2149 2279 2502 2350 Syntagmate
2533 2282 2601 2337 de
2633 2282 2998 2354 Gcorgiorum
3043 2288 3265 2357 scriptis
3301 2304 3423 2360 pag.
3455 2290 3582 2354 M7,

324 2393 389 2431 ex
418 2377 632 2446 quibus
662 2375 916 2445 quaedam
947 2376 1252 2445 fragmenta
1283 2373 1458 2428 edidit
1485 2372 1722 2427 Jacobus
1748 2369 2047 2425 Gretzerus
2071 2367 2175 2422 sub
2209 2367 2446 2422 iuitiom-
2466 2369 2594 2424 libri
2633 2388 2664 2426 v
2698 2370 2772 2425 De
2803 2381 2988 2434 sancta
3013 2390 3167 2428 cruce
3196 2391 3214 2430 :
3241 2385 3299 2430 et
3333 2378 3386 2432 iu
3420 2378 3585 2434 Octa¢

328 2466 590 2519 teuchum
651 2463 906 2533 ejusdem
973 2462 1205 2518 Joannis
1262 2459 1586 2516 Damasccni
1652 2455 1935 2528 Expositio
2014 2453 2425 2526 pulcherrima,
2479 2457 2549 2511 ab
2610 2458 2808 2514 eodem
2872 2458 3075 2516 Allatio
3126 2461 3183 2515 in
3238 2461 3584 2535 Symmiclis,

394 2571 446 2608 τι.
500 2553 629 2608 455.

394 2571 446 2606 εν.
538 2569 572 2605 a
614 2593 629 2605 .

325 2569 665 2695 μέετῖεῗιιι·
692 2639 748 2693 in
779 2639 914 2693 bibl.
948 2638 1084 2708 Reg.
1111 2656 1125 2692 :
1171 2638 1422 2704 Ἰωάννου
1462 2634 1697 2705 μοναχοῢ
1725 2633 1820 2687 καὶ
1873 2648 1943 2700 πρ

1963 2633 2366 2701 υτοασηκρῆτις
2397 2629 2493 2685 τοῦ
2530 2633 2762 2702 Ζωναρᾶ
2792 2636 2974 2686 κανὼν
3011 2637 3091 2698 εἰς
3120 2637 3218 2705 τὴν
3273 2640 3581 2708 ὑπεραγίαν

327 2726 609 2789 Θεοτόκον,
643 2721 705 2779 οὗ
735 2728 767 2795 ἡ
793 2726 1113 2795 ἀκροστιχὶς
1144 2723 1459 2777 ΥΣΤΛΤΟΣ
1498 2723 1684 2775 ΗΧΟΣ
1725 2722 1945 2774 ΥΣΤΑΤ

1967 2720 2045 2773 3N
2076 2720 2331 2774 ΠΛΕΚΕΙ
2365 2720 2617 2775 ΜΕΛΟΣ.
2650 2718 2765 2791 [cd.
2803 2721 2856 2774 iu
2887 2722 2972 2778 Jo.
3004 2724 3159 2794 Bapl.
3184 2727 3444 2784 Cotelerii
3483 2730 3585 2783 Ec-

327 2814 501 2867 clesia:
528 2812 727 2867 Graeca
758 2814 1023 2877 Monum,
1062 2821 1195 2867 tom.
1229 2811 1320 2876 lll,
1349 2827 1402 2881 p.
1439 2810 1727 2881 465-472].
1759 2808 1897 2864 Huic
1925 2823 1945 2863 ε

1967 2806 2241 2862 abduntur
2276 2804 2591 2873 Νικηφόρον
2646 2806 2936 2876 πατρικίου
3004 2811 3095 2861 καὶ
3145 2810 3454 2865 ἀνθυπάτου
3482 2814 3585 2866 Μι-

326 2900 619 2968 τυληναίου
654 2901 828 2969 στίχοι
867 2899 1191 2952 καταϐάσιοι
1223 2898 1287 2968 ιβ’
1314 2899 1391 2961 εἰς
1418 2898 1517 2967 τὴν
1550 2896 1825 2965 ποσότητα
1846 2895 1954 2948 τῶν
1981 2894 2048 2965 ιβ’
2078 2892 2312 2962 μηνῶνι.
2345 2892 2471 2962 Μὴν
2509 2893 2859 2964 Σεπτεύριος,
2896 2902 3003 2950 etc.

393 2988 650 3055 Quatuor
698 2997 973 3057 praeterea
1025 2987 1252 3042 Zonara:
1321 2987 1620 3040 laudantur
1679 2983 1944 3053 opuscula
2011 3000 2041 3036 a
2100 2981 2282 3035 Leone
2330 2980 2530 3034 Allatio
2589 2980 2642 3034 in
2713 2981 2958 3037 Diatriba
3033 2983 3102 3039 de
3170 2985 3586 3059 Symeonibus,

326 3075 543 3128 scilicet
574 3090 588 3125 :

392 3162 570 3229 Λόγος
599 3164 679 3223 είς
706 3163 804 3233 τὴν
829 3162 1431 3233 σταυροπροσκύνησιν,
1470 3160 1575 3216 hoc
1604 3158 1784 3223 initio,
1811 3159 2015 3229 ’Ἡρετό
2051 3156 2118 3226 μέ
2158 3173 2243 3218 τις
2274 3155 2572 3227 πρόϐλημα
2600 3157 2708 3210 τῶν
2738 3158 2801 3210 ὲκ
2839 3157 3172 3230 πνεύματος.
3221 3163 3379 3218 Ἐπεὶ
3402 3164 3460 3218 δὲ
3492 3166 3589 3223 καὶ

327 3265 651 3317 σωφοονων.
1176 3288 1183 3291 λ

394 3336 524 3398 [hoc
549 3336 646 3390 τοῦ
680 3335 844 3405 ἁγίου
878 3335 1229 3406 Σιλϐέστρου,
1262 3334 1369 3389 huc
1408 3332 1591 3397 initio,
1620 3333 1686 3385 Ol
1712 3332 1945 3403 pév’oew

1967 3332 2019 3386 oi.
2044 3332 2139 3387 καὶ
2164 3331 2393 3387 θεόπται
2419 3330 2732 3385 ἀπόστολοι.
2762 3332 3001 3387 Proinde
3030 3294 3147 3389 alia.
3167 3345 3252 3391 est
3284 3338 3406 3393 Vita
3436 3339 3585 3410 ejus-

324 3422 447 3478 dem
472 3422 536 3478 S.
559 3423 813 3479 Silvestri
840 3425 988 3479 edita
1015 3440 1043 3478 a
1064 3422 1421 3486 Combellsio,
1447 3422 1607 3493 cujus
1635 3420 1855 3475 initium
1882 3420 2044 3475 aliter
2080 3418 2418 3489 concipitur.

404 3509 746 3580 Ὗπόμνημα
788 3513 870 3574 είς
898 3512 998 3581 τὴν
1032 3509 1360 3581 ὑπαπαντὴν
1390 3508 1485 3563 τοῦ
1525 3509 1800 3580 Σωτῆρος,
1847 3509 1952 3564 hoc
1979 3508 2158 3576 initio,
2201 3509 2366 3563 Πάλιν
2414 3508 2527 3570 τοῖς
2572 3506 2824 3560 εὐσεϐέσι
2880 3510 3214 3581 πανήγυρις,
3268 3515 3361 3566 καὶ
3419 3517 3601 3570 πάλιν

327 3600 634 3669 μυστήριον
657 3600 866 3669 ἕτερον.
898 3599 1147 3669 Denique

392 3687 490 3749 Είς
519 3686 614 3739 τὸν
654 3686 1046 3758 Ἰεροσολύμων
1095 3683 1429 3756 Σωφρόνιον,
1457 3684 1564 3739 hoc
1602 3683 1784 3749 initio,
1836 3682 1901 3736 Οἱ
1951 3683 2063 3745 τοῖς
2096 3682 2261 3745 θείοις
2301 3681 2396 3735 καὶ
2440 3680 2736 3751 μακαρίοις
2767 3682 3017 3755 Πατράσι
3060 3685 3470 3757 συγγράφοντες
3514 3691 3599 3744 τάκ

321 3773 600 3844 ἐγκώμια.

391 3861 680 3916 Laudatur
704 3862 915 3916 etiama
946 3861 1354 3916 Lambeciolib.
1378 3877 1412 3915 v
1441 3860 1515 3914 De
1549 3860 1672 3915 bibl.
1708 3858 1933 3925 Caesam,
1966 3875 2089 3929 pag.
2126 3857 2248 3923 I50,
2282 3860 2611 3928 opusculum
2648 3858 3074 3926 aliud-Zenone,
3108 3861 3212 3916 hoc
3240 3863 3425 3928 titulo,
3449 3865 3600 3935 Περι-

320 3951 419 4019 si};
459 3949 779 4019 κοιμήσεως
807 3950 906 4018 τὴς
949 3949 1257 4018 ὑπεραγίας
1290 3948 1582 4012 Θεοτόκου,
1610 3948 1676 4001 ὲκ
1709 3949 1805 4017 τῆς
1836 3946 2127 4015 ἐπιστολῆς
2171 3945 2426 3999 Ἰωάννου
2460 3945 2554 3999 τοῦ
2582 3948 2833 4016 Ζωναρᾶ,
2865 3946 2995 3999 Ὅτι
3022 3949 3115 4001 καὶ
3143 3949 3343 4003 δίκαιοι
3383 3952 3581 4005 πολλὰ-

322 4052 429 4100 κις,
463 4039 634 4107 ἠνζκα
679 4035 848 4089 τῶνδε
898 4036 1277 4106 μεθίστανται,
1340 4035 1609 4097 ὀπτασίας
1664 4033 1837 4103 ἁγίων
1875 4036 2162 4089 τεθέανται
2221 4036 2313 4087 καὶ
2344 4032 2505 4087 θείων
2552 4034 2740 4100 ὓμνων
2790 4037 2846 4087 ἐν
2887 4034 3137 4105 οὐρανοῖς
3196 4038 3452 4106 αὐτήκοοι
3495 4040 3582 4107 γί-

320 4140 530 4187 νονται,
560 4134 669 4179 etc.
700 4122 809 4178 Sed
842 4123 956 4179 haec
977 4123 1210 4193 epistola
1238 4131 1324 4178 est
1353 4140 1420 4178 ex
1456 4123 1525 4177 iis
1571 4138 1696 4192 qua:
1726 4122 1831 4177 sub
1868 4123 2092 4177 nomine
2130 4121 2297 4176 etiam
2331 4121 2513 4192 Glyca:
2547 4119 3052 4188 circumferuntur;
3102 4122 3170 4176 de
3213 4124 3417 4192 quibus
3456 4116 3581 4181 mox

321 4225 574 4280 agemus.

389 4296 605 4352 Scribit
636 4298 782 4353 idem
824 4297 1152 4353 Lambecius
1194 4298 1293 4353 lib.
1329 4314 1382 4352 tv
1411 4298 1619 4353 servari
1651 4299 1705 4353 in
1753 4296 1947 4353 eadem
1994 4296 2137 4354 bibl.
2187 4295 2436 4351 Caesarea
2481 4296 2738 4367 auonymi
2786 4296 3079 4366 cujusdam
3129 4301 3371 4355 auctoris
3418 4301 3583 4356 Para-

320 4385 556 4453 phrases
581 4385 653 4440 55
690 4385 747 4440 in
781 4385 1007 4440 totidem
1041 4383 1098 4438 S.
1138 4384 1389 4454 Gregorii
1432 4384 1765 4439 Nazianzeni
1801 4386 2068 4449 carmina,
2094 4385 2162 4440 de
2186 4401 2421 4454 quorum
2443 4394 2672 4440 auctore
2700 4386 2945 4440 nondum
2978 4387 3172 4457 liquet,
3207 4389 3386 4460 inquit
3435 4391 3578 4447 idem

317 4472 672 4537 Lambecius,
726 4474 831 4528 nisi
875 4475 988 4528 sint
1029 4473 1234 4526 Niceta:
1284 4472 1505 4525 Davidis
1570 4470 1956 4541 Paphlagonis.
1995 4489 2160 4543 quem
2193 4473 2474 4542 Δαδύϐρου
2502 4472 2717 4527 scilicet
2759 4472 3079 4543 episcopum
3120 4477 3462 4533 nominatum
3506 4482 3597 4535 ait.-

319 4562 490 4617 David
523 4562 873 4618 Hmschelius
902 4562 1043 4633 (52),
1075 4561 1234 4631 cujus
1257 4562 1702 4615 Cutiunteutarius
1729 4561 1785 4613 in
1813 4561 1870 4615 S.
1901 4560 2150 4631 Gregorii
2182 4560 2511 4615 Nazianzcui
2550 4559 2894 4614 Tetrasticha
2928 4570 2985 4616 et
3017 4562 3358 4619 Monasticha
3386 4566 3591 4622 Latine

315 4663 472 4703 versa
492 4649 645 4704 edita
677 4659 804 4703 sunt
836 4649 904 4703 ab
929 4648 1163 4702 Hercule
1192 4647 1415 4703 Phaello
1444 4646 1628 4702 lmola:
1653 4663 1744 4702 an.
1794 4647 1951 4706 l588.
1987 4648 2069 4703 vel
2098 4648 2280 4718 potius
2307 4648 2532 4703 Joannis
2567 4646 2813 4713 lunarat,
2857 4649 2952 4717 qui
2988 4666 3101 4704 non
3135 4649 3314 4704 solum
3351 4652 3407 4706 S.
3443 4654 3579 4709 Grc-

315 4737 453 4804 gorii
484 4737 822 4792 Nazianzeni
846 4736 1211 4797 Tetrasticlta,
1234 4750 1427 4790 verum
1456 4735 1623 4796 etiam
1659 4733 1766 4788 alia
1798 4752 1907 4788 non
1941 4750 2114 4805 pauca
2138 4733 2335 4804 partim
2360 4733 2611 4804 ejusdem
2658 4735 2861 4804 partim
2887 4735 3089 4792 diversi
3117 4738 3338 4808 generis
3379 4757 3579 4796 mouu:

318 4834 503 4879 menta
553 4825 786 4893 antiqua
825 4821 1242 4879 commentariis
1290 4831 1456 4892 atque
1502 4821 1933 4891 paraphrasibus
1978 4824 2095 4878 suis
2153 4824 2471 4879 illustravit.
2524 4823 2661 4879 Vide
2726 4839 2851 4895 pag.
2924 4824 2995 4880 '59
3052 4835 3109 4880 et
3164 4826 3271 4882 247
3327 4829 3575 4900 ejusdem

315 4908 412 4963 lib.
461 4927 518 4965 ιν
570 4910 714 4982 (ss).

383 4995 677 5051 Laudatur
716 5006 983 5067 praeterea
1013 4996 1263 5066 ejusdem
1296 4996 1525 5050 Zonaraa
1572 4994 1840 5062 chicon,
1886 4996 1954 5051 de
1989 5012 2102 5066 quo
2143 5000 2216 5053 ita
2256 4998 2531 5069 Iosephus
2563 4998 2808 5070 Scaliger
2849 4999 2905 5055 in
2939 5000 3175 5072 epistola
3230 5003 3297 5058 ad
3331 5004 3598 5062 lsaacum-

316 5081 734 5150 Casaubonum,
758 5101 880 5154 quae
907 5096 996 5140 est
1038 5086 1110 5139 48
1147 5087 1292 5140 inter
1327 5084 1728 5154 Scaligerianas
1771 5084 2031 5139 editaszc
2058 5085 2170 5154 Ego
2211 5100 2436 5155 quoque
2477 5086 2671 5142 videor
2697 5087 2844 5151 mihi
2887 5104 2996 5142 non
3042 5087 3319 5146 inutiliter
3351 5091 3578 5147 Zonara:

315 5167 559 5226 Lexicou
586 5179 850 5237 tractare,
881 5173 1033 5242 quod
1059 5183 1146 5228 est
1174 5172 1417 5226 inlibris
1445 5171 1621 5225 soceri
1654 5171 1734 5224 tui
1769 5190 1789 5222 ο
1827 5171 2076 5241 (Henrici
2107 5174 2420 5244 Stephani).
2450 5192 2471 5227 ι
2511 5176 2557 5230 si
2590 5190 2691 5245 per
2729 5190 2787 5231 sc
2811 5184 2866 5230 ct
2893 5175 3111 5231 alliuem
3149 5188 3303 5233 tuum
3346 5178 3592 5234 Paulum.

315 5258 661 5328 Stephanum
708 5259 828 5330 ejus
875 5276 1047 5315 usura
1081 5259 1271 5315 brevis
1303 5260 1437 5313 mihi
1486 5258 1792 5329 contingat.
1830 5278 1850 5311 ›
1893 5259 1933 5331 [Ι

1968 5259 2020 5315 tl.
2056 5261 2124 5316 ab
2150 5261 2190 5315 Ι.
2222 5261 2289 5317 Α.
2321 5262 2388 5316 H.
2420 5261 2765 5328 Tittmanno,
2817 5261 2968 5333 Lips.
3008 5264 3167 5331 l808,
3194 5265 3232 5319 2
3275 5266 3384 5322 vol.
3427 5267 3586 5334 ἰπὶ-4,.

314 5346 406 5400 sed
444 5347 517 5401 de
547 5355 781 5401 auctore
812 5348 969 5403 valde
1004 5347 1254 5420 dubito.]

380 5481 493 5550 (5|)
526 5482 764 5554 AExgcod.
802 5483 934 5554 Reg.
971 5484 1136 5549 2038,
1213 5553 1217 5554 ν

2001 5487 2271 5540 ΠΑΤΡΟΣ
2302 5485 2688 5539 ΡΡΗΓΟΡΙΟΥ
2715 5485 2850 5539 ΤΟΥ
2878 5484 3400 5540 ΝΑΖΙΑΝΖΗΝΟΥ.
3434 5487 3570 5541 ΤΟιΥ

382 5554 495 5624 (3:2)
525 5552 586 5624 [τι
617 5552 760 5607 Bibl.
790 5552 1049 5624 August"
1080 5570 1133 5624 p.
1164 5553 1253 5624 46.
1587 5623 1591 5624 ί

2001 5556 2236 5610 ΑΥΤΟΥ
2267 5555 2627 5610 EPMHNEIA
2656 5555 2762 5608 ΕΙΣ
2786 5555 2876 5607 TA
2913 5555 3227 5624 μονόστιχα.
3270 5556 3377 5609 Τοῦ
3408 5557 3570 5610 αὐτοῦ

378 5622 757 5697 ιᾷῥλᾏοιιπω
788 5622 1126 5697 Prooemium
1150 5623 1545 5697 Commentarii
1583 5623 1637 5678 in
1660 5624 1717 5697 S.
1754 5626 1892 5682 Gre-

2001 5631 2083 5689 είς
2112 5628 2180 5697 τὰ
2227 5626 2744 5697 ὲπιγράμματαῄτᾲ
2793 5622 3019 5697 iisab}
3072 5622 3580 5697 peya\i_Baot)tetou

316 5689 847 5766 gorii_'Nazi_a_n_I_.eni
866 5694 1225 5766 _Te_t_rasticba
1271 5694 1492 5766 editum
1528 5704 1614 5750 est
1654 5696 1708 5749 in
1745 5697 1891 5752 libro

2001 5689 2379 5766 παράφρασιξζ
2432 5689 2762 5766 ιιιΑΝΝοῐξ
2791 5689 3401 5766 ΤογηΓεῑιΜΕΤιδυΥ
3436 5698 3557 5766 sm.-

316 5761 912 5838 ij9_§9!ip!9__1‘¥"§!l_TA
934 5763 1334 5838 Ἧι)ρὲαὲρὲ
1356 5764 1491 5838 τργ
1534 5766 1893 5838 ,KALAABIA

2001 5761 2332 5838 γράμματα,
2359 5767 2552 5822 Venet.
2597 5780 2684 5835 ap.
2722 5763 2917 5820 Franc.
2945 5765 3211 5821 Zanetum
3240 5765 3399 5833 1565,
3430 5765 3567 5820 iit-5.

318 5831 680 5886 EPMIINEIA
709 5831 819 5887 ΕΙΣ
843 5833 934 5887 ἸἈ
952 5833 1387 5890 ΤΕΤΡΔΣΤΙΧᾹ
1409 5836 1545 5890 ΤΟΥ
1562 5836 1844 5893 ΜΕΓΑΛο
1858 5839 1894 5891 ι’
