4098 6426
456 480 537 543 23
1874 481 1978 542 DU
2015 482 2074 541 Ct

2114 479 2284 540 NGII
2400 547 2413 564 ,
3637 479 3728 542 ἐι

524 591 774 648 Meminit
810 594 1052 665 denique
1097 595 1340 651 Ioannes
1370 596 1698 666 Pontanus,
1756 595 1810 648 in
1856 591 2185 650 Prml‘atione
2232 591 2300 646 ad
2346 591 2638 648 historiam
2681 593 2914 650 Joannis
2956 593 3354 658 Cantacuzeni,
3410 606 3726 664 poematum

451 680 681 736 Joannis
707 682 935 738 Zonarze
964 685 1030 738 de
1065 685 1427 740 Processione
1465 685 1707 756 Sp'ritus
1735 687 1935 746 sancti,
1963 699 2084 753 qua:
2135 698 2164 734 a
2213 679 2575 738 Gcnebrardo
2604 683 2657 738 in
2707 683 2961 738 Latinam
2992 685 3236 755 linguam
3284 698 3558 740 conversa
3601 699 3728 739 esse

453 765 733 822 observat.
760 767 837 821 Ea
863 783 987 822 cum
1018 769 1073 822 in
1107 769 1368 822 omnibus
1398 769 1512 824 fere
1555 769 1908 823 bibliothecis
1929 777 2118 824 exacta
2152 769 2288 823 satis
2313 769 2563 824 adhibita
2599 771 2890 839 diligentia
2925 770 3346 841 conquisierim,
3381 785 3484 826 nec
3521 771 3730 842 reperi,

456 869 557 908 nec
587 855 681 908 ubi
724 864 782 910 et
829 856 883 910 in
921 872 1032 927 quo
1059 856 1402 912 Cencbrardi
1448 858 1729 912 volumine
1760 858 1908 912 edita
1956 855 2066 911 sint
2113 856 2181 910 ab
2209 856 2442 926 hujusce
2476 859 2630 913 urbis
2670 859 2808 914 viris
2836 859 3017 915 doctis
3041 859 3249 915 rescire
3277 859 3432 929 potui
3460 859 3600 930 (54).
3634 859 3730 914 Sic

455 960 624 1014 porro
659 947 944 1001 Pontanus
971 965 982 1000 :
1026 966 1044 999 ι
1077 947 1348 1001 Zonaram
1381 947 1554 1002 fuisse
1599 947 2014 1002 schismaticum
2050 945 2242 1000 testari
2271 957 2506 1017 possunt
2532 948 2654 1018 ejus
2688 956 2938 1019 poemata
2967 949 3375 1004 aculeatissima
3403 949 3470 1004 de
3500 965 3731 1018 proces-

455 1034 615 1088 sione
641 1035 818 1088 sancti
851 1034 1116 1104 Spiritus,
1149 1046 1204 1090 et
1231 1035 1336 1090 alia
1374 1035 1641 1090 adversus
1667 1035 1892 1088 Latinos
1923 1035 2248 1105 composita,
2275 1053 2397 1107 qua:
2419 1036 2811 1094 Genebrardus
2845 1039 2976 1093 dum
3017 1047 3394 1104 converteret,
3441 1054 3500 1095 se
3533 1038 3727 1094 crimi-

460 1122 716 1178 nationes
740 1122 859 1177 illas
893 1124 1145 1178 omisisse
1174 1133 1382 1178 narrat.
1419 1143 1436 1175 I
1470 1123 1602 1190 Qua-
1635 1123 1858 1193 quidem
1910 1123 2182 1193 ipsissima
2225 1124 2461 1181 Pontani
2509 1127 2677 1196 verba
2718 1127 3018 1198 exscripsit
3068 1126 3308 1182 Allatius
3353 1127 3408 1182 in
3460 1126 3730 1198 Creygto-

455 1225 585 1264 num
623 1211 759 1280 (⁸55).

525 1299 827 1354 Enimvero
858 1311 1060 1370 praeter
1089 1317 1256 1371 supra
1285 1301 1504 1356 laudata
1533 1301 1762 1357 Joannis
1790 1300 2016 1354 Z'Hlal'ﬂ!
2043 1323 2204 1370 opera
2239 1301 2710 1357 crremnfcrnntur
2750 1303 2950 1372 passim
2980 1303 3034 1357 in
3077 1301 3431 1359 bibliothecis
3467 1301 3728 1371 Epistolze

452 1385 803 1456 dogmatieae.
833 1387 1185 1442 continentes
1217 1389 1606 1443 obscuriornm
1638 1404 1806 1443 sacrae
1834 1389 2136 1458 Scriptura!
2180 1389 2423 1444 locorum
2457 1392 2906 1459 explicationem,
2956 1407 3192 1446 numero
3220 1406 3315 1445 sex
3362 1398 3418 1444 et
3447 1391 3727 1460 quinqua-

453 1473 630 1543 ginta,
673 1490 909 1543 quarum
949 1475 1149 1530 seriem
1187 1487 1244 1531 et
1273 1487 1592 1547 argumenta
1646 1477 1938 1546 descripsit
1982 1478 2178 1531 Petrus
2227 1476 2556 1535 Lambecius
2594 1480 2742 1550 (56);
2795 1495 2933 1550 quas
2987 1480 3211 1550 quidem
3255 1481 3452 1536 Joanni
3500 1479 3726 1534 Zonaras

453 1561 677 1630 quidam
703 1561 949 1624 codices.
977 1563 1066 1617 alii
1095 1563 1347 1618 Michaeli
1373 1561 1556 1636 Glycae
1587 1565 1895 1627 ascribunt,
1931 1565 2069 1619 adeo
2113 1575 2172 1619 ut
2215 1566 2487 1621 hactenus
2519 1567 2792 1621 incertum
2821 1578 3040 1622 maneat
3073 1569 3258 1622 utrius
3301 1567 3414 1622 sint
3451 1587 3463 1622 :
3505 1566 3722 1622 tametsi

454 1649 515 1701 in
539 1663 660 1702 cam
693 1647 948 1702 videatur
973 1650 1282 1705 concedere
1321 1652 1652 1708 sententiam
1688 1636 1799 1705 [ἑο
1824 1651 2058 1707 Allatius
2089 1655 2200 1722 (57)
2227 1664 2286 1708 ut
2313 1654 2493 1726 Glycm
2537 1655 2721 1724 potius
2747 1655 2869 1712 illas
2901 1657 3110 1711 tribuat
3138 1673 3302 1724 quam
3341 1656 3592 1712 Zonarm.
3630 1657 3724 1708 ul.i

455 1735 531 1788 ita
568 1735 793 1791 scribit:
825 1755 842 1788 ι
871 1735 996 1792 llaec
1026 1745 1081 1791 et
1120 1737 1226 1791 alia
1255 1736 1485 1792 Michael
1524 1736 1743 1808 Glycas,
1781 1738 2012 1806 cpistola
2053 1741 2185 1795 satis
2237 1743 2450 1811 prolixa
2497 1743 2564 1796 ad
2613 1741 2963 1798 Joannicium
3007 1745 3361 1804 monachum.
3389 1753 3500 1799 cte.
3549 1741 3726 1814 Hujus

453 1824 619 1878 etiam
652 1825 942 1894 epistolam
969 1826 1034 1880 de
1057 1825 1161 1880 hac
1184 1825 1376 1880 eadem
1407 1840 1464 1879 re
1493 1839 1552 1879 se
1577 1825 1770 1895 legisse
1802 1825 1997 1880 scribit
2023 1826 2383 1884 Casanbonus
2413 1832 2648 1886 exet-cit.
2697 1833 2753 1886 in
2801 1831 3098 1887 Baronium
3133 1832 3224 1898 16,
3260 1849 3316 1887 n.
3346 1832 3435 1896 49,
3479 1831 3577 1887 sed
3619 1831 3724 1886 sub

453 1911 678 1966 nomine
702 1912 929 1966 Zonara:
951 1911 1182 1974 editam.
1209 1927 1374 1981 quam
1405 1911 1587 1982 Glyca:
1611 1928 1734 1968 esse
1768 1914 1990 1968 codices
2017 1915 2229 1986 antiqui
2257 1927 2671 1986 repraesentant.
2699 1918 3001 1990 Cujusnam
3031 1935 3164 1974 vero
3185 1920 3297 1974 sint
3325 1919 3432 1974 illa:
3449 1919 3720 1988 epistolze,

453 2013 576 2067 qua:
599 1999 703 2052 sub
729 1998 954 2053 nomine
982 1996 1166 2069 Glyca:
1194 2007 1252 2053 et
1281 1997 1511 2052 Zonarre
1550 2000 1774 2055 nomine
1805 2002 1860 2054 in
1909 2015 2040 2055 mss.
2074 2013 2346 2071 prostant,
2377 2006 2522 2063 alius
2560 2008 2674 2063 erit
2718 2008 3024 2064 disserendi
3074 2010 3256 2065 locus.
3304 2030 3323 2062 ο
3358 2007 3580 2065 Utinam
3617 2007 3724 2062 viri

453 2085 760 2142 doctissimi
791 2087 924 2142 etin
959 2103 1018 2142 re
1044 2095 1294 2143 veterum
1325 2087 1554 2143 libraria
1585 2088 1908 2158 peritissimi
1956 2099 2200 2147 exstaret
2239 2109 2410 2164 super
2449 2095 2554 2151 hac
2588 2095 3299 2160 diiﬁcultate-dissertatio,
3344 2112 3468 2167 quae
3515 2111 3616 2150 nos
3652 2095 3724 2150 ab

453 2175 558 2232 bac
585 2174 978 2246 disquisitione
997 2175 1256 2231 levasset.
1284 2173 1450 2232 Certe
1477 2175 1706 2232 Zonarae
1736 2177 1836 2232 has
1878 2177 2109 2234 ascribit
2143 2180 2315 2236 codex
2347 2183 2572 2253 Regius,
2613 2183 2710 2240 sed
2745 2185 3040 2240 recentiori
3073 2200 3239 2238 manu
3272 2186 3536 2254 scriptus,
3573 2199 3722 2238 anno

450 2265 664 2319 scilicet
695 2263 888 2318 mundi
912 2263 1068 2334 juxta
1090 2263 1311 2320 Graecos
1336 2264 1474 2320 6996
1493 2264 1721 2335 (Christi
1750 2266 2060 2333 1488),lnd.

2107 2267 2144 2330 ἱ,
2167 2267 2271 2324 hoc
2299 2270 2458 2326 titulo
2504 2272 2818 2326 Ἐπιστολαὶ
2855 2271 3024 2342 κυροῦ
3069 2273 3321 2326 Ἰωάννου
3362 2272 3596 2340 Ζωναρᾶ
3627 2270 3725 2325 καὶ

453 2353 945 2424 πρωτοσυγκρίτης
982 2353 1080 2408 καὶ
1097 2353 1461 2424 δρουγγαρίου
1484 2355 1582 2424 τῆς
1607 2354 1818 2424 βίγλης.
1848 2354 2071 2410 Contine

2103 2373 2300 2426 .porro
2321 2359 2412 2414 hic
2441 2360 2613 2415 codex
2660 2359 2741 2433 [n.
2771 2361 2934 2434 50l5]
2981 2362 3051 2416 45
3101 2361 3368 2416 duntaxat
3419 2360 3721 2430 epistolas,

451 2443 688 2509 quarum
705 2441 878 2510 prima
908 2439 1106 2496 Joauni
1139 2439 1365 2496 Sinailae
1397 2439 1741 2507 inscribitur,
1767 2441 2069 2510 penultima
2104 2460 2258 2510 vero,
2285 2463 2408 2518 quae
2435 2458 2524 2504 est
2545 2448 2614 2504 58
2651 2449 2704 2504 in
2724 2449 2904 2506 indice
2929 2449 3319 2514 Lambeciano,
3352 2448 3572 2504 videtur
3601 2462 3729 2504 esse

451 2527 722 2584 Manuelis
757 2527 1024 2584 Comncni
1051 2528 1501 2598 imper.,scripta
1543 2528 1824 2594 videlicet,
1848 2539 1908 2584 ut
1946 2532 2069 2600 pra}!

2118 2540 2169 2586 rt
2201 2533 2506 2605 inscriptio,
2547 2535 2637 2605 Τῷ
2657 2537 2974 2608 τιμιωτάτῳ
3011 2535 3233 2606 μοναχῷ
3285 2536 3460 2606 κυρίῳ
3488 2535 3729 2608 Ἀλυπίῳ

451 2615 530 2684 τῷ
553 2615 858 2686 ὲγκλείστῳ
908 2616 972 2670 Et
1001 2616 1109 2688 χρὴ
1142 2615 1242 2688 τὴν
1283 2617 1680 2689 μαθηματικὴν
1717 2617 2038 2690 ἐπιστήμην
2067 2651 2069 2662 η

2107 2617 2438 2688 ποτρόπαιον
2459 2619 2713 2690 ἡγεῖσθαι
2751 2621 3122 2677 παντάπασιν.
3145 2621 3370 2676 Initium
3404 2635 3536 2675 vero
3577 2618 3725 2674 illius

451 2713 559 2768 est,
605 2703 689 2756 Τὰ
714 2704 816 2773 τῆς
855 2704 1269 2776 μαθηματικῆς.
1294 2714 1403 2762 etc.
1448 2704 1630 2776 Atque
1677 2706 1730 2760 in
1779 2706 1962 2761 haeccc
1990 2722 2069 2760 vel

2105 2722 2156 2760 ia
2187 2705 2433 2762 desinit:
2485 2708 2582 2762 Ἐκ
2625 2708 2832 2762 τούτων
2864 2703 2960 2761 οὖν
3008 2707 3226 2761 πάντων
3281 2707 3545 2776 μάνθανε.
3601 2705 3723 2775 [epit

453 2789 686 2862 κεφαλὴ,
727 2791 803 2856 ὡς
847 2793 1163 2863 εἱμαρμένη
1214 2792 1316 2863 μὲν
1363 2793 1456 2846 καὶ
1500 2794 1757 2862 γέννησις
1789 2793 2139 2846 παντάπασιν
2183 2795 2593 2862 ἀπηγόρευνται
2623 2793 2717 2847 τὸν
2749 2795 2885 2848 κατ’
2913 2795 3101 2848 είκὸνα
3143 2797 3238 2849 καὶ
3263 2794 3373 2864 γὰρ
3403 2791 3550 2847 Θεοῦ
3583 2792 3726 2846 πλα-

454 2879 653 2934 σθέντα
683 2880 904 2948 λογικὸν
929 2879 1285 2946 αὐτεξούσιον
1320 2882 1648 2953 ἄνθρωπονο
1686 2885 1749 2935 οὐ
1806 2881 1916 2952 γὰρ
1961 2883 2223 2949 φυσικαῖς
2273 2882 2542 2949 ἀνάγκαις
2585 2881 2910 2934 ὑποκεῖσθαι
2957 2879 3426 2950 καταδεξώμτθαο
3471 2895 3726 2952 προγνω-

413 3000 418 3006 -
457 2968 654 3040 στικὴν
703 2969 759 3022 δέ
799 2986 920 3024 τινα
953 2971 1066 3034 τοῖς
1101 2970 1410 3042 ἀνθρώποις
1441 2970 1825 3038 ὲνδεδόξασθαι
1864 2969 2117 3041 δύναμιν,
2155 2967 2296 3021 καθὰ
2347 2969 2439 3022 καὶ
2489 2967 2706 3037 φθάσας
2749 2970 2777 3022 ὁ
2821 2967 2981 3036 λόγος
3016 2967 3316 3032 ὑπέδειξεν,
3363 2968 3424 3021 οῦ
3465 2966 3727 3021 τοσοῦτον

453 3057 684 3110 ἀπέοικε
713 3057 793 3111 δι’
827 3059 895 3126 ἣν
920 3057 1104 3112 αἰτίαν
1135 3057 1461 3129 εἰρήκαμεν,
1493 3061 1542 3112 εί
1572 3059 1666 3112 καὶ
1697 3058 1846 3129 παρὰ
1881 3056 1990 3110 τῶν
2025 3055 2197 3123 ἁγίων
2237 3055 2500 3125 Πατέρων
2549 3055 2964 3125 ἐνασχολεῖσθαι
3003 3055 3220 3122 τούτοις
3276 3057 3340 3111 οὐ
3396 3055 3724 3126 συγχωρού-

458 3144 620 3214 μεθα,
643 3145 725 3198 ὅτι
759 3143 834 3214 μὴ
869 3145 1013 3198 κατὰ
1060 3144 1221 3214 λόγον
1249 3145 1416 3217 ὀρθὸν
1445 3145 1630 3208 αὐτοῖς
1662 3143 2058 3214 ἀποχρώμεθα.

2111 3142 2279 3196 Istius
2321 3141 2575 3211 epistola:
2619 3141 3144 3214 Antapologcticum
3191 3143 3444 3214 sequitur
3495 3145 3551 3197 in
3593 3142 3721 3197 cod.

455 3234 593 3304 Reg.
625 3240 676 3288 et
722 3233 776 3288 in
802 3231 990 3288 Indice
1016 3232 1411 3296 Lambeciano,
1444 3234 1538 3304 qui
1584 3234 1725 3288 banc
1769 3233 2002 3287 Mauucli
2037 3247 2068 3287 o

2107 3231 2264 3284 mino
2298 3229 2608 3295 ascribunt,
2665 3230 2771 3284 hoc
2813 3230 3022 3284 titulo:
3077 3229 3612 3300 Ἀνταπολογητικὺν
3659 3229 3724 3282 ὲκ

458 3321 664 3392 μέρους
695 3321 834 3390 πρὸς
864 3321 964 3391 τὴν
995 3321 1433 3394 ὲγχειρισθείσαν
1477 3321 1628 3392 αὐτῷ
1677 3321 1897 3392 γραφὴν
1931 3319 2026 3372 τοῦ
2063 3317 2329 3390 κραταιοῦ
2364 3317 2459 3370 καὶ
2504 3318 2660 3387 ἁγίου
2716 3317 2881 3388 ἡμῶν
2926 3319 3196 3388 βασιλέως
3242 3319 3414 3390 κυροῦ
3465 3317 3725 3386 Μανουὴλ

431 3409 772 3481 .Κομνηνοῦ,
801 3409 904 3481 τὴν
935 3408 1306 3464 άπολυθεϊσαν
1339 3411 1477 3481 πρός
1510 3427 1633 3464 τινα
1672 3408 1908 3480 μοναχὸν
1949 3405 2410 3478 ὲπιμεμψάμενον
2449 3405 2510 3458 οὐ
2558 3405 2773 3476 μικρῶς
2796 3406 2963 3460 αὐτοῦ
2993 3407 3082 3462 διά
3124 3425 3190 3476 γε
3234 3406 3296 3460 τὸ
3325 3407 3425 3478 τῆς
3468 3405 3728 3474 ἀστρολο-

455 3497 582 3566 γίας
619 3497 873 3568 μάθημα,
917 3499 1016 3552 καὶ
1047 3497 1466 3568 φιλονεικοῦσαν
1497 3497 1558 3551 τὸ
1593 3497 1836 3550 τοιοῦτον
1869 3497 2138 3563 συστῆσαι
2185 3492 2416 3564 μάθημα
2445 3497 2704 3562 φυσικαῖς
2751 3497 2846 3548 καὶ
2875 3499 3178 3566 γραφικαίς
3215 3495 3548 3561 ἀποδείξεσι.
3582 3493 3726 3549 Tum

455 3601 588 3641 vero
611 3585 760 3641 illius
791 3585 1012 3640 initium
1044 3585 1196 3640 hisce
1222 3585 1409 3641 verbis
1445 3585 1757 3653 concipitur
1801 3601 1814 3637 :
1851 3582 2073 3652 Ἰὀλμῶν

2107 3583 2507 3652 Βπονιμνήσκω
2537 3580 2600 3634 τὸ
2648 3584 2986 3652 προγεγονδς
3024 3584 3264 3655 γράμμα
3295 3585 3395 3654 τῆς
3445 3583 3725 3654 βασιλείας

459 3690 554 3726 σου
589 3675 684 3726 καὶ
723 3675 802 3737 είς
856 3673 1016 3744 ἡμῶν
1062 3673 1166 3744 ήδη
1219 3675 1408 3745 χεῖρας
1458 3671 1738 3742 ὲληλυθέν.
1791 3671 1902 3725 Καὶ
1967 3673 2025 3724 ὲν
2075 3669 2316 3742 πρώτοις
2357 3671 2458 3742 μὲν
2491 3671 2766 3736 ἀναγνοὺς
2800 3671 2892 3724 καί
2941 3672 3396 3743 περιεπτυξάμην
3439 3669 3590 3738 αὐτῷ
3631 3671 3726 3722 καὶ

459 3762 678 3834 θερμῶς
717 3761 1082 3833 κατεφίλησα.
1119 3762 1280 3826 Τίνος
1321 3761 1548 3827 ἔνεκεν;
1593 3761 1722 3814 Ὅτι
1753 3760 1998 3831 πιναγίᾳ
2045 3760 2123 3830 τῷ
2159 3760 2276 3814 ὄντι
2321 3760 2416 3813 καὶ
2463 3759 2712 3830 ἠρεμαίᾳ
2747 3763 2921 3831 φωνῇ,
2955 3759 3097 3814 κατὰ
3149 3761 3382 3830 μίμησιν
3431 3756 3596 3814 αὑτοῦ
3629 3756 3726 3810 τοῦ

459 3851 706 3914 εἰπόντος
737 3850 997 3922 Χριστοῦ,
1023 3869 1041 3902 ι
1067 3849 1284 3904 Μάθετε
1314 3849 1425 3905 ἀπ’
1449 3848 1605 3921 ἐμοῦ,
1641 3851 1724 3905 ὅτι
1747 3849 1920 3920 πρᾶός
1945 3850 2062 3916 εἰμι
2089 3849 2184 3901 καὶ
2211 3847 2464 3910 ταπεινὸς
2491 3849 2558 3917 τῇ
2591 3847 2808 3918 καρδίᾳ,
2851 3864 2870 3898 ο
2905 3849 3042 3917 πρὸς
3073 3846 3239 3900 αὐτὸν
3286 3848 3502 3900 ἐκεῖνον
3537 3845 3727 3914 ἐποιή-

461 3955 596 3991 σατο
619 3937 718 4008 τὴν
747 3939 1042 4009 ἀπόκρισιν
1064 3940 1156 3992 τὸν
1183 3937 1611 4008 ἀπερισκέπτως
1637 3937 1783 3991 οὕτω
1824 3937 1916 3990 τοῦ
1958 3935 2284 4005 Οεοστειροῦς
2331 3935 2760 4006 καταϐοὼμενον
2799 3938 3040 4007 κράτους
3083 3951 3201 3988 σου.
3245 3935 3402 3988 Μετὰ
3445 3933 3503 3986 δὲ
3551 3933 3726 3986 ταῦτα

459 4025 520 4078 τὺ
551 4025 794 4078 τοιοῦτον
823 4026 1062 4097 γράμμα
1089 4026 1382 4094 ὲθαύμακα
1406 4026 1552 4079 κατά
1591 4041 1655 4092 γε
1688 4025 1749 4077 τὸ
1792 4024 1994 4093 προσὸν
2035 4023 2186 4094 αὐτῷ
2226 4025 2336 4076 τῶν
2369 4024 2570 4090 λέξεων
2597 4025 2870 4094 στρυφνὸν
2905 4023 2998 4077 καὶ
3045 4019 3320 4092 εὔρυθμον
3371 4022 3468 4075 καὶ
3513 4019 3578 4074 τὸ
3611 4019 3725 4072 τῶν

459 4114 751 4184 νοημάτων
779 4112 917 4184 βαθὺ
945 4116 1043 4168 καὶ
1070 4113 1294 4169 πυκνόν.
1326 4110 1431 4176 Οἷς.
1457 4113 1520 4184 δὴ
1549 4099 1810 4183 νοήμασι,
1842 4111 1936 4164 καὶ
1961 4111 2062 4164 οὐκ
2086 4105 2182 4163 οἷδ’
2213 4110 2379 4174 ὅπως,
2411 4111 2745 4182 περιπεσὼν,
2789 4107 3168 4180 χειροδοοῆναι
3201 4108 3308 4176 πρὸ
3331 4106 3426 4160 τοῦ
3453 4123 3724 4161 καταπνι-

456 4190 622 4270 γῆναι
648 4201 708 4254 τδ
745 4201 952 4265 τέλεον,
979 4210 1090 4256 etc.
1141 4200 1262 4256 Alia
1292 4217 1356 4257 ex
1393 4201 1586 4255 eadem
1624 4200 1854 4270 epistola
1899 4198 2265 4254 cxscribimus
2305 4199 2360 4253 in
2407 4201 2566 4256 Notis
2584 4199 2650 4254 ad
2673 4211 2920 4254 nostrum
2943 4198 3236 4262 Zonaram,
3265 4197 3358 4252 ubi
3407 4196 3477 4252 de
3528 4195 3722 4254 Vectio

456 4291 686 4345 Valente
717 4299 1060 4354 astronomo,
1091 4292 1185 4362 qui
1227 4293 1532 4363 imperante
1555 4289 1919 4346 Constantino
1966 4286 2160 4357 Magno
2192 4287 2351 4352 vixit,
2382 4287 2617 4358 agimus.
2655 4287 2772 4342 Sub
2807 4285 2968 4339 ﬁnem
3001 4300 3132 4340 vero
3179 4285 3296 4340 haec
3341 4285 3664 4340 subduntur
3702 4302 3718 4338 :

461 4379 729 4448 ῐίείθομαι
757 4379 850 4432 οὖν
882 4383 974 4434 καί
999 4381 1180 4447 τοῦτο,
1212 4383 1476 4450 κράτιστε
1521 4379 1772 4449 βασιλεῦ,
1823 4378 1900 4440 ὠς
1932 4375 2032 4426 οῦκ
2071 4373 2136 4428 ἂν
2178 4377 2206 4428 ὁ
2239 4375 2473 4445 μοναχὸς
2509 4376 2722 4438 ἐκεῖνος
2769 4374 3040 4427 παύσαιτό
3079 4388 3211 4426 ποτε
3245 4372 3576 4444 κατηγορῶν
3624 4371 3720 4426 τοῦ

463 4466 812 4538 μαθήματος,
849 4466 1014 4538 εἴπερ
1047 4467 1514 4538 εὐπαράγραπτοί
1552 4467 1692 4520 εἰσιν
1718 4465 1813 4518 ἐπὶ
1835 4461 2091 4517 τοσοῦτον
2123 4463 2171 4515 οἱ
2207 4464 2340 4516 κατ’
2373 4462 2542 4517 αὐτοῦ
2575 4463 3018 4533 προσφερόμενοι
3045 4465 3348 4534 μάρτυρες.
3381 4462 3462 4518 Ad
3513 4461 3726 4517 calcent

457 4553 698 4623 denique
719 4554 928 4610 codicis
949 4555 1107 4625 Regii
1139 4555 1535 4610 describuntur
1557 4569 1752 4609 eorum
1783 4551 2014 4606 nomina
2051 4565 2288 4621 quorum
2319 4549 2751 4604 auctoritatibus
2788 4565 2921 4604 usus
2945 4561 3031 4605 est
3061 4550 3424 4620 epistularum
3463 4549 3726 4618 scriptor,

460 4640 883 4712 Συγγράφοντες
937 4643 1030 4694 καὶ
1093 4642 1484 4712 συμμάρτυρες
1547 4640 1647 4711 τῆς
1725 4639 1908 4710 βίὸλου
1963 4639 2158 4702 αὐτοὶ,
2229 4637 2533 4708 ιῒρηγὸριος
2597 4637 2626 4690 ὁ
2693 4637 2984 4704 θεολόγος,
3050 4639 3080 4689 ὀ
3139 4638 3313 4709 μέγας
3390 4636 3716 4698 Βασίλειος,

460 4729 760 4801 Γρηγόριος
810 4729 1022 4799 Νύσης,
1085 4728 1337 4802 Ἰωάννης
1391 4731 1422 4782 ὁ
1465 4729 1910 4800 Χρυσορῤήμων,
1965 4729 1994 4780 ὁ
2049 4727 2222 4798 μέγας
2271 4725 2618 4792 Ἀθανάσιος,
2655 4727 2685 4778 ὁ
2739 4723 3031 4797 Κύριλλος,
3081 4729 3110 4780 ὁ
3145 4726 3322 4796 μέγας
3373 4724 3724 4793 Ἐπιφάνιος,

472 4816 880 4880 ’Λναστάσιοςὸ
908 4816 1196 4886 Συναῒτης,
1241 4817 1496 4887 Ἰωάννης
1529 4819 1556 4869 ό
1587 4816 1974 4886 Δαμασκηνὸς,
2023 4814 2327 4886 Γρηγόριος
2371 4816 2400 4868 ὁ
2437 4813 2709 4883 διάλογος,
2765 4813 3025 4884 Ἀνδρέας
3070 4815 3318 4886 Κρήτης,
3372 4812 3582 4882 Πέτρος
3624 4810 3725 4864 καὶ

461 4906 673 4970 Παῦλος
718 4907 767 4959 οἱ
814 4906 1123 4971 ἀπόστολοι,
1170 4905 1484 4976 Νικηφόρος
1531 4905 1898 4976 πατριάρχης,
1961 4903 2060 4958 σὺν
2091 4900 2302 4962 τούτοις
2349 4903 2448 4954 καὶ
2501 4900 2712 4972 Μωσῆς
2743 4902 2839 4956 καὶ
2883 4901 3074 4966 Δαῦὶδ,
3131 4902 3226 4956 καὶ
3274 4900 3360 4963 τίς
3404 4900 3434 4953 ὁ
3469 4895 3724 4969 φωτίζων

461 4992 685 5056 τούτους
713 4995 810 5048 καὶ
840 4993 1052 5066 μάρτυς
1109 4993 1369 5066 ἀψευδὴς,
1427 4994 1490 5047 τὸ
1520 4992 1747 5062 Πνεῦμα
1768 4993 1829 5046 τὸ
1858 4991 2035 5060 ἅγιον.
2067 4992 2079 5045 1

2106 4994 2147 5045 ιχ
2177 4990 2328 5045 hisce
2361 4989 2614 5060 epistolis
2635 4991 2849 5060 aliquot
2883 4988 3061 5045 edidit
3108 4988 3494 5074 Bonaventura
3528 4985 3724 5041 Vulca-

461 5083 591 5136 nius
616 5083 670 5135 in
703 5083 850 5136 notis
882 5082 950 5136 ad
987 5081 1044 5137 S.
1076 5080 1342 5153 Cyrillum
1371 5091 1564 5137 contra
1601 5079 2222 5150 Anthropomorphitas,
2265 5095 2333 5134 ex
2359 5079 2483 5134 cod.
2515 5095 2678 5150 quem
2715 5079 2984 5150 Georgius
3027 5078 3211 5134 Douza
3243 5077 3399 5148 Cpoli
3435 5075 3722 5142 attulerat,

465 5171 676 5226 recenti
733 5179 790 5226 et
834 5187 1028 5241 parum
1081 5171 1189 5226 lida
1234 5186 1422 5234 manu,
1472 5178 1532 5225 ut
1577 5169 1695 5240 ipse
1740 5177 1997 5229 testatur,
2053 5167 2354 5238 exscripto,
2406 5169 2501 5237 qui
2556 5167 2784 5224 Joannis
2834 5167 3059 5223 ZOnaraa
3114 5181 3315 5220 nomen
3370 5163 3720 5236 praeferebat.

463 5259 692 5316 Zonarae
725 5261 1082 5316 ascribuntur
1107 5269 1372 5330 praeterea
1404 5259 1520 5314 istae
1553 5259 1800 5328 epistolae
1831 5259 1885 5314 in
1919 5257 2108 5313 Iudice
2139 5257 2412 5311 librorum
2434 5256 2752 5311 Graecorum
2773 5270 2840 5310 ex
2862 5255 2986 5310 cod.
3019 5269 3121 5308 ms.
3151 5254 3288 5324 Reg.
3319 5253 3482 5308 28l3.
3516 5253 3722 5308 Verum

465 5349 689 5404 codices
725 5347 838 5403 duo
861 5347 1120 5412 Caasarei,
1152 5363 1292 5418 quos
1323 5347 1509 5402 laudat
1537 5346 1872 5401 Lambecius
1897 5345 2034 5416 (38),
2069 5359 2308 5412 quorum
2343 5344 2498 5413 prior
2522 5343 2610 5409 50,
2639 5343 2778 5398 alter
2808 5341 2876 5397 56
2895 5341 3160 5412 epistolas
3192 5341 3462 5404 continet,
3488 5339 3726 5393 Michae-

466 5437 573 5490 lcm
609 5435 830 5508 Glycam
857 5445 1144 5492 auctorem
1179 5436 1618 5506 praeterunt,hoc
1648 5435 1946 5488 lemmate:
1981 5429 2084 5486 Τοῦ

2125 5431 2444 5500 σοφωτάτου
2469 5431 2562 5484 καὶ
2590 5429 2924 5498 λογιωτάτου
2954 5427 3124 5500 κυροῦ
3157 5428 3378 5508 Μιχαὴλ
3416 5427 3512 5482 τοῦ
3544 5427 3742 5480 Γλυκᾶ

467 5524 548 5586 είς
576 5524 672 5585 τὰς
701 5523 934 5594 ἀπορίας
965 5524 1066 5594 τῆς
1109 5523 1261 5587 θείας
1295 5514 1550 5594 Γραφῆςῖ
1575 5521 1898 5576 Laudantur
1923 5521 2085 5576 etiam

2125 5537 2154 5574 a
2190 5519 2436 5575 Gesnero
2470 5520 2573 5575 sub
2628 5517 2854 5574 nomine
2884 5518 3085 5589 Glycae,
3123 5527 3262 5572 utet
3295 5517 3382 5572 ab'
3407 5514 3724 5572 llmsclielio

467 5626 535 5665 ex
565 5611 702 5666 bibl.
739 5611 1061 5683 Augustana
1088 5611 1284 5668 eodem
1321 5611 1505 5678 titulo,
1540 5619 1595 5666 et
1619 5627 1650 5664 a
1685 5609 1892 5666 Jacobo
1925 5611 2196 5674 Pontano,
2222 5609 2320 5679 qui
2351 5612 2564 5678 priores
2594 5607 2733 5662 duas
2757 5605 2952 5662 Latine
2979 5603 3177 5662 edidit.
3213 5607 3318 5662 Sed
3347 5617 3402 5662 et
3425 5606 3490 5662 ad
3513 5608 3724 5659 calcem

539 5790 654 5863 (δι)
689 5791 754 5847 v.
795 5789 1030 5847 Fabricii
1067 5792 1329 5849 Biblioth.
1355 5793 1449 5849 Gr.
1495 5792 1586 5848 ed.
1637 5790 1848 5855 llarlcs,
1875 5799 1912 5844 t.
1951 5787 2041 5854 x1,
2231 5785 2343 5863 (ξρ)
2371 5785 2494 5863 l_._ib.
2531 5801 2607 5853 ιν,
2631 5785 2710 5863 ge
2739 5784 2878 5839 Bibl.
2907 5783 3110 5863 (ἔφερες.

465 5855 715 5935 nisi;
786 5916 790 5920 .

2227 5859 2342 5935 (ἔῃ)
2379 5857 2604 5935 (ξιοζιινίιΔ
2619 5855 2904 5928 Creygton,
2935 5872 2990 5926 p.
3026 5856 3151 5912 544.

541 5931 657 6006 (τε.)⁴
686 5916 815 6004 pag.
857 5932 984 5989 διδ.

2233 5916 2344 6000 (ss)
2390 5927 2631 5996 Fol.'50,
2655 5941 2711 5981 ν.
