4098 6450
359 504 433 569 25
1790 510 1977 570 ΡΒ.Ἐ1

2016 510 2217 576 ΑΤΙΟ.
3559 520 3634 582 Ξϐ

357 619 566 673 codicis
598 619 925 689 posterioris
957 619 1189 676 Cmsarci
1226 621 1341 676 haec
1392 622 1716 677 scribuntur
1746 638 1761 675 :
1810 619 1975 673 Τοῦτο

2034 621 2239 691 βιϐλίον
2267 625 2504 697 ὑπάρχει
2529 628 2748 700 Μιχαὴλ
2770 630 2865 683 τοῦ
2900 631 3105 688 Fluxa.
3146 634 3467 690 Promiscue
3495 649 3632 691 vero

359 708 524 762 hasce
549 707 816 776 epistolas
851 709 958 763 sub
995 710 1219 765 nomine
1249 710 1477 766 Zonarte
1518 712 1635 766 sive
1675 711 1858 782 Glyca:
1892 725 2110 779 semper
2145 711 2335 767 laudat
2369 712 2625 777 Allatius,
2682 716 2784 771 lib.
2842 732 2879 773 tt
2934 719 3009 772 De
3051 737 3308 775 consensu
3352 724 3633 793 utriusque

362 793 633 861 Ecclesia',
670 813 792 867 cap.
830 798 921 862 18,
956 815 1013 852 n.
1046 800 1146 866 i7;
1174 799 1269 853 lib.
1307 814 1389 861 nr,
1414 813 1537 869 cap.
1566 798 1656 861 l5,
1682 815 1740 853 n.
1775 798 1827 861 8,
1856 813 1976 867 cap.
2010 797 2099 859 16,
2127 814 2161 852 n
2209 799 2301 865 2i;
2338 814 2461 872 cap.
2495 803 2585 864 18,
2614 820 2670 857 ιι.
2705 803 2759 865 8,
2796 813 3066 861 etcontra
3091 807 3454 880 Creygtonem
3494 810 3629 879 (59).

358 882 420 936 In
462 884 665 953 quibus
708 886 937 954 quidem
978 887 1117 941 locis
1149 886 1415 957 quasdam
1456 904 1522 943 ex
1567 886 1634 941 iis
1693 887 1936 955 integras
1965 885 2278 955 exscripsit,
2321 888 2396 942 ita
2450 896 2533 951 ut,
2571 905 2697 943 cum
2743 893 3041 957 scribebat,
3084 896 3246 966 cujus
3290 905 3478 950 essent
3517 912 3631 951 non

357 972 588 1025 munitio
624 973 725 1040 ipsi
768 989 871 1043 pro
901 974 1213 1027 indubitata
1244 973 1571 1028 haberetur.
1599 973 1655 1028 ll
1686 973 1952 1028 duntaxat
1982 985 2217 1042 constat,
2259 978 2452 1034 barum
2486 990 2769 1036 auctorem
2796 983 3000 1039 vixisse
3027 985 3131 1040 sub
3172 986 3422 1042 Manuele
3463 986 3631 1042 Com-

357 1073 524 1115 neno.
561 1067 676 1113 tum
710 1078 774 1115 ex
807 1061 1264 1133 Antapologelico
1294 1063 1454 1129 cujus
1502 1062 1874 1123 meminimus,
1919 1070 2033 1116 tum
2077 1079 2143 1118 ex
2176 1065 2310 1119 viris
2341 1067 2624 1135 primariis
2670 1070 2811 1123 aulae
2837 1070 3146 1141 Cpolitanm
3176 1074 3382 1143 quibus
3420 1075 3631 1144 aliquot

356 1144 764 1208 inscribuntur,
797 1157 962 1217 atque
997 1149 1050 1201 in
1083 1150 1152 1202 iis
1187 1147 1400 1203 Joanne
1433 1150 1582 1204 Duca
1616 1164 1812 1219 magno
1839 1150 2200 1206 hetaeriarcha
2226 1161 2282 1207 et
2304 1154 2544 1215 sebasto.
2575 1156 2734 1227 cujus
2773 1172 2887 1226 prae
2936 1160 3170 1225 caeteris,
3206 1169 3268 1215 ut
3309 1160 3450 1214 alios
3494 1176 3633 1227 pra:-

356 1244 594 1298 teream,
627 1236 836 1290 mentio
861 1236 1105 1291 occurrit
1129 1237 1271 1307 apud
1309 1237 1557 1293 Nicetam
1590 1238 1724 1309 (40),
1751 1246 1806 1292 et
1839 1239 2087 1295 Manuele
2118 1239 2405 1297 Comneno
2430 1243 2888 1311 Sebastocratore,
2914 1246 3010 1315 qui
3042 1262 3152 1302 non
3179 1247 3322 1303 alius
3352 1257 3437 1303 est
3464 1248 3533 1302 ab
3563 1263 3630 1302 eo

353 1324 519 1388 cujus
551 1322 759 1391 pariter
790 1324 1044 1378 meminit
1073 1323 1375 1380 Cinnamus
1402 1324 1539 1395 (41).

425 1408 662 1475 Quando
692 1425 822 1464 vero
849 1412 1046 1481 Glycas
1078 1412 1297 1475 vixerit,
1327 1428 1393 1466 ex
1426 1414 1574 1468 illius
1596 1414 1838 1469 Historia
1875 1431 1982 1470 non
2016 1425 2331 1488 promptum
2369 1420 2699 1490 est‘assequi
2745 1440 2758 1475 :
2793 1422 3011 1478 tametsi
3059 1422 3274 1479 Zonara
3343 1423 3627 1493 posterio-

354 1511 478 1550 rem
512 1499 702 1560 fuisse,
731 1500 815 1554 vel
845 1509 1000 1554 certo
1039 1513 1160 1571 post
1183 1501 1453 1557 Z‘onaram
1486 1503 1798 1573 scripsisse,
1818 1519 1885 1559 ex
1907 1520 1975 1559 eo
1997 1505 2306 1574 colligimus
2324 1507 2469 1575 quod
2496 1507 2646 1561 illius
2673 1508 2916 1563 Annales
2948 1525 3057 1564 non
3081 1510 3255 1565 semel
3277 1509 3470 1565 laudet
3490 1510 3626 1579 (42).

352 1584 519 1640 Unde
550 1587 645 1640 illo
669 1588 846 1641 multo
872 1603 998 1643 esse
1034 1590 1397 1659 posteriorem
1426 1606 1535 1644 non
1564 1590 1767 1645 desunt
1796 1593 1890 1661 qui
1915 1593 2239 1662 conjiciunt.
2260 1595 2449 1664 Neque
2482 1595 2715 1664 perinde
2744 1612 2811 1650 ex
2862 1596 3193 1656 Annalibus.
3243 1598 3331 1652 vel
3381 1613 3450 1654 ex
3502 1598 3631 1653 aliis

352 1672 633 1728 hactenus
655 1675 821 1730 editis
851 1679 1139 1747 operibus,
1166 1679 1395 1735 Joannis
1420 1679 1649 1734 Zonaras
1666 1689 1881 1735 aetatem
1902 1681 2060 1750 plane
2101 1681 2601 1751 deprehendimus,
2630 1683 2734 1737 nisi
2764 1685 2909 1752 quod
2938 1694 3064 1754 post
3127 1686 3422 1755 imperium
3463 1686 3632 1741 Joan-

350 1762 449 1815 nis
473 1760 747 1817 Comneni
767 1766 939 1818 vitam
971 1765 1302 1834 produxisse
1329 1767 1567 1835 ipsemet
1594 1766 1852 1822 videatur
1875 1768 2143 1831 indicare,
2171 1780 2338 1841 atque
2362 1771 2501 1825 adeo
2522 1773 2724 1827 vixisse
2755 1770 3007 1828 Manuele
3031 1773 3363 1843 imperante,
3409 1788 3438 1828 a
3488 1788 3622 1842 quo,

351 1861 415 1906 ut
446 1855 666 1922 opinor,
702 1854 817 1923 ipse
842 1865 900 1910 et
930 1855 1257 1910 Theodorus
1285 1857 1596 1921 Balsamon,
1629 1865 1743 1910 tum
1774 1857 1980 1928 Magna:
2008 1859 2271 1915 Ecclesiae
2305 1859 2611 1929 Cpolitaure
2662 1850 3044 1931 ‘nomophylax
3086 1870 3143 1916 et
3203 1861 3627 1932 chartophylax,

352 1938 565 1993 deinde
590 1942 977 1998 Autiochenus
1005 1945 1342 2014 patriarcha,
1378 1945 1721 2000 suntdclecti
1753 1954 1812 2000 ut
1832 1961 2021 2002 sacros
2054 1963 2295 2003 canones
2324 1948 2664 2018 inspicerent
2687 1959 2745 2004 et
2768 1965 2889 2019 qua:
2914 1945 2968 2004 in
2994 1951 3061 2004 iis
3085 1950 3410 2004 obscuriora
3431 1965 3632 2004 occur-

352 2039 553 2083 rerent
593 2030 1118 2100 interpretarentur,
1149 2031 1235 2087 vel
1271 2049 1392 2103 qua:
1420 2035 1775 2102 aliquatenus
1815 2034 2034 2105 legibus
2079 2035 2360 2090 adversari
2415 2035 2738 2090 viderentur
2796 2036 3189 2102 observarent;
3241 2031 3405 2105 quod'
3444 2037 3511 2090 de
3571 2051 3630 2091 se

352 2124 598 2171 testatur
628 2117 918 2172 Balsamon
954 2120 1009 2172 in
1035 2118 1358 2175 Praefatione
1391 2120 1458 2175 ad
1486 2111 1891 2190 expositionem
1914 2121 2341 2177 Nomocanonis.
2371 2121 2529 2189 Quod
2592 2123 2820 2193 quidem
2873 2123 2943 2177 ad
2986 2123 3169 2193 ipsum
3225 2124 3492 2177 Zonaram
3544 2141 3633 2177 re-

349 2202 493 2257 ferri
531 2216 729 2275 potest,
757 2208 852 2277 qui
893 2222 1026 2261 suos
1056 2207 1111 2261 in
1153 2223 1393 2263 canones
1418 2207 1862 2264 Commentarios
1900 2226 2007 2264 non
2043 2219 2238 2280 suapte
2269 2211 2363 2265 scd
2396 2210 2627 2264 alterius
2654 2211 2808 2282 jussu
2841 2226 2900 2265 se
2951 2211 3353 2280 conseripsisse
3423 2211 3628 2281 prodit,

349 2295 432 2348 uti
466 2310 636 2364 supra
659 2295 1105 2364 observavimus,
1137 2297 1210 2352 ita
1239 2306 1422 2353 tamen
1448 2306 1511 2353 ut
1545 2298 1790 2355 Zonaras
1815 2316 1947 2356 suos
1977 2299 2226 2354 emiserit
2263 2309 2391 2353 ante
2422 2298 2830 2361 Balsamonem,
2859 2314 2889 2352 a
2918 2314 3028 2367 quo
3048 2314 3159 2353 non
3185 2299 3356 2354 semel
3389 2309 3447 2353 et
3499 2314 3624 2353 cum

348 2383 545 2453 elogio
574 2383 620 2437 is
654 2383 934 2438 laudatur.
959 2385 1036 2439 Ex
1068 2386 1274 2455 quibus
1309 2387 1506 2442 saltem
1535 2388 1965 2459 licctcolligere,
1990 2386 2095 2442 sub
2154 2386 2404 2439 Manuele
2458 2386 2661 2439 vixisse
2705 2385 2980 2439 Zonaram
3028 2395 3197 2454 atque
3245 2386 3385 2440 adeo
3448 2386 3627 2454 ipsum

347 2470 607 2541 Glycam,
640 2471 686 2525 si
714 2472 939 2541 quidem
966 2472 1116 2527 illius
1169 2473 1574 2543 sunt‘epistolaa
1620 2475 1688 2530 de
1742 2475 1946 2544 quibus
1994 2474 2248 2543 agimus:
2316 2470 2462 2540 quod
2531 2481 2682 2526 certe
2726 2471 2964 2526 suadere
3022 2471 3246 2526 videtur
3309 2473 3633 2542 striptionis

349 2574 462 2625 qua
502 2557 556 2613 in
589 2560 899 2615 Annalibus
933 2561 1114 2614 utitur
1139 2561 1302 2623 ratio,
1331 2562 1425 2615 ubi
1457 2578 1627 2618 sacrae
1658 2564 1959 2632 Scriptura:
1985 2559 2171 2627 potius
2196 2574 2361 2628 quam
2422 2558 2765 2614 illustrandm
2823 2558 3073 2615 historias
3134 2569 3283 2614 totus
3327 2559 3625 2614 incumbit.

349 2644 506 2713 Quin
533 2647 698 2702 etiam
731 2648 787 2701 in
823 2647 891 2702 iis
917 2657 1270 2702 astronomos
1294 2648 1474 2718 carpit
1498 2657 1555 2703 et
1588 2649 1710 2704 illos
1742 2649 1834 2719 qui
1866 2659 2139 2704 astrorum
2160 2646 2551 2702 affectionibus
2582 2645 2851 2716 quidquid
2893 2647 2948 2700 in
3021 2657 3167 2702 terra
3218 2648 3401 2713 agitur
3447 2648 3626 2700 ascri-

349 2734 522 2798 bunt,
553 2735 693 2790 adeo
731 2744 793 2789 ut
814 2737 943 2798 τοὺς
977 2737 1076 2807 μὲν
1104 2736 1359 2807 πόρνους,
1395 2739 1524 2799 τοὺς
1569 2737 1626 2791 δὲ
1662 2738 1882 2809 μοιχοὺς
1905 2755 1967 2790 κα

2030 2737 2224 2798 ἄλλους
2265 2734 2427 2789 πάλιν
2469 2736 2667 2802 φονέας
2719 2736 2815 2787 καὶ
2868 2736 3129 2803 ἅρπαγας
3179 2736 3418 2791 efﬁciant
3479 2735 3629 2805 (45);

349 2822 507 2893 quod
547 2833 604 2879 et
627 2824 807 2893 ipsum
845 2823 1044 2879 iisdem
1077 2823 1250 2878 ferme
1281 2824 1470 2879 verbis
1500 2825 1739 2880 habetur
1774 2826 1827 2880 in
1856 2824 2310 2895 Antapologetico
2342 2824 2502 2892 cujus
2534 2838 2701 2888 supra
2729 2821 3088 2877 meminimus
3126 2841 3139 2877 :
3177 2823 3311 2877 licet
3358 2823 3624 2890 fateatur,

350 2922 499 2967 utet
532 2921 727 2968 auctor
748 2912 1218 2983 Antapologetici,
1251 2914 1421 2968 multa
1458 2929 1526 2969 ex
1553 2913 1800 2969 siderum
1832 2912 2225 2969 affectionibus
2256 2910 2503 2980 etsignis
2548 2908 2873 2965 cmlestibus
2926 2908 2981 2963 id
3032 2909 3178 2982 quod
3240 2910 3487 2964 futurum
3549 2910 3625 2965 sit

346 3015 457 3055 nos
483 3015 651 3070 posse
681 3001 1021 3069 conjectare.
1052 2999 1127 3054 Ex
1150 3000 1353 3070 quibus
1375 3016 1486 3055 non
1512 3001 1742 3056 omnino
1770 3011 1950 3057 tamen
1978 3000 2273 3057 conficitur
2302 2999 2624 3054 Michaelem
2677 2997 2899 3070 Glycam
2929 3013 3051 3053 esse
3091 3006 3374 3053 auctorem
3425 2999 3633 3069 episto—

346 3090 540 3144 larum
561 3088 630 3145 de
664 3089 867 3159 quibus
896 3089 1128 3159 agimus.
1157 3105 1283 3143 cum
1313 3087 1548 3145 trivialis
1576 3097 1632 3145 et
1675 3089 1971 3159 quibusvis
2005 3089 2167 3143 obvia
2199 3086 2563 3159 sitejusmodi
2596 3086 2744 3141 circa
2778 3097 3057 3142 astrorum
3120 3086 3362 3142 inlluxus
3407 3095 3645 3141 senten-'

350 3177 454 3242 tia,
488 3186 659 3245 atque
679 3175 818 3232 adeo
845 3176 1020 3248 ipsius
1052 3175 1387 3240 sitZonarae,
1409 3179 1502 3246 qui
1540 3177 1596 3231 in
1628 3177 1935 3232 Annalibus
1961 3176 2072 3248 (44)
2133 3177 2305 3232 Deum
2349 3186 2496 3231 astra
2524 3174 2840 3230 condidisse
2864 3175 3057 3229 scribit
3085 3183 3147 3228 ut
3171 3183 3332 3229 terra:
3382 3174 3632 3230 ambitus

349 3281 455 3336 per
482 3281 552 3321 ea
586 3265 966 3320 illustraretur
1003 3274 1059 3319 et
1089 3280 1353 3319 mensura
1385 3267 1657 3335 temporis
1680 3282 1745 3321 ex
1779 3281 1971 3320 eorum
2002 3264 2332 3320 circuitibus
2358 3272 2663 3334 peteretur,
2690 3279 2801 3317 non
2836 3277 2971 3316 vero
3037 3270 3099 3317 ut
3142 3278 3251 3316 una
3297 3278 3423 3318 cum
3477 3271 3628 3317 motu

349 3354 644 3409 stellarum
676 3353 863 3409 omnia
890 3361 1080 3408 nostra
1114 3352 1603 3410 circumferuntur.
1630 3353 1750 3409 Iam
1781 3369 1914 3409 vero
1942 3352 2250 3408 Manuclem
2299 3352 2693 3422 imperatorem
2737 3353 3095 3405 astronomiae
3140 3350 3265 3420 plus
3316 3366 3481 3420 quam
3533 3365 3632 3420 par

350 3451 475 3497 erat
501 3457 728 3511 operam
759 3442 1120 3513 impendisse,
1146 3450 1201 3496 et
1229 3442 1637 3512 astrologorum
1674 3457 1851 3512 nugas
1887 3457 1985 3511 pro
2010 3442 2253 3498 oraculis
2280 3442 2594 3510 excepisse,
2619 3447 2856 3494 testatur
2891 3453 3003 3492 non
3036 3453 3148 3493 uno
3176 3439 3299 3493 loco
3319 3438 3542 3495 Nicetas
3571 3438 3631 3492 in

350 3530 509 3617 illius
539 3531 658 3585 Vita
693 3530 830 3601 (45).
860 3529 1036 3597 Quem
1066 3529 1290 3598 quidem
1319 3528 1702 3617 haudimirum
1728 3530 2060 3617 sententiam
2091 3544 2244 3617 suam
2271 3529 2327 3583 in
2347 3528 2604 3617 cpistola
2632 3525 3061 3617 ad_monacbum
3092 3525 3342 3617 firmasse
3396 3533 3480 3617 tot
3505 3540 3630 3617 .sa-

352 3632 461 3673 cra:
484 3616 786 3688 Scriptum
817 3626 876 3672 ct
903 3617 1128 3671 Patrum
1154 3615 1605 3678 auctoritatibus,
1640 3631 1768 3671 cum
1798 3632 1827 3671 a
1856 3615 2128 3672 Cinname
2152 3616 2265 3686 (46)
2307 3615 2511 3670 divinis
2530 3612 2763 3684 perinde
2818 3628 2884 3668 ac
2931 3613 3361 3668 humanioribus
3416 3612 3627 3668 litteris

353 3705 659 3762 admodum
698 3706 1024 3770 instructus,
1046 3713 1104 3760 ct
1140 3704 1288 3759 bello
1317 3705 1502 3760 clarus
1536 3705 1781 3768 habitus,
1815 3704 2043 3759 Martem
2073 3714 2129 3759 et
2150 3703 2484 3759 Mercurium
2518 3715 2629 3757 una
2652 3710 2707 3755 et
2740 3698 2906 3754 simul
2939 3699 3181 3755 coluisse
3237 3699 3500 3755 dicatur:
3555 3697 3634 3753 ita

357 3805 424 3850 ut
447 3795 693 3851 Manueli
721 3793 896 3866 aptari
934 3793 1180 3864 potuerit
1208 3793 1355 3863 quod
1383 3792 1720 3865 Calpurnius
1750 3792 1864 3866 (47)
1892 3793 1961 3848 de
1992 3793 2198 3849 Carino
2229 3794 2564 3864 imperatore
2596 3787 2810 3845 cecinit
2836 3804 2852 3844 :

1232 3924 1505 3997 Utcunque
1533 3935 1714 3981 tamen
1740 3929 2105 3997 conspeximus
2138 3926 2309 3993 ipsum

1229 3995 1480 4123 Longius.
1518 4014 1600 4061 ac,
1636 4000 1736 4053 nisi
1762 4013 1843 4052 me
1869 3995 2070 4068 decepit
2090 3998 2246 4063 visus,
2265 4000 2322 4051 in
2350 4012 2457 4051 uno

1230 4069 1301 4123 Et
1389 4070 1521 4123 artis
1553 4067 1731 4123 vultus
1759 4076 1809 4122 et
1831 4067 2096 4123 Apollinis
2117 4082 2227 4122 esse
2257 4068 2457 4123 putavi.

1230 4069 1301 4123 Et
1327 4067 1521 4123 Martis
1553 4067 1731 4123 vultus
1759 4076 1809 4122 et
1831 4067 2096 4138 Apollinis
2117 4082 2227 4122 esse
2256 4068 2460 4139 putavi.

425 4246 936 4320 (59/P-551»-5‘§:
1060 4313 1080 4320 -
1211 4316 1242 4320 _
1282 4314 1305 4320 -

2128 4243 2242 4320 (ἐξ)
2262 4241 2403 4320 ,ίέῖδο
2435 4240 2636 4320 lin-ﬂ:
2996 4310 3028 4320 -
3076 4309 3106 4320 Α
3176 4307 3211 4320 ..

426 4306 544 4387 ξω)
579 4319 637 4374 ln
653 4306 846 4373 Aleiio
884 4313 1095 4387 hlan._f.
1119 4332 1177 4370 n.
1211 4314 1331 4370 7-9.

2122 4306 2235 4387 (45)
2260 4312 2390 4387 _Lib.
2418 4306 2480 4379 n,
2513 4330 2572 4369 n.
2602 4311 2665 4387 ῖς
2694 4312 2795 4370 lib.
2819 4326 2877 4378 v,
2908 4324 2969 4368 ιι.
2994 4310 3053 4379 2,
3074 4309 3146 4377 8;
3176 4306 3276 4364 lib.
3307 4323 3407 4373 vn,
3467 4323 3528 4363 n.
3566 4311 3618 4365 7.

449 4383 1148 4458 £1)Lib.v,n.14,l$.A
1362 4453 1458 4458 ψ

1036 4387 1108 4458 ξε
1134 4455 1148 4458 Α
1207 4455 1223 4458 Α
1246 4456 1298 4458 η
1362 4453 1458 4458 ψ
2121 4383 2233 4458 (46)
2260 4384 2385 4458 L_ib.
2409 4401 2485 4458 γι3
2516 4383 2654 4440 ιι.2.

451 4453 545 4528 ιε)
571 4459 771 4527 Glycas
804 4473 859 4527 p.
888 4455 1015 4528 tto,
1046 4455 1176 4524 286,
1197 4455 1327 4524 294,
1354 4453 1484 4514 297.

922 4455 1015 4528 to,
1046 4455 1176 4524 286,
1197 4455 1327 4524 294,
1354 4453 1484 4514 9.97.
2121 4453 2236 4528 (47)
2275 4455 2394 4512 Ecl.
2430 4455 2535 4511 ult.

446 4525 544 4600 45)
574 4525 770 4602 etycas
803 4525 859 4599 β.
887 4525 982 4584 26.

1705 4907 2281 5003 LECTORI.

359 5107 598 5160 Nonitom
623 5107 940 5168 subsequens
964 5100 1360 5167 pmmittebatur
1381 5100 1524 5152 Notis
1546 5097 1798 5150 historicis
1810 5097 1891 5150 Du
1910 5096 2081 5163 Cangii
2098 5110 2224 5160 quas
2243 5109 2306 5148 ex
2337 5095 2536 5150 calcet.
2560 5095 2607 5148 II
2624 5101 2883 5151 revocatas
2914 5099 3077 5150 textui
3106 5098 3434 5161 subjecimus.
3475 5097 3618 5151 Ευιτ.
3668 5130 3677 5136 -

430 5410 711 5482 Ejusmodi
760 5417 884 5463 sunt
923 5409 1015 5470 qui
1057 5406 1361 5479 generalem
1402 5404 1698 5476 praesertim
1741 5410 1982 5471 spectant
2029 5405 2327 5469 historiam,
2379 5401 2824 5474 quemadmodum
2872 5408 2999 5455 sunt
3041 5398 3269 5456 Zonara:
3306 5417 3437 5472 quos
3478 5403 3635 5460 modo

363 5505 677 5564 rccudimus,
706 5500 964 5565 Annales,
1008 5510 1065 5553 ut
1095 5497 1376 5569 laxioribus
1415 5495 1685 5551 illustrari
1717 5494 2110 5559 commentariis
2142 5493 2357 5547 minime
2386 5490 2610 5575 debeant
2642 5505 2661 5543 :
2700 5506 2819 5543 cum
2844 5492 2935 5560 qui
2960 5491 3016 5545 id
3041 5490 3341 5560 faciendum
3378 5491 3478 5545 sibi
3507 5507 3638 5562 pro-

364 5601 600 5663 poneret,
651 5589 928 5645 inutilibus
969 5590 1140 5658 potius
1170 5603 1232 5640 ac
1268 5585 1676 5654 supervacaneis
1724 5581 1990 5637 Lectorem
2021 5582 2274 5652 fatigaret
2317 5576 2786 5640 observationibus,
2825 5593 2986 5647 quant
3037 5576 3217 5631 labore
3246 5578 3427 5644 quovis
3454 5578 3634 5633 suble-

363 5691 527 5735 varet.
557 5679 638 5734 Ea
669 5680 862 5748 quippe
901 5685 977 5730 est
1016 5674 1316 5743 scriptionis
1350 5672 1501 5725 istius
1544 5672 1705 5733 ratio,
1744 5680 1802 5725 ut
1831 5688 1947 5740 qua:
1984 5685 2048 5724 ea:
2075 5668 2375 5723 auctoribus
2404 5666 2782 5733 decerpantur,
2823 5666 3162 5736 attingantur
3212 5666 3498 5730 duntaxat,
3538 5679 3633 5719 nec

366 5767 590 5837 pleniori
624 5767 867 5821 oratione
918 5761 1342 5816 conscribuntur.
1392 5758 1658 5814 Continua
1687 5768 1956 5829 gestorum
1985 5759 2166 5821 series,
2210 5765 2260 5809 et
2290 5753 2577 5809 secundum
2615 5752 2864 5805 certiores
2895 5760 3192 5839 temporum
3220 5762 3375 5806 notas
3401 5753 3628 5823 digesta,

366 5856 417 5908 in
440 5854 547 5910 illis
577 5853 875 5908 attenditur
918 5850 1271 5922 potissimum,
1312 5846 1447 5901 adeo
1488 5855 1547 5900 ut
1592 5847 1737 5916 ipsas
1783 5846 2055 5901 consulere
2104 5845 2332 5915 origines
2377 5854 2582 5894 necesse
2628 5837 2840 5902 habeat,
2887 5840 2979 5909 qui
3004 5837 3321 5911 prolixiores
3351 5840 3624 5909 expetierit

368 5939 739 6005 narrationes;
777 5954 895 5994 cum
932 5951 1116 5992 eorum
1151 5934 1239 6005 qui
1266 5933 1494 5989 condunt
1519 5935 1742 5990 annales
1765 5935 2087 6007 pra'cipuum
2117 5933 2185 5987 sit
2211 5927 2511 5997 consilium,
2552 5934 2607 5981 ut
2640 5925 2929 5982 universali
2955 5930 3187 5994 quadam
3229 5936 3405 5982 rerum
3437 5928 3623 5984 coqui-
