4098 6440
444 457 514 518 27
1688 457 2138 519 HIERONYMI
2180 460 2464 520 WOLFII
3629 450 3704 514 28

443 575 606 640 tione,
637 573 869 631 Lectoris
893 577 1134 631 animum
1173 576 1482 647 informent.
1535 595 1556 628 ι
1597 575 1683 632 Ita
1709 575 1938 632 Zonarte
1975 575 2110 630 illud
2155 577 2210 630 in
2253 577 2438 646 primis
2481 577 2612 648 fuit,
2655 583 2710 630 ut
2749 580 2883 628 recte
2914 574 2969 628 in
3000 571 3322 641 Pratfatione
3357 571 3432 624 ait
3465 568 3712 638 Wolﬁus,

443 671 644 717 certam
669 663 959 734 quamdam
982 665 1220 720 historice
1243 667 1396 736 quasi
1428 663 1766 736 disciplinam
1795 665 2170 729 constituendi,
2191 672 2242 718 et
2271 664 2508 736 dispersa
2533 665 2590 718 in
2629 661 2876 735 plurimis
2906 656 3164 719 membra.
3209 667 3259 712 et
3293 667 3469 728 partes
3507 658 3622 728 ejus
3654 658 3710 710 in

443 763 608 803 unum
639 750 906 820 quoddam
931 768 1118 822 corpus
1148 753 1440 824 redigendi.
1470 753 1675 824 Detegit
1702 753 1842 806 enim
1873 752 1971 806 sibi
2000 769 2104 807 non
2142 753 2400 818 omnium,
2424 753 2520 807 sed
2546 752 2938 822 prwcipuarum
2979 749 3214 821 gentium
3235 747 3521 802 historias:
3544 760 3714 814 neque

444 851 534 890 eas
569 853 769 902 omnes,
797 839 890 892 sed
917 838 1001 894 vel
1023 841 1319 910 prwcipuas
1348 843 1634 898 duntaxat.
1663 839 1746 894 vel
1779 855 1870 894 eas
1899 855 2020 910 qua:
2044 838 2114 893 ad
2145 837 2390 894 Ecclesia:
2420 840 2610 894 seriem
2647 839 3067 909 perspiciendum
3101 837 3273 907 facere
3310 834 3645 888 videbantur.
3687 851 3704 882 ι

446 919 508 974 1η
533 924 632 984 hac
661 927 822 995 igitur
855 933 931 980 tot
957 937 1235 982 eventuum
1276 938 1436 1000 atque
1477 945 1656 982 rerum
1685 928 2033 997 expositione,
2083 943 2248 997 quam
2292 925 2530 981 Annales
2566 926 3010 996 complectuntur,
3057 927 3147 996 qui
3181 924 3366 978 mundi
3388 921 3718 992 primordia,

452 1007 759 1083 Veterisque
787 1011 1018 1069 Faederis
1043 1017 1313 1080 historias,
1334 1032 1454 1086 qua:
1477 1031 1541 1070 cx
1569 1017 1736 1070 sacris
1764 1013 1958 1079 Libris,
1987 1023 2036 1068 et
2069 1031 2134 1069 ex
2162 1014 2409 1086 Josepho,
2437 1032 2501 1070 ac
2533 1013 2754 1085 Georgio
2785 1013 3030 1086 Syncello
3048 1029 3068 1068 :
3105 1022 3200 1068 aut
3228 1029 3309 1066 res
3349 1009 3710 1070 Gracanicas,

445 1095 526 1149 vel
557 1099 717 1152 etiam
744 1098 1038 1170 Romanas,
1071 1119 1162 1156 seu
1192 1103 1490 1171 reipublica:
1515 1119 1609 1157 seu
1641 1103 1851 1172 imperii
1896 1113 2138 1173 tempora
2179 1112 2502 1173 spectentur,
2534 1091 2598 1157 ex
2632 1105 2978 1174 scriptoribus
3009 1101 3171 1172 refert
3201 1099 3466 1163 Zonaras,
3489 1114 3608 1152 cum
3645 1097 3712 1150 iis

445 1185 684 1252 conferre
722 1187 894 1250 vellet,
927 1204 992 1242 ac
1022 1205 1202 1243 eorum
1230 1191 1550 1244 auctoritate
1575 1187 1798 1258 ﬁrmare
1823 1191 1913 1260 qui
1946 1188 2192 1259 singulas
2228 1205 2292 1244 ex
2321 1189 2558 1261 professo
2600 1198 3021 1260 pertractarunt,
3051 1188 3133 1244 vel
3162 1205 3280 1258 qua:
3306 1187 3396 1242 ille
3427 1186 3504 1255 [de
3549 1185 3708 1239 indu—

443 1276 577 1327 stria
621 1277 798 1329 omisit
845 1279 1056 1348 afferre,
1089 1280 1194 1333 duo
1226 1281 1431 1351 pariter
1455 1281 1653 1334 subiret
1686 1279 2044 1344 incommoda,
2075 1288 2130 1332 ut
2161 1289 2211 1332 et
2235 1280 2459 1333 nimium
2483 1280 2697 1342 diceret,
2737 1295 2830 1333 nec
2859 1287 3039 1334 tamen
3074 1285 3266 1342 totum,
3301 1285 3358 1330 ut
3391 1271 3718 1341 Quintiliani

447 1362 612 1414 verbis
659 1372 784 1416 utar
819 1381 837 1418 :
882 1365 1163 1434 fatendum
1206 1375 1384 1422 tamen
1427 1385 1700 1422 occurrere
1740 1367 2005 1422 interdum
2053 1367 2107 1421 in
2135 1368 2201 1421 iis
2237 1369 2430 1434 multa,
2459 1383 2576 1438 quae
2598 1369 2782 1422 critica
2817 1367 3091 1438 indigeant
3121 1382 3284 1420 manu
3307 1381 3326 1418 :
3365 1380 3484 1418 cum
3509 1363 3565 1416 in
3595 1362 3709 1431 ipsa

444 1447 681 1503 videlicet
704 1453 1041 1519 narratione,
1083 1464 1176 1508 aut
1211 1457 1264 1510 in
1298 1471 1642 1521 personarum
1678 1455 1760 1510 vel
1795 1453 2033 1508 locorum
2078 1455 2514 1522 nomenclaturis,
2557 1463 2717 1526 atque
2745 1455 2876 1509 adeo
2909 1457 2964 1509 in
3004 1455 3159 1525 factis
3189 1453 3314 1524 ipsis
3347 1469 3380 1506 a
3407 1452 3518 1505 suis
3542 1450 3726 1510 disce-_

445 1533 578 1588 dunt
605 1539 939 1603 authenticis,
969 1541 1031 1594 de
1055 1543 1242 1608 quibus
1267 1540 1534 1596 Lectorem
1577 1543 1793 1596 interest
1817 1542 2122 1596 admonere.
2170 1541 2443 1597 Nonnulla
2469 1553 2592 1598 sunt
2631 1553 2912 1614 prwterea,
2947 1559 3066 1614 qua:
3093 1542 3218 1596 locis
3253 1540 3464 1595 exoticis
3495 1543 3713 1608 possunt

446 1622 722 1689 adornari,
747 1643 864 1681 cum
901 1626 1078 1683 lumen
1109 1631 1210 1684 sibi
1234 1632 1453 1686 invicem
1477 1631 1787 1702 plerumque
1816 1631 2147 1685 commodent
2170 1631 2458 1700 scriptores
2479 1647 2500 1686 :
2537 1631 2678 1701 quod
2702 1631 2906 1702 quidem
2931 1632 2985 1684 in
3024 1631 3184 1695 notis,
3209 1645 3341 1699 quas
3379 1627 3460 1681 hic
3487 1627 3542 1678 in
3572 1639 3713 1696 priv-

445 1725 564 1764 sens
593 1716 818 1776 edimus,
846 1734 942 1787 pro
975 1718 1117 1772 virili
1139 1721 1509 1786 praestitimus.
1555 1721 1608 1774 in
1645 1721 1708 1776 iis
1743 1721 1978 1774 maxime
2009 1734 2126 1787 quae
2167 1717 2482 1788 Byzantium
2512 1719 2748 1774 historia:
2790 1718 3129 1773 illustranda:
3187 1717 3506 1774 conducunt,
3539 1729 3710 1784 quau-

447 1798 728 1868 doquidem
753 1804 904 1858 hosce
927 1805 1163 1862 Annales
1191 1807 1542 1878 publicamus,
1568 1809 1771 1862 caeteris
1805 1797 1991 1860 rerum
2029 1806 2456 1876 Byzantinarum
2480 1807 2844 1877 scriptoribus,
2876 1807 3014 1877 typis
3047 1807 3204 1876 reyiis
3227 1807 3480 1859 hactenus
3504 1817 3718 1872 expres-

445 1887 541 1952 sis,
588 1889 976 1962 adjungendos.
1022 1893 1170 1948 Nam
1207 1903 1262 1950 ut
1308 1895 1697 1966 Tltecphanem,
1744 1911 1808 1950 ac
1839 1895 1982 1949 illius
2013 1893 2444 1957 Continuatores,
2489 1895 2570 1948 vel
2611 1897 2724 1966 qui,
2776 1904 2832 1948 ut
2873 1894 3138 1959 Zonaras,
3191 1891 3422 1946 Annales
3457 1908 3488 1943 a
3533 1885 3720 1943 mundi

447 1975 660 2028 conditu
689 1979 762 2032 ad
791 1996 888 2032 sua
924 1989 1188 2050 tempora,
1240 1982 1352 2037 alia
1397 1984 1533 2052 forte
1566 1983 1832 2046 methodo,
1863 1984 2246 2054 perduxerunt,
2291 1980 2574 2053 Georgium
2619 1983 2940 2046 Cedrenum,
2987 1981 3272 2052 Georgium
3318 1977 3716 2039 Hamartolum,

447 2059 762 2131 Symeonem
783 2065 1150 2136 Logothetam,
1193 2068 1457 2124 Joannem
1499 2068 1786 2140 Scylitzen,
1818 2068 2233 2124 Constantinum
2275 2069 2608 2136 Manassem,
2631 2071 2941 2126 Michaelem
2979 2071 3224 2142 Glycam,
3255 2069 3484 2133 Joelem,
3512 2075 3562 2120 et
3585 2065 3719 2120 alios

447 2149 749 2206 istiusmodi
791 2171 910 2208 cum
939 2156 1052 2226 ipso
1081 2156 1297 2212 Zonara
1324 2172 1712 2226 compararem,
1757 2157 2013 2212 absonum
2051 2175 2268 2228 prorsus
2312 2159 2482 2212 visum
2532 2167 2687 2221 esset,
2731 2176 2850 2214 cum
2895 2159 3030 2214 satis
3084 2168 3132 2212 et
3177 2157 3388 2212 abunde
3418 2158 3506 2214 sit.
3537 2157 3584 2210 si
3606 2170 3722 2226 qua:

365 2262 376 2270 -
447 2245 571 2291 sunt
597 2248 748 2294 extra
790 2257 948 2296 usum
987 2259 1341 2310 communem,
1383 2244 1466 2298 vel
1493 2263 1526 2299 a
1557 2246 1758 2300 cwteris
1801 2245 2028 2309 intacta,
2059 2249 2115 2298 in
2153 2257 2306 2300 notas
2337 2247 2664 2317 referantur,
2704 2263 2770 2301 ex
2800 2247 2990 2318 quibus
3038 2246 3289 2314 scriptori
3327 2245 3418 2299 lux
3457 2255 3724 2313 utcunque

448 2325 722 2396 affulgeat.
755 2327 880 2382 lam
911 2345 1030 2384 vero
1058 2347 1178 2384 cum
1206 2333 1259 2385 in
1293 2333 1597 2386 universam
1637 2331 1995 2402 Byzantinam
2025 2334 2306 2388 historiam
2335 2345 2632 2405 perpetuos,
2669 2342 2725 2388 ut
2747 2335 2823 2389 ita
2851 2335 3054 2397 dicam,
3097 2349 3190 2388 seu
3214 2334 3304 2396 qui
3328 2331 3548 2402 singulis
3575 2330 3722 2384 illius

448 2414 792 2483 scriptoribus
819 2420 997 2485 aptari
1017 2421 1238 2488 possint,
1261 2422 1668 2475 commentarios
1697 2423 1923 2475 antehac
1950 2421 2228 2488 ediderim,
2265 2421 2465 2475 duobus
2501 2421 2806 2491 publicatis.
2826 2419 3200 2484 voluminibus,
3235 2437 3463 2490 quorum
3489 2418 3721 2472 alterum

451 2496 722 2556 Familias
758 2504 1025 2574 Augustas
1059 2515 1106 2559 et
1148 2505 1505 2572 Dalmaticae,
1555 2525 1664 2562 una
1691 2525 1810 2562 cum
1845 2509 1991 2562 urbis
2041 2507 2649 2579 Constantinopolitante
2693 2509 3062 2580 descriptione,
3109 2506 3362 2572 alterum,
3411 2506 3481 2560 ad
3537 2505 3724 2560 media!

450 2595 500 2640 et
531 2588 730 2656 inﬁmae
754 2590 1049 2648 Gra'citatis
1077 2594 1409 2650 Glossarium
1432 2596 1836 2668 complectatur,
1855 2599 1910 2652 in
1933 2613 2034 2668 quo
2065 2614 2168 2652 non
2206 2596 2360 2650 modo
2389 2596 2648 2651 vocabula
2693 2597 3092 2656 mixnbarbara.
3127 2594 3218 2650 sed
3241 2595 3403 2648 etiam
3437 2593 3722 2663 dignitates

451 2675 731 2746 palatinis,
763 2679 1048 2748 militares,
1086 2681 1456 2739 ecclesiastica:
1480 2691 1529 2738 et
1556 2686 1864 2740 monasticae
1901 2685 2242 2755 explicantur
2263 2701 2282 2740 :
2322 2701 2488 2738 unum
2519 2695 2817 2756 supererat,
2853 2695 2910 2739 ut
2939 2685 3054 2740 sola
3097 2685 3360 2738 duntaxat
3411 2681 3558 2753 facta
3599 2680 3725 2735 illa.

451 2765 618 2818 strari
645 2781 796 2836 posse
825 2769 1140 2824 arbitrarer.
1179 2769 1332 2836 Quod
1361 2772 1572 2842 quidem
1598 2773 1674 2826 ita
1706 2789 1740 2826 a
1769 2788 1848 2826 me
1878 2773 2174 2843 priestitum
2197 2781 2294 2835 est,
2333 2781 2389 2825 ut
2413 2774 2460 2827 si
2489 2775 2615 2844 quid
2644 2775 2699 2826 in
2722 2788 2884 2841 supra
2925 2771 3230 2826 memoratis
3272 2769 3723 2824 lucubrationibus

453 2851 747 2918 excidisset,
775 2855 997 2910 subinde
1029 2866 1370 2925 annotarem,
1397 2859 1554 2930 idque
1582 2875 1721 2930 sa'pe
1754 2875 1820 2913 ex
1847 2859 2190 2930 scriptoribus
2220 2858 2452 2919 ineditis,
2489 2875 2553 2912 ne
2586 2857 2670 2912 vel
2701 2874 2766 2912 ex
2797 2859 3008 2912 incuria
3034 2869 3240 2923 nostra,
3265 2856 3347 2911 vel
3371 2872 3436 2909 ex
3461 2857 3726 2908 memoria:

457 2935 611 3008 lapsu
641 2941 973 3011 dispendium
1002 2943 1188 2998 Lector
1217 2948 1482 3016 patiatur.
1515 2944 1619 3001 Sed
1661 2955 1712 3000 et
1753 2947 1934 3000 varias
1980 2947 2247 3000 interdum
2285 2944 2531 3000 lectiones
2572 2961 2637 3000 ex
2669 2945 2900 3000 Zonara:
2933 2961 3096 2999 manu
3135 2945 3409 3016 descriptis
3439 2941 3724 3003 codicibus,

431 3041 582 3098 .quos
607 3027 782 3082 videre
807 3031 1044 3100 contigit,
1083 3032 1306 3086 subinde
1342 3031 1646 3095 inserimus,
1686 3033 2052 3102 prwtermissis
2090 3033 2296 3086 interea
2329 3033 2660 3104 synonymis,
2709 3042 2969 3102 tanquam
3017 3030 3215 3086 nullius
3244 3029 3558 3100 compendii,
3587 3031 3730 3100 quod
3741 3072 3748 3077 .

454 3122 504 3167 et
531 3130 589 3168 se
611 3115 790 3185 fecisse
819 3117 1098 3186 proﬁtetur
1127 3118 1348 3188 Wolﬁus
1379 3121 1678 3189 interpres;
1711 3121 1863 3189 cujus
1893 3119 2134 3189 alioquin
2177 3128 2332 3174 notas
2363 3121 2532 3191 priori
2565 3120 2784 3174 editioni
2811 3119 3072 3178 subditas.
3108 3135 3228 3172 cum
3277 3120 3471 3172 nostris
3503 3118 3586 3171 edi
3613 3119 3728 3171 suis

457 3200 584 3257 locis
607 3205 932 3270 curavimus,
967 3205 1146 3262 littera
1186 3209 1415 3262 nominis
1445 3208 1647 3264 initiati
1678 3207 1761 3263 W.
1811 3208 2100 3268 iudicatas,
2140 3210 2508 3275 printermissis
2537 3206 2851 3277 quibusdam
2879 3206 3175 3260 inutilibus.
3211 3205 3384 3275 Atque
3403 3207 3485 3260 ha:
3511 3204 3725 3276 quidem

459 3292 690 3362 priorem
727 3293 1020 3347 Annalium
1059 3305 1287 3364 partem,
1329 3303 1378 3350 et
1430 3294 1662 3350 alteram
1711 3312 1877 3366 usque
1919 3296 1990 3351 ad
2027 3292 2444 3350 Constantinum
2487 3295 2742 3366 Magnum
2771 3295 3105 3365 potissimum
3149 3301 3411 3363 spectant,
3449 3296 3536 3348 ubi
3562 3292 3730 3364 paulo

457 3378 598 3432 visus
618 3387 694 3432 est
726 3381 1050 3442 accuratior,
1097 3398 1262 3452 quam
1295 3381 1353 3435 in
1384 3382 1451 3436 iis
1497 3399 1617 3452 qua:
1648 3381 2074 3453 Byzantinorum
2109 3382 2494 3453 imperatorum
2535 3385 2766 3438 historia:
2801 3392 2954 3437 erant
2989 3383 3306 3446 subiunctis,
3331 3383 3385 3436 in
3410 3399 3518 3454 qua
3551 3383 3726 3436 minus

459 3464 710 3519 scientem
735 3465 899 3534 fuisse
925 3466 1108 3538 palam
1136 3476 1235 3534 est,
1265 3471 1404 3540 quod
1444 3477 1494 3523 et
1521 3471 1736 3539 ipsemet
1767 3472 1990 3540 ingenue
2015 3471 2290 3541 agnoscit;
2327 3470 2774 3542 quemadmodum
2816 3479 2867 3524 et
2897 3468 3164 3541 Xylander
3185 3471 3239 3522 in
3268 3470 3403 3523 notis
3429 3469 3501 3523 ad
3529 3468 3724 3524 Cedre-

461 3567 588 3606 num
628 3553 852 3624 singulis
891 3557 1002 3626 fere
1033 3555 1180 3622 locis,
1219 3557 1310 3626 qui
1341 3573 1422 3611 res
1473 3555 1800 3626 Byzantinus
1844 3565 2106 3627 spectant,
2143 3575 2248 3613 non
2281 3559 2434 3614 modo
2471 3560 2726 3633 haesitare
2760 3561 2982 3628 cogitur,
3023 3558 3114 3612 sed
3145 3559 3342 3627 fatetur
3371 3556 3511 3611 ultro
3543 3573 3728 3612 vocum

462 3640 565 3694 sibi
587 3641 948 3706 insolentium,
979 3645 1178 3714 partim
1211 3647 1554 3716 hybridarum
1590 3663 1654 3699 ac
1687 3644 2133 3716 μιξοϐαρϐάρων,
2167 3649 2367 3716 partim
2395 3661 2612 3716 prorsus
2647 3653 2698 3698 et
2725 3645 2796 3699 ad
2825 3644 2966 3714 apud
3001 3643 3219 3697 Latinos
3257 3649 3306 3696 et
3337 3643 3480 3714 apud
3517 3641 3730 3698 Grarcos

465 3731 892 3802 peregrinarum,
940 3735 1180 3788 notiones
1223 3737 1456 3804 ignotas,
1507 3750 1618 3788 nec‘
1656 3733 1786 3788 alibi
1815 3733 1977 3788 lectas
2001 3750 2021 3789 :
2060 3734 2198 3803 quod
2244 3750 2350 3788 non
2385 3735 2600 3788 omnino
2626 3732 2954 3795 mirandum,
2981 3731 3368 3802 siquidem'hac
3393 3739 3726 3801 tempestate,

467 3817 606 3872 nulli
643 3827 755 3874 tum
802 3821 910 3890 fere
955 3807 1128 3876 essent
1163 3821 1292 3874 editi
1331 3821 1649 3892 Byzantina:
1687 3821 1922 3876 historia:
1957 3823 2260 3891 scriptores.
2311 3830 2360 3874 et
2391 3822 2447 3874 in
2481 3821 2545 3874 iis
2587 3819 2927 3875 illustrandis
2969 3835 3123 3874 nemo
3150 3833 3216 3872 ex
3249 3826 3325 3872 tot
3355 3820 3479 3873 viris
3509 3819 3732 3874 eruditis

465 3907 646 3964 studia
673 3924 770 3963 sua
797 3911 1053 3965 hactenus
1080 3907 1405 3966 contulerat.

484 4054 3688 4080 Μ*

1106 4228 2252 4434 HIERONYMI
2339 4235 3089 4400 WOLFII

945 4692 1658 4816 JOANNIS
1733 4698 2452 4816 ΖΟΝΑΒΑΞ
2541 4692 3309 4816 ANNALES

1743 4934 2436 5047 ΡΒᾹΞῈΑΤΙΟ,

512 5131 613 5196 Ad
640 5129 1040 5212 magniﬁcum
1077 5137 1133 5192 et
1163 5147 1534 5212 generosum
1564 5131 1770 5212 virum
1803 5129 1880 5189 D.
1911 5129 2255 5212 Antonium
2289 5129 2652 5212 Fuggerum
2670 5130 3090 5212 Kirchpcrga:
3120 5139 3178 5192 et
3238 5131 3710 5198 Weissenborni

1305 5209 1650 5285 dominum,
1681 5210 1978 5272 Caesareae
2009 5211 2328 5290 majestati
2358 5207 2403 5269 ά
2429 5207 2738 5282 consiliis,
2774 5207 2900 5273 etc:

550 5533 703 5604 Opus
727 5532 832 5588 hoc
860 5531 1218 5588 historiarum
1249 5531 1474 5589 Joannis
1501 5519 1751 5597 Zonara,
1813 5534 1922 5588 viri
1949 5549 2047 5590 sua
2091 5543 2254 5590 mtate
2299 5534 2355 5588 in
2403 5531 2696 5604 Cpolitano
2755 5533 2993 5605 imperio
3043 5534 3363 5599 clarissimi,
3413 5535 3580 5606 longo
3624 5537 3738 5606 jam

485 5635 735 5694 tempore
759 5638 790 5676 a
811 5623 1000 5678 multis
1020 5623 1158 5680 viris
1187 5623 1528 5680 doctissimis
1557 5623 1960 5690 desideratum,
1997 5624 2206 5695 duplici
2237 5619 2586 5693 potissimum
2618 5622 2846 5676 nomine
2875 5621 3378 5677 commendandum
3405 5639 3528 5678 esse
3578 5625 3738 5679 vide-

492 5719 604 5773 tur,
633 5718 748 5764 tum
781 5719 1007 5780 propter
1026 5710 1449 5780 amplitudinem
1479 5719 1538 5766 et
1571 5713 1898 5768 varietatem
1927 5727 2114 5766 rerum
2147 5727 2269 5782 quae
2291 5711 2346 5766 in
2373 5724 2442 5765 eo
2463 5709 2845 5773 continentur,
2881 5717 2996 5764 tum
3023 5709 3094 5764 ob
3152 5711 3504 5776 brevitatem,
3553 5711 3589 5765 li
3614 5711 3736 5764 uni--

493 5797 658 5854 nibus
683 5797 768 5852 vel
798 5797 855 5852 in
889 5812 949 5852 re
981 5798 1200 5868 publica
1233 5799 1317 5854 vel
1353 5799 1676 5856 domesticis
1709 5800 1949 5870 negotiis
1971 5801 2058 5854 vel
2089 5798 2288 5856 studiis
2305 5797 2657 5867 gravioribus
2689 5797 2999 5867 occupatis,
3028 5797 3115 5851 vel
3169 5797 3239 5851 iis
3289 5812 3529 5866 quorum
3583 5797 3744 5851 inlir-

497 5882 638 5942 lnior
662 5894 746 5942 est
775 5886 1058 5950 memoria,
1085 5896 1296 5952 gratam
1323 5896 1491 5944 atauo
1522 5887 1886 5948 aptissimam.
1909 5886 2100 5950 Neque
2125 5886 2275 5944 enim
2303 5885 2538 5942 cuilibet
2561 5884 3040 5942 accommodatum
3063 5893 3149 5942 est
3165 5884 3352 5940 omnia
3380 5883 3589 5941 scribta
3625 5900 3745 5940 om-
