4098 6430
326 467 403 529 29
750 426 760 436 ’
1756 472 2175 538 PR/EFATIO.
3511 473 3589 541 ao

331 585 481 639 nium
520 582 918 638 historicorum
951 584 1234 647 evolvere.
1267 593 1326 640 et
1351 588 1655 660 prrccipuas
1680 605 1769 647 res
1795 608 2142 649 summorum
2170 593 2529 664 imperiorum
2564 608 2595 650 a
2618 591 2810 649 mundi
2832 591 3087 658 exordio,
3135 600 3403 664 quantum
3453 594 3580 666 qui-

332 674 458 729 dem
478 673 804 727 mortalitati
842 683 1048 728 nostra:
1077 687 1401 729 concessum
1436 685 1543 739 est,
1575 694 1749 749 usque
1776 682 1843 735 ad
1872 681 2014 737 hanc
2043 682 2283 746 aetatem,
2327 682 2583 751 ignorare
2609 681 3010 753 turpissimum.
3041 682 3176 738 Nam
3199 682 3245 738 sl
3310 682 3581 738 Cicerone

335 774 563 818 auctore
593 762 741 818 inter
770 762 1057 816 hominem
1079 769 1135 816 et
1168 761 1407 817 helluam
1441 765 1546 821 hoc
1585 769 1825 823 maxime
1867 770 2123 836 interest,
2154 770 2304 841 quod
2333 772 2451 827 haec
2481 779 2695 826 tantum
2749 779 3018 839 quantum
3074 785 3239 825 sensu
3303 779 3582 836 movetur,

338 852 407 904 ad
429 850 481 904 id
513 852 691 905 solum
712 850 863 922 quod
897 852 1053 908 adest
1091 855 1351 924 quodque
1383 870 1624 923 praesens
1660 865 1746 911 est
1775 873 1833 913 se
1854 860 2254 924 accommodat,
2285 860 2569 929 paululum
2596 859 2892 914 admodum
2940 860 3186 915 sentiens
3239 860 3586 930 prmteritum

338 948 436 992 aut
464 937 730 1003 futurum,
770 940 940 994 homo
969 950 1153 995 autem
1181 943 1442 1011 quoniam
1489 943 1721 1000 rationis
1781 954 1866 1000 est
1914 947 2215 1017 particeps,
2269 946 2661 1017 consequentia
2704 948 2904 1011 cernit,
2966 946 3235 1016 principia
3277 954 3334 1003 et
3393 960 3587 1000 causas

338 1040 526 1079 rerum
551 1026 724 1088 videt,
756 1041 1063 1096 earumque
1094 1044 1418 1098 progressus
1449 1037 1506 1084 et
1529 1032 1683 1099 quasi
1708 1032 2122 1088 antecessiones
2156 1050 2265 1088 non
2304 1035 2543 1104 ignorat,
2575 1033 2973 1089 similitudines
3013 1042 3319 1102 comparat,
3377 1042 3437 1088 et
3489 1048 3581 1086 re-

339 1113 449 1167 bus
481 1115 852 1182 prmsentibus
882 1117 1132 1187 adjungit
1158 1127 1325 1187 atque
1357 1118 1603 1174 adnectit
1628 1119 1861 1182 futuras,
1889 1121 2048 1177 facile
2076 1123 2247 1178 totius
2278 1123 2402 1178 vitae
2426 1138 2652 1178 cursum
2685 1123 2858 1182 videt.
2893 1122 2957 1176 ad
2990 1137 3224 1191 eamque
3276 1120 3582 1192 degendam

338 1211 617 1270 praeparat
648 1218 738 1256 res
764 1204 1125 1270 necessarias,
1151 1205 1240 1259 vix
1277 1204 1520 1261 hominis
1542 1207 1766 1262 nomine
1794 1209 1994 1278 dignus
2021 1218 2106 1264 est
2133 1211 2227 1280 qui
2261 1210 2525 1265 memoria
2560 1219 2614 1264 et
2671 1210 2999 1280 cogitatione
3050 1209 3192 1263 ultra
3244 1224 3398 1264 suam
3453 1217 3587 1262 aeta-

341 1297 455 1341 tem
486 1303 594 1341 non
624 1289 1001 1359 progreditur.
1036 1295 1112 1346 Ac
1138 1293 1479 1362 praescientia
1519 1310 1706 1350 rerum
1740 1295 2069 1360 futurarum,
2101 1300 2145 1352 si
2175 1313 2281 1367 qua
2329 1306 2436 1363 est,
2489 1296 2660 1352 divini
2712 1296 2896 1365 potius
2952 1310 3076 1351 esse
3125 1295 3368 1350 muneris
3416 1309 3581 1364 quam

338 1373 574 1429 humani
606 1376 812 1446 ingenii
835 1376 1087 1432 creditur
1116 1395 1136 1433 :.
1160 1379 1263 1434 etsi
1301 1396 1410 1436 non
1443 1382 1645 1437 desunt
1675 1383 1769 1452 qui
1791 1384 1874 1438 vel
1910 1392 2105 1439 natura
2134 1385 2344 1439 incitati
2376 1385 2461 1438 vel
2489 1392 2609 1437 arte
2658 1382 2832 1452 adjuti
2854 1382 2938 1438 vel
2994 1397 3095 1437 usu
3150 1397 3338 1436 rerum
3397 1380 3582 1436 cdocti

335 1478 407 1517 ea
440 1464 749 1532 praedicunt
780 1481 902 1534 qua:
932 1467 1109 1521 multo
1139 1478 1262 1536 post
1288 1469 1474 1523 futura
1504 1478 1655 1526 sunt.
1697 1470 1830 1537 Quae
1867 1471 2090 1540 quidem
2120 1471 2353 1526 facultas
2377 1480 2433 1527 et
2478 1472 2645 1525 latius
2691 1479 2903 1538 pateret
2938 1477 2995 1524 et
3030 1469 3205 1523 multo
3265 1477 3411 1523 esset
3461 1467 3590 1522 illu-

337 1551 533 1613 suior,
569 1552 615 1605 si
648 1552 751 1606 tria
785 1552 902 1608 haec
936 1555 989 1609 in
1027 1571 1134 1609 uno
1157 1556 1380 1611 homine
1407 1560 1871 1628 conjungerentur
1901 1575 1915 1612 :
1943 1560 2342 1626 praeteritarum
2369 1575 2552 1614 autem
2584 1560 2856 1630 ignoratio
2882 1559 2936 1612 in
2989 1555 3447 1613 hominelitteris
3501 1556 3588 1610 vel

339 1638 942 1696 mediocriteritnbuto
974 1642 1063 1696 vix
1091 1643 1255 1697 ullam
1288 1643 1454 1700 habet
1477 1644 1911 1701 excusationem.
1947 1646 2136 1716 Neque
2164 1649 2311 1702 enim
2345 1648 2399 1702 in
2436 1649 2558 1712 hac,
2591 1658 2652 1702 ut
2681 1648 2736 1702 in
2768 1648 2880 1710 illa,
2913 1646 2998 1700 vel
3032 1647 3099 1699 de
3141 1644 3243 1699 rei/
3267 1643 3589 1707 difficultate

337 1726 430 1779 vel
456 1725 529 1780 de
549 1736 759 1782 natura:
784 1739 989 1785 nostra:
1017 1730 1393 1787 imbecillitate
1422 1735 1577 1801 queri
1612 1747 1932 1803 possumus,
1960 1734 2053 1788 sed
2077 1734 2163 1789 vel
2198 1735 2394 1803 supina
2427 1733 2760 1804 negligentia
2785 1733 2868 1787 vel
2898 1731 3190 1801 occupatio
3250 1745 3589 1799 supervaca-

339 1828 452 1868 nea
480 1817 566 1871 vel
595 1817 757 1873 inane
791 1814 1096 1888 voluptatis
1126 1819 1371 1875 studium
1392 1822 1611 1889 culpam
1645 1836 1865 1876 omnem
1901 1820 2159 1876 sustinet.
2183 1819 2318 1885 Quis
2349 1819 2500 1872 enim
2544 1819 2790 1872 omnium
2850 1817 3166 1871 mortalium
3232 1816 3304 1870 ita
3355 1814 3591 1885 negotiis

338 1902 607 1957 obruitur
625 1906 781 1973 quin,
808 1906 854 1959 si
880 1920 1086 1975 parcus
1115 1917 1172 1962 et
1197 1907 1445 1976 prudens
1470 1908 1541 1962 sit
1571 1908 1835 1977 temporis
1867 1906 2254 1977 pretiosissimi
2283 1919 2330 1960 et
2355 1905 2995 1975 irreparabilisthesauri
3015 1904 3385 1974 dispensator,
3419 1914 3585 1956 unam

338 1999 515 2060 atque
533 1991 761 2046 alteram
787 1993 982 2047 horam
1021 1994 1253 2065 legendo
1289 1995 1724 2065 meditandoque
1753 1995 1962 2065 absque
1994 1990 2104 2051 ullo
2135 1994 2484 2050 incommodo
2507 1994 2842 2050 valetudinis
2872 2002 2926 2049 et
2950 2009 3137 2048 rerum
3192 2007 3417 2047 suarum
3468 1989 3592 2044 dis-

341 2081 555 2149 pendio
587 2082 836 2152 quotidie
861 2083 1035 2153 possit
1063 2083 1425 2153 impendere?
1458 2084 1725 2139 Videmus
1746 2087 1893 2137 enim
1918 2082 2120 2153 quibus
2146 2086 2329 2153 nugis,
2359 2098 2428 2137 ne
2452 2082 2583 2152 quid
2610 2083 2788 2138 dicam
2826 2082 3069 2152 gravius,
3116 2079 3395 2149 plerisque
3448 2087 3593 2132 tem-

343 2184 455 2238 pus
488 2178 700 2239 pereat,
726 2172 874 2241 quod
906 2173 1070 2239 longe
1102 2175 1308 2229 rectius
1334 2174 1518 2229 studio
1553 2172 1838 2242 sapientia:
1863 2172 2219 2227 tribueretur.
2249 2170 2363 2225 Nec
2392 2170 2593 2241 injuria
2618 2169 2703 2223 vir
2731 2168 3088 2239 gravissimus
3144 2165 3360 2222 Seneca
3413 2163 3595 2219 excla-

345 2265 483 2315 mat.
522 2273 775 2327 magnam
801 2260 929 2315 vita:
958 2272 1167 2329 partem
1191 2261 1330 2315 nihil
1360 2262 1676 2331 agentibus,
1716 2262 1978 2330 majorem
2009 2260 2152 2313 male
2187 2258 2496 2330 agentibus,
2524 2265 2693 2312 totam
2724 2255 2873 2311 aliud
2898 2255 3189 2326 agentibus
3217 2252 3383 2315 elabi,
3414 2264 3595 2320 eoque

347 2343 468 2398 fieri
504 2355 567 2400 u‘.
595 2349 912 2402 necessaria
948 2351 1268 2418 ignoremus
1293 2350 1554 2419 quoniam
1576 2363 1985 2419 supervacanea
2009 2346 2389 2400 didicerimus.
2428 2344 2852 2413 Supervacanea
2888 2356 3058 2412 porro
3088 2339 3345 2411 intelligit
3390 2338 3591 2392 immo-

345 2429 537 2485 dicum
561 2432 925 2502 voluptatum,
951 2436 1200 2501 honoris,
1226 2437 1508 2507 potentiae,
1541 2437 1902 2507 pecuniaeque
1926 2434 2194 2497 studium,
2222 2433 2536 2488 necessaria
2558 2446 2691 2486 vero
2718 2428 3144 2501 philosophiam,
3168 2428 3274 2482 hoc
3299 2436 3382 2482 est
3396 2426 3593 2481 huma-

346 2532 549 2571 narum
577 2518 1004 2592 divinarumque
1039 2540 1221 2579 rerum
1255 2525 1632 2595 cognitionem
1666 2543 1680 2578 :
1707 2541 1829 2593 qua:
1851 2524 1895 2579 si
1928 2523 2023 2578 ulli
2059 2521 2372 2576 mortalium
2400 2517 2639 2590 perfecta
2669 2518 3039 2588 contingeret.
3069 2514 3216 2569 haud
3250 2513 3419 2569 dubie
3477 2526 3596 2566 om-

347 2606 507 2659 nium
530 2607 675 2662 oculi
699 2616 864 2678 atque
896 2610 1066 2665 animi
1099 2610 1153 2665 in
1175 2612 1328 2666 illum
1357 2628 1525 2668 unum
1549 2621 1811 2682 tanquam
1845 2611 2010 2666 deum
2034 2608 2324 2678 quemdam
2358 2615 2835 2662 converterentur.
2866 2604 3027 2660 Nunc
3045 2603 3173 2673 quia
3206 2616 3406 2657 nomen
3431 2602 3596 2654 inane

349 2692 510 2747 multi
531 2694 808 2763 jactitant,
841 2699 1099 2766 perpauci
1130 2715 1262 2753 vero
1287 2700 1360 2754 ita
1399 2708 1534 2753 sunt
1568 2699 1762 2753 morati
1788 2708 1849 2753 ut
1880 2706 2029 2752 recta
2054 2696 2193 2751 ratio
2223 2695 2483 2764 postulat,
2525 2692 2584 2747 fit
2613 2703 2675 2748 ut
2725 2707 2814 2747 res
2865 2691 2982 2760 ipsa
3041 2690 3206 2760 vulgo
3233 2704 3340 2743 non
3389 2686 3589 2742 intelli-

346 2787 604 2848 gatur,et
636 2797 838 2837 nomen
864 2786 1117 2839 odiosum
1150 2801 1302 2854 teque
1333 2795 1499 2856 atque
1525 2786 1820 2841 ridiculum
1851 2784 2141 2841 habeatur.
2201 2784 2372 2855 quue
2393 2782 2541 2838 haud
2592 2783 2708 2838 scio
2760 2772 2925 2851 quam
2992 2789 3161 2835 recte.
3218 2779 3406 2848 Neque
3446 2777 3596 2832 enim

349 2865 664 2936 disciplina:
688 2877 785 2924 aut
818 2871 945 2924 vita:
978 2887 1152 2942 genus
1178 2873 1250 2926 ob
1286 2872 1576 2928 hominum
1599 2872 1877 2930 inscitiam
1909 2885 2003 2932 aut
2032 2875 2449 2947 perversitatem
2471 2873 2595 2944 jure
2628 2870 2981 2927 traducitur:
3015 2877 3073 2924 et
3095 2867 3191 2939 qui
3236 2864 3343 2922 tam
3398 2881 3592 2922 severe

340 2952 623 3023 judicant,
659 2970 727 3009 ne
750 2959 1082 3027 semetipsos
1106 2960 1356 3028 quidem,
1391 2961 1496 3015 nisi
1525 2962 1727 3016 mentis
1753 2976 1948 3018 errore
1987 2963 2325 3027 afficiantur,
2362 2959 2698 3032 probabunt.
2724 2958 2989 3014 ﬂamines
3018 2956 3168 3013 enim
3193 2964 3324 3011 sunt
3358 2962 3421 3009 ut
3482 2968 3589 3008 cte-

350 3040 481 3103 teri,
512 3051 570 3095 et
599 3041 796 3096 iisdem
826 3043 1114 3101 alfectibus
1137 3047 1364 3102 obnoxii
1400 3067 1412 3101 :
1441 3056 1499 3104 et
1522 3064 1718 3119 parum
1743 3050 1972 3105 liberale
1999 3061 2085 3106 est
2115 3065 2286 3106 unum
2315 3058 2482 3120 atque
2505 3049 2743 3103 alterum
2773 3059 2988 3104 naevum
3021 3045 3302 3115 exagitare
3337 3041 3598 3097 dissimu-
3660 3084 3667 3095 .

347 3128 482 3182 latis
519 3130 848 3191 virtutibus,
874 3148 1110 3202 quarum
1140 3135 1195 3189 in
1218 3135 1565 3205 philosophis
1602 3152 1716 3191 non
1763 3137 1993 3193 minima
2052 3148 2138 3194 est
2191 3137 2441 3194 studium
2486 3133 2807 3206 inquirendi
2849 3131 2968 3189 veri
3029 3141 3088 3186 et
3133 3128 3593 3184 moderandarum

348 3216 745 3282 cupiditatum,
771 3230 833 3275 ut
865 3220 1006 3276 intra
1036 3229 1246 3278 naturae
1291 3225 1675 3294 praescriptum
1727 3233 2110 3288 coerceantur,
2161 3223 2473 3294 eodemque
2526 3236 2628 3293 pro
2677 3235 2776 3276 sua
2846 3217 2995 3274 virili
3047 3213 3388 3287 producendi
3429 3228 3595 3283 quam

347 3304 646 3373 plurimos.
679 3307 967 3365 Postulare
999 3319 1183 3367 autem
1206 3321 1268 3367 ut
1297 3312 1336 3366 ii
1362 3327 1484 3368 sese
1514 3313 1653 3367 infra
1684 3327 1877 3368 omnes
1900 3313 2118 3368 infimos
2158 3310 2412 3366 homines
2470 3309 2752 3381 abjiciant,
2811 3315 2869 3362 et
2909 3306 2966 3360 in
3011 3304 3275 3360 extremis
3333 3300 3598 3358 sordibus

344 3388 684 3462 Cynicorum
712 3408 870 3451 more
903 3397 1112 3464 vivant,
1137 3399 1393 3456 immanis
1410 3409 1497 3456 est
1519 3400 1753 3456 inscitiae
1787 3408 1954 3471 atque
1976 3399 2267 3470 superbia.
2304 3397 2410 3454 sed
2442 3397 2510 3453 ad
2535 3396 2824 3453 historiam
2856 3394 3045 3458 redeo,
3093 3408 3219 3464 qua:
3270 3407 3395 3447 cum
3443 3404 3596 3444 cras-

349 3479 472 3533 sior
498 3482 750 3550 quaedam
785 3483 1131 3556 philosophia
1159 3488 1250 3552 sit,
1280 3495 1336 3543 et
1365 3488 1631 3558 exemplis
1659 3491 1843 3558 potius
1866 3504 2030 3558 quam
2066 3487 2376 3542 rationibus
2401 3489 2570 3542 vitam
2603 3485 2822 3542 civilem
2877 3499 2944 3540 ac
2990 3484 3260 3553 privatam
3318 3479 3596 3541 instituat,

348 3582 466 3621 non
497 3569 731 3625 dubium
749 3580 836 3626 est
871 3573 1008 3642 quin
1035 3590 1285 3645 magnam
1319 3575 1520 3631 habeat
1555 3575 1854 3630 utilitatem
1884 3590 2011 3630 cum
2040 3590 2253 3631 summa
2280 3573 2553 3629 suavitate
2579 3573 2952 3644 conjunctam.
2973 3570 3035 3625 In
3086 3584 3195 3639 qua
3230 3580 3352 3637 quae
3400 3563 3597 3634 preci-

356 3669 470 3724 pue
502 3656 845 3715 observanda
884 3660 1016 3727 sint,
1039 3660 1341 3731 prudenter
1369 3660 1559 3717 Livius
1588 3661 1675 3717 his
1712 3661 1901 3719 verbis
1933 3670 2119 3717 monet
2147 3680 2162 3714 :
2198 3680 2217 3713 ι
2247 3661 2327 3717 Ad
2359 3662 2450 3717 illa
2473 3661 2606 3716 mihi
2638 3675 2738 3730 pro
2769 3674 2829 3715 se
2854 3659 3086 3728 quisque
3111 3657 3314 3710 acriter
3346 3650 3598 3707 intendat

352 3745 629 3812 animum,
663 3763 786 3817 quae
815 3750 948 3814 vita,
976 3752 1070 3819 qui
1104 3766 1285 3806 mores
1307 3749 1534 3814 fuerint,
1558 3765 1659 3821 per
1680 3765 1821 3820 quos
1851 3751 2001 3807 viros
2024 3753 2339 3823 quibusque
2367 3751 2582 3807 artibus
2609 3749 2759 3806 domi
2805 3747 3141 3819 militiaeque,
3172 3754 3230 3799 et
3275 3749 3496 3814 partum
3541 3749 3602 3796 et

352 3845 582 3887 auctum
609 3834 898 3904 imperium
923 3836 1016 3894 sit.
1052 3836 1300 3892 Lubente
1352 3837 1552 3892 deinde
1607 3838 1871 3908 paulatim
1919 3840 2228 3912 disciplina,
2290 3843 2443 3898 velut
2492 3840 2823 3897 dissidentes
2870 3838 3048 3910 primo
3089 3849 3273 3891 mores
3332 3837 3604 3902 sequatur

351 3923 568 3983 animo,
588 3921 791 3978 deinde
824 3932 886 3979 ut
912 3923 1086 3994 magis
1118 3925 1402 3994 magisque
1428 3924 1565 3994 lapsi
1588 3925 1720 3991 sint,
1747 3933 1862 3980 tum
1889 3927 1969 3983 ire
2003 3929 2274 3997 coeperint
2298 3927 2636 3997 praecipites,
2667 3927 2846 3981 donec
2878 3923 2945 3978 ad
2969 3923 3088 3979 haec
3130 3922 3401 3990 tempdra,
3473 3916 3603 3986 qui‘

352 4010 462 4062 bus
498 4024 602 4063 nec
629 4010 762 4065 vitia
789 4018 981 4065 nostra
1016 4026 1118 4066 nec
1138 4011 1382 4066 remedia
1418 4011 1527 4082 pati
1555 4027 1873 4082 possumus,
1906 4023 2129 4070 ventum
2160 4021 2264 4069 est.
2293 4013 2409 4069 Hoc
2436 4013 2571 4069 illud
2591 4023 2677 4069 est
2706 4011 2979 4083 praecipue
3021 4009 3080 4063 in
3140 4004 3452 4077 cognitione
3506 4017 3599 4055 re-

356 4111 484 4148 rum
521 4096 743 4153 salubre
772 4112 838 4152 ac
866 4097 1215 4170 frugiferum,
1236 4097 1416 4152 omnis
1444 4106 1495 4153 te
1518 4098 1755 4169 exempli
1780 4100 2111 4156 documenta
2148 4101 2201 4154 in
2225 4101 2426 4156 illustri
2458 4099 2633 4171 posita
2666 4098 3008 4153 monimento
3036 4093 3242 4149 intueri
3270 4108 3284 4147 :
3322 4089 3450 4146 inde
3498 4086 3601 4143 tibi

354 4191 579 4252 tuaeque
602 4183 682 4238 rei
716 4184 955 4254 publica:
989 4183 1136 4254 quod
1159 4184 1376 4240 imitere
1406 4184 1613 4254 capias,
1650 4185 1778 4240 inde
1804 4185 2013 4242 foedum
2050 4189 2299 4258 inceptu,
2328 4188 2535 4243 {tadum
2580 4185 2754 4249 exitu,
2821 4184 2969 4255 quod
3017 4182 3180 4236 vites.
3248 4197 3267 4231 ι
3321 4176 3604 4232 Hactenus

352 4270 474 4326 ille.
512 4267 620 4325 Sed
643 4280 700 4326 et
727 4271 947 4336 Cicero,
984 4274 1351 4342 praeterquam
1380 4271 1526 4342 quod
1560 4272 1638 4327 ait
1673 4290 1691 4323 ι
1722 4274 1934 4329 nescire
1967 4274 2099 4345 quid
2126 4284 2288 4331 antea
2315 4291 2481 4347 quam
2518 4284 2683 4330 natus
2708 4274 2784 4329 sis
2806 4269 3092 4334 acciderit,
3143 4268 3197 4324 id
3249 4274 3335 4322 est
3382 4279 3603 4332 semper

351 4372 482 4411 esse
510 4372 767 4426 puerum,
793 4378 811 4410 ι
841 4358 1053 4429 magnis
1074 4369 1238 4414 ornat
1272 4358 1532 4415 laudibus
1554 4359 1863 4428 historiam,
1893 4379 2020 4418 cum
2047 4370 2245 4419 testem
2278 4372 2611 4433 temporum,
2634 4361 2815 4417 lucem
2847 4357 3117 4422 veritatis,
3173 4354 3345 4409 vitam
3391 4366 3602 4408 memo-

353 4445 477 4511 riae,
507 4446 825 4516 magistram
856 4448 1002 4513 vitae,
1036 4447 1285 4501 nuntiam
1311 4448 1602 4503 vetustatis
1628 4450 1888 4519 appellat.
1907 4450 2039 4518 Quae
2060 4466 2186 4507 cum
2224 4465 2359 4507 vera
2383 4465 2506 4506 esse
2535 4464 2645 4506 non
2679 4462 2874 4519 negem
2898 4446 3102 4517 (neque
3130 4443 3278 4500 enim
3330 4453 3602 4512 quorum-

352 4534 484 4587 dam
515 4533 766 4590 fabulosa
803 4543 1112 4590 commenta
1141 4549 1258 4590 rem
1283 4536 1457 4604 ipsam
1489 4550 1847 4606 corrumpere
1874 4538 2154 4607 possunt),
2193 4547 2399 4605 tamen,
2431 4537 2478 4594 si
2514 4535 2751 4591 maxima
2781 4550 2848 4590 ex
2877 4541 3032 4604 parte
3068 4531 3315 4587 omnium
3379 4536 3602 4584 aetatum

354 4622 614 4684 consilia,
639 4632 783 4685 acta,
816 4636 1046 4678 eventus
1074 4623 1431 4688 aestimemus,
1465 4622 1594 4692 quid
1625 4633 1709 4678 est
1736 4624 1886 4679 aliud
1918 4625 2151 4681 historia
2220 4640 2385 4696 quam
2443 4626 2637 4695 ingens
2695 4621 2970 4693 quoddam
3020 4620 3244 4690 pelagus
3300 4633 3365 4673 ac
3418 4617 3608 4686 potius

352 4708 709 4779 naufragium
738 4708 1056 4764 miserabile
1077 4708 1331 4763 humana:
1351 4710 1621 4776 stultitiae,
1654 4710 2024 4778 improbitatis
2044 4725 2101 4769 et
2132 4713 2391 4778 miseriae,
2420 4721 2476 4768 et
2496 4710 2783 4782 speculum
2806 4710 2966 4779 longe
2992 4707 3266 4763 illustrius
3305 4704 3432 4759 vitae
3492 4702 3595 4773 pri-

354 4806 501 4851 vatae
522 4806 580 4851 et
603 4796 861 4866 politicae,
898 4811 1065 4867 quam
1095 4796 1203 4851 ulla
1239 4797 1511 4853 comoedia
1537 4807 1632 4852 aut
1668 4799 1932 4869 tragmdia
1949 4801 1974 4855 ἲ
1990 4800 2122 4867 Quae
2147 4800 2406 4870 cogitatio
2427 4799 2482 4853 in
2505 4799 2670 4871 hujus
2697 4797 2881 4869 operis
2901 4794 3318 4851 elucubratione
3341 4800 3611 4862 perpetuo

355 4884 621 4938 sensibus
639 4892 806 4953 atque
837 4884 1025 4937 animo
1058 4899 1183 4938 meo
1212 4884 1499 4939 obversata
1534 4895 1639 4940 est.
1665 4884 1792 4940 Sive
1822 4886 1971 4940 enim
1997 4904 2151 4944 sacra
2168 4889 2284 4943 sive
2311 4887 2558 4957 profana,
2603 4886 2719 4942 sive
2779 4900 2921 4940 nova
2943 4883 3060 4939 sive
3104 4891 3293 4936 vetera
3347 4891 3608 4933 occurre-

354 4979 510 5037 rent,
543 4972 660 5026 sive
682 4970 906 5026 Hebrtea
927 4969 1044 5026 sive
1063 4970 1250 5027 Graeca
1275 4980 1665 5038 tractarentur,
1693 4973 1957 5028 cramben
1981 4974 2232 5030 eamdem
2260 4974 2457 5044 repeti,
2479 4972 2813 5029 cantinelam
2837 4970 3091 5026 eamdem
3136 4966 3260 5022 cani
3309 4964 3563 5019 videbam
3589 4979 3606 5017 :

356 5059 548 5114 omnia
574 5060 734 5130 plena
757 5069 1092 5126 erratorum,
1128 5061 1425 5125 scelerum,
1457 5061 1736 5127 fraudum,
1772 5062 2207 5128 mendaciorum,
2232 5062 2658 5133 praestigiarum.
2724 5071 3125 5120 aerumnarum,
3171 5052 3605 5113 dissensionum,

356 5140 624 5213 aedium,
650 5148 1018 5204 excidiorum.
1054 5148 1122 5206 Ut
1144 5165 1237 5205 res
1261 5150 1380 5220 ipsa
1415 5150 1637 5205 abunde
1664 5149 1883 5217 doceat,
1915 5153 2216 5206 humanum
2248 5151 2528 5222 ingenium
2584 5149 2677 5212 ab.
2702 5151 2824 5218 ipso
2882 5154 3007 5201 ortu
3057 5158 3183 5200 esse
3224 5142 3605 5211 depravatum,

356 5251 545 5308 neque
572 5236 794 5292 inanem
830 5237 1109 5293 exstitisse
1143 5237 1386 5292 divinam
1422 5237 1883 5301 exsecrationem,
1914 5252 2041 5293 cum
2068 5238 2276 5307 ubique
2315 5237 2484 5292 sudor
2524 5236 2728 5300 vultus,
2777 5234 2985 5303 ubique
3036 5228 3232 5285 tribuli
3289 5236 3347 5281 et
3410 5225 3604 5294 spinae,

359 5325 573 5394 ubique
597 5325 874 5395 serpentis
902 5324 1120 5379 insidiae
1147 5334 1471 5395 appareant.
1502 5325 1641 5380 Boni
1664 5333 1722 5380 et
1750 5325 2029 5396 simplices
2056 5324 2215 5395 pauci
2254 5333 2384 5379 sunt
2411 5340 2427 5377 :
2459 5332 2516 5378 et
2550 5323 2597 5378 si
2626 5323 2720 5392 qui
2749 5330 2900 5383 sunt,
2926 5319 2965 5373 ii
2990 5318 3127 5373 alias
3152 5332 3252 5387 per
3282 5311 3595 5383 impruden-

358 5413 499 5466 tiam
534 5412 593 5465 in
632 5411 847 5466 facinus
873 5419 1062 5476 ruunt,
1088 5411 1224 5466 alias
1255 5411 1414 5467 malis
1437 5413 1704 5483 exemplis
1724 5420 2179 5483 corrumpuntur,
2235 5412 2423 5467 aliasa
2470 5412 2706 5465 maximo
2761 5406 3139 5477 improborum
3189 5411 3245 5457 et
3277 5398 3602 5456 callidorum

357 5515 604 5557 numero
624 5500 1040 5570 opprimuntur.
1073 5499 1142 5554 Et
1172 5515 1489 5570 quanquam
1511 5510 1723 5557 natura:
1752 5501 2038 5556 hominum
2071 5501 2184 5557 duo
2210 5499 2444 5570 insignia
2476 5512 2723 5562 munera,
2752 5496 2986 5551 facultas
3012 5492 3244 5547 rationis
3289 5499 3346 5545 et
3395 5488 3604 5544 oratio-
3632 5547 3636 5551 ,

357 5594 447 5643 nis
466 5587 734 5642 divinitus
763 5596 895 5642 sunt
920 5601 1206 5652 concessa,
1234 5588 1439 5657 quibus
1471 5588 1541 5643 ad
1575 5588 2061 5659 contemplandum
2121 5598 2179 5645 et
2225 5586 2620 5645 celebrandum
2660 5586 2826 5656 hujus
2879 5580 3254 5637 universitatis
3311 5576 3605 5647 Opificem.

356 5686 415 5731 et
439 5676 511 5730 ad
535 5673 798 5729 tuendam
827 5690 895 5730 ac
920 5674 1223 5746 juvandam
1254 5675 1541 5730 hominum
1570 5677 1719 5731 inter
1751 5676 1900 5747 ipsos
1924 5679 2374 5734 communitatem
2396 5672 2664 5731 utendum
2688 5681 2829 5734 erat,
2887 5670 2941 5724 in
2997 5668 3210 5724 nullum
3264 5671 3379 5724 fere
3435 5666 3606 5720 alium

361 5778 528 5819 usum
549 5776 581 5816 a
604 5761 887 5832 plerisque
917 5775 982 5817 ea
1017 5763 1267 5818 converti
1295 5762 1572 5829 videmus,
1602 5762 1710 5818 nisi
1746 5763 1819 5819 ad
1846 5763 2158 5833 expeditius
2186 5759 2488 5818 fallendum
2517 5767 2577 5814 et
2617 5757 2958 5820 nocendum,
3011 5764 3070 5812 et
3117 5756 3439 5810 vastitatem
3494 5750 3605 5807 efll-

359 5848 644 5907 ciendam.
665 5849 871 5906 Annon
925 5849 1003 5905 ita
1039 5849 1367 5920 plerumque
1391 5849 1620 5915 vivitur.
1650 5859 1712 5907 ut
1737 5850 2201 5918 quemadmodum
2227 5849 2358 5906 ferre
2384 5847 2437 5903 in
2456 5844 2757 5903 solitudine
2783 5855 2840 5905 et
2870 5844 3046 5907 silvis.
3101 5844 3278 5904 pisces
3328 5842 3384 5898 in
3425 5838 3600 5896 flumi-
