4098 6418
539 417 607 485 31
798 431 814 438 ”
1781 423 2157 484 ΗῙΕΗΟΝΥΝ

2173 423 2237 480 Π.
2265 424 2550 483 \VOLFII
3721 421 3791 483 32

540 531 704 585 nibus
727 539 784 586 et
812 531 974 598 mari,
1005 532 1260 588 volucres
1291 533 1346 588 in
1379 533 1663 590 immensis
1685 533 1794 590 illis
1817 534 1963 588 acris
1995 534 2207 601 spatiis,
2242 549 2435 602 magna
2463 548 2528 584 ex
2557 541 2710 600 parte
2741 532 2899 600 quasi
2927 542 3137 587 naturae
3161 532 3396 602 quatiam
3437 533 3556 602 lege
3622 533 3798 589 imbe-

538 618 782 675 cilliores
806 622 1130 690 opprimunt
1159 631 1215 676 et
1240 621 1532 685 devorant,
1569 621 1642 676 ita
1668 622 1834 676 etiam
1867 622 1918 674 in
1955 631 2146 675 nostro
2179 636 2382 690 genere
2407 619 2750 675 callidissimi
2785 629 2841 674 et
2877 621 3246 690 potentissimi
3275 623 3482 692 quique
3550 622 3800 678 imbecil-

537 703 746 760 litatem
783 713 840 761 et
863 706 1275 776 simplicitatem
1311 717 1638 762 caeterorum
1676 709 1730 762 in
1765 723 1920 763 suam
1948 707 2190 777 praedam
2227 707 2797 775 vcrtunt.aliquando
2821 709 2988 762 etiam
3021 709 3141 762 sine
3168 709 3376 772 fructu,
3433 709 3565 777 quid
3615 709 3796 765 fructu

539 791 706 846 dico?
751 792 864 846 imo
916 794 1082 848 etiam
1131 810 1256 848 eum
1299 795 1544 864 periculo
1571 796 2009 849 etincommodo
2044 810 2144 848 suo
2177 795 2302 848 aliis
2344 803 2576 858 nocent;
2644 793 2808 863 idque
2863 810 2987 849 cum
3037 795 3270 858 faciunt,
3329 797 3482 862 quasi
3534 811 3593 851 re
3656 797 3798 852 bene

536 887 690 947 gesta
712 879 1042 949 gloriantur.
1069 880 1281 936 Interea
1303 882 1540 952 theologi
1563 883 1630 937 de
1655 883 1807 953 justo
1845 882 1940 936 Dei
1977 882 2211 952 jnlicio,
2261 882 2330 936 tle
2379 881 2620 951 pra-miis
2675 882 2914 950 piorum,
2948 882 3016 937 de
3078 883 3368 954 suppliciis
3422 883 3797 953 improborum

538 965 982 1032 concionantur;
1018 983 1146 1021 eum
1174 969 1278 1038 ipsi
1303 985 1447 1031 sese,
1485 970 1641 1038 quasi
1671 970 1962 1040 terrigena:
1987 970 2061 1024 illi
2091 969 2313 1030 fratres,
2355 967 2535 1022 acutis
2579 969 2922 1023 exacerbata;
2963 969 3160 1037 lingtue
3219 970 3552 1040 pugionibus
3603 972 3797 1025 confo-

541 1050 722 1116 diant,
751 1054 1120 1124 eumdemque
1143 1057 1393 1110 morbum
1423 1057 1476 1110 in
1509 1056 1708 1111 animis
1736 1057 2054 1112 auditorum
2088 1068 2418 1127 propagent,
2446 1067 2502 1110 ut
2532 1056 2675 1111 haud
2713 1057 2919 1128 injuria
2967 1059 3210 1114 dubitari
3267 1069 3435 1128 queat
3493 1077 3560 1114 an
3593 1099 3634 1115 ..
3699 1063 3794 1116 sed

539 1140 968 1208 temperandum
994 1143 1325 1206 estcalamo,
1353 1159 1420 1198 ne
1449 1142 1565 1213 ipse.
1594 1143 1648 1196 in
1675 1143 1820 1198 idem
1853 1144 2052 1198 vitium
2083 1144 2342 1200 incidam.
2365 1146 2682 1215 Philosophi
2716 1145 2784 1200 de
2818 1145 3012 1201 officiis
3046 1147 3396 1216 praecipiunt,
3457 1156 3510 1202 et
3574 1147 3674 1216 ipsi
3727 1147 3797 1200 ah

535 1224 717 1280 oilicio
750 1243 893 1297 saepe
923 1228 1216 1284 discedunt
1261 1248 1278 1287 :
1321 1247 1498 1299 neque
1553 1231 1667 1286 fere
1715 1247 1945 1302 usquam
1997 1232 2120 1300 plus
2158 1243 2244 1289 est
2289 1234 2504 1304 injuri-.e
2559 1249 2724 1302 quam
2775 1234 2866 1288 ubi
2893 1235 3038 1304 juris
3083 1234 3408 1304 plurimum,
3455 1250 3635 1304 neque
3675 1234 3798 1302 plus

537 1315 855 1368 morborum
907 1331 1071 1385 quam
1127 1319 1180 1372 in
1229 1317 1387 1388 copia
1437 1319 1832 1382 remediorum,
1893 1336 2162 1390 nusquam
2216 1322 2338 1391 plus
2403 1321 2742 1391 paupertatis
2790 1337 2954 1391 quam
3012 1322 3064 1376 in
3107 1323 3339 1377 summis
3390 1323 3612 1392 opibus,
3659 1337 3796 1376 nus-

535 1415 700 1470 quam
757 1402 884 1472 plus
943 1403 1234 1460 dementiae
1289 1421 1454 1475 quam
1505 1405 1559 1460 in
1615 1421 1830 1462 summa
1902 1409 2182 1476 sapientia:
2251 1409 2628 1478 persuasione.
2683 1407 2816 1474 Quae
2870 1409 3094 1478 quidem
3159 1409 3429 1480 sapientia
3497 1421 3799 1464 consuetu-

533 1487 685 1543 diuis
741 1491 1096 1556 inveteratae,
1161 1502 1512 1564 acceptaeque
1567 1509 1600 1548 a
1668 1495 1970 1565 majoribus
2042 1496 2360 1564 opinionis,
2418 1505 2474 1550 et
2548 1497 2894 1551 auctoritatis
2970 1498 3358 1567 magistrorum
3424 1497 3799 1552 fundamentis

536 1573 684 1630 haud
739 1577 854 1632 seio
919 1593 1083 1646 quam
1148 1579 1325 1635 ﬁrmis
1381 1580 1660 1636 innititur.
1710 1581 1849 1636 Hinc
1920 1581 2134 1636 infinita
2194 1583 2282 1636 illa
2334 1581 2560 1635 dissidia
2631 1583 2998 1652 religionum,
3061 1583 3473 1646 dertrinarum,
3538 1599 3796 1646 morum,

538 1661 947 1726 institutorum,
997 1673 1054 1719 et
1113 1678 1341 1737 propter
1395 1668 1718 1738 opinionum
1785 1669 1886 1738 (rei
1949 1669 2260 1735 levissimte)
2323 1668 2704 1722 diversitatem
2769 1669 3034 1736 capitales
3097 1669 3440 1732 inimicitia.
3495 1670 3798 1726 seditiones

537 1750 880 1818 perniciosae,
927 1752 1179 1823 bellaque
1240 1755 1611 1810 atrocissima.
1675 1755 1821 1810 lnter
1870 1755 1986 1810 haec
2043 1756 2135 1809 alii
2184 1755 2447 1818 fremunt.
2505 1755 2597 1808 alii
2647 1765 2896 1824 gemunt,
2953 1756 3122 1824 aliqui
3175 1755 3374 1820 rident,
3435 1757 3591 1812 multi
3641 1756 3795 1819 flent,

536 1837 722 1906 plures
747 1839 1123 1910 indignantur,
1159 1841 1406 1912 plerique
1439 1858 1636 1897 omnes
1680 1852 2122 1912 conqucruntur.
2161 1842 2333 1896 Nemo
2355 1858 2465 1896 non
2503 1843 2682 1896 aliena
2729 1841 2860 1896 vitia
2919 1842 3186 1912 perspicit
3241 1852 3298 1895 et
3359 1846 3636 1912 exag'tat;
3695 1858 3794 1895 sua

534 1941 668 1980 vero
692 1927 839 1981 serio
869 1937 926 1981 et
949 1937 1270 1982 constanter
1294 1931 1552 1984 emendat
1578 1929 1693 1984 fere
1715 1945 1900 1992 nemo,
1936 1939 2030 1984 aut
2053 1945 2186 1982 sane
2220 1929 2540 1999 paucissimi
2575 1929 2665 1982 :in
2697 1944 2808 1996 quo
2857 1930 3058 1998 exiguo
3103 1945 3264 1999 grege
3312 1931 3523 1984 utinam
3575 1940 3631 1982 et
3687 1944 3794 1998 ego

536 2013 808 2082 tneipsum
833 2029 1126 2070 numerare
1155 2019 1409 2086 possem!
1447 2017 1556 2072 Sed
1590 2018 1778 2072 nescio
1799 2033 1909 2087 quo
1941 2027 2104 2086 pacto
2127 2016 2396 2085 exemplis
2419 2016 2592 2085 magis
2620 2030 2814 2070 omnes
2841 2016 3114 2070 trahimur
3140 2032 3304 2086 quam
3367 2015 3660 2085 disciplina
3730 2026 3789 2070 et

535 2100 770 2161 ratione,
795 2101 891 2154 καὶ
927 2101 1015 2155 τὸν
1043 2103 1364 2174 ἐπιχώριον,
1396 2115 1457 2158 ut
1493 2105 1893 2175 Aristophanes
1925 2105 2022 2166 ait,
2049 2108 2153 2156 ἀσκ

2170 2103 2334 2171 οὓμεν
2359 2104 2580 2172 τρόπον.
2619 2103 2783 2157 Pauci
2814 2104 2963 2157 enim
2992 2118 3056 2158 ea
3083 2113 3206 2158 sunt
3241 2105 3324 2159 vel
3372 2104 3666 2175 prudentia
3703 2105 3788 2158 vel

535 2187 843 2242 animorum
881 2190 1192 2246 constantia
1225 2191 1466 2262 praediti,
1493 2202 1553 2246 ut
1578 2209 1703 2248 eum
1735 2193 1886 2248 vitiis
1921 2203 1978 2246 et
2007 2192 2296 2247 erroribus
2335 2206 2562 2244 suorum
2597 2199 2910 2260 temporum
2937 2207 3181 2263 pugnare
3212 2193 3448 2262 possint.
3493 2193 3568 2246 lla
3632 2193 3788 2262 quasi

534 2273 646 2329 fato
671 2275 904 2344 quodam
938 2277 1254 2348 praecipites
1277 2279 1329 2334 in
1360 2280 1491 2336 vitia
1519 2281 1755 2347 ruimus,
1787 2290 1844 2336 et
1867 2297 1934 2336 ex
1965 2281 2111 2336 vitiis
2138 2281 2194 2334 in
2219 2279 2586 2334 calamitates.
2613 2279 2746 2344 Quae
2776 2280 3012 2335 fortasse
3062 2281 3248 2334 minus
3294 2281 3482 2336 multa:
3517 2292 3615 2335 aut
3675 2282 3785 2335 sal-

535 2373 644 2416 tem
680 2364 919 2420 leviores
941 2375 1150 2430 essent,
1173 2367 1220 2422 si
1251 2377 1462 2424 rectam
1493 2369 1762 2422 rationem
1795 2378 1851 2423 et
1891 2368 2136 2438 reliquos
2167 2367 2348 2422 adhuc
2378 2365 2433 2420 in
2469 2375 2663 2419 natura
2709 2377 2901 2420 nostra
2956 2367 3161 2422 divinae
3207 2367 3351 2422 lucis
3399 2368 3672 2438 igniculus
3730 2369 3786 2422 iu

535 2451 703 2504 tantis
722 2451 956 2509 fortuna:
987 2454 1232 2510 tenebris
1258 2466 1518 2526 tanquam
1553 2455 1907 2510 fidelissimos
1929 2454 2100 2510 duces
2125 2469 2517 2524 sequeremur.
2549 2451 2708 2518 Quod
2735 2454 2781 2506 si
2807 2453 2984 2518 ﬁeret,
3015 2470 3126 2510 non
3159 2455 3325 2510 toties
3352 2455 3522 2510 fatum
3555 2455 3690 2511 fatui
3731 2465 3792 2512 et

531 2555 732 2594 caecam
757 2541 1036 2597 fortunam
1061 2543 1190 2598 caeci
1226 2557 1638 2606 accusaremus,
1661 2558 1839 2613 neque
1881 2553 2106 2598 nostros
2131 2557 2356 2597 errores
2385 2551 2443 2594 et
2471 2540 2606 2594 vitia
2653 2541 2910 2596 obscuris
2966 2542 3299 2611 quibusdam
3341 2543 3662 2599 nominibtts
3696 2560 3794 2599 ve-

530 2623 789 2684 laremus.
815 2629 972 2685 Nulla
997 2629 1224 2701 quidem
1257 2639 1342 2687 est
1370 2628 1426 2685 in
1464 2631 1628 2686 terris
1664 2630 1746 2684 vel
1769 2629 2056 2700 sapientia:
2086 2626 2172 2681 vel
2202 2625 2429 2680 virtutis
2457 2623 2754 2694 perfectio,
2779 2633 2836 2680 et
2859 2624 3066 2681 frustra
3103 2626 3442 2682 describitur
3492 2627 3650 2683 nobis
3699 2629 3792 2683 ille

529 2714 622 2784 qui
651 2717 798 2787 apud
841 2717 1127 2774 Horatium
1165 2735 1180 2774 :

1997 2833 2111 2888 Uno
2150 2832 2323 2884 minor
2361 2837 2436 2882 est
2472 2827 2596 2882 love
2625 2840 2645 2879 :
2684 2830 2848 2891 dives,

1495 2903 1672 2964 Lil'er.
1702 2905 2012 2968 honoratus,
2036 2901 2273 2973 pulcher,
2315 2914 2409 2952 rex
2435 2900 2656 2968 denique
2687 2915 2892 2970 regum,

1483 2974 1762 3044 Prteripue
1787 2991 1975 3039 sanus,

498 3119 623 3174 _aut
647 3107 787 3179 apud
817 3107 1053 3164 Gellium
1081 3107 1384 3172 ἀκώλυτος,
1421 3108 1804 3172 ἀνεκὸιαστος,
1835 3109 2116 3177 ἀπαρεμπι

2177 3122 2337 3170 Latoe,
2368 3103 2676 3171 ἐλεύθερος,
2710 3101 2970 3175 εὔπορος,
3003 3105 3302 3174 εὐδαίμων.
3340 3107 3550 3174 Qualis,
3585 3117 3643 3164 ttt
3671 3111 3795 3179 opi-

525 3209 650 3259 nor,
679 3209 844 3250 nemo
877 3210 1118 3264 unquam
1167 3193 1271 3248 fuit
1312 3210 1494 3264 neque
1533 3193 1758 3250 futurus
1789 3203 1894 3250 est.
1927 3194 2200 3249 Omnibus
2244 3196 2415 3258 enim,
2446 3193 2592 3262 quod
2640 3195 2912 3264 satyricus
2948 3195 3222 3264 perfacete
3263 3195 3434 3260 addit,
3470 3213 3578 3253 non
3626 3199 3793 3254 modo

525 3281 747 3351 pituita,
782 3281 880 3335 sed
911 3280 1046 3336 ﬂava
1073 3289 1128 3336 et
1152 3291 1268 3336 atra
1311 3281 1436 3338 bilis
1455 3282 1752 3352 aliquando
1781 3283 2013 3338 molesta
2048 3291 2156 3336 est.
2193 3281 2350 3347 Quod
2383 3281 2592 3334 utinam
2624 3281 2808 3335 minus
2839 3281 3034 3336 crebro
3061 3291 3118 3337 et
3155 3283 3208 3336 in
3239 3282 3402 3338 dictis
3431 3293 3489 3338 et
3534 3284 3588 3339 in
3628 3285 3794 3343 factis

525 3367 1104 3440 pmstantissimorum
1136 3368 1382 3424 virorum
1413 3378 1734 3424 cerneretur
1766 3369 2020 3439 lAlioqui
2051 3369 2359 3425 doctrinam
2395 3368 2706 3422 divinarum
2733 3368 3206 3438 humanarumque
3240 3386 3420 3424 rerum
3444 3382 3501 3426 et
3528 3373 3794 3444 integrio-

528 3472 644 3510 rem
680 3463 737 3510 et
770 3455 954 3510 minus
987 3466 1400 3511 controversam
1430 3465 1483 3511 et
1516 3458 1690 3511 multo
1719 3457 2117 3526 expeditiorem
2145 3456 2502 3521 haberemus,
2534 3465 2591 3510 et
2615 3456 2726 3510 vita
2751 3457 3068 3512 mortalium
3092 3458 3352 3512 aerumnis
3377 3459 3536 3528 longe
3569 3461 3794 3528 paucio-

524 3541 680 3594 ribus
720 3548 1086 3610 premeretur.
1131 3541 1236 3596 Sed
1271 3549 1476 3596 tantam
1505 3557 1626 3597 esse
1651 3543 1962 3598 vecordiam
1997 3551 2053 3597 et
2080 3544 2368 3608 malitiam,
2402 3553 2462 3599 ut
2499 3543 2655 3614 quasi
2681 3544 2748 3598 de
2790 3543 3061 3600 industria
3086 3546 3318 3600 miseros
3339 3555 3396 3600 et
3425 3563 3526 3601 nos
3560 3547 3708 3616 ipsos
3733 3559 3794 3604 et

525 3627 666 3682 alios
703 3642 825 3682 esse
855 3627 1126 3689 velimus,
1155 3627 1210 3682 id
1247 3645 1382 3683 vero
1411 3638 1500 3684 est
1539 3629 1862 3684 dolendum.
1893 3629 2036 3695 Quid
2081 3630 2226 3685 enim
2279 3633 2484 3694 obstat,
2534 3631 2747 3686 morbis
2771 3641 2828 3685 et
2876 3639 3054 3685 morte
3098 3633 3343 3702 exceptis
3372 3636 3625 3702 (quorum
3668 3635 3794 3692 illos

529 3714 961 3784 intemperantia
997 3715 1340 3785 voluptatum
1375 3727 1540 3786 atque
1575 3717 1866 3770 libidinum
1894 3719 2267 3782 cumulamus,
2299 3719 2442 3774 hanc
2483 3734 2628 3788 saepe
2652 3719 2808 3787 quasi
2843 3717 3208 3789 refugientem
3242 3720 3384 3774 ultro
3411 3721 3790 3792 arcessimus),

524 3803 828 3871 quominus
867 3803 1034 3857 etiam
1071 3803 1126 3856 in
1158 3804 1322 3858 terris
1354 3804 1541 3874 aliquo
1573 3805 1738 3860 modo
1768 3805 1913 3859 beati
1957 3805 2166 3861 simus?
2195 3823 2321 3861 cum
2361 3806 2550 3860 divina
2580 3805 2888 3875 benignitas
2921 3805 2992 3858 ad
3023 3805 3232 3861 victum
3261 3817 3316 3862 et
3355 3808 3563 3862 cultum
3596 3825 3791 3866 neces-

524 3889 669 3946 saria
708 3889 1014 3944 liberaliter
1051 3891 1238 3944 omnia
1284 3893 1634 3961 suppeditet,
1667 3893 1831 3946 modo
1874 3902 2021 3947 recte
2057 3900 2342 3948 uteremur
2372 3901 2428 3946 ct
2475 3892 2793 3947 humaniter
2826 3894 3382 3950 communicaremus.
3434 3896 3569 3950 Nam
3619 3901 3791 3967 pesti-

524 3977 704 4032 lentiae
732 3977 954 4044 quidem
996 3988 1053 4033 et
1085 3978 1405 4034 sterilitates
1450 3990 1506 4034 et
1532 3990 1692 4034 terrm
1736 3991 1917 4034 motus
1951 3989 2005 4034 et
2043 3981 2319 4036 siccitates
2351 3988 2406 4033 et
2458 3977 2866 4038 inundationes.
2915 3988 2972 4031 et
3005 3978 3050 4032 si
3098 3995 3222 4048 qua:
3250 3990 3380 4034 sunt
3420 3982 3541 4050 ejus
3572 3986 3792 4052 generis

523 4064 630 4118 alia
673 4064 893 4134 publica
939 4067 1113 4129 mala,
1157 4066 1212 4120 in
1243 4066 1408 4121 unius
1437 4067 1679 4122 hominis
1708 4077 1922 4122 aetatem
1972 4067 2149 4121 rarius
2191 4066 2462 4121 incidunt.
2497 4065 2644 4119 Bella
2676 4080 2810 4119 vero
2848 4065 2995 4118 nulla
3040 4075 3252 4121 natura:
3306 4071 3658 4134 necessitate,
3689 4071 3785 4124 sed

523 4152 834 4218 hominum,
866 4169 1172 4224 eorumque
1211 4155 1521 4224 principum
1557 4165 1614 4210 et
1643 4173 1856 4225 regum,
1890 4173 2030 4226 quos
2057 4156 2262 4209 virtute
2292 4163 2345 4210 et
2385 4151 2656 4221 sapientia
2681 4159 2944 4219 praeSIare
2975 4153 3191 4207 caneris
3217 4161 3272 4208 et
3299 4154 3452 4209 cives
3483 4171 3613 4211 suos
3653 4157 3786 4212 red-

522 4242 658 4298 dere
695 4242 889 4300 beatos
919 4242 1170 4306 decebat,
1212 4244 1297 4300 vel
1339 4245 1642 4300 ambitione
1671 4245 1753 4299 vel
1786 4246 2140 4299 :emulatione
2169 4241 2252 4294 vel
2279 4240 2510 4294 avaritia
2539 4239 2625 4292 vel
2653 4238 2981 4293 crudelitate
3009 4240 3304 4303 exsistunt.
3329 4253 3387 4297 et
3412 4243 3572 4314 longe
3615 4245 3789 4316 majo—

523 4347 640 4386 rem
679 4333 946 4388 malorutn
979 4331 1226 4387 omnium
1255 4331 1453 4388 molem
1485 4347 1674 4388 secum
1709 4333 1938 4386 trahunt
1965 4347 2129 4400 quam
2155 4346 2277 4400 qua:
2311 4341 2530 4384 natura:
2567 4329 2724 4382 nobis
2755 4330 3054 4385 necessitas
3089 4329 3375 4400 imposuit.
3405 4331 3484 4388 Ne
3515 4351 3648 4389 vero
3682 4352 3790 4390 cae-

524 4418 628 4473 teri
656 4435 756 4473 nos
785 4428 1076 4474 excusatos
1103 4430 1360 4489 putemus
1383 4458 1400 4484 ,
1433 4435 1716 4490 nunquam
1752 4419 2034 4488 principes
2066 4427 2247 4472 tantos
2282 4419 2430 4472 ciere
2467 4416 2740 4472 tumultus
2787 4427 3034 4486 possent,
3088 4419 3190 4473 nisi
3237 4419 3544 4487 inferiores,
3591 4423 3786 4478 iisdem

523 4508 735 4562 morbis
755 4507 1094 4573 laborantes,
1121 4509 1339 4562 illorum
1367 4509 1768 4578 cupiditatibus
1793 4525 1903 4563 non
1931 4509 2213 4562 ministros
2240 4505 2404 4560 modo
2436 4505 2532 4560 sed
2566 4505 2735 4560 duces
2763 4505 2928 4558 etiam
2961 4520 3020 4559 sc
3054 4509 3363 4574 praeberent
3395 4523 3408 4559 :
3444 4509 3536 4578 qui
3569 4510 3788 4565 honesti

522 4594 728 4650 laboris
759 4595 883 4664 fuga
906 4601 965 4650 et
1004 4594 1224 4650 scelesti
1259 4595 1359 4650 otii
1389 4596 1688 4666 cupiditate
1721 4595 1906 4650 divina
1937 4597 2308 4663 humanaque,
2330 4594 2455 4663 jura
2487 4592 2670 4646 omnia
2702 4592 2906 4646 violare
2951 4607 3060 4646 non
3099 4603 3384 4660 verentur,
3423 4606 3482 4651 et
3529 4597 3787 4654 horribili

521 4683 710 4738 furore
735 4693 792 4738 et
818 4683 941 4752 plus
967 4698 1130 4752 quam
1159 4681 1404 4738 belluiua
1431 4683 1774 4738 immanitate
1805 4693 2154 4753 grassantur;
2185 4697 2308 4735 cum
2330 4699 2421 4749 lue
2465 4679 2569 4749 ipsi
2621 4680 2844 4748 pessimi
2905 4679 3037 4740 sint,
3075 4679 3218 4734 bona
3250 4683 3416 4736 etiam
3452 4692 3548 4737 aut
3589 4685 3786 4740 saltem

521 4770 822 4826 mediocria
861 4769 1078 4840 ingenia
1115 4778 1511 4839 corrumpunt,
1547 4777 1642 4824 aut
1673 4777 1903 4824 caeteros
1933 4769 2154 4838 quietos
2179 4779 2235 4823 ct
2267 4768 2594 4837 tranquillos
2638 4782 2759 4820 esse
2798 4782 2905 4819 non
2941 4767 3248 4835 patiuntur.
3281 4769 3494 4824 Saevum
3532 4771 3785 4840 profecto

520 4867 578 4912 et
605 4856 941 4912 horrendum
979 4865 1064 4912 est
1097 4855 1286 4912 Martis
1316 4857 1630 4926 imperium,
1665 4857 1760 4926 qui
1796 4858 1944 4910 ferro
1973 4865 2027 4910 et
2062 4856 2170 4925 igni
2197 4856 2388 4918 srevit;
2433 4855 2526 4908 sed
2561 4854 2726 4923 paulo
2758 4853 2946 4907 mitior
2971 4862 3055 4907 est
3081 4853 3336 4910 Mercurii
3380 4857 3652 4926 tyrannis.
3686 4862 3784 4927 qui

523 4947 678 5002 falsis
725 4945 1036 5001 rationibus
1071 4954 1130 5001 et
1159 4945 1378 5000 callidis
1404 4945 1588 5000 verbis
1617 4945 1810 5002 miscet
1838 4944 2046 5009 omnia,
2088 4952 2146 5000 et
2188 4945 2296 4999 tela
2339 4944 2452 4996 lere
2481 4941 2794 5011 suppeditat
2827 4956 2950 5010 quae
2993 4940 3134 4995 Mars
3167 4943 3471 5011 ejaculetur
3504 4963 3517 5000 :
3559 4948 3789 5015 pessimi

523 5051 655 5091 sane
690 5035 996 5106 demagogi,
1039 5043 1102 5090 ut
1133 5034 1203 5090 ab
1248 5035 1540 5106 astrologis
1572 5034 1942 5105 appellantur,
1978 5050 2042 5088 ac
2087 5033 2271 5103 potius
2305 5031 2778 5101 κοσμοκράτορες.
2812 5029 2946 5083 Nam
2989 5031 3072 5084 vis
3103 5038 3161 5084 et
3201 5031 3506 5102 fraus,jure
3543 5043 3599 5089 et
3645 5035 3792 5088 veri-

527 5133 636 5178 tate
663 5123 968 5194 oppressis,
997 5123 1325 5192 plerumque
1353 5139 1536 5177 rerum
1569 5121 1878 5192 poliuntur.
1909 5121 2065 5188 Quod
2095 5121 2196 5175 etsi
2233 5119 2306 5175 ita
2338 5121 2390 5174 in
2426 5127 2682 5188 promptu
2716 5127 2822 5178 est,
2857 5130 2918 5170 ut
2944 5118 3184 5186 optabile
3215 5121 3288 5172 sit
3317 5135 3438 5174 esse
3471 5123 3787 5184 obscurius.

523 5222 706 5266 tamen
748 5211 937 5266 nescio
967 5227 1078 5280 quo
1110 5211 1276 5266 modo
1301 5211 1540 5265 lectione
1566 5211 1924 5264 historiarum
1960 5209 2132 5278 magis
2157 5211 2377 5263 animus
2410 5216 2792 5261 commm'etur
2825 5215 2882 5259 et
2911 5205 2979 5258 ad
3019 5207 3479 5261 considerandam
3522 5210 3647 5263 vitat
3683 5212 3788 5263 bu-

524 5316 695 5354 manre
721 5299 837 5354 sive
855 5298 1428 5367 comico-tragoediam
1448 5297 1563 5352 sive
1592 5297 2152 5368 tragico-eomted'tam
2171 5305 2228 5350 et
2253 5294 2532 5348 miseriam
2563 5291 2724 5347 simul
2753 5300 2809 5346 et
2832 5291 3130 5344 vanitatem
3159 5292 3462 5362 impellitur
3489 5311 3500 5347 :
3532 5313 3655 5366 qua:
3687 5315 3786 5352 nos

523 5388 592 5442 ad
621 5389 784 5442 aliam
803 5388 995 5450 vitam,
1011 5385 1114 5456 piis
1131 5385 1399 5440 divinitus
1414 5387 1763 5454 promissam,
1778 5385 1970 5455 majori
1989 5384 2170 5438 studio
2195 5395 2250 5438 et
2266 5380 2676 5436 ardentioribus
2695 5379 2836 5433 votis
2857 5382 3218 5444 expetendam
3235 5381 3477 5438 excitare
3490 5383 3791 5454 debebant,

525 5485 582 5530 et
601 5475 730 5530 dum
749 5475 840 5530 hic
855 5489 1067 5538 sumus,
1099 5475 1266 5530 etiam
1285 5473 1684 5543 diligentiores,
1707 5473 2096 5544 prudentiores
2123 5480 2179 5525 et
2215 5469 2615 5523 moderatiores
2634 5465 2871 5520 eflicere.
2899 5463 3032 5518 Nam
3071 5467 3310 5536 tragicos
3349 5483 3531 5532 casus,
3551 5487 3789 5540 quorum

527 5564 702 5633 plena:
718 5563 1127 5626 sunthistoria’,
1146 5563 1226 5618 vel
1258 5577 1322 5617 ex
1357 5561 1614 5632 superbia
1643 5570 1701 5616 et
1731 5561 2054 5622 ambitione,
2081 5559 2168 5613 vel
2192 5573 2260 5611 ex
2294 5555 2626 5624 negligentia
2653 5567 2708 5606 et.
2739 5551 3070 5616 temeritate,
3093 5555 3175 5608 vel
3204 5571 3270 5609 ex
3296 5557 3464 5611 animi
3485 5558 3716 5614 libidine
3732 5573 3792 5617 et

526 5649 797 5720 injustitia
813 5649 1268 5705 urtumhabuisse
1290 5649 1406 5704 fere
1427 5657 1672 5715 constat;
1701 5662 2006 5718 perpaucos
2021 5644 2376 5708 autem,dum
2409 5641 2586 5696 oflieio
2605 5641 2987 5706 fungerentur,
3023 5639 3334 5712 impegisse.
3367 5645 3538 5717 Cujus
3567 5647 3646 5702 rei
3681 5649 3788 5703 Zo-

526 5751 690 5790 naras
706 5747 892 5791 noster
915 5737 1164 5805 exempla
1192 5752 1331 5806 pene
1367 5737 1676 5799 innumera,
1710 5739 1764 5788 in
1795 5745 2070 5804 postremo
2101 5743 2251 5786 tomo
2286 5731 2586 5801 praesertim
2621 5727 2848 5798 (absque
2873 5741 2983 5794 quo
3019 5727 3063 5781 si
3095 5737 3262 5792 esset,
3290 5735 3662 5799 posteriorum
3687 5736 3790 5790 im-

532 5833 846 5888 peratorum
892 5839 982 5879 res
1013 5833 1194 5888 gestas
1222 5840 1415 5891 magna
1435 5839 1499 5878 ex
1531 5834 1686 5892 parte
1715 5819 2115 5894 ignoraremus)
2139 5817 2466 5890 compendio
2507 5814 2785 5886 proponit.
2820 5812 2878 5868 in
2909 5829 3022 5884 quo
3046 5818 3152 5872 etsi
3197 5819 3289 5890 alii
3321 5821 3428 5877 alia
3470 5821 3788 5881 desiderare
