4098 6410
527 393 607 458 35
1789 380 2244 442 HIERONYMI
2285 378 2575 439 WOLFII
3725 373 3794 436 36

534 514 663 555 cum
692 496 1025 555 Aristoxeno
1059 492 1244 553 redire
1285 492 1342 549 in
1376 489 1651 553 latomias.
1687 504 1854 561 quam
1883 488 2134 544 eamdem
2176 487 2354 543 cuculi
2397 486 2730 542 cantilenam
2761 482 2954 537 audire
2986 482 3194 538 toties?
3232 481 3295 539 Ut
3327 483 3477 539 enim
3501 480 3675 540 Graeci
3707 482 3793 537 vel

534 588 609 642 ob
632 587 947 657 complures
981 586 1179 641 breves
1211 594 1268 639 et
1310 580 1627 638 commodas
1656 581 2062 634 connexionum
2108 578 2425 646 particulas,
2467 576 2550 632 vel
2584 576 2656 630 ob
2711 575 3151 646 participiorum.
3202 589 3323 645 qure
3354 572 3619 644 praeteriti
3654 585 3793 629 tem-

537 675 693 745 poris
718 672 1175 744 signiﬁcationem
1206 672 1432 735 habent,
1467 666 1904 729 multitudinem,
1936 666 2052 721 sive
2088 666 2255 719 etiam
2288 665 2411 719 aliis
2440 663 2509 718 de
2535 662 2738 726 causis,
2769 678 2907 733 quas
2935 663 3027 717 hic
3056 662 3315 733 persequi
3343 662 3565 733 longum
3604 662 3794 720 fuerit.

538 778 570 817 a
605 764 917 833 tautologiis
952 772 1008 816 et
1041 760 1418 832 perissologiis
1466 759 1652 813 minus
1701 757 2025 818 abhorrent,
2079 764 2133 809 et
2166 752 2350 807 omnia
2386 752 2655 806 minutius
2698 762 2756 807 et
2813 752 3090 806 curiosius
3127 760 3557 820 persequuntur,
3591 752 3672 805 sic
3699 753 3791 821 qui

542 850 688 918 apud
716 849 940 905 Latinos
966 850 1169 904 imitari
1210 852 1406 904 eadem
1443 846 1704 908 Voluerit,
1732 860 1815 899 na:
1850 844 1897 898 is
1932 842 1987 897 in
2017 840 2348 896 horrendam
2400 850 2457 894 et
2497 840 2739 909 ineptam
2783 839 2989 894 incidet
3027 838 3462 908 loquacitatem?
3500 838 3601 904 Qui
3634 839 3798 908 igitur

540 938 901 1007 interpretem
933 936 1252 1008 hujusmodi
1289 930 1538 990 salebras
1565 932 1685 987 sine
1716 932 1828 985 ttllo
1854 930 2141 986 sententiae
2173 928 2507 984 detrimento
2538 930 2803 984 vitantem
2844 929 2933 984 vel
2984 929 3325 998 negligentia:
3357 927 3440 980 vel
3472 929 3628 982 mala:
3668 928 3795 984 ﬁdei

540 1035 824 1087 accusant,
866 1042 1019 1080 suam
1046 1026 1128 1079 vel
1162 1024 1434 1079 inscitiam
1459 1030 1516 1077 et
1539 1020 1734 1092 judicii
1770 1020 2009 1089 inopiam
2034 1017 2122 1073 vel
2160 1017 2414 1071 morbum
2446 1016 2615 1070 animi
2652 1025 2709 1070 et
2752 1016 2900 1071 nulla
2930 1015 2997 1069 de
3026 1030 3190 1069 causa
3220 1013 3580 1068 maledicendi
3611 1014 3797 1069 libidi-

540 1128 665 1166 nem
709 1113 969 1181 produnt.
1002 1113 1191 1182 Neque
1232 1121 1416 1166 tamen
1468 1109 1671 1165 indulsi
1710 1108 1843 1163 mihi
1880 1108 2136 1166 nimium.
2192 1111 2324 1165 Nam
2366 1113 2511 1182 quod
2542 1112 2697 1166 Plato
2727 1112 2825 1178 ait,
2860 1112 2911 1165 ei
2940 1109 3039 1178 qui
3095 1108 3148 1163 in
3189 1107 3522 1178 disputando
3569 1123 3798 1176 respon-

540 1197 668 1253 deat
702 1200 1098 1270 interrogantis
1144 1200 1374 1270 vestigia
1418 1196 1799 1268 persequenda
1834 1212 1975 1261 esse,
2018 1197 2072 1250 id
2124 1200 2297 1254 multo
2322 1200 2492 1271 magis
2539 1198 2848 1253 faciendum
2899 1213 3019 1252 esse
3054 1197 3245 1251 alienm
3277 1196 3478 1265 lingua:
3509 1196 3669 1264 inter,
3692 1196 3823 1249 τμη

541 1287 798 1358 cogitavi.
829 1289 986 1355 Quod
1034 1289 1078 1343 si
1123 1289 1169 1343 is
1199 1289 1458 1358 scriptor,
1485 1300 1651 1354 quem
1693 1284 2080 1355 explicandum
2115 1288 2449 1357 susceperis,
2484 1296 2638 1342 recto
2687 1285 2901 1341 itineris
2933 1285 3234 1355 praecessit,
3287 1284 3392 1339 hoc
3421 1290 3505 1337 est
3537 1287 3580 1338 si
3611 1298 3795 1337 rerum

541 1374 842 1432 bonitatem
878 1392 1004 1431 eum
1031 1376 1304 1447 elegantia
1349 1374 1611 1429 dictionis
1642 1373 1954 1442 conjunxit,
2002 1373 2276 1444 interpres
2315 1384 2367 1428 et
2400 1375 2583 1429 minus
2614 1374 2820 1429 laboris
2855 1382 2912 1428 et
2944 1374 3069 1443 plus
3103 1371 3282 1427 laudis
3307 1372 3487 1441 capit:
3531 1371 3613 1425 sin
3649 1370 3798 1425 illius

540 1463 818 1517 salebrosa
849 1472 935 1518 est
959 1466 1160 1527 oratio,
1208 1471 1264 1517 et
1298 1477 1387 1517 res
1422 1459 1573 1515 haud
1616 1460 1796 1527 magni
1850 1462 2113 1515 momenti
2156 1461 2427 1524 continet,
2469 1462 2662 1516 aliena:
2709 1460 2885 1529 culpat
2924 1459 3057 1514 dare
3093 1474 3283 1529 pmnas
3324 1459 3491 1513 etiam
3524 1457 3797 1527 interpres

540 1551 778 1619 cogitur.
808 1550 966 1617 Nam,
996 1561 1057 1606 ut
1089 1550 1391 1620 Sophocles
1426 1549 1536 1603 alio
1565 1564 1731 1604 sensu
1756 1547 2008 1612 afﬁrmat,
2036 1548 2302 1603 malarum
2335 1566 2518 1604 rerum
2548 1549 2778 1620 pulchra
2806 1565 2929 1604 esse
2966 1548 3420 1603 commemoratio
3448 1561 3557 1601 non
3590 1555 3793 1616 potest,

539 1647 599 1691 et
633 1636 888 1692 ordinem
928 1653 993 1692 ac
1036 1637 1461 1707 dispositionem
1497 1651 1691 1692 earum
1741 1635 2037 1690 immutare
2085 1637 2177 1691 vix
2229 1638 2571 1693 conceditur.
2612 1639 2680 1694 Ut
2726 1639 2890 1706 igitur
2937 1638 3114 1691 oratio
3160 1635 3476 1704 interpretis
3520 1632 3710 1688 Latina
3740 1642 3797 1687 et

540 1741 678 1796 pura
716 1726 808 1790 sit,
842 1727 959 1796 ipsa
995 1736 1176 1781 tamen
1207 1727 1537 1796 compositio
1565 1726 1850 1781 horridum
1890 1727 2149 1796 quiddam
2179 1735 2344 1795 atque
2373 1742 2628 1795 asperum
2658 1734 2836 1788 sonat.
2870 1724 3135 1778 membris
3164 1733 3220 1779 et
3252 1722 3505 1793 partibus
3538 1721 3657 1791 ejus
3683 1736 3792 1774 non

538 1814 718 1869 multo
749 1816 951 1870 tnelius
987 1831 1151 1885 quam
1187 1831 1354 1870 arena
1388 1816 1509 1870 sine
1537 1816 1689 1871 calce
1715 1816 2148 1871 cohaerentibus.
2177 1814 2309 1881 Qua:
2344 1816 2476 1870 vitia
2510 1816 2604 1884 qui
2635 1814 2879 1885 effugere
2914 1814 3125 1878 volunt,
3162 1814 3215 1868 in
3244 1812 3392 1867 aliud
3428 1811 3649 1883 gravius
3682 1810 3799 1879 plc-

542 1917 777 1971 rumque
803 1903 1077 1968 incidunt,
1118 1911 1178 1957 ut
1209 1904 1338 1958 dum
1371 1904 1609 1957 orationi
1642 1902 1911 1972 poliendae
1941 1911 1998 1957 et
2025 1902 2359 1956 exornandaa
2384 1901 2631 1969 impense
2659 1901 2906 1963 student,
2941 1901 3009 1955 ab
3040 1899 3287 1955 auctoris
3317 1898 3607 1955 sententiis
3633 1898 3796 1966 longe

541 1989 840 2052 aberrent,
893 2000 950 2044 et
1000 1990 1327 2060 gravissimo
1358 1990 1602 2059 perﬁdia:
1643 1989 1878 2045 crimine
1933 2005 1992 2045 se
2039 1989 2409 2060 obstringant.
2458 1988 2558 2043 His
2599 1989 2964 2045 incommodis
3002 1999 3163 2045 acute
3213 1988 3533 2058 perspectis,
3579 2000 3797 2041 summo

542 2075 766 2145 ingenio
797 2085 855 2131 et
883 2076 1136 2133 doctrina
1186 2079 1270 2132 vir
1312 2077 1553 2133 Joannes
1588 2076 1854 2132 Jovianus
1889 2077 2173 2132 Pontanus
2230 2079 2488 2148 praeclare
2534 2077 2778 2146 scripsit,
2827 2077 2989 2132 malle
3030 2092 3088 2132 se
3127 2091 3401 2148 quemque
3447 2075 3644 2130 afferre
3675 2088 3795 2138 sua,

541 2177 707 2231 quam
743 2163 943 2219 oﬂ'erre
976 2166 1156 2219 aliena
1183 2185 1195 2219 :
1246 2175 1303 2221 et
1328 2167 1475 2236 quod
1522 2164 1764 2235 scripsu,
1818 2165 2018 2235 ipsein
2048 2164 2298 2221 doctrina
2326 2180 2541 2219 morum
2570 2174 2628 2218 et
2654 2180 2838 2219 rerum
2871 2164 3179 2220 caelestium
3217 2162 3538 2233 explicanda
3581 2160 3732 2225 fecit,
3767 2177 3798 2214 a

543 2250 892 2322 philosophis
923 2262 979 2307 et
1001 2254 1298 2325 astrologis
1342 2255 1513 2324 petita
1558 2254 1810 2319 materia,
1846 2270 2010 2321 quam
2046 2268 2149 2308 suo
2177 2253 2447 2308 arbitratu
2494 2261 2552 2307 et
2583 2251 2881 2308 collocaret
2909 2260 2964 2306 et
3010 2260 3325 2306 exornaret.
3375 2248 3479 2305 Sed
3518 2247 3652 2303 tanti
3691 2247 3800 2302 viri

542 2340 852 2409 exemplum
882 2357 982 2409 ego
1012 2342 1235 2408 imitari,
1260 2342 1568 2412 praesertim
1601 2342 1654 2395 in
1681 2342 1787 2396 hoc
1811 2342 1999 2411 scripti
2023 2356 2247 2412 genere,
2285 2348 2341 2395 ct
2364 2340 2567 2411 ingenii
2599 2339 2865 2395 tenuitate
2889 2348 2947 2394 et
2968 2339 3090 2393 aliis
3116 2337 3480 2393 incommodis
3502 2336 3803 2406 impeditus

544 2440 725 2496 neque
759 2431 963 2498 possim
999 2447 1180 2501 neque
1211 2431 1410 2486 ausim.
1443 2430 1581 2486 illud
1611 2430 1747 2485 mihi
1779 2432 1913 2486 satis
1946 2431 2069 2496 fuit,
2100 2430 2484 2484 utsententias
2512 2429 2658 2485 bona
2687 2428 2791 2484 ﬁde
2818 2428 3213 2499 appenderem,
3242 2435 3300 2483 et
3333 2426 3596 2488 dictione,
3628 2440 3805 2495 quan-

545 2523 663 2568 tum
692 2516 809 2585 ipse
835 2527 1030 2573 auctor
1057 2527 1112 2572 et
1153 2518 1418 2572 orationis
1450 2533 1585 2573 mea:
1614 2528 1911 2587 paupertas
1939 2527 2244 2588 pateretur,
2294 2532 2457 2587 quam
2507 2515 2735 2571 minime
2779 2530 2974 2586 aspera
3018 2524 3209 2571 uterer
3240 2521 3339 2569 aut
3388 2513 3642 2568 barbara.
3687 2512 3805 2566 Nec

545 2611 727 2659 tamen
763 2604 880 2674 ipse
927 2606 1061 2660 mihi
1110 2607 1318 2676 ubique
1347 2606 1611 2673 satisfeci,
1646 2616 1704 2663 et
1738 2607 1795 2661 in
1823 2622 1957 2663 mem
1995 2605 2337 2662 infelicitatis
2363 2613 2517 2674 parte
2543 2603 2850 2668 numeravi,
2886 2603 3033 2675 quod
3070 2602 3126 2657 in
3158 2613 3441 2659 auctorem
3471 2599 3806 2656 luculentio-

546 2705 662 2744 rem
696 2707 807 2745 non
835 2692 1176 2748 incidissem.
1206 2695 1325 2749 Non
1359 2694 1506 2764 quod
1540 2695 1689 2749 hunc
1716 2693 2142 2764 reprehendam;
2179 2692 2275 2748 sed
2307 2691 2453 2761 quod
2503 2706 2700 2746 vereor
2744 2706 2813 2746 ne
2858 2692 2927 2746 ab
2959 2691 3083 2746 aliis
3129 2692 3247 2761 ipse
3284 2688 3675 2759 reprehendar,
3707 2689 3804 2758 qui

548 2776 684 2829 nihil
718 2777 820 2832 nisi
857 2777 1043 2834 ﬁerem
1073 2780 1335 2835 dictionis
1360 2791 1692 2850 sequuntur,
1721 2782 1815 2853 qui
1853 2781 2099 2851 profecto
2150 2780 2207 2835 in
2248 2779 2520 2835 brevitate
2560 2778 2842 2833 annalium
2894 2779 3074 2834 locum
3124 2794 3234 2832 non
3269 2779 3456 2833 habet.
3484 2776 3803 2833 chrtatem

550 2861 687 2915 Livii
724 2865 972 2931 qumris?
1008 2875 1064 2920 at
1098 2868 1364 2922 orationis
1395 2868 1600 2923 divitiae.
1627 2884 1752 2923 cum
1782 2878 2104 2938 paupertate
2130 2884 2315 2924 rerum
2345 2868 2774 2937 conjungentur.
2802 2867 3149 2937 Diligentiam
3176 2868 3230 2923 in
3261 2866 3646 2922 minutissimis
3677 2865 3806 2934 qui-

548 2951 766 3019 busque
796 2954 1195 3022 persequendis
1224 2956 1513 3023 postulas?
1566 2956 1721 3026 atqui
1755 2956 1811 3010 in
1862 2955 2193 3010 immensum
2221 2957 2479 3013 volumen
2523 2966 2805 3012 excrescet
2837 2956 3089 3022 historia,
3132 2973 3233 3013 nec
3267 2959 3380 3028 jatn
3414 2955 3805 3024 compendium

548 3038 655 3091 crit
691 3038 785 3092 sed
813 3040 1165 3110 diSpendium
1197 3052 1294 3103 aut
1318 3044 1516 3113 potius‘
1531 3043 1762 3099 furtum.
1814 3045 1951 3100 Nam
1977 3060 2140 3116 quem
2173 3045 2462 3112 prolixitas
2490 3045 2831 3101 voluminum
2874 3044 3134 3110 delectat,
3182 3046 3228 3101 is
3271 3060 3379 3100 non
3411 3045 3682 3115 epitomas
3706 3045 3803 3099 sev

553 3125 814 3181 historias
843 3128 1005 3198 legat.
1038 3128 1185 3195 Quas
1219 3131 1264 3185 si
1300 3146 1494 3186 omnes
1524 3131 1799 3197 meminit,
1833 3132 1973 3186 bene
1999 3140 2118 3187 est:
2160 3131 2247 3185 sin
2276 3133 2480 3198 minus,
2527 3131 2739 3186 Zonara
2772 3143 3030 3202 tanquam
3084 3132 3266 3188 indice
3300 3141 3355 3187 et
3388 3132 3660 3187 monitore
3687 3143 3776 3186 uta

553 3225 676 3280 tur;
715 3231 779 3269 ac
802 3215 1007 3286 cogitet
1029 3217 1171 3273 nihil
1198 3218 1268 3273 ab
1306 3219 1457 3273 omni
1489 3228 1644 3288 parte
1669 3220 1888 3273 beatum
1917 3234 2061 3289 esse,
2091 3228 2146 3272 et
2177 3219 2537 3287 multiplicem
2568 3218 2847 3273 variarum
2893 3234 3076 3273 rerum
3109 3219 3162 3274 in
3192 3235 3304 3275 uno
3330 3236 3438 3275 non
3464 3234 3638 3290 usque
3668 3219 3809 3275 adeo

553 3318 751 3373 magno
779 3304 1059 3360 volumine
1094 3307 1467 3376 cognitionem
1494 3307 1622 3378 styli
1656 3306 2044 3369 incommodis,
2079 3305 2126 3360 si
2158 3322 2267 3375 qua
2298 3313 2450 3371 sunt,
2499 3315 2803 3376 comparet.
2840 3306 2973 3373 Qua:
2999 3308 3139 3363 ratio
3170 3323 3258 3364 me
3288 3323 3509 3378 quoque
3546 3308 3721 3364 movit
3748 3317 3813 3363 ut

553 3406 663 3444 non
693 3392 1143 3461 conquiescerem
1174 3395 1336 3463 prius
1368 3410 1532 3464 quam
1559 3409 1751 3449 saxum
1779 3394 1904 3458 hoc,
1938 3394 2085 3464 quod
2116 3401 2232 3449 toto
2258 3394 2363 3448 hoc
2391 3409 2539 3448 anno
2574 3395 2811 3457 versavi,
2845 3395 2913 3449 ad
2950 3397 3156 3450 montis
3186 3411 3450 3451 cacumen
3478 3395 3811 3465 perductum
3886 3436 3891 3442 .

554 3478 776 3533 tandem
804 3480 1103 3549 aliquando
1135 3482 1501 3546 constitisset,
1557 3481 1763 3551 ingenti
1814 3482 2004 3551 utique
2034 3482 2228 3536 labore
2265 3490 2322 3536 et
2367 3482 2556 3535 multis
2601 3481 2921 3549 sudoribus,
2961 3497 3293 3553 quocunque
3329 3484 3548 3537 tandem
3581 3493 3809 3538 eventu.

552 3558 689 3621 Nam
727 3577 786 3621 ut
809 3569 876 3624 de
908 3570 1286 3624 conversionis
1319 3570 1494 3640 ipsius
1521 3570 1789 3640 aerumnis
1814 3577 2047 3636 taceam,
2072 3578 2340 3639 quantum
2369 3571 2708 3628 difﬁcultatis
2738 3573 2793 3627 in
2826 3573 2941 3643 ipsa
2971 3574 3212 3629 lectione
3242 3574 3346 3629 fuit
3365 3573 3437 3629 ob
3460 3575 3815 3630 characteres

552 3656 994 3726 elegantissimos
1025 3657 1148 3712 illos
1184 3657 1406 3726 quidem
1437 3658 1532 3711 sed
1562 3657 1705 3712 lectu
1733 3657 2085 3712 difﬁczllimos
2120 3658 2345 3729 propter
2370 3658 2625 3714 aﬂectata
2666 3659 2757 3714 illa
2800 3660 3080 3715 scribendi
3112 3661 3438 3731 compendia
3471 3670 3529 3716 et
3561 3662 3660 3731 τῆς
3681 3661 3817 3715 καλ-

554 3739 869 3812 λιγραφίας,
903 3744 1147 3798 studiunt
1191 3744 1336 3798 unde
1365 3743 1577 3799 inﬁnita
1617 3755 1801 3800 errata
1834 3746 2092 3800 oriuntur
2126 3761 2195 3801 ex
2244 3745 2390 3800 facili
2433 3755 2689 3801 notarum
2736 3748 3082 3801 mutatione:
3137 3763 3259 3818 qua
3297 3763 3423 3804 cum
3462 3748 3666 3804 alicubi
3700 3763 3814 3805 non

556 3831 864 3886 dissimiles
891 3843 1023 3895 sunt,
1052 3833 1171 3893 vim
1197 3832 1629 3886 diversissimam
1660 3833 1887 3889 habent.
1922 3833 2078 3889 Unde
2112 3834 2314 3888 factum
2346 3841 2426 3900 ut,
2454 3833 2921 3903 quemadmodum
2958 3834 3289 3892 Plutarchus
3330 3850 3389 3891 se
3417 3836 3610 3891 Latina
3641 3836 3815 3893 verba

555 3934 622 3972 ex
651 3919 966 3990 cognitione
999 3934 1184 3973 rerum
1213 3928 1528 3974 assecutum
1588 3920 1880 3989 proﬁtetur
1901 3963 1914 3983 ,
1949 3922 2023 3976 ita
2050 3937 2152 3992 ego
2186 3936 2331 3992 saepe
2358 3922 2426 3977 de
2459 3922 2729 3976 varietate
2756 3921 3010 3978 lectionis
3031 3937 3098 3977 ex
3127 3937 3291 3977 sensu
3318 3932 3377 3979 et
3401 3924 3818 3981 constructione

556 4005 809 4061 divinare
859 4006 961 4060 sim
1018 4015 1265 4070 coactus,
1315 4007 1528 4060 ratione
1578 4007 1739 4076 plane
1784 4015 2138 4075 prtepostera.
2184 4009 2321 4063 Nam
2371 4019 2428 4063 et
2459 4010 2625 4064 verba
2657 4024 2866 4074 rerum,
2915 4017 2971 4063 et
3022 4009 3221 4064 littera-
3250 4011 3544 4066 verborum
3571 4022 3714 4067 noue
3754 4023 3820 4068 ut

557 4106 747 4148 essent
786 4102 917 4148 sunt
950 4094 1202 4147 inventae.
1239 4093 1430 4163 Neque
1456 4102 1637 4148 tamen
1676 4093 1777 4148 hac
1807 4094 2029 4148 solertia
2066 4111 2153 4148 me
2183 4096 2444 4164 expedire
2476 4097 2681 4167 ubique
2714 4097 3174 4167 potuissem,nisi
3210 4100 3396 4167 plures
3426 4100 3560 4154 mihi
3596 4102 3820 4157 codices

558 4179 896 4249 suppeditati
931 4178 1187 4235 fuissent.
1223 4180 1471 4246 Quorum
1509 4188 1618 4234 tres
1651 4196 1681 4235 e
1717 4192 1807 4236 tua
1840 4181 2178 4236 bibliotheca
2214 4184 2424 4253 accepi,
2477 4186 2689 4254 magnis
2724 4184 3039 4253 sumptibus
3078 4184 3232 4255 Cpoli
3274 4195 3623 4257 comparatos
3647 4204 3817 4259 opera

558 4278 726 4338 atque
758 4269 1033 4324 industria
1057 4270 1262 4340 egregii
1299 4270 1401 4323 viri
1439 4280 1495 4324 et
1527 4270 1818 4339 prudentia
1851 4271 2167 4341 longinquis
2201 4272 2744 4341 peregrinationibus
2779 4271 2988 4344 Ulyssis
3033 4274 3288 4344 exemplo
3324 4289 3390 4328 ac
3430 4276 3602 4330 multo
3621 4291 3814 4332 rerum

560 4371 664 4409 usu
712 4367 866 4425 parta
910 4358 1318 4420 clari,'.loannis
1363 4358 1780 4418 Dernschwam,
1827 4359 1921 4427 qui
1980 4358 2035 4411 in
2088 4358 2271 4413 fronte
2323 4360 2683 4415 vetustissimi
2741 4361 2890 4414 illius
2934 4361 3140 4416 codicis
3168 4362 3297 4416 haec
3340 4365 3511 4418 ‘verba
3553 4364 3816 4435 scripsit:

565 4460 586 4494 ι
635 4441 950 4498 Chronicon
982 4445 1212 4499 Joannis
1252 4445 1477 4499 Zonara:
1508 4446 1726 4500 duobus
1762 4447 1927 4501 tomis
1956 4445 2304 4507 distinctum,
2348 4459 2584 4512 quorum
2619 4446 2771 4514 prior
2813 4445 3099 4499 historiam
3145 4446 3428 4502 Iudaicam
3466 4450 3817 4518 potissimum

560 4530 633 4583 ab
657 4531 883 4584 exordio
918 4531 1106 4584 tnundi
1140 4547 1311 4600 usque
1342 4533 1408 4585 ad
1444 4532 1950 4604 Hierosolymorum
1984 4530 2282 4595 excidium,
2307 4532 2447 4586 alter
2480 4532 2873 4603 imperatorum
2909 4543 3017 4588 tam
3064 4534 3382 4590 Graecorum
3420 4554 3582 4607 quam
3611 4540 3820 4596 Roma-

564 4632 764 4671 norum
792 4633 880 4672 res
910 4629 1091 4686 gestas
1122 4635 1293 4687 usque
1318 4619 1383 4672 ad
1419 4619 1595 4673 Alexii
1625 4618 1892 4674 Coumeni
1917 4619 2130 4673 obitum
2166 4620 2588 4688 complectitur:
2628 4636 2775 4676 anno
2808 4623 3023 4676 Domini
3063 4624 3200 4677 1554
3232 4624 3386 4692 Cpoli
3437 4626 3491 4679 in
3529 4626 3665 4681 Pera
3702 4629 3820 4684 sive

563 4703 758 4758 Galata
795 4707 981 4775 (quam
1024 4705 1155 4759 olim
1191 4706 1358 4777 κέρας
1388 4705 1504 4759 sive
1528 4706 1712 4760 Cornu
1744 4705 2075 4775 appellatam
2107 4710 2325 4777 putant)
2356 4707 2462 4763 150
2489 4710 2706 4765 ducatis
2738 4707 3062 4780 Hungaricis
3087 4712 3193 4765 emi
3220 4714 3567 4783 a-magniﬁco
3594 4715 3818 4772 domino

563 4791 806 4846 Antonio
851 4792 1280 4847 Cantacuzeno:
1325 4797 1485 4863 cujus
1530 4793 1765 4856 familia,
1815 4794 1945 4846 dum
1984 4809 2074 4848 res
2109 4793 2410 4866 Byzantina
2440 4798 2617 4861 stetit,
2666 4798 3020 4867 imperatoria
3074 4797 3199 4864 fuit,
3247 4815 3398 4854 nunc
3449 4801 3553 4856 sub
3585 4800 3821 4858 Turcico

563 4879 855 4934 dominatu
903 4880 969 4934 ad
1003 4881 1274 4951 privatam
1328 4880 1705 4935 conditionem
1753 4880 1971 4934 redacta
2002 4889 2122 4935 est:
2168 4882 2238 4936 ab
2268 4899 2445 4954 eoque
2481 4894 2703 4954 rogatus
2745 4901 2866 4939 sum
2904 4895 2964 4939 ut
2992 4886 3104 4940 hoc
3138 4902 3278 4957 opus
3320 4889 3622 4959 aliquando
3648 4907 3823 4946 exeu-

565 4967 818 5029 deretur.
864 4976 920 5022 et
964 4968 1218 5038 impressi
1275 4969 1483 5024 codicis
1530 4968 1634 5022 sibi
1667 4968 1825 5037 copia
1865 4967 2022 5023 fieret
2055 4969 2125 5023 ob
2161 4968 2431 5025 Zonaram
2480 4983 2889 5027 conservatum.
2936 4973 3208 5029 Praeterea
3250 4976 3556 5030 secundum
3593 4978 3823 5034 Zonaras

568 5064 781 5109 tomum
829 5056 896 5109 de
944 5056 1377 5125 imperatoribus
1427 5055 1748 5110 conferendi
1800 5059 1975 5126 gratia
2027 5057 2097 5111 ab
2131 5057 2444 5113 Alexandro
2493 5059 2920 5129 chartophvlace
2959 5061 3183 5131 triginta
3239 5062 3452 5118 ducatis
3496 5064 3825 5135 Hungaricis

565 5142 907 5213 comparavi.
944 5143 1127 5198 Alium
1175 5144 1307 5198 item
1344 5143 1571 5199 Zonaras
1610 5144 1856 5198 libellum
1888 5144 1956 5199 de
1993 5145 2160 5199 rebus
2191 5143 2410 5213 imperii
2447 5155 2502 5199 et
2522 5145 2777 5201 Ecclesia:
2809 5161 2839 5201 a
2864 5144 3230 5203 Constantino
3257 5165 3432 5219 usque
3461 5152 3529 5205 ad
3557 5151 3824 5207 Justinia-

569 5246 704 5286 num
736 5232 1126 5301 imperatorem
1168 5248 1233 5286 ex
1285 5241 1507 5287 vetusto
1550 5232 1743 5287 codice
1775 5232 2259 5290 transcribendum
2312 5235 2524 5292 curavi.
2563 5256 2581 5288 ι
2622 5235 2903 5293 Hactenus
2931 5238 3045 5293 ille.
3068 5238 3337 5305 Quartum
3366 5241 3635 5309 codicem,
3667 5245 3824 5314 quia

564 5322 934 5378 Constantino
960 5322 1161 5393 Magno
1188 5323 1510 5394 incipiebat,
1538 5323 1801 5378 omnibus
1837 5324 2181 5379 ornamentis
2229 5323 2553 5389 amplissimi
2585 5323 2712 5389 viri,
2762 5325 2972 5379 domini
3004 5335 3061 5381 et
3091 5313 3560 5397 Maecenatis‘mei,
3592 5313 3825 5390 Joannis
3868 5400 3871 5403 γ

565 5411 757 5465 Jacobi
792 5411 1021 5482 Fuggeri
1056 5411 1387 5466 bibliotheca
1421 5411 1849 5466 instructissima
1882 5410 2279 5481 suppeditavit.
2327 5412 2573 5482 Denique
2602 5423 2803 5483 praeter
2832 5430 3052 5470 omnem
3088 5430 3240 5485 spem
3273 5428 3327 5471 et
3355 5420 3822 5487 exspectationem

572 5518 751 5557 meam
782 5505 1018 5559 accessit
1049 5505 1380 5559 Viennensis
1428 5504 1779 5558 bibliotheca:
1827 5503 2001 5558 codex
2036 5503 2271 5572 integer,
2302 5499 2643 5571 benignitate
2696 5502 2963 5572 singulari
3002 5504 3303 5558 clarissimi
3330 5506 3433 5559 viri
3469 5517 3523 5560 et
3549 5508 3824 5562 senatoris

568 5588 728 5659 regii,
761 5591 971 5645 domini
1002 5590 1260 5661 Gasparis
1284 5608 1314 5647 a
1345 5592 1625 5663 Nydprug,
1659 5600 1794 5653 ete.,
1830 5592 1976 5646 ultro
1993 5591 2416 5660 suppeditatus:
2452 5607 2616 5663 quem
2647 5602 2846 5657 totum,
2887 5594 3140 5665 adjuture
3163 5594 3403 5651 Jeremia
3438 5597 3657 5661 Martio,
3690 5615 3829 5668 pra-

573 5683 734 5736 c‘ara:
761 5682 961 5738 indolis
988 5684 1335 5739 adolescente
1372 5686 1553 5756 (cujus
1594 5684 1648 5737 in
1692 5684 1799 5738 hoc
1842 5699 2010 5752 opere
2045 5682 2233 5737 Grazee
2262 5678 2568 5750 Latineque
2618 5682 2985 5737 e'xscribendo
3017 5683 3206 5737 solerti
3239 5693 3296 5738 et
3327 5684 3472 5739 ﬁdeli
3501 5702 3667 5756 opera
3703 5703 3824 5741 sum

573 5772 751 5837 usus),
789 5771 1017 5838 contuli,
1051 5781 1103 5826 et
1131 5775 1333 5828 multas
1361 5773 1535 5828 nostri
1571 5770 1781 5826 codicis
1811 5770 2038 5825 lacunas
2061 5768 2301 5840 explevi.
2327 5767 2431 5833 Qui
2457 5768 2635 5824 sicubi
2664 5770 2827 5825 ambo
2860 5786 2967 5825 non
2995 5770 3403 5837 satisfecerunt,
3432 5784 3661 5830 caeteros
3690 5791 3828 5836 quo.
