4098 6442
370 414 444 475 31
1820 415 1916 475 PR
1929 418 1988 477 ίΕ

2031 420 2240 482 'A’l‘fO.
3577 416 3649 482 33

373 541 484 596 que
519 535 632 580 tres
659 527 898 598 inspexi.
924 540 985 584 et
1019 545 1052 586 e
1076 532 1247 587 variis
1277 531 1696 589 difficultatibus
1720 549 1806 588 mc
1837 544 2046 604 quanto
2071 537 2224 605 potui
2256 536 2442 592 studio
2475 536 2766 607 expedivi:
2806 544 3020 607 quanto
3049 535 3261 601 labore,
3306 552 3471 591 nemo
3500 538 3654 593 testi-

376 612 549 667 mabit
578 613 781 668 melius
805 630 975 683 quam
1002 616 1101 687 qui
1133 617 1250 687 ipse
1282 619 1468 688 Operis
1500 634 1609 672 non
1634 620 1923 676 dissimilis
1958 629 2267 692 perieulum
2297 629 2511 685 fecerit.
2548 630 2604 684 Si
2640 645 2770 700 qua,
2799 630 2850 683 i-u
2881 631 3201 684 diversitate
3232 629 3344 694 illa,
3383 634 3653 686 momenti

374 705 613 775 alicujus
663 720 787 760 esse
813 708 1175 776 videbantur,
1221 710 1289 765 ad
1316 712 1482 764 finem
1515 711 1701 780 operis
1743 713 1996 782 ascripsi.
2050 716 2338 772 Manifeste
2380 733 2513 771 vero
2550 719 2915 788 praetermissa
2952 726 3048 771 aut
3072 717 3372 786 depravata
3412 732 3522 772 non
3554 721 3655 773 ad-

374 794 586 846 notavi.
618 792 794 863 Cujus
822 795 972 849 enim
1015 797 1309 852 dementia:
1333 798 1523 864 fuerit,
1558 800 1940 868 persequenda
1966 802 2320 858 librariorum
2352 806 2439 859 vel
2472 806 2691 859 inscitia
2726 806 2809 858 vel
2855 805 3189 873 negligentia
3226 804 3312 858 W’l
3340 806 3568 874 perfidia
3596 816 3654 861 et

373 885 511 938 mihi
537 896 595 938 et
633 885 943 941 lectoribus
991 889 1263 944 facessere
1312 892 1643 961 negotium?
1677 892 1750 947 Ut
1787 893 1934 946 enim
1980 892 2174 947 oculus
2222 892 2438 961 integer
2473 891 2771 945 candidum
2801 907 2829 944 a
2881 891 3040 959 nigro
3072 891 3231 946 facile
3256 892 3544 958 discernit,
3571 895 3654 949 sic

372 982 539 1027 acuto
562 983 623 1027 et
653 976 965 1029 exercitato
1010 977 1236 1047 ingenio
1275 979 1468 1033 videre
1508 994 1618 1032 non
1649 978 1870 1033 difficile
1895 991 2000 1049 est,
2047 999 2167 1053 qua:
2198 984 2364 1038 lectio
2392 1000 2521 1038 vera
2566 985 2660 1048 sit,
2707 999 2831 1054 quae
2880 985 3274 1053 praetermissa,
3309 1002 3434 1056 qua:
3464 988 3653 1042 addita

367 1080 441 1120 ex
470 1082 841 1136 supervacuo,
875 1085 999 1138 qua:
1023 1070 1320 1140 depravata
1355 1072 1489 1126 sint.
1532 1072 1720 1141 Neque
1764 1073 1851 1127 his
1885 1072 2456 1136 contentus,indicem
2501 1088 2724 1142 quoque
2762 1072 2982 1143 adjeci:
3037 1073 3183 1143 quod
3233 1089 3408 1143 genus
3445 1090 3651 1145 operae,

371 1154 632 1222 quamvis
660 1154 969 1211 lectoribus
998 1158 1382 1225 utilissimum,
1412 1169 1471 1213 ut
1496 1161 1633 1214 nihil
1659 1161 1955 1215 admodum
1976 1161 2155 1216 laudis
2181 1170 2237 1216 et
2266 1162 2468 1232 ingenii
2500 1162 2687 1223 habet,
2710 1162 2783 1215 ita
2817 1163 3051 1217 multum
3080 1164 3347 1233 temporis
3368 1174 3425 1219 ct
3449 1165 3654 1221 laboris

371 1245 477 1299 sibi
523 1246 807 1310 vindicat,
840 1250 1162 1316 praesertim
1206 1250 1251 1304 si
1305 1266 1433 1305 cum
1486 1250 1728 1305 indicem
1774 1266 1873 1320 per
1907 1250 2176 1319 temporis
2219 1250 2500 1319 angustias
2523 1257 2579 1304 et
2617 1250 2753 1304 alias
2811 1252 3206 1321 occupationes
3245 1253 3319 1305 ita
3362 1262 3652 1320 pertexere

369 1333 624 1390 licuisset
655 1335 744 1390 utsi
772 1350 1077 1405 cmprram.
1111 1337 1251 1405 Quid
1276 1339 1460 1394 multa
1485 1340 1511 1392 ἶ)
1546 1336 1779 1394 Conﬁdo
1818 1354 1905 1394 me
1944 1337 2122 1394 ofﬁcio
2146 1338 2333 1394 ‘filelis
2377 1348 2434 1394 et
2477 1354 2588 1393 non
2618 1340 2885 1396 νίιιῶοειίιῖ
2934 1343 3258 1412 interpretis
3302 1341 3496 1397 sedulo
3530 1359 3651 1398 esse

370 1424 628 1481 functum
659 1445 674 1490 ;
718 1428 773 1482 in
804 1429 862 1483 id
903 1438 1059 1485 certe
1082 1443 1314 1500 operam
1356 1430 1504 1485 dedi.
1557 1432 1652 1485 Sin
1689 1430 1813 1486 aliis
1849 1428 2000 1484 aliud
2030 1427 2338 1491 videbitur,
2392 1427 2531 1482 illud
2559 1427 2750 1483 saltem
2789 1428 3062 1484 affirmare
3090 1445 3344 1499 possum,
3378 1448 3474 1487 me
3501 1433 3649 1501 quod

368 1514 595 1568 scierim
645 1526 702 1570 et
735 1519 1012 1585 petncrim
1075 1518 1182 1573 fide
1223 1519 1430 1588 Optima
1463 1520 1662 1575 fecisse
1705 1532 1761 1574 et
1809 1519 2090 1587 diligentia
2124 1536 2369 1586 summa;
2413 1520 2589 1575 sicubi
2625 1535 2755 1576 vero
2788 1530 2885 1576 aut
2916 1522 3122 1592 ingenii
3157 1523 3300 1577 vires
3320 1533 3422 1578 aut
3456 1524 3650 1578 erudi-

370 1606 545 1661 tionis
570 1609 724 1662 nervi
760 1610 896 1663 mihi
929 1611 1231 1674 defuerint,
1262 1612 1497 1667 fortunae
1525 1626 1647 1667 eam
1675 1627 1796 1667 esse
1825 1611 2065 1679 culpam,
2106 1605 2488 1661 infelicitatem
2533 1620 2734 1669 meam,
2778 1623 2901 1677 qua:
2954 1623 3079 1662 cum
3117 1607 3239 1662 aliis
3297 1616 3512 1662 tantum
3538 1609 3652 1663 d35-

367 1693 599 1761 pliccat,
636 1695 770 1750 mihi
802 1699 970 1751 etiam
1010 1699 1306 1768 plurimum
1345 1708 1525 1754 nocet.
1550 1699 1748 1769 'Neqne
1778 1709 1891 1753 tam
1916 1696 2174 1765 iniquum
2204 1694 2378 1747 ullum
2405 1707 2529 1748 esse
2555 1701 2712 1762 puto,
2741 1695 2836 1764 qui
2875 1694 2999 1763 plus
3024 1710 3054 1749 a
3098 1710 3184 1750 me
3210 1696 3459 1764 postulet
3481 1711 3647 1765 quam

365 1791 636 1848 pneslare
682 1798 906 1852 queam.
955 1784 1070 1854 Ego
1114 1801 1247 1841 vero
1294 1787 1384 1851 iis,
1429 1786 1525 1855 qui
1569 1787 1655 1841 vel
1707 1787 1762 1840 in
1797 1786 1903 1841 hoc
1950 1784 2040 1838 vel
2078 1782 2134 1835 in
2165 1780 2288 1835 aliis
2324 1780 2651 1849 operibus_a
2691 1796 2782 1835 me
2823 1782 3111 1837 conversis
3156 1781 3378 1837 Iaudem
3414 1781 3647 1837 solidam

361 1881 759 1937 assequentur,
807 1873 1130 1942 gratulabor
1177 1875 1366 1943 potius
1410 1858 1577 1944 quam
1618 1861 1898 1930 invidebo.
1946 1871 2087 1929 Cum
2130 1870 2302 1933 enim,
2347 1869 2620 1939 quidquid
2669 1869 2938 1924 hactenus
2977 1870 3145 1939 edidi,
3193 1870 3247 1925 id
3294 1869 3380 1925 vel
3425 1870 3648 1940 publica

360 1955 617 2009 utilitate
647 1957 731 2011 vel
781 1960 1129 2029 temporibus
1169 1960 1310 2016 meis
1342 1961 1619 2017 adductus
1663 1960 1909 2023 fecerim,
1944 1974 2048 2014 nec
2091 1968 2199 2014 tam
2235 1958 2434 2012 famam
2466 1957 2731 2027 captarim
2773 1972 2939 2027 quam
2980 1958 3180 2019 famem
3223 1958 3468 2028 vitat-im,
3493 1959 3538 2013 si
3568 1975 3648 2013 ea:

365 2040 787 2112 lucubrationes
820 2061 956 2101 mea:
985 2042 1382 2103 illustriorihus
1414 2050 1655 2104 aliorum
1694 2047 2061 2111 cditionibns,
2096 2047 2290 2117 qnaies
2338 2045 2512 2115 aliqui
2544 2045 2904 2114 pollicentur,
2936 2045 3106 2116 aliqui
3143 2046 3309 2101 etiam
3341 2046 3646 2110 minantur,

362 2128 592 2182 abolitae
641 2132 875 2195 fuerint,
914 2149 1025 2187 non
1069 2135 1262 2205 iniquo
1296 2136 1494 2191 animo
1531 2138 1823 2191 ferendum
1892 2134 2001 2191 erit
2040 2148 2224 2189 meum
2271 2133 2548 2203 privatum
2588 2130 2836 2185 dedecus
2881 2133 2947 2199 (si
2986 2133 3147 2203 quod
3192 2144 3373 2187 tamen
3410 2132 3650 2187 infelicis

363 2220 558 2284 potius
590 2232 756 2285 quam
788 2218 1072 2276 inhonesti
1106 2234 1340 2279 conatus
1372 2232 1456 2280 est
1486 2225 1752 2296 dedecus)
1792 2240 1917 2280 cum
1958 2222 2039 2277 rei
2071 2221 2302 2291 publica:
2335 2218 2621 2275 litterariae
2663 2218 2899 2274 utilitate
2926 2221 3209 2291 conjungi.
3242 2222 3330 2276 cui
3358 2236 3425 2275 ex
3461 2221 3648 2275 animo

360 2304 681 2359 consultum
727 2322 851 2362 esse
894 2318 954 2363 et
994 2311 1119 2366 volo
1156 2321 1212 2367 et
1243 2313 1415 2366 volui.
1462 2313 1674 2368 Vellem
1714 2312 1972 2383 equidem
2007 2310 2062 2364 id
2087 2322 2212 2364 cum
2244 2307 2407 2362 laude
2453 2321 2573 2362 mea
2606 2307 2792 2378 potius
2819 2318 2876 2363 et
2902 2309 3075 2375 gloria
3105 2307 3221 2362 fieri
3262 2309 3467 2379 (neque
3492 2307 3644 2362 enim

361 2405 614 2444 antorem
647 2393 826 2447 nostri
858 2394 930 2449 ab
969 2396 1088 2466 ipsa
1117 2409 1315 2453 natura
1347 2399 1576 2455 insitum
1603 2402 1766 2471 plane
1795 2396 2146 2470 abjecimus),
2175 2395 2272 2452 sed
2299 2395 2344 2450 si
2368 2395 2506 2449 fatis
2533 2395 2697 2450 aliter
2737 2397 2915 2450 visum
2965 2404 3072 2459 est,
3124 2395 3231 2450 hoc
3256 2410 3478 2466 quoque
3500 2396 3645 2466 aequi

359 2478 613 2547 bonique
645 2478 960 2537 faciendum
992 2485 1125 2540 erit.

437 2567 622 2637 Atque
654 2565 769 2626 haec
797 2571 868 2625 de
898 2581 1125 2628 auctore
1158 2582 1216 2629 et
1243 2583 1554 2640 argumenti
1590 2590 1791 2645 genere
1821 2583 1877 2630 et
1908 2588 2074 2644 opera
2108 2587 2229 2626 mea
2256 2588 2269 2625 :
2307 2586 2457 2625 nunc
2486 2569 2554 2624 ad
2600 2584 2719 2624 eam
2753 2568 3097 2624 Praefationis
3124 2579 3336 2639 partem
3366 2570 3645 2627 acceden-

364 2655 504 2711 dum
556 2667 662 2723 est,
702 2659 757 2713 in
809 2674 918 2728 qua
969 2659 1176 2729 alioqui
1228 2661 1463 2715 multum
1500 2661 1703 2715 sudare
1745 2661 1963 2723 solitus,
2001 2659 2151 2730 quod
2203 2659 2439 2713 verebar
2469 2673 2539 2713 ne
2586 2657 2673 2712 vel
2722 2657 2778 2711 iu
2826 2656 3219 2711 assentationis
3265 2657 3643 2727 suspicionem

357 2745 857 2801 commemorando
900 2746 989 2801 vel
1040 2747 1097 2801 in
1128 2747 1480 2817 negligentiae
1513 2747 1723 2802 crimen
1771 2747 2172 2803 dissimulando
2203 2747 2453 2801 venirem
2493 2761 2506 2797 :
2559 2760 2709 2798 nunc
2759 2752 2818 2797 ut
2854 2744 3120 2799 liberiore
3165 2744 3269 2797 sim
3305 2745 3513 2812 animo,
3549 2755 3642 2801 tua

361 2831 640 2886 modestia
671 2833 756 2887 vel
795 2833 982 2903 potius
1010 2834 1338 2904 magnitudo
1369 2836 1540 2890 animi
1588 2834 1739 2899 facit,
1779 2851 1887 2906 qua
1917 2835 1973 2890 id
2018 2836 2088 2890 ab
2122 2836 2350 2890 ineunte
2382 2843 2543 2889 aetate
2582 2831 2890 2886 meditatus
2920 2846 3042 2886 esse
3078 2831 3285 2886 videris
3313 2832 3461 2902 quod
3495 2834 3643 2902 apud

353 2916 690 2974 Ciceronem
722 2920 970 2990 Scipioni
1000 2921 1272 2978 divinitus
1298 2923 1642 2992 praccipitur,
1674 2933 1734 2979 ut
1769 2924 1878 2977 alte
1914 2931 2169 2992 spectans
2207 2931 2373 2991 atque
2408 2919 2474 2973 ad
2510 2920 2788 2974 caelestem
2823 2919 3008 2973 sedem
3040 2928 3097 2974 et
3125 2929 3388 2975 aeternam
3415 2922 3642 2975 domum

351 3015 657 3066 contuens.
686 3023 866 3079 neque
890 3010 1249 3067 sermonibus
1276 3011 1422 3082 vulgi
1460 3010 1686 3066 dederis
1712 3019 1786 3075 te,
1818 3025 1922 3065 nec
1940 3009 2010 3079 .in
2035 3010 2277 3078 praemiis
2304 3007 2567 3062 humanis
2592 3023 2745 3078 spem
2773 3007 3025 3077 posueris
3048 3023 3242 3061 rerum
3273 3019 3521 3077 tuarum,
3543 3008 3642 3064 sed

351 3094 479 3151 suis
510 3105 565 3151 te
594 3096 871 3154 illecebris
896 3099 1018 3169 ipsa
1051 3100 1228 3155 virtus
1254 3099 1483 3155 traxerit
1510 3099 1580 3154 ad
1610 3113 1804 3154 verum
1834 3098 2034 3153 decus:
2054 3106 2113 3150 ut
2143 3096 2277 3151 illud
2316 3095 2487 3151 Graeci
2529 3103 2705 3164 poetae
2737 3095 2806 3150 de
2838 3105 2891 3151 te
2921 3094 3030 3149 dici
3064 3095 3273 3165 possit:

1244 3293 1462 3367 9631319
1480 3292 1676 3367 »ὀρχεῖν
1693 3291 1930 3367 ιᾷριστος
1961 3295 2078 3367 ἀλλ’
2103 3289 2243 3348 εἶναι
2279 3293 2479 3359 θέλεις,

1241 3363 1478 3435 Βαθεξοὶν
1509 3364 1683 3435 ἄλοκᾳ
1715 3363 2053 3435 διᾳγφρενῶν
2084 3366 2497 3435 καρπούμενος,

1252 3436 1342 3502 Ἐξ
1378 3431 1446 3508 ἧς
1473 3436 1544 3487 τὰ
1582 3431 1742 3487 κεδνὰ
1779 3431 2066 3503 βλέιὲττάνει
2099 3431 2445 3506 penitentiam
2466 3451 2485 3469 ⁶

351 3617 564 3688 quibus
584 3612 837 3668 versibus
870 3611 926 3667 id
963 3609 1304 3683 Amphiarao
1331 3629 1445 3670 ~suo
1466 3617 1676 3671 tribuit
1714 3611 2030 3683 Eschylus,
2066 3622 2128 3667 ut
2160 3612 2398 3667 affirmet
2429 3627 2558 3665 eum
2600 3611 2779 3666 virum
2804 3612 3087 3680 optimum
3114 3627 3240 3667 esse
3273 3613 3435 3670 malle
3471 3630 3635 3685 quam

348 3705 562 3767 videri,
600 3704 762 3773 cujus
798 3703 1020 3757 animus
1057 3711 1317 3771 tanquam
1372 3718 1504 3774 ager
1532 3703 1809 3759 fecundus
1833 3712 1889 3758 et
1941 3702 2111 3772 probe
2142 3702 2432 3766 subactus,
2469 3702 2754 3770 conceptis
2785 3699 3053 3755 virtutmn
3099 3701 3430 3763 seminibus,
3462 3702 3638 3758 hone-

346 3804 571 3847 storum
600 3791 960 3847 consiliorum
994 3799 1050 3844 et
1077 3805 1200 3860 qua:
1225 3791 1351 3845 inde
1382 3793 1644 3846 oriuntur
1677 3792 1959 3847 actionum
1988 3789 2283 3859 quamdam
2310 3789 2465 3860 quasi
2497 3795 2739 3858 segetem
2773 3787 3038 3857 proferat.
3063 3787 3195 3854 Quae
3224 3788 3270 3842 si
3298 3803 3394 3858 per
3413 3804 3634 3844 omnem

345 3881 535 3933 aetatis
568 3889 676 3932 tuae
709 3878 1030 3939 decursum,
1065 3891 1229 3946 quem
1271 3877 1347 3931 ita
1384 3878 1705 3933 moderatus
1738 3894 1799 3933 es
1829 3887 1890 3931 ut
1925 3878 2156 3933 honesta
2194 3880 2414 3949 negotia
2455 3877 2781 3933 suavissimo
2817 3877 2933 3931 otio
2962 3891 3183 3946 semper
3221 3877 3631 3946 anteposueris,

345 3966 675 4036 singulatim
701 3964 982 4034 explicare
1015 3963 1463 4033 studeam,~opus
1484 3966 1665 4020 ~lliade
1707 3966 1973 4035 prolixius
2020 3965 2158 4019 mihi
2198 3977 2490 4031 nascetur,
2519 3972 2576 4019 et
2604 3976 2711 4018 tua:
2741 3979 2908 4018 aures
2935 3965 3068 4017 satis
3114 3964 3235 4018 scio
3266 3979 3376 4018 non
3426 3963 3630 4020 ferent.

338 4055 487 4122 Quae
518 4055 690 4124 igitur
716 4055 927 4107 calamo
953 4051 1042 4106 vel
1081 4061 1172 4105 tua
1203 4052 1461 4107 voluntas
1496 4054 1580 4108 vel
1615 4067 1735 4108 mea
1764 4053 2101 4108 verecundia
2148 4063 2333 4123 negat,
2362 4068 2426 4108 ea
2476 4051 2821 4122 posteritatis
2858 4051 3210 4106 sermonibus
3249 4052 3335 4106 vel
3374 4052 3544 4106 invito
3581 4064 3634 4107 te

344 4143 806 4200 celebrabuntur.
837 4141 985 4195 Idem
1011 4139 1157 4194 enim
1186 4141 1483 4210 est-gloriae
1511 4141 1660 4210 quod
1689 4141 1955 4196 crocodili
1993 4140 2274 4210 ingenium
2309 4158 2323 4195 :
2356 4149 2656 4209 sequentes
2684 4139 2846 4208 fugit,
2874 4136 3150 4208 fugientes
3174 4140 3449 4209 sequitur.
3479 4139 3631 4193 Nihil

345 4240 440 4304 (ut
466 4233 800 4302 eioqueutite
826 4232 1099 4288 Romanae
1145 4244 1346 4300 parens
1383 4230 1641 4301 testatur)
1687 4232 1754 4284 de
1787 4228 2101 4299 insignibus
2150 4229 2215 4280 ad
2265 4226 2484 4280 laudem
2520 4227 2657 4280 viris
2689 4226 2927 4279 obscure
2975 4226 3220 4280 nuntiari
3256 4227 3436 4280 solet:
3472 4227 3631 4282 fama:

345 4335 519 4375 nemo
555 4332 798 4387 unquam
830 4318 1107 4387 imperare
1136 4317 1338 4386 potuit.
1366 4316 1490 4371 Non
1527 4317 1738 4387 patitur
1760 4317 1851 4371 illa
1883 4314 2106 4370 flesiodi
2133 4312 2236 4367 dea
2270 4313 2374 4367 sibi
2404 4313 2593 4368 frenos
2623 4312 2774 4383 iujici
2811 4330 2824 4365 :
2863 4313 3115 4382 loquitur
3149 4321 3206 4367 et
3231 4313 3451 4377 clamat,
3476 4315 3627 4368 utab

345 4411 466 4474 ipsa
516 4407 848 4477 posteritate
874 4420 982 4459 vox
1010 4406 1133 4475 ejus
1164 4404 1445 4458 audiatur.
1475 4405 1807 4460 Praedicahit
1853 4404 1943 4459 illa
1975 4420 2084 4458 non
2125 4411 2338 4457 tantum
2369 4416 2694 4455 ornamenta
2727 4403 2986 4466 fortunat,
3022 4402 3095 4455 ob
3123 4417 3247 4472 qua:
3275 4417 3401 4456 cum
3433 4402 3631 4457 beatus
3722 4399 3732 4409 ’

344 4495 630 4558 habeatis,
663 4502 723 4547 tu
765 4508 832 4547 ea
882 4493 1098 4546 umbras
1142 4493 1418 4562 parietum
1466 4507 1794 4562 comparare
1826 4492 1992 4552 soles,
2025 4491 2122 4545 sed
2170 4499 2227 4545 et
2271 4491 2479 4560 ingenii
2522 4489 2963 4561 magnitudinem
2999 4499 3056 4545 et
3091 4491 3442 4561 prudentiam
3476 4502 3628 4545 tuam

344 4580 844 4649 periculosissimis
882 4579 1226 4649 temporibus
1263 4582 1318 4632 in
1350 4595 1409 4634 re
1443 4588 1500 4634 et
1533 4581 1755 4648 publica
1785 4591 1840 4635 et
1867 4580 2102 4650 privata,
2136 4580 2304 4632 animi
2338 4580 2710 4633 constantiam
2748 4589 2805 4633 et
2836 4580 3269 4649 mquabilitatem
3303 4578 3359 4634 in
3392 4590 3631 4649 utraque

340 4669 595 4731 fortuna,
625 4665 680 4721 in
713 4665 1072 4735 amplissimis
1099 4666 1323 4736 opibus,
1351 4681 1489 4734 quas
1527 4681 1559 4719 a
1586 4667 1886 4735 majoribus
1912 4675 2167 4734 acceptas
2193 4674 2248 4719 et
2282 4666 2523 4720 feliciter
2553 4668 2897 4722 conservasti
2932 4676 2989 4721 et
3016 4667 3138 4721 sine
3180 4667 3509 4737 cujusquam
3544 4668 3631 4722 in-

337 4754 492 4826 juria
516 4752 877 4824 amplificasti
905 4763 963 4808 et
988 4753 1053 4807 ad
1086 4753 1226 4807 bene
1258 4755 1587 4806 merendum
1613 4755 1679 4805 de
1709 4754 1898 4807 multis
1929 4753 2235 4817 contulisti,
2264 4769 2387 4808 eam
2416 4754 2746 4809 modestiam
2774 4764 2829 4807 et
2855 4754 3027 4809 debiti
3050 4755 3214 4810 etiam
3248 4755 3475 4809 honoris
3495 4771 3632 4810 con-

344 4852 646 4912 temptum,
677 4841 772 4910 qui
816 4841 900 4894 vel
947 4841 1005 4895 in
1044 4839 1251 4895 infimis
1281 4839 1607 4894 hominibus
1640 4854 1763 4893 raro
1798 4841 2114 4908 invenitur;
2154 4856 2257 4896 nec
2289 4842 2491 4897 tacebit
2538 4841 2623 4895 vel
2674 4843 3074 4912 benignitatem
3128 4856 3254 4911 erga
3288 4843 3523 4897 miseros
3570 4854 3629 4897 et

339 4930 606 4993 amictos,
639 4931 727 4983 vel
752 4929 1142 4984 liberalitatem
1170 4944 1297 5000 erga
1347 4929 1629 4984 studiosos
1670 4937 1721 4984 et
1754 4929 1946 4984 doctos
1976 4945 1990 4983 :
2027 4929 2082 4983 iu
2114 4944 2226 4997 quo
2257 4944 2493 4985 numero
2521 4930 2567 4984 si
2618 4932 2744 4999 quis
2789 4929 2927 4984 mihi
2976 4931 3133 4984 locus
3162 4938 3268 4993 est,
3301 4938 3355 4984 et
3402 4929 3447 4984 si
3480 4929 3628 4985 inter

339 5017 662 5079 Luscinios,
688 5016 945 5080 Carinos,
981 5015 1295 5081 Tonneros,
1331 5016 1587 5083 Streitos,
1618 5014 1897 5084 Siphanos
1928 5024 2094 5086 atque
2122 5017 2261 5071 alios
2288 5018 2627 5087 complures,
2656 5019 2751 5087 qui
2787 5027 2881 5072 tua
2913 5016 3298 5073 munificentia
3335 5017 3623 5084 fruuntur,

338 5104 628 5161 numerari
659 5118 879 5158 mereor
904 5106 990 5169 (ut
1014 5114 1199 5158 autem
1228 5118 1462 5168 merear,
1493 5113 1582 5157 tua
1615 5103 1931 5158 humanitas
1955 5104 2140 5173 potius
2163 5119 2328 5174 quam
2359 5121 2480 5158 mea
2511 5105 2753 5176 dignitas
2784 5105 2964 5176 facit),
2990 5116 3047 5159 et
3067 5119 3172 5176 ego
3204 5119 3406 5161 nomen
3437 5118 3622 5160 meum

337 5209 409 5250 ex
440 5195 587 5264 grati
610 5191 784 5245 animi
809 5189 989 5245 officio
1025 5190 1272 5260 profiteri
1308 5191 1504 5251 debeo.
1536 5190 1631 5260 qui
1664 5202 1787 5260 post
1820 5191 2024 5246 multas
2051 5207 2328 5247 mrutnuas
2357 5200 2449 5247 tua
2489 5193 2852 5258 liberalitate,
2879 5194 2974 5248 Vir
3005 5192 3370 5262 amplissime,
3399 5193 3619 5248 tandem

340 5284 450 5337 hoc
483 5289 824 5336 consecutus
856 5279 1068 5343 videor,
1097 5289 1160 5349 ut
1188 5281 1255 5333 ad
1282 5294 1478 5335 omnes
1519 5278 1757 5334 fortunae
1800 5292 1981 5344 casus,
2015 5280 2109 5348 qui
2148 5280 2284 5334 varii
2331 5281 2677 5349 impendent,
2710 5280 2923 5352 aliquid
2966 5281 3145 5351 parati
3196 5280 3432 5336 subsidii
3486 5279 3618 5351 (nisi

336 5367 521 5423 fatalis
552 5367 739 5436 aliqua
769 5365 1055 5421 calamitas
1086 5368 1489 5437 intercesserit)
1522 5382 1610 5422 me
1644 5366 1848 5421 habere
1881 5366 2156 5421 confidam
2183 5387 2195 5421 :
2226 5378 2283 5423 ct
2304 5368 2399 5423 hic
2425 5385 2628 5434 annus,
2653 5370 2745 5423 cui
2782 5380 2841 5423 tu
2870 5379 3131 5438 tanquam
3165 5370 3406 5424 salutare
3435 5367 3618 5437 quod-

334 5456 464 5515 dam
489 5455 645 5509 sidus
674 5453 962 5515 aﬂ'ulsisti,
988 5454 1043 5510 id
1074 5454 1211 5507 mihi
1233 5455 1506 5521 attulerit,
1532 5452 1679 5524 quod
1706 5469 1806 5523 per
1833 5468 2053 5509 omnem
2083 5464 2300 5510 aetatem
2338 5456 2595 5512 exhausti
2620 5455 2841 5512 labores
2872 5471 2986 5510 non
3017 5457 3398 5511 contulerunt.
3430 5455 3506 5509 lta
3529 5470 3618 5510 res

334 5545 455 5615 ipsa
485 5559 575 5598 me
607 5543 794 5604 docet,
830 5542 998 5596 nimis
1030 5556 1222 5596 verum
1250 5542 1385 5597 illud
1412 5557 1536 5599 esse
1561 5541 1719 5612 Regii
1749 5542 1902 5597 Vatis
1926 5543 2236 5611 oraculum,
2273 5544 2371 5614 qui
2399 5544 2603 5598 frustra
2638 5553 2767 5599 ante
2802 5544 2982 5598 lucem
3017 5545 3168 5614 surgi
3202 5550 3259 5597 et
3292 5557 3491 5612 panem
3522 5558 3620 5598 co-

334 5632 481 5688 medi
504 5629 742 5691 doloris,
776 5630 949 5683 Deum
978 5638 1162 5683 autem
1198 5629 1312 5684 suis
1327 5629 1420 5684 vel
1452 5630 1860 5685 dormientibus
1886 5631 2244 5700 suppeditare
2270 5631 2453 5685 omnia
2481 5630 2791 5687 confirmat.
2822 5631 2937 5687 Etsi
2966 5641 3149 5684 autem
3184 5631 3239 5685 in
3271 5640 3422 5685 tanto
3447 5645 3617 5700 opere

334 5737 516 5791 neque
542 5718 851 5773 dormitare
879 5731 1063 5785 neque
1120 5716 1365 5771 dormire
1410 5717 1684 5779 nimium,
1714 5733 1778 5771 ac
1828 5731 1897 5771 ne
1946 5718 2282 5774 valetudinis
2311 5721 2534 5789 quidem
2582 5736 2800 5791 semper
2856 5721 3123 5775 rationem
3207 5720 3408 5774 habere
3460 5720 3617 5776 licuit

335 5812 485 5877 (nam
511 5808 653 5863 alias
684 5819 973 5875 nunquam
1008 5813 1221 5860 tantum
1250 5807 1511 5862 volumen
1546 5807 1765 5862 tantillo
1796 5807 1980 5877 spatio
2014 5807 2277 5877 trmporis
2307 5808 2712 5879 absolvisscm),
2749 5819 2952 5874 tamen,
2986 5810 3031 5865 si
3065 5808 3120 5864 hi
3145 5809 3337 5865 decen:
3369 5822 3610 5875 menses,
