4098 6434
507 347 583 411 39
1787 347 2079 411 IOANNI:

2183 347 2470 409 ONAR/E
3688 346 3764 411 40

505 462 714 528 quibus
756 462 810 516 in
846 463 948 519 hac
979 462 1366 520 lucubratione
1388 466 1737 521 continenter
1766 465 2017 530 elaboro,
2054 480 2180 521 cum
2209 466 2359 520 omni
2403 472 2655 520 anteacta
2684 465 2792 519 vita
2835 480 2953 519 mea
2986 471 3401 536 comparentur,
3431 465 3596 536 plane
3639 463 3770 519 dor-

505 551 733 609 mientis
762 562 880 607 rete
914 553 1145 607 traxisse
1173 552 1387 619 videor,
1419 570 1616 625 meque
1641 554 1839 625 insigni
1871 554 2143 610 beneﬁcio
2168 564 2263 608 tuo
2288 554 2606 608 devinctum
2630 567 2749 608 esse
2786 553 2892 607 hoc
2919 552 3141 623 publico
3171 564 3536 625 monumento
3572 561 3766 618 testor,

507 640 656 709 quod
693 649 783 693 tua
808 639 1189 694 muniﬁcentia
1214 641 1482 696 studiosis
1517 643 1874 696 historiarum
1909 658 2057 695 nunc
2093 642 2331 711 primum
2366 643 2828 698 communicatur.
2862 643 3017 697 Faxit
3049 643 3196 698 Deus
3224 643 3468 712 optimus
3497 643 3770 697 maximus

508 737 570 780 ut
603 741 783 795 neque
819 735 870 779 te
899 734 1221 795 sumptuum
1254 738 1529 782 tantorum
1565 744 1744 797 neque
1778 743 1863 801 me
1894 727 2144 781 laborum
2179 731 2479 798 paeniteat;
2510 731 2767 800 idemque
2800 738 2848 783 te
2874 745 3000 784 cum
3034 721 3227 785 liberis
3257 732 3366 785 tuis
3399 728 3772 784 ornatissimis

510 817 733 881 totaque
765 814 1103 882 amplissima
1134 814 1457 885 Fuggerana
1483 815 1689 869 familia
1713 829 1880 884 quam
1909 815 2221 870 diutissime
2250 817 2580 871 incolumem
2614 829 2670 871 et
2696 818 2985 872 ﬂorentem
3023 826 3333 872 conservet.
3357 818 3617 890 Augusta;
3639 816 3743 871 Vin

508 901 839 967 delicorum,
872 917 939 957 ex
971 902 1309 959 bibliotheca
1344 903 1505 959 herili
1543 919 1558 956 :
1592 903 1859 958 Kalendis
1884 902 2235 967 Novembris,
2271 920 2418 958 anno
2454 920 2485 958 a
2523 904 2822 960 Nativitate
2856 905 3076 960 Domini
3106 904 3341 959 MDLVI.

528 1103 1884 1485 ῙΩΑΝΝΟΥ
1963 1276 2496 1485 ΤΟΥ
2588 1279 3639 1490 ΖΩΝΑΡΑ

1694 1580 2627 1716 ΧΡΟΝΙΚΟΝ.

1119 1996 2035 2181 JOANNIS

2183 1997 3126 2186 ZONABAZ

1741 2321 2522 2458 ANNALES.

899 2744 944 2813 ι
987 2739 1667 2835 ΡΜΕΡΑΤΙΟ.

566 2902 836 2975 Equidem
854 2905 1001 2963 haud
1018 2908 1204 2979 inepte
1222 2909 1390 2966 rideri
1407 2926 1629 2982 queam,
1649 2921 1710 2968 ut
1726 2916 2088 2985 supervacuis

500 2999 561 3054 in
598 2999 765 3054 rebus
810 3000 1004 3070 magis,
1045 3015 1210 3071 quam
1264 3001 1323 3056 in
1374 3004 1703 3060 necessariis
1762 3016 2084 3077 occupatus.

498 3087 857 3159 Posteaquam
874 3091 1023 3146 enim
1048 3105 1079 3146 e
1120 3091 1303 3147 medio
1332 3095 1575 3160 excessi,
1602 3096 1881 3166 vitamque
1910 3098 2087 3169 delegi

494 3183 821 3247 solitariam,
835 3192 1103 3254 perpetuo
1116 3184 1253 3240 mihi
1272 3185 1373 3257 ipsi
1393 3188 1543 3241 velut
1557 3188 1747 3243 exsilio
1765 3189 2095 3258 ἱηειίοιοῌό-

494 3288 604 3345 que
638 3274 784 3329 illius
804 3286 941 3331 nutu
966 3292 1277 3348 arcanoque
1306 3279 1538 3335 consilto
1556 3280 1782 3344 factum,
1801 3284 1894 3352 qui
1921 3298 2087 3352 supra

497 3381 599 3422 nos
627 3377 730 3431 est,
765 3369 943 3438 ruptis
975 3369 1211 3425 vinculis
1242 3373 1398 3439 meis,
1430 3373 1745 3443 ercptisque
1783 3375 1919 3428 mihi
1953 3374 2088 3429 eba-

496 3458 755 3528 rissimis,
778 3475 903 3517 cum
929 3461 1118 3516 dolore
1135 3462 1382 3532 quidem,
1415 3464 1627 3520 utiliter
1660 3465 1886 3534 tamen),
1904 3467 2089 3521 omni-

495 3553 571 3603 no
591 3551 1278 3621 mejampridem,omissis
1309 3552 1566 3622 negotiis,
1590 3553 1877 3623 turbisque
1910 3568 2081 3623 repu-

494 3640 680 3708 diatis,
715 3641 853 3696 nihil
884 3642 1031 3697 aliud
1058 3651 1292 3698 tractare
1322 3643 1707 3710 conveniebat,
1731 3644 1838 3698 nisi
1865 3659 1928 3699 ea
1958 3659 2081 3712 quae

491 3732 738 3787 animum
759 3738 1038 3802 excolunt,
1058 3744 1115 3790 et
1140 3750 1167 3788 a
1208 3736 1439 3791 maculis
1461 3751 1755 3806 pravarum
1795 3738 2082 3791 actionum

492 3827 851 3882 assuetudine
901 3828 953 3897 2
977 3827 1265 3897 impressis
1289 3838 1545 3898 purgant,
1577 3843 1810 3898 quaeque
1861 3827 2075 3882 Numen

492 3919 752 3973 infestum
784 3920 921 3973 mihi
966 3919 1038 3974 ob
1069 3920 1188 3990 ejus
1226 3930 1498 3991 praecepta
1549 3920 1772 3981 violata,
1807 3929 1863 3974 et
1893 3920 2087 3975 deser-

492 4018 604 4063 tam
639 4010 868 4080 justitiae
916 4011 1062 4065 viam
1102 4011 1324 4081 placare
1377 4021 1604 4082 queant,
1638 4012 1820 4081 itaque
1851 4011 2079 4068 delicto-

493 4119 613 4156 rum
663 4105 877 4158 veniam
936 4104 1262 4173 impetrare.
1322 4104 1432 4175 Ego
1484 4118 1616 4158 vero
1658 4106 1801 4173 (quae
1848 4119 1968 4158 mea
2008 4107 2074 4160 ad

488 4204 638 4249 recte
698 4194 1020 4250 faciendum
1078 4194 1333 4249 socordia
1382 4199 1486 4262 est)
1544 4197 1711 4249 rebus
1744 4195 2077 4251 necessariis

488 4286 777 4357 neglectis,
819 4287 873 4341 in
922 4287 1283 4357 supervacuis
1313 4285 1564 4341 claboro.
1612 4285 1840 4349 Tamen,
1887 4295 1943 4339 ut
1974 4302 2076 4357 pro

487 4379 596 4433 mei
632 4377 956 4434 defensione
992 4379 1206 4448 aliquid
1252 4378 1480 4432 afferam
1518 4396 1532 4432 :
1577 4394 1689 4433 non
1730 4379 1944 4448 meapte
1976 4394 2079 4434 au-

486 4470 744 4525 ctoritate
767 4480 1088 4541 susceptum
1124 4472 1230 4526 hoc
1264 4486 1407 4539 opus
1435 4480 1539 4536 est,
1573 4472 1667 4526 sed
1695 4472 1917 4525 hortata
1942 4473 2100 4569 ami-‘

486 4575 681 4615 eorum
731 4564 872 4633 :qui
909 4578 1037 4618 cum
1095 4577 1184 4617 me
1242 4562 1436 4618 otium.
1475 4578 1639 4631 agere
1689 4563 1964 4627 viderent,
2020 4562 2093 4660 id,

486 4652 711 4707 aiebant
744 4653 800 4708 in
847 4655 1132 4725 negotium
1185 4655 1413 4724 aliquod
1472 4670 1596 4710 esse
1649 4654 2073 4720 conferendum,

486 4744 632 4813 quod
665 4753 721 4799 et
772 4746 1169 4818 rempublicam
1195 4748 1439 4818 juvaret,
1462 4747 1712 4817 etipsum
1735 4762 1957 4817 quoque
1988 4748 2075 4802 tli-

484 4835 674 4890 vinum
708 4838 841 4892 mihi
894 4838 1183 4908 praemium
1226 4840 1574 4894 conciliaret.
1620 4839 1914 4894 Addebant
1956 4855 2074 4905 eos,

486 4926 583 4995 qui
632 4926 886 4984 historiis
931 4937 989 4983 et
1045 4929 1216 4985 rebus
1269 4931 1403 4985 olim
1460 4930 1635 5000 gestis
1695 4931 2078 4986 describendis

483 5017 857 5086 laborassent,
902 5022 1102 5091 partim
1149 5038 1277 5077 cum
1309 5024 1415 5077 alia
1462 5023 1606 5078 facta
1653 5035 1924 5089 veterum,
1960 5035 2075 5081 tum

485 5120 876 5181 Etrategemata
924 5115 1194 5183 prolixius
1251 5115 1663 5185 conscripsisse,
1706 5125 1872 5186 atque
1929 5118 2077 5174 acies

489 5202 791 5259 insrructas
829 5242 845 5268 ,
918 5207 1265 5260 exercituum
1363 5206 1705 5273 conﬂictus,
1776 5219 2076 5265 castrame-

486 5294 764 5361 tationes,
800 5311 1028 5365 aggeres
1073 5298 1363 5363 excitatos,
1408 5308 1460 5352 et
1488 5298 1624 5354 alias
1686 5298 1853 5370 hujus
1909 5315 2075 5371 gene-

2110 2742 2159 2797 Δ

2639 2747 3308 2837 ΠΡΟΟΙΜΙΟΝ.

2212 2905 2336 2959 .A'.
2406 2906 2691 2978 Εὐστόχως
2742 2909 2808 2963 ἄν
2852 2926 2938 2973 τις
3005 2909 3195 2975 εἴποι,
3247 2907 3603 2972 ἐπιτωθάζων
3653 2922 3769 2976 μοι,

2188 2998 2373 3066 μεῖζόν
2405 3016 2486 3052 σοι
2517 2999 2612 3053 τοῦ
2666 3001 2828 3073 ἔργοιο
2872 3003 2933 3054 τδ
2980 3003 3276 3073 πάρεργον.
3325 3002 3472 3055 Ἔδει
3512 3001 3622 3071 γάρ
3674 3016 3768 3070 με.

2188 3089 2262 3152 ὡς
2316 3093 2533 3161 ἀληθῶς
2589 3093 2757 3149 πάλαι
2815 3095 2924 3149 τῶν
2965 3097 3307 3167 πραγμάτων
3345 3095 3639 3164 ἀφέμενον,
3674 3091 3773 3145 καὶ

2185 3176 2537 3248 τυρδάξεται“
2556 3181 2956 3253 ἀποσχόμενον,
3013 3183 3108 3238 καὶ
3156 3183 3250 3236 τοῦ
3304 3184 3472 3252 μέσου
3530 3198 3768 3251 μετανα-

2186 3270 2468 3336 στεύοντα,
2501 3275 2593 3327 καὶ
2621 3275 2744 3329 καθ’
2766 3277 2957 3330 ἑαυτὸν
2986 3277 3244 3347 ἑλόμενον
3288 3276 3409 3348 ζῇν,
3474 3274 3769 3345 ἀειφυγίαν

2185 3379 2244 3413 τε
2281 3362 2477 3416 ἑαυτοῦ
2532 3365 3056 3438 καταψηφισάμενον
3115 3366 3281 3435 (οὕτω
3335 3366 3404 3421 τά
3452 3365 3576 3420 καθ’
3619 3365 3771 3434 ἡμᾶς

2185 3456 2643 3527 οἱκονομήσαντος
2670 3458 2764 3513 τοῦ
2797 3458 2939 3531 ὑπὲρ
2963 3461 3133 3530 ἡμᾶς,
3166 3460 3355 3530 ἐπειδὴ
3387 3461 3512 3523 τοὺς
3532 3456 3769 3527 δεσμούς

2187 3564 2289 3617 μου
2323 3547 2598 3618 διέρρηξε,
2634 3549 2742 3603 τῶν
2770 3549 3043 3620 φιλτάτων
3078 3550 3351 3620 στερήσας
3388 3565 3479 3618 με,
3516 3543 3599 3610 οἷς
3628 3542 3771 3600 οἶδεν

2182 3641 2392 3703 ἐκεῖνος
2446 3640 2648 3709 λόγοις,
2699 3641 2966 3712 ἀλγεινῶς
3017 3642 3118 3715 μὲν
3167 3643 3313 3713 ἐμοὶ,
3375 3641 3771 3712 συμφερόντως

2180 3731 2226 3783 δ’
2257 3731 2429 3801 ὅμως)
2473 3732 2642 3803 μηδὲν
2682 3732 2871 3806 ἕτερον
2911 3736 3174 3805 μετιέναι,
3212 3735 3244 3805 ἢ
3286 3734 3387 3788 ὅσα
3421 3733 3600 3805 ψυχὴν
3637 3750 3771 3786 κατ-

2182 3823 2465 3893 αρτίζουσι
2520 3825 2615 3878 καὶ
2676 3825 3006 3898 καθαίρουσι
3059 3827 3171 3880 τῶν
3232 3826 3574 3880 ἐντακέντων
3627 3825 3767 3895 αὑτῇ

2185 3913 2549 3984 μολυσμάτων
2585 3916 2673 3970 διὰ
2703 3918 3017 3988 φαυλότητα
3054 3917 3330 3987 πράξεων,
3364 3918 3458 3972 καὶ
3505 3919 3644 3971 ἄττα
3676 3916 3768 3981 ἑξ-

2190 4003 2461 4059 ιλεοῦνται
2509 4006 2570 4059 τὸ
2594 4006 2758 4072 θεῖον,
2788 4009 2874 4075 ἐφ’
2911 4003 2992 4072 οἷς
3037 4009 3405 4079 παρόργισται
3431 4009 3562 4078 παρ’
3605 4008 3768 4079 ἐμοῦ,

2184 4099 2637 4169 παραϐεϐηκότος
2655 4099 2755 4164 τὰς
2776 4100 2994 4164 ἐντολὰς
3012 4099 3202 4162 αὑτοῦ,
3218 4101 3397 4154 καὶτὰ
3414 4099 3766 4169 δικαιώματα

2182 4192 2275 4244 καὶ
2296 4189 2480 4261 ζητεῖν
2499 4190 2644 4244 οὕτω
2662 4190 2991 4263 συγγνώμην
3010 4190 3104 4244 ἐπὶ
3117 4193 3227 4254 τοῖς
3246 4191 3606 4261 πταίσμασιν.
3624 4191 3766 4261 Ἐγὼ

2181 4285 2224 4337 δ’
2251 4284 2470 4352 ἀμελῶς
2492 4284 2630 4356 πρὸς
2649 4284 2712 4338 τὸ
2730 4284 2890 4354 ἔργον
2907 4286 2971 4336 ὲκ
2995 4284 3092 4350 τῆς
3120 4283 3261 4354 πρὸς
3275 4284 3344 4337 τὰ
3366 4284 3508 4339 καλά
3526 4287 3766 4355 νωτριάς

2181 4374 2576 4443 διατιθέμενος,
2610 4374 2741 4445 περὶ
2770 4373 2831 4427 τδ
2855 4375 3133 4445 πάρεργον
3161 4375 3449 4429 κατέτεινα
3475 4375 3575 4445 τὴν
3598 4392 3764 4429 σπου-

2180 4466 2300 4537 δήν.
2321 4466 2464 4521 Ἀλλ’
2490 4469 2577 4521 ἴνα
2596 4485 2650 4520 ’τι
2667 4468 2761 4520 καὶ
2781 4466 3341 4538 ὑπεραπολογήσομαι
3369 4468 3634 4538 ἐμαυτοῦ,
3662 4470 3765 4522 οὐκ

2181 4559 2391 4614 οἴκοθεν
2420 4557 2688 4631 ὡρμήθην
2719 4561 2854 4631 πρὸς
2879 4559 2942 4614 τὸ
2977 4560 3307 4632 ἐγχείρημα.
3346 4562 3577 4632 ’Ἄνδρες
3606 4562 3664 4615 δέ
3694 4579 3761 4632 με

2182 4654 2325 4721 φίλοι
2354 4653 2491 4724 πρὸς
2520 4653 2683 4707 τοῦτο
2707 4653 3051 4725 παρέθηξαν,
3087 4654 3418 4724 σχολάζοντα
3443 4654 3757 4724 βλέποντες,

2181 4746 2276 4798 καὶ
2303 4745 2505 4816 χρῆσαι
2532 4745 2784 4815 λέγοντες
2814 4748 2880 4816 τῇ
2931 4746 3097 4818 σχολῇ
3132 4746 3269 4816 πρὸς
3304 4746 3466 4816 ἔργον
3496 4763 3763 4816 κοινωφε-

2180 4837 2289 4901 λὲς,
2323 4840 2415 4891 καὶ
2445 4837 2700 4905 κείσηταί
2738 4854 2821 4890 σοι
2865 4853 2918 4889 τι
2953 4837 3061 4891 κάκ
3108 4838 3299 4891 τούτου
3330 4839 3469 4908 πρὸς
3503 4840 3597 4892 τοῦ
3619 4839 3758 4893 Θεοῦ

2179 4930 2556 5001 ἀνταπόδομα.
2590 4929 2951 5003 Προσεπῆγον
2981 4933 3111 5005 γὰρ,
3144 4930 3219 4995 ὡς
3248 4932 3298 4985 οἱ
3324 4932 3453 5002 περὶ
3482 4932 3581 4995 τὰς
3617 4933 3763 4985 ἱστο-

2183 5023 2304 5093 ρίας
2329 5023 2690 5094 πονήσαντες,
2713 5022 2806 5076 καὶ
2837 5022 2908 5075 τὰ
2934 5023 3103 5077 πάλαι
3135 5023 3403 5093 γενόμενα.
3435 5022 3762 5095 συγγραψά-

2181 5132 2357 5185 μενοι,
2391 5116 2439 5168 οί
2483 5114 2582 5185 μὲν
2621 5114 3065 5184 διεξοδικώτερον
3100 5116 3199 5178 τάς
3240 5133 3299 5168 τε
3337 5114 3500 5177 ἄλλας
3531 5116 3763 5186 πράξεις

2179 5206 2291 5260 τῶν
2325 5206 2572 5261 παλαιῶν
2594 5205 2827 5278 ἀνδρῶν,
2856 5206 3044 5261 καὶτὰ
3079 5207 3515 5279 στρατηγήματα
3557 5224 3762 5275 συγγε-

2181 5296 2428 5368 γράφασι
2472 5295 2810 5367 παρατάξεις
2861 5294 3235 5365 διηγούμενοι,
3283 5295 3377 5347 καὶ
3435 5293 3759 5363 συμπλοκὰς

486 5387 567 5440 ris
630 5402 890 5442 enarrare
954 5405 969 5442 :
1023 5397 1399 5459 praztereaque
1465 5389 1625 5456 loca,
1689 5400 1746 5446 et
1810 5391 2073 5461 impedita

2183 5390 2631 5461 στρατευμάτων,
2655 5390 2750 5444 καὶ
2774 5390 3216 5460 στρατοπεδείας,
3244 5389 3337 5442 καὶ
3365 5390 3636 5459 χάρακας.
3665 5388 3757 5441 καὶ

490 5479 708 5543 itinera,
736 5490 788 5533 et
819 5490 1035 5537 montes
1058 5484 1261 5537 arduos
1287 5494 1452 5553 atque
1482 5483 1814 5548 inaccessos,
1848 5485 2072 5539 vallium

488 5569 617 5623 item
669 5572 971 5640 angustias,
1028 5574 1255 5627 urbium
1312 5573 1673 5635 munitiones,
1723 5584 1779 5628 et
1834 5577 2070 5629 turrium

487 5661 810 5717 altitudines
843 5663 1165 5728 immensas,
1205 5681 1488 5735 propeque
1538 5665 1593 5719 in
1632 5666 1832 5721 cmlum
1881 5680 2071 5735 porre-

488 5761 608 5807 ctas
634 5754 794 5823 quasi
831 5754 1006 5810 oculis
1040 5757 1318 5828 subjicere
1350 5775 1361 5810 :
1395 5758 1595 5827 partim
1634 5758 1839 5827 scripta
1861 5774 1960 5815 sua
2000 5759 2067 5814 ad

2182 5484 2234 5536 εί
2267 5500 2319 5536 τι
2348 5482 2561 5545 τούτοις
2612 5481 2899 5551 ἑπόμενον.
2953 5481 3095 5553 Πρὸς
3137 5481 3196 5534 δὲ
3237 5483 3350 5543 τοῖς
3401 5481 3758 5551 περιηγήσεις

2180 5573 2395 5643 χωρίων
2437 5572 2532 5624 καὶ
2566 5570 2856 5641 δυσχορίας
2884 5569 3041 5635 ὁδῶν,
3074 5570 3167 5623 καὶ
3196 5567 3296 5639 ὅρη
3337 5570 3615 5640 προσάντη
3661 5571 3759 5622 καὶ

2179 5662 2444 5726 δύσϐατα,
2503 5660 2599 5716 καὶ
2646 5660 2904 5715 αὐλώνων
2957 5661 3353 5731 στενοχωρίας,
3409 5664 3502 5715 καὶ
3548 5662 3758 5714 πόλεων

2178 5754 2537 5827 ὀχυρότητας,
2574 5756 2668 5808 καὶ
2701 5754 3090 5825 πυργωμάτων
3116 5751 3224 5824 ὕψη
3257 5756 3531 5825 μετέωρα,
3556 5753 3648 5807 καὶ
3681 5755 3756 5816 ὡς
