4098 6426
535 351 608 414 43
1204 420 1217 429 ,
1828 363 2099 423 JOANNI

2214 363 2329 423 5οΝ
2340 363 2509 423 AR/E
3560 394 3565 399 ο
3734 355 3814 422 44

532 472 887 546 paucissimis
920 476 1406 547 complecteretur,
1439 486 1495 533 ct
1530 478 1832 536 lectoribus
1868 482 2020 536 Velut
2045 482 2109 536 ob

2224 483 2514 542 ἰδιωτικαῖς
2533 479 2742 547 λέξεσιν
2759 479 3112 551 ἐκφέρεσθαι,
3131 480 3164 550 ἢ
3185 479 3276 533 καὶ
3297 477 3594 550 βαρϐάροις
3614 479 3810 538 ἐνίοτε,

533 572 726 625 oculos
752 578 1005 639 poneret.
1035 571 1112 625 Ae
1152 570 1230 625 illi
1274 572 1500 643 quidem
1545 574 1865 644 huiusmodi
1906 574 2109 629 laboris

2229 576 2371 629 ὥστε
2413 575 2666 629 ἐντεῦθεν
2697 573 2877 644 ἀηδῶς
2904 575 3032 638 τοὺς
3064 573 3243 643 λόγοις
3281 572 3635 643 ὡμιληκότας
3673 571 3815 643 πρὸς

530 662 813 733 capiendi,
846 670 903 718 et
929 662 1053 719 talis
1077 662 1262 735 operis
1289 664 1673 721 conscribendi
1703 675 1960 723 auctores
1980 665 2109 723 mihi

2229 669 2370 722 αύτά
2402 667 2762 722 διατίθεσθαι.
2795 666 3038 721 Τοιαῦτα
3080 666 3362 747 λοέγοντες,
3393 665 3486 719 καί
3526 664 3669 718 οὕτω
3699 664 3813 715 τῶν

528 753 708 811 fuere.
2232 760 2524 830 ἱστορικῶν
2562 761 3042 833 συγγραμμάτων,
3066 760 3141 823 ὡς
3170 760 3432 831 είρηται,,
3466 757 3816 825 καθαπτόμε-

530 868 635 916 νοι,
672 852 935 916 πολλάκις
968 870 1036 923 με
1064 853 1382 925 παρέθηγον
1419 854 1519 920 τὰς
1554 855 1772 927 βίϐλους
1798 856 1903 910 ἀνὰ
1930 859 2118 927 χεῖρας
2159 857 2364 924 λαϐεῖν,
2436 861 2532 912 καὶ
2577 860 2933 929 παρεάσαντα
2975 859 3045 912 τὰ
3097 857 3293 923 πολλὰ,
3331 851 3407 911 ὧν
3450 857 3518 909 τὰ
3574 857 3673 927 μὲν
3742 860 3812 927 τῇ

533 944 726 1016 μνήμῃ
762 946 1116 1016 προσιζάνειν
1145 946 1237 1000 διὰ
1257 948 1319 1001 τὸ
1351 947 1558 1019 πλῆθος
1593 949 2013 1019 ἀποπεφύκασι,
2048 952 2118 1004 τὰ
2154 952 2201 1006 δ’
2221 956 2304 1017 είς
2360 953 2518 1007 οὐδὲν
2544 953 2876 1017 τελευτῶσιν
2897 953 3184 1024 ὀνήσιμον,
3208 952 3308 1022 τὴν
3327 951 3385 1005 δέ
3407 967 3469 1019 γε
3528 949 3815 1003 πεπλατυ-

531 1039 740 1111 σμένην
762 1041 1097 1113 ἐπιτεμόντα
1123 1042 1380 1115 διήγησιν
1412 1044 1680 1117 σύντομον
1706 1046 1949 1117 ἱστορίαν
1971 1047 2356 1113 ἐκδεδωκέναι,
2420 1049 2766 1113 συνοπτικῶς
2832 1049 3197 1104 διδάσκουσαν
3238 1048 3363 1107 τοὺς
3432 1045 3690 1105 ἐπιόντας
3757 1048 3816 1097 τὸ

531 1135 712 1203 σύγγρ
742 1147 879 1205 ιμμα
898 1135 970 1189 τὰ
992 1135 1333 1209 καιριώτερα
1354 1138 1467 1193 τῶν
1497 1140 1932 1211 πεπραγμένων,
1966 1141 1998 1209 ἢ
2029 1143 2125 1196 καὶ
2159 1144 2340 1209 ἄλλως
2399 1145 2829 1215 συμϐεϐηκότων
2858 1147 2971 1207 τοῖς
3030 1144 3162 1213 περὶ
3188 1136 3264 1195 ὧν
3290 1143 3322 1210 ἡ
3363 1138 3654 1211 συγγραφὴ
3692 1138 3814 1191 δια-

528 1226 771 1295 λέγεται.
806 1226 1038 1282 Ἐκεῖνοι
1066 1228 1169 1300 μὲν
1197 1227 1293 1284 οὖν
1321 1228 1463 1302 πρὸς
1499 1229 1744 1285 τοιοῦτόν
1773 1248 1842 1303 με
1883 1233 2221 1304 παρεκίνουν
2285 1236 2661 1290 ἀποδύσασθαι
2732 1237 2976 1306 πόνημα,
3041 1237 3137 1288 καὶ
3169 1233 3374 1287 τοιοῦδε
3437 1232 3815 1300 συγγράμμα-

527 1334 622 1380 τος
651 1317 917 1388 ἅψασθαι.

603 1414 667 1470 ll.
701 1413 814 1484 Ego
842 1430 975 1471 vero
1008 1431 1134 1472 eum
1183 1425 1240 1472 et
1273 1418 1505 1475 remisso
1540 1435 1720 1478 essem
1761 1421 1949 1479 animo
1989 1421 2103 1495 (di-

2287 1423 2365 1477 B'.
2414 1422 2557 1491 Ἐγὼ
2583 1422 2640 1476 δὲ
2671 1421 2733 1474 τὸ
2766 1421 2866 1491 μὲν
2894 1418 3183 1487 ἀνειμένος
3215 1416 3315 1486 τὴν
3340 1415 3568 1485 γνώμην
3604 1413 3681 1467 ὢν
3714 1418 3814 1475 (εἷο

528 1520 651 1561 eatu
686 1508 835 1563 enim
880 1507 1031 1578 quod
1066 1522 1156 1563 res
1192 1510 1299 1581 est)
1339 1510 1567 1581 otioque
1608 1510 1855 1580 deditus,
1907 1523 1963 1569 et
1997 1529 2115 1570 rem

526 1615 652 1656 esse
679 1614 965 1655 cernerem
1001 1615 1212 1671 magna:
1241 1603 1648 1673 occupationis,
1679 1603 1732 1675 5
1778 1621 2011 1677 quaeque
2046 1607 2113 1662 li-

528 1691 759 1746 brorum
787 1692 1001 1762 copiam
1032 1694 1362 1764 postularet,
1392 1695 1740 1764 dubitabam,
1759 1700 1901 1754 etab
1918 1716 1986 1756 eo
2028 1716 2118 1757 co-

528 1794 664 1839 natu
716 1785 1108 1842 abborrebam.
1150 1786 1356 1843 Verum
1408 1788 1487 1844 illi
1539 1805 1628 1846 me
1681 1791 1943 1849 vellicare
2001 1809 2116 1849 non

531 1879 687 1950 prius
712 1876 1072 1938 destiterunt,
1100 1895 1264 1948 quam
1294 1880 1652 1951 improbitate
1679 1884 2004 1941 stimulandi
2045 1885 2113 1941 ad

530 1971 951 2042 suscipiendum
999 1987 1141 2043 opus
1175 1974 1398 2028 tandem
1444 1976 1835 2047 pcrpulisscnt.
1886 1976 2028 2033 Nam
2069 1980 2116 2035 si

531 2079 687 2134 aqua:
724 2073 877 2134 gutta
935 2063 1177 2119 subinde
1232 2066 1484 2128 cadendo
1526 2069 1761 2123 solidam
1808 2071 1924 2125 saxi
1963 2071 2118 2127 duri-

533 2157 663 2211 tiem
689 2165 849 2210 cavat
881 2198 897 2223 ,
935 2165 1145 2226 quanto
1178 2158 1352 2227 magis
1380 2160 1557 2214 oratio
1604 2162 1804 2218 crebro
1842 2179 2007 2218 aures
2036 2164 2114 2219 fe-

534 2249 705 2312 riens.
735 2251 902 2304 animi
935 2260 1235 2320 torporem,
1270 2259 1327 2306 et
1357 2252 1566 2322 quietis
1589 2255 1840 2311 studium
1876 2257 2118 2312 excutit?

532 2339 745 2396 Deinde
768 2340 826 2395 in
854 2350 1097 2396 mentem
1140 2342 1278 2397 mihi
1321 2348 1498 2411 venit,
1535 2344 1783 2401 laborem
1832 2348 2022 2412 illum,
2060 2361 2117 2405 et

531 2430 779 2488 historiae
813 2432 1098 2490 scribendi
1131 2438 1576 2507 occupationem,
1598 2438 1812 2511 aliquid
1859 2443 2116 2499 utilitatis

529 2534 587 2580 et
607 2526 750 2581 lucri
781 2525 948 2582 etiam
974 2527 1162 2585 animo
1183 2544 1308 2585 esse
1340 2530 1660 2589 allaturam.
1691 2534 1828 2589 Nam
1854 2538 2116 2607 nequitia:

529 2615 694 2673 ‘latus
723 2619 897 2689 magis
917 2618 1165 2690 aspirare
1193 2620 1381 2677 solent
1405 2624 1575 2678 menti
1606 2625 1946 2695 quiescenti,
1992 2644 2112 2684 ma-

527 2709 825 2782 larumque
873 2713 1273 2784 cogitationum
1329 2724 1388 2772 et
1443 2718 1727 2775 rationum
1789 2722 1929 2776 alias
1972 2723 2114 2779 alios

2228 1518 2459 1588 ρήσεται
2490 1517 2601 1586 γὰρ
2626 1512 2885 1584 τάληθὲς)
2918 1514 3016 1565 καὶ
3040 1508 3296 1583 ῥᾳστώνῃ
3327 1508 3525 1573 συζῶν,
3553 1508 3615 1560 τὸ
3636 1507 3690 1561 δὲ
3716 1508 3813 1560 καὶ

2224 1611 2485 1682 ἀσχολίας
2524 1607 2774 1677 συνορῶν
2810 1606 2872 1658 τί,
2900 1604 3139 1674 πρᾶγμα
3171 1601 3446 1672 δεόμενον,
3480 1600 3573 1653 καὶ
3614 1598 3816 1670 βίϐλων

2224 1702 2464 1767 πολλῶν,
2485 1699 2700 1755 ὤκνουν
2729 1699 2825 1752 κοιλ⁵
2848 1697 3157 1767 ἀνεδυὸμην
3182 1694 3317 1764 πρὸς
3343 1694 3445 1763 τὴν
3469 1692 3811 1761 ἐγχείρησιν.

2224 1794 2292 1848 Oi
2336 1792 2392 1847 δέ
2441 1809 2509 1862 με
2557 1789 2845 1851 νύττοντες
2895 1788 2997 1840 οὐκ
3039 1786 3281 1848 ἀνίεσαν,
3332 1782 3428 1838 καί
3483 1799 3615 1836 ποτε
3672 1782 3815 1853 πρὸς

2223 1883 2453 1955 τοῦργον
2489 1884 2556 1953 τῇ
2585 1880 2694 1934 τῶν
2718 1877 2947 1948 νυγμῶν
2980 1875 3238 1947 συνεχείᾳ
3264 1874 3717 1944 διεγηγέρκασιν.
3752 1873 3814 1924 Ei

2223 1977 2334 2046 γὰρ
2359 1974 2652 2029 κοιλαίνειν
2671 1974 2733 2026 τὸ
2754 1972 2853 2043 τῆς
2881 1970 3090 2041 πέτρας
3115 1967 3355 2039 σκληρὸν
3382 1966 3480 2021 καὶ
3505 1966 3814 2036 άπόκροτιν

2226 2068 2440 2140 ρανίδος
2474 2066 2788 2135 ἐνδελέχεια
2843 2063 3092 2128 δύναται,
3144 2059 3349 2132 μᾶλλον
3405 2059 3473 2113 ἂν
3518 2058 3812 2129 δυνήσεται

2223 2161 2382 2230 λόγος
2409 2157 2696 2230 ἐνδελεχὴς
2730 2158 2799 2211 τὰ
2836 2150 2953 2210 ὦτα
2984 2152 3332 2225 θυροκοπῶν,
3356 2151 3585 2222 γνώμης
3613 2149 3813 2217 διεγεῖ-

2225 2269 2318 2322 ραι
2346 2248 2637 2323 ῥᾳστώνην
2686 2248 2785 2303 καὶ
2831 2248 3127 2317 ἀνειμένην
3169 2244 3516 2316 προαίρεσιν.
3551 2238 3685 2297 Εἷτά
3715 2258 3811 2310 μοι

2224 2345 2320 2399 καὶ
2353 2345 2428 2408 ὡς
2465 2344 2587 2397 οὐδὲ
2621 2342 2757 2413 πρὸς
2779 2340 3017 2412 ψυχικὴν
3038 2338 3308 2409 ὠφέλειαν
3328 2337 3562 2408 ἀκερδὴς
3587 2336 3615 2389 ό
3645 2336 3809 2398 πόνος

2225 2438 2402 2505 ἔσται,
2436 2439 2529 2490 καὶ
2557 2438 2590 2508 ἡ
2627 2436 2753 2507 περὶ
2777 2437 2876 2506 τὴν
2923 2431 3251 2505 συγγραφὴν
3294 2430 3544 2501 ἀσχολία,
3577 2427 3807 2499 ἐλήλυθε

2223 2532 2367 2586 κατά
2393 2529 2540 2584 νοῦν.
2578 2528 2908 2600 Ἦρεμοῦντι
2941 2528 3052 2598 γὰρ
3082 2525 3160 2597 τῷ
3185 2524 3268 2579 νοτ
3296 2525 3374 2597 (5)
3411 2522 3612 2596 μᾶλλον
3644 2521 3806 2576 είωθε

2220 2626 2323 2694 τῆς
2359 2622 2629 2694 πονηρίας
2659 2619 2940 2675 ἐπιπνέειν
2994 2619 3061 2672 τὰ
3108 2615 3418 2688 πνεύματα,
3451 2611 3807 2684 ἐνθυμήσεών

2220 2734 2280 2772 τε
2312 2715 2533 2788 φαύλων
2574 2712 2671 2768 καὶ
2729 2711 3008 2782 λογισμῶν
3057 2710 3248 2764 ἄλλοτε
3276 2709 3455 2764 ἀλλων
3489 2706 3805 2776 ἐπεγείρειν

527 2801 778 2859 excitare
817 2803 1045 2872 ﬂuctus,
1100 2822 1338 2878 eamque
1388 2811 1744 2868 continenter
1798 2814 2109 2871 invadenda

2218 2806 2508 2868 κλυδώνια,
2539 2805 2635 2858 καὶ
2658 2801 3100 2866 καταϐαπτίζειν
3127 2800 3291 2854 αὐτὸν
3317 2803 3382 2871 τῇ
3421 2798 3675 2870 συνεχείᾳ
3694 2797 3805 2850 τῶν

530 2894 879 2969 demergere,
928 2908 986 2955 et
1023 2911 1122 2956 aut
1163 2903 1219 2957 in
1270 2914 1498 2974 peccata
1542 2905 1828 2978 impellere
1877 2909 1943 2980 (si
1969 2909 2115 2966 laeto

530 2988 740 3057 minus,
800 3004 857 3045 at
899 2992 1155 3065 assensu)
1200 3004 1298 3050 aut
1347 2996 1625 3053 undarum
1667 2999 1724 3054 in
1755 3015 1822 3056 ea
1861 3017 2112 3073 magnam

530 3079 886 3149 agitationem
942 3097 1008 3137 ac
1074 3086 1373 3141 tumultum
1438 3103 1813 3147 commovere.
1879 3092 2117 3151 Animus

531 3179 717 3225 autem
741 3174 909 3230 certis
941 3176 1182 3247 negotiis
1220 3190 1526 3250 occupatus
1562 3182 1806 3253 ell'ngere
1834 3184 1948 3242 fere
1975 3187 2117 3242 solet

532 3265 832 3320 multarum
889 3268 1289 3339 cogitationum
1362 3286 1769 3344 pravarumque
1836 3278 2113 3348 cupidita-

534 3365 649 3409 tum
706 3357 1045 3414 decnmanos
1093 3360 1315 3417 lluctns.
1361 3363 1536 3433 Igitur
1621 3375 1738 3421 tum
1805 3371 2111 3426 amicorum

530 3449 1033 3518 cohortationibus,
1065 3462 1180 3507 tum
1247 3455 1500 3514 sordidas
1559 3469 1656 3514 aut
1705 3459 1901 3516 inanes
1951 3479 2115 3520 curas

529 3542 845 3612 expellendi
908 3545 1131 3611 studio,
1192 3545 1261 3601 ad
1326 3562 1468 3617 opus
1528 3548 1636 3605 hoc
1696 3552 2113 3622 suscipiendum

529 3648 652 3690 sum
702 3634 996 3692 adductus.
1045 3636 1236 3707 Itaque
1290 3638 1498 3695 factum
1545 3651 1650 3705 est,
1686 3652 1745 3698 ut
1787 3644 1929 3699 banc
1982 3663 2113 3717 pro-

527 3725 769 3781 vinciam
845 3729 1177 3798 acciperem.
1239 3729 1396 3797 Quod
1465 3731 1513 3787 si
1582 3734 1767 3789 ntinus
1840 3737 2113 3807 exquisite

526 3816 791 3886 perfectae
832 3816 1041 3872 fuerint
1082 3818 1269 3889 operis
1299 3819 1467 3892 hujus
1504 3821 1734 3893 singula:
1773 3810 1980 3895 partes,
2023 3844 2117 3884 ve-

529 3907 678 3963 niam
716 3924 747 3963 a
778 3909 1081 3965 lectoribus
1107 3920 1258 3981 pcto.
1299 3912 1580 3970 Fortassis
1608 3916 1757 3971 enim
1792 3918 1848 3973 in
1884 3919 1989 3975 hoc
2021 3938 2110 3976 se-

529 4012 689 4054 cessu
716 4015 865 4055 nunc
894 4000 1078 4070 agenti
1111 4000 1270 4065 mibi,
1313 4017 1493 4073 neque
1534 4006 1696 4074 copia
1738 4007 2014 4063 librorum
2042 4012 2109 4065 ad

527 4090 876 4147 condendam
907 4091 1196 4149 historiam
1225 4094 1536 4150 necessaria
1554 4096 1904 4168 Gsuppetet,
1930 4116 2109 4171 neque

527 4185 832 4255 scriptores
856 4201 1052 4240 omnes
1080 4186 1275 4241 iisdem
1311 4186 1380 4241 de
1410 4186 1577 4243 rebus
1616 4190 1811 4244 cadent
1864 4193 2111 4249 tradide-

529 4288 683 4345 runt,
716 4285 778 4332 ut
807 4277 999 4333 nonin
1034 4278 1313 4349 pluribus,
1362 4280 1556 4333 saltem
1586 4279 1642 4333 in
1672 4281 1859 4336 multis
1895 4282 2111 4339 dissen-

531 4368 754 4423 tientes.
793 4367 947 4434 Quod
980 4369 1024 4423 si
1054 4368 1238 4423 omnia
1281 4369 1501 4425 curiose
1544 4371 1802 4441 persequi
1857 4373 2109 4439 voluero,

528 4475 595 4516 ac
632 4476 947 4526 recensere,
978 4461 1111 4532 quid
1134 4462 1276 4517 alios
1304 4471 1476 4532 atque
1519 4462 1663 4517 alius
1707 4464 1898 4519 eadem
1943 4467 2013 4521 de
2051 4482 2111 4522 re

529 4552 732 4608 dixerit
776 4569 792 4607 :
846 4553 979 4609 Mibi
1029 4553 1197 4608 etiam
1238 4554 1515 4623 prolixum
1565 4571 1896 4626 unaquaque
1933 4558 2003 4613 de
2050 4574 2112 4614 re

531 4654 793 4699 nascetur
808 4659 970 4715 opus.
1002 4644 1354 4715 Quapropter
1381 4647 1695 4700 contrarias
1716 4645 2109 4703 historicorum

529 4736 884 4792 narrationes
929 4737 1218 4808 praeterire
1274 4738 1411 4792 mihi
1454 4738 1637 4793 visum
1679 4748 1785 4805 est,
1833 4740 1939 4796 nisi
1974 4742 2107 4812 quid

532 4829 757 4883 maximi
806 4829 980 4886 fuerit
1026 4830 1291 4886 momenti
1328 4847 1345 4885 :
1397 4846 1508 4901 quo
1555 4832 1953 4902 praetermisso,
1988 4834 2107 4905 ipsa

529 4921 780 4977 historiae
823 4922 1114 4994 integritas
1155 4924 1422 4979 labascat.
1481 4925 1601 4979 Jam
1638 4923 1942 4980 dictionem
1983 4941 2107 4982 esse

526 5014 758 5080 variam,
787 5032 888 5070 nec
909 5030 1010 5087 per
1034 5017 1218 5071 omnia
1242 5017 1326 5072 sui
1358 5016 1595 5072 similem
1650 5032 1816 5073 nemo
1846 5018 2104 5082 miretur,

2220 2895 2563 2968 προσϐολῶν,
2630 2896 2724 2947 καὶ
2778 2892 2811 2962 ἢ
2880 2891 3017 2963 πρὸς
3077 2891 3355 2961 ἁμαρτίας
3406 2886 3802 2954 ἐξολισθαίνειν

2220 2991 2418 3053 ποιεῖν,
2446 2988 2494 3041 εί
2521 2988 2617 3041 καὶ
2644 2987 2719 3058 μὴ
2748 2984 3036 3057 πράξεσιν,
3063 2984 3202 3037 ἀλλά
3223 2999 3286 3052 γε
3312 2981 3801 3050 συγκαταθέσεσιν,

2217 3082 2251 3152 ἦ
2282 3081 2418 3142 τέως
2449 3077 2620 3149 ζάλην
2650 3075 2803 3147 αὐτῷ
2841 3074 3045 3144 πολλὴν
3086 3072 3471 3143 ἐπικυμαίνειν
3505 3073 3597 3125 καὶ
3627 3071 3802 3141 τάρα-

2217 3190 2334 3244 χον.
2377 3172 2442 3226 Εί
2467 3171 2526 3226 δέ
2556 3186 2701 3223 τισιν
2734 3170 2763 3222 ὁ
2795 3167 2921 3234 νοῦς
2945 3166 3330 3238 ἐνησχόληται,
3353 3164 3671 3235 διαφεύγειν
3707 3165 3805 3216 πέ-

2219 3281 2391 3333 φυκεν
2416 3264 2493 3328 ώς
2521 3263 2729 3316 ἐπίπαν
2756 3262 2852 3325 τὰς
2882 3262 2948 3314 ἐκ
2979 3259 3091 3313 τῶν
3133 3258 3346 3312 πολλῶν
3378 3257 3659 3327 λογισμῶν
3686 3273 3804 3325 τρι-

2217 3355 2447 3427 κυμίας,
2481 3356 2594 3411 καὶ.
2612 3354 2722 3407 τῶν
2750 3352 3004 3423 πονηρῶν
3036 3351 3411 3422 ἐνθυμήσεων.
3442 3351 3543 3403 Διά
3581 3366 3642 3401 τε
3683 3349 3802 3401 τοί-

2217 3464 2311 3501 νυν
2344 3446 2445 3519 τὴν
2486 3448 2550 3499 ἐκ
2599 3446 2709 3499 τῶν
2746 3444 2919 3514 φίλων
2952 3441 3284 3512 παράθηξιν,
3318 3440 3413 3494 καὶ
3442 3440 3528 3492 διὰ
3565 3440 3662 3509 τὴν
3691 3439 3803 3491 τῶν

2217 3539 2503 3612 ῥυπαρῶν,
2532 3539 2565 3611 ἢ
2600 3538 2694 3592 καὶ
2729 3538 2976 3609 ματαίων
3008 3535 3287 3606 λογισμῶν
3309 3534 3598 3603 ἀπέϐησιν,
3629 3548 3801 3603 προσ·-

2215 3634 2427 3704 ήγαγον
2460 3632 2658 3685 ἐαυτὸν
2685 3630 2762 3701 τῷ
2794 3629 3198 3699 σπουδάσματι.
3230 3626 3387 3680 Οὕτω
3432 3625 3531 3695 μὲν
3564 3621 3657 3679 οὖν
3705 3642 3799 3695 μοι

2214 3726 2498 3780 ἐπιϐαλεῖν
2529 3726 2754 3794 ἐγένετο
2784 3724 2862 3794 τῷ
2906 3722 3141 3792 παρόντι
3172 3719 3594 3790 συγγράμματι.
3637 3719 3701 3769 Ei
3739 3716 3799 3769 δὲ

2216 3819 2291 3888 μὴ
2320 3818 2767 3890 διηκριϐωμένην
2797 3818 2897 3889 τὴν
2926 3816 3053 3886 περὶ
3084 3816 3320 3870 ἑκάστου
3347 3815 3456 3867 τῶν
3481 3816 3798 3880 ἀναγραςο-

2216 3911 2395 3981 μένων
2440 3910 2681 3980 ἱστορίαν
2734 3910 3059 3981 ποιήσομαι,
3106 3907 3295 3978 νέμειν
3356 3922 3446 3976 μοι
3497 3903 3798 3973 συγνώμην

2212 4004 2363 4074 αὐτῷ
2394 4006 2521 4067 τοὺς
2568 4002 2987 4072 ἐντευξομένους
3042 4002 3204 4073 αὐτῇ.
3267 3998 3405 4054 υῦτε
3450 3998 3559 4069 γὰρ
3595 3996 3796 4068 βίϐλων

2216 4100 2346 4161 ἴσως
2393 4115 2484 4168 μοι
2534 4096 2842 4167 εὐπορῆσαι
2882 4095 3196 4166 γενήσεται,
3231 4094 3355 4147 ὅσαι
3384 4109 3477 4163 μοι
3510 4088 3795 4161 χρειώδεις

2213 4189 2322 4241 εἰσὶ
2359 4189 2496 4259 πρὸς
2537 4192 2599 4242 τὸ
2630 4188 3001 4260 σύγγραμμα,
3048 4187 3200 4258 παρὰ
3237 4189 3304 4258 τῇ
3343 4185 3573 4255 ἐσχατιᾷ
3616 4182 3795 4255 ταύτῃ

2211 4280 2525 4352 ποιουμένῳ
2556 4283 2676 4335 νυνὶ
2715 4283 2813 4354 τὴν
2846 4280 3151 4353 διατριϐὴν,
3184 4280 3308 4334 οὕτε
3339 4280 3541 4342 πάντες
3569 4278 3618 4332 ei
3661 4293 3792 4343 συγ-

2211 4374 2448 4444 γραφεῖς
2504 4373 2613 4427 τῶν
2676 4374 2931 4445 ἱστοριῶν
2968 4374 3036 4428 τὰ
3080 4373 3223 4427 αύτά
3260 4373 3391 4443 περὶ
3440 4370 3549 4424 τῶν
3609 4369 3792 4422 αὐτῶν

2215 4469 2697 4540 συγγεγράφασιν,
2729 4468 2844 4520 ἀλλ’
2873 4469 2930 4519 ἐν
2958 4464 3174 4528 πολλοῖς
3217 4460 3597 4531 διαφωνοῦσιν,
3636 4459 3688 4511 εἰ
3724 4474 3790 4525 γε

2215 4562 2293 4630 μὴ
2324 4560 2382 4614 ἐν
2406 4563 2519 4623 τοῖς
2552 4559 2815 4614 πλείοσιν.
2840 4558 2900 4611 Et
2928 4557 2985 4610 δὲ
3015 4557 3110 4610 καὶ
3140 4553 3498 4625 ἀκριϐοὖσθαι
3531 4551 3789 4621 βουλήσο-

2211 4671 2311 4723 μαι
2334 4653 2474 4723 ιπερὶ
2508 4652 2743 4707 ἑκάστου
2770 4651 2879 4704 τῶν
2912 4650 3334 4721 ίστορουμένων,
3367 4645 3463 4700 καὶ
3488 4644 3700 4715 δηλοῦν,
3733 4644 3788 4696 τί

2210 4746 2310 4815 μὲν
2344 4743 2434 4797 ὅδε
2466 4744 2596 4814 περὶ
2634 4742 2788 4796 τοῦδε
2816 4742 2964 4810 λέγει
2997 4745 3025 4795 ό
3054 4740 3425 4810 συγγραφεὺς,
3453 4738 3504 4791 τί
3531 4739 3575 4791 δ’
3600 4737 3788 4807 ἔτερος

2207 4838 2335 4907 περὶ
2364 4836 2458 4889 τοῦ
2490 4835 2679 4900 αὑτοῦ,
2732 4833 3055 4905 πολύστιχον
3092 4833 3158 4888 ἂν
3208 4833 3304 4886 καὶ
3333 4831 3496 4893 αὐτὸς
3524 4831 3626 4898 τὴν
3655 4828 3785 4896 περὶ

2205 4929 2445 4983 ἑκάστου
2497 4928 2889 4997 πραγματείαν
2941 4927 3263 4995 ποιήσομαι.
3310 4922 3412 4976 Διά
3461 4920 3634 4974 ταῦτα
3693 4935 3785 4988 μοι

2205 5023 2419 5093 παρεᾷν
2448 5021 2696 5074 δέδοκται
2733 5022 2802 5073 τὰ
2831 5019 2917 5088 ἐφ’
2954 5012 3035 5082 οἷς
3082 5016 3333 5088 ἀλλήλοις
3381 5016 3431 5068 ot
3492 5014 3621 5084 περὶ
3671 5013 3782 5066 τῶν

1717 5134 1917 5197 Variis
1945 5135 2257 5200 lectiones
2297 5142 2359 5198 et
2389 5143 2579 5198 notae.

593 5253 673 5323 (5)
719 5251 1056 5325 Ἠρεμοῦντι
1090 5250 1199 5325 reip
1235 5251 1316 5325 τῷ
1340 5251 1455 5325 νοῒ,
1483 5260 1594 5308 etc.
1629 5253 1947 5325 Anonymus
1980 5270 2099 5311 mo-

517 5322 735 5381 nachus
768 5322 1188 5396 llatisponensis
1222 5322 1291 5376 de
1322 5323 1440 5396 suis
1466 5322 1884 5396 tentationib'us,
1919 5341 2099 5396 nuper

516 5397 702 5451 editus
736 5410 766 5449 a
797 5392 931 5449 viro
954 5393 1277 5447 doctissimo
1313 5392 1474 5447 Joan.
1515 5392 1856 5449 Mabillonio.
1900 5392 2098 5450 Anale-

515 5477 650 5519 ctor.
688 5475 820 5518 tom.
844 5463 911 5520 IV
938 5483 951 5517 :
982 5462 1208 5533 Ideoque
1234 5463 1293 5515 in
1332 5472 1483 5517 tanta
1510 5462 1743 5518 molestia
1767 5467 2094 5527 tentationis,

515 5550 632 5604 qua:
662 5550 720 5586 eo
750 5537 916 5605 magis
946 5536 1272 5596 imminebat,
1305 5549 1408 5604 quo
1440 5534 1610 5603 magis
1643 5536 1869 5605 sospitas
1911 5552 2096 5605 corpo-

514 5611 645 5658 ralis
688 5606 881 5667 iuerat,
912 5606 1211 5657 omnimodo
1259 5612 1495 5657 tractare
1545 5607 1693 5673 coepi,
1723 5605 1872 5674 quali
1899 5608 2093 5674 studio

513 5674 762 5744 qualique
809 5674 988 5726 labore
1017 5690 1205 5744 corpus
1239 5675 1453 5743 spiritui
1482 5673 1811 5745 subjicerem.
1859 5673 2001 5729 Nam
2033 5693 2096 5732 ea

517 5762 627 5813 φωρ
661 5745 1007 5796 corumuniter
1040 5760 1157 5797 cum
1205 5746 1408 5797 cwteris
1460 5744 1714 5813 fratribus
1766 5746 1821 5798 in
1869 5746 2096 5801 coenobio

512 5830 669 5884 egere
702 5814 927 5867 docebar
961 5826 978 5864 :
1012 5816 1103 5866 sed
1157 5824 1203 5868 et
1254 5815 1350 5868 illa
1398 5830 1516 5885 quia
1559 5815 1776 5884 speciali
1825 5815 2094 5872 devotione

2199 5256 2470 5311 scribendo
2514 5265 2610 5308 aut
2660 5253 2898 5325 legendo,
2926 5270 3017 5307 seu
3056 5256 3221 5325 etiam
3247 5250 3781 5325 jejunandoﬂsponte

2198 5328 2354 5392 subii,
2388 5343 2494 5380 non
2539 5326 2668 5379 satis
2706 5320 2932 5396 afﬂigere
2959 5340 3147 5393 corpus
3177 5320 3506 5396 videbantur.
3546 5320 3782 5396 Cumque

2199 5397 2291 5451 diu
2318 5405 2630 5460 tractarem,
2657 5394 2763 5465 quo
2783 5394 3115 5464 potissimum
3137 5394 3311 5447 studio
3334 5401 3521 5444 memet
3537 5394 3592 5445 in
3619 5401 3782 5465 tants

2198 5466 2445 5534 periculis
2472 5464 2810 5521 constitutum
2835 5466 3105 5535 aptissime
3134 5465 3436 5534 jugiterque
3457 5464 3785 5533 Constringe-

2199 5553 2331 5600 rem,
2358 5539 2587 5590 occurrit
2629 5536 2830 5599 animo,
2859 5543 2915 5589 ut
2946 5535 3002 5588 in
3031 5535 3320 5588 dictamine
3350 5548 3431 5585 me
3468 5548 3779 5598 occuparem

2197 5606 2377 5675 aliqua
2404 5624 2424 5682 _:
2457 5608 2596 5682 quod
2620 5613 2669 5682 et
2687 5621 2826 5682 sagae
2851 5613 3100 5682 expertus
3127 5620 3246 5682 sum
3274 5613 3496 5682 mentem
3525 5603 3782 5682 lascivom

2201 5673 2475 5747 cujuslibet
2506 5677 2806 5730 scholastici
2843 5673 3091 5747 instructi
3141 5675 3195 5747 in
3239 5673 3386 5727 nullo
3422 5688 3569 5740 posse
3609 5676 3781 5744 magis

2200 5745 2511 5818 constringi,
2537 5763 2697 5817 quam
2725 5747 2901 5801 studio
2933 5745 3190 5799 dictandi.
3579 5751 3604 5775 ⁶
