4098 6434
350 416 425 478 45
1791 406 2209 468 ΡΙΗΞΕΑΤὲΟ.
2598 418 2603 423 '
3558 403 3626 461 Η

342 523 533 577 αὐτῶν
569 520 995 592 συγγράψαντες
1046 518 1441 590 ἡναντίωνται,
1492 522 1539 573 εἰ
1598 521 1673 590 μή
1730 537 1784 573 τι
1836 519 1947 570 τῶν

2056 528 2153 570 aut
2186 515 2372 586 culpet
2397 513 2725 575 orationem,
2749 519 2845 567 aut
2870 527 2957 568 me
2988 519 3270 567 auctorem
3300 512 3466 567 illius.
3494 514 3629 569 Cum

344 616 492 683 ἄγαν
521 616 607 685 εἴη
638 612 976 677 σπουδαίων,
1017 611 1112 665 καὶ
1146 611 1178 664 ὃ
1210 612 1778 682 παραλιμπανόμενον
1816 609 1946 678 περὶ

341 708 414 758 τα
441 706 637 776 καίρια
656 703 979 773 λυμανεῖται
999 704 1066 773 τῇ
1094 704 1411 772 συγγραφῇ.
1440 702 1503 754 Εἰ
1532 701 1577 753 δ’
1601 703 1629 753 ὁ
1654 699 1938 771 χαρακτὴρ

345 797 443 852 τοῦ
470 799 632 865 λόγου
670 795 1034 860 ποικίλλεται,
1067 793 1162 846 καὶ
1189 793 1268 863 μὴ
1297 793 1367 845 δι’
1412 792 1533 847 ὅλου
1575 793 1760 863 ὅμοιός
1789 792 1939 844 ἐστιν

345 890 553 959 ἐαυτῷ,
594 889 930 961 θαυμαζέτω
963 886 1187 958 μηδεὶς,
1218 885 1356 957 μηδὲ
1396 903 1481 948 τις
1523 885 1616 939 τὸν
1656 884 1813 952 λόγον
1850 886 1938 937 αἱ·

342 983 534 1054 τιῷτο,
590 983 624 1052 ἢ
678 982 771 1036 τὸν
816 981 1011 1034 τούτου
1050 980 1270 1048 πατέρα
1302 995 1392 1049 με.
1436 976 1531 1031 Ἐκ
1576 976 1788 1031 πολλῶν
1827 976 1937 1045 γὰρ

346 1074 550 1144 βίϐλων
587 1076 684 1137 τὰς
739 1072 985 1145 ἱστορίας
1030 1070 1453 1143 ἐρανισάμενος,
1498 1067 1557 1119 ἔν
1604 1084 1669 1135 γε
1716 1065 1936 1127 πολλοῖς

2045 606 2193 660 enim
2222 606 2509 661 historiam
2552 622 2582 661 e
2610 605 2781 660 variis
2819 604 3191 675 scriptoribus
3224 606 3395 661 veluti
3426 606 3627 677 stipem

2047 697 2309 769 colligere
2338 713 2565 754 necesse
2616 697 2853 753 habeam
2894 735 2911 765 ,
2961 697 3019 752 in
3057 697 3270 764 multis,
3319 697 3541 753 illorum
3576 710 3635 754 et

2050 788 2295 845 dictione
2341 800 2401 845 et
2450 790 2857 860 compositione
2908 789 3178 845 utendum
3236 790 3366 845 erit.
3441 790 3631 845 Sicubi

2046 891 2232 937 tamen
2253 884 2369 954 ipse
2392 882 2460 939 de
2478 898 2602 940 meo
2621 883 2828 953 aliquid
2859 883 3195 955 interjecero
3215 899 3281 940 ac
3304 885 3594 939 inseruero
3617 902 3631 937 :

2045 975 2220 1046 stylus
2241 976 2307 1031 ad
2340 976 2511 1041 illius,
2552 991 2718 1046 quem
2750 991 2953 1047 sequar
2975 984 3283 1042 auctorem,
3305 973 3639 1031 forma'mac-

2044 1068 2583 1131 commodabitur,ne
2599 1069 2873 1138 scriptura
2895 1085 2922 1125 a
2938 1084 3058 1126 sese
3075 1069 3342 1125 dissidere
3361 1069 3633 1123 videatur.

341 1170 468 1230 ταῖς
490 1167 602 1220 τῶν
625 1165 997 1235 συγγραφέων
1031 1163 1258 1217 ἐκείνων
1292 1161 1615 1234 χρησαίμην
1646 1160 1712 1215 ἂν
1740 1158 2042 1229 συνθήκαις
2096 1162 2192 1214 καὶ
2258 1162 2550 1233 φράσεσιν,
2585 1166 2642 1217 ἐν
2710 1165 2858 1227 ὅσοις
2927 1163 2973 1217 δ’
3007 1163 3076 1219 ἂν
3121 1165 3286 1229 aith
3324 1165 3639 1235 παρῳδήσω

340 1259 377 1330 ἢ
419 1259 840 1329 παρεμφράσω,
884 1257 1022 1328 πρὸς
1068 1255 1163 1309 τὸν
1210 1255 1442 1308 ἐκείνων
1473 1251 1807 1325 χαρακτῆρα
1845 1251 1946 1320 τὴν
1983 1250 2129 1306 ἰδέαν
2169 1254 2264 1308 τοῦ
2295 1255 2457 1324 λόγου
2507 1273 2613 1327 μου
2682 1257 3134 1328 μεθαρμόσομαι,
3177 1255 3266 1311 ἱνα
3310 1257 3387 1328 μὴ
3455 1255 3638 1327 ἀσύμ-

343 1366 525 1418 φωνος
550 1347 691 1417 αὐτῇ
725 1347 899 1416 ἑαυτῇ
930 1346 1061 1415 δοκῇ
1088 1346 1123 1416 ἡ
1156 1343 1369 1413 γραφή.

416 1438 496 1495 1".
544 1438 713 1494 Ἀλλά
754 1457 847 1507 μοι
892 1437 1004 1512 πρὸ
1051 1438 1150 1508 τῆς
1198 1436 1442 1506 ἱστορίας
1478 1432 1951 1505 κεφαλαιωδέστε-

344 1549 444 1603 ρον
474 1532 742 1603 εἰρήσθω,
772 1532 898 1585 τινὰ
927 1530 998 1584 τὰ
1048 1529 1553 1602 ἱστορηθησόμενα,
1572 1528 1638 1583 ἵν’
1668 1528 1861 1581 εἰδοῖεν
1892 1527 1943 1578 οἱ

340 1624 425 1694 τῷ
484 1625 892 1696 συγγράμματι
927 1623 1308 1693 ἐντευξόμενοι
1362 1622 1439 1687 ὡς
1493 1621 1707 1675 πολλῶν
1752 1637 1813 1673 τε
1849 1619 1948 1672 καὶ

341 1714 558 1768 τούτων
591 1715 1049 1784 ἀναγκαιοτάτων
1071 1713 1325 1784 ἱστοριῶν
1355 1715 1413 1766 ἐν
1439 1713 1648 1783 εἰδήσει
1688 1713 1949 1782 γενήσον-

346 1826 470 1864 ται.
513 1808 837 1880 Περιέχεται
880 1807 1014 1876 γοῦν
1046 1810 1112 1877 τῇ
1166 1806 1437 1877 Ἐπιτομῇ
1477 1807 1511 1877 ἡ
1560 1805 1944 1873 Ὀκτάτευχος,

2123 1433 2215 1488 llI.
2273 1435 2571 1492 Enimvero
2604 1444 2905 1508 antequam
2942 1436 3117 1507 ipsam
3164 1450 3281 1490 rem
3325 1435 3635 1506 aggrediar,

2053 1527 2368 1581 summatim
2397 1544 2461 1583 ea
2491 1527 2910 1599 complectenda
2952 1536 3104 1584 sunt.
3147 1543 3271 1599 quae
3319 1528 3642 1584 tractabun-

2056 1625 2168 1680 tur,
2198 1626 2257 1672 ut
2279 1618 2472 1673 norint
2498 1619 2761 1684 lectores,
2792 1634 2958 1689 quam
2987 1620 3212 1681 multas,
3242 1635 3447 1692 easque
3491 1636 3643 1676 sum-

2057 1723 2146 1764 me
2194 1711 2543 1767 necessarias
2581 1711 2850 1768 historias
2915 1711 3029 1768 sint
3081 1713 3382 1786 cognituri.
3445 1712 3631 1770 Conti-

2059 1811 2267 1858 nentur
2301 1804 2471 1875 igitur
2505 1805 2611 1860 hoc
2639 1803 3007 1875 Compendio,
3059 1815 3187 1862 octo
3234 1805 3400 1876 primi
3434 1805 3645 1861 Biblio-

341 1902 446 1955 καὶ
476 1903 576 1955 ὅσα
614 1904 673 1954 ἐν
704 1901 893 1972 ἐκείνῃ
924 1899 1210 1970 ἱστόρηται
1239 1916 1253 1930 ο
1288 1900 1386 1952 καὶ
1420 1897 1534 1951 τῶν
1564 1895 1867 1950 Βασιλειῶν
1895 1895 1952 1948 αἱ

2060 1907 2182 1945 rum
2218 1892 2372 1956 libri,
2407 1902 2464 1949 et
2489 1909 2613 1964 quae
2652 1894 2707 1950 in
2740 1895 2849 1949 illis
2884 1904 3213 1961 narrantur;
3266 1895 3477 1966 Regum
3514 1896 3643 1952 item

343 1991 525 2060 βίϐλοι
542 1991 717 2064 ταύτῃ
737 2009 800 2043 συ
809 1991 1224 2061 μπεριέχονται,
1247 1990 1341 2043 καὶ
1364 1989 1452 2041 ἐπ’
1473 1988 1668 2049 αὐταῖς
1682 1987 1753 2040 τὰ
1771 1987 1950 2056 Παρα-

2063 1985 2214 2053 libri,
2247 1997 2304 2042 et
2333 1987 2780 2060 Paralipomena,
2808 2003 3043 2060 quaeque
3075 1988 3161 2044 vel
3189 1987 3246 2044 in
3289 1988 3517 2059 Iosephi
3544 1987 3644 2044 He-

338 2082 674 2151 λειπόμενα,
718 2082 815 2135 καὶ
862 2082 964 2134 ὅσα
1002 2080 1255 2149 Ἐϐραῖος
1307 2079 1574 2151 Ἰώσηπος
1619 2079 1952 2147 Ἀρχαιολο-

2063 2080 2195 2135 Ιιιτεὶ
2225 2080 2651 2152 Antiquitatibus
2679 2080 3066 2148 inveniuntur,
3092 2082 3181 2137 vel
3209 2083 3280 2137 ab
3311 2082 3645 2153 antiquiori-

339 2175 538 2246 γῶν-,ἥ
558 2177 662 2228 τῶν
679 2175 1063 2245 παλαιοτέρων
1091 2190 1176 2237 τις
1196 2168 1355 2226 εἶπεν
1382 2172 1667 2235 ἐπέκεινα,
1688 2170 1722 2241 ἢ
1742 2186 1956 2240 παρεκ-

339 2269 779 2339 ϐατικώτερονῆ
811 2270 909 2321 καὶ
939 2266 1302 2338 ἁλλοιῶτερόν
1329 2266 1431 2335 μού
1459 2282 1512 2318 τι
1558 2266 1687 2335 παρ’
1712 2264 1955 2326 ἐκείνους

342 2362 617 2434 ἱστόρησε
640 2378 654 2392 ο
684 2362 783 2415 καὶ
803 2363 871 2415 τὰ
907 2359 1002 2414 τοῦ
1036 2359 1264 2429 Ἕσδρα,
1304 2359 1376 2413 τά
1413 2375 1473 2411 τε
1517 2358 1629 2411 τῶν
1664 2356 1953 2428 αἰχμαλω-

347 2456 489 2509 σιῶν
541 2455 656 2508 τῶν
695 2453 977 2526 Ἐϐραίων
1034 2454 1315 2526 προτέρας
1365 2454 1465 2522 μέν
1521 2451 1623 2523 τῆς
1672 2451 1782 2505 τῶν
1818 2452 1955 2505 δέκα

345 2549 536 2618 φυλῶν
567 2548 620 2620 ἢν
645 2548 802 2619 παρὰ
846 2547 944 2600 τοῦ
999 2545 1294 2618 ’Δσσυρὶου
1337 2544 1714 2617 Σαλμανασάρ
1755 2545 1951 2613 γέγονε

342 2647 453 2717 τὴν
509 2645 833 2717 Σαμάρειαν
889 2642 1107 2706 ἑλόντος
1163 2641 1474 2712 πολιορκίᾳ,
1535 2639 1632 2693 καὶ
1682 2637 1745 2692 τὸ
1800 2638 1952 2699 ἔθνος

347 2736 888 2808 αἱχμαλωτίσαντος,
924 2736 1021 2788 καὶ
1073 2734 1247 2805 πέραν
1287 2731 1583 2803 Εὐφράτου
1626 2730 1951 2799 ἀπαγαγόν-

345 2848 445 2894 τος
486 2831 584 2884 καὶ
626 2830 1068 2889 κατοικίσαντος,
1117 2828 1197 2891 εἱς
1237 2826 1295 2879 δὲ
1341 2825 1663 2896 Σαμάρειαν
1707 2823 1954 2886 μετοικί-

350 2936 554 2983 ῡσαντος
593 2918 725 2990 ἔθνη
769 2918 917 2981 τινὰ,
957 2914 994 2971 ἃ.
1028 2917 1296 2970 Χουθαῖοι
1333 2914 1759 2986 ἐτ’-ωνομάζοντο
1781 2929 1795 2943 ’
1829 2910 1951 2968 εττα

347 3014 453 3068 καὶ
488 3013 589 3085 τῆς
638 3012 794 3084 παρά
835 3011 934 3065 τοῦ
963 3008 1449 3079 Ναϐουχοδονόσορ
1499 3007 1951 3078 ὲπενενηγμένης

342 3111 421 3179 τῇ
461 3104 849 3178 Ἰερουσαλὴμ,
870 3105 966 3158 καὶ
986 3102 1064 3166 ὡς
1091 3103 1300 3173 ἔρημος
1334 3102 1367 3173 ἡ
1399 3100 1560 3165 πόλις
1585 3100 1828 3169 ἐγένετο,
1854 3101 1951 3153 καὶ

344 3203 381 3255 ὁ
415 3202 543 3261 ναός
576 3199 984 3268 ἐνεπέπρηστο,
1021 3196 1115 3249 καὶ
1153 3197 1215 3250 τὸ
1254 3195 1405 3257 ἔθνος
1440 3196 1585 3248 ἆπαν
1616 3192 1945 3265 ἐξηνδραπό-

346 3293 544 3346 διστο’
592 3292 687 3345 καὶ
732 3291 809 3355 ὡς
857 3290 998 3361 μετὰ
1049 3288 1341 3350 ἐνιαυτοὺς
1385 3285 1759 3358 ἐῦδομήκοντα
1804 3285 1948 3338 κατά
1975 3258 2020 3321 C

346 3385 456 3450 τὰς
485 3385 827 3455 προρρήσεις
854 3381 966 3435 τῶν
988 3380 1287 3454 προφητῶν
1312 3378 1698 3449 ἐκκεχώρηται
1722 3376 1801 3447 τῷ
1831 3376 1948 3447 λαῷ

348 3483 463 3537 ὕπὸ
495 3481 683 3552 Κύρου
720 3476 818 3532 τοῦ
848 3476 951 3548 τὴν
978 3477 1090 3531 τῶν
1129 3475 1437 3547 Ἀσσυρίων
1470 3474 1752 3544 βασιλείαν
1778 3471 1951 3542 καθῃ-

351 3574 596 3644 ρηκότος
640 3570 893 3624 ἀνελθεῖν
928 3569 1010 3630 εἰς
1056 3564 1445 3638 Ἰερουσαλὴμ,
1494 3564 1594 3616 καὶ
1639 3564 1738 3633 τὴν
1794 3561 1952 3614 πόλιν

348 3666 680 3735 ἀνεγεῖραι,
728 3663 826 3716 καὶ
870 3659 1230 3715 ἀνακαινίσαι
1274 3659 1335 3712 τὸ
1372 3657 1547 3728 ἱερόνο
1586 3656 1673 3719 τίς
1718 3672 1775 3707 τε
1819 3651 1888 3726 ἦν
1923 3656 1952 3708 ό

353 3757 571 3826 Κῦρος,
603 3757 702 3810 καὶ
726 3756 876 3818 ὅπως
909 3752 1010 3821 τὴν
1036 3751 1145 3805 τῶν
1170 3748 1481 3819 Ἀσσυρίων
1514 3747 1796 3819 βασιλείαν
1821 3764 1956 3799 κατ-

354 3852 549 3915 έλυσε,
580 3852 676 3901 καὶ
720 3849 869 3910 τίνες
920 3863 1025 3917 μετ
1076 3847 1288 3899 ἐκεῖνον
1327 3843 1425 3913 τῆς
1467 3840 1749 3912 βασιλείας
1782 3840 1951 3911 ἐκρά-

350 3959 562 4011 τησαν,
592 3940 688 3993 καὶ
717 3941 870 4002 ὅπως
894 3939 992 3992 καὶ
1017 3938 1172 4006 παρὰ
1197 3936 1363 3988 τίνων
1389 3935 1425 4005 ἡ
1448 3936 1548 4004 τῆς
1575 3933 1784 3996 πόλεως
1807 3935 1952 3987 Excu-

351 4036 501 4104 λύθη
521 4032 807 4103 οἰκοδομὴ,
830 4032 944 4084 κάκ
973 4030 1123 4093 τινος
1156 4027 1312 4091 αὖθις
1339 4029 1372 4097 ή
1396 4026 1602 4097 ταύτης
1628 4024 1954 4096 ἐξηχωρήθη

352 4124 675 4196 ἀνέγερσις.
724 4125 836 4178 Καὶ
895 4122 1030 4193 περὶ
1084 4121 1287 4191 Δανιὴλ
1333 4121 1430 4173 τοῦ
1486 4120 1806 4190 προφήτου.
1858 4120 1957 4172 καὶ

350 4227 512 4282 ὅπως
546 4220 735 4291 ἔκρινε
777 4218 851 4270 τὰ
883 4215 979 4268 τοῦ
1018 4214 1509 4286 Ναῦουχοδοειόσορ
1551 4213 1829 4285 ὀνείρατα,
1860 4212 1958 4265 καὶ

350 4316 457 4370 τοῦ
517 4313 811 4382 Βαλτάσαρ
859 4309 961 4381 τὴν
1011 4311 1236 4379 ὅρασιν,
1280 4307 1359 4360 ὅτ’
1394 4301 1535 4359 εἶδεν
1586 4306 1615 4357 ό
1664 4304 1957 4374 Βάρϐαρος

350 4412 577 4472 ἐκεῖνος
601 4407 700 4474 τῆς
739 4405 925 4477 χειρῆς
966 4404 1060 4455 τὸν
1092 4402 1442 4472 ἀστράγαλον
1474 4399 1760 4470 γράφοντα
1793 4399 1851 4450 ἐν
1875 4396 1955 4466 τῷ

350 4505 552 4573 τοίχῳ,
598 4501 697 4554 καὶ
739 4498 869 4568 περί
910 4513 1077 4549 τινων
1104 4493 1213 4548 τῶν
1248 4493 1342 4547 τοῦ
1372 4494 1656 4564 προφήτου
1680 4480 1951 4561 ὄράεων,

2059 2172 2165 2228 bus
2193 2185 2290 2229 aut
2314 2175 2615 2245 copiosius.
2668 2184 2767 2231 aut
2794 2176 2960 2233 aliter
3008 2176 3173 2246 paulo
3218 2191 3384 2246 quam
3433 2176 3505 2233 ab
3537 2176 3647 2231 illis

2056 2267 2263 2322 factum
2294 2268 2346 2338 7
2377 2276 2484 2335 est,
2504 2267 2859 2336 releruntur;
2900 2277 2959 2325 et
2987 2268 3116 2325 libri
3137 2268 3426 2335 Esdrae,et
3470 2271 3647 2342 capti-

2056 2362 2258 2417 vitates
2296 2360 2682 2428 Hebraeorum,
2714 2377 2951 2431 quarum
2990 2362 3145 2434 prior
3171 2362 3366 2418 decem
3395 2362 3643 2419 tribuum

2057 2454 2162 2509 sub
2202 2453 2428 2525 Assyrio
2459 2452 2874 2510 Salmanassare
2913 2455 3172 2526 contigit,
3205 2456 3303 2525 qui
3336 2454 3642 2512 Samariam

2055 2556 2388 2618 gentemque
2446 2546 2739 2606 obsidione
2800 2547 2985 2618 cepit,
3065 2562 3243 2618 eaque
3314 2549 3462 2604 ultra
3531 2549 3645 2604 Eu-

2055 2638 2312 2709 phratem
2378 2638 2667 2705 abducta,
2740 2648 2932 2711 gentes
3006 2638 3276 2710 quasdam
3337 2639 3643 2697 Samariam

2057 2730 2359 2795 transtulit,
2411 2731 2507 2801 qui
2557 2729 2773 2786 Chutaei
2826 2731 3402 2801 eognorninabantur;
3467 2734 3644 2789 altera

2055 2822 2161 2878 sub
2190 2822 2764 2889 Nabuchodonosorc,
2811 2822 2989 2893 captis
3038 2822 3460 2898 Hierosolymis,
3501 2825 3642 2882 urbe

2055 2917 2299 2980 deserta,
2327 2925 2389 2973 et
2414 2918 2621 2988 templo
2650 2917 2903 2985 incenso,
2933 2927 3162 2990 totaque
3197 2928 3360 2991 gente
3387 2920 3445 2975 in
3472 2921 3643 2978 servi-

2056 3017 2233 3064 tutem
2286 3008 2529 3063 abducta
2584 3027 2599 3075 ;
2659 3017 2828 3079 utque
2872 3020 2999 3079 post
3039 3026 3217 3066 annos
3265 3011 3638 3082 septuaginta,

2055 3100 2364 3156 secundum
2405 3103 2629 3157 oracula
2661 3102 3090 3173 prophetarum.
3130 3119 3160 3158 a
3190 3102 3356 3176 Cyro.
3409 3104 3642 3178 Babylo-

2055 3194 2186 3249 nico
2226 3210 2399 3266 regno
2420 3209 2638 3259 everso,
2664 3196 2870 3266 populo
2894 3194 3270 3269 Hierosolyma
3296 3196 3483 3253 redire
3511 3213 3646 3252 eon-

2056 3301 2273 3342 cessum
2318 3288 2411 3353 sit,
2468 3297 2526 3343 et
2579 3289 2774 3343 urbem
2834 3289 3183 3357 inStaurare,
3239 3300 3295 3345 et
3366 3305 3644 3347 ron-avare

2055 3379 2359 3448 templum;
2404 3380 2528 3448 quis
2575 3379 2746 3435 fuerit
2799 3379 2997 3453 Cyrus,
3030 3391 3095 3437 ut
3127 3398 3360 3450 regnum
3388 3383 3645 3456 Assyrio-

2056 3487 2178 3527 rum
2217 3474 2506 3538 everterit,
2537 3473 2633 3544 qui
2670 3483 2794 3544 post
2828 3490 2956 3529 eum
2985 3475 3039 3531 id
3074 3492 3301 3547 regnum
3333 3476 3639 3540 tenuerint,

2055 3566 2526 3637 quemadmodum
2561 3585 2626 3624 ac
2647 3584 2677 3622 a
2702 3569 2909 3639 quibus
2938 3570 3095 3627 urbis
3125 3569 3421 3626 aediﬁcatio
3452 3571 3644 3642 probi.

2053 3660 2169 3716 bita
2196 3659 2384 3726 fuerit,
2426 3677 2457 3716 a
2481 3676 2592 3732 quo
2622 3678 2817 3720 rursus
2843 3663 2966 3733 ejus
2992 3664 3323 3719 instauratio
3347 3679 3635 3720 concessa.

2053 3753 2264 3826 Agetur
2304 3755 2472 3810 etiam
2526 3755 2597 3812 de
2646 3757 2873 3812 Daniele
2921 3758 3214 3827 propheta,
3254 3767 3316 3813 ut
3349 3759 3644 3815 Nabucho-

2056 3846 2352 3902 donosoris
2395 3848 2611 3903 somnia
2652 3850 3077 3919 exposuerit,et
3108 3850 3447 3907 Baithasaris
3474 3852 3644 3907 visio-

2058 3954 2210 4003 nem,
2241 3956 2369 3995 cum
2410 3941 2682 3996 barbarus
2715 3941 2807 3997 ille
2839 3941 3044 4012 digitos
3083 3959 3279 3998 manus
3326 3944 3642 4001 scribentes

2056 4035 2193 4088 vidit
2219 4034 2276 4088 in
2308 4035 2542 4103 pariete,
2591 4043 2649 4090 et
2676 4034 2746 4090 de
2776 4034 3111 4105 quibusdam
3142 4036 3428 4106 propheta:
3479 4036 3646 4090 visio-

2058 4126 2223 4180 nibus
2255 4143 2268 4179 :
2303 4140 2427 4195 quae
2483 4125 2667 4179 omnia
2709 4125 2864 4181 brevi
2913 4126 3267 4182 enarratione
3296 4127 3509 4199 adjecta
3555 4146 3650 4183 τοι

2056 4226 2379 4273 censentur.
2415 4218 2493 4273 De
2526 4217 2706 4272 tribus
2730 4218 2863 4273 item
2903 4219 3115 4288 pueris,
3156 4228 3214 4274 et
3244 4221 3530 4276 miraculis
3556 4223 3642 4277 vel

2060 4311 2117 4366 in
2168 4326 2286 4376 eos,
2341 4311 2427 4365 vel
2458 4327 2555 4381 per
2598 4326 2696 4366 eos
2750 4311 3023 4366 divinitus
3046 4311 3252 4379 editis;
3284 4313 3353 4368 de
3384 4314 3641 4378 Esthere,

2067 4412 2129 4457 ut
2168 4419 2199 4458 a
2247 4411 2410 4473 gente
2449 4402 2809 4457 Hebra‘orum
2856 4403 3295 4459 internecionem
3340 4407 3641 4474 averterit;

2059 4497 2125 4552 de
2144 4496 2392 4564 Juditha,
2408 4513 2527 4567 qua:
2546 4495 2951 4567 llololehernem
2977 4496 3168 4553 fraude
3190 4499 3436 4561 sustulit,
3460 4500 3646 4570 etejus

349 4596 388 4651 ἃ
415 4595 603 4649 πάντα
630 4593 774 4662 μετά
808 4588 1273 4659 νσυντετμημένης
1302 4586 1581 4660 ἱστόρηται
1609 4582 1950 4653 ἐξηγήσεως.

2061 4591 2366 4647 exercitum
2400 4590 2468 4645 ad
2502 4589 2791 4645 interitum
2825 4589 3020 4650 dedit;
3057 4590 3237 4661 deque
3268 4592 3465 4657 Tobia,
3492 4603 3553 4647 ut
3599 4595 3645 4648 is

353 4691 473 4741 Καὶ
498 4686 634 4757 περὶ
659 4683 771 4737 τῶν
803 4682 973 4754 τριῶν
998 4681 1231 4743 παίδων,
1271 4679 1367 4731 καὶ
1405 4677 1517 4731 τῶν
1562 4676 1644 4739 εἱς
1692 4674 1890 4737 αὐτοὺς
1920 4671 1954 4742 ἢ

350 4781 426 4834 δι’
473 4779 663 4831 αὐτῶν
701 4774 1007 4845 γεγοιότων
1043 4770 1150 4824 ὑπὸ
1202 4769 1341 4822 Θεοῦ
1380 4767 1673 4834 ἐξαισίων·
1713 4764 1843 4836 περί
1893 4781 1956 4816 τε

353 4876 461 4941 τῆς
502 4869 732 4940 Ἐσθὴρ,
757 4866 855 4920 καὶ
884 4867 1034 4926 ὅπως
1077 4862 1138 4916 τὺ
1169 4862 1278 4916 τῶν
1321 4859 1588 4929 Ἐϐραίων
1619 4857 1775 4926 γένος
1821 4873 1957 4908 παν-

355 4966 636 5035 ωλεθρίας
706 4961 849 5030 αὕτη
891 4959 1192 5031 ἐρρύσατο·
1236 4955 1331 5009 καὶ
1370 4954 1502 5024 περὶ
1530 4950 1757 5013 ἰουδὶθ,
1789 4950 1824 5019 ἢ
1864 4949 1958 5002 τὸν

346 5062 355 5087 ’
382 5057 711 5127 Ολοφέρνην
741 5050 1232 5122 κατασοφισαμένη
1270 5046 1475 5110 ἀνεῖλε,
1516 5044 1614 5097 καὶ
1645 5043 1744 5111 τὴν
1785 5039 1955 5094 αὐτοῦ

352 5150 630 5223 στρατιὰν
658 5146 978 5206 παρέδωκεν
1002 5145 1082 5205 εἰς
1120 5143 1399 5195 ἀπώλειαν
1418 5156 1432 5170 ο
1465 5139 1561 5191 καλ⁵
1596 5138 1726 5207 περὶ
1750 5134 1953 5198 Τωὸὶτ,

349 5247 453 5298 καὶ
498 5244 653 5303 ὅπως
699 5238 939 5311 ἀορασὶα
988 5235 1262 5305 πληγεὶς,
1317 5234 1413 5285 καὶ
1463 5230 1525 5295 ἐξ
1572 5231 1837 5301 εὐπορίας
1872 5229 1950 5290 εἱς

349 5336 570 5407 ἀκριϐῆ
592 5326 595 5327 ν
621 5334 820 5387 πενίαν
866 5331 1214 5393 συνελαθεὶς,
1260 5327 1419 5390 αὖθις
1453 5325 1521 5378 δι’
1557 5323 1950 5393 ἁγαθοεργίαν,

350 5432 496 5488 Θεοῦ
536 5429 777 5501 προνοίᾳ
827 5425 1101 5496 τετύχηκε
1132 5422 1230 5476 τοῦ
1267 5421 1426 5495 όρᾷν,
1462 5420 1558 5474 καὶ
1601 5417 1835 5472 πλούτου
1862 5417 1957 5469 δα-

348 5528 581 5598 ψίλειαν
621 5522 840 5577 ἐλαὸεν.
882 5519 1050 5573 Ἀλλά
1084 5517 1181 5569 καὶ
1212 5516 1282 5568 τὰ
1318 5514 1414 5567 τοῦ
1454 5512 1773 5573 Μακεδόνος
1802 5511 1955 5566 Ἀλε-

354 5621 593 5687 ﬁfty-35,00
650 5615 890 5669 ἐνταῦθα
961 5611 1412 5681 συντέτμηνται,
1459 5607 1799 5677 μνησθείσης
1853 5607 1955 5672 τῆς

356 5712 612 5783 ἱστορίας
656 5707 978 5776 ἀναγκαίως
1025 5703 1263 5769 ἐκείνου,
1305 5701 1394 5755 διά
1437 5718 1498 5754 τε
1528 5699 1688 5763 ἄλλα,
1735 5700 1829 5752 καὶ
1871 5699 1954 5752 ὅτι

352 5812 423 5878 τῇ
482 5802 853 5875 Ἰερουσαλὴμ
910 5798 1053 5872 μετά
1106 5798 1204 5868 τὴν
1251 5799 1306 5849 ἐν
1357 5794 1516 5864 Ἰσσῷ
1570 5794 1666 5847 τοῦ
1724 5791 1953 5861 Δαρείου

358 5899 648 5973 προτέραν
679 5892 853 5969 ἧτταν
879 5892 1283 5963 ἐπιδεδήμηκε,
1306 5892 1405 5944 καὶ
1437 5887 1527 5943 τὸν
1550 5885 1817 5958 ἀρχιερέα
1837 5885 1953 5937 δια-

2059 4682 2305 4737 caecitate
2358 4694 2679 4752 percussus,
2745 4688 2802 4734 et
2858 4690 3188 4750 paupertate
3232 4682 3299 4736 ad
3335 4692 3642 4739 extremam

2056 4781 2355 4843 egestatem
2381 4771 2640 4826 redactus
2660 4811 2676 4837 ,
2725 4771 2782 4841 8
2810 4771 2883 4825 ob
2920 4772 3343 4828 beneﬁcentiam
3369 4791 3524 4830 suam
3546 4776 3642 4831 Dei

2058 4862 2413 4933 providentia
2447 4862 2628 4917 visum
2654 4863 2949 4932 receperit,
2981 4879 3259 4934 opumque
3281 4864 3640 4922 amuentiam.

2058 4956 2338 5011 Prmterea
2387 4971 2479 5011 res
2517 4955 2818 5010 Alexandri
2856 4955 3172 5011 Macedonis
3225 4959 3315 5013 hic
3367 4963 3642 5030 perstrin-

2056 5056 2287 5113 guntur,
2334 5049 2494 5118 cujus
2539 5048 2749 5102 mentio
2791 5049 3043 5104 facienda
3097 5050 3202 5105 fuit
3243 5066 3368 5106 cum
3406 5053 3478 5107 ub
3510 5055 3638 5115 alia.

2059 5149 2173 5195 tum
2215 5140 2363 5210 quod
2393 5149 2518 5208 post
2547 5142 2792 5211 priorem
2845 5140 2993 5197 Darii
3018 5144 3230 5198 cladem
3253 5145 3320 5199 ad
3351 5146 3525 5201 Issum
3549 5164 3643 5203 ac-

2057 5244 2296 5303 ceptam,
2328 5233 2711 5306 Hierosolyma
2752 5237 3040 5305 profectus
3067 5252 3346 5293 summum
3387 5241 3639 5310 pontiﬁci

2058 5329 2330 5384 honorem
2386 5327 2629 5394 habuit;
2668 5336 2725 5381 ut
2780 5330 3072 5384 Persarum
3117 5346 3346 5402 regnum
3381 5347 3637 5389 eversum

2058 5419 2368 5490 occuparit,
2395 5418 2641 5488 quandiu
2675 5419 2940 5489 regnarit,
2987 5428 3048 5473 ut
3074 5419 3370 5489 imperium
3406 5422 3491 5480 ab.
3517 5426 3641 5495 ejus

2057 5511 2212 5566 obitu
2263 5511 2317 5565 in
2347 5527 2514 5582 regna
2561 5522 2803 5580 quatuor
2843 5510 3012 5564 fuerit
3041 5509 3282 5566 divisum
3313 5529 3328 5579 ;
3370 5530 3496 5584 qua;
3534 5516 3632 5572 ιιι-

2058 5604 2161 5659 diei
2225 5604 2295 5659 ab
2341 5603 2618 5658 Antiocho
2661 5602 2973 5672 Epiphane,
3020 5616 3132 5657 uno
3189 5618 3256 5658 ex
3307 5608 3641 5676 posteritate

2056 5708 2439 5749 successorum
2459 5691 2783 5759 Alexandri,
2806 5693 3052 5762 perpessi
3079 5693 3214 5759 sint,
3240 5703 3299 5750 ut
3326 5695 3640 5755 Asamonaai

2058 5787 2136 5841 illi
2168 5787 2500 5850 restiterim,
2532 5800 2597 5839 ac
2628 5784 2930 5853 populares
2967 5799 3100 5841 suos
3146 5787 3217 5841 ab
3257 5788 3407 5845 illius
3448 5797 3638 5860 tyran-

2058 5878 2187 5934 nide
2220 5878 2547 5940 liberarint;
2584 5879 2678 5947 qui
2720 5876 2797 5932 illi
2824 5876 2956 5945 sint,
2986 5879 3267 5950 quomodo
3303 5888 3359 5937 ct
3384 5880 3634 5951 quandiu
