4098 6402
519 424 586 486 ἔτ
1811 402 2135 466 JOANNlS
2174 396 2494 460 ZONAR/E
3719 387 3790 449 48

515 540 721 613 populo
749 533 1097 610 praefuerint,
1157 540 1217 585 ut
1261 506 1384 599 pust
1437 526 1675 583 reditum
1716 522 2097 591 Hierosolyma

2223 516 2484 586 ρερόντως
2514 512 2743 583 ἐτίμησε
2765 529 2777 543 ⁸
2811 512 2906 567 καὶ
2945 513 3096 578 ὅπως
3122 510 3221 575 τὴν
3252 505 3484 578 Περσῶν
3518 506 3786 560 κατέλυσε

514 636 583 692 ab
609 630 832 705 Assyria
860 625 1202 697 captivitate,
1245 620 1475 677 Iudaica
1504 633 1641 690 gens
1688 630 1796 669 nou
1836 613 2084 684 regibus,

515 725 612 783 sed
643 718 1000 796 pontificibus
1034 712 1287 786 paruerit
1319 719 1413 767 :ut
1442 709 1914 768 Asamouaeorum,
1951 716 2093 772 quos

519 818 784 879 diximus,
808 810 1044 884 posteri,
1065 805 1268 864 summi
1291 802 1586 859 sacerdotii
1612 801 1825 856 honore
1855 796 2098 869 praediti,

519 924 584 965 ac
609 905 759 978 genti
788 918 901 959 suae
932 902 1295 970 imperantes,
1370 893 1623 949 diadema
1661 888 1829 946 etiam
1882 894 2101 942 assum-

528 1001 744 1074 pserint
774 1015 788 1053 :
818 1005 879 1051 ut
902 992 1200 1063 Pompeius
1228 989 1476 1058 Magnus,
1510 984 1885 1040 Romanorum
1925 978 2098 1048 impe-

524 1068 695 1159 rator,
731 1090 797 1146 ad
834 1083 1275 1155 componendam
1301 1076 1538 1151 Hyrcani
1563 1084 1620 1130 et
1644 1070 1948 1129 Aristobuli
1988 1068 2102 1124 fra-

524 1200 669 1242 trum
703 1184 771 1239 de
802 1195 974 1253 regno
1005 1175 1422 1234 contentionem
1473 1168 1798 1231 accersitus,
1849 1174 1964 1220 tum
2006 1179 2102 1218 ur-

522 1282 649 1335 bem
677 1273 1189 1345 Hierosolymorum
1229 1264 1460 1337 ceperit,
1491 1270 1606 1316 tum
1643 1267 1863 1331 gentem
1895 1257 2103 1312 Roma-

526 1374 614 1429 nis
648 1368 951 1442 subjecerit
982 1384 994 1420 :
1031 1346 1095 1420 ut
1122 1360 1327 1419 deinde
1360 1357 1610 1413 Herodes
1633 1352 1911 1425 Antipatri
1958 1351 2105 1442 filius

526 1480 697 1537 regno
725 1441 1040 1519 Iudaeorum
1072 1455 1281 1527 potitus
1304 1451 1398 1517 sit,
1448 1448 1573 1520 quis
1602 1447 1693 1502 ille
1727 1445 1913 1508 fuerit,
1959 1441 2105 1499 unde

521 1556 817 1620 oriundus,
845 1560 1069 1624 quanta:
1099 1548 1283 1604 clades
1303 1545 1425 1616 ejus
1447 1540 1786 1600 domesticae,
1811 1550 2105 1608 quousque

522 1648 732 1720 posteri
768 1644 925 1701 illius
971 1655 1201 1713 regnum
1247 1635 1570 1699 tenuerint;
1618 1628 1919 1702 quomodo,
1970 1641 2107 1696 qua-

2207 606 2507 676 βασιλείαν,
2547 604 2641 658 καί
2664 603 2757 673 ὑφ’
2789 602 2985 656 ἑαυτὸν
3015 603 3339 673 ἐποιήσατο,
3377 599 3473 654 καὶ
3499 599 3625 653 ὅσον
3656 598 3788 653 ἐϐα-

2206 698 2422 750 σίλευσε
2450 696 2665 767 χρόνον,
2690 694 2784 749 καί.
2823 694 2900 759 ώς
2934 697 3014 759 είς
3040 696 3317 763 τέσσαρας
3339 692 3538 763 ἀρχὰς,
3574 682 3787 745 ἐκείνου

2203 790 2483 854 θανόντος,
2519 790 2553 860 ἡ
2596 786 2811 841 ἐκείνου
2857 786 3107 859 βασιλεία
3152 786 3495 857 μεμέριστοο
3547 785 3642 838 καὶ
3687 783 3793 837 ὅσα

2201 886 2314 946 τοῖς
2342 882 2624 945 Ἰουδαίοις
2655 880 2715 949 ἐξ
2751 880 3033 950 Ἀντιόχου
3064 879 3261 949 γέγονε
3292 877 3389 933 τοῦ
3427 877 3791 947 Ἐπιφανοῦς,

2201 973 2311 1027 τῶν
2338 973 2696 1043 Ἀλεξάνδρου
2727 972 2993 1042 διαδόχων
3026 972 3146 1034 ἑνὸς
3187 969 3460 1037 ἀπογόνου
3489 966 3793 1037 τυγχάνον-

2202 1080 2295 1127 τος
2314 1081 2328 1095 ο
2362 1066 2457 1117 καὶ
2491 1064 2567 1128 ὡς
2595 1063 2643 1115 οί
2680 1062 3053 1131 Ἀσαμωναῖοι
3077 1059 3257 1130 τούτῳ
3296 1059 3664 1126 ἀντέστησαν,
3693 1058 3796 1110 καὶ

2200 1157 2305 1227 τῆς
2350 1156 2409 1224 ἐξ
2462 1156 2630 1209 αὐτοῦ
2681 1153 3005 1224 τυραννίδος
3050 1153 3180 1216 τοὺς
3218 1153 3510 1224 ὁμογενεῖς
3549 1148 3794 1218 ἐλυτρώ-

2208 1266 2410 1303 σαντο·
2467 1251 2564 1302 καὶ
2620 1248 2765 1311 τίνες
2797 1240 2965 1311 οὗτοι,
3003 1245 3101 1298 καὶ
3152 1245 3302 1307 ὃπως
3343 1242 3455 1295 τῶν
3500 1240 3796 1312 ὁμοφύλων

2206 1342 2302 1396 καὶ
2333 1342 2427 1395 ἐπὶ
2455 1341 2625 1394 πόσον
2654 1339 3007 1408 προέστησαν
3030 1376 3046 1401 ,
3076 1335 3174 1390 καὶ
3200 1336 3278 1395 ὡς
3309 1335 3448 1405 μετὰ
3473 1332 3573 1402 τὴν
3602 1333 3666 1384 έκ
3691 1330 3796 1399 τῆς

2207 1432 2592 1505 αἰχμαλωσίας
2629 1434 2727 1501 τῆς
2768 1429 2863 1483 ὑπ’
2906 1428 3214 1499 Ἀσσυρίων
3249 1428 3329 1487 είς
3375 1424 3474 1497 τὴν
3521 1424 3800 1495 Ἰερουσα-

2206 1528 2319 1599 λὴμ
2348 1526 2713 1581 ὲπανέλευσιν
2738 1524 2840 1579 οὐκ
2872 1519 2940 1594 ἦν
2968 1524 3031 1575 τὸ
3056 1521 3168 1575 τῶν
3201 1519 3479 1574 Ἰουδαίων
3510 1517 3664 1580 ἔθνος
3696 1515 3798 1586 βα-

2210 1620 2585 1689 σιλευόμενον,
2612 1617 2727 1672 ἀλλ’
2770 1617 2878 1670 ὑπὸ
2921 1616 3033 1669 τῶν
3099 1613 3408 1685 ἀρχιερέων
3451 1611 3794 1683 ἀρχόμενον·

434 2294 442 2303 ’
531 2293 838 2346 instaurata
869 2286 965 2342 sit.

521 1703 630 1813 que
676 1740 745 1796 de
784 1751 951 1794 causa
1003 1731 1268 1806 praesides
1301 1730 1359 1783 in
1403 1726 1647 1783 Judzeam
1686 1723 1799 1779 sint
1824 1718 1982 1775 missi
2007 1734 2023 1773 :
2053 1728 2109 1773 et

2223 1714 2305 1767 ml
2356 1713 2440 1766 ὅτι
2482 1713 2532 1765 οί
2576 1711 2685 1764 τῶν
2739 1709 3054 1781 εἰρημένων
3108 1706 3506 1775 Ἀσαμωναίων
3536 1703 3799 1769 ἀπόγονοι

523 1792 646 1904 qua!
707 1831 776 1886 de
816 1828 874 1899 9
900 1792 1195 1882 Seri'atore
1218 1830 1409 1877 nostro
1429 1819 1557 1874 Jesu
1588 1814 1810 1872 Christo
1836 1809 2110 1881 Joscphus

2223 1809 2309 1878 τὴν
2354 1805 2752 1879 ἀρχιερατικὴν
2800 1803 2971 1874 τιμὴν
3024 1800 3425 1872 περικείμενοι,
3465 1796 3665 1851 καὶτὰ
3699 1792 3802 1846 τοῦ

523 1889 865 1997 ἐστίρεετὶιῗ
872 1921 1055 1990 deque
1089 1917 1302 1974 Joanne
1357 1910 1605 1981 Baptista
1639 1925 1652 1962 :
1685 1922 1794 1977 qua
1837 1909 1905 1961 de
1938 1918 2101 1957 causa

2223 1901 2393 1963 ἔθνους
2421 1900 2736 1980 ίθύνοντες,
2780 1897 2877 1951 καὶ
2903 1897 3143 1967 διάδημα
3178 1895 3392 1958 ἑαυτοῖς
3438 1889 3765 1963 περιέθεντο
3785 1904 3800 1919 ·

522 1981 697 2072 Judaei
752 2028 784 2067 a
828 1981 1077 2066 Romano
1123 2003 1361 2076 imperio
1410 1999 1789 2063 desciverint,
1867 2004 1927 2050 ut
1972 2008 2106 2065 gens

2223 1994 2308 2046 καὶ
2340 1993 2489 2053 ὅπως
2528 1990 2802 2061 ’Υρκανοῦ
2834 1987 3381 2076 καὶᾊρστοδούλου
3417 1986 3526 2038 τῶν
3550 1981 3803 2051 ἀδελφῶν

525 2120 720 2162 eorum
747 2102 896 2158 bello
926 2116 955 2155 a
982 2064 1252 2155 Romanis
1284 2092 1457 2165 petita
1486 2091 1561 2146 sit
1596 2103 1609 2139 :
1652 2103 1682 2143 a
1728 2101 1840 2158 quo
1878 2094 1934 2140 et
1968 2064 2107 2153 quo-

2223 2083 2601 2153 διενεχθέντων
2635 2083 2765 2153 περὶ
2794 2080 2895 2150 τῆς
2932 2064 3234 2148 ’ίουὸςῖκῆς
3275 2077 3581 2148 βασιλείας,
3616 2074 3645 2128 6
3679 2074 3804 2128 Μά-

529 2197 695 2253 modo
721 2194 1103 2264 Hierosolyma
1127 2196 1473 2259 postremum
1501 2180 1710 2245 excisa,
1738 2194 1841 2233 nec
1867 2177 2110 2247 amplius

2223 2194 2343 2246 γνος
2380 2175 2670 2246 Πομπήϊος
2741 2172 3065 2243 στρατηγῶν
3098 2172 3222 2225 τότε
3300 2169 3615 2239 Ῥωμαίων,
3655 2166 3803 2220 διαι-

1086 2268 1097 2277 ’
1128 2252 1145 2259 -
2222 2270 2390 2338 τῆσαι
2425 2266 2797 2338 μετακληθεὶς
2826 2269 2940 2329 τοῖς
2971 2266 3258 2337 ίμοίμοσι.
3282 2264 3381 2333 τήν
3415 2280 3473 2316 τε
3506 2261 3661 2315 πόλιν
3686 2252 3803 2311 εἷλε

526 2390 628 2459 τῆς
673 2380 1058 2453 Ἰερουσαλὴμ,
1117 2377 1212 2431 καί⁵
1248 2376 1310 2428 τδ
1370 2373 1525 2434 ἔθνος
1557 2372 1669 2435 τοῖς
1752 2368 2051 2440 Ῥωμαίοις
2115 2365 2387 2432 ὑπέταξε·
2442 2365 2537 2419 καὶ
2598 2365 2748 2426 ὅπως
2813 2361 3060 2433 Ἡρώδης
3086 2360 3451 2426 Ἀντιπάτρου
3484 2361 3599 2423 υίὸς
3662 2357 3806 2426 μετὰ

526 2445 701 2534 ταῦτα
730 2445 834 2544 τῆς
879 2445 1010 2526 τῶν-
1041 2466 1319 2522 Ἰουδαίων
1367 2461 1646 2535 βασιλείας
1685 2461 1980 2530 ἐκράτησε,
2015 2459 2112 2510 καὶ
2152 2458 2233 2521 τίς
2260 2453 2329 2528 ἦν
2363 2450 2541 2520 οὗτος,
2579 2456 2674 2509 καὶ
2702 2453 2825 2508 ὅθεν
2856 2456 3151 2523 κατήγετο,
3182 2453 3275 2506 καί
3336 2452 3439 2506 ὅσα
3506 2449 3630 2505 κατ’
3651 2445 3806 2504 οἷκον

528 2571 720 2641 ἐκείνῳ
755 2563 1096 2638 συμϐέϐηκε,
1132 2559 1231 2614 καὶ
1280 2558 1444 2628 μέχρι
1491 2557 1634 2618 τίνος
1669 2556 1717 2608 οί
1764 2553 1978 2606 ἐκείνου
2008 2550 2109 2619 τῆς
2149 2549 2430 2621 βασιλείας
2459 2547 2798 2621 ἐκράτησαν,
2831 2548 2942 2600 κάκ
2972 2549 3118 2609 τίνος
3149 2545 3381 2616 τρόπου,
3452 2546 3548 2600 καὶ
3592 2544 3804 2610 -ὲξότου

529 2665 799 2742 ἡγεμόνες
844 2665 911 2718 ὲκ
955 2659 1177 2730 Ῥώμης
1220 2659 1298 2720 είς
1338 2653 1599 2710 Ἰουδαίαν
1642 2651 1980 2715 ἐστέλλοντο,
2017 2650 2115 2703 καὶ
2152 2649 2250 2702 ὅσα
2289 2648 2416 2719 περὶ
2456 2646 2552 2700 τοῦ
2589 2646 2841 2719 Σωτῆρος
2866 2645 3025 2717 ἡμῶν
3090 2643 3271 2714 Ἰησοῦ
3312 2642 3558 2715 Χριστοῦ
3594 2645 3623 2698 6
3683 2643 3806 2696 Ἰώ-

530 2737 705 2834 σηπος
745 2754 1164 2827 συνεγράψατο·
1217 2750 1355 2804 ἀλλὰ
1397 2749 1582 2820 μέντοι
1628 2749 1724 2800 καὶ
1772 2744 1899 2817 περὶ
1954 2743 2050 2797 τοῦ
2118 2741 2432 2797 Βαπτιστοῠ
2490 2742 2768 2807 Ἰωάννου,
2838 2743 2933 2795 καὶ
2976 2740 3066 2794 διὰ
3110 2740 3263 2804 τίνας
3299 2737 3483 2803 αίτίας
3530 2737 3625 2792 τοῦ
3690 2741 3809 2800 τοῖς

540 2854 841 2925 Ῥωμαίοις
874 2850 1125 2905 ὑπείκειν
1166 2845 1415 2901 Ἰουδαῖοι
1461 2844 1803 2914 ἀπέστησαν,
1838 2841 1931 2894 καὶ
1972 2842 2120 2902 ὅπως
2187 2839 2250 2892 τὸ
2295 2838 2447 2903 ἔθνος
2488 2838 2670 2892 αὐτῶν
2747 2836 3066 2910 ἐπολεμήθη
3116 2837 3268 2908 παρά
3328 2835 3663 2908 Ῥωμαίων,
3708 2834 3810 2888 καὶ⁹

531 2948 685 3021 παρὰ
718 2946 863 3010 τίνος
900 2946 935 3015 ἡ
979 2940 1363 3013 Ἰερουσαλήμ,
1423 2937 1521 2991 καὶ
1561 2937 1713 2999 ὅπως
1743 2933 2086 3004 ὲξεπορθήθη
2128 2932 2226 3004 τὴν
2251 2932 2590 2995 τελευταίαν,
2635 2932 2730 2985 καὶ
2777 2931 2852 3003 μὴ
2887 2931 3119 3001 σχοῦσαν
3166 2930 3467 3002 ἀνάκλησιν
3515 2928 3807 3000 πόρθησιν.

600 3045 694 3101 Π.
719 3044 884 3099 Facta
911 3047 1097 3095 autem
1124 3037 1496 3091 Romanorum
1514 3042 1570 3087 et
1600 3032 1788 3086 Romae
1808 3030 2114 3091 mentione.

2296 3029 2374 3083 A’.
2424 3027 2713 3097 Ῥωμαίων
2743 3025 2801 3080 δὲ
2833 3026 2927 3080 καί
2948 3026 3050 3098 τῆς
3095 3025 3312 3097 Ῥώμης
3345 3024 3677 3095 μνησθείσης
3707 3022 3812 3094 τῆς

532 3136 908 3195 necessarium
939 3130 1077 3186 mihi
1104 3129 1283 3183 visum
1308 3133 1393 3181 est
1418 3124 1487 3180 de
1512 3124 1602 3179 his
1635 3122 1804 3178 etiam
1846 3122 2116 3186 scribere,

535 3241 593 3288 ct
625 3227 865 3290 tradere,
887 3221 1033 3278 unde
1058 3220 1129 3274 sit
1161 3216 1396 3288 populus
1428 3214 1731 3276 Romanus,
1763 3213 1819 3267 in
1845 3227 1987 3282 quos
2015 3211 2120 3265 im-

538 3319 756 3393 perium
782 3311 1065 3376 habuerit,
1091 3308 1186 3379 qui
1229 3306 1363 3361 olim
1411 3304 1582 3361 Italia:
1625 3303 1907 3374 regionem
1935 3301 2122 3357 colue-

537 3415 674 3477 rint,
729 3407 876 3463 unde
931 3401 1201 3458 Romulus
1250 3399 1305 3453 in
1353 3399 1533 3453 locem
1582 3394 1893 3467 prodierit,
1932 3394 2120 3449 Roma:

539 3502 831 3565 conditor;
863 3505 925 3552 ut
959 3492 1290 3550 interfectus
1315 3491 1388 3546 sit
1416 3489 1624 3545 Remus
1670 3487 1840 3542 frater
1877 3488 2014 3558 ejus.
2055 3501 2122 3541 ac

537 3608 665 3668 post
694 3593 784 3648 ille
817 3590 986 3645 etiam
1024 3587 1169 3642 inter
1196 3582 1457 3639 mortales
1494 3595 1616 3636 esse
1639 3579 1908 3644 desierit;
1934 3586 1998 3632 ut
2026 3577 2118 3632 illa

539 3687 677 3743 urbs
730 3680 1007 3756 principio
1043 3676 1269 3747 regibus
1310 3673 1581 3745 paruerit,
1621 3671 1828 3742 quibus
1900 3671 1974 3725 sit
2019 3685 2119 3726 usa

541 3779 791 3837 moribus
839 3783 897 3832 et
943 3770 1217 3829 institutis
1261 3785 1275 3822 :
1324 3776 1386 3824 ut
1436 3766 1774 3836 Tarquinius
1835 3765 2122 3835 Superbus

541 3882 716 3943 regno
748 3871 803 3924 in
846 3863 1200 3934 tyrannidem
1243 3867 1461 3915 mutato
1511 3858 1706 3930 pulsus
1751 3856 1846 3922 sit,
1880 3864 2017 3927 quot
2067 3866 2124 3911 et

542 3963 728 4038 qualia
762 3960 910 4017 bella
940 3958 1116 4013 Roma
1143 3954 1216 4009 ob
1251 3952 1402 4008 illius
1429 3951 1814 4022 expulsionem
1842 3950 2123 4005 sustinue-

540 4055 621 4109 rit
645 4070 662 4120 ;
698 4059 761 4107 ut
790 4062 880 4104 res
901 4046 1152 4101 Romana
1204 4042 1452 4114 primum
1480 4040 1550 4095 ab
1585 4040 1969 4110 optimatibus,
1997 4048 2122 4110 post

541 4144 705 4202 etiam
739 4157 768 4196 a
802 4138 1006 4211 populo
1038 4121 1421 4190 administrata
1455 4131 1660 4197 fuerit,
1690 4147 1902 4186 summa
1938 4128 2120 4185 rerum

542 4244 598 4293 in
632 4234 890 4292 consules
926 4239 984 4286 et
1018 4229 1343 4292 dictatores,
1379 4240 1507 4280 mox
1546 4224 1716 4280 etiam
1758 4224 1813 4278 in
1863 4224 2120 4279 tribunos

542 4329 722 4403 plebis
755 4325 1060 4386 translata;
1084 4321 1218 4392 quid
1245 4320 1379 4374 olim
1417 4317 1583 4373 fuerit
1607 4317 1954 4382 consulatus,
1983 4317 2119 4387 quid

2224 3119 2489 3190 ἱστορίας,
2526 3118 2828 3186 ἀναγκαῖόν
2878 3133 2968 3189 μοι
3008 3116 3272 3187 ἐνομίσθη
3298 3117 3393 3169 καὶ
3442 3113 3811 3186 περὶτούτων

2224 3210 2672 3283 συγγράψασθαι,
2710 3210 2808 3265 καὶ
2844 3209 3202 3282 παραδοῦναι,
3237 3209 3403 3263 πόθεν
3430 3208 3491 3262 τὸ
3521 3207 3632 3261 τῶν
3672 3203 3812 3260 Ῥωο

2226 3305 2404 3374 μαίων
2432 3302 2605 3367 ἔθνος,
2631 3303 2740 3357 κάκ
2760 3303 2907 3366 τίνος
2937 3302 3139 3375 ἔσχηκε
3167 3302 3266 3373 τὴν
3295 3302 3492 3373 ἀρχὴν,
3525 3300 3623 3355 καὶ
3650 3299 3812 3371 παρά

2222 3397 2383 3451 τίνων
2419 3395 2452 3464 ἠ
2482 3394 2583 3465 τῆς
2623 3394 2861 3457 Ἰταλίας
2894 3393 3049 3465 χώρα
3083 3393 3276 3464 πρώην
3310 3391 3649 3464 κατιδῦκιστοο
3682 3392 3811 3445 ὅθεν

2222 3503 2279 3539 τε
2324 3484 2579 3556 προήχθη
2625 3482 2907 3555 Ῥωμύλος
2932 3485 3012 3549 είς
3038 3485 3176 3554 φῶς,
3211 3486 3238 3537 6
3262 3487 3359 3553 τῆς
3396 3483 3615 3554 Ῥώμης
3652 3484 3812 3552 γενό-

2226 3593 2387 3647 μενος
2417 3575 2696 3646 οἰκιστὴρ,
2733 3575 2830 3628 καί
2863 3575 3013 3638 ὅπως
3052 3575 3299 3647 ἀνῃρέθη
3343 3574 3554 3646 Ῥῶμος
3585 3577 3612 3627 6
3652 3574 3813 3627 ἁδελ-

2224 3668 2322 3736 φὸς
2350 3664 2542 3732 αὐτοῦ,
2567 3659 2691 3719 εἶτα
2723 3666 2976 3728 κακεῖνος
3007 3664 3227 3733 ὲχένετο
3254 3666 3488 3736 ἀφανὴς,
3521 3666 3616 3718 καὶ
3656 3667 3810 3729 ὅπως

2224 3758 2442 3829 πρῶτον
2466 3761 2499 3827 ἠ
2534 3756 2692 3822 πόλις
2731 3756 2871 3827 αὓτη
2920 3755 3275 3828 ὲὸασιλεύθη,
3324 3759 3418 3811 καὶ
3464 3756 3648 3809 ἔθεσιν
3671 3756 3811 3820 οἵοις

2223 3853 2321 3905 καὶ
2355 3852 2612 3922 νομίμοις
2652 3852 2961 3923 ἐχρήσατο·
3007 3852 3104 3904 καὶ
3146 3850 3222 3913 ὡς
3257 3851 3336 3914 είς
3374 3840 3676 3919 ’τυραννίδα
3707 3850 3811 3920 τὴν

2229 3945 2515 4018 βασιλείαν
2546 3947 2575 3999 6
2608 3943 2921 4015 Σούπερὸος
2946 3943 3254 4014 Ταρκύνιος
3280 3942 3630 4014 μεταγαγὼν,
3668 3942 3817 3996 καθ-

2224 4038 2428 4111 ῃρέθη,
2474 4037 2571 4092 καί
2607 4038 2769 4101 ὅσους
2799 4036 3073 4109 πολέμους
3121 4038 3218 4091 καὶ
3245 4038 3392 4101 οἴους
3424 4039 3459 4108 ἡ
3503 4037 3691 4109 Ῥώμη
3722 4036 3819 4091 διὰ

2226 4133 2328 4202 τὴν
2362 4129 2577 4184 ἐκείνου
2608 4128 2935 4202 καθαίρεσιν
2970 4129 3207 4201 ἠνεγκεο
3244 4129 3342 4183 καὶ
3378 4129 3454 4194 ὡς
3481 4132 3559 4192 είς
3590 4130 3818 4201 ἀριστο-

2228 4223 2513 4295 κρατείαν,
2560 4218 2684 4277 εἶτα
2732 4223 2826 4276 καὶ
2860 4223 3290 4295 δημοκρατείαν,
3327 4223 3634 4294 μετηνέχθη
3678 4224 3818 4275 Ῥω-

2235 4323 2421 4395 μαίοις
2471 4321 2541 4375 τά
2610 4322 2958 4393 πράγματα,
3013 4321 3239 4374 ὑπάτων
3303 4321 3401 4373 καὶ
3454 4317 3827 4387 δικτατόρωνν

545 4393 841 4482 dictatura,
879 4415 1029 4486 quod
1083 4426 1378 4469 censorum
1435 4425 1661 4474 munus,
1694 4419 1962 4480 quantum
1989 4419 2117 4464 tem-

2232 4393 2354 4468 εἷτα
2406 4414 2505 4468 καὶ
2552 4413 2856 4483 δημάρχων
2905 4411 3008 4483 τὴν
3061 4409 3173 4463 τῶν
3229 4408 3425 4462 κοινῶν
3472 4410 3815 4476 ποιουμένων

430 4574 437 4579 ,
541 4513 693 4585 poris
723 4510 921 4579 cuique
947 4506 1364 4575 magistratuum
1392 4500 1746 4571 pra-finitum,
1773 4500 1954 4570 qualis
1977 4500 2124 4571 apud

549 4608 674 4662 illos
703 4599 1043 4669 triumphus,
1072 4594 1220 4651 unde
1249 4608 1451 4649 nomen
1496 4592 1601 4648 hoc
1643 4591 1968 4660 deductum,
2005 4607 2128 4662 quae

555 4693 900 4766 temporibus
949 4687 1339 4744 consulatuum
1388 4690 1540 4755 gesta
1577 4682 1828 4747 fuerint,
1881 4681 2132 4751 quamvis

550 4804 663 4845 non
686 4785 891 4848 omnia,
927 4781 1000 4837 ob
1032 4781 1299 4835 librorum
1323 4777 1620 4848 penuriam
1653 4775 1856 4846 quibus
1886 4775 1979 4831 illa
2019 4785 2129 4831 tra-

550 4880 666 4935 dita
699 4885 849 4942 sunt,
885 4885 1304 4944 persequemur.
1337 4868 1408 4925 Ut
1430 4867 1649 4923 tandem
1673 4867 1983 4922 Romanum
2026 4868 2129 4922 im-

553 4971 765 5042 perium
792 4968 845 5022 in
879 4965 1045 5021 unius
1069 4964 1173 5034 10
1203 4968 1528 5033 potestatem
1561 4959 1847 5026 ceciderit,
1884 4960 2133 5017 utCaius

550 5059 734 5117 Julius
761 5056 943 5116 Caesar
973 5049 1296 5109 mutationis
1344 5050 1511 5120 hujus
1542 5051 1753 5119 primus
1779 5060 1996 5113 auctor,
2028 5051 2134 5105 et.i

556 5167 665 5206 non
697 5151 972 5205 universae
1016 5144 1206 5210 fuerit,
1244 5150 1308 5199 ut
1352 5157 1420 5197 eo
1457 5142 1527 5197 ab
1557 5142 1642 5196 Itis
1675 5145 1771 5212 qui
1822 5143 2134 5196 libertatem

2232 4503 2538 4573 διοίκησινο
2585 4505 2680 4557 καὶ
2726 4503 2809 4565 τίς
2848 4502 2946 4572 μὲν
2980 4503 3014 4572 ἡ
3065 4501 3304 4554 ὑπατεία
3350 4500 3410 4552 τὸ
3465 4498 3694 4552 παλαιὸν
3721 4493 3833 4569 ἦν,-

2233 4594 2319 4655 τίς
2344 4593 2455 4663 δὲή
2490 4591 2830 4663 δικτατορία,
2855 4593 2908 4645 τί
2938 4590 2983 4645 δ’
3016 4585 3082 4661 ἦν
3111 4589 3171 4644 τὸ
3201 4589 3363 4661 ἔργον
3385 4588 3496 4642 τῶν
3542 4588 3815 4659 τιμη.ὦν,

2238 4688 2334 4740 καὶ
2365 4686 2533 4750 πόσος
2576 4688 2781 4757 ὥριστο
2835 4683 3028 4756 χρόνος
3079 4683 3284 4754 ἑκάστῃ
3317 4681 3427 4734 τῶν
3463 4682 3649 4752 ἀρχῶν
3687 4698 3815 4733 του-

2238 4778 2406 4832 τωνίο
2448 4780 2544 4833 καὶ
2581 4756 2693 4841 οἶος
2744 4777 2964 4846 ἐγένετο
2997 4777 3131 4847 παρ’
3171 4775 3407 4837 ἐκείνοις
3448 4775 3477 4827 6
3522 4772 3816 4846 θρίαμϐος,
3892 4756 3898 4762 ’

2239 4875 2333 4924 καὶ
2364 4870 2488 4924 ὅθεν
2521 4869 2779 4942 παρήχθη
2822 4868 2982 4922 τοῦτο
3012 4869 3072 4921 τὸ
3117 4866 3291 4937 δνομα
3311 4882 3324 4897 ·
3360 4867 3456 4921 καὶ
3494 4866 3595 4919 ὅσα
3619 4867 3678 4918 ὲν
3701 4866 3817 4928 τοῖς

2239 4960 2455 5028 καιροῖς
2486 4957 2594 5011 τῶν
2620 4957 2845 5011 ὑπάτων
2874 4956 3148 5026 ἐγένοντο,
3186 4957 3234 5008 εί
3263 4956 3356 5009 καὶ
3383 4956 3458 5027 μὴ
3504 4957 3705 5017 πάντα,
3730 4959 3819 5009 ὲν-

2234 5050 2355 5121 δείᾳ,
2385 5049 2583 5119 βίϐλων
2619 5049 2696 5120 (6)
2729 5049 2842 5105 τῶν
2881 5048 3059 5103 ταῦτα
3083 5048 3482 5118 διηγουμένων.
3525 5049 3635 5102 Καὶ
3668 5049 3832 5112 ὅπως.

2235 5138 2464 5208 ὕστερον
2494 5141 2563 5193 ὲκ
2589 5139 2797 5193 τούτων
2833 5141 2913 5201 είς
2947 5140 3251 5209 μοναρχίαν
3280 5141 3314 5210 ἠ
3351 5139 3498 5209 ἀρχὴ
3529 5140 3642 5201 τοῖς
3683 5139 3819 5192 Ῥω·

557 5243 875 5306 tuebantur,
917 5238 974 5292 in
998 5236 1154 5291 curia
1202 5232 1518 5296 interfecto,
1552 5233 1813 5288 Octavius
1855 5234 2117 5304 Augusto:

2238 5233 2425 5303 μαίοις
2474 5232 2778 5302 μετέπεσεο
2822 5233 2918 5285 καὶ
2944 5231 3019 5294 ὼς
3047 5232 3264 5303 πρῶτος
3297 5232 3492 5295 ταῦτα,
3519 5233 3566 5284 εί
3616 5232 3710 5284 καὶ
3745 5232 3820 5302 μὴ

557 5338 760 5402 Caesar,
801 5331 1079 5390 interfecti
1103 5328 1337 5385 Caesaris
1365 5343 1433 5383 ex
1477 5342 1672 5382 sorore
1712 5342 1905 5397 nepos,
1936 5327 2003 5381 ab
2039 5341 2138 5382 eo-

558 5446 665 5501 que
698 5430 1034 5499 adoptatus,
1084 5420 1471 5478 interfectores
1525 5419 1697 5489 patris
1744 5420 1894 5473 ultus
1930 5420 2131 5483 fuerit,

558 5524 810 5595 adiutore
858 5517 1103 5575 Antonio
1136 5533 1151 5583 ;
1183 5529 1351 5586 quem
1411 5511 1645 5576 deinde,
1701 5521 1822 5564 orto
1879 5510 2131 5575 dissidio,

2238 5324 2521 5396 καθαρῶς,
2562 5325 2590 5377 6
2640 5324 2803 5386 Γάἲος
2851 5321 3073 5388 Ἰούλιος
3116 5323 3336 5395 Καίσαρ
3398 5326 3821 5393 μετεποιήσατο,

2243 5413 2361 5470 εἶτα
2390 5418 2483 5469 ἐπὶ
2512 5416 2756 5486 βήματος
2786 5414 3172 5485 ἀναιρεθέντος
3201 5414 3369 5467 αὐτοῦ
3406 5416 3557 5485 παρὰ
3587 5415 3695 5467 τῶν
3719 5414 3821 5484 τῆς

2246 5509 2561 5577 ἐλευθερίας
2585 5508 2947 5577 ἐξεχομένων,
2984 5509 3012 5559 6
3041 5505 3347 5575 Αὔγουστο,
3373 5506 3655 5569 Ὀκτάϐιο,
3686 5508 3823 5562 Καί-

1750 5650 1949 5712 Varim
1984 5650 2289 5713 lectiones
2334 5658 2396 5713 et
2439 5661 2627 5715 notaa.

631 5781 707 5855 (6)
749 5780 859 5835 Kal
904 5778 990 5849 μὴ
1017 5778 1237 5855 -.ταντα
1273 5778 1472 5855 ἐνδείᾳ
1523 5776 2117 5855 βλῖὄλιωιςηΡτοετεδειιε

2248 5777 2759 5855 abruptahistoria,
2782 5778 2883 5855 Gn.
2913 5778 3137 5849 Pompei
3170 5779 3346 5855 Magni
3384 5792 3473 5831 res
3503 5787 3684 5855 gestas
3708 5786 3819 5855 sta.-

561 5847 706 5907 ein'm
746 5847 919 5922 usque
966 5850 1031 5904 ad
1077 5848 1424 5920 Carthaginis
1459 5858 1513 5902 et
1550 5847 1802 5903 Corinthi
1836 5847 2136 5911 excidium,

2250 5848 2347 5902 tim
2382 5847 2618 5916 Orditur,
2654 5849 2885 5907 historia
2914 5847 3186 5905 annorum
3223 5851 3291 5902 (i0
3321 5849 3701 5915 praetermissa.
3734 5847 3820 5904 W.
