4098 6396
288 386 358 446 4'3
1729 389 2154 450 ΡΒᾸΞΡΑΤΙΟ.
3509 395 3583 458 50

291 520 421 573 0'19.
457 502 785 572 ἀδελφιδοῦς
810 502 887 558 ὢν
927 502 1023 558 τοῦ
1075 503 1429 576 ἀνῃρημένου
1457 502 1765 573 Καίσαρος,
1798 503 1892 556 καὶ

1995 502 2174 558 navali
2203 502 2391 572 przelio
2426 503 2493 558 ad
2533 502 2754 559 Aetium
2784 515 3130 575 superatum.
3154 514 3224 563 .et
3275 506 3400 576 t‘uga
3442 510 3574 561 Ale-

289 594 631 664 εἱσποιηθεὶς
681 595 907 666 ἐκείνῳ,
942 596 1070 659 τοὺς
1118 598 1300 665 φονεῖς
1337 595 1432 649 τοῦ
1456 593 1614 649 θετοῢ
1652 593 1889 665 μετῆλθε

1995 595 2282 651 xandriam
2312 612 2437 651 cum
2478 596 2770 667 Cleopatra
2805 599 3053 668 elapsum
3089 608 3307 658 nactus,
3352 598 3418 652 ad
3461 614 3575 652 ma-

293 686 530 757 πατρὺς,
583 688 727 757 ἔχων
762 689 865 765 καὶ
911 688 1004 741 τὸν
1050 686 1345 743 ’Λντώνιον
1385 689 1481 743 τοῦ
1532 688 1699 759 ἔργου
1740 687 1890 757 αὐτῷ

1995 705 2098 745 nus
2124 688 2231 743 sibi
2266 689 2367 759 ipsi
2394 689 2708 747 aﬂ'erendas
2736 689 3094 759 compulerit;
3118 701 3338 760 quantze
3374 691 3577 744 Roma-

293 784 734 852 cuvrpa‘psvov’
800 781 1100 852 μετέπειτα
1157 781 1217 835 δὲ
1276 781 1522 853 κάκείνῳ
1565 781 1887 850 διενεχθεὶς,

290 877 392 929 καὶ
447 876 683 945 νικήσας
740 875 1024 948 ναυμαχίᾳ
1075 877 1202 947 περὶ
1241 878 1304 929 τὸ
1344 877 1593 941 Ἀκτιον,
1629 871 1750 929 εἶτα
1785 876 1883 929 καὶ

288 973 373 1032 εἰς
402 970 820 1039 Ἀλεξάνδρειαν
866 971 968 1025 σὺν
1001 972 1067 1042 τῇ
1111 971 1449 1043 Κλεοπάτρᾳ
1484 971 1727 1040 φυγόντα
1772 974 1892 1024 ὲπι-

286 1062 458 1115 κατα)
473 1060 646 1127 αϐὼν,
678 1064 758 1125 είς
785 1061 953 1116 τοῦτο
986 1062 1354 1135 περιέστησεν
1400 1064 1648 1135 ἀνάγκης
1675 1064 1766 1118 τὸν
1799 1065 1893 1120 ἄν·

290 1153 424 1224 δρα,
473 1154 552 1218 ὡς
599 1156 696 1208 καὶ
740 1155 1188 1227 διαχειρίσασθαι
1216 1157 1442 1211 ἑαυτόν*
1483 1159 1583 1228 ὅση
1610 1174 1671 1212 τε
1713 1157 1891 1230 φθορὰ

285 1246 406 1299 τῶν
450 1246 749 1316 Ῥωμαίων
792 1252 854 1302 ὲν
881 1252 1000 1311 τοῖς
1052 1248 1345 1320 ὲμςυλίοις
1375 1251 1635 1322 πολέμοις
1678 1250 1893 1315 τούτοις

285 1337 535 1408 ἐγένετο,
571 1340 845 1412 πρότερον
898 1342 1000 1414 μὲν
1042 1342 1178 1413 πρὸς
1211 1343 1452 1413 Βροῦτον
1498 1345 1593 1399 καὶ
1624 1344 1888 1411 Κάσσιον,

282 1431 384 1483 καὶ
408 1432 539 1493 τοὺς
566 1431 762 1497 ἄλλους
786 1433 1088 1506 άναιρέτας
1116 1434 1212 1488 τοῦ
1248 1436 1552 1508 Καίσαρος,
1576 1436 1672 1490 τοῦ
1695 1438 1892 1490 Ὀκτα-

282 1525 411 1576 είου
455 1526 554 1577 καὶ
595 1526 690 1580 τοῦ
726 1526 1024 1583 Ἀντωνίου
1067 1530 1616 1600 ἁντικαθισαμένων,
1645 1526 1765 1584 εἶτα
1796 1538 1893 1585 καὶ

283 1619 431 1689 πρὸς
480 1618 754 1691 ἀλλήλους
808 1622 1218 1693 μαχεσαμένων
1265 1625 1451 1678 αὐτῶν
1473 1643 1487 1655 ’
1523 1634 1616 1678 καὶ
1644 1626 1718 1688 ὡς
1752 1627 1891 1691 ἐζωο

284 1711 473 1780 γρήθη
506 1710 607 1781 μὲν
636 1715 669 1783 ή
701 1714 1041 1785 Κλεοπάτρα
1066 1719 1099 1787 ἡ
1125 1716 1225 1785 τῆς
1247 1717 1532 1786 Αἰγύπτου
1577 1720 1887 1788 βασίλισσα,

283 1800 427 1897 οὖτα
477 1803 589 1858 τῶν
631 1805 993 1877 Πτολεμαίων
1030 1809 1323 1879 ἀπόγονος,
1359 1811 1542 1865 ἀνεῖλε
1582 1811 1640 1865 δὲ
1687 1811 1891 1884 ἑαυτὴν

286 1900 551 1971 κὶκείνη,
573 1900 650 1963 ὡς
672 1902 933 1975 εἰκάσθη,
960 1904 1188 1969 ἀσπίδος
1212 1906 1458 1977 δήγματι
1480 1923 1494 1936 ·
1525 1906 1620 1961 καὶ
1641 1908 1724 1960 ὅτι
1747 1905 1892 1962 οὕτω

288 1996 414 2062 μετ’
445 1995 737 2050 ἐπινικίων
770 1997 1046 2068 λαμπρῶν
1072 2003 1151 2062 είς
1172 1999 1273 2071 τὴν
1325 2000 1551 2071 Ῥώμην
1574 2000 1890 2055 ἐπανελθὼν

283 2088 315 2136 ὁ
356 2084 677 2155 Ὀκτάβιος,
705 2085 808 2156 τῆς
851 2087 1156 2159 αὑταρχίας
1204 2089 1634 2160 ἀντεποιήσατο,
1668 2090 1761 2142 καὶ
1809 2091 1894 2151 είς

285 2177 508 2248 ἀκριϐῆ
562 2178 868 2249 μοναρχίαν
934 2180 1037 2251 τὴν
1080 2180 1190 2232 τῶν
1242 2180 1542 2251 Ῥωμαίων
1589 2181 1893 2251 ἡγεμονίαν

292 2271 634 2342 μετήνεγκε,
684 2273 783 2327 καὶ
813 2272 963 2336 τίνες
996 2273 1116 2344 μετ’
1158 2273 1324 2328 αὐτὸν
1357 2274 1772 2344 ὲμονάρχησαν,
1799 2274 1895 2327 καὶ

286 2365 448 2438 ὅπως
489 2364 725 2429 ἕκαστος
760 2365 859 2435 τῆς
897 2366 1079 2435 ἀρχῆς
1126 2364 1325 2436 ἐπέϐη.
1361 2367 1454 2419 καὶ
1499 2365 1648 2428 ὅπως
1682 2365 1779 2418 καὶ
1807 2363 1894 2434 ἐφ’

283 2458 421 2510 ὅσον
454 2452 616 2527 ἦρξε,
642 2458 736 2511 καὶ
777 2458 876 2529 οἵῳ
914 2459 1063 2511 τέλει
1103 2459 1203 2528 τῆς
1234 2460 1382 2529 ζωῆς
1421 2460 1724 2529 συνέκυρσε
1750 2478 1764 2494 ο
1798 2460 1894 2512 καὶ

282 2551 443 2613 τίνες
486 2549 587 2603 ἐπὶ
630 2552 865 2615 τούτων,
897 2552 1039 2620 μετὰ
1088 2552 1215 2615 τοὺς
1249 2554 1485 2618 σεπτοὺς
1533 2552 1892 2617 ἀποστόλους,

281 2641 422 2706 τοὺς
470 2642 697 2715 θρόνους
753 2644 1076 2714 ἐκόσμησαν
1128 2645 1241 2698 τῶν
1293 2647 1582 2716 τεσσάρων
1638 2646 1894 2715 μεγάλων

280 2734 667 2806 Ἷεῖκκλησιῶν,
716 2738 818 2806 τῆς
873 2734 1097 2807 Ῥώμης
1147 2735 1315 2804 λέγω,
1374 2738 1470 2790 καλ¹
1510 2738 1608 2808 τῆς
1640 2737 1896 2803 Ἀλεξαν-

284 2825 508 2895 δρείας,
562 2827 906 2899 Ἀντιοχείας
955 2845 1014 2881 τε
1067 2830 1163 2882 καὶ
1216 2831 1314 2899 τῆς
1358 2829 1758 2901 Ἰερουσαλὴμ,
1799 2831 1895 2883 καὶ

285 2921 416 2973 ὅσοι
477 2919 690 2974 τούτων
754 2921 1105 2993 μαρτυρικοῦ
1173 2921 1366 2985 τέλους
1435 2923 1893 2995 κατηξιώθησαν

282 3013 446 3074 ὅπως
484 3028 547 3065 τε
606 3012 810 3079 μᾶλλον
846 3013 958 3065 τῶν
1014 3012 1193 3067 ἄλλων
1222 3014 1366 3068 κατὰ
1397 3014 1750 3085 Χριστιανῶν
1779 3015 1897 3079 ἑξε-

283 3110 579 3181 λύττησαν
641 3110 1031 3182 Διοκλητιανὺς
1079 3109 1173 3163 καὶ
1220 3108 1619 3179 Μαξιμιανὺςό
1671 3108 1899 3180 Ἐρκού-

1991 796 2190 836 norum
2225 780 2278 835 in
2335 781 2596 837 civilibus
2631 782 2751 837 istis
2795 781 2958 837 bellis
3010 792 3220 854 strages
3255 782 3369 837 sint
3394 782 3577 844 editae,

1991 877 2232 948 primum
2277 875 2506 932 Octavio
2564 883 2619 929 et
2654 876 2900 931 Antonio
2952 874 3202 931 Cassium
3234 884 3290 931 et
3320 875 3585 940 Brutum,

1991 980 2331 1041 cceterosque
2372 969 2605 1026 Caesaris
2664 984 3022 1041 percussores
3072 968 3578 1039 persequentibus.

1992 1064 2193 1121 deinde
2212 1065 2360 1119 inter
2396 1079 2517 1120 sese
2549 1063 2758 1119 bellum
2784 1062 3142 1134 gerentibus;
3171 1070 3233 1116 ut
3263 1061 3578 1132 Cleopatra,

1991 1159 2211 1231 Egypti
2243 1157 2433 1228 regina
2460 1173 2526 1212 ex
2559 1165 2723 1228 gente
2753 1156 3203 1219 Ptolemaeorum,
3232 1154 3359 1208 viva
3393 1153 3447 1208 in
3482 1170 3581 1223 po-

1998 1263 2257 1310 testatem
2315 1250 2546 1307 victoris
2604 1250 2849 1313 venerit,
2897 1259 2953 1304 et
2988 1248 3229 1319 seipsam
3275 1247 3359 1315 (ut
3391 1247 3581 1317 conje-

1995 1359 2152 1403 (tura
2204 1345 2330 1415 fuit)
2383 1359 2572 1399 morsu
2606 1340 2819 1413 aspidis
2862 1342 3137 1411 serpentis
3167 1339 3489 1405 sustulerit;
3519 1345 3580 1392 ut

1994 1438 2100 1493 hoc
2132 1437 2296 1491 modo
2341 1435 2593 1491 victoriis
2639 1434 2874 1488 illustris
2915 1430 3180 1488 Octavius
3208 1431 3443 1486 Romam
3495 1429 3581 1484 in-

1994 1546 2241 1602 gressus,
2278 1529 2571 1599 imperium
2605 1526 2699 1581 uni
2750 1525 2857 1581 sibi
2908 1525 3214 1594 usurparit,
3261 1523 3578 1595 principatu

1997 1624 2373 1697 Romanorum
2426 1620 2591 1691 plane
2640 1619 2697 1674 in
2762 1616 3142 1673 monarehiam
3190 1624 3577 1672 commutato:

1996 1716 2091 1788 qui
2122 1715 2172 1770 ei
2197 1713 2571 1770 successerint
2617 1711 2673 1766 in
2712 1710 2970 1782 imperio.
3007 1719 3068 1765 ut
3120 1710 3357 1780 quisque
3405 1708 3580 1776 impe-

2000 1807 2144 1862 rium
2193 1804 2523 1876 susceperit,
2586 1813 2648 1858 ut
2677 1810 2734 1858 et
2758 1801 3006 1872 quandiu
3056 1798 3365 1871 imperarit,
3412 1812 3578 1868 quem

1997 1904 2127 1960 vita:
2154 1903 2363 1958 exitum
2419 1899 2714 1965 habuerit;
2749 1897 2846 1967 qui
2880 1897 2984 1952 sub
3017 1896 3126 1962 his,
3182 1904 3307 1966 post
3361 1899 3583 1948 sanctos

1996 1995 2295 2066 apostolos,
2315 2002 2556 2063 quatuor
2588 2004 2910 2060 magnarum
2942 1987 3318 2043 Ecclesiarum
3349 1985 3591 2046 thronos

1994 2087 2267 2154 ornarint,
2304 2086 2591 2149 Romanae,
2630 2085 2879 2154 inquam,
2918 2077 3328 2142 Alexandrinae,
3386 2075 3586 2132 Antio-

1993 2182 2207 2247 chenaa,
2236 2187 2292 2236 ct
2335 2176 2890 2250 Hierosolymitanae;
2933 2173 3026 2245 qui
3062 2189 3129 2229 ex
3160 2173 3251 2228 his
3288 2171 3342 2227 in
3370 2179 3581 2242 marty-

1994 2291 2118 2330 rum
2146 2288 2439 2329 numerum
2468 2281 2525 2326 et
2554 2270 2874 2341 dignitatem
2913 2267 3025 2322 sint
3057 2264 3268 2335 recepti
3300 2281 3315 2331 ;
3352 2273 3413 2319 ut
3448 2263 3582 2318 Dio-

1994 2354 2218 2425 cletiani
2283 2366 2383 2435 11
2440 2376 2497 2421 et
2531 2363 2846 2419 Maximiani
2899 2360 3143 2416 Herculii
3186 2358 3421 2428 insignis
3471 2371 3584 2427 pra:

1994 2461 2210 2516 caeteris
2250 2459 2432 2515 rabies
2465 2460 2521 2512 in
2564 2456 2912 2513 Christianos
2962 2452 3278 2518 exstiterit;
3315 2461 3377 2506 ut
3415 2449 3581 2504 iidem

1996 2553 2254 2611 abdicato
2286 2548 2705 2621 imperio,alios
2738 2562 2838 2601 suo
2882 2546 3005 2600 loco
3036 2542 3280 2599 Caesares
3324 2554 3584 2610 surroga-

1996 2647 2131 2709 rint,
2190 2659 2427 2716 quorum
2477 2657 2624 2698 unus
2696 2639 2803 2695 fuit
2856 2636 3220 2695 Constantius
3283 2633 3525 2689 Clilorus
3561 2671 3577 2697 ,

1995 2736 2171 2809 Magni
2211 2734 2561 2793 Constantini
2594 2741 2770 2805 pater,
2801 2730 2889 2785 cui
2924 2727 3226 2784 Galliarum
3258 2734 3314 2780 et
3358 2723 3582 2778 Britan-

1997 2835 2101 2888 niae
2132 2831 2427 2902 imperium
2462 2829 2646 2883 fuerat
2688 2824 3056 2889 attributum;
3090 2828 3152 2874 ut
3192 2818 3285 2874 hic
3336 2818 3582 2872 moriens

1996 2923 2428 2999 primogenitum
2480 2934 2640 2976 suum
2686 2915 3135 2980 Constantinum,
3196 2912 3402 2983 pietate
3453 2924 3591 2980 apes.

1997 3018 2155 3077 stolis
2191 3014 2610 3072 conferendum.
2649 3009 2866 3080 imperii
2902 3020 3282 3063 successorem
3329 3001 3585 3072 designa-

1996 3112 2174 3178 verit;
2210 3118 2270 3164 ut
2299 3109 2393 3164 hic
2424 3122 2569 3163 unus
2611 3119 2799 3159 rerum
2828 3101 2902 3157 sit
2932 3100 3164 3171 potitus,
3202 3096 3449 3152 subactis
3475 3109 3583 3148 cae-

282 3204 435 3266 λιος,
471 3203 571 3256 καὶ
617 3202 694 3265 ὡς
726 3203 831 3273 τὴν
885 3202 1063 3274 ἀρχὴν
1113 3201 1448 3272 ἀποθέμενοι
1506 3199 1729 3268 ἑτέρους
1775 3200 1892 3254 ἀνθ’

2003 3204 2157 3268 teris,
2195 3217 2321 3259 cum
2371 3200 2597 3271 quidem
2643 3197 2862 3267 signum
2899 3192 3083 3249 crucis
3139 3206 3238 3261 per
3298 3188 3488 3244 stellas
3527 3185 3581 3240 in

280 3294 514 3350 ἑαυτῶν
542 3296 968 3365 ἐχειροτόνησαν
1029 3294 1322 3365 Καίσαρας
1345 3310 1359 3324 ο
1394 3286 1470 3348 ὧν
1494 3287 1574 3356 εἷς
1600 3292 1896 3346 Κωνστάν-

282 3406 411 3452 τιος
442 3389 473 3441 ὁ
503 3388 730 3459 Χλωρὸς
768 3388 847 3459 (7)
872 3383 966 3460 ἦν,
1003 3389 1031 3441 ὁ
1059 3386 1156 3440 τοῦ
1197 3384 1437 3457 μεγάλου
1469 3385 1893 3438 Κωνσταντίνου

283 3482 507 3551 πατὴρ,
542 3480 643 3552 τῆς
674 3480 849 3552 ἀρχῆς
881 3480 993 3533 τῶν
1027 3479 1274 3534 Γαλλιῶν
1300 3480 1396 3532 καὶ
1431 3476 1532 3548 τῆς
1558 3478 1894 3548 Βρεττανίας

284 3572 746 3645 ἀπονεμηθείσης
778 3573 933 3645 αὐτῷ
954 3587 967 3602 ·
1023 3575 1118 3628 καὶ
1147 3573 1224 3638 ὡς
1270 3572 1523 3644 θνήσκων
1564 3571 1775 3635 ἐκεῖνος
1800 3572 1894 3625 τὸν

287 3669 656 3736 πρωτότοκον
692 3669 810 3723 υἱὸν
841 3668 1068 3735 ἑαυτοῦ,
1101 3667 1294 3722 τοῦτον
1322 3666 1389 3737 δὴ
1419 3665 1513 3718 τὸν
1538 3665 1894 3720 ίσαπόστολον

286 3760 847 3829 Κωνσταντῖνον,τῆς
867 3760 1076 3822 οἰκείας
1103 3758 1278 3830 ἀρχῆς
1301 3758 1549 3830 διάδοχον
1572 3758 1892 3826 ὲποιήσατο’

286 3854 394 3909 καὶ
412 3853 493 3916 ὡς
517 3855 796 3926 μονάρχης
817 3851 974 3919 οὗτος
997 3854 1391 3926 κατέστη,τοὺς
1403 3855 1624 3916 λοιποὺς
1637 3868 1893 3919 καταγωο

285 3946 617 4015 νισάμενος,
643 3945 903 4015 ὀφθέντος
931 3946 1083 4017 αὐτῷ
1112 3945 1209 4000 τοῦ
1243 3946 1542 4018 σταυρικοῦ
1566 3945 1800 4016 σημείου
1819 3941 1891 3997 δι’

286 4040 556 4109 ἀστέρων
583 4040 642 4093 ὲν
674 4038 752 4109 τῷ
795 4041 1045 4112 οὐρανῷ*
1083 4040 1183 4095 καλ⁵
1215 4041 1292 4105 ὼς
1328 4039 1734 4112 προσεληλύθει
1758 4039 1895 4109 Χρι-

287 4131 433 4202 στῷ,
475 4132 574 4187 καὶ
608 4131 707 4203 τὴν
740 4133 928 4187 πίστιν
957 4133 1252 4196 ὲπλάτυνε,
1297 4132 1627 4206 παρρησίαν
1658 4130 1783 4195 δοὺς
1814 4129 1894 4200 τῷ

283 4223 649 4294 κηρύγματι,
680 4228 778 4280 καὶ
811 4226 962 4289 ὅπως
996 4227 1057 4279 έν
1085 4224 1163 4295 τῷ
1205 4224 1493 4299 Βυζαντίῳ
1521 4223 1681 4276 πόλιν
1711 4220 1894 4291 ἑαυτῷ

286 4315 597 4387 ὁμώνυμον
630 4316 956 4388 ᾠκοδόμησε
977 4358 992 4384 ,
1021 4317 1171 4371 Νέαν
1219 4316 1440 4389 Ῥώμην
1484 4315 1765 4388 ὀνομάσας
1796 4315 1894 4370 αὐ-

285 4411 434 4479 τὴν,
482 4410 581 4464 καὶ
635 4409 921 4480 βασιλείαν
964 4412 1031 4465 ὲκ
1077 4413 1179 4483 τῆς
1229 4410 1615 4483 πρεσϐυτέρας
1668 4409 1894 4482 Ῥώμης

285 4506 375 4567 εἰς
422 4503 643 4575 ταύτην
690 4506 1022 4577 μετήνεγκε.
1075 4506 1189 4560 Καὶ
1234 4504 1546 4574 τίνες’μετ’
1581 4503 1793 4558 ἐκεῖνον
1833 4504 1893 4556 ὲν

288 4601 439 4669 αὐτῇ
475 4598 865 4664 ὲΰασίλευσαν,
906 4599 1006 4655 καὶ
1044 4594 1158 4663 οἷος
1194 4598 1430 4663 ἕκαστος
1461 4593 1531 4665 ἦν
1585 4598 1713 4660 τοὺς
1765 4597 1893 4667 τρό-

295 4708 466 4758 πους,
520 4691 661 4747 ἀλλὰ
708 4693 817 4766 μὴν
848 4695 945 4749 καὶ
979 4694 1042 4748 τδ
1085 4691 1276 4760 σέϐας,
1315 4693 1412 4749 καὶ
1446 4694 1533 4764 ἐφ’
1564 4694 1691 4748 ὅσον
1726 4690 1894 4760 ξκρά-

288 4801 433 4854 τησε
465 4784 545 4857 (8)
578 4787 681 4856 τῆς
711 4788 915 4860 ἀρχῆς,
941 4789 1037 4844 καὶ
1066 4790 1217 4853 ὅπως
1246 4786 1553 4861 μετήλλαξε
1587 4785 1688 4858 τὴν
1721 4786 1887 4857 ζωήνο

1998 3300 2138 3357 εωιο
2171 3296 2467 3353 formatum
2500 3293 2550 3348 ei
2583 3289 2928 3363 apparuisset
2956 3303 2971 3341 :
3001 3294 3062 3341 ut
3097 3286 3164 3339 ad
3208 3281 3491 3340 Christum
3524 3293 3583 3333 se

1997 3390 2316 3456 contulerit,
2345 3388 2619 3456 ﬁdemque
2668 3380 3021 3456 propagarit,
3063 3375 3349 3448 Evangelii
3401 3372 3580 3428 libere

1996 3482 2335 3559 praedicandi
2406 3488 2680 3552 potestate
2732 3477 2896 3541 data;
2949 3481 3012 3528 ut
3069 3468 3321 3542 Byzantii
3386 3466 3581 3521 urbem

1998 3557 2101 3638 sibi
2136 3574 2522 3648 cognominem
2568 3566 2881 3632 atdiﬁcarit,
2928 3565 3096 3621 Novae
3122 3562 3311 3617 Romae
3358 3557 3583 3613 nomine

1998 3672 2197 3737 indito,
2230 3678 2397 3740 atque
2448 3664 2744 3736 imperium
2780 3677 2849 3717 ex
2882 3668 3070 3715 vetere
3126 3654 3299 3710 Roma
3354 3652 3409 3707 in
3442 3650 3584 3704 hanc

1999 3762 2384 3828 transtulerit;
2421 3759 2515 3832 qui
2571 3767 2697 3828 post
2738 3769 2865 3810 eum
2904 3751 2982 3808 ibi
3015 3748 3318 3820 regnarint,
3378 3743 3583 3815 quibus

1996 3860 2235 3933 quisque
2269 3854 2440 3912 fuerit
2484 3851 2761 3912 moribus,
2791 3862 2900 3919 qua
2929 3844 3164 3917 pietate,
3198 3837 3449 3912 quandiu
3497 3843 3582 3889 te—

1998 3931 2185 4013 nuerit
2217 3948 2536 4021 imperium,
2586 3953 2645 3999 ut
2679 3958 2710 3998 e
2758 3942 2872 3997 vita
2910 3935 3263 4002 discesserit;
3297 3931 3392 4004 qui
3436 3931 3582 4015 Con.

1997 4041 2506 4112 stantinopolitanae
2547 4033 2811 4091 Ecclesia:
2848 4029 3195 4103 pmiuerint,
3241 4036 3301 4082 et
3332 4022 3579 4095 quandiu

1997 4135 2269 4207 quisque;
2301 4132 2395 4201 qui
2417 4146 2482 4185 ex
2517 4128 2625 4184 illis
2652 4134 2856 4181 rectam
2904 4118 3235 4178 sententiam
3281 4116 3589 4181 tenuerint,

1996 4204 2092 4298 qui
2119 4224 2188 4279 ab
2228 4238 2293 4279 ea
2313 4221 2380 4276 ad
2414 4220 2552 4275 alias
2577 4215 2871 4287 opiniones
2897 4210 3230 4271 defecerint,
3262 4217 3320 4263 ut
3348 4204 3583 4276 quisque

1997 4336 2067 4376 ex
2114 4318 2222 4372 hac
2272 4315 2388 4370 vita
2417 4312 2702 4385 migrarit;
2744 4308 2849 4365 sub
2901 4305 3106 4378 quibus
3149 4298 3584 4373 imperatoribus

1997 4422 2055 4470 et
2116 4408 2475 4484 patriarchis,
2530 4415 2588 4462 et
2642 4419 2767 4461 cum
2831 4400 3037 4473 quibus
3086 4397 3324 4454 concilia
3376 4392 3589 4450 fuerint

1999 4512 2351 4577 congregata.
2389 4499 2482 4557 Sic
2516 4513 2693 4569 usque
2723 4497 2789 4551 ad
2816 4493 2994 4552 nostri
3022 4491 3291 4563 temporis
3334 4487 3580 4557 impera-

1999 4611 2150 4658 tores
2184 4597 2528 4655 descendens
2560 4592 2760 4656 oratio,
2796 4586 3206 4646 consummabit
3258 4581 3580 4644 historiam,

1999 4693 2296 4749 multarum
2329 4687 2552 4744 interim
2581 4694 2639 4741 et
2670 4683 3015 4740 occultarum
3051 4693 3238 4735 rerum
3263 4675 3403 4731 facta
3434 4687 3587 4728 mcu-

2002 4787 2175 4841 tione.

287 4879 444 4942 τίνες
490 4897 550 4933 τε
600 4881 700 4952 τῆς
847 4858 1265 4938 Κωνσταντίνου
1315 4858 1473 4937 πόλει
1527 4879 1877 4951 προέστησαν
1918 4877 2273 4949 Ἐκκλησίας,
2338 4875 2431 4929 καὶ
2462 4872 2550 4944 ἐφ’
2575 4870 2702 4926 ὅσον
2746 4869 3003 4933 ἕκαστος,
3069 4864 3167 4920 καὶ
3234 4862 3380 4926 τίνες
3406 4858 3587 4914 αὑτῶν

289 4970 392 5026 τοῦ
433 4972 606 5043 ὀρθοῦ
645 4975 922 5059 δόγματος
955 4977 1290 5049 ἀντείχοντο,
1324 4977 1472 5042 τίνες
1500 4977 1559 5032 δὲ
1593 4975 1888 5045 γεγόνασιν
1965 4973 2292 5046 ἑτερόδοξοι,
2358 4972 2510 5035 ὅπως
2555 4967 2666 5024 τῶν
2714 4967 2848 5040 τῇδε
2902 4960 3265 5037 μετελήλυθεν
3330 4959 3584 5023 ἕκαστος,

291 5070 392 5122 κει
417 5067 518 5123 ἐπὶ
551 5069 716 5124 τίνων
757 5056 1188 5142 αὐτοκρατόρων
1241 5071 1338 5126 καὶ
1408 5068 1793 5142 πατριαρχῶν,
1835 5069 1932 5123 καὶ
1972 5066 2115 5122 κατὰ
2175 5066 2338 5121 τίνων
2391 5065 2450 5120 at
2509 5061 2723 5119 σύνοδοι
2777 5056 3276 5132 συγκεκρότηνται.
3324 5052 3480 5108 Οὕτω
3527 5067 3586 5104 τε

293 5163 509 5221 κατιὼν
579 5165 611 5219 ό
651 5163 817 5233 λόγος
862 5164 1032 5236 μέχρι
1084 5166 1196 5222 τῶν
1247 5165 1372 5220 καθ’
1420 5165 1568 5236 ἡμᾶς
1621 5161 1929 5232 γεγονότων
2004 5160 2454 5233 αὐτοκρατόρων,
2511 5155 2764 5228 περαίνει
2818 5155 2920 5227 τήν
2967 5149 3321 5222 συγγραφὴν,
3372 5142 3587 5210 πολλῶν

290 5264 356 5317 ἐν
402 5259 487 5332 τῷ
542 5260 698 5331 μέσῳ
756 5260 854 5321 aedi.
902 5261 1245 5343 ἁποκρύφων
1300 5263 1480 5319 ἄλλων
1536 5260 1889 5334 μεμνημένος
1916 5257 2211 5331 Ἰστοριῶν.

1492 5421 1703 5486 Variae
1744 5417 2062 5482 lectiones
2103 5423 2166 5480 et
2196 5421 2389 5480 notua.

368 5586 450 5660 (7)
486 5583 915 5660 Κωγστάντιος
952 5589 986 5641 ό
1009 5584 1297 5660 Χθωρός.
1330 5583 1573 5660 Wolﬁus
1595 5584 1899 5660 limacem)-

298 5654 441 5721 dvbg'
476 5657 754 5720 ediderat,
791 5664 851 5711 et
891 5656 964 5711 ita
1009 5657 1216 5712 habent
1248 5655 1474 5726 quidam
1509 5654 1732 5710 codices
1762 5669 1895 5710 mss.

301 5728 460 5784 llune
516 5727 862 5785 Κώνσταντα
919 5727 1052 5783 alibi
1097 5726 1356 5798 appellat,
1403 5726 1684 5797 quomodo
1726 5726 1899 5784 etiam

1994 5582 2297 5651 scriptores
2332 5580 2568 5652 aliquot,
2601 5586 2662 5652 ut
2688 5590 2792 5633 suo
2814 5575 2938 5652 loco
2975 5571 3357 5652 observamus;

2068 5636 2288 5721 (έγΚαὶ
2317 5636 2471 5705 ὅσον
2494 5636 2816 5719 ἐκράτησε.
2866 5646 2946 5702 ita
2989 5658 3123 5700 mss.
3160 5640 3322 5700 codd.
3350 5636 3582 5697 Wolﬁus

2000 5723 2087 5793 ἐφ’
2111 5724 2236 5778 ὅσον
2269 5721 2566 5793 legendum
2603 5727 2781 5790 putat.
