4098 6410
519 378 585 445 51
1807 379 2126 441 JOANNIS
2165 379 2487 441 ΖΟΝΑΠΕ
3720 386 3798 451 52

1676 729 2035 820 LIBER
2114 729 2616 821 PRIMUS.

587 933 628 988 l.
697 929 1039 988 Sumendum
1098 939 1284 984 autem
1345 926 1481 982 mihi
1536 933 1621 982 est
1674 923 1843 993 hujus
1904 920 2097 992 operis

2276 921 2354 976 A'.
2388 922 2649 996 Ἀρκτέον
2682 925 2740 979 δέ
2779 942 2871 995 μοι
2897 927 2998 1000 τῆς
3022 928 3352 1000 συγγραφῆς
3380 928 3556 1002 ἀρχὴν
3586 929 3796 1002 ταύτης

518 1024 814 1081 exordium
864 1023 935 1077 ab
996 1020 1264 1076 ineffabili
1321 1017 1500 1088 primo
1556 1015 1874 1085 principio,
1931 1027 2099 1068 causa

521 1130 711 1171 rerum
757 1115 1030 1175 ontnium,
1075 1110 1335 1183 principii
1373 1118 1429 1164 et
1464 1105 1729 1178 temporis
1763 1114 2014 1174 experte,
2046 1110 2105 1158 et

519 1209 590 1264 ab
611 1208 680 1263 iis
709 1223 831 1278 quae
854 1206 922 1260 ab
949 1205 1045 1259 illo
1076 1220 1142 1258 ex
1177 1202 1353 1257 nihilo
1389 1200 1652 1271 producta
1675 1206 1805 1252 sunt
1832 1204 1890 1250 ut
1915 1204 2104 1249 es:.ent

520 1307 687 1368 atque
715 1295 1105 1357 subsisterent,
1140 1302 1509 1359 naturamque
1538 1296 1594 1343 et
1620 1296 1805 1343 ortum
1844 1301 2005 1340 suum
2031 1284 2102 1339 ab

523 1389 617 1445 illo
678 1396 1000 1444 consecuta.
1055 1383 1181 1439 Fuit
1241 1384 1408 1453 igitur
1465 1382 1610 1436 Dens
1658 1394 1901 1449 semper,
1933 1393 2101 1447 super

520 1497 740 1538 omnem
782 1494 1006 1536 causam
1038 1485 1095 1533 et
1131 1476 1433 1547 potentiam
1464 1473 1756 1543 effulgens,
1804 1472 1924 1526 sine
1959 1480 2099 1524 tem-

520 1592 674 1649 pore,
695 1590 821 1631 cum
839 1574 1125 1643 majestate
1145 1586 1258 1626 sua:
1288 1568 1477 1638 gloria:
1504 1581 1569 1621 ac
1602 1563 1917 1636 splendoris
1942 1571 2105 1616 reter-

519 1685 650 1726 num
700 1676 1040 1732 moveretur,
1075 1673 1132 1720 et
1164 1665 1284 1720 sine
1330 1661 1627 1734 principio,
1664 1673 1844 1729 neque
1888 1673 1954 1712 ex
1996 1656 2102 1710 alia

522 1761 780 1832 quapiam
806 1774 865 1814 re
899 1757 1052 1828 prius
1095 1764 1222 1810 nata
1254 1763 1433 1819 ortus,
1472 1766 1655 1822 neque
1692 1760 1819 1820 post
1857 1748 2002 1803 ultro
2036 1764 2103 1801 ex

525 1854 596 1909 iis
631 1868 756 1923 quae
788 1868 896 1906 non
942 1850 1161 1905 fuerant
1193 1849 1392 1911 factus,
1436 1854 1534 1901 aut
1573 1843 1838 1915 paulatim
1888 1843 1955 1897 ad
1991 1857 2105 1895 sua:

516 1946 706 2019 gloriae
727 1945 1198 2015 complementum
1242 1954 1588 2012 progressus.
1634 1936 1742 1993 Sed
1771 1950 1990 2003 semper
2020 1941 2106 1987 est

517 2046 575 2094 ct
600 2046 919 2109 permanet,
953 2033 1009 2089 id
1057 2032 1207 2104 quod
1247 2045 1416 2101 supra
1441 2038 1715 2083 .naturam
1762 2027 1915 2081 solus
1953 2024 2107 2078 novit

518 2136 908 2186 sacrosanctus
967 2126 1058 2180 ille
1111 2122 1375 2194 Spiritus,
1409 2121 1502 2191 qui
1554 2134 1749 2174 omnes
1791 2115 2106 2172 divinitatis

520 2239 777 2282 recessus
807 2230 1217 2296 perscrutatur,
1269 2230 1435 2288 atque
1462 2216 1518 2271 in
1556 2215 1623 2270 iis
1666 2213 1951 2269 exsultans
1977 2227 2100 2281 pcr-

2209 1017 2522 1088 ποιουμένῳ
2570 1017 2669 1089 τὴν
2710 1017 2952 1091 ἄρρητον
3002 1019 3230 1092 πρώτην
3280 1021 3477 1093 ἀρχὴν,
3528 1024 3629 1093 τῆς
3675 1023 3791 1077 τῶν

2206 1109 2344 1163 ὅλων
2380 1108 2582 1175 αίτίαν,
2609 1109 2711 1181 τὴν
2758 1110 2996 1181 ἄναρχόν
3046 1127 3106 1163 τε
3147 1112 3241 1165 καὶ
3268 1112 3519 1181 ἄχρονον,
3554 1113 3648 1164 καὶ
3680 1109 3793 1164 τῶν

2206 1201 2299 1255 ὑπ’
2346 1200 2563 1270 ἐκείνης
2605 1202 2999 1273 παραχθέντων
3038 1204 3103 1257 ἐκ
3128 1201 3220 1255 τοῦ
3247 1204 3322 1274 μὴ
3349 1201 3502 1264 ὄντος
3531 1202 3612 1266 είς
3662 1200 3798 1256 ὑπό-

2207 1313 2398 1349 στασιν
2466 1305 2561 1349 καὶ
2622 1295 2913 1354 οὑσίωσιν,
2974 1295 3073 1366 τὴν
3133 1296 3477 1365 παραγωγὴν
3535 1293 3631 1347 καὶ
3693 1294 3796 1364 τὴν

2205 1388 2447 1455 γένεσιν.
2485 1382 2597 1440 Ἶιν
2628 1382 2724 1441 οὖν
2755 1385 2845 1440 ἀεὶ
2883 1385 2958 1456 (9)
2989 1387 3048 1438 τὸ
3088 1384 3267 1447 Θείον,
3300 1384 3443 1456 ὑπὲρ
3472 1385 3656 1438 αίτάν
3686 1386 3798 1438 πᾶ-

2206 1498 2306 1534 σαν
2337 1484 2431 1534 καὶ
2463 1480 2694 1549 δύναμιν
2725 1479 3011 1547 ἐκλάμπον
3042 1477 3315 1548 ἀχρόνως,
3355 1478 3453 1530 καὶ
3486 1475 3568 1547 τῷ
3603 1476 3798 1531 κάλλει

2202 1574 2305 1643 τῆς
2332 1573 2539 1636 οἰκείας
2570 1572 2728 1642 δόξης
2756 1589 2815 1625 τε
2845 1572 2938 1624 καὶ
2966 1571 3355 1642 λαμπρότητος
3389 1570 3573 1632 ἀϊδίως
3611 1569 3797 1623 κινού·

2210 1684 2395 1737 μενον.
2421 1667 2517 1719 καὶ
2545 1665 2802 1734 ἀναρχίης
2833 1664 2963 1734 μήτ’
2987 1662 3050 1715 ἐκ
3075 1680 3221 1725 τινος
3242 1662 3405 1717 ἄλλου
3438 1662 3799 1732 πρτῦποστὰν

2207 1760 2476 1831 πρότερον
2541 1758 2909 1828 οὐσιώματος.
2971 1756 3100 1828 μηθ’
3156 1756 3386 1826 ὕστερον
3468 1754 3799 1825 αὐτομάτως

2206 1852 2502 1921 γενόμενον
2549 1848 2610 1914 ἐξ
2642 1848 2742 1901 οὐκ
2774 1847 2969 1909 ὅντων,
3007 1846 3103 1899 καὶ
3135 1846 3215 1907 είς
3250 1843 3660 1914 συμπλήρωσιν
3694 1842 3801 1910 τῆς

2207 1943 2405 1998 ἑαυτοῦ
2454 1941 2615 2013 δόξης
2670 1942 2761 1994 ἐπὶ
2810 1939 3010 2011 μικρὸν
3066 1938 3279 2010 προϊὸν,
3314 1936 3429 1993 ἀλλ’
3459 1936 3519 1990 ὃν
3561 1935 3652 1990 ἀεὶ¹
3698 1936 3801 1988 καὶ

2206 2032 2484 2103 διαμένον,
2517 2031 2594 2095 ὡς
2623 2030 2767 2099 ἔγνω
2803 2030 2966 2099 μόνον
3000 2025 3302 2098 ὑπερφυῶς
3332 2025 3393 2078 τὸ
3419 2026 3489 2079 τὰ
3526 2022 3667 2095 βάθη
3695 2024 3803 2093 τῆς

2209 2128 2466 2197 θεότητος
2514 2123 2694 2178 πάντα
2732 2120 3032 2193 διερευνῶν
3083 2119 3352 2185 πανάγιον
3400 2115 3650 2186 Πνεῦμα,
3700 2113 3802 2168 καὶ

2209 2219 2421 2281 τούτοις
2451 2218 2742 2280 συναῖδίως
2769 2213 3130 2283 ὲπεντρυφῶν
3154 2212 3250 2267 καὶ
3278 2207 3798 2279 συναγαλλώμενον.

521 2327 683 2389 petua
713 2283 987 2373 suavitate
1014 2330 1121 2369 una
1156 2283 1486 2384 perfruitur.
1522 2312 1887 2378 Posteaquam
1916 2314 2097 2358 autem

2218 2309 2375 2363 Ἐπεὶ
2405 2308 2461 2362 δὲ
2491 2307 2560 2361 δι’
2589 2307 2767 2375 ἄκραν
2795 2304 3135 2376 ἀγαθότητα,
3173 2302 3271 2357 καὶ
3304 2302 3542 2369 πέλαγος
3583 2300 3796 2364 ἐλέους,

521 2426 590 2465 ex
633 2423 852 2463 summa
889 2407 1136 2462 benitate
1183 2413 1241 2458 et
1294 2402 1563 2457 inuncnsa
1613 2395 2015 2456 raisericord‘a,
2046 2406 2103 2449 et

520 2499 788 2557 ineffabili
821 2497 1183 2568 benignitate,
1226 2491 1627 2564 aspectabilem
1660 2489 1809 2544 hunc
1834 2488 2100 2543 mundum

518 2594 757 2649 formare
787 2590 1143 2653 instituisset,
1185 2595 1355 2657 atque
1375 2583 1578 2641 exinde
1606 2583 1661 2637 in
1699 2582 1942 2636 medium
1974 2595 2104 2651 pro-

516 2687 719 2741 ducere
749 2681 1037 2745 mundum,
1058 2688 1119 2734 ut
1144 2694 1313 2751 Opere
1337 2674 1664 2740 secundum,
1686 2672 1760 2728 ita
1794 2670 1899 2743 14
1928 2670 2102 2741 gratia

516 2780 757 2848 primum
796 2786 855 2831 et
880 2772 1290 2837 admirabilem,
1320 2778 1383 2826 ut
1409 2769 1503 2841 qui
1550 2767 1617 2824 ad
1653 2767 1749 2822 Dei
1793 2768 1864 2821 sit
1911 2764 2105 2835 imagi-

519 2884 644 2924 nem
692 2867 1092 2929 conformatus,
1145 2862 1429 2919 hominem
1484 2863 1711 2931 inquam
1768 2878 1781 2911 :
1837 2858 1982 2912 viam
2032 2855 2103 2910 ad

518 2959 802 3031 opiﬁcium
853 2957 1139 3029 ingressus
1197 2954 1487 3026 optimam,
1546 2953 1731 3009 omnis
1760 2967 1827 3007 ex
1872 2948 2104 3005 materia

518 3051 893 3109 concretionis
917 3057 1173 3120 expertes
1202 3055 1502 3124 potestates
1527 3055 1583 3102 et
1616 3045 1875 3101 cmlestes
1903 3053 2101 3099 centu-

521 3147 707 3201 riones
732 3144 890 3216 prius
917 3140 1189 3208 condidit,
1227 3140 1346 3195 solo
1375 3138 1577 3194 mentis
1616 3146 1911 3207 conceptu,
1949 3137 2101 3206 cogi-

521 3240 727 3294 tatione
771 3237 868 3295 illa
910 3236 1059 3291 dicto
1096 3235 1265 3290 citius
1315 3234 1371 3288 in
1429 3247 1571 3304 epus
1631 3246 1944 3303 progressa.
2005 3230 2104 3285 Est

518 3344 702 3391 autem
748 3334 892 3389 Deus
920 3341 1118 3393 natura
1159 3328 1369 3385 nullius
1396 3342 1566 3398 egens
1603 3326 1704 3395 rei,
1737 3326 1920 3393 seipsa
1957 3339 2099 3379 con-

521 3438 670 3482 tenta
702 3426 767 3481 ad
797 3424 1028 3495 gloriam
1069 3433 1127 3477 et
1165 3421 1579 3493 perceptionem
1610 3435 1624 3471 :
1663 3434 1786 3487 qtae
1821 3434 1922 3470 nec
1962 3416 2102 3471 alic-

519 3534 644 3574 nam
667 3517 902 3590 gloriam
932 3515 1241 3581 desiderat,
1270 3529 1374 3568 nec
1401 3512 1470 3568 ab
1504 3512 1613 3567 alio
1644 3510 1847 3581 percipi
1873 3518 2053 3579 potest
2084 3525 2099 3562 :

2205 2404 2299 2457 καὶ
2314 2402 2599 2472 οἰκτιρμδν
2624 2402 2849 2468 ἄφατον,
2868 2400 2960 2451 τδν
2978 2397 3173 2467 ὁρατὸν
3192 2396 3409 2450 τουτονὶ
3440 2395 3645 2465 κόσμον
3661 2394 3803 2446 είδο-

2206 2496 2431 2565 ποιῆσαι
2451 2493 2756 2565 προείλετο,
2772 2490 3069 2546 κάντεῦθεν
3085 2492 3143 2553 ἐς
3161 2489 3325 2561 μέσον
3347 2488 3689 2558 παραγαγεῖν
3704 2486 3800 2538 τὶν

2203 2590 2458 2661 δεύτερον
2500 2587 2600 2657 μὲν
2629 2586 2707 2657 τῷ
2756 2586 3050 2655 ποιήματι,
3080 2583 3301 2653 πρῶτον
3330 2580 3387 2635 δὲ
3419 2581 3515 2634 καὶ
3543 2578 3793 2645 ἐξαίσιον

2204 2684 2283 2754 τῷ
2322 2682 2627 2753 χαρίσματι
2676 2678 2907 2748 κόσμον,
2952 2677 3065 2730 ὅσω
3113 2675 3210 2730 καὶ
3253 2673 3377 2729 κατ’
3416 2674 3604 2729 εἰκόνα
3653 2671 3795 2726 Θεοῦ

2206 2776 2760 2846 πεπλαστούργηται,
2792 2773 2939 2843 φημὶ
2975 2771 3039 2842 δὴ
3075 2771 3166 2825 τὸν
3216 2769 3529 2841 ἄνθρωπον,
3561 2763 3654 2823 οἷὰ
3688 2783 3800 2820 τινι

2206 2868 2558 2940 χρησάμενος
2588 2865 2792 2938 ἀρίστῃ
2825 2864 2963 2934 πρὸς
2998 2864 3098 2934 τὴν
3130 2861 3500 2934 δημιουργίαν
3533 2859 3661 2931 ὁδῷ,
3692 2859 3800 2920 τὰς

2206 2961 2407 3022 ἀΰλους
2439 2958 2704 3029 πρότερον
2749 2958 3025 3027 Δυνάμεις
3072 2954 3167 3010 καὶ
3220 2955 3509 3026 οὐρανίους
3554 2951 3801 3023 Ταξιάρ-

2207 3068 2309 3123 χας
2341 3049 2453 3123 (l0)
2490 3050 2793 3116 ὑφίστησιν
2825 3048 3091 3118 ἐννοῆσαν
3124 3044 3486 3110 ἁπαξαπλῶς,
3520 3042 3800 3114 προϐεϐη-

2207 3145 2369 3209 κυίας
2414 3143 2611 3198 θᾶττον
2652 3143 2686 3215 ἢ
2720 3141 2881 3211 λόγος
2936 3143 3018 3205 εἰς
3053 3139 3217 3211 ἔργον
3252 3138 3357 3209 τῆς
3410 3136 3795 3208 ἐνθυμήσεως.

2205 3238 2338 3304 Θεὸς
2363 3237 2411 3292 δ’
2430 3237 2547 3291 ἔστι
2580 3236 2681 3309 μὲν
2709 3236 2972 3306 ἀνενδεὴς
3000 3234 3186 3305 φύσις,
3216 3232 3355 3303 αὑτὴ
3382 3232 3553 3302 ἑαυτῇ
3588 3231 3796 3299 ἀντάρ-

2206 3349 2308 3403 κης
2347 3332 2429 3393 είς
2476 3328 2638 3394 δόξαν
2691 3328 2786 3383 καὶ
2829 3328 2911 3392 εἰς
2958 3325 3289 3396 κατάληψιν,
3330 3322 3455 3378 οὔτε
3507 3324 3607 3393 τῆς
3663 3325 3798 3396 παρ’

2206 3424 2415 3501 ἐτέρων
2465 3422 2697 3491 δεομένη
2733 3419 2917 3489 δόξης,
2966 3416 3083 3471 οὔθ’
3116 3417 3292 3488 ἑτέρῳ
3326 3416 3656 3486 καταληπτή
3682 3434 3697 3449 ·
3747 3418 3797 3469 εί

2209 3518 2284 3588 μή
2322 3534 2406 3579 τις
2455 3515 2595 3585 φαίη
2638 3512 2989 3583 καταληπτὸν
3039 3506 3182 3563 εἶναι
3216 3509 3276 3563 τὸ
3308 3509 3537 3578 ἄπειρον
3600 3507 3796 3575 αὐτῆς,

520 3611 625 3667 ι.ἰεί
669 3610 795 3681 quis
830 3607 966 3665 illud
1016 3606 1227 3677 percipi
1272 3605 1444 3670 dicat,
1494 3603 1641 3673 quod
1680 3615 1861 3671 neque
1907 3609 2102 3655 natura

2208 3610 2305 3664 καὶ
2333 3611 2395 3664 τὸ
2427 3609 2840 3678 ἀκατάληπτον.
2874 3605 3008 3660 Θεδν
3037 3604 3095 3657 δὲ
3128 3604 3325 3671 λέγων,
3364 3602 3583 3673 Πατέρα
3625 3602 3799 3672 φημὶ,

518 3717 699 3775 neque
729 3699 1073 3757 immensitas
1109 3700 1227 3773 ejus
1271 3696 1476 3767 percipi
1523 3704 1713 3766 queat.
1748 3693 1886 3749 Cum
1914 3702 2101 3747 autem

520 3799 693 3852 Deum
711 3796 856 3860 dico,
883 3795 1101 3850 Patrem
1124 3792 1270 3850 dico.
1289 3799 1347 3845 et
1369 3790 1591 3850 Filium,
1610 3796 1668 3843 et
1687 3786 1952 3857 Spiritum
1978 3800 2105 3840 san-

518 3910 533 3939 σ
555 3899 693 3949 tum,
711 3903 835 3960 quae
853 3897 938 3946 est
962 3885 1408 3951 Dcitas,auctore
1434 3897 1630 3953 magno
1651 3882 1810 3935 Patre
1837 3878 2105 3949 Gregorio

521 3981 821 4053 Tlieologo.
852 3981 996 4036 Deus
1019 3978 1207 4049 igitur,
1225 3977 1327 4032 hac
1349 3985 1541 4032 natura
1561 3974 1844 4045 praeditus,
1865 3974 2103 4043 primum

516 4075 792 4147 angelieas
819 4082 1118 4145 potestates
1143 4081 1312 4135 creat,
1344 4080 1404 4126 ut
1433 4068 1671 4125 ministri
1699 4068 1810 4124 sint
1863 4076 1921 4123 et
1954 4067 2102 4123 cele-

519 4169 770 4223 bratorcs
791 4165 1031 4227 cmlestis
1058 4156 1362 4239 majestatis
1389 4181 1400 4216 :
1427 4177 1537 4217 non
1569 4159 1715 4232 quod
1747 4159 1814 4213 iis
1835 4158 2102 4230 indigeat,

517 4261 610 4315 sed
636 4274 704 4314 ne
733 4260 818 4315 sui
849 4260 1118 4319 duntaxat
1148 4254 1621 4325 contemplatione
1649 4262 1962 4320 moveatur,
2004 4252 2100 4308 sed

517 4350 863 4407 amandatur
890 4361 947 4406 et
969 4349 1360 4427 progrediatur
1386 4350 1618 4411 bonum,
1652 4357 1709 4401 et
1735 4345 2104 4402 beneﬁcentia

519 4442 683 4497 latius
735 4452 961 4512 pateat;
1015 4442 1122 4495 hoc
1170 4440 1318 4495 enim
1370 4453 1600 4493 summa:
1649 4437 1915 4493 bonitatis
1976 4437 2102 4492 fuit.

522 4535 731 4591 Deinde
761 4535 1030 4592 mundum
1057 4534 1229 4589 etiam
1263 4533 1413 4587 hunc
1439 4532 1857 4603 aspectabilem,
1893 4532 2106 4603 quique

518 4638 740 4684 constat
783 4644 854 4683 ex
903 4627 1158 4692 materia,
1206 4625 1478 4682 condidit.
1535 4625 1614 4679 Ac
1664 4625 1827 4679 initio
1880 4626 2104 4695 quidem

518 4721 721 4774 cmlunt
760 4717 917 4778 fecit.
958 4728 1014 4773 et
1049 4727 1278 4773 terram.
1320 4714 1459 4772 Cum
1498 4725 1688 4770 autem
1729 4723 1877 4770 terra
1911 4716 2104 4772 lateret

521 4826 669 4870 (nam
721 4810 966 4871 tenebrae
1022 4819 1206 4875 erant,
1265 4818 1323 4863 et
1363 4823 1505 4878 aqua
1559 4809 1912 4878 superﬁciem
1982 4810 2106 4882 ejus

521 4904 872 4975 occupabat),
928 4904 1106 4958 lucem
1163 4900 1430 4972 produxit
1476 4901 1644 4967 Deus,
1692 4902 1989 4975 lucemque
2037 4923 2103 4962 ac

521 5000 783 5057 tenebras
816 4997 1099 5068 separavit
1146 5015 1160 5052 :

519 5092 846 5166 appellavit,
890 5091 1124 5163 ejusque
1176 5087 1358 5155 initio,
1413 5090 1632 5159 vesperi
1682 5106 1695 5143 :
1750 5090 1934 5160 primo
1992 5094 2103 5149 diei

516 5185 759 5251 cxortui,
815 5198 980 5240 mane
1022 5196 1226 5238 nomen
1274 5180 1426 5237 fecit.
1462 5182 1555 5237 Sic
1584 5197 1652 5237 ex
1682 5198 1843 5239 mane
1890 5197 1948 5242 et
1979 5203 2104 5246 ves-

517 5296 650 5353 pere
697 5277 819 5334 dies
867 5292 1013 5331 unus
1068 5274 1302 5332 exstitit.
1363 5274 1631 5345 Equidem
1679 5276 1794 5332 seio
1829 5278 1882 5332 in
1932 5296 2101 5349 parva

2207 3706 2303 3759 καὶ
2360 3703 2511 3767 Υἱδν,
2566 3701 2761 3756 καὶτὸ
2808 3698 3041 3769 Πνεῦμα
3089 3698 3151 3751 τὸ
3201 3697 3379 3765 ἅγιον,
3412 3695 3449 3751 ἃ
3496 3699 3530 3766 ἡ
3579 3696 3797 3767 θεότης,

2208 3797 2354 3851 κατὰ
2382 3795 2476 3849 τὸν
2514 3795 2689 3865 μέγαν
2741 3793 2964 3862 Πατέρα
3010 3793 3103 3844 τὸν
3151 3790 3417 3860 Θεολόγον
3468 3789 3797 3860 Γρηγόριον.

2206 3889 2365 3945 Οὕτω
2398 3889 2443 3942 δ’
2473 3887 2599 3959 ἔχον
2648 3888 2711 3941 τὸ
2746 3888 2923 3950 Θεῖον,
2958 3885 3176 3953 πρῶτον
3221 3884 3325 3953 μὲν
3357 3882 3458 3946 τὰς
3493 3882 3802 3951 ἀγγελικὰς

2205 3982 2497 4054 οὐρανίους
2545 3979 2810 4052 δυνάμεις
2860 3978 3214 4049 λειτουργούς
3259 3994 3320 4030 τε
3369 3976 3468 4031 καὶ
3512 3975 3799 4047 ὑμνῳδοὺς

2203 4077 2307 4148 τῆς
2346 4075 2460 4146 ἄνῳ
2503 4074 2918 4145 λαμπρότητος,
2969 4073 3070 4142 οὐχ
3130 4070 3208 4134 ὡς
3270 4069 3478 4125 τούτων
3517 4069 3799 4139 δεόμενον,

2206 4171 2327 4227 ἀλλ’
2358 4171 2448 4224 ἵνα
2500 4168 2576 4239 μὴ
2607 4170 2673 4237 τῇ
2714 4163 2914 4219 ἑαυτοῦ
2952 4164 3116 4234 μόνον
3151 4164 3358 4235 θεωρίᾳ
3400 4165 3625 4228 κινοῖτο,
3660 4162 3798 4234 χυθῇ

2204 4265 2262 4318 δὲ
2294 4262 2390 4317 καὶ
2422 4260 2620 4332 όδεύσῃ
2656 4258 2719 4311 τὸ
2752 4256 2984 4327 ἀγαθὸν,
3015 4256 3111 4309 καὶ
3147 4257 3181 4327 ἡ
3227 4255 3527 4326 εὐεργεσία
3564 4255 3799 4327 χωρήσῃ

2205 4357 2346 4428 πρὸς
2381 4353 2638 4418 πλείονας
2662 4370 2678 4383 ·
2718 4350 2883 4405 τοῦτο
2925 4348 3038 4420 γὰρ
3070 4351 3171 4419 τῆς
3201 4351 3379 4418 ἄκρας
3417 4344 3488 4421 ἦν
3527 4347 3800 4418 ἀγαθότη-

2205 4467 2316 4514 τος.
2348 4445 2485 4501 Εἶτα
2513 4445 2610 4499 καὶ
2637 4444 2788 4498 τόνδε
2846 4441 2940 4497 τὸν
2968 4441 3175 4511 κόσμον
3202 4440 3467 4511 ὕφίστησι
3491 4441 3583 4495 τὸν
3612 4439 3801 4496 ὑλικὸν

2206 4542 2303 4593 καὶ
2331 4538 2634 4608 ὁρώμενον.
2657 4535 2771 4591 Καὶ
2800 4536 2859 4588 έν
2882 4534 3026 4605 ἀρχῇ
3059 4532 3161 4604 μὲν
3184 4531 3414 4602 ἐποίησε
3446 4531 3540 4585 τὸν
3565 4532 3800 4603 οὐρανὸν

2206 4632 2304 4687 καὶ
2332 4631 2431 4701 τὴν
2471 4630 2593 4701 γῆν.
2633 4628 2751 4699 Τῆς
2798 4627 2858 4681 δὲ
2904 4625 3011 4697 γῆς
3067 4623 3304 4696 ἀορασίᾳ
3347 4623 3795 4694 καλυπτομένης,

2207 4725 2331 4778 ἐπεὶ
2362 4723 2461 4777 καὶ
2509 4720 2702 4783 σκότος
2736 4715 2830 4790 ἦν,
2860 4721 2960 4773 καὶ
2993 4715 3141 4788 ὕδωρ
3184 4716 3323 4787 αὐτῇ
3359 4713 3689 4781 ἐπεπόλαζε,
3738 4714 3801 4769 τὸ

2206 4818 2322 4889 φῶς
2355 4816 2688 4888 παρήγαγεν
2717 4815 2745 4868 ό
2777 4811 2936 4875 Θεὸς,
2969 4811 3068 4865 καὶ
3109 4806 3401 4880 διεχώρισε
3453 4808 3516 4861 τὸ
3551 4809 3668 4877 φῶς
3698 4808 3797 4861 καὶ

2206 4910 2268 4963 τὸ
2322 4907 2534 4969 σκότος.
2588 4904 2697 4960 Καὶ
2739 4904 2802 4957 τὺ
2860 4903 2981 4974 μὲν,
3035 4900 3257 4973 ἡμέραν
3309 4899 3582 4953 ἐκάλεσε·
3627 4897 3690 4951 τὸ
3739 4899 3798 4952 δὲ

1216 5012 1280 5051 ac
1319 4997 1494 5062 illam,
1527 4996 1697 5063 diem,
1734 4998 1835 5053 has
1875 5011 2098 5058 noctem

2212 5001 2424 5065 σκότος,
2488 4998 2661 5053 νύκτα
2716 4995 3038 5065 ὠνόμασενο
3079 4988 3142 5048 οὗ
3197 4994 3264 5064 τῇ
3322 4992 3465 5061 ἀρχῇ
3524 4990 3794 5060 ἑσπέραν,

2215 5094 2359 5166 πρωῒ
2389 5094 2448 5147 δὲ
2472 5095 2541 5165 τῇ
2569 5091 2765 5164 πρώτῃ
2791 5089 2990 5159 φαΰσει
3016 5089 3118 5160 τῆς
3155 5087 3375 5161 ἡμέρας
3403 5088 3579 5155 ὄνομα
3606 5086 3793 5138 ἑθετοο

2213 5193 2309 5245 καὶ
2367 5187 2585 5255 ἐγένετο
2612 5184 2844 5257 ἑσπέρα,
2872 5185 2971 5240 καὶ
2999 5182 3221 5255 ἐγένετο
3245 5180 3417 5253 πρωῒ,
3449 5180 3636 5254 ἡμέρα
3669 5179 3795 5250 μία.

2170 5270 2177 5275 ’
2215 5280 2348 5338 Οἶδα
2383 5280 2483 5352 μὲν
2517 5276 2611 5332 οὖν
2656 5277 2714 5331 ὲν
2744 5277 2814 5348 τῇ
2848 5276 3039 5347 Δεπτῇ
3067 5274 3291 5327 Γενέσει
3319 5270 3432 5343 (Η)
3469 5268 3800 5342 γεγραμμέα

1717 5423 1915 5487 Varie:
1950 5427 2259 5493 lectiones
2301 5433 2366 5491 et
2408 5434 2601 5490 notis.

587 5577 665 5644 (9)
703 5572 827 5631 Ἦν
849 5569 964 5630 οὖν
984 5574 1099 5630 ἀει.
1128 5570 1255 5628 Ηωο
1279 5579 1336 5625 et
1356 5585 1418 5626 ea
1440 5586 1565 5645 qua-
1590 5582 1907 5645 seq_uuntur
1928 5590 2105 5645 usque

512 5641 754 5709 ιιιΓΘεδς
782 5645 825 5698 δ’
858 5645 1001 5708 ἐστι,
1030 5645 1233 5700 desunt
1260 5645 1315 5697 in
1350 5641 1641 5697 codicibus
1673 5643 1862 5715 Regiis
1886 5655 1942 5700 et
1969 5641 2100 5701 Gol-

512 5720 1092 5852 h.'(l.llf)()).Ta£tdpzac.
1144 5781 1492 5855 Qentmiones
1527 5782 1732 5855 __v_ertit
1792 5785 2089 5855 interpres,

507 5874 630 5927 qua:
655 5857 737 5912 vis
756 5865 842 5912 est
865 5854 1017 5911 vocis
1053 5853 1367 5925 Ταξιάρχης
1395 5853 1537 5922 apud
1566 5852 1817 5910 'l‘acticos
1851 5871 1863 5909 :
1892 5852 2091 5913 melius

2210 5577 2433 5633 celestis
2492 5575 2696 5630 militia:
2740 5574 3024 5645 principes,
3057 5586 3155 5627 seu
3193 5570 3350 5625 duces
3382 5587 3400 5625 :
3435 5582 3563 5624 nam
3611 5566 3707 5637 ’Δρ
3749 5586 3795 5621 ι-

2210 5647 2515 5693 στοειτηγοὶ
2555 5644 2762 5693 nassim
2801 5644 3167 5693 indiaitantur
3193 5642 3292 5693 SS.
3327 5638 3559 5693 Michael
3595 5646 3653 5691 et
3684 5585 3795 5693 (ἔτι.

2210 5647 2515 5728 ρτρατηγοῖ.
2545 5638 2762 5728 passim
2801 5638 3167 5728 indignantur
3193 5642 3304 5728 SS._
3327 5638 3559 5728 θερείης]
3595 5646 3653 5719 et
3678 5638 3795 5728 Ea.

2202 5710 2342 5847 git-fel
2369 5710 2515 5785 apud
2542 5710 2779 5774 Graecos.
2804 5710 2945 5771 Vidé
2962 5713 3143 5775 Gloss.
3179 5712 3328 5776 med.
3352 5711 3574 5770 (imit.
3601 5710 3657 5763 in
3678 5710 3785 5765 Τα-

2258 5804 2444 5854 αρχος.

2274 5827 2634 5929 (“Tha-mi
2666 5855 2921 5928 γενέσει.
2959 5855 3132 5922 Quam
3159 5853 3320 5911 unica
3351 5869 3484 5911 voce
3511 5852 3788 5921 Λεπτογές
