4098 6400
351 364 424 426 53
1644 367 1952 426 ANNALil

2089 366 2235 430 LIB.
2284 369 2329 434 Ι.
3564 351 3635 415 5"

352 496 468 539 νον,
496 476 571 540 ὡς
605 477 662 530 ὲν
692 477 759 548 τῇ
795 476 992 550 πρώτῃ
1040 477 1222 550 ἡμέρᾳ
1263 480 1359 532 καὶ
1387 479 1445 532 αἱ
1483 476 1736 550 ούράνιαι
1767 479 1939 532 Δυνά-

2056 476 2244 534 Genesi
2293 477 2584 550 scriptum,
2632 480 2815 551 primo
2862 479 2952 536 die
2990 479 3246 536 cmlcstcs
3275 472 3441 529 etiam
3470 478 3630 540 pote-

355 587 480 640 μεις
510 569 616 638 πρὸ
644 567 756 622 τῶν
784 569 965 623 ἄλλων
1005 569 1325 638 ὑπέστησαν
1357 571 1505 641 παρὰ
1535 571 1631 624 τοῦ
1668 571 1780 625 τῶν
1803 571 1947 624 ὅλων

354 669 429 731 Δη
447 662 738 731 μιουργοῦ.
785 661 932 716 Ἀλλ’
954 662 1038 715 ὅτι
1071 663 1147 734 μὴ
1176 665 1296 724 ταῖς
1322 664 1476 734 παρὰ
1504 664 1614 718 τῶν
1643 664 1806 718 θείων
1835 667 1951 718 Πα-

359 755 538 824 τέρων
589 754 1012 824 ὲγκεκριμένοις
1051 755 1164 826 (12).)
1217 756 1446 826 βιϐλίοις
1495 759 1594 828 τῆς
1653 757 1952 828 Ἐὗραῖκῆς

363 847 582 912 σοφίας,
615 845 713 899 καὶ
753 847 1008 918 ήΛεπτὴ
1052 845 1194 917 αὕτη
1248 850 1654 920 συνηριθμηται
1708 851 1949 916 Γένεσις,

361 935 515 988 οὐδέν
571 954 624 988 τι
682 937 794 990 τῶν
844 938 902 990 ὲν
959 937 1145 1012 ἐκείνῃ
1199 941 1608 1009 γεγραμμένων
1661 941 1951 1012 λογίζομαι

364 1025 610 1092 βέϐαιον,
659 1027 786 1081 οὐδὲ
831 1026 910 1097 τῷ
959 1028 1102 1100 λόγῳ
1153 1030 1502 1101 συντίθεμαι.
1549 1029 1688 1086 Εἶτα
1715 1033 1776 1085 τὸ
1829 1049 1950 1085 στε-

365 1121 556 1188 ρέωμα
589 1119 963 1191 ὑπεστήσατο,
999 1120 1060 1174 ὲν
1101 1121 1254 1194 μέσῳ
1282 1123 1391 1176 τῶν
1435 1123 1646 1177 ὑδάτων
1675 1123 1951 1188 διατείνας

363 1211 523 1274 αὐτὸ,
563 1208 706 1262 ὥστε
751 1212 822 1264 τὰ
862 1210 961 1280 μὲν
992 1211 1108 1266 ἄνω
1156 1213 1326 1267 αὑτοῦ
1372 1214 1839 1286 ἐναποληφθῆναι,
1880 1216 1952 1269 τά

360 1302 419 1354 δὲ
450 1302 604 1355 κάτω
637 1302 1034 1372 περικεχύσθαι
1063 1306 1128 1374 τῇ
1159 1307 1255 1376 γῇ.
1293 1306 1593 1376 Στερέωμα
1631 1306 1686 1360 δὲ
1716 1307 1946 1377 ἐκλήθη,

359 1394 443 1445 ὅτι
475 1395 738 1462 στεγανὸν
777 1394 839 1447 τὸ
887 1397 1050 1463 σῶμα
1079 1396 1296 1458 τούτου,
1330 1401 1421 1450 καὶ
1467 1399 1528 1450 ού
1583 1397 1789 1468 λεπτὴν
1838 1399 1950 1452 οὐδ’

359 1485 568 1554 ἀραιὰν
612 1487 713 1555 τὴν
756 1491 922 1554 φύσιν
956 1486 1093 1559 ἔχει,
1130 1490 1272 1542 κατὰ
1325 1493 1394 1544 τά
1424 1489 1618 1552 ὕδατα,
1656 1492 1716 1556 ἐξ
1747 1485 1822 1544 ὧν
1849 1491 1951 1562 τὴν

361 1578 625 1632 σύστασιν
658 1580 914 1651 ἔσχηκεν,
949 1581 978 1634 ὃ
1012 1582 1106 1634 καὶ
1135 1582 1364 1652 οὐρανὸς
1395 1583 1714 1655 ὠνομάσθη.
1748 1582 1943 1638 Ταῦτα

360 1674 420 1722 ἐν
448 1673 517 1740 τῇ
553 1671 782 1742 δευτέρα
821 1674 1010 1744 ἡμέρᾳ
1044 1675 1284 1741 ἐγένετο.
1332 1675 1422 1728 Ἐν
1467 1675 1524 1726 δὲ
1568 1678 1635 1746 τῇ
1683 1674 1840 1746 τρίτῃ
1889 1677 1951 1730 τὸ

361 1765 533 1833 ὕδωρ,
568 1766 666 1831 τῆς
691 1766 796 1835 γῆς
830 1765 979 1820 ἆπαν
996 1766 1270 1821 καλύπτον
1303 1767 1363 1820 τὸ
1383 1767 1699 1836 πρόσωπον,
1733 1768 1951 1821 ἐκέλευ-

2054 575 2246 631 states,
2287 576 2416 623 ante
2459 578 2681 632 caetera,
2726 569 2794 624 ab
2822 566 3206 624 universitatis
3253 561 3464 633 Opiﬁce
3509 573 3635 616 esse

2051 660 2340 728 conditas;
2371 659 2466 717 sed
2493 661 2754 730 quoniam
2783 676 2946 731 parva
2980 661 3083 716 ista
3107 655 3339 714 Genesis
3373 669 3403 708 a
3432 651 3637 707 divinis

2053 753 2307 808 Patribus
2351 769 2462 809 non
2519 755 2690 809 relata
2728 763 2816 809 est
2866 753 2922 808 in
2975 751 3314 823 approbatos
3351 745 3636 802 Hebraica:

2054 846 2339 914 sapientiae
2385 845 2586 912 libros,
2625 845 2768 900 nihil
2819 843 2969 916 quod
3022 845 3078 898 in
3106 857 3171 898 ea
3215 840 3481 910 scriptum
3527 847 3634 902 est,

2052 938 2192 994 satis
2221 937 2438 993 ﬁrmum
2467 937 2682 1009 judico,
2723 951 2907 1008 neque
2951 936 3042 992 isti
3083 933 3287 990 rationi
3331 930 3631 987 assentior.

2053 1029 2250 1086 Postea
2279 1028 2686 1086 ﬁrmamentum
2714 1028 3028 1092 constituit,
3067 1035 3125 1084 et
3161 1027 3217 1081 in
3251 1024 3434 1081 medio
3465 1039 3638 1093 aqua-

2053 1136 2178 1176 rum
2217 1121 2488 1187 extendit,
2525 1130 2587 1176 ut
2630 1122 2752 1176 alia:
2781 1135 2952 1192 supra
2983 1119 3040 1176 id
3067 1118 3325 1189 reposita:
3353 1119 3484 1180 sint,
3515 1116 3637 1171 alia:

2055 1212 2197 1268 infra
2233 1221 2394 1268 terrae
2426 1213 2802 1269 circumfusae.
2851 1213 3291 1269 Firmamentum
3319 1217 3504 1265 autem
3533 1225 3636 1280 ape

2056 1305 2317 1375 pellatum
2344 1311 2451 1372 est,
2480 1321 2547 1361 eo
2579 1305 2727 1376 quod
2758 1319 2978 1376 εοτρυε.
2995 1303 3119 1374 ejus
3137 1312 3225 1358 est
3247 1301 3508 1365 solidum,
3532 1316 3638 1356 nec

2053 1412 2319 1466 aquarum
2357 1397 2532 1452 instar
2581 1399 2734 1454 tenui
2769 1405 2827 1453 et
2858 1411 2984 1452 rara
3011 1404 3212 1453 natura
3253 1394 3569 1466 praeditum,
3604 1409 3636 1449 e

2051 1490 2257 1558 quibus
2299 1499 2481 1543 ortum
2520 1489 2704 1554 habet,
2748 1488 2897 1559 quod
2933 1487 3162 1543 idemet
3205 1487 3408 1542 caelum
3445 1485 3629 1540 nomi-

2053 1589 2234 1634 natur.
2291 1579 2481 1635 Tertio
2507 1581 2598 1636 die
2625 1580 2795 1652 jussit
2829 1579 2977 1636 Deus
3003 1595 3225 1650 aquam,
3261 1594 3384 1649 qua:
3409 1579 3631 1633 univero

2054 1686 2170 1725 sam
2201 1680 2360 1728 terrae
2399 1671 2597 1727 faciem
2645 1672 2968 1743 obtegebat,
3004 1672 3058 1726 in
3103 1685 3273 1726 unum
3306 1670 3636 1742 congregari

2055 1765 2259 1827 locum,
2292 1774 2348 1819 et
2373 1781 2636 1836 apparere
2661 1766 2893 1820 aridam.
2921 1764 3043 1820 Mox
3076 1763 3227 1834 quod
3251 1765 3464 1820 dietum
3489 1773 3634 1826 erat,

361 1873 457 1907 σεν
481 1824 529 1908 ’δν
564 1824 715 1918 Θέδςυ
753 1824 1121 1926 συναχθῆναι,
1171 1858 1267 1912 καὶ
1308 1824 1540 1930 ὀφθήναι
1595 1824 1698 1929 τῆν
1755 1859 1949 1932 ξηράν.

2059 1858 2264 1911 iactum
2316 1824 2460 1912 est}.
2509 1859 2908 1928 profundaeque
2952 1858 3218 1914 caritates
3265 1855 3637 1922 dehiscentes,

361 1949 474 2000 Καὶ
513 1951 540 2000 6
580 1947 740 2016 λόγος
773 1948 937 2018 ἔργον
966 1950 1210 2018 ἐγένετο,
1241 1953 1337 2005 καὶ
1389 1953 1705 2024 κοιλότητες
1738 1954 1952 2025 βαθεῖαι

360 2043 660 2110 γενόμεναι
692 2043 762 2095 τὰ
797 2040 970 2096 ὕδατα
1011 2043 1373 2110 εἰσεδέξαντο.
1415 2045 1531 2101 Καὶ
1563 2047 1666 2116 τὴν
1721 2047 1820 2117 μὲν
1849 2049 1954 2117 γῆν

362 2133 542 2200 ξηρὰν
572 2133 955 2203 κατωνόμασε,
982 2133 1259 2198 θαλάσσας
1287 2135 1431 2190 δὲτὰ
1469 2137 1578 2190 τῶν
1606 2137 1814 2192 ὑδάτων
1865 2157 1956 2194 συ-

362 2227 464 2294 στή
476 2243 642 2294 ματα.
676 2227 834 2280 Κατὰ
863 2227 1066 2298 ταύτην
1091 2227 1148 2281 δὲ
1179 2227 1277 2298 τὴν
1303 2229 1518 2300 ἡμέραν
1541 2233 1682 2300 φυτά
1711 2249 1770 2284 τε
1786 2233 1955 2303 γῆθεν

359 2319 616 2388 ἀνεδόθη,
676 2321 770 2373 καὶ
826 2321 1144 2392 σπέρματα.
1196 2321 1342 2375 Ἔδει
1393 2323 1500 2393 γὰρ
1546 2323 1660 2395 (15)
1709 2325 1952 2396 ἄκοσμον

359 2410 530 2463 οὖσαν
578 2413 678 2481 τῆν
715 2412 844 2482 γῆν,
896 2413 1243 2484 κοσμηθῆναι
1296 2417 1416 2478 ταῖς
1464 2414 1645 2482 πόαις,
1698 2417 1794 2469 καὶ
1841 2420 1952 2481 τοῖς

363 2505 588 2574 μυρίοις
647 2504 1022 2576 βλαστήμασι.
1082 2506 1178 2561 καὶ
1228 2509 1343 2570 τοῖς
1407 2508 1626 2575 ἄνθεσι,
1685 2511 1782 2563 καὶ
1839 2511 1952 2573 τοῖς

358 2599 647 2661 παντοίοις
695 2601 951 2668 καρποῖς,
975 2641 977 2644 .
1001 2601 1097 2653 καὶ
1131 2599 1242 2654 τῶν
1272 2600 1507 2670 δένδρων
1548 2604 1670 2665 ταῖς
1711 2603 1950 2674 χάρισιν.

373 2686 438 2738 Ἠ
474 2686 535 2740 δὲ
568 2687 806 2758 τετάρτη
860 2689 1047 2760 ἡμέρα
1084 2690 1186 2759 τὴν
1235 2689 1345 2744 τῶν
1389 2692 1696 2762 φωστήρων
1751 2692 1954 2762 ἔσχηκε

360 2779 608 2844 γένεσιν,
641 2780 794 2849 ήλίου
844 2797 905 2834 τε
969 2783 1064 2834 καὶ
1117 2781 1374 2854 σελήνης,
1437 2785 1529 2836 καὶ
1582 2783 1691 2838 τῶν
1749 2784 1954 2838 λοιπῶν

360 2871 637 2940 ἀστέρων.
681 2873 793 2925 Καὶ
840 2871 1056 2935 τούτοις
1105 2873 1197 2927 τὸν
1256 2874 1486 2944 οὐρανὸν
1534 2877 1561 2929 6
1608 2876 1954 2948 Δημιουργὺς

361 2959 731 3027 κατηγλάῖσε,
767 2962 864 3016 καὶ
899 2963 962 3016 τὸ
992 2964 1132 3018 κατὰ
1159 2965 1260 3035 τὴν
1290 2965 1514 3037 πρώτην
1531 2966 1746 3038 ἡμέραν
1792 2969 1955 3036 όφθὲν

359 3051 487 3119 φῶς
526 3049 638 3122 (14)
666 3054 780 3116 τοῖς
825 3054 1115 3126 φωστῆρσι
1168 3055 1383 3119 τούτοις
1434 3058 1670 3122 ἐνέθετο,
1705 3061 1954 3128 κινήσεις

2055 1966 2228 2020 aquas
2251 1961 2611 2021 exceperunt.
2663 1955 2747 2007 Ac
2795 1962 3000 2006 terram
3034 1949 3340 2006 nominavit
3377 1948 3588 2004 aridam
3622 1967 3637 2004 :

2054 2056 2325 2111 aquarum
2375 2041 2697 2106 colluviem,
2747 2041 2945 2097 maria.
2999 2041 3119 2097 Hoc
3165 2039 3361 2096 eodem
3401 2039 3504 2110 15
3547 2039 3640 2096 die

2055 2131 2256 2201 plantae
2271 2141 2328 2186 et
2356 2131 2567 2187 semina
2591 2149 2621 2188 e
2651 2141 2796 2188 terra
2818 2143 2947 2189 sunt
2975 2133 3148 2190 edita.
3172 2131 3640 2203 Oportebatenim

2057 2233 2259 2278 terram
2293 2240 2415 2293 qua:
2449 2225 2658 2279 inculta
2693 2234 2865 2290 esset,
2903 2225 3116 2289 herbis,
3151 2224 3392 2280 inﬁnitis
3435 2225 3640 2296 germi-

2057 2317 2240 2383 nibus,
2276 2316 2530 2384 ﬂoribus,
2561 2333 2723 2373 omne
2756 2333 2930 2388 genus
2961 2317 3257 2380 fructibus.
3289 2327 3348 2374 et
3375 2317 3638 2374 arborum

2051 2407 2502 2478 jucunditatibus
2550 2409 2829 2464 exornari.
2902 2408 3143 2476 Quartus
3199 2409 3321 2464 dies
3364 2409 3635 2464 luminum

2055 2512 2240 2556 ortum
2295 2501 2514 2564 habuit,
2563 2503 2718 2564 solis,
2757 2501 2932 2576 lunae,
2960 2516 3025 2557 ac
3067 2502 3410 2572 reliquarum
3449 2501 3642 2557 stella-

2057 2608 2201 2647 rum.
2250 2592 2424 2662 Atque
2470 2593 2558 2648 his
2603 2591 2799 2663 Opifex
2849 2609 3031 2648 rerum
3065 2595 3264 2650 C(BIUm
3291 2593 3582 2650 exornavit
3622 2612 3636 2648 :

2056 2693 2109 2740 et
2145 2693 2499 2755 conspectam
2531 2685 2711 2755 primo
2740 2685 2831 2740 die
2865 2685 3045 2739 lucem
3080 2686 3164 2740 his
3195 2684 3502 2740 luminibus
3534 2686 3639 2741 im.

2056 2777 2262 2847 posuit,
2285 2788 2451 2846 atque
2491 2779 2574 2832 eis
2595 2785 2799 2841 motus,
2821 2788 3069 2838 exortus,
3102 2792 3300 2831 cursus
3327 2783 3381 2831 et
3405 2790 3637 2832 occasus

2057 2870 2446 2940 praeformavit,
2478 2883 2537 2925 ut
2567 2879 2725 2926 terra:
2749 2870 2988 2925 ambitus
3021 2886 3118 2940 per
3139 2885 3202 2924 ea
3238 2869 3634 2934 illustraretur,

2055 2973 2114 3018 et
2147 2978 2407 3018 mensura
2440 2963 2706 3032 temporis
2749 2962 3076 3017 circuitibus
3107 2972 3300 3018 eorum
3329 2969 3636 3033 peteretur,

2059 3053 2479 3124 praeberentque
2532 3055 2600 3109 iis
2646 3055 2742 3125 qui
2792 3064 3018 3110 exortus
3071 3070 3263 3110 eorum
3324 3055 3635 3111 rectissime

358 3145 557 3206 αὐτοῖς
583 3145 838 3210 ἐπιτολάς
869 3163 929 3200 τε
969 3150 1065 3202 καὶ
1094 3148 1330 3219 δρόμους
1357 3150 1450 3202 καὶ
1481 3149 1808 3215 καταδύσεις
1837 3151 1945 3204 διαν

2060 3147 2424 3203 observarent
2455 3147 2587 3218 (non
2617 3159 2800 3204 autem
2832 3151 3054 3204 curiose
3089 3156 3422 3219 spectarent,
3451 3164 3554 3204 nec
3575 3157 3640 3204 ut

357 3237 655 3302 τυπώσας.
691 3241 780 3294 ἵνα
807 3258 866 3294 τε
908 3244 1199 3310 φωτίζοιτο
1227 3245 1296 3297 δι’
1329 3243 1516 3312 αὐτῶν
1560 3245 1619 3298 τὸ
1652 3247 1952 3315 περίγειον,

361 3332 460 3384 καὶ
485 3333 514 3384 6
538 3331 728 3402 χρόνος
752 3334 1123 3406 ἀπαριθμοῖτο
1154 3338 1274 3399 ταῖς
1288 3336 1496 3390 τούτων
1525 3338 1797 3408 περιόδοις
1817 3339 1954 3407 (15),

365 3424 702 3493 παρέχοιντο
739 3425 794 3479 δὲ
828 3425 897 3480 δι’
928 3427 1110 3480 αὐτῶν
1155 3431 1268 3484 τοῖς
1303 3428 1576 3482 εύθύτατα
1625 3431 1743 3493 ταῖς
1778 3431 1959 3484 αὐτῶν

363 3516 707 3587 προσέχουσι
748 3518 985 3586 ψαύσεσι
1023 3521 1140 3589 (καὶ
1193 3522 1268 3591 μὴ
1325 3524 1800 3593 περινενοημένως
1843 3524 1957 3594 (16)

364 3609 692 3674 σκοποῦσιν,
735 3612 768 3681 ἢ
817 3612 895 3676 ὡς
952 3613 1021 3668 ἂν
1068 3614 1214 3667 εἴποι
1265 3631 1349 3678 τις
1409 3617 1812 3686 ἀκριϐούμενος
1865 3618 1958 3671 τὸν

362 3703 552 3769 λόγον,
589 3703 882 3774 ἀϐέλτερον
915 3704 1013 3759 καὶ
1047 3707 1112 3775 τῇ
1167 3708 1384 3776 κινήσει
1427 3707 1492 3777 δὴ
1543 3710 1651 3762 τῶν
1697 3709 1958 3764 τοιούτων

362 3796 619 3863 ἀστέρων
674 3795 892 3851 ἅπαντα
954 3797 1243 3863 δοξάζουσι
1304 3801 1820 3872 συμπεριφέρεσθαι
1889 3804 1958 3856 τὰ

365 3887 643 3958 ἡμέτερα)
667 3887 912 3958 μεγάλην
943 3891 1040 3942 καὶ
1071 3891 1276 3962 ἀψευδῆ
1308 3891 1408 3963 τὴν
1439 3892 1664 3960 ὶθύτητα
1693 3894 1787 3948 καὶ
1811 3895 1958 3963 ὠφέ-

364 3981 546 4034 λειαν.
585 3981 664 4052 Τῇ
720 3981 951 4055 πέμπτῃ
979 3983 1027 4035 δ’
1057 3980 1216 4047 αὖθις
1249 3985 1357 4038 τῶν
1389 3986 1615 4058 ἡμερῶν
1652 3988 1764 4056 (l7)
1818 3988 1955 4042 Θεοῦ

363 4072 756 4138 κελεύσαντος,
783 4075 952 4144 ἀνῆκε
984 4074 1053 4129 τὰ
1084 4074 1253 4130 ὕδατα
1279 4079 1488 4149 ἑρπετὰ
1515 4079 1704 4150 ψυχῶν
1740 4081 1954 4146 ζωσῶν,

362 4165 466 4218 καὶ
495 4167 753 4220 πετεινά·
775 4160 851 4220 ὧν
884 4167 952 4220 τὰ
984 4169 1082 4239 μὲν
1107 4153 1564 4240 ὲμφυλοχῖυροῦσι
1607 4174 1723 4235 τοῖς
1775 4171 1953 4240 ὕδασι,

362 4256 466 4309 καὶ
510 4256 724 4314 τούτοις
782 4259 1136 4329 ὲννήχονται⁸
1173 4260 1243 4314 τά
1296 4261 1523 4314 πετεινὰ
1575 4261 1634 4316 δὲ
1685 4261 1778 4316 τὸν
1816 4262 1957 4333 ἀέρα

357 4348 683 4419 τέμνουσιν,
730 4349 972 4419 ἓρποντα
1023 4350 1216 4422 ὥσπερ
1271 4353 1360 4407 διὰ
1409 4354 1604 4408 τούτου
1658 4353 1953 4424 μετάρσια.

363 4443 529 4498 Κατὰ
559 4443 614 4496 δέ
649 4459 711 4510 γε
743 4442 844 4510 τῆν
872 4444 1064 4513 ἕκτην,
1087 4443 1269 4515 ψυχὴν
1299 4443 1483 4508 ζῶσαν
1513 4447 1826 4517 τετράποδα
1859 4447 1955 4500 καὶ

2061 3255 2190 3295 vere
2235 3255 2299 3294 ac
2348 3249 2503 3296 recte
2556 3240 2664 3297 dici
2711 3251 2900 3312 queat,
2945 3242 3131 3312 inepte
3173 3257 3281 3297 una
3330 3257 3454 3297 cum
3485 3251 3640 3297 motu

2063 3331 2257 3386 harum
2311 3333 2594 3388 stellarum
2640 3332 2825 3388 omnia
2861 3341 3052 3390 nostra
3093 3331 3435 3389 circumferri
3477 3344 3639 3403 puta-

2063 3434 2186 3480 rent
2228 3439 2478 3495 magna-n
2545 3425 2885 3496 minimeque
2923 3425 3176 3482 fallacem
3222 3425 3636 3491 certitudinem,

2060 3527 2117 3572 et
2145 3517 2460 3572 utilitatem.
2497 3518 2593 3572 Die
2619 3519 2836 3587 quinto,
2867 3533 3027 3589 aquae
3070 3518 3294 3588 reptilia
3335 3517 3638 3573 viventium

2062 3609 2371 3664 animarum
2407 3618 2464 3664 et
2505 3609 2762 3664 volucres
2784 3609 3172 3680 produxerunt
3210 3646 3226 3672 ,
3275 3623 3513 3678 quorum
3545 3606 3640 3663 illa

2061 3701 2115 3755 in
2141 3701 2301 3770 aquis
2330 3716 2456 3755 cum
2477 3701 2759 3771 voluptate
2784 3701 3056 3764 innatant,
3088 3701 3170 3755 hae
3198 3714 3383 3755 aerem
3411 3707 3636 3754 secant:

2060 3793 2437 3864 sublimesque
2465 3809 2564 3864 pcr
2595 3793 2747 3848 illum
2785 3791 3194 3864 quodammodo
3221 3798 3442 3862 repunt.
3473 3789 3642 3846 Sexto

2060 3887 2150 3943 die
2194 3885 2600 3957 quadrupedia,
2633 3885 2776 3941 feras
2803 3893 2855 3941 et
2882 3884 3101 3956 reptilia
3144 3882 3384 3940 viventis
3418 3883 3641 3946 animae.

2062 3989 2204 4037 terra
2228 3981 2394 4037 edere
2420 3981 2570 4051 iussa
2598 3989 2684 4034 cst
2716 3998 2728 4032 :
2766 3991 2930 4050 atque
2956 3980 3140 4035 omnia
3170 3994 3238 4034 ex
3261 3978 3453 4034 divino
3482 3994 3642 4034 man-

2057 4074 2188 4128 dato
2219 4074 2565 4142 prodierunt.
2606 4072 2857 4128 Viventis
2885 4087 3050 4143 porro
3081 4072 3280 4128 animae
3309 4071 3638 4142 productio-

2060 4183 2186 4222 nem
2221 4177 2383 4222 terrae
2418 4181 2541 4221 esse
2577 4165 2901 4235 imperatam
2953 4164 3239 4235 Scriptura
3289 4163 3447 4228 dicit,
3485 4171 3547 4218 ut
3574 4179 3662 4219 ea.

2061 4258 2280 4313 ratione
2323 4257 2546 4312 humani
2583 4257 2751 4311 animi
2796 4255 3102 4312 discrimen
3138 4257 3207 4312 ab
3259 4257 3354 4311 illa
3389 4255 3640 4312 declara-

2057 4358 2159 4404 rct.
2191 4347 2324 4403 Nam
2349 4349 2581 4403 aliarum
2602 4349 2969 4403 animantium
2992 4349 3177 4404 anima
3200 4364 3231 4405 e
3261 4358 3404 4405 terra
3426 4348 3610 4404 exstiti
3622 4357 3662 4404 ιτ

2058 4460 2127 4500 ex
2153 4444 2411 4499 mandato
2443 4461 2455 4497 :
2486 4459 2594 4514 qua
2627 4443 2693 4498 de
2726 4458 2892 4498 causa
2922 4451 3071 4499 recte
3105 4443 3384 4500 terrestris
3411 4452 3468 4499 et
3491 4459 3641 4498 mor-

363 4537 538 4606 θηρία
595 4539 690 4590 καὶ
742 4537 954 4607 ἑρπετὰ
990 4537 1286 4606 ἐξαγαγεῖν
1312 4539 1355 4609 -ή
1409 4538 1480 4608 γῆ
1522 4537 1952 4608 προσετέτακτο,

2069 4536 2192 4592 talis
2240 4535 2508 4601 habetur,
2551 4549 2678 4590 cum
2733 4533 2864 4590 alibi
2917 4534 3085 4591 etiam
3146 4535 3432 4607 Scriptura
3493 4534 3658 4592 dicat.

1543 4683 1740 4745 Variae
1783 4683 2094 4746 lectiones
2139 4689 2199 4745 et
2243 4689 2434 4745 notae.

362 4841 523 4878 νεσιν
550 4825 642 4897 alii
669 4834 886 4891 vocant,
916 4826 985 4882 de
1009 4841 1116 4897 qua
1146 4826 1400 4896 pluribus
1428 4826 1540 4897 egit
1571 4827 1656 4881 vir
1692 4825 1951 4897 doctissi-

363 4912 494 4950 mus
544 4895 704 4951 Joan.
741 4897 985 4967 Baptism
1029 4895 1338 4954 Cotelerius
1375 4897 1444 4952 ad
1470 4895 1586 4952 'lib.
1624 4913 1678 4951 v1
1719 4896 1943 4952 Constit.

361 4967 635 5038 Αροειοι..
653 5037 657 5038 ν
677 4982 798 5038 cap.
834 4969 922 5025 16.

443 5037 560 5110 (l2)
606 5036 1107 5110 'Eyvcsxpmérmc.
1154 5037 1234 5094 Ita
1267 5036 1589 5110 codd.Reg.
1622 5049 1688 5110 et
1704 5038 1946 5092 Colbert.

367 5111 444 5164 At
474 5108 970 5177 ἒκκεκρυμμένους
1021 5109 1190 5165 habet
1227 5109 1354 5164 cod.
1395 5108 1723 5165 Viennensis
1782 5126 1795 5160 :
1852 5119 1949 5162 seu

364 5178 650 5249 sententia
691 5189 981 5248 repugnat.
1011 5179 1192 5249 inquit
1226 5180 1522 5248 interpres.
1553 5179 1844 5234 Constarct
1878 5188 1959 5249 ta-

364 5264 521 5332 men,
547 5245 591 5301 si
619 5264 732 5332 ,νος
757 5245 855 5332 μή,
882 5263 1005 5318 quae
1043 5245 1403 5332 praeponitur,
1428 5251 1666 5312 abesset,
1689 5249 1772 5332 ita
1811 5248 1954 5332 utin

366 5319 534 5399 libris
608 5317 959 5387 ἀποκρύψεις
1029 5317 1392 5375 accenscalur
1453 5336 1619 5390 parva
1688 5320 1788 5374 ista
1847 5317 1954 5373 Ge-

362 5404 541 5442 neSIS.

441 5459 558 5529 (ιδ)
605 5457 878 5525 Ἂνεδάΰη
913 5459 1012 5512 καὶ
1039 5459 1354 5528 σπέρματα
1374 5476 1386 5490 ο
1417 5461 1534 5513 ἔδει
1561 5461 1692 5529 γάρ.
1721 5460 1795 5514 Ita
1822 5475 1950 5512 mss.

360 5533 436 5584 At
470 5528 1118 5599 Gottstantinopolitanus
1151 5530 1322 5584 codex
1347 5530 1514 5585 habet
1549 5528 1843 5599 ξάνεδιεθη.
1877 5529 1952 5591 ὡς

361 5598 622 5652 ἐντεῦθεν
657 5599 1059 5670 ἀναφαίνεσθαι
1096 5602 1364 5670 πρότερον
1389 5601 1630 5669 ἄκοσμον
1653 5598 1820 5654 οὖσαν
1849 5599 1948 5668 τὴν

363 5671 497 5735 γῆν.
571 5669 947 5739 κοσμηθεῖσαν
1005 5669 1359 5733 ταῖςπόαις,
1423 5679 1554 5736 ουκ,
1621 5672 1698 5724 uti
1763 5679 1948 5724 monet

365 5741 619 5795 Wolfius.

441 5813 553 5881 (I4)
603 5810 819 5878 ‘0;0ér
852 5807 999 5879 φῶς.
1045 5807 1136 5864 lis.
1166 5809 1406 5866 Colbcrt.
1443 5811 1706 5881 πραχθέν.
1739 5811 1942 5866 ιιιὶιιειιι

2057 4841 2157 4895 pro
2191 4825 2563 4888 διατυπώσας,
2600 4823 3009 4894 διαδεξάμενος.

2132 4897 2244 4968 (l5)
2281 4895 2412 4968 Ταῖς
2437 4897 2664 4968 τούτων
2697 4893 3017 4968 περιόδοις.
3048 4893 3176 4968 Mss.
3209 4893 3632 4968 Wolﬁani,_é1rt-

2056 4963 2239 5029 τολαῖς
2267 4967 2361 5020 καὶ
2390 4965 2596 5025 δύσεσι,
2633 4963 2962 5035 καὶσημεία
2991 4963 3335 5035 περιέχοιντο
3363 4965 3434 5018 δι’
3455 4965 3640 5019 αὐτῶν

2056 5040 2170 5100 τοῖς
2229 5035 2522 5090 εὐθύτατα.
2557 5035 2641 5090 Ita
2677 5033 2844 5089 etiam
2892 5033 3076 5092 codex’
3112 5033 3465 5102 Celberteus,
3527 5037 3639 5093 nisi

2057 5107 2214 5180 quod
2235 5107 2400 5180 habet
2440 5106 2728 5167 ἀνατολαῖς
2757 5114 2829 5180 et-
2847 5106 3192 5180 παρέχοιντο,

2128 5177 2241 5244 (16)
2275 5176 2372 5244 Μὴ
2398 5173 2942 5244 περινενοημένωςζ
2963 5173 3097 5231 Mss.
3121 5174 3288 5239 Wolf.
3315 5184 3371 5232 et
3388 5174 3633 5233 Colbert.

2059 5249 2136 5320 μὴ
2181 5247 2605 5317 περιεργότερον
2651 5245 3199 5316 καταστοχαζόμενος
3232 5245 3432 5310 αὐτῶν,
3479 5245 3511 5314 ἢ
3560 5247 3637 5312 ὡς

2055 5321 2121 5374 ἂν
2161 5316 2307 5370 εἴποι
2343 5334 2448 5379 τις,
2482 5325 2590 5371 etc.
2624 5317 2835 5371 Rursus
2885 5331 2986 5384 pro
3029 5316 3140 5368 τῶν
3181 5313 3442 5369 τοιούτων
3474 5316 3634 5371 ἀστέ-

2058 5408 2194 5461 ρων,
2209 5385 2966 5461 ντῶνῌούρανίων,Δῃυο-ῐῐιοάο
2984 5385 3160 5461 _etia_m
3191 5385 3347 5461 Cglb.

2127 5459 2258 5530 (l7),
2287 5456 2365 5525 Τῇ
2389 5453 2626 5530 πέμπτῃ
2650 5453 2715 5508 δί
2732 5453 2907 5530 αὖθις
2939 5455 3062 5530 τῶις
3082 5455 3336 5530 ἡμερῶν.
3366 5456 3638 5530 Constan-

2060 5525 2654 5598 tinopolitanus‘codes
2682 5527 2910 5598 mutilus
2938 5534 3021 5598 est
3049 5525 3153 5581 hoc
3179 5527 3305 5598 loco
3331 5545 3346 5594 ;
3375 5528 3456 5584 sic
3484 5529 3634 5584 enim

2059 5601 2112 5652 in
2140 5595 2206 5653 eo
2237 5598 2439 5668 legitur
2465 5615 2479 5669 :_
2510 5595 2668 5650 Κατὰ
2700 5597 2886 5669 δὲᾏτὴν
2910 5596 3169 5669 πέμπτην
3200 5596 3417 5669 ἡμέραν
3438 5598 3508 5669 τά
3536 5599 3637 5669 μὲν

2060 5670 2227 5747 ύδατα
2274 5665 2383 5722 πᾶν
2419 5667 2576 5747 γένος
2609 5665 2847 5747 πτηνῶν.
2885 5665 3227 5747 προήγαγον,
3276 5665 3418 5747 ’ίῇ
3457 5665 3637 5739 ψυχὴν

2056 5740 2258 5863 ζῶῖαν,
2301 5737 2629 5863 carpis-66m
2655 5735 2765 5800 ζῶα
2799 5735 2859 5790 τὸ
2891 5735 3047 5791 Θεῖον
3080 5735 3310 5807 εὐξῆκτο
3344 5735 3642 5809 σύμπαντα

2060 5829 2131 5863 πο
2171 5827 2409 5863 σταγμα.
2488 5847 2529 5863 ,.

2060 5810 2409 5880 πρόσταγμα.
2443 5810 2529 5863 W.
