4098 6396
513 355 583 418 55
1790 367 2113 430 JOANNIS
2152 372 2476 433 zonam
3726 371 3798 434 56
3896 336 3923 357 ⁸

509 471 692 528 omnis
718 473 955 544 jumenti
987 476 1229 533 animam
1252 492 1377 536 esse
1405 479 1755 551 sanguinem,
1780 482 1876 553 qui
1903 482 2080 555 utiun

2202 488 2299 540 καὶ
2336 488 2480 543 κατὰ
2512 492 2574 545 τὺ
2625 491 2785 548 Θεῖον
2811 493 3010 566 ὲξῆκτο
3072 488 3370 562 σύμπαντα
3434 489 3793 563 πρόσταγμαο

508 562 906 633 corrumpitur.

2201 576 2395 647 Ψυχῆς
2424 578 2483 632 δὲ
2513 579 2694 651 ζώσης
2719 562 3007 650 tanaim
3041 583 3074 651 ὴ
3109 580 3302 651 Γραφὴ
3341 562 3591 649 περιέχει
3629 579 3797 645 ποιή-

507 653 709 708 σασθαι
727 657 1087 729 κελευσθῆναι
1107 658 1219 734 (18)
1232 662 1335 733 τὴν
1364 662 1487 733 γῆν,
1513 662 1740 718 ῐνόῢτω
1789 664 1889 732 τῆς
1909 666 2006 720 τοῦ
2061 667 2353 738 ἀνθρώπου
2407 672 2587 744 ψυχῆς
2602 675 2825 747 ἐμφήνῃ
2852 674 2990 747 πρὸς
3022 673 3194 743 αὐτὴν
3217 672 3276 724 τὸ
3291 671 3568 743 διάφορον.
3605 671 3670 723 Ἢ
3693 669 3794 741 μὲν

505 747 618 819 γὰρ
641 748 754 802 τῶν
773 752 948 807 ἄλλων
971 753 1130 818 ζώων
1150 756 1317 825 γῆθεν
1340 756 1505 827 ἐξέφυ
1526 759 1670 813 κατὰ
1697 759 1759 812 τδ
1784 760 2085 832 κέλευσμα,
2127 765 2224 817 καὶ
2256 766 2435 836 γεηρὰ
2460 763 2624 835 οὖσα,
2693 769 2918 834 εἰκότως
2944 769 3012 824 ἂν
3060 769 3331 836 λογίζοιτο
3363 768 3457 822 καὶ
3518 767 3736 838 φθαρτή
3760 788 3775 801 ·

505 842 631 896 Emi.
673 847 770 899 καὶ
804 842 1042 918 ἀλλαχοῦ
1066 851 1285 921 φησινὴ
1325 851 1540 923 Γραφή·
1580 852 1746 924 Ψυχὴ
1788 854 1993 919 παντὸς
2054 858 2285 928 κτήνους
2327 861 2388 914 τὸ
2442 856 2583 932 αἷμα
2632 862 2824 928 αὐτοῦ,
2873 862 2935 916 τὸ
2989 861 3034 916 δ’
3082 857 3222 932 αἷμα
3280 860 3500 922 πάντως
3555 859 3789 928 φθειρό-

508 956 692 1010 μενον.

578 1031 641 1087 Il.
684 1033 939 1091 Hominis
978 1034 1166 1092 autem
1224 1040 1465 1094 animam
1517 1058 1629 1097 non
1686 1053 1834 1099 terra
1889 1042 2089 1107 edidit,

506 1124 604 1179 sed
634 1126 781 1182 Deus
807 1143 928 1182 eam
968 1128 1180 1185 Adamo
1222 1133 1535 1204 inspiravit.
1596 1132 1969 1200 Quamobrem
2001 1135 2091 1201 di-

506 1216 697 1270 vinum
752 1233 874 1274 esse
936 1219 1202 1290 quiddam
1256 1230 1313 1277 et
1378 1224 1693 1280 immortale
1740 1225 2089 1293 perhibetur.

505 1308 709 1364 Sextus
741 1307 863 1365 dies
894 1310 1177 1368 hominem
1212 1315 1380 1369 etiam
1412 1314 1609 1372 imbuit
1646 1332 1811 1371 manu
1846 1316 1941 1371 Dei
1972 1317 2088 1371 for-

504 1409 738 1456 matum.
793 1401 929 1456 Nam
967 1416 1093 1458 cum
1137 1404 1383 1475 optimus
1433 1407 1644 1463 Artifex
1697 1409 1954 1464 universa
1977 1410 2090 1480 jam

503 1491 863 1558 condidisset,
914 1503 971 1549 et
997 1495 1268 1551 mundum
1308 1498 1503 1554 ordine
1539 1510 1594 1555 et
1629 1501 1844 1557 ratione
1871 1502 2089 1557 eﬂ‘ccis-

501 1590 606 1648 set,
636 1582 782 1638 unde
821 1582 1013 1640 Graeco
1049 1586 1276 1642 nomine
1329 1589 1548 1658 Κόσμος
1590 1590 1816 1653 dicitur,
1859 1602 1916 1647 et
1964 1603 2087 1651 tan.-

502 1688 666 1744 qnam
695 1676 763 1731 ad
799 1691 986 1748 regem
1012 1677 1406 1749 excipiendum
1441 1684 1646 1752 regiam
1679 1683 1974 1753 quamdam
2008 1684 2092 1739 in-

502 1773 838 1828 struxisset:
873 1782 990 1829 tum
1021 1775 1246 1831 demum
1281 1778 1543 1848 producit
1576 1780 1887 1846 hominem,
1929 1781 2089 1851 quasi

2268 1045 2349 1102 B’.
2388 1045 2503 1119 Τὴν
2538 1046 2595 1100 δι
2629 1045 2729 1100 τοῦ
2773 1045 3067 1114 ἀνθρῦπου
3108 1044 3287 1115 ψυχὴν
3320 1045 3421 1114 οὐχ
3459 1045 3492 1114 ἡ
3532 1043 3606 1110 γῆ
3656 1040 3791 1110 ἀνῆ-

2204 1154 2323 1201 κεν,
2355 1138 2494 1191 ἀλλὰ
2523 1138 2584 1191 τὸ
2622 1137 2777 1191 Θεῖον
2809 1136 2983 1207 αὐτὴν
3010 1135 3090 1206 τῷ
3137 1136 3309 1205 Ἀδὰμ
3358 1135 3556 1203 ἐνῆκεν
3611 1133 3792 1205 ἐμφύ-

2196 1243 2368 1297 σημα.
2402 1227 2493 1281 Διὸ
2523 1228 2618 1282 καὶ
2663 1227 2860 1300 χρῆμά
2901 1245 2955 1280 τι
2984 1226 3129 1280 θετον
3154 1221 3294 1279 εἶναι
3322 1225 3660 1289 πιστεύεται,
3693 1225 3791 1279 καλ⁸

2195 1320 2495 1377 ἀθάνατον.
2537 1320 2603 1374 Ἦ
2634 1320 2680 1374 δ’
2706 1320 2842 1390 ἕκτη
2875 1318 2987 1373 τῶν
3013 1318 3260 1389 ἡμερῶν,
3291 1318 3387 1371 καὶ
3430 1317 3525 1372 τδν
3575 1316 3790 1385 ἄνθρω-

2198 1429 2299 1466 πον
2334 1414 2558 1482 ἔσχηκε,
2615 1413 2761 1481 χειρὶ
2816 1410 3300 1481 διαπεπλασμένον
3333 1408 3492 1464 Θεοῦ.
3531 1410 3790 1479 Προῦπο-

2191 1505 2394 1573 στήσας
2456 1506 2566 1573 γὰρ
2605 1506 2632 1556 ό
2677 1502 3104 1572 Ἀριστοτέχνης
3163 1501 3235 1554 τὰ
3302 1501 3632 1571 σύμπαντα,
3690 1501 3787 1555 καὶ

2191 1594 2532 1668 παραγαγὼν
2555 1596 2647 1649 sua
2680 1595 2889 1664 κόσμον
2920 1596 2979 1649 ὲν
3008 1593 3163 1661 τάξει
3205 1611 3266 1648 τε
3297 1594 3394 1648 καὶ
3431 1592 3644 1665 ῥυθμῷ.
3688 1593 3773 1647 διὸ

2191 1690 2288 1743 καὶ
2320 1689 2541 1757 Κόσμος
2571 1688 2913 1759 ὠνόμασται,
2960 1688 3056 1741 καὶ
3107 1687 3185 1750 ὡς
3234 1687 3294 1740 ἐν
3326 1686 3590 1757 ὑποδοχῇ
3630 1686 3787 1755 βασι-

2193 1780 2351 1843 λέως,
2401 1779 2591 1850 ὥσπερ
2643 1777 2891 1848 βασίλεια
2940 1777 3372 1850 προετοιμάσας,
3427 1777 3595 1830 αὐτὸν
3639 1775 3787 1830 οὕτω

505 1877 687 1918 rerum
742 1873 1088 1921 terrenarum
1136 1883 1329 1940 regem.
1357 1886 1596 1942 superne
1642 1873 2080 1942 gubernandum,

2194 1876 2441 1947 παράγει
2478 1875 2570 1929 τὸν
2616 1873 2907 1945 ἄνθρωπον
2959 1868 3052 1926 οἷά
3103 1888 3230 1926 τινα
3283 1870 3511 1942 βασιλέα
3542 1869 3652 1924 τῶν
3687 1869 3787 1923 ἐπὶ

500 1970 741 2027 eumque
789 1965 901 2015 non
936 1961 1079 2021 item.
1115 1963 1389 2019 mandato
1408 1965 1721 2033 conditum,
1757 1967 1856 2023 sed
1905 1969 2083 2023 mani-

501 2052 607 2108 bus
636 2050 754 2111 suis
789 2053 1169 2124 informatum,
1204 2068 1263 2113 ut
1285 2060 1565 2129 peculiare
1593 2077 1754 2117 suum
1783 2078 1945 2133 opus,
1970 2078 2084 2118 non

500 2144 682 2201 simile
733 2148 971 2213 ceteris,
1017 2148 1114 2205 sed
1168 2150 1453 2207 diversum
1505 2165 1557 2209 et
1618 2153 2081 2226 incomparabile.

498 2234 639 2291 Nam
673 2245 875 2295 caetera
920 2240 1146 2310 quidem
1198 2244 1387 2299 omnia
1416 2245 1588 2300 verbo
1625 2256 1755 2302 sunt
1787 2248 2082 2318 producta,

499 2326 651 2384 hunc
680 2345 813 2384 vero
851 2331 996 2388 Deus
1026 2349 1192 2404 opera
1226 2351 1451 2391 suarum
1489 2352 1750 2392 manuum
1784 2349 1870 2395 est
1892 2340 2084 2411 digna-

502 2424 609 2474 tus.
664 2420 899 2491 Sumpto
945 2422 1096 2483 enim
1138 2426 1206 2481 de
1240 2437 1384 2482 terra
1410 2427 1662 2498 pulvere,
1701 2428 1846 2485 Deus
1879 2430 2083 2501 (inquit

497 2509 642 2566 liber
691 2512 799 2584 16
835 2512 1138 2582 GeneseOS)
1178 2517 1459 2574 hominem
1503 2518 1784 2584 formavit.
1820 2533 1873 2577 et
1911 2523 2081 2592 inspi-

498 2600 639 2655 ravit
663 2601 716 2657 ei
746 2604 986 2659 animam
1013 2605 1316 2671 viventem.
1369 2608 1441 2664 ob
1468 2624 1631 2680 quam
1655 2611 1821 2667 etiam
1849 2612 1918 2671 ad
1945 2613 2080 2668 ima-

496 2692 681 2763 ginem
714 2693 812 2749 Dei
851 2695 1020 2752 homo
1067 2699 1251 2755 factus
1272 2715 1396 2756 esse
1435 2701 1663 2760 dicitur.
1712 2703 1849 2759 Nam
1891 2719 2078 2760 rerum

494 2788 882 2855 quarumdam,
911 2805 1034 2861 quae
1059 2803 1270 2847 natura:
1307 2793 1512 2853 divina:
1542 2797 1909 2859 vereinsunt.
1938 2799 2078 2853 ima-

493 2877 656 2948 gines
689 2880 747 2934 in
775 2880 1019 2946 hominis
1056 2884 1243 2940 animo
1274 2887 1548 2955 relucent,
1594 2905 1719 2945 cum
1757 2890 1984 2961 quidem
2021 2893 2076 2946 in

495 2986 564 3026 eo
595 2972 791 3039 insint,
830 2989 941 3031 non
986 2986 1209 3042 natura,
1256 2979 1354 3034 sed
1382 2982 1579 3051 gratia.
1617 2982 1764 3038 Deus
1797 2984 1945 3038 enim
1980 2998 2069 3037 na.

495 3072 617 3118 tura
646 3073 729 3119 est
755 3063 1183 3136 inaspectabilis,
1213 3081 1270 3126 et
1297 3070 1666 3137 immortalis:
1699 3073 1959 3146 idemque
1989 3075 2076 3129 in-

494 3155 1039 3225 comprehensibilis,
1069 3171 1126 3215 et
1156 3162 1419 3220 interitus
1450 3179 1675 3236 expers.
1721 3165 1928 3224 Eadem
1955 3170 2073 3225 haec

493 3245 681 3301 animo
710 3247 878 3303 etiam
913 3248 1106 3306 insunt
1132 3267 1230 3322 per
1251 3255 1505 3324 gratiam,
1526 3230 1648 3313 non
1673 3273 1773 3328 per
1794 3269 2069 3316 naturam.
2105 3230 2148 3288 θ

494 3338 684 3409 Neque
717 3339 866 3395 enim
897 3354 1095 3398 natura
1128 3345 1247 3416 ejus
1287 3349 1371 3402 vel
1418 3351 1942 3420 comprehensibilis
1965 3360 2072 3419 est,

492 3431 576 3485 vel
613 3434 986 3502 aspectabilis,
1015 3448 1395 3510 praetereaque
1423 3442 1493 3497 ab
1530 3442 1761 3499 interitu
1802 3452 1857 3499 et
1897 3454 2075 3502 morte

492 3525 758 3580 immunis
790 3542 804 3580 :
837 3536 1003 3598 atque
1027 3530 1197 3585 etiam
1241 3522 1370 3597 alia,
1421 3532 1626 3603 quibus
1658 3544 1854 3591 natura
1887 3536 2074 3591 divina

492 3616 868 3684 describitur,
931 3622 986 3675 in
1045 3623 1234 3679 animo
1294 3640 1397 3695 per
1458 3628 1689 3697 gratiam
1747 3640 2073 3684 cernuntur.

491 3710 805 3778 Appellavit
857 3722 1041 3777 autem
1088 3730 1218 3769 eum
1257 3728 1423 3787 quem
1461 3718 1718 3784 ﬁnxerat,
1775 3719 2074 3789 Adamum,

490 3800 638 3868 quod
699 3802 950 3871 (auctore
1012 3804 1276 3876 Josepho)
1331 3807 1517 3879 lingua
1570 3807 1842 3867 Hebraica
1894 3814 2075 3883 rufum

491 3901 675 3957 sonat,
708 3893 860 3962 quod
912 3908 942 3949 e
988 3896 1158 3951 rubra
1214 3908 1359 3953 terra
1406 3899 1682 3957 formatus
1711 3910 1877 3959 esset.
1923 3904 2075 3960 Talis

489 3982 638 4037 enim
670 3993 758 4040 est
805 3996 943 4056 pura
978 3997 1148 4055 terra,
1203 3988 1300 4046 Sic
1344 3991 1565 4053 mundo
1582 4009 1679 4050 sex
1706 3994 1907 4052 diebus
1936 4013 2070 4053 con-

488 4073 628 4136 dito.
663 4077 900 4148 septimo
955 4079 1197 4157 quievit,
1224 4096 1399 4152 eaque
1422 4083 1491 4139 de
1517 4100 1682 4141 causa
1718 4086 2070 4161 Hebraeorum

486 4166 608 4238 lege
641 4168 762 4226 dies
791 4172 1095 4253 septimus,
1121 4175 1268 4245 quod
1295 4175 1608 4244 Sabbatum,
1629 4179 1760 4235 hinc
1785 4182 2070 4251 appellant

487 4260 812 4329 (Sabbatum
842 4279 1009 4334 porro
1042 4282 1234 4322 eorum
1261 4267 1448 4340 lingua
1483 4269 1627 4326 idem
1657 4273 1806 4341 quod
1842 4274 2068 4346 requies)

485 4352 719 4408 feriatus
750 4364 854 4409 est.
880 4354 1188 4412 Collocavit
1212 4358 1359 4414 Deus
1384 4360 1666 4416 hominem
1699 4362 1754 4416 in
1788 4363 2066 4432 paradiso,

2188 1971 2296 2041 γῆς
2345 1968 2771 2041 βασιλευόμενον
2825 1966 3057 2033 ἄνωθεν,
3107 1966 3171 2020 ού
3227 1965 3620 2036 προστάγματι
3684 1963 3787 2016 καὶ

2187 2064 2377 2119 τοῦτον
2416 2062 2891 2134 ὑποστησάμενος,
2934 2058 3073 2115 ἀλλὰ
3107 2059 3302 2131 χερσὶν
3328 2056 3494 2112 αὐτὸν
3544 2052 3784 2110 διατελᾶ-

2187 2168 2304 2224 σκς,
2336 2157 2434 2212 καὶ
2465 2155 2830 2229 δημιουργίαν
2861 2152 3029 2208 αὑτοῦ
3060 2154 3161 2224 οὐχ
3194 2151 3393 2223 ὁμοίαν
3444 2151 3558 2213 τοῖς
3587 2148 3774 2216 ἄλλος

2186 2248 2543 2315 πεποιηκὼς,
2609 2246 3082 2319 παρηλλαγμένην
3142 2242 3201 2299 δὲ
3255 2243 3352 2298 καλ⁸
3414 2242 3778 2313 ἀσύγκριτον.

2186 2344 2367 2400 rma
2419 2342 2524 2413 μὲν
2555 2342 2665 2411 γὰρ
2719 2342 2898 2394 πάντα
2957 2336 3327 2409 παρήχθησαν
3365 2334 3610 2404 ῥήματι·
3650 2333 3677 2384 ὁ
3711 2331 3780 2403 δὴ

2186 2435 2284 2491 καὶ
2320 2432 2654 2505 αὑτουργίας
2694 2433 2949 2502 ἠξίωται.
2983 2428 3129 2484 Χοῦν
3162 2428 3274 2500 γὰρ
3307 2426 3493 2481 λαϐὼν
3528 2424 3637 2479 ἀπὸ
3675 2425 3779 2494 τῆς

2184 2532 2287 2601 γῆς
2318 2532 2347 2583 ὁ
2378 2527 2533 2596 Θεδς,
2562 2528 2595 2600 ἡ
2625 2525 2810 2597 βίϐλος
2836 2511 2975 2595 φησι
2994 2523 3097 2593 τῆς
3124 2522 3422 2583 Γενέσεως,
3444 2519 3536 2572 τὸν
3566 2516 3781 2588 ἄνθρω-

2183 2642 2287 2680 πον
2319 2622 2544 2684 ἔπλασε,
2577 2619 2673 2675 καὶ
2711 2619 3048 2689 ἐνεφύσησεν
3074 2616 3226 2685 αὐτῷ
3253 2614 3434 2685 ψυχὴν
3469 2610 3674 2675 ζῶσαν,
3706 2610 3779 2662 δι’

2181 2719 2249 2790 ἢν
2288 2716 2383 2771 καὶ
2423 2715 2543 2770 κατ’
2570 2713 2756 2768 εἰκόνα
2790 2710 2931 2766 Θεοῦ
2967 2712 3189 2780 λέγεται
3221 2707 3481 2777 γενέσθαι
3507 2711 3535 2760 ὁ
3558 2703 3773 2775 ἄνθρω-

2182 2829 2304 2875 πος.
2335 2809 2459 2863 Τῶν
2494 2807 2603 2879 γὰρ
2638 2809 2703 2878 τῇ
2737 2805 2857 2877 θείᾳ
2890 2803 3051 2873 φύσει
3098 2801 3377 2865 ούσιωδῶς
3427 2800 3771 2870 προσόντων,

2181 2903 2305 2957 τινὰ
2357 2905 2415 2955 ὲν
2466 2903 2533 2972 τῇ
2577 2897 2674 2953 τοῦ
2730 2895 3025 2968 ἀνθρώπου
3085 2893 3232 2966 ψυχῇ
3271 2890 3655 2956 είκονίζονται,
3705 2889 3771 2942 οὐ

2182 2996 2341 3065 φύσει
2385 2995 2522 3065 αὐτῇ
2558 2992 2771 3056 ἐνόντα,
2799 2988 2938 3044 ἀλλὰ
2977 2987 3184 3060 χάριτι.
3216 2984 3383 3039 Φύσει
3420 2983 3521 3055 μὲν
3554 2980 3665 3052 γὰρ
3694 2980 3761 3034 τὸ

2180 3087 2334 3142 Θεῖον
2389 3085 2622 3157 ἀόρατον
2673 3082 2768 3137 καὶ
2820 3080 3113 3143 ἀθάνατον,
3163 3073 3550 3147 ἀκατάληπτόν
3582 3091 3642 3127 τε
3675 3073 3776 3127 καὶ

2182 3180 2489 3251 ἄφθαρτον.
2536 3174 2725 3229 Ταῦτα
2758 3174 2816 3228 δὲ
2850 3174 2946 3228 καὶ
2995 3173 3063 3243 τῇ
3116 3169 3264 3241 ψυχῇ
3313 3169 3571 3240 πρόσεισι
3624 3164 3774 3220 κατὰ

2183 3271 2367 3343 χάριν,
2404 3270 2466 3322 ού
2496 3268 2640 3323 κατὰ
2668 3266 2853 3337 φύσιν.
2886 3262 3026 3319 Ούτε
3054 3262 3163 3334 τὰρ
3194 3264 3226 3333 ή
3259 3260 3427 3331 φύσις
3457 3261 3631 3329 αὐτῆς
3672 3256 3774 3312 καὶ

2183 3367 2216 3437 ἠ
2247 3362 2405 3418 οὐσία
2436 3358 2793 3429 καταληπτὴ,
2828 3355 2955 3410 οὔτε
2992 3354 3100 3426 μὴν
3120 3354 3314 3426 ὁρατή.
3350 3351 3457 3407 Καὶ
3487 3350 3772 3420 ἄφθαρτος

2179 3458 2237 3512 δὲ
2259 3455 2377 3511 ἐστι
2400 3455 2496 3509 καὶ
2526 3452 2820 3515 ἀθάνατος,
2840 3449 2938 3504 καὶ
2967 3447 3133 3518 ἕτερα
3164 3445 3222 3499 δὲ
3237 3447 3338 3517 τῆς
3367 3442 3521 3506 θείας
3553 3441 3772 3510 φύσεως

2179 3543 2658 3622 χαρακτηριστικὰ
2684 3542 2826 3599 κατὰ
2847 3541 3009 3613 χάριν
3028 3539 3086 3592 ὲρν
3108 3541 3173 3609 τῇ
3198 3537 3345 3609 ψυχῇ
3365 3535 3765 3606 τεθεώρηνται.

2191 3642 2362 3712 Ἀδὰμ
2415 3640 2473 3695 δὲ
2523 3638 2616 3693 τὸν
2677 3634 2988 3690 πλασθέντα
3036 3631 3328 3703 ὠνόμασεο
3393 3630 3652 3698 σημαίνει
3706 3626 3768 3680 δὲ

2177 3735 2342 3790 τοῦτο
2353 3731 2608 3802 πυρῤὸν,
2624 3729 2768 3783 κατά
2781 3726 2881 3799 τὴν
2895 3724 3157 3797 Ἐϐραίδα
3174 3723 3481 3785 διάλεκτον,
3497 3720 3570 3784 ὡς
3593 3720 3766 3789 φησὶν

2188 3827 2472 3895 Ἰώσηπος,
2500 3826 2584 3878 ὅτι
2612 3825 2675 3876 ἐκ
2701 3821 2916 3893 πυρρᾶς
2959 3818 3066 3889 γῆς
3097 3812 3465 3872 διεπέπλαστο
3488 3830 3504 3844 ο
3537 3809 3766 3883 τοιαύτη

2178 3921 2288 3993 γὰρ
2310 3922 2343 3990 η
2377 3916 2649 3989 παρθένος
2685 3915 2750 3984 γῆ
2778 3913 2913 3984 (i9).
2950 3910 3107 3966 Οὕτω
3146 3909 3190 3965 δ’
3217 3910 3276 3963 ὲν
3304 3907 3365 3973 ἒξ
3396 3906 3641 3978 ἡμέραις
3670 3905 3766 3958 τὸν

2177 4016 2386 4085 κόσμον
2426 4007 2796 4082 παραγαγὼν,
2836 4008 2894 4059 ὲν
2929 4007 2994 4077 τῇ
3026 4003 3246 4074 ρὲϐδόμῃ
3294 4000 3632 4055 κατέπαυσε.
3671 3999 3766 4051 Διὸ

2176 4109 2415 4168 καὶτοῖς
2457 4101 2737 4174 Ἑϐραίοις
2764 4103 2796 4169 ἡ
2835 4096 3039 4169 ἑϐδόμη
3072 4096 3180 4150 τῶν
3210 4094 3435 4167 ἡμερῶν
3478 4091 3766 4162 ἄπρακτος

2174 4192 2318 4253 εἶναι
2352 4195 2692 4266 νενόμισταί.
2727 4191 2896 4245 Ὅθεν
2922 4190 3017 4243 καὶ
3051 4187 3335 4243 Σάϐϐατον
3359 4187 3664 4259 κέκληται·
3701 4185 3767 4239 τὸ

2172 4289 2231 4343 δὲ
2271 4285 2554 4341 Σὰϐϐατον
2583 4285 2618 4353 ἡ
2672 4281 2783 4336 τῶν
2827 4278 3096 4347 Ἑϐραίων
3132 4277 3353 4348 γλῶττα
3398 4278 3568 4347 λέγει,
3616 4275 3763 4337 ἁγὼ

2176 4394 2430 4435 πίτυσιν.
2462 4376 2659 4429 Ἐθετο
2687 4373 2778 4428 τὸν
2808 4373 2981 4443 Ἀδὰμ
3011 4376 3039 4425 ὁ
3064 4372 3199 4435 Θεὸς
3238 4373 3296 4425 ὲν
3317 4369 3397 4440 τῷ
3423 4369 3758 4440 παραδείσῳ,

483 4460 649 4515 quem
685 4447 803 4516 ipse
830 4457 1177 4503 conseverat.
1214 4449 1291 4504 lbi
1318 4450 1425 4504 fuit
1455 4452 1625 4507 arbor
1648 4453 1795 4516 vilae,
1812 4442 1878 4507 et
1901 4454 2069 4508 arbor

2184 4469 2233 4523 ὃν
2255 4468 2417 4530 αὐτὸς
2463 4463 2893 4535 κατεφύτευσεν,
2926 4442 3054 4516 ἔνθα
3077 4462 3138 4514 τὸ
3168 4459 3326 4526 ξύλον
3366 4455 3435 4531 ἦν
3463 4459 3564 4528 τῆς
3591 4457 3760 4528 ζωῆς,

483 4539 821 4609 cognitionis
849 4579 865 4603 .
919 4556 1056 4603 seu,
1118 4549 1180 4597 ut
1226 4541 1500 4613 Josepbus
1548 4544 1660 4613 ait,
1707 4543 1993 4614 sapientia:
2047 4559 2062 4596 :

2184 4554 2272 4610 καὶ
2302 4554 2363 4609 τὸ
2412 4553 2568 4618 ξύλον
2601 4553 2701 4623 τῆς
2734 4551 3013 4620 γνώσεως.
3045 4550 3105 4621 ἢ,
3131 4550 3277 4604 κατὰ
3309 4548 3403 4603 τὸν
3470 4546 3759 4619 Ἰώσηπον,

481 4631 649 4702 eique
699 4632 1021 4697 mandarit,
1083 4643 1145 4688 ut
1197 4633 1429 4704 reliquis
1487 4633 1812 4703 frueretur,
1868 4636 2068 4691 arbore

2184 4648 2273 4717 τῆς
2332 4647 2677 4719 φρονήσεως.
2735 4647 2849 4699 Καλ⁸
2907 4645 3218 4699 ἐνετείλατο
3283 4642 3454 4712 αύτῷ,
3500 4642 3613 4695 τῶν
3659 4642 3761 4713 μὲν

482 4725 818 4794 cognitionis
841 4724 1172 4793 abstineret,
1198 4742 1263 4783 ac
1305 4738 1538 4783 mortem
1569 4729 1687 4784 fore
1723 4743 1942 4800 pmnam
1978 4731 2069 4800 in-

2184 4736 2376 4792 ιοιπῶν
2407 4737 2656 4809 μετέχειν
2692 4734 2831 4807 (9.0),
2860 4734 3168 4805 ἀπέχεσθαι
3215 4735 3273 4790 δὲ
3318 4732 3414 4788 τοῦ
3461 4732 3620 4798 ξύλου
3659 4733 3760 4802 τῆς

483 4817 706 4873 terdicti
739 4818 932 4873 violati
964 4818 1338 4875 denuntiavit.
1366 4817 1636 4892 irrigatur
1664 4832 1851 4879 autem
1897 4823 2068 4883 ﬂuvio

2184 4828 2448 4897 γνώσεως,
2489 4826 2725 4902 θάνατον
2755 4825 2813 4878 δὲ
2860 4828 3091 4895 προεῖπε
3127 4826 3188 4878 τὸ
3240 4826 3340 4893 τῆς
3390 4823 3759 4893 παραϐάσεως

481 4909 790 4981 paradisus,
821 4913 913 4980 qui
949 4910 1077 4968 inde
1105 4913 1400 4984 egrediens
1429 4915 1831 4986 quadrifariam
1861 4918 2065 4977 dividi-

2184 4920 2468 4989 ἐπιτίμιον.
2502 4916 2767 4988 Ἀρδεται
2818 4916 2877 4971 δὲ
2923 4917 3158 4988 ποταμῷ
3184 4916 3213 4969 ό
3266 4916 3622 4987 παράδεισος,
3660 4915 3758 4968 καὶ

482 5015 597 5059 tur.
651 5003 730 5058 Ac
782 5005 966 5075 primo
1020 5005 1190 5063 ﬂuvio
1236 5021 1440 5062 nomen
1491 5019 1579 5064 est
1627 5009 1855 5076 Phison,
1911 5015 2059 5084 quod

2184 5012 2424 5083 πρόεισιν
2451 5010 2664 5064 ἐκεῖθεν
2691 5009 2718 5061 ό
2752 5007 2998 5078 ποταμὸς
3033 5003 3190 5072 οὗτος
3214 5009 3295 5071 εἰς
3320 5009 3566 5076 τέσσαρα
3597 5022 3757 5075 μερι-

482 5094 878 5151 multitudinem
927 5096 1234 5168 signiﬁcat;
1287 5099 1495 5156 Graecis
1548 5101 1764 5172 Ganges
1809 5115 1913 5171 est,
1963 5107 2060 5178 qui

2184 5107 2419 5176 ⁵ζόμενος,
2443 5102 2539 5157 καὶ
2563 5100 2772 5155 Φεισῶν
2803 5099 2904 5171 μὲν
2945 5098 3119 5169 ὄνομα
3146 5098 3227 5170 τῷ
3253 5097 3479 5169 πρώτῳ,
3510 5095 3758 5163 πληθὺν

481 5186 696 5243 lndiam
726 5190 1074 5258 praeterﬂuit,
1100 5202 1269 5263 atque
1301 5193 1358 5247 in
1389 5208 1542 5248 mare
1575 5194 1873 5259 evolvitur.
1904 5199 2063 5256 Alter

2184 5199 2229 5252 se
2258 5197 2420 5251 τοῦτο
2452 5195 2607 5264 δηλοῖ
2629 5210 2643 5224 ο
2675 5195 2789 5254 τοῖς
2831 5191 2877 5245 δ’
2906 5189 3136 5261 Ἕλλησι
3170 5188 3392 5263 Ιξάγγης
3424 5181 3579 5250 οὗτος
3615 5188 3755 5241 ὠνό-

480 5278 635 5335 Geon
675 5288 928 5346 vocatur,
963 5282 1488 5364 quodvocabulum
1518 5285 1773 5345 declarat
1800 5304 1923 5344 eum
1965 5293 2059 5362 qui

2184 5307 2404 5361 μασται,
2445 5287 2544 5361 τὴν
2585 5285 2816 5358 Ἰνδικὴν
2864 5282 3015 5359 διιῲν
3060 5282 3196 5357 (21),
3239 5282 3337 5344 καὶ
3379 5282 3622 5347 ἐκδιδοὺς
3671 5283 3752 5344 εἰς

552 5397 567 5426 ¹
601 5394 777 5452 Lavit.
812 5412 942 5463 xm,
979 5399 1060 5452 ιϐ.

1673 5499 1873 5562 Varia:
1906 5500 2216 5563 lectiones
2249 5509 2310 5561 et
2342 5505 2527 5561 notae.

2168 5619 2274 5689 γὴς
2320 5618 2523 5674 dictam
2562 5626 2717 5689 putat
2745 5615 3031 5683 Wolﬁus:
3073 5615 3259 5681 malim
3312 5615 3451 5688 quod
3510 5614 3745 5670 nondum

2165 5700 2351 5744 aratro
2382 5691 2641 5759 proscissa
2671 5704 2823 5743 esset.

2238 5760 2350 5826 (‘20)
2379 5756 2684 5829 Μετέχειν.
2728 5760 2813 5812 Al.
2852 5774 2956 5814 ms.
2988 5756 3288 5813 ἀπολαύειν
3318 5756 3409 5811 W'

2235 5832 2347 5902 (ei)
2392 5830 2510 5899 Τὴν
2563 5829 2821 5899 Ἰνδικὴν
2873 5829 3061 5885 διιὼν.
3118 5829 3416 5897 Sequentia
3464 5842 3635 5897 usque
3675 5831 3742 5882 ad

551 5599 662 5687 (l3)
711 5611 770 5666 Ἡ
1041 5613 1299 5687 περιέχει
1321 5614 1705 5687 ποιήσασθαι
1737 5619 2069 5687 κελευσθῆ-

481 5683 712 5761 rat._l_ta
744 5681 1140 5761 coii:_Colbert.
1183 5681 1512 5753 Wolﬁanus,
1547 5681 2069 5761 προσαγορεύεικὲ-

482 5752 797 5823 λευσθῆναι.
828 5753 917 5808 W.

554 5821 681 5889 (l9)
709 5824 780 5877 ἸΙ
818 5821 1116 5893 παρθένος
1170 5823 1266 5893 γῆ.
1310 5825 1417 5880 Pro
1464 5827 1496 5898 ἡ
1543 5827 1762 5899 καθαρὰ
1803 5829 1898 5885 καὶ
1929 5833 2060 5902 ἀμι-
