4098 6400
351 363 419 424 57
1635 363 1951 424 ANNALH

2084 362 2232 424 LIB.
2282 363 2334 421 Ῑ.
3577 357 3646 418 58
3739 366 3744 368 ’

351 478 413 529 τὸ
445 475 707 542 πέλαγος.
741 473 901 543 Γηὼν
934 473 993 526 δὲ
1025 474 1274 528 καλεῖται
1299 477 1326 528 6
1349 474 1608 546 δεύτερος
1629 494 1642 506 ο
1691 477 1951 547 σημαίνει

2060 475 2130 528 ab
2182 473 2408 528 Oriente
2469 472 2765 542 prominet.
2828 472 2965 527 Eum
3032 471 3309 541 Iosephus
3361 471 3546 526 Nilum
3618 489 3648 526 a

353 569 407 621 δὲ
436 569 472 636 ἡ
499 565 696 634 κλῆσις
724 566 818 619 τὸν
847 565 960 619 ἀπὸ
1011 565 1110 636 τῆς
1151 566 1422 636 ἀνατολῆς
1470 568 1841 636 ὲκδιδόμενον,
1889 569 1950 622 ὃν

353 662 548 714 Νεῖλον
573 659 843 726 Ἰώσηπος
869 659 1023 727 λέγει
1046 660 1482 731 προσαγορεύειν
1508 661 1635 726 τοὺς
1656 656 1950 730 Ἕλληνας.

365 753 425 806 '0
459 752 505 807 δ’
536 753 631 806 ἐπὶ
661 751 827 805 τοῦτο
856 753 1054 824 Τίγρις
1095 755 1266 818 ἐστιν,
1289 753 1349 806 ὃν
1393 754 1489 808 καὶ
1517 753 1719 822 Διγλὰθ
1766 755 1954 808 καλεῖ-

356 845 482 898 σθαί
522 831 691 913 φησιν
721 844 751 896 6
796 845 985 908 αὐτὸς,
1023 845 1119 899 καὶ
1163 845 1224 898 τὸ
1263 848 1404 914 μετὰ
1460 847 1777 916 στενότητος
1857 846 1950 912 ὀξὺ

355 937 725 1007 ἐμφαίνεσθαι
776 937 854 1007 τῷ
902 936 1149 1007 ὀνόματι.
1205 937 1263 990 '0
1298 936 1355 990 δὲ
1411 937 1604 1000 λοιπὸς
1652 938 1952 1008 Εὐφράτης

355 1027 689 1098 ὲστίν·ῆτοι
740 1026 916 1096 φορὰ,
968 1027 1003 1098 ἦ
1048 1026 1256 1092 ἄνθος.
1332 1028 1366 1098 ἢ
1417 1026 1804 1096 σχεδασμός·
1856 1029 1951 1081 καὶ

353 1121 527 1188 ἄμφω
554 1119 613 1171 δὲ
641 1111 790 1172 οὗτοι
824 1120 906 1182 είς
935 1119 1034 1189 τὴν
1079 1117 1350 1190 Ἐρυθρὰν
1386 1118 1952 1173 είσϐἀλλουσιθὰλασ-

358 1228 482 1266 σαν.
529 1211 838 1282 Παρίστησι
889 1212 945 1264 δὲ
971 1210 1238 1282 τῷἈδὰμ
1271 1215 1298 1266 6
1325 1212 1458 1275 Θεὸς
1491 1212 1666 1265 πάντα
1694 1211 1763 1264 τὰ
1798 1210 1912 1276 ζῶα
1933 1227 1949 1244 ·

355 1308 382 1357 6
405 1305 464 1357 δὲ
495 1306 718 1376 ἑκάστῳ
749 1306 901 1374 γένει
946 1305 1128 1359 αὐτῶν
1151 1307 1393 1374 ὀνόματα
1422 1305 1630 1373 τίθησι.
1674 1305 1864 1369 Κτίζει
1890 1322 1950 1358 τε

355 1396 461 1466 τὴν
505 1399 749 1462 γυναῖκα
777 1396 888 1468 (29.)
914 1399 940 1449 ὁ
963 1396 1117 1460 Θεὸς,
1156 1396 1285 1466 μίαν
1327 1399 1437 1450 τῶν
1480 1397 1732 1468 πλευρῶν
1766 1397 1949 1449 λαϐὼν

355 1485 741 1549 ὑπνώτττιντος
802 1485 898 1540 τοῦ
960 1487 1157 1557 Ἀδὰμ,
1216 1487 1314 1541 καὶ
1372 1489 1728 1558 προσήγαγεν
1778 1487 1949 1558 αὐτὴν

352 1581 529 1650 αὐτῷ.
573 1580 632 1633 Ὀ
671 1579 728 1632 δὲ
783 1580 841 1646 ἐξ
895 1580 1094 1634 ἑαυτοῦ
1144 1581 1450 1651 γενομένην
1499 1580 1720 1649 ’ταύτην
1772 1579 1947 1648 ὲγνώ·

354 1691 502 1743 ρισε,
563 1673 656 1726 καὶ
701 1676 939 1740 γυναῖκα
986 1675 1267 1744 ὠνόμασε.
1320 1674 1448 1737 Τοῖς
1498 1673 1608 1746 γὰρ
1655 1673 1936 1744 Ἑϐραίοις

361 1763 515 1823 Εὺὲα
571 1764 824 1818 καλεῖται
873 1767 906 1836 ἡ
965 1765 1127 1836 γυνὴ,
1181 1765 1414 1836 κάκείνη
1469 1765 1583 1819 Εῦα
1635 1766 1944 1834 ώνόμαστο.

2057 565 2261 620 Gnecis
2323 565 2590 634 appellari
2654 565 2751 621 ait.
2795 565 2900 632 Qui
2973 566 3244 635 sequitur,
3298 563 3487 634 Tigris
3540 575 3645 629 est,

2056 674 2219 728 quem
2269 658 2567 728 Diglathun
2616 659 2881 728 appellari
2938 657 3084 712 idem
3139 666 3334 712 auctor
3367 658 3644 714 allirmat:

2057 768 2167 822 quo
2199 753 2468 807 vocabulo
2499 768 2719 806 acumen
2756 751 2869 806 sive
2923 752 3180 806 celeritas
3212 766 3342 805 cum
3379 751 3650 821 angustiis

2055 843 2415 914 signiﬁcatur.
2474 842 2579 908 Qui
2634 851 2806 897 restat
2856 843 3168 912 Euphrates
3206 852 3292 896 est
3339 859 3353 895 :
3397 842 3646 896 declarat

2053 947 2236 990 autem
2272 952 2334 991 ea
2368 952 2472 989 vox
2501 937 2618 990 sive
2663 937 2943 1003 impetum,
2996 937 3110 989 sive
3137 937 3346 1004 ﬂorem,
3387 934 3503 989 sive
3536 934 3648 987 dis-

2052 1027 2414 1095 sipationem:
2455 1027 2510 1080 hi
2557 1027 2719 1082 ambo
2766 1027 2820 1080 in
2868 1026 3204 1081 Erithrmum
3249 1041 3402 1080 mare
3446 1042 3635 1080 erum-

2053 1127 2213 1187 punt.
2253 1119 2400 1173 Deus
2441 1135 2610 1189 porro
2642 1119 2955 1174 animantes
2981 1136 3176 1175 omnes
3206 1129 3336 1174 ante
3365 1119 3647 1174 Adamum

2057 1210 2285 1276 statuit,
2335 1224 2396 1266 ut
2440 1211 2486 1265 is
2554 1211 2858 1281 unicuique
2920 1212 3109 1280 generi
3156 1228 3355 1266 nomen
3411 1212 3646 1266 inderct.

2054 1300 2320 1354 Praaterea
2347 1301 2636 1356 mulierem
2659 1302 2872 1364 condit,
2895 1312 3046 1356 costa
3079 1310 3301 1370 sumpta
3339 1301 3408 1355 ab
3435 1301 3647 1354 Adamo

2052 1391 2384 1455 dormiente,
2448 1403 2506 1448 et
2551 1409 2674 1448 eam
2731 1393 2962 1448 adducit
3017 1393 3117 1447 illi.
3173 1393 3224 1447 ls
3277 1409 3409 1447 vero
3465 1408 3534 1446 ex
3584 1408 3644 1446 se

2051 1483 2251 1538 factam
2311 1485 2580 1555 agnovit,
2638 1501 2703 1542 ac
2768 1487 3060 1542 mulierem
3129 1486 3458 1541 nominavit.
3511 1485 3646 1539 Nam

2049 1576 2220 1631 Evam
2260 1575 2476 1630 Hebraei
2520 1578 2811 1633 mulierem
2859 1588 3082 1642 vocant,
3116 1594 3226 1648 quo
3277 1577 3369 1632 il’la
3419 1578 3646 1632 nomine

2049 1669 2230 1724 fuerat
2285 1669 2589 1738 appellata.
2646 1670 2724 1726 Ac
2772 1671 2998 1740 utrique
3045 1671 3214 1724 vitam
3265 1671 3319 1723 in
3385 1670 3646 1739 paradiso

2049 1762 2262 1816 beatam
2286 1749 2539 1833 agebant,
2566 1764 2694 1817 nudi
2722 1764 3096 1833 simplicitate,
3157 1773 3214 1818 et
3263 1764 3373 1818 vita
3429 1763 3644 1818 fraudis

352 1853 465 1910 Ἦν
515 1857 617 1926 μὲν
674 1853 770 1911 οὖν
823 1833 1030 1929 ἀμφοῖν
1082 1833 1139 1912 έν
1185 1858 1260 1926 τῷ
1321 1833 1640 1931 παραδείσῳ
1700 1860 1947 1929 μακαρία

2056 1855 2158 1926 17
2187 1866 2437 1925 experte.
2474 1855 2628 1910 [lane
2681 1856 2895 1910 invidet
2925 1856 3006 1912 eis
3065 1871 3318 1925 serpens,
3353 1855 3440 1909 vel
3482 1855 3646 1909 draco

353 1951 634 2022 διαγωγὴ,
699 1957 931 2020 γυμνοῖς
998 1951 1120 2006 οὖσι
1181 1955 1248 2023 τῇ
1315 1952 1606 2023 ἁπλότητι,
1674 1955 1770 2006 καὶ
1831 1953 1944 2024 ζωῇ

348 2047 419 2115 τῇ
461 2043 696 2115 ἀτέχνῳ.
727 2044 1058 2098 Φθονοῦνται
1096 2045 1152 2098 δὲ
1182 2046 1334 2116 παρὰ
1369 2046 1462 2099 τοῦ
1491 2047 1693 2114 ὄφεως,
1740 2044 1936 2115 ἣμᾶλ-

353 2136 451 2190 λον
483 2139 638 2206 παρὰ
689 2139 785 2191 τοῦ
818 2137 1017 2209 νοητοῦ
1047 2137 1368 2208 δράκοντος.
1433 2140 1547 2194 Καὶ
1582 2139 1872 2210 πρόσεισιν
1919 2137 1947 2189 6

355 2229 488 2296 δφις
539 2231 607 2299 τῇ
641 2231 889 2297 γυναικὶ.
945 2229 1042 2283 καὶ
1094 2230 1457 2300 συμϐουλεύει
1500 2229 1806 2300 γεύσασθαι
1848 2230 1945 2284 τοῦ

353 2321 532 2390 φυτοῦ
558 2322 660 2391 τῆς
711 2324 1058 2392 φρονήσεως·
1097 2324 1406 2394 ὁμοφωνεῖν
1441 2323 1496 2376 δὲ
1531 2323 1656 2376 τότε
1699 2325 1863 2394 φησὶν
1920 2327 1948 2380 6

363 2413 636 2482 Ἰώσηπος
671 2414 740 2467 τὰ
803 2414 920 2477 ζῶα
973 2413 1214 2469 ἅπαντα.
1297 2415 1364 2467 Ἦ
1413 2415 1469 2469 δὲ
1530 2415 1805 2480 πείθεται,
1852 2417 1948 2470 καὶ

356 2504 660 2576 ἡδυνθεῖσα
684 2509 748 2577 τῇ
776 2505 1008 2576 βρώσει,
1042 2506 1223 2560 πείθει
1251 2509 1346 2561 καὶ
1370 2508 1464 2560 τὸν
1487 2508 1657 2580 ἄνδρα
1688 2509 1780 2562 τοῦ
1813 2527 1952 2581 καρ-

353 2596 464 2651 ποῦ
499 2600 818 2670 μετασχεῖν.
852 2599 962 2651 Καὶ
994 2598 1244 2667 ἔγνωσαν
1273 2601 1516 2670 γυμνοὺς
1567 2603 1818 2664 ἑαυτοὺς,
1855 2601 1949 2654 καὶ

353 2693 423 2742 ἐκ
455 2690 676 2759 φύλλων
725 2689 900 2760 συκῆς
956 2692 1224 2763 ἐποίησαν
1280 2693 1494 2756 ἑαυτοῖς
1564 2693 1946 2763 περιζώματα.

367 2783 746 2855 Ἐκρύπτοντό
775 2800 835 2836 τε
879 2783 968 2836 διὰ
995 2784 1096 2852 τὴν
1129 2783 1417 2854 γύμνωσιν
1469 2785 1580 2838 ἀπὸ
1615 2785 1707 2838 τοῦ
1736 2785 1874 2840 Θεοῦ
1923 2788 1951 2840 6

363 2874 544 2945 Ἀδάμ
566 2893 627 2928 τε
655 2877 752 2929 καὶ
779 2879 810 2947 ἡ
845 2877 1013 2948 γυνή·
1047 2877 1147 2930 καὶ
1186 2880 1213 2931 6
1243 2878 1377 2942 Θεὸς
1402 2879 1502 2950 τὴν
1525 2879 1707 2934 αἰτίαν
1737 2880 1948 2949 ἠρώτα,

350 2970 452 3021 καὶ
488 2969 518 3020 6
574 2969 750 3038 ’Μιὰμ
799 2969 900 3038 τῂν
948 2967 1233 3037 γύμνωσιν
1303 2970 1700 3040 προεϐάλλετο,
1740 2973 1837 3026 καὶ
1890 2973 1952 3026 τὸ

350 3061 593 3132 αἰτίαμα
632 3062 920 3132 προσῆπτε
961 3064 1026 3133 τῇ
1079 3064 1320 3130 γυναικί.
1375 3063 1442 3118 Ἦ
1490 3065 1534 3118 δ’
1569 3064 1951 3136 ἐξηπατῆσθαι

349 3152 512 3223 παρὰ
543 3150 639 3205 τοῦ
671 3152 852 3221 ὄφεως
916 3151 1120 3220 ἔλεγεν.
1175 3153 1232 3206 '0
1256 3155 1312 3208 δὲ
1342 3153 1474 3217 Θεὸς
1527 3155 1604 3225 τῷ
1641 3155 1762 3225 ὄφει
1813 3174 1946 3212 κατ·
1975 3185 2019 3249 C

348 3244 711 3313 ιρασάμενος
735 3244 1028 3316 πρότερον,
1045 3245 1226 3299 ποδῶν
1252 3263 1312 3299 τε
1337 3247 1501 3300 αὐτὸν
1530 3250 1828 3318 στερήσας,
1856 3251 1952 3303 καὶ

353 3337 460 3405 τὴν
509 3337 700 3407 φωνὴν
765 3336 1125 3407 ἀφελόμενος,
1169 3339 1309 3391 κατὰ
1360 3337 1452 3392 τὸν
1510 3338 1798 3410 Ἰώσηπον,
1858 3341 1955 3394 καὶ

355 3427 696 3483 ίλυσπᾶσθαι
747 3429 892 3482 κατὰ
929 3429 1033 3499 γῆς
1069 3431 1356 3497 ἐπιτάξας,
1391 3433 1487 3485 καὶ
1527 3432 1790 3504 πολέμιον
1815 3435 1954 3488 ἁπο-

352 3521 538 3590 φὴνας
576 3521 637 3573 τὸ
671 3520 898 3594 σπέρμα
923 3521 1034 3575 τῶν
1093 3524 1519 3594 ἀπατηθέντων,
1559 3526 1696 3596 πρὸς
1720 3525 1818 3598 τὴν
1853 3543 1955 3596 γυ.

352 3615 524 3666 ναῖκα
576 3613 872 3684 τρέπεται,
923 3614 1020 3668 καὶ¹
1061 3614 1138 3685 τῷ
1199 3615 1354 3687 ἀνδρὶ
1415 3617 1584 3688 αὐτὴν
1639 3619 1954 3690 ὑποχείριον

350 3705 564 3775 τίθησι,
597 3707 691 3759 καὶ
719 3709 840 3770 ταῖς
872 3709 929 3759 ὲν
965 3705 1043 3777 τῷ
1075 3707 1285 3762 τίκτειν
1315 3709 1504 3763 ὠδῖσιν
1533 3713 1784 3783 ἐπιτιμᾷ.
1821 3709 1953 3765 Εἶτα

353 3799 450 3852 καὶ
485 3797 576 3850 τὸν
605 3797 781 3869 ’Λδᾶμ
814 3799 1021 3868 ὑπάγει
1052 3801 1347 3872 ἐπιτιμίαν
1379 3802 1488 3856 τόδ’
1521 3799 1589 3875 ἦν
1631 3805 1666 3875 ἡ
1692 3804 1828 3872 πρὸς
1852 3805 1954 3872 τὴν

351 3890 480 3956 γῆν,
540 3890 597 3954 ἐξ
648 3887 716 3963 ἦς
750 3890 987 3962 ἐλήφθη.
1031 3893 1378 3966 ἀποστροφὴ,
1428 3895 1525 3950 καὶ
1554 3895 1614 3948 τὸ
1655 3897 1726 3951 ,ἐν
1768 3897 1955 3966 ἱδρῶτι

349 3981 446 4032 τὸν
482 3980 650 4051 ἄρτον
675 3982 902 4050 ἐσθίειν,
942 3983 1040 4036 καὶ
1074 3983 1136 4037 τὸ
1165 3984 1266 4055 τὴν
1292 3984 1398 4054 γῆν
1431 3985 1678 4051 ἀκάνθας
1707 3990 1802 4042 καὶ
1835 4005 1958 4060 τρι-

2048 1946 2270 2014 potius,
2320 1946 2417 2016 qui
2486 1963 2584 2016 per
2633 1956 2953 2017 serpentem
3009 1947 3364 2017 intelligitur.
3420 1947 3652 2002 Accedit

2049 2053 2301 2107 serpens,
2339 2040 2395 2104 lit
2429 2049 2632 2095 auctor
2662 2042 2886 2096 mulieri
2939 2043 3194 2112 gustandi
3239 2043 3306 2096 de
3339 2041 3539 2096 arbore
3565 2057 3646 2096 διι-

2049 2131 2271 2200 pientiae
2304 2132 2576 2204 (eamdem
2619 2144 2805 2188 autem
2860 2142 2975 2187 tum
3031 2134 3201 2188 fuisse
3261 2148 3453 2188 vocem
3489 2131 3649 2188 Jose-

2048 2225 2192 2296 phus
2219 2227 2384 2280 tradit
2402 2227 2650 2282 omnium
2675 2227 3062 2298 animantium)
3091 2244 3106 2292 ;
3129 2228 3216 2281 illa
3239 2235 3415 2298 paret,
3438 2241 3654 2296 esuque

2051 2315 2326 2373 delectata
2360 2319 2560 2373 marito
2599 2321 2764 2374 etiam
2813 2320 3115 2390 persuadet
3147 2327 3206 2373 ut
3248 2319 3466 2374 fruetus
3493 2327 3646 2372 esset

2050 2412 2345 2481 particeps.
2398 2413 2524 2466 Mox
2586 2413 2842 2467 nuditate
2899 2428 2998 2468 sua
3065 2414 3268 2480 agnita,
3328 2428 3359 2467 e
3430 2411 3657 2465 ﬁculnis

2051 2503 2200 2558 foliis
2244 2502 2466 2574 cingula
2523 2504 2631 2558 sibi
2682 2504 2886 2569 fecere,
2938 2519 3109 2573 seque
3149 2520 3178 2556 a
3222 2511 3523 2572 conspectu
3552 2500 3649 2555 Dei

2051 2596 2376 2650 subducunt
2405 2596 2579 2650 Adam
2611 2605 2668 2651 et
2701 2597 2924 2658 mulier.
2954 2597 3124 2666 Cujus
3153 2596 3232 2649 rei
3260 2611 3484 2650 causam
3532 2595 3647 2649 Deo

2053 2697 2440 2761 percontante,
2492 2690 2736 2743 Adamus
2792 2687 3101 2743 nuditatem
3145 2697 3392 2750 excusat,
3438 2699 3493 2743 et
3527 2688 3646 2742 cul-

2053 2798 2179 2852 pam
2211 2782 2265 2837 in
2319 2783 2612 2836 mulierem
2657 2781 2940 2836 transfert.
2987 2781 3110 2836 llaec
3151 2797 3286 2836 vero
3315 2798 3344 2836 a
3388 2792 3648 2852 serpente

2053 2891 2113 2931 se
2160 2875 2455 2947 deceptam
2534 2876 2815 2945 queritur.
2891 2876 3038 2930 Deus
3093 2885 3276 2929 autem
3329 2885 3646 2944 serpentem

2057 2968 2212 3039 prius
2266 2977 2612 3031 exsecratus,
2650 2968 2928 3038 privatum
2981 2967 3240 3038 pedibus,
3278 2966 3650 3036 ademptaque

2057 3079 2216 3130 voce,
2269 3072 2333 3118 et
2385 3062 2543 3116 humi
2601 3061 2843 3116 volutari
2887 3062 3126 3133 jussum,
3180 3061 3394 3115 hostem
3454 3075 3649 3115 eorum

2055 3155 2324 3218 declarat,
2373 3170 2514 3225 quos
2555 3155 2867 3225 decepisset
2915 3173 2928 3208 :
2962 3170 3026 3210 ae
3079 3154 3145 3208 ad
3187 3154 3478 3208 mulierem
3512 3169 3648 3207 con-

2050 3264 2266 3314 versus,
2321 3248 2520 3302 marito
2576 3263 2695 3302 eam
2757 3247 2938 3303 reddit
2996 3247 3315 3311 obnoxiam,
3347 3258 3403 3302 et
3448 3257 3642 3317 partus

2052 3341 2342 3397 doloribus
2375 3341 2592 3395 multat.
2640 3339 2850 3394 Deinde
2877 3339 2997 3393 viro
3026 3339 3193 3394 etiam
3242 3354 3461 3408 pmnam
3496 3340 3641 3393 irro—

2051 3444 2145 3506 gat
2190 3433 2542 3506 huiusmodi,
2601 3440 2748 3487 utet
2781 3431 2836 3484 in
2888 3439 3127 3496 terram,
3181 3430 3330 3485 unde
3389 3438 3650 3500 sumptus

2054 3538 2222 3593 esset,
2246 3535 2628 3582 reverteretur
2656 3544 2668 3578 :
2694 3535 2750 3580 et
2778 3527 2832 3578 in
2859 3523 3062 3578 sudore
3091 3538 3231 3600 pane
3261 3539 3360 3578 suo
3386 3538 3644 3578 vescere-
3713 3548 3719 3556 -

2055 3630 2173 3688 tur,
2203 3628 2260 3676 et
2292 3631 2440 3674 terra
2470 3617 2659 3688 Spinas
2685 3627 2741 3672 et
2798 3616 3037 3670 tribulos
3073 3614 3123 3669 ei
3153 3615 3424 3684 gigneret.
3456 3613 3648 3683 Itaque

2055 3712 2312 3785 paradiso
2359 3711 2514 3782 ejicit
2559 3709 2813 3780 pelliceis
2856 3707 3199 3786 indumentis
3252 3707 3506 3772 amictos,
3551 3722 3652 3776 per

2055 3821 2179 3877 quae
2219 3804 2462 3861 crassior
2508 3817 2637 3857 caro
2674 3801 2927 3856 fortassis
2962 3810 3020 3855 et
3064 3800 3314 3854 mortalis
3362 3815 3426 3854 ac
3471 3798 3649 3853 refra-

2055 3901 2229 3956 ctaria
2280 3899 2636 3971 intelligitur.
2691 3899 2832 3953 Hine
2871 3899 3151 3954 laboriosa
3183 3897 3346 3953 nobis
3391 3906 3448 3952 et
3483 3898 3650 3970 plena

2058 3991 2315 4046 dolorum
2342 3991 2457 4046 vita
2487 3991 2723 4056 exstitit,
2751 3999 2807 4046 et
2835 3990 2902 4046 ad
2933 3991 3066 4046 vitia
3095 3991 3416 4062 propensio.

355 4076 555 4140 ϐόλους
583 4078 900 4132 ἀνατέλλειν
933 4078 1106 4152 αύτῷ.
1149 4080 1261 4134 Καὶ
1289 4082 1591 4152 μετοικίζει
1618 4084 1819 4150 αὐτοὺς
1885 4086 1952 4140 ὲκ
2026 4086 2120 4140 τοῦ
2161 4087 2526 4155 παραδείσου,
2605 4087 2908 4156 δερμάτινα
2975 4087 3162 4149 αὐτοῖς
3208 4085 3456 4156 περιθεὶς
3505 4084 3657 4137 ἐνδύ-

354 4187 531 4239 ματα,
571 4171 701 4233 ῖσως
725 4169 825 4242 τὴν
853 4171 1167 4242 παχυτέραν
1202 4171 1407 4241 σάρκα,
1447 4175 1540 4228 καὶ
1597 4175 1820 4249 θνητὴν,
1857 4177 1953 4231 καὶ
1993 4176 2308 4234 ἀντίτυπον.
2341 4177 2628 4232 Ἐντεῦθεν
2686 4179 2818 4248 ἡμῖν
2858 4178 2892 4248 ἡ
2926 4176 3177 4247 μοχθηρὰ
3207 4177 3300 4230 καὶ
3372 4175 3650 4238 ἐπώδυνος

352 4263 495 4333 ζωὴ,
530 4265 626 4316 καὶ
653 4263 715 4316 τὸ
748 4262 886 4335 πρὸς
913 4265 1115 4318 κακίαν
1135 4265 1438 4322 εὐόλισθον.

425 4359 777 4419 Γ’..Γίνονται
819 4361 1003 4416 τοίνυν
1037 4364 1226 4428 παῖδες
1265 4365 1470 4432 αὐτοῖς,
1519 4360 1595 4421 ὦν
1651 4368 1794 4422 Κάῖν
1845 4368 1946 4441 μὲν

2124 4367 2219 4424 ΙΙΙ.
2281 4365 2516 4422 Liberos
2581 4365 2747 4436 igitur
2803 4364 3132 4434 suscipiunt,
3187 4379 3424 4434 quorum
3486 4367 3644 4435 prior

351 4459 381 4507 ὁ
423 4455 696 4528 πρότερος
727 4451 796 4525 ἦν
857 4452 1106 4525 (κτῆσιν
1167 4459 1426 4528 σημαίνει
1486 4459 1546 4514 τὸ
1580 4460 1796 4533 ὄνομα),
1862 4463 1946 4516 ὅτι

355 4550 668 4619 ἐκτήσαντο
713 4547 1019 4618 ἄνθρωπον.
1065 4548 1237 4604 Ἀϐελ
1295 4549 1340 4603 δ’
1395 4552 1424 4604 6
1471 4550 1750 4622 δεύτερος·
1802 4553 1954 4624 δηλοῖ

351 4642 410 4695 δὲ
451 4640 684 4707 πένθος
723 4642 758 4710 ἡ
793 4641 1010 4712 κλῆσις,
1074 4641 1297 4697 ἔσεσθαι
1343 4642 1453 4715 γὰρ
1503 4645 1690 4709 αὐτοῖς
1752 4646 1952 4711 πένθος

351 4736 552 4807 ἔμελλε
580 4735 651 4788 δι’
692 4734 879 4791 αὐτόν.
911 4736 1022 4788 Καὶ
1051 4736 1080 4788 6
1116 4737 1218 4806 μὲν
1250 4736 1416 4791 Ἀϐελ
1448 4738 1650 4809 νομεὺς
1707 4734 1776 4810 ἦν
1835 4757 1955 4792 ποι-

358 4828 554 4898 μνίου,
592 4826 694 4879 καὶ
720 4825 926 4897 ἀρετῆς
949 4827 1274 4897 ἐπεμέλετο.
1321 4827 1380 4882 '0
1408 4829 1467 4884 δὲ
1507 4829 1648 4884 Κάῖν
1679 4827 1951 4902 ἐγεώργει

349 4921 453 4990 τὴν
485 4919 620 4990 γῆν,
653 4919 1026 4990 πονηρότατος
1069 4918 1165 4975 ὢν.
1196 4918 1369 4985 Δόξαν
1396 4920 1452 4975 δὲ
1472 4923 1660 4986 αὐτοῖς
1693 4923 1954 4994 ἀπαρχὰς

2057 4461 2268 4518 Cainus
2318 4459 2737 4532 (acquisitioneni
2772 4457 2877 4512 hoc
2906 4456 3220 4529 signiﬁcat),
3273 4457 3424 4528 quod
3474 4458 3656 4512 homi-

2065 4573 2194 4613 nem
2226 4556 2630 4627 acquisissent;
2667 4555 2944 4624 posterior
2974 4554 3181 4609 Abelus
3220 4552 3444 4625 (luctum
3495 4563 3653 4608 notat

2064 4651 2396 4706 vocabulum
2429 4667 2442 4704 :
2473 4665 2597 4704 nam
2625 4660 2848 4719 pr0pter
2869 4653 2995 4702 eu‘m
3019 4647 3073 4701 in
3107 4648 3258 4702 luctu
3285 4647 3455 4701 futuri
3474 4653 3654 4707 erant)

2060 4741 2371 4812 appellatus
2404 4749 2506 4797 est.
2543 4742 2621 4796 Ac
2644 4740 2852 4794 Abelus
2878 4737 3101 4808 quidem
3130 4747 3253 4792 erat
3291 4737 3482 4807 Opilio.
3537 4737 3652 4789 vir.-

2065 4834 2310 4903 tutisque
2342 4833 2661 4888 studiosus:
2692 4831 2899 4888 Caiuus
2929 4841 3114 4885 autem
3149 4840 3356 4884 terram
3409 4829 3650 4891 colebat,

2064 4925 2230 4980 homo
2253 4924 2716 4996 improbissimus.
2751 4923 2926 4978 Porro
2955 4937 3081 4976 cum
3134 4921 3216 4975 eis
3255 4920 3433 4976 visum
3505 4931 3653 4974 esset

351 5017 420 5067 ὲκ
447 5015 562 5067 τῶν
592 5013 743 5066 ίδίων
773 5011 952 5066 πόνων
975 5016 1355 5084 προσαγαγεῖν
1367 5013 1444 5083 τῷ
1461 5014 1646 5087 Θεῷ,ὀ
1677 5015 1773 5086 μὲν
1792 5015 1951 5069 ’Δϐελ

2065 5016 2338 5088 primitias
2391 5015 2647 5077 laborum
2708 5031 2938 5070 suorum
3001 5013 3203 5068 offerre
3259 5013 3392 5079 Deo,
3444 5012 3652 5067 Abelus

351 5103 428 5158 τὰ
453 5104 695 5175 κρείττω
719 5103 831 5156 τῶν
856 5103 1226 5175 πρωτοτόκων
1273 5108 1371 5159 καὶ
1400 5105 1736 5177 θρεμμάτων
1792 5123 1962 5178 προσ-

2068 5109 2454 5180 praestantiora
2478 5125 2546 5164 ex
2590 5107 2976 5179 primogenitis
3021 5107 3204 5177 gregis
3239 5106 3426 5164 offert.
3475 5104 3652 5158 Caino

353 5198 590 5285 ἠνεγκε,
616 5196 760 5252 Κάῖν
775 5196 832 5252 δὲ
855 5197 923 5252 τὰ
942 5196 1179 5268 τυχόντα
1206 5197 1578 5278 προσηγηόχει
1593 5198 1704 5253 τῶν
1724 5200 1824 5271 τῆς
1862 5200 1951 5271 γῆς

2068 5199 2190 5256 sine
2227 5201 2447 5258 delectu
2504 5201 2574 5256 de
2615 5209 2775 5256 terra:
2827 5199 3104 5259 fructibus
3163 5199 3454 5254 offerente.
3512 5197 3649 5261 Cum

1571 5341 1773 5403 Variaa
1809 5341 2121 5406 lectiones
2156 5350 2218 5407 et
2250 5349 2446 5406 noue.

354 5468 644 5523 θάλασσαν
675 5464 730 5519 in
767 5472 975 5519 textum
1004 5463 1362 5528 immisimus,
1387 5478 1455 5518 ex
1491 5465 1616 5520 cod.
1648 5466 1952 5521 Viennensi

353 5553 414 5594 et
439 5555 506 5594 ex
533 5537 756 5591 duobus
779 5536 969 5606 Regiis
992 5543 1049 5606 et
1077 5533 1394 5606 Colberteo.
1433 5534 1524 5606 Sic
1551 5547 1734 5590 autem
1767 5536 1956 5591 edide-

355 5623 444 5665 rat
477 5607 713 5664 Wolfius
743 5625 758 5680 ς
787 5604 1363 5680 [Γὴνᾉῖίνδικὴν-διιὼν
1397 5604 1603 5680 χώραν,
1640 5610 1734 5660 καὶ
1767 5608 1950 5680 πᾶσαν

2054 5604 2220 5672 ἐστὶν,
2247 5610 2368 5680 ἦτοι
2402 5608 2568 5680 φορὰ,

2045 5681 2129 5742 είς
2150 5680 2248 5748 τὴν
2269 5675 2555 5748 ’Ἐρυθρὰν
2590 5677 2935 5748 είσϐἀλλουσι
2970 5675 3276 5748 θάλασσαν.

353 5686 458 5749 τὴν
487 5675 867 5750 γῆικυκλῶνζ
901 5676 1125 5750 Εὐῦιέτ·
1177 5675 1267 5750 Τῷ
1320 5677 1383 5750 δὲ
1423 5675 1666 5750 δευτέρῳ
1713 5679 1950 5750 ﬂorenti:

357 5743 510 5805 Γέὼν
537 5743 782 5817 τοῦνομα
801 5763 816 5778 ο
843 5747 996 5814 δηλοῖ
1024 5746 1080 5799 δὲ
1109 5743 1271 5817 τοῦτο
1298 5746 1458 5800 πολύ.
1495 5743 1690 5809 Νεῖλος
1714 5748 1760 5800 δ’
1787 5743 1946 5813 οὗτος

2055 5467 2156 5538 τὴν
2197 5469 2302 5538 γῆν
2341 5465 2634 5520 Αἰθιοπίαν
2659 5485 2674 5499 ο
2711 5465 2858 5538 ὈΛδέ
2887 5482 2950 5538 γε
2994 5463 3182 5538 τρίτος
3223 5462 3417 5538 Τίγρις
3456 5464 3650 5538 ὲπονοτ

2057 5532 2313 5606 μᾶζεται,
2351 5539 2636 5591 τουτέστιν
2675 5536 2861 5607 ἠχῶν,
2893 5534 2952 5588 '0
2999 5534 3056 5587 δὲ
3113 5532 3304 5607 λοιπὸς
3350 5533 3650 5607 Εύφρατηςε

2605 5603 2774 5676 ἤγουν
2807 5605 3056 5676 κίνησιςξ
3093 5605 3189 5657 καὶ
3213 5605 3380 5673 ἄμφω
3408 5603 3464 5657 δὲ
3496 5605 3658 5676 οὑτοι

2115 5744 2228 5820 (ἓὲ)
2263 5744 2557 5804 Γυναῖκα.
2592 5750 2666 5803 lta
2697 5747 2833 5820 Reg.
2865 5747 3004 5803 alter
3039 5747 3161 5803 cod.
3191 5745 3497 5802 Wolﬁanus
3535 5744 3638 5815 76,-.

356 5827 470 5885 τοῖς
498 5809 732 5890 Ἕλλησι
776 5809 1072 5889 κέκληται⁶
1111 5809 1265 5884 οὗτός
1315 5820 1462 5874 ἐστιν
1508 5819 1727 5878 κυκλῶν
1759 5809 1940 5873 πᾶσαὺ
2040 5809 2213 5879 ναίον.
