4098 6392
504 386 574 449 5)
1776 386 2104 446 JUANNIS
2139 385 2464 444 ΖΟΝΑΗῈ
3695 377 3767 440 60

501 509 682 553 autem
715 499 863 554 Deus
896 497 1049 553 Abeli
1094 513 1345 566 munera,
1393 498 1550 554 Caini
1599 499 1882 556 oblatione
1925 517 2091 570 repu-

2199 501 2448 569 καρπῶν·
2469 501 2564 550 καὶ
2587 498 2886 566 προσέσχεν
2905 495 3073 558 ὁΘεος
3098 496 3206 557 τοῖς
3235 492 3326 547 τοῦ
3354 493 3517 546 Ι’Λϐελ
3545 493 3574 546 δ
3594 493 3766 566 ῦροις,

501 591 672 656 diata,
706 600 1069 660 acceptasset,
1109 592 1154 645 is
1178 592 1330 645 illum
1363 591 1467 646 sibi
1508 593 1793 662 praelatum
1836 609 1978 664 aegre
2013 594 2090 648 lc-

501 698 652 748 rens,
677 683 922 738 occidit:
960 693 1016 739 et
1050 685 1185 740 diris
1216 686 1492 756 obligatus
1523 701 1550 738 a
1578 687 1688 740 Deo
1727 686 1792 741 ad
1821 688 2087 756 gemitum

499 781 558 827 et
617 782 916 829 tremorem
950 776 1375 839 condemnatur,
1433 786 1490 830 et
1543 793 1573 830 a
1618 788 1920 848 conspectu
1992 779 2086 834 Dei

497 865 730 935 eiectus.
760 867 976 922 interra
1009 868 1145 922 Naid
1181 869 1414 934 habitat,
1467 872 1653 942 ibique
1693 873 1900 927 liberos
1957 889 2090 942 pro-

500 967 676 1012 creat.
736 958 838 1014 llic
891 975 1182 1016 mensuras
1223 973 1278 1017 et
1340 964 1582 1032 pondera
1637 966 1992 1034 excogitavit,
2034 972 2090 1020 ct

502 1053 715 1118 primus
729 1067 891 1122 agros
916 1053 1188 1108 limitibus
1212 1055 1485 1115 distinxit.
1512 1059 1772 1128 magister
1791 1058 2085 1122 scelerum,

499 1153 669 1212 atque
705 1145 898 1199 urbem
951 1146 1019 1201 de
1061 1147 1283 1202 nomine
1333 1150 1684 1219 primogeniti
1743 1150 1828 1204 sui
1892 1150 2087 1204 Enossi

499 1237 773 1296 condidit.
802 1241 997 1294 Enossi
1028 1243 1176 1298 ﬁlius
1208 1243 1312 1296 luit
1350 1243 1582 1308 Gaidad,
1610 1245 1704 1314 qui
1746 1245 2087 1300 Maleleelem

501 1329 724 1396 genuit,
750 1329 990 1387 Maleleel
1011 1333 1362 1388 Matlinsalem
1390 1352 1404 1388 :
1436 1352 1546 1406 quo
1569 1348 1730 1392 natus
1756 1335 2086 1405 Lamechns,

503 1430 534 1472 e
561 1419 778 1476 duabus
809 1424 1075 1478 uxoribus
1117 1425 1260 1481 ﬁlios
1302 1428 1547 1498 suscepit
1604 1445 1808 1492 Lxxvn,
1849 1446 2086 1499 quorum

497 1510 691 1567 Juabel
721 1516 1091 1572 armentarius
1114 1517 1236 1583 fuit,
1266 1529 1425 1589 pastu
1459 1521 1564 1591 18
1591 1525 1776 1576 ovium
1801 1525 2082 1594 gaudens;

498 1602 658 1658 Jubal
696 1609 960 1661 musicam
996 1611 1348 1680 excogitavit,
1373 1622 1430 1667 et
1465 1615 1734 1668 citharam
1768 1632 1832 1670 ac
1883 1617 2087 1687 psalte-

498 1698 642 1750 rium
680 1701 989 1769 COIIlpOs'llll.
1027 1719 1042 1769 ;
1074 1702 1288 1759 Tbobcl
1347 1705 1471 1760 Sela
1524 1716 1710 1771 natus,
1752 1707 1909 1763 faber
1960 1709 2086 1775 iuit,

497 1788 645 1841 for-ro
677 1798 732 1843 et
754 1805 860 1846 (ere
890 1792 1178 1849 tractando
1202 1807 1525 1865 occupatus.
1561 1799 1774 1853 Adamo
1803 1800 2088 1868 postAbe-

502 1881 572 1931 lis
612 1881 897 1936 'nteritum
933 1899 1108 1940 annos
1138 1895 1269 1941 nato
1299 1904 1466 1942 ccxxx
1502 1887 1644 1944 alius
1677 1901 1840 1946 natus
1877 1901 1962 1946 est
2020 1891 2084 1945 ﬁ-

499 1972 626 2037 lius,
653 1990 817 2042 quem
855 1974 1086 2031 Setinum
1113 1980 1427 2050 appellavit.
1460 1979 1608 2036 Obiit
1659 1981 1922 2050 Adamus,
1957 2000 2083 2038 cum

498 2081 676 2118 annos
701 2067 927 2122 vixisset
987 2085 1148 2126 ncccc
1176 2083 1232 2126 et
1267 2088 1395 2126 xxx.
1447 2072 1651 2128 Sethus
1683 2090 1858 2130 annos
1880 2093 1913 2129 ν
1946 2086 2000 2131 et
2025 2093 2087 2132 cc

501 2157 692 2224 g--nuit
727 2159 1018 2215 Enossnm.
1056 2163 1154 2218 llic
1203 2164 1417 2233 primus
1479 2181 1650 2221 ausus
1693 2175 1777 2220 est
1827 2167 2086 2223 invocare

501 2265 699 2304 nomen
732 2252 946 2307 Domini
979 2254 1099 2322 Dei,
1148 2265 1205 2310 et
1253 2257 1426 2312 Deum
1459 2258 1735 2328 appellare
1767 2259 2084 2318 Dominum.

496 2342 701 2399 Sethus
721 2361 844 2400 cum
867 2362 1044 2404 annos
1083 2365 1246 2404 ncccc
1271 2359 1327 2405 et
1354 2367 1427 2405 xn
1469 2353 1827 2422 explevisset,
1856 2353 2084 2421 defecit,

501 2436 629 2490 liiiis
653 2446 708 2491 et
739 2437 954 2495 ﬁliabus
990 2442 1218 2498 relictis.
1250 2442 1351 2498 llic
1379 2445 1640 2501 virtutem
1675 2447 1870 2510 coluit,
1908 2447 2084 2502 idem-

497 2543 606 2594 que
630 2529 876 2584 studium
908 2534 1147 2603 posteris
1178 2536 1296 2591 suis
1344 2537 1590 2599 tradidit,
1635 2538 1728 2608 qui
1773 2537 2084 2594 doctrinam

496 2636 682 2674 rerum
708 2624 1012 2679 cmlestiuin
1049 2641 1078 2679 a
1111 2641 1168 2682 se
1205 2629 1505 2693 inventam,
1529 2629 1745 2685 duabus
1783 2633 2082 2699 columnis,

494 2712 651 2765 alteri
680 2715 927 2781 lapidem,
957 2717 1117 2770 alteri
1145 2733 1210 2772 ex
1240 2718 1412 2773 latere
1432 2721 1618 2774 coctili
1653 2720 2084 2792 inscripserunt:

498 2805 646 2872 quod
681 2806 923 2863 Adamus
952 2810 1306 2880 pnedixcrat.
1351 2814 1768 2869 universitatem
1807 2830 1992 2869 rerum
2031 2827 2087 2870 et

497 2895 606 2958 igni
635 2905 691 2950 et
720 2913 862 2966 aqua
893 2901 1214 2970 perituram.
1255 2903 1464 2959 Enosso
1508 2914 1672 2960 natus
1721 2916 1805 2960 est
1850 2905 2082 2971 Cainan,

497 2990 705 3058 :i‘ii-iuc
744 2991 838 3045 ﬁiii
866 3003 921 3047 et
973 2994 1117 3048 ﬁliae.
1152 2995 1404 3051 Mortuus
1431 3006 1537 3061 est,
1569 3014 1694 3052 cum
1726 2999 1958 3054 vixisset
1990 3015 2086 3054 an-

499 3097 600 3134 nos
619 3100 648 3136 v
677 3094 732 3137 et
753 3100 938 3140 ncccc.
957 3086 1204 3142 Cainano
1221 3090 1326 3154 orti
1357 3100 1484 3145 sunt
1505 3090 1772 3158 Meleleel,
1798 3092 2086 3163 aliiqueli-

2194 594 2259 663 τῇ
2294 591 2349 644 δὲ
2376 592 2472 643 τοῦ
2511 591 2648 643 Κὲιῖν
2687 591 2746 641 οῦ
2774 588 3050 659 προσέσχε
3080 588 3440 657 προσαγωγῇ.
3459 585 3518 638 Ὅ
3557 586 3615 639 δέ
3643 587 3773 656 φθο⁸

2192 688 2362 756 νήσας
2380 684 2474 739 ἐπὶ
2491 688 2556 756 τῇ
2577 685 2933 755 προτιμήσει,
2960 683 3163 736 κτείνει
3185 681 3366 745 αὐτὸν,
3389 681 3485 735 καὶ⁵
3504 681 3777 753 ἐπάρατος

2192 779 2412 848 γίνεται
2439 778 2518 849 τῷ
2557 778 2701 848 Θεῷ,
2749 775 2847 830 καὶ
2887 775 3094 828 στένειν
3140 773 3234 828 καὶ
3278 775 3506 844 τρέμειν
3550 775 3779 828 καταδε-

2190 871 2466 924 δίκασται.
2503 867 2828 939 Ἐκϐληθεὶς
2862 866 2918 919 δέ
2972 865 3082 919 ἀπὸ
3135 863 3434 935 προσώπου
3464 863 3560 917 τοῦ
3615 864 3772 931 Θεοῦ,

2191 965 2252 1016 ἐν
2315 967 2385 1036 γῇ
2435 962 2573 1017 Ναῖδ
2633 961 2873 1034 ᾡκησεν,
2937 959 3068 1012 ἔνθα
3131 959 3227 1012 καὶ
3264 959 3460 1021 παῖδας
3504 959 3774 1024 ἐγείνατο.

2193 1051 2362 1120 Οὗτος
2395 1055 2572 1127 μέτρα
2599 1074 2658 1109 τε
2695 1056 2791 1108 καὶ
2829 1055 3069 1126 στάθμια
3095 1054 3380 1122 ἐπενόησε.
3417 1053 3525 1106 Καὶ
3559 1051 3776 1123 πρῶτος

2192 1151 2353 1222 ὅρους
2392 1151 2634 1222 ἐπήξατο
2669 1150 2780 1223 (‘23)
2813 1150 2938 1220 γῆς,
2974 1149 3242 1220 πονηρίας
3275 1145 3597 1216 καθηγητὴς
3639 1162 3775 1215 χρη-

2195 1242 2504 1313 ματισθείς.
2564 1244 2675 1296 Καὶ
2733 1243 2890 1296 πόλιν
2941 1243 3022 1305 εἰς
3073 1241 3242 1309 ὅνομα
3293 1238 3387 1291 τοῦ
3427 1237 3774 1307 πρωτοτόκου

2191 1339 2310 1390 υἱοῦ
2359 1337 2528 1392 αὐτοῦ
2574 1336 2722 1400 Ενὼς
2753 1336 3124 1407 ᾠκοδόμησεν·
3183 1335 3300 1396 υίὸς
3359 1331 3415 1386 δέ
3445 1329 3540 1384 τοῦ
3609 1328 3776 1391 Ἐνώς

2191 1429 2410 1494 Γαῖδέιδ,
2451 1431 2568 1493 υίὸς
2624 1431 2680 1483 δέ
2714 1429 2906 1484 τούτου
2964 1426 3271 1496 Μαλελεήλ,
3319 1424 3416 1478 τοῦ
3450 1425 3505 1477 δέ
3559 1422 3778 1477 Μαθου-

2191 1523 2353 1582 σάλα.
2391 1514 2451 1572 οῦ
2503 1522 2694 1590 Λάμεχ
2727 1521 2863 1582 υἱός.
2902 1511 3075 1582 Οὗτος
3133 1517 3226 1571 δύο
3278 1518 3546 1586 γυναῖκας
3597 1513 3777 1583 ἐαυτῷ

2194 1615 2567 1684 συναρμόσας,
2605 1614 2767 1666 Ἀδὰν
2821 1613 2915 1666 καὶ
2975 1611 3165 1669 Σελὰν.
3201 1608 3400 1671 παῖδας
3463 1608 3521 1674 ἐξ
3575 1608 3779 1676 ἀμφοῖν

2192 1709 2348 1776 ἔσχεν
2382 1707 2757 1776 ἐϐδομήκοντα
2807 1707 2902 1760 καὶ
2934 1705 3102 1758 ἑπτά·
3135 1695 3211 1755 ὧν
3267 1701 3488 1756 Ἰωαϐἐλ
3518 1700 3615 1770 μὲν
3645 1716 3780 1767 κτη-

2191 1799 2457 1869 νοτρόφος
2488 1795 2581 1870 ἦν,
2619 1800 2716 1851 καὶ
2759 1797 3095 1870 προϐατείαν
3129 1793 3445 1866 ἠγάπησεν·
3480 1793 3691 1846 Ἰουϐἁλ
3721 1793 3783 1844 δέ

2189 1891 2483 1959 Μουσικὴν
2534 1889 2826 1960 ἐπενόησε,
2851 1889 2942 1942 καὶ
2977 1888 3214 1958 κιθάραν
3239 1886 3646 1956 ἐμηχανήσατο,
3686 1883 3784 1936 καὶ

2188 1978 2514 2048 ψαλτήριον.
2549 1979 2723 2033 Θόϐελ
2754 1980 2812 2034 δέ
2866 1979 3106 2048 γεγονὼς
3161 1981 3226 2032 ἐκ
3289 1977 3481 2040 Σελᾶς,
3527 1975 3783 2044 σιδηρεὺς

2189 2067 2288 2144 ἦν,
2325 2073 2566 2144 ἐργάτης
2600 2074 2826 2144 σιδήρου
2852 2089 2911 2125 τε
2941 2073 3036 2127 καὶ
3081 2070 3308 2142 χαλκοῦ.
3373 2069 3465 2138 Τῷ
3521 2068 3576 2122 δέ
3605 2066 3785 2136 Ἀδὰμ

2192 2169 2334 2234 μετὰ
2361 2165 2595 2220 θάνατον
2627 2165 2794 2220 Ἅϐελ
2846 2165 3140 2220 διακοσίων
3197 2163 3495 2232 τριάκοντα
3535 2160 3789 2230 γεγονότι

2189 2259 2352 2324 ἐτῶν,
2394 2261 2583 2331 ἕτερος
2627 2259 2896 2332 ἐγεννήθη
2943 2259 3079 2324 υἱὸς,
3119 2259 3179 2312 ὃν
3213 2259 3442 2311 ἐκάλεσε
3505 2253 3639 2324 Σήθ.
3679 2253 3792 2306 Τέ-

2190 2350 2358 2420 θνηκε
2380 2351 2435 2405 δὲ
2475 2354 2502 2404 ὁ
2538 2353 2731 2421 Ἀδὰμ,
2764 2353 2862 2424 ἐτη
2923 2353 3099 2425 ζήσας
3135 2351 3428 2406 ἐννακόσια
3484 2349 3580 2402 καὶ
3634 2345 3794 2418 τριά-

2190 2458 2369 2496 κοντα.
2407 2444 2516 2515 Σήθ
2540 2444 2594 2497 δὲ
2640 2445 2939 2515 γενόμενος
2982 2445 3120 2499 ἐτῶν
3152 2445 3315 2498 πέντε
3351 2442 3444 2496 καὶ
3471 2439 3789 2502 διακοσίων,

2187 2532 2447 2601 ἐγέννησε
2479 2534 2568 2586 τὸν
2591 2534 2785 2598 Ἑνὼς,
2819 2535 2883 2598 ὃς
2907 2536 3124 2605 πρῶτος
3155 2535 3386 2606 ἤλπισεν
3405 2528 3790 2587 ἐπικοιλεῖσθαι

2185 2627 2248 2678 τὸ
2281 2627 2453 2696 ὄνομα
2485 2627 2690 2697 Κυρίου
2718 2626 2814 2680 τοῦ
2861 2627 3021 2693 Θεοῦ,
3073 2629 3166 2681 τόν
3229 2643 3298 2680 τε·
3347 2625 3481 2678 θεὸν
3518 2639 3793 2695 προσαγο-

2191 2719 2389 2790 ρεῦσαι
2422 2721 2514 2773 τὸν
2544 2721 2775 2791 Κύριον.
2835 2720 3058 2773 Δώδεκα
3089 2721 3144 2773 δέ
3209 2721 3303 2774 καὶ
3334 2718 3627 2772 ἐννακόσια
3687 2715 3789 2786 ἑτη

2187 2814 2256 2867 τὰ
2307 2817 2482 2867 πάντα
2534 2815 2714 2886 ζήσας
2761 2814 2895 2884 Σὴθ,
2955 2815 3051 2867 καὶ
3117 2815 3270 2878 υίοῦς
3323 2813 3420 2866 καὶ
3477 2809 3793 2879 θυγατέρας

2188 2906 2383 2973 λιπὼν,
2415 2906 2652 2972 ἐξέλιπε
2693 2909 2748 2971 ὃς
2775 2909 2980 2979 ἀρετὴν
3023 2908 3236 2978 μετῄει,
3270 2907 3367 2960 καὶ
3397 2903 3792 2975 μιμητάςτοῦς

2188 2997 2490 3066 ἀπογόνους
2524 2997 2863 3067 κατέλειψεν,
2881 2999 2930 3052 οἳ
2966 2999 3158 3066 σοφίαν
3192 2997 3289 3068 τὴν
3317 2997 3446 3064 περὶ
3473 2996 3541 3048 τὰ
3561 2993 3795 3065 οὐράνια

2189 3090 2548 3160 κατενόησανο
2585 3093 2680 3144 καὶ
2712 3092 2937 3161 στήλαις
2971 3092 3115 3158 δυσὶ,
3157 3093 3224 3162 τῇ
3271 3089 3370 3159 μὲν
3403 3091 3467 3142 ἐκ
3507 3087 3682 3147 λίθου,
3718 3087 3788 3156 τῇ

500 3174 638 3229 beri.
667 3175 834 3238 Obiit,
858 3192 982 3232 cum
1014 3180 1238 3235 vixisset
1259 3199 1432 3238 annos
1451 3199 1606 3239 ucccc
1628 3192 1684 3239 et
1707 3201 1758 3242 κ.
1792 3185 2086 3241 Meleleelis

2196 3184 2255 3236 δέ
2309 3185 2374 3236 ἐκ
2417 3183 2644 3237 πλίνθου
2713 3183 2889 3253 ὀπτῆς
2936 3184 3356 3252 πεποιημέναις,
3406 3181 3474 3234 τὰ
3511 3180 3795 3249 εὑρημένα

503 3267 649 3320 tilius
677 3265 989 3332 t'uit-lared,
1022 3278 1078 3324 et
1107 3271 1201 3326 alii
1239 3288 1253 3325 :
1289 3273 1398 3326 vita
1435 3275 1672 3328 excessit
1710 3289 1856 3330 anno
1907 3276 2084 3332 aetatis

500 3374 754 3414 ucccxcv.
794 3358 958 3415 Jared
1027 3372 1182 3432 pater
1237 3362 1507 3430 l‘lenochi,
1558 3373 1614 3420 et
1669 3379 1868 3436 prater
1920 3367 2089 3434 hunc,

501 3451 758 3512 aliorum.
817 3453 1114 3510 defunctus
1161 3464 1265 3522 est,
1303 3472 1430 3511 cum
1481 3457 1710 3513 vixisset
1741 3474 1918 3514 annos
1981 3475 2093 3514 int

503 3558 672 3611 supra
701 3560 884 3600 ncccc.
927 3545 1170 3602 llenoclii
1214 3548 1360 3603 ﬁlius
1387 3548 1490 3603 fuit
1525 3549 1848 3619 Malliusala,
1884 3559 1940 3606 et
1977 3551 2092 3606 alii.

502 3637 778 3707 Acceptus
806 3649 988 3694 autem
1015 3641 1118 3695 fuit
1147 3640 1444 3697 llenoclius
1483 3643 1738 3708 Domino,
1775 3653 1829 3697 et
1858 3644 2096 3697 transla-

507 3739 619 3792 tus,
653 3745 755 3785 nec
783 3743 1059 3802 repertus,
1083 3751 1259 3790 annos
1286 3745 1450 3790 natus
1500 3752 1723 3792 ccccxv.
1776 3735 2098 3790 Mathusalae

507 3819 652 3873 titius
673 3820 986 3878 Lamechus
1018 3824 1142 3888 fuit,
1174 3835 1229 3878 et
1281 3825 1396 3880 alii.
1446 3826 1678 3880 Moritur
1722 3842 1869 3880 anno
1920 3827 2096 3881 artatis

503 3927 815 3966 vccchxix.
849 3914 1126 3972 Lainecho
1157 3927 1321 3973 natus
1349 3928 1433 3973 est
1461 3919 1590 3974 Noe.
1621 3919 1931 3974 Lamccbus
1962 3934 2096 3975 vero

507 4015 757 4058 mortuus
798 4016 901 4073 est,
937 4011 1173 4080 expletis
1203 4013 1366 4065 annis
1391 4028 1606 4067 DCCLlII.

2187 3274 2514 3344 ἐνέγραψαν,
2533 3274 2622 3328 ἴνα
2644 3274 2868 3337 καὶτοῖς
2891 3273 3192 3344 μετέπειτα
3217 3270 3795 3337 σώζωνται.”Εσεσθαι

2186 3364 2300 3435 γάρ
2345 3365 2661 3434 ἀφανισμὸν
2697 3363 2792 3417 τοῦ
2827 3365 3058 3429 παντὸς,
3091 3363 3269 3434 Ἀδὰμ
3313 3366 3666 3434 προειρήκει,
3728 3364 3797 3416 ἐκ

2189 3457 2360 3527 πυρός
2395 3475 2454 3511 τε
2505 3459 2600 3511 καὶ
2629 3457 2842 3521 ὕδατος.
2864 3457 2959 3522 Ἐξ
2985 3457 3154 3521 Ἐνὼς
3185 3457 3241 3511 δὲ
3276 3456 3468 3527 ἐτέχθη
3505 3458 3534 3510 ὁ
3562 3458 3795 3530 Κοιῖνεὶιν9

2191 3549 2343 3604 ἄλλοι
2379 3566 2437 3602 τε
2497 3550 2604 3602 υἱοὶ
2643 3549 2738 3602 καὶ
2785 3547 3208 3618 θυγοιτέρεςριαλ⁸
3229 3549 3498 3603 ἀπέθανεν
3517 3547 3608 3616 ἐτη
3627 3549 3800 3614 ζήσας

2192 3642 2356 3694 πέντε
2387 3642 2479 3694 καὶ
2503 3642 2818 3697 ἐννακόσια.
2856 3641 2953 3694 Ἐκ
2984 3641 3041 3694 δέ
3071 3642 3282 3694 Καϊνὰν
3322 3640 3486 3710 ἐξέφυ
3515 3638 3798 3708 Μελεῖεὴλ

2198 3735 2294 3788 καὶ
2348 3734 2532 3804 ἕτεροι
2565 3735 2774 3797 παῖδες,
2817 3733 2914 3786 καὶ
2935 3734 3168 3804 τέθνηκε
3195 3731 3369 3804 ζήσας
3405 3732 3638 3804 ἀριθμὸν
3659 3732 3800 3784 ἐτῶν

2208 3828 2540 3883 ἐννακοσίων
2593 3830 2688 3882 καὶ
2718 3828 2874 3882 δέκα.
2915 3829 3054 3892 Παῖς
3107 3828 3165 3882 δέ
3202 3826 3484 3897 Μελελεὴλ
3540 3827 3569 3878 ὁ
3598 3825 3799 3895 Ἰάρεδ,

2204 3923 2298 3974 καὶ
2327 3921 2528 3991 ἕτεροι,
2561 3921 2616 3984 ὂς
2669 3921 2940 3974 κατέλυσε
2981 3921 3082 3992 τὴν
3109 3921 3256 3986 ζωὴν
3291 3918 3379 3973 ἐπ’
3415 3918 3595 3972 ἐτεσιν
3624 3919 3788 3970 ὀκτα-

2197 4013 2401 4075 κοσίοις
2433 4013 2526 4064 καὶ
2554 4013 2718 4065 πέντε
2747 4011 2884 4082 πρὸς
2915 4013 3268 4082 ἐνενήκοντα.
3312 4009 3489 4080 Ἰάρεδ
3519 4009 3572 4062 δὲ
3611 4009 3800 4078 πατὴρ

493 4099 600 4151 ’τοῦ
650 4099 848 4172 Ἑνὼχ,
902 4104 996 4157 καὶ
1061 4106 1270 4162 παίδων
1331 4107 1424 4160 ἐπὶ
1487 4107 1662 4178 τούτῳ
1711 4106 1940 4178 ἐτέρων,
1999 4106 2096 4159 καὶ
2134 4103 2364 4174 τέθνηκε
2441 4105 2646 4176 βιώσας
2695 4104 2788 4176 ἐτη
2833 4105 3130 4159 ἐννακόσια
3183 4105 3281 4158 καὶ
3348 4104 3616 4175 ἐξήκοντα
3661 4103 3803 4169 πρὸς

505 4190 658 4248 δυσίν
694 4210 710 4226 ·
752 4195 867 4259 υἱὸς
920 4197 977 4250 δέ
1027 4199 1122 4252 τοῦ
1188 4198 1365 4271 Ἐνὼχ
1417 4199 1755 4254 Μαθουσάλα
1811 4205 1907 4254 καὶ
1961 4198 2163 4269 ἕτεροι.
2208 4198 2562 4269 Εὐηρέστησε
2610 4199 2668 4251 δὲ
2719 4196 2892 4268 Ἑνὼχ
2956 4197 3034 4268 τῷ
3075 4197 3288 4269 Κυρίῳ,
3349 4197 3444 4250 καλ⁸
3503 4195 3799 4267 μετετέθη,

509 4291 600 4344 καὶ
649 4294 746 4363 οὐχ
782 4294 1095 4364 εὑρίσκετο,
1138 4296 1277 4349 ἐτῶν
1317 4295 1562 4365 γεγονὼς
1632 4295 1968 4368 τριακοσίων
2034 4294 2304 4364 ἐξήκοντα
2365 4294 2462 4348 καλ
2528 4297 2716 4348 πέντε.
2761 4295 2899 4356 Παῖς
2935 4294 2993 4347 δέ
3041 4293 3135 4347 τοῦ
3185 4291 3518 4348 Μαθουσάλα
3577 4291 3797 4361 Λάμεχ.

511 4386 604 4438 καὶ
629 4385 828 4455 ἕτεροι,
863 4389 959 4440 καὶ
1010 4389 1234 4458 θνήσκει
1291 4388 1462 4458 ζήσας
1497 4389 1592 4458 ἐτη
1638 4389 1927 4441 ἐννακόσια
1999 4389 2268 4457 ἐξήκοντα
2303 4389 2398 4440 καὶ
2437 4389 2616 4441 ἐννέα.
2647 4386 2772 4440 Νῶε
2844 4387 2890 4442 δ’
2923 4386 3124 4457 ἐτέχθη
3159 4385 3237 4455 τῷ
3260 4387 3480 4456 Λάμεχ,
3547 4385 3644 4437 καὶ
3706 4385 3800 4436 τέ·

509 4481 675 4551 ονηκε
707 4483 903 4552 Λάμεχ
940 4485 1245 4537 ἑπτακόσια
1264 4482 1436 4554 ζήσας
1461 4485 1580 4552 έτη,
1622 4486 1719 4538 καὶ
1758 4488 2100 4554 πεντήκοντα
2141 4485 2277 4553 πρὸς
2303 4488 2417 4548 τοῖς
2443 4484 2614 4555 τρισί.

582 4577 672 4631 IV.
706 4578 837 4632 Nom
870 4589 982 4632 tres
1013 4581 1124 4634 nati
1157 4589 1286 4635 sunt
1323 4581 1446 4646 ﬁlii,
1479 4580 1700 4644 Senius,
1729 4579 2091 4644 ChamusJa-

2282 4587 2358 4634 Δ’.
2385 4582 2478 4652 Τῷ
2521 4581 2578 4634 δέ
2605 4579 2730 4633 Νῶε
2773 4582 2923 4651 τρεῖς
2955 4579 3209 4648 ἐγένοντο
3240 4578 3448 4644 παῖδες,
3476 4578 3615 4650 Σήμ,
3647 4578 3800 4650 Χάμ,

511 4668 733 4738 pbctus.
759 4669 880 4722 Filii
921 4686 1088 4739 porro
1114 4671 1235 4738 Dei,
1269 4672 1583 4741 conspectis
1646 4672 1870 4727 ﬁliabus
1921 4671 2102 4726 homi-

514 4776 671 4825 num,
699 4776 794 4815 eas
825 4778 1026 4817 uxores
1051 4763 1350 4819 duxerunt.
1386 4765 1554 4820 Vocat
1583 4774 1767 4819 autem
1819 4763 1914 4818 Dei
1963 4764 2107 4819 ﬁlios

514 4851 821 4923 Scriptura,
856 4855 1010 4909 Setlii
1039 4866 1310 4925 posteros,
1358 4857 1429 4912 ob
1483 4858 1726 4912 studium
1788 4867 1844 4912 et
1894 4857 2106 4912 cultum

514 4945 737 5001 virtutis
779 4966 792 5001 :
831 4965 940 5019 quo
986 4961 1146 5018 pacto
1199 4952 1368 5007 etiam
1426 4953 1570 5008 ﬁlios
1625 4951 1894 5007 Altissimi
1944 4960 2108 5007 vocat

513 5053 631 5103 eos,
665 5041 755 5109 qui
785 5051 913 5096 sunt
943 5046 1145 5098 virtute
1175 5045 1416 5115 praediti.
1454 5045 1752 5100 Hominum
1791 5060 1923 5099 vero
1957 5043 2112 5098 ﬁlias

516 5130 782 5198 nominat,
821 5133 1086 5190 oriundas
1110 5150 1179 5190 ex
1223 5135 1377 5192 Caini
1426 5139 1772 5208 posteritate.
1815 5135 2107 5208 Josephus

515 5231 698 5276 autent
758 5224 855 5287 ait,
897 5226 1122 5296 angelos
1159 5229 1442 5298 accepisse
1493 5231 1631 5284 ﬁlias
1673 5229 1983 5294 hominum,
2038 5241 2106 5280 eo

516 5315 597 5369 sic
621 5318 862 5386 (opinor)
898 5330 1143 5386 vocatos,
1185 5322 1330 5391 quod
1356 5323 1638 5392 placerent
1673 5323 1806 5386 Deo,
1843 5323 2106 5376 illorum-

517 5424 623 5476 que
655 5410 776 5465 vitae
819 5413 1088 5467 rationem
1141 5415 1558 5470 aemularentur.
1618 5416 1965 5486 Multiplicati
1998 5418 2103 5474 ho-

2213 4673 2423 4743 'lé;s0.
2457 4675 2686 4737 Ἰδόντες
2721 4674 2777 4726 δέ
2811 4675 2861 4727 οι
2890 4674 2996 4726 υἱοὶ
3019 4672 3113 4725 τοῦ
3173 4672 3311 4726 Θεοῦ
3340 4671 3438 4735 τὰς
3493 4671 3804 4740 θυγατέρας

2212 4767 2322 4821 τῶν
2359 4767 2686 4836 ἀνθρώπων,
2719 4766 2914 4820 ἔλαϐον
2948 4767 3165 4830 ἑαυτοῖς
3196 4768 3484 4834 γυναῖκας·
3529 4765 3682 4827 υἱοὺς
3744 4765 3805 4818 δὲ

2217 4859 2310 4914 τοῦ
2342 4859 2479 4914 Θεοῦ
2516 4863 2735 4931 φησινή
2764 4859 2981 4931 Γραφὴ,
3004 4861 3134 4922 τοῦς
3181 4859 3491 4927 ἀπογόνους
3537 4858 3633 4910 τοῦ
3667 4858 3801 4929 Σὴθ,

2215 4955 2291 5017 ὠς
2319 4953 2518 5024 ἀρετὴν
2558 4953 2864 5021 μετιόντας,
2903 4951 3043 5005 καθὸ
3076 4951 3171 5005 καὶ
3199 4951 3352 5013 υἱοὺς
3392 4950 3651 5020 Ὑψίστου
3678 4967 3805 5013 ἰο-,ις

2211 5045 2506 5116 ἐναρέτους
2523 5045 2698 5098 καλεῖ.
2726 5044 3047 5116 Θυγατέρας
3092 5045 3148 5096 δέ
3172 5045 3280 5097 τῶν
3306 5043 3616 5115 ἀνθρώπων
3645 5045 3804 5111 φησὶ,

2214 5137 2312 5198 τὰς
2339 5137 2404 5190 ἐκ
2429 5136 2538 5189 τῶν
2591 5135 2685 5189 τοῦ
2738 5135 2880 5190 Κάῖν
2937 5136 3223 5204 ἀπογόνων
3279 5137 3691 5206 καταγομένας.
3743 5137 3805 5187 ’0

2213 5229 2271 5283 δέ
2307 5229 2578 5298 Ἰώσηπος
2638 5226 2913 5296 ἀγγέλους
2985 5227 3136 5296 λέγει
3179 5228 3278 5290 τὰς
3339 5229 3648 5296 θυγατέρας
3695 5228 3805 5280 τῶν

2214 5319 2520 5392 ἀνθρώπων
2556 5319 2767 5385 λαϐεῖν,
2803 5319 2945 5373 οὕτω
2965 5319 3224 5388 καλέσας,
3259 5315 3436 5390 οἶμαι,
3475 5321 3694 5385 αὐτοὺς,
3731 5321 3806 5382 ὡς

2215 5411 2654 5486 εὐαρεστοῦντας
2713 5412 2858 5484 Θεῷ,
2917 5414 3015 5467 καὶ
3064 5413 3166 5484 τὴν
3227 5413 3454 5466 ἐκείνων
3526 5413 3804 5465 πολιτείαν

1703 5562 1903 5623 Variae
1946 5561 2251 5625 lectiones
2284 5567 2345 5624 et
2391 5565 2584 5623 notae.

591 5689 1093 5765 (2‘5)_'l§:tsrjdncrs.
1118 5693 1212 5746 καὶ
1238 5693 1467 5761 πρῶτος
1490 5693 1667 5762 ὅρους
1696 5695 1983 5765 ἐπήξατο.
2013 5697 2061 5752 Α
2079 5729 2102 5740 -

522 5774 607 5814 ter
628 5761 748 5813 cod.
777 5762 881 5815 hoc
907 5762 1027 5815 loco
1055 5766 1280 5818 mutilus
1310 5765 1423 5819 haec
1447 5765 1710 5819 duntaxat
1739 5761 1936 5820 habet:
1973 5767 2101 5820 Ἐτ-

524 5831 735 5901 ενόηοε.
769 5832 956 5902 Τούτῳ
985 5836 1237 5900 γεννᾶται
1277 5839 1406 5898 παῖς
1445 5833 1632 5900 Ἐνώς.
1675 5832 1842 5904 Ἤξοῦ
1873 5838 2089 5904 Fati/316,

2202 5699 2296 5765 ἀφ’
2325 5691 2388 5752 οὗ
2414 5695 2703 5766 Μαλελεήλ
2725 5712 2736 5726 ·
2766 5696 2844 5765 τῷ
2875 5695 2930 5750 δέ
2959 5692 3296 5751 Μαθουσάλα
3324 5691 3577 5744 τίκτεται,
3604 5687 3802 5757 Λαμέῖ

2203 5771 2338 5834 υἱός.
2380 5773 2574 5832 Οοτος,
2601 5776 2712 5824 etc.
2747 5767 2836 5823 W.
