4098 6406
377 388 442 451 li
1648 395 1965 455 ANNALII

2095 396 2242 456 LIB.
2289 395 2337 456 Ι.
3578 393 3650 458 62

376 505 832 578 ἐπιτηδεύοντας.
863 505 1276 577 Πληθυνθέντες
1308 507 1365 562 δὲ
1399 509 1448 561 οἱ
1497 507 1801 580 ἄνθρωποι,
1831 511 1965 580 πρὸς

2075 510 2271 572 mines,
2299 508 2367 563 ad
2393 506 2798 578 improbitatem
2829 505 3195 571 deﬂexernnt,
3234 520 3297 561 ac
3319 505 3522 563 liberos
3551 527 3650 580 ge—

376 601 582 654 κακίαν
613 599 943 654 ἀπέκλιναν
974 596 1057 663 οἷς
1074 601 1167 653 καὶ
1196 601 1386 662 παῖδες
1411 602 1659 667 ἐγένοντο
1683 602 1960 670 ὑϐρισταὶ,

379 694 474 744 καὶ
513 691 836 756 ἀτάσθαλοι,
873 689 962 743 διὰ
993 690 1090 760 τὴν
1123 693 1181 744 ἐν
1243 692 1312 760 τῇ
1346 689 1572 759 δυνάμει
1610 690 1958 759 πεποίθησιν.

379 779 476 844 Οἷς
506 782 568 834 τὸ
605 783 766 834 Θεῖον
795 779 1166 849 προσώχθισε,
1213 781 1310 834 καὶ
1345 781 1406 832 τὸ
1441 779 1739 850 μακρόϐιον
1768 781 1960 834 ὑπετέ-

334 880 342 888 ’
383 893 538 944 μετο,
575 874 778 928 ἑκατὸν
829 879 925 927 καὶ
953 877 1158 926 εἴκοσιν
1190 873 1340 926 ἔτεσι
1377 873 1476 944 τὴν
1505 873 1617 925 τῶν
1653 873 1964 943 ἀνθρώπων

380 965 732 1034 περιγράψας
751 964 917 1034 ζωήν.
940 965 1060 1017 Νῶε
1078 957 1204 1034 εὗρε
1234 964 1395 1034 χάριν
1415 965 1660 1017 ἐναντίον
1689 963 1782 1016 τοῦ
1803 963 1962 1016 Θεοῦ.

380 1060 472 1110 Διὸ
502 1059 598 1110 καὶ
650 1060 732 1120 είς
783 1057 1061 1110 θάλασσαν
1092 1057 1192 1126 τῆς
1247 1058 1478 1126 ἠπείρου
1525 1055 1963 1125 μεταϐληθείσης

379 1153 448 1205 δι’
482 1151 795 1221 ἐπομϐρίας
821 1149 1174 1220 πολυημέρου
1199 1166 1259 1201 τε
1289 1150 1384 1202 καὶ
1417 1149 1674 1220 σφοδρᾶς,
1716 1149 1826 1201 πᾶν
1861 1149 1962 1218 μὲν

376 1249 443 1299 τὸ
496 1244 848 1315 ἀνθρώπινον
884 1243 1368 1314 φθείρεταιγένος.
1402 1241 1525 1294 Νῶε
1571 1243 1627 1295 δὲ
1662 1243 1820 1312 μόνος
1853 1241 1954 1294 σώι

377 1343 534 1406 ζεται
559 1337 875 1409 προμηθείᾳ
904 1336 1063 1399 Θεοῦ,
1091 1335 1276 1407 ξυλίνῃ
1311 1336 1567 1405 λάρνακι,
1603 1337 1668 1406 ἦν
1687 1337 1964 1406 τετράγωο

376 1452 472 1486 νον
511 1431 908 1494 κατεσκεύασε,
955 1431 1132 1500 μῆκος
1180 1431 1277 1499 μὲν
1305 1429 1536 1500 ἔχουσαν
1553 1431 1774 1500 πήχεων
1809 1447 1965 1499 τρια-

375 1525 602 1588 κοσίων,
642 1523 704 1576 τὸ
762 1523 820 1576 δὲ
872 1523 1075 1586 πλάτος
1134 1524 1496 1592 πεντήκοντα,
1533 1524 1629 1576 καὶ
1678 1523 1740 1576 τὸ
1798 1522 1962 1593 βάθος

375 1618 701 1686 τριάκοντα.
744 1617 836 1670 Ἑν
868 1611 904 1686 ἦ
935 1617 1096 1678 αὐτός
1127 1634 1186 1668 τε
1219 1616 1312 1668 καὶ
1343 1617 1391 1668 oi
1434 1617 1626 1679 παῖδες
1658 1619 1754 1669 σὺν
1788 1615 1960 1686 αὐτῷ,

375 1708 715 1778 ἐμϐέϐηκεν,
773 1707 870 1760 καὶ
898 1708 932 1776 ἡ
967 1709 1172 1776 μήτηρ,
1232 1707 1328 1759 καὶ
1367 1708 1423 1760 αί
1459 1709 1722 1775 γυναῖκες
1756 1707 1960 1769 αὐτῶν,

378 1800 677 1870 σπέρματά
721 1815 781 1851 τε
810 1800 1041 1850 παντοῖα
1064 1798 1372 1868 ἐνθέμενος,
1423 1799 1518 1851 καὶ
1583 1797 1697 1861 ζῶα
1757 1798 1962 1864 ὁμοίως

376 1895 442 1944 ἐκ
472 1891 664 1959 γένους
692 1891 917 1950 παντός,
958 1890 1090 1961 πρὸς
1124 1891 1456 1963 διατήρησιν
1495 1893 1604 1946 τῶν
1663 1893 1838 1962 γενῶν
1866 1895 1963 1948 αὐ-

374 1983 508 2047 τῶν,
543 1981 646 2035 ἀνὰ
663 1980 756 2034 δύο
794 1980 892 2048 μὲν
920 1982 1030 2034 τῶν
1070 1981 1144 2050 μὴ
1183 1979 1468 2050 καθαρῶν,
1501 1981 1643 2033 ἑπτὰ
1673 1981 1718 2032 δ’
1749 1981 1808 2046 ἐξ
1831 1982 1964 2034 ἑκά·-

378 2090 507 2125 στου
545 2072 738 2140 γένους
761 2071 870 2124 τῶν
897 2070 1178 2140 καθαρῶν.
1211 2071 1449 2133 Δέκατος
1486 2071 1532 2125 δ’
1558 2065 1626 2141 ἦν
1662 2071 1689 2122 ὁ
1717 2071 1840 2123 Νῶε
1901 2073 1968 2124 ἐκ

372 2165 473 2217 τοῦ
509 2164 686 2230 Ἀδὰμ
713 2162 1152 2235 ἀριθμούμενος,
1186 2163 1280 2215 καὶ
1335 2163 1474 2233 μετὰ
1507 2162 1726 2234 χιλιάδα
1771 2163 1966 2234 διπλὴν

374 2257 519 2310 ἐτῶν
549 2258 692 2329 πρὸς
746 2256 1048 2320 διακοσίοις
1076 2257 1494 2328 τεσσαράκοντα
1544 2258 1639 2310 καὶ
1675 2257 1768 2310 δύο
1805 2258 1966 2328 μέχρι

376 2353 476 2405 καὶ
518 2351 686 2404 αὑτοῦ
728 2351 820 2404 τοῦ
882 2351 1294 2421 κατακλυσμοῦ.
1339 2352 1696 2419 Ἀνοιγέντων
1754 2352 1810 2404 δὲ
1858 2351 1966 2404 τῶν

377 2441 747 2508 καταρακτῶν
789 2439 886 2492 τοῦ
918 2439 1154 2508 οὐρανοῦ
1185 2441 1401 2510 ἡμέρας
1423 2441 1842 2511 τεσσαράκοντα
1873 2442 1967 2493 καὶ

378 2531 610 2592 νύκτας.
646 2532 705 2582 τὸ
760 2530 906 2601 ὕδωρ
962 2532 1056 2584 ἐπὶ
1117 2532 1313 2601 πήχεις
1380 2532 1780 2586 πεντεκαίδεκα
1823 2531 1968 2602 ὀρῶν

377 2623 719 2693 ὑψηλότερον
749 2625 970 2692 γέγονε.
1022 2621 1300 2694 Λήξαντος
1325 2623 1380 2676 δέ
1417 2641 1480 2692 γε
1512 2623 1604 2677 τοῦ
1626 2622 1812 2688 ὑετοῦ,
1872 2623 1968 2676 καὶ

377 2717 473 2769 τοῦ
507 2715 699 2776 ὕδατος
741 2715 1138 2784 ἐλαττουμένου
1188 2713 1308 2784 μεθ’
1343 2713 1557 2785 ἡμέρας
1615 2716 1812 2768 ἑκατὸν
1863 2716 1960 2767 καὶ

380 2811 751 2874 πεντήκοντα,
776 2809 808 2877 ἡ
845 2807 1056 2875 λάρναξ
1084 2806 1203 2878 ὄρει
1234 2807 1342 2860 τινὶ
1373 2807 1472 2876 τῆς
1499 2806 1800 2876 ’Δρμενίας
1830 2823 1968 2876 προ-

382 2901 636 2962 οῶκειλε,
686 2901 832 2954 κατὰ
893 2901 988 2952 τὸν
1030 2899 1180 2970 μῆνα
1230 2901 1321 2952 τὸν
1371 2900 1622 2970 ἕϐδομον.
1681 2901 1812 2953 Ὅτε
1875 2902 1968 2954 καὶ

381 2993 604 3058 ανοίξας
636 2993 663 3044 ὁ
698 2992 847 3055 Νῶε,
883 2990 1111 3062 μεθίησι
1145 2992 1379 3064 κόρακα’
1409 2992 1438 3044 ὁ
1459 2991 1516 3044 δὲ
1539 2992 1640 3045 οὐκ
1671 2991 1964 3062 ἐπανῆλθε.

382 3088 495 3140 Καὶ
526 3085 646 3154 μεθ’
679 3086 895 3154 ἡμέρας
930 3085 1112 3154 ἀφῆκε
1145 3084 1502 3156 περιστερὰν,
1560 3085 1594 3156 ἢ
1632 3084 1794 3138 πάλιν
1834 3085 1968 3138 ὑπέ-

2068 615 2240 654 nuere
2295 599 2548 669 injurios,
2575 608 2630 654 et
2661 614 2726 653 ex
2778 598 2976 652 li-Jucia
3025 598 3223 651 virium
3275 600 3598 655 temerarios
3629 619 3648 657 :

2066 696 2270 764 quibus
2299 696 2442 749 Deus
2473 693 2738 757 offensus,
2765 694 2930 749 etiam
2961 693 3364 763 longaevitatem
3401 696 3650 762 sustulit,

2066 789 2177 841 vita
2214 786 2498 841 hominum
2534 797 2756 842 centum
2795 785 2987 855 viginti
3013 787 3178 838 annis
3206 785 3647 856 circumscripta.

2063 879 2180 934 Noe
2205 894 2336 934 vero
2358 878 2634 948 gratiosus
2658 879 2760 934 fuit
2789 878 2931 948 apud
2956 879 3147 931 Deum.
3173 877 3278 946 19
3297 877 3488 945 Itaque
3513 893 3649 932 con-

2069 973 2280 1026 tinente
2312 972 2369 1025 in
2402 987 2551 1026 mare
2583 971 2885 1026 vehemens
2935 980 2990 1024 et
3036 970 3362 1024 diuturnum
3405 985 3654 1024 commuv

2067 1074 2199 1126 tata,
2228 1079 2390 1118 omne
2413 1064 2714 1116 humanum
2747 1077 2922 1131 genus
2965 1061 3172 1115 interit.
3201 1060 3317 1114 Noe
3365 1061 3516 1114 solus
3559 1059 3648 1112 di-

2065 1157 2194 1209 vina
2239 1154 2593 1209 Providentia
2647 1170 2773 1208 arca
2823 1155 3001 1224 lignea
3041 1161 3420 1213 conservatur.
3483 1166 3649 1220 quam

2064 1246 2496 1316 quadrangulam
2547 1243 2853 1307 fabrefecit,
2925 1242 3273 1312 longitudine
3358 1241 3650 1296 cubitnum

2065 1353 2180 1402 ccc,
2215 1337 2505 1392 latitudine
2538 1352 2590 1398 ι,
2629 1335 2917 1390 altitudine
2959 1350 3087 1388 xxx.
3142 1335 3272 1386 Eam
3328 1331 3654 1386 conscendit

2064 1429 2186 1500 ipse
2207 1444 2329 1483 cum
2364 1427 2512 1495 filiis,
2553 1436 2608 1482 et
2641 1436 2838 1492 mater,
2873 1441 3185 1495 uxoresque
3215 1440 3406 1479 eorum
3434 1441 3450 1478 :
3477 1439 3542 1477 ac
3572 1437 3657 1476 se—

2067 1521 2308 1576 minibus
2341 1520 2509 1576 variis
2554 1519 2849 1590 impositis,
2898 1527 2953 1574 et
2997 1515 3330 1571 animalibus
3381 1515 3654 1585 cujusque

2064 1615 2301 1683 generis,
2333 1612 2400 1666 ad
2429 1628 2630 1682 genera
2669 1626 2862 1666 eorum
2887 1609 3287 1674 conservanda,
3339 1607 3486 1662 binis
3541 1607 3648 1660 im-

2065 1706 2418 1767 mundorum,
2457 1712 2514 1758 et
2547 1703 2791 1772 septenis
2851 1701 3081 1771 paribus
3132 1699 3493 1754 mundorum.
3534 1697 3650 1753 Noe

2065 1798 2135 1852 ab
2195 1795 2402 1851 Adamo
2435 1795 2683 1850 decimus
2735 1803 3082 1856 numeratur,
3158 1792 3320 1847 annis
3403 1805 3653 1846 unccxut

2068 1890 2270 1960 elapsis
2302 1903 2474 1959 usque
2501 1888 2568 1942 ad
2603 1887 2896 1941 diluvium.
2928 1886 3152 1954 Apertis
3179 1893 3360 1938 autem
3394 1882 3520 1938 cmli
3558 1897 3650 1936 ca-

2072 1982 2295 2037 taractis
2325 1981 2390 2036 ad
2417 1980 2538 2035 dies
2569 1996 2634 2034 tu.
2667 1978 3008 2048 totidemque
3034 1986 3247 2044 noctes,
3278 1992 3418 2046 aqua
3451 1991 3519 2028 xv
3555 1989 3653 2029 cu-

2069 2075 2201 2129 bitis
2241 2072 2512 2128 montium
2567 2070 2962 2126 altissimorum
3017 2068 3303 2124 cacumina
3348 2067 3650 2136 superavit.

2067 2167 2204 2222 Cum
2232 2167 2418 2236 pluvia
2440 2164 2715 2227 desiisset,
2750 2173 2806 2217 et
2839 2177 2981 2231 aqua
3021 2168 3146 2231 post
3173 2159 3293 2215 dies
3332 2174 3396 2213 οι.
3435 2157 3650 2211 minue-

2069 2270 2224 2314 retur
2259 2276 2272 2313 :
2313 2274 2440 2313 arca
2485 2258 2550 2312 ad
2573 2257 2866 2326 quemdam
2890 2255 3165 2309 Armenia;
3208 2260 3453 2307 montem
3482 2250 3654 2318 septi-

2071 2370 2160 2408 mo
2192 2369 2378 2408 mense
2415 2353 2705 2422 applicuit.
2751 2351 2866 2406 Noe
2900 2365 3028 2404 vero
3073 2364 3297 2403 corvum
3344 2362 3442 2416 per
3497 2344 3653 2398 fene-

2068 2453 2237 2498 stram
2270 2443 2478 2505 emisit,
2507 2441 2600 2510 qui
2635 2455 2746 2495 non
2781 2454 3040 2494 reversus
3071 2449 3176 2494 est.
3223 2436 3353 2490 Post
3395 2435 3514 2490 dies
3545 2433 3656 2488 ali-

2069 2547 2202 2606 quot
2229 2535 2413 2589 emisnt
2445 2534 2754 2588 columbam
2785 2548 2890 2599 ;ea
2945 2530 3132 2585 rediit.
3188 2528 3409 2602 Septem
3454 2525 3655 2580 diebus

2067 2629 2293 2698 elapsis,
2325 2627 2546 2691 eadem,
2585 2640 2780 2681 rursus
2811 2625 3030 2688 emissa,
3065 2622 3333 2677 festucam
3377 2619 3534 2674 olivae
3567 2633 3655 2671 re-

2070 2724 2214 2776 tulit.
2255 2720 2412 2775 Unde
2445 2719 2737 2782 intellexit,
2793 2732 2992 2788 aquam
3037 2713 3303 2770 defecisse
3363 2713 3419 2765 in
3469 2721 3645 2766 terra.

2069 2819 2258 2886 Itaque
2280 2813 2392 2869 Noe
2420 2823 2475 2868 et
2504 2829 2642 2868 uxor
2671 2811 2813 2881 ejus,
2847 2817 2905 2864 et
2964 2806 3062 2862 lilii
3111 2821 3238 2862 cum
3300 2804 3418 2859 suis
3473 2802 3657 2857 uxori-

2071 2910 2195 2972 bus,
2233 2916 2365 2964 sunt
2388 2904 2616 2976 egressi,
2653 2911 2710 2957 et
2736 2899 2996 2954 animalia
3021 2912 3142 2968 quae
3167 2911 3291 2951 cum
3315 2894 3398 2950 eis
3423 2894 3478 2948 in
3519 2907 3648 2946 arca

2069 2995 2309 3062 fixerant.
2341 3014 2406 3054 ac
2439 2995 2822 3053 sacrificarunt
2847 2992 2980 3046 Deo.
3016 2989 3222 3044 Locum
3245 3001 3372 3042 eum
3412 2985 3653 3040 Exscen-

2069 3112 2188 3151 sum
2216 3093 2401 3149 vocari
2437 3091 2506 3145 ab
2535 3088 2830 3152 Armeniis,
2869 3083 3036 3141 tradit
3082 3082 3378 3152 Iosephus,
3413 3087 3470 3133 et
3506 3091 3649 3132 arcte

383 3179 639 3249 στρεψεν.
687 3179 859 3233 Ἐπτὰ
886 3180 942 3233 δὲ
971 3178 1296 3233 διελθουσῶν
1345 3179 1592 3250 ἡμερῶν,
1630 3178 1788 3244 αὖθις
1825 3181 1965 3250 ἀφῆ-

2070 3187 2332 3258 rcliquias
2361 3184 2436 3239 ibi
2461 3181 2783 3244 monstrari,
2825 3193 2891 3233 ac
2926 3175 3262 3232 mentionem
3297 3171 3476 3226 facere
3507 3169 3650 3224 dilu»

383 3293 482 3325 κεν
513 3274 712 3342 αὐτὴν,
758 3273 882 3343 ἠδὲ
945 3273 1159 3342 κάρφος
1222 3272 1410 3335 ἐλαίας
1472 3273 1716 3342 φέρουσα
1779 3272 1970 3325 ὑπενό-

385 3384 574 3436 στησε.
619 3365 937 3418 Κὰντεῦθεν
988 3367 1151 3430 ἔγνω,
1192 3365 1566 3418 ἐκλελοιπέναι
1597 3365 1656 3416 τὸ
1687 3363 1830 3433 ὕδωρ
1859 3363 1968 3415 ἀπὸ

382 3460 483 3529 τῆς
515 3458 644 3529 γῆς.
673 3459 784 3514 Καὶ
813 3457 1038 3529 ἐξῆλθον
1067 3457 1194 3511 Νῶε
1223 3457 1318 3512 καὶ
1355 3460 1388 3526 ἡ
1447 3457 1586 3527 γυνὴ
1627 3455 1819 3518 αὑτοῦ,
1871 3459 1967 3510 καὶ

381 3553 432 3605 oi
467 3553 577 3604 uici
602 3551 768 3605 αὐτοῦ
803 3553 902 3604 σὺν
935 3553 1057 3609 ταῖς
1090 3551 1276 3604 αὐτῶν
1304 3549 1546 3619 γυναιξὶ,
1585 3548 1680 3604 καὶ
1734 3548 1805 3602 τὰ
1852 3547 1968 3615 ζῶα

382 3647 486 3698 ὅσα
517 3641 586 3716 ἦν
621 3644 742 3716 μετ’
798 3645 984 3698 αὐτῶν
1033 3646 1090 3697 ἐν
1152 3647 1222 3716 τῇ
1257 3644 1495 3715 κιϐωτῷ,
1536 3646 1632 3698 καὶ
1676 3645 1835 3697 ἔθυσε
1889 3646 1969 3715 τῷ

381 3735 524 3804 Θεῷ.
571 3735 976 3807 ’Δποὸατήριον
1033 3735 1089 3788 δὲ.
1142 3739 1237 3788 τὸν
1301 3737 1465 3789 τόπον
1517 3734 1806 3790 καλεῖσθαι
1853 3740 1970 3803 τοῖς

395 3827 710 3897 ’Δρμενίοις
744 3827 964 3897 φησὶνὸ
1003 3826 1292 3897 Ἰώσηπος,
1357 3827 1450 3880 καὶ
1489 3827 1714 3896 λείψανα
1757 3827 1970 3881 δείκνυ-

382 3919 513 3972 σθαι
538 3919 636 3989 τῆς
658 3918 938 3988 λάρνακος
970 3919 1094 3971 ἐκεῖ
1129 3937 1141 3948 ο
1181 3919 1501 3987 μεμνῆσθαι
1525 3919 1580 3972 δὲ
1615 3919 1830 3972 καὶτοῦ
1867 3921 1969 3974 κά-

379 4011 704 4082 τακλυσμοῦ
737 4012 954 4082 καὶτῆς
987 4011 1228 4066 κιϐωτοῦ
1261 4013 1412 4081 λέγει
1461 4015 1558 4068 καὶ
1593 4014 1823 4078 πολλοὺς
1857 4015 1968 4068 τῶν

379 4106 484 4167 τὰς
560 4103 913 4175 βαρϐαρικὰς
1004 4105 1253 4174 ἱστορίας
1313 4106 1818 4176 συγγραψαμένων,
1875 4110 1968 4160 τὸν

383 4196 656 4250 Χαλδαῖον
690 4215 751 4250 τε
786 4198 1066 4268 Βηρωσὸν,
1099 4200 1194 4252 καὶ
1239 4197 1571 4270 Ἱερώνυμον
1605 4200 1697 4253 τὸν
1754 4200 1968 4268 Αίγύπ-

377 4306 522 4352 τιον,
560 4289 622 4352 ὃς
658 4289 758 4361 τὴν
793 4291 1187 4360 ἀρχαιολογίαν
1220 4291 1318 4360 τὴν
1346 4291 1662 4362 Φοινικικὴν
1702 4291 1969 4362 συνεγρά-

378 4382 546 4450 ψατο,
579 4383 795 4437 καὶτὸν
840 4383 950 4437 ἁπδ
1009 4384 1305 4453 Δαμασκοῦ
1348 4383 1629 4440 Μνασέανο
1662 4387 1690 4439 ὀ
1742 4386 1800 4440 δὲ
1835 4387 1968 4448 Θεὸς

383 4475 592 4544 μηκέτι
651 4478 956 4544 ἐπαγαγεῖν
1025 4472 1145 4530 εἷπε
1204 4478 1469 4530 τοιουτονὶ
1524 4477 1696 4540 πάθος
1754 4482 1820 4547 τῇ
1869 4481 1963 4549 γῇ.

2068 3280 2141 3335 vii
2167 3286 2218 3332 et
2249 3292 2392 3332 arcae
2429 3275 2632 3329 multos
2667 3270 2968 3326 barbarica:
3005 3264 3252 3320 historia:
3293 3261 3592 3330 scriptores
3631 3273 3646 3310 :

2067 3371 2408 3425 utBerosum
2439 3364 2779 3420 Chaldmum.
2808 3372 2866 3414 et
2889 3356 3209 3429 [Egyptium
3230 3352 3648 3420 Hieronymum,

2066 3462 2161 3530 qui
2189 3459 2500 3515 Phumicias
2529 3453 2892 3522 antiquitates
2914 3445 3223 3518 scripserit,
3271 3453 3328 3498 et
3369 3441 3644 3495 Mnascam

2068 3555 2491 3611 Damascenum;
2529 3547 2674 3603 Deus
2703 3553 2884 3600 autem
2921 3558 2981 3598 se
3021 3555 3132 3595 non
3185 3535 3423 3607 amplius
3485 3533 3648 3588 talem

2067 3650 2280 3705 cladem
2319 3655 2474 3701 terra:
2509 3642 2884 3698 immissurum
2902 3636 3040 3691 dixit
3088 3631 3483 3703 etvescijussit
3517 3628 3639 3683 ani—

2069 3741 2348 3795 mantibus
2379 3739 2624 3808 (carnem
2685 3743 2864 3788 tamen
2903 3730 2959 3783 in
2991 3725 3257 3797 sanguine
3306 3723 3504 3778 animat
3556 3735 3654 3776 ve-

2069 3829 2384 3898 tuitedere)
2423 3837 2477 3882 et
2527 3827 2675 3882 aede
2727 3822 3013 3878 hominum
3061 3817 3359 3873 abstinere.
3414 3815 3644 3884 Signum

2067 3940 2176 3978 non
2210 3924 2466 3993 peritura:
2487 3936 2629 3990 aqua
2653 3929 2836 3984 terras,
2869 3928 2928 3970 ut
2957 3914 3009 3968 in
3053 3910 3263 3967 diluvio
3292 3908 3520 3972 factum,
3559 3922 3648 3960 ar-

2069 4033 2194 4072 cum
2228 4016 2281 4070 in
2314 4015 2460 4069 nube
2491 4011 2697 4083 posuit,
2727 4009 2922 4064 iridem
2943 4023 3041 4077 per
3061 4020 3247 4059 arcum
3269 3999 3646 4071 intelligendo.

2069 4109 2183 4163 Noe
2213 4115 2335 4176 post
2367 4103 2636 4166 diluvium
2669 4099 2802 4154 vixit
2834 4113 3010 4152 annos
3039 4109 3187 4158 ccct;
3223 4093 3457 4146 moritur
3487 4098 3650 4144 natus

2071 4213 2245 4253 annos
2292 4210 2505 4250 occccn.
2540 4192 2814 4261 Josephus
2855 4189 2925 4243 de
2969 4183 3323 4241 multitudine
3369 4196 3643 4236 annorum

2070 4291 2218 4345 illius
2251 4285 2736 4342 mtatishominum
2781 4282 2861 4337 sic
2891 4283 2966 4336 ait
3003 4297 3016 4334 :
3059 4279 3223 4335 Nemo
3273 4281 3412 4331 hanc
3457 4277 3643 4336 vitam,

2070 4396 2436 4451 annorumque
2464 4387 2781 4449 paucuatem
2808 4377 3036 4440 intuens,
3092 4371 3233 4443 falsa
3289 4370 3546 4424 existimet
3582 4382 3645 4419 ea

2070 4491 2188 4546 qua,
2209 4474 2269 4528 de
2299 4473 2554 4528 veteribus
2591 4478 2974 4524 memorantur.
3033 4463 3176 4520 Nam
3212 4463 3353 4528 illos,
3387 4477 3506 4514 cum
3537 4458 3647 4511 Deo

393 4568 738 4622 Ἐνετείλατο
773 4569 833 4621 δὲ
874 4569 1012 4639 πρὸς
1048 4569 1255 4640 βρῶσιν
1284 4570 1588 4640 κεχρῆσθαι
1629 4573 1741 4630 τοῖς
1777 4571 1961 4636 ζώοις,

2069 4569 2217 4623 citari
2243 4575 2434 4632 essent,
2475 4565 2611 4619 etab
2645 4566 2757 4634 ipso
2783 4561 2888 4616 Deo
2915 4561 3038 4624 orti,
3095 4576 3156 4612 ac
3187 4558 3312 4612 cibis
3363 4556 3525 4608 etiam
3581 4549 3650 4604 ad

385 4661 538 4730 πλὴν
565 4660 736 4729 κρέας
776 4664 832 4713 ἐν
857 4661 1049 4730 αἵματι
1070 4662 1251 4732 ψυχῆς
1286 4661 1360 4732 μὴ
1397 4661 1618 4725 ἐσθίειν,
1656 4664 1751 4715 καὶ
1801 4663 1964 4731 φόνου

2071 4661 2475 4716 diuturnitatem
2499 4655 2788 4728 aptioribus
2844 4661 3139 4714 uterentur,
3183 4666 3286 4703 non
3313 4650 3504 4702 mirum
3528 4644 3648 4714 fuit,

380 4752 694 4822 ἀνθρώπων
743 4753 1064 4823 ἀπέχεσθαι.
1101 4755 1334 4824 Σημεῖον
1364 4755 1418 4806 δὲ
1465 4753 1560 4806 τοῦ
1627 4756 1826 4823 μηκέτι
1865 4772 1965 4809 κα-

2075 4763 2282 4809 tantum
2325 4751 2570 4822 temporis
2597 4750 2830 4820 spatium
2863 4747 3052 4800 vivere.
3087 4743 3267 4800 Altera
3301 4740 3456 4809 longa
3473 4736 3649 4791 vitatis

379 4845 657 4898 τακλύσαι
685 4845 786 4914 τὴν
818 4847 924 4915 γῆν
955 4849 1013 4900 ἐν
1033 4846 1248 4915 δμϐρῳ,
1297 4847 1528 4914 τὸτόξον
1588 4846 1743 4900 ἔθετο
1790 4849 1850 4899 τὸ
1911 4851 1965 4901 ἐν

2073 4863 2236 4901 causa
2260 4846 2381 4915 fuit,
2405 4842 2610 4897 utilitas
2654 4856 2834 4895 rerum
2868 4838 2933 4892 ab
2973 4839 3046 4891 eis
3103 4835 3542 4906 excogitatarum,
3591 4833 3648 4879 ut

379 4939 447 5006 τῇ
510 4937 746 5008 νεφέλῃ,
775 4938 879 5005 τὴν
911 4939 1051 5008 Ἴριν
1080 4939 1170 4991 διὰ
1200 4937 1294 4990 τοῦ
1325 4939 1480 5004 τόξου
1532 4937 1732 5007 δηλῶν.
1769 4937 1894 4990 Νῶε
1917 4939 1965 4992 δέ

2069 4939 2406 4992 astronomia:
2447 4943 2497 4990 et
2531 4935 2830 5004 geometria:
2858 4947 2878 4987 :
2908 4946 3024 5002 qua:
3081 4925 3397 4998 deprehendi
3440 4921 3504 4976 ab
3575 4921 3647 4972 eis

384 5031 531 5098 μετὰ
561 5031 658 5083 τὸν
695 5031 1086 5100 κατακλυσμὸν
1124 5030 1332 5102 βιώσας
1382 5031 1477 5102 ἔτη
1535 5031 1829 5101 τριακόσια
1881 5032 1965 5084 stati

2070 5040 2210 5085 certo
2233 5039 2282 5084 et
2312 5027 2570 5098 explicari
2595 5026 2741 5081 haud
2765 5024 3076 5095 potuissent,
3109 5021 3164 5074 ni
3195 5034 3258 5073 nc
3285 5032 3453 5072 annos
3480 5013 3644 5068 vixis-

384 5123 754 5192 πεντήκοντα,
821 5122 1047 5193 θνήσκει
1123 5122 1390 5176 ἐνιαυτῶν
1449 5121 1689 5190 γεγονὼς
1745 5124 1965 5177 ἐννακο·

2067 5133 2209 5186 sent,
2239 5122 2346 5192 20
2372 5126 2571 5190 quanto
2606 5119 2779 5189 spatio
2834 5131 3058 5187 magnus
3102 5127 3274 5168 annus
3333 5105 3644 5177 completur.

382 5215 522 5266 σίων
546 5215 642 5266 καὶ
673 5215 1037 5283 πεντήκοντα.
1081 5211 1314 5283 Εἴρηται
1371 5212 1429 5266 δέ
1462 5229 1528 5282 γε
1567 5212 1698 5282 περὶ
1726 5215 1825 5281 τῆς
1878 5229 1974 5264 πο·
2071 5215 2199 5270 llazc
2224 5215 2340 5269 ille.

383 5310 608 5374 λυετίας
636 5311 747 5365 τῶν
770 5309 1078 5382 ἀνθρώπων
1109 5311 1336 5364 ἐκείνων
1375 5310 1546 5363 ταῦτα
1579 5309 1658 5379 τῷ
1689 5311 1942 5380 Ἰωσήπῳ
1981 5325 1997 5340 ο
2039 5310 2266 5377 Μηδεὶς
2305 5305 2420 5365 οὖν
2465 5307 2611 5378 πρὸς
2644 5305 2752 5362 τὸν
2816 5304 2936 5361 νῦν
2959 5304 3106 5370 ,βίον
3129 5299 3228 5355 καὶ
3258 5297 3372 5366 τὴν
3416 5292 3647 5364 ,ϐραχύ-

383 5427 535 5479 τητα
585 5408 705 5462 τῶν
733 5408 906 5470 ἐτῶν,
961 5405 1161 5476 ψευδῆ
1205 5406 1483 5476 νομιζέτω
1523 5406 1596 5460 τὰ
1657 5407 1793 5476 περὶ
1859 5405 1980 5461 τῶν
2016 5406 2290 5463 παλαιῶν
2327 5406 2745 5475 ἱστορούμενα.
2808 5405 2873 5457 Ol
2908 5401 3026 5471 μὲν
3062 5399 3172 5470 γὰρ
3210 5393 3504 5464 θεοφιλεῖς
3547 5391 3645 5442 δν·

381 5521 505 5570 τες,
539 5503 639 5556 καί
672 5503 770 5557 ὑπ’
795 5500 984 5556 αὐτοῦ
1013 5501 1118 5554 τοῦ
1143 5499 1294 5554 Θεοῦ
1348 5500 1683 5570 γενόμενοι,
1755 5498 1855 5552 καὶ
1906 5498 2004 5553 διὰ
2040 5499 2109 5552 τὸ
2172 5497 2304 5566 ταῖς
2351 5497 2599 5568 τροφαῖς
2634 5495 2748 5568 (24)
2785 5488 3283 5562 ὲπιτηδειοτέραις
3316 5484 3646 5556 κεχρῆσθαι

1580 5651 1782 5714 νοτία)
1817 5651 2126 5713 lectiones
2165 5658 2227 5712 et
2264 5657 2456 5713 nota).

455 5781 706 5905 (BR/{ai
741 5781 839 5835 διὰ
871 5779 933 5834 τὸ
968 5777 1095 5852 ταῖς
1128 5777 1388 5849 τροφαῖς.
1421 5776 1504 5832 Al.
1572 5776 1683 5830 Καὶ
1704 5773 1790 5828 διὰ
1823 5774 1881 5827 ea
1936 5771 2033 5837 τὰς
2073 5773 2279 5845 τροφὰς
2335 5773 2778 5843 ἐπιτηδειοτέρας
2844 5769 2976 5839 πρὸς
3034 5768 3252 5822 πλείονα
3309 5762 3498 5837 χρόνον
3561 5757 3640 5815 εἶ-

387 5872 484 5916 παι,
529 5872 606 5906 \\'.
