4098 6400
449 348 521 411 G3
1722 361 2040 422 JOANNIS

2146 361 2230 423 3N
2242 367 2337 423 All
2363 367 2412 425 Ἐ
3657 372 3732 436 64

443 467 597 534 πρὸς
675 471 927 525 πλείονα
979 476 1226 542 χρόνον,
1267 477 1532 555 εὶκότωςᾼ
1565 476 1711 538 ἔζων
1764 476 1998 544 πλῆθος
2029 476 2182 530 ἐτῶν
2241 483 2568 536 τοσούτων.
2630 486 2873 542 Ἔπειτα
2911 486 3011 540 καί
3075 483 3171 538 διὰ
3207 484 3322 552 τὴν
3354 487 3733 555 εὐχρηστίαν

437 556 530 616 ὧν
593 565 913 625 ἐπενόουν.
954 569 1360 639 ἀστρονομίας
1388 589 1448 627 re
1503 553 1604 627 καὶ
1661 575 2040 644 γεωμετρίας,
2076 573 2229 641 ἅπερ
2251 578 2363 630 οὐκ
2434 577 2514 645 ἦν
2573 579 2868 648 ἀσφαλῶς
2929 583 3156 646 αὐτοὺς
3213 581 3595 648 κατανοῆσαι
3667 601 3734 638 τε

439 656 540 708 καὶ
599 658 791 712 εἰπεῖν
825 659 911 728 μὴ
962 660 1259 730 ζήσαντας
1327 666 1685 732 ἑξακοσίους
1731 666 2066 730 ἐνιαυτούς·
2111 665 2207 721 διὰ
2263 671 2570 725 τοσούτων
2604 671 2713 740 γὰρ
2761 674 3096 743 πληροῦται
3137 677 3171 728 ὁ
3215 675 3403 746 μένας
3431 675 3732 743 ἐνιαυτός.

516 750 724 806 V'.Noa2
757 768 885 807 vero
914 753 1029 818 lilii,
1061 757 1280 823 Scmus,
1311 760 1883 832 ChamusJapbetus,
1904 775 2031 815 cum

2209 761 2286 814 E'.
2316 764 2380 816 Oi
2419 765 2476 817 δὲ
2512 764 2604 818 τοῦ
2629 765 2753 819 Νῶε
2781 768 2993 832 παῖδες,
3036 769 3178 838 Σήμ.
3210 769 3364 838 Χάμ,
3394 769 3490 823 καὶ
3529 770 3735 839 Ἰάφεθ,

457 843 616 898 sedes
641 861 768 900 suas
807 863 836 900 e
868 850 1150 905 montibus
1185 855 1238 906 in
1272 855 1554 923 planitiem
1580 855 2032 918 transtulissent,

2146 853 2206 906 lx
2229 853 2340 908 τῶν
2389 855 2534 927 ὀρῶν
2566 860 2649 920 εἰς
2698 857 2798 930 τὴν
2838 859 3066 914 πεδιάδα
3109 860 3463 929 κατῴκησαν.
3500 862 3623 914 Νῶε
3675 863 3734 915 δὲ

445 935 582 998 Noe,
614 938 855 1006 plantata
890 941 1071 1005 vinea,
1110 953 1385 1014 epotoque
1430 948 1556 1001 vino
1594 947 1902 1003 inebriatus
1933 963 2038 1002 nu-

2146 946 2422 1012 φυτεύσας
2461 949 2790 1020 ἀμπελῶνα,
2841 952 3000 1008 ἔπιεν
3053 954 3116 1005 ἐκ
3143 952 3238 1006 τοῦ
3271 955 3438 1016 οῖνου,
3472 955 3567 1007 καί
3607 955 3730 1024 ἐμε-

445 1026 631 1084 datur.
661 1029 739 1084 lbi
765 1029 1029 1100 Chamus,
1066 1039 1314 1093 nuditate
1339 1040 1511 1109 patris
1551 1041 1685 1103 visa,
1723 1056 1838 1095 rem
1866 1041 2036 1096 veluti

2146 1036 2336 1107 θύσθη,
2387 1041 2483 1094 καὶ
2518 1042 2831 1114 ἐγυμνώθη.
2868 1043 3000 1113 Χάμ
3052 1043 3108 1096 δὲ
3147 1044 3246 1114 τὴν
3295 1043 3580 1114 γύμνωσιν
3637 1045 3735 1098 τοῦ

447 1135 551 1186 per
577 1121 821 1178 derisum
857 1127 972 1180 suis
1000 1127 1268 1185 fratribus
1298 1133 1532 1188 nuntiat.
1555 1134 1757 1188 Verum
1785 1134 1860 1189 illi
1884 1143 2036 1190 veste

2146 1131 2354 1201 πατρδς
2409 1132 2556 1198 ἰδὼν,
2588 1138 2704 1197 τοῖς
2744 1137 3032 1204 συγγένοις
3067 1137 3416 1206 ἀνήγγειλεν,
3441 1133 3556 1189 οἷον
3571 1138 3736 1205 ἐπεγ-

447 1214 503 1266 in
546 1223 761 1284 tergunt
793 1219 1016 1286 rejccta,
1061 1232 1370 1278 retrorsum
1423 1235 1797 1290 accesserunt,
1837 1235 1894 1281 et
1936 1243 2038 1282 nu-

2146 1221 2316 1290 γελῶν
2337 1224 2417 1294 τῷ
2448 1224 2639 1295 πατρί.
2679 1227 2742 1278 Οἰ
2770 1225 2826 1280 δὲ
2855 1227 3000 1280 κατὰ
3030 1225 3202 1280 νώτου
3251 1227 3474 1296 θέμενοι
3506 1229 3568 1280 τὸ
3596 1229 3730 1296 ἰμά-

444 1303 676 1360 ditatem
718 1309 836 1377 ejus
872 1312 1083 1367 aversis
1131 1315 1306 1369 oculis
1337 1326 1728 1374 contexerunt.
1789 1319 1906 1384 Qua
1965 1318 2036 1376 de

446 1411 609 1449 causa
642 1397 780 1462 Noe,
805 1400 1053 1457 discussa
1079 1404 1366 1472 ebrietate,
1417 1407 1540 1464 illos
1579 1409 1722 1464 votis
1768 1425 2036 1466 remune-

449 1496 620 1553 ratur,
674 1490 943 1548 (lhamum
1007 1495 1336 1553 detestatur.
1389 1497 1628 1570 Campus
1676 1517 1842 1572 quem
1879 1503 2034 1558 inco-

447 1578 600 1634 luere
636 1579 762 1636 Noae
820 1583 937 1645 lilii,
972 1586 1217 1642 Sennaar
1236 1599 1508 1657 vocatur;
1548 1608 1786 1662 quorum
1831 1593 2034 1664 cuique

447 1673 634 1728 multis
690 1675 882 1731 liberis
945 1679 1112 1745 natis,
1153 1691 1210 1736 et
1252 1684 1306 1737 in
1351 1683 1588 1740 familias
1648 1689 1964 1758 propagatis
2018 1731 2033 1756 ,

446 1768 792 1838 multiplicati
827 1782 955 1827 sunt
993 1789 1187 1829 eorum
1219 1779 1448 1846 posteri.
1477 1779 1812 1846 Nemrodus,
1841 1781 2037 1837 Chami

447 1875 642 1927 nepos,
675 1863 766 1930 qui
797 1865 1010 1932 primus
1045 1867 1100 1920 in
1127 1869 1291 1922 terris
1320 1869 1472 1939 gigas
1519 1872 1672 1927 visus
1714 1885 1818 1937 est,
1871 1876 2038 1932 homo

446 1952 648 2014 audax,
684 1963 736 2007 et
773 1956 976 2012 robore
1030 1974 1292 2014 manuum
1347 1973 1616 2032 prtestans
1655 1969 1891 2032 cwtcris,
1952 1980 2034 2041 ty-

447 2045 741 2100 rannicum
771 2046 1066 2113 imperiunm
1107 2052 1368 2117 instituit,
1403 2070 1468 2109 ac
1489 2056 1570 2110 eis
1593 2057 1894 2113 condenda:
1923 2068 2038 2113 tur-

2139 1333 2275 1378 τιον,
2324 1318 2425 1386 τὴν
2458 1318 2739 1389 πατρικὴν
2767 1318 3053 1388 ἐκάλυψαν
3082 1318 3394 1389 γύμνωσιν,
3433 1321 3738 1392 ὀπισθοφα-

2140 1406 2250 1471 νῶς
2282 1408 2478 1476 ἰόντες,
2521 1411 2616 1464 καὶ
2657 1410 2734 1480 μὴ
2783 1412 3232 1481 προσϐλέψαντες
3262 1410 3339 1482 τῷ
3403 1413 3594 1484 πατρί.
3642 1413 3736 1464 Διὸ

2139 1500 2236 1551 καὶ
2270 1499 2555 1569 ἀνανήψας
2583 1501 2611 1552 6
2640 1501 2764 1553 Νῶε
2793 1502 2920 1565 τοὺς
2965 1502 3066 1572 μὲν
3101 1502 3290 1572 εὐχαῖς
3318 1502 3619 1572 ἠμείψατο,
3655 1501 3734 1569 τῷ

2139 1587 2200 1640 δὲ
2231 1590 2363 1660 Χάμ
2394 1592 2770 1661 κατηράσατο·
2807 1592 2869 1646 τὸ
2925 1592 2982 1646 δὲ
3022 1593 3203 1646 πεδίον
3256 1592 3286 1646 6
3338 1592 3626 1664 κατῴκουν
3685 1596 3734 1647 οἱ

2142 1681 2249 1731 υἱοὶ
2282 1680 2430 1746 Νῶε,
2493 1681 2762 1752 κέκληται
2795 1685 3026 1755 Σεναάρ.
3064 1684 3286 1738 Πολλῶν
3328 1685 3383 1738 δὲ
3421 1686 3734 1755 γενομένων

2141 1773 2374 1844 ἑκάστῳ
2416 1776 2646 1840 ¹παίδων,
2687 1781 2782 1830 καὶ
2836 1779 2916 1842 εἰς
2965 1778 3158 1846 γενεάς
3184 1778 3557 1848 προελθόντων
3596 1779 3734 1847 (25),

2139 1865 2564 1938 ὲπληθύνθησαν
2611 1870 2660 1922 οἰ
2697 1868 2904 1922 τούτων
2935 1871 3216 1936 ἀπόγονοι.
3256 1869 3486 1938 Νεϐρὼδ
3540 1871 3596 1922 δέ
3649 1888 3734 1933 τις

2139 1960 2166 2010 6
2205 1958 2300 2011 τοῦ
2371 1959 2502 2029 Χάμ
2560 1960 2778 2024 υἱωνὸς,
2820 1961 2881 2025 ὃς
2943 1962 3162 2033 πρῶτος
3210 1960 3368 2032 ὤφθη
3427 1962 3592 2030 γίγας
3643 1963 3735 2012 ἐπὶ

2140 2051 2242 2120 τῆς
2277 2052 2402 2122 γῆς,
2451 2052 2728 2124 τολμηρὸς
2787 2054 2880 2108 καὶ
2933 2054 3076 2108 κατὰ
3137 2057 3298 2126 χεῖρα
3349 2057 3732 2124 γενναιότερος

449 2136 525 2190 ris
559 2153 625 2190 ex
661 2139 834 2193 coctis
870 2140 1140 2198 lateribus
1185 2155 1382 2199 auctor
1419 2145 1545 2201 fuit.
1598 2147 1705 2204 Sed
1753 2149 1897 2206 Deus
1952 2152 2037 2206 in.

2146 2145 2251 2198 τῶν
2303 2144 2480 2198 ἄλλων
2527 2146 2816 2216 ὑπάρχων,
2859 2148 2942 2209 εἰς
2978 2148 3276 2214 τυραννίδα
3310 2149 3378 2201 τὰ
3417 2147 3728 2216 πράγματα

413 2229 704 2284 ,ιιὶιιιιυῐη
740 2247 934 2287 eorum
966 2235 1165 2291 callide
1209 2238 1401 2300 elusit,
1457 2239 1656 2311 injecta
1721 2242 2034 2312 linguarum

448 2320 791 2389 diversitate,
828 2335 887 2380 ut
918 2327 1011 2382 alii
1055 2327 1290 2384 aliorum
1323 2346 1636 2387 sermonem
1681 2350 1792 2388 non
1835 2336 2039 2390 intelli-

415 2451 420 2456 -
447 2425 663 2484 gerent.
699 2417 941 2488 Campus
971 2420 1061 2475 ille
1099 2438 1246 2478 nunc
1273 2424 1513 2496 Babylon
1537 2437 1784 2491 vocatur,
1815 2429 1886 2483 ob
1922 2444 2039 2484 ser-

449 2523 675 2562 monum
703 2511 1111 2568 confusionem.
1144 2515 1278 2568 Nam
1315 2516 1480 2572 Babcl
1519 2517 1765 2575 Hebraeis
1786 2529 1870 2576 est
1903 2537 2036 2577 con-

449 2601 614 2656 lusio.
659 2601 740 2657 οι)
770 2619 890 2658 eam
939 2605 1255 2676 linguarum
1312 2609 1690 2665 diversitatem
1755 2613 1828 2667 ita
1881 2613 2037 2670 luere

448 2695 708 2764 dispersi,
763 2706 821 2750 ut
868 2713 1087 2753 onmem
1138 2706 1538 2764 continentem,
1590 2720 1784 2761 omnes
1828 2706 2037 2763 insulas

446 2789 811 2857 complerent.
850 2793 924 2845 Ex
975 2792 1085 2848 illis
1136 2795 1266 2849 Noae
1322 2798 1560 2866 posteris
1605 2797 1679 2852 ita
1735 2799 2036 2869 dissipatis,

448 2890 640 2944 gentes
699 2883 936 2938 condita:
995 2894 1050 2939 et
1108 2890 1509 2956 cognominata:
1565 2899 1713 2945 sunt.
1770 2891 2039 2960 Japhetus

446 2973 672 3040 quidem
704 2987 913 3044 septem
941 2977 1132 3046 genuit
1170 2978 1330 3044 ﬁlios,
1359 2981 1452 3048 qui
1483 2995 1512 3034 a
1539 2981 1821 3036 montibus
1854 2981 2036 3036 Tauro

449 3077 506 3119 et
533 3067 744 3122 Amano
786 3070 1063 3139 progressi
1115 3081 1264 3136 sunt,
1305 3072 1358 3126 in
1414 3073 1544 3126 Asia
1585 3089 1759 3142 usque
1811 3074 1878 3127 ad
1927 3074 2037 3129 Ta-

450 3159 596 3212 naim
661 3159 888 3214 ﬂuvium
923 3202 937 3224 ,
973 3163 1027 3216 in
1064 3163 1282 3231 EurOpa
1355 3179 1528 3234 usque
1562 3165 1628 3219 ad
1668 3164 1872 3232 Gades,
1900 3183 2040 3236 quo-

450 3267 574 3304 rum
600 3254 924 3323 cognomina
943 3255 1205 3324 gentibus
1230 3267 1359 3311 sunt
1387 3257 1578 3312 indita.
1609 3258 1871 3313 Gomares
1887 3260 2037 3314 enim

449 3361 478 3396 a
515 3343 738 3410 Gomer,
763 3361 910 3401 nunc
938 3345 1141 3402 Galatae
1174 3348 1458 3404 dicuntur.
1491 3350 1744 3419 Magogos
1771 3365 1901 3406 suos
1935 3367 2036 3421 po-

449 3445 628 3489 steros
666 3437 972 3492 nominavit
1017 3438 1230 3509 Magog,
1282 3455 1432 3495 nunc
1477 3440 1692 3512 Scythae
1741 3452 2035 3497 vocantur.

2147 2237 2502 2308 περιέστησε,
2534 2237 2634 2293 καὶ
2666 2237 2881 2310 πύργον
2934 2240 3244 2309 οἰκοδομεῖν
3285 2241 3470 2302 αὐτοῖς
3497 2240 3737 2293 ὑπέθετο

2145 2327 2205 2393 ἐξ
2234 2329 2413 2400 ὀπτῆς
2469 2331 2694 2384 πλίνθου
2753 2332 3147 2402 δεδομημένον.
3195 2334 3338 2386 Ἀλλ’
3384 2337 3412 2387 6
3452 2334 3585 2397 Θεὸς
3633 2335 3736 2398 τάς

2144 2421 2356 2474 τούτων
2390 2422 2591 2492 βουλὰς
2626 2423 2736 2492 (26)
2776 2425 3127 2479 διεσκέδασεν
3154 2427 3395 2494 εὐφυῶς,
3439 2427 3736 2488 ἀσυνέτους

2143 2513 2257 2566 τῶν
2319 2515 2450 2584 παρ’
2483 2515 2734 2584 ἀλλήλων
2775 2518 2972 2584 φωνῶν
3008 2518 3098 2570 διά
3146 2518 3241 2572 τοῦ
3290 2519 3402 2571 τῶν
3469 2518 3734 2585 γλωσσῶν

2147 2605 2423 2674 μερισμοῦ
2488 2607 2710 2670 τούτους
2763 2609 3210 2678 ἀποφηνάμενος.
3289 2609 3363 2662 Τὸ
3426 2609 3482 2660 δὲ
3547 2608 3734 2660 π-δῖον

2145 2698 2329 2750 ἐκεῖνο
2363 2697 2458 2750 νῦν
2494 2699 2758 2751 Βαϐυλὼν
2799 2701 3069 2765 καλεῖται,
3097 2701 3185 2753 διά
3233 2701 3333 2769 τὴν
3366 2704 3492 2770 περὶ
3550 2699 3660 2752 διάὶ
3676 2715 3734 2750 ε-

2145 2806 2274 2842 κτον
2323 2791 2607 2859 σύγχυσιν.
2652 2792 2894 2863 Ἑϐραῖοι
2955 2794 3052 2863 μὲν
3109 2793 3220 2862 γὰρ
3280 2793 3453 2844 Βαόὲλ
3505 2792 3735 2844 καλοῦσι

2143 2881 2242 2952 τὴν
2277 2881 2560 2953 σύγχυσιν.
2606 2885 2933 2938 Σκίδνανται
2981 2886 3038 2938 δὲ
3077 2886 3266 2939 λοιπὸν
3295 2887 3400 2938 ὐπὸ
3444 2887 3542 2955 τῆς
3579 2885 3734 2938 ἁλλο-

2146 2976 2448 3045 γλωσσίας,
2508 2977 2584 3040 ὡς
2628 2980 2815 3033 πᾶσαν
2867 2981 3099 3050 ἤπειρον
3145 2981 3240 3034 καὶ
3276 2981 3444 3048 νῆσον
3507 2981 3732 3050 πληρω-

2147 3067 2311 3138 θῆναι
2347 3068 2551 3126 αὐτῶν.
2610 3071 3030 3126 Σκεδασθέντων
3079 3073 3134 3125 δὲ
3165 3073 3276 3126 τῶν
3308 3073 3591 3140 ἀπογόνων
3638 3071 3732 3124 τοῦ

2144 3162 2294 3226 Νῶε,
2348 3162 2408 3226 ἐξ
2451 3164 2681 3217 ἐκείνων
2714 3164 2783 3218 τὰ
2817 3164 2948 3234 ἔθνη
3003 3165 3348 3236 συνέστησάν
3388 3183 3445 3218 τε
3474 3167 3568 3219 καὶ
3599 3163 3734 3218 ὠνο-

2148 3255 2458 3326 μάσθησαν.
2516 3257 2686 3309 Ἐπτά
2722 3257 2856 3325 γοῦν
2921 3260 2950 3310 6
3003 3258 3185 3326 Ἰάφεο
3237 3258 3385 3320 υἱοὺς
3415 3259 3732 3329 ἐγέννησεν,

2144 3349 2194 3400 οἰ
2226 3348 2335 3400 ἀπὸ
2369 3347 2464 3402 τοῦ
2481 3348 2701 3418 Ταύρου
2733 3349 2827 3403 κα)⁸
2859 3349 2916 3401 ’Δ
2929 3349 3102 3419 μάνου
3130 3351 3238 3403 τῶν
3262 3351 3404 3420 ὀρῶν
3435 3351 3730 3422 προῆλθον,

2148 3442 2244 3494 ἐπὶ
2286 3440 2389 3511 μὲν
2415 3441 2515 3512 τῆς
2543 3441 2738 3505 Ἀσίας
2772 3442 2902 3512 ἄχρι
2934 3443 3186 3512 ποταμοῦ
3233 3443 3519 3506 Ταναῖδος’
3553 3444 3646 3496 ἐπὶ
3672 3443 3731 3496 δὲ

449 3530 531 3584 Ab
556 3530 752 3595 Jovan,
783 3531 942 3587 [ones
971 3541 1236 3587 etomnes
1257 3533 1431 3589 Graeci
1463 3550 1768 3606 cognomen
1801 3536 2030 3591 habent.

2146 3533 2245 3602 τῆς
2270 3532 2544 3604 Εὐρώπης
2592 3534 2698 3597 ἓως
2732 3535 3026 3606 Γαδείρων,
3061 3530 3138 3590 ὧν
3176 3539 3288 3599 τοῖς
3335 3537 3567 3604 ὀνόμασι
3633 3531 3732 3591 καὶ

449 3625 493 3675 Λ
531 3622 707 3677 Madai
770 3623 981 3687 Madaai,
1019 3624 1123 3680 hoc
1169 3636 1256 3680 est
1312 3627 1474 3692 Medi,
1543 3645 1692 3685 nunc
1743 3641 2033 3688 vocantur.

454 3718 665 3772 Thobcl
684 3717 961 3774 Thobelos
987 3736 1018 3775 a
1059 3737 1116 3775 se
1142 3725 1572 3792 cognominavit,
1600 3725 1784 3781 lbercs
1813 3727 1865 3781 lii
1891 3738 2040 3782 sunt.

455 3812 676 3868 Mosocli
708 3823 903 3870 auctor
933 3816 1036 3869 luit
1058 3816 1504 3885 Meseluenorum,
1537 3821 1632 3890 qui
1661 3838 1808 3877 nunc
1832 3823 2046 3892 Cappa-

449 3907 617 3961 doces
649 3907 946 3962 habentur.
982 3909 1183 3963 Thiras
1209 3927 1236 3964 a
1269 3926 1328 3965 se
1354 3913 1660 3966 nominavit
1697 3913 1916 3977 Thiros,
1947 3917 2042 3984 qui

453 4005 664 4052 mutato
718 4009 844 4068 post
897 3999 1122 4054 nomine
1174 4000 1418 4056 Thraces
1465 4002 1597 4056 dicti
1661 4013 1810 4059 sunt.
1842 4005 1922 4058 Ab
1949 4005 2045 4060 Ja-

453 4091 602 4160 pheti
626 4106 791 4161 porro
821 4094 1058 4162 posteris
1098 4093 1151 4147 hi
1184 4093 1288 4147 orti
1332 4105 1460 4148 sunt
1486 4113 1497 4148 :
1526 4097 1897 4160 Aschanaxes,
1935 4099 2043 4153 Re-

451 4199 618 4253 genes
644 4184 892 4248 dit-ti,ab
929 4185 1258 4242 Aschanaxo
1317 4202 1330 4238 :
1383 4185 1692 4257 Riphathaci
1749 4190 1853 4256 (sic
1910 4191 2044 4244 olim

453 4278 832 4348 Paphlagones
877 4280 1170 4350 vocabant)
1236 4297 1412 4352 genus
1463 4281 1669 4337 ducere
1721 4298 1753 4337 a
1806 4283 2046 4353 Riphato

451 4373 777 4427 creduntur.
875 4373 1220 4445 Thorgamaai
1299 4374 1670 4445 Thorgamam
1757 4385 2042 4430 auctorem

449 4470 698 4540 jactant,
800 4477 926 4536 post
1010 4477 1224 4522 mutato
1306 4469 1532 4524 nomine
1625 4468 1870 4540 Phryges
1957 4485 2050 4538 ap-

448 4541 664 4630 pellati.
743 4561 929 4615 Elisan
1013 4561 1336 4616 Alisazorum
1431 4562 1695 4631 princeps
1785 4561 2044 4624 exstitit,

459 4653 554 4722 qui
623 4661 754 4708 sunt
818 4652 1110 4708 Eolenses
1146 4671 1162 4708 :
1204 4663 1261 4709 et
1327 4654 1568 4711 Tarseus
1625 4655 2046 4720 Tharsensium,

457 4747 538 4800 sic
631 4744 780 4798 enim
881 4746 1011 4800 olim
1091 4744 1293 4802 Cilices
1376 4749 1717 4800 vocabantur
1796 4762 1810 4798 :
1900 4744 2048 4799 unde

459 4839 733 4920 pr.ecipua
804 4839 939 4894 urbs
1008 4854 1203 4893 eorum
1279 4839 1484 4894 Tarsus
1559 4838 1817 4901 dicitur,
1903 4838 2047 4894 facta

463 4934 568 5017 21
609 4933 774 4986 unius
798 4932 996 4987 litterae
1019 4933 1346 4987 mutatione.
1379 4930 1470 4986 Sic
1497 4931 1644 4986 enim
1680 4932 1954 5001 Josephus
1980 4933 2050 4987 de

465 5026 642 5094 'l‘arso
691 5025 907 5080 scribit.
963 5025 1071 5080 Alii
1125 5027 1339 5083 dicunt.
1395 5024 1657 5080 Perseum
1708 5025 1761 5079 in
1799 5024 2048 5080 Ciliciam

467 5117 801 5203 profectum,
838 5133 902 5172 ac
924 5117 991 5172 de
1027 5117 1313 5172 condenda
1350 5115 1487 5171 urbe
1519 5115 1877 5186 cogitantem,
1914 5114 2046 5168 dum

463 5211 634 5282 labris
690 5211 871 5266 locum
932 5210 1087 5265 urbis
1165 5210 1594 5276 demonstraret,
1653 5210 1836 5279 planta
1891 5208 2049 5279 pedis

462 5315 662 5368 terram
691 5305 1051 5376 percussisse,
1079 5314 1243 5372 atque
1275 5303 1401 5358 inde
1424 5303 1614 5360 urbem
1643 5301 1879 5373 (Τάρσος
1897 5301 2046 5356 enim

461 5398 702 5480 plantam
739 5396 950 5452 Latinis
990 5397 1284 5467 signiﬁcat)
1329 5397 1791 5467 cognominatam.
1833 5394 2039 5450 Cheti»

2145 3626 2280 3696 ἔθνη
2313 3626 2728 3700 ὲπεκλήθησαν.
2776 3629 3050 3699 Γομαρεῖς
3109 3628 3212 3699 μὲν
3245 3629 3358 3682 ἀπὸ
3425 3630 3628 3701 Γόμερ,
3679 3631 3730 3682 οἰ

2145 3718 2241 3772 νῦν
2272 3719 2514 3772 Γαλάται
2539 3719 2856 3790 λεγόμενον
2899 3720 3184 3788 Μαγώγας
3209 3721 3264 3773 δὲ
3293 3721 3424 3783 τοὺς
3462 3721 3522 3786 ἐξ
3563 3721 3732 3774 αὐτοῦ

2145 3811 2436 3881 ὠνόμασεν
2464 3813 2491 3864 6
2523 3812 2761 3881 Μαγὼγ,
2795 3813 3003 3866 Σκύθαι
3036 3813 3092 3867 δὲ
3123 3813 3220 3867 νῦν
3273 3813 3586 3869 καλοῦνται.
3633 3811 3733 3867 Ἐκ

2145 3905 2201 3958 δὲ
2234 3905 2428 3957 Ἰωὸάν
2459 3906 2645 3968 Ἴωνες
2661 3907 2756 3958 καὶ
2792 3905 2999 3969 πάντες
3031 3905 3292 3975 Ἓλληνες
3325 3907 3729 3976 ὲπεκλήθησαν.

2148 4001 2246 4052 Ἐκ
2289 3999 2472 4052 Μαδαῖ
2509 3999 2566 4052 δὲ
2593 3999 2848 4064 Μαδαῖοι,
2887 3999 2935 4050 οἱ
2995 3999 3173 4069 Μῆδοι
3226 3999 3734 4071 προσαγορεύονται

2150 4091 2266 4145 νῦν.
2304 4090 2496 4151 Θοΰὲλ,
2527 4089 2805 4158 Θοὸήλους
2833 4090 2961 4152 τοὺς
3024 4087 3084 4153 ἐξ
3129 4089 3294 4142 αὐτοῦ
3353 4089 3730 4160 ἐπωνόμασεν·

2147 4178 2298 4237 οὗτοι
2327 4183 2372 4236 δ’
2399 4182 2538 4236 εἰσὶν
2576 4182 2809 4254 ἰὗηρέςο
2845 4185 2872 4234 6
2923 4181 2980 4234 δέ
3021 4199 3084 4250 γε
3139 4182 3328 4253 Μοσὺχ
3391 4182 3487 4236 τοῦ
3542 4181 3735 4251 γένους

2151 4276 2390 4349 κατῆρξε
2442 4273 2549 4328 τῶν
2580 4275 2911 4344 Μεσχηνῶν,
2949 4276 3322 4329 Καππαδόκαι
3375 4270 3522 4330 οὗτοι
3575 4276 3733 4345 νομί-

2151 4369 2359 4434 ζονται.
2401 4365 2603 4437 Θειράς
2639 4366 2698 4419 δὲ
2733 4367 2940 4438 Θείρας
2974 4368 3103 4428 τοὺς
3134 4367 3196 4432 ἐξ
3241 4367 3406 4420 αὐτοῦ
3461 4367 3734 4438 προσηγό-

2155 4477 2369 4530 ρευσεν,
2410 4460 2459 4511 οἰ
2511 4458 2726 4529 Θρᾴκες
2772 4459 3279 4529 μετωνομάσθησαν
3332 4458 3580 4528 ὕστερον.
3637 4459 3735 4512 Ἐκ

2151 4553 2208 4607 δὲ
2235 4554 2342 4606 τῶν
2375 4551 2618 4620 ἐκγόνων
2667 4551 2851 4619 Ὶάιρεθ
2905 4552 3236 4621 Ἀσχανάξαι
3275 4551 3374 4620 μὲν
3403 4554 3466 4604 οἰ.
3503 4551 3731 4622 κληθέν-

2150 4667 2244 4714 τες
2312 4651 2600 4720 Ῥηγῆνες,
2666 4648 2726 4712 ἐξ
2763 4649 3037 4719 Ἀσχανάξ
3092 4647 3477 4718 προήχθησαν.
3545 4647 3733 4716 Ῥιφα-

2156 4743 2295 4796 θαῖοι
2331 4743 2389 4795 δὲ
2425 4741 2588 4811 (οὕτω
2632 4743 2764 4814 πρὶν
2813 4743 2939 4802 τοὺς
2972 4740 3335 4810 Παφλαγόνας
3381 4739 3632 4811 ἐκάλουν)
3669 4743 3733 4793 ἐκ

2169 4835 2362 4904 Ῥιφάο
2386 4837 2445 4890 τὸ
2475 4835 2630 4905 γένος
2667 4835 2849 4889 ἕλκειν
2868 4835 3240 4889 πιστεύονται·
3273 4837 3366 4887 καὶ
3385 4835 3731 4906 θοργαμαῖοι

2154 4929 2245 4982 τὸν
2313 4929 2610 4999 Θοργαμᾶν
2664 4929 2933 4999 πρόγονον
3007 4929 3220 4991 ἑαυτοῖς
3307 4928 3730 4996 ἐπιγράφουσιν,

2149 5021 2199 5074 οἳ
2255 5021 2469 5092 Φρύγες
2544 5019 2965 5090 μετεκλήθησαν
3037 5019 3287 5088 ὕστερον.
3374 5018 3595 5072 Ἐλισάν
3676 5019 3732 5071 δὲ

2147 5112 2766 5184 Ἀλισαίωνάρχηγέτης
2797 5112 3052 5180 ἐγένετο,
3094 5113 3256 5184 οἵπερ
3307 5113 3447 5166 εἰσὶν
3499 5113 3730 5174 Αἰολεῖς.

2150 5207 2262 5258 Καὶ
2319 5205 2572 5275 Θαρσεὺς
2623 5207 2733 5258 τῶν
2810 5205 3072 5274 Θαρσέων
3100 5205 3319 5271 ἐγένετο
3355 5204 3640 5275 πρόγονος·
3672 5205 3734 5258 τὸ

2149 5298 2258 5368 γάρ
2319 5298 2488 5352 πάλαι
2522 5297 2758 5368 Θαρσεῖς
2805 5297 3103 5352 ἐκαλοῦντο
3156 5299 3206 5351 οἰ
3266 5297 3512 5360 Κίλικες.
3567 5297 3732 5350 Ὅθεν

2147 5393 2246 5446 καὶ
2273 5392 2308 5462 ἡ
2331 5390 2442 5443 τῶν
2480 5392 2612 5460 παρ’
2644 5393 2830 5456 αὐτοῖς
2876 5391 3087 5445 πόλεων
3136 5391 3539 5460 ἀξιολογωτέρα
3581 5391 3730 5458 Ταρ-

1660 5489 1859 5550 Venite
1891 5488 2200 5550 lectiones
2241 5492 2303 5548 et
2341 5491 2534 5547 notaa.

531 5594 644 5665 (95)
677 5595 775 5663 Εἰς
797 5597 1010 5665 γενεὰς
1036 5596 1473 5664 προελθόντων.
1508 5594 1917 5665 Παρελθόντων.

533 5663 648 5738 (‘26)
671 5663 849 5738 ,Ἀλλ’
887 5671 917 5720 ὁ
955 5663 1097 5732 Θεὸς
1131 5671 1236 5732 τὰς
1262 5668 1488 5721 τούτων
1515 5663 1778 5738 βουλάς.
1803 5663 1962 5738 pilata)
1987 5663 2043 5715 δὲ

465 5735 778 5807 μεμηνότας
837 5739 1039 5801 αὐτοὺς
1097 5738 1240 5806 ὁρῶν
1301 5741 1328 5790 ό
1393 5738 1546 5799 Θεὸς,
1603 5735 2045 5807 ἑτερογλώσσους

465 5805 784 5882 εἰργάσατο.
836 5807 952 5864 lloc
1006 5805 1138 5874 est,
1169 5808 1328 5874 Deus,
1383 5823 1498 5861 cum
1549 5808 1778 5876 furerent
1827 5805 2045 5858 illorum

2143 5602 2399 5654 cerneret,
2437 5593 2706 5662 eﬂecitiut
2753 5591 2972 5645 diversis
3024 5590 3220 5662 linguis
3265 5586 3732 5662 loquerentur.AEt

2144 5667 2309 5734 paulo
2361 5653 2528 5732 post:
2579 5661 2749 5734 '06}:
2813 5664 2998 5724 τόπος,
3050 5653 3121 5714 ὲν⁷
3162 5653 3206 5727 ᾧ
3265 5653 3734 5734 πύργον-*ᾠκοδό-

2148 5729 2304 5804 pm,
2341 5729 2480 5786 locus
2513 5749 2632 5786 vero
2663 5733 2713 5804 in
2750 5748 2851 5802 quo
2881 5743 3081 5804 turrem
3107 5730 3465 5786 exstruebant.
3494 5729 3558 5782 Et
3584 5743 3734 5796 mox,

2148 5802 2246 5875 pro
2280 5808 2404 5875 ἄχρι
2439 5802 2717 5874 ποταμοῦ,
2757 5804 2939 5873 μέχρι.
2971 5803 3054 5856 W.
