4098 6400
446 388 506 452 67
1724 382 1857 443 1οᾹ
1871 377 2051 440 NNIS
2088 376 2278 437 ZONA
2292 377 2410 438 Rz'E
3653 367 3728 429 68

446 516 636 557 norem
663 498 970 556 asserebat.
994 499 1111 567 Qua
1135 499 1204 554 de
1238 515 1297 556 re
1327 498 1708 555 controversia
1735 498 1871 551 inter
1905 510 2031 551 eum

2151 494 2431 567 μιουργδν.
2476 493 2540 545 ἐκ
2567 490 2674 543 τῶν
2719 486 3043 560 ποιημάτων
3090 484 3421 539 καταλαϐὼν
3443 483 3535 535 τὶν
3569 499 3698 549 ποιη

446 604 504 649 ct
528 593 820 649 Chaldaeos
853 600 998 657 orta,
1021 591 1353 663 demigravit
1386 591 1558 656 illinc,
1588 599 1817 645 auctore
1865 603 2031 658 quem

446 696 782 757 cognoverat
807 686 943 749 Deo,
978 694 1037 741 et
1063 684 1430 741 Chananzeam
1467 684 1667 740 tenuit.
1700 682 1875 749 Quam
1904 697 2032 737 cum

446 780 619 834 fames
649 788 951 850 premeret,
999 779 1136 833 abiit
1164 778 1221 833 in
1249 777 1570 849 Egyptum,
1618 775 1807 846 ibique
1838 774 1910 829 ob
1942 788 2034 828 sa-

447 869 710 937 pientiam
768 868 1122 924 admirationi
1207 869 1459 933 habitus,
1522 866 1926 923 arithmeticam
1978 871 2036 919 et

447 962 850 1015 astronomiam
880 960 1113 1017 rudibus
1132 972 1247 1015 tum
1273 961 1478 1015 artium
1513 960 1731 1014 illarum
1760 956 2035 1028 ASgyptiis

448 1052 681 1107 tradidit
726 1070 742 1108 :
795 1069 920 1122 qua:
954 1054 1179 1125 quidem
1222 1069 1254 1107 a
1299 1052 1575 1108 Chaldaeis
1609 1053 1664 1107 in
1712 1050 2031 1121 JEgyptum,

449 1156 617 1216 atque
651 1147 777 1201 inde
812 1153 864 1200 in
906 1147 1170 1202 Graeciam
1204 1147 1468 1201 transisse
1503 1144 1895 1215 perhibentur.
1931 1140 2036 1196 As-

451 1240 619 1309 syriis
641 1250 826 1293 autem
866 1238 1182 1294 Sodomitas
1206 1238 1500 1309 aggressis,
1533 1236 1678 1307 apud
1706 1252 1846 1305 quos
1865 1234 2036 1289 Lotus

453 1329 642 1383 tratris
683 1330 978 1384 Abrahami
1016 1330 1184 1396 (ilius,
1224 1340 1281 1384 et
1308 1329 1459 1385 Sane
1503 1328 1673 1383 frater
1708 1326 2032 1389 habitabat,

451 1435 518 1472 ac
544 1421 735 1475 multis
764 1419 1177 1477 Sodomitarum
1223 1422 1555 1488 interfectis,
1586 1420 1913 1489 caeterisque
1941 1434 2039 1473 ca-

454 1511 586 1580 ptis,
621 1512 791 1566 Lotus
820 1514 986 1568 etiam
1015 1514 1158 1567 inter
1188 1523 1420 1569 caeteros
1443 1517 1680 1585 capitur.
1715 1511 1836 1579 Quo
1861 1510 2041 1566 Abra-

455 1605 651 1660 hamus
686 1606 987 1671 intellecto,
1019 1622 1146 1661 eum
1179 1622 1411 1662 cccxvtn
1455 1605 1645 1662 vernis
1669 1613 1727 1661 et
1757 1621 1817 1659 ιιι
1844 1603 2040 1659 amicis

455 1696 708 1766 Assyrios
744 1700 1125 1767 persequitur,
1152 1697 1355 1775 Letum
1384 1713 1450 1753 ac
1476 1696 1794 1773 Sodomitas
1813 1696 2039 1751 liberat.

2132 593 2254 659 τὴν,
2306 590 2401 641 καὶ
2451 587 2630 656 τούτῳ
2696 584 2847 655 μόνῳ
2902 584 3001 651 τὴν
3047 580 3215 650 τιμὴν
3269 578 3572 648 ἀπονέμειν
3611 577 3725 629 δεῖν

2133 682 2312 750 ἔλεγε.
2361 680 2783 733 Στασιασέιντων
2810 676 2867 729 δέ
2909 674 3000 728 διὰ
3032 673 3207 727 ταῦτα
3255 672 3392 741 πρὸς
3423 669 3587 723 αὐτὸν
3613 667 3726 720 τῶν

2136 774 2443 839 Χαλδαίων,
2465 768 2790 843 μετῴκησεν
2815 768 3052 831 ἐκεῖθεν,
3079 765 3175 820 τοῦ
3202 764 3545 832 γνωσθέντος
3573 758 3725 830 αὐτῷ

2134 868 2386 924 κελεύσει
2415 866 2575 929 Θεοῦ,
2607 863 2701 917 καὶ
2730 861 2831 932 τὴν
2860 859 3179 913 Χαναναίαν
3205 857 3413 925 ἔσχηκε
3450 853 3577 922 γῆν.
3620 852 3722 904 Δι-

2139 962 2244 1035 μοῦ
2268 961 2326 1015 δὲ
2356 960 2457 1030 τὴν
2488 955 2808 1012 Χαναναίαν
2860 952 3170 1018 πιέζοντος,
3212 948 3619 1021 μεταναστεύει
3644 948 3730 1010 είς

2137 1058 2433 1126 Αιγυπτον.
2465 1054 2578 1106 Καὶ
2605 1048 2949 1120 θαυμασθεὶς
2972 1046 3066 1101 ἐπὶ
3090 1045 3331 1105 συνέσει.
3356 1043 3457 1112 τὴν
3482 1040 3726 1111 ἀριθμη-

2136 1149 2300 1221 τικὴν
2353 1150 2466 1211 τοῖς
2519 1144 2840 1216 Αἰγυπτίοις
2896 1142 2995 1196 καὶ
3053 1139 3125 1193 τὰ
3175 1138 3304 1209 περὶ
3333 1133 3724 1208 ἀστρονομίας,

2136 1244 2370 1314 ἀμαθῶς
2399 1241 2609 1296 τούτων
2632 1238 2839 1309 ἔχουσι,
2873 1233 3274 1305 παραδίδωσιν.
3316 1229 3415 1281 Ἐκ
3438 1225 3729 1281 Χαλδαίων

2139 1338 2251 1408 γὰρ
2284 1335 2510 1404 λέγεται
2545 1330 2806 1401 φοιτῆσαι
2826 1327 3004 1381 ταῦτα
3029 1324 3169 1395 πρὸς
3200 1321 3506 1389 Αἴγυπτον,
3536 1318 3729 1372 xand—

2140 1432 2234 1485 θεν
2266 1428 2404 1495 πρὸς
2455 1424 2730 1496 Ἕλληνας
2775 1421 2914 1489 (29).
2947 1416 3260 1488 ’Δσσνρίων
3292 1414 3341 1468 δ’
3387 1410 3726 1466 ἐπελθόντων

2138 1525 2254 1587 τοῖς
2306 1519 2644 1590 Σοδομίταις.
2678 1510 2759 1578 οἷς
2819 1512 3056 1584 συνῴκει
3089 1510 3185 1563 καὶ⁵
3214 1507 3363 1571 Λὼτ,
3388 1502 3727 1572 ἀδελφόπαις

2139 1616 2218 1671 ὢν
2250 1613 2528 1685 Ἀϐραὰμ,
2559 1611 2662 1679 τῆς
2688 1609 2908 1679 Σάρρας
2956 1623 3018 1659 τε
3073 1603 3325 1672 ἀδελφὸς,
3353 1600 3453 1653 καὶ
3511 1595 3727 1651 πολλῶν

2146 1710 2246 1781 μὲν
2277 1707 2558 1762 πεσόντων
2593 1700 2923 1772 Σοδομιτῶν,
2948 1694 3505 1770 αἰχμαλωτισθέντων
3533 1690 3591 1744 δὲ
3619 1688 3726 1741 τῶν

458 1786 850 1844 Revertentem
893 1790 965 1845 ab
1012 1790 1255 1845 hostium
1307 1790 1717 1860 persecutione,
1754 1789 1910 1843 urbis
1936 1787 2039 1843 So-

2151 1801 2369 1865 λοιπῶν,
2409 1798 2506 1852 καὶ
2553 1794 2679 1850 Λὼτ
2715 1796 2830 1857 τοῖς
2860 1790 3182 1862 Σοδομίταις
3209 1784 3725 1858 συνηχμαὶὼτευτο.

456 1879 615 1951 lymze
650 1898 745 1935 rex
769 1883 991 1937 nomine
1023 1883 1460 1938 Melchisedecus
1486 1883 1602 1955 (qui
1638 1880 1844 1938 Graecis
1867 1896 2039 1950 regem

2151 1902 2215 1953 Ὀ
2243 1863 2431 1971 μαθὼν
2452 1893 2729 1964 Ἀϐραὰμ.
2760 1891 2859 1944 σὺν
2886 1886 3225 1959 τριακοσίοις
3273 1882 3421 1936 ὀκτὼ
3465 1879 3571 1971 καί
3594 1878 3729 1971 δέκα

453 1968 661 2038 justum
691 1969 988 2042 significat)
1034 1971 1259 2041 exeipit.
1301 1970 1522 2043 Solyma
1564 1986 1697 2026 vero
1731 1978 1849 2024 tum
1886 1968 2042 2023 dicc-

460 2057 626 2112 batur
653 2059 787 2114 urbs
819 2059 1149 2115 Jerusalem.
1175 2061 1328 2117 Adeo
1361 2072 1576 2117 vetusta
1612 2063 1702 2117 illa
1728 2070 1833 2126 est,
1877 2069 2043 2131 atque

464 2166 662 2207 omnes
695 2152 1024 2222 antiquitate
1056 2164 1300 2224 superat.
1330 2154 1478 2211 Dens
1503 2154 1801 2225 approbata
1837 2155 2044 2209 virtute

460 2243 784 2308 Abrahami,
819 2246 1323 2301 remunerationem
1359 2246 1437 2301 illi
1472 2247 1787 2317 pollicetur.
1815 2247 1914 2302 Illo
1946 2262 2047 2300 au-

462 2348 573 2394 tem
601 2340 843 2405 dicente,
873 2339 1109 2410 quodvis
1138 2342 1244 2397 sibi
1277 2341 1606 2397 beneficium
1650 2341 1878 2396 insuave
1901 2340 2043 2408 fore,

461 2431 559 2502 qui
616 2430 839 2486 luere-de
887 2441 1107 2487 careret
1155 2434 1490 2504 (nequedum
1543 2432 1688 2489 enim
1728 2449 2046 2504 germanam

463 2524 709 2580 sobolem
745 2533 1087 2594 susceperat,
1133 2526 1282 2581 Sara:
1328 2527 1491 2581 vulva
1548 2527 2048 2598 obstructa,,Deus

460 2616 628 2671 etiam
659 2616 831 2673 lilium
854 2618 904 2674 ei
929 2633 989 2674 se
1021 2618 1282 2673 daturum
1307 2619 1602 2689 promittit,
1624 2635 1655 2674 a
1678 2636 1789 2691 quo
1815 2636 2050 2692 magnus

463 2709 702 2782 pupulas
752 2718 902 2767 esset
949 2712 1358 2783 propagaudus,
1397 2713 1573 2768 stellis
1621 2729 1855 2768 numero
1885 2730 1986 2785 par
2028 2732 2044 2771 :

461 2820 706 2875 eumque
738 2820 848 2859 una
878 2819 1004 2859 cum
1036 2804 1155 2860 suis
1183 2805 1412 2860 masculi
1444 2820 1610 2861 sexus
1641 2806 1899 2877 pudenda
1938 2807 2050 2863 cir-

464 2897 784 2953 cumcidere
811 2897 998 2969 jussit,
1030 2912 1100 2953 ne
1121 2913 1296 2969 genus
1322 2899 1443 2969 ejus
1475 2914 1603 2954 cum
1635 2900 1760 2954 aliis
1789 2899 2051 2970 gentibus

476 2991 916 3046 confunderetur
962 3008 977 3045 :
1000 2991 1187 3061 itaque
1209 2990 1706 3046 circumciduntur.
1733 2991 2051 3045 Abrahamo

460 3081 575 3150 jam
611 3082 939 3136 centenario
997 3085 1243 3138 nascitur
1271 3098 1303 3137 e
1345 3080 1481 3137 Sara
1530 3082 1700 3150 (ilius,
1751 3082 1849 3137 Dei
1892 3083 2049 3155 jussu

465 3176 687 3231 lsaacus
738 3176 1068 3246 appellatus.
1123 3176 1273 3247 quod
1332 3179 1496 3231 risum
1545 3176 1819 3250 significat
1865 3194 1881 3230 :
1934 3176 2052 3233 sive

466 3268 617 3339 quod
672 3268 828 3330 Sara,
861 3268 990 3324 dato
1037 3270 1264 3324 oraculo
1303 3270 1374 3325 de
1423 3279 1584 3341 partu
1632 3285 1736 3325 suo
1786 3271 1984 3325 riserat
2032 3287 2047 3324 :

468 3360 615 3431 quod
646 3360 716 3415 ob
740 3359 957 3415 eﬁ‘ctam
992 3369 1233 3426 aetatem,
1263 3361 1620 3432 promissioni
1653 3360 1816 3415 fidem
1848 3361 2053 3416 habere

469 3450 903 3521 itiﬂicilemeque
919 3450 1027 3505 ulla
1039 3465 1165 3521 spes
1175 3451 1349 3522 prolis
1363 3459 1484 3509 erat
1498 3451 1891 3523 (nonagenaria
1904 3449 2053 3506 enim

467 3546 716 3601 lsaacnm
748 3545 856 3616 23
884 3543 1120 3616 peperit)
1147 3562 1162 3600 :
1200 3544 1317 3601 sive
1349 3543 1496 3616 quod
1529 3560 1686 3615 puer,
1713 3543 1859 3598 risus
1879 3558 2054 3599 occa-

471 3635 558 3690 sio
585 3635 752 3690 fuerit
777 3636 1124 3706 parentibus,
1149 3634 1255 3690 hoc
1282 3643 1391 3701 est,
1416 3633 1717 3688 alacritatis
1745 3639 1801 3686 et
1829 3632 2054 3688 laetitiae.

467 3726 678 3783 Octavo
708 3736 838 3798 post
882 3727 1232 3783 nativitatem
1280 3726 1373 3781 die
1425 3740 1563 3797 puer
1588 3725 2054 3785 circumciditur:

468 3823 565 3892 qui
595 3837 717 3877 mos
754 3824 922 3878 etiam
965 3838 996 3877 a
1024 3821 1233 3878 Iudaeis
1275 3821 1627 3877 observatur.
1669 3820 1880 3876 Arabes
1922 3837 2057 3877 vero

466 3927 618 3968 anno
642 3929 736 3968 ιιιιι
770 3912 1170 3969 circumcidere
1213 3927 1418 3983 pueros
1459 3914 1658 3977 solent,
1690 3911 1837 3983 quod
1863 3910 2057 3966 Ismael

466 4004 652 4075 gentis
695 4004 951 4060 conditor
984 4005 1133 4060 circa
1174 4019 1296 4059 eam
1331 4004 1502 4060 fuerit
1545 4013 1762 4058 artatem
1815 4003 2058 4057 circum-

468 4096 639 4151 cisus.
666 4095 801 4151 Nam
829 4111 940 4165 quo
970 4103 1218 4165 tempore
1240 4094 1723 4150 circumcisionem
1746 4094 2058 4149 Abrahamo

472 4187 762 4244 mandarat
788 4188 954 4247 Deus.
987 4203 1083 4242 xm
1106 4202 1381 4243 annorum
1415 4187 1618 4241 fuerat.
1646 4186 1930 4258 Significat
1957 4201 2059 4241 au-

473 4292 581 4336 tem
605 4280 852 4335 lsmaelis
872 4295 1077 4335 nomen
1101 4280 1354 4334 divinitus
1377 4288 1660 4346 vocatum;
1687 4279 1889 4349 quippe
1911 4278 2060 4348 quod

474 4374 620 4426 Deus
658 4373 1041 4427 Abrahamum
1094 4372 1364 4443 supplicis
1418 4372 1532 4427 voti
1586 4381 1900 4441 compotem
1935 4370 2061 4426 red-

472 4465 726 4530 didisset,
763 4465 894 4520 dato
930 4466 1066 4521 filio.
1105 4464 1307 4521 Genuit
1339 4475 1525 4521 autem
1561 4465 1710 4520 hunc
1734 4480 1803 4520 ex
1841 4465 2059 4532 ancilla,

2142 1970 2385 2050 οἰκέταις
2424 1984 2618 2050 αὐτοῦ,
2649 1984 2746 2038 καὶ
2771 1981 2952 2052 φίλοις
2989 1979 3161 2051 τρισὶ,
3188 1972 3518 2037 κατεδίωξεν
3553 1970 3730 2022 ὀπίσω

2143 2082 2252 2136 τῶν
2284 2079 2615 2149 ’Λσσυρίων,
2660 2077 2757 2130 καὶ
2782 2072 2909 2138 τούς
2942 2088 3003 2125 τε
3050 2068 3348 2138 Σοδομίτας
3384 2063 3581 2120 ἔσωσε.
3635 2059 3733 2111 καί

2144 2177 2237 2229 τὸν
2262 2173 2405 2228 Λώτ.
2444 2171 2756 2227 Ἐπανιόντι
2784 2166 2829 2221 δ’
2858 2168 2922 2219 ἐκ
2943 2167 3040 2234 τῆς
3065 2159 3365 2225 διώξεως,ὁ
3389 2156 3487 2227 τῆς
3513 2155 3729 2217 Σάλυμα

2146 2267 2357 2328 πόλεως
2379 2263 2633 2331 βασιλεὺς
2655 2259 2817 2314 αὐτὸν
2841 2256 3188 2326 ὑποδέχεται,
3215 2248 3557 2319 κεκλημένος
3586 2244 3733 2299 Μελ-

2147 2359 2386 2431 χισεδέκ.
2419 2355 2691 2425 Σημαίνει
2718 2351 2775 2405 δὲ
2802 2349 2965 2403 τοῦτο
3005 2343 3501 2418 μεθαρμοζόμενον
3526 2341 3605 2431 εἰς
3633 2336 3733 2406 τὴν

2158 2451 2433 2519 Ἑλλήνων
2487 2446 2793 2508 διάλεκτον,
2850 2438 3153 2506 ,ϐασιλεὺς
3192 2436 3446 2500 δίκαιος.
3512 2430 3734 2498 Σόλυμα

2147 2546 2258 2615 γὲρ
2304 2540 2374 2615 ἦν
2412 2542 2585 2610 ὄνομα
2625 2538 2748 2590 τότε
2778 2536 2843 2606 τῇ
2881 2534 3039 2587 πόλει
3107 2525 3501 2601 Ἰερουσαλήμ·
3558 2521 3735 2615 οὕτως

2148 2614 2356 2709 €1an“
2402 2634 2526 2688 λίαν
2564 2633 2599 2702 ἡ
2642 2629 2821 2691 πόλις⁹
2868 2627 2962 2679 καὶ
2994 2623 3177 2695 χρόνῳ
3204 2621 3274 2674 τὰ
3306 2617 3573 2709 πρεσϐεῖα
3599 2614 3736 2709 κλλη.

2151 2706 2447 2799 ρωσαμένη
2481 2723 2622 2776 κατὰ
2658 2718 2869 2774 πασῶν.
2896 2716 3009 2787 Τῆς
3040 2713 3242 2785 ἀρετῆς
3275 2712 3334 2766 δὲ
3361 2711 3452 2764 τδν
3474 2706 3738 2778 Ἀϐραὰμ

2150 2817 2555 2888 ἀποδεξάμενος
2588 2817 2615 2869 6
2645 2814 2780 2876 Θεὸς
2807 2810 3048 2882 ἀμοιϐὴν
3084 2809 3186 2861 ύπὲ
3197 2825 3227 2877 ρ
3253 2805 3424 2874 αὐτῆς
3452 2799 3737 2870 ἐπηγγέλ-

2150 2913 2275 2966 λετο
2295 2928 2309 2942 ’
2344 2909 2439 2963 τοῦ
2476 2909 2535 2961 δὲ
2572 2908 2820 2976 φαμένου
2851 2904 3018 2973 ἄχαρι
3046 2902 3155 2954 πᾶν
3189 2897 3340 2968 αὐτῷ
3368 2896 3547 2949 δοκεῖν
3573 2894 3737 2962 εὐερ-

2152 3005 2393 3075 γέτημα,
2447 3004 2523 3070 μὴ
2552 2999 2735 3070 ἔχοντι
2783 2995 2877 3048 τὸν
2905 2991 3067 3045 τοῦτο
3092 2990 3469 3058 διαδεξόμενον
3491 2990 3506 3051 (
3526 2980 3595 3055 ἦν
3625 2983 3738 3052 γὰρ

2154 3098 2234 3152 ἔτι
2268 3095 2435 3165 γονῆς
2465 3089 2717 3164 ἀμοιρῶν
2751 3089 3004 3159 γνησίας,
3029 3086 3112 3139 ὅτι
3131 3085 3230 3154 τὴν
3261 3083 3472 3153 μήτραν
3496 3081 3529 3148 ἡ
3551 3078 3739 3149 Σάρρα

2079 3223 2122 3278 C
2157 3188 2476 3262 πεπήρωτο)
2520 3188 2547 3239 6
2575 3185 2711 3247 Θεὸς
2742 3182 2841 3235 κα)⁸
2872 3181 3042 3235 παῖδα
3083 3177 3283 3278 δώσειν
3305 3173 3467 3278 ἀὐτῶ
3495 3171 3740 3278 καθυπέ-

2158 3299 2340 3353 σχετο,
2372 3282 2466 3334 καὶ
2504 3276 2566 3342 ἐξ
2614 3273 2829 3329 ἐκείνου
2868 3272 3013 3343 μέγα
3067 3268 3356 3340 προελθεῖν
3408 3266 3585 3329 ἔθνος,
3628 3263 3740 3324 τοῖς

2155 3379 2393 3447 ἀστρασι
2414 3372 2505 3426 τὸν
2529 3366 2766 3441 ἀριθμὸν
2794 3365 3145 3434 ἐξισούμενον
3164 3378 3180 3392 ·
3209 3361 3305 3414 καὶ
3325 3354 3741 3429 περιτμηθῆναι

2154 3467 2224 3521 τὰ
2257 3465 2434 3519 αἰδοῖα
2468 3462 2630 3514 αὑτὸν
2653 3458 2749 3512 καὶ
2778 3459 2907 3520 τοὺς
2934 3454 3027 3507 ὑπ’
3059 3452 3225 3506 αὑτὸν
3255 3450 3547 3504 ἐκέλευσεν
3568 3447 3742 3519 6115.65-

2156 3575 2274 3622 νας,
2303 3557 2370 3611 ἶν’
2395 3556 2481 3625 εἰί⁸
2509 3554 2569 3608 τὸ
2600 3553 2759 3622 γένος
2798 3547 2967 3602 αὑτοῦ
3001 3550 3114 3609 τοῖς
3144 3545 3326 3607 ἄλλοις
3361 3543 3575 3596 ἔθνεσιν
3609 3543 3740 3594 ἀνε-

2157 3645 2445 3718 πιμικτδν,
2505 3644 2600 3698 καὶ⁸
2654 3640 3130 3714 περιετμήθησαν.
3183 3637 3398 3690 Γίνεται
3446 3634 3630 3686 τοίνυν
3661 3630 3743 3700 τῷ

2172 3739 2422 3809 Ἀϐραὰμ
2486 3740 2617 3799 παῖς
2666 3734 2867 3789 ἑκατὸν
2921 3731 3173 3801 γεγονότι
3232 3727 3497 3783 ἐνιαυτῶν
3529 3728 3593 3779 ὲκ
3641 3724 3746 3793 τῆς

2159 3832 2400 3903 Σάρρας,
2430 3828 2535 3882 8νὸ
2570 3826 2701 3889 Θεὸς
2727 3826 2918 3879 Ἰσαὰκ
2944 3823 3180 3877 καλέσαι
3216 3817 3545 3892 προσέταξε.
3581 3814 3747 3887 Δηλοί

2158 3924 2215 3976 δὲ
2241 3924 2299 3976 τὸ
2335 3923 2507 3991 ὄνομα
2532 3920 2763 3988 γέλωτα,
2791 3917 2824 3989 ἢ
2858 3917 2942 3969 ὅτι
2989 3914 3252 3986 μειδίαμα
3294 3916 3362 3983 τῇ
3398 3912 3589 3982 Σάρρᾳ
3617 3909 3745 3976 ἐγέ-

2159 4032 2301 4080 νετο,
2337 4013 2589 4079 τέξεσθαι
2643 4010 2816 4078 αὐτὴν
2843 4006 2940 4061 τοῦ
2989 4005 3128 4060 Θεοῦ
3158 4002 3626 4075 χρηματίσαντο;,
3656 3999 3747 4051 διὰ

2159 4112 2219 4164 τὸ
2246 4110 2344 4178 τῆς
2376 4106 2726 4176 ὑποσχέσεως
2756 4102 3008 4168 δύσελπι,
3042 4100 3313 4169 παρήλικι
3354 4095 3516 4167 οὔσῃ,
3539 4094 3633 4146 καὶ
3667 4093 3745 4161 μὴ

2161 4196 2521 4272 προσδοκώσῃ
2586 4196 2767 4248 τεκεῖν
2858 4193 3214 4262 (ἐνενήκοντα
3276 4188 3385 4258 γὰρ
3448 4187 3589 4239 ἐτῶν
3652 4184 3746 4236 τὸν

2163 4290 2351 4346 Ἰσαὰκ
2371 4288 2607 4342 τεκοῦσα
2639 4283 2964 4357 ἐτύγχανεν)
2999 4284 3032 4354 ἢ
3085 4284 3170 4336 ὅτι
3208 4280 3444 4352 γέλωτος
3484 4278 3750 4340 ὑπόθεσις

2161 4389 2275 4449 τοῖς
2298 4382 2519 4453 γονεῦσι
2544 4381 2602 4435 τὸ
2627 4380 2841 4436 παιδίον
2865 4380 3105 4448 ἐγένετο,
3131 4375 3400 4448 θυμηδίας
3421 4372 3626 4445 δηλαδὴ
3651 4373 3750 4426 καὶ

2164 4478 2361 4549 χαρᾶς.
2422 4474 2699 4545 Τεχθέντα
2753 4473 2810 4526 δὲ
2874 4472 2966 4525 τὸν
3023 4471 3196 4524 παῖδα
3235 4468 3450 4534 τοῦτον,
3476 4468 3621 4521 κατά
3645 4465 3747 4537 τὴν

474 4595 603 4636 cum
634 4596 741 4651 qua
772 4595 899 4636 eum
927 4579 1059 4637 Sara
1088 4594 1203 4634 rem
1238 4580 1444 4635 habere
1470 4581 1732 4648 jusscrat.
1757 4577 1895 4632 Nam
1927 4577 2049 4649 quia

2169 4570 2364 4640 ὀγδόην
2402 4569 2621 4638 ἡμέραν
2651 4568 2681 4620 6
2704 4565 2887 4638 πατὴρ
2909 4565 3260 4636 περιέτεμεν.
3295 4562 3461 4615 Ὅθεν
3488 4559 3629 4614 οὕτω
3653 4559 3751 4613 καὶ

478 4683 595 4728 ιιιιιι
623 4687 689 4726 cx
719 4686 843 4726 sese
872 4670 1011 4725 nihil
1056 4685 1254 4741 parere
1296 4677 1532 4740 poterat,
1583 4683 1617 4723 a
1652 4669 1854 4721 marito
1883 4668 2064 4737 petiit,

478 4775 541 4818 ut
563 4781 689 4820 cum
716 4764 915 4818 ancilla
942 4763 1269 4827 domestica,
1305 4761 1560 4834 Egyptia
1586 4776 1808 4832 genere,
1846 4760 1933 4814 cui
1959 4775 2063 4814 no-

475 4875 604 4915 men
629 4859 775 4929 Agar
806 4868 948 4925 erat,
983 4858 1382 4914 concumberet
1409 4875 1422 4911 :
1448 4872 1479 4912 e
1511 4872 1617 4927 qua
1644 4864 1832 4911 natum
1865 4856 2062 4910 Ismae-

479 4950 610 5013 lem,
649 4964 748 5019 pro
781 4951 895 5006 tilio
928 4949 1036 5005 sibi
1064 4949 1400 5004 vendieavit.
1438 4950 1572 5003 Post
1603 4957 1785 5003 tamen
1816 4948 2060 5009 lsaacum

478 5043 750 5113 genitum,
770 5043 1000 5114 Agarem
1021 5042 1285 5113 cunqﬁlio
1305 5058 1374 5098 ex
1392 5042 1746 5098 aemulatione
1771 5040 2060 5111 relegavit.

479 5137 616 5192 Cum
648 5137 981 5192 adolevisset
1001 5137 1242 5202 lsaacus,
1264 5147 1384 5201 aut,
1424 5143 1479 5189 ut
1505 5135 1775 5206 Iosephus
1797 5134 2062 5189 Hebraeus

2167 4663 2281 4723 τοῖς
2307 4661 2587 4723 Ἰουδαίοις
2640 4657 2956 4724 ἐνενόμιστο
3001 4653 3451 4723 περιτέμνεσθαι.
3504 4650 3751 4721 Ἀραῦες

2166 4754 2225 4809 δὲ
2254 4753 2394 4824 μετὰ
2441 4748 2898 4823 τρισκαιδέκατον
2946 4745 3067 4808 ἔτος
3119 4743 3247 4807 τοὺς
3281 4742 3482 4805 παῖδας
3535 4740 3752 4810 περιτέ-

2172 4864 2326 4917 μνειν
2357 4843 2642 4908 εἰώθασιν,
2670 4843 2756 4896 ὅτι
2781 4840 2877 4893 καὶ
2923 4836 3151 4908 Ἰσμαὴλ
3187 4839 3215 4888 6
3247 4834 3549 4906 προπάτωρ
3569 4830 3753 4884 αὐτῶν

2164 4937 2223 4993 δν
2255 4941 2432 5009 τούτῳ
2465 4936 2542 5008 τῷ
2574 4936 2751 5008 χρόνῳ
2786 4933 3210 5003 περιετέτμητο.
3244 4928 3619 5000 Τρισκαίδεκα
3645 4923 3753 4996 γὰρ

2168 5029 2238 5105 ἦν
2273 5031 2434 5096 ἐτῶν,
2467 5031 2558 5084 ὅτε
2585 5027 2664 5099 τῷ
2700 5025 2956 5097 Ἀὖραάμ
2986 5024 3014 5076 6
3045 5022 3176 5085 Θεὸς
3208 5019 3443 5084 ἐπέταξε
3476 5018 3576 5088 τὴν
3600 5034 3754 5088 περι-

2171 5127 2368 5197 τομήν.
2425 5122 2718 5193 Σημαίνει,
2746 5120 2803 5173 δέ
2842 5118 2905 5170 τὸ
2965 5116 3140 5186 ὄνομα
3186 5114 3349 5167 τοῦτο
3389 5113 3755 5179 Θεόκλητον,

482 5227 672 5290 tradit,
696 5226 782 5282 vir
815 5227 994 5283 factus
1022 5237 1170 5283 esset
1205 5232 1351 5299 (nam
1388 5205 1642 5283 lsaacumr
1671 5237 1785 5282 tum
1818 5227 2049 5297 quinde-

2158 5222 2233 5283 ὼς
2261 5217 2358 5273 τοῦ
2383 5215 2521 5270 Θεοῦ
2569 5213 2675 5283 τῆς
2714 5211 2929 5273 ἱκεσίας
2962 5208 3222 5279 Ἀϐραὰμ
3260 5206 3619 5270 οκούσαντος,
3658 5205 3756 5258 καὶ

481 5322 589 5377 cim
639 5337 912 5389 annorum
987 5322 1160 5377 fuisse
1221 5323 1351 5393 ait),
1383 5322 1529 5378 Deus
1578 5322 1884 5392 periculum
1934 5320 2067 5374 facit

481 5416 804 5483 Abrahami,
830 5426 887 5473 et
910 5416 1080 5472 (ilium
1101 5416 1584 5486 immolarejubet,
1612 5425 1775 5485 atque
1801 5417 1855 5469 in
1880 5425 2065 5469 monte

481 5508 720 5578 quodam
744 5510 974 5566 adolere
998 5509 1344 5580 unigenitum
1375 5507 1529 5563 illum
1553 5516 1609 5563 et
1630 5507 1916 5563 dilectum.
1947 5507 2066 5561 Non

485 5600 796 5675 refragatur
841 5603 1188 5659 Abrahamus
1222 5621 1235 5658 :
1283 5600 1383 5658 sed
1429 5600 1545 5656 ﬁlio
1575 5610 1887 5670 assumpto,
1919 5609 1975 5654 et
2011 5599 2067 5653 in

2162 5314 2333 5368 παῖδα
2363 5312 2546 5372 δόντος
2583 5306 2754 5376 αὐτῷ.
2805 5306 3095 5372 Ἐγείνατο
3137 5302 3195 5354 δὲ
3228 5301 3421 5355 τοῦτον
3477 5303 3543 5353 ἐκ
3570 5299 3755 5352 παιδί-

2164 5421 2326 5474 σκης,
2368 5405 2435 5472 ἣν
2462 5404 2495 5471 ή
2543 5399 2731 5469 Eappa
2762 5394 2915 5464 αὐτῷ
2951 5392 3406 5462 συγκατέκλινεν.
3443 5389 3606 5452 ’ἰδίας
3646 5388 3756 5458 γὰρ

2166 5495 2481 5568 ἀμοιροῦσα
2503 5494 2623 5546 τότε
2652 5490 2842 5561 γονῆς,
2877 5487 3062 5557 οἰκείᾳ⁵
3098 5485 3385 5557 παιδίσκῃ,
3421 5481 3602 5553 ’Δγὰρ
3637 5481 3753 5533 ὀνο-

2175 5591 2473 5664 μασθείσῃ,
2524 5587 2805 5661 Αἰγυπτία
2859 5582 2923 5636 τὸ
2970 5582 3152 5652 γένος,
3207 5581 3443 5652 μιγῆναι
3470 5577 3562 5632 τὸν
3585 5575 3755 5648 ἄνδρα

1677 5722 1879 5786 Variae
1911 5722 2221 5786 lectiones
2252 5725 2313 5781 et
2346 5723 2537 5779 notas.

558 5856 674 5930 (29)
704 5860 859 5930 Πρὸς
892 5860 1226 5928 Ἕλληνας.
1254 5857 1368 5922 Εἰς.
1397 5855 1463 5911 Ει
1487 5863 1609 5926 post
1641 5849 2049 5933 αἰχμαλωτισοέ

2151 5866 2194 5904 ›ν
2224 5861 2324 5919 pro
2354 5839 2928 5916 αἰχμαλωτευθέντων.
2961 5834 3051 5894 W.
