4098 6398
289 393 358 452 (ο
887 370 894 377 ’
1572 381 1911 442 ANNALlU

2017 379 2162 438 LIB.
2207 378 2259 438 Ι.
3508 368 3580 428 τί)

293 503 558 570 ᾑτῖβατο,
597 502 691 553 καὶ
715 497 986 569 τεκούσης
1021 497 1240 564 ἐκείνης
1273 495 1363 548 τὸν
1395 494 1646 565 Ἰσραὴλ,
1685 489 1895 564 ᾠκειὼ-

2017 486 2347 555 lcsignatum
2389 500 2419 540 a
2454 485 2567 539 Deo
2614 491 2859 538 montem
2895 480 3161 546 abducto,
3210 477 3589 533 communicat

296 610 429 646 σατο
455 593 518 645 τὸ
539 592 763 645 παιδίον
788 593 822 663 ἡ
853 591 1068 663 Σάρρα.
1097 589 1348 642 Τεκοῦσα
1375 587 1432 640 δέ
1462 604 1525 655 γε
1546 588 1638 640 τὸν
1676 586 1886 650 Ἰσαὰκ,

294 683 393 751 τῆς
430 682 616 750 ’Λγαρ
659 683 758 734 σὺν
808 679 886 750 τῷ
915 678 1016 750 υἱῷ
1062 677 1240 748 φυγὴν
1269 675 1358 730 διὰ
1391 675 1730 746 ζηλοτυπίαν
1759 691 1892 727 κατ-

303 772 639 842 εψηφίσατο.
664 770 1057 842 Ἀδρυνθέντος
1084 769 1140 821 δὲ
1171 767 1265 822 τοῦ
1289 767 1500 832 Ἰσαὰκ,
1523 767 1556 837 ἢ
1591 765 1894 835 ἀνδρωθέν-

302 876 391 922 τος
426 860 569 912 κατὰ
601 859 699 912 τὸν
742 859 999 930 Ἐϐραῖον
1050 858 1318 928 Ἰώσηπον
1377 857 1592 922 (εἴκοσι
1655 856 1764 926 γὰρ
1798 855 1892 908 καὶ

299 952 463 1004 πέντε
496 951 765 1006 ἐνιαυτῶν
797 953 968 1022 φησὶν
999 949 1141 1004 εἶναι
1169 950 1260 1003 τὸν
1293 948 1484 1002 Ἰσαὰκ
1515 948 1659 1016 τότε)
1694 951 1892 1019 πεῖραν

304 1044 332 1096 6
374 1043 504 1107 Θεὸς
534 1046 733 1112 ἐπάγει
760 1045 840 1112 τῷ
872 1041 1144 1113 Ἀϐραὰμ,
1167 1044 1260 1095 καὶ
1281 1039 1522 1103 καλέσας
1557 1041 1719 1094 αὐτὸν
1744 1039 1896 1110 θῦμα

298 1139 683 1206 προσαγαγεῖν
723 1138 941 1191 κελεύει
970 1139 1061 1192 τὸν
1089 1139 1228 1204 υἱὸν,
1263 1141 1358 1192 καὶ
1384 1141 1462 1202 εἰς
1502 1137 1559 1190 ἓν
1584 1137 1691 1191 τῶν
1719 1135 1895 1206 ὀρέων

295 1231 664 1298 ἀπαγαγόντα
693 1231 787 1285 τὸν
821 1233 1113 1302 μονογενῆ,
1154 1234 1248 1285 τὸν
1299 1231 1606 1304 ἀγαπητὸν,
1663 1230 1895 1282 ὁλοκαυο

294 1324 496 1378 τῶσαι.
523 1325 633 1378 Καὶ
663 1325 766 1379 οὐκ
796 1327 1054 1380 ἀντεῖπεν
1077 1329 1105 1380 6
1140 1326 1418 1398 Ἀϐραὰμ,
1451 1325 1590 1380 ἀλλὰ
1614 1324 1705 1377 τὸν
1729 1322 1896 1376 παῖδα

298 1418 717 1488 προσειληφὼς,
749 1421 846 1474 καὶ
879 1422 960 1484 είς
993 1421 1052 1474 τὸ
1082 1419 1377 1490 ἐπιταχθὲν
1407 1416 1576 1472 αὑτοῦ
1608 1419 1735 1488 ὄρος
1767 1418 1898 1470 ἀνα-

294 1511 513 1580 γαγὼν,
543 1515 634 1566 τὸν
667 1515 812 1568 θεῖον
855 1514 1002 1582 αὐτῷ
1037 1512 1312 1567 κοινοῦται
1343 1513 1615 1584 χρησμὸν,
1657 1514 1748 1565 καὶ
1774 1529 1897 1580 γεν-

296 1607 474 1668 ναίως
517 1609 692 1660 οἴσειν
741 1607 842 1679 τὴν
878 1608 1214 1679 καθιέρωσιν
1246 1608 1527 1677 παραινεῖ,
1582 1605 1898 1668 κελεύοντος

294 1697 398 1749 τοῦ
435 1697 595 1751 Θεοῦ.
642 1699 702 1751 '0
731 1699 788 1752 δὲ
823 1698 1098 1762 πείθεται,
1137 1698 1232 1750 καὶ
1266 1697 1408 1750 ἑκὼν
1437 1694 1630 1749 ἑαυτὸν
1667 1694 1898 1762 παρέχει

297 1791 443 1858 πρὶς
479 1792 842 1862 καθιέρωσιν,
902 1792 978 1862 μὴ
1018 1791 1230 1844 δίκαιον
1254 1785 1398 1842 εἶναι
1431 1789 1612 1860 φήσας
1644 1786 1780 1840 Θεοῦ
1805 1787 1901 1838 καὶ

1999 580 2288 634 oraculum
2321 597 2334 632 :
2368 579 2627 632 hortatus
2669 584 2761 642 ut,
2791 573 3052 644 quoniam
3100 572 3246 626 Deus
3289 571 3364 624 ita
3386 571 3585 641 jussis-

2001 680 2106 732 set.
2161 671 2644 725 consecrationem
2689 669 2908 722 fortiter
2944 666 3136 721 ferret.
3182 665 3348 722 Paret
3387 665 3499 728 ille,
3534 676 3592 718 et

2002 763 2148 816 ultro
2181 778 2237 816 se
2277 762 2440 816 offert
2468 760 2771 814 victimam.
2805 758 2994 828 Neque
3022 757 3172 812 enim
3206 772 3422 826 zequum
3446 772 3589 822 ess«-,

2003 857 2096 911 Dei
2127 866 2182 910 et
2216 855 2390 926 patris
2423 853 2694 908 voluntati
2733 851 3040 907 adversari.
3071 852 3164 906 Sic
3195 852 3592 920 istaJosepliu;s

2002 953 2188 1006 refert.
2228 952 2435 1006 Deinde
2463 951 2572 1004 ﬁlio
2613 965 2844 1020 parcere
2873 949 3103 1019 jubetur
3135 948 3507 1011 Ahraliamus,
3537 962 3594 1000 ιι

2001 1047 2315 1100 aricsultrn
2339 1046 2405 1100 ad
2435 1044 3122 1100 incensumsubstituitur.
3152 1044 3282 1098 Post
3310 1045 3424 1098 lia-c
3457 1045 3592 1097 Sara

2002 1145 2448 1206 moritur.annos
2473 1150 2601 1196 nata
2619 1141 3174 1197 cxxvn.Al)rahamus
3189 1140 3347 1194 aliam
3367 1156 3592 1195 uxorem

2005 1234 2178 1296 ducit,
2201 1233 2504 1288 Cheturam
2522 1234 2765 1298 nomine,
2784 1248 2815 1288 e
2833 1249 2937 1302 qua
2958 1233 3052 1286 ﬁlii
3079 1248 3174 1286 sex
3191 1231 3240 1286 ei
3265 1242 3594 1287 nascantur.

2005 1328 2193 1382 lsaaeo
2247 1341 2422 1380 annos
2484 1325 2712 1382 circiter
2753 1341 2822 1379 ιιι.
2865 1335 3017 1389 nato,
3070 1325 3374 1379 Rebeccam
3428 1325 3596 1378 ﬁliam

2005 1420 2313 1483 Batltuelis,
2352 1419 2521 1474 fratre
2557 1419 2856 1474 Abrahami
2884 1419 3135 1472 Nacbore
3168 1419 3306 1483 nati,
3337 1419 3388 1472 iu
3415 1417 3594 1472 Meso-

2007 1515 2243 1587 potamia
2278 1514 2606 1585 despondet.
2640 1513 2851 1568 Deinde
2910 1514 3170 1578 moritur,
3206 1529 3332 1567 eum
3365 1513 3596 1568 vixisset

2009 1623 2184 1664 annos
2206 1624 2399 1662 cmxv.
2421 1608 2640 1662 lsaacus
2660 1607 2912 1662 Rebecca
2932 1606 3120 1668 ducta,
3147 1607 3411 1675 gemellos
3439 1622 3505 1661 ex
3530 1623 3596 1661 ea

2010 1713 2298 1771 procreat,
2328 1716 2562 1770 quorum
2589 1710 2721 1754 natu
2742 1701 2937 1770 major,
2957 1699 3028 1754 ob
3050 1699 3226 1754 birtos
3248 1714 3482 1769 corpore
3510 1701 3598 1770 pi-

2009 1793 2113 1856 los,
2137 1792 2276 1847 Esau
2315 1801 2565 1848 vocatus.
2586 1792 2764 1846 Minor
2779 1792 3021 1862 plantam
3052 1793 3294 1863 majoris,
3321 1794 3416 1862 qui
3445 1795 3601 1864 pricr

300 1881 528 1952 Πατρὶς
556 1883 887 1938 ἀντιτείνειν
915 1884 1206 1955 θελήματι.
1239 1882 1398 1937 υῦτω
1455 1881 1632 1936 ταῦτα
1659 1881 1736 1951 τῷ
1786 1882 1902 1934 Ἰω-

2017 1899 2075 1938 ex
2133 1895 2293 1939 utero
2347 1895 2600 1940 materno
2642 1885 2945 1945 exsiliet-at,
3003 1900 3170 1940 manu
3229 1887 3435 1942 retinet
3483 1888 3600 1942 :ob

297 1977 471 2043 σήπῳ
503 1974 813 2045 ἱστόρηται.
842 1971 978 2028 Εἶτα
1005 1975 1300 2044 φείσασθαι
1327 1973 1423 2027 τοῦ
1463 1973 1581 2026 υἱοῦ
1611 1972 1898 2026 κελεύεται

315 2067 584 2136 Δϐραὰμ,
616 2070 710 2120 καὶ
730 2067 882 2137 κριὸς
901 2067 1225 2135 αὐτομάτως
1254 2066 1333 2129 είς
1355 2064 1724 2117 ὁλοκαύτωσιν
1747 2065 1900 2116 ἀντι-

2008 1979 2062 2033 id
2127 1979 2366 2035 Jacobus
2416 1980 2745 2050 appellatus.
2783 1979 2927 2050 quod
2979 1981 3450 2050 supplantatorem
3501 1999 3603 2036 n-

2015 2076 2116 2122 tat.

294 2157 535 2210 δίδοται.
567 2159 722 2212 Μετὰ
750 2157 925 2210 ταῦτα
951 2157 1174 2228 Θνήσκει
1209 2157 1307 2226 μὲν
1333 2157 1543 2228 Σάρρα,
1577 2155 1713 2208 ἐτῶν
1735 2154 1871 2208 οὖσα
1889 2156 2084 2210 ἑκατὸν
2121 2159 2296 2212 εἴκοσι
2326 2160 2462 2232 πρὸς
2486 2160 2647 2214 ἑπτά.
2676 2159 2730 2213 Ὀ
2754 2159 2798 2212 δ’
2839 2161 3095 2233 Ἀϐραὰμ
3123 2161 3320 2232 ἑτέραν
3339 2163 3603 2231 ἠγάγετο,

299 2253 659 2325 κεκλῃμένην
699 2252 986 2322 Χετοῦραν
1047 2253 1105 2319 ἐξ
1152 2247 1220 2324 ἧς
1248 2253 1383 2314 υἱεῖς
1420 2251 1573 2322 αὐτῷ
1607 2249 1838 2320 φύονται
1862 2250 1944 2318 ἓξ.
1977 2251 2067 2322 Τῷ
2101 2252 2288 2306 Ἰσαὰκ
2312 2253 2366 2306 δὲ
2387 2255 2514 2323 περὶ
2544 2255 2987 2325 τεσσαρακοστὸν
3017 2255 3136 2317 ἔτος
3164 2257 3437 2324 γεγονότι,
3469 2275 3606 2327 μνη-

304 2347 569 2401 στεύεται
599 2352 626 2402 6
659 2350 842 2420 πατὴρ
886 2347 1190 2402 Ῥεϐέκκαν
1221 2349 1284 2400 ὲκ
1309 2346 1763 2416 Μεσοποταμίας,
1802 2346 2080 2418 θυγατέρα
2105 2347 2372 2418 Βαθουὴλ,
2407 2348 2758 2420 υίοῦΝαχὼρ,
2792 2347 3024 2418 ἀδελφοῦ
3060 2351 3334 2422 Ἀϐραάμ.
3370 2351 3606 2406 Ἔπειτα

296 2441 536 2512 τελεατᾷ
568 2442 670 2511 μὲν
697 2442 793 2512 ἔτη
825 2443 996 2510 ζήσας
1021 2442 1220 2496 ἑκατὸν
1243 2441 1623 2512 ἑϐδομήκοντα
1651 2442 1745 2494 καὶ
1777 2441 1962 2494 πέντε.
2005 2442 2197 2512 Γήμας
2227 2442 2284 2495 δὲ
2321 2444 2422 2514 τὴν
2473 2443 2773 2496 Ῥεϐέκκαν
2806 2446 2834 2497 6
2871 2443 3078 2511 Ἰσαὰκ,
3119 2446 3374 2515 διδύμους
3405 2446 3608 2512 παῖδας

298 2539 374 2589 ὲκ
403 2535 615 2604 ταύτης
646 2538 846 2608 γεννᾷο
874 2530 951 2590 ὧν
989 2535 1067 2608 τῷ
1110 2536 1208 2608 μὲν
1240 2534 1603 2607 πρεσϐυτέρῳ
1662 2533 1898 2588 καθόλου
1975 2533 2071 2586 τοῦ
2107 2537 2362 2603 σώματος
2419 2535 2613 2587 δασεῖα
2678 2534 2880 2601 ἐφύετο
2926 2535 3072 2606 θρὶξ,
3108 2537 3233 2590 ὅθεν
3294 2543 3394 2596 καὶ
3435 2541 3609 2598 Ἠσαῦ

298 2630 539 2701 ἐκλήθη,
569 2631 658 2684 διὰ
706 2633 808 2702 τὴν
855 2631 1140 2700 τρίχωσιν.
1191 2628 1285 2699 Τῷ
1318 2629 1570 2700 νεωτέρῳ
1614 2625 1671 2680 δὲ
1702 2628 1735 2698 ἡ
1766 2629 1886 2697 xei;
1929 2629 2109 2696 εἴχετο
2169 2627 2271 2697 τῆς
2331 2627 2574 2697 πτέρνης
2609 2627 2704 2680 τοῦ
2738 2627 2994 2696 ἀδελφοῦ,
3023 2628 3122 2698 τῆς
3157 2633 3439 2705 μητρικῆς
3465 2655 3607 2708 προ-

300 2722 637 2793 εκθορόντος
686 2722 949 2793 γαστρὸς,
1008 2720 1090 2774 διὸ
1162 2721 1260 2774 καὶ
1327 2718 1524 2774 Ἰακὼϐ
1578 2718 1900 2790 ὠνομάσθη.
1943 2718 2282 2790 Πτερνιστὴν
2311 2718 2449 2772 δὲτὸ
2482 2719 2658 2789 ὄνομα
2693 2720 2817 2773 κατ’
2853 2719 3146 2790 Ἐϐραιους
3175 2724 3348 2795 δηλοῖ.

383 2820 457 2873 Ζ’.
497 2820 755 2890 Γηράσας
789 2819 883 2874 ἐπὶ
911 2819 1128 2882 τούτοις
1174 2820 1201 2872 6
1233 2818 1424 2872 Ἰσαὰκ
1461 2819 1557 2872 καὶ
1607 2818 1706 2881 τὰς
1751 2817 1908 2888 ὄψεις

306 2917 668 2985 πεπήρωται.
700 2915 812 2968 Καὶ
841 2914 936 2968 τὸν
981 2913 1154 2968 Ἠσαῦ
1179 2911 1704 2982 προσκαλεσάμενος
1731 2918 1747 2980 (
1775 2927 1909 2978 προ-

305 3010 582 3079 τετίμητο
612 3012 723 3079 γὰρ
752 3009 947 3078 ἐκείνῳ
980 3008 1069 3061 διὰ
1094 3008 1164 3060 τὰ
1185 3005 1566 3077 πρωτοτόκια)
1606 3005 1701 3057 καὶ
1727 3003 1906 3074 θηρᾶ-

306 3120 408 3156 σαι
437 3102 678 3167 κελεύει,
713 3104 804 3154 καὶ
827 3102 1118 3171 ὲτοιμᾶσαι
1149 3100 1364 3153 δεῖπνον
1391 3097 1562 3168 αὐτῷ,
1588 3096 1690 3150 ἵνα
1712 3093 1905 3164 φαγὼν

306 3195 533 3267 (φησὶν)
557 3195 878 3265 εὐλογήσω
906 3211 982 3249 σε
1003 3193 1118 3262 πρὸ
1153 3192 1261 3248 τοῦ
1286 3208 1365 3262 με
1404 3189 1756 3246 ἀποθανεῖν.
1797 3188 1909 3242 Καὶ

2091 2819 2201 2873 Vll.
2241 2818 2369 2873 Post
2405 2818 2562 2873 senio
2586 2819 2874 2874 confectus
2911 2818 3155 2883 lsaacus.
3187 2835 3353 2894 atque
3375 2827 3608 2886 orbatus

2014 2912 2214 2977 oculis,
2257 2921 2414 2966 vocat
2450 2911 2651 2966 Esaum
2685 2911 2757 2981 (is
2779 2912 2927 2966 enim
2958 2913 3030 2970 ob
3067 2924 3284 2970 aetatem
3321 2934 3601 2992 praerga-

2015 3004 2053 3056 ti
2066 3021 2180 3058 vain
2208 3002 2317 3075 24
2347 3004 2739 3073 praeferebatur
2760 3005 2970 3072 alteri),
2991 3015 3251 3062 venatum
3276 3009 3513 3082 ablegat,
3549 3023 3610 3068 ut

2013 3114 2228 3154 cmnatn
2290 3099 2396 3153 sibi
2451 3109 2716 3168 pararet:
2759 3103 2874 3164 Quo
2936 3100 3163 3172 (inquit)
3221 3113 3346 3156 ante
3407 3106 3609 3161 obitum

2016 3208 2190 3244 meum
2241 3192 2333 3245 tibi
2369 3192 2496 3244 bene
2529 3208 2735 3261 precer.
2795 3193 2935 3246 Esau
2990 3206 3250 3249 venatum
3301 3198 3610 3266 proﬁcisci-

317 3253 646 3359 :iloaﬁlp‘av
697 3253 848 3357 έξῇει
891 3253 1304 3358 πρὸς-Θήραν.-
1326 3284 1390 3337 Ἠ
1420 3282 1478 3337 δὲ
1517 3281 1793 3335 Ῥεϐέκκα
1825 3297 1911 3348 φι-

2023 3297 2138 3339 ιιιι·.
2171 3283 2417 3338 Rebecca
2456 3284 2645 3338 Jacobi
2705 3289 3000 3354 amantior,
3031 3287 3108 3342 illi
3144 3253 3438 3357 aceerlsito,
3471 3293 3608 3362 quid

305 3383 488 3439 λοῦσα
533 3381 740 3452 μᾶλλον
807 3379 902 3434 τὸν
958 3378 1181 3442 Ἰακὼϐ,
1232 3377 1327 3430 καὶ
1375 3375 1569 3430 τοῦτον
1602 3374 1912 3438 καλέσασα,

309 3474 478 3532 εἶπεν
509 3477 546 3531 ἃ.
588 3477 617 3527 6
672 3473 858 3545 πατὴρ
912 3472 1145 3536 ἐπέταξε
1179 3470 1260 3536 τῷ
1299 3469 1498 3524 Ἡσαῦ.
1529 3468 1639 3522 Καὶ
1679 3466 1913 3520 σπεῦσαι

310 3569 776 3644 παρεκελεύσατο
811 3568 950 3638 πρὸς
982 3567 1046 3619 τὸ
1077 3566 1354 3636 ποίμνιον,
1406 3563 1500 3617 καὶ
1544 3562 1640 3614 δύο
1688 3563 1915 3631 κομίσαι

317 3667 573 3730 ἁπαλοὺς
613 3664 840 3735 ἐρίφους
873 3662 1038 3734 αὐτῇ,
1077 3661 1153 3723 ὼς
1185 3659 1252 3712 ἂν
1306 3659 1371 3711 ἐκ
1402 3657 1612 3710 τούτων
1641 3654 1916 3724 ἐδέσματα

315 3763 596 3833 ἐτοιμὰσῃ
641 3761 722 3831 τῷ
744 3759 994 3832 γέροντι,
1034 3750 1124 3809 οἷα
1153 3754 1333 3824 φιλεῖν
1362 3753 1572 3806 ἐκεῖνον
1597 3750 1914 3815 ἐπίσταται,

317 3859 420 3912 καὶ
461 3853 657 3924 φαγὼν
706 3852 985 3922 εὐλογήσῃ
1040 3847 1224 3902 αὐτόν.
1265 3845 1327 3896 '0
1357 3843 1414 3896 δὲ
1459 3843 1606 3897 ποιεῖ
1647 3840 1791 3893 κατὰ
1817 3839 1918 3903 τὰς

319 3949 609 4022 μητρυιὰς
656 3945 907 4009 ἐντολάς.
939 3942 1082 4010 Ἤδη
1117 3939 1176 3992 δὲ
1211 3935 1756 4009 παρεσκευασμένων
1806 3933 1916 3986 τῶν

313 4043 666 4113 ἐδεσμάτων,
716 4037 848 4101 τοὺς
878 4034 1173 4107 βραχίονας
1210 4030 1306 4085 τοῦ
1355 4028 1548 4090 παιδὸς
1581 4022 1916 4095 περιελίσσει

315 4142 448 4200 ταῖς
482 4135 591 4188 τῶν
625 4130 834 4203 ἐρίφων
864 4129 1075 4198 δοραῖς,
1110 4126 1205 4178 καὶ
1223 4123 1412 4176 δίδωσι
1435 4121 1496 4174 τὸ
1518 4119 1736 4172 δεῖπνον
1770 4117 1919 4169 ἀπασ-

317 4233 524 4302 γαγεῖν
554 4228 634 4298 τῷ
669 4223 863 4294 πατρί.
924 4219 1115 4274 Ἰσαὰκ
1157 4216 1216 4268 δὲ
1248 4217 1319 4286 τῇ
1366 4213 1520 4282 φωνῇ
1579 4209 1670 4262 τὸν
1718 4205 1918 4262 Ἰακὼϐ

313 4301 470 4384 εἶναι
497 4323 588 4375 τὸν
622 4319 928 4391 προσίοντα
971 4311 1324 4380 αἰσθόμενος,
1353 4305 1587 4374 ἔγγιστα
1617 4301 1920 4374 προκαλεῖ-

315 4440 416 4476 ται
447 4417 636 4479 αῦτὺν,
671 4415 767 4466 καὶ
798 4413 908 4464 τῶν
938 4406 1140 4478 χειρῶν
1179 4402 1486 4470 ὲπαφᾶται.
1543 4395 1653 4449 Τοῦ
1693 4393 1831 4448 Θεοῦ
1861 4392 1919 4446 δὲ

317 4518 547 4575 παντως
571 4511 664 4563 τὸν
699 4505 872 4560 Ἠσαῦ
914 4500 1170 4567 εὐλογίας
1218 4494 1438 4560 ἀνάξιον
1469 4494 1781 4562 κρίναντος,
1807 4489 1921 4541 ἔδο-

2017 3385 2174 3443 patcr
2209 3377 2348 3431 Esau
2368 3377 2647 3447 jussisset,
2679 3378 2838 3433 dicit.
2871 3379 3088 3436 Mandat
3113 3391 3171 3436 ut
3199 3399 3230 3437 e
3273 3401 3438 3455 grege
3465 3389 3608 3443 duos

2021 3475 2246 3520 teneros
2288 3467 2477 3524 lmdos
2505 3469 2722 3533 afferat,
2760 3485 2870 3539 quo
2900 3486 2967 3524 ex
2999 3472 3068 3526 iis
3097 3472 3280 3527 edulia
3307 3479 3608 3534 centiceret

2018 3560 2160 3625 seni,
2191 3561 2397 3629 quibus
2419 3578 2544 3617 eum
2571 3563 2837 3618 delectari
2869 3566 3082 3621 sciebat
3115 3584 3128 3620 :
3152 3569 3330 3638 iisque
3352 3588 3535 3628 cernes
3561 3591 3606 3637 s,

2020 3650 2122 3721 ipsi
2182 3654 2322 3708 bene
2359 3667 2682 3719 precaretur
2735 3658 2849 3714 ille.
2907 3659 3069 3714 Paret
3121 3665 3384 3718 maternis
3439 3667 3610 3736 jussis

2019 3745 2288 3803 Jacobns.
2324 3748 2536 3803 Paratis
2557 3750 2670 3818 jam
2702 3751 2926 3816 eduliis,
2961 3751 3186 3808 brachia
3229 3756 3328 3810 ﬁlii
3368 3761 3608 3827 pellibus

2022 3841 2305 3894 medorum
2328 3841 2560 3896 involvit
2581 3852 2777 3909 mater,
2799 3852 2853 3898 et
2870 3859 3083 3900 coenam
3103 3847 3195 3899 dat
3213 3852 3350 3916 patri
3369 3853 3612 3907 offeren-

2019 3931 2168 3986 dam.
2199 3933 2421 3988 lsaacus
2460 3934 2730 3989 Jacobum
2773 3952 2842 3990 ex
2875 3951 3010 3992 voce
3042 3941 3315 4010 agnitum,
3359 3944 3608 4012 proxime

2019 4041 2077 4080 se
2101 4027 2567 4097 aecederejubet,
2610 4043 2923 4098 manusque
2965 4041 3296 4089 contrectat.
3337 4035 3444 4091 Sed
3477 4041 3608 4108 quia

2020 4119 2169 4174 Deus
2208 4119 2412 4174 Esaum
2453 4119 2648 4175 faustis
2678 4121 2962 4176 ominibus
2991 4126 3164 4178 semel
3199 4126 3486 4198 indignum
3514 4132 3610 4203 ju-

2017 4212 2255 4276 dicarat,
2297 4213 2512 4282 putavit
2557 4214 2774 4268 lsaacus
2827 4214 3258 4285 primogenitum
3291 4219 3396 4273 sibi
3433 4221 3607 4280 ﬁlium

2019 4305 2264 4359 astitisse
2289 4305 2550 4374 (pilorum
2581 4304 2763 4360 forsan
2787 4307 3083 4375 asperitate
3111 4308 3423 4380 deceptus),
3448 4314 3608 4370 cibo-

2022 4416 2130 4470 que
2179 4411 2398 4468 sumpto
2448 4399 2587 4453 bene
2635 4407 2899 4468 precatus
2946 4408 3032 4454 est
3076 4398 3303 4458 Jacobo.
3357 4405 3523 4461 Redit
3555 4419 3616 4465 et

2024 4492 2218 4554 Esaus,
2253 4492 2551 4562 ablataque
2576 4491 2719 4562 patri
2745 4507 2922 4552 ccena.
2958 4492 3192 4548 faustam
3215 4501 3616 4567 comprecatio-

321 4611 422 4676 ξεν
448 4605 643 4660 Ἰσαὰκ
672 4601 765 4653 τὸν
804 4595 1157 4669 πρωτότοκον
1205 4588 1356 4659 αὐτῷ
1403 4583 1751 4657 παρεστάναι
1779 4583 1911 4634 υἱόν.

2023 4601 2148 4640 nem
2185 4586 2447 4656 postulat.
2481 4585 2746 4656 Agnoscit
2777 4587 2868 4641 ille
2901 4587 3260 4657 imposturam
3297 4607 3312 4646 :
3344 4598 3402 4646 et
3433 4591 3616 4649 :Fra-

333 4675 626 4768 ῖιίπὰτητο
657 4695 714 4748 δὲ
744 4692 885 4762 τάχα
916 4688 1005 4742 διὰ
1037 4687 1100 4740 τὸ
1131 4682 1269 4756 βαθὺ
1302 4683 1399 4750 τῆς
1443 4677 1657 4749 τριχὸς,
1815 4691 1920 4768 φοξ-

320 4797 442 4868 γὼν
475 4764 747 4860 εῦλόγησε
778 4785 869 4839 τὸν
913 4779 1132 4836 Ἰακώϐ.
1172 4771 1478 4842 Ἐπανῆλθε
1511 4770 1566 4823 δὲ
1593 4768 1690 4820 καὶ
1726 4764 1920 4831 Ἠσαῦ,

323 4859 429 4946 καὶ
451 4885 719 4954 εἰσήγαγε
746 4879 964 4931 δεῖπνον
1005 4872 1082 4942 τῷ
1119 4869 1314 4938 πατρὶ,
1349 4865 1444 4918 καὶ
1482 4862 1602 4934 ᾔτει
1633 4864 1732 4931 τὴν
1767 4859 1924 4911 εὐλο-

323 4984 482 5054 γίαν.
533 4951 595 5030 'D
647 4975 704 5028 δὲ
739 4973 883 5041 ἔγνω
917 4969 978 5022 τὸ
1012 4966 1277 5034 σόφισμα,
1306 4960 1399 5013 καὶ
1450 4956 1642 5019 ἐλθὼν,
1666 4954 1809 5054 Fer}.
1845 4951 1924 5054 "0

322 5045 596 5143 ἀδελφός
620 5085 738 5123 σου
769 5066 950 5120 ἔλαϐε
972 5060 1088 5127 τὴν
1111 5056 1400 5116 εὐλογίαν
1420 5069 1560 5106 σου.
1585 5047 1693 5103 Τοῦ
1729 5048 1787 5101 δὲ
1814 5045 1927 5099 ὀλο⁹

325 5167 651 5244 φυρομένω
707 5161 805 5214 καὶ
865 5154 1145 5222 ἀξιοῦντος
1192 5146 1560 5244 εύλογηθῆναῃι
1816 5142 1925 5244 γαρ

332 5235 634 5336 μίαν-εἶναι
676 5252 808 5323 παρ’
840 5247 990 5318 αύτῷ
1021 5246 1306 5311 εὐλογίαν)
1339 5236 1713 5310 παρακληθεὶ,
1735 5235 1927 5288 Ὶσαάκ

327 5327 568 5427 ὼρμησε
607 5348 707 5419 μὲν
738 5343 1056 5412 εὐλογῆσαι.
1118 5339 1244 5391 Ὅτι
1284 5335 1341 5388 δὲ
1372 5333 1450 5403 μὴ
1503 5331 1581 5401 τῷ
1639 5327 1926 5398 ὲνηχοῦντι

331 5423 554 5504 ἐκεῖνον
609 5441 787 5495 ἐδόκει
841 5437 974 5505 Θείῳ
1008 5431 1285 5503 πνεύματι
1335 5429 1591 5497 εὐλογίας
1619 5427 1805 5493 τυχεῖν
1835 5423 1928 5473 τὸν

341 5535 547 5600 Ἠσαῦ,
583 5533 707 5586 ἐπεὶ
745 5526 869 5600 μηδ’
909 5526 1060 5590 ἄξιος
1095 5520 1163 5594 ἦν
1188 5521 1383 5588 αὐτῆς,
1413 5522 1493 5581 εἰς
1527 5517 1672 5587 ἀρὰν
1695 5512 1813 5567 ἀντ’
1836 5513 1929 5563 εύ-

328 5632 528 5702 λογίας
563 5623 832 5680 ὲτυποῦτο
859 5620 938 5688 τῷ
964 5617 1154 5672 Ἰσαὰκ
1193 5617 1225 5686 ὴ
1257 5614 1435 5682 φωνὴ.
1463 5607 1760 5678 Δυσμενῶ;
1813 5604 1929 5674 εἶχε

331 5701 426 5782 διὰ
473 5720 651 5775 ταῦτα
708 5715 844 5786 πρὸς
897 5713 992 5765 τὸν
1024 5709 1254 5778 ἀδελφὸν
1306 5709 1334 5759 6
1375 5704 1574 5760 Ἠσαῦ.
1641 5703 1698 5755 Ὀ
1737 5701 1810 5754 δὲ-
1839 5702 1930 5752 τὸν

335 5816 574 5884 ἀδελφὸν
606 5808 890 5872 δεδοικὼς,
948 5803 1231 5873 συμϐουλῇ
1265 5800 1364 5869 τῆς
1399 5797 1605 5869 μητρὸς
1635 5798 1717 5858 εξ-,ς
1751 5795 1931 5848 Μεσο.

343 5909 626 5980 ποταμίαν
681 5904 1006 5970 ἀπέρχεται.
1049 5896 1251 5950 ’Δπιὼν
1279 5894 1333 5947 δὲ
1375 5892 1622 5959 agnam
1655 5888 1772 5942 καθ’
1823 5887 1932 5940 ῦπ-

2026 4687 2107 4731 ter
2136 4686 2276 4743 tuus,
2309 4679 2510 4748 inquit,
2570 4677 2724 4732 illam
2749 4680 3048 4750 intercepit.
3082 4681 3201 4746 Quo
3257 4683 3521 4752 ejulante,
3557 4697 3616 4741 et

2027 4771 2261 4826 faustam
2307 4769 2811 4840 comprecationem
2867 4769 3150 4840 ﬂagitante
3202 4773 3405 4842 (neque
3460 4774 3616 4828 enim

2027 4865 2245 4919 unicam
2275 4865 2543 4917 duntaxat
2583 4862 2659 4917 illi
2689 4861 2832 4934 esse)
2863 4871 3046 4918 motus
3070 4865 3331 4933 precibus
3363 4865 3610 4932 lsaacus,

2027 4955 2170 5010 bene
2198 4955 2412 5024 precari
2438 4951 2648 5007 homini
2673 4953 2918 5007 instituit
2942 4953 3033 5007 ille
3061 4953 3310 5021 quidem,
3356 4953 3452 5008 sed
3476 4957 3610 5024 quia

2028 5049 2082 5103 id
2104 5047 2384 5102 resonanti
2406 5047 2459 5100 in
2478 5061 2544 5100 eo
2562 5044 2793 5116 Spiritui
2833 5054 3024 5100 sancto
3043 5059 3153 5098 non
3173 5045 3444 5114 placebat,
3465 5046 3612 5116 quod

2032 5143 2125 5196 tali
2177 5143 2395 5194 fortuna
2457 5137 2718 5207 indignus
2740 5145 2885 5190 esset
2917 5135 3114 5203 Esaus,
3163 5135 3336 5191 lsaaci
3373 5151 3476 5189 vox
3515 5152 3614 5205 pro

2029 5235 2210 5288 fausta
2245 5230 2562 5300 precatione
2595 5229 2649 5281 in
2679 5227 3116 5282 exsecrationem
3149 5226 3491 5280 vertebatur.
3520 5226 3617 5280 llis

2030 5331 2099 5381 de
2131 5327 2314 5380 causis
2348 5324 2598 5377 infensus
2624 5319 2780 5374 fratri
2821 5319 2880 5372 ﬁt
2905 5318 3077 5373 Esaus
3110 5336 3122 5371 :
3152 5319 3245 5387 qui
3280 5319 3429 5372 illius
3466 5329 3620 5372 metu

2032 5433 2339 5489 percu.sns,
2367 5417 2434 5470 de
2468 5413 2709 5469 concilio
2742 5411 2999 5466 malrisin
3023 5409 3472 5478 Mesrrpotamiam
3503 5413 3622 5466 dis-

2033 5513 2200 5567 cedit.
2242 5512 2390 5564 lnter
2441 5507 2929 5577 proficiscendum,
2965 5514 3242 5558 ostentum
3281 5503 3412 5557 illud
3455 5506 3624 5560 scala:

2033 5605 2370 5661 celebratum
2410 5609 2461 5655 In
2499 5599 2705 5653 somnis
2731 5598 2898 5659 videt,
2939 5597 3098 5666 cujus
3134 5613 3240 5650 una
3285 5612 3411 5666 pars
3438 5609 3621 5658 terra),

2035 5700 2206 5754 altera
2231 5697 2370 5751 (-(nlo
2393 5695 2742 5756 inniteretur,
2769 5702 2823 5743 et
2855 5690 3163 5743 futurarum
3191 5690 3503 5758 eugnitione
3529 5705 3622 5744 re-

2038 5810 2160 5847 rum
2206 5790 2477 5846 divinitus
2535 5788 2846 5840 instruitur.
2899 5782 3104 5838 Locum
3148 5782 3344 5836 oblatae
3392 5781 3628 5834 visionis

2036 5886 2241 5942 Btetbel
2273 5889 2448 5944 vocat,
2482 5880 2626 5950 quod
2664 5879 2897 5932 divinum
2932 5874 3250 5930 domicilium
3300 5875 3502 5929 Graecis
3529 5889 3622 5926 so-
