4098 6396
504 397 566 466 τι
1775 393 2099 457 JOANNIS
2134 391 2457 454 20mm:
3197 359 3201 364 ’
3707 389 3776 454 :2

503 526 619 571 nat.
677 513 966 571 Profectus
997 512 1224 569 Carram
1249 553 1264 577 ,
1312 511 1458 583 apud
1500 511 1776 567 Labanem
1823 513 2121 574 Rebeccae,

2159 564 2162 574 _
2194 530 2320 577 νους
2353 512 2446 566 τοῦ
2483 511 2751 583 ᾀδομένου
2788 512 3066 582 θεάματος
3104 511 3204 582 τῆς
3239 509 3528 582 κλίμακος.
3570 506 3637 584 ἧς
3669 514 3777 567 τῶν

505 604 702 659 matris
749 603 978 658 fratrem
1007 603 1234 658 divertit
1265 621 1276 656 :
1309 619 1338 656 a
1372 619 1482 673 quo
1525 613 1791 674 exceptus
1836 603 2088 673 hospita-

2193 606 2384 677 ἄκρων
2413 604 2474 657 τὸ
2514 613 2614 674 μὲν
2639 607 2704 676 τῇ
2737 606 2834 676 γῇ,
2863 605 2926 657 τὸ
2955 603 3012 657 δέ
3037 603 3117 674 τῷ
3141 604 3360 674 οὐρανῷ
3386 609 3560 674 προσ-ἠ
3573 621 3776 676 ρειστο,

504 697 656 761 liter,
701 711 850 750 cura:
894 711 1122 767 gregum
1153 695 1474 765 praaficitur.
1521 695 1729 749 Labani
1780 711 1947 765 porro
1968 694 2090 750 dua!

2192 698 2285 750 καὶ
2317 698 2535 766 μυεῖται
2565 694 2636 748 τὰ
2658 695 2926 762 μέλλοντα
2959 696 3025 748 ἐκ
3056 694 3150 747 τοῦ
3181 696 3524 764 κρείττονος,
3558 697 3652 749 καὶ
3687 697 3779 750 τὸν

505 800 667 843 erant
693 789 816 843 lilite
853 807 865 841 :
898 798 1030 843 natu
1067 790 1258 860 majori
1291 789 1425 854 Lize,
1461 789 1662 843 minori
1699 788 1958 844 Rachelis
1995 804 2092 843 no-

2191 787 2358 840 τόπον
2392 789 2450 839 ἐν
2496 779 2541 855 ᾧ
2585 788 2646 840 τὸ
2681 787 2866 856 ὅραμα
2905 780 3034 849 εἶδε,
3076 784 3284 854 Βαιθὴλ
3319 786 3738 857 προσηγόρευσε
3763 803 3775 817 ·

508 896 634 934 men
664 890 802 935 erat.
844 882 1083 936 Jacobus
1125 897 1314 936 amore
1351 881 1588 952 junioris
1616 881 1940 950 corripitur,
1972 897 2092 950 qua:

2193 880 2349 948 δηλοῖ
2385 879 2440 931 δὲ
2477 875 2654 932 θείαν
2692 879 2905 932 ἑστίαν
2933 877 3056 930 καθ’
3084 878 3376 948 Ἕλληνας.
3413 880 3781 948 Καταντήσας

509 986 756 1028 sororem
791 973 964 1027 forma
997 973 1292 1043 superabat
1327 991 1341 1027 :
1379 982 1434 1026 et
1469 973 1742 1027 Labanem
1775 973 1842 1027 de
1865 989 1929 1027 ea
1953 973 2093 1026 allo-

2194 971 2251 1024 δὲ
2279 973 2359 1036 είς
2385 971 2638 1042 Κάρραν,
2682 971 2934 1041 κατήχθη
2982 971 3119 1041 πρὸς
3164 971 3353 1024 Λάϐαν
3396 971 3489 1023 τὸν
3523 972 3622 1038 τῆς
3674 988 3782 1040 μη-

508 1061 720 1134 quitur.
761 1063 808 1116 Is
838 1062 1243 1132 desponsurum
1290 1078 1347 1117 se
1401 1063 1546 1117 illam
1595 1063 1645 1118 ei
1697 1063 2010 1133 pollicetur,
2045 1063 2094 1117 si

2196 1064 2322 1131 τρες
2368 1064 2467 1132 τῆς
2527 1063 2826 1126 Ῥεϐέκκας
2886 1063 3194 1133 ὁμαίμονα,
3248 1063 3344 1116 καὶ
3403 1062 3581 1128 ξενίας
3650 1061 3780 1132 παρ’

509 1161 718 1221 septem
753 1154 856 1208 sibi
879 1168 1057 1209 annos
1086 1156 1373 1209 inserviat.
1446 1155 1655 1209 Annuit
1687 1164 1921 1215 amator,
1953 1162 2094 1208 tem-

2197 1157 2394 1226 ἐκείνῳ
2425 1155 2713 1226 τετύχηκε,
2746 1155 2843 1209 καὶ
2874 1155 2971 1227 τὴν
3010 1155 3329 1226 ἐπιμέλειαν
3363 1156 3475 1209 τῶν
3512 1157 3780 1226 ποιμνίων

510 1263 614 1317 pus
643 1248 902 1313 elabitur,
935 1249 1156 1318 nuptias
1176 1260 1403 1318 apparat
1449 1263 1608 1304 socer
1645 1268 1657 1302 :
1697 1247 1792 1302 sed
1829 1257 1995 1302 noctu
2035 1246 2097 1301 fi-

2199 1248 2536 1302 πιστεύεται.
2569 1248 2674 1301 Δύο
2713 1247 2770 1300 δὲ
2801 1247 2880 1317 τῷ
2909 1247 3097 1301 Λάϐαν
3135 1247 3436 1317 Θυγατέρες
3460 1247 3777 1317 ἐτύγχανον,

510 1341 638 1395 liam
684 1350 816 1394 natu
851 1343 1114 1412 majorem
1161 1342 1366 1397 Jacobo
1405 1343 1459 1395 in
1503 1341 1802 1395 thalamum
1851 1341 2094 1396 adducit.

2196 1334 2271 1393 ὧν
2311 1343 2345 1411 ή
2379 1341 2478 1410 μὲν
2503 1341 2851 1411 πρεσϐυτέρα
2890 1341 3046 1405 Λεία,
3082 1341 3115 1410 ἡ
3145 1340 3188 1394 δ’
3219 1341 3386 1410 ἑτέρα
3419 1340 3618 1410 Ῥαχὴλ
3652 1341 3781 1390 ἐπε-

511 1435 615 1500 Qui
679 1451 840 1490 mane
901 1438 1206 1505 impostura
1266 1436 1524 1505 cognita,
1586 1451 1710 1489 cum
1780 1450 1974 1490 socero
2027 1434 2096 1488 de

2200 1433 2486 1504 κέκληντο.
2533 1433 2626 1496 Et;
2666 1433 2850 1504 ἔρωτα
2895 1432 2988 1487 οὖν
3039 1433 3140 1502 τῆς
3191 1434 3462 1503 νεωτέρας
3531 1432 3785 1502 ἠρέθιστο

513 1525 717 1593 injuria
749 1528 1087 1595 expostulat.
1143 1527 1237 1580 llle
1277 1537 1459 1581 autem
1493 1527 1788 1582 Rachelem
1845 1527 2013 1580 etiam
2047 1527 2098 1581 ei

2212 1525 2429 1583 Ἰακὼϐ.
2463 1526 2688 1588 ἀστείας
2720 1524 2890 1594 οὔσης
2928 1527 2986 1578 τὸ
3021 1523 3164 1588 εἶδος
3199 1529 3348 1596 παρὰ
3377 1525 3476 1595 τὴν
3513 1525 3782 1592 ἀδελφὴν,

517 1616 623 1686 25
667 1627 791 1686 post
835 1618 1066 1672 alterius
1115 1619 1352 1687 septenii
1404 1618 1727 1673 servitutem
1785 1619 2094 1687 pollici-tur.

2200 1619 2296 1670 καὶ
2329 1617 2594 1687 προσάγει
2628 1618 2819 1685 λόγους
2860 1618 2936 1688 τῷ
2977 1619 3167 1671 Λάϐαν
3209 1621 3336 1688 περὶ
3407 1619 3576 1688 αὐτῆς
3646 1620 3686 1669 0
3729 1617 3787 1668 δὲ

510 1708 642 1762 Eam
673 1709 1046 1764 conditionem
1080 1709 1321 1764 Jacobus
1351 1724 1539 1764 amore
1594 1710 1860 1763 subactus
1915 1708 2098 1762 denuo

2200 1712 2455 1780 ὁμολογεί
2505 1715 2884 1782 κατεγγυῆσαι
2930 1712 3008 1782 τῷ
3058 1710 3256 1766 Ἰακὼϐ
3303 1712 3406 1782 τὴν
3480 1711 3689 1781 Ραχὴλ,
3737 1716 3786 1764 εί

509 1802 710 1872 accipit
745 1819 758 1855 :
795 1813 849 1857 et
873 1804 1066 1858 alteris
1097 1813 1307 1873 septem
1361 1803 1523 1858 annis
1579 1803 1804 1874 elapsis,
1843 1801 2100 1858 Rachclis

2204 1803 2298 1855 ἐπὶ
2329 1802 2422 1873 ἔτη
2457 1803 2598 1854 ἑπτὰ
2622 1803 2904 1856 δουλεύσει
2933 1803 3102 1874 αὐτῷ.
3128 1803 3438 1858 Κατανεύει
3463 1804 3601 1874 πρὸς
3628 1804 3788 1856 τοῦτο

509 1895 676 1947 etiam
711 1897 1070 1950 matrimonio
1100 1898 1332 1966 potitur.
1362 1895 1458 1948 Lia
1478 1897 1590 1965 jam
1619 1911 1649 1949 e
1673 1895 1878 1951 Jacobo
1897 1895 2101 1949 liberos

2171 1897 2232 1948 ’ὁ
2281 1898 2540 1966 ἐραστὴς,
2590 1896 2925 1966 παρέρχεται
2967 1901 2995 1948 ὸ
3047 1897 3262 1966 καιρὸς,
3324 1897 3616 1965 ἑτοιμάζει
3658 1897 3789 1958 τοὺς

509 1983 776 2048 habebat,
809 1985 1094 2039 Rubenem
1131 1985 1582 2055 primogenitum,
1625 1984 1769 2054 quod
1807 2000 1874 2040 ex
1914 1985 2100 2039 divina

2204 1989 2415 2058 γάμους
2467 1991 2494 2042 ὁ
2546 1991 2833 2057 πενἾερος.
2881 1988 3092 2050 Νυκτὸς
3143 1990 3199 2040 δὲ
3249 1989 3348 2060 τὴν
3400 1989 3787 2060 πρεσϐυτέραν

513 2075 896 2130 misericordia
934 2078 980 2130 is
1015 2077 1123 2131 sibi
1186 2077 1532 2148 contigisset.
1590 2075 1754 2147 ἆξαι-ε
1798 2077 2010 2150 ferebat
2039 2094 2101 2132 e-

2204 2081 2312 2134 τῶν
2334 2083 2506 2150 θυγατ
2526 2086 2654 2154 τρων
2684 2083 3002 2147 συνευνάζει
3025 2082 3104 2151 τῷ
3135 2081 3350 2136 Ἰακώϐ.
3384 2082 3552 2144 Γνοὺς
3582 2082 3636 2134 δὲ
3670 2082 3791 2152 μεθ’

512 2169 626 2221 nim
655 2184 898 2223 amorem
931 2170 1116 2224 mariti
1146 2186 1276 2240 erga
1306 2186 1556 2224 sororem
1591 2188 1604 2223 :
1638 2171 2009 2240 sperabatque
2039 2187 2099 2226 se

2205 2175 2456 2244 ἡμέραν,
2512 2176 2588 2229 ὼς
2633 2175 3012 2246 ἐξηπάτηται,
3062 2175 3279 2228 ἀδικίαν
3336 2176 3658 2230 ἐπενέκάλει
3714 2173 3793 2244 τῷ

513 2261 927 2318 honoratiorem
989 2262 1126 2328 fore,
1177 2264 1224 2318 si
1289 2274 1506 2319 uterum
1541 2266 1731 2319 ferret.
1788 2265 2102 2320 Secundum

2208 2267 2479 2336 πενθερῷ.
2528 2264 2677 2321 ’θ’δέ
2712 2268 2804 2320 καὶ
2840 2268 2937 2337 τὴν
2984 2266 3188 2338 Ῥαχὴλ
3233 2267 3382 2338 αύτῷ
3419 2267 3796 2337 ἐπηγγέλλετο

512 2354 828 2410 Simeonem
881 2357 1152 2426 appellat,
1193 2358 1340 2426 quod
1387 2367 1511 2410 vota
1561 2357 1736 2428 ipsius
1787 2359 2105 2413 exaudisset

2210 2361 2351 2431 μετὰ
2375 2360 2622 2414 δουλείαν
2646 2361 2839 2430 ἐτέρας
2873 2361 3194 2423 ἑπταετίας.
3218 2361 3475 2414 Πείθεται
3509 2361 3602 2413 οὖν
3631 2357 3793 2417 αὖθις

511 2448 678 2502 Deus.
711 2449 838 2504 Post
879 2450 1027 2504 hunc
1063 2449 1225 2504 Levis
1270 2453 1538 2513 nascitur,
1590 2453 1681 2521 qui
1717 2454 2104 2521 conjunctionis

2205 2454 2496 2506 δουλεῦσαι
2539 2457 2567 2507 ὁ
2626 2454 2844 2518 Ἰακὼϐ,
2889 2454 3251 2524 δουλούμενος
3301 2453 3487 2526 ἐρωτι.
3532 2454 3642 2507 Καὶ
3671 2454 3795 2523 μεθ’

512 2537 981 2606 conﬁrmationem
1035 2539 1334 2610 signiﬁcat.
1406 2541 1568 2596 Hunc
1616 2541 1787 2596 ludas
1819 2544 2098 2612 sequitur,

2207 2546 2404 2617 ἑτέραν
2443 2546 2736 2601 ἑπταετίαν
2781 2548 2875 2601 καὶ
2907 2549 2976 2617 τῇ
3028 2547 3233 2618 Ῥαχὴλ
3268 2547 3674 2611 συνευνάζεται.
3710 2546 3792 2617 Τῇ

513 2631 658 2700 quod
675 2647 872 2686 nomen
897 2634 1199 2702 gratiarum
1219 2634 1481 2687 actionem
1509 2643 1690 2690 sonat.
1720 2636 1949 2702 Rachel,
1975 2638 2102 2707 quia

2211 2639 2313 2708 μὲν
2347 2639 2441 2694 οὖν
2480 2641 2616 2712 Λεία
2650 2640 2840 2704 παῖδες
2870 2636 3011 2711 ἦσαν
3045 2640 3105 2705 ἐξ
3148 2639 3367 2694 Ἰακώϐ.
3412 2641 3522 2693 Καὶ
3567 2639 3799 2710 Ῥου6“ι;ι

513 2725 724 2778 liberos
748 2741 856 2779 non
879 2726 1138 2791 habebat,
1164 2726 1337 2780 verita
1366 2743 1436 2782 ne
1451 2730 1638 2782 minus
1666 2730 1905 2798 gratiosa
1929 2739 2101 2796 esset,

2211 2734 2310 2804 μὲν
2341 2735 2500 2787 καλεῖ
2537 2735 2629 2786 τὸν
2664 2735 3036 2804 πρωτότοκον,
3071 2736 3152 2788 ὃτι
3188 2734 3306 2787 κατ’
3337 2733 3490 2786 ἔλεον
3525 2735 3661 2802 αὐτῇ
3696 2737 3797 2801 γέ-

515 2815 773 2867 maritum
805 2825 948 2879 orat,
985 2826 1045 2870 ut
1073 2831 1199 2871 cum
1235 2818 1434 2872 ancilla
1470 2833 1568 2872 sua
1623 2821 2102 2889 congrederetur:

2207 2844 2353 2880 νοιτο
2387 2827 2482 2878 τοῦ
2517 2827 2676 2880 Θεοῦ.
2718 2827 3005 2881 Ἔδακνετο
3034 2827 3144 2898 γὰρ
3185 2829 3473 2898 ἐρωμένης
3511 2830 3609 2897 τῆς
3637 2827 3800 2879 ἁδελ-

515 2905 608 2961 ille
639 2909 1006 2978 obtemperat.
1065 2911 1143 2964 Ex
1199 2926 1377 2982 eoque
1430 2911 1624 2967 Jacobi
1687 2930 1812 2968 cum
1846 2915 1992 2969 Balla
2026 2916 2105 2985 (id

2209 2917 2317 2986 φῆς
2349 2915 2426 2986 τῷ
2477 2917 2656 2986 ἀνδρὶ,
2709 2918 2803 2970 καὶ
2860 2917 3168 2986 προσεδόκα
3215 2919 3420 2988 μᾶλλον
3469 2919 3799 2988 ἐντιμοτέρα

513 2999 663 3053 enim
684 3001 898 3056 ancillae
925 3018 1129 3058 nomen
1154 3005 1295 3075 erat)
1317 3020 1640 3075 congressu,
1665 3007 1781 3062 Dan
1811 3010 2059 3064 nascitur
2087 3029 2101 3064 :

2207 3012 2561 3082 γενήσεσθαι,
2591 3013 2639 3064 εί
2673 3011 2830 3081 σχοίη
2879 3011 3024 3064 κατὰ
3075 3010 3336 3082 γαστρὸς.
3389 3012 3494 3064 Τὸν
3534 3011 3797 3082 δεύτερον

514 3091 752 3144 divinum
782 3092 1055 3162 judicium
1085 3094 1190 3148 hoc
1216 3096 1546 3150 vocabulum
1572 3097 1861 3168 signiﬁcat.
1889 3099 2105 3156 Rursus

2207 3103 2266 3156 δέ
2312 3102 2542 3173 Συμεὼν
2572 3103 2857 3174 ὀνομάζει.
2914 3104 3078 3175 Δηλοῐ
3119 3104 3180 3156 δὲ
3213 3102 3374 3157 τοῦτο
3413 3104 3657 3174 ἐπήκοον
3704 3105 3800 3157 τὸν

511 3182 704 3236 eadem
760 3183 1072 3253 Nephtalim
1129 3188 1294 3255 parit,
1348 3189 1455 3244 hoc
1505 3198 1589 3244 est
1625 3199 1860 3245 astutum
1892 3207 1913 3247 :
1947 3194 2096 3264 quod

2203 3194 2341 3248 Θεὸν
2375 3194 2631 3264 γενέσθαι
2679 3197 2840 3266 αὐτῇ.
2883 3197 2992 3250 Καὶ
3023 3196 3118 3250 ἐπὶ
3149 3195 3309 3249 τοῦτο
3337 3197 3599 3264 γεννᾶται
3638 3195 3797 3262 Attat,

514 3275 623 3331 hoc
649 3286 774 3331 astu
810 3276 1134 3335 fecunditati
1180 3283 1388 3337 sororis
1419 3298 1476 3338 se
1503 3285 1872 3354 opposuisset.
1896 3285 1993 3341 Lia
2021 3303 2102 3343 αι-

2210 3290 2531 3354 κοινωνίας
2577 3286 2817 3358 τοῦνομα
2858 3289 3120 3358 σημαίνει
3155 3288 3519 3355 βεϐαιωτήν.
3549 3289 3688 3343 Μεθ’
3736 3291 3799 3344 δν

514 3389 827 3444 mulatione
892 3391 1144 3455 incitata,
1203 3391 1466 3463 Zelpham
1511 3396 1768 3450 ancillam
1829 3411 1987 3454 suam
2046 3410 2103 3454 et

2223 3381 2426 3445 Ἰούδας
2470 3383 2609 3452 αὐτῇ
2653 3381 3010 3436 ἀποτίκτεται
3048 3385 3440 3452 εὐχαριστίας
3484 3386 3522 3453 ὴ
3567 3382 3797 3452 κλῆσις

509 3479 631 3549 ipsa
660 3479 869 3535 Jacobo
903 3482 1235 3551 despondet,
1273 3500 1398 3553 qua:
1435 3484 1650 3541 Gadum
1699 3489 1916 3558 peperit
1947 3507 1962 3545 :
1992 3490 2105 3560 [or-

2208 3474 2508 3544 δηλωτική.
2542 3474 2622 3545 Τῇ
2662 3474 2717 3527 δὲ
2761 3474 2969 3545 Ῥαχὴλ
3007 3475 3222 3530 παιδίον
3251 3477 3356 3530 οὐκ
3389 3471 3480 3548 ἦν,
3505 3478 3600 3529 καὶ
3629 3477 3803 3530 δεδοι-

515 3575 683 3627 tuitus
718 3574 901 3628 vocari
934 3582 1121 3643 queat.
1152 3575 1332 3630 Alium
1373 3587 1494 3646 post
1526 3578 1675 3633 hunc
1721 3582 1975 3634 Asserem
2010 3596 2104 3650 pa—

2209 3570 2340 3621 κυία
2387 3568 2462 3639 μὴ
2517 3567 2587 3620 δι’
2643 3568 2902 3622 ἀτεκνίαν
2953 3569 3432 3640 παρευδοκιμηθῇ,
3475 3570 3654 3622 δέεται
3696 3572 3798 3623 τοῦ

530 3663 628 3730 rit,
663 3677 825 3732 quem
851 3680 1163 3734 prosperum
1209 3667 1599 3736 interpreteris
1629 3668 1760 3724 licet
1793 3686 1805 3722 :
1833 3671 1978 3740 quod
2005 3671 2102 3725 Lia

2209 3660 2403 3732 ἀνδρὸς
2453 3664 2518 3732 τῇ
2573 3661 2880 3734 θεραπαίνῃ
2929 3662 3100 3731 αὐτῆς
3153 3661 3454 3716 συνελθεῖν.
3500 3661 3561 3715 ’0
3598 3663 3653 3715 δὲ
3698 3666 3799 3716 καὶ

512 3755 589 3810 ob
641 3755 946 3810 liberorum
1000 3758 1412 3814 multitudinem
1452 3761 1687 3816 celebris
1711 3771 1767 3816 et
1816 3762 1975 3818 beata
2006 3780 2104 3833 per

2211 3753 2482 3820 πείθεται,
2518 3759 2613 3808 καὶ
2641 3759 2707 3826 τῇ
2751 3755 2936 3827 Βάλλα
2975 3756 3319 3826 συνέρχεται,
3355 3757 3454 3811 καὶ
3493 3757 3708 3809 παιδίον
3735 3758 3800 3822 ἐξ

514 3848 671 3901 illum
733 3858 954 3916 partum
1007 3847 1256 3903 habenda
1285 3861 1453 3906 esset.
1486 3850 1622 3906 Cum
1673 3863 1856 3908 autem
1907 3856 2103 3910 Ruben

2224 3845 2417 3900 Ἰακὼϐ
2441 3849 2473 3917 ἡ
2507 3847 2682 3902 Βάλλα
2714 3850 2904 3919 γεννᾷ,
2928 3851 3023 3902 καὶ
3050 3851 3157 3902 Δὰν
3195 3851 3400 3919 ἐκλήθη
3435 3852 3463 3903 ὁ
3491 3853 3641 3912 παῖς,
3669 3853 3798 3906 ded.

511 3936 626 3992 Lia:
660 3936 806 3994 filius
843 3940 1219 4010 mandragorae
1242 3943 1380 3996 mala
1403 3944 1700 4009 attulisset,
1736 3945 1946 4001 Rachel
1978 3963 2107 4018 par-

2210 3956 2420 4008 κριτον
2444 3939 2650 3994 εἴποιεν
2683 3941 2792 4014 (50)
2826 3943 3110 4012 Ἕλληνες.
3143 3944 3268 3996 Κάκ
3300 3945 3399 4012 τῆς
3432 3943 3603 4014 αὐτῆς
3638 3943 3802 4008 αὖθις

514 4040 629 4083 tem
665 4031 772 4086 sibi
800 4031 922 4086 dari
967 4033 1151 4104 petiit,
1188 4050 1455 4090 concesso
1481 4036 1592 4092 Liae
1637 4048 1798 4094 nocte
1837 4040 1950 4107 illa,
1983 4056 2105 4110 quae

2210 4032 2456 4086 τίκτεται
2487 4033 2834 4104 Νεφθαλεὶμ,
2867 4034 3312 4104 εὐμηχάνητος,
3341 4029 3454 4088 οἷον
3475 4034 3564 4088 διὰ
3605 4034 3667 4088 τὸ
3703 4036 3805 4087 άν-

511 4125 619 4178 sibi
643 4123 972 4192 debebatur,
999 4128 1182 4183 mariti
1208 4137 1506 4184 concubitu
1543 4148 1557 4184 :
1586 4146 1616 4186 e
1641 4147 1752 4201 quo
1775 4130 2105 4189 muiiercula

2209 4121 2644 4192 τιτεχνάσασθαι
2695 4125 2834 4194 πρὸς
2880 4124 2984 4194 τὴν
3034 4124 3324 4178 εὐτεκνίαν
3374 4122 3476 4194 τῆς
3534 4123 3800 4194 ἀδελφῆς.

509 4216 824 4274 lsacharem
849 4220 1100 4290 suscipit,
1124 4224 1268 4292 quod
1296 4239 1495 4279 nomen
1521 4226 1754 4280 mercede
1769 4228 2000 4296 genitum
2027 4228 2104 4283 si-

2213 4214 2378 4284 Ζηλοῑ
2401 4215 2494 4267 ἐπὶ
2529 4215 2745 4278 τούτοις
2778 4217 2810 4286 ή
2853 4217 3014 4280 Λεία,
3056 4217 3152 4270 καὶ
3180 4216 3658 4287 παρακατακλίνει
3689 4219 3799 4270 κά-

507 4311 735 4379 gnificat
771 4329 784 4366 :
819 4323 878 4368 et
933 4313 1169 4370 alterum
1231 4314 1406 4370 ﬁlium
1449 4316 1806 4382 Zabulouem,
1855 4319 1962 4375 hoc
1998 4328 2103 4386 est,

2213 4305 2366 4377 κείνη
2417 4303 2497 4376 τῷ
2561 4305 2760 4361 Ἰακὼϐ
2812 4306 3024 4378 Ζελφὰν
3075 4310 3177 4378 τὴν
3235 4309 3372 4362 ἰδίαν
3427 4308 3798 4380 θεράπαιναν.

515 4405 713 4473 pignus
745 4405 1120 4462 benevolentia:
1152 4425 1284 4480 erga
1313 4425 1410 4476 se;
1437 4425 1500 4464 ac
1528 4411 1697 4464 filiam
1731 4412 1947 4466 Dinam.
1997 4412 2106 4467 Na-

2215 4399 2343 4452 Υῑὺν
2390 4399 2447 4452 δὲ
2479 4399 2573 4452 καὶ
2615 4399 2758 4470 αὐτὴ
2787 4401 3038 4469 ἐγείνατο
3055 4401 3094 4452 Γ
3097 4400 3162 4453 άδ
3183 4415 3196 4428 ·
3228 4401 3483 4469 τυχαῖον
3502 4401 3568 4455 ἄν
3586 4417 3668 4462 τις
3700 4416 3800 4453 κα-

522 4496 702 4549 δοίιυι·
723 4505 785 4550 et
814 4497 1043 4552 Racheli
1079 4499 1225 4552 filius
1255 4500 1531 4570 Josephus
1563 4517 1577 4555 :
1602 4501 1660 4556 id
1686 4517 1888 4557 nomen
1918 4518 2106 4559 acces-

2214 4491 2346 4564 λέσῃ
2376 4493 2562 4548 αὐτόν.
2593 4495 2708 4548 Καὶ
2737 4495 2833 4548 ἐπὶ
2866 4495 3042 4566 τούτῳ
3069 4495 3243 4549 τίκτει
3276 4497 3370 4548 καὶ
3399 4495 3610 4565 ἕτερον,
3642 4490 3799 4558 οὗτος

508 4589 728 4646 sionem
757 4590 832 4643 rei
869 4590 1106 4662 alicujus
1131 4592 1332 4647 futurae
1355 4603 1528 4648 notat.

2207 4592 2251 4646 δ’
2272 4588 2339 4664 ἦν
2361 4593 2390 4643 ὁ
2430 4590 2634 4661 Ἀσσήρ
2653 4605 2668 4619 ·
2701 4590 2911 4658 λέγοιτο
2928 4589 2984 4641 δὲ
3001 4591 3384 4656 μακαριστὴς
3439 4586 3514 4649 ὡς
3544 4587 3801 4653 εὐκλείας

513 4685 580 4752 τῇ
612 4682 747 4752 Λείᾳ
778 4680 868 4734 διὰ
898 4682 996 4750 τὴν
1021 4685 1386 4736 πολυτεκνίαν
1425 4687 1522 4739 καὶ
1555 4686 1911 4758 μακαρισμοῦ
1942 4687 2234 4758 γενόμενος
2281 4685 2476 4748 αἴτιος.
2543 4685 2625 4755 Τῇ
2697 4683 2834 4754 Λεία
2879 4683 2936 4735 δέ
3019 4680 3249 4751 Ῥουϐὶμ
3319 4681 3414 4736 τοῦ
3479 4679 3598 4734 υἱοῦ
3648 4698 3796 4751 μανι

507 4776 784 4847 ’δραγόρου
821 4777 966 4848 μῆλα
1000 4775 1354 4848 κομίσαντος,
1397 4777 1521 4848 ᾗτε-ι
1560 4777 1761 4850 Ῥαχὴλ
1789 4779 2117 4850 μεταδοῦναι
2154 4780 2361 4833 τούτων
2392 4779 2552 4848 αὐτῇ,
2590 4779 2687 4832 καὶ
2736 4777 2974 4847 ἀμοιϐὴν
3020 4775 3308 4845 προύτίθει
3338 4778 3402 4846 τῇ
3439 4774 3642 4845 ἀδελφῇ
3706 4777 3803 4828 τὸν

514 4873 641 4927 κατ’
693 4875 914 4943 ἐκείνην
962 4874 1060 4943 τὴν
1109 4872 1281 4927 νύκτα
1336 4874 1563 4945 λέκτρον
1612 4875 1707 4928 τοῦ
1762 4874 1978 4930 Ἰακώϐ.
2035 4877 2099 4929 'H
2175 4876 2284 4946 γὰρ
2334 4875 2432 4940 νὺξ
2479 4874 2666 4945 ἐκείνη
2717 4877 2786 4945 τῇ
2861 4873 3065 4942 Ῥαχὴλ
3115 4873 3603 4943 προσκεκλήρωτο.
3687 4874 3802 4947 Καὶ

509 4967 912 5031 ῡυνευνάζεται
939 4968 1027 5022 διά
1071 4966 1232 5021 τοῦτο
1261 4971 1329 5040 τῇ
1367 4968 1506 5039 Λείᾳ
1533 4971 1560 5022 ὁ
1606 4969 1825 5034 Ἰακὼϐ,
1899 4970 1996 5024 καὶ
2043 4971 2221 5024 τίκτει
2253 4971 2449 5033 παῖδας
2479 4969 2560 5022 ἔτι
2630 4967 2742 5022 δύω
2779 4967 2842 5021 τδ
2905 4966 3153 5035 γύναιον,
3186 4966 3278 5019 τὸν
3321 4965 3578 5036 Ἰσὰχαρ’
3609 4966 3702 5019 τὸν
3733 4968 3802 5019 ἐκ

517 5063 739 5133 μισθοῦ
761 5063 818 5116 δὲ
847 5065 1138 5134 γεγονότα
1170 5065 1433 5135 σημαίνει
1453 5065 1514 5118 τὸ
1540 5065 1749 5136 ϐνομα·
1784 5067 1879 5119 καὶ
1940 5065 2229 5119 Ζαϐουλὼν
2251 5081 2264 5094 °
2327 5065 2483 5133 δηλοῖ
2543 5065 2602 5117 δὲ
2644 5061 2736 5115 τὸν
2770 5060 3275 5130 ἠνεχυρασμένον
3325 5061 3533 5126 εὐνοίᾳ
3554 5061 3619 5130 τῇ
3655 5061 3801 5129 πρὸς

516 5158 725 5229 αὑτήν·
763 5158 858 5210 καὶ
885 5158 1162 5228 θυγατέρα
1205 5157 1502 5229 κληθεῖσαν
1539 5161 1753 5215 Δεῖναν.
1790 5161 2008 5214 Γίνεται
2041 5160 2098 5213 δὲ
2139 5162 2234 5213 καὶ
2295 5163 2362 5231 τῇ
2417 5159 2620 5230 Ῥαχὴλ
2655 5157 2773 5222 υίὸς
2847 5156 3048 5226 Ἰωσήφ
3073 5169 3088 5184 ⁸
3113 5155 3173 5208 τὸ
3197 5155 3240 5206 δ’
3270 5153 3443 5224 ὄνομα
3472 5153 3800 5226 προσθήκην

525 5253 660 5315 τινὸς
697 5253 1067 5322 γενησομένου
1109 5252 1280 5321 δηλοῖ.

587 5348 727 5404 Vlll.
759 5347 851 5404 Sic
906 5350 1069 5404 annis
1131 5347 1340 5419 vigenti
1407 5347 1650 5405 Jacobus
1691 5350 1870 5405 soceri
1933 5350 2105 5419 opilio

2289 5347 2374 5404 11'.
2406 5345 2544 5410 Ἔτη
2583 5343 2683 5416 μὲν
2731 5338 2825 5398 οὖν
2877 5343 3054 5396 εἰκοσι
3099 5341 3386 5413 ἐποίμαινε
3431 5340 3509 5411 τῷ
3546 5341 3798 5410 πενθερῷ

1725 5512 1924 5575 Varie:
1953 5513 2260 5576 lectiones
2292 5518 2352 5572 et
2390 5521 2583 5573 nota.

587 5655 701 5730 (50)
736 5659 1050 5728 Θεόκριτον
1081 5661 1330 5716 εἴποιεν.
1369 5660 1497 5715 Haec
1529 5661 1720 5715 Latine
1759 5661 1890 5716 satis
1936 5676 2092 5714 com-
2202 5688 2205 5708 ‹

2202 5677 2375 5730 quare
2402 5669 2518 5712 arta
2547 5657 2824 5730 quasnam
2860 5663 3075 5730 vertere
3115 5669 3306 5717 manui,
3335 5672 3498 5730 quam
3529 5667 3785 5723 astutum,

520 5727 690 5783 mode
729 5731 884 5784 reddi
937 5747 1047 5784 non
1096 5742 1344 5799 possunt.
1379 5732 1494 5785 sive
1527 5733 1765 5784 divinum
1807 5732 2092 5800 judicium,
2205 5727 2299 5785 aut
2347 5727 2719 5795 artiﬁciosum.
2765 5727 2840 5780 lta
2873 5727 3039 5800 etiam
3087 5729 3455 5800 μακαριστὴς,
3502 5730 3791 5792 beatorcm,

521 5808 611 5853 aut
641 5800 890 5864 iudicem,
921 5803 1036 5856 sive
1069 5797 1314 5856 divinitus
1350 5801 1655 5871 judicatum
1693 5797 1864 5856 dicas.
1915 5802 2099 5869 Εὑμη-
2206 5805 2249 5856 si
2286 5802 2472 5856 dicere
2507 5802 2688 5859 liceat,
2739 5797 3176 5871 quam___beatum
3243 5799 3430 5865 potius
3489 5801 3788 5869 signiﬁcat.

524 5873 752 5940 (ἀγητος
777 5872 1005 5941 passiva:
1028 5867 1445 5940 significationis
1475 5875 1658 5939 potius
1686 5887 1805 5926 esse
1839 5867 2057 5925 videtur
2083 5889 2097 5926 :
2212 5873 2533 5927 I’rosm’rum
2571 5885 2674 5937 ego
2703 5869 2860 5921 verti.
2901 5867 2986 5920 W.
