4098 6400
475 327 546 390 73
1743 329 2065 390 JOANNIS
2112 329 2431 390 ΖΟΝᾹΗΕ
3669 326 3749 387 ’16

475 447 653 498 adhuc
685 445 958 498 viventem
997 444 1205 498 invenit
1236 464 1247 498 :
1276 444 1370 499 sed
1401 445 1779 517 Rebeccajam
1808 447 2042 502 obierat.

2162 448 2468 515 κειμένων,
2531 449 2625 498 καὶ
2675 446 3035 515 ὀδυνωμένων
3100 447 3187 498 διὰ
3254 444 3352 516 τῂν
3408 443 3751 512 φλξγμονὴν,

475 540 584 590 Nec
615 537 787 590 multo
821 537 1122 606 postetiam
1149 537 1367 590 lsaacus
1401 538 1660 600 moritur,
1698 547 1754 593 et
1790 555 1897 592 una
1930 555 2056 592 cum

474 646 643 684 uxore
691 631 746 683 in
818 630 996 698 patrio
1063 638 1421 684 monumento
1477 631 1741 700 sepelitur
1777 671 1790 696 ,
1832 631 2061 701 expletis

471 723 596 775 ἰίιυ
622 722 784 777 annis
813 737 977 791 supra
1015 737 1240 777 cuxxv.

2169 538 2425 588 ἐπέθεντο
2475 537 2679 598 αὐτοῖς,
2722 541 2816 588 καὶ
2861 537 3073 589 ἀνεῖλον
3116 537 3387 597 ἅπαντας,
3424 534 3755 599 ἀγνοοῦντος

2168 629 2261 681 τοῦ
2306 629 2500 682 Ἰακώϐ
2540 647 2552 660 °
2606 624 2650 696 ᾧ
2697 629 3086 700 χαλεπαίνοντι
3136 629 3224 682 διὰ
3269 627 3465 689 ταῦτα,
3521 626 3754 696 Θαῤῥεῖν

2170 723 2460 776 ἐκέλευσεν
2503 725 2530 776 ὁ
2564 723 2720 786 Θεός.
2766 723 2975 779 Ἐλθὼν
3012 723 3068 776 δὲ
3117 725 3177 775 ἒν
3207 720 3415 791 Βαιθὴλ
3459 723 3486 774 ὁ
3528 717 3753 782 Ὶακὼϐ,

471 821 604 868 ὀπου
637 817 726 868 τὸν
751 817 962 886 ὄνειρον
993 817 1277 881 ἐθεάσατο,
1311 817 1522 873 ἔθυσεν.
1554 818 1663 870 Καὶ
1692 816 1922 887 προῖὼν,
1945 816 2043 887 τὴν
2099 817 2301 888 Ῥαχὴλ
2346 821 2409 870 ἐκ
2458 816 2683 870 τοκετοῦ
2761 817 3056 882 θανοῦσαν,
3122 819 3180 871 ἐν
3214 816 3465 886 Ἐφρατᾶ
3517 816 3742 868 θάπτει.

474 915 584 968 Καὶ
611 915 672 965 τὸ
705 913 764 977 ἐξ
810 913 980 982 αὐτῆς
1015 912 1228 966 παιδίον
1260 913 1523 982 Βενιαμὶν
1555 913 1804 977 ἐκάλεσε,
1835 910 1924 964 διὰ
1951 910 2050 981 τὴν
2090 910 2177 963 ἐπ’
2210 910 2359 980 αὖτῴ
2422 911 2727 981 γενομένην
2793 912 2860 981 τῇ
2898 910 3068 980 μητρὶ
3096 909 3314 979 ὀδύνην.
3355 894 3565 962 Ἐλθὼν
3593 907 3640 961 δ’
3665 909 3752 968 εἰς

472 1014 723 1084 Χεϐρὼν,
763 1011 916 1064 πόλιν
957 1009 1066 1062 τῶν
1114 1009 1464 1071 Χαναναίων,
1513 1006 1784 1060 κατέλαϐε
1850 1013 1946 1059 τὸν
2011 1008 2225 1076 πατέρα
2275 1005 2444 1059 αὐτοῦ
2477 1007 2666 1061 Ἰσαὰκ
2697 1005 2777 1057 ἔτι
2814 1005 3026 1070 ζῶντα·
3097 1007 3130 1074 ἡ
3197 1007 3253 1060 δὲ
3294 1007 3566 1062 Ῥεϐέκκα
3602 1009 3749 1080 ἔφθη

471 1111 677 1163 Οανεῖν.
727 1106 968 1176 Θνήσκει
1017 1102 1073 1155 δὲ
1111 1103 1249 1172 μετὰ
1287 1103 1462 1172 βραχὺ
1502 1102 1597 1154 καὶ
1639 1102 1667 1153 ὁ
1735 1100 1944 1165 Ἰσαὰκ,
1994 1100 2088 1153 καὶ
2165 1099 2434 1153 θάπτεται
2475 1101 2573 1152 σὺν
2631 1101 2700 1170 τῇ
2756 1099 2982 1169 γυναικὶ
3033 1099 3187 1168 παρὰ
3236 1099 3316 1170 τῷ
3365 1100 3570 1170 γονικῷ
3607 1119 3754 1171 μνη-

474 1203 631 1272 μείῳ,
667 1198 873 1270 βιώσας
918 1195 1012 1266 ἔτη
1069 1197 1232 1247 πέντε
1266 1195 1364 1246 καὶ
1400 1193 1733 1262 ὀγδοήκοντα
1764 1191 1900 1261 πρὸς
1929 1193 2042 1254 τοῖς
2079 1192 2295 1244 ἑκατόν.

540 1291 632 1344 lx.
669 1290 843 1344 Esaus
871 1297 1055 1342 autem
1101 1286 1352 1340 Idumaeas
1402 1284 1730 1355 imperabat,
1766 1282 1978 1352 regioni
2020 1298 2050 1336 a

472 1403 529 1440 se
560 1384 688 1437 dato
728 1381 974 1436 nomine.
1006 1379 1182 1434 Edom
1215 1379 1362 1434 enim
1411 1388 1639 1433 vocatus
1670 1377 1873 1441 fuerat,
1904 1375 2052 1446 quod

2220 1281 2297 1336 ϐ’.
2345 1281 2519 1335 Ἦσαῦ
2553 1281 2610 1334 δὲ
2641 1277 2782 1353 ἦρχε
2813 1279 2917 1352 τῆς
2986 1279 3320 1350 Ἰδουμαίας,
3359 1280 3600 1345 καλέσας
3644 1284 3751 1353 τὴν

2153 1371 2340 1444 χώραν
2369 1373 2466 1442 ἀφ’
2499 1373 2720 1428 ἑαυτοῦ.
2753 1371 2937 1442 Ἐδὼμ
2960 1373 3070 1443 γὰρ
3101 1374 3310 1436 ἐκεῖνος
3340 1373 3632 1443 ἐκέκλητο,
3661 1374 3752 1426 ὅτι

468 1477 767 1548 aliquando
822 1473 1115 1530 famelicus
1166 1488 1196 1527 a
1260 1480 1464 1526 venatu
1516 1485 1796 1534 reversus,
1844 1484 1970 1524 cum
2021 1482 2053 1522 a

2162 1467 2262 1520 ἀπὸ
2291 1467 2466 1538 θήρας
2492 1465 2625 1518 ποτὲ
2651 1464 2942 1536 λιμώττων
2972 1464 3309 1530 επανελθὼν,
3345 1467 3440 1518 καὶ
3466 1466 3559 1517 τὸν
3587 1465 3754 1518 ἀδελ-

467 1570 633 1622 fratre
667 1566 939 1636 petiisset,
971 1573 1031 1617 ut
1071 1564 1300 1627 lentem,
1333 1577 1500 1632 quam
1544 1562 1639 1617 ille
1669 1561 1776 1616 sibi
1804 1567 2050 1623 coxerat,

465 1663 640 1724 daret,
694 1654 1060 1728 jurejurando
1111 1653 1364 1716 adactus,
1397 1652 1578 1708 aetatis
1619 1651 2046 1723 praerogativam

466 1753 542 1807 illi
584 1751 876 1805 concessit.
934 1748 1013 1802 Ex
1057 1762 1124 1802 eo
1157 1745 1582 1818 cognominatus
1622 1757 1708 1800 est
1753 1743 1952 1808 Edom,
1977 1743 2050 1796 ob

465 1849 646 1902 rufum
715 1845 1011 1902 admodum
1065 1843 1230 1899 lentis
1250 1842 1512 1898 colorem.
1555 1841 1728 1896 Edom
1764 1854 1930 1910 porro
1951 1837 2056 1894 He-

465 1942 628 1999 braais
667 1940 847 2009 rufum
897 1935 1184 2008 signiﬁcat.
1227 1934 1468 1991 Jacobus
1518 1934 1818 2004 Josephum
1872 1933 1943 1987 ob
1999 1942 2055 1988 ct

465 2037 653 2089 vultus
702 2032 1060 2104 elegantiam,
1114 2039 1173 2084 et
1232 2030 1440 2101 ingenii
1484 2030 1894 2094 dexteritatem,
1941 2041 2054 2097 prae

463 2126 677 2181 «veteris
707 2121 994 2194 diligebat.
1029 2121 1218 2190 Itaque
1244 2129 1299 2174 et
1327 2119 1505 2190 patria
1528 2119 1790 2181 cliaritas,
1819 2127 1874 2173 et
1905 2133 2052 2172 som-

465 2221 551 2274 nia
585 2233 707 2288 qua:
736 2215 971 2280 viderat,
993 2213 1224 2267 fratrum
1260 2211 1524 2268 invidiam
1549 2212 1627 2266 illi
1659 2211 2051 2266 conciliarunt.

467 2310 687 2366 Somnia
718 2305 1038 2378 huiusmodi
1073 2303 1315 2359 fuerunt.
1339 2304 1522 2360 Unum
1564 2302 1874 2371 :Tempore
1909 2317 2052 2356 mes-

465 2407 542 2458 sis
574 2418 703 2459 eum
733 2401 998 2456 fratribus
1029 2407 1264 2462 metens,
1293 2395 1610 2466 manipulos
1641 2395 1748 2450 sibi
1775 2394 1947 2464 ligare
1997 2403 2053 2450 et

465 2509 822 2565 t-nrnponere,
856 2507 918 2547 ac
946 2506 1078 2546 suos
1107 2491 1368 2544 immotos
1415 2499 1591 2554 stare,
1627 2503 1767 2557 quos
1816 2487 2050 2541 fraterni

463 2591 822 2638 accurrentes
855 2579 1154 2634 adorarent
1183 2596 1194 2632 :
1227 2578 1489 2642 alterum,
1527 2593 1555 2632 a
1577 2579 1692 2633 sole
1722 2587 1777 2632 et
1808 2579 1938 2631 luna
1986 2592 2051 2632 ac

467 2673 697 2744 reliquis
727 2671 902 2727 stellis
937 2668 1157 2725 adorari
1187 2668 1290 2724 sibi
1321 2667 1642 2722 videbatur.
1676 2665 1784 2722 llas
1809 2667 2052 2721 visiones

465 2764 739 2821 fratribus
791 2761 961 2816 etiam
1007 2759 1383 2832 prazsentihus
1419 2761 1565 2830 patri
1622 2760 1870 2814 referens
1919 2758 2052 2829 quid

461 2858 564 2913 sibi
593 2855 822 2921 vellent,
847 2853 989 2909 scire
1014 2853 1294 2923 cupiebat.
1332 2853 1404 2908 At
1433 2853 1529 2906 ille
1562 2852 1886 2906 felicitatem
1919 2859 2051 2906 nato

463 2947 865 3012 denuntiabat,
922 2960 987 3000 ac
1019 2943 1135 2999 fore
1157 2953 1408 3014 tempus,
1436 2958 1548 3014 quo
1583 2954 1642 2998 et
1664 2959 1694 2998 a
1730 2943 2054 3013 parentibus

461 3049 520 3095 et
545 3055 574 3093 a
602 3036 872 3093 fratribus
897 3035 1198 3102 coleretur,
1231 3044 1288 3088 et
1319 3033 1666 3089 adoraretur.
1700 3033 1826 3088 Haec
1851 3034 2048 3089 fratres

2157 1558 2258 1626 φδν
2289 1557 2467 1628 εὑρὼν
2512 1556 2695 1628 φακῆν
2727 1558 3102 1624 έτοιμάσαντα
3133 1556 3315 1627 ἐαυτῷ
3346 1557 3486 1628 πρὸς
3512 1557 3749 1626 τροφὴν,

2159 1651 2312 1722 ήξίου
2338 1650 2522 1705 δοῦναι
2541 1651 2714 1722 αὐτῷ.
2741 1653 2798 1705 'O
2815 1651 2869 1705 δὲ
2889 1631 3185 1704 ἀποδόσθαι
3201 1649 3351 1722 αὺτῷ
3371 1651 3433 1703 τὸ
3455 1648 3752 1720 πρεσϐεῖον

2159 1744 2476 1814 ἠνάγκασεν
2520 1744 2644 1796 ἀντὶ
2697 1744 2798 1813 τῆς
2828 1745 3032 1814 φακῆς,
3070 1743 3163 1796 καὶ
3195 1744 3524 1812 παραχωρεῖ
3550 1740 3751 1794 τούτου

2163 1836 2284 1906 μεθ’
2312 1837 2492 1905 ὅρκων
2532 1835 2622 1888 διὰ
2675 1834 2766 1888 τὸν
2814 1835 3006 1906 λιμόν·
3042 1835 3165 1889 ὅθεν
3209 1835 3391 1906 Ἐδὼμ
3439 1836 3750 1905 ἐπεκλήθη,

2159 1927 2248 1980 διὰ
2280 1927 2381 1998 τὴν
2419 1925 2726 1996 ξανθότητα
2764 1928 2864 1997 τῆς
2897 1927 3078 1998 φακῆς
3107 1943 3121 1960 ⁸
3159 1927 3363 1997 σφόδρα
3401 1929 3510 1998 γὰρ
3538 1923 3608 1999 ἦν
3643 1928 3754 1997 τὴν

2159 2019 2352 2090 χροίαν
2394 2018 2649 2088 τοιαύτη.
2696 2018 2872 2088 Ἐδὼμ
2903 2019 2958 2072 δὲ
2992 2021 3135 2090 παρ’
3199 2019 3473 2091 Ἑϐραίοις
3503 2020 3565 2073 τὸ
3607 2020 3755 2090 ἐρυ..

2161 2110 2308 2178 θρὸν
2363 2110 2718 2182 ὀνομάζεται.
2763 2111 2960 2164 Ἰακὼϐ
3020 2113 3079 2166 δὲ
3126 2112 3218 2165 τὸν
3263 2113 3329 2167 ὲκ
3377 2112 3480 2181 τῆς
3549 2111 3757 2184 Ῥαχὴλ

2163 2205 2387 2276 Ἰωσὴφ,
2422 2207 2512 2261 διά
2537 2222 2598 2258 τε
2642 2206 2737 2277 τὴν
2770 2204 2865 2258 τοῦ
2898 2204 3200 2275 προσώπου
3234 2207 3486 2276 εὐφυΐαν,
3524 2207 3617 2260 καὶ
3648 2208 3758 2276 τὴν

2167 2296 2268 2365 τῆς
2300 2296 2482 2367 ψυχῆς
2513 2296 2738 2369 ἀρετὴν,
2767 2296 2932 2350 πλέον
2957 2296 3066 2350 τῶν
3085 2297 3265 2352 ἄλλων
3297 2297 3505 2352 παίδων
3533 2299 3752 2368 ἠγάπα.

2165 2389 2237 2442 "H
2269 2407 2330 2442 τε
2383 2391 2517 2457 γοῦν
2553 2389 2650 2443 τοῦ
2697 2391 2902 2461 πατρὸς
2946 2393 3177 2464 στοργὴ,
3214 2393 3307 2446 καὶ
3353 2393 3403 2445 οί
3427 2391 3629 2463 ὄνειροι
3656 2390 3758 2455 οὓς

2160 2481 2443 2547 ἐθεάσατο,
2461 2483 2540 2545 είς
2565 2481 2760 2550 φθόνον
2785 2483 2950 2536 αὑτοῦ
2970 2484 3094 2545 τοὺς
3119 2483 3382 2551 ἀδελφοὺς
3399 2483 3754 2554 κεκινήκασι.

2162 2574 2282 2627 Τῶν
2333 2575 2388 2628 δὲ
2441 2575 2739 2646 ὀνειράτων
2788 2575 2848 2628 τὸ
2895 2576 2996 2646 μὲν
3046 2571 3114 2647 ἦν
3166 2575 3429 2630 τοιοῦτον·
3488 2575 3575 2628 Ἐν
3629 2575 3759 2647 ὥρᾳ

2161 2666 2354 2736 θέρους
2377 2666 2572 2733 ἐδόκει,
2603 2668 2742 2736 μετά
2771 2667 2878 2720 τῶν
2906 2667 3154 2736 ἀδελφῶν
3173 2667 3428 2737 θερίζων,
3455 2667 3756 2738 δράγματα

2160 2759 2384 2827 δεσμεῖν
2429 2759 2525 2812 καὶ
2565 2759 2797 2824 τιθέναι,
2835 2759 2930 2812 καὶ
2961 2760 3026 2812 τὰ
3057 2760 3157 2830 μὲν
3195 2761 3364 2814 αὑτοῦ
3399 2762 3651 2832 ἠρεμεῖν,
3679 2762 3758 2815 τὰ

2160 2853 2216 2906 δὲ
2239 2853 2348 2906 τῶν
2373 2853 2620 2924 ἀδελφῶν
2644 2857 3054 2926 προστρέχοντα
3077 2859 3402 2928 προσκυνεῖν
3422 2858 3534 2920 τοῖς
3559 2856 3752 2912 αὐτοῦ.

2162 2947 2235 3000 Τὸ
2271 2947 2350 3009 δὲ,
2387 2948 2478 3001 τὸν
2515 2949 2666 3018 ἥλιον
2690 2948 2785 3002 καὶ
2819 2951 2918 3020 τὴν
2953 2949 3208 3020 σελήνην,
3247 2950 3340 3004 καὶ
3371 2952 3498 3014 τοὺς
3524 2951 3755 3015 λοιποὺς

2163 3041 2272 3092 τῶν
2304 3041 2552 3110 ἀστέρων
2584 3045 2916 3111 προσκυνεῖν
2965 3043 3142 3096 ἐδόκει
3175 3042 3346 3113 αὐτῷ.
3384 3043 3606 3106 Ταύτας
3647 3043 3755 3106 τὰς

464 3145 608 3203 σκετο
633 3129 804 3195 ferre,
831 3136 887 3182 et
944 3135 1100 3181 torve
1158 3125 1632 3181 adolescentulum
1666 3126 1890 3181 intueri.
1923 3128 2051 3182 Post

2164 3132 2314 3201 ὄφεις
2367 3133 2446 3204 τῷ
2499 3134 2666 3204 πατρὶ
2722 3134 3104 3202 διηγούμενος,
3155 3136 3441 3204 παρόντων
3495 3133 3588 3188 καὶ
3639 3134 3756 3187 τῶν

464 3223 581 3277 haec
617 3229 775 3292 pater
794 3219 1100 3289 Joseplium
1133 3218 1200 3273 ad
1231 3219 1393 3284 ﬁlios,
1422 3235 1618 3290 greges
1673 3219 1898 3275 Sicimis
1953 3236 2052 3290 pa-

464 3323 705 3379 scentes,
734 3313 915 3368 visum
942 3311 1132 3367 mittit.
1173 3309 1295 3378 Quo
1325 3321 1648 3381 conspecto,
1691 3312 1759 3366 ad
1795 3328 1922 3366 eum
1960 3329 2054 3382 pe-

464 3408 780 3464 rimendum
807 3415 938 3463 sunt
964 3405 1252 3462 concitati.
1281 3403 1386 3460 Sed
1421 3404 1619 3459 Ruben
1653 3404 1934 3470 monebat,
1987 3420 2056 3460 ne

466 3501 712 3556 fraterno
756 3498 1025 3570 sanguine
1065 3513 1267 3553 manus
1299 3497 1643 3568 polluerent,
1688 3497 1784 3553 sed
1818 3498 1870 3551 in
1925 3514 2056 3568 pro-

467 3597 676 3649 ximum
721 3604 952 3665 puteum
1021 3593 1336 3662 conjectum
1395 3591 1573 3646 emori
1636 3591 1926 3645 sinerent:
1979 3591 2059 3644 sic

464 3691 644 3745 levius
677 3688 796 3743 fore
837 3685 1077 3741 facinus.
1132 3684 1258 3751 Quo
1313 3682 1552 3739 consilio
1608 3681 2058 3737 adolescentibus

468 3784 721 3853 probato,
748 3794 981 3851 puerum
1017 3776 1225 3833 sensim
1266 3776 1322 3830 in
1357 3785 1588 3845 puteum
1617 3773 1864 3829 demisit.
1890 3773 2059 3828 ludas

467 3891 601 3930 vero
625 3873 878 3930 Arabicis
905 3868 1317 3926 mercatoribus
1339 3867 1493 3936 visis,
1522 3874 1722 3921 auctor
1757 3865 1818 3920 fit
1874 3865 2061 3920 fratri-

473 3971 581 4024 bus
621 3964 898 4022 vendendi
926 3963 1041 4018 illis
1080 3961 1334 4033 Josephi.
1371 3959 1797 4025 Assentiuntur,
1819 3974 2059 4028 eumque

468 4061 672 4133 viginti
705 4060 873 4115 minis
902 4058 1173 4123 vendunt,
1205 4071 1381 4112 annos
1404 4064 1596 4111 natum
1632 4055 2056 4126 septemdecim.

468 4156 668 4210 Ruben
709 4162 876 4208 noctu
945 4150 1013 4205 ad
1074 4158 1304 4220 puteum
1349 4148 1584 4214 accedit,
1637 4158 1699 4202 nt
1756 4146 2056 4218 Joseplinm

468 4245 597 4302 inde
619 4253 872 4315 ereptum
900 4243 1042 4298 clam
1079 4241 1348 4296 fratribus
1385 4248 1766 4295 conservaret.
1801 4237 1920 4304 Quo
1948 4254 2057 4293 non

469 4333 718 4399 invento,
789 4322 1010 4402 lugens,
1063 4330 1268 4385 fratres
1316 4328 1694 4385 criminatur:
1734 4329 1831 4383 sed
1873 4345 1931 4382 re
1990 4345 2059 4383 ex

469 4426 580 4495 28
612 4425 726 4480 illis
763 4425 1010 4496 cognita,
1045 4423 1238 4493 lugere
1270 4421 1498 4477 desinit.
1524 4420 1606 4475 llli
1644 4422 1830 4474 tunica
1870 4419 2059 4475 adole-

2160 3226 2460 3292 συγγόνων,
2493 3224 2590 3296 τὴν
2619 3224 2854 3295 δήλωσιν
2886 3225 3068 3296 ἐζήτει
3102 3225 3322 3295 μαθεῖν.
3370 3226 3428 3277 Ὀ
3471 3225 3528 3277 δὲ
3565 3223 3753 3278 εὐδαι-

2162 3317 2353 3382 μονίαν
2384 3317 2721 3388 κατήγγειλε
2750 3317 2828 3388 τῷ
2855 3317 3007 3370 παιδί
3037 3335 3047 3348 ι
3075 3314 3170 3370 καὶ
3197 3317 3385 3388 καιρὸν
3418 3317 3594 3388 ἥξειν,
3625 3317 3754 3370 καθ’

2161 3409 2218 3461 ὃν
2253 3409 2357 3461 ὑπὸ
2400 3409 2511 3462 τῶν
2559 3410 2768 3479 γονέων
2805 3410 3040 3462 καὶτῶν
3088 3410 3339 3480 ἀδελφῶν
3385 3412 3760 3482 τιμηθήσεται

2159 3503 2255 3555 καὶ
2287 3503 2822 3574 προσκυνηθήσεται.
2855 3503 3043 3557 Ταῦτα
3071 3504 3196 3568 τοὺς
3217 3503 3480 3572 ἀδελφοὺς
3507 3503 3755 3573 ἐλύπησε

2158 3594 2253 3648 τοῦ
2286 3595 2507 3664 Ἰωσὴφ,
2536 3595 2632 3647 καὶ
2685 3595 3056 3647 ὑπεϐλέποντο
3093 3595 3154 3648 τὸ
3201 3595 3506 3665 μειράκιον.
3541 3594 3761 3662 Νεμόν·

2158 3705 2267 3741 των
2293 3688 2349 3740 δὲ
2390 3689 2458 3739 τὰ
2492 3687 2722 3758 ποίμνια
2757 3687 2865 3740 τῶν
2900 3687 3108 3739 παίδων
3143 3687 3237 3740 τοῦ
3272 3685 3471 3740 Ἰακὼϐ
3502 3686 3559 3737 ὲν
3594 3685 3756 3736 Σικί-

2161 3795 2305 3848 μοις,
2329 3781 2356 3831 ὁ
2373 3779 2559 3850 πατὴρ
2582 3779 2791 3848 πέμπει
2814 3779 2904 3832 τὸν
2932 3779 3154 3849 Ἰωσὴφ,
3179 3778 3425 3842 ἐκείνους
3451 3778 3758 3846 ἐπισκεψό-

2164 3888 2349 3941 μενον.
2403 3873 2465 3924 Ut
2530 3870 2587 3924 δὲ
2637 3870 2828 3924 τοῦτον
2891 3872 3116 3934 ίδόντες,
3175 3870 3446 3941 ὥρμησαν
3513 3869 3756 3926 ἀνελεῖν.

2167 3966 2403 4036 Ῥουϐὶμ
2452 3966 2507 4018 δὲ
2561 3963 2940 4029 συνεϐούλευε,
2986 3965 3061 4034 μὴ
3114 3964 3442 4034 αὐτόχειρας
3500 3962 3761 4030 γενέσθαι

2165 4056 2260 4109 τοῦ
2291 4056 2547 4126 ἀδελφοῦ,
2575 4057 2688 4109 ἀλλ’
2710 4059 2791 4120 είς
2812 4059 2904 4109 τὸν
2929 4057 3338 4127 παρακείμενον
3360 4054 3562 4108 λάκκον
3592 4055 3758 4126 ῥίψαι

2160 4150 2358 4214 αιτδν,
2405 4151 2495 4203 ἵνα
2549 4149 2814 4203 ἀποοάνει
2851 4151 3003 4212 ἐκεῖ,
3034 4149 3128 4200 καὶ
3176 4147 3321 4202 οὕτω
3381 4147 3763 4219 μετριώτερον

2159 4243 2338 4295 ἔσοιτο
2364 4243 2425 4294 τὸ
2449 4241 2638 4295 κακόν.
2675 4241 3116 4294 Συναινεσάντων
3137 4239 3193 4292 δὲ
3223 4239 3300 4308 τῷ
3336 4239 3478 4308 λόγῳ
3506 4239 3612 4292 τῶν
3628 4256 3762 4291 νεα-

2160 4333 2385 4394 νίσκων,
2413 4331 2595 4386 λαϐὼν
2621 4334 2649 4384 ὁ
2695 4331 2924 4402 Ῥουϐῖμ
2949 4332 3011 4384 τὸ
3066 4331 3375 4401 μειράκιον,
3400 4333 3587 4402 ἡρέμα
3619 4332 3761 4384 καο-

2162 4429 2358 4495 ίκιησεν
2412 4426 2493 4486 εἰς
2545 4423 2638 4476 τὸν
2689 4423 2918 4479 λάκκον.
2952 4422 3152 4486 Ἰούδας
3199 4423 3257 4476 δὲ
3306 4425 3582 4494 ἐμπόρους
3629 4424 3762 4481 ίδὼν

470 4515 675 4572 scentis
697 4516 918 4570 hircino
943 4514 1215 4585 sanguine
1227 4514 1457 4584 polluta,
1475 4513 1543 4568 ad
1566 4523 1778 4584 patrem
1805 4514 2055 4578 veniunt,

2168 4516 2437 4587 Ἀραϐας,
2485 4517 2881 4570 συνεϐούλευσε
2934 4520 3046 4581 τοῖς
3103 4517 3358 4587 ἀδελφοῖς
3409 4519 3500 4571 τδν
3549 4505 3762 4591 Ἰωσὴφ

471 4611 740 4676 dicentes,
783 4625 842 4665 se
867 4607 1172 4676 Josepbum
1208 4621 1313 4662 nec
1347 4605 1578 4672 vidisse,
1627 4621 1731 4660 nec
1777 4606 2056 4676 quomodo

475 4703 787 4759 interiisset
833 4701 1025 4757 scire:
1073 4699 1170 4756 sed
1227 4698 1474 4754 tunicam
1536 4698 1685 4752 illam
1738 4697 2055 4768 reperiisse,

471 4803 818 4851 cruentatam
853 4801 909 4846 et
944 4791 1270 4847 laceratam.
1304 4788 1547 4846 Jacobus
1594 4804 1756 4844 sacco
1807 4789 2055 4856 indutus,

471 4887 772 4958 Josephum
826 4886 1000 4956 luget.
1052 4884 1122 4938 At
1175 4884 1331 4938 illum
1387 4899 1419 4938 a
1476 4883 1886 4938 mercatoribus
1923 4884 2061 4939 emit

476 4981 796 5050 Petcphres,
819 4979 986 5033 homo
1007 4975 1317 5050 IEgyptius,
1344 4975 1652 5031 Pharaonis
1674 4976 1820 5046 regis
1867 4975 2061 5045 coquis

476 5073 787 5144 prmfeetus,
805 5081 861 5127 et
887 5069 1192 5126 honorifice
1220 5077 1436 5125 tractat.
1468 5066 1668 5122 Herilis
1695 5077 1879 5121 autem
1900 5083 2060 5132 uxor,

475 5163 722 5219 etforma
747 5170 806 5218 et
838 5160 1172 5217 dexteritate
1195 5159 1317 5230 ejus
1345 5159 1400 5213 in
1431 5173 1677 5213 amorem
1708 5158 1911 5224 illecta,
1940 5173 2062 5212 ver-

477 5258 563 5313 bis
589 5257 654 5311 ad
693 5271 821 5311 eum
848 5257 918 5311 de
940 5269 1243 5324 congressu
1268 5251 1450 5318 factis,
1481 5251 1757 5321 repulsam
1794 5252 1904 5308 fert
1942 5269 1956 5306 :
1997 5267 2063 5306 ac

476 5348 656 5404 nihilo
701 5357 886 5402 tamen
940 5345 1125 5400 secius
1176 5343 1502 5414 cupiditatis
1554 5343 1754 5398 ardore
1809 5346 2059 5409 subacta,

480 5457 690 5511 speque
729 5437 1102 5510 persuadendi
1130 5437 1364 5508 deiecta,
1405 5437 1516 5490 vim
1541 5445 1720 5506 parat.
1750 5437 1819 5493 Ut
1873 5448 2058 5493 autem

478 5532 806 5586 adolescens
835 5539 990 5584 veste
1019 5529 1212 5584 relicta
1251 5529 1457 5594 exsilit,
1490 5528 1581 5582 illa
1619 5529 1794 5583 tristis
1845 5539 1899 5584 et
1933 5545 2059 5600 per-

483 5624 701 5680 turbata
731 5621 887 5676 sedet
926 5639 938 5674 :
988 5622 1302 5691 maritoque
1358 5637 1600 5685 reverso,
1639 5620 1936 5690 .Iosephnm
1971 5639 2062 5676 aea

481 5725 659 5780 cusat,
697 5713 1084 5768 demonstrans
1130 5724 1364 5776 vestem,
1417 5729 1581 5782 quam
1632 5713 1722 5767 ille
1758 5714 2062 5770 violaturus

480 5808 782 5872 dominam,
823 5805 1157 5876 reliquisset.
1188 5806 1488 5876 Petephres
1516 5804 1818 5875 Josephum
1853 5805 1906 5860 in
1937 5821 2060 5860 car-

2162 4611 2555 4682 ἀπεμπολῆσαι
2584 4611 2789 4674 αὐτοῖς.
2820 4613 2932 4664 Καὶ
2955 4611 3114 4676 δόξαν
3135 4609 3314 4676 τοῦτο,
3345 4614 3456 4674 τοῖς
3481 4611 3761 4682 ἐμπόροις

2163 4703 2328 4756 αὑτὸν
2375 4702 2726 4757 ἀποδίδονται
2777 4703 2928 4775 μνῶν
2961 4704 3159 4771 εἴκοσι,
3194 4705 3334 4758 ὲτῶν
3383 4706 3763 4759 ἑπτακαίδεκα

2165 4795 2450 4864 γεγονότα.
2516 4796 2747 4868 Ῥουϐὶμ
2815 4797 2874 4850 δὲ
2965 4797 3184 4868 νύκτωρ
3228 4799 3322 4850 ἐπὶ
3380 4798 3475 4850 τὸν
3552 4796 3762 4850 λάκκον

2164 4891 2371 4956 ἐλθὼν,
2445 4890 2512 4944 ἵν’
2589 4889 2857 4962 ἐξενέγκῃ
2918 4889 3009 4943 τὸν
3091 4890 3335 4960 Ἰωσὴφ,
3407 4889 3506 4942 καὶ
3563 4888 3712 4963 σώσῃ
3745 4931 3762 4957 ,

2162 4986 2290 5046 τοὺς
2357 4983 2622 5051 ἀδελφοὺς
2685 4981 2909 5048 λαθὼν,
2983 4984 3080 5036 καὶ
3157 4981 3230 5053 μή
3300 4981 3479 5053 εὑρὼν
3551 4982 3760 5050 αὑτὸν,

2166 5075 2379 5131 πενθῶν
2413 5076 2605 5147 ᾐτιᾶτο
2655 5076 2782 5138 τοὺς
2831 5074 3116 5143 ἀδελφούς.
3149 5077 3272 5129 Τῶν
3316 5074 3466 5128 δὲτὸ
3510 5076 3765 5145 πραχθὲν

2167 5167 2519 5238 φρασάντων,
2545 5165 2786 5220 παύεται
2829 5166 2926 5220 τοῦ
2949 5166 3201 5230 πένθους.
3229 5167 3336 5220 Τὸν
3353 5167 3409 5221 δὲ
3433 5167 3763 5238 χιτωνίσκον

2166 5260 2260 5314 τοῦ
2295 5260 2586 5331 μειρακίου
2611 5260 2804 5330 αἵματι
2835 5261 3044 5332 τράγου
3071 5259 3424 5331 μολύναντες,
3452 5255 3588 5333 ἧκον
3621 5261 3763 5331 πρὸς

2163 5351 2258 5404 τὸν
2299 5352 2536 5421 πατέρα,
2565 5352 2661 5406 καὶ
2704 5346 2878 5418 εἶπον,
2914 5353 3008 5406 τὸν
3059 5351 3159 5422 μὲν
3186 5353 3386 5423 Ἰωσήφ
3433 5351 3560 5422 μήτ’
3604 5353 3760 5418 ἰδεῖν,

2170 5437 2299 5508 μήθ’
2347 5439 2496 5502 ὅπως
2547 5439 2874 5509 διέφθαρται
2925 5443 3168 5508 γνῶναιο
3211 5443 3416 5512 χιτῶνα
3465 5442 3523 5495 δὲ
3570 5443 3763 5498 τοῦτον

2167 5532 2368 5599 εὑρεῖν,
2399 5533 2719 5602 ᾑμαγμένον
2768 5534 2863 5586 καὶ
2914 5533 3271 5605 διερρωγότα.
3319 5534 3519 5588 Ἰακὼϐ
3563 5534 3620 5588 δὲ
3665 5537 3765 5592 ἐπὶ

2168 5623 2245 5690 τῷ
2271 5623 2544 5692 μειρακίῳ
2573 5625 2790 5678 πενθῶν
2819 5626 3136 5691 ἐκαθέζετο,
3164 5632 3259 5680 καὶ
3283 5627 3486 5682 σάκκον
3509 5627 3761 5691 ὲνδύσας.

2169 5715 2273 5766 Τὸν
2303 5716 2504 5783 Ἰωσὴφ
2533 5715 2589 5767 δὲ
2622 5718 2684 5768 ὲκ
2717 5717 2827 5770 τῶν
2868 5717 3131 5787 ἐμπόρων
3165 5718 3421 5788 ὠνήσατο
3450 5717 3765 5786 Πετεφρὴς,

2167 5807 2305 5878 ἀνὴρ
2338 5807 2655 5878 Αἰγύπτιος,
2683 5809 2774 5863 ἐπὶ
2797 5809 2906 5864 τῶν
2930 5810 3200 5880 βασιλέως
3225 5808 3424 5881 Φαραὼ
3455 5811 3764 5881 μαγείρων,
