4098 6402
357 343 435 405 ’Π
1658 297 1975 402 sum."

2040 342 2072 401 ,ι
2108 340 2254 401 LIB.
2311 342 2361 400 ι.
3149 308 3162 320 ’
3591 352 3658 414 τε

362 463 461 514 καὶ
482 453 629 529 εἶχεν
655 457 817 511 αὑτὸν
838 456 897 508 ἐν
915 457 1077 526 τιμῇ.
1096 455 1209 525 Τῆς
1229 454 1285 508 δὲ
1310 456 1405 508 τοῦ
1423 453 1692 510 δεσπότου
1716 456 1978 525 γυναικὸς

2046 502 2054 521 ,
2083 469 2267 511 cerem
2311 454 2685 511 maleﬁcorum
2715 457 2912 529 conjici
2938 456 3117 531 jubet,
3148 477 3261 532 quo
3308 471 3373 518 et
3401 464 3664 536 pincerua

360 553 456 606 διά
488 569 549 604 τε
584 548 895 620 εὐμορφίαν
944 547 1040 603 καὶ
1087 546 1188 619 τὴν
1225 546 1391 601 αὐτοῦ
1444 545 1728 619 δεξιότητα
1776 549 1971 620 ὲρωτι.

2082 542 2392 601 Pharaonis
2420 561 2519 616 per
2544 546 2890 603 iracundiam
2921 550 3206 622 conjcctus
3235 552 3437 620 fuerat,
3469 565 3527 610 et
3555 573 3664 614 ma-

365 642 484 706 κῶς
509 641 872 711 διατεθείσης,
914 640 1010 694 καὶ
1040 638 1234 708 λόγους
1274 640 1406 711 περὶ
1447 638 1651 709 μίξεως
1693 655 1973 710 προσαγα-

2080 637 2253 708 gister
2291 638 2603 708 pistorum:
2632 640 2726 710 qui
2796 639 2933 696 inita
2990 658 3115 697 cum
3149 660 3217 703 eo
3261 645 3665 713 familiaritate.

363 735 612 805 γοὺσης,
659 734 1002 804 παρέπεμπε
1065 734 1167 803 τὴν
1229 732 1480 797 ἀξίωσιν.
1535 731 1599 785 ἸΙ
1667 731 1725 786 δὲ
1781 720 1971 795 δεινῶς

2080 732 2344 800 petebant
2371 734 2584 788 somnia
2620 733 2727 789 sibi
2762 734 2831 788 ab
2857 752 2924 790 eo
2948 750 3045 790 sua
3072 735 3367 794 declarari.
3399 740 3666 799 Pincerna

365 828 813 898 πολιορκουμένη
857 827 937 899 τῷ
981 826 1171 899 ἔρωτι,
1214 826 1483 897 δευτέραν
1528 826 1703 896 ἐπῆγε
1749 827 1968 897 πεῖραν,

2078 825 2247 880 vitem
2277 825 2385 881 sibi
2415 826 2602 882 videre
2633 826 2784 883 visus
2821 826 3024 895 fuerat.
3065 829 3210 885 unde
3249 839 3360 888 tres
3411 834 3668 903 palmites

363 922 459 975 mi
495 921 558 973 τὸ
584 920 795 974 πείθειν
827 918 1170 989 ἀπογνοῦσα,
1206 918 1495 990 βιάζεσθαι
1530 918 1744 990 ἤθελεν.
1786 919 1875 982 Ὠς
1913 919 1970 971 δὲ

2078 925 2501 980 enasccrentur.
2551 919 2617 972 de
2675 920 2881 989 quibus
2932 936 3143 992 magnae
3180 934 3237 978 et
3280 934 3512 979 matura:
3551 942 3667 981 uva:

366 1014 465 1067 καὶ
510 1012 573 1066 τὸ
605 1012 825 1082 ἱμάτιον
868 1016 896 1066 ὸ
936 1012 1223 1076 νεανίσκος
1254 1009 1598 1067 καταλιπὼν.
1639 1010 1967 1081 ἐξεπήδησε,

2079 1009 2483 1079 dependerent.
2526 1016 2666 1082 q’uas
2698 1012 2751 1066 in
2783 1012 3025 1083 phialam
3050 1015 3413 1086 exprimeret,
3433 1033 3668 1089 eamque

364 1107 616 1175 καθῆστο
666 1104 923 1176 κατηφὴς
976 1104 1072 1158 καὶ
1118 1104 1527 1176 συγκεχυμένη.
1561 1102 1803 1157 Ἐλθόντι
1831 1101 1887 1156 δέ
1921 1103 1968 1155 τ’

2078 1102 2351 1158 Pharaoni
2380 1103 2629 1169 offerret.
2655 1106 2751 1176 qui
2774 1105 3009 1177 benigne
3027 1118 3367 1178 acceptaret.
3393 1109 3668 1180 Josephus

366 1196 528 1265 ἀνδρὶ
577 1196 878 1266 κατηγόρει
917 1193 1015 1248 τοῦ
1054 1194 1279 1266 Ἰωσὴφ,
1336 1196 1433 1249 καὶ
1478 1196 1540 1249 τὸ
1603 1196 1820 1264 ἱμάτιον
1866 1196 1967 1247 ἐπ-

2078 1192 2279 1248 bonam
2318 1196 2520 1251 somnii
2547 1212 2669 1253 csse
2701 1196 3162 1269 significationem
3186 1200 3467 1256 asserebat
3498 1220 3511 1254 :
3540 1218 3666 1257 nam

366 1286 671 1349 εδείκνυεν,
698 1286 775 1350 ὣς
805 1285 886 1341 ὅτ’
914 1286 1190 1357 ἐπεχείρει
1228 1286 1533 1357 βιάζεσθαι,
1578 1285 1968 1349 καταλιπόντος

2073 1286 2224 1342 intra
2261 1287 2509 1344 triduum
2552 1289 2845 1360 pristinam
2875 1289 2927 1345 ei
2969 1289 3315 1346 functionem
3349 1293 3666 1350 restitutum

365 1380 522 1434 αὑτό.
557 1379 846 1451 Πετεφρὴς
883 1379 941 1432 δὲ
972 1380 1053 1441 είς
1096 1377 1193 1451 τὴν
1232 1377 1342 1431 τῶν
1374 1377 1701 1451 κακούργων
1739 1376 1967 1449 εἱρκτὴν

2079 1379 2196 1435 iri:
2225 1380 2577 1452 petebatque,
2635 1391 2697 1437 ut
2760 1383 2807 1437 is
2868 1382 3038 1438 rebus
3085 1384 3201 1440 suis
3244 1386 3525 1452 secundis,
3581 1390 3667 1446 sui

362 1471 629 1541 ἐμϐάλλει
673 1472 766 1525 τὸν
802 1472 1012 1541 Ἰωσὴφ
1040 1510 1057 1535 ,
1089 1472 1148 1524 ὲν
1265 1471 1359 1524 καὶ
1403 1470 1433 1524 6
1473 1470 1710 1540 οἰνοχόος
1763 1468 1967 1541 Φαραὼ

2079 1466 2490 1523 recordaretur.
2549 1470 2824 1526 Pistorum
2851 1481 3037 1527 autem
3069 1474 3332 1545 magister
3374 1475 3528 1532 visus
3555 1478 3661 1534 sibi

360 1560 489 1615 κατ’
519 1561 693 1635 ὀργὴν
734 1562 1142 1626 ὲνεκέκλειστο,
1174 1561 1272 1616 καὶ
1321 1564 1350 1616 ὁ
1397 1560 1841 1632 ἁρχιιιιτοιτοιός⁸
1884 1556 1967 1625 οἷς

2076 1556 2259 1614 fuerat
2279 1559 2384 1615 tria
2413 1561 2655 1618 canistra
2687 1564 2741 1618 in
2766 1564 2944 1635 capite
2974 1565 3142 1631 ferre,
3176 1566 3287 1621 duo
3319 1567 3478 1637 plena
3510 1572 3668 1639 pani-

363 1654 608 1726 συνήθης
667 1655 991 1726 γενόμενος,
1053 1654 1277 1728 ἠξιοῦτο
1341 1656 1554 1726 φρᾶσαι
1616 1657 1803 1719 αὐτοῖς
1852 1655 1965 1709 τῶν

2074 1647 2200 1715 bus,
2234 1651 2458 1707 tertium
2489 1652 2721 1708 obsonio
2745 1655 2982 1710 ett'ariis
3006 1655 3146 1711 cibis
3166 1656 3455 1723 refertum,
3487 1674 3609 1729 qua:
3635 1675 3665 1716 a

359 1746 635 1801 ινυπνίων
656 1747 758 1819 τὴν
780 1748 1038 1818 δήλωσιν.
1073 1749 1132 1802 '0
1164 1748 1265 1820 μὲν
1304 1749 1415 1820 γὰρ
1446 1748 1685 1819 οίνοχόος
1716 1734 1964 1818 ἄμπελον

2082 1744 2473 1800 devolantibus
2499 1746 2727 1802 alitibus
2755 1746 3153 1817 diriperentur.
3172 1749 3516 1806 Dixitautem
3536 1752 3678 1808 huic

360 1840 499 1910 ἐρᾷν
524 1839 729 1907 ἔδοξεν,
764 1839 823 1906 ἐξ
851 1837 919 1915 ἧς
953 1840 1087 1912 τρίᾶ
1112 1842 1341 1913 ἐφύοντο
1368 1841 1648 1913 κλήματα,
1679 1835 1755 1895 ὧν
1780 1839 1972 1912 ἀπῃώ-

2077 1838 2243 1893 etiam
2268 1836 2561 1909 Joscphus,
2606 1840 2712 1893 tria
2758 1839 3004 1895 canistra
3039 1841 3353 1912 signiﬁcare
3395 1843 3666 1906 triduum.

362 1946 533 2000 ρηντο
580 1930 813 2000 μεγάλοι
870 1935 966 1987 καὶ
1025 1934 1277 2005 πέπειροι
1323 1934 1569 2004 βότρυες.
1621 1931 1858 1997 Τούτους
1918 1930 1968 1985 δ’

2075 1946 2140 1984 ac
2168 1929 2257 1986 die
2280 1930 2460 2013 .tertia
2502 1947 2835 2003 suspensum
2891 1949 3021 1988 eum
3065 1935 3379 1991 carnivoris
3434 1936 3666 1993 alitibus

359 2019 682 2075 ἀποθλίϐειν
729 2024 811 2087 εἰς
853 2024 1080 2095 φιάλην,
1114 2025 1210 2079 καὶ
1253 2028 1555 2097 προσάγειν
1602 2026 1681 2097 τῷ
1734 2026 1962 2098 Φαραὼ,

2070 2024 2190 2079 fore
2218 2024 2426 2080 cibum.
2469 2025 2701 2099 Utrique
2760 2028 3016 2084 accidere
3065 2044 3189 2099 quae
3215 2030 3492 2102 Josephus
3529 2047 3667 2102 pra:-

361 2111 623 2167 κάκεῖνον
650 2114 841 2170 λαῦετν
880 2118 1194 2188 προσηνῶς.
1235 2117 1450 2188 ’Λγαθά
1482 2119 1616 2187 γοῦν
1670 2117 1962 2189 σημαίνειν
2074 2120 2318 2176 dixerat.

359 2206 518 2279 αὐτῷ
553 2208 646 2262 τὸν
674 2207 889 2281 θνειρον
916 2210 1169 2281 ἐξηγεῖτο
1199 2212 1227 2265 ὁ
1258 2210 1486 2282 Ἰωσήφ.
1519 2211 1612 2264 Ἐν
1646 2211 1757 2282 γὰρ
1788 2212 1969 2282 τρισὶν
2009 2211 2250 2283 ἡμέραις
2312 2215 2432 2272 ταῖς
2498 2213 2908 2284 προσαγούσαις
2939 2215 3020 2279 είς
3050 2216 3114 2268 τὸ
3150 2216 3418 2291 πρότερον
3451 2219 3665 2275 duom-

359 2300 776 2374 τασταθήσεται
812 2302 1151 2375 διακόνημα,
1185 2304 1278 2358 καὶ
1310 2304 1468 2375 ἠξίου
1503 2304 1818 2376 μεμνῆσθαι
1858 2305 2051 2370 αὑτοῦ,
2115 2306 2574 2378 εὐπραγήσαντα.
2659 2308 2717 2361 'U
2755 2308 2812 2362 δὲ
2846 2310 3258 2380 ἀρχισιτοποιὸς
3324 2310 3455 2381 τρία
3522 2315 3666 2370 κανᾶ

360 2398 545 2451 ἐδόκει
604 2396 793 2468 φέρειν
848 2397 944 2452 ἐπὶ
991 2400 1090 2468 τῆς
1136 2398 1407 2470 κεφαλῆς,
1459 2399 1555 2453 δύο
1619 2400 1719 2469 μὲν
1768 2398 1953 2469 ἄρτων
1993 2399 2199 2472 πλήρη,
2225 2400 2286 2454 τὸ
2318 2399 2363 2452 δ’
2430 2400 2621 2472 ἕτερον
2666 2400 2802 2472 ὕψου
2850 2404 2946 2457 καὶ
2985 2404 3253 2460 ποικίλων
3328 2405 3662 2478 βρωμάτων.

362 2489 450 2546 Τὰ
508 2490 568 2545 δὲ
628 2492 1005 2563 διαρπαγῆναι
1061 2492 1167 2545 ὑπὸ
1220 2478 1452 2563 πτηνῶν
1510 2493 1961 2563 καθιπταμένων.
2008 2493 2157 2572 ’.Εφη
2200 2493 2258 2546 δὲ
2308 2496 2404 2547 καὶ
2432 2494 2610 2565 τούτῳ
2655 2495 2684 2547 ὁ
2749 2496 2951 2567 Ἰωσὴφ
2995 2497 3065 2550 τὰ
3106 2498 3235 2569 τρία
3303 2502 3447 2553 κανᾶ
3492 2501 3667 2572 τριῶν

362 2583 598 2656 ἡμερῶν
617 2579 761 2638 εἶναι
787 2584 1127 2656 σημαντικὰ,
1153 2584 1250 2640 καὶ
1274 2589 1332 2641 έν
1351 2589 1419 2658 τῇ
1438 2584 1599 2659 τρίτῃ
1623 2586 1809 2657 ἡμέρα
1834 2568 2053 2656 μέλλειν
2106 2585 2270 2641 αὐτὸν
2330 2586 2742 2658 κρεμασθέντα,
2812 2568 3187 2660 σαρκοφάγοις
3220 2588 3447 2645 ἔσεσθαι
3497 2568 3665 2663 βορὰν

364 2680 665 2742 πετεινοῖς.
700 2678 903 2746 Γέγονε
935 2677 983 2730 δ’
1011 2675 1101 2731 ἐπ’
1134 2679 1362 2749 ἀμφοῖν,
1396 2679 1471 2744 ὡς
1502 2677 1704 2747 Ἰωσὴφ
1744 2678 2082 2750 ἐξηγήσατο.

442 2770 502 2827 ι’.
544 2767 679 2826 Εἶτα
724 2773 804 2842 τῷ
841 2769 1044 2843 Φαραὼ
1075 2772 1105 2825 ὁ
1152 2770 1284 2835 Θεὸς
1323 2771 1476 2841 ὄψεις
1520 2772 1790 2826 ἐνυπνίων
1836 2774 1958 2825 ἑπι-

2138 2770 2206 2830 X.
2240 2773 2375 2827 Post
2394 2773 2512 2830 haec
2538 2774 2687 2829 Deus
2721 2774 2996 2830 Pharaoni
3033 2777 3165 2833 bina
3221 2779 3339 2835 visa
3374 2779 3430 2835 in
3454 2785 3667 2838 somnis

361 2864 585 2935 πέμπει
611 2863 820 2927 διττὰς,
848 2864 944 2916 καὶ
973 2863 1073 2927 τὰς
1104 2861 1368 2934 δηλώσεις
1404 2865 1631 2935 ἀμφοῖν.
1677 2862 1736 2917 '0
1773 2864 1830 2917 δὲ
1851 2863 1963 2917 τῶν

2065 2867 2995 2937 oﬂ'ert.eorumqueenarrationes.
3015 2869 3087 2924 At
3132 2867 3226 2925 ille
3275 2870 3391 2927 visa
3435 2872 3662 2944 quidem

364 2959 473 3027 μὲν
524 2956 702 3027 ὄψεων
748 2958 1149 3028 ὲμιμνήσκετο,
1171 2958 1280 3010 τῶν
1320 2956 1365 3010 δ’
1402 2958 1722 3028 ἐξηγήσεων
1764 2957 1963 3013 ἑπελά-

2064 2958 2416 3025 meminerat,
2448 2959 2869 3015 enarrationum
2896 2969 3082 3015 autem
3107 2963 3318 3018 oblitus
3335 2963 3538 3020 fuerat.
3560 2966 3665 3022 Ita-

359 3049 517 3105 θετο.
549 3049 826 3117 Συγκαλεί
854 3051 1038 3104 τοίνυν
1064 3051 1195 3114 τοὺς
1231 3050 1341 3103 τῶν
1370 3050 1695 3119 Αἰγυπτίων
1741 3050 1963 3121 σοφοὺς,

2067 3062 2174 3118 quc
2190 3048 2466 3117 sapientes
2482 3046 2864 3121 Egyptiorum
2878 3060 3166 3117 convocat,
3186 3053 3399 3108 somnia
3414 3065 3661 3122 enarrat,

359 3147 467 3201 καὶ
532 3146 875 3217 ἀπαγγέλλει
951 3148 1137 3211 αὐτοῖς
1200 3147 1270 3201 τὰ
1340 3144 1571 3201 ἐνύπνια
1599 3184 1616 3210 ,
1698 3145 1796 3200 καὶ
1866 3146 1967 3215 τὴν

2071 3140 2589 3212 interpretationem
2634 3140 2878 3212 expetit:
2909 3140 3117 3213 quibus
3146 3142 3535 3202 haesitantibus
3555 3144 3665 3202 ira-

357 3240 602 3311 δήλωσιν
629 3242 891 3296 ἁπαιτείο
948 3239 1307 3313 ἀπορούντων
1358 3239 1403 3293 δ’
1452 3239 1704 3302 ἐκείνων,
1739 3235 1962 3308 ὀργίζε-

2069 3234 2263 3291 scitur.
2287 3234 2358 3291 At
2374 3235 2659 3306 pincerna,
2677 3235 2777 3290 etsi
2794 3234 3009 3305 pridem
3027 3235 3253 3304 oblitus,
3273 3236 3494 3294 tandem
3510 3238 3664 3296 Josc-

359 3351 484 3389 ται.
555 3335 615 3387 Ὀ
663 3333 708 3390 δ’
763 3335 1026 3404 οἰνοχόος,
1086 3335 1135 3386 εί
1191 3334 1285 3387 καὶ
1346 3332 1424 3404 μὴ
1479 3332 1769 3402 πρότερον,
1823 3328 1963 3384 ἀλλὰ

2068 3326 2165 3398 phi
2183 3326 2326 3384 redit
2342 3328 2398 3382 in
2418 3326 2744 3383 memoriam
2762 3345 2777 3384 :
2799 3328 2867 3384 de
2880 3342 2948 3384 eo
2968 3343 3152 3400 regem
3169 3329 3389 3386 edocet.
3414 3330 3660 3389 Adduci-

358 3427 493 3481 τότε
580 3426 720 3499 πρὸς
815 3427 1044 3499 μνήμην
1137 3420 1243 3498 ἦκε
1334 3424 1431 3479 τοῦ
1525 3423 1724 3495 Ἰωσὴφ
1761 3465 1776 3491 ,
1868 3424 1965 3475 καὶ

2069 3426 2161 3473 tur
2175 3416 2286 3488 29
2308 3418 2398 3473 ille
2420 3418 2625 3475 statim.
2653 3417 2754 3475 Cui
2778 3434 2874 3475 rex
2904 3436 2919 3474 :
2947 3418 3283 3487 Adolescens,
3303 3421 3501 3491 inquit,
3518 3439 3664 3477 som-

359 3520 619 3575 διδάσκει
714 3521 846 3591 περὶ
938 3519 1155 3573 ἑκείνου
1241 3518 1335 3573 τὸν
1414 3518 1638 3589 Φαραώ.
1731 3518 1963 3587 ’Δγεται

2066 3510 2279 3564 niorum
2306 3526 2425 3581 qua:
2471 3509 2579 3566 uidi
2600 3511 2868 3579 judicium
2903 3514 3032 3568 mihi
3065 3513 3302 3568 declara.
3350 3513 3470 3569 Vidi
3510 3515 3661 3572 boues

358 3613 550 3667 τοίνυν
593 3611 814 3667 αὐτίκα.
863 3611 925 3665 '0
974 3611 1032 3664 δὲ
1085 3611 1221 3682 φησί
1250 3628 1264 3642 ο
1301 3612 1548 3676 Νεανιά,
1579 3608 1809 3681 φράσαι
1856 3625 1963 3679 μοι

2066 3618 2140 3657 vn
2169 3603 2431 3674 pinguese
2453 3604 2674 3673 ﬂumine
2706 3604 3042 3659 ascendentes
3066 3646 3082 3672 ,
3114 3622 3172 3660 se
3201 3607 3441 3677 conferre
3470 3607 3540 3662 ad
3563 3626 3661 3679 pa-

358 3705 487 3774 τὴν
552 3706 758 3777 κρίσιν
816 3704 938 3758 τῶν
1002 3704 1348 3773 ὀνειράτων,
1408 3697 1610 3772 ὦνπερ
1660 3702 1960 3772 τεθέαμαι.

2067 3694 2242 3750 ludem
2267 3735 2284 3761 ,
2332 3696 2519 3767 quibus
2559 3696 2656 3752 alii
2694 3713 2771 3753 vn
2805 3709 3139 3754 occurrerent
3183 3708 3365 3754 tenues
3414 3710 3464 3755 et
3517 3702 3660 3773 {ante

364 3797 595 3863 ἐδοξα
644 3797 804 3865 βόας
865 3796 1183 3867 εὐτραφεῖς
1246 3795 1396 3850 ἑπτὰ
1462 3795 1786 3864 προϊόντας
1851 3792 1961 3848 τοῦ

2066 3788 2332 3860 confecti:
2362 3799 2522 3862 atque
2552 3792 2829 3862 pinguibus
2852 3790 2960 3846 illis
2986 3792 3250 3848 devoratis
3268 3833 3282 3858 .
3307 3808 3457 3863 teque
3482 3801 3660 3848 tenues

359 3890 645 3959 ποταμοῦ
685 3890 838 3958 πρὸς
868 3890 937 3943 τὸ
971 3888 1115 3955 ἕλος
1143 3887 1360 3959 χωρεῖν
1388 3905 1402 3918 ο
1445 3889 1692 3955 ἐτέρους
1726 3885 1777 3939 δ’
1809 3885 1962 3939 ἐπτά

2066 3894 2363 3939 manerent.
2419 3883 2624 3940 Rursus
2660 3886 2767 3941 vidi
2793 3887 2968 3957 spicas
2992 3903 3069 3943 vn
3093 3927 3109 3951 .
3136 3903 3201 3942 ea:
3237 3903 3344 3942 uno
3360 3897 3542 3961 vegeto
3567 3904 3662 3942 ca-

357 3982 649 4053 ισχνοὺς,
678 3984 794 4037 ικαὶ
842 3983 1250 4054 τετηγμένους
1287 3978 1443 4051 λιμῷ
1477 3980 1587 4034 τοῦ
1634 3978 1820 4046 ἕλους
1862 3978 1961 4043 ἐξ-

2064 3973 2209 4029 lamo
2262 3984 2490 4044 enatas,
2542 3978 2776 4048 pondere
2832 3994 3126 4049 granorum
3181 3980 3474 4037 inclinatas
3528 3995 3549 4035 :
3595 4001 3659 4040 ac

357 4077 666 4143 ελθόντας
717 4074 1112 4145 συναντῆσαι
1172 4077 1441 4142 τούτοις,
1497 4075 1596 4129 καί
1647 4071 1961 4143 βρωθῆναι

2061 4084 2230 4140 prope
2277 4069 2401 4125 illas
2436 4072 2654 4126 totidem
2705 4073 2883 4128 uidere
2916 4074 3131 4128 videbar
3171 4076 3344 4145 spicas
3371 4086 3589 4147 tenues,
3615 4094 3664 4138 ct

356 4168 532 4240 παρὰ
565 4166 686 4223 τῶν
714 4167 1011 4239 δευτέρων
1052 4168 1198 4235 τοὺς
1239 4166 1511 4237 πρώτους
1550 4167 1649 4219 καὶ
1720 4166 1958 4230 πίονας,

2066 4163 2129 4215 ob
2174 4163 2483 4235 squalorem
2506 4174 2723 4235 aspectu
2748 4166 2948 4236 fades,
2985 4182 3104 4237 qua:
3146 4176 3197 4221 et
3228 4168 3358 4239 ipsa:
3397 4170 3654 4239 fecundas

356 4261 471 4318 καί
502 4261 713 4333 μένειν
766 4260 850 4315 ἐτ’
906 4261 1134 4327 αὐτοὺς
1191 4259 1406 4331 ὁμοίως
1456 4259 1730 4329 ίσχνοὺς.
1774 4253 1959 4324 Αὖθις

2062 4268 2115 4313 et
2142 4258 2394 4328 pulchras
2427 4268 2812 4315 consumerent.
2841 4258 2922 4315 Ad
2955 4259 3072 4316 haec
3094 4261 3370 4331 Iosephus
3392 4279 3412 4319 :
3437 4264 3557 4321 Etsi
3579 4307 3596 4331 ,
3625 4284 3656 4322 ο

356 4356 417 4410 δ’
459 4354 582 4424 δρῶ
629 4354 906 4424 στάχυας
941 4354 1096 4408 ἑπτὰ
1143 4353 1448 4423 ἐκφύντας
1474 4348 1638 4420 ῥίζης
1661 4348 1802 4419 μιᾶς
1852 4352 1960 4406 θα-

2062 4366 2190 4413 τετ,
2230 4350 2449 4422 inquit,
2491 4352 2701 4405 somnia
2740 4351 2865 4405 bina
2912 4362 3076 4419 sunt,
3122 4353 3308 4408 eadem
3357 4364 3537 4411 tamen
3585 4368 3662 4413 est

356 4448 591 4518 λεροὺς
634 4447 735 4501 καί
784 4446 1184 4518 κεκλιμένους
1227 4443 1309 4511 τῷ
1340 4444 1517 4514 ,βάρει
1555 4443 1637 4510 τῷ
1670 4442 1776 4497 τοῦ
1818 4459 1958 4513 καρ-

2150 4444 2337 4513 ηὶιιεᾳιιε
2392 4443 2450 4497 in
2498 4443 2737 4513 futurum
2793 4445 3137 4515 signiﬁcatio.
3190 4446 3334 4503 Nam
3383 4459 3432 4503 et
3461 4451 3611 4509 boves
3640 4495 3656 4520 .
3759 4467 3768 4480 '

360 4540 511 4595 ποῦ.
584 4540 864 4607 Πλησίον
916 4538 972 4592 δ’
1026 4536 1229 4594 αὐτῶν
1284 4539 1637 4606 ἰσαρίθμους
1702 4533 1961 4589 ἐδόκουν

2068 4533 2280 4591 animal
2311 4537 2520 4591 arando
2552 4538 2788 4592 exerceri
2822 4540 3042 4594 solitum
3064 4579 3081 4605 ,
3120 4558 3152 4594 a
3187 4543 3536 4601 deterioribus
3572 4550 3663 4602 de-

359 4632 524 4702 ὁρᾷν
570 4630 845 4699 στάχυας
889 4628 1173 4698 ἀδρανεῖς
1207 4629 1327 4684 ὑπὸ
1360 4626 1652 4697 ἀδροσίας
1685 4625 1785 4680 καί
1813 4627 1965 4696 πρὸς

2068 4628 2244 4684 uorati
2266 4669 2282 4693 ,
2313 4637 2363 4684 et
2390 4630 2549 4700 spicae
2574 4633 2822 4700 ﬂorentes
2849 4648 2883 4685 a
2917 4633 3158 4688 tenuibus
3205 4634 3497 4707 absumpta:
3518 4677 3535 4702 .
3586 4649 3660 4694 tot

359 4723 591 4791 ὅρασιν
635 4720 865 4788 ἀηδεῖς,
922 4720 982 4775 ot
1033 4721 1135 4774 καὶ
1172 4717 1522 4787 ἀνήλισκον
1575 4715 1716 4783 τοὺς
1753 4714 1969 4784 εὐκάρ-

2070 4739 2335 4779 annorum
2379 4724 2574 4794 famem
2615 4734 2718 4780 tua:
2765 4726 2969 4797 regioni
3008 4728 3360 4799 portendunt,
3394 4747 3512 4786 cum
3538 4734 3660 4803 qui-

360 4835 530 4883 πους
563 4832 627 4869 τε
660 4814 761 4869 καί
790 4814 1071 4883 ὡραίους.
1119 4813 1180 4867 Ὀ
1209 4811 1254 4865 δ’
1316 4810 1519 4882 Ἰωσήφ
1544 4826 1559 4841 ⁶
1608 4808 1741 4866 Κᾶν
1774 4809 1965 4877 διττὰ,

2071 4815 2191 4870 dem
2223 4818 2443 4870 totidem
2491 4818 2647 4872 annis
2691 4825 2977 4888 proventus
3018 4835 3245 4875 annonis
3284 4821 3583 4879 uberrimus
3625 4844 3658 4880 a

362 4910 567 4983 φησιν,
603 4902 651 4963 ὦ
686 4906 978 4972 βασιλεῦ,
1013 4905 1135 4961 εἰσὶ
1177 4903 1249 4959 τὰ
1284 4903 1565 4969 ἐνύπνια,
1620 4901 1783 4956 ἀλλὰ
1816 4901 1969 4970 μίαν

2071 4909 2449 4979 posterioribus
2492 4910 2561 4963 sit
2611 4909 2987 4965 absumendus.
3043 4913 3122 4969 Tu
3146 4928 3289 4980 vero,
3338 4916 3385 4970 si
3429 4918 3660 4986 priorem

360 5008 593 5075 ἔχουσι
639 5000 762 5056 τῶν
800 5002 1160 5071 μελλόντων
1187 4998 1306 5066 τὴν
1329 4996 1625 5064 δήλωσιν.
1665 4994 1733 5048 οῖ
1763 5011 1828 5047 τε
1857 4994 1969 5065 γὰρ

2072 5005 2280 5074 copiam
2301 5004 2356 5057 in
2384 5003 2682 5059 sterilitatis
2706 5021 2878 5059 annos
2908 5008 3204 5075 seposueris
3223 5047 3241 5072 ,
3270 5023 3482 5064 sensum
3511 5012 3662 5065 istius

356 5096 544 5162 βόες,
591 5091 740 5155 ζῶον
782 5093 877 5147 ἐπ’
904 5092 1138 5161 ἀρότρῳ
1171 5090 1426 5155 πονοῦν,
1458 5088 1581 5144 ὑπὸ
1610 5084 1730 5142 τῶν
1772 5088 1970 5158 χειρός-

2074 5094 2402 5150 calamitatis
2452 5093 2717 5166 ngyptiis
2771 5096 2994 5153 adimes.
3052 5098 3268 5154 Pharao
3311 5101 3535 5171 Josephi
3577 5119 3661 5157 sa-

364 5204 499 5246 νων
542 5187 1020 5256 κατεσθιόμενοι,
1073 5183 1174 5238 και
1228 5184 1284 5237 ol
1315 5181 1651 5246 θάλλοντες
1698 5179 1969 5251 στάχυες

2076 5184 2286 5256 pientia
2332 5185 2794 5256 obstupefactus,
2844 5199 2961 5243 tum
3012 5188 3085 5243 ob
3134 5190 3475 5245 somniorum
3527 5206 3661 5246 con-

364 5277 498 5335 ὑπὸ
529 5273 656 5329 τῶν
685 5274 965 5345 ἀδρανῶν
993 5272 1435 5343 δαπανώμενοι,
1466 5272 1649 5342 λιμὸν
1694 5270 1792 5324 ἐπὶ
1827 5284 1970 5324 τοσ-

2070 5272 2383 5343 jecturam,
2431 5280 2548 5327 tum
2605 5286 2835 5345 propter
2875 5277 3168 5332 consilium
3216 5296 3230 5331 :
3271 5278 3389 5343 Tu,
3437 5279 3657 5350 inquit.

364 5370 563 5426 οὗτον
620 5367 727 5438 ἐτη
796 5369 872 5439 τῇ
917 5370 1082 5439 χώρᾳ
1135 5386 1254 5425 σου
1311 5370 1839 5438 καταγγέλλουσιν
1902 5367 1972 5420 ἐν

2080 5356 2216 5434 ipse.
2251 5378 2432 5418 rerum
2461 5367 2689 5420 istarum
2720 5367 2985 5437 conjector
3007 5376 3059 5422 et
3089 5385 3299 5434 suasor,
3337 5370 3472 5425 idem
3499 5374 3660 5428 etiam
3694 5366 3698 5371 ⁷

366 5463 716 5532 ἰσαρίθμοις
742 5462 1042 5529 ἐνιαυτοῖς
1077 5463 1490 5531 εὐθηνηθείσῃ
1525 5461 1819 5529 πρότερον
1846 5457 1972 5525 τοῖς

2075 5454 2418 5510 consiliorum
2472 5456 2883 5512 administrator
2925 5459 3050 5514 eris.
3095 5458 3285 5529 Itaque
3330 5469 3659 5530 potestatem

366 5553 657 5624 καρποῖς,
702 5554 786 5621 ὡς
829 5555 949 5624 τὴν
998 5555 1234 5610 τούτων
1266 5555 1560 5625 εὐφορίαν
1584 5550 1974 5621 ἀναλωθῆναι

2077 5565 2235 5606 suam
2293 5550 2352 5606 in
2378 5566 2507 5606 eum
2533 5550 2750 5605 confert
2773 5590 2788 5615 ,
2823 5559 2883 5604 ut
2907 5559 2964 5605 et
2997 5551 3179 5622 sigillo
3200 5553 3503 5610 Pharaonis
3531 5564 3656 5611 ute-

361 5644 496 5703 ὑπὸ
515 5640 642 5699 τῶν
664 5643 891 5701 ἔπειτα.
922 5648 992 5701 Et
1011 5645 1081 5699 δὲ
1107 5645 1190 5699 σὺ
1219 5646 1563 5716 ταμιεύσεις
1586 5644 1659 5697 τὰ
1687 5641 1798 5711 τῆς
1827 5643 1944 5711 πρό
1960 5671 1975 5683 ο

2079 5650 2270 5707 retur.
2322 5650 2381 5697 et
2415 5655 2717 5712 purpuram
2749 5648 3023 5711 gestaret,
3054 5650 3112 5697 et
3144 5657 3313 5698 curru
3342 5644 3657 5706 veheretur.

368 5744 555 5814 τέρας
596 5743 1011 5817 εὐδαιμονίας,
1045 5743 1134 5812 εις
1164 5738 1309 5810 τοὺς
1336 5741 1447 5813 τῆς
1482 5740 1739 5811 ἀφορίας
1774 5739 1976 5794 ἐνιαυ-

2078 5735 2294 5792 Accidit
2325 5736 2432 5791 hoc
2479 5733 2719 5805 Josepho
2741 5734 2812 5790 30
2841 5750 3016 5790 annos
3054 5744 3218 5803 nato,
3255 5752 3417 5808 quem
3454 5739 3662 5795 l'barao

371 5837 549 5908 τοὺς,
581 5837 795 5909 θήσεις
838 5838 970 5907 τοῖς
1020 5836 1366 5909 Αἰγυπτίοις
1412 5832 1870 5905 ἀνεπαίσθητον
1908 5833 1976 5891 τὸ

2096 5828 2758 5902 Psoi.thomphanechum,
2783 5829 2890 5887 hoc
2920 5838 3026 5902 est,
3054 5828 3381 5888 occultorum
3405 5832 3661 5903 interpre-
3712 5894 3714 5897 ,

2018 6028 2041 6080 ι
