4098 6402
457 291 526 353 79
926 324 936 333 ·
1731 286 2055 349 JOANNIS
2094 282 2416 343 ZONAILE
3650 285 3724 347 80

452 417 556 461 tam
599 404 833 460 vocabat
882 421 896 458 :

454 498 839 568 Heliopolitani
894 497 1171 567 pontiﬁcis
1221 496 1425 562 filiam,
1474 498 1781 567 despondet
1833 513 1901 551 :e
1933 512 2038 567 qua

452 602 580 647 ante
605 592 805 646 famem
839 590 1046 645 liberos
1072 589 1323 659 suscipit,
1353 606 1588 660 quorum
1616 601 1742 645 natu
1778 591 2040 660 majorem

451 684 759 739 Manassem
809 684 878 739 ab
914 682 1193 737 oblivione
1238 690 1428 748 vocat,
1476 683 1621 752 quod
1665 684 2041 738 calamitatum

452 776 659 832 oblitus
694 784 842 831 esset
892 793 906 829 :
959 776 1228 830 minorem
1273 774 1632 844 Ephraimum
1666 818 1679 841 ,
1724 792 1753 830 a
1801 777 2042 831 retribu-

455 869 628 932 tione,
653 867 801 936 quod
833 866 1104 936 majorum
1137 880 1364 920 suorum
1400 866 1627 921 libertas
1651 867 1757 920 sibi
1790 868 2044 923 restituta

453 970 623 1017 esset.
670 960 947 1015 Adventat
993 959 1204 1014 interea
1250 959 1496 1030 penuriae
1544 967 1760 1027 tempus
1810 977 1822 1013 :
1867 975 2044 1028 neque

454 1054 748 1126 (Egyptum
785 1052 1052 1107 duntaxat
1078 1051 1287 1105 invadit
1316 1050 1508 1113 fames,
1538 1051 1633 1104 sed
1673 1066 1793 1105 eam
1824 1067 2044 1121 quoque

456 1148 737 1219 regionem
765 1187 779 1209 .
810 1146 865 1200 in
900 1159 1006 1214 qua
1037 1143 1276 1199 Jacobus
1308 1142 1640 1214 inquilinum
1673 1143 1888 1215 agebat.
1917 1144 2043 1197 Mit-

457 1242 523 1295 tit
553 1240 722 1311 igitur
751 1237 893 1292 filios
918 1238 974 1291 in
1004 1236 1297 1309 Egyptum
1324 1278 1338 1304 ,
1372 1237 1441 1293 ad
1467 1237 1761 1293 emendum
1795 1237 2044 1291 frtimen-

456 1342 573 1384 tnm
594 1372 607 1393 ,
638 1330 758 1385 solo
788 1329 1109 1400 Benjamine
1146 1328 1290 1399 apud
1319 1343 1377 1384 se
1414 1337 1654 1395 retento,
1689 1337 1908 1383 ut'natu
1943 1328 2045 1383 tui-

455 1426 627 1479 nimo.
671 1424 953 1479 Accedunt
991 1424 1069 1478 illi
1125 1423 1463 1494 Josephum;
1498 1425 1589 1495 qui
1635 1441 1743 1479 non
1792 1424 2042 1495 agnitus,

454 1516 707 1585 agnoscit
753 1515 951 1571 fratres
977 1557 991 1581 ,
1024 1523 1081 1569 et
1122 1517 1471 1586 exploratum
1520 1518 1738 1573 venisse
1789 1517 1912 1572 ilios
1944 1519 2042 1573 ait.

455 1609 539 1663 llli
567 1616 623 1663 et
661 1608 806 1663 unde
846 1608 1139 1673 venerint,
1172 1621 1230 1664 et
1262 1624 1321 1665 se
1358 1625 1467 1664 uno
1509 1618 1663 1680 patre
1700 1620 1859 1665 natos
1884 1626 2004 1664 esse
2029 1652 2041 1673 ,

455 1702 635 1757 adhuc
667 1702 1002 1772 superstite,
1035 1717 1101 1758 ac
1130 1702 1297 1757 alium
1333 1701 1560 1757 fratrem
1585 1713 1718 1756 natu
1756 1702 2043 1756 minimum

944 405 1107 472 eique
1146 420 1370 457 uxorem
1415 404 1748 458 Asenetham
1784 405 2006 459 nomine
2032 445 2044 464 .

2153 400 2535 466 δυστύχημα.
2579 397 2780 468 Φαραὼ
2821 398 2876 450 δὲ
2921 397 3016 469 τὴν
3065 398 3263 470 Ἰωσὴφ
3296 398 3596 469 ἐκπλαγεὶς
3650 417 3744 455 σοι

2147 494 2297 561 φίαιι,
2320 492 2408 545 διά
2438 509 2494 542 τε
2526 491 2622 560 τὴν
2656 491 2918 561 ἐξήγησιν
2945 492 3037 544 καί
3065 492 3163 562 τὴν
3192 493 3523 562 συμϐουλήν·
3548 493 3746 561 Αὐτὸς

2145 590 2178 639 ὀ
2217 590 2466 649 τούτων,
2521 583 2650 652 ἔφη,
2708 582 2918 651 κριτής
2949 601 3037 649 τε,
3079 585 3175 637 καί
3213 586 3589 654 σύμϐουλος,
3641 588 3745 639 καὶ

2143 681 2460 746 οἰκονόμος
2494 676 2609 745 ἔσῃ
2646 676 2767 730 τῶν
2789 676 3272 743 βουλευθέντων.
3321 678 3431 733 Καὶ
3463 678 3747 748 παρέσχεν

2144 770 2292 840 αὐτῷ
2337 769 2437 840 τὴν
2471 768 2724 834 ὲξουσίαν
2769 768 2956 831 αὐτοῦ,
3009 768 3152 822 ὥστε
3208 770 3467 842 σφραγίδι
3502 770 3747 841 χρῆσθαι

2144 868 2210 932 τῇ
2254 862 2476 933 Φαραὼ,
2515 863 2609 915 καὶ
2652 861 2947 932 πορφύραν
2996 861 3304 927 ἐνδύεσθαι,
3353 864 3447 916 καί
3490 864 3745 917 ἐλαύνειν

2144 958 2231 1024 ἐφ’
2260 956 2528 1026 ἅρματος.
2568 950 2679 1008 Ἤν
2720 954 2779 1007 δὲ
2809 954 2931 1007 τότε
2962 955 3259 1026 τριάκοντα
3321 955 3563 1024 γεγονὼς
3606 957 3748 1009 ἐτῶν

2158 1050 2380 1119 Ἰωσήφ.
2423 1048 2811 1119 Προσηγόρευε
2855 1047 2911 1101 δὲ
2959 1048 3123 1100 αὑτὸν
3167 1050 3194 1101 6
3242 1046 3444 1118 Φαραὼ
3485 1048 3747 1119 Ψονθομ-

2147 1141 2389 1210 φάνηχον
2431 1140 2568 1212 (52).
2611 1140 2877 1210 Σημαίνει
2905 1139 2961 1192 δὲ
2995 1141 3055 1192 τό
3095 1139 3290 1206 ὄνομα,
3323 1140 3605 1209 κρυπτῶν
3642 1143 3751 1196 εὐ·-

2136 1230 2347 1299 ρετήν.
2384 1231 2723 1298 Συζεύγνυσι
2776 1233 2832 1285 δὲ
2887 1231 3037 1302 αὐτῷ
3088 1231 3185 1286 καὶ
3244 1234 3481 1299 γυναῖκα
3519 1233 3746 1288 Ἀσενὲθ

2147 1323 2516 1394 κεκλῃμένην,
2549 1325 2650 1394 τὴν
2684 1322 2963 1394 θυγατέρα
2989 1323 3083 1376 τοῦ
3128 1324 3186 1378 ἒν
3235 1324 3421 1378 Ἠλίου
3470 1324 3623 1379 πόλει
3663 1326 3746 1379 ἱε-

2149 1417 2289 1489 ρέων
2340 1416 2749 1488 πρωτεύοντος.
2804 1415 2893 1482 Ἐξ
2937 1410 3209 1487 ’ἦς-αύτῷ
3264 1415 3506 1485 γίνονται
3549 1418 3747 1482 παῖδες

2146 1510 2253 1580 πρὸ
2295 1509 2390 1562 τοῦ
2440 1508 2626 1581 λιμοῦ,
2673 1502 2748 1563 ὦν
2783 1509 2812 1561 6
2857 1508 3233 1579 πρεσϐύτερος
3274 1504 3344 1579 ἦν
3397 1509 3699 1578 Μανασσῆς
3725 1525 3743 1541 ο

2146 1599 2406 1671 ἐπίληθον
2447 1600 2504 1653 δὲ
2550 1599 2725 1671 δηλοῖ,
2759 1601 2843 1653 ὃτι
2880 1599 3050 1669 λήθην
3082 1598 3283 1672 εὕρατο
3317 1600 3426 1655 τῶν
3457 1601 3749 1671 ἀτυχημάο

2146 1710 2276 1749 των.
2318 1692 2565 1764 Ἐφραῒμ
2596 1693 2652 1746 δὲ
2700 1694 2727 1746 6
2761 1691 3029 1763 νεώτερος
3060 1710 3072 1723 ·
3120 1693 3408 1757 ἀποδιδοὺς
3455 1693 3513 1747 δὲ
3558 1692 3742 1759 τοῦτο,

428 1800 576 1853 'esse
616 1795 761 1867 apud
799 1803 1041 1865 patrem,
1073 1794 1287 1851 dicunt.
1336 1795 1613 1865 Iosephus
1655 1803 1769 1849 tum
1820 1794 2043 1849 demum

2154 1785 2434 1857 σημαίνει,
2470 1787 2555 1839 διὰ
2591 1786 2649 1838 τὸ
2679 1785 3014 1857 ἀποδοθῆναι
3064 1785 3213 1857 αὐτῷ
3258 1786 3359 1858 τὴν
3390 1786 3496 1841 τῶν
3531 1786 3737 1857 προγό-

454 1898 513 1943 se
556 1888 719 1942 fidem
773 1887 881 1943 illis
927 1887 1247 1942 habiturum
1294 1886 1465 1949 dicit.
1510 1887 1557 1942 si
1598 1886 1824 1941 fratrem
1880 1888 2045 1941 mini-

456 1997 607 2036 mum
642 1979 709 2035 ad
735 1995 794 2036 se
822 1979 1203 2035 adduxissent.
1250 1978 1360 2050 3o
1409 1979 1510 2034 Dat
1548 1979 1629 2034 eis
1657 1978 1993 2033 frumentum
2030 1997 2043 2033 :

456 2081 799 2145 argentoque
843 2086 1006 2128 sacco
1036 2072 1306 2143 cujusque
1336 2072 1477 2127 clam
1516 2071 1797 2141 imposito.
1827 2069 2050 2143 Symeo-

456 2146 585 2222 nem
631 2164 846 2221 reditus
889 2164 1109 2219 illorum
1159 2162 1357 2219 vadem
1409 2162 1634 2219 retinet.
1684 2163 1937 2217 Redeunt
1978 2163 2048 2218 ad

455 2256 723 2313 .lacobum
764 2255 860 2309 ﬁlii
882 2297 897 2322 ,
943 2253 1281 2310 frumentum
1311 2253 1612 2310 afferentes
1637 2294 1651 2320 ,
1683 2265 1739 2310 et
1769 2254 1897 2326 quid
1942 2256 2045 2310 sibi

457 2346 750 2404 accidisset
784 2345 1122 2400 nuntiantes.
1171 2345 1269 2400 Ille
1320 2356 1598 2401 retentum
1646 2362 1770 2403 esse
1821 2346 2047 2419 Symeo-

458 2459 586 2500 nem
628 2456 771 2514 aegre
798 2440 938 2506 fert,
972 2440 1345 2512 Benjaminem
1393 2440 1449 2495 in
1473 2440 1766 2512 Egyptum
1816 2441 2046 2512 perduci

460 2550 521 2589 se
579 2545 871 2602 passurum
928 2538 1107 2599 negat.
1163 2528 1462 2586 Frumento
1510 2540 1696 2586 autem
1748 2531 1861 2602 jam
1914 2548 2048 2588 eun-

459 2634 699 2697 sumpto.
745 2639 872 2680 cum
919 2624 1002 2679 eis
1050 2624 1156 2678 alia
1194 2623 1510 2679 conditione
1558 2626 1760 2681 reverti
1792 2625 1846 2680 in
1881 2624 2048 2698 Egy-

460 2726 613 2788 ptum
660 2732 769 2771 non
801 2715 1035 2782 liceret,
1077 2714 1184 2770 nisi
1211 2714 1531 2787 Benjamine
1574 2716 1740 2771 etiam
1784 2716 2044 2786 adducto,

459 2809 640 2864 victus
680 2806 1010 2863 necessitate
1050 2814 1210 2877 pater
1249 2807 1502 2863 concedit
1538 2816 1635 2863 :et
1675 2809 1879 2879 duplex
1927 2810 2050 2866 fru-

463 2901 635 2956 menti
684 2899 958 2971 pretium,
1002 2913 1068 2953 ac
1100 2899 1343 2970 Josepho
1390 2915 1637 2956 munera-
1666 2900 1841 2957 addit.
1881 2902 1953 2958 Ut
1992 2903 2049 2958 in

460 2993 752 3066 Egyptum
825 3006 1065 3058 venere,
1125 2975 1366 3061 losepho
1442 3007 1673 3046 munera
1747 2993 2044 3050 offerent:

462 3088 558 3157 qui
607 3085 927 3156 Benjamine
987 3083 1129 3148 viso,
1177 3084 1536 3140 miseratione
1594 3095 1935 3147 commotus,
1978 3087 2046 3141 ad

460 3181 730 3251 lacrymas
777 3175 1206 3231 dissimulandas
1261 3175 1489 3231 secedit.
1541 3176 1750 3231 Deinde
1786 3177 2051 3233 fratribus

460 3272 528 3326 ad
557 3284 772 3326 canam
799 3267 1096 3334 adhibitis,
1128 3268 1313 3338 duplis
1364 3267 1739 3340 Benjaminem
1783 3271 2051 3341 portioni-

461 3366 565 3420 bus
605 3362 871 3435 appositis
911 3360 1186 3416 honorat:
1222 3368 1280 3416 et
1320 3368 1652 3432 quaestorem
1705 3361 2046 3419 frumentum

460 3458 573 3512 illis
593 3455 726 3512 dare
754 3454 951 3527 jubet,
974 3462 1031 3510 et
1057 3454 1296 3524 pretium
1328 3452 1385 3508 in
1425 3467 1614 3509 saccos
1650 3455 1963 3524 imponere,
1994 3467 2050 3512 et

461 3551 517 3605 in
566 3547 901 3620 Benjaminis
936 3547 1210 3602 sarcinam
1248 3546 1517 3618 scyphum
1555 3557 1877 3617 argenteum
1912 3563 2048 3603 con—

453 3643 650 3714 jicere.
695 3640 794 3696 His
830 3639 993 3697 factis
1040 3637 1336 3693 discedunt
1384 3638 1627 3704 fratres,
1681 3651 1905 3708 recepto
1951 3638 2047 3710 Sy-

463 3748 681 3789 meone.
744 3732 852 3788 Eos
900 3732 1168 3787 abeuntes
1227 3728 1577 3785 circumdant
1615 3731 1833 3801 equites
1860 3772 1874 3798 ,
1911 3734 2051 3805 obji-

461 3833 674 3883 etentes
709 3824 920 3880 furtum
953 3822 1146 3895 scyphi
1190 3838 1207 3877 :
1238 3834 1403 3892 quem
1426 3862 1442 3889 ,
1476 3820 1837 3892 inquisitione
1869 3823 2047 3890 facta,

462 3923 518 3976 in
577 3918 910 3989 Benjaminis
975 3916 1192 3972 sarcina
1283 3914 1592 3984 reperiunt.
1671 3915 2049 3987 Benjaminem

458 4014 678 4083 equites
730 4011 801 4066 ad
849 4009 1150 4081 Josephum
1210 4006 1536 4073 abducunt,
1587 4022 1750 4079 quem
1815 4008 2048 4073 fratres,

458 4106 646 4167 scissis
685 4102 935 4160 vestibus
958 4143 973 4169 ,
1027 4102 1421 4173 plorantesque
1470 4102 1864 4172 sequebantur.
1903 4101 2052 4157 Jose-

457 4199 603 4268 phus
656 4197 957 4253 insectatus
1000 4210 1137 4261 eos,
1179 4203 1241 4250 ut
1290 4193 1576 4266 ingratos,
1615 4195 1814 4251 missos
1877 4194 2050 4261 facit,

457 4292 630 4346 solius
680 4287 1022 4362 Benjaminis
1070 4286 1389 4344 retentione
1433 4295 1732 4344 contentus
1789 4304 1803 4339 :
1865 4288 2049 4343 creteri

457 4382 676 4437 attoniti
710 4391 916 4437 astant.
955 4379 1128 4437 ludas
1150 4396 1286 4436 vero
1313 4394 1538 4436 causam
1579 4395 1744 4449 agere
1776 4394 2006 4436 exorsus
2028 4417 2050 4444 ρ

2150 1899 2256 1934 νων
2278 1879 2618 1951 ἐλευθερίαν.
2660 1879 2946 1933 Ἐντεῦθεν
2977 1875 3114 1953 ἧκεν
3139 1880 3168 1932 6
3196 1882 3292 1950 τῆς
3318 1880 3525 1942 ἐνδείας
3548 1881 3743 1949 καιρὸς

2147 1975 2207 2027 θῦ
2245 1972 2414 2044 μόνης
2455 1971 2513 2024 δὲ
2563 1974 2662 2042 τῆς
2711 1958 2992 2042 Αἰγύπτου
3044 1972 3461 2043 κατεκράτησεν
3503 1975 3530 2026 6
3560 1972 3745 2044 λιμὸς,

2149 2065 2287 2119 ἀλλὰ
2320 2065 2549 2135 καὶτῆς
2596 2066 2805 2136 χώρας,
2856 2063 2978 2117 καθ’
3027 2064 3093 2136 ἣν
3142 2063 3392 2135 παρῴκει
3447 2066 3476 2118 6
3518 2064 3743 2121 Ἰακώϐ.

2152 2158 2375 2228 Πέμπει
2408 2157 2593 2210 τοίνυν
2628 2158 2756 2221 τοὺς
2788 2158 2937 2220 υἱοὺς
2980 2158 3060 2221 είς
3090 2157 3392 2225 Αἴγυπτον,
3430 2160 3574 2211 σῖτον
3601 2156 3747 2228 ὠνη-

2153 2249 2453 2319 σαμένους,
2495 2248 2660 2320 μόνον
2691 2247 2825 2319 παρ’
2864 2248 3043 2319 ἑαυτῷ
3077 2248 3369 2320 κατασχὼν
3414 2250 3505 2302 τὸν
3542 2249 3739 2304 Βενια-

2153 2344 2267 2411 μὶν,
2291 2342 2368 2405 ὡς
2396 2341 2690 2397 νεώτατον.
2723 2343 2786 2397 Οί
2817 2342 2917 2413 μὲν
2949 2341 3041 2396 οὖν
3065 2343 3371 2413 προσῆλθον
3394 2343 3471 2413 τῷ
3511 2343 3741 2413 Ἰωσήφ.

2160 2432 2222 2486 Ὀ
2258 2432 2314 2485 δὲ
2354 2430 2432 2504 μὴ
2470 2432 2739 2501 γνωσθεὶς
2773 2432 2992 2500 ἐπέγνω
3025 2432 3153 2495 τοὺς
3193 2432 3477 2500 ἀδελφοὺς,
3516 2434 3613 2488 καί⁵
3641 2452 3746 2487 κα-

2149 2528 2462 2589 τασκόπους
2487 2527 2675 2593 ἔλεγεν
2699 2525 2858 2596 ἥκειν
2893 2527 3111 2589 αὐτούς.
3144 2529 3204 2579 Οί
3232 2528 3287 2580 δὲ
3318 2527 3441 2580 ὅθεν
3467 2544 3527 2580 τε
3549 2527 3744 2599 ἥκοιεν

2150 2618 2360 2687 ἔλεγον,
2400 2619 2494 2672 καὶ
2520 2618 2595 2683 ὡς
2623 2619 2741 2682 ἑνὸς
2786 2614 2896 2672 εἶεν
2930 2620 3140 2690 πατρὸς
3170 2620 3251 2673 ἔτι
3283 2619 3507 2686 ζῶντος,
3542 2622 3637 2675 καὶ
3663 2621 3743 2686 ὡς

2149 2711 2339 2783 ἔτερος
2362 2709 2628 2780 νεώτερος
2666 2711 2895 2781 ἀδελφός
2926 2714 3043 2765 ἐστι
3069 2711 3222 2784 παρά
3258 2713 3335 2782 τῷ
3372 2714 3559 2784 πατρί.
3594 2715 3743 2787 Πλη-

2154 2805 2420 2876 ροφορίαν
2446 2803 2490 2856 δ’
2517 2803 2707 2872 ἔλεγεν
2747 2805 2947 2876 Ἰωσὴφ
2982 2805 3168 2860 δοῦναι
3207 2806 3359 2877 αὑτῷ
3381 2807 3658 2877 ἀληθείας,
3690 2811 3742 2863 εί

2150 2898 2243 2950 τὸν
2266 2897 2533 2969 νεώτερον
2570 2897 2800 2966 ἀδελφόν
2834 2898 3124 2969 κομίσουσι
3172 2898 3310 2969 πρὸς
3342 2901 3527 2954 αὐτόν.
3575 2901 3744 2955 Alica—

2155 3006 2240 3043 σιν
2275 2985 2372 3043 οὖν
2421 2993 2566 3043 σῖτον
2603 2991 2807 3054 αὐτοῖς,
2837 2993 2931 3043 καὶ
2972 2991 3036 3045 τὸ
3082 2991 3347 3064 ἀργύριον
3393 2992 3472 3064 τῷ
3503 2993 3741 3048 ἑκάστου

2156 3085 2347 3154 σάκκῳ
2386 3082 2674 3155 ἐνθέμενος
2705 3083 2881 3155 λάθρα
2911 3100 2926 3117 ο
2977 3085 3212 3155 κατέσχε
3263 3084 3320 3138 δὲ
3363 3084 3457 3139 τὸν
3488 3086 3740 3157 Συμεὼν,

2152 3175 2254 3245 τῆς
2312 3175 2577 3228 ἐπανόδου
2628 3175 2889 3244 ἐσόμενον
2939 3176 3171 3244 ὅμήρον.
3230 3173 3563 3246 Ἐπανῆλθον
3604 3177 3741 3248 πρὸς

2151 3266 2244 3319 τὸν
2287 3266 2483 3318 Ἰακὼϐ
2526 3266 2576 3319 oi
2630 3266 2759 3329 υἱοὶ,
2807 3265 2900 3319 τὸν
2951 3268 3096 3320 σῖτον
3149 3267 3493 3338 κομίζοντες,
3542 3269 3637 3322 καὶ
3672 3269 3744 3323 τά

2154 3357 2443 3427 συμϐάντα
2487 3359 2857 3429 ἀπήγγειλαν,
2903 3360 2998 3413 καὶ
3032 3358 3211 3429 λύπην
3248 3361 3399 3431 αὺτῴ
3431 3362 3462 3427 ἠ
3506 3360 3602 3415 τοῦ
3635 3361 3745 3416 Συ-

2156 3449 2304 3520 μεὼν
2337 3453 2510 3504 ἐποίει
2535 3452 2889 3522 κατάσχεσις,
2922 3452 3105 3507 δοῦναι
3130 3471 3190 3506 τε
3224 3452 3316 3513 τὸν
3341 3454 3601 3525 Βενιαμὶν
3633 3455 3743 3507 ἀπ·

2152 3544 2389 3615 ἀχθῆναι
2438 3546 2518 3607 είς
2563 3545 2844 3613 Αἴγυπτον
2866 3546 2928 3599 οὐ
2975 3545 3324 3602 κατένευσεν.
3361 3548 3500 3618 Ἤδη
3536 3547 3593 3601 δὲ
3641 3547 3740 3603 τοῦ

2155 3641 2302 3691 σίτου
2340 3638 2768 3708 δαπανηθέντος,
2799 3640 2921 3693 ἐπεὶ
2955 3641 3032 3710 μὴ
3060 3640 3235 3704 ἄλλως
3271 3637 3399 3711 ὲξῆν
3438 3642 3624 3705 αὐτοῖς
3658 3645 3743 3708 είς

2152 3730 2431 3797 Αἴγυπτον
2482 3730 2763 3796 ἀπελθεῖν,
2822 3732 2870 3783 εί
2913 3731 2989 3801 μὴ
3022 3733 3117 3785 καὶ
3159 3732 3251 3785 τὸν
3302 3732 3563 3803 Βενιαμὶν
3611 3750 3745 3787 συν-

2153 3825 2464 3891 επάγοιντο,
2500 3823 2745 3877 ὑπείκων
2778 3822 2997 3898 ἀνάγκῃ
3026 3823 3242 3879 δίδωσιν
3270 3825 3443 3879 αὑτὸν
3470 3827 3499 3880 6
3532 3825 3745 3898 πατὴρ,

2154 3916 2249 3968 καὶ
2282 3916 2380 3987 τὴν
2416 3917 2508 3967 τοῦ
2537 3917 2687 3968 σίτου
2715 3917 2882 3985 τιμὴν
2912 3916 3258 3983 διπλασίονα,
3296 3919 3389 3971 καὶ
3421 3919 3500 3990 τῷ
3537 3918 3743 3989 Ἰωσὴφ

2151 4007 2380 4079 δωρεάς.
2422 4009 2512 4071 Ὠς
2556 4009 2601 4061 δ’
2631 4004 2796 4078 ἦλθον
2831 4011 2911 4072 είς
2956 4010 3256 4077 Αἴγυπτον,
3285 4013 3639 4083 προσήγαγον
3666 4013 3745 4067 τὰ

2151 4100 2301 4171 δῶρα
2334 4098 2506 4170 αὐτῷ.
2556 4101 2618 4154 ’0
2650 4101 2708 4153 δὲ
2738 4101 2829 4155 τὸν
2865 4100 3124 4172 Βενιαμὶν
3170 4102 3316 4171 ἰδὼν,
3361 4103 3457 4156 καὶ
3508 4102 3712 4173 συνθρυ
3734 4135 3748 4146 -

2154 4197 2443 4263 πτόμενος,
2470 4194 2557 4247 ἵνα
2591 4194 2666 4266 μὴ
2693 4193 2951 4265 δακρύων
2988 4196 3311 4268 καταφανὴς
3338 4198 3568 4267 γένοιτο,
3606 4216 3747 4269 μετ-

2154 4287 2310 4357 έστη.
2338 4282 2476 4341 Εἶτα
2497 4287 2591 4340 ἐπὶ
2613 4287 2831 4342 δεῖπνον
2856 4288 3280 4360 παραλαμϐάνει
3303 4291 3428 4354 τοὺς
3452 4292 3741 4362 ἀδελφοὺς,

2154 4379 2251 4431 καὶ
2280 4378 2592 4432 διπλασίοσι
2631 4381 2852 4449 μοίραις
2879 4380 3153 4448 ἐδεξιοῦτο
3189 4381 3284 4436 τὸν
3328 4383 3611 4455 Βενιαμίν,
3644 4386 3744 4440 καὶ

460 4488 585 4527 eum
641 4473 815 4527 multa
857 4472 924 4526 ad
985 4470 1526 4527 commiserationem
1590 4479 1716 4541 apta
1775 4470 2045 4539 dixisset,

2153 4471 2246 4524 τὸν
2271 4470 2366 4525 τοῦ
2400 4472 2549 4525 σίτου
2596 4476 2805 4543 ταμίαν
2847 4473 3035 4527 δοῦναι
3075 4477 3224 4529 σῖτον
3271 4477 3458 4541 αὐτοῖς
3500 4477 3741 4544 κελεύει,

458 4564 717 4621 aﬂ‘ectem
772 4564 1000 4635 Iosephi
1040 4563 1118 4619 ita
1147 4563 1489 4630 commovit,
1521 4571 1585 4618 ut
1626 4578 1727 4619 nec
1753 4563 1888 4617 iram
1916 4562 2043 4617 diu-

455 4660 567 4714 tius
590 4658 851 4714 simulare
891 4667 1118 4727 posset,
1154 4663 1211 4711 et
1245 4669 1304 4711 se
1329 4653 1597 4710 fratribus
1634 4653 2043 4726 agnoscendum

458 4750 760 4820 praeberet,
792 4758 849 4805 et
879 4748 1110 4818 gratiam
1158 4747 1240 4803 eis
1269 4745 1541 4812 haberet,
1573 4754 1635 4801 ut
1659 4747 1753 4817 qui
1782 4746 2045 4802 consilio—

459 4859 578 4898 rum
621 4842 717 4897 Dei
745 4841 814 4898 de
844 4856 902 4896 se
932 4855 1000 4895 ex
1039 4848 1195 4910 parte
1233 4839 1471 4895 fuissent
1507 4839 1792 4910 adjutores
1831 4856 1845 4893 :
1894 4839 2044 4894 Abite

459 4949 617 5003 ergo,
679 4934 896 5001 inquit,
926 4942 974 4985 et
1024 4938 1133 4986 Iuro
1174 4930 1471 5003 signiﬁcate
1523 4932 1711 5003 patri:
1747 4933 1965 5002 ipsoque
1995 4940 2044 4985 et

459 5027 604 5079 omni
620 5025 734 5095 ejus
762 5025 1076 5096 cognatione
1111 5034 1387 5095 assumpta
1407 5066 1421 5090 ,
1450 5026 1551 5078 huc
1602 5027 2002 5096 commigratote
2028 5041 2046 5079 :

460 5134 585 5172 nam
616 5119 786 5187 [ames
813 5117 986 5171 adhuc
1024 5116 1444 5188 quinquennium
1475 5117 1739 5171 duratura
1768 5125 1865 5171 est.
1924 5117 2050 5173 Haec

2154 4564 2251 4617 καὶ
2303 4563 2403 4634 τὴν
2461 4564 2630 4635 τιμὴν
2686 4563 2925 4620 ἐνθεῖναι
2970 4568 3086 4629 τοῖς
3139 4569 3532 4634 σάκκοιςρείς
3574 4570 3631 4622 δὲ
3677 4572 3741 4623 τὸ

2153 4654 2247 4710 τοῦ
2276 4655 2535 4727 Βενιαμὶν
2562 4657 2784 4729 φορτίον
2812 4658 2903 4711 καὶ
2929 4658 3137 4728 σκύφον
3160 4660 3431 4731 ἀργύρεον
3453 4661 3737 4732 ἐμϐαλεῖν.

2154 4746 2375 4802 Τούτων
2409 4748 2465 4802 δὲ
2497 4749 2823 4818 γεγονότων,
2853 4750 3102 4822 ἀπῄεσαν
3125 4753 3175 4805 οἱ
3204 4752 3447 4822 ἀδελφοὶ,
3479 4753 3740 4820 λαϐόντες

2155 4843 2366 4896 καὶτὸν
2400 4842 2650 4913 Συμεών.
2685 4843 3089 4913 Περικυκλοῦσι
3132 4844 3189 4897 δὲ
3234 4845 3500 4909 ἀπιόντας
3537 4847 3735 4911 αὐτοὺς

2157 4937 2368 4999 ἱππεῖς,
2400 4935 2841 5004 ὲπεγκαλοῦντες
2878 4935 2975 5006 τὴν
3005 4937 3097 4990 τοῦ
3131 4936 3342 5007 σκύφου
3383 4939 3612 5011 κλοπὴν,
3642 4943 3741 4996 καὶ

2157 5027 2490 5098 ἐρευνῶντες
2540 5021 2700 5099 εὖρον
2744 5029 2835 5081 τὸν
2886 5028 3091 5097 σκύφον
3134 5029 3288 5101 παρὰ
3314 5029 3394 5102 τῷ
3422 5033 3605 5104 φόρτῳ
3638 5033 3740 5086 Βε-

2155 5120 2368 5189 νιαμίν.
2398 5119 2465 5173 Οἱ
2497 5118 2596 5190 μὲν
2631 5113 2725 5173 οὖν
2753 5120 2939 5182 ἱππεῖς
2969 5114 3103 5191 ἦγον
3129 5120 3267 5192 πρὸς
3295 5122 3387 5176 τὸν
3425 5122 3623 5194 Ἰωσὴφ
3645 5123 3739 5177 τὸν

1589 5235 1795 5297 Varia;
1827 5235 2135 5299 lectiones
2165 5249 2225 5300 et
2258 5246 2448 5299 notae.

446 5384 459 5398 .
531 5340 644 5412 (32)
682 5336 1233 5412 Ψονθομέρἀγηλεονἒ
1268 5338 1342 5393 Ita
1393 5340 1741 5412 reposuimus
1784 5357 1850 5396 es
1886 5340 2043 5397 Jose—

458 5408 574 5487 pho
610 5408 710 5487 lib.
746 5428 783 5477 I,
813 5426 935 5487 cap.
967 5408 1055 5463 l9.
1077 5408 1625 5487 Wolﬁusperperam
1664 5411 1924 5487 ediderat
1951 5428 2041 5464 το-

460 5481 976 5554 θομφάνηχον..,υυο
1005 5481 1169 5554 cod_d.
1189 5481 1376 5554 _Regit_
1395 5492 1451 5535 et
1474 5482 1801 5554 Golberteus
1830 5482 2040 5554 ψοθομ-

462 5552 1064 5625 φάνὴχονςρτῳιοιυῃι.
1096 5552 1200 5607 Sed
1244 5563 1304 5607 ut
1350 5552 1642 5625 Josephus,
1687 5554 1757 5606 ita
1792 5563 1847 5607 et
1881 5553 2041 5606 Philo

457 5621 681 5683 Jnd'eus
733 5621 788 5676 in
833 5621 930 5675 lib.
984 5622 1057 5675 De
1087 5631 1278 5677 mutat.
1324 5621 1524 5678 nomiiz.
1562 5623 1703 5677 hanc
1736 5638 1925 5676 vorem
1960 5639 2039 5678 szc

459 5698 640 5754 eiii-rt.
668 5696 826 5764 cujus
857 5692 1313 5764 significationem
1357 5694 1429 5747 ita
1463 5692 1706 5747 declarat
1735 5694 1787 5745 in
1828 5694 1924 5747 Μ).
1964 5693 2038 5746 De

456 5768 680 5837 Iosephi)
711 5763 1124 5833 ’Μετονομάζει
1147 5764 1202 5815 δὲ
1229 5765 1390 5817 αὺτὸν
1424 5764 1531 5817 ἀπὸ
1561 5764 1658 5833 τῆς
1683 5765 2035 5833 ὀνειροκριτι-

2147 5342 2251 5411 κῆς
2287 5341 2543 5411 ἐγχωρίρ
2595 5339 2816 5428 γλώττῃ
2851 5341 3328 5425 προσαγορεύσας.
3350 5343 3533 5427 .Paulo
3570 5346 3738 5402 aliter

2145 5413 2314 5491 hanc.
2337 5413 2500 5491 τείρει
2545 5422 2737 5491 auctor
2766 5415 3014 5491 elucum
3055 5411 3439 5491 ρίεωαηιίηηι,
3470 5432 3582 5485 quo
3614 5418 3737 5474 loco

2146 5482 2602 5555 scribithloscm,
2649 5482 2795 5555 haud
2848 5497 3008 5555 secus
3048 5482 3371 5553 Josephum,
3413 5482 3605 5542 eodem
3638 5505 3737 5542 no~

2144 5554 2294 5626 mine
2339 5554 2512 5607 fuisse
2543 5554 2614 5626 ab
2645 5551 2922 5624 Aélgyptiis
2946 5551 3304 5626 appellatum,
3349 5558 3495 5626 quod
3543 5559 3732 5614 futura

2145 5624 2467 5695 praedixerit
2507 5642 2518 5676 :
2548 5624 2652 5677 Τὸν
2677 5626 2922 5692 Μωῦσῆν
2965 5626 3107 5693 μετά
3139 5625 3201 5678 τὸ
3223 5624 3530 5695 ἐπαγαγεῖν
3565 5631 3731 5684 αὑτὸν

2142 5701 2243 5757 τὰς
2271 5694 2509 5772 πληγὰς,
2537 5696 2587 5772 oi
2612 5695 2906 5772 Αίγύτξτιοι
2938 5695 3319 5772 ψομθομφαχὴ
3339 5694 3735 5772 ξπροσηγόρευ-

2147 5784 2267 5830 σαν,
2295 5766 2321 5817 ὃ
2352 5758 2736 5837 ἑρμηνεύεταὶ,
2772 5758 2815 5833 ᾧ
2838 5758 3200 5837 ἀπεκαλύφθή
3231 5758 3448 5839 ῥοιαὶ.
