4098 6426
448 404 477 417 ο

312 453 377 518 81
1591 471 1907 531 ANNALH

2038 469 2107 530 LI
2126 470 2186 527 Β.
2234 470 2280 529 Ι.
3532 481 3601 541 82

308 573 589 643 Βενιαμίν.
622 576 687 628 Οἱ
715 575 772 629 δὲ
816 576 1041 644 ἀδελφοὶ
1082 574 1268 640 αὐτοῦ,
1310 576 1409 639 τὰς
1452 578 1646 642 στολὰς
1676 572 1896 652 mest,-

2010 588 2227 642 jocutus
2247 618 2262 641 ,
2291 578 2491 632 fratres
2513 579 2831 650 amplexus,
2865 583 3190 642 muneribus
3218 592 3597 662 prosequitur.

311 664 520 731 ξαντες,
556 667 779 722 ἔκλαιον
823 672 921 723 καὶ
955 670 1292 724 συνείποντο.
1347 670 1549 745 Ἰωσὴφ
1583 672 1639 724 δὲ
1677 673 1903 744 τούτους

2012 669 2201 739 Itaque
2233 669 2307 724 illi
2343 669 2571 726 abeunt.

308 757 575 821 ὀνειδίσας
601 758 677 822 ὡς
723 760 1084 832 ἀχαρίστους,
1140 761 1442 834 ἠλευθέρου
1484 764 1584 835 μὲν
1625 765 1754 826 τοὺς
1782 761 2027 825 λοιποὺς,
2107 759 2244 834 μόνῃ
2309 760 2354 814 δ’
2414 764 2641 833 ἠρκεῖτο
2666 766 2732 837 τῇ
2764 764 2860 820 τοῦ
2881 766 3143 841 Βενιαμὶν
3211 778 3443 848 κατοχῇ,
3475 780 3602 844 τοὺς

308 850 594 923 δεαπορία
626 855 899 924 συνεῖχεν.
946 854 1147 918 Ἰούδας
1172 854 1229 909 δὲ
1263 857 1572 929 διαλεχθεὶς
1639 858 1735 910 καὶ
1796 855 1970 909 πολλὰ
2015 853 2151 924 πρὸς
2207 855 2356 908 ἔλεον
2415 855 2814 931 δημηγορήσας
2871 862 3177 933 ἐπαγωγὰ,
3248 867 3329 932 είς
3381 870 3602 942 ἔλεγχον

308 946 484 1016 ἤγαγε
520 946 615 1000 τοῦ
660 948 871 1012 πάθους
904 949 998 1003 τὸν
1045 949 1264 1021 Ἰωσήφ.
1306 952 1366 1005 '0
1407 952 1463 1005 δέ
1506 951 1702 1023 μηκέτι
1748 951 2050 1021 δυνάμενος
2114 949 2513 1018 ὑποκρίνεσθαι
2581 952 2681 1024 τὴν
2727 954 2922 1026 ὀργὴν,
2982 958 3243 1029 γνωρίζει
3272 963 3384 1025 τοῖς
3445 964 3600 1018 ἀδελ-

309 1042 430 1106 φοῖς
468 1040 684 1108 ἐαυτὸν,
732 1043 831 1094 καὶ
864 1043 1027 1113 χάριν
1059 1043 1246 1105 αὐτοῖς
1287 1044 1583 1113 ὡμολόγει,
1650 1044 1724 1106 ὡς
1795 1042 2093 1105 συναιτίοις
2137 1042 2452 1111 γενομένοις
2526 1044 2634 1097 τῶν
2688 1044 2766 1114 τῷ
2800 1046 2920 1117 Θεῷ
2972 1046 3420 1121 βεϐουλευμένων
3475 1063 3604 1124 περὶ

308 1132 499 1186 αὐτοῦ.
534 1134 737 1187 Ἀπιτε
757 1128 1071 1204 absumat,
1100 1135 1195 1189 καὶ
1238 1137 1428 1191 ταῦτα
1469 1136 1786 1202 δηλώσατε
1823 1131 1904 1197 τῷ
1942 1133 2141 1200 πατρί,
2204 1133 2395 1187 αὐτόν
2426 1151 2492 1188 τε
2520 1134 2618 1190 καί
2657 1133 2868 1193 πᾶσαν
2896 1138 3012 1207 τὴν
3034 1142 3397 1211 συγγένειαν
3460 1148 3605 1202 ἁνα-

306 1222 601 1289 λαϐόντες
657 1224 948 1278 ἐνταυθοῖ
990 1224 1438 1294 μετοικίζεσθε·
1505 1228 1593 1282 ἔτι
1644 1228 1756 1296 τὰρ
1807 1225 1906 1279 ἐπὶ
1981 1225 2345 1279 πενταετίαν
2382 1225 2557 1280 ἔσται
2604 1230 2800 1298 λιμός.
2828 1230 3015 1285 Ταῦτα
3061 1233 3235 1287 εἰπὼν
3286 1238 3603 1308 περιϐάλλει

305 1321 441 1385 τοὺς
486 1320 777 1388 ἀδελφοὺς,
814 1322 911 1374 καὶ
954 1321 1188 1391 δωρεαῖς
1228 1323 1521 1391 δεξιοῦται.
1564 1326 1672 1378 Καὶ
1710 1325 1761 1377 οἱ
1809 1324 1908 1393 μὲν
1948 1321 2214 1393 ἀπῆλθον.

381 1414 490 1466 IA'.
536 1412 597 1465 Ὀ
625 1412 682 1466 δὲ
724 1410 921 1466 Ἰακὼϐ
956 1414 1145 1485 μαθὼν
1184 1415 1252 1469 τὰ
1293 1424 1420 1488 περὶ
1456 1417 1679 1487 Ἰωσὴφ,
1712 1417 1909 1488 ὥρμη-

307 1521 404 1558 σεν
442 1503 610 1567 εὐθὺς
636 1503 777 1574 πρὸς
810 1504 1001 1569 αὐτὸν,
1032 1509 1217 1561 πᾶσαν
1245 1507 1346 1579 τὴν
1389 1508 1710 1577 συγγένειαν
1743 1508 1908 1562 αὐτοῦ

264 1598 678 1669 -ἐπαγόμενος,
712 1594 899 1653 Ἦσαν
935 1597 994 1653 δὲ
1029 1600 1408 1671 ἐϐδομήκοντα
1458 1602 1640 1655 πέντε.
1688 1602 1825 1673 Ἤδη
1853 1603 1910 1655 δὲ

300 1694 408 1760 τῆς
440 1691 725 1760 Αἰγύπτου
760 1691 995 1762 πλησίον
1025 1692 1142 1746 ὄντι
1181 1693 1355 1763 αύτῷ,
1388 1696 1756 1766 προσυπαντᾷ
1794 1696 1910 1749 Ἰωσ

304 1785 447 1855 σήφ.
501 1785 563 1839 Ὀ
589 1785 635 1837 δ’
678 1784 788 1839 ύπδ
821 1786 999 1855 χαρᾶς
1036 1785 1239 1857 μικροῦ
1278 1786 1388 1840 δεῖν
1431 1786 1673 1854 ἐξέλιπε.
1718 1787 1905 1859 Παρα-

302 1876 577 1946 γεγονύτα
622 1877 681 1931 δὲ
725 1878 817 1931 τὸν
878 1876 1080 1933 Ἰακὼϐ
1132 1878 1228 1933 καὶ
1263 1880 1392 1942 τοὺς
1441 1879 1561 1949 μετ’
1595 1878 1764 1933 αὐτοῦ
1824 1881 1904 1942 είς

2085 1414 2174 1469 XI.
2221 1415 2459 1473 Iacobus
2507 1417 2733 1489 Iosephi
2776 1420 2944 1476 rebus
2992 1421 3257 1491 cOgnitis,
3300 1423 3487 1479 statim
3536 1427 3604 1482 ad

2011 1522 2134 1562 eum
2181 1519 2438 1579 properat
2466 1525 2590 1566 cum
2621 1512 2773 1567 omni
2814 1526 2911 1568 sua
2948 1515 3279 1585 cognatione
3306 1557 3320 1581 ,
3353 1517 3446 1586 qui
3483 1533 3606 1571 om-

2012 1615 2112 1654 nes
2150 1614 2289 1655 ωιτν
2335 1611 2514 1657 erant.
2571 1603 2709 1659 Cum
2752 1620 2886 1661 vero
2921 1606 3032 1677 jam
3093 1620 3266 1677 prope
3305 1606 3601 1681 [Egyptum

2010 1692 2295 1756 venisset,
2333 1693 2554 1748 obviam
2599 1696 2649 1750 ei
2680 1697 2954 1767 Iosephus
2991 1700 3365 1771 progreditur.
3412 1704 3483 1756 At
3514 1702 3605 1758 ille

2012 1797 2126 1852 pra:
2177 1783 2378 1854 gaudio
2415 1801 2552 1854 pene
2586 1788 2774 1844 animo
2824 1790 3112 1860 linquitur.
3167 1793 3378 1848 Pharao
3417 1794 3607 1851 audito

2011 1875 2203 1930 Jacobi
2254 1891 2379 1931 cum
2438 1879 2556 1932 suis
2598 1879 2655 1933 in
2699 1880 2991 1952 Egyptum
3046 1884 3327 1948 adventu,
3359 1888 3604 1957 gaudet,

300 1968 592 2037 Αἴγυπτον
633 1967 875 2031 ἀκούσας
917 1970 946 2021 ὁ
987 1967 1208 2040 Φαραὼ,
1234 1968 1443 2039 χαίρων
1469 1964 1560 2041 ἦν,
1595 1970 1689 2023 καί¹
1725 1988 1904 2040 παρα-

2014 1983 2256 2039 cumque
2308 1986 2496 2025 secum
2529 1986 2888 2042 congressum
2937 1976 3138 2031 salutat
3175 1996 3187 2032 :
3218 1986 3274 2033 et
3305 1980 3435 2049 quia
3460 1980 3607 2035 illius

300 2061 609 2132 γενόμενον
648 2060 742 2114 τὸν
782 2058 985 2114 Ἰακὼϐ
1029 2060 1169 2130 πρὸς
1193 2059 1379 2124 αύτδν,
1424 2060 1734 2116 ἀσπάσατο.
1792 2063 1904 2115 Καὶ

306 2153 503 2226 μαθὼν
538 2153 810 2224 ποιμένας
851 2150 992 2208 εἶναι
1032 2155 1158 2218 τοὺς
1194 2153 1315 2224 μετ’
1355 2153 1551 2218 αὐτοῦ,
1592 2157 1905 2226 συνεχώρη-

303 2265 402 2301 σεν
436 2248 621 2311 αὐτοῖς
664 2249 765 2318 τὴν
809 2247 869 2300 ἐν
914 2246 1099 2301 Ἡλίου
1128 2246 1283 2301 πόλει
1318 2246 1663 2318 κατοίκησιν.
1695 2246 1802 2300 Τοῦ
1845 2246 1904 2300 δὲ

302 2340 474 2412 λιμοῦ
528 2340 983 2411 ἐπιτεινομένου,
1039 2339 1343 2411 χρημάτων
1413 2342 1530 2402 τοῖς
1581 2339 1904 2408 Αἰγυπτίοις

300 2432 565 2488 ἀπεδίδου
594 2430 854 2487 τὸνσῖτον
876 2433 905 2486 ὁ
930 2432 1153 2504 Ἰωσήφ.
1176 2432 1398 2503 ’ξούτων
1414 2431 1460 2486 δ’
1483 2432 1898 2496 ἐπιλειπόντων,

299 2526 418 2580 τῶν
461 2525 831 2597 βοσκημάτων
876 2526 1114 2581 ὠνοῦντο
1148 2526 1311 2581 αὐτόν
1332 2542 1347 2555 '
1383 2519 1503 2580 εἶτα
1526 2526 1624 2581 καὶ
1663 2525 1765 2592 τῆς
1798 2524 1904 2593 γῆς

301 2618 767 2690 παρανεχώρουν,
807 2619 898 2674 ἵνα
946 2621 1226 2692 τραφεῖεν.
1267 2618 1427 2673 Ούτω
1468 2618 1528 2673 δὲ
1568 2616 1661 2673 τοῦ
1703 2616 1904 2690 Φαραὼ

302 2711 494 2782 πάσης
541 2711 863 2783 πριουσίας
906 2711 1097 2784 κυρίου
1141 2714 1461 2784 γενομένου,
1497 2712 1638 2783 πλὴν
1671 2712 1781 2765 τῶν
1830 2714 1905 2765 ἱε-

304 2804 453 2876 ρέων
482 2805 723 2876 (τούτοις
767 2806 881 2876 γὰρ
932 2804 1128 2875 ἔμενεν
1172 2806 1205 2876 ἠ
1240 2807 1395 2875 χώρα
1426 2804 1655 2873 αὐτῶν),
1688 2805 1764 2870 ὼς
1799 2806 1900 2877 ἤδη

301 2896 598 2968 ἐλώφησεν
627 2899 655 2950 ὁ
680 2898 862 2968 λιμὸς,
891 2897 1170 2967 συλλέγων
1195 2898 1324 2963 τοὺς
1359 2898 1688 2966 Αἰγυπτίους
1718 2900 1746 2952 ὀ
1790 2900 1902 2951 Ἰω-

304 2990 447 3062 σὴφ,
466 2990 702 3046 ἕκαστον
724 2992 805 3054 είς
835 2991 936 3060 τὴν
966 2990 1122 3045 πόλιν
1143 2989 1333 3055 αὑτοῦ,
1362 2991 1467 3058 τήν
1493 3007 1553 3044 τε
1582 2991 1687 3060 γῆν
1716 2990 1904 3053 αὐτοῖς

300 3082 625 3157 ἐχαρίζετο,
666 3080 763 3137 καὶ
810 3082 1094 3154 φιλεργεῖν
1134 3083 1462 3155 παρεκάλει,
1498 3083 1599 3154 τὴν
1640 3083 1903 3153 πέμπτην

300 3177 419 3231 τῶν
446 3176 681 3247 καρπῶν
711 3174 1007 3240 τελοῦντας
1032 3175 1111 3247 τῷ
1140 3174 1362 3248 Φαραώ.
1411 3173 1608 3230 Ἰακὼϐ
1642 3174 1701 3229 δέ
1738 3175 1905 3228 ἐπτα-

299 3267 540 3322 καίδεπα
567 3266 664 3339 ἐτη
688 3267 747 3321 ἐν
771 3266 1038 3338 Δίγύπτῳ
1062 3267 1362 3337 διαγαγὼν,
1389 3269 1630 3340 νοσήσας
1664 3266 1900 3333 ἐξέλιπε,

300 3360 598 3432 προειπὼν
626 3360 744 3425 πῶς
776 3359 1028 3432 μέλλοιεν
1054 3363 1104 3414 oi.
1134 3361 1199 3416 ἐκ
1227 3360 1329 3432 τῆς
1357 3360 1556 3429 γενεᾶς
1606 3361 1773 3414 αὑτοῦ
1802 3360 1902 3431 τὴν

298 3453 625 3510 Χαναναίαν
674 3454 867 3509 οἰκεῖν.
927 3455 1041 3508 Καὶ
1084 3454 1201 3516 τοῖς
1235 3453 1336 3525 μὲν
1378 3454 1563 3518 ἄλλοις
1606 3453 1720 3507 τῶν
1769 3452 1904 3506 υἱῶν

300 3545 509 3616 κτῆσιν
552 3543 778 3611 ἀγαθῶν
822 3543 1221 3615 ἐπευξάμενος,
1261 3543 1356 3598 τοῦ
1407 3542 1604 3613 Ἰωσὴφ
1636 3544 1682 3597 δ’
1731 3544 1907 3611 ἐγκώ-

304 3658 437 3711 μιον
464 3638 778 3706 διεξελθὼν,
807 3640 891 3693 ὅτι
919 3640 997 3710 μὴ
1030 3641 1467 3711 μνησικακήσειε
1492 3640 1607 3703 τοῖς
1631 3639 1905 3708 ἀδελφοῖς,

301 3732 620 3803 προσέταξε
651 3734 763 3795 τοῖς
797 3732 957 3798 υἱοῖς,
1010 3731 1100 3785 ἵνα
1145 3733 1276 3796 τοὺς
1311 3731 1510 3796 παῖδας
1552 3731 1651 3786 τοῦ
1701 3732 1905 3804 Ἰωσὴφ

315 3824 569 3898 Ἐφραῖμ
590 3824 686 3880 καὶ
701 3823 974 3893 Μανασσῆ
1005 3824 1493 3895 συναριθμήσωσιν
1518 3825 1757 3889 ἑαυτοῖς,
1784 3842 1910 3880 συν-

298 3919 680 3988 διαιρούμενοι
711 3915 925 3979 τούτοις
958 3915 1058 3985 τὴν
1085 3917 1423 3973 Χαναναίαν.
1453 3917 1833 3988 Εὐλογηθῆναι
1853 3918 1910 3972 δέ

297 4012 438 4075 τοῦς
484 4010 639 4073 υἱοὺς
683 4009 851 4064 αὑτοῦ
898 4009 1098 4080 Ἰωσὴφ
1124 4010 1495 4080 παραστήσας
1543 4009 1623 4080 τῷ
1687 4009 1909 4074 Ἰακὼϐ,

294 4106 396 4158 τὸν
430 4105 533 4174 μὲν
563 4101 933 4175 πρεσϐύτερον
958 4103 1102 4157 κατὰ
1134 4101 1232 4173 τὴν
1260 4100 1444 4170 δεξιαν
1477 4102 1673 4173 ἐστησε
1708 4103 1867 4174 χεῖρα
1893 4118 1909 4134 ο

297 4194 398 4248 τδν
417 4192 476 4246 δέ
497 4191 789 4263 νεώτερον,
809 4191 955 4246 κατὰ
977 4194 1079 4261 τὴν
1098 4191 1279 4246 λαιάν.
1310 4191 1373 4245 '0
1410 4191 1467 4245 δὲ
1489 4192 1589 4256 τὰς
1611 4193 1805 4264 χεῖρας
1827 4194 1913 4246 ἐν·

298 4284 479 4350 αλλὰξ
520 4286 642 4347 ταῖς
679 4284 790 4339 τῶν
840 4282 1051 4338 παίδων
1101 4284 1372 4350 κεφαλαῖς
1418 4282 1767 4354 ἐπιθέμενος,
1812 4283 1913 4355 τὴν

306 4379 412 4448 μὲν
440 4376 627 4443 δεξιὰν
655 4376 732 4448 τῷ
773 4379 1028 4447 νεωτέρῳ
1078 4372 1370 4446 ἀπένειμε,
1423 4375 1503 4447 τῷ
1550 4374 1915 4449 πρεσϐυτέρῳ

299 4470 360 4524 δὲ
400 4468 505 4539 τὴν
548 4467 853 4538 εὐώνυμον.
896 4468 1006 4520 Καὶ
1038 4466 1134 4520 τοῦ
1183 4466 1386 4537 Ἰωσὴφ
1429 4468 1507 4539 μὴ
1540 4466 1686 4521 οὕτω
1715 4468 1914 4540 χρῆναι

300 4562 411 4635 τὴν
447 4561 699 4617 ἐπίθεσιν
723 4560 1063 4631 ποιήσασθαι
1109 4561 1220 4614 τῶν
1276 4560 1479 4632 χειρῶν
1526 4563 1806 4631 φήσαντος
1836 4559 1916 4631 τῷ

2006 2060 2362 2127 domesticos,
2394 2061 2668 2131 Opiliones
2697 2066 2819 2121 esse
2848 2077 3148 2136 cognorat,
3191 2070 3295 2140 31
3331 2071 3491 2126 sedes
3524 2073 3636 2139 eis.

2006 2149 2275 2219 Heliopoli
2309 2152 2569 2222 assignat.
2602 2153 2763 2210 Fame
2796 2172 2961 2225 porro
2986 2171 3293 2227 crescente,
3324 2162 3595 2234 Iosephus

2010 2243 2247 2311 pecunia
2282 2241 2622 2299 frumentum
2648 2249 2836 2303 vendit
2864 2248 3136 2323 [Egyptiis
3168 2268 3180 2306 :
3214 2269 3277 2309 ea
3316 2256 3604 2319 exhausta,

2004 2332 2301 2402 pecoribus
2332 2334 2385 2389 id
2424 2347 2637 2393 emunt.
2683 2338 2930 2413 Denique
2960 2343 3106 2414 agris
3150 2345 3325 2402 etiam
3354 2346 3598 2412 cedunt,

2005 2437 2067 2480 ut
2094 2426 2366 2483 haberent
2394 2429 2541 2485 unde
2570 2431 2842 2487 viverent.
2890 2432 2982 2491 Sic
3015 2436 3306 2494 Pharaone
3346 2440 3604 2496 omnibus

2005 2522 2179 2594 copiis
2220 2523 2399 2594 potito
2434 2524 2605 2595 (agris
2643 2526 2994 2583 sacerdotum
3016 2531 3263 2601 exceptis
3286 2573 3301 2595 ,
3348 2534 3445 2604 qui
3477 2536 3593 2590 suis

1988 2615 2421 2685 possessoribus
2456 2617 2775 2688 manebant)
2822 2628 2882 2673 ut
2904 2620 3017 2690 jam
3046 2621 3220 2679 fames
3266 2627 3557 2682 remiSerat
3586 2669 3601 2693 ,

2003 2707 2279 2778 Iosephus
2312 2708 2597 2780 IEgyptios
2639 2712 2693 2766 in
2742 2712 2906 2768 urbes
2936 2729 3186 2786 quosque
3228 2732 3360 2774 suas
3396 2735 3605 2775 convo-

2004 2808 2115 2863 cat,
2147 2806 2348 2854 terram
2374 2801 2456 2855 eis
2485 2801 2675 2866 donat,
2709 2811 2765 2857 et
2794 2805 2949 2873 operi
2985 2805 3378 2865 intentosesse
3407 2810 3592 2882 jubet,

2006 2900 2067 2946 ut
2110 2892 2334 2962 quintas
2381 2892 2599 2964 frugum
2644 2892 2918 2951 Pharaoni
2963 2901 3291 2969 penderent.
3334 2903 3602 2972 Iacobus,

2005 2983 2163 3039 anuis
2216 2997 2328 3039 xvu
2388 2984 2443 3039 in
2496 2983 2729 3057 Egypto
2786 2992 3112 3060 transactis,
3159 3010 3227 3048 ex
3285 2995 3604 3052 valetudine

2008 3077 2271 3143 moritur,
2315 3092 2441 3145 cum
2494 3079 2838 3149 praedixisset
2888 3092 3049 3151 ante,
3092 3095 3154 3141 ut
3199 3086 3283 3142 sui
3312 3089 3520 3158 posteri
3550 3089 3606 3145 in

2005 3167 2315 3225 Chananaea
2372 3170 2673 3226 habitaturi
2731 3183 2954 3241 essent;
3005 3190 3071 3231 ac
3116 3178 3333 3234 caeteris
3378 3178 3602 3250 quidem

2006 3258 2138 3315 ﬁliis
2194 3259 2377 3314 fausta
2444 3272 2871 3332 comprecatus,
2919 3275 2975 3320 et
3031 3265 3256 3339 Iosephi
3340 3270 3605 3327 laudibus

2007 3350 2323 3421 praedicatis
2350 3396 2364 3418 ,
2413 3354 2559 3424 quod
2606 3354 2862 3411 fraternas
2905 3358 3120 3429 injuriae
3169 3359 3378 3418 oblitus
3416 3372 3602 3430 esset,

2006 3442 2232 3499 mandat
2282 3444 2446 3509 ﬁliis,
2499 3455 2561 3499 ut
2615 3445 2838 3516 Iosephi
2896 3448 3100 3506 liberos
3140 3451 3499 3520 Ephraimum
3546 3465 3615 3511 et

2007 3535 2358 3601 Manassem,
2412 3537 2468 3590 in
2530 3554 2693 3592 suum
2759 3556 3050 3595 numerum
3105 3543 3421 3611 referrent,
3453 3554 3510 3603 et
3551 3547 3606 3603 in

2007 3627 2330 3685 Chananazae
2369 3639 2529 3686 terrae
2548 3631 2861 3701 portionem
2892 3633 3275 3693 admitterent.
3311 3637 3608 3710 Iosephus,

2009 3721 2141 3778 ﬁliis
2187 3722 2305 3780 suis
2338 3722 2407 3778 ad
2459 3722 2727 3781 Iacobum
2763 3725 3054 3795 adductis,
3080 3736 3143 3785 ut
3171 3730 3253 3785 eis
3294 3729 3437 3786 bene
3477 3746 3608 3802 prc-

2010 3823 2253 3881 caretur,
2311 3817 2575 3886 majorem
2632 3815 2700 3872 ad
2764 3817 3016 3873 dextram
3058 3821 3288 3887 statuit,
3331 3802 3607 3894 iuniorem

2011 3908 2081 3963 ad
2120 3909 2336 3963 laevam.
2386 3909 2457 3963 At
2497 3909 2589 3964 ille
2627 3909 2886 3966 manibus
2923 3910 3261 3968 decussatim
3303 3930 3606 3985 puerorum

2013 4001 2289 4071 capitibus
2355 4002 2667 4071 impositis.
2728 4002 2978 4058 dextram
3040 4004 3251 4074 juniori
3311 4006 3608 4074 admovet,

2013 4096 2293 4149 sinistram
2342 4095 2556 4164 majori.
2602 4094 2686 4150 Ob
2734 4095 2881 4164 quod
2930 4095 3135 4151 factum
3167 4112 3197 4152 a
3243 4097 3484 4169 Ioscpbo
3516 4116 3609 4157 re-

2015 4195 2359 4265 prehensus,
2391 4193 2814 4249 collocationem
2865 4208 3128 4248 manuum
3162 4201 3376 4249 mutare
3408 4194 3607 4252 noluit.

2014 4285 2204 4355 Neque
2245 4284 2392 4339 enim
2446 4287 2544 4355 (ut
2592 4283 2867 4353 Iosephus
2919 4283 3187 4356 putabat)
3228 4300 3328 4355 per
3359 4300 3608 4343 errorem

2017 4375 2093 4430 ita
2145 4375 2386 4441 fecerat,
2421 4374 2756 4431 hebescente
2795 4373 2867 4429 ob
2910 4374 3125 4430 senium
3170 4375 3391 4447 ingenio
3444 4393 3462 4433 :
3510 4378 3608 4434 sed

2016 4466 2160 4521 vatis
2212 4465 2388 4520 instar
2432 4465 2653 4521 futuros
2699 4474 2933 4521 eventus
2975 4480 3074 4538 per
3102 4467 3362 4539 ambages
3391 4469 3611 4526 denun-

2019 4558 2211 4619 tiabat.
2242 4565 2298 4612 et
2322 4557 2619 4612 salutarem
2650 4571 2874 4613 crucem
2904 4557 3240 4614 informabat
3269 4576 3283 4614 :
3325 4575 3390 4616 ac
3418 4576 3614 4617 recen-

303 4656 503 4725 πατρῖ,
530 4655 740 4718 ἐκεῖνος
760 4651 1058 4707 ἀλλοιῶσαι
1083 4643 1174 4706 τὸν
1198 4651 1307 4705 τῶν
1330 4652 1535 4722 χειρῶν
1559 4654 1660 4705 οὐκ
1680 4652 1907 4723 ἐπείσθη

2020 4660 2128 4707 tem
2153 4650 2417 4721 populum
2447 4691 2461 4714 ,
2497 4665 2528 4705 e
2569 4651 2827 4720 gentibus
2858 4650 3159 4707 conﬂatum
3198 4653 3447 4721 scilicet,
3479 4655 3615 4710 der.

304 4747 725 4822 σχηματισμόν.
774 4748 852 4802 Ού
889 4747 1025 4817 γὰρ,
1071 4746 1147 4810 ὡς
1180 4745 1484 4815 ὑπείληφεν
1542 4745 1768 4816 Ἰωσὴφ,
1813 4745 1907 4799 οὐκ

2017 4752 2162 4797 trum
2190 4758 2221 4798 a
2250 4742 2361 4798 Deo
2387 4743 2690 4814 iudicatum
2734 4743 2804 4798 iri
2833 4744 3183 4815 signiﬁcabat
3211 4760 3226 4799 :
3264 4746 3566 4817 antiquiori
3595 4788 3609 4814 ,

301 4843 427 4916 ᾔδει
481 4840 512 4895 δ
571 4840 770 4905 ἐποίει,
812 4837 893 4911 τῷ
950 4837 1110 4911 βαθεῖ
1160 4838 1257 4892 τοῦ
1308 4839 1496 4909 γήρως
1553 4836 1773 4908 βλαϐεὶς
1817 4836 1916 4906 τὴν

302 4933 578 4990 διάνοιαν.
604 4932 720 4985 ἀλλ’
743 4931 820 4996 ὡς
851 4932 1143 5003 προφήτης
1173 4929 1244 4984 τὰ
1273 4930 1540 5001 μέλλοντα
1563 4930 1914 5003 ὑπῃνίττετο,

304 5026 408 5081 καὶ
438 5026 535 5080 τὸν
568 5025 842 5096 σωτήριον
874 5022 1076 5077 ἐτύπου
1109 5024 1366 5094 σταυρὸν,
1399 5024 1495 5076 κα)⁸
1522 5023 1615 5076 τὸν
1640 5023 1760 5076 νέον
1783 5024 1914 5076 λαὸν

303 5116 403 5171 τὸν
446 5116 507 5180 ἐξ
557 5114 730 5169 ἐθνῶν
775 5115 981 5187 δηλαδὴ
1018 5115 1194 5182 δεξιὸν
1236 5115 1426 5186 ἐδήλου
1483 5114 1910 5184 λογισθήσεσθαι

302 5211 386 5283 τῷ
420 5208 570 5280 Θεῷ,
621 5208 716 5262 καὶ
767 5208 863 5262 τοῦ
918 5208 1301 5280 πρεσϐυτέρου
1362 5207 1907 5280 προτιμηθήσεσθαι,

303 5302 457 5373 φημὶ
519 5301 660 5371 δῆτα
715 5299 811 5354 τοῦ
884 5300 1208 5355 Ἰουδαϊκοῦ.
1273 5298 1519 5371 Τελευτᾷ
1584 5299 1643 5353 δέ
1710 5300 1908 5353 Ἰακὼϐ

304 5398 525 5470 βιώσας
575 5396 672 5465 ἐτη
724 5395 897 5467 τριῶν
938 5394 1132 5449 δέοντα
1162 5394 1361 5449 ἑκατὸν
1395 5393 1488 5448 καὶ
1545 5394 1906 5463 πεντήκοντα.

314 5491 529 5560 Ἰωσὴφ
576 5488 633 5542 δέ
675 5489 769 5541 τοῦ
810 5488 1014 5560 Φαραὼ
1053 5489 1538 5560 συγχωρήσαντος,
1576 5488 1797 5540 ἄπεισιν
1831 5484 1913 5550 είς

303 5581 609 5653 Χεϐρῶνα,
644 5582 741 5635 καὶ
774 5582 969 5635 θάπτει
1017 5581 1110 5635 τὸν
1148 5581 1363 5653 πατέρα
1416 5580 1750 5642 πολυτελῶς.
1788 5580 1912 5633 Τῶν

303 5676 365 5731 δέ
394 5674 649 5743 ἀδελφῶν
695 5673 945 5727 δεδιότων
992 5674 1465 5744 συνυποστρέφειν
1515 5672 1687 5741 αὐτῷ,
1714 5672 1801 5725 ἵνα
1836 5671 1911 5743 μὴ

2011 4833 2241 4890 Iudaico
2299 4834 2603 4900 nimirum,
2664 4832 3097 4905 praeferendum.
3158 4834 3311 4891 Obiit
3373 4836 3617 4892 Iacobus

2013 4941 2189 4982 annos
2221 4942 2284 4981 et.
2324 4927 2504 4982 tribus
2534 4926 2800 4997 demptis.
2831 4926 3109 4997 Iosephus
3152 4928 3428 5000 permissu
3470 4930 3614 4986 Pba~

2014 5020 2200 5075 raonis
2286 5014 2635 5076 Chebronem
2728 5018 3104 5091 proﬁciscitur
3169 5063 3186 5088 ,
3288 5035 3612 5095 patremque

2012 5127 2213 5184 magno
2274 5122 2496 5182 sumptu
2548 5112 2791 5182 sepelit:
2828 5121 2884 5168 et
2917 5109 3184 5171 fratribus
3226 5114 3613 5172 dubitantibus

2016 5221 2085 5260 an
2127 5220 2250 5261 cum
2277 5221 2343 5261 eo
2368 5215 2783 5261 reverterentur
2813 5206 3174 5275 (verebantur
3193 5208 3342 5262 enim
3388 5223 3459 5264 ne
3506 5224 3600 5263 ve-

2017 5306 2191 5354 terem
2267 5295 2526 5369 injuriam
2591 5298 3003 5368 ulcisceretur),
3043 5299 3370 5371 scrupulum
3455 5301 3609 5355 illum

2017 5389 2230 5445 eximit.
2292 5388 2360 5444 Et
2427 5389 2542 5461 ipse
2600 5390 2767 5444 etiam
2840 5391 3093 5456 moritur,
3147 5389 3384 5460 expletis
3447 5390 3609 5445 annis

2017 5492 2239 5539 centum
2289 5491 2346 5538 et
2387 5483 2577 5539 decem
2608 5498 2623 5537 :
2660 5498 2785 5538 cum
2819 5483 3173 5546 mandasset,
3210 5491 3272 5539 ut
3316 5484 3609 5555 populares

2018 5577 2105 5633 sui
2146 5592 2215 5633 ex
2266 5572 2503 5650 Egypto
2543 5577 2933 5648 remigraturi,
2981 5591 3081 5630 sua
3139 5576 3306 5632 etiam
3364 5593 3488 5634 ossa
3554 5578 3607 5633 in

2019 5671 2387 5728 Chananwam
2424 5684 2623 5726 terram
2655 5685 2842 5727 secum
2882 5679 3253 5740 asportarent.

309 5770 745 5843 μνησικακήσας
798 5769 1132 5840 ἀνταποδοίη
1213 5770 1436 5832 αὐτοῖς,
1494 5770 1673 5822 πείθει
1740 5769 1909 5838 μηδὲν
1992 5769 2321 5842 ὑφορᾶσθαι.
2384 5766 2627 5840 Τελευτᾷ
2694 5769 2751 5821 δὲ
2808 5770 2903 5823 καὶ
2955 5762 3195 5834 -οῧτης,
3247 5769 3341 5837 ἐτη
3403 5767 3610 5837 βιώσας

304 5866 513 5922 ἑκατὸν
575 5864 732 5931 δέκα,
787 5864 1193 5936 ἐντειλάμενος,
1252 5866 1335 5919 ὅτι
1403 5864 1905 5936 μεταναστεύσουσι
1948 5865 2046 5936 τῆς
2095 5862 2402 5933 Αἰγύπτου,
2448 5865 2498 5918 oi
2530 5865 2595 5919 ἐκ
2661 5863 2755 5918 τοῦ
2823 5864 3018 5932 γένους
3066 5862 3256 5928 αὑτοῦ,
3310 5863 3603 5930 ἐκκομίσαι

307 5966 408 6021 καὶ
432 5964 503 6020 τὰ
523 5964 663 6021 ὀστᾶ
686 5963 874 6032 αὐτοῦ,
900 5962 997 6019 καὶ
1020 5963 1100 6028 είς
1120 5962 1219 6035 τὴν
1241 5963 1557 6019 Χαναναίαν
1578 5963 1907 6033 ἀπαγαγεῖν.
