4098 6424
487 444 553 505 83
1593 508 1610 523 μ
1767 441 2090 504 JOANNIS
2127 439 2446 501 zemas
3697 442 3765 508 84

560 565 653 620 Ml
711 563 944 638 .‘Egyptii
975 607 988 627 .
1027 565 1154 635 quia
1203 563 1399 619 ﬂorere
1443 563 1708 618 videbant
1760 561 2066 622 lsraelitas,

2249 559 2347 612 IB'.
2382 560 2672 625 Αἰγύπτιοι
2725 559 2778 611 δὲ
2825 559 3182 628 ἀκμάζοντας
3233 559 3361 623 τοὺς
3421 559 3766 630 Ἰσραηλίτας

491 657 894 728 οι.1ἰιί.ἶοεεριιί
921 702 935 724 ,
965 660 1146 716 varias
1189 658 1244 712 in
1289 672 1386 712 eos
1429 670 1702 710 mrumnas
1737 654 2071 723 excogitant.

489 744 624 803 Nam
669 760 724 804 et
769 751 952 804 Nilum
1006 750 1061 804 in
1110 749 1376 819 plurimas
1425 748 1601 802 fossas
1651 746 1903 802 derivare
1953 747 2071 816 jus—

489 849 681 894 serunt
712 881 726 900 ,
773 851 827 895 et
861 841 1024 896 urbes
1055 839 1396 896 circumdare
1431 839 1739 902 moenibus,
1770 849 1823 893 et
1850 853 2076 908 aggeres

493 932 778 997 excitare,
827 932 934 1002 32
987 947 1087 1002 per
1116 947 1255 1001 quos
1300 932 1405 986 Nili
1443 930 1846 985 exundationes
1907 944 2071 984 coer-

495 1032 788 1084 cerentur,
840 1032 896 1078 et
971 1022 1281 1094 pyramides
1352 1031 1664 1076 exstruere.
1749 1018 2072 1090 llujusmodi

497 1111 666 1183 igitur
713 1115 878 1170 rebus
930 1115 1192 1169 Hebraeos
1234 1113 1646 1168 excruciabant.
1684 1113 1761 1167 Ac
1805 1112 1966 1180 longo
1997 1111 2071 1166 illi

499 1215 746 1274 tempore
781 1206 914 1262 istas
937 1223 1212 1262 aerumnas
1253 1206 1579 1269 tolerarant,
1603 1219 1729 1259 cum
1755 1205 1977 1274 quidam
2007 1221 2072 1259 ex

497 1296 878 1352 sacerdotibus
915 1297 1184 1352 Pharaoni
1243 1297 1500 1361 nuntiat,
1534 1297 1653 1352 fore
1703 1306 1763 1350 ut
1812 1297 1958 1352 circa
2015 1298 2071 1352 id

500 1394 719 1457 tempus
759 1388 983 1459 quidam
1037 1389 1300 1445 lsraelitis
1333 1399 1674 1452 nasceretur,
1704 1389 1798 1453 qui
1845 1391 1890 1444 si
1939 1389 2073 1444 ado-

495 1477 757 1547 levissict,
789 1491 846 1537 et
887 1483 1174 1555 Egyptios
1224 1483 1628 1554 depressurus,
1675 1494 1733 1540 et
1783 1485 2075 1556 p0pulares

493 1586 624 1627 suos
666 1582 960 1630 evecturus
983 1585 1147 1632 esset.
1183 1575 1300 1644 Qua
1352 1592 1411 1633 re
1461 1577 1794 1646 perterritus
1839 1579 2070 1641 Pharao,

492 1678 684 1719 omnes
730 1666 1003 1722 masculos
1037 1668 1130 1738 qui
1164 1666 1410 1724 Hebraeis
1455 1679 1839 1731 nascerentur,
1874 1669 1927 1723 in
1967 1669 2068 1724 ﬂu-

491 1770 618 1811 men
662 1758 940 1828 projectos
985 1761 1170 1816 necari
1199 1760 1375 1831 jubet.
1411 1760 1567 1828 Quod
1616 1762 1932 1832 quicunque
1973 1777 2070 1831 pa-

2469 651 2688 706 καὶτοῦ
2731 651 2932 721 Ἰωσὴφ
2985 651 3432 720 ἐπιλελησμένοι,
3479 653 3760 706 ταλαιπω-

2180 744 2302 814 ρίας
2355 744 2608 808 ποικίλας
2651 743 2772 797 κατ’
2832 743 3010 797 αὐτῶν
3059 743 3337 796 ἐπένοουν.
3393 743 3497 796 Τόν
3538 761 3596 796 τε
3654 745 3764 813 γάρ

2178 837 2424 904 ποταμὸν
2454 838 2533 898 είς
2575 835 2854 906 διώρυχας
2899 835 3160 897 πλείστας
3203 837 3538 904 κατατεμεῖν
3580 837 3766 900 αὐτοῖς

2179 927 2474 993 ἐπέταξαν,
2529 930 2624 982 καὶ
2667 927 3022 997 οἰκοδομῆσαι
3065 927 3220 996 τείχη
3262 931 3379 990 ταῖς
3424 927 3636 992 πόλεσι,
3671 929 3763 982 καὶ

2177 1019 2412 1090 χώματα
2446 1022 2751 1089 ἀνεγεῖραι,
2785 1020 2873 1072 ῖνα
2909 1019 2978 1072 δι’
3012 1019 3196 1072 αὐτῶν
3227 1021 3254 1072 6
3294 1020 3540 1089 ποταμὸς
3573 1021 3765 1090 λιμνάο

2177 1113 2292 1178 ζειν
2320 1113 2652 1184 ἀνείργοιτο,
2686 1114 2780 1166 καὶ
2812 1113 3038 1184 ἀνιστᾷν
3058 1111 3395 1182 πυραμίδας,
3424 1112 3518 1165 καὶ
3550 1113 3764 1176 τούτοις

2175 1206 2306 1268 τοὺς
2346 1204 2630 1274 Ἐὃραίους
2673 1204 2984 1275 ἐξέτρυχον.
3040 1205 3246 1273 Χρόνον
3296 1203 3395 1274 μὲν
3433 1203 3525 1257 οῦν
3571 1205 3766 1275 συχνὸν

2177 1299 2264 1352 ἐπ’
2298 1299 2490 1361 αὑταῖς
2534 1297 2790 1367 διήνυσαν
2819 1300 2938 1360 ταῖς
2971 1296 3307 1352 κακώσεσιν.
3344 1294 3479 1350 Εἶτα
3514 1298 3623 1352 τῶν
3665 1298 3766 1352 Ἱε-

2174 651 2434 721 ὁρῶντες,

2180 1391 2619 1462 ρογραμματέων
2664 1408 2751 1452 τις
2799 1389 3056 1458 ἀγγέλλει
3107 1390 3185 1460 τῷ
3230 1391 3453 1458 Φαραὼ,
3498 1391 3763 1461 τεχθήσε-

2178 1484 2304 1537 σθαι
2325 1483 2448 1536 τινὰ
2485 1482 2609 1536 κατ’
2640 1483 2849 1535 ἐκεῖνον
2882 1483 2973 1535 τὸν
2998 1483 3192 1548 καιρὸν
3219 1485 3333 1545 τοῖς
3376 1483 3763 1553 Ἰσραηλίταις,

2174 1571 2233 1632 ὃς
2266 1570 2496 1640 τραφεὶς
2523 1570 2854 1625 ταπεινώσει
2896 1571 2994 1640 μὲν
3037 1572 3165 1634 τοὺς
3207 1571 3564 1639 Αἰγυπτίους,
3598 1574 3768 1644 αὐξήο
3835 1619 3854 1634 ,

2178 1678 2262 1714 σει
2292 1661 2350 1714 δὲ
2379 1661 2506 1723 τοὺς
2537 1663 2846 1730 ὁμογενεῖς.
2886 1660 3081 1723 Δείσας
3119 1656 3214 1714 οὖν
3238 1662 3267 1713 6
3293 1660 3519 1732 Φαραὼ,
3552 1662 3767 1717 κελεύει

2177 1755 2288 1807 πᾶν
2315 1755 2483 1825 ἄρσεν
2510 1753 2822 1823 γενώμενον
2850 1755 2962 1818 τοῖς
2992 1754 3290 1824 Ἑϐραίοις,
3324 1755 3655 1824 ῥιπτοῦντας
3687 1757 3768 1818 είς

493 1856 711 1901 rentum
749 1849 1087 1920 negligerent
1112 1890 1127 1915 ,
1151 1865 1276 1904 cum
1309 1850 1458 1905 omni
1494 1849 1700 1904 familia
1737 1852 2018 1920 perituros
2051 1867 2064 1904 :

2186 1849 2272 1900 τὸν
2292 1846 2564 1916 ποταμὸν,
2596 1845 2943 1915 διαφθείρειν
2970 1859 2984 1875 ·
3023 1846 3150 1906 τοὺς
3190 1845 3246 1898 δὲ
3281 1845 3356 1916 μὴ
3379 1844 3523 1899 οὕτω
3548 1846 3762 1899 ποιοῦν-

491 1947 546 1989 et
611 1950 802 2008 partus
872 1941 1226 1996 llebraearum
1294 1942 1591 1999 mulierum
1662 1941 1734 1998 ab
1803 1941 2074 2012 Egyptiis

2186 1958 2279 2004 τας
2309 1939 2416 1994 τῶν
2449 1938 2657 1992 παίδων
2694 1940 2899 2000 τοκείς,
2945 1937 3197 2006 παγγενῆ
3241 1937 3585 2006 ἀναιρεῖσθαι
3621 1955 3636 1971 ·
3670 1939 3770 1992 καὶ

491 2028 887 2087 obstetricibus
929 2033 1218 2088 observari
1267 2034 1446 2105 jubet.
1503 2035 1582 2089 Ac
1620 2034 1696 2089 illi
1742 2034 1967 2104 quidem
2019 2032 2076 2087 in

491 2119 580 2176 his
608 2133 786 2178 erant.
833 2121 1067 2189 Quidam
1110 2133 1297 2180 autem
1347 2123 1433 2178 vir
1479 2125 1683 2180 nobilis
1720 2125 1793 2179 ob
1831 2124 2076 2179 edictum

491 2210 638 2265 istud
685 2212 993 2284 angebatur
1030 2214 1178 2279 (nam
1221 2230 1360 2270 uxor
1391 2215 1512 2286 ejus
1563 2214 1772 2270 ferebat
1825 2212 2071 2280 uterum)

489 2317 555 2356 ac
583 2312 836 2372 precatus
859 2305 1050 2370 Deum,
1081 2306 1134 2360 in
1158 2307 1367 2362 somnis
1390 2315 1667 2370 monetur,
1687 2322 1756 2362 ne
1783 2307 2037 2377 desperet
2063 2324 2077 2363 :

489 2394 631 2449 Nam
664 2403 716 2448 et
741 2413 872 2465 puer
899 2397 1103 2468 (inquit
1143 2398 1310 2465 Deus)
1338 2415 1489 2469 quem
1520 2399 1765 2453 dixerunt
1795 2397 2035 2471 [Egyptii
2057 2442 2073 2468 ,

491 2497 612 2542 tuus
657 2491 800 2554 erit,
850 2497 901 2544 et
954 2493 1182 2547 manebit
1235 2492 1515 2548 incolumis
1545 2535 1559 2559 ,
1609 2500 1658 2547 et
1710 2493 2078 2564 ignorantibus

489 2580 888 2638 insidiatoribus
937 2585 1252 2639 educabitur
1303 2600 1321 2638 :
1365 2595 1415 2640 et
1462 2584 1806 2656 popularibus
1852 2586 1960 2639 suis
2014 2599 2078 2638 ea:

489 2669 808 2744 £gyptiaca
855 2679 1102 2732 servitute
1139 2680 1360 2749 ereptis,
1404 2685 1606 2734 aeterna
1641 2681 1899 2733 memoria
1934 2677 2075 2732 cele-

491 2761 753 2818 brabitur.
806 2763 1005 2820 Frater
1033 2769 1157 2822 item
1192 2769 1306 2839 ejus
1335 2785 1452 2823 cum
1489 2771 1598 2824 suis
1645 2772 1866 2839 posteris
1904 2785 2080 2824 sacer-

493 2855 588 2910 dos
632 2874 780 2913 meus
818 2874 1023 2931 semper
1048 2862 1169 2916 erit.
1229 2860 1377 2918 Uxor
1409 2862 1549 2916 clam
1579 2861 1910 2917 custodibus
1945 2875 2080 2931 pue-

493 2962 618 3002 rum
659 2966 862 3006 marem
890 2953 940 3008 ei
965 2955 1148 3024 parit,
1193 2969 1358 3024 quem
1401 2964 1510 3010 tres
1550 2969 1769 3010 menses
1817 2962 2081 3024 parentes

493 3042 668 3098 alunt.
716 3043 824 3099 Sed
878 3056 1031 3102 metu
1082 3047 1306 3102 tandem
1357 3047 1614 3111 subacti,
1673 3048 1910 3104 salutem
1958 3047 2078 3119 ejus

493 3132 609 3188 Deo
656 3136 1008 3192 committunt
1037 3155 1051 3195 :
1085 3153 1148 3194 ac
1181 3139 1234 3192 in
1270 3138 1531 3194 fiscellam
1577 3139 1846 3195 bitumine
1885 3139 2078 3195 illitam

2180 2033 2305 2094 τοὺς
2335 2030 2590 2094 τοκετοὺς
2613 2029 2671 2083 δέ
2698 2029 2806 2083 τῶν
2839 2028 3114 2100 Ἐϐραίων
3141 2030 3440 2098 γυναικῶν,
3470 2029 3568 2092 τάς
3597 2031 3770 2099 Αἰγυ-

2180 2123 2344 2187 πτίας
2399 2122 2563 2193 μαίας
2611 2121 3082 2192 παραφυλάττειν.
3132 2123 3244 2176 Καὶ
3281 2122 3330 2174 οἱ
3375 2123 3476 2192 μὲν
3511 2118 3650 2194 ἦσαν
3710 2126 3772 2178 ἐν

2179 2214 2410 2278 τούτοις.
2459 2214 2624 2286 Ἀνὴρ
2662 2213 2719 2267 δέ
2750 2231 2834 2277 τις
2864 2213 2973 2266 τῶν
3009 2212 3068 2267 εῦ
3101 2213 3408 2283 γεγονότων
3432 2212 3572 2283 πρὸς
3594 2215 3773 2269 ταῦτα

2178 2307 2411 2362 διέκειτο
2441 2307 2717 2379 χαλεπῶς.
2762 2309 3089 2379 Ἐκυοφόρει
3132 2308 3241 2376 γάρ
3289 2309 3322 2376 ή
3369 2309 3564 2362 τούτου
3605 2308 3770 2380 γυνή,

2181 2402 2275 2456 καὶ
2297 2400 2476 2454 ἐδέετο
2498 2401 2591 2454 τοῦ
2618 2400 2776 2454 Θεοῦ.
2807 2401 2898 2470 Μὴ
2923 2399 3329 2466 ἀπογινώσκειν
3349 2401 3404 2454 δὲ
3423 2402 3546 2455 καθ’
3565 2400 3772 2465 ὕπνους

2182 2493 2523 2564 προσέταξεν
2553 2489 2704 2562 αὑτῷ
2735 2493 2762 2545 6
2791 2475 3014 2553 656230
3050 2508 3114 2545 τε
3152 2491 3263 2560 γὰρ
3299 2492 3462 2558 παῖς,
3495 2492 3568 2546 ὃν
3594 2489 3774 2548 εἶπον

2179 2585 2508 2655 Αἰγύπτιοι,
2559 2583 2692 2649 σὸς,
2742 2582 2975 2650 ἔλεγεν,
3024 2581 3222 2645 ἔσται,
3257 2583 3354 2637 καὶ
3404 2583 3772 2650 σωθήσεται,

2181 2679 2278 2734 καί
2337 2677 2728 2748 τραφήσεται,
2793 2675 3001 2731 ,λαθὼν
3046 2674 3192 2741 τοὺς
3233 2675 3772 2744 ἐπιϐουλεύοντας,

2181 2774 2279 2826 καὶ
2332 2773 2509 2826 λύσει
2562 2771 2678 2839 μὲν
2725 2767 2835 2837 τῆς
2898 2767 3034 2837 παρ’
3079 2769 3428 2834 Αἰγυπτίοις
3489 2768 3777 2836 δουλείας

2181 2864 2326 2930 τοὺς
2362 2864 2733 2933 ὁμοφύλους,
2784 2859 3030 2930 μνήμης
3061 2858 3129 2912 δὲ
3176 2859 3420 2913 αἰωνίου
3473 2859 3774 2924 τεύξεται.

2194 2953 2260 3007 ’0
2317 2953 2386 3006 δὲ
2430 2951 2696 3020 ἀδελφὸς
2736 2950 2926 3005 αὑτοῦ
2965 2949 3270 3019 ἱεράσεταί
3323 2968 3426 3019 μοι
3477 2951 3601 3006 σὺν
3647 2951 3780 3020 τοῖς

2183 3046 2460 3114 ἐκγόνοις
2485 3043 2834 3108 διαπαντός.
2891 3043 3082 3095 Τίκτει
3136 3041 3316 3095 τοίνυν
3370 3042 3522 3113 αὐτῷ
3570 3044 3604 3113 ή
3635 3044 3778 3116 γυνὴ

2188 3136 2401 3190 παιδίον
2435 3136 2625 3208 ἄρρεν,
2652 3133 2895 3187 λαθοῦσα
2928 3134 3056 3196 τοὺς
3085 3133 3357 3202 φύλακας,
3389 3138 3484 3186 καὶ
3513 3135 3779 3205 τρέφεται

497 3223 813 3292 impositum
857 3225 1165 3290 infantem,
1195 3227 1249 3281 in
1302 3227 1527 3282 ﬂuvium
1575 3227 1872 3284 demittunt
1921 3228 2076 3283 :Ma—

2187 3228 2339 3298 παρὰ
2379 3228 2486 3280 τῶν
2532 3225 2800 3280 τεκόντων
2847 3225 2909 3278 τὸ
2963 3225 3164 3296 βρέφος
3216 3226 3309 3278 ἐπὶ
3363 3225 3543 3295 μῆνας
3600 3226 3777 3296 τρεῖς.

495 3313 728 3370 riamme
765 3318 920 3386 pueri
944 3332 1136 3372 sorore
1169 3319 1500 3372 observante
1524 3359 1538 3381 ,
1572 3318 1703 3389 quid
1745 3319 1812 3374 de
1842 3335 1910 3375 eo
1935 3319 2084 3374 futu-

493 3417 617 3456 rum
645 3413 811 3459 esset.
863 3406 1077 3463 Interea
1125 3405 1484 3464 Thermuthis
1521 3407 1629 3463 filia
1683 3407 1988 3465 Pharaonis
2017 3410 2085 3465 ad

491 3494 671 3564 ripam
741 3496 1015 3566 lusitans,
1087 3500 1343 3555 fiscellam
1425 3501 1622 3564 videt.
1696 3503 1812 3557 tolli
1883 3503 2078 3574 jubet,

492 3599 839 3656 puerumque
888 3588 1070 3644 visum
1113 3590 1186 3658 ob
1240 3591 1707 3661 pulchritudinem
1755 3603 1814 3650 et
1862 3597 2079 3666 magni-

497 3676 746 3732 tudinem
801 3679 1001 3750 diligit.
1050 3681 1416 3738 Adducuntur
1461 3683 1729 3756 [Egyptiae
1775 3686 2078 3751 mulieres,

495 3767 784 3825 laetaturae
830 3787 1060 3840 puerum
1111 3790 1124 3826 :
1172 3783 1227 3827 at
1269 3774 1359 3829 ille
1424 3790 1713 3831 mammam
1767 3776 2080 3849 Egyptiam

492 3870 800 3916 aversatur.
853 3861 990 3918 Tum
1027 3863 1380 3933 Mariamme,
1409 3869 1566 3936 quasi
1617 3869 1844 3925 fortuito
1901 3871 2081 3926 inter-

492 3951 738 4008 venisset
769 3968 784 4006 :
823 3953 1048 4026 Regina,
1073 3956 1274 4028 inquit,
1301 3961 1346 4013 si
1375 3957 1597 4015 Ilebrwa
1631 3961 1823 4015 mulier
1854 3972 2085 4028 vocetur,

493 4042 734 4108 fortassis
794 4048 1036 4101 admittet
1111 4066 1397 4105 mammam
1459 4053 1659 4121 infans.
1725 4053 1819 4107 Illa
1881 4057 2064 4109 vocari

490 4137 648 4208 jubet
681 4155 694 4191 :
728 4138 1024 4196 adducitur
1047 4143 1203 4211 pueri
1243 4153 1438 4210 mater,
1470 4145 1559 4200 cui
1591 4145 1950 4202 Thermuthis
1977 4147 2081 4201 ali-

492 4231 734 4288 moniam
787 4235 908 4306 ejus
962 4237 1216 4294 mercede
1262 4241 1446 4304 locat,
1492 4241 1716 4297 nomine
1765 4257 1832 4296 ex
1879 4250 2086 4298 eventu

493 4324 692 4380 indito.
730 4325 866 4381 Nam
903 4344 1101 4400 aquam
1123 4348 1234 4386 mos
1259 4341 1461 4388 vocant
1483 4332 1726 4405 Egyptii
1745 4353 1759 4403 ;
1781 4337 1931 4407 Ityses
1952 4375 1966 4398 ,
1991 4351 2092 4393 eos

495 4417 592 4487 qui
618 4433 686 4472 ex
725 4433 866 4490 aqua
903 4422 1240 4491 eripiuntur.
1277 4427 1562 4482 Ambobus
1597 4428 1767 4498 igitur
1786 4428 1876 4484 his
1902 4430 2088 4485 verbis

493 4511 815 4580 compositis
838 4555 853 4580 ,
892 4513 959 4569 ad
997 4515 1223 4571 infantis
1261 4533 1459 4574 nomen
1496 4519 1588 4574 illa
1628 4535 1726 4574 usa
1763 4529 1869 4576 est.
1908 4521 2087 4578 Moses

496 4601 566 4656 ab
598 4605 914 4662 Abrahamo
952 4609 1224 4675 septimus
1257 4619 1600 4665 numeratur.
1633 4611 1769 4666 Nam
1809 4613 2084 4668 Amarami

497 4695 643 4753 filius
687 4696 827 4764 fuit,
867 4698 1108 4756 Caathus
1131 4701 1407 4756 Amarami
1443 4711 1620 4774 pater,
1644 4704 1736 4760 ille
1771 4704 1932 4762 Levis
1955 4748 1969 4772 ,
1992 4706 2091 4763 Le-

497 4793 580 4846 vis
601 4793 812 4856 Jacobi,
830 4791 1067 4848 Jacobus
1089 4791 1256 4848 Isaaci
1279 4794 1444 4856 filius,
1471 4806 1629 4866 patre
1651 4797 1768 4852 nati
1794 4797 2090 4855 Abraamo.

499 4888 703 4942 Mosem
769 4892 881 4939 tres
933 4899 1108 4940 annos
1151 4893 1338 4940 natum
1381 4897 1438 4942 et
1477 4897 1708 4943 staturae
1746 4893 2050 4962 proceritas
2079 4937 2094 4961 ,

2187 3319 2499 3382 Δεδοικότες
2551 3318 2627 3383 δὲ,
2688 3318 2780 3370 ἐπὶ
2828 3315 2907 3387 τῷ
2941 3315 3061 3386 Θεῷ
3111 3317 3213 3385 τὴν
3270 3317 3438 3370 αὑτοῦ
3496 3318 3780 3388 σωτηρίαν

2189 3409 2539 3481 πεποίηνται,
2563 3409 2660 3461 καὶ
2683 3409 2904 3478 πλέγμα
2929 3425 2980 3461 τι
3012 3407 3488 3478 μηχανησάμενοι,
3512 3409 3784 3480 ἀσφάλτῳ

2188 3520 2248 3556 τε
2279 3502 2726 3574 περιχρίσαντες,
2767 3500 3040 3554 ἐντιθέασι
3085 3499 3146 3552 τὸ
3193 3499 3416 3570 βρέφος,
3453 3501 3548 3552 καὶ
3580 3501 3783 3568 ἀφιᾶσι

2191 3589 2332 3667 μετὰ
2363 3594 2458 3649 τοῦ
2495 3594 2741 3664 ποταμοῦ
2795 3593 2929 3663 (55).
2994 3593 3058 3648 Ἡ
3084 3593 3141 3645 δὲ
3189 3593 3284 3647 τοῦ
3320 3594 3534 3646 παιδίου
3569 3593 3784 3662 ἀδελφὴ

2188 3677 2525 3760 Μαριάμμη,
2555 3687 2861 3757 παρετήρει
2887 3684 2946 3738 τὸ
2976 3685 3367 3755 γενησόμενον,
3399 3686 3682 3750 Παίζουσα
3714 3688 3780 3742 δὲ

2191 3781 2340 3851 παρὰ
2361 3782 2478 3844 ταῖς
2509 3778 2699 3849 ὄχθαις
2730 3777 2822 3830 τοῦ
2851 3776 3099 3847 ποταμοῦ
3121 3777 3498 3849 Θέρμουθι·,ή
3529 3777 3784 3849 θυγάτηρ

2189 3872 2410 3943 Φαραὼ,
2464 3874 2568 3944 ὁρᾷ
2618 3873 2678 3924 τὸ
2725 3871 2970 3940 πλέγμα,
3030 3869 3127 3924 καὶ
3183 3870 3441 3922 στείλασα
3486 3870 3786 3940 κομίζεται

2188 3965 2369 4019 τοῦτο.
2411 3964 2619 4017 ’ἰδοῦσα
2661 3964 2716 4016 δέ
2775 3963 2836 4015 τὸ
2896 3962 3136 4025 παιδίον,
3191 3961 3480 4032 ἠγάπησεν
3515 3963 3649 4015 αὐτὸ
3681 3964 3788 4017 καὶ

2189 4058 2278 4111 διὰ
2327 4056 2543 4118 κάλλος,
2581 4056 2674 4108 καὶ
2709 4055 2795 4107 δια
2843 4053 3094 4123 μέγεθος.
3143 4054 3255 4106 Καὶ
3291 4055 3638 4124 παράγονται
3674 4071 3809 4123 γυ·-

2191 4155 2375 4216 ναῖκες
2403 4149 2700 4214 Αἰγύπτιαι
2738 4147 3075 4216 θηλάσουσαι
3096 4147 3254 4200 αὐτό.
3287 4149 3360 4199 Τὸ
3389 4148 3447 4201 δὲ
3479 4148 3653 4220 θήλην
3679 4150 3789 4203 αὖ·

2189 4245 2298 4298 τῶν
2314 4245 2374 4297 οὐ
2404 4242 2678 4315 προσίετο.
2715 4241 2777 4292 Ἦ
2795 4240 2849 4292 δὲ
2879 4239 3196 4310 Μαριάμμη
3222 4239 3299 4302 ὡς
3324 4241 3466 4310 τάχα
3492 4257 3788 4311 παρατυγ-

2190 4339 2447 4408 χάνουσα,
2505 4335 2874 4394 Βασίλισσα,
2932 4332 3079 4392 εἶπε,
3145 4333 3199 4384 εὶ
3241 4333 3469 4400 Ἑϐραῒς
3523 4335 3784 4404 κληθείη

2189 4431 2368 4502 γυνὴ,
2399 4431 2546 4494 ἴσως
2575 4427 2950 4497 προσήσεται
2982 4425 3183 4492 θήλην
3219 4426 3286 4480 τὸ
3315 4426 3550 4495 ,βρέφος
3579 4432 3790 4498 (more.

2189 4524 2359 4588 νοῦς,
2422 4521 2489 4577 Ἡ
2521 4519 2599 4581 δὲ,
2642 4519 2942 4580 Κάλεσον,
2989 4517 3118 4586 ἔφη·
3184 4516 3277 4570 καὶ
3328 4519 3626 4589 παρήγαγε
3675 4521 3786 4592 τὴν

2201 4613 2436 4686 μητέρα.
2471 4611 2581 4665 Καὶ
2612 4614 2643 4680 ή
2680 4608 2988 4680 Θέρμουθις
3023 4608 3122 4678 τὴν
3165 4608 3262 4661 τοῦ
3325 4607 3514 4673 παιδὸς
3569 4611 3786 4682 τροφὴν

2201 4707 2473 4778 ἔμμισθον
2505 4704 2643 4773 αὐτῇ
2670 4701 2982 4770 ἀνατίθησι,
3015 4702 3111 4753 καὶ
3144 4701 3208 4753 ἐκ
3236 4699 3333 4754 τοῦ
3365 4701 3786 4773 συμϐεϐηκότος

2197 4796 2454 4869 ὀνομάζει
2509 4794 2660 4848 αὐτό.
2699 4792 2772 4846 Τὸ
2807 4793 2917 4862 γὰρ
2964 4792 3109 4864 ῦδωρ
3139 4793 3268 4863 μῶς
3319 4792 3580 4848 καλοῦσιν
3611 4795 3788 4862 Atyis-

2199 4910 2366 4956 πτιοι,
2398 4889 2560 4958 ὑσῆς
2588 4889 2643 4942 δὲ
2675 4889 2800 4950 τοῦς
2841 4887 2901 4951 ἐξ
2931 4885 3126 4950 ὓδατος
3162 4888 3530 4958 σωζομένους.
3572 4889 3782 4960 Ἄμφω

499 4979 603 5048 33
635 4986 691 5032 et
718 4977 906 5031 formae
935 4976 1223 5046 elegantia,
1253 4977 1523 5034 beneﬁcio
1563 4981 1802 5049 quodam
1831 4985 2078 5040 "numinis

2197 4983 2329 5052 γοῦν
2385 4980 2637 5033 συνθεῖσα
2688 4977 2757 5030 τὰ
2789 4977 3013 5047 ῥήματα
3059 4979 3139 5039 εἰς
3193 4978 3388 5046 κλῆσιν
3447 4980 3633 5043 αὐτοῖς
3685 4979 3785 5033 τοῦ

500 5070 872 5125 decorabant:
921 5068 1199 5140 ingenium
1233 5085 1398 5140 porro
1441 5088 1605 5142 supra
1639 5085 1860 5144 captum
1913 5083 2090 5137 aetatis

502 5163 557 5216 in
615 5178 682 5217 eo
731 5161 1000 5216 elucebat.
1053 5160 1408 5218 Thermuthis
1451 5164 1637 5237 itaque
1687 5169 1820 5223 orba
1869 5171 2083 5241 liberis,

501 5271 627 5308 eum
655 5253 900 5324 ad0ptat,
924 5253 989 5306 ad
1021 5263 1229 5322 patrem
1263 5255 1442 5311 affert.
1498 5258 1546 5312 ls
1574 5274 1800 5328 puerum
1838 5265 2086 5336 comple-

503 5347 693 5411 ctitnr,
717 5353 774 5402 et
800 5344 1049 5400 diadema
1085 5362 1184 5418 per
1221 5347 1513 5404 blanditias
1555 5350 1604 5404 ei
1637 5351 1908 5421 imponit:
1940 5359 2084 5426 quod

506 5453 662 5507 puer,
690 5447 750 5493 ut
781 5438 889 5494 fert
919 5437 1066 5494 illius
1098 5440 1276 5495 aetatis
1307 5440 1650 5510 simplicitas,
1685 5445 1836 5501 humi
1871 5448 2081 5518 abjicit,

2199 5076 2434 5146 βρέφους
2485 5071 2779 5142 ἐχρήσατο.
2843 5065 2951 5121 Ἦν
3015 5069 3061 5122 δ’
3119 5067 3181 5133 ἐξ
3250 5070 3504 5141 Ἀϐραὰμ
3551 5072 3787 5140 ἕϐδομος

2195 5171 2460 5238 Μωῦσῆς.
2507 5166 2770 5235 ’Λμαρὰμ
2804 5162 2902 5232 μὲν
2925 5163 3034 5233 γὰρ
3061 5163 3222 5225 αὐτὸς
3245 5158 3313 5232 ἦν
3342 5165 3493 5226 παῖς,
3533 5163 3692 5217 Καάθ
3721 5163 3782 5217 δέ

2194 5263 2272 5332 τῷ
2303 5258 2565 5330 Ἀμαρὰμ
2588 5257 2615 5308 6
2636 5256 2840 5326 πατήρ.
2861 5255 2920 5305 '0
2953 5255 3008 5307 δὲ
3035 5252 3128 5306 τοῦ
3159 5252 3311 5320 Λευῖ,
3338 5253 3433 5307 καὶ
3461 5253 3551 5307 τοῦ
3585 5252 3787 5308 Ἰακὼό

2195 5357 2224 5407 ὀ
2269 5352 2422 5407 Λευῖ.
2485 5347 2681 5404 Ἰακὼὸ
2741 5347 2798 5401 δὲ
2844 5345 3040 5416 ἐτέχθη
3096 5344 3175 5415 τῷ
3223 5345 3431 5408 Ἰσαάκ,
3492 5347 3680 5400 Ἰσαὰκ
3733 5347 3784 5399 δ’

2195 5448 2358 5518 ἐξέφυ
2415 5444 2512 5498 τοῦ
2585 5441 2861 5512 Ἀϐραάμ.
2920 5441 3139 5510 Τριετεῖ
3212 5440 3270 5493 δὲ
3343 5439 3421 5510 τῷ
3474 5442 3627 5494 παιδὶ
3683 5457 3784 5508 γε..

1680 5557 1883 5619 Varia;
1919 5559 2230 5623 lectiones
2263 5567 2326 5622 et
2366 5566 2556 5622 notas.

506 5751 522 5805 ι
579 5681 690 5762 (5.3.)
732 5678 891 5738 Μετὰ
920 5677 1025 5734 τοῦ
1060 5681 1352 5750 ποταμοῦ.
1402 5681 1545 5754 Lege
1594 5686 1758 5739 κατά.
1808 5685 1979 5741 Error
2007 5689 2078 5743 li-

528 5767 700 5804 ll‘ﬂl‘ll.

528 5767 600 5804 ia
687 5790 700 5804 .

547 5768 1079 5899 r(._’li-Ii|)Baa£.1w'qa.
1134 5829 1212 5899 lita
1264 5827 1636 5892 Thermutim,
1688 5829 1832 5899 regis
1887 5828 2079 5892 filiam,

510 5895 743 5964 reginam
795 5906 954 5954 vocat
985 5897 1277 5969 Iosephus,
1309 5899 1408 5958 lib.
1437 5914 1496 5968 tt,
1540 5913 1662 5968 cap.
1705 5895 1775 5962 5,’
1798 5900 1942 5955 unde
1981 5915 2082 5955 sua

2189 5689 2374 5745 hausit
2400 5688 2663 5743 Zonaras.
2708 5686 2914 5743 Scribit
2944 5682 3145 5739 Suidas
3176 5697 3242 5737 ex
3278 5679 3601 5743 Aristotele,
3628 5676 3782 5747 apud

2191 5762 2422 5830 Cyprios
2489 5776 2672 5829 regum
2737 5759 2902 5830 filios,
2941 5756 3243 5830 ἄνακτας.-
3273 5762 3330 5806 ιιι
3375 5750 3538 5830 .fili'as
3572 5753 3784 5830 _dwaia-

2195 5819 2295 5894 σᾶξ
2330 5819 2652 5903 appellatas.
2689 5830 2820 5886 Vide
2844 5828 3020 5883 Gloss.
3049 5825 3195 5880 med.
3224 5823 3348 5877 Lat.
3375 5821 3428 5874 in
3455 5819 3680 5890 Regina.
