4098 6402
397 379 478 441 δε
1687 339 2012 437 ΑΝΝΑΙΛΪ

2147 379 2294 439 LIB.
2338 380 2386 439 ῐ.
3626 385 3697 445 86

400 497 608 564 ιςηνότι,
677 498 776 551 καὶ
838 497 900 551 τὸ
962 497 1064 566 τῆς
1117 496 1339 568 ἡλικίας
1398 495 1718 570 ἀνάστημα,
1787 500 1884 552 καὶ
1935 499 1996 553 τὸ

2109 500 2336 570 pedibus
2378 500 2660 558 insistens.
2695 501 2814 568 Quo
2866 502 2912 558 is
2963 504 3242 571 sacerdos,
3288 505 3384 576 qui
3425 523 3491 562 ex
3534 521 3696 580 gente

400 593 504 661 τῆς
555 591 779 660 μορφῆς
826 591 1044 645 ἀστεῖον
1087 591 1152 644 ἐκ
1205 589 1486 663 θειοτέρας
1532 591 1810 663 ἐπέτρεπε
1842 590 2000 664 χάριο

401 704 519 748 τος.
554 686 621 738 'll
637 685 696 738 δὲ
720 686 940 749 σύνεσις
962 685 1099 739 πολὺ
1123 683 1396 756 κρείττων
1420 686 1522 756 τῆς
1540 684 1758 756 ἡλικίας
1781 686 1999 756 ἐφύετο.

415 778 484 829 ’II
513 774 826 845 Θέρμουθις
851 774 946 829 οῦν
980 773 1214 844 γνησίας
1248 772 1561 845 ἀμοιροῦσα
1597 773 1784 843 γονῆς,
1820 774 2000 828 υίοτε-

407 867 586 919 θεῖται
621 865 810 931 αὐτὸν,
847 866 941 919 καὶ
983 863 1205 936 κομίζει
1249 865 1389 935 πρὸς
1436 864 1530 917 τὸν
1573 863 1813 936 πατέρα.
1858 865 1918 919 Ὀ
1946 865 2004 919 δὲ

404 960 501 1012 τον
533 960 701 1012 παῖδα
739 957 1304 1029 προστερνισάμενος,
1345 957 1658 1025 ἐπιτίθησιν
1682 958 1833 1030 αύτῷ
1860 959 2002 1013 κατὰ

408 1056 808 1126 φιλοφρόνησιν
837 1056 897 1110 τὸ
919 1055 1182 1125 διάδημα.
1210 1055 1319 1108 Καὶ
1342 1055 1370 1108 6
1394 1056 1524 1118 παῖς
1549 1054 1704 1120 αὐτὸ,
1738 1053 1882 1109 κατὰ
1903 1071 2002 1124 νη-

407 1151 648 1221 πιότητα
675 1149 860 1220 δῆθεν,
901 1150 1089 1220 ριπτεῖ
1115 1147 1262 1202 κατὰ
1293 1147 1423 1219 γῆς,
1461 1147 1557 1202 καὶ
1593 1146 1858 1202 ἐπέϐαινε
1887 1149 2003 1212 τοῖς

407 1244 591 1299 ποσίν.
621 1244 799 1316 Ὅπερ
831 1245 860 1298 6
907 1244 1416 1315 Ἰερογραμματεὺς
1450 1241 1815 1313 θεασάμενος,
1850 1243 1908 1307 ὃς
1939 1244 2004 1295 ἐκ

404 1338 521 1392 τῶν
561 1337 834 1407 Ἑϐραίων
879 1336 1140 1405 γενέσθαι
1193 1336 1340 1400 τινὰ,
1385 1335 1479 1390 τὸν
1538 1335 1636 1408 τὴν
1684 1335 2003 1405 Αἰγυπτίων

405 1429 590 1502 ἀρχὴν
625 1430 1040 1485 ταπεινώσοντα
1058 1431 1348 1501 προεῖπεν,
1376 1429 1714 1501 ἀνακραγών
1740 1445 1755 1460 °
1787 1427 1999 1496 Οὗτος,

404 1520 588 1585 εἶπεν,
621 1521 856 1588 ἐκεῖνος
875 1524 908 1575 ὀ
947 1522 1112 1588 παῖς,
1131 1521 1205 1577 ὃν
1227 1522 1468 1578 ἀνελὼν
1494 1521 1620 1590 τοῖς
1651 1525 2004 1594 Αἰγυπτίοις

407 1615 474 1670 τὸ
499 1614 640 1681 δέος
657 1615 922 1682 περίελε.
963 1613 1144 1684 Ἔφθη
1175 1614 1224 1668 δ’
1248 1614 1410 1668 αὐτὸν
1442 1617 1476 1686 ἡ
1504 1615 1814 1686 Θέρμουθις
1837 1615 2002 1686 ἐξαρ-

405 1709 660 1775 πάσασα,
690 1707 788 1761 καὶ
819 1707 915 1760 τὸν
964 1705 1168 1776 Φαραὼ
1196 1707 1255 1761 δὲ
1303 1707 1514 1778 νωθρὸν
1555 1707 1693 1777 πρὸς
1722 1709 1815 1761 τὸν
1841 1710 2003 1777 φόνον

404 1801 661 1873 διέθηκεν
687 1804 715 1856 6
743 1801 895 1865 Θεός.
930 1799 1231 1871 Παρελθὼν
1262 1800 1320 1854 δὲ
1345 1801 1429 1864 είς
1450 1801 1675 1872 ἡλικίαν
1704 1804 1732 1855 6
1757 1803 1888 1856 Μωῠ
1901 1802 2000 1872 σῆς

405 1895 474 1947 ἐκ
507 1893 769 1964 τοιαύτης
796 1893 970 1962 λαϐῆς
997 1889 1110 1956 οἷος
1141 1893 1244 1964 τὴν
1274 1893 1477 1963 ἀρετὴν
1499 1887 1589 1964 ἦν,
1627 1892 1864 1965 φανερὸς
1891 1897 2004 1956 τοῖς
2037 1877 2080 1937 Β

405 1985 736 2052 Αἰγυπτίοις
785 1985 1024 2053 ἐγένετο.
1070 1984 1364 2056 Πρόσοικοι
1420 1984 1576 2048 ὄντες
1620 1987 1686 2055 τῇ
1741 1984 2006 2056 Αἰγύπτῳ

408 2079 693 2143 Αἰθίοπες,
723 2079 967 2132 ἐσίνοντο
993 2079 1093 2147 τὴν
1112 2077 1303 2150 χώραν
1327 2078 1530 2132 αὐτῶν.
1560 2079 1625 2132 Οί
1646 2078 1692 2128 δ’
1711 2079 2007 2146 Αἰγύπτιοι

410 2171 814 2242 στρατεύουσιν
852 2173 942 2224 ἐπ’
974 2172 1199 2237 αὐτοὺς,
1237 2172 1331 2225 καὶ
1373 2171 1712 2243 ἡττήθησαν.
1747 2171 2006 2237 Αἰθίοπες

406 2267 465 2320 δὲ
505 2268 1032 2338 καταφρονήσαντες
1056 2265 1262 2332 αὐτῶν,
1291 2267 1392 2339 τὴν
1419 2267 1640 2322 ἅπασαν
1670 2267 2007 2338 κατέτρεχον

411 2359 712 2427 Αἴγυπτον.
751 2360 910 2414 Κατὰ
942 2359 1001 2412 δὲ
1030 2359 1177 2414 θεῖον
1207 2359 1482 2431 χρησμὸν,
1519 2360 1668 2413 αίτεῖ
1692 2359 1792 2430 τὴν
1828 2360 2002 2429 θυγα-

408 2453 550 2525 τέρα
575 2454 676 2508 τὸν
698 2453 944 2524 Μωῢσὴν
984 2452 1192 2525 Φαραὼ
1219 2454 1322 2525 ἤδη
1357 2453 1729 2524 ἀνδρωθέντα,
1761 2455 1883 2506 κατ’
1912 2454 2009 2507 Αί-

411 2547 625 2601 θιόπων
658 2545 970 2618 στρατηγὸν
1032 2545 1184 2617 αὐτῷ
1229 2545 1626 2617 γενησόμενον.
1672 2547 1738 2600 Ἠ
1772 2546 1829 2601 δὲ
1850 2547 2008 2600 δίδως

413 2657 523 2704 σιν,
558 2638 856 2709 όρκώσασα
898 2639 989 2692 τὸν
1035 2638 1273 2708 πατέρα,
1311 2639 1484 2710 μηδὲν
1542 2639 1811 2694 διαθεῖναι
1843 2641 2011 2695 αὐτὸν

414 2731 612 2787 κακόν.
647 2731 894 2802 Μωῦσῆς
947 2731 1004 2785 δὲ
1033 2730 1128 2785 τὸν
1181 2730 1424 2802 πόλεμον
1457 2733 1792 2798 πιστευθεὶς,
1825 2735 1884 2787 οὐ
1921 2735 2012 2788 διὰ

417 2827 692 2898 συνήθους
725 2825 849 2880 ὀδοῦ
877 2827 1002 2894 ἄγει
1057 2823 1152 2878 ἐπὶ
1195 2825 1324 2889 τοὺς
1375 2825 1677 2898 πολεμίους
1709 2827 1808 2897 τὴν
1840 2845 2012 2897 στρα-

408 2924 565 2986 τιὰν,
588 2920 724 2974 ἀλλὰ
755 2919 828 2974 δι’
849 2919 1150 2990 άστιϐήτου
1183 2919 1249 2971 ἐκ
1274 2917 1518 2990 πλήθους
1563 2918 1814 2989 ἑρπετῶν
1867 2919 2010 2973 ἰοϐό-

409 3015 525 3069 λων
547 3030 562 3045 ’
599 3012 729 3067 ἔνθα
765 3012 861 3067 καὶ
887 3011 989 3085 την
1031 3009 1252 3066 σύνεσιν
1283 3010 1450 3065 αὐτοῦ
1484 3011 1825 3080 ἐπεδείξατο.
1870 3012 2012 3066 Πλέ-

411 3124 609 3177 γματα
641 3104 752 3177 γάρ
815 3106 1074 3176 ποιήσας,
1114 3103 1422 3159 καὶταῦτα
1483 3102 1788 3175 πληρώσας
1847 3103 2013 3159 ἴϐεων

411 3199 652 3271 (πολλὰς
679 3199 737 3252 δὲ
769 3197 979 3261 ταύτας
1028 3197 1224 3266 τρέφει
1260 3196 1356 3251 καὶ
1406 3197 1723 3267 χειροήθεις
1754 3198 1785 3267 ἡ
1836 3198 2012 3266 Λίγυ-

415 3293 606 3361 πτος),
648 3291 792 3346 κατά
821 3292 924 3362 τὴν
953 3291 1075 3345 ὁδὸν
1111 3291 1334 3361 ἐκείνην
1362 3289 1649 3360 ἐκόμιζεν.
1673 3291 1739 3344 Ai
1770 3290 1827 3344 δὲ
1871 3291 2014 3355 ίϐεις

414 3391 536 3451 τοῖς
570 3386 801 3451 ίοϐόλοις
845 3383 1059 3448 τούτοις
1103 3383 1378 3454 πολέμιοι.
1427 3384 1536 3437 Καὶ
1584 3385 1817 3450 ταύταις
1879 3403 2014 3456 προ-

413 3480 766 3551 ηγουμέναις
791 3478 894 3549 τῆς
919 3478 1184 3548 στρατιᾶς
1219 3476 1529 3548 προμάχοις
1558 3476 1702 3530 κατὰ
1726 3477 1835 3532 τῶν
1869 3478 2012 3533 ἰοϐό-

412 3575 529 3625 λων
585 3573 885 3642 ἐχρήσατο,
936 3571 1032 3624 καὶ
1073 3569 1246 3640 μηδὲν
1298 3569 1634 3640 προγνοῦσιν
1686 3569 1868 3624 ἔπεισι
1898 3573 2015 3636 τοῖς

413 3666 658 3736 Αἰθίοψι.
713 3666 824 3719 Καὶ
860 3663 1087 3726 τούτους
1110 3666 1256 3734 νικᾷ,
1286 3665 1380 3717 καὶ
1416 3663 1605 3726 πόλεις
1631 3663 1812 3717 αὐτῶν
1843 3665 2009 3735 αἱρεῖ.

2105 592 2464 647 Ηυιηωοτυιη
2491 595 2764 649 oriturum
2799 610 2920 651 esse
2957 595 3195 661 dixerat,
3227 597 3321 667 qui
3366 597 3580 670 Egypti
3611 615 3697 654 re-

2104 701 2272 755 gnum
2321 687 2688 758 depressurns
2735 698 2904 752 esset,
2957 701 3280 760 conspecto,
3329 693 3692 747 exclamans.

2105 775 2229 842 llic,
2275 777 2476 848 inquit,
2510 779 2603 833 ille
2645 797 2775 849 puer
2795 788 2912 834 est:
2944 781 3041 834 hoc
3075 781 3375 851 interfecto,
3421 781 3696 854 [Egyptios

2104 882 2248 926 metu
2289 871 2591 928 libera.Sed
2615 873 2977 929 Thermuthis
3013 888 3187 942 puero
3217 884 3409 944 erepto
3439 883 3698 931 antever-

2106 966 2190 1031 tit,
2211 973 2266 1020 et
2288 964 2629 1021 Pharaonem
2663 967 2808 1022 Deus
2833 966 3141 1036 segniorem
3177 966 3244 1021 ad
3275 967 3480 1022 caedem
3515 969 3700 1024 reddi-

2103 1059 2282 1115 derat.
2315 1060 2498 1117 Etate
2543 1076 2866 1132 progressus
2907 1062 3106 1126 Moses,
3133 1078 3241 1129 qua
3286 1062 3487 1118 virtute
3529 1074 3695 1128 esset,

2106 1156 2197 1210 tali
2231 1156 2518 1212 occasione
2556 1154 2830 1228 Egyptiis
2857 1156 3117 1211 innotuit.
3151 1155 3446 1225 AZthiopes
3463 1154 3697 1226 Egypto

2105 1248 2327 1304 ﬁnitimi
2358 1249 2639 1319 regionem
2670 1249 3026 1320 populantur.
3058 1248 3302 1321 Egyptii
3334 1249 3482 1304 bello
3504 1262 3694 1304 contra

2103 1358 2200 1399 eos
2236 1351 2407 1406 moto,
2452 1350 2509 1396 et
2554 1343 2946 1408 succumbunt,
2979 1350 3036 1397 et
3058 1341 3399 1412 contemptui
3433 1352 3563 1397 sunt
3601 1341 3700 1395 ho-

2104 1436 2302 1501 stibus,
2355 1437 2430 1490 ita
2492 1443 2550 1516 ut
2607 1435 2919 1490 universam
2981 1433 3274 1506 Egyptum
3329 1434 3698 1489 incursarent.

2104 1531 2319 1586 Pharao
2367 1545 2433 1583 ex
2489 1529 2716 1584 oraculo
2758 1528 2963 1583 Mosem
3015 1529 3127 1598 jam
3162 1527 3342 1582 virum
3394 1527 3621 1588 factum,
3669 1541 3698 1578 a

2107 1622 2219 1677 ﬁlia
2260 1622 2460 1678 ducem
2510 1623 2665 1692 petit.
2707 1620 2974 1678 Concedit
3013 1621 3148 1687 illa;
3200 1621 3296 1676 sed
3335 1619 3702 1692 jurejurando

2107 1727 2319 1787 patrem
2373 1715 2561 1786 adigit,
2613 1730 2684 1770 ne
2739 1714 2874 1785 quid
2933 1715 3009 1770 illi
3065 1721 3282 1770 noceat.
3334 1713 3512 1769 Moses
3567 1712 3700 1767 belli

2108 1826 2322 1866 summa
2355 1810 2462 1866 sibi
2497 1809 2736 1875 credita,
2768 1825 2879 1864 non
2908 1808 3069 1864 solita
3110 1808 3197 1864 via
3221 1808 3524 1864 exercitum
3550 1805 3703 1861 ducit

2109 1913 2302 1958 contra
2349 1905 2554 1968 hostes,
2608 1903 2704 1957 sed
2751 1918 2850 1973 per
2884 1901 3004 1957 loca
3049 1901 3122 1956 ob
3149 1909 3547 1956 venenatarum
3603 1898 3702 1953 beo

2109 1995 2344 2051 stiarum
2403 1995 2817 2050 multitudinem
2872 1995 3040 2060 invia,
3099 1995 3290 2064 ibique
3352 1990 3708 2062 prudentiam

2109 2104 2266 2144 suam
2317 2087 2682 2144 demonstrat.
2740 2087 2877 2142 Nam
2934 2088 3154 2144 ﬁscellis
3208 2086 3389 2143 ibides
3445 2085 3702 2157 (quarunt

2110 2184 2349 2245 multas.
2397 2197 2601 2252 easque
2628 2181 2846 2236 cicures
2897 2179 3168 2252 Egyptus
3230 2179 3361 2249 alit)
3417 2179 3701 2243 inclusas,

2109 2285 2300 2332 contra
2329 2274 2620 2345 Aithiopes
2645 2273 2846 2345 portati
2873 2274 3025 2342 (sunt
3052 2283 3237 2328 autem
3271 2271 3448 2327 ibides
3474 2286 3704 2341 serpen-

2112 2370 2262 2426 tibus
2310 2366 2544 2437 infestaa)
2585 2367 2790 2438 quibus
2829 2365 3570 2437 propugnatricibuscontra
3611 2379 3708 2418 ve-

2112 2472 2342 2517 nenatas
2390 2459 2598 2515 bestias
2648 2474 2802 2525 usus,
2837 2466 2894 2513 et
2947 2457 3239 2530 (Ethiopes
3284 2472 3389 2513 nec
3415 2458 3714 2528 opinantes

2113 2570 2423 2626 aggressus,
2472 2553 2666 2616 vincit,
2720 2566 2786 2606 ac
2833 2551 3002 2605 urbes
3038 2566 3230 2606 eorum
3262 2551 3458 2620 capit:
3493 2549 3586 2619 qui
3647 2549 3703 2602 in

2115 2648 2310 2703 urbem
2357 2644 2653 2714 {Etltiopiae
2705 2642 2913 2711 regiam
2949 2643 3152 2708 Saban,
3181 2645 3329 2712 (post
3361 2658 3391 2697 a
3435 2641 3706 2712 Cambyse

2114 2759 2180 2799 ex
2210 2740 2434 2796 nomine
2464 2737 2671 2794 sororis
2700 2736 2886 2792 Meroe
2912 2735 3059 2790 dicta
3091 2736 3202 2803 est)
3227 2733 3520 2805 compulsi,
3561 2734 3709 2788 obsi-

2115 2838 2339 2901 dentur,
2391 2842 2448 2888 et
2487 2833 2531 2888 si
2569 2832 2703 2888 urbs
2757 2831 2848 2886 illa
2907 2829 3210 2884 haberetur
3244 2826 3705 2900 inexpugnabilis.

2115 2931 2319 2985 Verum
2370 2926 2590 2982 Tbarbe
2649 2923 2922 2996 principis
2986 2921 3307 2991 Ethiopum
3366 2918 3498 2982 ﬁlia,
3550 2927 3707 2987 capta

2117 3038 2302 3079 amore
2326 3021 2512 3084 Mosis,
2535 3017 2909 3074 internuntios
2926 3015 2991 3071 ad
3005 3031 3129 3070 eum
3155 3013 3325 3068 mittit
3342 3011 3410 3068 de
3427 3011 3705 3084 coniugio.

2118 3116 2215 3170 ille
2270 3111 2498 3178 annuit,
2546 3110 2590 3166 si
2622 3109 2816 3165 urbem
2845 3107 2951 3162 sibi
2996 3105 3260 3162 traderet.
3303 3102 3392 3159 Fit
3425 3103 3530 3158 hoc
3560 3102 3710 3158 dicto

2041 3230 2086 3290 α
2119 3207 2304 3265 citius.
2340 3204 2521 3260 Moses
2569 3201 2794 3272 nuptias
2840 3199 3108 3260 celebrat.
3161 3195 3446 3269 [Egyptios
3496 3194 3712 3250 reducit

2117 3301 2365 3358 domum.
2397 3299 2467 3352 At
2506 3294 2586 3350 illi
2627 3304 2684 3350 et
2713 3292 2948 3349 oderant
2992 3292 3145 3346 illum
3174 3331 3189 3354 ,
3225 3303 3540 3360 quanquam
3574 3301 3710 3342 con-

2116 3393 2354 3457 servati,
2385 3398 2443 3446 et
2470 3389 2812 3445 Pharaonem
2844 3393 3034 3440 contra
3057 3399 3182 3440 eum
3215 3382 3570 3453 instigabant.
3606 3377 3712 3445 Qui

2117 3491 2175 3538 et
2210 3479 2592 3538 sacerdotibus
2620 3479 3032 3545 obtemperans,
3072 3480 3128 3529 et
3149 3477 3297 3528 caede
3325 3470 3587 3543 Egyptii,
3616 3469 3710 3539 qui

2115 3575 2408 3630 Hebratum
2437 3571 2758 3642 ﬁagellarat,
2779 3568 3032 3624 irritatus
3059 3567 3143 3637 (ut
3173 3567 3228 3622 in
3261 3567 3402 3621 libro
3431 3564 3712 3620 Geneseos

2115 3671 2452 3732 continetur,
2477 3682 2602 3722 esse
2631 3664 2906 3734 .losephus
2935 3665 3040 3719 hoc
3093 3662 3382 3733 praeteriit)
3410 3659 3714 3715 vitaaMosis

418 3758 487 3809 υἱ
514 3757 574 3810 δὲ
615 3754 1004 3816 συνελαθέντες
1037 3755 1119 3815 εἰς
1158 3753 1340 3807 Σαϐὰν
1365 3753 1503 3825 (55),
1538 3754 1693 3808 πόλιν
1739 3754 2012 3824 βασίλειον

2121 3763 2438 3820 insidiatur.
2473 3761 2701 3825 Tamen.
2728 3758 2840 3823 ille,
2868 3757 3122 3826 quamvis
3147 3756 3250 3810 viae
3275 3753 3712 3815 custodirentur,

416 3842 591 3900 οὖσαν
637 3843 948 3907 Αἰθιοπίας,
989 3843 1057 3914 ἣν
1108 3842 1340 3912 ὕστερον
1397 3843 1712 3916 Καμϐύσης
1788 3845 2012 3917 Μερόην

2118 3859 2257 3913 clam
2294 3872 2393 3928 per
2426 3855 2707 3909 desertum
2749 3850 2959 3922 aufugit
2989 3851 3041 3904 in
3072 3848 3183 3920 34
3214 3848 3406 3903 urbem
3457 3845 3713 3909 Madiam,

413 3937 681 4008 ὠνόμασε
704 3935 797 3990 διὰ
821 3935 924 4005 τὴν
953 3932 1250 4004 ὁμώνυμον
1273 3933 1535 4019 ἀδελφὴν,
1560 3934 2010 4006 ἐπολιορκοῦντο.

2118 3965 2185 4004 ac
2213 3946 2520 4004 sacerdotis
2548 3945 2712 4016 hujus
2736 3943 2838 3998 loci
2861 3942 3104 4012 hospitio
3128 3942 3303 3997 utitur
3331 3959 3342 3994 ε
3374 3940 3468 4010 qui
3491 3939 3714 3994 nomine

413 4029 531 4087 Ἦν
559 4030 620 4084 δὲ
650 4031 685 4102 ἡ
719 4029 875 4094 πόλις
904 4025 1398 4100 δυσπολιόρκητος.
1432 4027 1660 4099 Θάρϐης
1684 4029 1742 4082 δὲ
1787 4030 1884 4082 τοῦ
1919 4031 2012 4084 Αί-

2120 4040 2329 4110 duplici
2374 4038 2656 4109 prmditus,
2701 4045 2760 4091 et
2807 4036 3011 4106 Raguel
3061 4047 3116 4091 et
3161 4036 3356 4092 Jothor
3389 4033 3713 4089 vocabatur.

415 4127 632 4180 θιόπων
658 4122 996 4194 κρατοῦντος
1020 4121 1271 4191 θυγάτηρ
1300 4121 1377 4184 εἰς
1407 4120 1590 4192 ἔρωτα
1620 4120 1819 4176 ὤλισθε
1851 4124 2012 4178 Μωῢ-

2121 4135 2173 4189 ls
2205 4133 2369 4186 ﬁliam
2417 4145 2572 4185 suam
2617 4130 2921 4200 Sephoram
2959 4129 3093 4184 Mosi
3130 4143 3357 4184 uxorem
3385 4127 3723 4197 despondet,

419 4222 589 4283 σέως,
619 4219 717 4272 καὶ
741 4213 1288 4284 διαπέμπεταιπρδς
1321 4214 1492 4268 αὑτὸν
1533 4217 1666 4286 περὶ
1707 4215 1914 4286 γάμου.
1953 4216 2012 4268 Ὀ

2122 4235 2179 4282 et
2207 4241 2396 4281 curam
2428 4239 2653 4296 gregum
2687 4221 2930 4277 mandat.

413 4315 480 4369 δὲ
513 4312 829 4378 κατένευεν,
870 4309 921 4362 εί
948 4307 1222 4379 παραδοίη
1248 4306 1350 4379 τὴν
1397 4307 1552 4361 πόλιν
1594 4307 1765 4378 αὐτῷ.
1809 4307 2009 4363 Φθάνει

413 4409 484 4462 τὸ
547 4407 713 4478 ἔργον
759 4405 888 4469 τοὺς
937 4403 1156 4471 λόγους,
1216 4401 1312 4455 καὶ
1345 4402 1589 4471 Μωῦσῆς
1647 4402 1824 4454 ἐτέλει
1887 4401 2016 4463 τοὺς
2056 4399 2293 4472 γάμους,
2328 4400 2424 4453 καὶ
2479 4399 2607 4464 τοὺς
2635 4398 2972 4469 Αἰγυπτίους
3032 4401 3326 4472 ἀπήγαγεν
3351 4404 3432 4466 εἰς
3472 4401 3570 4472 τὴν
3593 4401 3718 4455 ἐαυ-

414 4500 557 4555 τῶν.
595 4500 709 4554 Οἳδ⁹
741 4499 970 4570 ἐμίσουν
1001 4494 1166 4551 αὐτὸν
1199 4495 1295 4548 καὶ
1321 4493 1647 4565 σωζόμενοι,
1681 4495 1776 4550 καὶ
1815 4493 2074 4566 ἠρέθιζον
2141 4491 2234 4546 τὸν
2305 4492 2508 4566 Φαραὼ
2538 4492 2661 4546 κατ’
2726 4491 2917 4551 αὐτοῦ.
2957 4493 3016 4549 Ὅ
3041 4494 3099 4549 δὲ
3131 4497 3227 4548 καλ⁵
3277 4497 3393 4560 τοῖς
3414 4498 3718 4570 ἱερογραμ-

420 4595 666 4670 ματεῦσι
691 4594 1044 4664 πειθόμενος,
1080 4596 1178 4650 καὶ
1224 4595 1315 4650 διὰ
1356 4594 1451 4648 τὸν
1477 4594 1642 4665 φόνον
1693 4592 1787 4648 τοῦ
1842 4593 2177 4660 Αἰγυπτίου,
2247 4591 2344 4646 τοῦ
2417 4591 2512 4647 τὸν
2563 4591 2823 4664 Ἐϐραίον
2855 4591 3238 4664 μαστίζοντος,
3309 4595 3384 4659 ὼς
3409 4597 3478 4666 τῇ
3547 4595 3719 4668 βίϐλῳ

419 4696 818 4768 περιείληπται
855 4694 956 4762 τῆς
1001 4693 1279 4758 Γενέσεως
1304 4693 1376 4764 (εί
1414 4694 1506 4747 καὶ
1570 4692 1732 4747 τοῦτο
1803 4690 2160 4762 παρέδραμεν
2196 4692 2224 4744 6
2307 4689 2595 4762 Ἰώσηπος)
2630 4689 2858 4744 ἐπέθετο
2909 4692 2976 4763 τῇ
3048 4691 3328 4763 ἀναιρέσει
3391 4691 3486 4746 τοῦ
3547 4693 3718 4749 Μωῦ-

419 4793 592 4854 σέως.
651 4787 711 4842 Ὀ
759 4787 818 4841 δὲ
874 4787 972 4842 καὶ
1023 4787 1134 4839 τῶν
1161 4785 1297 4841 ὁδῶν
1354 4785 1788 4855 φυλαττομένων
1841 4783 2024 4838 λαθὼν
2099 4782 2355 4848 ὑπέξεισι
2393 4781 2487 4837 διὰ
2545 4783 2647 4853 τῆς
2698 4784 2936 4856 ἐρήμου,
3001 4785 3100 4837 καὶ
3167 4785 3250 4848 είς
3306 4783 3466 4839 πόλιν
3527 4786 3717 4841 ἄπεισι

414 4884 678 4950 Μαὸιὰμ,
701 4883 798 4936 καὶ
830 4880 1100 4947 ξενίζεται
1129 4879 1285 4950 παρὰ
1317 4879 1395 4950 τῷ
1428 4881 1528 4949 τῆς
1561 4879 1774 4943 πόλεως
1795 4880 1952 4948 ἱερεῖ,
1977 4879 2058 4943 ὃς,
2082 4877 2356 4948 διώνυμος
2381 4877 2481 4945 ὢν,
2519 4877 2798 4949 Ῥαγουὴλ
2821 4877 3074 4934 ἐκαλεῖτο
3094 4881 3190 4934 καὶ
3225 4878 3418 4951 ἰοθόρ.
3458 4881 3515 4935 '0
3537 4881 3717 4952 δὲτὴν

419 4975 709 5046 θυγατέρα
738 4972 905 5028 αὑτοῦ
931 4969 1241 5040 Σεπφὼραν
1265 4970 1342 5040 τῷ
1373 4971 1584 5042 Μωῦσῇ
1618 4969 1754 5042 πρὸς
1785 4970 1964 5041 γάμον
1989 4967 2294 5035 ἐκδίδωσιν,
2319 4969 2415 5022 καὶ
2450 4969 2686 5041 ποιμένα
2723 4971 2959 5024 ποιεῖται
2993 4969 3103 5025 τῶν
3129 4971 3329 5026 ἑαυτοῦ
3356 4971 3716 5043 θρεμμάτων.

496 5090 602 5146 ιΓ.
629 5091 831 5160 Νέμων
855 5089 899 5143 6‘
930 5089 1026 5142 ἐπὶ
1049 5088 1110 5140 τὸ
1141 5089 1361 5143 Σίναιον
1400 5089 1525 5160 ὅρος
1558 5093 1586 5144 6
1616 5091 1882 5160 Μωῦσῆς,
1917 5089 2012 5144 τοῦ

2194 5087 2339 5143 XIII.
2366 5087 2505 5145 Cum
2544 5096 2728 5143 autem
2763 5088 2828 5143 ad
2867 5087 3125 5161 Syntentn
3156 5096 3404 5145 montem
3437 5097 3710 5160 pasceret,

419 5186 562 5257 περὶ
585 5184 684 5254 τὴν
713 5183 875 5253 βάτον
909 5181 1159 5247 ἀξιοῦται
1192 5183 1495 5252 ὁράματος,
1532 5183 1599 5254 ἢν
1639 5182 1839 5252 ἔφλεγε
1880 5183 2012 5255 πῦρ,

2129 5181 2310 5236 cernit
2355 5181 2682 5236 miraculum
2735 5180 2869 5235 illud
2912 5160 3055 5236 irubl
3084 5160 3104 5237 ἐ
3135 5183 3230 5253 qui
3283 5197 3408 5238 eum
3461 5182 3717 5242 arderet.

419 5279 490 5332 οὐ
569 5278 758 5347 μέντοι
829 5277 1146 5330 κατέκαιεν.
1207 5270 1347 5328 Εἶτα
1408 5275 1508 5328 καὶ
1565 5276 1755 5345 φωνῆς
1807 5276 2012 5330 ἐκεῖθεν

2129 5289 2241 5329 non
2275 5274 2645 5331 cremabatur.
2694 5274 2902 5330 Deinde
2931 5289 3123 5330 vocem
3157 5276 3320 5331 etiam
3373 5275 3499 5330 inde
3542 5275 3716 5339 audit,

420 5367 644 5434 ἀκούει,
683 5369 716 5437 ἢ
751 5365 827 5435 μὴ
863 5365 1186 5437 προϐαίνειν
1227 5365 1547 5432 ἐπέταττεν,
1585 5364 1684 5418 ἆτε
1725 5365 1873 5420 θείου
1926 5368 2012 5420 τοῦ

2131 5383 2253 5438 qua:
2275 5367 2532 5438 progredi
2567 5377 2814 5433 vetaret,
2845 5367 2992 5437 quod
3024 5369 3181 5422 locus
3200 5368 3291 5422 ille
3307 5367 3530 5422 divinus
3551 5380 3715 5431 esset,

420 5462 603 5514 τόπου
632 5458 1023 5530 τυγχάνοντος,
1084 5460 1179 5511 καὶ
1235 5459 1307 5511 τὰ
1357 5458 1598 5527 ἐσόμενα
1638 5462 2014 5530 προηγόρευε,

421 5553 525 5608 καὶ
557 5552 784 5605 ἀπιέναι
812 5551 966 5621 αὐτῷ
995 5551 1076 5614 είς
1110 5551 1390 5620 Αἴγυπτον
1421 5550 1667 5615 ἐκέλευε,
1709 5551 1843 5614 τοὺς
1882 5551 2019 5620 ὁμο-

422 5647 614 5733 γενεῖς
651 5643 752 5716 τῆς
793 5645 910 5698 ἐκεῖ
949 5643 1252 5708 κακώσεως
1302 5643 1693 5711 άπαλλάξοντι,
1753 5643 1848 5697 καὶ
1893 5643 2024 5708 ἐξά-

2133 5470 2190 5517 et
2211 5461 2396 5516 futura
2429 5461 2775 5532 praediceret,
2803 5471 2860 5516 et
2889 5460 3044 5515 abire
3072 5460 3126 5514 in
3156 5458 3452 5531 JEgyptum
3478 5459 3720 5531 jubet-et,

2133 5564 2195 5610 ut
2229 5555 2522 5626 populares
2556 5570 2686 5611 suos
2719 5570 2786 5609 ex
2822 5554 2930 5609 illis
2960 5553 3223 5608 aerumnis
3260 5553 3506 5624 eriperet
3541 5573 3552 5606 :
3584 5569 3724 5623 quos

2133 5662 2260 5702 cum
2291 5647 2574 5704 eduxisset
2602 5663 2668 5702 ex
2689 5645 2943 5719 Egypto,
2967 5660 3122 5702 sacra
3153 5646 3207 5701 in
3232 5646 3352 5701 loco
3374 5645 3467 5701 illo
3491 5646 3720 5701 faceret.

1680 5757 1882 5820 Variae
1909 5755 2227 5823 lectiones
2259 5765 2320 5824 et
2341 5765 2536 5822 noue.

501 5870 618 5943 (35)
649 5866 883 5925 Βασάν.
913 5864 1121 5922 Σαϐαν.
1149 5863 1227 5921 Ita
1259 5865 1450 5924 codioe
1485 5865 1658 5936 Regio
1702 5872 1757 5921 et
1783 5863 2128 5922 Colbertino.
