4098 6404
412 286 482 346 87
1683 307 2010 370 JO.\NNIS
2052 309 2376 374 ZONARE
3619 330 3693 393 88

409 406 534 461 llcc
559 408 691 465 Mosi
719 411 986 472 divinitus
1007 431 1037 472 e
1060 417 1278 475 flamma
1302 421 1698 492 significantur.
1727 424 1988 481 αιτιοι-οη

2109 427 2252 493 ξοντι
2296 432 2497 496 αὐτοὺς
2529 433 2630 505 τῆς
2662 435 2969 505 Αἰγύπτου,
3008 438 3204 505 θυσίας
3255 459 3313 496 τε
3351 445 3437 508 εἰς
3485 443 3700 502 ἐκεῖνον

409 499 455 550 is
499 501 807 566 dubitabat.
840 524 952 577 quo
983 519 1146 580 pacto
1187 513 1272 567 vel
1315 516 1677 583 popularibus
1726 519 1841 574 suis
1875 536 2001 589 per-

409 595 690 659 suaderet.
719 599 802 654 vel
839 617 868 654 a
898 602 1184 659 Pharaone
1211 616 1568 678 extorqueret
1608 611 1841 668 exitum.
1872 628 1998 666 cum

411 687 556 740 Deus
573 705 636 743 ea
657 707 716 746 se
735 690 996 751 facillime
1024 697 1368 754 redditurum
1423 702 1736 771 pollicetur,
1765 705 1818 759 in
1843 707 2002 777 cujus

409 783 488 835 rei
527 783 712 849 fidem,
759 787 1015 844 baculum
1053 792 1202 848 humi
1251 796 1565 865 projiccrct.
1601 798 1719 864 Quo
1751 799 1916 864 farto,
1957 801 2002 856 is

409 889 640 945 serpens
659 880 872 934 exstitit
899 901 911 935 τ
938 895 1216 954 receptus,
1243 887 1294 940 in
1319 887 1574 943 baculum
1597 891 1757 946 redit.
1781 892 1999 948 Manum

411 969 544 1022 item
575 969 628 1023 in
661 974 843 1026 sinum
879 974 1080 1030 abdere
1115 977 1324 1047 jussus,
1357 983 1587 1050 protulit
1621 984 1794 1038 instar
1833 986 2003 1040 calcis

409 1060 700 1115 candidam
739 1079 908 1133 :qum
955 1082 1080 1121 mox
1133 1077 1189 1122 et
1249 1070 1362 1138 ipsa
1418 1073 1710 1140 pristinum
1763 1076 2000 1130 colorem

410 1152 628 1222 recipit.
673 1155 890 1214 Rursus
919 1173 950 1212 e
981 1161 1295 1232 propinquo
1339 1179 1538 1234 aquam
1573 1165 1859 1223 effundere
1881 1169 2002 1239 jus-

409 1261 527 1309 sus,
577 1261 862 1306 cruentam
915 1254 1084 1309 videt.
1150 1254 1245 1310 llis
1300 1259 1570 1327 portentis
1621 1261 1996 1327 confirmatus,

409 1354 524 1393 rem
562 1343 700 1396 citra
745 1347 1156 1402 cunctationem
1191 1350 1349 1423 jubet
1395 1352 1638 1422 aggredi.
1689 1355 2000 1424 Assumptis

407 1431 580 1500 igitur
609 1450 798 1503 uxore,
843 1447 900 1493 et
944 1454 1011 1494 ex
1052 1457 1116 1495 ea
1167 1446 1441 1512 susceptis
1488 1445 1700 1512 libccis,
1727 1445 1994 1512 Gersone,

407 1525 555 1592 quod
608 1543 808 1585 nomen
862 1533 1173 1602 significat.
1211 1537 1507 1591 adventum
1557 1539 1612 1592 in
1650 1539 1996 1610 peregrinam

410 1625 635 1679 terram.
677 1631 733 1674 et
769 1621 1049 1691 Eleazaro,
1093 1630 1144 1696 (a
1191 1626 1379 1682 divino
1411 1629 1618 1684 auxilio
1657 1645 1874 1702 sumpta
1915 1639 2000 1687 est

404 1711 751 1778 appellatio),
807 1718 858 1768 in
901 1715 1194 1788 Egyptum
1244 1721 1631 1788 proficiscitur.
1670 1722 1749 1778 Ad
1800 1725 2000 1779 limites

407 1818 696 1874 progresso
729 1807 900 1864 frater
928 1810 1110 1866 Aaron
1137 1814 1405 1869 occurrit.
1442 1815 1621 1870 Ambo
1654 1815 1997 1872 Pharaonem

405 1897 631 1962 adeunt,
654 1907 712 1954 et
737 1900 832 1956 Dei
861 1903 1135 1958 mandatis
1162 1907 1430 1974 expositis
1457 1917 1702 1969 monent.
1725 1925 1791 1963 ne
1813 1910 2002 1964 divino

406 1991 641 2047 oonsilio
685 1995 1030 2053 adversetur.
1075 1999 1174 2054 Illo
1223 2002 1390 2058 verba
1446 2021 1638 2059 eorum
1687 2006 1997 2072 deridente,

405 2087 672 2144 miracula
729 2091 922 2147 edunt.
981 2095 1220 2152 Baculus
1280 2100 1560 2170 projectus
1618 2099 1680 2156 fit
1744 2117 1998 2172 serpens.

401 2180 559 2246 Quod
604 2183 1050 2249 incantatoribus
1095 2189 1480 2262 Egyptiorum
1515 2194 1767 2256 imitalis,
1821 2196 2000 2252 versis

401 2271 624 2329 illorum
667 2277 833 2332 etiam
879 2279 1094 2336 baculis
1146 2282 1201 2336 in
1230 2292 1537 2354 serpentes,
1584 2301 1778 2342 rursus
1821 2287 2000 2357 Moses

400 2383 564 2424 suum
589 2369 847 2427 baculum
900 2373 1054 2430 humi
1111 2378 1332 2449 projicit
1368 2398 1382 2433 :
1419 2382 1512 2450 qui
1575 2381 1630 2434 iu
1685 2395 1998 2452 serpentem

400 2472 668 2530 mutatus,
718 2467 947 2523 baculus
1019 2469 1426 2543 Egyptiorum,
1480 2475 1574 2544 qui
1651 2479 1994 2546 serpentium

400 2557 641 2624 speciem
667 2559 966 2628 habebant,
993 2563 1240 2620 devorat.
1270 2566 1478 2622 Deinde
1504 2568 1558 2622 iu
1581 2585 1735 2623 suam
1761 2571 1994 2629 formam

397 2663 684 2706 reversum
742 2652 961 2724 recipit.
1021 2655 1304 2714 Pharaone
1351 2675 1486 2715 vero
1534 2676 1592 2716 se
1651 2662 1994 2730 ofﬁrmante,

397 2757 555 2812 aqua
595 2743 651 2798 in
697 2761 955 2804 cruorem
1002 2760 1308 2817 mutantur,
1348 2753 1548 2808 deinde
1590 2771 1736 2811 ranae
1775 2773 1995 2814 omnem

402 2842 602 2890 terram
652 2836 872 2910 Egypti
921 2853 1214 2914 occupant,
1269 2854 1458 2915 postea
1499 2848 1738 2918 pediculi
1783 2859 1995 2905 eterra

399 2929 730 2987 scaturiunt.
763 2934 842 2989 Ac
867 2944 1066 2992 caetera
1090 2939 1315 3008 quidem
1363 2941 1627 2996 miracula
1657 2943 1823 2998 etiam
1853 2943 1996 3000 Pha-

399 3023 588 3080 raonis
631 3027 1064 3099 praestigiatores
1103 3032 1438 3088 videbantur
1476 3035 1681 3091 imitari
1715 3055 1728 3090 :
1759 3039 1993 3108 pedicu-

2106 524 2196 576 τὸν
2236 525 2402 579 τόπον
2445 531 2622 580 ποιεῖν
2675 530 3008 587 ἐντέλλεται.
3055 533 3246 588 Ταῦτα
3275 510 3483 591 ἐκδτοῦ
3525 542 3700 610 πυρὸς

2107 619 2478 675 θεοκλυτεῖται
2505 625 2532 676 ὁ
2577 624 2842 694 Μωῦσῆς.
2892 626 2950 679 Ὀ
2980 627 3024 680 δ’
3071 629 3272 700 ἠπόρει
3329 631 3518 705 πῶςῆ
3569 637 3701 699 τοὺς

2104 713 2344 777 οἰκείους
2376 715 2642 776 πείσειεν,
2673 717 2705 788 ἢ
2751 717 3006 785 βιάσαιτο
3028 721 3232 791 Φαραὼ
3271 724 3570 795 ἐπιτρέψαι
3594 730 3698 794 τὴν

2103 807 2304 874 ἔξοδον.
2339 811 2447 863 Καὶ
2481 811 2510 862 ὁ
2537 812 2668 875 Θεὸς
2697 815 2871 884 ῥᾷστα
2897 815 3073 868 ταῦτα
3103 816 3292 883 (λήσειν
3323 821 3696 890 ἐπηγγέλλετο

2104 898 2276 970 αὐτῷ,
2311 903 2408 955 καὶ
2455 903 2536 965 εἰς
2581 904 2766 956 πίστιν
2800 903 2900 974 τὴν
2958 905 3266 979 βακτηρίαν
3327 913 3408 971 είς
3457 910 3558 983 τὴν
3590 914 3696 984 γῆν

2102 994 2328 1060 ἀιρεῖναι
2366 996 2674 1070 κελεύεται,
2728 997 2824 1050 καὶ
2877 1000 3132 1067 ἀφέντος,
3185 1002 3407 1074 δράκων
3448 1007 3689 1074 ἐγένετο.

2103 1082 2218 1138 Εἶτ’
2242 1087 2662 1158 ἐπιλαϐομένον,
2690 1089 2854 1143 πάλιν
2898 1091 3141 1162 βάκτρον
3164 1089 3254 1167 ἦν.
3287 1097 3402 1151 Καὶ
3442 1099 3693 1153 καθεῖναι

2101 1179 2202 1249 τὴν
2269 1180 2450 1247 δεξιὰν
2504 1184 2586 1244 είς
2641 1183 2734 1236 τδν
2797 1184 2999 1237 κόλπον
3048 1187 3441 1260 προσταχθεὶς,
3490 1189 3692 1262 λευκὴν

2101 1273 2299 1340 ὁμοίαν
2349 1273 2556 1346 τιτάνῳ
2606 1277 2709 1345 τὴν
2761 1275 2934 1347 χρόαν
2985 1276 3309 1350 ἐξήνεγκεν,
3351 1279 3474 1336 εἶτα
3504 1285 3586 1346 είς
3633 1283 3694 1336 τὺ

2103 1367 2372 1436 πρότερον
2402 1362 2542 1430 εἶδος
2567 1367 2946 1440 ἀποκατέστη.
2977 1372 3091 1426 Καὶ
3113 1372 3207 1425 τοῦ
3235 1372 3465 1444 πλησίον
3498 1374 3693 1439 ὕδατος

2101 1458 2288 1511 λαϐεῖν
2329 1458 2666 1524 κελευσθεὶς,
2713 1464 2807 1514 καὶ
2860 1464 3128 1534 καταχέαι
3170 1465 3271 1534 τῆς
3326 1467 3453 1536 γῆς,
3495 1469 3599 1539 ὁρᾷ
3632 1470 3694 1521 τὸ

2101 1552 2265 1622 χυθὲν
2295 1554 2635 1625 αἱματῶδες.
2666 1553 2908 1628 Θαρρεῖν
2944 1556 3039 1610 οὖν
3068 1558 3162 1612 ἐπὶ
3191 1561 3408 1623 τούτοις
3443 1578 3691 1629 παρεκε-

2100 1644 2310 1710 λεύετο,
2372 1646 2468 1699 καί⁷
2523 1647 2724 1717 μηκέτι
2783 1649 2992 1719 μένειν.
3058 1651 3406 1722 Παραλαϐὼν
3457 1647 3550 1706 οὖν
3592 1653 3692 1723 τὴν

2101 1739 2362 1805 γυναῖκα,
2392 1739 2638 1802 καὶτοὺς
2674 1741 2873 1804 παῖδας
2904 1741 3031 1805 τοὺς
3064 1742 3123 1808 ἐξ
3154 1744 3348 1814 αὐτῆς,
3389 1744 3638 1815 Γηρσὼν,
3664 1745 3692 1798 δ

2107 1831 2365 1900 σημαίνει
2405 1831 2486 1884 ὅτι
2525 1834 2605 1895 εἰς
2654 1833 2756 1903 τὴν
2811 1833 2995 1905 ξένην,
3055 1839 3150 1890 καὶ
3198 1837 3490 1910 Ἐλεάζαρ,
3540 1838 3694 1910 δηλοῖ

2103 1915 2158 1976 δὲ
2182 1923 2257 1987 ὡς
2292 1924 2569 1995 συμμάχῳ
2602 1925 2872 1994 χρήσαιτο
2911 1927 2989 1998 τῷ
3025 1919 3268 2000 πατρῴιρ
3310 1930 3454 2000 Θεῷ,
3497 1930 3694 2001 ὥρμη-

2107 2032 2197 2069 σεν
2237 2018 2318 2079 είς
2346 2017 2647 2084 Αἴγυπτον.
2680 2017 3060 2088 Πλησιάσαντι
3111 2019 3170 2073 δὲ
3208 2021 3237 2073 6
3262 2020 3492 2089 ἁδελφὸς
3519 2023 3696 2092 ὑπήν-

2102 2125 2270 2176 τησεν
2323 2109 2556 2179 Ἀαρών.
2623 2110 3032 2180 Παραγίνονται
3065 2110 3158 2165 οὖν
3199 2112 3371 2181 ἄμφω
3403 2112 3542 2184 πρὸς
3579 2115 3692 2166 Φαο

2108 2199 2244 2270 ραὼ,
2299 2202 2392 2254 καὶ
2445 2202 2515 2254 τά
2579 2204 2642 2254 ἐκ
2697 2202 2836 2256 Θεοῦ
2884 2205 3348 2275 προστεταγμένα
3411 2206 3690 2270 εἰπόντες,

2101 2293 2288 2362 ἠξίουν
2324 2293 2398 2362 μὴ
2433 2295 2824 2364 ἀντιπράττειν
2860 2298 2926 2366 τῇ
2965 2295 3090 2367 Οείᾳ
3132 2295 3322 2368 βουλῇ.
3369 2297 3692 2352 Χλευάσαν-

2100 2405 2193 2450 τος
2247 2387 2289 2441 δ’
2325 2387 2564 2455 ἐκείνου,
2627 2388 2778 2460 ἔργῳ
2806 2388 2874 2442 τὰ
2928 2393 3135 2458 σημεῖα
3188 2391 3491 2458 ἐδείκνυον,
3529 2394 3688 2462 καὶὴ

2103 2481 2298 2551 ῥάϐδος
2339 2481 2464 2550 ὅρις
2498 2484 2720 2552 ριφεῖσα
2763 2472 3002 2549 ἐγένετο.
3039 2483 3112 2536 Τὸ
3165 2483 3212 2536 δ’
3258 2485 3392 2538 αὐτὸ
3428 2485 3524 2538 καὶ
3579 2485 3691 2539 τῶν

2098 2575 2419 2642 Αἰγυπτίων
2448 2575 2719 2630 ἐπαοιδῶν
2754 2576 3162 2646 πεποιηκότων,
3213 2579 3310 2630 καὶ
3350 2578 3450 2641 τὰς
3497 2580 3692 2646 σφετέ-

2103 2687 2202 2740 ρας
2241 2669 2550 2741 βακτηρίας
2581 2670 3010 2740 μεταϐαλόντων
3048 2672 3130 2734 είς
3149 2671 3481 2742 δράκοντας,
3518 2673 3686 2726 Marii-

2099 2763 2205 2832 σῆς
2236 2762 2338 2834 τὴν
2366 2763 2678 2834 βακτηρίαν
2707 2761 2868 2826 αὖθις
2912 2766 3098 2834 ῥιπτεῖ
3138 2765 3284 2819 κατά
3305 2766 3430 2834 γῆς,
3471 2767 3566 2819 καὶ
3605 2768 3688 2830 είς

2098 2857 2222 2926 ὅφιν
2250 2857 2685 2928 μεταϐληθεῖσα,
2717 2859 2819 2920 τὰς
2852 2858 2961 2911 τῶν
2991 2859 3313 2928 Αἰγυπτίων
3357 2859 3687 2931 βακτηρίας,

2100 2950 2156 3004 αἳ
2187 2949 2482 3021 δράκοντες
2508 2950 2750 3013 ἐδόκουν,
2788 2951 3110 3021 κατήσθιεν.
3163 2947 3302 3004 Εἶτα
3333 2953 3414 3015 είς
3464 2951 3526 3004 τδ
3555 2952 3684 3004 ἐαυ·

2098 3043 2199 3114 τῆς
2237 3043 2427 3114 σχῆμα
2465 3043 2888 3112 μεταπεσοῦσαν
2947 3043 3122 3114 αὐτὴν
3156 3042 3475 3114 κομίζεται.
3505 3045 3688 3113 Σκλη-

395 3119 578 3175 lorum
609 3133 794 3178 autem
825 3133 1105 3194 spectrum
1126 3128 1254 3199 quia
1281 3127 1541 3200 efﬁngere
1565 3147 1674 3186 non
1706 3141 1985 3203 poterant,

2097 3135 2397 3205 ρυνομένου
2431 3134 2487 3188 δὲ
2519 3133 2745 3205 Φαραὼ,
2781 3137 2862 3198 είς
2913 3129 3054 3204 αἷμα
3101 3135 3170 3188 τὰ
3219 3135 3390 3190 ὕδατα
3449 3135 3688 3206 μεταϐέ-

397 3213 672 3270 Pbaraoni
703 3217 983 3283 dicebant,
1017 3219 1148 3274 illud
1185 3221 1414 3293 digitum
1460 3225 1554 3280 Dei
1593 3240 1736 3281 esse.
1779 3228 1983 3284 Verum

397 3319 524 3360 eum
559 3306 606 3361 is
633 3307 770 3362 nihil
821 3310 1067 3376 cederet,
1123 3313 1452 3384 ingruerunt
1515 3334 1739 3385 muscze,
1780 3328 1835 3376 et
1877 3321 1985 3394 35

397 3401 690 3469 perierunt
737 3402 1002 3472 pecudes.
1068 3405 1276 3462 Deinde
1327 3423 1452 3462 cum
1513 3409 1692 3466 Moses
1757 3412 1985 3484 fuligine

395 3493 738 3550 caminorum
786 3511 972 3552 aerem
1017 3500 1372 3569 opplevisset,
1430 3504 1615 3559 ulcera
1663 3516 1718 3561 et
1751 3509 1987 3575 pustulae

397 3598 508 3642 tam
559 3587 614 3643 in
669 3586 990 3645 hominibus
1027 3607 1190 3660 quam
1237 3593 1546 3662 pecudibus
1579 3597 1983 3656 eﬂ‘erbucrunt.

396 3681 610 3737 Rursus
640 3681 849 3752 grando
885 3683 1118 3754 depluit.
1149 3702 1314 3756 quam
1345 3701 1546 3744 secuta:
1577 3704 1706 3746 sunt
1736 3696 1981 3759 locustm,

395 3786 519 3843 post
550 3791 687 3846 quas
718 3778 958 3834 tenebrae
982 3778 1267 3852 [Egyptios
1313 3791 1426 3838 tres
1468 3784 1589 3840 dies
1623 3801 1981 3857 Operuerunt.

397 3870 645 3940 Denique
673 3880 797 3944 post
831 3873 949 3930 btet:
977 3876 1160 3929 omnia
1192 3871 1686 3948 primogenitorum
1717 3899 1982 3940 consecu-

396 3973 486 4016 tus
531 3971 614 4018 εει
663 3965 948 4022 interitus.
996 3967 1132 4022 Nam
1183 3985 1310 4024 cum
1363 3974 1714 4031 occalluisset
1749 3977 1982 4041 Pharao,

390 4057 556 4126 jussit
583 4058 728 4114 Deus
759 4059 964 4116 Mosem
995 4061 1327 4118 sacrificium
1365 4066 1418 4121 in
1451 4067 1597 4122 diem
1629 4071 1833 4125 mensis
1869 4089 1981 4137 xiv,

393 4165 680 4219 apparare,
722 4153 817 4223 qui
851 4154 1058 4210 mensis
1097 4155 1166 4210 ab
1205 4155 1450 4214 Hebraeis
1493 4160 1684 4228 Nisan,
1717 4163 1786 4220 ab
1816 4165 1982 4237 [Egy-

391 4247 524 4314 ptiis
555 4245 902 4314 Pliarmutbi,
925 4251 1070 4319 apud
1111 4249 1438 4309 Macedones
1459 4254 1767 4314 Xantliicus
1791 4261 1980 4331 appel-

389 4339 560 4401 latur,
611 4338 804 4396 Latine
854 4342 1065 4408 Aprilis
1104 4344 1326 4400 dicitur.
1373 4347 1504 4414 Quae
1552 4350 1672 4407 dies
1721 4369 1810 4406 xiv
1857 4369 1980 4407 cum

390 4432 630 4497 adesset,
661 4434 976 4490 sacrificant
1003 4451 1216 4502 omnes,
1249 4449 1306 4494 et
1332 4442 1679 4498 victimarum
1715 4448 1982 4518 sanguine

388 4526 580 4582 limina
631 4528 834 4582 aedium
882 4529 1202 4598 inungunt:
1235 4546 1501 4602 comaque
1544 4546 1792 4605 peracta.
1849 4539 1979 4594 reli-

321 4602 329 4611 ’
391 4617 551 4688 quias
609 4619 964 4674 comburunt.
1017 4620 1172 4676 Unde
1231 4638 1297 4676 ex
1358 4624 1450 4677 illo
1487 4602 1736 4697 tempore
1780 4629 1983 4686 festum

393 4711 607 4766 llebraai
648 4711 935 4768 celebrant
970 4715 1118 4769 circa
1157 4716 1210 4769 id
1259 4729 1498 4787 tempus.
1529 4729 1586 4775 et
1623 4719 1983 4787 sacrificant;

395 4804 544 4874 quod
588 4805 788 4861 festum
831 4807 1038 4862 Pascha
1071 4821 1309 4877 vocant;
1349 4811 1400 4865 id
1438 4813 1529 4866 alii
1565 4815 1852 4869 transitum
1901 4815 1984 4870 in-

393 4906 787 4968 terpretantur.
829 4899 1124 4970 Iosephus,
1173 4907 1608 4974 prodet-itionem.
1642 4909 1787 4977 quod
1839 4909 1982 4964 Deus

389 4999 553 5043 nocte
603 4989 694 5044 illa
741 4989 990 5046 llebrzeis
1043 4995 1360 5062 prieteritis.
1413 4996 1703 5068 A‘Igyptios
1750 4999 1976 5056 interitu

387 5079 888 5151 primogenitorum
935 5081 1212 5138 alliixerit.
1248 5085 1363 5153 Qua
1397 5087 1463 5142 de
1498 5102 1660 5145 causa
1693 5095 1976 5162 congressi

386 5171 627 5243 Egyptli
691 5173 1032 5229 Pharaonem
1086 5188 1248 5232 orant
1301 5189 1364 5233 ut
1407 5179 1650 5238 dimittat
1696 5182 1975 5243 llebrmos.

385 5262 552 5320 Jubet
616 5266 730 5323 ille.
830 5268 1131 5325 Discedunt
1195 5271 1410 5328 Hebraei
1457 5292 1472 5330 :
1521 5290 1758 5346 quorum
1821 5278 1978 5335 fuere

389 5356 669 5423 (militaris
697 5360 965 5416 duntaxat
993 5363 1192 5434 aetatis)
1233 5374 1487 5422 sexcenta
1522 5368 1716 5424 millia.
1754 5370 1973 5443 Egressi

385 5459 516 5504 sunt
549 5466 736 5508 mense
785 5453 1086 5520 Xanthico,
1128 5457 1217 5512 die
1249 5473 1336 5524 xv,
1371 5459 1587 5515 oriente
1627 5462 1779 5526 luna.
1813 5467 1976 5520 annis

2096 3226 2315 3298 ὄληται.
2359 3223 2499 3280 Εἶτα
2553 3227 2816 3298 βάτραχοι
2845 3229 3028 3282 πᾶσαν
3079 3228 3180 3299 τὴν
3245 3227 3351 3298 γῆν
3399 3227 3686 3296 Αἰγύπτου

2095 3321 2395 3390 ἐκάλυψαν.
2447 3322 2574 3376 Ἐπὶ
2599 3321 2815 3384 τούτοις
2857 3320 3088 3384 σκνίπες
3137 3323 3199 3376 ἐκ
3231 3322 3328 3392 τῆς
3362 3321 3469 3393 γῆς
3505 3323 3688 3376 ἀνεδό-

2097 3416 2298 3486 Θησαν.
2331 3417 2414 3470 Τά
2443 3417 2546 3483 μὲν
2574 3411 2670 3470 οὖν
2705 3415 2843 3470 ἄλλα
2873 3417 3138 3487 τεράστια
3189 3415 3288 3468 καὶ
3341 3416 3392 3468 οί
3440 3416 3684 3470 ἐπαοιδοὶ
3775 3492 3783 3498 _

2093 3510 2298 3581 Φαραὼ
2332 3509 2556 3563 ἐδόκουν
2605 3511 2803 3573 ποιεῖν,
2853 3511 3090 3568 σκνίπας
3140 3508 3197 3563 δὲ
3250 3512 3528 3576 φαντάσαι
3585 3511 3686 3562 οὐκ

2092 3604 2466 3675 ἠδυνήθησαν.
2500 3599 2674 3658 Εἶπον
2705 3603 2798 3657 οὖν
2843 3603 2982 3674 πρὸς
3013 3603 3236 3672 Φαραὼ,
3280 3605 3363 3656 ὅτι
3415 3603 3684 3666 δάκτυλος

2095 3699 2230 3752 Θεοῦ
2251 3698 2413 3750 τοῦτο
2443 3698 2612 3751 ἐστίν.
2635 3698 2692 3750 Ὀ
2718 3697 2764 3751 δ’
2794 3700 2875 3750 ἐτι
2904 3699 3189 3762 ἀνένδοτος
3218 3695 3286 3768 ἦν
3320 3698 3415 3752 καὶ
3461 3699 3683 3766 ἐγένετο

2097 3792 2392 3860 κυνόμυια,
2455 3791 2550 3842 καὶ
2607 3789 2749 3860 μετά
2806 3789 2984 3842 ταῦτα
3049 3791 3229 3860 φοορά
3270 3790 3381 3844 τῶν
3439 3789 3678 3859 κτηνῶν.

2099 3885 2334 3939 Ἔπειτα
2384 3885 2478 3936 τοῦ
2541 3885 2823 3946 Μωῡσέως
2892 3883 3217 3954 καμινιαίαν
3269 3884 3502 3952 αίΟάλην
3582 3881 3678 3936 τοῦ

2094 3977 2258 4046 ἀέρος
2289 3976 2824 4038 κατασκεδάσαντος,
2868 3976 3000 4046 ἕλκη
3043 3977 3137 4028 καὶ
3181 3976 3474 4044 φλυκτέδες
3514 3975 3572 4028 ἓν
3621 3991 3680 4028 τε

2092 4071 2206 4132 τοῖς
2238 4070 2462 4138 κτήνεσι
2496 4068 2589 4122 καὶ
2639 4069 2696 4122 ἐν
2747 4070 2860 4130 τοῖς
2895 4068 3213 4138 ἀνθρώποις
3254 4068 3546 4134 ἀνέζεσαν,
3584 4068 3680 4121 καί

2093 4161 2249 4224 αὖθις
2281 4161 2495 4234 χάλαζα
2530 4161 2690 4232 ὖσθη,
2729 4161 2824 4214 καὶ
2857 4163 2976 4232 μετ’
3011 4161 3184 4232 αὐτὴν
3237 4161 3473 4232 ἐπῆλθεν
3514 4161 3679 4232 ἀκρίς

2095 4257 2188 4308 καὶ
2215 4255 2310 4308 ἐπὶ
2340 4254 2568 4318 ταύταις
2612 4255 2808 4316 σκότος
2857 4254 2986 4318 τοὺς
3024 4255 3360 4322 Αἰγυπτίους
3399 4253 3494 4306 ἐπὶ
3527 4255 3678 4317 τρεῖς

2093 4349 2312 4420 ἡμέρας
2336 4347 2597 4416 ἐκάλυψε.
2637 4347 2962 4399 Τελευταῖον
2997 4346 3042 4398 δ’
3094 4348 3368 4414 ἐπήνεκτο
3403 4345 3677 4418 τούτοιςή

2093 4441 2202 4493 τῶν
2273 4441 2637 4510 πρωτοτόκων
2690 4437 2960 4492 ἀπώλεια.
3047 4436 3502 4508 Σκληρυνομένου
3564 4438 3676 4507 γὰρ

2089 4531 2333 4600 Φαραὼ,
2381 4532 2671 4585 ἐκέλευσεν
2731 4531 2760 4584 ὁ
2809 4533 2944 4592 Θεὸς
2998 4532 3205 4602 Μωῡσῇ
3249 4531 3444 4584 θυσίαν
3495 4549 3677 4601 παρα-

2087 4628 2354 4682 σκευάσαι
2383 4623 2465 4690 είς
2493 4629 2594 4698 τὴν
2624 4626 3234 4695 τεσσαρεσκαιδεκάτην
3263 4623 3363 4677 τοῦ
3396 4625 3589 4694 μηιὸς,
3617 4625 3678 4690 ὃς

2085 4719 2236 4788 παρὰ
2294 4721 2392 4790 μὲν
2458 4719 2732 4788 Ἑϐραίοις
2790 4720 2966 4772 Νισᾶν
3017 4717 3290 4781 καλεῖται,
3335 4718 3468 4788 παρ’
3503 4719 3678 4786 Αίγυρ

2085 4813 2264 4877 πτίοις
2294 4815 2350 4866 δὲ
2401 4811 2712 4884 Φαρμουθὶ,
2751 4811 2907 4877 παρά
2958 4811 3240 4865 Μακεδόσι
3269 4811 3327 4862 δὲ
3379 4809 3672 4873 Ξανθικδς,

2086 4907 2178 4960 καὶ
2209 4905 2341 4976 παρ’
2383 4905 2642 4972 Ἕλλησιν
2701 4902 3018 4974 Ἀπρίλλιος
3076 4900 3213 4972 (36).
3273 4901 3576 4971 Ἐνστάσης
3615 4899 3674 4952 δὲ

2089 4998 2192 5064 τῆς
2223 4995 2862 5066 τεσσαρεσκαιδεκάτης,
2915 4995 3160 5057 ἅπαντες
3204 4993 3386 5056 ἔθυον,
3444 4994 3538 5046 καὶ
3593 4991 3674 5062 τῷ

3692 4530 3711 4548 ν

2029 5157 2040 5167 ι
2085 5091 2178 5143 τοῦ
2213 5090 2457 5161 θύματος
2487 5089 2684 5159 αἵματι
2727 5090 2829 5150 τὰς
2861 5089 3024 5158 φλιὰς
3066 5087 3178 5140 τῶν
3228 5089 3421 5143 οἰκιῶν
3461 5090 3670 5160 ἔχριον,

2086 5187 2179 5240 καὶ
2225 5185 2648 5254 δειπνήσαντες,
2697 5184 2810 5236 τῶν
2867 5184 3050 5255 κρεῶν
3109 5185 3182 5238 τά
3231 5184 3674 5256 περιττεύσαντα

2084 5279 2348 5332 ἔκαυσαν.
2413 5276 2576 5329 Ὅθεν
2634 5277 2823 5330 ἔκτοτε
2887 5277 3084 5347 ἑορτὴν
3125 5277 3358 5342 ἄγουσιν
3422 5278 3669 5348 Ἑϐραῖοι

2087 5369 2228 5423 κατά
2285 5369 2378 5422 τὸν
2431 5369 2624 5438 καιρὸν
2661 5370 2876 5430 τοῦτον,
2927 5370 3023 5422 καὶ
3059 5370 3271 5435 θύουσι,
3322 5371 3518 5440 Πάσχα
3567 5371 3670 5442 τὴν

2084 5463 2282 5536 ἑορτὴν
2310 5462 2627 5526 καλοῦντες.
2655 5464 2728 5516 Τὸ
2760 5465 2816 5517 δὲ
2841 5465 3037 5535 Πάσχα
3059 5465 3209 5519 ἄλλοι
3249 5466 3352 5536 μέν
3379 5465 3668 5518 διάϐασιν

1602 5579 1804 5642 Variae
1829 5583 2141 5646 lectiones
2173 5589 2232 5644 et
2268 5589 2455 5645 notas.

461 5671 572 5736 (36)
611 5677 752 5742 Hap’
783 5677 1081 5754 ’,Ε-λαζηοίῖ
1120 5681 1478 5754 ᾉπςοίλλιος.
1521 5683 1638 5754 lmo
1673 5687 1818 5754 apud
1859 5687 1965 5741 La-

390 5739 554 5824 tinos,
591 5739 710 5824 seu
737 5755 797 5800 ut
843 5739 1008 5802 habet
1037 5749 1092 5804 S.
1133 5739 1410 5824 Maximus
1436 5739 1512 5807 'in
1562 5739 1835 5824 Computo
1859 5739 1966 5812 Ec-

387 5813 698 5871 clesiastico
742 5829 900 5886 parte
937 5834 1120 5890 t,cap,
1160 5821 1248 5888 15,
1285 5823 1427 5876 κατὰ
1473 5813 1801 5894 Ῥωμαίόυς.
1853 5829 1962 5884 Sed

2074 5689 2166 5743 hic
2221 5695 2279 5742 ut
2309 5697 2364 5741 et
2394 5685 2524 5742 alibi
2555 5705 2664 5742 non
2693 5690 2862 5744 semel
2893 5689 3169 5758 Ἕλληνας
3199 5700 3360 5745 vocat
3394 5690 3660 5754 Zonaras,

2073 5775 2214 5829 quos
2237 5759 2328 5812 alii
2358 5758 2646 5824 Rontanos;
2683 5770 2878 5816 contra
2904 5776 3071 5830 quam
3105 5761 3386 5832 Eunapius
3411 5765 3464 5816 in
3489 5760 3665 5833 Chry-

2073 5829 2290 5884 santbiu
2325 5844 2378 5900 p.
2414 5830 2502 5884 89.
