4098 6396
344 336 422 405 £9
1627 358 2031 424 ANNALIUM
2079 367 2222 428 LIB.
2269 369 2317 430 Ι.
3209 428 3212 431 η
3556 396 3629 459 91)

341 455 637 527 σημαίνειν
686 457 858 528 φασίν
888 476 903 491 ·
973 461 1238 535 Ἰώσηπος
1288 467 1344 521 δὲ
1403 472 1803 550 ύπερϐασίαν,
1852 481 1911 534 ὅτ

341 549 469 572 ---ρ’
514 551 627 572 Ξ--ΑΙ
665 571 682 572 η
721 570 727 572 Α
811 555 823 572 1
987 557 1000 572 ο
1240 562 1251 572 ι
1375 565 1468 572 -_-
1555 569 1565 572 _

2039 487 2460 560 quadringentis
2494 500 2551 548 et
2582 493 2803 565 triginta
2852 507 3140 570 postquam
3188 507 3536 571 Abrahamus
3565 518 3621 572 in

341 549 469 601 κατ’
510 551 729 623 ἐκείνην
770 555 875 625 τὴν
938 557 1135 624 νύκτα,
1172 562 1302 627 τοὺς
1375 565 1660 634 Ἐϐραίους
1717 575 1743 628 ό
1796 575 1926 640 Θεὸς

338 640 611 712 ὑπερϐάς,
638 645 967 713 Αίγυπτίοις
1001 653 1273 724 ἐνέσκηψε
1298 656 1400 726 τὴν
1425 660 1534 712 τῶν

342 734 578 806 φθοράν.
621 738 787 793 Ὅθεν
849 744 1203 810 συνελθόντες
1243 750 1431 818 Αίγύπ

2038 577 2400 679 Cliananaaam
2434 599 2778 655 pervenerat,
2815 603 2940 662 post
2985 597 3174 655 Jacobi
3223 601 3278 657 in
3328 606 3619 679 AZgyptum

1559 667 1914 732 npunoréxmx

2040 672 2421 742 migrationem
2472 679 2630 738 annis
2681 681 2935 741 ducentis
2987 698 3041 742 et
3089 667 3621 760 quindecimjuldose

1415 771 1539 808 ττιοι
1589 756 1802 812 ἐδέοντο
1834 760 1929 813 τοῦ
2041 770 2155 818 tum
2190 782 2365 823 annos
2388 786 2523 825 Lxxx
2555 783 2699 841 nato,
2733 793 2896 846 quem
2926 782 3107 836 Aaron
3136 785 3372 843 triennio
3394 808 3620 861 supera-

337 828 566 900 Φαραὼ,
624 833 889 890 ἀπολύειν
929 839 1057 902 τοὺς
1112 840 1423 912 Ἐϐραίους.
1482 847 1544 901 '0
1608 849 1664 903 δὲ
1708 853 1906 907 άπιένα

2041 856 2171 913 bat:
2201 862 2500 920 avebentes
2530 868 2694 922 etiam

338 923 683 992 προσέταξεν
709 942 723 958 ο
768 928 820 980 oi
867 929 914 983 δ’
945 931 1197 1004 ἐξῄεσαν.
1231 931 1343 989 Ἦν
1377 936 1434 990 δὲ
1469 939 1529 991 τὸ
1582 940 1694 994 τῶν
1731 961 1934 1013 μεταν-

2719 885 2841 926 ossa
2868 871 3087 945 Iosephi
3116 893 3322 944 secum,
3348 887 3618 953 quemad-

2040 952 2263 1006 modum
2294 954 2385 1011 ille
2416 959 2725 1017 mandarat.
2758 963 2850 1021 Sic
2884 967 2961 1022 illi
2995 970 3508 1038 proficiscebantur.

342 1020 899 1139 ισῖαιμὶνωνπλῆθος
929 1027 989 1080 τὸ
1011 1032 1415 1139 στρατεύσιμον
1451 1035 1668 1139 ἡλικίαν
1708 1038 1834 1112 ἕχον
1905 1044 2089 1114 μόνον,
2158 1051 2423 1121 μυριάδες
2486 1055 2776 1128 ἐξήκοντα.
2828 1020 3617 1139 Ἑξῆλῦᾇᾷ“δι“ξιῖνῖξέἀίνθι-

338 1114 437 1234 ἰοῦ
469 1114 589 1226 (5η
653 1118 886 1234 πίμῆπτῃ
940 1121 1037 1234 καὶ
1053 1122 1315 1234 ⁸’δεκάτη
1363 1129 1506 1234 κατά
1566 1131 1821 1203 σελήνην,
1867 1134 2008 1205 μετὰ
2046 1114 2544 1221 ἔτη-τετρακόσια-
2570 1114 3176 1222 ’τριάκονταττοῦν

336 1209 658 1264 Χαναναίαν
692 1212 910 1304 ἐλθεῖν·
948 1219 1014 1271 ἐκ
1048 1216 1107 1271 δὲ
1136 1220 1238 1291 τῆς
1279 1220 1478 1278 Ἰακὼϐ
1546 1228 1631 1290 είς
1672 1226 1953 1295 Αἴγυπτον
1993 1209 2312 1305 παροικίας,

335 1305 594 1416 θιαὶίδεκαζ
626 1301 733 1416 *114
783 1309 846 1413 δὲ
880 1311 1093 1416 θόωῦσῇ
1138 1313 1264 1416 τότε
1321 1314 1469 1385 ζωῆς
1535 1317 1656 1383 ἔτος
1705 1301 2091 1393 ὀγδοηκοστὸν,
2148 1301 2381 1402 Ἀαρὼν.
2413 1335 2469 1387 δὲ
2534 1339 2718 1407 τρισὶν

332 1401 431 1453 καὶ
473 1401 545 1453 τὰ
572 1400 708 1455 ὀστᾶ
752 1402 847 1456 τοῦ
900 1404 1120 1476 Ἰωσὴφ,
1176 1407 1516 1479 πληροῦντες
1556 1412 1656 1484 τὴν
1701 1414 1926 1486 ἐντολὴν
1963 1416 2059 1470 τοῦ
2086 1400 2302 1489 ἀνδρός.
2340 1425 2404 1478 Οἱ
2442 1426 2543 1496 μὲν
2571 1400 2671 1483 οῦν
2697 1400 2970 1503 ἀπῄεσαν.

2369 1241 2854 1312 μετὰ.ὲνιαυτοὺς
2901 1250 3210 1319 διακοσίους
3264 1258 3361 1310 καὶ
3426 1274 3616 1312 πεντε-

3116 1348 3500 1419 Συνεπήγοντο
3554 1352 3612 1407 δὲ

406 1498 510 1550 IA'.
569 1498 863 1567 Αἰγύπτιοι
910 1500 970 1553 δὲ
1015 1503 1434 1573 μετεμέλλοντο,
1501 1508 1598 1562 καὶ
1662 1508 1914 1575 λαϐόντες

2101 1515 2240 1574 XIV.
2271 1517 2342 1573 At
2369 1520 2609 1594 Egyptii
2637 1526 2744 1581 acti
2767 1498 3112 1597 ptenitentia,
3143 1534 3414 1603 correptis
3440 1537 3615 1593 armis

329 1589 475 1642 ὅπλα
504 1588 751 1646 ἐδίωκον.
815 1590 1117 1656 Ἐξακόσια
1170 1595 1216 1647 δ’
1261 1590 1405 1667 ἦσαν
1435 1597 1623 1662 αὐτοῖς
1673 1599 1921 1672 ἅρματα,

333 1683 526 1744 ἱππεῖς
569 1699 629 1735 τε
701 1685 1189 1759 πεντακισμύριοι,
1254 1689 1350 1743 καὶ
1418 1691 1682 1761 μυριάδες
1748 1694 1923 1747 είκοσι

330 1772 592 1826 ὁπλιτῶν.
638 1773 927 1843 Ἐϐραίους
966 1777 1009 1831 δ’
1033 1781 1116 1843 είς
1145 1781 1463 1850 ἀπόγνωσιν
1495 1779 1631 1853 ἦγον
1657 1785 1716 1836 ἐν
1748 1785 1923 1856 στενῷ

332 1863 599 1929 γεγονότα
659 1864 729 1917 τὰ
769 1865 1099 1936 πράγματα,
1177 1870 1272 1921 καὶ
1322 1869 1494 1932 λίθοις
1549 1870 1770 1941 βάλλειν
1830 1872 1923 1925 τὸν

332 1956 852 2027 Μωῡοῆνέμελ).ον.
895 1958 955 2013 '0
1000 1959 1058 2012 δὲ
1109 1962 1414 2031 παρεκάλει
1460 1962 1613 2034 αὐτῷ
1664 1964 1917 2031 ἕπεσθαι,

331 2054 428 2104 καὶ
455 2045 595 2122 ἦγεν
624 2052 829 2116 αὐτοὺς
862 2053 959 2107 ἐπὶ
991 2053 1290 2120 θάλασσαν,
1321 2056 1416 2109 καὶ
1446 2056 1582 2120 στὰς
1603 2059 1733 2128 παρ’
1755 2060 1918 2130 αὐτῇ,

332 2144 430 2199 καὶ
462 2145 555 2199 τὸν
591 2145 725 2199 Θεὸν
776 2147 1240 2218 ὲπιϐοησάμενος,
1293 2149 1490 2204 τύπτει
1534 2155 1600 2222 τῇ
1648 2153 1923 2226 βακτηρίᾳ

327 2235 430 2305 τὴν
458 2233 754 2291 θάλασσαν.
803 2236 866 2291 Ἠ
916 2238 973 2291 δὲ
1025 2239 1292 2307 ἀνεκόπη.
1324 2241 1421 2296 καὶ
1467 2245 1684 2313 γυμνὴν
1736 2247 1919 2316 ἀφῆκε

329 2328 447 2389 τοῖς
497 2325 774 2397 Ἑϐραίοις
794 2327 894 2398 τὴν
926 2329 1061 2399 γῆν·
1087 2331 1337 2384 κάκεῖνοι
1367 2331 1639 2388 διέϐαινον
1661 2337 1923 2391 σπεύδον-

328 2436 446 2481 τες.
510 2418 780 2491 Ὀρῶντες
815 2421 875 2475 δὲ
897 2423 1073 2477 ταῦτα
1107 2424 1423 2493 Αἰγύπτιοι,
1458 2427 1553 2480 καὶ
1592 2428 1753 2482 αὐτοὶ
1785 2447 1920 2503 προ-

328 2507 596 2573 τάξαντες
627 2509 720 2562 τὸν
754 2510 943 2576 ἵππον,
984 2514 1235 2572 ἐδίωκον.
1274 2515 1414 2585 Ἤδη
1448 2515 1494 2568 δ’
1519 2518 1613 2570 ἐπὶ
1645 2519 1745 2589 τὴν
1778 2521 1920 2574 ἀντι·

332 2598 512 2667 πέραν
569 2603 675 2670 γῆν
705 2601 816 2655 τῶν
871 2602 1143 2673 Ἐϐραίων
1174 2603 1578 2669 διασωθέντων,
1640 2609 1916 2679 ἐπιχεῖται

328 2692 447 2754 τοῖς
476 2693 799 2761 Αἰγυπτίοις
828 2696 861 2767 ἡ
892 2694 1164 2760 θάλασσα,
1194 2696 1288 2750 τοῦ
1312 2698 1600 2763 Μωῦσὲως
1632 2702 1697 2771 τῇ
1734 2701 1916 2771 ῥάϐδῳ

328 2782 781 2853 ἑπιστρεπτικῶς
812 2786 924 2857 ('58)
949 2786 1109 2850 αὖθις
1136 2787 1198 2840 τὸ
1237 2787 1385 2860 ὕδωρ
1419 2789 1783 2856 πατάξαντος,
1819 2792 1916 2845 καὶ

2031 1620 2128 1660 eos
2170 1612 2666 1680 persequebantur,
2699 1619 2959 1674 curribus
2982 1624 3283 1689 sexcentis,
3322 1627 3615 1695 equitibus

2030 1698 2396 1770 quinquagies
2443 1702 2615 1769 mille,
2659 1713 2717 1759 et
2763 1706 3017 1765 ducentis
3058 1711 3305 1767 millibus
3338 1713 3606 1782 peditum.

2031 1787 2245 1845 Hebraei
2278 1792 2331 1847 in
2357 1796 2636 1865 angustias
2677 1798 2889 1855 redacti
2918 1811 3152 1859 aestuare
3172 1845 3187 1869 ,
3218 1803 3309 1858 vix
3337 1820 3369 1859 a
3400 1804 3611 1874 lapida-

2033 1882 2181 1938 tione
2235 1885 2403 1942 Mosis
2456 1889 2560 1943 sibi
2605 1900 2913 1961 temperare
2960 1911 2973 1947 :
3030 1895 3121 1950 ille
3179 1897 3389 1954 hortari
3440 1896 3520 1954 ut
3550 1914 3609 1956 se

2030 1986 2420 2045 sequerentur,
2447 1980 2514 2033 ad
2555 1997 2706 2037 mare
2740 1985 2967 2041 ducere.
3000 1987 3078 2041 lbi
3120 1988 3175 2042 in
3208 1989 3394 2046 littore
3429 2000 3607 2057 stans,

2029 2064 2143 2119 Deo
2171 2066 2447 2135 invocato,
2473 2070 2670 2128 baculo
2694 2089 2841 2131 mare
2875 2079 3139 2147 percutit.
3176 2080 3314 2135 Illud
3342 2081 3611 2138 discludi-

2030 2168 2140 2226 tur,
2179 2170 2237 2216 ut
2276 2163 2420 2217 nuda
2449 2166 2694 2224 Hebraeis
2721 2170 2884 2225 tellus
2921 2183 3251 2241 appareret:
3284 2172 3610 2230 festinanter

2028 2250 2211 2322 itaque
2254 2264 2558 2312 transeunt.
2588 2258 2742 2324 Quod
2775 2262 3022 2319 videntes
3048 2264 3308 2336 Egyptii,
3335 2268 3520 2336 equite
3551 2250 3607 2321 in

2027 2344 2207 2401 fronte
2232 2350 2520 2413 collocato,
2540 2365 2968 2425 persequuntur.
2995 2357 3112 2414 Jam
3136 2367 3319 2414 autem
3362 2359 3608 2415 Hebraeis

2027 2438 2083 2494 in
2105 2441 2416 2510 oppositum
2452 2444 2609 2499 littus
2636 2445 2773 2500 citra
2803 2462 3001 2502 noxam
3032 2448 3288 2519 egressis,
3318 2448 3606 2521 Egyptios

2026 2546 2166 2600 aqua
2214 2546 2245 2585 a
2291 2532 2438 2589 Mose
2490 2534 2640 2604 virga
2696 2549 2978 2604 percussa,
3011 2546 3072 2591 ut
3112 2537 3166 2591 in
3214 2553 3374 2592 suum
3421 2540 3605 2593 locum

2025 2620 2432 2691 regrederetur,
2476 2623 2740 2679 ﬂuctibus
2778 2626 3128 2688 coeuntibus,
3185 2641 3338 2681 mare
3394 2627 3607 2684 obruit.

2023 2707 2213 2776 Itaque
2258 2709 2499 2782 Egyptii
2543 2712 2786 2769 universi
2837 2715 2891 2768 in
2925 2715 3034 2786 36
3076 2715 3241 2771 undis
3296 2716 3602 2786 perierunt.

2022 2798 2237 2855 Hebraei
2295 2816 2431 2856 vero
2476 2802 2736 2859 laudibus
2797 2805 2970 2860 Deum
3027 2806 3140 2861 laeti
3188 2807 3604 2863 concelebrant.

326 2878 401 2931 τὰ
457 2877 653 2932 τούτου
695 2880 1001 2943 ἑνώσαντος
1057 2880 1301 2952 κύματα.
1365 2883 1677 2937 Ἀπὼλοντο
1728 2880 1823 2939 οῦν
1861 2888 1911 2938 ot

2019 2892 2195 2947 Moses
2224 2893 2390 2949 etiam
2418 2895 2696 2950 canticum
2734 2897 2847 2951 Deo
2896 2897 3028 2953 facit
3057 2898 3314 2955 versibus
3342 2899 3601 2963 senariis,

325 2968 627 3036 Αἰγύπτιοι
678 2973 738 3025 ἐν
781 2974 897 3034 τοῖς
945 2972 1104 3027 ὕδασι
1182 2973 1521 3045 ξύμπαντες.
1571 2978 1685 3031 Καὶ
1730 2978 1914 3049 οἱμὲν

339 3060 587 3130 Ἑϐραῖοι
609 3063 667 3114 ἐν
699 3061 895 3133 ὕμνοις
955 3060 1119 3134 ἦσαν,
1161 3068 1259 3120 καὶ
1312 3066 1557 3139 ἔχαιρον.
1617 3071 1829 3142 Μωῦτῇ
1856 3071 1913 3125 δὲ

472 3154 774 3224 πεποίηται
801 3154 941 3225 πρὸς
967 3157 1100 3210 Θεὸν
1123 3159 1184 3212 ἐν
1206 3160 1500 3232 ἑξαμέτρῳ
1547 3163 1688 3231 τόνῳ
1730 3172 1916 3217 συντε-

323 3247 582 3318 θειμένη,
615 3246 692 3313 ὦς
714 3266 885 3321 φησιν
914 3253 942 3304 ὁ
982 3251 1273 3323 Ἰώσηπος.
1307 3257 1387 3309 Τὰ
1424 3257 1470 3310 δ’
1509 3259 1651 3311 ὅπλα
1682 3246 1913 3314 τῶνἈί-

322 3339 584 3405 γυπτίων
609 3341 705 3393 σὺν
746 3343 861 3405 τοῖς
908 3342 1162 3410 σώμασιν
1202 3347 1384 3400 αὐτῶν
1416 3347 1787 3419 ἐκϐρασθέντα
1813 3351 1913 3422 τῆς

324 3431 610 3502 θαλάσσης
639 3432 746 3486 ὑπὸ
789 3433 887 3488 τοῦ
931 3434 1270 3503 πνεύματος,
1340 3438 1603 3503 λαϐόντες
1643 3441 1910 3512 Ἑϐραῖοι,

321 3525 542 3589 τούτοις
566 3525 942 3595 ὡπλίσθησαν.
973 3528 1085 3583 Καὶ
1110 3524 1248 3599 ἦγεν
1288 3530 1483 3595 αὐτοὺς
1506 3534 1803 3603 ὀέΜωῦσῆς
1833 3535 1914 3598 είς

323 3618 534 3689 τδδρος
566 3620 718 3685 Σινᾶ,
753 3620 938 3674 θύσων
970 3621 1105 3691 ὲκεῖξ
1135 3621 1205 3675 τὰ
1238 3623 1482 3694 σῶστρα.
1512 3626 1591 3689 ὡς
1619 3626 1767 3696 αὑτῷ
1814 3628 1903 3679 ὲν-

322 3710 608 3765 ετέταλτο.
648 3712 986 3782 Ἀγομένους
1008 3712 1054 3765 δ’
1084 3715 1202 3767 ἐκεῖ
1247 3715 1279 3784 ἡ
1310 3714 1419 3768 τῶν
1448 3717 1668 3786 τροφῶν
1710 3718 1903 3772 ἐλύπει

325 3808 551 3873 σπάνις,
585 3809 680 3862 καὶ
718 3810 752 3878 ἡ
776 3808 871 3862 τοῦ
895 3808 1087 3873 ὕδατος
1123 3809 1322 3864 ἔνδεια.
1354 3812 1464 3865 Καὶ
1489 3812 1662 3876 οῦτως
1684 3813 1904 3884 ἔχοντες

323 3902 409 3963 είς
434 3900 605 3954 τόπον
637 3900 1018 3969 ἀφικνοῦνται,
1068 3903 1129 3956 ἐν
1178 3896 1223 3969 ᾧ
1255 3904 1436 3975 φρέαρ
1470 3899 1559 3974 ἦν,
1587 3898 1649 3958 οὗ
1678 3906 1739 3959 τὸ
1766 3906 1913 3979 ὕδωρ

320 3992 418 4046 6.1
446 3992 675 4061 πικρίαν
712 3992 937 4048 ἄποτον.
971 3994 1083 4047 Καὶ
1116 3993 1180 4047 τὸ
1208 3994 1380 4062 ὄνομα
1414 3996 1510 4049 τοῦ
1547 3997 1715 4050 τόπου
1742 4000 1774 4071 ἡ
1811 3999 1912 4068 μὲν

319 4085 431 4153 τῆς
470 4084 688 4150 Ἑξόδου
728 4085 911 4156 βίϐλος
958 4087 1223 4158 Μαιρῤὰν
1250 4088 1533 4157 ὀνομάζει,
1568 4091 1598 4143 ὁ
1636 4089 1680 4143 δ’
1726 4091 1914 4163 Ἰώση-

2012 2982 2255 3054 Josepho
2286 2995 2535 3041 auctore.
2574 2988 2741 3043 Arma
2777 2988 3157 3061 Egyptiorum
3197 3006 3321 3047 cum
3353 2994 3603 3062 corpori-

2014 3075 2121 3132 bus
2145 3064 2336 3132 eorum
2365 3094 2396 3133 a
2422 3089 2587 3135 vento
2628 3080 2683 3134 in
2718 3081 2876 3137 littus
2899 3082 3073 3153 ejecta
3105 3084 3353 3153 capiunt,
3381 3084 3600 3154 sibique

2013 3169 2451 3225 accommodant.
2478 3170 2656 3228 Moses
2682 3188 2780 3228 eos
2805 3173 2859 3227 in
2895 3184 3139 3229 montem
3166 3174 3295 3232 Sina
3325 3177 3498 3239 ducit.
3532 3177 3601 3231 ad

2013 3261 2348 3315 exsolvenda
2391 3270 2515 3317 vota
2568 3263 2681 3317 Deo
2725 3262 2798 3318 ob
2836 3264 3071 3318 salutem
3125 3266 3402 3336 adeptam,
3437 3276 3498 3321 ut
3544 3267 3601 3323 in

2012 3352 2283 3405 mandatis
2323 3361 2627 3420 acceperat.
2669 3353 2808 3406 Dum
2849 3368 2917 3407 co
2945 3353 3247 3421 ducuntur,
3286 3364 3343 3409 et
3371 3357 3603 3411 cibario-

2013 3458 2135 3497 rum
2168 3446 2419 3514 penuria,
2463 3452 2519 3498 ct
2555 3458 2711 3514 aquae
2750 3444 2934 3514 inapia
2969 3446 3242 3501 laborant.
3282 3447 3371 3503 Sic
3418 3448 3599 3503 affecti

2015 3537 2069 3591 in
2102 3538 2284 3592 locum
2324 3537 2680 3607 perveniunt,
2720 3537 2814 3591 ubi
2849 3545 3054 3608 puteus
3081 3548 3223 3599 erat.
3261 3539 3419 3609 cujus
3456 3554 3599 3607 aqua

2012 3625 2085 3680 ob
2123 3626 2438 3680 amariciem
2496 3627 2673 3694 potari
2736 3640 2843 3681 non
2912 3636 3129 3697 poterat
3176 3627 3360 3697 (quem
3415 3629 3598 3683 locum

2012 3717 2154 3773 liber
2186 3718 2357 3772 Exodi
2397 3719 2624 3773 Maerran
2654 3719 2922 3782 nominat,
2949 3718 3227 3785 Iosephus
3257 3719 3326 3773 ab
3358 3718 3600 3774 Hebra-is

2014 3810 2129 3865 Mar
2148 3820 2404 3866 vocatum
2450 3812 2622 3867 fuisse
2658 3811 2866 3867 tradit:
2912 3812 2994 3867 sic
3016 3813 3165 3867 enim
3211 3828 3456 3867 amarum
3491 3813 3595 3867 dici

2012 3904 2202 3974 lingua
2249 3906 2465 3969 eorum)
2492 3914 2548 3958 et
2576 3914 2767 3959 contra
2804 3904 3001 3960 ducem
3041 3905 3308 3960 fremunt.
3340 3904 3392 3960 Is
3426 3905 3597 3960 Deum

2014 4007 2396 4066 comprecatus
2435 3996 2609 4067 prius,
2658 3997 2806 4066 ligno
2837 3997 3076 4066 quodam
3096 4036 3099 4039 ‹
3122 3996 3176 4052 in
3204 4005 3432 4066 puteum
3460 4011 3597 4052 con-

2009 4090 2181 4161 jecto,
2227 4104 2426 4159 aquam
2471 4088 2688 4143 dulcem
2724 4089 2926 4143 reddit.
2957 4089 3233 4159 Josepbus
3263 4104 3373 4142 non
3405 4088 3599 4143 crede-

328 4194 437 4241 πος
472 4177 605 4249 Μὰρ
634 4178 798 4233 αὐτὸν
826 4180 1101 4250 κληθῆναι
1126 4180 1280 4252 παρὰ
1310 4181 1420 4236 τῶν
1457 4182 1730 4255 Ἐϐραίων
1785 4200 1914 4251 συγ-

2019 4199 2077 4238 re
2101 4182 2342 4248 videtur,
2366 4184 2543 4253 {aquae
2569 4197 2821 4251 saporem
2854 4182 3122 4237 miracuio
3172 4191 3464 4247 mutatum,
3500 4183 3597 4236 sed

318 4270 626 4340 γράφεται,
654 4271 788 4343 Μὰρ
822 4272 887 4325 τὸ
937 4271 1162 4341 πικρὸν
1203 4271 1382 4341 λέγων
1427 4273 1555 4337 τοὺς
1623 4273 1913 4347 Ἐϐραίους

322 4362 550 4416 καλεῖν·
587 4362 683 4417 καλ⁹
725 4364 825 4417 τοῦ
862 4363 1207 4434 δημαγωγοῦ
1251 4364 1689 4434 κατεγόγγυζον.
1743 4366 1803 4422 '0
1848 4367 1910 4421 δὲ

321 4455 423 4509 τοῦ
454 4456 593 4510 Θεοῦ
646 4458 916 4530 πρότερον
970 4456 1208 4529 δεηθεὶς,
1256 4457 1413 4523 ξύλον
1471 4458 1677 4525 λαϐὼν,
1723 4462 1805 4524 είς
1850 4461 1913 4515 τὸ

324 4549 513 4618 φρέαρ
534 4547 781 4613 ἐνέϐαλε,
808 4546 978 4601 καὶτὸ
1001 4545 1147 4619 ὕδωρ
1178 4547 1504 4616 ἐγλύκανεν.
1540 4542 1603 4603 Ὅ
1623 4548 1682 4604 δὲ
1718 4548 1910 4621 Ἰώση.

324 4656 432 4704 πος
461 4638 608 4693 ἔοικε
652 4639 729 4710 μὴ
764 4638 1041 4694 πιστεύων
1072 4639 1152 4703 ὡς
1201 4640 1444 4711 θαύματι
1499 4645 1567 4713 τῇ
1610 4642 1910 4710 γλυκάνσει

322 4730 422 4785 τοῦ
453 4730 674 4795 ὓδατος,
703 4731 842 4786 ἀλλὰ
878 4731 1129 4801 φυσικῶς
1158 4733 1291 4786 αὐτὸ
1326 4732 1709 4804 γλυκανθῆναι
1756 4735 1915 4802 δοξά-

323 4823 458 4886 ζων.
497 4822 664 4890 Λέγει
691 4823 822 4891 γὰρ,
853 4824 937 4877 ὅτι
973 4822 1034 4875 τδ
1064 4823 1267 4889 ξύλονό
1291 4824 1538 4895 Μωῦσῆς
1566 4827 1647 4889 είς
1677 4812 1747 4881 τδ
1766 4826 1913 4901 ὕδωρ

326 4913 535 4983 βαλὼν,
598 4913 871 4979 ἐξαντλεῖν
926 4915 992 4969 τὸ
1034 4916 1220 4987 φρέαρ
1255 4916 1506 4981 ἐκέλευε,
1566 4918 1663 4971 καὶ
1710 4919 1762 4972 οἱ
1811 4920 1914 4989 μὲν

324 5007 587 5060 ἐπόνουν.
622 5007 696 5059 Τὸ
722 5006 768 5059 δ’
802 5006 908 5060 ὑπὸ
938 5005 1050 5060 τῶν
1078 5007 1323 5078 συνεχῶν
1347 5008 1580 5078 πληγῶν
1630 5025 1916 5081 γεγυμνα-

326 5099 556 5169 σμένον,
586 5098 681 5151 καὶ
716 5098 1155 5168 κεκαθαρμένον,
1186 5100 1289 5173 ἤδη
1311 5099 1549 5171 πότιμον
1578 5096 1670 5172 ἦν.
1712 5101 1826 5173 Τὴν
1853 5102 1913 5156 δὲ

320 5191 439 5246 τῶν
471 5190 698 5261 τροφῶν
726 5192 938 5247 ἔνδειαν
995 5191 1211 5258 ίάσατο,
1247 5191 1346 5246 τοῦ
1396 5192 1533 5246 Θεοῦ
1590 5193 1809 5265 δεηθεὶς
1838 5192 1908 5248 δι’

322 5283 601 5355 ὀρτύγων.
642 5284 1108 5356 Ἐφίπταταιγὰρ
1137 5287 1205 5355 τῇ
1233 5287 1346 5339 τῶν
1381 5285 1654 5358 Ἐϐραίων
1687 5303 1909 5358 παρεμ-

324 5379 462 5450 ϐολῇ
494 5377 697 5447 πλῆθος
720 5377 977 5448 ὀρτύγων
1013 5375 1111 5442 οὓς
1160 5378 1525 5444 συλλαϐόντες
1555 5380 1767 5451 ἤσθιον,
1810 5380 1912 5434 καὶ

2015 4275 2345 4330 naturaliter
2379 4274 2433 4328 id
2466 4272 2752 4329 accidisse.
2799 4274 2891 4327 Ait
2930 4274 3078 4327 enim
3122 4272 3325 4327 Mosem
3358 4273 3508 4343 ligno
3540 4271 3595 4326 in

2013 4379 2209 4435 aquam
2266 4367 2537 4435 conjecto,
2601 4362 2883 4419 exhauriri
2943 4377 3139 4432 aquam
3190 4362 3420 4431 iussisse
3468 4378 3482 4415 :
3535 4376 3598 4415 ac

2012 4452 2145 4507 dum
2178 4451 2256 4507 illi
2291 4452 2487 4507 intenti
2528 4460 2715 4507 essent
2742 4450 2919 4521 operi,
2951 4467 3149 4521 aquam
3182 4452 3597 4508 continentibus

2009 4545 2211 4602 ictibus
2241 4546 2596 4601 exercitatam
2636 4552 2693 4599 et
2739 4552 3116 4615 expurgatam,
3146 4543 3441 4614 potaliilem
3473 4552 3594 4599 tan-

2014 4639 2139 4695 dem
2164 4652 2289 4696 esse
2318 4637 2534 4693 factam.
2569 4636 2917 4693 Cibariorum
2949 4636 3081 4691 item
3130 4635 3372 4707 penuriae
3403 4650 3595 4690 occur—

2015 4732 2108 4798 rit,
2155 4729 2268 4786 Deo
2313 4730 2588 4795 invocato,
2638 4744 2734 4798 per
2770 4728 3101 4792 coturnices,
3120 4744 3356 4798 quarum
3406 4728 3623 4797 ingens

2015 4823 2314 4880 multitudo
2364 4822 2424 4878 in
2471 4832 2651 4879 castra
2704 4820 3062 4884 Hebraeorum
3108 4820 3288 4877 delata
3326 4828 3383 4874 et
3416 4828 3594 4889 capta,

2014 4916 2214 4972 famem
2255 4915 2433 4974 sedat.
2461 4914 2669 4972 Deinde
2711 4929 2963 4970 mannam
2992 4913 3135 4983 pluit
3165 4914 3248 4969 eis
3277 4914 3449 4978 Deus,
3477 4913 3601 4967 dul-

2015 5009 2210 5065 cedine
2250 4986 2396 5064 melli
2433 5023 2645 5078 parem,
2681 5006 3059 5078 magnitudine
3097 5021 3268 5077 grano
3316 5006 3594 5079 coriandri
3682 5028 3685 5031 ·

2014 5101 2272 5156 similem.
2323 5100 2421 5156 Est
2459 5109 2643 5155 autem
2688 5099 2885 5154 Manna
2927 5098 2997 5154 ab
3027 5098 3110 5154 eis
3142 5098 3433 5168 appellata,
3466 5112 3593 5152 cum

2017 5194 2336 5249 dubitarent
2387 5192 2519 5262 quid
2578 5193 2659 5248 rei
2706 5200 2872 5248 esset.
2930 5190 3052 5246 Man
3083 5192 3232 5247 enim
3263 5191 3448 5259 lingua
3501 5188 3594 5242 illa

2019 5284 2469 5357 interrogationis
2497 5299 2717 5355 quoque
2743 5294 2873 5339 nota
2905 5291 2989 5340 est
3018 5300 3033 5338 :
3065 5282 3147 5338 sic
3172 5282 3445 5352 Josephus
3475 5279 3595 5335 haec

2021 5375 2211 5431 tradit.
2275 5377 2471 5433 Jussus
2536 5386 2721 5432 autem
2784 5384 2906 5431 erat
2962 5374 3198 5445 quilibet
3259 5373 3591 5429 Assaronem

1525 5517 1732 5581 Variae
1782 5518 2087 5582 lectiones
2119 5523 2182 5581 et
2204 5524 2393 5578 notas.

400 5649 517 5718 (δῖ)
542 5650 837 5705 Ξανθικοῦ
859 5649 1104 5718 πέμπτῃ
1143 5646 1243 5700 καὶ
1271 5645 1492 5714 δεκάτῃ
1539 5647 1689 5702 κατὰ
1717 5645 1904 5713 σελή-

320 5737 465 5783 νην.
504 5718 751 5776 Xanthici
792 5738 889 5776 seu
926 5717 1125 5788 Aprilis
1157 5718 1357 5771 decimo
1403 5719 1584 5786 quinto
1617 5717 1903 5788 secundum

328 5794 538 5845 lunam.
570 5791 903 5861 Ambiguum
937 5787 1023 5844 est
1063 5798 1248 5841 utrum
1293 5788 1395 5842 sub
1420 5796 1601 5841 ortum
1639 5787 1804 5853 lunae,
1833 5803 1903 5842 an

2011 5659 2204 5700 mense
2232 5641 2433 5704 lunari,
2460 5641 2642 5711 inquit
2675 5640 2927 5699 Wolﬁus.

2085 5708 2889 5787 (58)_'E:tt0’fp£{ttm§1§.ulta
2934 5715 3068 5787 Reg.
3116 5722 3169 5770 ct
3216 5713 3461 5771 Colbert.
3516 5708 3567 5766 τι

2012 5781 2305 5855 ἐπιτρέψῃ.
2338 5781 2461 5839 cod.
2494 5783 2633 5837 alter
2658 5782 2859 5839 Wolﬁi.
