4098 6402
481 385 547 448 9Ῑ
1752 382 2058 444 ,ΙΟΑΝΝΙΞ

2161 381 2435 442 ΟΝΑΒᾸΞ
3674 380 3744 441 QE!

478 499 773 572 uitensurae
823 496 876 552 id
937 513 1111 567 genus
1159 499 1264 570 cst)
1312 514 1377 554 ex
1425 514 1492 554 eo
1539 498 1840 568 colligere:
1881 516 1990 570 quo
2021 500 2058 556 si

2174 501 2268 553 ἐπὶ
2307 499 2523 561 τούτοις
2552 495 2614 549 τὸ
2646 495 2838 549 Μάννα
2871 494 3001 548 ὗσεν
3041 496 3228 562 αὐτοῖς
3292 498 3320 552 ὁ
3363 495 3516 561 Θέὸς,
3563 498 3742 568 μέλιτι

475 593 602 662 quis
647 592 770 661 plus
812 591 1144 660 collegisset,
1193 589 1460 660 postridie
1511 606 1620 645 non
1646 599 1765 646 erat
1809 594 1950 657 esui,
2006 600 2061 647 et

477 684 764 739 vermibus
795 694 849 739 et
875 682 1244 739 amaritudine
1275 692 1622 752 corruptum.
1650 681 1706 737 ld
1737 699 1802 738 eo
1827 683 2061 739 consilio

475 776 706 842 factum,
739 791 807 831 ne
841 776 935 831 ubi
973 776 1182 830 robusti
1233 776 1464 830 multum
1495 783 1932 840 eoacervassent,
1979 777 2064 830 in-

480 870 624 924 firmi
667 879 912 940 egerent.
966 869 1081 925 Hoc
1121 869 1270 923 victu
1322 885 1496 924 annos
1537 868 1895 939 quadraginta
1931 877 2061 922 sunt

478 962 584 1028 usi,
619 961 794 1017 donec
822 978 854 1017 e
886 963 1109 1016 deserto
1140 969 1516 1016 excesserunt.
1551 962 1742 1016 Denuo
1787 960 1840 1014 in
1881 960 2062 1015 locum

481 1073 748 1126 aquarum
771 1065 1050 1125 expertem
1079 1055 1373 1126 progressi,
1401 1054 1622 1109 nomine
1650 1054 1948 1124 Rapliidin,
1970 1053 2060 1108 siti

481 1161 677 1204 contra
724 1148 929 1204 Mosem
979 1149 1427 1204 exstimulantur.
1474 1146 1522 1202 Is
1561 1155 1815 1216 precatus
1866 1146 2058 1211 Deum,

473 1240 698 1310 jubetur
743 1239 938 1294 baculo
966 1247 1250 1308 percutere
1277 1245 1528 1308 petram:
1567 1252 1676 1307 quo
1705 1236 1872 1299 facto,
1907 1251 2063 1306 aqua:

479 1329 878 1398 limpidissimaa
910 1328 1066 1398 copia
1088 1329 1346 1398 erumpit.
1378 1327 1507 1382 Inde
1527 1327 1899 1391 Amalecliitaa,
1936 1326 2060 1381 [ini-

2166 591 2270 662 μὲν
2295 593 2395 663 τὴν
2419 589 2615 662 ἡδονὴν
2650 588 2916 660 ἐμφερὲς,
2952 587 3014 642 τὸ
3041 588 3097 642 δέ
3153 590 3386 660 μέγεθος
3424 593 3744 662 κοριάνδρου

2164 687 2444 758 σπέρματι
2481 686 2690 755 ὅμοιον.
2751 684 2946 737 Μάννα
2980 682 3038 736 δέ
3075 683 3210 756 παρ’
3259 683 3484 738 ἐκείνων
3519 685 3743 754 κληθὲν,

2162 778 2239 841 ὡς
2264 775 2616 849 ἀπορούντων
2652 775 2706 828 τί
2753 775 2820 829 ἂν
2862 775 2947 845 είη
2989 773 3141 829 αὐτό.
3195 774 3269 828 Τὸ
3319 775 3430 846 γὰρ
3471 775 3599 829 Μάν
3649 778 3745 830 καὶ

2163 870 2509 941 ἐπερώτησιν
2564 867 2737 938 δηλοῖ,
2795 867 2938 921 κατά
2989 866 3087 938 τὴν
3157 867 3390 920 ἐκείνων
3435 867 3739 922 διάλεκτον.

2164 963 2322 1018 Οὕτω
2349 963 2444 1018 καὶ
2481 961 2658 1016 ταῦτα
2707 959 2994 1031 Ἰώσηπος.
3057 959 3407 1013 Ἐνετέταλτο
3455 959 3513 1012 δέ
3567 959 3743 1015 ἅσσά·-

2165 1073 2312 1129 ρωνα
2349 1056 2413 1108 ἐκ
2441 1053 2636 1106 τούτου
2685 1053 2916 1106 ἕκαστον
2976 1051 3258 1119 συλλέγειν
3291 1049 3352 1120 (ὁ
3381 1051 3438 1103 δὲ
3485 1052 3743 1124 ἀσσάρων

2166 1145 2367 1215 μέτρον
2394 1143 2586 1212 ἐστὶν)·
2609 1144 2658 1196 εί
2677 1143 2734 1195 δέ
2763 1159 2848 1206 τις
2877 1141 3040 1196 πλέον
3074 1141 3380 1209 συνέλεξεν,
3401 1144 3482 1205 είς
3504 1142 3602 1212 τὴν
3638 1143 3737 1197 αὕη

2167 1256 2280 1308 ριον
2309 1237 2542 1308 ἀϐροτον
2596 1231 2690 1308 ἦν,
2743 1234 2851 1288 ὑπό
2892 1251 2952 1287 τε
3012 1235 3322 1305 σκωλήκων
3383 1235 3478 1288 καὶ
3514 1235 3742 1306 πικρίας

2163 1328 2603 1399 διεφθαρμένων.
2653 1327 2830 1380 Τοῦτο
2880 1327 2937 1381 δὲ
2989 1326 3335 1399 ᾠκονόμητο,
3393 1329 3480 1382 ἵνα
3523 1329 3598 1399 μὴ
3632 1328 3743 1380 τῶν

486 1421 640 1475 timis
675 1419 841 1475 etiam
884 1421 939 1474 in
986 1420 1248 1474 auxilium
1294 1419 1556 1483 evocatis,
1579 1426 1770 1473 contra
1804 1417 2062 1472 Hebraeos

479 1511 810 1580 procedunt.
859 1511 1036 1566 Moses
1070 1510 1347 1565 bellicosis
1388 1525 1419 1564 a
1450 1509 1658 1580 reliqua
1691 1508 1849 1564 turba
1877 1524 2060 1578 segre-

480 1601 642 1672 gatis,
699 1611 755 1656 et
801 1601 932 1657 Jesu
987 1602 1152 1657 Navis
1202 1602 1316 1656 tilio
1363 1601 1503 1656 duce
1545 1610 1753 1666 creato,
1806 1615 1870 1655 ac
1903 1609 2058 1669 parte

2163 1608 2361 1674 ἐτεσιν,
2389 1609 2474 1678 ἐφ’
2512 1609 2637 1662 ὅσον
2671 1603 2816 1680 ἦσαν
2863 1610 2922 1661 ἐν
2957 1611 3022 1680 τῇ
3067 1609 3282 1680 ἐρήμῳ.
3331 1607 3497 1672 Αὖθις
3539 1607 3631 1660 οὖν
3661 1608 3743 1670 είς

479 1695 759 1749 exercitus
790 1694 860 1750 ad
883 1710 1151 1763 aquarum
1174 1694 1481 1750 custodiam
1515 1693 1622 1765 37
1668 1694 1885 1758 relicta,
1946 1695 2058 1762 ipse

2163 1703 2392 1774 ἄνυδρον
2415 1698 2582 1770 ἦλθον
2621 1702 2812 1767 τόπον,
2846 1702 3191 1771 καλούμενον
3231 1702 3505 1770 Ῥαφιδὶν,
3535 1702 3633 1754 καὶ
3665 1701 3745 1754 δι-

480 1794 723 1840 montem
749 1785 1070 1841 conscendit
1101 1805 1112 1839 :
1155 1786 1398 1856 Jesuque
1440 1786 1684 1849 mandat,
1715 1796 1775 1840 ut
1812 1785 1924 1840 Deo
1957 1784 2058 1838 fre-

2164 1794 2345 1862 ψῶτες
2372 1794 2513 1847 κατά
2568 1794 2850 1857 Μωῡσέως
2913 1793 3224 1863 κεκίνηντο.
3266 1795 3324 1846 ’0
3370 1792 3428 1846 δὲ
3475 1792 3572 1846 τοῦ
3607 1793 3745 1846 Θεοῦ

480 1885 591 1941 tus,
645 1886 837 1932 contra
893 1878 1080 1933 hostes
1127 1852 1328 1933 educat
1379 1880 1585 1948 copias.
1630 1880 1895 1937 Conserta
1946 1883 2058 1952 jam

2166 1852 2400 1952 δεηθείς,
2426 1883 2709 1938 κελεύεται
2756 1852 2937 1955 ῥάδδῳ
2986 1852 3104 1953 τὴν.
3129 1885 3338 1954 πέτραν
3383 1884 3611 1954 πλῆξαι,
3647 1885 3749 1937 καὶ

480 1983 685 2037 pugna,
713 1967 896 2037 quoad
921 1969 1098 2024 Moses
1125 1984 1320 2024 manus
1340 1985 1558 2026 sursum
1585 1974 1825 2038 tenebat,
1851 1975 2058 2030 Hebraei

2169 1975 2418 2045 πλήττει,
2467 1969 2534 2045 ἦς
2589 1974 2790 2026 αὐτίκα
2841 1973 2986 2044 ὕδωρ
3017 1973 3322 2043 ἐξεόλύσθη
3370 1974 3506 2027 πολύ
3557 1993 3616 2027 τε
3649 1975 3749 2028 καὶ

479 2058 848 2114 Amalecbitas
922 2059 1061 2113 male
1128 2061 1492 2116 tractabant:
1536 2078 1661 2117 cum
1739 2065 2058 2132 remisisset,

2165 2067 2578 2134 διαυγέστατον.
2607 2067 2668 2118 Ut
2691 2065 3134 2135 δέἈμαληκίται
3159 2065 3301 2119 κατά
3330 2066 3439 2118 τῶν
3475 2065 3748 2136 Ἐϐραίων

479 2151 806 2205 extensione
871 2150 962 2204 illa
1016 2149 1295 2222 fatigatus,
1373 2152 1538 2207 iidem
1597 2156 2058 2210 succumbebant.

2166 2156 2431 2227 ἐχώρουν,
2461 2157 2588 2216 τοὺς
2621 2156 2943 2224 περιοίκους
2989 2157 3319 2227 συμμάχους
3363 2157 3747 2229 προσκαλεσά-

481 2245 674 2312 Itaque
725 2243 927 2298 Aaroni
982 2243 1164 2309 fratri,
1217 2255 1274 2300 et
1325 2244 1420 2301 Ori
1473 2247 1818 2302 Mariammes
1866 2251 2058 2305 marito

2170 2265 2339 2318 μενοι.
2374 2250 2613 2318 Μωῦσῆς
2642 2247 2699 2301 δὲ
2728 2247 2786 2301 τὸ
2841 2249 3085 2319 μάχιμον
3126 2249 3220 2303 τοῦ
3257 2248 3389 2304 λαοῦ
3418 2250 3527 2305 τῶν
3566 2248 3748 2305 ἄλλων

485 2333 732 2398 mandat,
780 2345 841 2389 ut
872 2334 1129 2404 utrinque
1155 2343 1396 2392 astantes
1435 2353 1628 2393 manus
1650 2339 1752 2393 sibi
1781 2340 2058 2396 fulcirent.

2167 2337 2490 2406 ἀποδιελὼν,
2520 2340 2615 2392 καὶ
2639 2339 2852 2410 Ἰησοῦν
2872 2340 2963 2393 τὸν
2993 2340 3089 2394 τοῦ
3140 2342 3297 2412 Ναυῆ
3336 2343 3634 2409 ἐπιστήσας
3654 2344 3750 2396 αύο

482 2423 574 2477 8ξο
635 2423 847 2480 Ηειιτειεὶ
905 2426 1163 2493 victores,
1239 2427 1608 2485 Amalecbitas
1680 2431 2058 2487 internecione

2167 2434 2301 2498 τοῖς,
2331 2431 2500 2503 μέρος
2522 2431 2579 2486 δέ
2607 2450 2659 2485 τι
2678 2433 2778 2502 τῆς
2796 2434 3057 2503 στρατιᾶς
3081 2433 3401 2488 καταλιπὼν
3430 2436 3512 2498 είς
3527 2435 3622 2504 τὴν
3643 2436 3744 2488 τοῦ

479 2518 834 2588 delevissent,
873 2520 981 2576 nisi
1024 2537 1133 2576 nox
1175 2523 1425 2593 praelium
1459 2523 1790 2586 diremisset,
1831 2526 1987 2582 nullo
2029 2542 2058 2582 e

2167 2525 2360 2588 ὕδατος
2392 2526 2663 2596 φυλακὴν,
2685 2526 2850 2589 αὐτὸς
2881 2526 2980 2596 μὲν
3017 2527 3284 2599 ἀνεχώρει
3318 2529 3455 2600 πρὸς
3487 2528 3547 2581 τὸ
3567 2528 3690 2600 ὅρος
3717 2547 3734 2562 ο

478 2611 595 2666 suis
623 2626 787 2667 casso.
2166 2619 2347 2690 Ἰησοῦ
2381 2619 2424 2673 δ’
2457 2620 2767 2674 ἐνετέλλετο
2798 2622 3122 2676 πεποιθέναι
3161 2623 3304 2693 Θεῷ,
3347 2624 3444 2676 xa't
3481 2624 3542 2676 τὸ
3565 2622 3738 2692 στρά-

477 2721 659 2774 τευμα
698 2707 840 2759 κατὰ
868 2705 980 2758 τῶν
1019 2705 1282 2761 ἐναντίων
1316 2707 1558 2776 ἐξάγειν.
1630 2709 1770 2781 Ἤδη
1827 2705 1923 2765 οὖν
1988 2713 2017 2764 δ
2059 2711 2299 2782 πόλεμος
2368 2713 2807 2784 συνερρήγνυτο·
2864 2713 2961 2768 καὶ
3013 2715 3173 2786 μέχρι
3224 2715 3323 2786 μὲν
3361 2716 3602 2786 Μωῦσῆς
3638 2716 3748 2779 τὰς

481 2795 675 2862 χεῖρας
705 2789 849 2864 εἶχεν
889 2795 1049 2864 ὑψοῦ,
1107 2797 1232 2861 τοὺς
1271 2799 1650 2870 Ἀμαληκίτας
1698 2803 1748 2854 οἱ
1803 2801 2052 2872 Ἑϐραῖοι
2091 2803 2280 2866 κακῶς
2338 2802 2657 2857 διετίθεντο.
2745 2805 2970 2869 Ὁσάκις
3023 2807 3081 2860 δέ
3125 2807 3223 2870 τὰς
3265 2809 3454 2877 χεῖρας
3497 2805 3742 2862 καθίειό

478 2885 743 2972 λίωῦσῆς,
776 2889 844 2957 τῇ
879 2887 1148 2942 ἀνατάσει
1218 2890 1428 2946 τούτων
1497 2893 1862 2965 πονούμενος,
1924 2895 2380 2966 καταπονηθῖψαι
2427 2896 2555 2960 τοὺς
2616 2896 2908 2968 Ἐϐραίους
2956 2898 3290 2955 συνὲὄαινεν.
3359 2901 3739 2972 Ἑκατέρωθεν

476 2971 571 3026 οὖν
617 2977 712 3028 τὸν
750 2977 986 3046 ἀδελφὸν
1025 2978 1262 3050 Ἀαρὼν,
1307 2980 1404 3035 καὶ
1446 2981 1568 3053 Ὠρ,
1603 2985 1693 3036 τὸν
1725 2983 1898 3053 ἄνδρα
1951 2986 2048 3054 τῆς
2090 2985 2331 3055 ἀδελφῆς
2362 2987 2620 3056 Μαριὰμ,
2680 2987 2887 3056 στήσας
2917 2990 3136 3059 ἀνέχειν
3206 2990 3306 3054 τάς
3334 2995 3525 3064 χεῖρας
3567 2971 3742 3048 αύτοῦ

2163 1419 2499 1490 ἐρρωμένων
2535 1418 2672 1473 πολὺ
2712 1419 3082 1486 συναγόντων,
3129 1420 3390 1494 ἐπιλείπῃ
3428 1422 3538 1484 τοῖς
3581 1419 3743 1474 dces.

2162 1509 2302 1564 νέσι.
2328 1511 2407 1581 Τῇ
2442 1509 2499 1563 δέ
2533 1512 2709 1582 τροφῇ
2763 1511 2938 1582 ταύτῃ
2985 1512 3398 1582 τεσσαράκοντα
3437 1513 3744 1583 ἐχρήσαντο

478 3067 782 3123 ἐνετείλατο
832 3069 928 3124 καὶ
978 3072 1122 3124 οὕτω
1166 3074 1293 3135 τοὺς
1361 3074 1731 3144 Ἀμαληκίτας
1774 3075 2036 3139 νικῶντες
2087 3075 2354 3141 Ἐΰραῖοι,
2417 3079 2626 3144 πάντας
2661 3078 2973 3147 ἀπώλεσαν,
3018 3082 3084 3136 ἀν
3135 3084 3184 3135 εί
3228 3084 3303 3155 μὴ
3349 3084 3448 3150 νὺξ
3505 3087 3744 3161 ἐπέσχεν

477 3161 679 3224 αὐτοὺς
718 3160 989 3234 Ἐϐραίων
1021 3164 1078 3217 δέ
1109 3163 1372 3234 τέθνηκεν
1401 3165 1524 3218 οὐδὲ
1561 3160 1664 3232 εἷς.

555 3256 669 3311 XV.
740 3257 815 3310 Et
850 3273 917 3312 eo
957 3259 1080 3314 loco
1111 3263 1422 3332 progressi,
1473 3265 1734 3319 trimestri
1787 3276 1908 3334 post
1939 3267 2055 3322 exi-

2233 3261 2331 3319 lE'.
2372 3261 2616 3316 Ἐκεῖθεν
2649 3262 2901 3334 ἀπῄεσαν
2931 3264 3014 3324 είς
3049 3264 3108 3315 τὸ
3147 3262 3356 3332 πρόσω,
3398 3267 3492 3319 καὶ
3531 3268 3590 3321 ἐν
3621 3285 3743 3338 τρι-

483 3361 596 3404 tum
649 3365 715 3404 ex
769 3349 1002 3422 {Egypto
1029 3353 1249 3421 spatio,
1285 3355 1352 3408 ad
1387 3354 1517 3410 Sina
1564 3366 1805 3412 montem
1862 3375 2056 3428 perve-
2101 3387 2114 3394 -

484 3445 662 3497 niunt.
696 3445 772 3498 lbi
809 3444 986 3498 Moses
1013 3460 1128 3498 rem
1167 3445 1408 3500 divinam
1433 3450 1599 3503 facit:
1641 3463 1712 3504 ,οι
1743 3467 1772 3504 a
1813 3451 2056 3521 Raguele

481 3550 674 3588 socero
695 3534 880 3588 aditur
901 3574 917 3599 ,
948 3535 1040 3604 qui
1071 3550 1196 3589 eum
1219 3552 1482 3606 generum
1523 3540 1757 3610 negotiis
1793 3540 2056 3594 obrutum

477 3626 714 3687 videret.
751 3626 1010 3681 omnibus
1048 3641 1175 3680 eum
1221 3627 1571 3695 adeuntibus,
1592 3634 1804 3698 suadet,
1840 3634 2058 3703 utjuris

478 3719 703 3773 dicundi
768 3719 1102 3789 provinciam
1147 3720 1266 3774 aliis
1312 3723 1566 3777 mandet:
1620 3726 1736 3795 ipse
1785 3732 2053 3801 majorum

481 3827 663 3866 rerum
709 3827 842 3866 cura
880 3821 1172 3882 suscepta,
1219 3815 1381 3869 saluti
1436 3820 1623 3889 pepuli
1663 3825 1953 3890 consulat,
2001 3835 2057 3880 et

482 3908 766 3978 pra'feetos
807 3909 1090 3980 designet,
1127 3910 1220 3981 qui
1245 3911 1429 3966 decies
1454 3913 1725 3980 millenis,
1752 3916 1845 3985 qui
1881 3917 2058 3973 mille-

480 4000 589 4063 nis,
620 3999 714 4068 qui
753 4001 1065 4071 quingenis,
1103 4002 1373 4066 centenis,
1409 4003 1849 4074 quinquagenis,
1886 4007 2053 4062 trice-

480 4091 566 4144 nis
632 4091 784 4156 item,
807 4092 1014 4146 vicenis
1036 4131 1050 4157 ,
1080 4102 1134 4147 et
1167 4092 1328 4148 denis
1355 4094 1598 4162 praesint.
1644 4095 1904 4167 Raguelis
1937 4114 2056 4152 mo-

479 4167 612 4239 nitis
665 4193 820 4254 paret
867 4185 1080 4252 Moses;
1134 4187 1396 4256 populum
1453 4203 1627 4258 prope
1696 4187 1828 4244 Sina
1874 4200 2055 4246 castra

477 4279 662 4333 locare
687 4277 865 4348 jubet,
901 4278 1018 4349 ipse
1047 4289 1288 4334 montem
1322 4279 1594 4335 ascendit.
1629 4279 1876 4351 Populus
1897 4283 2061 4350 jnssa-

479 4371 807 4440 exsequitur
830 4410 845 4435 ,
881 4385 1006 4425 cum
1034 4371 1157 4426 aliis
1197 4372 1366 4426 rebus
1400 4371 1722 4437 immundis,
1757 4388 1884 4428 cum
1920 4388 2053 4428 eon-

480 4480 671 4535 gressu
697 4465 996 4519 mulierum
1032 4465 1274 4520 triduum
1303 4466 1607 4522 abstinens.
1638 4467 1736 4521 Die
1762 4468 1927 4524 tertio
1959 4485 2060 4523 nu-

2164 3359 2316 3423 μήνῳ
2351 3357 2488 3423 μετά
2519 3353 2618 3416 τὴν
2676 3354 2734 3416 ἐξ
2780 3354 3062 3420 Αἰγύπτου
3121 3355 3420 3420 ἐξέλευσιν,
3483 3358 3742 3428 παρῆσαν

2149 3432 2252 3496 girl.
2279 3450 2338 3498 τὸ
2364 3445 2488 3514 ὅρος
2514 3445 2666 3496 Σινὶ.
2706 3446 2815 3497 Καὶ
2851 3445 3013 3498 ἔθυσε
3054 3447 3301 3518 Μωῦσῆς
3325 3449 3443 3500 ἐκεῖ
3485 3449 3562 3520 τῷ
3591 3450 3736 3520 Θεῷ,

2156 3538 2292 3588 ὅπου
2350 3539 2445 3588 καὶ
2505 3536 2779 3606 Ῥαγουὴλ
2815 3539 2843 3588 ὁ
2886 3537 3151 3607 πενθερὸς
3193 3538 3357 3590 αὑτοῦ
3422 3543 3740 3611 ἀπήντησεν

2157 3627 2328 3696 αὐτῷ.
2363 3629 2715 3695 Θεασάμενος
2755 3628 2812 3680 δὲ
2859 3627 2952 3680 τὸν
3001 3629 3250 3701 γαμϐρὸν
3296 3632 3354 3684 ἐν
3423 3631 3565 3703 ὄχλῳ
3597 3651 3744 3702 πρα-

2157 3722 2382 3790 γμάτων
2438 3720 2589 3784 ὄντα,
2630 3722 2848 3774 πάντων
2881 3721 2966 3772 ἐπ’
2998 3722 3162 3775 αὐτὸν
3210 3722 3563 3793 βαδιζόντων,
3614 3745 3742 3780 συν-

2158 3812 2411 3866 εόούλευε
2444 3813 2544 3882 τὴν
2574 3814 2674 3883 μὲν
2703 3814 2811 3867 τῶν
2838 3813 3006 3867 δικῶν
3040 3813 3268 3885 ζήτησιν
3290 3816 3499 3888 ἐτέροις
3528 3819 3742 3889 ἐπιτρέ-

2159 3921 2304 3961 πειν.
2329 3903 2573 3955 αὑτὸνδὲ
2609 3903 2718 3956 τῶν
2749 3903 3022 3973 μειζόνων
3063 3908 3316 3972 προνοεῖν
3358 3910 3738 3979 πραγμάτων,

2158 3998 2253 4049 καὶ
2279 3995 2378 4064 τῆς
2405 3995 2500 4048 τοῦ
2536 3994 2668 4047 λαοῦ
2701 3995 2982 4064 σωτηρίας
3004 4012 3019 4028 ο
3053 3997 3150 4049 καὶ
3193 3998 3338 4051 κατά
3378 4001 3609 4071 μυρίους
3637 4002 3737 4072 ἀρ.

2159 4102 2354 4157 χοντας
2390 4083 2791 4151 ἀποδεικνύειν,
2842 4081 2966 4138 εἶτα
3000 4087 3145 4140 κατὰ
3185 4086 3417 4157 χιλίους,
3459 4091 3554 4143 καὶ
3597 4093 3737 4144 κατὰ

2159 4180 2555 4243 πεντακοσίους
2582 4179 2806 4249 ἐτέρους
2841 4182 3092 4251 ἐφιστᾷν,
3119 4181 3216 4235 καὶ
3242 4183 3338 4236 ἐπὶ
3359 4183 3574 4248 τούτοις
3608 4186 3740 4238 ἐκα-

2157 4275 2492 4344 τοντάρχους
2553 4273 2651 4326 καὶ
2717 4275 3233 4344 πεντηκοντάρχους
3291 4278 3490 4342 ποιεῖν,
3537 4280 3630 4331 καὶ
3679 4280 3738 4331 ἐν

2157 4365 2477 4434 τριάκοντα,
2511 4369 2604 4420 καὶ
2627 4368 2824 4432 εἴκοσι,
2855 4366 2949 4419 καὶ
2977 4364 3112 4418 δέκα
3147 4367 3376 4437 ἐφιστᾷν
3415 4369 3541 4431 τοὺς
3562 4369 3738 4422 διακοα

2161 4459 2495 4528 σμήσοντας.
2523 4460 2712 4513 Ταῦτα
2757 4459 2852 4512 τοῦ
2894 4457 3163 4527 Ῥαγουὴλ
3207 4457 3732 4527 συμϐουλεύσαντος,
3793 4504 3795 4506 .

476 4559 576 4614 bes
605 4559 958 4614 Hebraeorum
994 4567 1171 4613 castra
1211 4558 1551 4624 circumdat,
1588 4574 1713 4614 cum
1748 4561 2058 4632 fulguribus

2164 4549 2408 4618 Μωῦσῆς
2443 4551 2586 4604 κατά
2642 4550 2742 4622 τὴν
2776 4551 2990 4604 ἐκείνου
3056 4548 3344 4619 ὑποθήκην
3385 4553 3551 4606 ποιεῖ’.
3604 4547 3737 4606 Εἶτα
3789 4539 3796 4544 ’

478 4649 854 4713 terribilibus,
885 4657 939 4703 et
969 4651 1175 4718 impetu
1201 4659 1529 4705 ventorum:
1584 4651 1789 4720 quibus
1836 4653 2053 4710 Hebraei

477 4739 799 4810 perterriti,
833 4739 974 4792 intra
1003 4741 1356 4794 tabernacula
1397 4755 1458 4796 se
1492 4744 1798 4797 continent.
1847 4744 2053 4801 Deinde

477 4829 656 4884 Moses
691 4829 974 4898 procedit,
1013 4828 1213 4882 fiducia
1249 4830 1445 4899 plenus
1467 4869 1484 4896 ,
1513 4845 1726 4902 suoque
1751 4844 2048 4902 conspectu

479 4920 839 4989 popularibus
883 4931 1089 4975 metum
1131 4920 1374 4976 adimit:
1423 4937 1546 4993 quae
1589 4925 1866 4980 mandarit
1908 4927 2054 4983 Deus

477 5013 728 5082 exponit,
758 5022 814 5068 et
843 5029 964 5083 qua:
985 5013 1069 5068 eis
1092 5013 1342 5070 instituta
1367 5017 1477 5070 sint
1504 5018 1770 5073 tenenda:
1799 5019 2058 5089 producit

474 5105 742 5174 populum
800 5119 927 5158 cum
978 5104 1242 5159 uxoribus
1275 5115 1332 5162 et
1369 5107 1562 5162 liberis
1607 5109 1676 5164 ad
1716 5110 2052 5167 audiendum

480 5195 676 5249 Deum.
717 5195 968 5250 Audiunt
1012 5195 1092 5250 illi
1127 5210 1318 5251 vocem
1349 5214 1417 5252 ex
1450 5199 1560 5252 alto
1587 5199 1904 5257 demissam.
1960 5202 2055 5257 Ille

476 5303 671 5342 rursus
729 5297 974 5344 montem
1022 5289 1388 5344 conscendit:
1429 5291 1484 5343 in
1527 5307 1637 5360 quo
1675 5309 1800 5348 cum
1846 5294 2055 5350 diutius

478 5389 811 5445 moraretur,
836 5381 1074 5451 populus
1101 5379 1168 5434 ad
1189 5381 1463 5435 Aaronem
1499 5383 1816 5444 continens:
1845 5384 2047 5451 Facito,

478 5466 677 5536 inquit,
710 5468 854 5522 nobis
881 5469 1002 5523 deos
1022 5483 1041 5524 :
1065 5484 1193 5522 nam
1216 5469 1342 5538 quid
1375 5467 1512 5522 Mosi
1541 5472 1814 5536 acciderit,
1836 5473 2057 5543 ignora-

487 5573 624 5609 mus.
670 5555 851 5611 Aaron
871 5558 926 5612 vi
965 5557 1262 5622 subactus,
1309 5575 1507 5614 aureas
1534 5559 1786 5626 inaures,
1817 5573 2058 5618 etmun-

486 5647 617 5701 dum
650 5647 973 5703 muliebrem
1005 5665 1240 5704 uxorum
1267 5660 1324 5705 et
1361 5651 1594 5705 filiarum
1622 5668 1718 5706 eos
1747 5652 1949 5708 afferre
1971 5656 2062 5725 ju-

488 5740 604 5796 bet.
627 5738 877 5795 Aﬂerunt
899 5742 1016 5807 illa,
1046 5752 1102 5797 et
1124 5743 1358 5797 vitulum
1386 5759 1616 5798 aureum
1647 5743 1773 5798 inde
1794 5745 2059 5811 conﬂant,

2167 4640 2394 4708 πλησίον
2435 4642 2861 4712 μετασκηνῶσαι
2890 4642 2987 4695 τοῦ
3015 4641 3180 4712 ὅρους
3213 4641 3345 4694 Σινᾶ
3376 4643 3455 4714 τῷ
3495 4644 3608 4714 λαῷ
3650 4647 3737 4696 ὲν-

2163 4731 2504 4802 τειλάμενος,
2557 4735 2721 4798 αὐτὸς
2783 4733 2866 4796 είς
2899 4733 2960 4786 τὸ
2989 4733 3116 4802 ὅρος
3165 4735 3356 4805 ἀνῄει·
3404 4735 3497 4789 καὶ
3543 4737 3568 4790 ὁ
3613 4736 3739 4800 λαὸς

2166 4825 2604 4895 μετεσκήνωσεν,
2641 4823 2888 4892 ἁγνεύων
2921 4827 3024 4896 τήν
3066 4841 3126 4878 τε
3159 4825 3328 4894 ἀλλην
3357 4825 3607 4895 ἁγνείαν,
3638 4826 3737 4879 καὶ

2162 4915 2270 4968 ἀπὸ
2298 4915 2559 4983 γυναικὸς
2586 4914 2879 4977 συνουσίας
2907 4915 3104 4986 τρίτην
3122 4917 3366 4988 ἡμέραν.
3399 4917 3562 4971 Κατὰ
3586 4917 3644 4969 δέ
3673 4934 3738 4985 γε

2153 5007 2254 5076 τὴν
2299 5007 2492 5078 τρίτην
2535 5006 2706 5061 ἔωθεν
2790 5007 2991 5079 νεφέλη
3063 5008 3431 5080 περιεκύκλου
3487 5009 3550 5062 τὸ
3629 5011 3739 5063 τῶν

2171 5103 2443 5173 Ἐϐραίων
2475 5103 2866 5173 στρατόπεδον,
2889 5104 3183 5177 ἀστραπαί
3205 5123 3264 5158 τε
3293 5102 3436 5176 ἦσαν
3481 5107 3738 5176 φοϐεραὶ,

2159 5197 2257 5249 καὶ
2286 5197 2620 5266 πνευμάτων
2654 5197 2980 5270 σφοδρότης,
3017 5198 3053 5252 ἃ.
3087 5195 3216 5263 τοὺς
3257 5200 3547 5270 Ἐϐραίους
3601 5201 3740 5254 ἐδεί-

2166 5303 2323 5356 μαινε
2350 5287 2473 5349 ταῖς
2505 5289 2737 5357 σκηναῖς
2775 5289 3208 5357 προσμένοντας.
3257 5290 3641 5360 Ἐπιφαίνεται
3682 5290 3739 5343 δὲ

2159 5377 2188 5429 ὁ
2215 5378 2455 5446 Μωῦσῆς
2487 5377 2742 5446 ἔμπλεως
2770 5379 3029 5450 θάρσους,
3061 5381 3158 5434 καὶ
3209 5381 3398 5450 ὀφθεὶς
3457 5381 3738 5436 ἀπαλλάτο

2160 5485 2240 5522 τει
2269 5467 2364 5521 τοῦ
2406 5469 2561 5530 δέους
2593 5469 2816 5533 αὐτοὺς,
2845 5470 2940 5523 καὶ
2998 5471 3198 5541 μηνύει
3250 5473 3434 5543 σφίσιν
3475 5473 3512 5527 ἃ
3539 5475 3566 5526 ὁ
3604 5472 3738 5538 Θεὸς

2159 5560 2485 5625 ἐνετείλατο,
2523 5561 2616 5614 καὶ
2669 5561 2769 5614 ὅσα
2817 5561 3114 5630 φυλάξουσι
3156 5565 3389 5634 νόμιμα,
3432 5565 3528 5617 καὶ
3568 5581 3738 5634 προσ-

2161 5650 2287 5718 άγει
2310 5652 2400 5705 τὸν
2429 5653 2556 5707 λαὸν
2587 5653 2705 5722 ἅμα
2729 5653 2945 5720 γυναιξὶ
2971 5655 3064 5706 καὶ
3089 5654 3326 5720 τέκνοις,
3349 5655 3424 5719 ὡς
3446 5655 3738 5708 ἀκούσαιεν

2161 5745 2253 5797 τοῦ
2299 5745 2457 5798 Θεοῦ.
2529 5747 2640 5798 Καὶ
2685 5747 2885 5815 ἢκουον
2943 5748 3128 5817 φωνῆς
3176 5749 3373 5818 ὑᾲόθεν
3421 5749 3736 5816 γινομένης.

491 5831 656 5903 eique
690 5833 996 5891 immolant.
1039 5836 1216 5892 Moses
1257 5835 1326 5892 de
1373 5845 1560 5892 monte
1601 5836 1978 5905 descendens,
2008 5847 2058 5894 et

2165 5836 2277 5892 Εἶτ’
2332 5838 2487 5902 αὖθις
2521 5839 2730 5893 ἄνεισιν
2789 5841 2867 5903 εἰς
2923 5840 2983 5894 τὸ
3011 5841 3175 5911 δροςσ
3235 5842 3329 5894 καὶ
3368 5843 3740 5912 χρονήσαντος
