4098 6400
429 386 504 453 93
1704 401 2107 465 ANNAI‘JUM
2150 407 2296 468 LIB;
2352 411 2400 470 r.
3623 425 3698 484 Μ

431 505 571 569 ἐκεῖ,
601 507 629 559 ό
651 505 781 570 λαὸς
811 504 1074 577 ἡθροίσθη
1099 507 1236 578 πρὸς
1275 507 1725 580 Ἀαρὼυ,λέγων⁶
1757 515 2020 581 Ποίησον

2130 517 2267 573 duas
2310 519 2610 575 testimonii
2649 519 2860 577 tabulas
2897 524 3151 581 manibus
3183 526 3396 593 ferens,
3428 530 3702 601 lapideas,

431 597 581 665 ἡμῖν
609 597 806 664 θεοὺς,
844 602 878 653 ό
920 601 1030 668 γὰρ
1055 599 1318 670 Μωῢσῆς
1348 603 1460 656 οὐκ
1489 602 1739 672 οἴδαμεν
1771 606 1826 658 τί
1853 607 2014 676 γέγο-

431 705 560 742 νεν.
633 688 848 759 Ἀαρὼν
896 691 951 743 δὲ
1009 690 1356 760 βιαζόμενος,
1406 697 1800 764 προσενεγκεῖν
1869 697 2018 767 αὐτῷ

432 783 699 846 ἐπέταξεν
736 783 969 836 ἕκαστον
990 785 1056 836 τὰ
1099 783 1295 838 ἐνώτια
1323 785 1392 839 τὰ
1412 787 1616 854 χρυσᾶ,
1649 789 1743 842 καὶ
1793 788 1886 842 τὸν
1926 789 2016 842 κό-

437 890 580 941 σμον
606 874 666 925 ὃν
694 873 752 926 αἰ
782 875 1061 940 γυναῖκες,
1097 875 1192 927 καὶ
1217 875 1274 927 αί
1307 876 1606 946 θυγατέρες
1634 875 1819 932 αὐτῶν
1857 895 2019 950 περι-

431 965 664 1018 έκειντο.
704 965 768 1018 Οἰ
798 965 854 1018 δὲ
905 968 1281 1038 προσήγαγον,
1319 968 1414 1022 καὶ
1470 970 1530 1033 ἐξ
1577 969 1759 1024 αὐτῶν
1817 970 2019 1042 μόσχον

432 1057 704 1125 ἐποίησαν
734 1057 1023 1127 χωνευτὸν,
1070 1058 1163 1111 καὶ
1213 1058 1416 1112 ἔθυσαν
1464 1060 1635 1131 αύτῷ.
1683 1061 1930 1131 Μωῢσῆς
1961 1062 2019 1115 δὲ

433 1149 783 1203 καταϐαίνων
817 1149 927 1203 άπὸ
955 1149 1051 1203 τοῦ
1073 1151 1257 1222 ὅρους,
1290 1151 1389 1206 καὶ
1423 1153 1521 1215 τὰς
1554 1151 1650 1207 δύο
1678 1152 1893 1217 πλάκας
1922 1153 2016 1207 τοῦ

433 1239 747 1309 μαρτυρίου
779 1239 838 1292 ἐν
869 1241 993 1302 ταῖς
1022 1241 1184 1311 χερσὶ
1232 1240 1439 1312 φέρων,
1475 1240 1721 1306 λιθίνους
1779 1260 2018 1308 καταγε-

427 1331 766 1400 γραμμένας
806 1333 894 1384 ἐπ’
928 1332 1259 1405 ἀμφοτέρων
1286 1334 1397 1387 τῶν
1449 1336 1654 1405 μερῶν,
1699 1335 1775 1398 ὡς
1805 1336 2018 1406 ῆγγησε

425 1423 498 1490 τῇ
534 1420 882 1492 παρεμϐολῇ,
917 1423 1022 1492 ὁρᾷ
1067 1422 1160 1475 τὸν
1185 1423 1410 1494 μόσχον,
1459 1423 1558 1478 καὶ
1609 1424 1890 1494 ὀργισθεὶς
1918 1424 2019 1488 τὰς

428 1511 650 1575 πλάκας
680 1513 991 1583 συνέτριψε,
1013 1513 1316 1585 ⁹καὶλαϐὼν
1335 1514 1428 1568 τὸν
1455 1514 1657 1585 μόσχον
1682 1515 2015 1582 κατέκαυσε,

429 1605 529 1657 καὶ
559 1604 846 1671 ὲλέπτυνε,
884 1605 978 1658 καὶ
1015 1605 1197 1675 βαλὼν
1224 1607 1305 1670 εἰς
1324 1607 1468 1678 ὕδωρ
1492 1607 1714 1660 ὲπότισε
1747 1607 1838 1659 τὸν
1862 1605 2013 1660 λαόν.

429 1696 546 1749 Καὶ
576 1696 885 1750 ἐνετείλατο
913 1700 1030 1761 τοῖς
1059 1698 1198 1761 υἱοῖς
1235 1696 1398 1764 Λευῒ,
1428 1699 1524 1750 καὶ
1551 1697 1770 1770 διῆλθον
1796 1697 1885 1750 διὰ
1913 1697 2017 1767 τῆς

425 1787 811 1859 παρεμϐολῆς,
849 1787 947 1841 καί⁵
975 1787 1312 1841 ἀπέκτειναν
1354 1789 1608 1851 πολλοὺς,
1643 1787 1718 1851 ὡς
1748 1789 1826 1850 είς
1858 1805 2016 1859 τρισ-

2128 611 2390 682 utrinque
2421 613 2694 684 scriptas:
2721 623 2784 669 ut
2815 616 3012 672 castris
3041 620 3511 689 apprOpinquans,
3557 627 3702 680 vitu—

2120 702 2234 756 lum
2295 703 2481 770 videt,
2553 705 2726 760 iratus
2799 705 3014 761 tabulas
3068 707 3405 779 confringit,
3464 713 3698 767 vitulum

2123 790 2520 846 comminutum
2554 793 2867 859 comburit,
2909 795 3073 851 scobe
3120 797 3177 851 in
3219 812 3415 868 aquam
3447 802 3702 873 conjecta-

2121 890 2274 950 potat
2300 882 2410 953 38
2441 885 2726 954 p0pulum.
2769 885 2977 942 Levitis
3012 889 3265 952 mandat,
3299 899 3360 944 ut
3390 905 3489 959 per
3512 901 3696 948 castra
3740 873 3750 941 ’ὶ

2121 984 2474 1043 grassentur:
2499 991 2530 1030 a
2558 977 2759 1045 quibus
2791 977 2966 1033 tribus
3000 979 3223 1035 circiter
3244 981 3490 1036 millibus
3520 983 3703 1036 homi-

2121 1079 2253 1118 num
2300 1067 2502 1121 occisis
2526 1107 2541 1128 ,
2569 1067 2624 1121 in
2661 1079 2904 1122 montem
2950 1071 3293 1138 revertitur,
3333 1072 3562 1130 dicens:
3600 1074 3704 1127 Do-

2122 1156 2282 1221 mine,
2302 1157 2525 1228 pOpulus
2546 1161 2796 1230 peccavit,
2815 1161 2954 1230 quod
2971 1169 3244 1232 peccatum
3257 1163 3302 1216 si
3317 1164 3390 1217 eis
3407 1166 3696 1230 condonas,

2120 1246 2248 1300 bene
2293 1256 2403 1302 est:
2446 1251 2530 1304 sin
2571 1251 2780 1316 minus,
2820 1267 2901 1304 me
2937 1268 3140 1322 quoque
3166 1269 3193 1307 e
3223 1253 3356 1308 libro
3385 1265 3473 1310 tuo
3505 1257 3698 1314 deleto.

2119 1335 2286 1392 lubet
2314 1340 2465 1396 Deus
2503 1341 2708 1396 Mosem
2738 1341 3076 1398 descendere
3100 1385 3115 1410 ,
3141 1359 3205 1399 ae
3246 1346 3510 1415 populum
3536 1347 3589 1402 in
3615 1347 3702 1401 lo-

2120 1440 2247 1481 cum
2283 1427 2634 1499 designatum
2657 1432 2994 1499 perducere:
3018 1432 3180 1502 eique
3201 1445 3556 1504 conspectum
3581 1438 3702 1504 eius

2124 1519 2370 1589 petenti,
2409 1520 2718 1588 posteriora
2753 1537 2852 1577 sua
2903 1523 3292 1592 conspicienda
3337 1526 3565 1595 praebet.
3611 1526 3702 1584 Sic

2119 1625 2313 1664 rursus
2341 1611 2407 1665 ad
2444 1612 2705 1682 populum
2740 1613 2830 1667 ille
2868 1613 3180 1680 descendit,
3214 1615 3356 1670 duas
3378 1617 3597 1673 tabulas
3623 1618 3706 1673 af-

2118 1701 2304 1757 ferens
2327 1745 2340 1768 ,
2373 1703 2577 1771 quibus
2597 1703 2788 1760 decem
2818 1705 2898 1759 illi
2923 1721 3207 1761 sermones
3232 1707 3484 1777 inscripti
3516 1719 3696 1764 erant.

2119 1791 2391 1848 Caeterum
2418 1793 2586 1850 facies
2613 1796 2732 1866 ejus
2765 1799 2834 1850 ita
2881 1795 3160 1867 fulgebat,
3223 1807 3282 1853 ut
3306 1815 3426 1854 eam
3461 1801 3707 1870 pepulus

425 1879 640 1949 χιλῖους
695 1880 823 1942 τοὺς
875 1878 1150 1943 πεσόντας
1197 1879 1597 1951 ἀριθμηθῆναι.
1659 1878 2008 1948 Ὑπέστρεψε

2125 1885 2321 1940 intueri
2351 1887 2647 1966 nequiret:
2681 1903 2858 1958 eaque
2892 1889 2961 1944 de
2990 1905 3153 1945 causa
3181 1891 3328 1945 velat
3356 1907 3498 1957 eam,
3531 1902 3704 1963 atque

425 1971 484 2024 δὲ
513 1972 754 2042 Μωῦτῆς
790 1971 928 2042 πρὸς
958 1972 1019 2024 τὸ
1041 1972 1188 2042 ὅρος,
1218 1971 1398 2040 λέγων
1418 1988 1431 2001 ·
1453 1972 1649 2039 Κύριε,
1676 1969 2021 2039 ἡμάρτηκεν

428 2068 463 2119 ό
489 2065 646 2130 λαός
688 2080 830 2129 σου,
875 2063 976 2118 καί
1019 2069 1137 2118 νῦν
1181 2065 1234 2118 εἰ
1271 2064 1388 2133 μὲν
1416 2064 1604 2132 ἀφίης
1654 2062 1863 2128 αὐτοῖς
1905 2061 2022 2129 τὴν

425 2157 753 2223 ἁμαρτίαν,
783 2156 973 2224 ἄφες·
1011 2158 1064 2209 εἰ
1108 2155 1176 2208 δὲ
1215 2153 1326 2225 μὴ,
1371 2154 1527 2224 κάμὲ
1566 2154 1901 2223 ἐξάλειψον
1948 2153 2016 2207 ἐκ

426 2245 788 2313 τῆςβίϐλου
819 2261 961 2299 σου.
994 2247 1103 2298 Καὶ
1153 2239 1310 2298 εἶπεν
1339 2244 1491 2313 αύτῷ
1539 2244 1746 2314 Κύριος
1772 2259 1785 2271 ·
1829 2242 2018 2296 Κατά-

427 2336 583 2406 ϐηθι,
620 2337 892 2407 όδήγησον
921 2336 1014 2390 τὸν
1056 2335 1185 2388 λαὸν
1213 2335 1405 2389 τοῦτον
1442 2337 1523 2398 εἰς
1579 2336 1672 2388 τὸν
1723 2335 1909 2395 τόπον,
1958 2333 2018 2386 ὸν

429 2425 586 2482 εἶπόν
615 2445 719 2483 σοι.
753 2431 862 2482 Καὶ
905 2429 1195 2497 ἐνεφάνισε
1235 2428 1444 2498 Κύριος
1496 2426 1576 2498 τῷ
1615 2427 1824 2498 Μωῦσῇ
1854 2428 2014 2498 αἰτή-

429 2539 594 2575 σαντι
625 2523 755 2576 ἰδεῖν
785 2522 974 2587 αὐτὸν,
1019 2522 1088 2574 τὰ
1140 2521 1369 2575 ὀπίσθια
1413 2519 1604 2576 αὐτοῦ.
1651 2521 1761 2573 Καὶ
1808 2519 2015 2591 κατέϐη

429 2615 572 2683 πρὸς
614 2614 708 2668 τὸν
757 2615 889 2668 λαὸν
935 2613 1117 2679 αὖθις,
1173 2614 1270 2667 δύο
1318 2614 1539 2676 πλάκας
1591 2613 2013 2684 ἐπιφερόμενος,

427 2706 562 2768 τοὺς
607 2705 739 2758 δέκα
775 2703 971 2774 λόγους
1030 2705 1456 2775 γεγραμμένους
1509 2701 1768 2774 ἐχούσαςο
1829 2705 1924 2758 καὶ
1980 2705 2014 2776 ή

428 2796 555 2866 ὄψις
585 2795 681 2849 τοῦ
706 2796 1003 2864 προσώπου
1026 2795 1194 2849 αὐτοῦ
1235 2796 1452 2866 ὑπῆρχε
1483 2795 1875 2868 δεδοξασμένῃ.
1917 2798 2015 2851 καὶ

426 2890 532 2940 οὐκ
565 2888 794 2956 ἠδύνατο
821 2886 1071 2941 ἀτενίσαι
1124 2887 1278 2956 αύτῷ
1336 2889 1363 2940 ό
1391 2886 1542 2952 λαὸς,
1584 2888 1681 2940 καὶ
1724 2887 2016 2959 περιέθετο

429 2980 702 3050 κάλυμμα
735 2979 868 3049 περὶ
925 2977 1025 3048 τὴν
1063 2976 1188 3047 ὸψιν
1228 2976 1419 3042 αὐτοῦ,
1478 2979 1575 3029 καὶ
1604 2975 1784 3039 οὕτως
1817 2976 2013 3047 ὡμίλει

429 3074 640 3134 αὐτοῖς.
673 3072 782 3124 Καὶ
813 3071 1156 3142 ἀπήγγειλεν
1187 3069 1373 3131 αὐτοῖς
1403 3067 1440 3122 ἃ
1479 3069 1792 3122 ἐνετείλατο
1829 3071 1856 3122 ό
1877 3068 2014 3132 Θεὸς

427 3165 565 3235 περί
597 3181 659 3218 τε
685 3163 890 3217 θυσιῶν
933 3163 1031 3217 καὶ
1078 3161 1416 3234 καθαρσίων,
1447 3161 1540 3215 καὶ
1584 3161 1741 3226 ζώων
1767 3163 2014 3233 ἀκαθάρ-

2125 1976 2200 2030 ita
2225 1992 2350 2031 cum
2380 1978 2448 2033 iis
2481 1979 2836 2050 colloquens,
2873 1982 3129 2037 mandata
3168 1984 3265 2039 Dei
3297 1985 3365 2040 de
3390 1986 3696 2054 sacriﬁciis,

2123 2067 2188 2121 de
2211 2068 2658 2134 lustrationibus,
2696 2071 2764 2126 de
2785 2074 3117 2130 animalibus
3142 2076 3362 2131 mundis
3381 2085 3435 2132 et
3457 2076 3671 2131 immun
3694 2110 3700 2119 -

2121 2157 2228 2223 dis,
2267 2174 2508 2229 quorum
2556 2162 2644 2217 bis
2693 2163 3073 2231 abstinerent,
3118 2167 3228 2222 illis
3275 2168 3587 2232 alerentur,
3628 2169 3697 2223 de

2129 2249 2277 2305 coitu
2304 2251 2518 2313 illicito,
2537 2253 2605 2308 de
2623 2257 2993 2314 matrimoniis
3021 2259 3369 2314 sacerdotum
3392 2270 3448 2316 et
3472 2261 3695 2330 pontiﬁ-

2120 2343 2352 2410 cum,fde
2371 2344 2634 2412 Sabbato,
2649 2347 2717 2402 de
2733 2362 2878 2403 anno
2894 2349 3127 2419 septimo
3145 2361 3202 2406 et
3215 2351 3694 2422 quinquagesimo,

2120 2449 2283 2504 quem
2311 2437 2602 2493 Jubilaeum
2639 2451 2861 2502 vocant.
2887 2445 3133 2512 exponit.
3155 2445 3321 2501 lubet
3345 2462 3512 2516 porro
3542 2448 3690 2501 Deus

2123 2525 2544 2583 tabernaculum
2577 2530 2736 2595 ﬁeri,
2771 2533 2824 2586 in
2851 2535 2997 2602 quod
3037 2535 3418 2599 descenderet.
3441 2539 3708 2609 quodque

2119 2631 2243 2672 cum
2277 2618 2358 2672 eis
2398 2619 2812 2677 discedentibus
2845 2625 3273 2682 transferretur:
3323 2629 3713 2687 dimensiones.

2121 2718 2177 2764 et
2209 2709 2433 2780 ﬁguram
2462 2713 2581 2782 ejus
2614 2714 2747 2770 Mosi
2789 2716 3167 2784 demonstrat,
3208 2721 3511 2776 secundum
3560 2737 3700 2792 quas

2118 2799 2172 2854 id
2209 2799 2590 2858 fabricandum
2615 2817 2782 2861 esset.
2821 2809 3067 2877 Populus
3096 2809 3166 2865 iis
3193 2811 3363 2867 rebus
3394 2813 3572 2880 laetus,
3597 2830 3709 2869 au-

2121 2907 2266 2958 rum,
2293 2905 2603 2967 argentum,
2637 2916 2902 2970 gemmas,
2926 2917 3024 2967 aes,
3050 2903 3216 2973 ligna,
3251 2905 3390 2974 pilos
3415 2907 3704 2976 caprinos,

2118 2981 2294 3048 pelles
2319 2984 2580 3050 arietum,
2608 2986 2781 3040 linum
2810 2997 2867 3042 et
2895 2988 3050 3042 lanas
3069 2990 3305 3046 confert.
3331 2991 3498 3062 Operi
3522 2993 3702 3048 taber-

2120 3073 2300 3128 naculi
2327 3076 2652 3131 conﬁciendi
2684 3079 2981 3148 praeﬁcitur
3011 3080 3277 3151 Beseleel,
3299 3083 3704 3155 Mariasororis

2117 3161 2284 3221 Mosis
2314 3166 2478 3235 ﬁlius,
2503 3177 2559 3224 et
2587 3169 2895 3241 Elipbatus.

425 3278 542 3314 των
569 3277 628 3314 τε
660 3260 753 3314 καὶ
782 3259 1068 3332 καθαρῶν,
1099 3258 1242 3313 ὥστε
1271 3256 1380 3311 τῶν
1406 3257 1506 3328 μὲν
1536 3257 1862 3328 ἀπέχεσθαι,
1894 3260 2009 3320 τοῖς
2044 3257 2101 3310 δὲ
2134 3261 2452 3332 τρέφεσθαι,
2481 3264 2610 3334 περί
2647 3283 2706 3318 τε
2733 3266 2938 3336 μίξεων
2958 3266 3236 3338 ἀθέσμων,
3299 3268 3395 3324 καὶ
3450 3269 3603 3330 τίνας
3633 3271 3684 3321 οἰ

429 3354 601 3425 ἱερεῖς
629 3356 709 3418 εἰς
739 3353 920 3424 γάμον
950 3353 1275 3422 ἀγάγονται,
1317 3352 1415 3404 καὶ
1462 3351 1582 3413 οἵας
1611 3349 1662 3402 οΞ
1691 3351 1990 3420 ἀρχιερεῖς,
2033 3351 2130 3403 καὶ
2191 3354 2320 3424 περὶ
2385 3356 2692 3422 Σαϐϐάτου,
2743 3363 2839 3412 καλ⁵
2877 3359 2970 3413 τοῦ
3001 3362 3231 3432 ἑϐδόμου
3262 3363 3535 3428 ἐνιαυτοῦ,
3589 3364 3688 3415 καὶ

423 3451 525 3501 τοῦ
574 3446 975 3517 πεντηκοστοῦ,
1032 3445 1094 3498 ὃν
1133 3444 1450 3513 Ἰωϐηλαῖον
1501 3441 1749 3496 καλοῦσι.
1790 3443 1899 3495 Καὶ
1929 3444 2012 3495 ὅτι
2052 3442 2366 3510 ἐπέταξενὸ
2404 3447 2538 3512 Θεὸς
2596 3451 2805 3521 σκηνὴν
2844 3452 3122 3520 γενέσθαι,
3149 3455 3230 3516 εἰς
3257 3453 3324 3524 ἢν
3372 3455 3440 3506 ἂν
3507 3471 3690 3523 παρα--

425 3544 659 3612 γίνοιτο,
718 3539 1175 3611 συνεπαγομένην
1218 3539 1404 3600 αὐτοῖς
1454 3538 1882 3606 μεταϐαίνουσιο
1913 3540 2007 3591 καὶ
2073 3541 2250 3611 μέτρα
2315 3543 2414 3611 τῆς
2460 3545 2671 3616 σκηνῆς
2705 3546 2904 3614 ἔδειξεν
2934 3548 3108 3616 αύτῷ,
3181 3551 3277 3604 καὶ
3328 3551 3514 3621 σχῆμα
3565 3551 3697 3604 καθ’

425 3639 456 3691 ὃ
489 3641 560 3692 ἂν
587 3637 1088 3705 κατασκευασθείη.
1125 3637 1184 3690 Ὀ
1208 3636 1264 3690 δὲ
1291 3635 1417 3700 λαὸς
1437 3635 1727 3706 χαίροντες
1757 3635 1850 3688 ἐπὶ
1881 3635 2119 3703 τούτοις,
2179 3641 2464 3709 προσῆγον
2531 3643 2734 3714 χρυσόν
2791 3661 2851 3697 τε
2895 3645 2990 3698 καὶ
3035 3644 3302 3718 ἄργυρον,
3376 3644 3472 3697 καὶ
3509 3643 3702 3704 λίθους

425 3730 670 3801 τιμίους,
701 3731 802 3784 καὶ
834 3731 1058 3802 χαλκὸν,
1098 3730 1193 3784 καὶ
1225 3729 1382 3796 ξύλα,
1407 3728 1506 3781 καὶ
1572 3729 1769 3800 τρίχας
1806 3728 2046 3796 αἰγείοις,
2088 3729 2183 3782 καὶ
2247 3731 2490 3803 δέρματα
2520 3737 2714 3807 κριῶν,
2754 3738 2850 3791 καὶ
2891 3737 3058 3802 λίνον,
3121 3738 3217 3790 καὶ
3256 3736 3401 3807 ἔρια.
3438 3736 3694 3807 Ἀρχιτέ-

426 3843 632 3890 κτονας
665 3825 710 3879 δ’
741 3826 996 3897 ἐφίστησι
1037 3825 1138 3896 τῆς
1171 3824 1403 3896 σκηνῆς,
1436 3823 1528 3877 τδν
1571 3840 1632 3876 τε
1670 3825 1768 3891 τῆς
1800 3823 2040 3893 ἀδελφῆς
2079 3824 2242 3880 αὐτοῦ
2286 3832 2386 3901 τῆς
2445 3830 2682 3904 Μαριὰμ
2712 3835 2829 3886 υίὸν
2857 3833 2949 3886 τὸν
2974 3831 3264 3903 Βεσελεὴλ,
3291 3834 3386 3887 καὶ
3417 3833 3510 3885 τὸν
3559 3833 3702 3885 Ἐλι-

429 3918 600 3988 φάτζ.

504 4014 624 4079 ις’.
652 4012 793 4082 Ἤδη
834 4011 892 4065 δὲ
935 4010 1040 4081 τῆς
1085 4012 1298 4082 σκηνῆς
1357 4010 1761 4081 εἰργασμένης,
1821 4010 2022 4080 ἔστησε

427 4104 643 4174 ταύτην
669 4107 696 4158 ό
729 4106 995 4172 Μωῦσῆς.
1024 4102 1300 4175 Εἴργαστο
1322 4104 1377 4157 δὲ
1410 4105 1504 4157 καὶ
1527 4103 1811 4175 ἡκιϐωτὸς
1837 4104 1902 4158 ἐκ
1928 4103 2023 4170 ξύ-

428 4196 545 4250 λων
578 4196 868 4266 άσήπτων,
892 4195 1279 4264 ἁπανταχόθεν
1304 4196 1530 4266 χρυσίον
1554 4196 2018 4265 περιεκάλυπτον,

429 4284 603 4366 ᾖτὰς
639 4287 734 4341 δύο
789 4288 1004 4350 πλάκας
1053 4289 1325 4352 ἐνέθεντο,
1381 4291 1435 4341 αἰ
1473 4289 1600 4351 τοὺς
1639 4288 1772 4341 δέκα
1827 4289 2027 4358 λόγους

429 4381 588 4454 εἶχον
635 4382 1153 4454 ἐγγεγραμμένους.
1207 4377 1308 4436 Ὧν
1351 4386 1379 4437 ό
1429 4383 1528 4454 μὲν
1583 4384 1824 4455 πρῶτος,
1891 4386 2027 4439 Ἕνα

430 4476 574 4528 Θεὸν
597 4470 738 4528 εἷναί
766 4492 925 4544 φησι,
957 4476 1051 4528 καὶ
1080 4474 1268 4528 τοῦτον
1301 4475 1462 4544 μόνον
1496 4475 1752 4528 σέϐεσθαι
1782 4477 1915 4534 δεῖν.
1965 4477 2024 4529 ὐ

428 4568 694 4638 δεύτερος
761 4567 839 4631 δὲ,
895 4566 1144 4636 Μηδενὸς
1190 4566 1380 4619 εἰκόνα
1425 4565 1566 4631 ζὼου
1635 4568 1833 4632 ποιεῖν,
1890 4568 2026 4638 μηδὲ

430 4661 790 4733 προσκυνεῖν.
824 4659 885 4712 '0
915 4661 1123 4730 τρίτος,
1157 4660 1285 4714 Ἐπὶ
1309 4659 1504 4728 μηδενὶ⁹
1531 4659 1753 4729 ματαίῳ
1776 4659 1870 4714 τὸν
1890 4660 2024 4714 Θεὸν

430 4754 692 4824 ὀμνύναι.
739 4751 798 4805 '0
820 4752 1108 4821 τέταρτος,
1133 4751 1248 4814 Τὰς
1297 4750 1604 4820 ἑϐδομάδας
1640 4753 2020 4826 παρατηρεῖν,

430 4845 894 4914 ἀναπαυομένους
923 4845 982 4909 ἐξ
1014 4843 1179 4916 ἔργου
1231 4843 1456 4906 παντός.
1498 4843 1558 4897 '0
1614 4842 1890 4913 πέμπτος,
1929 4845 2024 4896 Γο-

407 4938 554 5012 1νε¹ίς
589 4938 778 5008 τιμᾷν.
815 4935 875 4989 Ὀ
915 4935 1099 4998 ἕκτος,
1153 4933 1321 4987 Φόνου
1379 4933 1710 5002 ἀπέχεσθαι.
1765 4933 1824 4986 '0
1876 4933 2027 4986 ἕϐδο-

439 5047 565 5102 μος,
594 5031 686 5091 Μὴ
724 5027 1028 5098 μοιχεύειν.
1067 5027 1129 5080 '0
1157 5026 1364 5095 ὄγδοος,
1393 5027 1486 5095 Μὴ
1527 5025 1807 5079 κλέπτειν.
1855 5025 1912 5079 ’0
1942 5027 2027 5078 έν-

435 5138 629 5187 νατος,
679 5121 771 5190 Μὴ
813 5120 1312 5190 ψευδομαρτυρεῖν.
1373 5117 1432 5171 '0
1486 5117 1737 5182 δέκατος,
1776 5117 2026 5186 Μηδενὲς

2202 4015 2340 4070 XVI.
2361 4013 2801 4068 Tabernaculum
2826 4014 2936 4084 jam
2969 4013 3280 4068 confectum
3311 4011 3489 4068 Moses
3515 4013 3701 4085 erigit.

2128 4107 2328 4162 Arcam
2349 4107 2514 4161 etiam
2561 4105 2848 4160 fabrefecit
2872 4121 2902 4159 e
2928 4104 3092 4175 lignis
3110 4120 3220 4159 non
3241 4107 3705 4174 putrescentibus,

2129 4199 2489 4256 circumcirca
2520 4197 2773 4251 inaurat:
2809 4196 2863 4250 in
2887 4211 3064 4265 eaque
3087 4195 3225 4249 duas
3249 4195 3481 4259 tabulas,
3507 4197 3707 4264 quibus

2129 4291 2426 4360 decalogus
2458 4287 2850 4344 continebatur
2874 4327 2889 4350 ,
2925 4287 3134 4342 condit.
3165 4279 3342 4341 Unum
3378 4301 3500 4341 esse
3534 4289 3706 4342 Deum

2127 4379 2396 4445 affirmat,
2439 4392 2678 4447 eumque
2707 4377 2882 4431 solum
2916 4375 3228 4430 colendum.
3263 4376 3537 4438 Alterum.
3570 4377 3708 4432 Nul-

2126 4473 2235 4526 lius
2264 4471 2560 4526 animantis
2595 4469 2887 4540 imaginem
2929 4468 3232 4523 faciendam
3265 4477 3322 4522 et
3356 4468 3524 4523 adora
3539 4470 3708 4525 ndam

2128 4577 2270 4618 esse.
2305 4562 2582 4624 Tertium,
2610 4561 2716 4614 Per
2742 4560 2839 4614 Dei
2868 4574 3070 4614 nomen
3105 4560 3174 4613 ob
3203 4559 3409 4614 nullam
3439 4575 3553 4616 rem
3588 4560 3706 4615 ina-

2128 4669 2255 4710 nem
2304 4669 2427 4710 esse
2472 4652 2797 4724 iurandum.
2845 4650 3112 4718 Quartum
3142 4691 3156 4715 ,
3216 4651 3368 4705 Dicm
3415 4654 3709 4721 septimum

2128 4745 2559 4808 observandum,
2609 4753 2776 4814 atque
2815 4744 2871 4798 in
2894 4743 2989 4798 illo
3031 4743 3182 4798 omni
3211 4758 3378 4812 opere
3429 4743 3716 4800 abstinen-

2128 4837 2282 4892 dum.
2312 4836 2602 4902 Quintum,
2627 4835 2891 4890 Parentes
2914 4833 3289 4890 honorandos.
3327 4833 3576 4898 Sextum,
3604 4834 3718 4890 Ca2-

2129 4935 2198 4985 de
2238 4927 2648 4982 abstinendum.
2704 4925 3010 4996 Septimum
3038 4965 3054 4991 ,
3101 4926 3221 4980 Non
3268 4925 3712 4980 adulterandum.

2127 5020 2392 5076 Octavum
2418 5060 2432 5081 ,
2465 5018 2585 5073 Non
2616 5017 2934 5073 furandum.
2976 5017 3227 5080 Nonum,
3260 5016 3381 5070 Non
3413 5014 3711 5069 dicendum
3763 5056 3769 5062 .

2127 5128 2248 5168 esse
2275 5112 2468 5167 falsum
2511 5112 2914 5165 testimonium.
2943 5109 3260 5171 Decimum,
3295 5106 3439 5160 Nihil
3479 5105 3716 5160 alienum

437 5213 730 5283 ἀλλοτρίου
787 5210 1104 5280 ἐπιθυμεῖν.
1183 5209 1410 5278 Ταύτην
1465 5205 1562 5261 οὖν
1628 5208 1726 5278 τὴν
1789 5207 2020 5262 κιϐωτὸν

2130 5202 2630 5274 concupiscendum
2664 5217 2806 5256 esse.
2844 5204 3036 5255 Arcam
3087 5199 3228 5252 hanc
3255 5198 3309 5251 in
3347 5197 3507 5267 adyta
3553 5196 3722 5249 colle-

443 5278 769 5372 εἰσάγουσιν
811 5304 894 5366 εἰς
959 5278 1022 5354 τὸ
1070 5300 1282 5354 ἄδυτον.
1327 5300 1417 5353 Ἐν
1471 5299 1530 5352 δὲ
1554 5298 1632 5369 τῷ
1677 5299 1790 5370 ναῷ
1816 5300 2020 5354 τιθέασι

2138 5305 2286 5360 eant,
2326 5296 2377 5349 in
2417 5293 2533 5348 aede
2573 5308 2818 5348 mensam
2853 5298 3123 5354 statuunt,
3157 5297 3212 5344 et
3243 5289 3294 5341 in
3324 5303 3385 5341 ea
3421 5301 3588 5355 panes
3613 5301 3720 5339 non

442 5396 753 5470 τράπεζαν,
793 5396 890 5448 καὶ
924 5395 1019 5446 ἐπὶ
1056 5392 1263 5463 ταύτης
1292 5393 1495 5462 ἄρτους
1523 5390 1770 5462 ἀζύμους
1793 5390 2028 5459 δώδεκα,

445 5491 548 5542 καὶ
587 5487 812 5558 λυχνίαν
834 5485 1066 5556 χρυσῆν,
1090 5485 1184 5536 καὶ
1217 5485 1581 5554 θυμιατήριον
1612 5483 1823 5550 ξύλινον
1853 5484 2028 5550 ἐντὸς,

446 5581 654 5646 ἔξωθεν
679 5578 736 5633 δὲ
769 5577 982 5649 χρυσίῳ
1008 5575 1583 5647 περικεκαλυμμένον.
1622 5575 1735 5629 Καὶ
1776 5576 1884 5646 πρὸ
1933 5578 2032 5646 τῆς

446 5670 662 5741 σκηνῆς
704 5669 890 5739 βωμὸν
951 5665 1208 5738 ἱδρύσατο
1263 5666 1496 5731 ξύλινον,
1560 5667 1793 5737 χαλκαῖς
1846 5667 2033 5720 λεπίσι

446 5760 938 5834 περιεληλαμένον,
987 5751 1051 5812 οὗ
1085 5757 1344 5829 ἄντικρυς
1397 5757 1587 5826 φιάλαι
1642 5757 1736 5812 καὶ
1757 5757 2035 5829 κρατῆρες

449 5859 552 5914 σὺν
610 5856 860 5920 θυῖσκοις
904 5852 1170 5919 ἐτίθεντο,
1229 5853 1322 5907 καὶ
1368 5852 1503 5908 ἄλλα
1559 5850 1753 5923 σκεύη,
1803 5849 1840 5904 ἃ
1889 5849 2029 5921 πρὸς

2139 5389 2496 5443 fermentatos
2529 5384 2820 5439 duodecim
2849 5401 2862 5436 :
2893 5383 3002 5452 39
3029 5379 3422 5436 candelabrum
3462 5380 3589 5431 item
3621 5393 3718 5431 au-

2133 5495 2324 5544 reum,
2370 5487 2426 5533 et
2469 5492 2620 5532 aram
2681 5474 3003 5529 suﬂitoriam
3051 5471 3388 5526 intrinsecus
3443 5470 3719 5539 ligneam,

2136 5573 2269 5627 foris
2311 5585 2446 5626 auro
2494 5569 2876 5622 incrustatam.
2928 5567 3067 5620 Ante
3104 5562 3519 5620 tabernaculum
3567 5576 3718 5614 aram

2135 5646 2320 5734 posuit
2381 5661 2616 5730 ligneam
2642 5650 2672 5722 ,’
2711 5657 2931 5712 laminis
3009 5656 3209 5709 ferreis
3274 5654 3723 5716 circumtectam,

2140 5759 2199 5812 in
2233 5769 2340 5825 qua
2368 5752 2565 5823 phialae
2592 5759 2648 5805 et
2673 5760 2917 5804 crateres
2956 5763 3081 5804 cum
3128 5745 3335 5802 acerris
3381 5744 3721 5800 collocaban-

2140 5857 2231 5903 tur
2257 5862 2270 5900 :
2301 5845 2516 5914 aliaque
2548 5856 2674 5898 vasa
2694 5884 2708 5907 ,
2739 5856 2859 5906 qua:
2892 5841 2959 5895 ad
2991 5839 3258 5896 sacriﬁcia
3330 5845 3518 5892 parata
3543 5842 3718 5892 erant.
