4098 6404
337 424 409 487 9‘5
1597 417 1928 482 JOANNIS

2001 416 2285 480 ONARIE
3547 408 3619 471 96

337 550 405 590 ex
429 546 567 588 auro
595 529 799 586 omnia.
825 529 1101 586 Parantur
1131 536 1190 585 et
1217 528 1602 586 sacerdotibus
1636 544 1702 586 ac
1738 528 1926 601 ponti-

2006 526 2355 601 ηίερουργίαν
2404 523 2729 598 ἡτοίμαστο,
2774 522 2987 595 χρύσεα
3025 521 3226 578 πάντα.
3267 521 3521 580 Γίνονται
3562 524 3624 580 δὲ

338 627 426 683 fici
447 627 614 681 etiam
637 624 812 680 stolae.
843 622 1169 679 Pontiﬁcem
1205 632 1392 678 autem
1414 621 1689 678 Aaronem
1713 637 1925 678 renun-

2028 619 2122 673 καὶ
2151 620 2264 682 τοῖς
2285 616 2489 691 ίερεῦσι
2509 616 2720 685 στολαὶ,
2747 615 2887 671 ἀλλὰ
2919 615 3106 686 μέντοι
3124 615 3219 670 καὶ
3242 613 3321 688 τῷ
3345 617 3621 688 ἀρχιερεῖ.

338 722 505 776 tiarat
534 720 703 775 Deus.
743 719 883 774 Tum
918 719 1098 773 Moses
1131 718 1335 788 populo
1365 725 1669 773 convocato
1704 733 1718 772 :
1768 715 1882 770 Viri
1908 756 1924 783 ,

2040 712 2333 785 ’Δρχιερέα
2360 711 2418 767 δὲ
2443 713 2471 766 ό
2504 711 2638 777 Θεὸς
2699 711 2792 765 τὸν
2848 708 3065 782 Ἀαρὼν
3110 709 3441 782 ἑψηφίσατο.
3489 711 3626 763 Συν-

338 811 541 883 inquit,
568 828 697 883 Opus
729 809 1031 866 absolutum
1074 817 1180 875 est,
1219 808 1564 877 sacriﬁcandi
1613 816 1791 864 autem
1832 810 1929 863 ho-

2029 806 2290 876 αθροίσας
2320 804 2378 860 δὲ
2419 806 2479 860 τὸ
2510 805 2715 876 πλῆθος
2738 806 2767 859 ό
2797 806 3065 875 Μωῦσῆς,
3095 805 3363 874 Ἄνδρες,
3391 805 3521 877 ἔφη,
3552 806 3618 860 τὸ

341 920 471 960 nare
514 907 784 959 Aaronem
812 902 1069 974 dignatur
1101 902 1261 957 Deus.
1290 902 1497 957 Deinde
1525 901 1781 958 conferre
1810 902 1926 956 sin-

2024 900 2143 972 μὲν
2164 902 2344 972 ἔργον
2374 903 2744 965 τετέλεσται,
2771 900 2882 970 τῆς
2908 900 2977 954 δὲ
3000 900 3110 956 τοῦ
3140 899 3409 969 ἱερᾶσθαι
3447 899 3625 968 τιμῆς

349 998 508 1067 gulos
534 996 693 1068 jubet
727 995 858 1051 Sicli
890 995 1211 1061 semissem,
1251 994 1319 1050 ad
1354 996 1694 1051 tabernaculi
1757 995 1929 1051 mini-

2029 998 2064 1050 δ
2088 993 2231 1062 Θεὸς
2259 995 2370 1052 τὸν
2405 994 2624 1063 Ἀαρὼν
2670 992 2850 1060 ἀξιοῖ.
2886 993 3207 1065 Προσέταξε
3260 994 3317 1047 δὲ
3352 995 3620 1063 Μωῦσῆς,

342 1088 513 1147 steria
539 1086 922 1143 sustentanda.
942 1087 1040 1142 Est
1067 1096 1253 1141 autem
1290 1085 1499 1152 Siclus,
1535 1087 1792 1142 Hebraici
1821 1103 1928 1143 nu-

2030 1091 2305 1161 είσφέρειν
2325 1090 2559 1145 ἕκαστον
2587 1089 2783 1144 Σίκλου
2816 1092 2875 1143 τὸ
2896 1090 3096 1161 ἥμισυ,
3132 1089 3199 1144 ἶν’
3225 1090 3305 1153 είς
3333 1092 3434 1153 τὰς
3495 1091 3627 1161 περὶ

344 1179 618 1235 mismatis
659 1193 835 1249 genus
862 1219 879 1245 ,
918 1178 1067 1249 quod
1107 1186 1344 1249 quatuor
1391 1179 1681 1234 dracbmas
1720 1179 1929 1237 Atticas

2030 1182 2129 1254 τὴν
2182 1182 2389 1256 σκηνὴν
2437 1182 2631 1255 χρείας
2696 1181 2783 1254 εἴη
2838 1182 3128 1253 ἀνάλωμα.
3196 1180 3258 1235 '0
3315 1180 3373 1235 δὲ
3430 1181 3626 1246 Σίκλος

342 1271 513 1329 valet.
549 1271 829 1328 Numerus
858 1286 1051 1326 eorum
1089 1270 1186 1341 qui
1219 1269 1580 1326 conferebant
1610 1313 1623 1337 ,
1656 1271 1760 1326 fuit
1799 1287 1925 1327 sex-

2040 1277 2314 1349 Ἑϐραίων
2345 1277 2462 1331 ἐστι
2517 1275 2783 1346 νόμισμα,
2831 1274 3093 1340 Ἀττικὰς
3147 1273 3440 1345 δεχόμενον
3492 1273 3626 1343 δρα-

344 1372 667 1430 centorum,
720 1364 968 1435 quinque
1033 1362 1309 1428 millium,
1370 1363 1800 1433 quingentorum
1873 1371 1931 1419 et

2031 1370 2180 1443 χμὰς
2211 1371 2510 1440 τέσσαρας.
2548 1368 2621 1423 Τὸ
2656 1369 2714 1423 δὲ
2752 1368 2962 1439 πλῆθος
2990 1368 3102 1423 τῶν
3134 1368 3507 1441 εἰσφερόντων
3557 1363 3628 1437 ἦν

344 1457 783 1527 quinquaginta:
816 1471 944 1511 cum
968 1470 1036 1512 ex
1061 1455 1314 1527 ingenuis
1346 1456 1383 1511 ii
1417 1456 1684 1511 duntaxat
1706 1454 1929 1512 confer-

2034 1460 2298 1534 μυριάδες
2334 1461 2603 1533 ἐξήκοντα
2649 1463 2745 1514 καὶ
2784 1460 3220 1532 πεντακισχίλιοι
3274 1460 3627 1514 πεντακόσιοι

342 1556 492 1613 rent,
528 1548 623 1618 qui
657 1548 981 1604 vicesimum
1009 1562 1213 1602 annum
1245 1548 1635 1614 excessissent,
1660 1563 1835 1620 usque
1860 1552 1927 1603 ad

2031 1556 2392 1626 πεντήκοντα.
2433 1554 2547 1626 Τὴν
2578 1552 2625 1607 δ’
2656 1554 2920 1624 είσφορὰν
2958 1549 3247 1607 ἐποιοῦντο
3271 1552 3383 1605 τῶν
3413 1551 3630 1605 ἐλευθέ-

345 1639 891 1711 quinquagesimum.
979 1638 1307 1696 Confectum
1360 1649 1447 1697 est
1507 1640 1927 1697 tabernaculum
2034 1668 2141 1722 ρων
2170 1650 2220 1703 οι
2248 1649 2337 1703 τὸν
2360 1648 2607 1702 εἰκοστὸν
2639 1647 2985 1718 ὑπερϐάντες
3025 1647 3295 1711 ἐνιαυτὸν,
3342 1647 3630 1717 ἀχριπεν-

345 1732 634 1789 mensibus
666 1743 900 1804 septem.
952 1732 1210 1791 Ostendit
1253 1741 1439 1789 autem
1479 1733 1626 1789 Deus
1654 1733 1928 1790 descensu

2030 1743 2322 1815 τηκοστοῦ.
2370 1742 2637 1813 Ἐποιήθη
2665 1741 2724 1795 δὲ
2753 1744 2787 1813 ἡ
2819 1740 2997 1812 σκηνὴ
3025 1741 3193 1811 μησὶν
3218 1739 3381 1795 ἑπτά.
3414 1737 3629 1804 Ἔδειεε

348 1824 407 1881 in
434 1824 853 1881 tabernaculum
879 1840 982 1882 suo
1002 1867 1019 1894 ,
1056 1825 1110 1881 id
1137 1840 1281 1896 opus
1310 1841 1377 1880 ex
1400 1824 1567 1881 animi
1595 1825 1680 1880 sui
1706 1832 1929 1881 senten-

2035 1836 2095 1891 δὲ
2120 1839 2149 1890 ό
2176 1835 2308 1899 Θεὸς
2339 1836 2483 1889 κατὰ
2508 1832 2740 1905 γνώμην
2769 1833 2937 1888 αὐτοῦ
2986 1833 3047 1887 τὸ
3093 1832 3255 1905 ἔργον
3308 1830 3630 1903 γενόμενον,

347 1918 425 1975 tia
450 1909 765 1977 confectum
792 1935 938 1977 esse.
984 1919 1341 1977 Prmsentiam
1400 1935 1570 1991 porro
1632 1934 1787 1975 suam
1858 1919 1934 1975 ita

2040 1888 2418 2003 παρουσιασας
2442 1888 2608 1999 ἐν’τῇ
2631 1888 2834 1999 σκηνῇ.
2890 1926 3050 1981 Οὕτω
3080 1888 3138 1980 δέ
3165 1888 3266 1998 τὴν
3321 1888 3634 1997 ἰπαρουσίαν

348 2006 672 2066 declaravit.
736 2008 916 2081 Vapor
966 2011 1067 2065 soli
1124 2010 1485 2065 tabernaculo
1543 2010 1932 2076 incumbebat,

2040 2023 2331 2093 ἐδήλωσεν.
2380 2021 2573 2092 Ἀχλὺς
2604 2021 2747 2092 ὑπὲρ
2777 2020 2878 2091 τὴν
2921 2018 3129 2091 σκηνὴν
3166 2019 3338 2089 μόνην
3386 2016 3633 2085 ἐγένετο,

349 2114 533 2170 neque
588 2100 795 2155 densus
866 2110 924 2157 et
993 2101 1304 2164 involutus,
1369 2116 1434 2156 ac
1493 2101 1733 2156 nubibus
1780 2101 1932 2155 simio

2039 2115 2167 2170 οὔτε
2205 2116 2401 2187 βαθεία
2429 2117 2526 2169 καὶ
2557 2112 3053 2187 συμπεπιλημένη,
3072 2113 3169 2167 καὶ
3191 2107 3413 2179 νέφεσιν
3467 2112 3641 2180 ἐμφε-

349 2191 442 2261 lis,
484 2207 666 2268 neque
725 2194 954 2252 om:an
1008 2195 1193 2249 tenuis
1219 2203 1277 2250 et
1310 2208 1503 2260 rarus,
1536 2206 1598 2249 ut
1619 2202 1939 2264 penetraret

2042 2209 2163 2281 ρὴς,
2192 2209 2316 2263 οὔτε
2350 2209 2493 2263 πάνυ
2519 2210 2690 2277 λεπτή
2743 2225 2803 2262 τε
2836 2207 2933 2261 καὶ
2960 2205 3157 2276 ἀραιὰ,
3210 2203 3289 2268 ὡς
3345 2202 3416 2257 δι’
3456 2203 3632 2272 αὐτῆς

349 2292 506 2347 visus
524 2331 539 2357 ,
570 2291 667 2346 sed
697 2290 885 2346 suavis
909 2287 1037 2345 inde
1062 2302 1153 2345 ros
1176 2287 1509 2343 destillabat.
1537 2288 1716 2343 Moses
1741 2288 1939 2344 diebus

2041 2302 2365 2356 διικνεῖσθαι
2401 2300 2503 2371 τὴν
2537 2301 2731 2372 ὅρασιν
2758 2315 2774 2331 ·
2814 2299 2972 2371 ἡδεῖα
3002 2297 3058 2352 δὲ
3100 2296 3198 2351 ἀπ’
3247 2293 3421 2365 αὐτῆς
3479 2293 3634 2365 ἔῤῥει

352 2392 565 2454 septem
597 2384 649 2437 in
685 2383 1042 2439 tabernaculo
1071 2383 1176 2437 sub
1207 2380 1301 2437 dio
1338 2379 1635 2435 sacriﬁcat.
1682 2378 1891 2433 Octavo
1924 2421 1938 2446 ,

2042 2396 2254 2467 δρόσος.
2289 2395 2533 2464 Μωῦσῆς
2560 2395 2615 2448 δὲ
2650 2394 2842 2447 ἔθυσεν
2877 2394 2935 2445 ὲν
2964 2390 3045 2462 τῷ
3069 2390 3172 2461 τῆς
3201 2391 3410 2461 σκηνῆς
3439 2387 3637 2457 αἰθρίῳ

351 2473 553 2530 festum
589 2473 788 2529 indicit
821 2473 1026 2543 populo
1048 2512 1063 2536 ,
1096 2483 1153 2527 et
1184 2472 1360 2527 sacris
1396 2472 1614 2541 operari
1646 2469 1829 2543 jubet.
1871 2470 1943 2525 At

2146 2490 2163 2557 )
2193 2488 2278 2558 ἐφ’
2312 2462 2525 2558 ἡμέρας
2562 2486 2727 2551 ἑπτὰ,
2758 2488 2823 2558 τῇ
2859 2484 2918 2538 δὲ
2970 2484 3140 2556 ὀγδόῃ
3174 2481 3369 2553 ἑορτὴν
3402 2480 3641 2551 ἐκήρυξε
3750 2462 3764 2471 ’

353 2488 553 2530 leStum
589 2488 788 2529 tnmcu
821 2488 1026 2543 populo
1048 2512 1063 2536 ,
1096 2488 1153 2527 et
1184 2488 1360 2527 sacris
1396 2488 1614 2541 operart
1646 2488 1829 2543 lubet.
1871 2488 1943 2525 At

353 2564 436 2621 illi
474 2575 689 2621 certare
746 2566 892 2620 inter
949 2579 1072 2619 sese
1114 2564 1472 2620 liberalitate.
1524 2562 1776 2618 Victimis
1826 2563 1939 2633 jam

2047 2488 2163 2558 (59)
2193 2488 2278 2558 ἐφ’
2312 2488 2525 2558 ἡμέρας
2562 2488 2727 2551 ἑπτὰ,
2758 2488 2918 2642 ibi
2970 2488 3140 2556 ὀγδόῃ
3174 2488 3369 2553 ἑορτὴν
3402 2488 3641 2551 ἐκήρυξε

2044 2581 2123 2652 τῷ
2161 2580 2299 2651 λαῷ,
2330 2583 2427 2634 καὶ
2454 2579 2606 2633 θύειν
2636 2577 2812 2633 ὲπέτα
2848 2595 2927 2635 εν.
2959 2577 3024 2632 Οί
3060 2576 3119 2630 δὲ
3162 2574 3417 2646 ἀλλήλοις
3475 2571 3642 2643 ἡμιλ-

353 2673 463 2713 ara:
499 2658 772 2728 impositis
794 2701 806 2720 ,
840 2657 983 2728 ignis
1020 2666 1220 2726 sponte
1252 2673 1352 2712 sua
1380 2665 1563 2720 ortus,
1598 2656 1786 2710 omnia
1822 2671 1945 2726 quae

2045 2673 2238 2727 λῶντο.
2284 2672 2688 2740 Ἑπικειμένων
2733 2670 2791 2723 δὲ
2825 2667 2935 2722 τῶν
2971 2667 3137 2738 ίερῶν
3190 2665 3269 2736 τῷ
3306 2664 3499 2737 βωμῷ,
3526 2662 3639 2736 πῦρ

354 2750 413 2805 in
446 2749 540 2806 illa
569 2760 753 2816 erant,
787 2748 1089 2805 consumit.
1123 2749 1275 2812 Post,
1306 2757 1546 2818 quatuor
1576 2748 1814 2803 ﬁliorum
1840 2749 1947 2802 Aa-

2048 2761 2271 2832 ἀνήφθη
2293 2761 2624 2830 αὐτόματον,
2650 2759 2744 2812 καλ⁸
2770 2760 2951 2812 πάντα
2978 2758 3048 2809 τὰ
3076 2757 3172 2809 ἐπὶ
3192 2754 3288 2809 τοῦ
3309 2752 3498 2825 βωμοῦ
3525 2752 3638 2808 ὲδα⁸

355 2840 514 2897 ronis
549 2850 682 2896 natu
705 2840 1050 2912 grandiores,
1081 2839 1341 2894 Nadabus
1360 2849 1417 2894 et
1440 2840 1613 2894 Abius
1634 2839 1810 2895 sacris
1838 2854 1945 2893 non

2050 2856 2322 2925 πάνησεν.
2376 2854 2440 2905 Oi
2498 2852 2554 2905 δὲ
2595 2850 2969 2922 πρεσϐύτεροι
3020 2848 3131 2902 τῶν
3181 2848 3467 2918 τεσσάρων
3511 2846 3645 2899 υίῶν

357 2932 465 2988 rite
517 2933 678 2989 iactis
701 2971 717 2995 ,
754 2942 989 3003 pectora
1019 2942 1076 2987 et
1108 2932 1282 2987 facies
1307 2972 1322 2995 ,
1357 2932 1470 3002 igni
1518 2933 1666 2986 ultro
1706 2940 1903 2985 exorto
1928 2969 1945 2997 ,

2064 2944 2300 3016 Ἀαρὼν,
2347 2944 2539 2998 Ναδὲιϐ
2572 2940 2879 2998 καὶἍϐιοὺ
2926 2942 3081 3012 παρὰ
3131 2940 3200 2995 τὰ
3243 2940 3647 3009 διατεταγμένα

359 3022 578 3079 adusti:
631 3023 903 3079 cadavera
950 3038 1145 3079 eorum
1199 3031 1358 3077 extra
1392 3024 1567 3087 elata,
1608 3031 1664 3078 et
1709 3022 1948 3091 sepulta.

2056 3037 2346 3102 θύσαντες,
2374 3035 2801 3108 κατεκαύθησαν
2824 3035 2895 3090 τὰ
2926 3036 3128 3106 στέρνα
3159 3050 3218 3087 τε
3250 3033 3347 3087 καὶ
3376 3032 3445 3086 τὰ
3470 3031 3647 3104 πρόσ-

359 3118 573 3174 Dehinc
605 3118 781 3173 Moses
820 3118 1026 3173 tribum
1082 3116 1380 3171 Leviticam
1421 3117 1490 3170 ab
1523 3117 1646 3171 aliis
1681 3127 1950 3171 secretam

2052 3146 2203 3196 ωπα,
2244 3128 2416 3200 πυρὸς
2442 3126 2774 3195 ὲξαφθέντος
2803 3126 3144 3196 αὐτομάτου,
3192 3125 3289 3179 καὶ
3345 3124 3647 3194 φλέξαντος

363 3209 568 3268 lustrat
594 3227 610 3266 :
642 3210 833 3280 eisque
870 3209 1289 3264 tabernaculum
1325 3221 1382 3262 et
1413 3224 1567 3264 sacra
1594 3225 1724 3264 vasa
1760 3209 1947 3277 tradit,
1977 3250 1981 3279 ε

2056 3216 2259 3279 αὐτούς
2288 3234 2302 3249 °
2338 3210 2413 3271 ὧν
2445 3217 2515 3269 τὰ
2549 3215 2785 3285 σώματα
2821 3213 2927 3280 ἔξω
2955 3216 3057 3285 τῆς
3094 3215 3451 3287 παρεμϐολῆς
3485 3231 3652 3285 κομι-

363 3313 427 3359 ιιι
452 3303 842 3360 sacerdotibus
884 3303 953 3358 ad
987 3303 1372 3372 praescriptum
1421 3318 1619 3358 eorum
1666 3302 1952 3359 ministra-

2055 3309 2276 3372 σθέντα,
2308 3308 2610 3381 ἐτάφησαν.
2642 3310 2754 3380 Τὴν
2776 3309 2833 3361 δὲ
2862 3308 3037 3379 φυλὴν
3063 3308 3157 3361 τοῦ
3183 3307 3316 3361 Λευῒ
3339 3308 3448 3362 τῶν
3473 3307 3653 3362 ἄλλων

363 3409 511 3454 rent.
550 3396 649 3452 His
690 3398 935 3468 peractis
961 3437 975 3463 ,
1027 3411 1321 3451 numerare
1354 3398 1620 3468 populum
1658 3397 1947 3453 instituit:

2053 3404 2340 3475 διακρίνας
2377 3404 2595 3474 ἥγνισε,
2630 3404 2726 3457 καὶ
2758 3404 3086 3474 παρέδωκεν
3117 3402 3308 3466 αὐτοῖς
3357 3400 3457 3472 τὴν
3517 3417 3654 3472 σκη-

364 3492 689 3562 inventique
736 3500 895 3557 sunt,
943 3491 1037 3561 qui
1071 3505 1224 3545 arma
1250 3490 1394 3546 ferre
1429 3500 1685 3560 possent,
1722 3505 1956 3545 sexcen-

2055 3495 2173 3566 νὴν,
2211 3497 2307 3550 καὶ
2331 3496 2400 3551 τὰ
2436 3497 2609 3567 σκεύη
2642 3497 2710 3549 τὰ
2764 3496 2905 3567 ἱερὰ,
2968 3498 3058 3552 ἵνα
3102 3496 3178 3562 ὡς
3233 3495 3555 3567 ὑφηγῶνται
3602 3496 3653 3549 οἱ

364 3580 471 3635 ties
504 3581 652 3635 mille
673 3620 687 3645 ,
721 3589 803 3635 ter
835 3581 986 3635 mille
1017 3581 1337 3635 sexcentiet
1361 3582 1760 3651 quinquaginta
1783 3597 1852 3636 ex
1878 3582 1946 3637 iis

2058 3590 2248 3659 ἱερεῖς,
2278 3590 2633 3659 ὑπηρετῶσιν
2660 3590 2836 3643 αὐτοί.
2895 3590 3053 3645 Μετὰ
3111 3587 3289 3642 ταῦτα
3342 3587 3655 3659 ἀριθμῆσαι

367 3675 462 3745 qui
500 3691 707 3730 annum
736 3674 1062 3729 vicesimum
1089 3685 1483 3737 excesserant,
1519 3685 1575 3729 et
1604 3676 1953 3745 quinquage-

2054 3681 2252 3749 διέγνω
2289 3682 2380 3735 τὸν
2409 3683 2558 3748 λαὸν,
2598 3687 2694 3736 καὶ
2750 3684 3063 3755 εὑρέθησαν
3106 3686 3217 3737 τὼν
3266 3684 3413 3738 ὅπλα
3465 3682 3655 3754 φέρειν

367 3767 571 3823 simum
602 3769 921 3836 attigerant.
960 3769 1066 3823 Pro
1101 3770 1247 3823 tribu
1280 3779 1464 3823 autem
1522 3769 1762 3829 Levitica
1800 3769 1956 3824 lose-

2054 3774 2375 3843 δυναμένων
2412 3776 2674 3845 μυριάδες
2701 3776 2992 3845 ἑξήκοντα.
3024 3776 3120 3830 καὶ
3148 3775 3465 3846 τρισχίλιοι,
3517 3771 3657 3843 πρὸς

367 3861 464 3930 phi
492 3861 635 3915 ﬁlios
660 3861 1022 3931 Ephraimum
1057 3871 1114 3917 et
1146 3861 1451 3916 Manassem
1483 3861 1721 3916 tribunis
1747 3861 1958 3915 substi-

2058 3863 2370 3928 ἑξακοσίοις
2396 3867 2490 3918 καὶ
2525 3868 2889 3938 πεντήκοντα.
2917 3861 3080 3920 Οὗτοι
3103 3866 3147 3919 δ’
3165 3864 3307 3936 ἦσαν
3328 3867 3376 3919 οί
3402 3866 3493 3919 τὸν
3514 3866 3657 3916 εἰκο-

368 3953 518 4017 tuit,
569 3954 879 4008 secundum
929 3953 1252 4007 mandatum
1312 3954 1683 4024 progenitoris
1738 3953 1955 4009 Jacobi.

2059 3956 2185 4007 στὸν
2212 3956 2557 4026 ὑπερϐάντες
2586 3960 2859 4025 ἐνιαυτὸν,
2882 3961 2979 4013 καὶ
3002 3961 3131 4030 ἄχρι
3158 3962 3253 4013 τοῦ
3282 3954 3657 4029 πεντηκοστοῦ

370 4044 691 4100 Levitarum
742 4061 911 4115 porro
943 4061 1210 4101 numerus
1235 4045 1345 4118 40
1373 4046 1630 4100 iuventus
1664 4053 1751 4099 est
1785 4049 1954 4099 trium

2056 4045 2386 4113 ἔφθακότες.
2405 4046 2552 4102 Ἀντί
2582 4049 2636 4101 δὲ
2661 4049 2759 4120 τῆς
2790 4050 3087 4119 Λευῖτικῆς
3116 4049 3293 4121 φυλῆς
3317 4053 3429 4113 τοῖς
3453 4048 3662 4119 Φυλάρ-

370 4151 429 4198 et
460 4143 653 4213 viginti
681 4144 937 4203 millium.
975 4144 1422 4214 octingentorum
1460 4153 1515 4199 et
1548 4144 1855 4215 octoginta.

2058 4162 2174 4215 χοις
2203 4144 2506 4211 κατέλεξαν
2540 4146 2670 4209 τοὺς
2701 4146 2900 4208 παῖδας
2930 4145 3025 4200 τοῦ
3064 4144 3288 4215 Ἰωσὴφ,
3318 4144 3413 4199 τὸν
3430 4146 3661 4200 Μανασ-

374 4238 474 4307 σῆν
513 4238 607 4290 καὶ
679 4239 770 4291 τὸν
809 4236 1070 4310 Ἐφραίμ,
1134 4239 1277 4295 κατὰ
1315 4238 1414 4309 τὴν
1451 4238 1720 4307 διαταγὴν
1787 4236 1882 4291 τοῦ
1932 4237 2285 4309 προπάτορος
2361 4236 2585 4291 Ἰακώϐ.
2626 4237 2691 4289 Οἱ
2746 4235 2805 4289 δέ
2856 4252 2922 4305 γε
2960 4235 3190 4289 Λευῖται
3225 4233 3507 4306 δισμύριοι
3568 4233 3667 4286 καὶ

372 4330 664 4401 τρισχίλιοι
734 4330 1138 4401 ἁριθμηθέντες
1210 4328 1547 4400 εὑρέθησαν,
1600 4328 1740 4398 πρὸς
1795 4329 2146 4390 ὀκτακοσίοις
2177 4327 2275 4381 καὶ
2306 4328 2668 4399 ὀγδοήκοντα.

444 4425 611 4481 XVII.
644 4427 778 4481 Post
799 4426 917 4481 haec
945 4427 1183 4496 populus
1213 4423 1544 4480 seditionem
1578 4424 1713 4479 Mosi
1751 4431 1956 4489 movet,
1994 4428 2038 4485 Ι)

2139 4423 2251 4480 lZ'.
2282 4420 2419 4478 Εῖτα
2444 4422 2729 4487 στασιάζει
2758 4423 2819 4476 τὺ
2848 4422 3055 4493 πλῆθος
3088 4423 3179 4479 τὸν
3206 4423 3450 4495 Μωῦσῆν
3478 4424 3667 4478 αίτιώ-

375 4534 723 4590 conquerens
751 4534 809 4575 se
840 4535 871 4574 e
907 4519 1047 4572 bona
1105 4532 1251 4573 terra
1306 4519 1362 4571 in
1413 4517 1656 4572 desertis
1693 4518 1961 4572 oberrare

2070 4536 2254 4591 μενον,
2278 4521 2361 4573 ὅτι
2391 4520 2495 4590 γῆς
2524 4521 2739 4591 ἀγαθῆς
2775 4521 2976 4583 αὐτοὺς
3007 4522 3351 4591 ἀποστήσας,
3377 4523 3434 4573 ἐν
3472 4520 3667 4590 ἐρήμῳ

375 4626 601 4670 coactos
637 4613 705 4667 ab
734 4627 825 4667 eo.
855 4612 1042 4681 itaque
1077 4627 1146 4665 ex
1167 4626 1234 4665 eo
1263 4611 1385 4665 loco
1416 4611 1473 4666 in
1503 4621 1706 4666 terram
1736 4627 1835 4667 eos
1855 4611 1960 4666 du-

2067 4611 2382 4665 πλανᾶσθαι
2417 4612 2748 4675 πεποίηκεν.
2792 4611 3119 4683 Ἀναγαγὼν
3169 4613 3228 4667 δὲ
3286 4602 3487 4675 αὐτοὺς
3523 4613 3668 4666 ἐκεῖ·

378 4709 477 4771 cit,
517 4721 640 4776 qua:
665 4705 838 4759 Vallis
860 4704 1169 4768 dicebatur,
1191 4703 1519 4759 Cbananaea:
1545 4711 1707 4759 terra:
1738 4705 1968 4775 prapin-

2068 4704 2162 4758 θεν
2188 4706 2269 4769 εἰς
2300 4703 2402 4777 τὴν
2447 4707 2798 4777 καλουμένην
2859 4706 3152 4778 Φάραγγα,
3216 4707 3448 4776 πλησίον
3500 4704 3670 4759 οὖσαν

379 4815 545 4871 quam
565 4817 581 4856 :
600 4808 655 4854 et
685 4798 930 4867 singulos
956 4812 1022 4852 ex
1050 4797 1300 4867 qualibet
1328 4798 1473 4852 tribu
1507 4798 1771 4861 delectos,
1799 4797 1971 4853 mittit

2068 4796 2167 4866 τῆς
2198 4796 2526 4851 Χαναναίων
2556 4797 2681 4866 γῆς,
2717 4796 2775 4861 ἐξ
2801 4798 3046 4867 ἑκάστης
3100 4797 3277 4868 φυλῆς
3313 4797 3412 4850 ἕνα
3463 4795 3668 4864 λαϐὼν,

380 4893 728 4962 exploratum
743 4889 892 4945 vires
923 4889 1387 4954 Chananaaorum,
1414 4889 1600 4960 etagri
1626 4890 1969 4960 qualitatem.

2071 4889 2603 4961 κατασκοπήσοντας
2634 4889 2845 4944 ἔστειλε
2872 4891 2974 4962 τήν
3001 4908 3061 4944 τε
3085 4891 3326 4961 δύναμιν
3351 4890 3465 4944 τῶν
3495 4891 3672 4944 Χανα-

384 4986 451 5040 lii
485 4984 853 5055 quadraginta
888 4984 1088 5039 diebus
1132 4982 1358 5053 regione
1408 4991 1697 5053 peragrata
1723 5023 1738 5049 ,
1782 4998 1975 5038 rever-

2076 4981 2270 5046 ναίων,
2292 4980 2507 5050 καὶτῆς
2526 4981 2629 5051 γῆς
2651 4982 2752 5053 τὴν
2777 4985 3044 5053 ποιότητα
3071 4983 3212 5055 (40).
3234 4984 3297 5038 Οί
3322 4983 3377 5035 δὲ
3397 4998 3563 5035 τεσσα
3575 4982 3669 5051 ρά-

386 5088 604 5142 tuntur,
657 5078 873 5131 fructus
901 5076 1067 5131 etiam
1096 5091 1163 5131 ex
1195 5090 1260 5129 ea
1289 5090 1476 5130 secum
1510 5075 1811 5130 aiferentes
1843 5091 1857 5128 :
1911 5090 1977 5130 ac

2072 5091 2241 5127 κοντα
2274 5073 2514 5145 ἡμέραις
2558 5073 2863 5138 διελθόντες
2923 5077 3024 5146 τὴν
3077 5077 3203 5146 γῆν,
3268 5075 3672 5147 ὑπενόστησαν,

387 5184 550 5228 terrae
572 5171 796 5242 quidem
820 5168 1122 5225 bonitatem
1144 5168 1392 5236 laudant,
1427 5167 1523 5222 sed
1545 5168 1749 5238 populo
1768 5176 1977 5223 metum

2077 5172 2174 5220 καὶ
2204 5168 2460 5238 καρποὺς
2497 5166 2563 5219 ἐκ
2597 5164 2701 5233 τῆς
2751 5170 2855 5237 γῆς
2905 5168 3126 5238 ἐκείνης
3185 5167 3531 5239 κομίζοντες,
3576 5170 3672 5221 καὶ

389 5266 665 5337 injiciunt,
696 5264 855 5335 quasi
882 5264 1115 5318 obtineri
1150 5269 1410 5332 nequeat,
1446 5271 1562 5317 tum
1588 5262 1658 5316 ob
1686 5262 1978 5316 ﬂuminum

2083 5259 2182 5330 τὴν
2214 5260 2313 5328 μὲν
2344 5257 2532 5329 χώραν
2562 5257 2802 5330 ἐπῄνουν
2854 5259 2929 5323 ὼς
2995 5261 3237 5331 ἀγαθὴν,
3265 5261 3327 5314 τὸ
3358 5260 3415 5314 δὲ
3465 5260 3672 5330 πλῆθος

390 5358 852 5430 tnagnitudinem,
887 5366 1004 5411 tum
1050 5356 1123 5412 ob
1156 5355 1327 5410 ardua
1375 5355 1504 5425 juga
1543 5356 1838 5414 montium.
1871 5363 1984 5409 tum

2084 5352 2317 5421 ἐφόϐουν
2347 5350 2423 5414 ὡς
2461 5348 2632 5420 οὔσης
2662 5353 2873 5424 ἀπόρου
2907 5353 3009 5422 τῆς
3045 5354 3221 5425 αὐτῆς
3261 5355 3672 5422 κατασχέσεως,

392 5456 464 5510 ob
514 5454 679 5509 urbes
720 5451 1141 5509 munitissimus.
1168 5449 1283 5504 Hoc
1313 5450 1511 5505 nuntio
1540 5463 1733 5503 rursus
1767 5447 1992 5503 irritan-

2088 5447 2175 5500 διά
2204 5462 2265 5498 τε
2296 5444 2565 5516 ποταμῶν
2596 5447 2828 5519 μεγέθη.
2861 5452 2957 5504 καὶ
3010 5446 3157 5515 όρῶν
3204 5446 3538 5518 δυσχωρίας,
3579 5446 3675 5507 καὶ

1578 5617 1789 5679 ναι-ἰῶ
1820 5615 2129 5678 lectiones
2161 5621 2221 5677 et
2256 5622 2444 5677 noue.

470 5774 581 5843 (59)
627 5774 731 5827 Ἐν
758 5768 838 5841 τῷ
868 5773 1075 5839 αίθρίῳ
1098 5773 1210 5841 τῆς
1237 5773 1499 5841 σκηνῆς.
1534 5773 1597 5829 In
1638 5790 1701 5828 ea
1732 5774 1985 5827 taberna-

2160 5774 2273 5844 (1.0)
2312 5773 2418 5827 Kal
2444 5771 2563 5844 fuit;
2586 5770 2700 5844 τῆς
2728 5769 2845 5834 τὴν
2876 5766 3185 5844 ποιός-ητα.
3214 5766 3562 5844 ρααίὶιαεεηι.
3599 5765 3676 5844 lla

399 5847 506 5916 culi
540 5837 691 5916 parte
736 5837 855 5915 quo:
879 5837 1044 5915 patet,
1091 5837 1305 5900 vel'sub
1341 5837 1608 5913 dio'j'uatta
1671 5846 1987 5901 tabernacu-
2085 5837 2223 5915 Reg.
2257 5837 2312 5897 et
2340 5837 2773 5916 Coilmrt.'A|I_er
2799 5839 2968 5916 code}
3011 5839 3324 5916 “iniustius
3351 5837 3519 5892 habet
3555 5838 3677 5891 πιό-

408 5911 549 5973 ium.
576 5913 667 5971 W.
748 5911 758 5915 ’
879 5911 888 5915 ⁷
1032 5911 1035 5912 ⁷
1451 5911 1462 5913 “

2085 5911 2248 5984 τηέἀ,
2278 5914 2670 5983 viuqucdincm,
2709 5912 2761 5966 id
2803 5924 2887 5966 cst
2928 5911 3289 5965 fertilitatem.
