4098 6466
389 366 459 428 97
1678 366 1996 428 ANNALII

2128 369 2275 429 LIB.
2319 367 2367 429 Ι.
3028 410 3031 415 ν
3592 364 3676 431 .93

384 484 604 537 πόλεων
647 482 1017 553 ὀχυρότητας.
1060 484 1134 538 Τὸ
1156 484 1212 538 δὲ
1260 483 1469 555 πλῆθος
1502 484 1668 538 πάλιν
1696 485 1764 538 δι’
1816 484 1991 556 ὀργῆς

2100 495 2188 540 tur
2235 484 2403 540 animi
2425 484 2774 555 popularium
2801 492 2996 540 contra
3022 485 3252 552 Mosem,
3276 485 3414 543 adeo
3439 495 3498 541 ut
3516 486 3587 542 de
3613 502 3682 543 eo

381 573 497 646 εἶχε
528 575 621 628 τὸν
644 576 917 645 Μωῦσῆν,
956 581 1053 630 καὶ
1082 577 1333 631 ἐνενόουν
1358 576 1701 632 καταλεῦσαι
1730 578 1893 632 αὐτόν
1922 596 1984 630 τε

384 669 481 721 καὶ
507 668 600 720 τὸν
640 666 883 739 Ἀαρὼν,
917 672 1012 722 καὶ
1044 669 1390 741 ὑποστρέψαι
1427 672 1509 733 εἰς
1547 669 1842 738 Αἴγυπτον.
1874 672 1990 725 Μό-

386 779 468 814 νοι
498 760 556 814 δὲ
588 761 699 814 τῶν
734 761 1115 815 κατασκόπων
1180 763 1391 834 Ἰησοῦς
1447 763 1475 814 ὁ
1528 751 1624 816 τοῦ
1682 764 1839 833 Ναυῆ
1894 765 1990 817 καὶ

387 853 575 907 Xstth
641 854 1074 926 παρεθάρῤυναν
1121 855 1214 908 τὸν
1279 855 1432 920 λαὸν,
1490 857 1657 927 μηδὲν
1724 855 1991 928 δυσχερὲς

390 946 733 1017 ἀπαντήσειν
757 946 947 1011 αὐτοῖς
977 947 1493 1021 ἁπισχυριζόμεινοι.
1531 950 1775 1019 Μωῦςῆς
1813 950 1870 1003 δὲ
1895 951 1989 1003 καὶ

400 1041 622 1111 Ἀαρὼν
643 1042 891 1096 ἱκέτευον
922 1044 1016 1095 τὸν
1038 1043 1193 1108 Θεὸν,
1224 1046 1373 1109 ὅπως
1393 1046 1491 1109 τῆς
1514 1044 1777 1105 ἀπονοίας
1805 1044 1992 1115 παύσῃ

387 1135 449 1188 τὸ
482 1134 710 1204 πλῆθος.
777 1135 969 1205 Παρῆν
1026 1135 1083 1188 δὲ
1116 1136 1149 1206 ἡ
1178 1136 1381 1203 νεφέλη
1435 1137 1495 1188 ὲν
1543 1139 1609 1206 τῇ
1655 1139 1856 1207 σκηνῇ,
1895 1139 1992 1190 καὶ

388 1229 658 1299 ἐσήμαινε
690 1226 790 1296 τὴν
821 1227 1153 1297 ἐπιφάνειαν
1196 1227 1292 1280 τοῦ
1348 1227 1508 1281 Θεοῦ.
1577 1229 1689 1282 Καὶ
1744 1229 1988 1298 Μωΰοῆς

390 1318 720 1389 θαρσήσας,
779 1317 1031 1390 διελέχθη
1091 1317 1171 1388 τῷ
1226 1317 1450 1390 πλήθει,
1511 1321 1607 1374 stat
1656 1318 1986 1389 ὀργισθῆναι

388 1411 565 1481 ἔφησε
590 1410 682 1465 τὸν
717 1411 875 1475 Θεὸν,
904 1413 980 1481 μὴ
1011 1411 1237 1464 ἀπολεῖν
1275 1402 1376 1480 μέν
1416 1429 1501 1465 τοι
1552 1412 1787 1477 πάντας,
1848 1412 1988 1485 μηδὲ

388 1504 451 1557 τὸ
486 1504 642 1572 γένος
684 1502 1056 1573 ἐξαφανίσειν,
1095 1506 1196 1575 τὴν
1239 1505 1298 1558 δὲ
1328 1507 1650 1558 Χαναναίαν
1709 1506 1785 1575 μὴ
1841 1522 1987 1575 παρ-

390 1593 542 1660 έξειν
579 1595 787 1660 αὐτοῖς,
820 1596 980 1649 ἐᾶσαι
1018 1595 1063 1648 δ’
1104 1596 1201 1649 ἐπὶ
1231 1596 1331 1666 τῆς
1363 1597 1578 1666 ἐρήμου
1606 1599 1692 1649 ἐπ’
1742 1597 1842 1668 ἔτη
1863 1612 1990 1650 τεσ-

392 1688 733 1757 σαράκοντα,
752 1689 914 1742 παισὶ
941 1688 1000 1741 δὲ
1027 1691 1138 1753 τοῖς
1163 1689 1222 1754 ἐξ
1250 1690 1432 1742 αὐτῶν
1453 1691 1714 1760 παρέξειν
1736 1693 1836 1762 τὴν
1858 1694 1984 1762 γῆν.

396 1779 590 1833 Ταῦτα
615 1779 710 1833 τοῦ
742 1780 1030 1843 Μωῡσέως
1069 1781 1341 1846 εἰπόντος,
1371 1784 1429 1835 ὲν
1464 1781 1611 1852 λύπῃ
1670 1782 1731 1834 τὸ
1784 1782 1988 1850 πλῆθος

390 1870 634 1936 ἐγένετο.
675 1866 811 1924 Εἶτα
838 1869 1109 1941 συμμίξαι
1147 1873 1260 1935 τοῖς
1285 1872 1615 1935 Χαναναίοις
1645 1871 1859 1942 ἤθελον,
1893 1873 1988 1925 καὶ

390 1960 574 2013 ταῦτα
614 1959 921 2023 κωλύοντος
952 1960 1045 2013 τοῦ
1077 1960 1239 2026 Θεοῦ,
1274 1965 1372 2016 καὶ
1401 1963 1805 2033 προσϐαλόντες
1826 1965 1990 2035 ἡττή-

393 2054 591 2122 οησαν.
617 2053 729 2106 Καὶ
759 2054 807 2106 οἱ
843 2053 945 2122 μὲν
980 2052 1201 2120 ἔπεσον,
1236 2055 1288 2106 οἱ
1320 2055 1375 2108 δὲ
1432 2059 1513 2119 εἰς
1561 2057 1662 2126 τὴν
1698 2057 1989 2127 παρεμϐο-

390 2147 490 2219 λὴν
528 2148 984 2217 συμπεφεύγασι.
1010 2148 1206 2211 Στάσις
1236 2148 1293 2201 δὲ
1330 2149 1392 2201 τὸ
1438 2148 1648 2217 πλῆθος
1688 2149 1988 2203 κατέλαϐεν

393 2240 454 2306 ἐξ
484 2241 663 2302 αἰτίας
695 2238 977 2309 τοιαύτης.
1044 2241 1190 2312 Κορὲ
1217 2240 1317 2312 τῆς
1371 2243 1673 2313 Λευῖτικῆς
1701 2243 1988 2314 τυγχάνων

394 2331 598 2399 φυλῆς,
626 2332 721 2383 καὶ
753 2331 905 2398 γένει
938 2334 1030 2383 καὶ
1082 2330 1299 2400 πλούτῳ
1355 2333 1846 2402 περιφανέστατος,
1896 2334 1990 2386 καὶ

392 2423 605 2494 ὁμιλεῖν
630 2423 1032 2489 πιθανώτατος,
1064 2425 1259 2493 φθόνον
1288 2424 1413 2495 ἔσχε
1442 2427 1577 2495 πρὸς
1599 2425 1866 2496 Μωῦοῆν,
1894 2427 1989 2479 καὶ

394 2516 493 2569 τοῦ
536 2517 730 2585 ἀνδρὸς
769 2516 1011 2570 κατεϐόα
1054 2518 1129 2579 ὡς
1163 2518 1442 2587 τυραννίδι
1499 2519 1785 2590 χρωμένου
1816 2533 1832 2548 ⁸
1870 2519 1990 2571 Τίνι

396 2610 511 2679 γὰρ
539 2609 724 2679 λόγῳ,
756 2608 970 2678 ἔλεγεν,
1021 2607 1237 2674 Ἀαρὼν
1267 2608 1365 2663 καὶ
1410 2610 1537 2676 τοῖς
1583 2610 1772 2665 αὐτοῦ
1828 2610 1989 2664 υἱέσι

393 2704 515 2770 τὴν
546 2703 887 2771 ιερωσύνην
917 2700 1353 2771 προσένειμεν;
1392 2702 1457 2757 Et
1488 2701 1607 2770 μὲν
1659 2702 1740 2768 ὠς
1780 2702 1847 2755 ἐκ
1875 2701 1988 2769 τῆς

396 2793 721 2862 Λειιϊτικῆς
742 2792 970 2864 φυλῆς,
997 2795 1110 2864 ἐγὼ
1133 2797 1354 2869 eadem;
1378 2795 1581 2864 τυχεῖν
1597 2795 1985 2863 δικαιότερος,

397 2890 617 2959 γένους
645 2888 762 2959 μὲν
800 2890 1019 2958 ὁμοίως
1045 2890 1224 2958 ἔχων,
1266 2891 1511 2953 πλούτῳ
1552 2889 1740 2943 δὲκαὶ
1781 2890 1988 2958 ἡλικίῃ

394 2982 705 3054 διάφορος.
760 2982 831 3037 El
886 2982 955 3035 δὲ
1004 2982 1173 3050 ἑτέρᾳ
1225 2982 1395 3052 φυλῇ
1444 2983 1988 3051 προσκληρωθῆνιιι

395 3077 544 3131 δέον
571 3076 790 3144 αὐτὴν,
831 3075 1341 3145 προτιμηθιὶσεται
1391 3077 1430 3144 ἡ
1462 3077 1565 3131 τοῦ
1627 3076 1862 3146 Ῥουϐὶμ
1890 3076 1989 3129 διὰ

2095 586 2152 634 et
2183 577 2401 632 Aarone
2426 576 2703 646 lapidibus
2719 577 3031 643 obruendo,
3046 578 3225 649 deque
3244 578 3422 634 reditu
3443 579 3498 633 in
3516 577 3682 651 [Egy-

2099 682 2254 742 ptum
2311 671 2852 741 cogitarent.\’erum
2878 670 3041 727 Jesus
3064 671 3231 727 Navis
3266 672 3413 728 illius
3437 682 3494 728 et
3515 672 3677 728 Cale-

2096 766 2222 828 bus,
2249 765 2350 819 soli
2373 764 2787 834 exploratorum
2837 764 3168 819 conﬁrmant
3193 765 3476 836 populum,
3495 766 3678 819 nullas

2096 857 2450 914 difﬁcultates
2470 858 2940 927 pertimescendas
2956 873 3076 913 esse
3088 868 3488 913 asseverantes.
3504 857 3680 913 Moses

2096 970 2318 1025 quoque
2353 965 2409 1009 et
2431 953 2610 1009 Aaron
2636 955 3010 1024 deprecantur
3030 954 3227 1020 Deum,
3250 962 3313 1008 ut
3335 950 3678 1022 desperatio-

2094 1048 2387 1102 nemillam
2424 1048 2573 1117 vulgi
2610 1046 2847 1103 sedaret.
2879 1046 2998 1102 Jam
3016 1046 3196 1101 nubes
3228 1048 3286 1100 in
3321 1043 3678 1099 tabernaculo

2096 1142 2308 1208 aderat,
2338 1141 2433 1195 Dei
2468 1140 2815 1211 praesentiam
2832 1139 3137 1203 declarans,
3161 1153 3284 1193 cum
3300 1137 3476 1191 Moses
3493 1136 3679 1190 animo

2095 1243 2381 1303 resumpto
2405 1232 2670 1302 populum
2698 1231 3025 1300 alloquitur,
3050 1245 3115 1285 ac
3143 1231 3319 1285 Deum
3338 1231 3537 1283 iratum
3554 1241 3677 1281 esse

2095 1324 2211 1389 ait,
2261 1338 2371 1377 non
2410 1332 2594 1399 tamen
2637 1322 2989 1391 perditurum
3019 1335 3214 1376 omnes
3242 1360 3255 1385 ,
3288 1334 3467 1390 neque
3503 1326 3673 1373 totam

2094 1420 2315 1483 gentem
2356 1413 2713 1468 deletorum:
2757 1413 2876 1481 sed;
2900 1428 3004 1468 nec
3044 1412 3411 1469 Chananaaam
3464 1420 3672 1466 terram

2098 1502 2428 1557 traditurum
2488 1503 2655 1573 ipsis,
2709 1503 2915 1573 quibus
2957 1518 3057 1574 per
3105 1518 3279 1558 annos
3313 1501 3677 1573 quedraginta

2095 1595 2551 1651 commorandum
2572 1608 2720 1651 esset
2744 1596 2800 1652 in
2822 1597 3044 1653 deserto
3064 1638 3079 1664 ,
3104 1596 3200 1652 sed
3232 1596 3426 1651 liberis
3456 1607 3674 1650 eorum.

2094 1689 2190 1744 llis
2221 1704 2250 1743 a
2283 1687 2432 1744 Mose
2463 1689 2650 1754 dictis,
2676 1703 2910 1744 maerere
2936 1690 3191 1760 populus.
3220 1688 3431 1744 Deinde
3456 1686 3678 1743 Chanao

2093 1770 2245 1836 naeos
2290 1780 2557 1836 invadere
2589 1782 2753 1843 velle,
2785 1781 3041 1851 quamvis
3074 1789 3296 1835 vetante
3319 1780 3464 1844 Deo;
3499 1777 3676 1833 facta-

2093 1889 2203 1943 que
2247 1873 2615 1943 impressione
2662 1873 2995 1942 vincuntur,
3047 1874 3174 1929 aliis
3206 1872 3395 1938 caesis,
3441 1872 3565 1927 aliis
3616 1870 3675 1939 in

2095 1976 2275 2020 castra
2305 1964 2520 2036 trepide
2543 1980 2603 2022 se
2622 1966 3045 2036 recipientibus.
3071 1965 3207 2022 Inde
3238 1972 3358 2020 orta
3383 1973 3470 2020 est
3484 1962 3677 2035 populi

2093 2061 2321 2126 seditio,
2356 2060 2673 2130 huiusmodi
2709 2074 2777 2115 ex
2809 2074 2998 2115 causa.
3034 2057 3175 2115 Core
3207 2058 3467 2114 Leviticae
3495 2058 3678 2113 tribus

2094 2154 2283 2219 homo,
2317 2168 2522 2224 genere
2557 2161 2614 2209 et
2640 2154 2839 2225 opibus
2870 2153 3109 2208 maxime
3144 2152 3497 2223 conspicuus,
3531 2166 3679 2207 aurae

2092 2247 2379 2316 popularis
2414 2247 2701 2316 captaudae
2730 2245 2962 2316 insignis
2988 2244 3185 2301 artifex
3206 2284 3222 2310 ,
3259 2243 3472 2300 invidet
3497 2243 3631 2299 Mosi
3659 2285 3675 2311 ,

2091 2347 2148 2393 et
2178 2348 2369 2393 contra
2400 2354 2525 2393 eum
2554 2337 2911 2404 vociferatur,
2945 2348 3006 2392 ut
3037 2345 3355 2409 tyrannum:
3383 2334 3524 2390 Nam
3548 2352 3676 2406 qua,

2093 2430 2312 2500 inquit,
2367 2432 2576 2484 ratione
2623 2432 2865 2498 Aaroni,
2901 2432 3116 2501 ejusque
3157 2429 3287 2498 ﬁliis
3320 2431 3676 2486 sacerdotium

2094 2523 2365 2579 attribuit?
2391 2524 2451 2577 Si
2475 2523 2536 2576 ob
2556 2524 2753 2576 tribum
2781 2522 3087 2588 Leviticam,
3112 2538 3205 2593 ego
3220 2539 3335 2577 sum
3365 2522 3457 2576 illo
3483 2523 3681 2576 honore

2093 2614 2344 2682 dignior:
2383 2614 2574 2682 quippe
2604 2621 2651 2665 et
2684 2629 2869 2683 genere
2897 2612 2981 2666 illi
3008 2629 3128 2683 par,
3165 2619 3215 2665 et
3235 2613 3417 2683 opibus
3438 2627 3501 2665 ac
3523 2620 3681 2666 (etate

2091 2709 2370 2777 superior:
2398 2708 2479 2760 sin
2509 2705 2665 2761 alteri
2696 2707 2853 2760 tribui
2873 2707 3088 2761 debetur
3108 2706 3162 2761 id
3191 2722 3415 2768 munus,
3440 2703 3679 2759 Rubenia

2093 2800 2153 2852 ob
2176 2801 2347 2853 wtatis
2373 2802 2781 2869 prwrogativam
2804 2802 3003 2871 primas
3021 2799 3148 2869 feret
3174 2815 3235 2854 ac
3258 2798 3468 2853 Dathan
3486 2807 3535 2853 et
3558 2798 3684 2852 Abi-

2095 2908 2190 2944 rcn
2215 2890 2307 2944 illo
2333 2892 2601 2961 potientur
2650 2890 2777 2946 Haec
2807 2891 3081 2947 malitiose
3111 2891 3330 2947 dicebat
3365 2891 3459 2947 ille
3481 2933 3496 2959 ,
3549 2907 3677 2947 cum

2093 2996 2150 3041 ct
2181 2986 2331 3040 viros
2357 2985 2638 3056 principes
2664 2984 2934 3040 ducentos
2959 2993 3015 3039 et
3043 2984 3445 3056 quinquaginta
3470 2984 3681 3040 instru-

2095 3089 2212 3134 ctos
2240 3078 2344 3150 41
2379 3079 2632 3144 haberet,
2662 3086 2718 3133 et
2750 3078 2906 3148 plebs
2938 3079 3210 3133 concitata
3236 3085 3404 3133 esset.
3440 3077 3512 3133 At
3560 3077 3681 3134 Mo-

394 3166 895 3238 πρεσϐυγένειαν,
915 3166 1015 3219 καὶ
1030 3168 1336 3235 λήψονται
1354 3169 1582 3235 ταύτην
1600 3166 1798 3223 Δαθὰν
1816 3183 1876 3220 τε
1892 3168 1989 3221 καὶ

2100 3189 2184 3228 ses
2219 3173 2272 3227 in
2307 3172 2547 3225 medium
2571 3186 2893 3243 progressus
2926 3190 2940 3226 :
2974 3171 3108 3243 Ego,
3142 3171 3343 3242 inquit,
3374 3171 3508 3227 Core
3529 3176 3592 3225 et“
3608 3181 3681 3240 te,

396 3262 695 3331 Ἀϐειρὼν.
715 3263 905 3316 Ταῦτα
927 3264 1135 3324 ἐκεῖνος
1156 3264 1257 3331 μὲν
1275 3262 1560 3334 κακοήοω,
1582 3262 1791 3330 ἔλεγεν.
1809 3258 1991 3315 Ἶισαν

396 3358 455 3411 δὲ
475 3356 629 3425 αὐτῷ
653 3354 1084 3424 συντεταγμένοι
1102 3355 1294 3426 ἄνδρες
1323 3361 1432 3408 τῶν
1452 3356 1685 3426 πρώτων
1701 3355 1988 3420 διακόσιοι,

396 3452 497 3505 καὶ
530 3450 900 3519 πεντήκοντα,
933 3447 1267 3518 ἀνηρέθιστο
1294 3448 1351 3502 δὲ
1379 3449 1472 3502 καὶ
1506 3449 1568 3502 τὸ
1596 3449 1821 3517 πλῆθος.
1858 3449 1916 3502 ’0
1934 3449 1991 3503 δὲ

397 3542 648 3613 Μωῦσῆς
677 3547 756 3605 εἰς
787 3544 955 3613 μέσον
985 3542 1142 3606 στὰς,
1177 3538 1352 3595 εἶπεν·
1384 3542 1573 3612 Ἐμοὶ,
1610 3538 1659 3597 ὦ
1687 3545 1858 3612 Κορὲ,
1892 3543 1993 3597 καὶ

400 3639 510 3702 σὺ,
553 3637 652 3691 καὶ
675 3636 796 3690 τῶν
819 3637 919 3690 σοι
956 3635 1461 3706 συντεταγμένων
1499 3637 1779 3702 ἕκαστος,
1818 3634 1991 3705 τιμῆς

400 3731 566 3797 ἄξιοι
616 3728 869 3785 δοκεῖτε.
921 3730 976 3781 ’0
1030 3728 1100 3782 δὲ
1160 3728 1303 3794 Θεὸς
1353 3730 1471 3798 τὴν
1532 3730 1871 3797 ιερωσύνην
1915 3727 1995 3793 τῷ

413 3821 648 3892 Ἀαρὼν
665 3821 1039 3891 ἐψηφίσατο,
1084 3820 1183 3874 καὶ
1216 3820 1333 3876 νῦν
1368 3823 1553 3888 αὐτὸς
1581 3817 1755 3887 αὖθις
1806 3820 2003 3890 κρινεῖ

401 3916 480 3971 ὃν
534 3912 811 3983 ὶερᾶσθαι
861 3913 1179 3979 βούλεται.
1240 3914 1470 3970 Ἐωθεν
1519 3909 1649 3981 οὖν,
1685 3915 1821 3969 ὅσοι
1881 3913 1995 3985 τῆς

401 4007 744 4078 ιερωσύνης
781 4005 1213 4071 ἀντιποιεῖσθε,
1247 4005 1477 4076 πάριτε,
1521 4006 1782 4073 ἕκαστος
1828 4008 1999 4078 κομί-

400 4105 523 4168 ζων
582 4100 975 4173 θυμιατήριον
1010 4102 1273 4166 οἴκοθεν,
1303 4102 1403 4156 καὶ
1447 4102 1568 4172 πῦρ
1592 4103 1691 4155 καὶ
1714 4103 1996 4172 θυμίαμα.

400 4199 539 4254 Σὺν
575 4195 721 4266 ὑμῖν
763 4194 817 4249 δ’
878 4193 1099 4265 ὁμοίως
1144 4194 1396 4262 παρίτω
1452 4195 1553 4247 καὶ
1599 4192 2001 4261 Ἀαρών..Και

401 4289 640 4360 θυμὶων
667 4287 788 4342 τῶν
814 4275 986 4356 ὑμῶν
1013 4284 1274 4340 ἐνώπιον
1306 4285 1414 4340 τοῦ
1469 4284 1645 4350 λαοῦ,
1680 4281 1870 4354 οὗπερ
1926 4285 2004 4341 ἂν

399 4383 527 4451 τὴν
576 4382 800 4436 θυσίαν
844 4378 999 4449 ήόιω
1036 4377 1234 4447 κρινεῖ
1264 4380 1299 4433 ό
1339 4377 1507 4444 θεὸς,
1562 4372 1742 4443 οὗτος
1798 4378 2005 4432 ἔσεται

398 4477 558 4548 ὑμῖν
586 4476 802 4545 ἱερεύς.
831 4473 1108 4546 Ἐπῄνεσε
1165 4471 1344 4526 ταῦτα
1392 4471 1457 4525 τὸ
1510 4470 1740 4541 πλῆθος,
1795 4470 1892 4524 καὶ
1935 4472 2002 4542 τῇ

2097 3277 2145 3320 et
2175 3282 2355 3319 eorum
2386 3265 2475 3335 qui
2503 3282 2535 3318 a
2562 3272 2611 3317 te
2649 3273 2816 3327 stant,
2845 3263 3127 3335 quemlibet
3157 3266 3356 3319 honore
3384 3264 3570 3336 dignos
3584 3266 3684 3334 ju-

2096 3359 2233 3411 dico.
2283 3356 2479 3410 Verum
2523 3356 2666 3410 Deus
2690 3356 2901 3411 Aaroni
2943 3356 3299 3411 sacerdotium
3340 3358 3635 3428 assignavit
3663 3373 3684 3412 :

2098 3450 2342 3519 idemque
2370 3465 2511 3502 nunc
2532 3449 2703 3502 denuo
2733 3448 3043 3513 declarabit,
3086 3466 3117 3502 a
3151 3464 3254 3517 quo
3285 3465 3441 3504 sacra
3466 3450 3566 3504 sibi
3595 3465 3685 3505 ae-

2097 3542 2158 3593 lit
2199 3541 2337 3608 ﬁeri.
2392 3542 2553 3593 Mane
2601 3543 2762 3610 igitur
2785 3542 2875 3609 qui
2900 3541 2963 3594 de
3005 3540 3301 3595 sacerdotio
3338 3541 3678 3609 contenditis,

2097 3633 2323 3702 prodite,
2348 3630 2613 3684 thuribulo
2635 3631 2851 3702 quisque
2879 3631 3033 3684 domo
3056 3646 3230 3684 secum
3252 3629 3442 3693 allato.
3473 3639 3521 3685 et
3540 3631 3687 3700 igne,

2097 3726 2398 3795 su/ﬁtuque.
2438 3724 2555 3779 Una
2584 3726 2848 3778 vobiscum
2874 3726 3034 3779 etiam
3064 3724 3249 3777 Aaron
3280 3724 3521 3794 prodeat.
3556 3727 3686 3779 Tum

2099 3819 2317 3871 nobisin
2351 3798 2537 3888 poptiti
2559 3827 2836 3888 conspectu
2883 3817 3236 3871 odoramenta
3264 3817 3686 3893 incendentibus,

2100 3910 2565 3981 cujusivictimam
2620 3911 2921 3964 suaviorem
2963 3910 3222 3979 judicarit
3246 3908 3412 3974 Deus,
3445 3910 3489 3963 is
3547 3911 3689 3964 vobis

2102 4003 2346 4075 pontifex
2374 4004 2497 4058 erit.
2532 4001 2830 4057 Collaudat
2861 4001 2979 4056 haec
3018 4002 3291 4071 populus;
3325 4000 3593 4071 postridie
3630 4002 3688 4056 in

2102 4095 2426 4149 concionem
2479 4092 2799 4164 frequentes
2834 4095 3197 4149 conveniunt.
3238 4093 3457 4165 Moyses
3486 4094 3689 4149 Abire-

2103 4203 2231 4243 nem
2266 4198 2323 4242 et
2379 4186 2680 4242 Datbanem
2717 4188 2931 4243 accersi
2960 4187 3141 4258 jubet.
3190 4187 3311 4242 Non
3343 4197 3538 4257 parcnt
3586 4187 3687 4255 illi,

2104 4282 2284 4336 minas
2313 4281 2542 4351 insuper
2573 4291 2763 4335 eontra
2787 4280 2993 4335 Mosem
3017 4280 3364 4351 adjicientes.
3401 4280 3545 4336 Tum
3594 4281 3690 4337 ille

2107 4373 2445 4445 primoribus
2489 4388 2548 4427 se
2583 4373 2738 4442 sequi
2762 4373 2953 4441 jussis,
2996 4372 3066 4427 ad
3113 4373 3532 4428 tabernaculum
3569 4374 3694 4430 illo-

2108 4480 2232 4520 rum
2263 4465 2379 4519 aluit
2411 4482 2426 4520 :
2472 4479 2645 4536 prope
2686 4463 2833 4534 quod
2867 4478 2992 4517 cum
3035 4463 3304 4529 venisset,
3335 4462 3592 4517 manibus
3631 4463 3692 4518 in

401 4571 649 4642 ἐπιούσῃ
674 4568 942 4638 συνῆλθον
969 4570 1054 4631 εἰς
1110 4565 1429 4637 ἐκκλησίαν.
1484 4564 1726 4634 Μωῦσῆς
1751 4564 1811 4617 δὲ
1859 4564 1996 4634 πέμ-

2112 4560 2311 4614 coelum
2336 4557 2590 4621 sublatis,
2617 4572 2814 4628 magna
2846 4571 2980 4612 voce
3014 4557 3288 4613 exclamat
3324 4574 3338 4610 :
3398 4556 3688 4624 Quoniam,

400 4668 518 4737 ψας
569 4662 705 4735 πρὸς
731 4660 1000 4731 ’Δϐειρὼν
1033 4659 1130 4714 καὶ
1159 4659 1365 4725 Δαθὰν,
1388 4657 1704 4712 ἐνετέλλετο
1739 4657 1917 4727 ἥκειν.
1942 4656 2008 4709 Ol

401 4761 465 4813 δὲ
497 4756 580 4827 μὴ
611 4754 958 4818 πεισθέντες,
1028 4754 1125 4806 καὶ
1160 4752 1308 4806 κατὰ
1352 4750 1636 4812 Μωῦσέως
1675 4749 2006 4819 ἠπείλησαν.

404 4848 664 4917 Μωῦσῆς
685 4845 743 4900 δὲ
771 4843 1096 4901 ἀκολουθεῖν
1126 4840 1278 4912 αὐτῷ
1307 4842 1437 4904 τοὺς
1463 4838 1800 4912 προϐούλους
1822 4836 2011 4890 κελεύ-

408 4960 540 5005 σας,
569 4936 740 5009 ἀπῄει
773 4937 913 5006 πρὸς
940 4936 1039 4999 τὰς
1067 4936 1298 4988 ἐκείνων
1343 4933 1575 5004 σκηνὰς,
1632 4931 1728 4984 καὶ¹
1781 4929 2009 5000 πλησίον

407 5034 746 5104 γενόμενον,
771 5030 870 5093 τὰς
892 5030 1087 5099 χεῖρας
1106 5026 1338 5097 ἀνέσχεν
1357 5027 1438 5086 εἰς
1457 5024 1711 5092 οὐρανὸν,
1740 5024 1836 5075 καὶ
1867 5022 2010 5093 μέγα

406 5127 669 5196 ἐϐόησεν·
697 5122 861 5178 Ἐπεὶ
882 5118 1688 5189 κακπρτεῖνὺποπτεύομαι,
1714 5115 2008 5180 Δέσποτα,

407 5220 604 5283 αὐτὸς
619 5214 761 5270 ἐλθὲ
812 5212 1133 5280 δικαστὴς,
1152 5210 1255 5266 καὶ
1277 5210 1705 5279 παράστησον,
1724 5209 1815 5262 ὅτι
1828 5207 2013 5263 οὐδὲν

406 5309 793 5380 αὐτομάτως,
842 5307 1007 5363 ἀλλὰ
1046 5305 1244 5359 πάντα
1273 5304 1361 5373 σῇ
1388 5302 1693 5357 διοικεῖται
1736 5301 2008 5370 προνοίᾳ.

410 5404 530 5462 Kal
560 5404 615 5457 ει
642 5401 760 5457 σοῦ
795 5400 1208 5466 κελεύσαντος
1243 5398 1474 5455 δέδωκα
1518 5397 1635 5465 τὴν
1677 5395 2015 5464 ἱερωσύνην

410 5496 502 5562 τῷ
537 5491 778 5563 Ἀαρὼν,
802 5492 978 5563 χάνοι
1006 5493 1141 5560 ,περὶ
1174 5490 1373 5547 Δαθάν
1401 5507 1467 5545 τε
1498 5491 1598 5545 καὶ
1619 5489 1889 5559 Ἀϐειρὼν
1914 5491 2011 5544 καὶ

409 5589 538 5657 τὴν
580 5582 781 5641 αὐτῶν
809 5584 1030 5654 γενεὰν
1057 5583 1150 5652 ἐφ’
1176 5581 1260 5651 ἣν
1313 5582 1614 5650 ἑστήκασι
1682 5581 1781 5651 γῆ.
1836 5584 1900 5635 Ei
1958 5581 2011 5634 δ’

410 5680 789 5748 ἀληθεύοιεν
832 5677 965 5734 κατ’
1006 5676 1181 5747 ἐμοῦ,
1220 5671 1312 5743 οἷς
1337 5675 1743 5747 ἐπηρασάμην
1784 5675 2010 5744 αὐτοῖς,

408 5775 536 5848 ἐγὼ
561 5771 965 5845 περιπέσοιμι.
1026 5769 1217 5826 Ταῦτα
1248 5765 1372 5827 εἶπε
1426 5770 1707 5839 δακρύων,
1748 5769 1842 5823 καὶ
1867 5770 2013 5822 σεῖε·

411 5890 511 5927 ται
540 5870 644 5941 μὲν
664 5865 862 5939 ἀθρόον
908 5866 942 5939 ἡ
1012 5867 1110 5938 γῆ.
1157 5863 1408 5938 Σκληροῦ
1433 5864 1491 5920 δὲ
1543 5864 1812 5936 ῥαγέντος
1852 5863 2011 5933 ἧχου,

2110 4653 2353 4715 Domine,
2389 4651 2498 4704 doli
2529 4650 2661 4704 mali
2706 4659 2977 4719 suspectus
3024 4649 3238 4717 habeor,
3267 4661 3321 4702 tu
3377 4651 3488 4721 ipse
3523 4652 3695 4705 venito

2101 4744 2292 4815 judex,
2332 4759 2394 4798 ac
2421 4744 2723 4798 demonstra
2755 4743 2885 4797 nihil
2914 4743 3132 4814 fortuito
3161 4743 3295 4814 geri,
3323 4744 3421 4798 sed
3449 4752 3540 4797 tua
3569 4761 3694 4815 pro-

2111 4837 2343 4891 videntia
2377 4835 2663 4908 gubernari
2690 4837 2871 4889 omnia
2901 4850 2919 4888 .'
2952 4834 3091 4906 quod
3134 4836 3179 4889 si
3217 4841 3306 4887 tuo
3330 4835 3485 4904 jussu
3516 4835 3695 4905 ponti-

2110 4931 2327 5000 ﬁcatum
2375 4930 2579 4984 Aaroni
2608 4930 2748 4998 dedi,
2803 4927 2958 4984 tellus
2994 4931 3079 4983 cui
3128 4928 3347 4983 Dat/tan
3395 4937 3443 4981 et
3497 4930 3695 4982 Abit-on

2111 5043 2230 5081 cum
2257 5043 2356 5079 sua
2406 5026 2649 5095 progenie
2680 5025 2955 5090 insistunt,
3007 5024 3260 5077 dehiscat.
3291 5020 3386 5078 Sin
3415 5039 3538 5077 vera
3572 5029 3696 5077 sunt

2111 5133 2228 5187 qua:
2264 5127 2450 5170 contra
2480 5131 2562 5170 me
2609 5116 2809 5183 dicunt,
2847 5130 2965 5186 quw
3004 5115 3077 5170 eis
3107 5130 3223 5168 sum
3251 5115 3603 5185 imprecatus,
3632 5129 3696 5167 ea

2110 5213 2165 5265 in
2199 5223 2356 5281 caput
2386 5226 2560 5264 meum
2609 5208 2922 5264 redundent.
2961 5207 3088 5264 llaec
3132 5208 3225 5263 ubi
3276 5207 3585 5279 lacrymaus
3612 5207 3698 5262 di-

2112 5303 2303 5367 xisset,
2343 5301 2504 5355 tellus
2558 5300 2923 5356 vehementer
2965 5315 3259 5363 concussa,
3292 5313 3417 5353 cum
3481 5298 3695 5368 ingenti

2112 5392 2328 5464 fragore
2382 5385 2534 5462 juxt'a
2588 5392 2808 5446 illorum
2876 5390 3294 5444 tabernaculum
3355 5388 3691 5457 dehiscens;

2114 5502 2237 5541 cum
2279 5495 2335 5540 et
2364 5487 2513 5555 ipsos
2539 5496 2595 5540 et
2626 5500 2820 5540 eorum
2871 5483 3056 5538 omnia
3097 5482 3442 5552 deglutisset,
3484 5483 3697 5536 iterum.

2112 5584 2364 5651 expletus
2407 5589 2493 5635 cst
2527 5581 2735 5633 hiatus.
2758 5579 2854 5633 His
2882 5578 3040 5632 lactis
3072 5577 3310 5647 populus
3336 5585 3541 5646 stupet.
3579 5576 3698 5630 Mo-

2114 5690 2204 5731 ses
2237 5691 2335 5730 eos
2384 5673 2477 5743 qui
2528 5669 2900 5727 sacerdotium
2947 5668 3051 5722 sibi
3105 5668 3482 5733 vindicabant,
3516 5677 3697 5721 vocat.

2113 5767 2460 5825 Conveniunt
2492 5764 2598 5820 viri
2643 5763 2890 5817 illustres
2919 5777 3015 5817 CCL
3071 5764 3254 5816 Aaron
3300 5758 3517 5815 etCore
3572 5766 3699 5814 ante

2117 5858 2538 5919 tabernaculum
2586 5870 2712 5911 cum
2749 5853 2954 5912 acerris
3005 5854 3123 5910 suis
3154 5867 3366 5931 eaquae
3400 5850 3504 5922 ipsi
3553 5857 3696 5903 attu-
