4098 6400
3582 342 3686 406 100

2583 463 2679 520 τὰς
2715 458 2940 510 ἐκείνων
2978 458 3204 527 σκηνὰς,
3269 456 3365 508 καὶ
3413 455 3610 518 αύτούς
3643 473 3704 507 τε

423 374 496 437 99
1691 355 2022 419 JOANNIS

2136 351 2382 412 lNAREE

419 484 620 545 lerant,
657 477 903 534 sulﬁunt.
932 477 1073 531 Tum
1102 475 1302 546 ingens
1322 471 1537 526 ﬂamma
1571 468 1796 530 emicat,
1825 467 2010 536 qualis

2136 461 2374 529 ςυνίζησε
2403 461 2531 528 περὶ

424 570 685 623 videlicet
707 569 936 639 jubente
961 563 1458 624 Deo-incendatur,
1487 576 1595 629 qua
1627 560 1703 612 illi
1746 573 1851 612 CCL
1889 572 1996 610 una

2136 558 2207 606 ιαὶ
2243 555 2308 606 τὰ
2345 553 2526 606 αὐτῶν
2555 555 2634 612 εἰς
2673 551 2731 602 τὸ
2767 552 2958 620 χάσμα
2988 562 3319 619 κατήνεγκε,
3376 549 3470 600 καὶ
3524 548 3701 610 οὕτως

424 677 550 716 cum
582 661 725 716 Core
760 660 835 712 ita
870 657 1304 726 conﬂagrarunt,
1343 663 1407 707 ut
1465 667 1569 706 nec
1597 649 1869 705 cadavera
1913 664 2008 702 eo—

2136 645 2270 708 ιῦθις
2301 644 2532 714 συνῆλθε
2556 644 2616 696 τὸ
2650 642 2900 705 διεστώς.
2958 642 3080 694 Ἐπὶ
3112 641 3324 704 τούτοις
3356 639 3546 710 ἔφριξε
3603 641 3707 710 μὲν

428 771 546 809 rum
581 752 979 822 reperirentur.
1005 748 1169 803 Solus
1184 748 1367 800 Aaron
1396 743 1689 798 incolumis
1709 741 2006 796 invenitur.

2136 738 2334 800 ιλαὺς,
2394 737 2639 804 Μωῦσῆς
2709 735 2766 787 δὲ
2825 734 2985 787 καλεῖ
3027 734 3156 798 τοὺς
3215 732 3344 804 περὶ
3406 732 3708 804 ἱερωσύνης

441 845 622 899 Moses
682 841 966 896 thuribula
1017 839 1253 892 illorum
1291 837 1539 892 virorum
1591 835 1737 888 circa
1795 848 2003 887 aeneam

2136 829 2546 900 ιμιλλαμένους.
2611 828 2720 881 Καὶ
2787 825 3140 888 συνελθόντες
3213 825 3556 894 πεντήκοντα
3612 828 3710 878 καὶ

425 950 582 991 aram
643 933 838 1004 reponi
882 932 1066 1002 jubet,
1094 932 1149 984 in
1173 931 1251 984 rei
1281 941 1448 1002 gesta:
1495 935 1914 982 monumentum
1945 923 2014 978 ad

2136 924 2382 976 ἰιακόσιοι
2440 922 2637 992 ἀνδρες
2667 921 2800 974 .τῶν
2848 921 3163 991 ἐπισήμων,
3214 920 3310 973 καὶ
3347 917 3565 986 Ἀαρὼν
3613 920 3712 972 καὶ

429 1039 724 1099 posteros;
764 1042 831 1082 ac
869 1026 1054 1082 denuo
1111 1025 1299 1078 habita
1345 1023 1637 1087 concione,
1690 1019 1860 1074 edicit
1909 1017 2013 1072 tri-

2136 1017 2265 1087 {opé
2303 1017 2409 1086 πρὸ
2439 1015 2540 1085 τῆς
2577 1014 2786 1084 σκηνῆς
2816 1014 2909 1066 ἐπὶ
2981 1015 3093 1076 τοῖς
3133 1013 3522 1083 θυμιατηρίοις
3571 1009 3714 1063 καθ-

431 1122 616 1185 bunis,
644 1132 705 1174 ut
730 1120 953 1174 nomina
971 1118 1213 1172 tribuum
1235 1116 1450 1171 baculis
1474 1116 1735 1184 inscripta
1755 1112 2011 1167 aﬂ‘erant.

2136 1107 2308 1178 ῇγιζον
2347 1106 2383 1160 ἃ
2405 1107 2684 1176 ἐκόμιζον.
2737 1102 3043 1174 Ἐξέλαμψε
3068 1103 3127 1156 δέ
3175 1102 3288 1173 πῦρ
3310 1101 3444 1155 πολὺ
3475 1096 3590 1154 οἷον
3640 1101 3712 1153 ἂν

428 1213 567 1270 Nam
625 1211 776 1266 illius
825 1211 943 1265 fore
981 1207 1377 1270 sacerdotium,
1414 1208 1469 1260 in
1514 1205 1674 1276 cujus
1714 1203 1912 1258 baculo
1942 1201 2016 1255 si-

2136 1201 2256 1255 Baoi
2297 1200 2663 1261 κελεύσαντος
2719 1195 3012 1266 ἀναφθείη,
3048 1195 3140 1263 ὑφ’
3164 1186 3224 1247 οὗ
3255 1194 3393 1247 οἵτε
3438 1192 3712 1246 διακόσιοι

429 1318 605 1374 gnum
634 1301 904 1356 edidisset
926 1301 1092 1355 Deus.
1133 1298 1388 1354 Aﬂ‘erunt
1421 1297 1590 1367 igitur
1617 1305 1733 1350 tum
1761 1289 2018 1348 alii'suos

2136 1292 2214 1344 ιαὶ
2253 1291 2619 1360 πεντήκοντα,
2651 1289 2752 1342 καὶ
2771 1286 2917 1356 Κορέ
2948 1284 3350 1355 διεφθάρησαν,
3377 1281 3454 1347 ὡς
3484 1282 3622 1353 μηδὲ
3643 1281 3714 1335 τά

429 1394 676 1457 baculos,
711 1401 827 1447 tum
857 1393 1040 1446 Aaron
1079 1405 1299 1460 quoque
1331 1403 1515 1448 suum,
1575 1386 1766 1441 Levita
1824 1383 2018 1439 inscri-

2136 1383 2354 1453 πώματα
2389 1382 2574 1436 αὐτῶν
2629 1379 2944 1452 εὑρεθῆναιο
2984 1378 3145 1448 μόνος
3165 1377 3222 1429 δὲ
3255 1375 3473 1443 Ἀαρὼν
3509 1375 3712 1446 εὑρέθη

429 1493 548 1553 pto.
573 1483 681 1538 Eos
710 1483 764 1536 in
790 1481 1144 1536 tabernaculo
1168 1479 1261 1534 Dei
1288 1479 1537 1546 repasuit
1561 1478 1790 1545 Moyses,
1824 1475 2022 1546 postri-

2136 1473 2431 1543 Ξιλώϐητος.
2485 1471 2725 1542 Μωῦσῆς
2752 1471 2809 1524 δέ
2844 1469 2912 1522 τὰ
2968 1469 3312 1538 θυμιατήρια
3346 1466 3455 1520 τῶν
3503 1466 3717 1535 ἀνδρῶν

431 1575 521 1628 die
555 1573 784 1642 protulit
816 1587 880 1628 ac
901 1573 1085 1629 caeteri
1110 1571 1356 1642 quidem,
1386 1571 1579 1640 quales
1609 1569 1852 1632 fuerant,
1882 1568 2022 1622 tales

2136 1569 2352 1620 ἐκείνων
2420 1566 2550 1636 περὶ
2597 1565 2691 1618 τὶν
2753 1563 2986 1632 χάλκεον
3037 1561 3297 1614 ἐκέλευσε
3373 1559 3717 1613 καταθέσθαι

431 1664 540 1736 42
569 1674 889 1719 manserant
926 1682 940 1722 :
984 1664 1222 1718 Araonis
1265 1672 1482 1718 autem‘
1507 1670 1563 1715 et
1597 1675 1783 1714 ramos
1814 1669 1870 1714 et
1897 1661 2020 1713 fru-

429 1763 555 1809 ctus
571 1755 909 1825 germinarat
935 1771 947 1808 :
975 1769 1114 1824 quos
1136 1753 1352 1808 fructus
1373 1751 1607 1808 Levitici
1639 1751 1780 1805 liber
1811 1765 2017 1816 nuces;

2127 1657 2334 1730 βωμὸν,
2379 1656 2447 1709 ἵν’
2482 1657 2793 1726 ὑπόμνησις
2825 1649 2929 1708 ὦσι
2952 1654 3060 1707 τῶν
3093 1653 3426 1721 γεγονότων,
3473 1651 3570 1705 καὶ
3598 1652 3716 1712 τοῖς

2129 1751 2450 1822 μετέπειτα.
2507 1748 2917 1818 Ἐκκλησιάσας
2971 1746 3029 1799 δὲ
3082 1745 3244 1800 πάλιν
3297 1745 3529 1814 προεῖπε
3597 1745 3719 1805 τοῖς

433 1821 704 1916 Iosephus
735 1821 1052 1916 amygdalas
1083 1845 1256 1900 fuisse
1287 1844 1438 1900 dicit.
1468 1843 1890 1912 Obstupuerunt
1914 1842 2017 1912 igi-

2136 1840 2422 1910 ρυλάρχοις
2467 1839 2646 1908 ἥκειν,
2682 1836 2751 1890 τὰ
2785 1838 2891 1889 τῶν
2917 1836 3102 1906 φυλῶν
3123 1836 3364 1906 ὀνόματα
3388 1833 3718 1906 βακτηρίαις

436 1947 528 1991 tur
563 1951 778 1998 omnes.
812 1937 1028 1991 Aarone
1066 1946 1150 1990 ter
1175 1934 1449 1990 divinitus
1474 1934 1676 1990 electo.
1722 1933 1844 1988 Jam
1893 1933 2023 2002 quia

436 2024 681 2081 Levitica
712 2026 893 2081 tribus
929 2025 1204 2080 bellorum
1239 2033 1297 2080 et
1325 2025 1737 2095 expeditionum
1764 2023 2030 2080 immunis

436 2125 576 2181 erat,
605 2132 674 2171 ne
705 2116 778 2171 ob
801 2132 916 2171 rem
942 2117 1377 2172 necessariarum
1411 2115 1722 2186 penuriam,
1745 2129 2032 2170 sacrorum

438 2220 627 2259 curam
651 2205 977 2277 adjicerent,
1001 2205 1159 2278 jubet
1192 2205 1404 2276 Moyses
1427 2203 1697 2269 Hebraeis,
1733 2213 1790 2257 ut
1813 2202 2030 2259 Chana—

439 2313 558 2353 nma
603 2308 748 2354 terra
783 2309 960 2370 parta,
991 2299 1194 2370 oppida
1220 2313 1382 2352 XLVIII
1407 2297 1617 2352 Levitis
1657 2297 2022 2368 assignarent,

443 2399 502 2443 ut
536 2403 700 2459 agros
746 2399 876 2444 ante
906 2405 992 2454 ea,
1023 2398 1082 2444 et
1134 2389 1380 2443 decimas
1411 2403 1723 2444 annuat-um
1780 2388 2022 2458 frugum,

441 2490 558 2536 tum
584 2481 740 2553 ipsis,
794 2491 911 2537 tum
966 2480 1350 2537 sacerdotibus
1397 2481 1752 2551 penderent:
1805 2482 2026 2552 aliaque

441 2574 683 2644 plurima
742 2573 824 2629 eis
882 2589 913 2629 a
948 2576 1152 2644 populo
1203 2572 1502 2628 tribuenda
1556 2572 1868 2637 constituit,
1901 2588 2026 2642 quae

441 2667 537 2737 qui
571 2667 890 2738 singulatim
925 2670 1070 2724 scire
1115 2667 1396 2724 desiderat
1432 2667 1486 2722 in
1522 2667 1688 2736 libro,
1736 2668 1832 2738 qui
1861 2667 2025 2722 Levi-

444 2762 586 2814 ticus
609 2759 937 2816 inscribitur
973 2761 1241 2816 inveniet.
1921 2749 1930 2754 ’

2123 1929 2592 1998 ἐπιγεγραμμένα
2628 1927 2979 1997 κομίζοντας,
3043 1925 3239 1994 ἐκείνῳ
3277 1924 3377 1994 τῆς
3405 1924 3720 1995 ἱερωσύνης

2125 2023 2412 2092 ἐσομένης,
2453 2015 2625 2092 οὗπερ
2679 2018 2744 2074 ἂν
2767 2022 2833 2088 τῇ
2876 2017 3154 2088 βακτηρίᾳ
3211 2018 3441 2087 σημεῖον
3483 2017 3719 2085 γένηται

2130 2114 2195 2165 ἐκ
2228 2112 2397 2166 Θεοῦ.
2463 2111 2800 2182 Κομίζουσιν
2839 2107 2956 2172 οὖν,
2979 2108 3035 2161 οῖ
3074 2125 3130 2161 τε
3160 2107 3310 2163 ἄλλοι
3356 2108 3451 2161 καὶ
3479 2107 3717 2177 Ἀαρὼν,

2130 2207 2448 2275 ἐπιγράψας
2477 2209 2545 2276 τῇ
2582 2205 2860 2275 βακτηρίᾳ
2906 2203 3163 2274 Λευῖτην,
3204 2201 3272 2264 ἃς
3325 2203 3386 2255 ἐν
3418 2204 3486 2273 τῇ
3539 2203 3720 2272 σκηνῇ

2132 2296 2228 2350 τοῦ
2262 2297 2397 2350 Θεοῦ
2431 2297 2692 2351 κατέθετο
2719 2296 2986 2368 Μωῦσῆς,
3017 2298 3082 2367 τῇ
3125 2296 3170 2349 δ’
3200 2297 3433 2370 ἐπιούσῃ
3478 2295 3712 2366 προεκό-

2139 2405 2307 2460 μισαν
2337 2389 2564 2451 ταύτας.
2592 2391 2700 2443 Καὶ
2723 2392 2778 2443 αί
2817 2391 2916 2460 μὲν
2948 2388 3130 2454 ἄλλαι,
3155 2383 3268 2442 οἷαί
3326 2404 3432 2460 περ
3494 2387 3725 2457 ἐτύγχαο

2135 2498 2248 2547 νον,
2276 2481 2490 2551 έμενον,
2520 2484 2552 2553 ἡ
2585 2483 2642 2535 δὲ
2671 2482 2880 2552 Ἀαρὼν
2927 2481 3234 2552 ἐϐλάστησε
3268 2481 3498 2544 κλάδους
3522 2497 3581 2533 τε
3615 2479 3714 2532 καὶ

2133 2573 2406 2644 καρπούς.
2440 2574 2620 2628 Τὸνδέ
2653 2576 2870 2647 καρπὸν
2902 2578 2935 2645 ή
2965 2575 3064 2646 μὲν
3095 2576 3190 2628 τοῦ
3221 2574 3511 2628 Λευῖτικοῦ
3538 2572 3722 2644 βίϐλος

2135 2666 2321 2735 κάρυα
2369 2667 2542 2735 λέγει,
2589 2667 2886 2738 ἀμύγδαλα
2914 2668 2970 2722 δὲ
3036 2671 3064 2720 6
3121 2666 3407 2734 Ὶώσηποξ.
3462 2665 3726 2732 Ἐξεπλά-

2135 2775 2319 2827 γησαν
2363 2755 2458 2815 οὖν
2507 2761 2735 2827 πάντες,
2785 2762 2908 2834 τρὶς
2935 2763 3026 2815 τὸν
3055 2760 3270 2833 Ἀαρὼν
3299 2761 3726 2832 χειροτονήσαν-

443 2869 538 2916 τος
593 2852 689 2906 τοῦ
721 2853 880 2908 Θεοῦ.
910 2854 1070 2907 Ἐπεὶ
1111 2853 1169 2907 δέ
1207 2853 1469 2924 πολέμων
1535 2854 1634 2907 καὶ
1691 2851 1982 2923 στρατείας
2043 2851 2071 2922 ή
2112 2851 2224 2904 τῶν
2288 2854 2534 2908 Δευῖτῶν
2581 2855 2774 2924 ἀφεῖτο
2824 2855 2992 2926 φυλὴ,
3046 2856 3135 2910 ἵνα
3205 2856 3281 2926 μὴ
3346 2856 3435 2910 διὰ
3487 2856 3726 2925 ἀπορίαν

447 2949 554 3002 τῶν
637 2953 958 3021 ἀναγκαίων
1016 2952 1272 3024 ἀμελοῖεν
1349 2954 1450 3023 τῆς
1518 2951 1867 3022 λειτουργίας
1936 2949 2034 3005 τοῦ
2111 2950 2284 3023 ίεροῦ,
2321 2952 2540 3005 ἐκέλευε
2593 2953 2835 3023 Μωῦσῆς
2917 2954 3016 3024 τὴν
3068 2952 3383 3007 Χαναναίαν
3433 2951 3723 3024 κτησαμέ-

444 3059 572 3108 νους
596 3047 726 3110 τοὺς
763 3045 1076 3116 Ἐϐραίους,
1097 3043 1243 3099 ὀκτὼ
1259 3043 1355 3099 καὶ
1377 3045 1800 3114 τεσσαράκοντα
1829 3043 2018 3106 πόλεις
2059 3046 2391 3115 κατανεῖμαι
2456 3049 2570 3110 τοῖς
2623 3044 2900 3111 Λευίταις,
2934 3046 3029 3098 καὶ
3093 3046 3198 3116 γῆν
3232 3046 3346 3115 πρὸ
3379 3046 3587 3112 αὐτῶν,
3620 3047 3719 3100 καὶ

444 3138 683 3209 δεκάτην
741 3137 850 3190 τῶν
913 3137 1178 3191 ἐπετείων
1251 3137 1484 3208 καρπῶν
1563 3137 1749 3200 αὐτοῖς
1806 3153 1867 3190 τε
1933 3137 2032 3191 καὶ
2069 3140 2182 3202 τοῖς
2244 3138 2453 3210 ίερεῦσι
2499 3138 2699 3206 τελεῖν,
2779 3140 2873 3192 καὶ
2922 3138 3060 3194 ἄλλα
3109 3137 3166 3193 δὲ
3215 3137 3444 3216 πλείστα
3508 3140 3724 3206 τούτοις

445 3231 709 3303 χορηγεῖν
757 3229 848 3282 τὸν
891 3227 1022 3282 λαὸν
1079 3230 1391 3297 διετάξατο,
1450 3223 1526 3284 ὧν
1587 3229 1649 3284 τὸ
1696 3229 1821 3284 καθ’
1871 3231 2163 3287 ἓκαστονό
2213 3232 2418 3304 ζητῶν,
2496 3231 2599 3304 τήν
2659 3232 2754 3287 τοῦ
2813 3232 3105 3287 Δευῖτικοῦ
3165 3233 3350 3305 βίϐλον
3403 3235 3724 3309 ἀναπτύξας

448 3325 700 3395 εὐρήσεμ

517 3413 710 3470 XVIII.
747 3413 842 3470 His
866 3413 1038 3471 rebus
1065 3413 1362 3482 ordinatis,
1393 3414 1573 3471 Moses
1600 3429 1733 3470 cum
1773 3413 2025 3471 exercitu

2206 3410 2319 3470 IH'.
2351 3412 2539 3468 Ταῦτα
2577 3413 2635 3467 δὲ
2665 3412 2926 3480 διατάξας
2971 3415 3236 3486 Μωῦσῆς,
3277 3417 3374 3470 ἐπὶ
3417 3417 3517 3490 τὴν
3561 3418 3727 3474 Ἰδου-

447 3507 518 3563 ad
568 3506 863 3562 ldumaaam
901 3505 1136 3573 accedit,
1200 3506 1492 3562 transitum
1541 3514 1761 3579 petens.
1805 3507 1877 3561 At
1931 3521 2029 3561 rex

2136 3507 2308 3580 μαίαν
2335 3503 2471 3579 ἦλθε
2498 3509 2638 3579 μετά
2663 3508 2764 3580 τῆς
2811 3511 3101 3581 στρατιᾶς,
3171 3511 3274 3563 καὶ
3308 3511 3463 3582 ήξίου
3513 3513 3724 3581 παρελ-

446 3601 599 3657 illius
623 3609 780 3655 terra:
808 3615 935 3655 cum
965 3600 1195 3656 armatis
1220 3600 1395 3671 cepiis
1426 3601 1692 3656 occurrit.
1719 3599 1898 3655 Moses
1925 3598 2029 3653 ita-

2136 3599 2248 3653 θεῖν
2271 3598 2341 3652 δι’
2370 3599 2565 3670 αὐτῆς.
2591 3599 2706 3670 Τῆς
2727 3599 2915 3672 χώρας
2943 3599 3000 3654 δὲ
3021 3601 3048 3652 6
3081 3601 3358 3672 βασιλεὺς,
3385 3602 3524 3671 μετά
3555 3619 3725 3673 στρα-

449 3707 559 3763 que
590 3707 690 3763 per
713 3692 997 3748 desertum
1024 3692 1228 3763 pergit,
1254 3694 1498 3749 monitus
1517 3708 1548 3747 a
1569 3693 1682 3748 Deo
1700 3708 1769 3747 ne
1791 3706 2030 3763 pugnam

449 3786 859 3854 auspicaretur.
913 3785 993 3839 Eo
1049 3792 1302 3854 tempore
1362 3784 1529 3838 etiam
1564 3783 1882 3838 Mariamme
1913 3798 2034 3837 mo-

447 3877 617 3941 ritur,
653 3874 820 3931 Mosis
843 3889 1027 3943 soror,
1077 3875 1506 3947 quadragesimo
1545 3891 1692 3930 anno
1747 3885 1870 3945 post
1917 3874 2034 3929 exi-

450 3979 567 4023 tum
599 3984 665 4024 ει
698 3968 951 4041 Ᾱῐενριο.
1008 3970 1221 4040 Populo
1281 3970 1452 4041 igitur
1506 3969 1676 4026 ductu
1722 3969 1889 4025 Mosis
1936 3985 2035 4040 per

449 4059 728 4115 desertum
774 4071 831 4116 et
874 4061 1136 4116 Arabiam
1178 4062 1588 4132 proﬁciscente,
1644 4063 1834 4118 Aaron
1863 4063 2033 4118 etiam

449 4150 586 4218 obit,
622 4151 734 4206 alto
771 4164 959 4207 monte
993 4167 1318 4218 conscenso,
1378 4163 1436 4210 et
1478 4153 1892 4224 pontiﬁcalibus
1939 4168 2036 4208 ve-

453 4243 638 4299 stibus
674 4245 936 4300 Eleazaro
971 4245 1086 4300 ﬁlio
1121 4246 1342 4300 traditis
1367 4246 1423 4300 in
1468 4248 1656 4318 populi
1705 4257 2032 4316 conspectu,

455 4351 602 4390 anno
630 4338 808 4392 anatis
836 4353 1026 4393 cum.
1054 4337 1233 4393 Moses
1255 4339 1324 4393 ad
1364 4337 1731 4393 Moabitarum
1761 4346 1818 4392 et
1844 4340 2037 4391 Amor—

451 4426 730 4480 rbzeorum
757 4427 1040 4496 regionem
1065 4442 1412 4497 progressus,
1428 4429 1648 4498 petebat
1668 4439 1730 4483 ut
1750 4427 2036 4484 traducere

449 4517 642 4572 liceret
673 4518 1000 4572 exercitum.
1049 4518 1158 4573 Sed
1217 4519 1322 4573 loci
1365 4519 1515 4574 illius
1561 4535 1658 4574 rex
1691 4520 1837 4575 Seon
1887 4529 2040 4574 tran-

451 4610 562 4664 situ
600 4609 865 4679 populum
898 4610 1254 4678 prohibebat.
1315 4609 1453 4665 Cum
1510 4621 1697 4666 autem
1743 4611 1879 4667 Mosi
1909 4627 2040 4667 ora-

452 4699 640 4752 culum
675 4699 1013 4767 consulenti,
1065 4701 1314 4756 victoriaa
1362 4701 1518 4771 signa
1568 4702 1814 4758 dedisset
1866 4703 2033 4770 Deus,

2133 3692 2257 3754 τιᾶς
2278 3691 2506 3745 ἐνόπλου
2539 3692 2868 3763 προῦπήντᾳ
2892 3691 2970 3762 τῷ
3001 3693 3238 3762 Μωῦσῇ.
3269 3693 3381 3746 Καὶ
3408 3693 3467 3757 ὃς
3505 3693 3594 3746 διὰ
3617 3695 3722 3764 τῆς

2134 3782 2344 3852 ἐρήμου
2401 3781 2622 3852 ἐχώρει,
2647 3781 2727 3852 μὴ
2763 3781 2958 3851 ἄρχειν
3001 3783 3185 3853 μάχης
3249 3781 3724 3852 συμϐουλεύοντος

2135 3870 2234 3925 τοῦ
2268 3871 2428 3926 Θεοῦ.
2467 3871 2604 3925 Τότε
2634 3873 2733 3925 καὶ
2759 3873 3075 3944 Μαριάμμη
3116 3871 3378 3943 τέθνηκε,
3409 3872 3506 3926 τοῦ
3555 3874 3725 3928 Μωῦ-

2138 3959 2276 4024 σέως
2297 3961 2331 4031 ἡ
2363 3959 2651 4030 σύγγονος,
2697 3961 2838 4032 μετὰ
2872 3965 3318 4032 τεσσαρακοστὸν
3375 3963 3496 4028 ἔτος
3528 3965 3628 4035 τῆς
3661 3965 3725 4030 ἐξ

2134 4049 2416 4119 Αίγύπτου
2451 4050 2657 4117 ἐξόδου.
2692 4050 2798 4104 Τὸν
2823 4051 2882 4104 δέ
2930 4051 3061 4106 λαὸν
3091 4053 3276 4123 ἀπῆγε
3309 4053 3400 4106 διά
3453 4055 3554 4125 τῆς
3587 4057 3724 4125 ἐρή-

2140 4159 2266 4213 μου,
2304 4145 2400 4197 καὶ
2427 4145 2530 4214 τῆς
2561 4142 2851 4212 Ἀραϐίας,
2887 4143 3020 4198 ἔνθα
3048 4145 3146 4198 καὶ
3188 4145 3403 4216 Ἀαρὼν
3429 4146 3724 4217 ἐτελεύτη-

2138 4252 2231 4288 σεν
2265 4235 2346 4299 εἰς
2372 4236 2501 4307 ὄρος
2526 4235 2742 4300 ἀναϐὰς
2790 4234 3022 4306 ὑψηλὸν,
3056 4236 3154 4289 καὶ
3181 4235 3282 4308 τὴν
3317 4238 3720 4310 ἀρχιερατικὴν

2138 4327 2334 4397 στολὴν
2384 4327 2666 4397 παραδοὺς
2715 4326 2794 4398 τῷ
2847 4326 2950 4397 υἱῷ
3005 4325 3296 4399 Ἐλεάζαρ,
3344 4329 3439 4382 τοῦ
3481 4329 3721 4401 πλήθους

2137 4421 2398 4492 ὁρῶντος,
2455 4421 2551 4493 ἐτη
2593 4422 2744 4494 βιοὺς
2779 4421 2979 4475 ἐκατδν
3011 4422 3150 4493 πρὸς
3181 4425 3361 4477 είκοσι
3390 4424 3487 4477 καὶ
3517 4425 3720 4495 τρισίν.

2139 4513 2346 4567 Ἐλθὼν
2383 4513 2441 4567 δὲ
2471 4514 2712 4584 Μωῦσῆς
2756 4514 2850 4566 ἐπὶ
2879 4513 2978 4586 τὴν
3022 4514 3336 4568 Μωαϐιτῶν
3376 4516 3472 4569 καὶ
3521 4517 3723 4588 ’Λμορ-

2143 4607 2312 4678 ραίων
2339 4606 2547 4677 χώραν,
2574 4605 2653 4676 τῷ
2707 4605 2930 4677 στρατῷ
2957 4606 3130 4660 δίοδον
3167 4607 3310 4678 ήτει.
3342 4607 3501 4678 Σηὼν
3530 4610 3586 4664 δὲ
3621 4610 3726 4678 τῆς

2139 4697 2324 4769 χώρας
2351 4701 2379 4752 6
2409 4697 2676 4768 βασιλεὺς
2721 4698 3026 4754 διαϐαίνειν
3054 4701 3183 4763 τοὺς
3255 4699 3544 4772 Ἐϐραίους
3582 4701 3726 4755 ἐκώ-

451 4788 666 4845 Hebraai
702 4790 871 4843 armis
904 4792 1161 4860 sumptis,
1187 4793 1241 4844 in
1275 4790 1527 4860 praelium
1559 4795 1788 4846 vadunt.
1823 4791 2026 4848 Statim

2139 4790 2258 4855 λυε,
2282 4789 2505 4844 καὶτοῦ
2545 4789 2684 4844 Θεοῦ
2739 4790 2899 4860 νίκην
2953 4791 3306 4861 σημήναντος
3339 4792 3586 4863 ἐρομένῳ
3641 4791 3724 4862 τῷ

453 4881 511 4936 in
539 4880 721 4950 fugam
754 4890 1050 4937 vertuntur
1078 4883 1409 4949 Amorrbaei,
1429 4892 1483 4936 et
1514 4899 1708 4939 omnes
1727 4883 2029 4951 intereunt,

454 4985 584 5041 rege
621 4972 790 5025 etiam
820 4973 1026 5036 occiso,
1059 4981 1116 5028 et
1147 4974 1323 5043 captis
1349 4972 1603 5042 urbibus,
1640 4989 1704 5028 ac
1746 4974 2035 5044 provincia

455 5075 747 5134 occupata.
801 5063 952 5135 Ogus
998 5065 1132 5121 item
1191 5064 1513 5121 Galaditica:
1563 5076 1618 5121 et
1667 5067 2036 5123 Gaulanitidis

453 5170 574 5221 rex,
612 5155 707 5225 qui
739 5153 906 5211 Seoni
927 5157 1039 5226 jam
1089 5157 1381 5214 interfecto
1429 5158 1710 5228 suppetias
1750 5161 2030 5227 veniebat,

453 5246 730 5302 lsraelitas
761 5249 1102 5318 aggreditur.
1153 5248 1266 5302 Sed
1289 5260 1347 5304 et
1394 5251 1512 5320 ipse
1549 5251 1603 5304 in
1641 5251 1831 5321 pralio
1860 5253 2028 5316 cadit.

455 5349 512 5394 et
567 5341 849 5395 exercitus
901 5342 1023 5412 ejus
1057 5342 1273 5397 deletur
1315 5345 1494 5414 captis
1541 5345 1797 5410 urbibus,
1852 5356 1907 5400 et
1943 5347 2032 5400 in-

2141 4883 2373 4952 Μωῦσῇ,
2405 4883 2506 4944 τὰς
2542 4881 2851 4945 πανοπλίας
2885 4881 3253 4945 ἀναλαϐόντες
3285 4881 3550 4954 Ἑϐραῖοι,
3585 4885 3724 4954 πρὸς

2146 4973 2328 5044 μάχην
2359 4973 2625 5042 ἐχώρουν.
2657 4972 2968 5045 Τρέπονται
2999 4973 3044 5026 δ’
3077 4975 3278 5029 αὐτίκα
3304 4977 3352 5027 οἱ
3377 4976 3722 5046 Ἀμορραῖοι,

2145 5068 2242 5120 καὶ
2271 5064 2514 5127 ἅπαντες
2537 5065 2940 5135 διεφθάρησαν.
2966 5066 3234 5119 Πέπτωκε
3281 5066 3341 5119 δὲ
3375 5070 3471 5121 καὶ
3502 5067 3656 5135 Σηὼν
3693 5071 3726 5121 6

2141 5158 2324 5213 αὐτῶν
2379 5157 2657 5228 βασιλεὺς,
2709 5159 2804 5211 καὶ
2852 5163 2954 5222 τὰς
3016 5159 3204 5222 πόλεις
3257 5154 3422 5226 εἷλον,
3491 5162 3586 5213 καὶ
3618 5163 3721 5232 τὴν

2139 5251 2247 5323 γῆν
2277 5253 2504 5306 ἐκείνων
2531 5250 2868 5323 παρέλαϐον.
2901 5251 3242 5304 Ἐπιτίθεται
3269 5251 3328 5304 δὲ
3357 5255 3473 5316 τοῖς
3504 5253 3726 5325 Ἰσραη-

2135 5343 2340 5412 λίταις,
2377 5345 2471 5398 καί¹
2514 5345 2618 5414 Ὠγ
2664 5345 2694 5396 6
2721 5345 2823 5414 τῆς
2873 5344 3192 5414 Γαλαδηνῆς
3251 5346 3472 5416 καὶτῆς
3504 5346 3719 5401 Γαυλα-

454 5430 594 5484 colis
654 5431 982 5488 interfectis.
1036 5435 1166 5489 Inde
1201 5434 1378 5489 Moses
1431 5435 1619 5504 copias
1669 5437 1724 5491 in
1779 5452 2027 5508 magnam

2138 5438 2338 5501 νίτιδος
2391 5437 2648 5508 βασιλεὺς
2697 5436 2991 5508 σύμμαχος
3045 5437 3216 5491 ἐλθὼν
3263 5438 3344 5509 τῷ
3409 5440 3566 5512 Σηὼν
3614 5442 3718 5513 ήδη

454 5519 739 5588 planitiem
766 5522 940 5591 ducit,
974 5535 1030 5580 et
1060 5533 1240 5580 castra
1275 5535 1467 5580 contra
1501 5526 1914 5583 Hierichuntem
1944 5529 2028 5583 lo-

455 5619 563 5678 cat,
600 5613 792 5668 urbem
818 5616 1056 5682 beatam,
1087 5633 1151 5673 ac
1193 5620 1496 5688 palmarum
1523 5629 1579 5674 ct
1623 5620 1857 5674 Balsami
1883 5621 2026 5676 fera-

455 5717 600 5758 cem.
634 5703 866 5761 Balacus
889 5717 1073 5762 autem
1114 5725 1209 5764 rex
1241 5710 1555 5765 Balaamum
1602 5721 1782 5764 vatem
1835 5727 2028 5767 accer-

457 5803 552 5864 snt,
584 5805 646 5852 ut
669 5795 948 5857 Israelitas
980 5801 1118 5859 diris
1139 5803 1472 5860 devoveret.
1491 5802 1599 5858 Sed
1629 5803 1734 5858 iter
1754 5804 2023 5876 ingresso,

2140 5529 2469 5583 ἀπολωλότι.
2502 5530 2679 5592 Αὐτός
2725 5547 2784 5582 τε
2808 5527 2902 5584 οὖν
2945 5531 3172 5602 θνήσκει
3203 5532 3348 5585 κατά
3377 5534 3476 5603 τὴν
3511 5535 3718 5605 μάχην,

2140 5621 2238 5675 καὶ
2299 5623 2325 5672 6
2359 5622 2592 5692 στρατὸς
2623 5621 2790 5675 αὐτοῦ
2824 5623 3228 5694 διαφθείρεται,
3267 5625 3360 5678 καὶ
3419 5627 3476 5680 αί
3530 5627 3719 5691 πόλεις

2140 5714 2408 5780 ἑάλωσαν,
2471 5713 2568 5766 καὶ
2597 5715 2648 5766 οἱ
2705 5715 3045 5782 ἐνοικοῦντες
3113 5719 3419 5775 ἀπώλοντο.
3471 5719 3719 5774 Ἐκεῖθεν

2137 5807 2194 5863 δὲ
2221 5807 2466 5878 Μωῦσής
2499 5807 2600 5880 τήν
2643 5808 2878 5881 δύναμιν
2923 5815 3144 5871 κατὰτὸ
3176 5817 3321 5882 μέγα
3352 5816 3534 5872 πεδίον
3566 5817 3715 5883 ἄνει,
