4098 6450
387 370 488 434 101

1652 371 2068 432 ANN-ALIUM
2109 369 2259 432 LIB.
2310 370 2359 430 Ι.

3560 366 3664 429 102

387 484 484 534 καὶ
552 482 981 553 στρατοπεδεύει
1033 480 1390 554 Ἱεριχοῦντος
1452 482 1655 536 ἔναντι.
1717 481 1880 543 Πόλις
1931 481 1978 533 δ’

2088 478 2306 533 divinus
2334 477 2560 548 angelus
2593 476 2861 534 occurrit.
2897 491 3009 544 quo
3037 475 3212 534 asina.
3249 475 3339 531 cui
3370 476 3659 531 Balaamus

385 576 540 628 ἐστὶν
569 575 850 645 εὐδαίμων
909 574 1074 646 αὓτη,
1131 575 1389 643 φοινικάς
1441 593 1500 627 τε
1558 573 1829 645 φέρουσα,
1886 571 1981 623 καὶ

389 665 671 736 βάλσαμον
737 667 1049 737 νεμομένη.
1088 665 1275 720 Βαλὰκ
1322 667 1380 719 δὲ
1429 668 1456 719 6
1512 665 1623 720 τῶν
1665 663 1980 719 Μωαϐιτῶν

389 757 674 828 βασιλεὺς,
711 758 1113 828 μετακαλεῖται
1159 757 1251 812 τὸν
1276 759 1488 828 μάντεα
1543 756 1798 827 Βαλαὰμ,
1832 757 1981 818 ὅπως

386 851 476 902 ἐπ’
504 850 714 921 ὀλέθρέρ
772 851 884 903 τῶν
941 849 1305 922 Ἰσραηλιτῶν
1363 849 1505 920 ἀρὰς
1561 849 1767 920 ποιήσῃ
1798 863 1981 916 παρα-

387 942 846 1010 γενόμενος.Καὶ
909 943 938 994 6
991 944 1088 1012 μὲν
1142 941 1331 1012 ἀπῄει.
1388 940 1551 994 Κατά
1610 940 1810 1009 δὲτὴν
1861 937 1980 992 ὁδὸν

386 1033 624 1100 ἀγγέλου
653 1033 798 1086 θείου
836 1032 1250 1102 προσϐαλόντος
1285 1032 1457 1101 αὐτῷ,
1486 1033 1519 1103 ἡ
1558 1025 1758 1104 ὖνος,ᾖ
1789 1033 1816 1084 6
1869 1030 1978 1084 Ba-

392 1123 550 1191 λαάμ
584 1125 872 1193 ἐπωχεῖτο,
927 1125 1152 1175 συνεῖσα
1180 1123 1276 1175 τοῦ
1325 1122 1474 1174 θείου
1520 1121 1854 1190 πνεύματος,
1915 1119 1977 1172 ού

388 1214 745 1283 προέϐαινεν,
798 1213 921 1266 ούδέ
949 1216 1073 1277 ταῖς
1114 1215 1358 1282 πληγαῖς
1393 1212 1648 1267 ἐνεδίδου·
1681 1217 1981 1282 φωνήσασα

385 1307 434 1358 δ’
462 1307 828 1377 ἀνθρωπίνως
877 1307 1020 1360 κατὰ
1047 1305 1198 1361 θεῖαν
1226 1305 1510 1375 βούλησιν,
1565 1304 1755 1358 ἄδικον
1792 1302 1981 1357 ἐκάλει

387 1399 484 1451 τὸν
511 1400 786 1468 δεσπότην
838 1399 1061 1469 πληγάς
1113 1399 1256 1469 αὐτῇ
1324 1397 1685 1468 ἐπιφέροντα,
1748 1394 1846 1448 καὶ
1905 1393 1982 1464 μὴ

389 1490 667 1548 συνιέντα.
696 1491 778 1542 ὅτι
814 1490 879 1541 ἐκ
905 1487 1042 1541 Θεοῦ
1078 1484 1160 1552 οἷς
1205 1488 1475 1541 ἔσπευσεν
1507 1488 1806 1558 ὑπηρετεῖν
1866 1487 1981 1556 εῐρ-

391 1599 576 1649 γεται.
604 1581 1032 1650 Ταραττομένου
1062 1581 1106 1633 δ’
1133 1580 1304 1635 αὐτοῦ
1338 1581 1429 1635 διὰ
1472 1581 1572 1650 τὴν
1629 1580 1981 1650 ἀνθρωπίνην

391 1672 603 1740 φωνὴν,
633 1674 922 1740 ἐπιφανεὶς
954 1674 981 1725 6
1015 1673 1271 1741 ἄγγελος,
1306 1672 1469 1735 αὐτὸς
1500 1670 1600 1741 τήν
1651 1672 1768 1724 ὁδὸν
1826 1670 1982 1737 ἔλεγε

393 1765 630 1819 κωλύειν
696 1766 772 1836 τῷ
829 1766 1047 1836 κτήνει.
1106 1765 1443 1835 Βουλόμενον
1493 1765 1538 1816 δ’
1593 1764 1981 1833 ἀναστρέφειν,

391 1861 598 1930 χωρεῖν
633 1835 976 1929 προσωτέρω
1001 1856 1402 1929 παρώρμησεν,
1457 1857 1553 1910 καὶ
1579 1856 1607 1908 ὃ
1640 1855 1705 1909 ἂν
1751 1858 1814 1909 ἐκ
1846 1854 1980 1908 Θεοῦ
2010 1835 2058 1894 Β

393 1949 798 2019 ὲμπνευσθείη,
830 1948 996 2002 τοῦτο
1027 1949 1230 2017 λέγειν.
1262 1951 1372 2004 Καὶ
1400 1949 1427 2000 6
1451 1947 1550 2016 μὲν
1579 1948 1704 2018 ἥκει
1737 1947 1873 2017 πρὸς
1891 1947 1982 2002 τὸν

397 2043 606 2097 Βαλὰκ.
675 2043 785 2094 Καὶ
833 2042 916 2106 είς
968 2041 1094 2112 ὅρος
1154 2043 1366 2112 ἀχθεὶς,
1445 2043 1589 2099 ἑπτά
1641 2058 1701 2096 τε
1747 2041 1982 2112 ταύρους

391 2134 800 2199 ὀλοκαυτώσαε,
838 2134 930 2185 καὶ
975 2131 1279 2196 τοσούτους
1310 2133 1526 2204 κριοὺς,
1577 2133 1652 2197 ὼς
1712 2127 1823 2184 εἶδε
1858 2148 1984 2202 τρο-

395 2230 508 2294 πὴν
564 2225 1005 2295 σημαινομένην,
1065 2227 1126 2277 οὐ
1187 2225 1348 2295 μόνον
1404 2226 1464 2278 οὐ
1522 2222 1830 2294 κατηύξατο
1875 2222 1984 2274 τῶν

409 2317 710 2386 Ἐϐραίων,
763 2317 880 2370 ἀλλ’
916 2317 1244 2380 ἐπιθειάσας
1289 2316 1486 2379 αὐτούς
1525 2333 1582 2370 τε
1610 2317 1707 2370 καὶ
1736 2315 1795 2367 τὸ
1825 2313 1983 2382 γένος

395 2409 548 2460 ἆπαν
591 2407 774 2462 αὐτῶν
799 2407 1108 2478 ,εὐλόγησε,
1134 2407 1230 2461 καὶ
1285 2406 1587 2478 ἐξύμνησε.
1647 2405 1755 2458 Τοῦ
1789 2405 1844 2458 δὲ
1877 2405 1974 2457 Βα-

395 2497 504 2548 λὰκ
551 2497 1002 2568 δυσχεραίνοντος
1053 2498 1148 2550 ἐπὶ
1203 2497 1445 2562 τούτοις,
1493 2497 1600 2566 ἔφη
1645 2497 1672 2548 6
1726 2495 1978 2566 Βαλαάμ·

400 2591 524 2642 Οὐκ
553 2587 646 2656 ἐφ’
679 2587 826 2655 ἡμῖν
854 2587 988 2655 περὶ
1022 2586 1142 2640 τῶν
1170 2589 1456 2641 τοιούτων
1483 2585 1666 2656 σιγᾷν
1705 2588 1744 2656 ἢ
1783 2585 1986 2655 λέγειν

395 2679 593 2745 ἐστίν,
623 2673 980 2744 ὦβασιλεῦ,
1017 2679 1167 2733 ἀλλ’
1215 2679 1313 2732 ὅτε
1344 2678 1501 2748 ἡμᾶς
1547 2679 1616 2732 τὸ
1671 2679 1777 2733 τοῦ
1834 2677 1984 2733 Θεοῦ

395 2771 558 2838 λάϐῃ
595 2771 853 2840 πνεῦμα,
899 2771 973 2837 ἂς
1005 2771 1199 2824 ἐκεῖνο
1218 2756 1510 2836 ,βούλεται
1541 2772 1742 2840 φωνὰς
1770 2769 1985 2839 ἀφίησι

401 2863 480 2916 δι’
504 2861 694 2931 ἡμῶν.
742 2863 909 2931 Ἐμοί
970 2863 1040 2916 δὲ
1069 2861 1414 2932 χαρίζεο-θαι
1437 2864 1798 2932 βουλομένῳ
1859 2879 1983 2926 σοι,

397 2955 609 3021 βωμὸν
648 2947 822 3016 αὖθις
847 2953 1242 3022 ἐτοιμαστέον
1281 2955 1379 3007 καί
1429 2955 1681 3022 θύματα.
1716 2952 1845 3005 Θύει
1872 2951 1986 3004 τοί-

400 3063 500 3098 νυν
525 3043 621 3096 καὶ
665 3045 854 3105 πάλιν,
888 3044 987 3096 καὶ
1044 3061 1228 3097 πεσων
1282 3044 1377 3096 ἐπὶ
1423 3044 1622 3113 στόμα,
1684 3043 1987 3114 προύλεγεν

399 3139 506 3189 ὅσα
538 3153 598 3188 τε
629 3133 948 3205 βασιλεῦσιν
973 3137 1126 3188 ἔσται
1157 3135 1330 3206 πάθη,
1365 3137 1461 3188 καὶ
1481 3134 1584 3188 ὅσα
1615 3136 1740 3196 ταῖς
1771 3133 1982 3186 πόλεσι.

407 3228 600 3281 Βαλὰκ
659 3227 716 3280 δὲ
758 3228 975 3297 ἀτίμως
1028 3228 1351 3298 ἀποπέμπει
1394 3226 1488 3278 τὸν
1544 3224 1797 3294 Βαλαάμ.
1855 3219 1989 3275 Εἶτα

407 3322 513 3384 τὰς
548 3320 856 3390 παρθένους
907 3319 1215 3388 ἐπιπέμπει
1250 3321 1365 3381 τοῖς
1417 3316 1810 3388 Ἰσραηλίταις,
1851 3314 1993 3368 κατὰ

405 3412 726 3482 συμϐουλὴν
789 3410 1048 3478 Βαλαὰμ,
1109 3405 1198 3473 αἷς
1229 3411 1279 3463 ot
1309 3407 1420 3462 τῶν
1477 3407 1748 3478 Ἐϐραίων
1805 3406 1994 3469 παῖδες

403 3504 748 3567 ἁλίσκονται,
783 3501 879 3555 καὶ
926 3501 1156 3563 ταύταις
1208 3498 1502 3570 συνῄεσαν,
1556 3498 1632 3562 ὡς
1697 3494 1992 3558 διαπαντὸς

407 3598 517 3667 ἤδη
562 3595 658 3648 τοῦ
719 3593 959 3665 στρατοῦ
1014 3595 1113 3664 τὴν
1169 3592 1519 3663 παρανομίαν
1575 3592 1777 3662 χωρεῖν
1829 3591 1994 3661 ἔρωτι

411 3692 527 3742 τῶν
611 3689 968 3748 Μαδιανιτῶν
1053 3687 1359 3756 γυναικῶν,
1421 3686 1564 3748 θεοῖς
1640 3683 1819 3738 αὐτῶν
1885 3683 1994 3738 τῶν

421 3781 691 3851 Ἐϐραίων
722 3781 984 3850 θυόντων,
1029 3779 1125 3834 καὶ
1159 3780 1456 3850 ἀσυνήθων
1505 3777 1818 3846 γευομένων
1864 3792 1991 3844 τρο-

413 3874 555 3941 φῶν.
607 3873 852 3942 Μωῦσῆς
883 3873 941 3926 δὲ
984 3873 1065 3934 είς
1123 3871 1428 3941 ἐκκλησίαν
1461 3870 1690 3938 ἀγαγὼν
1721 3873 1811 3931 τὸν
1840 3869 1993 3932 λαὸν,

411 3968 515 4018 οὑκ
575 3965 704 4029 ἄξια
754 3965 890 4036 δρᾷν
943 3964 1176 4030 ἑαυτῶν,
1228 3963 1350 4016 οὐδὲ
1391 3962 1501 4016 τῶν
1563 3961 1816 4032 πατέρων
1867 3961 1997 4023 τοὺς

412 4060 574 4121 νέους
625 4058 805 4126 ἔλεγε·
866 4057 964 4111 κα)⁵
1016 4057 1282 4127 ἐπειρᾶτο
1333 4054 1560 4118 τούτους
1639 4051 1994 4124 ἐπανορθοῦν.

416 4149 688 4220 Ζαμϐρὴς
717 4150 776 4203 δὲ
815 4151 1099 4219 φύλαρχος
1139 4150 1215 4203 ὢν
1241 4147 1421 4218 φυλῆς
1445 4147 1544 4217 τῆς
1575 4146 1994 4216 Συμεωνίτιδος,

414 4246 515 4296 καὶ
556 4241 905 4295 Μαδιανίτιδι
946 4241 1241 4307 συνοικῶν,
1273 4241 1371 4293 καὶ⁹
1425 4238 1751 4308 περιμανῶς
1783 4237 2000 4308 ἐκείνης

2087 569 2382 634 insidebat,
2411 567 2822 630 animadverso,
2876 583 2988 621 non
3041 567 3523 637 progrediebatur,
3565 584 3662 622 ne-

2085 677 2192 732 que
2226 660 2459 716 cedebat
2486 660 2809 714 verberibus
2843 678 2856 714 :
2898 659 2993 713 sed
3033 660 3122 714 Dei
3178 668 3316 713 nutu
3365 675 3501 715 voce
3556 661 3663 714 hu-

2084 767 2243 805 mana
2269 752 2439 815 edita,
2466 751 2863 820 expostulabat
2911 751 3020 822 43
3056 766 3181 805 cum
3212 751 3460 816 domino,
3489 767 3520 804 a
3554 767 3667 820 quo

2085 846 2402 914 vapnlabat,
2439 845 2584 913 quod
2612 860 2720 898 non
2746 844 3097 914 intelligeret,
3156 843 3425 899 divinitus
3447 859 3512 899 ea
3539 861 3667 915 pro-

2083 937 2288 1000 hiberi,
2329 937 2396 991 ad
2457 953 2578 1006 quae
2644 944 2988 1006 properaret.
3033 936 3180 991 Voce
3225 936 3318 990 illa
3369 937 3667 1006 perterrito

2083 1029 2248 1083 etiam
2280 1028 2505 1098 angelus
2533 1036 2784 1097 apparet,
2828 1043 2891 1082 ac
2932 1043 2990 1081 se
3034 1027 3110 1081 ait
3158 1027 3412 1098 jnmento
3447 1031 3554 1081 iter
3580 1028 3665 1081 in-

2086 1119 2416 1174 tercludere.
2449 1119 2672 1174 Reverti
2729 1119 3028 1183 volentem,
3078 1127 3354 1189 utpergat
3381 1119 3664 1185 hortatur,

2083 1221 2139 1266 et
2161 1212 2433 1282 quidquid
2457 1213 2508 1266 ei
2546 1211 2812 1266 divinitus
2833 1212 3160 1282 inspiretur,
3186 1213 3356 1268 dicat.
3380 1215 3458 1267 Ac
3510 1213 3667 1267 venit

2084 1304 2179 1359 ille
2209 1304 2431 1373 quidem
2467 1303 2535 1358 ad
2577 1303 2857 1368 Balacnm,
2894 1313 2948 1359 et
2979 1304 3033 1358 in
3068 1313 3312 1359 montem
3341 1304 3666 1375 perductus,

2083 1403 2298 1467 septem
2331 1397 2504 1450 tauris
2539 1396 2882 1465 totidemque
2906 1396 3174 1451 arietibus
3199 1397 3518 1462 immolatis,
3539 1413 3667 1451 cum

2085 1500 2325 1559 Stragem
2372 1489 2673 1558 signiﬁcari
2729 1487 2966 1555 videret,
3022 1505 3132 1544 non
3168 1491 3330 1544 modo
3366 1491 3506 1544 mala
3557 1504 3668 1544 non

2087 1581 2421 1652 imprecatus
2472 1590 2557 1637 est
2608 1581 2900 1644 lsraelitis,
2958 1582 3053 1636 sed
3091 1591 3148 1636 et
3183 1583 3332 1652 ipsos
3382 1592 3440 1637 et
3495 1598 3662 1636 omne

2083 1689 2261 1742 genus
2284 1689 2478 1726 eorum
2509 1672 2706 1728 lauStis
2739 1673 3019 1727 ominibus
3066 1681 3123 1728 et
3157 1672 3359 1727 divinis
3409 1672 3671 1727 laudibus

2085 1774 2433 1835 prosecutus.
2457 1763 2536 1819 Ac.
2563 1766 2807 1836 graviter
2840 1766 2932 1820 illa
2999 1765 3200 1821 ferenti
3248 1765 3443 1820 Balaco
3471 1783 3484 1820 :
3545 1764 3668 1818 Non

2085 1872 2240 1926 penes
2310 1873 2424 1922 nos,
2494 1857 2694 1926 inquit,
2745 1867 2842 1921 est,
2896 1874 2926 1911 ο
2982 1872 3096 1922 rex,
3146 1860 3252 1911 ista
3325 1856 3406 1911 vel
3499 1855 3666 1927 loqui,

2083 1946 2164 2000 vel
2216 1955 2388 2000 tacere
2414 1963 2432 2000 :
2458 1947 2546 2000 sed
2599 1964 2717 2001 cum
2751 1948 2957 2002 divinus
2988 1951 3206 2018 Spiritus
3241 1964 3335 2001 nos
3379 1951 3671 2018 occuparit,

2083 2055 2214 2110 quas
2235 2041 2344 2110 ipse
2371 2040 2502 2103 vult,
2535 2056 2629 2110 per
2671 2057 2764 2094 nos
2791 2057 2936 2094 voces
2968 2041 3093 2095 edit.
3130 2041 3236 2096 Sed
3260 2043 3387 2111 quia
3416 2041 3511 2093 tibi
3541 2056 3671 2109 gra-

2089 2141 2206 2186 tum
2242 2133 2416 2201 facere
2442 2134 2616 2203 cupio,
2651 2132 2822 2186 denuo
2857 2132 3169 2186 instruenda
3209 2134 3309 2186 erit
3354 2148 3452 2186 ara
3488 2141 3538 2185 et
3599 2133 3673 2185 vi-

2084 2226 2274 2278 ctimw.
2311 2223 2524 2279 Rursus
2581 2225 2746 2294 igitur
2802 2224 3093 2289 sacriﬁcat,
3129 2233 3185 2279 et
3222 2223 3278 2278 in
3312 2224 3506 2280 faciem
3543 2237 3674 2292 pro-

2084 2316 2290 2385 lapsus,
2323 2315 2510 2370 clades
2552 2316 2778 2386 regibus
2802 2325 2857 2371 et
2893 2316 3130 2372 urbibus
3160 2315 3511 2372 imminentes
3537 2315 3674 2369 vati-

2086 2406 2329 2461 cinatur.
2370 2406 2488 2473 Qua
2530 2407 2600 2462 de
2649 2423 2811 2462 causa
2847 2407 3077 2464 Balacus
3126 2423 3253 2464 eum
3294 2409 3412 2463 sine
3463 2408 3675 2462 honore

2085 2497 2332 2551 dimittit.
2359 2497 2620 2568 Idemque
2650 2508 2775 2568 post
2797 2501 2861 2555 de
2885 2499 3124 2554 Balaarni
3150 2499 3408 2564 concilio,
3430 2499 3677 2568 virgines

2094 2589 2152 2643 in
2192 2590 2567 2645 lsraelitarum
2602 2601 2783 2647 castra
2810 2592 3002 2656 mittit,
3059 2607 3089 2646 a
3123 2592 3327 2661 quibus
3357 2591 3572 2647 Hebraei
3606 2591 3674 2646 ad

2087 2680 2292 2735 coitum
2320 2682 2726 2747 alliciebantur,
2761 2693 2821 2738 ut
2846 2683 2898 2737 id
2925 2685 3138 2738 facinus
3169 2692 3341 2738 totum
3373 2683 3674 2738 exercitum

2088 2781 2517 2842 pervagaretur,
2572 2787 2760 2826 amore
2815 2772 3290 2827 Madianiticarnm
3352 2771 3670 2834 mulierum,

2089 2862 2199 2916 diis
2237 2878 2428 2916 earnm
2464 2861 2710 2917 Hebraeis
2745 2863 3218 2929 sacriﬁcantibus,
3250 2870 3308 2918 et
3333 2863 3488 2918 cibos
3519 2863 3672 2917 inso-

2089 2953 2219 3007 litos
2271 2953 2730 3010 concedentibus.
2777 2953 2955 3008 Moses
3005 2953 3212 3023 p0pulo
3241 2953 3309 3008 ad
3341 2953 3666 3009 concionem

2089 3053 2308 3112 vocato,
2345 3044 2583 3112 dicebat,
2621 3045 3004 3105 adolescentes
3033 3061 3212 3116 neque
3250 3061 3332 3112 se,
3366 3061 3547 3118 neque
3573 3061 3671 3117 pa-

2093 3139 2274 3194 tribus
2299 3139 2416 3196 snis
2461 3139 2626 3208 digna
2653 3139 2856 3204 facere,
2892 3156 3102 3211 eosque
3130 3140 3412 3210 corrigere
3447 3147 3660 3210 satage-

2093 3231 2204 3286 bat.
2237 3229 2508 3285 Caeterum
2539 3231 2802 3287 Zambres
2834 3230 3129 3286 Simeoniae
3177 3230 3357 3286 tribus
3387 3229 3666 3300 princeps,

2092 3323 2187 3394 qui
2221 3323 2624 3379 Madianiticam
2654 3325 2941 3379 mulierem
2971 3325 3076 3379 sibi
3106 3332 3332 3394 nuptam
3363 3326 3558 3378 insano
3601 3339 3667 3377 a-

2091 3431 2244 3470 more
2290 3414 2599 3483 deperibat,
2657 3414 3010 3486 impudenter
3057 3430 3179 3470 sese
3215 3413 3348 3468 Mosi
3395 3415 3676 3485 opposuit,

2094 3521 2272 3576 neque
2300 3520 2540 3576 unquam
2575 3506 2923 3561 deserturum
2961 3505 3326 3578 jurejurando
3357 3504 3669 3572 alllrmavit.

2092 3599 2328 3654 Phinees
2357 3606 2542 3656 autem
2603 3599 2882 3669 pontiﬁcis
2940 3599 3188 3654 Eleazari
3272 3599 3420 3653 ﬁlius
3470 3597 3681 3652 doloris

2094 3691 2394 3748 acerbitate
2422 3692 2625 3757 victus,
2677 3707 2788 3746 non
2847 3691 3004 3761 prius
3053 3700 3110 3746 et
3167 3689 3575 3746 Madianitidem
3623 3699 3682 3744 et

2094 3784 2383 3841 Zambrem
2418 3786 2599 3854 gladio
2643 3785 2938 3841 verberare
2975 3784 3207 3852 destitit,
3258 3799 3424 3854 quam
3464 3795 3683 3838 utrum-

2095 3891 2203 3945 que
2234 3875 2548 3930 occidisset.
2592 3876 2751 3930 Hunc
2780 3877 2873 3930 alii
2901 3877 3138 3947 juvenes
3183 3875 3419 3931 studiosi
3451 3874 3678 3928 virtutis

2096 3970 2329 4034 imitari,
2366 3970 2716 4040 perimebant
2743 3971 3124 4026 adolescentes
3171 3971 3265 4040 qui
3299 3977 3491 4024 contra
3532 3969 3681 4033 leges

2095 4060 2307 4132 patrias
2341 4061 2671 4130 alienigenis
2705 4061 3039 4115 mulieribus
3089 4075 3148 4115 se
3203 4059 3674 4115 eontaminarant.

2097 4152 2177 4206 lta
2207 4152 2313 4205 viri
2387 4167 2479 4206 le
2533 4151 2778 4206 millibus
2830 4151 2976 4205 haud
3032 4149 3320 4220 pauciores
3373 4147 3681 4218 perierunt.

2097 4243 2173 4299 Ea
2213 4260 2272 4299 re
2309 4244 2488 4300 Moses
2539 4244 2736 4307 iratus,
2786 4250 2980 4297 contra
3010 4242 3332 4296 Madianitas
3376 4240 3681 4295 exercitum

410 4333 582 4404 ἐρῶν,
623 4334 907 4396 Μωῦσέως
953 4332 1446 4404 κατηναιδεύσατο,
1501 4331 1600 4383 καὶ¹
1637 4332 1714 4400 μὴ
1763 4329 1829 4383 ἄν
1868 4346 1987 4382 ποτε

2101 4336 2292 4399 mittit,
2329 4335 2552 4391 Phineae
2591 4335 2850 4389 mandato
2885 4333 3142 4403 imperio.
3177 4332 3374 4388 Praalio
3423 4332 3684 4386 commis-

410 4427 517 4496 τὴν
567 4429 803 4494 γυναῖκα
853 4425 1183 4478 καταλιπεῖν
1237 4421 1590 4492 διωμώσατο.
1635 4420 1694 4473 '0
1727 4417 1915 4481 Φινεὲς
1943 4417 1987 4470 δὲ

2101 4443 2184 4493 so,
2218 4441 2376 4497 reges
2421 4441 2612 4480 eorum
2650 4425 2854 4481 cadunt
2883 4439 3116 4479 numero
3157 4425 3424 4494 quinque,
3453 4431 3508 4477 et
3541 4424 3686 4477 mul-

408 4521 511 4574 τοῦ
564 4518 870 4590 ἀρχιερέως
928 4517 1006 4570 ὢν
1058 4518 1190 4580 παῖς
1243 4514 1536 4583 Ἐλεάζαρ,
1595 4511 1987 4582 περιαλγήσας,

2103 4517 2278 4573 titudo
2306 4517 2520 4588 ingens.
2567 4516 2779 4572 Hebraei
2817 4517 3098 4586 regionem
3151 4529 3344 4568 eorum
3388 4513 3681 4582 diripiunt,

414 4612 520 4665 οὐκ
552 4611 725 4682 ἀνῆκε
765 4609 947 4664 παίων
981 4610 1050 4679 τῇ
1109 4609 1362 4679 ῥομφαίᾳ
1388 4606 1489 4676 τὴν
1522 4603 1849 4659 Μαδιανίτιν
1905 4602 1987 4655 καί

2102 4607 2318 4663 civibus
2349 4622 2458 4661 una
2486 4621 2611 4662 cum
2636 4605 2904 4660 uxoribus
2936 4604 3157 4668 occisis,
3185 4602 3320 4657 solis
3370 4601 3680 4670 virginibus

416 4704 513 4757 τὸν
547 4703 836 4773 Ζαμϐρὴν,
866 4701 973 4765 ἕως
1027 4700 1126 4754 καὶ
1158 4700 1329 4768 άμφω
1371 4697 1720 4751 ἀπέκτεινεν.
1755 4696 1851 4747 Ὃν
1902 4690 1987 4746 καί

2105 4703 2414 4767 parcentes,
2447 4709 2570 4764 quae
2599 4693 2755 4748 fuere
2793 4694 2860 4748 ad
2904 4709 3048 4747 χχιιι
3080 4691 3274 4756 millia,
3312 4704 3453 4759 quas
3508 4689 3684 4744 Moses

417 4795 574 4850 ἄλλοι
633 4796 781 4861 νέοι,
816 4788 899 4858 οἷς
945 4793 1148 4863 ἀρετῆς
1207 4789 1413 4862 ἔμελε,
1458 4788 1864 4859 μιμησάμενοι,
1917 4785 1987 4838 ἀν

2103 4785 2512 4851 sacerdotibus,
2562 4784 2673 4856 Μ
2710 4784 2920 4839 Levitis
2943 4792 3000 4838 et
3046 4784 3251 4854 popqu
3274 4781 3597 4838 distribuit:
3630 4789 3686 4834 et

373 4937 381 4960 ι
414 4889 590 4960 ῄρουν
626 4886 736 4940 τῶν
766 4887 903 4941 νέων
941 4885 1070 4948 τοὺς
1117 4883 1212 4936 ἐπὶ
1249 4880 1502 4950 γυναιξὶν
1552 4877 1873 4948 ἀλλοφύλοις
1900 4893 1987 4928 πα·

2107 4878 2235 4949 quia
2284 4878 2397 4948 jam
2451 4877 2607 4931 senio
2645 4877 2932 4931 confectus
2969 4885 3112 4941 erat,
3163 4888 3544 4931 successorem
3578 4871 3684 4927 sibi

421 4980 870 5052 ρανομήσαντας.
924 4976 1290 5032 Ἀπόλλυνται
1338 4970 1432 5028 οὖν
1463 4972 1657 5042 ἄνδρες
1701 4970 1803 5023 οὐκ
1843 4967 1987 5024 ὲλάτι

2110 4969 2364 5040 designat
2391 4969 2576 5025 Jesum
2611 4968 2779 5024 Navis
2809 4968 3003 5022 lilium.

415 5048 794 5143 eougrpnplmv
863 5072 958 5125 καὶ
1001 5067 1486 5141 τετρακισχιλίων.
1540 5063 1827 5119 Ἐντεῦθεν
1909 5061 2271 5133 παροξυνθεὶς
2311 5062 2555 5133 Μωῡσῆς
2645 5062 2788 5115 κατὰ
2843 5063 2954 5115 τῶν
3002 5048 3352 5116 Μαδιανιτῶν
3414 5059 3685 5128 ἐξέπεμψε

418 5169 712 5239 στρατιὰν,
750 5167 1106 5237 στρατάρχην
1154 5164 1329 5232 αὐτῆς
1357 5159 1650 5225 ἀποδείξας
1692 5158 1784 5212 τὸν
1832 5158 2041 5221 Φινεές.
2077 5157 2188 5210 Καὶ
2260 5158 2442 5228 μάχης
2495 5157 2794 5228 συστάσης,
2870 5157 3023 5211 οἵτε
3077 5156 3319 5226 βασιλεῖς
3371 5156 3552 5209 αὐτῶν
3596 5155 3684 5207 πί-

417 5261 858 5325 πτουσιν,ὅντες
891 5261 1075 5326 πέντε,
1104 5260 1202 5312 καὶ
1230 5257 1438 5329 πλῆθος
1481 5255 1623 5325 ἄγαν
1671 5251 1832 5307 πολύ.
1885 5253 1949 5306 Ol
1995 5253 2052 5305 δὲ
2103 5251 2346 5322 Ἑϐραῖοι
2389 5253 2490 5322 τὴν
2537 5253 2724 5323 χώραν
2782 5253 2963 5308 αὐτῶν
3033 5251 3398 5322 διηρπάκασι,
3437 5250 3685 5312 καὶτοὺς

416 5358 721 5426 οἰκήτορας
754 5355 853 5409 σὺν
892 5351 1112 5422 γυναιξὶ
1172 5349 1614 5418 διαφθείραντες,
1683 5345 1854 5417 μόνας
1905 5345 2006 5409 τὰς
2045 5344 2353 5416 παρθένους
2379 5345 2694 5410 κατέλιπον,
2739 5346 2819 5407 είς
2883 5343 3222 5414 τρισμυρίας
3279 5341 3375 5394 καὶ
3417 5341 3684 5411 δισχιλίας

418 5452 866 5524 ἀριθμουμένας,
894 5449 959 5513 ἃς
997 5452 1112 5512 τοῖς
1158 5447 1369 5518 ἱερεῦσι
1397 5463 1458 5499 τε
1486 5442 1860 5505 καὶΛευῖταις
1902 5444 1997 5496 καὶ
2071 5441 2147 5511 τῷ
2193 5441 2308 5511 λαῷ
2378 5440 2617 5510 διένειμε
2666 5439 2930 5508 Μωῦσῆς.
2981 5436 3218 5508 Γηραιὸς
3268 5436 3326 5489 δὲ
3379 5437 3686 5506 τυγχάνων,

417 5552 669 5619 διάδοχον
702 5544 900 5600 ἑαυτοῦ
929 5544 1238 5612 κατέστησε
1283 5542 1376 5594 τὸν
1421 5539 1518 5592 τοῦ
1565 5537 1724 5608 Ναυῆ
1773 5533 2008 5606 Ἰησοῦν,
2050 5534 2408 5597 κελεύσαντος
2433 5533 2527 5585 τοῦ
2557 5531 2715 5585 Θεοῦ.

495 5640 601 5695 ιθκ
638 5640 708 5694 At
753 5637 925 5704 φυλαὶ
965 5635 1024 5687 δὲ
1069 5633 1177 5688 Γάδ
1203 5651 1264 5686 τε
1327 5634 1424 5686 καὶ
1463 5633 1711 5702 Ῥουϐὶμ,
1764 5632 1859 5683 καὶ
1905 5629 1987 5697 τη

2192 5623 2338 5678 XlX.
2373 5623 2508 5678 Cum
2540 5623 2715 5678 tribus
2743 5621 2937 5686 Gadia,
2977 5621 3250 5686 Rubenia,
3286 5630 3344 5678 et
3392 5622 3688 5677 Manasseae

419 5737 521 5789 τοῦ
587 5733 859 5798 Μανασσῆ
900 5731 935 5799 ή
978 5727 1233 5798 ἡμίσεια,
1284 5725 1498 5777 ἐδέοντο
1558 5721 1864 5784 Μωῡσέως,
1907 5723 1987 5786 τὴπ

2114 5717 2356 5772 semissis
2399 5716 2600 5770 Mosem
2633 5725 2876 5780 orarent,
2914 5725 2975 5769 ut
3001 5716 3450 5770 Amorrhaeorum
3484 5724 3686 5769 terram

421 5829 533 5885 τῶν
590 5822 951 5897 Ἀμορραίων
1001 5819 1111 5891 γῆν
1193 5816 1625 5890 προσκληρῶσαι
1681 5815 1886 5877 αὐτοῖς.
1948 5811 1987 5864 ⁸(

2115 5810 2252 5880 ipsis
2277 5808 2606 5864 attribueret
2627 5825 2641 5876 ;
2659 5808 2844 5876 itaque
2878 5807 2970 5864 ille
2995 5807 3269 5874 ignaviam
3298 5807 3379 5865 eis
3400 5807 3678 5863 oonrobra
