4098 6402
503 365 602 430 103

1766 378 2102 441 ΙΟΛΝΝΙΞ
2141 379 2464 442 ΖΟΝᾹΒΕ

3681 382 3788 450 104

493 486 598 541 ret,
635 477 810 548 utqui
843 477 973 534 belli
999 478 1298 539 Clvananaai
1335 487 1658 543 societatem
1694 505 1820 544 cum
1849 491 2062 561 p0pula‘

2187 493 2243 548 δὲ
2277 494 2488 558 δειλοὺς
2533 492 2732 558 αὐτοὺς
2771 495 3060 563 ἀπεκάλει,
3098 497 3195 551 καὶ
3245 498 3320 570 μὴ
3381 498 3639 566 θέλοντας
3679 503 3786 573 τῆς

490 567 644 622 ribus
676 567 1053 626 detrectarent
1095 589 1110 627 :
1149 575 1226 629 illi
1247 591 1314 631 se
1339 576 1724 648 defendentes,
1758 581 1920 634 aliam
1953 581 2084 638 alle-

486 662 686 719 rebant
725 679 971 732 causam,
1003 670 1153 740 quod
1180 687 1404 742 pecora,
1435 691 1674 746 quorum
1711 679 1884 748 c0piis
1905 679 2084 734 abun-

487 757 702 824 darent,
734 758 789 812 in
821 774 886 814 ea
929 763 1158 834 regione
1185 766 1434 822 relicturi
1461 779 1668 837 essent,
1711 780 1829 826 acta
1858 773 1936 826 rei
1987 789 2084 842 pc-

487 851 780 918 cuniarim,
829 863 890 909 ut
913 855 1018 926 ipsi
1047 859 1400 928 popularium
1436 863 1740 917 certamina
1765 865 2080 934 expeditius

487 939 827 1010 adjutarent.
855 943 1207 1003 Collaudavit
1239 965 1304 1004 ea
1339 951 1540 1017 Moses,
1578 967 1745 1024 atque
1787 955 1853 1010 iis
1883 956 2078 1010 condi-

489 1031 736 1089 tionibus
797 1035 1162 1094 Amoritidem
1226 1041 1310 1096 eis
1364 1042 1542 1098 Moses
1599 1045 1874 1100 attribuit.
1936 1045 2077 1100 Cum

485 1132 671 1178 autem
699 1125 927 1195 quidam
952 1129 1253 1187 Manassete
1291 1133 1492 1200 tribus,
1517 1136 1653 1191 solis
1691 1137 1902 1193 relictis
1933 1138 2074 1194 ﬁlia-

483 1212 610 1280 bus,
642 1215 998 1286 decessisset,
1053 1223 1450 1297 interrogatus,
1500 1229 1661 1298 cujus
1720 1239 1868 1284 esset
1924 1231 2074 1286 illius

483 1313 690 1377 portio,
719 1313 1009 1382 respondit
1039 1333 1052 1369 :
1094 1315 1141 1370 si
1181 1317 1387 1387 quibus
1417 1320 1704 1375 tribulium
1751 1323 2075 1392 nupsissent

484 1401 746 1472 virgines,
769 1413 830 1458 ut
865 1420 970 1459 una
1015 1422 1142 1460 cum
1173 1409 1428 1478 portione
1455 1411 1523 1466 ad
1566 1411 1692 1466 illos
1717 1414 2024 1471 transirent
2057 1433 2071 1470 :

481 1505 568 1544 stu
603 1491 884 1562 aliquibus
913 1496 1143 1552 alterius
1188 1497 1367 1554 tribus
1407 1499 1912 1571 desponderentur,
1947 1519 2075 1575 por-

482 1582 688 1637 tionem
717 1587 772 1638 in
805 1587 986 1656 patria
1018 1588 1165 1644 tribu
1213 1591 1619 1669 relinquerent.
1672 1594 1765 1650 Sic
1800 1599 2072 1669 cujusque

476 1673 624 1730 bona
647 1677 703 1731 in
728 1692 826 1732 sua
855 1680 1000 1734 tribu
1028 1668 1810 1742 esse.retinenda’constituit.
1837 1690 1956 1744 Jam
1974 1668 2074 1745 au-

2189 585 2330 654 πρδς
2361 584 2713 649 Χαναναίους
2762 587 2952 657 μάχης
3002 589 3346 659 κοινωνῆσαι
3403 593 3512 655 τοῖς
3564 593 3787 662 sposs-

2186 677 2322 740 λοις.
2373 677 2786 748 Ἀπελογοῦντο
2827 679 2873 732 δ’
2903 681 3107 734 ἐκεῖνοι
3142 679 3220 754 μὴ
3254 681 3416 735 τοῦτο
3442 678 3610 748 εἶναι,
3640 683 3787 738 ἀλλὰ

2187 769 2386 840 πλήθει
2407 769 2780 842 βοσκημάτων
2803 772 3034 842 εὑθηνου
3043 774 3265 844 μένους,
3287 774 3578 845 βούλεσθαι
3605 777 3785 830 ταῦτα

2187 865 2339 932 παρὰ
2389 866 2456 935 τῇ
2533 863 2690 935 χώρᾳ
2769 865 3122 933 καταλιπεῖν,
3200 866 3382 938 ἀγαθῇ
3429 869 3782 942 τυγχανούσῃ

2184 959 2322 1030 πρὸς
2352 961 2704 1030 τετραπόδων
2734 959 2966 1031 τροφὴν,
3005 960 3073 1012 ἵν’
3139 957 3250 1012 εἷεν
3283 961 3438 1014 αὐτοὶ
3461 962 3600 1033 πρὸς
3646 964 3781 1028 τοὺς

2179 1053 2400 1120 ἀγῶνας
2429 1055 2543 1117 τοῖς
2569 1053 2861 1124 ὁμογενέσι
2904 1055 3331 1126 συνεπαίροντες
3367 1053 3615 1120 εὔζωνοι.
3640 1056 3784 1111 Ἐπ-

2181 1144 2344 1215 ῄνεσε
2407 1144 2586 1200 ταῦτα
2641 1147 2907 1217 Μωῦσῆς,
2945 1147 3042 1200 καὶ
3090 1147 3190 1218 τὴν
3248 1149 3533 1220 Ἀμορίτιν
3588 1151 3780 1212 αῷτοίς

2184 1239 2647 1312 τροσεκλήρωσεν
2680 1240 2772 1294 ἐπὶ
2808 1241 3090 1304 τοιαύταις
3131 1240 3452 1312 συνθήκαις.
3501 1243 3782 1312 Τεθνηκό-

2179 1348 2272 1394 τος
2309 1332 2366 1386 δέ
2391 1350 2539 1396 τινος
2582 1335 2648 1386 ὲκ
2665 1333 2768 1403 τῆς
2809 1333 3084 1403 Μανασσῆ
3118 1335 3291 1403 ςυλῆς
3339 1336 3431 1388 ἐπὶ
3460 1336 3775 1404 θυγατράσι

2184 1425 2398 1492 μόναις,
2433 1424 2740 1496 ἐρωτηθεὶς
2800 1425 3074 1496 Ναῦσῆς,
3125 1427 3270 1490 τίνος
3304 1427 3333 1479 ὁ
3390 1429 3604 1480 ἐκείνου
3633 1429 3773 1497 κλῆ-

2181 1535 2273 1588 ρος
2298 1517 2517 1585 ἔσοιτο;
2573 1517 2914 1589 ἁπεκρίνατο
2939 1535 2952 1548 ·
2993 1520 3052 1572 Εἰ
3085 1520 3188 1589 μέν
3239 1537 3350 1575 τισι
3378 1522 3490 1574 τῶν
3522 1521 3777 1592 φυλετῶν

2179 1611 2601 1679 συνοικήσουσιν
2632 1610 2690 1662 αἱ
2730 1612 3025 1681 παρθένοι,
3060 1611 3202 1682 μετὰ
3254 1611 3350 1666 τοῦ
3387 1613 3597 1684 κλήρου
3632 1613 3776 1684 πρὸς

2176 1704 2423 1768 ἐκείνους
2466 1705 2851 1776 χο›ρείτωσαν’
2887 1706 3020 1760 εἰδὲ
3057 1707 3457 1778 μνηστεύοιντό
3502 1723 3646 1761 τισιν
3708 1709 3775 1775 ἐξ

479 1776 588 1824 tem
637 1773 1004 1843 quadraginta
1041 1776 1202 1830 annis
1229 1778 1248 1847 (
1278 1776 1534 1850 demptis,
1569 1779 1793 1851 triginta
1844 1781 2062 1855 diebus]

2179 1796 2378 1866 ἐτέρας
2418 1797 2620 1867 φυλῆς,
2662 1799 2756 1852 τὸν
2788 1798 2992 1869 κλῆρον
3021 1800 3273 1854 ἐάτωσαν
3314 1801 3373 1853 ἐν
3399 1803 3466 1872 τῇ
3533 1799 3773 1872 πατρῴᾳ

474 1860 699 1930 elapsis,
735 1878 803 1918 ex
825 1880 936 1934 quo
969 1866 1236 1923 Israelita:
1282 1867 1519 1942 Egypto
1551 1884 1926 1941 excesserant,
1957 1875 2062 1935 Mo-

2177 1889 2346 1959 φυλῇ,
2385 1889 2481 1942 καὶ
2536 1889 2683 1944 οὕτω
2725 1893 2914 1961 μένειν
2973 1893 3208 1947 ἑκάστου
3265 1893 3467 1965 κλῆρον
3523 1895 3583 1949 ὲν
3641 1898 3770 1960 ταῖς

475 1966 566 2008 ses
593 1969 768 2010 anuos
796 1971 901 2012 cxx
953 1969 1137 2024 natus,
1181 1961 1388 2030 populo
1441 1961 1546 2016 sibi
1573 1974 1810 2018 mortem
1861 1967 2062 2022 instare

2175 1983 2370 2052 φυλαῖς
2404 1983 2713 2050 διετάξατο.
2751 1987 2894 2054 Ἤδη
2917 1987 2972 2041 δὲ
3002 1961 3419 2058 τεσσαράκοντα
3449 1987 3771 2060 διεληλυἿό-

475 2043 788 2112 denuntiat,
818 2047 1009 2104 multis
1067 2053 1361 2122 praceptis
1407 2054 1572 2121 datis,
1595 2055 1808 2126 legibus
1831 2059 1960 2113 item
2011 2069 2070 2114 et

477 2137 798 2218 reipublicae
845 2139 1026 2194 forma
1081 2141 1405 2213 descriptis,
1445 2154 1504 2199 et
1555 2146 1818 2202 mandata
1873 2159 2067 2206 contra

477 2227 852 2284 Amalechitas
880 2231 1260 2300 expeditione,
1293 2249 1358 2289 ac
1385 2236 1752 2307 jurejurando
1775 2250 1969 2296 exacto
1997 2242 2068 2297 de

478 2321 765 2376 servandis
785 2323 1020 2394 legibus,
1049 2341 1266 2382 necnon
1291 2329 1707 2398 itnperatoread
1725 2331 2068 2390 Cbananaaos

475 2415 623 2469 bello
646 2419 916 2484 petendos
978 2418 1210 2474 incitato
1241 2437 1255 2474 :
1287 2420 1444 2488 Ecce,
1481 2423 1686 2494 inquit,
1733 2427 1804 2480 ad
1831 2428 2065 2499 majores

474 2522 681 2562 nostros
705 2507 853 2564 abeo.
900 2508 1047 2564 Nam
1072 2512 1214 2565 hunc
1263 2515 1393 2566 mihi
1424 2513 1566 2569 diem
1620 2517 1953 2588 migrationis
1993 2520 2066 2574 ad

472 2601 593 2656 illos
625 2602 764 2656 Deus
788 2603 1096 2674 pmﬁnivit.
1133 2604 1230 2660 llis
1258 2608 1494 2678 auditis,
1519 2610 1759 2680 populus
1793 2613 1850 2667 in
1883 2613 2064 2686 lacry-

472 2708 590 2747 ntas
609 2703 667 2748 et
690 2693 881 2750 ﬂetum
911 2696 1095 2767 erupit
1128 2699 1610 2766 inconsolabilem,
1644 2718 1711 2758 ac
1736 2714 1975 2772 tantum,
2005 2716 2078 2762 ut-

471 2786 706 2842 aﬂ‘ectus
738 2788 830 2843 ille
860 2789 994 2844 Mosi
1033 2791 1202 2846 etiam
1247 2793 1332 2847 vel
1383 2793 1559 2849 invito
1591 2795 1866 2866 lacrymas
1892 2813 2064 2854 excu-

471 2885 634 2934 teret.
665 2879 980 2934 Abeuntem
1013 2897 1139 2937 eum
1175 2882 1462 2951 inlocum,
1498 2887 1591 2941 ubi
1619 2889 1766 2943 inter
1800 2892 2064 2946 mortales

471 2985 592 3026 esse
617 2970 922 3041 desineret,
959 2977 1452 3047 prosequebantur
1487 2995 1685 3036 omnes
1710 2982 2058 3054 plangentes.

469 3065 652 3121 Atille
675 3081 842 3121 manu
869 3075 1103 3124 caeteros
1128 3070 1368 3128 ulterius
1399 3073 1657 3144 progredi
1681 3084 2064 3143 vetans,sena—

473 3160 686 3216 toribus
717 3169 932 3217 tantum
984 3172 1040 3218 et
1062 3163 1334 3228 Pontiﬁce
1353 3165 1620 3223 Eleazaro
1653 3169 2064 3241 etimperatore

467 3249 597 3308 Jesu
637 3253 1060 3320 comitantibus,
1098 3255 1279 3312 donec
1303 3256 1460 3314 venit
1485 3258 1553 3314 ad
1589 3269 1833 3316 montem
1869 3262 2061 3320 Naban

467 3353 522 3400 et
552 3359 817 3402 cacumen
843 3346 1128 3413 Phasenae,
1159 3349 1310 3419 quod
1345 3359 1430 3406 est
1482 3351 1539 3407 in
1573 3362 1876 3424 conspectu
1931 3355 2060 3412 Hie-

467 3437 768 3506 richuntis,
797 3439 947 3496 unde
981 3441 1036 3496 ei
1071 3441 1344 3499 Dominus
1381 3453 1553 3512 terra,
1585 3447 1748 3516 cujus
1769 3447 2064 3505 haeredita-

466 3564 576 3611 lem
613 3556 822 3612 adituri
848 3568 1035 3614 essent
1064 3562 1352 3628 lsraelitze,
1384 3573 1689 3618 monstrata
1721 3565 1860 3620 dixit
1885 3585 1899 3621 :
1924 3564 2062 3622 Ocu-

465 3651 529 3707 lis
547 3651 652 3706 tuis
673 3653 836 3706 istam
858 3653 1087 3721 intuere,
1111 3657 1204 3710 sed
1221 3657 1558 3728 ingressurus
1589 3675 1780 3714 nones.
1801 3658 1882 3715 Ad
1899 3674 2061 3715 mon-

464 3755 574 3802 tem
606 3746 758 3803 bunc
792 3763 1146 3820 progressus,
1177 3749 1274 3820 qui
1296 3749 1522 3822 quidem
1546 3751 1693 3808 altus
1717 3763 1824 3819 est,
1857 3762 2056 3808 senatu

461 3838 1050 3908 dimisso,Eleazarum
1069 3842 1248 3897 solum
1271 3851 1325 3899 et
1343 3842 1533 3899 Jesum
1562 3859 1756 3900 secum
1781 3845 2014 3901 adducit
2039 3861 2054 3899 :

463 3930 570 4004 45
601 3940 767 4002 atque
799 3947 927 3988 cum
959 3933 1042 3988 eis
1076 3935 1410 4000 collocutus,
1444 3934 1732 4006 densaque
1762 3935 1910 3991 nube
1946 3937 2058 3992 cir-

461 4027 780 4094 cumdatus,
796 4027 1045 4082 evanuit.
1072 4025 1352 4083 Scribitur
1374 4035 1562 4082 autem
1591 4028 1648 4082 in
1671 4029 1846 4084 sacris
1871 4028 2056 4086 Libris

458 4119 586 4176 ideo
618 4127 896 4187 mortuus,
931 4135 1002 4176 ne
1037 4119 1109 4176 ob
1147 4120 1513 4175 excellentem
1549 4119 1842 4184 virtutem,
1877 4121 2055 4177 auda-

457 4213 635 4268 ciores
654 4212 824 4283 aliqui
847 4213 1020 4268 Deum
1039 4227 1162 4269 esse
1185 4212 1393 4269 factum
1418 4211 1800 4283 perhibereut.
1825 4212 2054 4270 Summa

457 4305 636 4360 aetatis
661 4307 783 4375 ejus
811 4303 968 4361 fuere
1013 4305 1143 4361 anni
1176 4317 1402 4361 centum
1431 4316 1490 4361 et
1534 4305 1731 4376 viginti
1764 4321 1780 4360 :
1809 4321 2051 4377 quorum

459 4399 740 4460 trientem,
779 4411 889 4450 uno
932 4410 1125 4451 mense
1169 4395 1356 4452 minus
1385 4396 1443 4451 in
1495 4397 1733 4466 imperio
1768 4396 1892 4453 fuit.
1946 4398 2052 4452 De-

453 4490 710 4544 functum
757 4491 1020 4545 luxerunt
1049 4489 1171 4544 dies
1206 4490 1453 4564 triginta.
1490 4489 1560 4545 Et
1607 4491 1726 4546 hinc
1771 4491 2048 4562 Josepbus

456 4583 647 4638 tradit.
692 4582 798 4638 Sed
823 4582 1244 4640 Deutcronomii
1272 4583 1416 4638 liber
1443 4585 1525 4638 sic
1563 4583 1632 4638 ad
1663 4583 1898 4640 verbum
1947 4585 2048 4640 ha-
2075 4565 2130 4626 D

454 4681 548 4732 bet
581 4696 595 4728 :
633 4679 703 4730 Et
737 4677 864 4732 obiit
895 4676 946 4730 31
957 4693 1091 4741 oses,
1118 4675 1353 4750 famulus
1384 4675 1619 4740 Domini,
1645 4693 1812 4748 neque
1835 4680 1888 4732 in
1908 4680 2050 4734 hunc

452 4771 594 4824 diem
620 4771 906 4840 quisquam
937 4769 1139 4823 obitum
1165 4768 1278 4838 ejus
1306 4769 1470 4824 novit.
1508 4767 1702 4838 Sopita
1719 4770 1832 4840 jam
1866 4770 2042 4840 luctu,

450 4865 614 4920 Jcsus
647 4863 1032 4932 exploratores
1066 4860 1489 4916 Hiericbuntem
1526 4861 1717 4927 mittit,
1745 4871 1802 4916 et
1831 4861 2040 4933 Gadize,

450 4953 740 5017 ltubeniaa,
773 4967 838 5006 ac
869 4952 1166 5007 Manassen:
1202 4950 1382 5006 tribus
1407 4951 1689 5021 principes
1710 4953 2037 5019 accersitos,

449 5047 594 5119 pacti
619 5063 746 5102 cum
781 5045 931 5102 Mose
963 5044 1086 5100 initi
1118 5043 1382 5098 admonet
1417 5062 1434 5098 :
1467 5044 1563 5114 qui
1602 5059 1730 5100 cum
1763 5045 2044 5116 quinqua-

447 5143 600 5212 ginta
669 5139 920 5196 millibus
990 5147 1337 5195 armatorum
1405 5152 1535 5194 eum
1603 5139 1673 5193 ad
1743 5137 2039 5195 Jordanem

448 5246 783 5308 sequuntur.
836 5236 1114 5293 Caeterum
1171 5236 1560 5306 exploratores
1613 5233 2037 5300 Hierichuntetn

449 5331 626 5395 missi,
650 5330 788 5386 urbe
815 5338 927 5386 tota
951 5330 1310 5400 perlustrata,
1335 5327 1541 5398 cogniti
1563 5335 1619 5383 et
1641 5326 1759 5397 regi
1784 5326 2038 5396 indicati,

447 5427 631 5480 statim
660 5423 1058 5494 comprehendi
1088 5422 1370 5492 jubentur.
1399 5421 1477 5475 Ea
1508 5436 1566 5474 re
1594 5421 1794 5475 mulier
1815 5412 2040 5474 nomine

447 5513 632 5580 Raab,
674 5514 742 5568 ad
785 5529 952 5584 quam
994 5513 1388 5584 conlugerant,
1436 5511 1749 5576 intellecta,
1784 5509 2041 5566 homines

2170 2093 2282 2131 των
2327 2076 2492 2152 ἑτῶν,
2525 2077 2712 2144 ὲξότου
2762 2081 2861 2151 τῆς
2893 2078 3176 2150 Αἰγύπτου
3215 2083 3264 2133 οι
3300 2081 3634 2152 Ἰσραηλίται
3675 2081 3769 2147 ἐξ·

2172 2167 2490 2240 εληλύθασι,
2520 2171 2820 2242 τριάκοντα
2860 2171 3161 2226 ὲνδεουσῶν
3203 2173 3447 2246 ἡμερῶν,
3500 2173 3770 2245 ἀθροίσας

2171 2261 2264 2314 τὸν
2311 2261 2440 2315 λαὸν
2472 2263 2741 2334 Μωῦσῆς.
2774 2265 2970 2318 ἑκατὸν
3025 2265 3234 2318 εἴκοσιν
3278 2265 3546 2320 ἐνιαυτῶν
3597 2283 3769 2336 γεγο-

2172 2351 2302 2420 νὼς,
2337 2355 2400 2408 τὸ
2422 2357 2622 2412 οἰκεῖον
2667 2357 2858 2420 αὐτοῖς
2891 2357 3226 2428 κατήγγειλε
3260 2358 3434 2422 τέλοςο
3465 2360 3559 2412 καὶ
3589 2359 3768 2412 πολλὰ

2172 2448 2672 2520 παριιινέσας,,καὶ⁵
2705 2451 2904 2520 νόμους
2957 2450 3084 2514 δοὺς
3123 2452 3182 2504 ὲν
3234 2449 3460 2521 βίϐλοις,
3509 2451 3606 2506 καὶ
3659 2453 3767 2519 τῆς

2172 2540 2446 2612 σφετέρας
2473 2541 2755 2606 πολιτείας
2787 2543 3056 2610 διάταξιν,
3112 2544 3210 2598 καὶ
3251 2545 3585 2613 στρατεῦσαι
3617 2544 3767 2599 κατὰ

2169 2634 2278 2687 τῷν
2304 2634 2698 2706 Ἀμαληκιτῶν
2727 2636 3136 2708 ἐντειλάμενος,
3189 2641 3322 2711 περὶ
3351 2642 3450 2711 τῆς
3499 2641 3762 2712 φυλακῆς

2171 2745 2231 2780 τε
2259 2727 2371 2781 τῶν
2405 2730 2585 2798 νόμων
2637 2729 2802 2797 ὅρκον
2862 2730 3180 2802 ἀπαιτήσας
3241 2733 3464 2800 αὐτοὺς,
3522 2737 3620 2788 καὶ
3667 2735 3765 2788 τὸν

2170 2819 2506 2889 δημαγωγὸν
2526 2820 2736 2892 Ἰησοῦν
2765 2822 3089 2894 παραθήξας
3115 2824 3208 2876 ἐπὶ
3243 2824 3367 2888 τοὺς
3415 2826 3764 2892 Χαναναίους

2170 2911 2526 2980 στρατεῦσαιο
2573 2913 2756 2978 Ἰδοὺ,
2811 2916 2999 2985 φησιν,
3036 2917 3188 2984 πρὸς
3231 2917 3374 2984 τοὺς
3429 2918 3762 2988 ἡμετέρους

2166 3001 2369 3073 ἄπειμι
2406 3008 2766 3075 προγόνους.
2813 3007 3000 3075 Τὴνδε
3032 3025 3137 3078 μοι
3181 3013 3292 3079 γὰρ
3349 3012 3466 3080 τὴν
3528 3013 3761 3083 ἡμέραν

2167 3090 2278 3160 τῆς
2306 3092 2458 3160 πρὸς
2475 3093 2748 3160 ἐκείνους
2780 3099 3046 3165 ἀφίξεως
3081 3099 3301 3164 ὥρισεν
3335 3105 3367 3156 ό
3393 3103 3560 3170 Θεός.
3605 3105 3678 3157 Τὸ
3701 3105 3760 3160 δὲ

2167 3183 2375 3255 πλῆθος
2399 3185 2656 3258 ἐδάκρυε,
2690 3192 2786 3243 καὶ
2814 3186 2884 3262 ἦν
2914 3193 2942 3244 ὁ
2976 3191 3173 3264 θρῆνος
3203 3195 3386 3249 αὐτῶν
3426 3197 3760 3268 ἀπαράκλη-

2167 3293 2280 3342 τος,
2308 3280 2406 3332 καὶ
2439 3279 2720 3346 τοσοῦτος,
2761 3283 2838 3347 ὡς
2901 3285 2995 3338 καί
3028 3288 3193 3341 αὑτὸν
3226 3289 3476 3360 Μωῦσῆν
3536 3293 3760 3363 έκνικη-

2166 3369 2325 3442 θῆναι
2357 3371 2470 3444 (Μ)
2523 3375 2598 3444 τῷ
2629 3375 2816 3442 πάθει,
2848 3379 2942 3432 και)⁵
2994 3385 3351 3450 προενεγκεῖν
3381 3385 3618 3453 δάκρυα.
3652 3388 3758 3440 Πο-

2166 3465 2453 3534 ρευομένῳ
2508 3465 2719 3538 δζόπου
2747 3468 2976 3539 ἔμελλεν
3009 3472 3224 3544 ἀφανὴς
3258 3474 3508 3542 ἔσεσθαι,
3535 3478 3758 3532 εἵποντο

2165 3556 2370 3620 πάντες
2395 3561 2748 3629 κοπτόμενοι.
2798 3561 2856 3616 '0
2882 3563 2937 3616 δὲ
2969 3565 3098 3629 τοὺς
3125 3567 3225 3636 μὲν
3263 3568 3477 3639 πόρρω,
3511 3571 3578 3642 τῇ
3610 3573 3758 3642 χειρὶ

2164 3650 2500 3717 κατασείων,
2565 3655 2752 3720 μένειν
2802 3655 3046 3721 ἐκέλευε,
3102 3660 3238 3730 μόνη
3312 3660 3357 3712 δ’
3401 3663 3435 3730 ἡ
3491 3665 3758 3732 γερουσία

2163 3742 2528 3813 προέπεμπεν
2580 3745 2764 3814 αὐτὸν,
2802 3749 2898 3800 καὶ
2930 3751 2960 3802 ὁ
2990 3753 3288 3824 ἀρχιερεὺς
3316 3752 3604 3826 Ἐλεάζαρ,
3661 3763 3754 3814 καὶ

2159 3837 2188 3889 ὁ
2220 3841 2530 3906 στρατηγὸς
2559 3837 2792 3910 Ἰησοῦς,
2829 3839 2935 3905 ἕως
2959 3843 3053 3896 ἐπὶ
3075 3846 3136 3898 τὸ
3179 3845 3306 3916 ὅρος
3355 3842 3490 3918 ἦλθε
3537 3850 3754 3920 Ναϐᾶν,

2159 3927 2254 3980 ἐπὶ
2286 3930 2534 4000 κορυφὴν
2572 3931 2788 3985 Φασενᾶ
2838 3934 2978 4004 (42),
3011 3936 3045 4005 ἦ
3101 3938 3220 3990 ἔστι
3270 3941 3416 3994 κατὰ
3453 3925 3755 4012 πρόσώπου

2171 4019 2403 4092 Ἰεριχώ·
2459 4022 2585 4076 ὅθεν
2649 4023 2854 4090 ἔδειξεν
2892 4028 3044 4098 αὑτῴ
3096 4029 3304 4102 Κύριος
3353 4031 3454 4104 τὴν
3525 4036 3652 4106 γῆν,
3683 4039 3755 4108 ἢν

2157 4113 2387 4184 ἔμελλον
2423 4117 2836 4190 κληρονομῆσαι
2859 4120 2910 4174 οί
2936 4121 3045 4174 υἱοὶ
3075 4121 3317 4195 Ἰσραὴλ,
3369 4127 3542 4181 είπὼν
3574 4131 3750 4200 αὐτῷ,

2169 4205 2288 4260 Ἰδὲ
2337 4209 2568 4278 ταύτην
2635 4212 2757 4279 τοῖς
2807 4215 3145 4286 ὀφθαλμοῖς
3198 4233 3344 4287 σου,
3397 4223 3487 4286 εἷς
3549 4225 3752 4293 αὑτὴν

2155 4299 2210 4352 δ’
2257 4302 2374 4356 οὐκ
2435 4305 2789 4375 εὶσελεύσῃ.
2861 4307 2990 4362 Ἐπὶ
3036 4309 3094 4362 δὲ
3142 4311 3204 4364 τὸ
3257 4311 3381 4383 ὅρος
3447 4315 3604 4370 τοῦτο
3653 4321 3750 4373 έλ-

2157 4390 2290 4461 θὼν,
2342 4394 2550 4466 ὑψηλὸν
2616 4401 2910 4470 τυγχάνον,
2961 4403 3061 4472 τὴν
3124 4403 3224 4474 μὲν
3274 4410 3570 4478 γερουσίαν
3635 4413 3748 4468 άπ-

2155 4485 2372 4558 έπεμψε
2403 4505 2416 4519 ⁸
2460 4490 2553 4546 τὸν
2616 4491 2664 4546 δ’
2711 4492 2980 4566 Ἐλεάζαρ
3039 4496 3139 4552 καὶ
3203 4497 3412 4570 Ἰησοῦν
3479 4505 3743 4576 ἐπήγετο·

2157 4582 2254 4634 καὶ
2287 4583 2635 4654 προσομιλῶν
2663 4585 2870 4652 αὐτοῖς,
2893 4589 3094 4658 νέφους
3125 4589 3324 4662 ἁθρόον
3353 4597 3748 4666 περιλαϐόντος

2158 4673 2348 4740 αὑτὸν,
2380 4675 2601 4742 ἐγένετο
2636 4678 2873 4750 ἀφανής.
2898 4680 3220 4753 Γεγράφασι
3262 4683 3308 4737 δ’
3339 4687 3498 4743 αὐτὸν
3537 4693 3598 4744 ἐν
3623 4699 3779 4758 ταίς’

2155 4765 2332 4835 ίεραίς
2367 4765 2583 4832 Βίϐλοις
2621 4769 2922 4838 τεθνεῶτα,
2967 4774 3056 4829 ἵνα
3085 4781 3160 4848 μὴ
3193 4779 3280 4832 διὰ
3310 4783 3609 4854 περιϐολὴν
3642 4787 3746 4856 τῆς

2150 4859 2285 4928 περὶ
2325 4859 2492 4915 αὐτὸν
2533 4863 2739 4934 ἀρετῆς
2773 4864 3090 4937 τολμήσωσι
3111 4887 3255 4935 τινες
3288 4874 3466 4927 είπείν
3499 4875 3574 4938 ὡς
3600 4878 3742 4933 ἀπο.

2149 4950 2437 5008 τεθέωται.
2485 4953 2711 5008 Ἐϐίωσε
2745 4955 2803 5009 δὲ
2833 4958 2932 5030 τὴν
2949 4959 3080 5030 ὃλην
3115 4961 3263 5034 ζωὴν
3299 4965 3582 5032 ἐνιαυτοὺς
3611 4971 3746 5026 ἑκα-

2147 5041 2244 5095 τὸν
2275 5042 2472 5108 εἴκοσι,
2506 5038 2583 5100 ὧν
2611 5042 2749 5116 ἦρξε
2775 5047 2838 5100 τὸ
2871 5049 3054 5121 τρίτον
3089 5055 3279 5125 μέρος,
3313 5057 3431 5120 ἐνὸς
3459 5060 3743 5127 λείποντος

2151 5137 2345 5206 μηνὸς,
2378 5137 2474 5192 καὶ
2509 5139 2820 5211 ἐπένθησαν
2853 5145 3020 5198 αὐτὸν
3055 5148 3142 5218 ἐφ’
3163 5150 3382 5220 ἡμέρας
3419 5153 3738 5223 τριάκοντα.

2149 5227 2338 5283 Ταῦτα
2372 5231 2474 5302 μέν
2514 5249 2684 5302 φησιν
2725 5235 2754 5286 ὁ
2801 5235 3086 5310 Ἰώσηπος.
3126 5239 3190 5293 Ἦ
3216 5241 3274 5294 δὲ
3311 5243 3407 5296 τοῦ
3471 5248 3742 5320 Δευτερο-

2147 5322 2340 5392 νομίου
2388 5323 2571 5394 βίϐλος
2621 5325 2760 5398 πρὸς
2809 5329 2871 5382 τὸ
2909 5330 3062 5384 τέλει
3110 5331 3258 5388 οὕτω
3316 5339 3564 5408 περιέχει
3599 5343 3742 5415 πρὸς

2146 5417 2300 5486 ῥῆμα
2325 5435 2340 5448 '
2371 5419 2484 5474 Kal
2514 5420 2880 5488 ἐτελεύτησε
2905 5425 3193 5497 Μωῢσῆς,
3223 5428 3461 5499 οἰκέτης
3487 5436 3736 5504 Κυρίου,

2149 5512 2251 5564 καὶ
2287 5513 2398 5565 οὐκ
2431 5509 2597 5568 οἶδεν
2634 5515 2836 5584 οὐδεὶς
2867 5517 2986 5586 τὴν
3036 5521 3331 5592 τελευτὴν
3367 5525 3579 5594 αὐτοῦ,
3626 5528 3742 5596 ἕως

1657 5655 1861 5717 Varia)
1910 5654 2222 5718 lectiones
2271 5662 2335 5718 et
2371 5663 2566 5718 notas.

521 5810 636 5884 (ll)
703 5809 1134 5884 ’Exrtxnaﬁrat
1191 5812 1271 5876 τῷ
1333 5812 1532 5867 πάθει.
1613 5811 2032 5884 Ἐκκινηθῆναι.

449 5879 757 5940 wullianus
785 5885 913 5938 cod.
943 5879 1266 5956 νικηθῆναι,
1287 5883 1535 5940 Colbcrt.

2143 5812 2331 5940 cog?)
2369 5814 2634 5873 Φασενᾶ.
2667 5817 2882 5888 Φατγᾶ.
2934 5818 3015 5876 lla
3050 5819 3310 5880 Wolﬂan.
3371 5833 3430 5882 et
3483 5823 3736 5888 Colbert.
