4098 6494
383 387 492 452 105

1621 473 1625 478 π
1677 395 2088 457 ANNALIUM
2133 396 2277 456 LIB.
2324 396 2369 456 Ι.

3559 398 3658 457 illi)

377 503 490 570 τῆς
526 503 754 572 ἡμέρας
785 505 1009 573 ταύτης
1075 505 1216 575 ’Ἤδη
1242 505 1296 557 δὲ
1328 504 1420 560 τοῦ
1463 505 1694 570 πένθους
1727 505 1974 576 λελωφηο

2103 506 2329 560 )ccultat
2364 507 2468 562 sub
2502 507 2600 562 lini
2641 506 2941 572 fasciculis,
2975 517 3032 562 ct
3072 505 3491 578 inquisitoribus
3526 506 3662 562 dicit

378 601 565 664 κότος,
616 600 830 668 πέμπει
869 600 1254 666 κατασκόπους
1295 603 1376 666 είς
1433 601 1763 673 Ἱεριχοῦντα
1795 603 1822 654 ὁ
1865 601 1975 668 Ἰη-

381 689 535 753 σοῦς.
572 689 1112 760 Μετακαλεσάμενος
1150 692 1205 744 δὲ
1236 694 1364 755 τοὺς
1396 691 1710 763 φυλάρχους
1748 691 1848 762 τῆς
1877 690 1972 744 τοῦ

392 782 629 852 Ῥουῦὶμ
673 783 871 853 φυλῆς,
923 783 1021 836 καὶ
1069 785 1169 854 τῆς
1201 785 1328 848 Γὰδ,
1383 785 1478 838 καὶ
1528 786 1627 854 τῆς
1679 784 1974 854 Μανασσῆ,

383 874 816 946 ὑπεμίμνησκεν
850 878 1050 939 αὐτοὺς
1072 876 1182 930 τῶν
1217 879 1354 948 πρὸς
1381 878 1628 947 Μωῦσῆν
1662 874 1972 945 συνθηκῶν.

383 967 511 1021 Τῶν
546 969 607 1021 δὲ
648 971 936 1040 ἑπομένων
985 970 1246 1032 πεντάκις
1302 970 1518 1041 μυρίοις
1566 969 1847 1032 ὁπλίταις,¹
1883 967 1978 1021 ἐπὶ

382 1060 477 1115 τὸν
525 1063 798 1134 Ἰορδάνην
841 1064 1095 1134 προσῄει.
1133 1064 1196 1116 Oi
1227 1062 1284 1116 δὲ
1323 1062 1668 1130 πεμφθέντες
1702 1061 1977 1114 κατάσκο-

387 1173 502 1220 ποι,
545 1159 626 1219 είς
669 1155 882 1228 ἰεριχὼ
931 1157 1401 1228 παραγενόμενοι,
1447 1154 1544 1226 τὴν
1577 1154 1731 1208 πόλιν
1757 1154 1978 1208 ἅπασαν

386 1248 750 1318 κατενόησαν.
788 1247 1129 1311 Γνωσθέντες
1156 1248 1234 1313 δὲ,
1273 1247 1351 1315 τῷ
1383 1245 1598 1317 βασιλεῖ
1645 1245 1742 1316 τῆς
1792 1243 1980 1314 χώρας

389 1338 716 1406 μηνύονται.
759 1338 817 1393 '0
839 1339 884 1390 δ’
918 1339 1082 1402 εὐθὺς
1113 1340 1312 1402 αὐτοὺς
1357 1338 1730 1410 συλληφθῆναι
1758 1336 1982 1390 ἐκέλευ-

387 1453 504 1489 σεν.
550 1436 641 1499 Ὠς
678 1436 736 1489 δὲ
794 1435 938 1504 ἔγνω
971 1434 1073 1504 τὴν
1115 1433 1308 1502 ἔφοδον
1355 1433 1464 1487 τῶν
1496 1431 1804 1502 ζητούντων
1854 1429 1980 1493 τοὺς

383 1528 656 1598 ἄνδραςή
698 1531 862 1597 γυνὴ,
899 1529 1030 1598 παρ’
1149 1527 1626 1596 προσπεφεύγασι,
1675 1527 1847 1582 Ῥαὰϐ
1881 1544 1982 1580 κα-

385 1623 654 1694 λουμένη,
693 1623 821 1684 τοὺς
854 1623 954 1694 μὲν
983 1622 1321 1692 κατέκρυψε,
1352 1621 1502 1674 λίνου
1539 1623 1725 1685 αὐτοῖς
1753 1623 1982 1690 ἀγκαλί-

382 1717 487 1780 δας
546 1716 872 1787 ἐπιθεμένη.
932 1716 1057 1779 Τοῖς
1117 1715 1175 1768 δὲ
1235 1714 1494 1786 ζητοῦσιν
1547 1714 1757 1784 ἔλεγεν,
1800 1717 1876 1779 ώς
1928 1717 1978 1769 οἱ

389 1807 642 1875 ἀγνῶτες
670 1807 864 1878 ἄνδρες
889 1808 1112 1870 ἐκεῖνοι,
1151 1806 1284 1876 πρὶν
1329 1805 1487 1859 δῦναι
1523 1807 1614 1859 τὸν
1641 1807 1814 1878 ἥλιον,
1849 1808 1978 1878 παρ’

385 1902 529 1970 αὐτῇ
559 1899 980 1969 δειπνήσαντες,
1032 1899 1452 1968 ἀπηλλάγησαν.
1495 1899 1561 1952 Oi
1598 1899 1644 1951 δ’
1681 1899 1855 1964 οὕτως
1883 1902 1986 1954 αὑ·
2015 1879 2063 1938 Β

387 1993 520 2052 τοὺς
546 1988 890 2061 ὑπελθούσης
920 1989 1021 2059 τῆς
1044 1989 1326 2057 γυναικὸς,
1351 1987 1623 2061 ὥρμησαν
1647 1989 1808 2054 ἄλλος
1835 1991 1990 2044 ἀλλα-

385 2081 515 2152 χοῦ,
546 2083 674 2144 τοὺς
726 2081 930 2152 ἄνδρας
989 2081 1301 2144 διώκοντες.
1369 2080 1433 2134 Ἡ
1479 2081 1536 2134 δὲ
1591 2081 1761 2134 Ῥαὰὸ
1790 2085 1994 2153 χωρεῖν

2085 601 2232 656 viros
2285 600 2409 656 illos
2460 601 2698 673 ignotos,
2749 612 2878 657 ante
2919 601 3054 658 solis
3102 618 3380 665 occasum,
3412 603 3555 673 apud
3603 619 3662 658 se

2083 703 2329 748 caenatos
2361 693 2707 750 discessisse.
2749 695 2832 750 llli
2863 695 2944 751 sic
2972 712 3002 750 a
3049 695 3279 751 muliere
3323 695 3485 760 elusi,
3524 697 3665 750 alius

2082 785 2190 839 alio
2217 785 2564 852 dilabuntur,
2587 789 2930 858 persecuturi
2953 804 3068 844 eos.
3095 789 3234 843 Tum
3265 788 3413 843 liaab
3439 788 3661 843 domum

2083 893 2142 933 se
2197 880 2444 949 recipere
2469 880 2628 950 jubet
2654 881 2823 946 viros,
2857 881 3111 937 beneﬁcii
3160 881 3247 938 sui
3279 897 3571 946 memores,
3603 897 3665 936 ac
3721 910 3726 914 ~

2089 979 2234 1025 terra
2283 971 2594 1027 Chananasa
2650 976 2893 1044 potitos,
2926 974 3132 1030 referre
3187 976 3440 1046 gratiam.
3472 975 3555 1030 Illi
3611 985 3669 1029 et

2087 1063 2292 1133 gratias
2323 1075 2514 1136 agunt,
2549 1082 2781 1138 eamque
2811 1068 2906 1122 ubi
2941 1069 3073 1123 urbs
3097 1081 3256 1138 capta
3287 1077 3453 1134 esset,
3481 1078 3542 1124 ut
3578 1085 3668 1123 res

2086 1173 2218 1212 suas
2242 1167 2298 1212 et
2343 1161 2686 1216 necessarios
2715 1162 2772 1215 in
2797 1161 3103 1216 diversorio
3135 1162 3514 1226 concluderet,
3541 1177 3669 1216 sus-

2087 1266 2260 1320 penso
2306 1268 2408 1322 pro
2450 1252 2662 1308 foribus
2705 1269 2965 1324 purpura:
3009 1270 3211 1323 panno,
3263 1263 3508 1320 monent,
3560 1271 3670 1324 quo

2089 1353 2419 1397 nosceretur
2471 1345 2708 1409 domus,
2761 1354 2816 1399 et
2864 1353 3311 1401 conservaretur.
3364 1347 3551 1416 Itaque
3601 1347 3672 1400 ad

2088 1449 2218 1489 suos
2242 1433 2548 1489 incolumes
2573 1435 2798 1498 reversi,
2823 1434 2955 1504 quid
2983 1437 3301 1506 gessissent,
3327 1436 3670 1490 renuntiant.

2089 1526 2226 1582 Cum
2281 1536 2467 1582 autem
2520 1527 2778 1583 Jordanis
2827 1529 3204 1591 intumuisset,
3239 1528 3321 1585 sic
3354 1529 3515 1585 Jesus
3562 1529 3673 1584 lle-

2091 1619 2271 1674 braeos
2300 1636 2398 1690 per
2437 1635 2565 1674 eum
2595 1619 2862 1674 traduxit.
2902 1621 3297 1676 Praecedebant
3329 1621 3671 1681 sacerdotes.

2092 1729 2274 1768 arcam
2343 1713 2603 1770 ferentes.
2659 1713 2871 1770 Deinde
2943 1708 3189 1779 Levitaa,
3252 1714 3674 1770 tabernaculum

2092 1815 2391 1876 gestantes.
2424 1805 2538 1861 Hos
2581 1805 2822 1876 populus
2853 1805 3209 1876 sequebatur.
3240 1805 3312 1861 Ut
3357 1815 3543 1861 autem
3586 1820 3676 1860 sa-

2091 1899 2411 1956 cerdotibus
2433 1898 2622 1968 primis
2652 1898 2937 1968 ingressis,
2963 1900 3201 1969 impetus
3225 1898 3466 1953 ﬂuminis
3488 1899 3673 1954 statim

2091 1994 2536 2062 interrumpitur,
2566 2006 2760 2046 omnes
2788 1991 3052 2046 audacter
3087 1991 3373 2061 trajeccre,
3399 1991 3676 2046 stantibus

2089 2085 2146 2140 in
2177 2083 2361 2137 medio
2393 2080 2798 2146 sacerdotibus,
2827 2080 3007 2136 donec
3038 2083 3277 2151 populus
3318 2082 3605 2137 transisset
3654 2098 3668 2135 :

386 2177 686 2228 ἐκέλευσεν
708 2173 803 2227 ἐπὶ
824 2174 890 2226 τὰ
923 2175 1101 2226 οἰκεῖα
1133 2173 1262 2237 τοὺς
1292 2172 1519 2242 ἄνδρας,
1552 2175 1648 2228 καὶ
1677 2175 1993 2246 μεμνῆσθαι

2103 2193 2155 2238 ac
2186 2187 2301 2232 tum
2330 2177 2554 2232 demum
2601 2174 2706 2245 ipsi
2753 2174 2922 2228 etiam
2952 2183 3084 2228 sunt
3110 2174 3338 2244 egressi,
3371 2191 3540 2230 cursu
3569 2175 3678 2230 ﬂu-

386 2268 586 2338 αὺτῆς,
625 2269 721 2321 καὶ
751 2266 990 2337 ἀμοιϐὴν
1025 2266 1266 2333 ἐκτῖσαι,
1304 2266 1404 2335 τῆς
1437 2268 1766 2322 Χαναναίων
1805 2268 1993 2340 χώρας

2103 2271 2258 2325 minis
2313 2270 2368 2325 in
2419 2269 2695 2339 integrum
2755 2267 3035 2321 restituto.
3089 2266 3331 2322 Jordane
3388 2277 3675 2338 superato,

387 2361 905 2432 ὲπικρατήσαντας.
938 2360 999 2412 Οί
1043 2358 1101 2412 δὲ
1141 2360 1236 2413 καὶ
1276 2361 1442 2431 χάριν
1479 2361 1628 2430 ἔχειν
1655 2360 1995 2431 ὡμολόγουν,

2103 2373 2272 2420 :astra
2298 2362 2492 2418 decem
2523 2359 2717 2415 stadiis
2751 2359 2822 2414 ab
2862 2359 3224 2416 Hiericbunte
3252 2361 3459 2415 locant.

387 2459 487 2511 καὶ
514 2458 682 2528 ἡνίκα
709 2456 774 2510 ἂν
819 2459 854 2528 ἡ
897 2456 1053 2520 πόλις
1079 2454 1390 2527 ἁλίσκηται,
1423 2454 1522 2528 τὴν
1554 2456 1749 2523 κτῆσίν
1783 2475 1844 2512 τε
1887 2462 1982 2513 καὶ
2020 2461 2151 2525 τοὺς
2217 2459 2455 2520 οἰκείους
2493 2457 2576 2518 είς
2647 2456 2710 2509 τὸ
2751 2454 3100 2525 καταγώγιον
3134 2456 3509 2526 ἐγκαθεῖρξαι,
3535 2457 3677 2527 αὐτῇ

387 2550 755 2617 ἐνετέλλοντο,
788 2552 1152 2621 ἀπαιωρῆσαι
1190 2545 1246 2598 δὲ
1283 2550 1379 2605 καὶ
1419 2549 1694 2619 φοινικίδα
1732 2550 1840 2622 πρὸ
1901 2553 2008 2607 τῶν
2048 2551 2253 2624 θυρῶν,
2289 2550 2356 2604 ἵν’
2407 2548 2494 2619 εἴη
2537 2549 2817 2618 γνώριμος
2864 2550 2897 2618 ἠ
2933 2548 3104 2614 οίκία,
3144 2548 3242 2602 καὶ
3307 2548 3676 2619 διαφυλαχθῇ.

388 2647 504 2699 Καὶ
554 2646 604 2697 οί
651 2645 751 2716 μὲν
803 2646 944 2716 πρὸς
995 2647 1122 2721 τοὺς
1165 2646 1404 2708 οἰκείους
1457 2642 1765 2714 ἐσώθησαν,
1803 2647 1898 2699 καὶ
1951 2646 1987 2700 ἂ
2028 2645 2275 2718 ἔπραξαν
2315 2643 2561 2716 ἐδήλουν.
2627 2643 2735 2696 Τοῦ
2811 2642 3077 2714 Ἰορδάνου
3103 2645 3159 2696 δὲ
3201 2643 3402 2700 πολλοῦ
3439 2643 3680 2716 ῥέοντος,

388 2738 538 2790 οὓτω
567 2739 695 2800 τοὺς
730 2738 1021 2807 Ἐϐραίους
1046 2740 1075 2792 ὁ
1104 2778 1112 2785 -
1145 2739 1356 2809 Ἰησοῦς
1393 2738 1482 2791 ἐπ’
1519 2737 1688 2791 αὐτοῦ
1753 2739 2054 2794 διεϐίϐασε.
2099 2738 2388 2811 Προῄεσαν
2441 2738 2540 2809 μὲν
2596 2739 2646 2790 oi
2702 2737 2891 2806 ίερεῖς,
2920 2738 3036 2816 ⁸τὴν
3076 2737 3324 2791 Κιϐωτὺν
3381 2735 3636 2806 αἴροντες
3663 2775 3680 2802 ,

388 2825 518 2884 εἶτα
545 2832 595 2882 oi.
623 2827 875 2895 Λευῖται,
899 2829 1222 2900 κομίζοντες
1243 2830 1345 2900 τὴν
1381 2831 1615 2901 σκηνήν.
1649 2829 1882 2884 Εῖποντο
1918 2831 1977 2884 δὲ
2016 2829 2231 2895 τούτοις
2287 2831 2317 2882 δ
2347 2828 2499 2892 λαός.
2575 2828 2663 2893 Ὦς
2686 2826 2743 2880 δὲ
2768 2830 2882 2892 τοῖς
2917 2828 3124 2899 ίερεῦσι
3153 2827 3394 2898 πρώτοις
3419 2830 3679 2899 ὲμὸᾶσιν,

387 2925 642 2996 ἀνεκόπη
678 2925 740 2978 τὸ
794 2925 978 2996 ῥεῦμα
1019 2924 1117 2979 τοῦ
1151 2923 1426 2994 ποταμοῦ,
1453 2925 1656 2987 πάντες
1683 2923 2031 2998 θαρρούντως
2069 2924 2449 2996 ἐπεραιοῦντο.
2486 2925 2764 2995 Ἔστησαν
2793 2922 2837 2975 δ’
2867 2924 2924 2976 ὲν
2994 2921 3144 2993 μέσῳ
3173 2922 3222 2974 oi
3268 2921 3454 2992 ἱερεῖς.
3491 2923 3597 2986 ἕως
3622 2917 3684 2978 οὗ

388 3020 617 3090 διαϐαίη
649 3017 710 3070 τὸ
733 3017 960 3089 πλῆθος,
990 3013 1111 3072 εἶτα
1137 3019 1383 3071 κάκεῖνοι
1415 3017 1670 3090 ἐξῄεσαν,
1740 3017 2028 3090 ἐλεύθερον
2067 3019 2302 3089 ἀφέντες
2351 3017 2414 3072 τὸ
2483 3016 2666 3088 ῥεῦμα
2719 3017 2938 3088 χωρεῖν,
2982 3017 3077 3069 καὶ
3128 3014 3235 3086 πρὸ
3278 3015 3411 3069 δέκα
3454 3016 3685 3070 σταδίων

389 3115 495 3183 τῆς
533 3111 892 3182 Ἱεριχοῦντος
923 3109 1469 3180 στρατοπεδεύονται.
2043 3177 2049 3185 .

471 3209 559 3266 ις’.
589 3209 784 3279 Βωμὸν
813 3209 858 3262 δ’
881 3209 949 3261 ὲκ
975 3207 1085 3262 τῶν
1111 3206 1275 3260 λίθων
1301 3209 1329 3260 ὁ
1369 3205 1582 3278 Ἰησοῦς
1612 3206 1997 3278 ἱδρυσάμενος,

2173 3203 2294 3258 XX.
2327 3203 2491 3260 Jesus
2521 3201 2574 3256 in
2603 3217 2698 3256 ara
2729 3217 2797 3256 ex
2823 3199 3122 3269 lapidibus.
3155 3216 3297 3270 quos
3331 3201 3504 3272 ipsius
3526 3203 3685 3273 jussu

387 3307 491 3370 οὓς
533 3304 768 3365 ἕκαστος
804 3300 915 3354 τῶν
945 3300 1243 3371 φυλάρχων
1289 3300 1415 3352 κατ’
1461 3300 1683 3370 ἐντολὴν
1726 3297 1895 3354 αὐτοῦ
1930 3301 1996 3354 ὲκ

389 3396 497 3451 τοῦ
527 3393 694 3468 βυθοῦ
730 3394 826 3448 τοῦ
862 3392 1136 3465 Ἰορδάνου
1179 3393 1444 3459 ἀνείλετο,
1493 3392 1651 3447 ἔθυεν
1689 3395 1778 3446 ἐπ’
1805 3393 1994 3460 αὐτοῦ,

393 3491 496 3545 καὶ
529 3490 632 3560 τὴν
661 3489 857 3560 ἑορτὴν
895 3487 992 3540 τοῦ
1032 3487 1226 3557 Πάσχα
1255 3486 1521 3557 ἑώρταζε.
1556 3485 1694 3540 Τότε
1726 3485 1771 3538 δ’
1800 3486 1999 3549 αὐτοὺς

397 3583 500 3638 καὶ
535 3582 600 3634 τὸ
627 3581 822 3635 Μάννα
874 3578 1235 3645 ἐπιλελοίπει,
1279 3579 1663 3650 χρησαμένους
1710 3579 1861 3650 αὐτῷ
1905 3581 2000 3632 ἐπὶ

394 3672 820 3742 τεσσαράκοντα.
847 3671 968 3740 ἐτη.
1003 3670 1145 3739 Ἤδη
1169 3669 1278 3740 γὰρ
1300 3669 1571 3740 εὐπόρουν
1598 3671 1662 3724 ἐκ
1687 3670 1791 3738 τῆς
1813 3669 2000 3741 χώρας

399 3766 651 3831 πάντων,
685 3760 871 3835 ὦνπερ
905 3765 1142 3816 ἐδέοντο.
1201 3763 1280 3834 Τῇ
1337 3761 1394 3816 δὲ
1443 3760 1639 3835 πρώτῃ
1679 3763 1778 3833 τῆς
1804 3762 1999 3832 ἑορτῆς

399 3859 596 3932 ἡμέρᾳ
645 3860 714 3928 τῇ
773 3856 1066 3928 πολιορκίᾳ
1114 3857 1213 3927 τῆς
1286 3855 1645 3926 Ἱεριχοῦντος
1695 3858 1723 3908 ὁ
1791 3855 2000 3927 Ἰησοῦς

402 3949 796 4020 ἐπεχείρησεν,
825 3945 972 4000 οῦτω
1006 3945 1216 4017 ταύτην
1244 3946 1640 4016 διατιθέμενος.
1676 3946 1787 4018 Τὴν
1819 3947 2005 4000 Κιόω-

400 4043 501 4096 τὸν
527 4042 581 4094 oi
611 4043 776 4111 ἱερεῖς
826 4040 1110 4111 φέροντες,
1148 4038 1482 4109 περιώδευον
1527 4039 1587 4090 τὸ
1637 4040 1838 4108 τεῖχος,
1863 4038 2004 4091 ἑπτὰ

405 4135 776 4198 σαλπίζοντες
834 4133 1055 4204 κέρασι.
1115 4132 1229 4185 Kai.
1271 4133 1305 4201 ή
1355 4132 1623 4203 γερουσία
1670 4130 2000 4201 παρείπετο,

403 4226 515 4282 εἷθ’
558 4227 893 4281 ὑπενόστουν
924 4226 1006 4287 είς
1042 4227 1103 4277 τὸ
1137 4225 1526 4296 στρατόπεδον.
1561 4223 1674 4277 Καὶ
1715 4221 1876 4276 τοῦτο
1911 4224 2006 4276 ἐπὶ

403 4322 470 4388 εξ
512 4320 736 4374 ἐποίουν
760 4319 998 4389 ἡμέρας.
1033 4319 1112 4389 Τῇ
1146 4301 1200 4370 δὲ
1237 4317 1445 4390 ἐϐδόμῃ
1469 4317 1538 4371 τὰ
1569 4316 1713 4370 αὐτὰ
1745 4316 2005 4385 ποιησάν-

404 4432 546 4478 των,
571 4414 668 4465 xui.
691 4410 1093 4482 περιελθόντων
1133 4410 1388 4477 ἑπτάκις,
1415 4412 1476 4462 τὸ
1501 4413 1680 4480 τεῖχος
1707 4409 2005 4473 κατέπεσε,

406 4507 512 4560 καὶ
537 4509 566 4559 ὁ
597 4503 725 4566 λαὸς
759 4501 1043 4566 εἰσελθὼν,
1067 4501 1279 4565 πάντας
1299 4501 1573 4568 ἔκτειναν,
1605 4501 1700 4554 καὶ⁸
1731 4500 1831 4570 τὴν
1854 4499 2008 4552 πόλιν

2101 3295 2339 3365 quilibet
2392 3294 2651 3348 tribunus
2707 3308 2776 3345 ex
2831 3293 2990 3345 alveo
3048 3291 3306 3349 Jordanis
3359 3297 3684 3360 sustulerat,

2100 3387 2368 3452 immolat,
2401 3395 2457 3440 et
2493 3385 2695 3440 festum
2741 3385 3026 3441 Paschalis
3069 3387 3333 3442 ceiebrat.
3367 3389 3688 3460 Eodemque

2102 3487 2350 3548 tempore
2377 3483 2576 3531 manna
2605 3492 2702 3532 eos
2729 3477 2950 3540 defecit,
2981 3493 3092 3546 quo
3120 3493 3219 3547 per
3249 3495 3422 3535 annos
3451 3482 3689 3551 quadra-

2102 3572 2250 3642 ginta
2281 3571 2501 3625 fuerant
2548 3569 2658 3626 usi.
2703 3569 2824 3625 Jam
2868 3569 3016 3623 enim
3049 3585 3118 3624 ex
3166 3571 3314 3642 agris
3363 3574 3548 3628 omnia
3579 3575 3691 3647 46

2103 3664 2309 3734 quibus
2346 3677 2486 3734 opus
2515 3672 2656 3727 erat,
2687 3663 3076 3732 suppetebant.
3109 3661 3471 3720 Obsidionem
3509 3665 3691 3722 Hieri-

2104 3755 2328 3810 chuntis
2357 3755 2519 3810 Jesus
2549 3753 2732 3824 primo
2763 3753 2854 3808 die
2882 3754 3202 3810 festivitatis
3231 3765 3317 3810 est
3348 3759 3690 3827 auSpicatus,

2108 3864 2166 3903 re
2193 3848 2274 3903 sic
2299 3847 2588 3902 instructa.
2616 3845 2946 3903 Sacerdotes
2974 3862 3158 3902 arcam
3183 3857 3462 3916 gestantes
3489 3852 3692 3908 moenia

2105 3940 2496 4006 circumibant,
2522 3952 2732 4010 septem
2763 3955 2971 3996 cornua
2999 3940 3272 4008 inﬂantes,
3299 3953 3525 4000 senatus
3549 3960 3692 4016 pone

2107 4037 2469 4106 sequebatur,
2495 4045 2622 4106 post
2653 4037 2708 4089 in
2734 4046 2913 4092 castra
2945 4037 3221 4092 redibant.
3256 4039 3426 4109 quue
3454 4055 3551 4095 sex
3575 4040 3696 4097 die-

2110 4133 2213 4187 bus
2244 4148 2370 4186 cum
2407 4131 2692 4196 fecissent,
2719 4145 2785 4186 ac
2817 4130 2908 4186 die
2955 4133 3192 4202 septimo
3240 4133 3611 4202 repetiissent,
3639 4145 3696 4189 et

2109 4225 2316 4294 septies
2356 4221 2768 4285 circumissent,
2800 4239 2995 4278 murus
3047 4223 3312 4290 concidit,
3344 4224 3582 4294 p0pulus
3609 4226 3696 4278 in-

2110 4331 2354 4386 gressus,
2383 4329 2577 4369 omnes
2611 4313 2836 4380 occidit,
2878 4323 2935 4368 et
2969 4315 3162 4370 urbem
3207 4314 3474 4370 incendit.
3511 4315 3696 4370 Solam

2116 4410 2358 4464 Raabcm
2390 4424 2516 4465 cum
2551 4409 2688 4476 suis,
2713 4410 2872 4480 signo
2893 4409 2986 4464 illo
3011 4424 3109 4478 pro
3135 4408 3350 4465 foribus
3376 4421 3696 4480 conspecto,

2113 4504 2492 4574 exploratores
2516 4513 2916 4558 conservarunt
2943 4521 2957 4557 :
2991 4503 3150 4558 Jesus
3179 4504 3346 4559 etiam
3372 4519 3505 4574 agro
3528 4504 3698 4560 dona-

409 4597 755 4667 ἐνέπρησαν.
788 4597 899 4666 Τὴν
951 4595 1009 4648 δὲ
1055 4595 1226 4649 Ῥαὰὸ
1283 4595 1453 4664 μόνην
1501 4594 1598 4646 σὺν
1642 4595 1757 4655 τοῖς
1786 4593 2001 4654 οἰκείοις

2116 4599 2216 4666 vit,
2247 4609 2302 4654 et
2334 4599 2642 4653 honorifice
2683 4599 2958 4654 tractavit.
2988 4598 3043 4654 Si
3077 4598 3170 4668 qui
3205 4614 3336 4654 vero
3376 4601 3571 4655 urbem
3613 4601 3698 4656 in-

411 4694 641 4744 εσωσαν
693 4691 742 4742 οἱ
787 4689 1151 4752 κατάσκοποι,
1207 4687 1480 4756 φοινικίδα
1548 4687 1656 4757 πρὸ
1697 4687 1795 4756 τῆς
1830 4685 2010 4747 οἰκίας

407 4781 876 4850 άπαιωρήσασαν.
905 4780 1017 4834 Καὶ
1045 4779 1254 4848 Ἰησοῦς
1278 4780 1481 4848 ἀγροὺς
1507 4780 1646 4847 αὐτῇ
1671 4776 2008 4846 ἐδωρήσατο,

413 4875 515 4928 καὶ
538 4869 646 4943 ἦγε
678 4872 768 4925 διὰ
785 4872 974 4942 τιμῆς.
1010 4871 1170 4924 Κατὰ
1199 4871 1257 4924 δὲ
1285 4872 1397 4924 τῶν
1431 4871 1676 4940 ἐγείρειν
1699 4866 1856 4932 αὖθις
1885 4868 2012 4938 βου·

412 4969 820 5039 ληθησομένων
848 4966 947 5037 τὴν
975 4964 1135 5018 πόλιν
1159 4964 1300 5033 ἀρὰς
1327 4964 1505 5028 ἔθετο,
1545 4963 1876 5034 στερηθῆναι
1911 4963 2014 5032 μὲν

412 5060 514 5113 τοῦ
547 5059 772 5128 πρώτου
803 5059 1013 5123 παιδὸς,
1063 5058 1157 5110 τὸν
1212 5055 1500 5126 θεμελίους
1542 5054 1895 5125 βαλλόμενον,
1925 5054 2016 5108 τὸν

415 5151 796 5208 τελειώσαντα
825 5152 883 5204 δὲ
915 5149 1264 5220 ζημιωθῆναι
1309 5151 1404 5203 τὸν
1453 5151 1747 5204 νεώτατον.
1790 5148 1931 5201 Πολὺ
1961 5148 2019 5201 δὲ

420 5245 640 5314 πλῆθος
666 5245 734 5296 ὲκ
779 5244 879 5309 τῆς
928 5243 1138 5305 πόλεως
1186 5242 1506 5313 ἀθροίζεται
1551 5241 1798 5312 ἀργύρου
1835 5259 1894 5295 τε
1925 5242 2020 5294 καὶ

418 5334 660 5408 χρυσοῦ,
699 5336 795 5388 καὶ
822 5334 970 5387 ἅπαν
998 5333 1229 5404 ἀνετέθη
1257 5333 1336 5403 τῷ
1369 5332 1509 5403 Θεῷ,
1540 5333 1615 5395 ὡς
1652 5333 1763 5386 τῶν
1806 5350 2022 5403 κατωρ-

418 5428 690 5496 θωμένων
720 5426 979 5496 ἐσόμενον
1027 5426 1309 5494 ἀπαρχήν.
1374 5425 1666 5494 Ἀπείρητο
1693 5424 1801 5495 γὰρ
1853 5427 2023 5478 πᾶσιν

416 5523 488 5573 ὲκ
513 5518 713 5572 τούτου
760 5534 814 5570 τι
855 5518 1307 5586 σφετερίσασθαι.
1349 5518 1544 5588 Ἀχωρ
1579 5518 1636 5569 δέ
1680 5535 1765 5581 τις
1812 5521 1878 5571 ὲκ
1923 5518 2022 5589 τῆς

436 5613 615 5666 Ἰούδα
645 5610 842 5680 φυλῆς,
895 5612 1182 5680 ὑφάσματι
1232 5613 1534 5682 χρυσοῦφεῖ
1568 5609 1900 5682 περιτυχὼν,
1929 5613 2024 5664 καὶ

421 5707 578 5781 μάζῃ
617 5703 829 5776 χρυσοῦ
880 5704 1116 5775 ἑλκούσῃ
1152 5704 1369 5765 σίκλους
1405 5704 1734 5767 διακοσίους,
1775 5704 2026 5757 ίδιώσατο

417 5805 625 5866 ταυτα,
662 5797 974 5865 κατορύξας
1009 5800 1066 5850 ἐν
1098 5801 1165 5868 τῇ
1221 5799 1416 5866 σκηνῇ.
1464 5795 1621 5850 Μετὰ
1651 5796 1828 5850 ταῦτα
1864 5797 2025 5852 πολέ-

424 5913 530 5967 μου
555 5892 869 5953 συστάντος
894 5891 1192 5962 τρέπονται
1220 5891 1270 5943 οί
1305 5888 1570 5959 Ἑϐραῖοι,
1605 5891 1701 5944 καὶ
1729 5891 2035 5958 πίπτουσιν,

812 5989 1090 6051 Parnm.
1138 5989 1255 6048 (in.
1307 5986 1471 6048 CXX
1487 5987 1649 6051 XIV.

2117 4693 2418 4748 stauraturi
2505 4702 2732 4758 essent,
2808 4708 2906 4747 eos
2989 4693 3128 4747 diris
3209 4693 3522 4764 hujusmodi
3614 4705 3700 4751 est

2116 4786 2441 4851 detestatus,
2461 4795 2522 4839 ut
2540 4785 2633 4854 qui
2657 4785 3008 4841 fundamenta
3024 4785 3252 4851 jaceret,
3272 4786 3699 4858 primogenitum

2118 4876 2446 4929 amitteret:
2491 4877 2584 4944 qui
2633 4877 2946 4945 perficeret,
2982 4886 3116 4930 natu
3166 4877 3454 4932 minimum
3503 4878 3700 4934 ﬁlium.

2119 4969 2309 5039 Magna
2363 4969 2486 5023 auri
2527 4976 2584 5023 et
2630 4970 2845 5038 argenti
2874 4970 3049 5039 Jcopia
3096 4984 3164 5022 ex
3214 4971 3498 5026 manubiis
3545 4973 3702 5028 urbis

2121 5071 2329 5125 coacta,
2357 5062 2468 5116 Deo
2493 5060 2746 5115 universa
2769 5070 3145 5132 consecratur,
3171 5061 3426 5131 primitiae
3455 5065 3533 5118 rei
3559 5065 3702 5120 bene

2075 5199 2078 5203 .
2125 5163 2290 5222 gestae
2319 5169 2332 5206 :
2358 5167 2423 5207 ac
2453 5152 2714 5206 oumibus
2753 5152 3126 5212 interdicitur.
3164 5169 3234 5208 ne
3262 5154 3392 5222 qttid
3426 5155 3554 5210 inde
3593 5157 3701 5212 sibi

2124 5254 2413 5315 usurpent.
2439 5243 2547 5300 Sed
2570 5245 2754 5299 Achor
2774 5245 2994 5313 quidam
3015 5245 3254 5300 Judaicae
3273 5247 3474 5311 tribus,
3492 5254 3702 5302 textum

2124 5339 2399 5408 quoddam
2450 5352 2518 5392 ex
2563 5353 2722 5402 auro,
2771 5346 2827 5392 et
2872 5338 2992 5391 auri
3049 5352 3306 5402 massam,
3353 5353 3477 5406 quae
3539 5339 3704 5395 siclos

2125 5433 2396 5486 ducentos
2427 5430 2725 5502 pendebat,
2757 5442 2970 5491 nactus,
3003 5431 3222 5492 retinet,
3257 5445 3320 5485 ac
3362 5433 3416 5485 in
3450 5431 3705 5488 taberna-

2129 5525 2253 5577 culo
2285 5538 2385 5578 suo
2409 5523 2635 5578 defodit.
2677 5524 2805 5577 Post
2837 5535 2960 5577 orto
2995 5523 3159 5586 bello,
3190 5523 3244 5576 in
3274 5523 3456 5594 fugam
3481 5535 3699 5582 vertun-

2133 5624 2222 5668 tur
2277 5615 2513 5682 chrazi,
2567 5615 2791 5687 triginta
2823 5631 2917 5669 sex
2954 5631 3021 5670 ex
3067 5615 3148 5670 eis
3198 5615 3526 5673 interfectis.
3572 5619 3706 5674 Eam

2131 5708 2342 5762 cladem
2397 5707 2637 5777 p0pulus
2681 5707 2967 5776 :egerrime
3023 5708 3169 5762 tulit.
3221 5709 3382 5764 Jesus
3414 5710 3469 5764 in
3514 5711 3706 5764 faciem

2130 5800 2422 5870 prolapsus
2470 5799 2803 5871 deprecatur
2834 5801 3006 5856 Deum
3044 5818 3057 5855 :
3094 5811 3150 5857 et
3197 5804 3424 5858 oraculo
3455 5805 3707 5871 edoctus,

2133 5890 2482 5963 sacrilegium
2513 5907 2633 5950 esse
2659 5892 2882 5962 factum,
2914 5893 3184 5966 judicium
3210 5895 3342 5951 sorti
3369 5895 3659 5952 committit
3685 5932 3699 5950 .

3375 5993 3412 6050 Is
