  <div class='ocr_page' id='page_1' title='image "/cluster/home/n/w/nwhite01/storage/ocr_20150623/134:no.1/coo.31924054870393/061.png"; bbox 0 0 4098 6408; ppageno 0'>
   <div class='ocr_carea' id='block_1_1' title="bbox 503 331 690 429">
    <p class='ocr_par' dir='ltr' id='par_1_1' title="bbox 503 331 690 429">
     <span class='ocr_line' id='line_1_1' title="bbox 503 331 690 429; baseline 0.005 -1"><span class='ocrx_word' id='word_1_1' title='bbox 503 331 690 429; x_wconf 65' lang='grc' dir='ltr'><strong>ίθι</strong></span> 
     </span>
    </p>
   </div>
   <div class='ocr_carea' id='block_1_2' title="bbox 1807 361 2502 424">
    <p class='ocr_par' dir='ltr' id='par_1_2' title="bbox 1807 361 2502 424">
     <span class='ocr_line' id='line_1_2' title="bbox 1807 361 2502 424; baseline -0.004 0"><span class='ocrx_word' id='word_1_2' title='bbox 1807 363 2138 424; x_wconf 81' lang='lat' dir='ltr'><strong>IOANNIS</strong></span> <span class='ocrx_word' id='word_1_3' title='bbox 2178 361 2502 423; x_wconf 77' lang='lat' dir='ltr'><strong>ZONAR/E</strong></span> 
     </span>
    </p>
   </div>
   <div class='ocr_carea' id='block_1_3' title="bbox 3667 357 3769 422">
    <p class='ocr_par' dir='ltr' id='par_1_3' title="bbox 3667 357 3769 422">
     <span class='ocr_line' id='line_1_3' title="bbox 3667 357 3769 422; baseline -0.039 0"><span class='ocrx_word' id='word_1_4' title='bbox 3667 357 3769 422; x_wconf 82' lang='lat'><strong>108</strong></span> 
     </span>
    </p>
   </div>
   <div class='ocr_carea' id='block_1_4' title="bbox 495 475 2081 556">
    <p class='ocr_par' dir='ltr' id='par_1_4' title="bbox 495 480 2075 556">
     <span class='ocr_line' id='line_1_4' title="bbox 495 480 2075 556; baseline -0.003 -16"><span class='ocrx_word' id='word_1_5' title='bbox 495 502 617 556; x_wconf 70' lang='lat' dir='ltr'><strong>qum</strong></span> <span class='ocrx_word' id='word_1_6' title='bbox 638 496 760 539; x_wconf 89' lang='lat' dir='ltr'><strong>cum</strong></span> <span class='ocrx_word' id='word_1_7' title='bbox 786 485 839 538; x_wconf 92' lang='lat' dir='ltr'><strong>in</strong></span> <span class='ocrx_word' id='word_1_8' title='bbox 865 483 1136 541; x_wconf 82' lang='lat' dir='ltr'><strong>Aelmrem</strong></span> <span class='ocrx_word' id='word_1_9' title='bbox 1161 480 1467 544; x_wconf 86' lang='lat' dir='ltr'><strong>incidisset,</strong></span> <span class='ocrx_word' id='word_1_10' title='bbox 1497 481 1699 536; x_wconf 79' lang='lat' dir='ltr'><strong>fatetur</strong></span> <span class='ocrx_word' id='word_1_11' title='bbox 1726 480 1817 536; x_wconf 90' lang='lat' dir='ltr'><strong>ille</strong></span> <span class='ocrx_word' id='word_1_12' title='bbox 1841 480 2075 547; x_wconf 81' lang='lat' dir='ltr'><strong>facinus,</strong></span> 
     </span>
    </p>
   </div>
   <div class='ocr_carea' id='block_1_5' title="bbox 2186 475 3774 556">
    <p class='ocr_par' dir='ltr' id='par_1_5' title="bbox 2186 475 3774 550">
     <span class='ocr_line' id='line_1_5' title="bbox 2186 475 3774 550; baseline 0.003 -19"><span class='ocrx_word' id='word_1_13' title='bbox 2186 478 2364 532; x_wconf 76' lang='grc' dir='ltr'>αὐτῶν</span> <span class='ocrx_word' id='word_1_14' title='bbox 2398 476 2592 548; x_wconf 80' lang='grc' dir='ltr'>ἄνδρες</span> <span class='ocrx_word' id='word_1_15' title='bbox 2631 476 2693 542; x_wconf 78' lang='grc' dir='ltr'><strong>ἓξ</strong></span> <span class='ocrx_word' id='word_1_16' title='bbox 2726 478 2822 532; x_wconf 79' lang='grc' dir='ltr'><strong>καὶ</strong></span> <span class='ocrx_word' id='word_1_17' title='bbox 2871 475 3190 549; x_wconf 84' lang='grc' dir='ltr'>τριάκοντα.</span> <span class='ocrx_word' id='word_1_18' title='bbox 3243 476 3419 531; x_wconf 85' lang='grc' dir='ltr'>Τοῦτο</span> <span class='ocrx_word' id='word_1_19' title='bbox 3467 477 3672 550; x_wconf 76' lang='grc' dir='ltr'>σφόδρα</span> <span class='ocrx_word' id='word_1_20' title='bbox 3709 483 3774 535; x_wconf 73' lang='grc' dir='ltr'>τὸ</span> 
     </span>
    </p>
   </div>
   <div class='ocr_carea' id='block_1_6' title="bbox 499 571 2077 644">
    <p class='ocr_par' dir='ltr' id='par_1_6' title="bbox 499 571 2077 644">
     <span class='ocr_line' id='line_1_6' title="bbox 499 571 2077 644; baseline -0.003 -14"><span class='ocrx_word' id='word_1_21' title='bbox 499 592 591 630; x_wconf 85' lang='lat' dir='ltr'><strong>res</strong></span> <span class='ocrx_word' id='word_1_22' title='bbox 644 576 935 644; x_wconf 85' lang='lat' dir='ltr'><strong>subreptas</strong></span> <span class='ocrx_word' id='word_1_23' title='bbox 981 572 1213 644; x_wconf 87' lang='lat' dir='ltr'><strong>profert,</strong></span> <span class='ocrx_word' id='word_1_24' title='bbox 1247 572 1363 643; x_wconf 86' lang='lat' dir='ltr'><strong>ipse</strong></span> <span class='ocrx_word' id='word_1_25' title='bbox 1412 587 1537 626; x_wconf 89' lang='lat' dir='ltr'><strong>cum</strong></span> <span class='ocrx_word' id='word_1_26' title='bbox 1587 571 1705 625; x_wconf 85' lang='lat' dir='ltr'><strong>suis</strong></span> <span class='ocrx_word' id='word_1_27' title='bbox 1753 571 2077 642; x_wconf 88' lang='lat' dir='ltr'><strong>lapidatur:</strong></span> 
     </span>
    </p>
   </div>
   <div class='ocr_carea' id='block_1_7' title="bbox 499 663 2081 734">
    <p class='ocr_par' dir='ltr' id='par_1_7' title="bbox 499 663 2081 734">
     <span class='ocr_line' id='line_1_7' title="bbox 499 663 2081 734; baseline -0.003 -11"><span class='ocrx_word' id='word_1_28' title='bbox 499 668 659 723; x_wconf 86' lang='lat' dir='ltr'><strong>Iesus</strong></span> <span class='ocrx_word' id='word_1_29' title='bbox 705 667 858 720; x_wconf 84' lang='lat' dir='ltr'><strong>Naim</strong></span> <span class='ocrx_word' id='word_1_30' title='bbox 893 666 1185 720; x_wconf 90' lang='lat' dir='ltr'><strong>obsidione</strong></span> <span class='ocrx_word' id='word_1_31' title='bbox 1222 665 1391 734; x_wconf 85' lang='lat' dir='ltr'><strong>capit.</strong></span> <span class='ocrx_word' id='word_1_32' title='bbox 1427 664 1703 720; x_wconf 69' lang='lat' dir='ltr'><strong>(Ia-terunt</strong></span> <span class='ocrx_word' id='word_1_33' title='bbox 1739 663 2081 730; x_wconf 68' lang='lat' dir='ltr'><strong>Gabaonitae,</strong></span> 
     </span>
    </p>
   </div>
   <div class='ocr_carea' id='block_1_8' title="bbox 491 757 2081 829">
    <p class='ocr_par' dir='ltr' id='par_1_8' title="bbox 491 757 2081 829">
     <span class='ocr_line' id='line_1_8' title="bbox 491 757 2081 829; baseline -0.004 -13"><span class='ocrx_word' id='word_1_34' title='bbox 491 776 802 829; x_wconf 84' lang='lat' dir='ltr'><strong>eorumque</strong></span> <span class='ocrx_word' id='word_1_35' title='bbox 836 759 1075 822; x_wconf 80' lang='lat' dir='ltr'><strong>finitimi,</strong></span> <span class='ocrx_word' id='word_1_36' title='bbox 1108 774 1233 811; x_wconf 88' lang='lat' dir='ltr'><strong>cum</strong></span> <span class='ocrx_word' id='word_1_37' title='bbox 1260 758 1326 811; x_wconf 84' lang='lat' dir='ltr'><strong>ad</strong></span> <span class='ocrx_word' id='word_1_38' title='bbox 1349 757 1687 812; x_wconf 78' lang='lat' dir='ltr'><strong>Chananzeos</strong></span> <span class='ocrx_word' id='word_1_39' title='bbox 1716 757 2081 827; x_wconf 90' lang='lat' dir='ltr'><strong>pertinerent,</strong></span> 
     </span>
    </p>
   </div>
   <div class='ocr_carea' id='block_1_9' title="bbox 493 848 2084 908">
    <p class='ocr_par' dir='ltr' id='par_1_9' title="bbox 493 848 2084 908">
     <span class='ocr_line' id='line_1_9' title="bbox 493 848 2084 908; baseline -0.003 0"><span class='ocrx_word' id='word_1_40' title='bbox 493 853 660 908; x_wconf 88' lang='lat' dir='ltr'><strong>veriti</strong></span> <span class='ocrx_word' id='word_1_41' title='bbox 691 868 758 908; x_wconf 91' lang='lat' dir='ltr'><strong>ne</strong></span> <span class='ocrx_word' id='word_1_42' title='bbox 792 851 983 906; x_wconf 81' lang='lat' dir='ltr'><strong>itidem</strong></span> <span class='ocrx_word' id='word_1_43' title='bbox 1010 859 1069 905; x_wconf 89' lang='lat' dir='ltr'><strong>ut</strong></span> <span class='ocrx_word' id='word_1_44' title='bbox 1090 849 1547 905; x_wconf 83' lang='lat' dir='ltr'><strong>llierielmntii&#39;et</strong></span> <span class='ocrx_word' id='word_1_45' title='bbox 1576 848 1746 903; x_wconf 75' lang='lat' dir='ltr'><strong>Naitze</strong></span> <span class='ocrx_word' id='word_1_46' title='bbox 1776 859 2084 904; x_wconf 84' lang='lat' dir='ltr'><strong>tractaren-</strong></span> 
     </span>
    </p>
   </div>
   <div class='ocr_carea' id='block_1_10' title="bbox 499 939 2084 1016">
    <p class='ocr_par' dir='ltr' id='par_1_10' title="bbox 499 939 2084 1016">
     <span class='ocr_line' id='line_1_10' title="bbox 499 939 2084 1016; baseline -0.003 -17"><span class='ocrx_word' id='word_1_47' title='bbox 499 955 611 1010; x_wconf 85' lang='lat' dir='ltr'><strong>tur,</strong></span> <span class='ocrx_word' id='word_1_48' title='bbox 650 946 859 1016; x_wconf 77' lang='lat' dir='ltr'><strong>legatos</strong></span> <span class='ocrx_word' id='word_1_49' title='bbox 890 946 957 999; x_wconf 89' lang='lat' dir='ltr'><strong>ad</strong></span> <span class='ocrx_word' id='word_1_50' title='bbox 990 944 1178 999; x_wconf 90' lang='lat' dir='ltr'><strong>Iesum</strong></span> <span class='ocrx_word' id='word_1_51' title='bbox 1213 944 1467 1005; x_wconf 86' lang='lat' dir='ltr'><strong>mittunt,</strong></span> <span class='ocrx_word' id='word_1_52' title='bbox 1508 957 1567 996; x_wconf 88' lang='lat' dir='ltr'><strong>se</strong></span> <span class='ocrx_word' id='word_1_53' title='bbox 1601 942 1923 1010; x_wconf 81' lang='lat' dir='ltr'><strong>longissime</strong></span> <span class='ocrx_word' id='word_1_54' title='bbox 1956 939 2084 995; x_wconf 86' lang='lat' dir='ltr'><strong>inde</strong></span> 
     </span>
    </p>
   </div>
   <div class='ocr_carea' id='block_1_11' title="bbox 500 1032 2085 1105">
    <p class='ocr_par' dir='ltr' id='par_1_11' title="bbox 500 1032 2085 1105">
     <span class='ocr_line' id='line_1_11' title="bbox 500 1032 2085 1105; baseline -0.004 -11"><span class='ocrx_word' id='word_1_55' title='bbox 500 1039 751 1094; x_wconf 80' lang='lat' dir='ltr'><strong>habitare</strong></span> <span class='ocrx_word' id='word_1_56' title='bbox 804 1038 1075 1101; x_wconf 87' lang='lat' dir='ltr'><strong>dicentes,</strong></span> <span class='ocrx_word' id='word_1_57' title='bbox 1110 1049 1293 1105; x_wconf 87' lang='lat' dir='ltr'><strong>neque</strong></span> <span class='ocrx_word' id='word_1_58' title='bbox 1352 1048 1550 1104; x_wconf 79' lang='lat' dir='ltr'><strong>genere</strong></span> <span class='ocrx_word' id='word_1_59' title='bbox 1600 1049 1724 1087; x_wconf 78' lang='lat' dir='ltr'><strong>cum</strong></span> <span class='ocrx_word' id='word_1_60' title='bbox 1760 1032 2085 1087; x_wconf 69' lang='lat' dir='ltr'><strong>Chananteis</strong></span> 
     </span>
    </p>
   </div>
   <div class='ocr_carea' id='block_1_12' title="bbox 497 1123 2085 1200">
    <p class='ocr_par' dir='ltr' id='par_1_12' title="bbox 497 1123 2085 1200">
     <span class='ocr_line' id='line_1_12' title="bbox 497 1123 2085 1200; baseline -0.005 -16"><span class='ocrx_word' id='word_1_61' title='bbox 497 1131 844 1200; x_wconf 79' lang='lat' dir='ltr'><strong>conjuttclos,</strong></span> <span class='ocrx_word' id='word_1_62' title='bbox 877 1127 1059 1182; x_wconf 65' lang='lat' dir='ltr'><strong>foedus</strong></span> <span class='ocrx_word' id='word_1_63' title='bbox 1098 1126 1240 1179; x_wconf 91' lang='lat' dir='ltr'><strong>inire</strong></span> <span class='ocrx_word' id='word_1_64' title='bbox 1280 1139 1405 1179; x_wconf 83' lang='lat' dir='ltr'><strong>cum</strong></span> <span class='ocrx_word' id='word_1_65' title='bbox 1445 1124 1733 1187; x_wconf 86' lang='lat' dir='ltr'><strong>lsraelitis,</strong></span> <span class='ocrx_word' id='word_1_66' title='bbox 1764 1130 1818 1175; x_wconf 88' lang='lat' dir='ltr'><strong>et</strong></span> <span class='ocrx_word' id='word_1_67' title='bbox 1854 1123 2085 1193; x_wconf 84' lang='lat' dir='ltr'><strong>jungere</strong></span> 
     </span>
    </p>
   </div>
   <div class='ocr_carea' id='block_1_13' title="bbox 497 1215 2081 1289">
    <p class='ocr_par' dir='ltr' id='par_1_13' title="bbox 497 1215 2081 1289">
     <span class='ocr_line' id='line_1_13' title="bbox 497 1215 2081 1289; baseline -0.006 -12"><span class='ocrx_word' id='word_1_68' title='bbox 497 1222 795 1277; x_wconf 80' lang='lat' dir='ltr'><strong>amicitiam</strong></span> <span class='ocrx_word' id='word_1_69' title='bbox 841 1234 1065 1289; x_wconf 88' lang='lat' dir='ltr'><strong>cupere.</strong></span> <span class='ocrx_word' id='word_1_70' title='bbox 1130 1218 1313 1273; x_wconf 90' lang='lat' dir='ltr'><strong>Iesus.</strong></span> <span class='ocrx_word' id='word_1_71' title='bbox 1377 1215 1669 1287; x_wconf 78' lang='lat' dir='ltr'><strong>postulatis</strong></span> <span class='ocrx_word' id='word_1_72' title='bbox 1733 1230 1925 1269; x_wconf 84' lang='lat' dir='ltr'><strong>eorum</strong></span> <span class='ocrx_word' id='word_1_73' title='bbox 1980 1229 2081 1268; x_wconf 85' lang='lat' dir='ltr'><strong>an-</strong></span> 
     </span>
    </p>
   </div>
   <div class='ocr_carea' id='block_1_14' title="bbox 496 1308 2082 1380">
    <p class='ocr_par' dir='ltr' id='par_1_14' title="bbox 496 1308 2082 1380">
     <span class='ocr_line' id='line_1_14' title="bbox 496 1308 2082 1380; baseline -0.007 -8"><span class='ocrx_word' id='word_1_74' title='bbox 496 1318 636 1372; x_wconf 89' lang='lat' dir='ltr'><strong>nuit.</strong></span> <span class='ocrx_word' id='word_1_75' title='bbox 704 1316 856 1379; x_wconf 82' lang='lat' dir='ltr'><strong>l’ust,</strong></span> <span class='ocrx_word' id='word_1_76' title='bbox 888 1314 980 1368; x_wconf 93' lang='lat' dir='ltr'><strong>ubi</strong></span> <span class='ocrx_word' id='word_1_77' title='bbox 1025 1328 1122 1369; x_wconf 91' lang='lat' dir='ltr'><strong>eos</strong></span> <span class='ocrx_word' id='word_1_78' title='bbox 1152 1313 1462 1367; x_wconf 78' lang='lat' dir='ltr'><strong>Cltananeae</strong></span> <span class='ocrx_word' id='word_1_79' title='bbox 1508 1310 1687 1380; x_wconf 83' lang='lat' dir='ltr'><strong>gentis</strong></span> <span class='ocrx_word' id='word_1_80' title='bbox 1744 1323 1868 1363; x_wconf 84' lang='lat' dir='ltr'><strong>esse</strong></span> <span class='ocrx_word' id='word_1_81' title='bbox 1915 1308 2082 1363; x_wconf 86' lang='lat' dir='ltr'><strong>intel-</strong></span> 
     </span>
    </p>
   </div>
   <div class='ocr_carea' id='block_1_15' title="bbox 498 1399 2082 1470">
    <p class='ocr_par' dir='ltr' id='par_1_15' title="bbox 498 1399 2082 1470">
     <span class='ocr_line' id='line_1_15' title="bbox 498 1399 2082 1470; baseline -0.008 -6"><span class='ocrx_word' id='word_1_82' title='bbox 498 1409 634 1464; x_wconf 80' lang='lat' dir='ltr'><strong>lexit</strong></span> <span class='ocrx_word' id='word_1_83' title='bbox 666 1427 680 1463; x_wconf 90' lang='lat'>:</span> <span class='ocrx_word' id='word_1_84' title='bbox 714 1422 840 1462; x_wconf 90' lang='lat' dir='ltr'><strong>cum</strong></span> <span class='ocrx_word' id='word_1_85' title='bbox 870 1407 952 1461; x_wconf 88' lang='lat' dir='ltr'><strong>eis</strong></span> <span class='ocrx_word' id='word_1_86' title='bbox 985 1405 1056 1459; x_wconf 90' lang='lat' dir='ltr'><strong>ob</strong></span> <span class='ocrx_word' id='word_1_87' title='bbox 1077 1403 1266 1459; x_wconf 88' lang='lat' dir='ltr'><strong>dolum</strong></span> <span class='ocrx_word' id='word_1_88' title='bbox 1294 1401 1631 1470; x_wconf 77' lang='lat' dir='ltr'><strong>expostulat.</strong></span> <span class='ocrx_word' id='word_1_89' title='bbox 1666 1399 1748 1452; x_wconf 87' lang='lat' dir='ltr'><strong>Illi</strong></span> <span class='ocrx_word' id='word_1_90' title='bbox 1781 1399 2082 1453; x_wconf 82' lang='lat' dir='ltr'><strong>necessita—</strong></span> 
     </span>
    </p>
   </div>
   <div class='ocr_carea' id='block_1_16' title="bbox 499 1491 2083 1568">
    <p class='ocr_par' dir='ltr' id='par_1_16' title="bbox 499 1491 2083 1568">
     <span class='ocr_line' id='line_1_16' title="bbox 499 1491 2083 1568; baseline -0.009 -11"><span class='ocrx_word' id='word_1_91' title='bbox 499 1512 609 1557; x_wconf 89' lang='lat' dir='ltr'><strong>tem</strong></span> <span class='ocrx_word' id='word_1_92' title='bbox 640 1508 928 1565; x_wconf 80' lang='lat' dir='ltr'><strong>excusant,</strong></span> <span class='ocrx_word' id='word_1_93' title='bbox 954 1508 1117 1568; x_wconf 86' lang='lat' dir='ltr'><strong>atque</strong></span> <span class='ocrx_word' id='word_1_94' title='bbox 1145 1495 1348 1552; x_wconf 81' lang='lat' dir='ltr'><strong>excidii</strong></span> <span class='ocrx_word' id='word_1_95' title='bbox 1374 1503 1607 1548; x_wconf 88' lang='lat' dir='ltr'><strong>metum.</strong></span> <span class='ocrx_word' id='word_1_96' title='bbox 1636 1492 1775 1546; x_wconf 86' lang='lat' dir='ltr'><strong>Tum</strong></span> <span class='ocrx_word' id='word_1_97' title='bbox 1805 1491 1988 1553; x_wconf 84' lang='lat' dir='ltr'><strong>Iesus,</strong></span> <span class='ocrx_word' id='word_1_98' title='bbox 2012 1505 2083 1544; x_wconf 90' lang='lat' dir='ltr'><strong>ne</strong></span> 
     </span>
    </p>
   </div>
   <div class='ocr_carea' id='block_1_17' title="bbox 498 1581 2086 1658">
    <p class='ocr_par' dir='ltr' id='par_1_17' title="bbox 498 1581 2086 1658">
     <span class='ocr_line' id='line_1_17' title="bbox 498 1581 2086 1658; baseline -0.009 -8"><span class='ocrx_word' id='word_1_99' title='bbox 498 1594 680 1650; x_wconf 84' lang='lat' dir='ltr'><strong>datam</strong></span> <span class='ocrx_word' id='word_1_100' title='bbox 719 1592 880 1647; x_wconf 84' lang='lat' dir='ltr'><strong>fidem</strong></span> <span class='ocrx_word' id='word_1_101' title='bbox 910 1590 1164 1653; x_wconf 81' lang='lat' dir='ltr'><strong>violaret,</strong></span> <span class='ocrx_word' id='word_1_102' title='bbox 1190 1587 1440 1658; x_wconf 88' lang='lat' dir='ltr'><strong>publicos</strong></span> <span class='ocrx_word' id='word_1_103' title='bbox 1462 1599 1656 1639; x_wconf 81' lang='lat' dir='ltr'><strong>servos</strong></span> <span class='ocrx_word' id='word_1_104' title='bbox 1683 1598 1779 1636; x_wconf 84' lang='lat' dir='ltr'><strong>eos</strong></span> <span class='ocrx_word' id='word_1_105' title='bbox 1810 1584 1958 1636; x_wconf 83' lang='lat' dir='ltr'><strong>facit.</strong></span> <span class='ocrx_word' id='word_1_106' title='bbox 1992 1581 2086 1636; x_wconf 87' lang='lat' dir='ltr'><strong>Sic</strong></span> 
     </span>
    </p>
   </div>
   <div class='ocr_carea' id='block_1_18' title="bbox 497 1675 2087 1757">
    <p class='ocr_par' dir='ltr' id='par_1_18' title="bbox 497 1675 2087 1757">
     <span class='ocr_line' id='line_1_18' title="bbox 497 1675 2087 1757; baseline -0.01 -14"><span class='ocrx_word' id='word_1_107' title='bbox 497 1686 795 1757; x_wconf 89' lang='lat' dir='ltr'><strong>Iosephus.</strong></span> <span class='ocrx_word' id='word_1_108' title='bbox 834 1683 941 1740; x_wconf 89' lang='lat' dir='ltr'><strong>Sed</strong></span> <span class='ocrx_word' id='word_1_109' title='bbox 982 1684 1127 1738; x_wconf 88' lang='lat' dir='ltr'><strong>liber</strong></span> <span class='ocrx_word' id='word_1_110' title='bbox 1159 1680 1287 1737; x_wconf 87' lang='lat' dir='ltr'><strong>Iesu</strong></span> <span class='ocrx_word' id='word_1_111' title='bbox 1320 1680 1420 1741; x_wconf 85' lang='lat' dir='ltr'><strong>ait,</strong></span> <span class='ocrx_word' id='word_1_112' title='bbox 1459 1694 1561 1733; x_wconf 87' lang='lat' dir='ltr'><strong>eos</strong></span> <span class='ocrx_word' id='word_1_113' title='bbox 1597 1678 1736 1731; x_wconf 79' lang='lat' dir='ltr'><strong>lixas</strong></span> <span class='ocrx_word' id='word_1_114' title='bbox 1760 1684 1818 1729; x_wconf 91' lang='lat' dir='ltr'><strong>et</strong></span> <span class='ocrx_word' id='word_1_115' title='bbox 1864 1675 2087 1729; x_wconf 80' lang='lat' dir='ltr'><strong>calones</strong></span> 
     </span>
    </p>
   </div>
   <div class='ocr_carea' id='block_1_19' title="bbox 499 1762 2084 1843">
    <p class='ocr_par' dir='ltr' id='par_1_19' title="bbox 499 1762 2084 1843">
     <span class='ocr_line' id='line_1_19' title="bbox 499 1762 2084 1843; baseline -0.007 -14"><span class='ocrx_word' id='word_1_116' title='bbox 499 1775 670 1830; x_wconf 83' lang='lat' dir='ltr'><strong>totius</strong></span> <span class='ocrx_word' id='word_1_117' title='bbox 715 1774 1012 1843; x_wconf 70' lang='lat' dir='ltr'><strong>Synagogaa</strong></span> <span class='ocrx_word' id='word_1_118' title='bbox 1058 1778 1115 1825; x_wconf 92' lang='lat' dir='ltr'><strong>et</strong></span> <span class='ocrx_word' id='word_1_119' title='bbox 1156 1768 1332 1824; x_wconf 82' lang='lat' dir='ltr'><strong>divini</strong></span> <span class='ocrx_word' id='word_1_120' title='bbox 1364 1767 1554 1822; x_wconf 87' lang='lat' dir='ltr'><strong>altaris</strong></span> <span class='ocrx_word' id='word_1_121' title='bbox 1580 1781 1703 1821; x_wconf 83' lang='lat' dir='ltr'><strong>esse</strong></span> <span class='ocrx_word' id='word_1_122' title='bbox 1747 1765 1941 1819; x_wconf 89' lang='lat' dir='ltr'><strong>factos.</strong></span> <span class='ocrx_word' id='word_1_123' title='bbox 1974 1762 2084 1819; x_wconf 86' lang='lat' dir='ltr'><strong>Ga-</strong></span> 
     </span>
    </p>
   </div>
   <div class='ocr_carea' id='block_1_20' title="bbox 2186 569 3773 642">
    <p class='ocr_par' dir='ltr' id='par_1_20' title="bbox 2186 569 3773 642">
     <span class='ocr_line' id='line_1_20' title="bbox 2186 569 3773 642; baseline 0.001 -18"><span class='ocrx_word' id='word_1_124' title='bbox 2186 571 2393 642; x_wconf 81' lang='grc' dir='ltr'>πλῆθος</span> <span class='ocrx_word' id='word_1_125' title='bbox 2452 572 2719 641; x_wconf 83' lang='grc' dir='ltr'>ἐλύπησε.</span> <span class='ocrx_word' id='word_1_126' title='bbox 2773 571 2884 623; x_wconf 78' lang='lat' dir='ltr'><strong>Ka‘t</strong></span> <span class='ocrx_word' id='word_1_127' title='bbox 2951 569 3158 640; x_wconf 77' lang='grc' dir='ltr'>Ἰησοῦς</span> <span class='ocrx_word' id='word_1_128' title='bbox 3211 570 3305 622; x_wconf 74' lang='grc' dir='ltr'><strong>ἐπὶ</strong></span> <span class='ocrx_word' id='word_1_129' title='bbox 3359 570 3534 641; x_wconf 82' lang='grc' dir='ltr'>στόμα</span> <span class='ocrx_word' id='word_1_130' title='bbox 3583 574 3773 626; x_wconf 73' lang='grc' dir='ltr'>πεσὼν</span> 
     </span>
    </p>
   </div>
   <div class='ocr_carea' id='block_1_21' title="bbox 2185 662 3772 734">
    <p class='ocr_par' dir='ltr' id='par_1_21' title="bbox 2185 662 3772 734">
     <span class='ocr_line' id='line_1_21' title="bbox 2185 662 3772 734; baseline 0.002 -18"><span class='ocrx_word' id='word_1_131' title='bbox 2185 664 2366 718; x_wconf 81' lang='grc' dir='ltr'>ἐδέετο</span> <span class='ocrx_word' id='word_1_132' title='bbox 2395 663 2489 717; x_wconf 90' lang='grc' dir='ltr'><strong>τοῦ</strong></span> <span class='ocrx_word' id='word_1_133' title='bbox 2524 662 2680 717; x_wconf 87' lang='grc' dir='ltr'>Θεοῦ.</span> <span class='ocrx_word' id='word_1_134' title='bbox 2717 662 3128 734; x_wconf 72' lang='grc' dir='ltr'>Χρηματισθεὶς</span> <span class='ocrx_word' id='word_1_135' title='bbox 3162 663 3219 717; x_wconf 81' lang='grc' dir='ltr'>δὲ</span> <span class='ocrx_word' id='word_1_136' title='bbox 3259 662 3468 734; x_wconf 72' lang='grc' dir='ltr'>κλοπὴν</span> <span class='ocrx_word' id='word_1_137' title='bbox 3510 665 3772 733; x_wconf 83' lang='grc' dir='ltr'>γενέσθαι</span> 
     </span>
    </p>
   </div>
   <div class='ocr_carea' id='block_1_22' title="bbox 2182 754 3771 827">
    <p class='ocr_par' dir='ltr' id='par_1_22' title="bbox 2182 754 3771 827">
     <span class='ocr_line' id='line_1_22' title="bbox 2182 754 3771 827; baseline 0 -19"><span class='ocrx_word' id='word_1_138' title='bbox 2182 755 2295 809; x_wconf 83' lang='grc' dir='ltr'><strong>τῶν</strong></span> <span class='ocrx_word' id='word_1_139' title='bbox 2346 754 2797 826; x_wconf 59' lang='grc' dir='ltr'>καθιερωθέντων</span> <span class='ocrx_word' id='word_1_140' title='bbox 2842 758 3165 825; x_wconf 85' lang='grc' dir='ltr'>χρημάτων,</span> <span class='ocrx_word' id='word_1_141' title='bbox 3199 754 3390 826; x_wconf 78' lang='grc' dir='ltr'>κλήρῳ</span> <span class='ocrx_word' id='word_1_142' title='bbox 3439 756 3538 827; x_wconf 74' lang='grc' dir='ltr'>τὴν</span> <span class='ocrx_word' id='word_1_143' title='bbox 3588 758 3771 826; x_wconf 85' lang='grc' dir='ltr'>κρίσιν</span> 
     </span>
    </p>
   </div>
   <div class='ocr_carea' id='block_1_23' title="bbox 2186 845 3770 919">
    <p class='ocr_par' dir='ltr' id='par_1_23' title="bbox 2186 845 3770 919">
     <span class='ocr_line' id='line_1_23' title="bbox 2186 845 3770 919; baseline 0.002 -19"><span class='ocrx_word' id='word_1_144' title='bbox 2186 847 2505 919; x_wconf 76' lang='grc' dir='ltr'><strong>ἐπέτρεψεν.</strong></span> <span class='ocrx_word' id='word_1_145' title='bbox 2547 846 2669 901; x_wconf 76' lang='grc' dir='ltr'>Ἐπὶ</span> <span class='ocrx_word' id='word_1_146' title='bbox 2699 846 2755 899; x_wconf 83' lang='grc' dir='ltr'>δὲ</span> <span class='ocrx_word' id='word_1_147' title='bbox 2787 846 2880 901; x_wconf 78' lang='grc' dir='ltr'>τὸν</span> <span class='ocrx_word' id='word_1_148' title='bbox 2906 847 3095 917; x_wconf 80' lang='grc' dir='ltr'>’Δχωρ</span> <span class='ocrx_word' id='word_1_149' title='bbox 3125 845 3219 900; x_wconf 90' lang='grc' dir='ltr'><strong>τοῦ</strong></span> <span class='ocrx_word' id='word_1_150' title='bbox 3257 848 3459 918; x_wconf 81' lang='grc' dir='ltr'><strong>κλήρου</strong></span> <span class='ocrx_word' id='word_1_151' title='bbox 3486 851 3770 913; x_wconf 80' lang='grc' dir='ltr'><strong>πεσόντος,</strong></span> 
     </span>
    </p>
   </div>
   <div class='ocr_carea' id='block_1_24' title="bbox 2184 939 3771 1013">
    <p class='ocr_par' dir='ltr' id='par_1_24' title="bbox 2184 939 3771 1013">
     <span class='ocr_line' id='line_1_24' title="bbox 2184 939 3771 1013; baseline 0.002 -20"><span class='ocrx_word' id='word_1_152' title='bbox 2184 939 2441 1008; x_wconf 81' lang='grc' dir='ltr'>ὁμολογεῖ</span> <span class='ocrx_word' id='word_1_153' title='bbox 2463 939 2562 1010; x_wconf 73' lang='grc' dir='ltr'>τὴν</span> <span class='ocrx_word' id='word_1_154' title='bbox 2592 939 2801 1010; x_wconf 80' lang='grc' dir='ltr'>κλοπὴν</span> <span class='ocrx_word' id='word_1_155' title='bbox 2833 941 3067 1003; x_wconf 83' lang='grc' dir='ltr'>ἐκεῖνος,</span> <span class='ocrx_word' id='word_1_156' title='bbox 3092 942 3187 993; x_wconf 71' lang='grc' dir='ltr'>καὶ</span> <span class='ocrx_word' id='word_1_157' title='bbox 3215 941 3456 1011; x_wconf 77' lang='grc' dir='ltr'>παράγει</span> <span class='ocrx_word' id='word_1_158' title='bbox 3476 941 3543 995; x_wconf 75' lang='grc' dir='ltr'><strong>τὰ</strong></span> <span class='ocrx_word' id='word_1_159' title='bbox 3567 941 3771 1013; x_wconf 78' lang='grc' dir='ltr'>φώρια.</span> 
     </span>
    </p>
   </div>
   <div class='ocr_carea' id='block_1_25' title="bbox 2186 1032 3775 1104">
    <p class='ocr_par' dir='ltr' id='par_1_25' title="bbox 2186 1032 3775 1104">
     <span class='ocr_line' id='line_1_25' title="bbox 2186 1032 3775 1104; baseline -0.001 -17"><span class='ocrx_word' id='word_1_160' title='bbox 2186 1035 2297 1087; x_wconf 72' lang='grc' dir='ltr'><strong>Καὶ</strong></span> <span class='ocrx_word' id='word_1_161' title='bbox 2318 1033 2347 1085; x_wconf 88' lang='grc' dir='ltr'><strong>ό</strong></span> <span class='ocrx_word' id='word_1_162' title='bbox 2374 1033 2472 1103; x_wconf 78' lang='grc' dir='ltr'><strong>μὲν</strong></span> <span class='ocrx_word' id='word_1_163' title='bbox 2495 1033 2666 1096; x_wconf 78' lang='grc' dir='ltr'><strong>λίθοις</strong></span> <span class='ocrx_word' id='word_1_164' title='bbox 2688 1032 3015 1102; x_wconf 84' lang='grc' dir='ltr'>ἀναιρεῖται,</span> <span class='ocrx_word' id='word_1_165' title='bbox 3055 1033 3154 1086; x_wconf 83' lang='grc' dir='ltr'>σὺν</span> <span class='ocrx_word' id='word_1_166' title='bbox 3183 1035 3296 1096; x_wconf 87' lang='grc' dir='ltr'>τοῖς</span> <span class='ocrx_word' id='word_1_167' title='bbox 3318 1032 3486 1086; x_wconf 67' lang='grc' dir='ltr'>αὐτοῦ</span> <span class='ocrx_word' id='word_1_168' title='bbox 3511 1050 3527 1065; x_wconf 77' lang='grc' dir='ltr'><strong><em>ο</em></strong></span> <span class='ocrx_word' id='word_1_169' title='bbox 3563 1034 3775 1104; x_wconf 82' lang='grc' dir='ltr'>Ἰησοὺς</span> 
     </span>
    </p>
   </div>
   <div class='ocr_carea' id='block_1_26' title="bbox 2185 1121 3774 1195">
    <p class='ocr_par' dir='ltr' id='par_1_26' title="bbox 2185 1121 3774 1195">
     <span class='ocr_line' id='line_1_26' title="bbox 2185 1121 3774 1195; baseline 0.003 -20"><span class='ocrx_word' id='word_1_170' title='bbox 2185 1122 2241 1175; x_wconf 73' lang='grc' dir='ltr'>δὲ</span> <span class='ocrx_word' id='word_1_171' title='bbox 2283 1122 2560 1193; x_wconf 83' lang='grc' dir='ltr'>πολιορκεί</span> <span class='ocrx_word' id='word_1_172' title='bbox 2607 1122 2705 1194; x_wconf 81' lang='grc' dir='ltr'>τὴν</span> <span class='ocrx_word' id='word_1_173' title='bbox 2752 1121 2920 1189; x_wconf 71' lang='grc' dir='ltr'>Ναίν,</span> <span class='ocrx_word' id='word_1_174' title='bbox 2969 1125 3063 1176; x_wconf 79' lang='grc' dir='ltr'>καὶ</span> <span class='ocrx_word' id='word_1_175' title='bbox 3097 1123 3309 1194; x_wconf 87' lang='grc' dir='ltr'>ταύτην</span> <span class='ocrx_word' id='word_1_176' title='bbox 3343 1126 3509 1195; x_wconf 86' lang='grc' dir='ltr'>αἱρεῖ.</span> <span class='ocrx_word' id='word_1_177' title='bbox 3544 1124 3774 1179; x_wconf 83' lang='grc' dir='ltr'>Γαϐαω-</span> 
     </span>
    </p>
   </div>
   <div class='ocr_carea' id='block_1_27' title="bbox 2187 1214 3773 1289">
    <p class='ocr_par' dir='ltr' id='par_1_27' title="bbox 2187 1214 3773 1289">
     <span class='ocr_line' id='line_1_27' title="bbox 2187 1214 3773 1289; baseline 0.003 -22"><span class='ocrx_word' id='word_1_178' title='bbox 2187 1217 2333 1268; x_wconf 87' lang='grc' dir='ltr'>νῖται</span> <span class='ocrx_word' id='word_1_179' title='bbox 2357 1215 2415 1268; x_wconf 74' lang='grc' dir='ltr'>δὲ</span> <span class='ocrx_word' id='word_1_180' title='bbox 2441 1216 2534 1268; x_wconf 79' lang='grc' dir='ltr'>καὶ</span> <span class='ocrx_word' id='word_1_181' title='bbox 2564 1215 2612 1268; x_wconf 87' lang='grc' dir='ltr'><strong>οί</strong></span> <span class='ocrx_word' id='word_1_182' title='bbox 2643 1214 2880 1279; x_wconf 85' lang='grc' dir='ltr'>ἐκείνοις</span> <span class='ocrx_word' id='word_1_183' title='bbox 2904 1216 3202 1286; x_wconf 77' lang='grc' dir='ltr'><strong>περίοικοι,</strong></span> <span class='ocrx_word' id='word_1_184' title='bbox 3235 1215 3564 1282; x_wconf 80' lang='grc' dir='ltr'><strong>Χαναναίοις</strong></span> <span class='ocrx_word' id='word_1_185' title='bbox 3600 1236 3773 1289; x_wconf 85' lang='grc' dir='ltr'>προσ-</span> 
     </span>
    </p>
   </div>
   <div class='ocr_carea' id='block_1_28' title="bbox 2187 1305 3775 1381">
    <p class='ocr_par' dir='ltr' id='par_1_28' title="bbox 2187 1305 3775 1381">
     <span class='ocr_line' id='line_1_28' title="bbox 2187 1305 3775 1381; baseline 0.003 -22"><span class='ocrx_word' id='word_1_186' title='bbox 2187 1307 2438 1377; x_wconf 78' lang='grc' dir='ltr'>ήκοντες,</span> <span class='ocrx_word' id='word_1_187' title='bbox 2474 1305 2806 1378; x_wconf 82' lang='grc' dir='ltr'>φοϐηθέντες</span> <span class='ocrx_word' id='word_1_188' title='bbox 2835 1307 2912 1371; x_wconf 84' lang='grc' dir='ltr'><strong>ὡς</strong></span> <span class='ocrx_word' id='word_1_189' title='bbox 2952 1309 3064 1372; x_wconf 80' lang='grc' dir='ltr'>τοῖς</span> <span class='ocrx_word' id='word_1_190' title='bbox 3113 1309 3510 1381; x_wconf 80' lang='grc' dir='ltr'><strong>Ἱεριχουντίοις</strong></span> <span class='ocrx_word' id='word_1_191' title='bbox 3535 1312 3628 1365; x_wconf 69' lang='grc' dir='ltr'><strong>καὶ</strong></span> <span class='ocrx_word' id='word_1_192' title='bbox 3659 1316 3775 1376; x_wconf 78' lang='grc' dir='ltr'>τοῖς</span> 
     </span>
    </p>
   </div>
   <div class='ocr_carea' id='block_1_29' title="bbox 2187 1397 3776 1472">
    <p class='ocr_par' dir='ltr' id='par_1_29' title="bbox 2187 1397 3776 1472">
     <span class='ocr_line' id='line_1_29' title="bbox 2187 1397 3776 1472; baseline 0.004 -19"><span class='ocrx_word' id='word_1_193' title='bbox 2187 1400 2320 1470; x_wconf 65' lang='grc' dir='ltr'><strong>περί¹</strong></span> <span class='ocrx_word' id='word_1_194' title='bbox 2348 1397 2489 1454; x_wconf 71' lang='grc' dir='ltr'>Ναΐν</span> <span class='ocrx_word' id='word_1_195' title='bbox 2522 1399 2592 1453; x_wconf 84' lang='grc' dir='ltr'>τὰ</span> <span class='ocrx_word' id='word_1_196' title='bbox 2622 1399 2786 1469; x_wconf 84' lang='grc' dir='ltr'>ὅμοια</span> <span class='ocrx_word' id='word_1_197' title='bbox 2825 1400 3129 1466; x_wconf 87' lang='grc' dir='ltr'>πείσονται,</span> <span class='ocrx_word' id='word_1_198' title='bbox 3181 1403 3479 1472; x_wconf 85' lang='grc' dir='ltr'>πρεσϐείαν</span> <span class='ocrx_word' id='word_1_199' title='bbox 3505 1406 3776 1459; x_wconf 77' lang='grc' dir='ltr'>ἀποστέλ-</span> 
     </span>
    </p>
   </div>
   <div class='ocr_carea' id='block_1_30' title="bbox 2186 1490 3774 1567">
    <p class='ocr_par' dir='ltr' id='par_1_30' title="bbox 2186 1490 3774 1567">
     <span class='ocr_line' id='line_1_30' title="bbox 2186 1490 3774 1567; baseline 0.005 -23"><span class='ocrx_word' id='word_1_200' title='bbox 2186 1490 2339 1545; x_wconf 88' lang='grc' dir='ltr'>λουσι</span> <span class='ocrx_word' id='word_1_201' title='bbox 2370 1492 2508 1563; x_wconf 81' lang='grc' dir='ltr'>πρὸς</span> <span class='ocrx_word' id='word_1_202' title='bbox 2548 1491 2641 1545; x_wconf 81' lang='grc' dir='ltr'><strong>τὸν</strong></span> <span class='ocrx_word' id='word_1_203' title='bbox 2687 1490 2919 1562; x_wconf 86' lang='grc' dir='ltr'>Ἰησοῦν,</span> <span class='ocrx_word' id='word_1_204' title='bbox 2968 1494 3308 1567; x_wconf 76' lang='grc' dir='ltr'><strong>πορρωτάτω</strong></span> <span class='ocrx_word' id='word_1_205' title='bbox 3348 1495 3603 1565; x_wconf 83' lang='grc' dir='ltr'>λέγοντες</span> <span class='ocrx_word' id='word_1_206' title='bbox 3639 1514 3774 1551; x_wconf 88' lang='grc' dir='ltr'>κατ-</span> 
     </span>
    </p>
   </div>
   <div class='ocr_carea' id='block_1_31' title="bbox 2187 1581 3771 1652">
    <p class='ocr_par' dir='ltr' id='par_1_31' title="bbox 2187 1581 3771 1652">
     <span class='ocr_line' id='line_1_31' title="bbox 2187 1581 3771 1652; baseline 0.005 -17"><span class='ocrx_word' id='word_1_207' title='bbox 2187 1584 2377 1649; x_wconf 82' lang='grc' dir='ltr'>οικεῖν,</span> <span class='ocrx_word' id='word_1_208' title='bbox 2413 1582 2549 1652; x_wconf 75' lang='grc' dir='ltr'>μηδὲ</span> <span class='ocrx_word' id='word_1_209' title='bbox 2573 1581 2764 1651; x_wconf 84' lang='grc' dir='ltr'><strong>γένους</strong></span> <span class='ocrx_word' id='word_1_210' title='bbox 2795 1585 3075 1637; x_wconf 82' lang='grc' dir='ltr'>κοινωνεῖν</span> <span class='ocrx_word' id='word_1_211' title='bbox 3094 1584 3442 1650; x_wconf 82' lang='grc' dir='ltr'>Χαναναίοις,</span> <span class='ocrx_word' id='word_1_212' title='bbox 3472 1590 3568 1640; x_wconf 72' lang='grc' dir='ltr'><strong>καὶ</strong></span> <span class='ocrx_word' id='word_1_213' title='bbox 3600 1604 3771 1643; x_wconf 85' lang='grc' dir='ltr'>σπον-</span> 
     </span>
    </p>
   </div>
   <div class='ocr_carea' id='block_1_32' title="bbox 2187 1674 3771 1752">
    <p class='ocr_par' dir='ltr' id='par_1_32' title="bbox 2187 1674 3771 1752">
     <span class='ocr_line' id='line_1_32' title="bbox 2187 1674 3771 1752; baseline 0.005 -26"><span class='ocrx_word' id='word_1_214' title='bbox 2187 1674 2282 1737; x_wconf 71' lang='grc' dir='ltr'><strong>δας</strong></span> <span class='ocrx_word' id='word_1_215' title='bbox 2318 1675 2454 1744; x_wconf 81' lang='grc' dir='ltr'>πρὸς</span> <span class='ocrx_word' id='word_1_216' title='bbox 2482 1674 2679 1737; x_wconf 80' lang='grc' dir='ltr'>αὐτοὺς</span> <span class='ocrx_word' id='word_1_217' title='bbox 2708 1674 2899 1730; x_wconf 78' lang='grc' dir='ltr'>θέσθαι</span> <span class='ocrx_word' id='word_1_218' title='bbox 2927 1674 3218 1746; x_wconf 81' lang='grc' dir='ltr'>ζητοῦντες</span> <span class='ocrx_word' id='word_1_219' title='bbox 3248 1678 3375 1741; x_wconf 73' lang='grc' dir='ltr'>τοὺς</span> <span class='ocrx_word' id='word_1_220' title='bbox 3408 1680 3771 1752; x_wconf 77' lang='grc' dir='ltr'><strong>Ἰσραηλίτας,</strong></span> 
     </span>
    </p>
   </div>
   <div class='ocr_carea' id='block_1_33' title="bbox 2190 1765 3774 1843">
    <p class='ocr_par' dir='ltr' id='par_1_33' title="bbox 2190 1765 3774 1843">
     <span class='ocr_line' id='line_1_33' title="bbox 2190 1765 3774 1843; baseline 0.005 -24"><span class='ocrx_word' id='word_1_221' title='bbox 2190 1769 2284 1820; x_wconf 77' lang='grc' dir='ltr'><strong>καὶ</strong></span> <span class='ocrx_word' id='word_1_222' title='bbox 2307 1769 2582 1839; x_wconf 75' lang='grc' dir='ltr'>συνθήκας</span> <span class='ocrx_word' id='word_1_223' title='bbox 2604 1768 2810 1837; x_wconf 71' lang='grc' dir='ltr'>φιλίας.</span> <span class='ocrx_word' id='word_1_224' title='bbox 2850 1769 3057 1839; x_wconf 83' lang='grc' dir='ltr'>Ἰησοῦς</span> <span class='ocrx_word' id='word_1_225' title='bbox 3079 1765 3173 1822; x_wconf 72' lang='grc' dir='ltr'><strong>οὖν</strong></span> <span class='ocrx_word' id='word_1_226' title='bbox 3201 1770 3389 1840; x_wconf 79' lang='grc' dir='ltr'>φιλίαν</span> <span class='ocrx_word' id='word_1_227' title='bbox 3414 1773 3553 1843; x_wconf 80' lang='grc' dir='ltr'>πρὸς</span> <span class='ocrx_word' id='word_1_228' title='bbox 3570 1775 3774 1838; x_wconf 73' lang='grc' dir='ltr'>αὐτοὺς</span> 
     </span>
    </p>
   </div>
   <div class='ocr_carea' id='block_1_34' title="bbox 499 1831 2081 1933">
    <p class='ocr_par' dir='ltr' id='par_1_34' title="bbox 499 1831 2081 1931">
     <span class='ocr_line' id='line_1_34' title="bbox 499 1831 2081 1931; baseline -0.008 -12"><span class='ocrx_word' id='word_1_229' title='bbox 499 1831 775 1919; x_wconf 47' lang='lat' dir='ltr'><strong>baonitas&#39;</strong></span> <span class='ocrx_word' id='word_1_230' title='bbox 801 1877 832 1916; x_wconf 87' lang='lat' dir='ltr'><strong>a</strong></span> <span class='ocrx_word' id='word_1_231' title='bbox 864 1831 1015 1931; x_wconf 39' lang='lat' dir='ltr'><strong>“rege</strong></span> <span class='ocrx_word' id='word_1_232' title='bbox 1062 1859 1566 1929; x_wconf 80' lang='lat' dir='ltr'><strong>Hierosolymorum</strong></span> <span class='ocrx_word' id='word_1_233' title='bbox 1609 1857 1682 1910; x_wconf 92' lang='lat' dir='ltr'><strong>ob</strong></span> <span class='ocrx_word' id='word_1_234' title='bbox 1725 1854 1906 1910; x_wconf 70' lang='lat' dir='ltr'><strong>lanius</strong></span> <span class='ocrx_word' id='word_1_235' title='bbox 1957 1869 2081 1908; x_wconf 86' lang='lat' dir='ltr'><strong>eum</strong></span> 
     </span>
    </p>
   </div>
   <div class='ocr_carea' id='block_1_35' title="bbox 2186 1831 3771 1933">
    <p class='ocr_par' dir='ltr' id='par_1_35' title="bbox 2193 1860 3771 1933">
     <span class='ocr_line' id='line_1_35' title="bbox 2193 1860 3771 1933; baseline 0.006 -22"><span class='ocrx_word' id='word_1_236' title='bbox 2193 1860 2506 1929; x_wconf 68' lang='grc' dir='ltr'>ἐποιήσατο.</span> <span class='ocrx_word' id='word_1_237' title='bbox 2538 1861 2704 1925; x_wconf 80' lang='grc' dir='ltr'>Γνοὺς</span> <span class='ocrx_word' id='word_1_238' title='bbox 2727 1860 2980 1914; x_wconf 77' lang='grc' dir='ltr'>δ’ἐπειτα</span> <span class='ocrx_word' id='word_1_239' title='bbox 3009 1861 3234 1927; x_wconf 83' lang='grc' dir='ltr'>τούτους</span> <span class='ocrx_word' id='word_1_240' title='bbox 3268 1863 3363 1916; x_wconf 89' lang='grc' dir='ltr'><strong>τοῦ</strong></span> <span class='ocrx_word' id='word_1_241' title='bbox 3395 1866 3585 1933; x_wconf 85' lang='grc' dir='ltr'>γένους</span> <span class='ocrx_word' id='word_1_242' title='bbox 3608 1866 3771 1930; x_wconf 88' lang='grc' dir='ltr'>ϐντας</span> 
     </span>
    </p>
   </div>
   <div class='ocr_carea' id='block_1_36' title="bbox 499 1950 2082 2021">
    <p class='ocr_par' dir='ltr' id='par_1_36' title="bbox 499 1950 2082 2021">
     <span class='ocr_line' id='line_1_36' title="bbox 499 1950 2082 2021; baseline -0.004 -11"><span class='ocrx_word' id='word_1_243' title='bbox 499 1955 763 2012; x_wconf 88' lang='lat' dir='ltr'><strong>Israelitis</strong></span> <span class='ocrx_word' id='word_1_244' title='bbox 821 1955 1054 2015; x_wconf 86' lang='lat' dir='ltr'><strong>initum,</strong></span> <span class='ocrx_word' id='word_1_245' title='bbox 1106 1953 1251 2006; x_wconf 81' lang='lat' dir='ltr'><strong>bello</strong></span> <span class='ocrx_word' id='word_1_246' title='bbox 1305 1950 1543 2021; x_wconf 90' lang='lat' dir='ltr'><strong>petitos,</strong></span> <span class='ocrx_word' id='word_1_247' title='bbox 1602 1950 1762 2005; x_wconf 82' lang='lat' dir='ltr'><strong>Iesus</strong></span> <span class='ocrx_word' id='word_1_248' title='bbox 1812 1950 2082 2016; x_wconf 86' lang='lat' dir='ltr'><strong>defendit,</strong></span> 
     </span>
    </p>
   </div>
   <div class='ocr_carea' id='block_1_37' title="bbox 501 2040 2081 2114">
    <p class='ocr_par' dir='ltr' id='par_1_37' title="bbox 501 2040 2081 2114">
     <span class='ocr_line' id='line_1_37' title="bbox 501 2040 2081 2114; baseline -0.003 -14"><span class='ocrx_word' id='word_1_249' title='bbox 501 2048 688 2101; x_wconf 71' lang='lat' dir='ltr'><strong>hastes</strong></span> <span class='ocrx_word' id='word_1_250' title='bbox 717 2045 774 2099; x_wconf 86' lang='lat' dir='ltr'><strong>in</strong></span> <span class='ocrx_word' id='word_1_251' title='bbox 811 2045 994 2114; x_wconf 82' lang='lat' dir='ltr'><strong>fugam</strong></span> <span class='ocrx_word' id='word_1_252' title='bbox 1025 2042 1216 2106; x_wconf 86' lang='lat' dir='ltr'><strong>vertit,</strong></span> <span class='ocrx_word' id='word_1_253' title='bbox 1254 2040 1530 2111; x_wconf 82' lang='lat' dir='ltr'><strong>fugientes</strong></span> <span class='ocrx_word' id='word_1_254' title='bbox 1566 2040 1675 2113; x_wconf 64' lang='grc'><strong>47</strong></span> <span class='ocrx_word' id='word_1_255' title='bbox 1708 2041 2081 2110; x_wconf 76' lang='lat' dir='ltr'><strong>persequitur.</strong></span> 
     </span>
    </p>
   </div>
   <div class='ocr_carea' id='block_1_38' title="bbox 498 2134 2084 2209">
    <p class='ocr_par' dir='ltr' id='par_1_38' title="bbox 498 2134 2084 2209">
     <span class='ocr_line' id='line_1_38' title="bbox 498 2134 2084 2209; baseline -0.003 -16"><span class='ocrx_word' id='word_1_256' title='bbox 498 2142 620 2208; x_wconf 81' lang='lat' dir='ltr'><strong>Quo</strong></span> <span class='ocrx_word' id='word_1_257' title='bbox 648 2139 839 2209; x_wconf 74' lang='lat' dir='ltr'><strong>praelia</strong></span> <span class='ocrx_word' id='word_1_258' title='bbox 871 2145 930 2193; x_wconf 89' lang='lat' dir='ltr'><strong>et</strong></span> <span class='ocrx_word' id='word_1_259' title='bbox 956 2135 1168 2207; x_wconf 81' lang='lat' dir='ltr'><strong>grando</strong></span> <span class='ocrx_word' id='word_1_260' title='bbox 1209 2135 1374 2189; x_wconf 75' lang='lat' dir='ltr'><strong>solito</strong></span> <span class='ocrx_word' id='word_1_261' title='bbox 1402 2134 1597 2204; x_wconf 88' lang='lat' dir='ltr'><strong>major,</strong></span> <span class='ocrx_word' id='word_1_262' title='bbox 1628 2145 1686 2188; x_wconf 89' lang='lat' dir='ltr'><strong>et</strong></span> <span class='ocrx_word' id='word_1_263' title='bbox 1716 2134 1944 2189; x_wconf 84' lang='lat' dir='ltr'><strong>fulmina</strong></span> <span class='ocrx_word' id='word_1_264' title='bbox 1972 2148 2084 2189; x_wconf 77' lang='lat' dir='ltr'><strong>cm-</strong></span> 
     </span>
    </p>
   </div>
   <div class='ocr_carea' id='block_1_39' title="bbox 499 2224 2080 2295">
    <p class='ocr_par' dir='ltr' id='par_1_39' title="bbox 499 2224 2080 2295">
     <span class='ocr_line' id='line_1_39' title="bbox 499 2224 2080 2295; baseline -0.005 -10"><span class='ocrx_word' id='word_1_265' title='bbox 499 2233 632 2286; x_wconf 88' lang='lat' dir='ltr'><strong>litus</strong></span> <span class='ocrx_word' id='word_1_266' title='bbox 684 2231 740 2283; x_wconf 91' lang='lat' dir='ltr'><strong>in</strong></span> <span class='ocrx_word' id='word_1_267' title='bbox 788 2229 978 2283; x_wconf 83' lang='lat' dir='ltr'><strong>hostes</strong></span> <span class='ocrx_word' id='word_1_268' title='bbox 1024 2226 1309 2280; x_wconf 87' lang='lat' dir='ltr'><strong>irruerunt</strong></span> <span class='ocrx_word' id='word_1_269' title='bbox 1361 2243 1374 2279; x_wconf 92' lang='lat'><strong>:</strong></span> <span class='ocrx_word' id='word_1_270' title='bbox 1415 2233 1473 2279; x_wconf 90' lang='lat' dir='ltr'><strong>et</strong></span> <span class='ocrx_word' id='word_1_271' title='bbox 1501 2225 1624 2279; x_wconf 87' lang='lat' dir='ltr'><strong>dies</strong></span> <span class='ocrx_word' id='word_1_272' title='bbox 1668 2224 1810 2279; x_wconf 89' lang='lat' dir='ltr'><strong>facta</strong></span> <span class='ocrx_word' id='word_1_273' title='bbox 1846 2225 2080 2295; x_wconf 82' lang='lat' dir='ltr'><strong>longior,</strong></span> 
     </span>
    </p>
   </div>
   <div class='ocr_carea' id='block_1_40' title="bbox 499 2318 2083 2389">
    <p class='ocr_par' dir='ltr' id='par_1_40' title="bbox 499 2318 2083 2389">
     <span class='ocr_line' id='line_1_40' title="bbox 499 2318 2083 2389; baseline -0.004 -10"><span class='ocrx_word' id='word_1_274' title='bbox 499 2338 724 2380; x_wconf 90' lang='lat' dir='ltr'><strong>cursum</strong></span> <span class='ocrx_word' id='word_1_275' title='bbox 775 2322 909 2377; x_wconf 89' lang='lat' dir='ltr'><strong>solis</strong></span> <span class='ocrx_word' id='word_1_276' title='bbox 964 2320 1034 2375; x_wconf 88' lang='lat' dir='ltr'><strong>ad</strong></span> <span class='ocrx_word' id='word_1_277' title='bbox 1090 2319 1218 2374; x_wconf 88' lang='lat' dir='ltr'><strong>Iesu</strong></span> <span class='ocrx_word' id='word_1_278' title='bbox 1284 2333 1477 2389; x_wconf 85' lang='lat' dir='ltr'><strong>preces</strong></span> <span class='ocrx_word' id='word_1_279' title='bbox 1536 2318 1766 2373; x_wconf 86' lang='lat' dir='ltr'><strong>sistente</strong></span> <span class='ocrx_word' id='word_1_280' title='bbox 1826 2320 1956 2377; x_wconf 80' lang='lat' dir='ltr'><strong>beo.</strong></span> <span class='ocrx_word' id='word_1_281' title='bbox 2013 2333 2083 2373; x_wconf 87' lang='lat' dir='ltr'><strong>ne</strong></span> 
     </span>
    </p>
   </div>
   <div class='ocr_carea' id='block_1_41' title="bbox 498 2408 2081 2487">
    <p class='ocr_par' dir='ltr' id='par_1_41' title="bbox 498 2408 2081 2487">
     <span class='ocr_line' id='line_1_41' title="bbox 498 2408 2081 2487; baseline -0.006 -15"><span class='ocrx_word' id='word_1_282' title='bbox 498 2422 839 2487; x_wconf 82' lang='lat' dir='ltr'><strong>superventu</strong></span> <span class='ocrx_word' id='word_1_283' title='bbox 869 2413 1050 2468; x_wconf 87' lang='lat' dir='ltr'><strong>noctis</strong></span> <span class='ocrx_word' id='word_1_284' title='bbox 1082 2412 1275 2466; x_wconf 83' lang='lat' dir='ltr'><strong>hostes</strong></span> <span class='ocrx_word' id='word_1_285' title='bbox 1305 2409 1679 2464; x_wconf 85' lang='lat' dir='ltr'><strong>elaberentur.</strong></span> <span class='ocrx_word' id='word_1_286' title='bbox 1718 2408 1896 2480; x_wconf 79' lang='lat' dir='ltr'><strong>Reges</strong></span> <span class='ocrx_word' id='word_1_287' title='bbox 1916 2410 2081 2464; x_wconf 85' lang='lat' dir='ltr'><strong>etiam</strong></span> 
     </span>
    </p>
   </div>
   <div class='ocr_carea' id='block_1_42' title="bbox 498 2501 2082 2577">
    <p class='ocr_par' dir='ltr' id='par_1_42' title="bbox 498 2501 2082 2577">
     <span class='ocr_line' id='line_1_42' title="bbox 498 2501 2082 2577; baseline -0.005 -14"><span class='ocrx_word' id='word_1_288' title='bbox 498 2509 554 2563; x_wconf 90' lang='lat' dir='ltr'><strong>in</strong></span> <span class='ocrx_word' id='word_1_289' title='bbox 596 2504 836 2577; x_wconf 90' lang='lat' dir='ltr'><strong>quodam</strong></span> <span class='ocrx_word' id='word_1_290' title='bbox 887 2518 1057 2575; x_wconf 89' lang='lat' dir='ltr'><strong>specu</strong></span> <span class='ocrx_word' id='word_1_291' title='bbox 1101 2502 1511 2565; x_wconf 85' lang='lat' dir='ltr'><strong>delitescentes,</strong></span> <span class='ocrx_word' id='word_1_292' title='bbox 1545 2501 1903 2571; x_wconf 82' lang='lat' dir='ltr'><strong>deprehensi,</strong></span> <span class='ocrx_word' id='word_1_293' title='bbox 1931 2504 2082 2557; x_wconf 70' lang='lat' dir='ltr'><strong>orci-</strong></span> 
     </span>
    </p>
   </div>
   <div class='ocr_carea' id='block_1_43' title="bbox 497 2592 2084 2664">
    <p class='ocr_par' dir='ltr' id='par_1_43' title="bbox 497 2592 2084 2664">
     <span class='ocr_line' id='line_1_43' title="bbox 497 2592 2084 2664; baseline -0.004 -9"><span class='ocrx_word' id='word_1_294' title='bbox 497 2600 709 2655; x_wconf 88' lang='lat' dir='ltr'><strong>duntur</strong></span> <span class='ocrx_word' id='word_1_295' title='bbox 729 2610 941 2653; x_wconf 88' lang='lat' dir='ltr'><strong>omnes.</strong></span> <span class='ocrx_word' id='word_1_296' title='bbox 967 2595 1065 2650; x_wconf 77' lang='lat' dir='ltr'><strong>His</strong></span> <span class='ocrx_word' id='word_1_297' title='bbox 1090 2595 1256 2650; x_wconf 88' lang='lat' dir='ltr'><strong>rebus</strong></span> <span class='ocrx_word' id='word_1_298' title='bbox 1280 2594 1471 2664; x_wconf 86' lang='lat' dir='ltr'><strong>gestis,</strong></span> <span class='ocrx_word' id='word_1_299' title='bbox 1493 2592 1656 2649; x_wconf 89' lang='lat' dir='ltr'><strong>Iesus</strong></span> <span class='ocrx_word' id='word_1_300' title='bbox 1681 2593 1736 2648; x_wconf 91' lang='lat' dir='ltr'><strong>in</strong></span> <span class='ocrx_word' id='word_1_301' title='bbox 1760 2593 2084 2649; x_wconf 72' lang='lat' dir='ltr'><strong>Chanana-ae</strong></span> 
     </span>
    </p>
   </div>
   <div class='ocr_carea' id='block_1_44' title="bbox 499 2686 2083 2761">
    <p class='ocr_par' dir='ltr' id='par_1_44' title="bbox 499 2686 2083 2761">
     <span class='ocr_line' id='line_1_44' title="bbox 499 2686 2083 2761; baseline -0.003 -15"><span class='ocrx_word' id='word_1_302' title='bbox 499 2701 757 2748; x_wconf 88' lang='lat' dir='ltr'><strong>montana</strong></span> <span class='ocrx_word' id='word_1_303' title='bbox 804 2689 1136 2761; x_wconf 87' lang='lat' dir='ltr'><strong>regreditur,</strong></span> <span class='ocrx_word' id='word_1_304' title='bbox 1169 2686 1359 2757; x_wconf 86' lang='lat' dir='ltr'><strong>ibique</strong></span> <span class='ocrx_word' id='word_1_305' title='bbox 1405 2702 1600 2757; x_wconf 85' lang='lat' dir='ltr'><strong>magna</strong></span> <span class='ocrx_word' id='word_1_306' title='bbox 1632 2687 1778 2741; x_wconf 73' lang='lat' dir='ltr'><strong>cmdc</strong></span> <span class='ocrx_word' id='word_1_307' title='bbox 1823 2686 1990 2745; x_wconf 87' lang='lat' dir='ltr'><strong>edita.</strong></span> <span class='ocrx_word' id='word_1_308' title='bbox 2026 2696 2083 2742; x_wconf 88' lang='lat' dir='ltr'><strong>et</strong></span> 
     </span>
    </p>
   </div>
   <div class='ocr_carea' id='block_1_45' title="bbox 498 2778 2076 2855">
    <p class='ocr_par' dir='ltr' id='par_1_45' title="bbox 498 2778 2076 2855">
     <span class='ocr_line' id='line_1_45' title="bbox 498 2778 2076 2855; baseline -0.005 -14"><span class='ocrx_word' id='word_1_309' title='bbox 498 2785 683 2855; x_wconf 84' lang='lat' dir='ltr'><strong>opima</strong></span> <span class='ocrx_word' id='word_1_310' title='bbox 709 2783 891 2855; x_wconf 70' lang='lat' dir='ltr'><strong>praeda</strong></span> <span class='ocrx_word' id='word_1_311' title='bbox 918 2789 1098 2853; x_wconf 85' lang='lat' dir='ltr'><strong>parta,</strong></span> <span class='ocrx_word' id='word_1_312' title='bbox 1124 2781 1181 2835; x_wconf 89' lang='lat' dir='ltr'><strong>in</strong></span> <span class='ocrx_word' id='word_1_313' title='bbox 1201 2778 1448 2850; x_wconf 84' lang='lat' dir='ltr'><strong>Galgalia</strong></span> <span class='ocrx_word' id='word_1_314' title='bbox 1475 2790 1654 2835; x_wconf 85' lang='lat' dir='ltr'><strong>castra</strong></span> <span class='ocrx_word' id='word_1_315' title='bbox 1685 2794 1807 2835; x_wconf 87' lang='lat' dir='ltr'><strong>sese</strong></span> <span class='ocrx_word' id='word_1_316' title='bbox 1835 2780 2037 2849; x_wconf 88' lang='lat' dir='ltr'><strong>recipit</strong></span> <span class='ocrx_word' id='word_1_317' title='bbox 2063 2796 2076 2834; x_wconf 89' lang='lat'><strong>:</strong></span> 
     </span>
    </p>
   </div>
   <div class='ocr_carea' id='block_1_46' title="bbox 498 2873 2088 2951">
    <p class='ocr_par' dir='ltr' id='par_1_46' title="bbox 498 2873 2088 2951">
     <span class='ocr_line' id='line_1_46' title="bbox 498 2873 2088 2951; baseline -0.004 -17"><span class='ocrx_word' id='word_1_318' title='bbox 498 2879 703 2951; x_wconf 90' lang='lat' dir='ltr'><strong>quibus</strong></span> <span class='ocrx_word' id='word_1_319' title='bbox 747 2892 816 2933; x_wconf 81' lang='lat' dir='ltr'><strong>ex</strong></span> <span class='ocrx_word' id='word_1_320' title='bbox 864 2890 935 2931; x_wconf 92' lang='lat' dir='ltr'><strong>eo</strong></span> <span class='ocrx_word' id='word_1_321' title='bbox 985 2889 1188 2931; x_wconf 86' lang='lat' dir='ltr'><strong>nomen</strong></span> <span class='ocrx_word' id='word_1_322' title='bbox 1230 2882 1354 2930; x_wconf 90' lang='lat' dir='ltr'><strong>erat</strong></span> <span class='ocrx_word' id='word_1_323' title='bbox 1386 2873 1614 2938; x_wconf 88' lang='lat' dir='ltr'><strong>factum,</strong></span> <span class='ocrx_word' id='word_1_324' title='bbox 1646 2873 1795 2943; x_wconf 88' lang='lat' dir='ltr'><strong>quod</strong></span> <span class='ocrx_word' id='word_1_325' title='bbox 1824 2873 2088 2929; x_wconf 69' lang='lat' dir='ltr'><strong>lsraelitas</strong></span> 
     </span>
    </p>
   </div>
   <div class='ocr_carea' id='block_1_47' title="bbox 499 2962 2088 3034">
    <p class='ocr_par' dir='ltr' id='par_1_47' title="bbox 499 2962 2088 3034">
     <span class='ocr_line' id='line_1_47' title="bbox 499 2962 2088 3034; baseline -0.003 -12"><span class='ocrx_word' id='word_1_326' title='bbox 499 2982 559 3021; x_wconf 92' lang='lat' dir='ltr'><strong>se</strong></span> <span class='ocrx_word' id='word_1_327' title='bbox 584 2975 642 3021; x_wconf 91' lang='lat' dir='ltr'><strong>et</strong></span> <span class='ocrx_word' id='word_1_328' title='bbox 664 2965 931 3022; x_wconf 81' lang='lat' dir='ltr'><strong>servitute</strong></span> <span class='ocrx_word' id='word_1_329' title='bbox 957 2962 1283 3034; x_wconf 68' lang='lat' dir='ltr'><strong>Egyptiaca</strong></span> <span class='ocrx_word' id='word_1_330' title='bbox 1303 2969 1359 3017; x_wconf 89' lang='lat' dir='ltr'><strong>et</strong></span> <span class='ocrx_word' id='word_1_331' title='bbox 1373 2963 1638 3016; x_wconf 58' lang='lat' dir='ltr'><strong>arumnis</strong></span> <span class='ocrx_word' id='word_1_332' title='bbox 1661 2963 1866 3018; x_wconf 81' lang='lat' dir='ltr'><strong>deserti</strong></span> <span class='ocrx_word' id='word_1_333' title='bbox 1888 2963 2088 3018; x_wconf 87' lang='lat' dir='ltr'><strong>libera-</strong></span> 
     </span>
    </p>
   </div>
   <div class='ocr_carea' id='block_1_48' title="bbox 502 3051 2075 3125">
    <p class='ocr_par' dir='ltr' id='par_1_48' title="bbox 502 3051 2075 3125">
     <span class='ocr_line' id='line_1_48' title="bbox 502 3051 2075 3125; baseline -0.003 -13"><span class='ocrx_word' id='word_1_334' title='bbox 502 3067 587 3113; x_wconf 93' lang='lat' dir='ltr'><strong>tos</strong></span> <span class='ocrx_word' id='word_1_335' title='bbox 617 3071 739 3112; x_wconf 89' lang='lat' dir='ltr'><strong>esse</strong></span> <span class='ocrx_word' id='word_1_336' title='bbox 767 3062 1185 3125; x_wconf 81' lang='lat' dir='ltr'><strong>cognoscerent.</strong></span> <span class='ocrx_word' id='word_1_337' title='bbox 1214 3052 1353 3109; x_wconf 85' lang='lat' dir='ltr'><strong>Nam</strong></span> <span class='ocrx_word' id='word_1_338' title='bbox 1383 3051 1606 3121; x_wconf 81' lang='lat' dir='ltr'><strong>Galgala</strong></span> <span class='ocrx_word' id='word_1_339' title='bbox 1648 3051 1890 3108; x_wconf 66' lang='lat' dir='ltr'><strong>Hebraeis</strong></span> <span class='ocrx_word' id='word_1_340' title='bbox 1923 3052 2075 3107; x_wconf 83' lang='lat' dir='ltr'><strong>liber-</strong></span> 
     </span>
    </p>
   </div>
   <div class='ocr_carea' id='block_1_49' title="bbox 2189 1951 3773 2023">
    <p class='ocr_par' dir='ltr' id='par_1_49' title="bbox 2189 1951 3773 2023">
     <span class='ocr_line' id='line_1_49' title="bbox 2189 1951 3773 2023; baseline 0.005 -20"><span class='ocrx_word' id='word_1_341' title='bbox 2189 1952 2296 2003; x_wconf 82' lang='grc' dir='ltr'>τῶν</span> <span class='ocrx_word' id='word_1_342' title='bbox 2332 1951 2677 2018; x_wconf 59' lang='grc' dir='ltr'>Χαναναίων,</span> <span class='ocrx_word' id='word_1_343' title='bbox 2712 1952 2810 2023; x_wconf 87' lang='grc' dir='ltr'>τῆς</span> <span class='ocrx_word' id='word_1_344' title='bbox 2841 1952 3061 2022; x_wconf 82' lang='grc' dir='ltr'><strong>ἀπάτης</strong></span> <span class='ocrx_word' id='word_1_345' title='bbox 3087 1954 3274 2018; x_wconf 85' lang='grc' dir='ltr'>αὐτοῖς</span> <span class='ocrx_word' id='word_1_346' title='bbox 3307 1956 3572 2011; x_wconf 78' lang='grc' dir='ltr'>ἐνεκάλει.</span> <span class='ocrx_word' id='word_1_347' title='bbox 3610 1958 3675 2012; x_wconf 79' lang='lat' dir='ltr'><strong>Ol</strong></span> <span class='ocrx_word' id='word_1_348' title='bbox 3710 1958 3773 2011; x_wconf 67' lang='lat' dir='ltr'><strong>as</strong></span> 
     </span>
    </p>
   </div>
   <div class='ocr_carea' id='block_1_50' title="bbox 2189 2043 3776 2129">
    <p class='ocr_par' dir='ltr' id='par_1_50' title="bbox 2189 2043 3776 2129">
     <span class='ocr_line' id='line_1_50' title="bbox 2189 2043 3776 2129; baseline 0.006 -34"><span class='ocrx_word' id='word_1_349' title='bbox 2189 2044 2248 2107; x_wconf 82' lang='grc' dir='ltr'>ἐξ</span> <span class='ocrx_word' id='word_1_350' title='bbox 2282 2044 2527 2129; x_wconf 65' lang='grc' dir='ltr'>ἀνάγκης</span> <span class='ocrx_word' id='word_1_351' title='bbox 2567 2043 2778 2112; x_wconf 73' lang='grc' dir='ltr'>ἔφασαν</span> <span class='ocrx_word' id='word_1_352' title='bbox 2814 2045 2975 2099; x_wconf 88' lang='grc' dir='ltr'>τοῦτο</span> <span class='ocrx_word' id='word_1_353' title='bbox 3018 2047 3243 2117; x_wconf 74' lang='grc' dir='ltr'>πρᾶξαι,</span> <span class='ocrx_word' id='word_1_354' title='bbox 3276 2047 3510 2110; x_wconf 81' lang='grc' dir='ltr'>δεδιότες</span> <span class='ocrx_word' id='word_1_355' title='bbox 3532 2050 3626 2103; x_wconf 85' lang='grc' dir='ltr'><strong>τδν</strong></span> <span class='ocrx_word' id='word_1_356' title='bbox 3658 2049 3776 2104; x_wconf 76' lang='grc' dir='ltr'>ὄλε-</span> 
     </span>
    </p>
   </div>
   <div class='ocr_carea' id='block_1_51' title="bbox 2190 2136 3770 2212">
    <p class='ocr_par' dir='ltr' id='par_1_51' title="bbox 2190 2136 3770 2212">
     <span class='ocr_line' id='line_1_51' title="bbox 2190 2136 3770 2212; baseline 0.006 -25"><span class='ocrx_word' id='word_1_357' title='bbox 2190 2136 2337 2205; x_wconf 81' lang='grc' dir='ltr'>θρον.</span> <span class='ocrx_word' id='word_1_358' title='bbox 2396 2139 2505 2191; x_wconf 76' lang='grc' dir='ltr'><strong>Καὶ</strong></span> <span class='ocrx_word' id='word_1_359' title='bbox 2574 2136 2800 2207; x_wconf 79' lang='grc' dir='ltr'>Ἰησοῦς,</span> <span class='ocrx_word' id='word_1_360' title='bbox 2862 2138 2949 2192; x_wconf 80' lang='grc' dir='ltr'>ἵνα</span> <span class='ocrx_word' id='word_1_361' title='bbox 2976 2138 3052 2209; x_wconf 75' lang='grc' dir='ltr'>μὴ</span> <span class='ocrx_word' id='word_1_362' title='bbox 3106 2139 3391 2209; x_wconf 86' lang='grc' dir='ltr'>παραϐαίη</span> <span class='ocrx_word' id='word_1_363' title='bbox 3441 2140 3532 2194; x_wconf 76' lang='grc' dir='ltr'>τὸν</span> <span class='ocrx_word' id='word_1_364' title='bbox 3582 2141 3770 2212; x_wconf 81' lang='grc' dir='ltr'>ὅρκον,</span> 
     </span>
    </p>
   </div>
   <div class='ocr_carea' id='block_1_52' title="bbox 2187 2229 3765 2307">
    <p class='ocr_par' dir='ltr' id='par_1_52' title="bbox 2187 2229 3765 2307">
     <span class='ocr_line' id='line_1_52' title="bbox 2187 2229 3765 2307; baseline 0.006 -26"><span class='ocrx_word' id='word_1_365' title='bbox 2187 2229 2483 2298; x_wconf 81' lang='grc' dir='ltr'>δημοσίους</span> <span class='ocrx_word' id='word_1_366' title='bbox 2511 2230 2710 2293; x_wconf 81' lang='grc' dir='ltr'>αὐτοὺς</span> <span class='ocrx_word' id='word_1_367' title='bbox 2756 2230 3160 2287; x_wconf 82' lang='grc' dir='ltr'>ἀποδείκνυσιν.</span> <span class='ocrx_word' id='word_1_368' title='bbox 3232 2231 3419 2297; x_wconf 78' lang='grc' dir='ltr'>Οὕτως</span> <span class='ocrx_word' id='word_1_369' title='bbox 3475 2232 3765 2307; x_wconf 82' lang='grc' dir='ltr'>Ἰώσηπος.</span> 
     </span>
    </p>
   </div>
   <div class='ocr_carea' id='block_1_53' title="bbox 2203 2320 3770 2399">
    <p class='ocr_par' dir='ltr' id='par_1_53' title="bbox 2203 2320 3770 2399">
     <span class='ocr_line' id='line_1_53' title="bbox 2203 2320 3770 2399; baseline 0.006 -27"><span class='ocrx_word' id='word_1_370' title='bbox 2203 2320 2262 2372; x_wconf 85' lang='lat' dir='ltr'><strong>&#39;ll</strong></span> <span class='ocrx_word' id='word_1_371' title='bbox 2299 2321 2356 2374; x_wconf 73' lang='grc' dir='ltr'>δὲ</span> <span class='ocrx_word' id='word_1_372' title='bbox 2388 2321 2568 2390; x_wconf 78' lang='grc' dir='ltr'>βίϐλος</span> <span class='ocrx_word' id='word_1_373' title='bbox 2610 2322 2706 2375; x_wconf 85' lang='grc' dir='ltr'><strong>τοῦ</strong></span> <span class='ocrx_word' id='word_1_374' title='bbox 2759 2323 2933 2393; x_wconf 80' lang='grc' dir='ltr'>Ἰησοῦ</span> <span class='ocrx_word' id='word_1_375' title='bbox 2978 2325 3247 2395; x_wconf 83' lang='grc' dir='ltr'>περιέχει,</span> <span class='ocrx_word' id='word_1_376' title='bbox 3299 2325 3382 2380; x_wconf 83' lang='grc' dir='ltr'>ὅτι</span> <span class='ocrx_word' id='word_1_377' title='bbox 3431 2330 3770 2399; x_wconf 82' lang='grc' dir='ltr'>κατέστησεν</span> 
     </span>
    </p>
   </div>
   <div class='ocr_carea' id='block_1_54' title="bbox 2189 2412 3773 2490">
    <p class='ocr_par' dir='ltr' id='par_1_54' title="bbox 2189 2412 3773 2490">
     <span class='ocr_line' id='line_1_54' title="bbox 2189 2412 3773 2490; baseline 0.006 -26"><span class='ocrx_word' id='word_1_378' title='bbox 2189 2412 2385 2475; x_wconf 75' lang='grc' dir='ltr'>αὐτοὺς</span> <span class='ocrx_word' id='word_1_379' title='bbox 2436 2412 2768 2478; x_wconf 81' lang='grc' dir='ltr'>ξυλοκόπους</span> <span class='ocrx_word' id='word_1_380' title='bbox 2809 2414 2906 2467; x_wconf 83' lang='grc' dir='ltr'>καὶ</span> <span class='ocrx_word' id='word_1_381' title='bbox 2943 2414 3277 2484; x_wconf 78' lang='grc' dir='ltr'>ὑδροφόρους</span> <span class='ocrx_word' id='word_1_382' title='bbox 3323 2416 3474 2489; x_wconf 80' lang='grc' dir='ltr'>πάσῃ</span> <span class='ocrx_word' id='word_1_383' title='bbox 3529 2420 3596 2490; x_wconf 73' lang='grc' dir='ltr'>τῇ</span> <span class='ocrx_word' id='word_1_384' title='bbox 3641 2434 3773 2473; x_wconf 88' lang='grc' dir='ltr'>συν-</span> 
     </span>
    </p>
   </div>
   <div class='ocr_carea' id='block_1_55' title="bbox 2189 2505 3769 2582">
    <p class='ocr_par' dir='ltr' id='par_1_55' title="bbox 2189 2505 3769 2582">
     <span class='ocr_line' id='line_1_55' title="bbox 2189 2505 3769 2582; baseline 0.006 -26"><span class='ocrx_word' id='word_1_385' title='bbox 2189 2508 2402 2575; x_wconf 79' lang='grc' dir='ltr'>αγωγῇ,</span> <span class='ocrx_word' id='word_1_386' title='bbox 2441 2505 2634 2576; x_wconf 79' lang='grc' dir='ltr'>καὶτῷ</span> <span class='ocrx_word' id='word_1_387' title='bbox 2666 2506 3040 2577; x_wconf 72' lang='grc' dir='ltr'>θυσιαττηρίφ</span> <span class='ocrx_word' id='word_1_388' title='bbox 3068 2507 3164 2561; x_wconf 84' lang='grc' dir='ltr'><strong>τοῦ</strong></span> <span class='ocrx_word' id='word_1_389' title='bbox 3195 2507 3354 2564; x_wconf 87' lang='grc' dir='ltr'>Θεοῦ.</span> <span class='ocrx_word' id='word_1_390' title='bbox 3409 2510 3769 2582; x_wconf 83' lang='grc' dir='ltr'>Ἐπιθεμένου</span> 
     </span>
    </p>
   </div>
   <div class='ocr_carea' id='block_1_56' title="bbox 2187 2596 3769 2675">
    <p class='ocr_par' dir='ltr' id='par_1_56' title="bbox 2187 2596 3769 2675">
     <span class='ocr_line' id='line_1_56' title="bbox 2187 2596 3769 2675; baseline 0.006 -27"><span class='ocrx_word' id='word_1_391' title='bbox 2187 2596 2241 2648; x_wconf 78' lang='grc' dir='ltr'>δὲ</span> <span class='ocrx_word' id='word_1_392' title='bbox 2270 2598 2379 2658; x_wconf 85' lang='grc' dir='ltr'>τοῖς</span> <span class='ocrx_word' id='word_1_393' title='bbox 2407 2596 2776 2660; x_wconf 77' lang='grc' dir='ltr'>Γαϐαωνίταις</span> <span class='ocrx_word' id='word_1_394' title='bbox 2798 2597 2890 2650; x_wconf 87' lang='grc' dir='ltr'><strong>τοῦ</strong></span> <span class='ocrx_word' id='word_1_395' title='bbox 2922 2597 3188 2667; x_wconf 75' lang='grc' dir='ltr'>βασιλέως</span> <span class='ocrx_word' id='word_1_396' title='bbox 3210 2601 3319 2654; x_wconf 87' lang='grc' dir='ltr'>τῶν</span> <span class='ocrx_word' id='word_1_397' title='bbox 3351 2602 3769 2675; x_wconf 83' lang='grc' dir='ltr'>Ἱεροσολύμων,</span> 
     </span>
    </p>
   </div>
   <div class='ocr_carea' id='block_1_57' title="bbox 2187 2687 3770 2766">
    <p class='ocr_par' dir='ltr' id='par_1_57' title="bbox 2187 2687 3770 2766">
     <span class='ocr_line' id='line_1_57' title="bbox 2187 2687 3770 2766; baseline 0.007 -26"><span class='ocrx_word' id='word_1_398' title='bbox 2187 2687 2276 2740; x_wconf 69' lang='grc' dir='ltr'><strong>δια</strong></span> <span class='ocrx_word' id='word_1_399' title='bbox 2304 2688 2403 2751; x_wconf 75' lang='grc' dir='ltr'><strong>τὰς</strong></span> <span class='ocrx_word' id='word_1_400' title='bbox 2439 2688 2576 2758; x_wconf 80' lang='grc' dir='ltr'>πρὸς</span> <span class='ocrx_word' id='word_1_401' title='bbox 2627 2688 2913 2759; x_wconf 76' lang='grc' dir='ltr'>Ἑϐραίους</span> <span class='ocrx_word' id='word_1_402' title='bbox 2950 2691 3206 2756; x_wconf 67' lang='grc' dir='ltr'>σπονδὰς,</span> <span class='ocrx_word' id='word_1_403' title='bbox 3259 2695 3288 2746; x_wconf 88' lang='grc' dir='ltr'><strong>ό</strong></span> <span class='ocrx_word' id='word_1_404' title='bbox 3338 2692 3546 2766; x_wconf 79' lang='grc' dir='ltr'>Ἰησοῦς</span> <span class='ocrx_word' id='word_1_405' title='bbox 3580 2698 3770 2762; x_wconf 82' lang='grc' dir='ltr'>αὐτοῖς</span> 
     </span>
    </p>
   </div>
   <div class='ocr_carea' id='block_1_58' title="bbox 2192 2780 3772 2860">
    <p class='ocr_par' dir='ltr' id='par_1_58' title="bbox 2192 2780 3772 2860">
     <span class='ocr_line' id='line_1_58' title="bbox 2192 2780 3772 2860; baseline 0.006 -28"><span class='ocrx_word' id='word_1_406' title='bbox 2192 2780 2497 2850; x_wconf 83' lang='grc' dir='ltr'>συμμαχεῖ,</span> <span class='ocrx_word' id='word_1_407' title='bbox 2527 2781 2622 2834; x_wconf 82' lang='grc' dir='ltr'>καὶ</span> <span class='ocrx_word' id='word_1_408' title='bbox 2647 2782 2912 2852; x_wconf 72' lang='grc' dir='ltr'>τρέπεται</span> <span class='ocrx_word' id='word_1_409' title='bbox 2936 2783 3062 2846; x_wconf 88' lang='grc' dir='ltr'>τοὺς</span> <span class='ocrx_word' id='word_1_410' title='bbox 3089 2785 3388 2853; x_wconf 79' lang='grc' dir='ltr'>ἐναντίους,</span> <span class='ocrx_word' id='word_1_411' title='bbox 3418 2786 3513 2840; x_wconf 77' lang='grc' dir='ltr'>καὶ</span> <span class='ocrx_word' id='word_1_412' title='bbox 3532 2789 3772 2860; x_wconf 82' lang='grc' dir='ltr'>τραπέν-</span> 
     </span>
    </p>
   </div>
   <div class='ocr_carea' id='block_1_59' title="bbox 2188 2873 3772 2950">
    <p class='ocr_par' dir='ltr' id='par_1_59' title="bbox 2188 2873 3772 2950">
     <span class='ocr_line' id='line_1_59' title="bbox 2188 2873 3772 2950; baseline 0.005 -23"><span class='ocrx_word' id='word_1_413' title='bbox 2188 2891 2290 2937; x_wconf 86' lang='grc' dir='ltr'><strong>τας</strong></span> <span class='ocrx_word' id='word_1_414' title='bbox 2361 2873 2604 2928; x_wconf 78' lang='grc' dir='ltr'>ἐδίιυκεν.</span> <span class='ocrx_word' id='word_1_415' title='bbox 2666 2874 2797 2928; x_wconf 84' lang='grc' dir='ltr'>Ὅτε</span> <span class='ocrx_word' id='word_1_416' title='bbox 2847 2875 2942 2928; x_wconf 81' lang='grc' dir='ltr'>καὶ</span> <span class='ocrx_word' id='word_1_417' title='bbox 2982 2875 3279 2947; x_wconf 67' lang='grc' dir='ltr'>οὐρανόθεν</span> <span class='ocrx_word' id='word_1_418' title='bbox 3315 2878 3527 2948; x_wconf 73' lang='grc' dir='ltr'>χάλαζα</span> <span class='ocrx_word' id='word_1_419' title='bbox 3562 2895 3623 2933; x_wconf 90' lang='grc' dir='ltr'><strong>τε</strong></span> <span class='ocrx_word' id='word_1_420' title='bbox 3666 2881 3772 2950; x_wconf 76' lang='grc' dir='ltr'>τῆς</span> 
     </span>
    </p>
   </div>
   <div class='ocr_carea' id='block_1_60' title="bbox 2191 2964 3767 3040">
    <p class='ocr_par' dir='ltr' id='par_1_60' title="bbox 2191 2964 3767 3040">
     <span class='ocr_line' id='line_1_60' title="bbox 2191 2964 3767 3040; baseline 0.005 -22"><span class='ocrx_word' id='word_1_421' title='bbox 2191 2964 2459 3036; x_wconf 78' lang='grc' dir='ltr'>συνήθους</span> <span class='ocrx_word' id='word_1_422' title='bbox 2496 2965 2721 3034; x_wconf 76' lang='grc' dir='ltr'>μείζων,</span> <span class='ocrx_word' id='word_1_423' title='bbox 2761 2966 2856 3019; x_wconf 76' lang='grc' dir='ltr'>καὶ</span> <span class='ocrx_word' id='word_1_424' title='bbox 2886 2967 3146 3037; x_wconf 78' lang='grc' dir='ltr'>κεραυνοὶ</span> <span class='ocrx_word' id='word_1_425' title='bbox 3177 2970 3289 3030; x_wconf 77' lang='grc' dir='ltr'>τοῖς</span> <span class='ocrx_word' id='word_1_426' title='bbox 3332 2968 3615 3040; x_wconf 84' lang='grc' dir='ltr'>πολεμίοις</span> <span class='ocrx_word' id='word_1_427' title='bbox 3662 2976 3767 3026; x_wconf 81' lang='grc' dir='ltr'>ἐπ-</span> 
     </span>
    </p>
   </div>
   <div class='ocr_carea' id='block_1_61' title="bbox 2189 3057 3767 3134">
    <p class='ocr_par' dir='ltr' id='par_1_61' title="bbox 2189 3057 3767 3134">
     <span class='ocr_line' id='line_1_61' title="bbox 2189 3057 3767 3134; baseline 0.006 -25"><span class='ocrx_word' id='word_1_428' title='bbox 2189 3058 2386 3110; x_wconf 84' lang='grc' dir='ltr'>έπεσον</span> <span class='ocrx_word' id='word_1_429' title='bbox 2416 3074 2430 3088; x_wconf 77' lang='grc' dir='ltr'><strong>ο</strong></span> <span class='ocrx_word' id='word_1_430' title='bbox 2472 3059 2569 3112; x_wconf 77' lang='grc' dir='ltr'>καὶ</span> <span class='ocrx_word' id='word_1_431' title='bbox 2606 3059 2638 3128; x_wconf 78' lang='grc' dir='ltr'>ἡ</span> <span class='ocrx_word' id='word_1_432' title='bbox 2665 3061 2852 3128; x_wconf 80' lang='grc' dir='ltr'>ἡμέρα</span> <span class='ocrx_word' id='word_1_433' title='bbox 2875 3057 3102 3129; x_wconf 80' lang='grc' dir='ltr'>ηύξητο,</span> <span class='ocrx_word' id='word_1_434' title='bbox 3136 3060 3229 3113; x_wconf 82' lang='grc' dir='ltr'>τὸν</span> <span class='ocrx_word' id='word_1_435' title='bbox 3253 3059 3455 3132; x_wconf 78' lang='grc' dir='ltr'>δρόμον</span> <span class='ocrx_word' id='word_1_436' title='bbox 3480 3061 3576 3116; x_wconf 90' lang='grc' dir='ltr'><strong>τοῦ</strong></span> <span class='ocrx_word' id='word_1_437' title='bbox 3611 3062 3767 3134; x_wconf 71' lang='grc' dir='ltr'>ἡλίου</span> 
     </span>
    </p>
   </div>
   <div class='ocr_carea' id='block_1_62' title="bbox 504 3139 2081 3245">
    <p class='ocr_par' dir='ltr' id='par_1_62' title="bbox 504 3139 2081 3217">
     <span class='ocr_line' id='line_1_62' title="bbox 504 3139 2081 3217; baseline -0.001 -17"><span class='ocrx_word' id='word_1_438' title='bbox 504 3158 667 3202; x_wconf 84' lang='lat' dir='ltr'><strong>tatem</strong></span> <span class='ocrx_word' id='word_1_439' title='bbox 712 3146 1007 3217; x_wconf 77' lang='lat' dir='ltr'><strong>significat.</strong></span> <span class='ocrx_word' id='word_1_440' title='bbox 1038 3142 1178 3199; x_wconf 90' lang='lat' dir='ltr'><strong>Cum</strong></span> <span class='ocrx_word' id='word_1_441' title='bbox 1227 3151 1413 3197; x_wconf 88' lang='lat' dir='ltr'><strong>autem</strong></span> <span class='ocrx_word' id='word_1_442' title='bbox 1463 3139 1760 3197; x_wconf 80' lang='lat' dir='ltr'><strong>Chanamei</strong></span> <span class='ocrx_word' id='word_1_443' title='bbox 1808 3142 2081 3198; x_wconf 76' lang='lat' dir='ltr'><strong>Libanum</strong></span> 
     </span>
    </p>
   </div>
   <div class='ocr_carea' id='block_1_63' title="bbox 2186 3139 3768 3245">
    <p class='ocr_par' dir='ltr' id='par_1_63' title="bbox 2192 3147 3768 3228">
     <span class='ocr_line' id='line_1_63' title="bbox 2192 3147 3768 3228; baseline 0.006 -27"><span class='ocrx_word' id='word_1_444' title='bbox 2192 3150 2490 3220; x_wconf 85' lang='grc' dir='ltr'>στήσαντος</span> <span class='ocrx_word' id='word_1_445' title='bbox 2531 3147 2624 3201; x_wconf 88' lang='grc' dir='ltr'><strong>τοῦ</strong></span> <span class='ocrx_word' id='word_1_446' title='bbox 2658 3148 2818 3215; x_wconf 83' lang='grc' dir='ltr'>Θεοῦ,</span> <span class='ocrx_word' id='word_1_447' title='bbox 2866 3149 3107 3215; x_wconf 76' lang='grc' dir='ltr'><strong>ἐντεύξει</strong></span> <span class='ocrx_word' id='word_1_448' title='bbox 3146 3151 3243 3205; x_wconf 89' lang='grc' dir='ltr'><strong>τοῦ</strong></span> <span class='ocrx_word' id='word_1_449' title='bbox 3287 3151 3492 3224; x_wconf 81' lang='grc' dir='ltr'>Ἰησοῦ,</span> <span class='ocrx_word' id='word_1_450' title='bbox 3543 3154 3628 3210; x_wconf 67' lang='grc' dir='ltr'><strong>ἵνα</strong></span> <span class='ocrx_word' id='word_1_451' title='bbox 3664 3159 3768 3228; x_wconf 73' lang='grc' dir='ltr'>μὴ,</span> 
     </span>
    </p>
   </div>
   <div class='ocr_carea' id='block_1_64' title="bbox 504 3208 2081 3316">
    <p class='ocr_par' dir='ltr' id='par_1_64' title="bbox 504 3208 2081 3305">
     <span class='ocr_line' id='line_1_64' title="bbox 504 3208 2081 3305; baseline -0.003 -11"><span class='ocrx_word' id='word_1_452' title='bbox 504 3248 745 3294; x_wconf 89' lang='lat' dir='ltr'><strong>montem</strong></span> <span class='ocrx_word' id='word_1_453' title='bbox 763 3208 1110 3302; x_wconf 64' lang='lat' dir='ltr'><strong>accolentes,</strong></span> <span class='ocrx_word' id='word_1_454' title='bbox 1139 3243 1195 3290; x_wconf 93' lang='lat' dir='ltr'><strong>et</strong></span> <span class='ocrx_word' id='word_1_455' title='bbox 1217 3234 1315 3305; x_wconf 89' lang='lat' dir='ltr'><strong>qui</strong></span> <span class='ocrx_word' id='word_1_456' title='bbox 1348 3233 1403 3289; x_wconf 89' lang='lat' dir='ltr'><strong>in</strong></span> <span class='ocrx_word' id='word_1_457' title='bbox 1435 3234 1843 3304; x_wconf 85' lang='lat' dir='ltr'><strong>campestribus</strong></span> <span class='ocrx_word' id='word_1_458' title='bbox 1873 3235 2081 3289; x_wconf 88' lang='lat' dir='ltr'><strong>habita-</strong></span> 
     </span>
    </p>
   </div>
   <div class='ocr_carea' id='block_1_65' title="bbox 2186 3208 3740 3316">
    <p class='ocr_par' dir='ltr' id='par_1_65' title="bbox 2187 3208 3740 3316">
     <span class='ocr_line' id='line_1_65' title="bbox 2187 3208 3740 3316; baseline 0.004 -21"><span class='ocrx_word' id='word_1_459' title='bbox 2187 3208 2381 3304; x_wconf 69' lang='grc' dir='ltr'>νυκτὸς</span> <span class='ocrx_word' id='word_1_460' title='bbox 2413 3208 2770 3311; x_wconf 71' lang='grc' dir='ltr'>ἐπελθούσης,</span> <span class='ocrx_word' id='word_1_461' title='bbox 2805 3208 3149 3311; x_wconf 75' lang='grc' dir='ltr'>διαφύγωσιν</span> <span class='ocrx_word' id='word_1_462' title='bbox 3174 3245 3225 3297; x_wconf 88' lang='grc' dir='ltr'><strong>οί</strong></span> <span class='ocrx_word' id='word_1_463' title='bbox 3263 3208 3740 3316; x_wconf 10' lang='grc' dir='ltr'>πολέμιοι.ή1(ατα</span> 
     </span>
    </p>
   </div>
   <div class='ocr_carea' id='block_1_66' title="bbox 506 3326 2081 3414">
    <p class='ocr_par' dir='ltr' id='par_1_66' title="bbox 506 3326 2081 3414">
     <span class='ocr_line' id='line_1_66' title="bbox 506 3326 2081 3414; baseline -0.001 -28"><span class='ocrx_word' id='word_1_464' title='bbox 506 3334 657 3399; x_wconf 86' lang='lat' dir='ltr'><strong>bant,</strong></span> <span class='ocrx_word' id='word_1_465' title='bbox 704 3328 1008 3386; x_wconf 67' lang='lat' dir='ltr'><strong>Palaestinis</strong></span> <span class='ocrx_word' id='word_1_466' title='bbox 1053 3329 1110 3383; x_wconf 92' lang='lat' dir='ltr'><strong>in</strong></span> <span class='ocrx_word' id='word_1_467' title='bbox 1165 3326 1434 3414; x_wconf 75' lang='lat' dir='ltr'><strong>auxilium</strong></span> <span class='ocrx_word' id='word_1_468' title='bbox 1486 3326 1697 3394; x_wconf 85' lang='lat' dir='ltr'><strong>ascitis,</strong></span> <span class='ocrx_word' id='word_1_469' title='bbox 1746 3326 1955 3383; x_wconf 86' lang='lat' dir='ltr'><strong>bellum</strong></span> <span class='ocrx_word' id='word_1_470' title='bbox 2003 3328 2081 3384; x_wconf 84' lang='lat' dir='ltr'><strong>eis</strong></span> 
     </span>
    </p>
   </div>
   <div class='ocr_carea' id='block_1_67' title="bbox 2186 3326 3767 3414">
    <p class='ocr_par' dir='ltr' id='par_1_67' title="bbox 2186 3333 3767 3410">
     <span class='ocr_line' id='line_1_67' title="bbox 2186 3333 3767 3410; baseline 0.003 -23"><span class='ocrx_word' id='word_1_471' title='bbox 2186 3333 2555 3405; x_wconf 79' lang='grc' dir='ltr'>λαμϐάνονται</span> <span class='ocrx_word' id='word_1_472' title='bbox 2597 3333 2657 3386; x_wconf 73' lang='grc' dir='ltr'>δὲ</span> <span class='ocrx_word' id='word_1_473' title='bbox 2710 3333 2803 3387; x_wconf 83' lang='grc' dir='ltr'>καὶ</span> <span class='ocrx_word' id='word_1_474' title='bbox 2856 3336 2905 3388; x_wconf 92' lang='grc' dir='ltr'><strong>οί</strong></span> <span class='ocrx_word' id='word_1_475' title='bbox 2961 3334 3203 3406; x_wconf 79' lang='grc' dir='ltr'>βασιλεῖς</span> <span class='ocrx_word' id='word_1_476' title='bbox 3253 3335 3311 3388; x_wconf 76' lang='grc' dir='ltr'><strong>ἐν</strong></span> <span class='ocrx_word' id='word_1_477' title='bbox 3362 3353 3466 3391; x_wconf 88' lang='grc' dir='ltr'>τινι</span> <span class='ocrx_word' id='word_1_478' title='bbox 3512 3339 3767 3410; x_wconf 77' lang='grc' dir='ltr'>σπηλαίῳ</span> 
     </span>
    </p>
   </div>
   <div class='ocr_carea' id='block_1_68' title="bbox 507 3419 2081 3503">
    <p class='ocr_par' dir='ltr' id='par_1_68' title="bbox 507 3419 2081 3493">
     <span class='ocr_line' id='line_1_68' title="bbox 507 3419 2081 3493; baseline -0.005 -12"><span class='ocrx_word' id='word_1_479' title='bbox 507 3425 796 3489; x_wconf 87' lang='lat' dir='ltr'><strong>inferrent,</strong></span> <span class='ocrx_word' id='word_1_480' title='bbox 827 3433 992 3493; x_wconf 88' lang='lat' dir='ltr'><strong>atque</strong></span> <span class='ocrx_word' id='word_1_481' title='bbox 1037 3422 1094 3477; x_wconf 86' lang='lat' dir='ltr'><strong>in</strong></span> <span class='ocrx_word' id='word_1_482' title='bbox 1125 3421 1374 3476; x_wconf 79' lang='lat' dir='ltr'><strong>exercitu</strong></span> <span class='ocrx_word' id='word_1_483' title='bbox 1422 3419 1693 3476; x_wconf 77' lang='lat' dir='ltr'><strong>haberent</strong></span> <span class='ocrx_word' id='word_1_484' title='bbox 1742 3429 2081 3475; x_wconf 86' lang='lat' dir='ltr'><strong>armatorum</strong></span> 
     </span>
    </p>
   </div>
   <div class='ocr_carea' id='block_1_69' title="bbox 2186 3419 3766 3503">
    <p class='ocr_par' dir='ltr' id='par_1_69' title="bbox 2189 3424 3766 3503">
     <span class='ocr_line' id='line_1_69' title="bbox 2189 3424 3766 3503; baseline 0.005 -25"><span class='ocrx_word' id='word_1_485' title='bbox 2189 3427 2581 3497; x_wconf 85' lang='grc' dir='ltr'>κρυπτόμενοι,</span> <span class='ocrx_word' id='word_1_486' title='bbox 2647 3424 2745 3479; x_wconf 74' lang='grc' dir='ltr'>καὶ</span> <span class='ocrx_word' id='word_1_487' title='bbox 2787 3426 3094 3481; x_wconf 77' lang='grc' dir='ltr'>κτείνονται</span> <span class='ocrx_word' id='word_1_488' title='bbox 3152 3429 3376 3493; x_wconf 79' lang='grc' dir='ltr'>πάντες.</span> <span class='ocrx_word' id='word_1_489' title='bbox 3448 3432 3654 3503; x_wconf 77' lang='grc' dir='ltr'>Ἰησοῦς</span> <span class='ocrx_word' id='word_1_490' title='bbox 3708 3435 3766 3486; x_wconf 80' lang='grc' dir='ltr'>δὲ</span> 
     </span>
    </p>
   </div>
   <div class='ocr_carea' id='block_1_70' title="bbox 503 3512 2081 3597">
    <p class='ocr_par' dir='ltr' id='par_1_70' title="bbox 503 3512 2081 3587">
     <span class='ocr_line' id='line_1_70' title="bbox 503 3512 2081 3587; baseline -0.003 -13"><span class='ocrx_word' id='word_1_491' title='bbox 503 3528 749 3576; x_wconf 87' lang='lat' dir='ltr'><strong>trecenta</strong></span> <span class='ocrx_word' id='word_1_492' title='bbox 804 3517 995 3583; x_wconf 84' lang='lat' dir='ltr'><strong>millia,</strong></span> <span class='ocrx_word' id='word_1_493' title='bbox 1030 3515 1284 3587; x_wconf 86' lang='lat' dir='ltr'><strong>equitum</strong></span> <span class='ocrx_word' id='word_1_494' title='bbox 1333 3513 1526 3570; x_wconf 87' lang='lat' dir='ltr'><strong>decem</strong></span> <span class='ocrx_word' id='word_1_495' title='bbox 1574 3512 1767 3579; x_wconf 79' lang='lat' dir='ltr'><strong>millia,</strong></span> <span class='ocrx_word' id='word_1_496' title='bbox 1807 3521 1865 3570; x_wconf 85' lang='lat' dir='ltr'><strong>et</strong></span> <span class='ocrx_word' id='word_1_497' title='bbox 1917 3513 2081 3569; x_wconf 88' lang='lat' dir='ltr'><strong>millia</strong></span> 
     </span>
    </p>
   </div>
   <div class='ocr_carea' id='block_1_71' title="bbox 2186 3512 3767 3597">
    <p class='ocr_par' dir='ltr' id='par_1_71' title="bbox 2186 3516 3767 3597">
     <span class='ocr_line' id='line_1_71' title="bbox 2186 3516 3767 3597; baseline 0.004 -24"><span class='ocrx_word' id='word_1_498' title='bbox 2186 3516 2416 3589; x_wconf 81' lang='grc' dir='ltr'>ἐπανῄει</span> <span class='ocrx_word' id='word_1_499' title='bbox 2446 3517 2612 3572; x_wconf 90' lang='grc' dir='ltr'>πάλιν</span> <span class='ocrx_word' id='word_1_500' title='bbox 2639 3521 2740 3589; x_wconf 78' lang='grc' dir='ltr'>τῆς</span> <span class='ocrx_word' id='word_1_501' title='bbox 2771 3520 3087 3583; x_wconf 80' lang='grc' dir='ltr'>Χαναναίας</span> <span class='ocrx_word' id='word_1_502' title='bbox 3125 3523 3221 3575; x_wconf 76' lang='grc' dir='ltr'>ἐπὶ</span> <span class='ocrx_word' id='word_1_503' title='bbox 3257 3523 3358 3593; x_wconf 81' lang='grc' dir='ltr'>τὴν</span> <span class='ocrx_word' id='word_1_504' title='bbox 3398 3524 3635 3597; x_wconf 79' lang='grc' dir='ltr'>ὀρεινὴν,</span> <span class='ocrx_word' id='word_1_505' title='bbox 3669 3530 3767 3581; x_wconf 75' lang='grc' dir='ltr'>καὶ</span> 
     </span>
    </p>
   </div>
   <div class='ocr_carea' id='block_1_72' title="bbox 501 3604 2081 3686">
    <p class='ocr_par' dir='ltr' id='par_1_72' title="bbox 501 3604 2081 3681">
     <span class='ocr_line' id='line_1_72' title="bbox 501 3604 2081 3681; baseline -0.006 -12"><span class='ocrx_word' id='word_1_506' title='bbox 501 3627 768 3669; x_wconf 88' lang='lat' dir='ltr'><strong>eurrumn</strong></span> <span class='ocrx_word' id='word_1_507' title='bbox 804 3609 1052 3681; x_wconf 83' lang='lat' dir='ltr'><strong>triginta,</strong></span> <span class='ocrx_word' id='word_1_508' title='bbox 1080 3608 1191 3662; x_wconf 86' lang='lat' dir='ltr'><strong>Deo</strong></span> <span class='ocrx_word' id='word_1_509' title='bbox 1213 3606 1501 3661; x_wconf 86' lang='lat' dir='ltr'><strong>victoriam</strong></span> <span class='ocrx_word' id='word_1_510' title='bbox 1532 3604 1796 3662; x_wconf 88' lang='lat' dir='ltr'><strong>lsraelitis</strong></span> <span class='ocrx_word' id='word_1_511' title='bbox 1813 3604 2081 3676; x_wconf 89' lang='lat' dir='ltr'><strong>pollicito,</strong></span> 
     </span>
    </p>
   </div>
   <div class='ocr_carea' id='block_1_73' title="bbox 2186 3604 3767 3686">
    <p class='ocr_par' dir='ltr' id='par_1_73' title="bbox 2187 3611 3767 3686">
     <span class='ocr_line' id='line_1_73' title="bbox 2187 3611 3767 3686; baseline 0.005 -21"><span class='ocrx_word' id='word_1_512' title='bbox 2187 3611 2355 3666; x_wconf 77' lang='grc' dir='ltr'>πολὺν</span> <span class='ocrx_word' id='word_1_513' title='bbox 2383 3611 2545 3680; x_wconf 84' lang='grc' dir='ltr'>φόνον</span> <span class='ocrx_word' id='word_1_514' title='bbox 2578 3611 2688 3665; x_wconf 86' lang='grc' dir='ltr'><strong>τῶν</strong></span> <span class='ocrx_word' id='word_1_515' title='bbox 2735 3614 2795 3666; x_wconf 92' lang='grc' dir='ltr'><strong>ἐν</strong></span> <span class='ocrx_word' id='word_1_516' title='bbox 2840 3613 2980 3685; x_wconf 76' lang='grc' dir='ltr'>αὐτῇ</span> <span class='ocrx_word' id='word_1_517' title='bbox 3019 3616 3419 3686; x_wconf 74' lang='grc' dir='ltr'>ἐργασάμενος,</span> <span class='ocrx_word' id='word_1_518' title='bbox 3472 3620 3566 3672; x_wconf 81' lang='grc' dir='ltr'>καὶ</span> <span class='ocrx_word' id='word_1_519' title='bbox 3615 3620 3767 3675; x_wconf 86' lang='grc' dir='ltr'>λείαν</span> 
     </span>
    </p>
   </div>
   <div class='ocr_carea' id='block_1_74' title="bbox 503 3699 2081 3781">
    <p class='ocr_par' dir='ltr' id='par_1_74' title="bbox 503 3699 2081 3776">
     <span class='ocr_line' id='line_1_74' title="bbox 503 3699 2081 3776; baseline -0.004 -17"><span class='ocrx_word' id='word_1_520' title='bbox 503 3704 751 3776; x_wconf 69' lang='lat' dir='ltr'><strong>pra-lium</strong></span> <span class='ocrx_word' id='word_1_521' title='bbox 788 3714 946 3758; x_wconf 82' lang='lat' dir='ltr'><strong>atrox</strong></span> <span class='ocrx_word' id='word_1_522' title='bbox 978 3701 1350 3757; x_wconf 74' lang='lat' dir='ltr'><strong>committitur</strong></span> <span class='ocrx_word' id='word_1_523' title='bbox 1388 3716 1402 3754; x_wconf 90' lang='lat'><strong>:</strong></span> <span class='ocrx_word' id='word_1_524' title='bbox 1435 3713 1548 3769; x_wconf 88' lang='lat' dir='ltr'><strong>quo</strong></span> <span class='ocrx_word' id='word_1_525' title='bbox 1581 3699 1772 3755; x_wconf 84' lang='lat' dir='ltr'><strong>hostes</strong></span> <span class='ocrx_word' id='word_1_526' title='bbox 1813 3699 2081 3765; x_wconf 84' lang='lat' dir='ltr'><strong>universi,</strong></span> 
     </span>
    </p>
   </div>
   <div class='ocr_carea' id='block_1_75' title="bbox 2186 3699 3767 3781">
    <p class='ocr_par' dir='ltr' id='par_1_75' title="bbox 2186 3702 3767 3781">
     <span class='ocr_line' id='line_1_75' title="bbox 2186 3702 3767 3781; baseline 0.004 -25"><span class='ocrx_word' id='word_1_527' title='bbox 2186 3702 2389 3770; x_wconf 78' lang='grc' dir='ltr'>λαϐὼν,</span> <span class='ocrx_word' id='word_1_528' title='bbox 2410 3706 2491 3769; x_wconf 90' lang='grc' dir='ltr'><strong>είς</strong></span> <span class='ocrx_word' id='word_1_529' title='bbox 2513 3705 2572 3759; x_wconf 85' lang='grc' dir='ltr'>τὸ</span> <span class='ocrx_word' id='word_1_530' title='bbox 2594 3707 2651 3759; x_wconf 77' lang='grc' dir='ltr'><strong>ἐν</strong></span> <span class='ocrx_word' id='word_1_531' title='bbox 2675 3705 2973 3774; x_wconf 83' lang='grc' dir='ltr'>Γαλγάλοις</span> <span class='ocrx_word' id='word_1_532' title='bbox 2994 3702 3127 3777; x_wconf 82' lang='grc' dir='ltr'>ἦλθε</span> <span class='ocrx_word' id='word_1_533' title='bbox 3153 3708 3537 3778; x_wconf 77' lang='grc' dir='ltr'>στρατόπεδον.</span> <span class='ocrx_word' id='word_1_534' title='bbox 3564 3711 3730 3781; x_wconf 83' lang='grc' dir='ltr'>Ἐκλή</span> <span class='ocrx_word' id='word_1_535' title='bbox 3746 3743 3767 3754; x_wconf 75' lang='grc' dir='ltr'><strong><em>ο</em></strong></span> 
     </span>
    </p>
   </div>
   <div class='ocr_carea' id='block_1_76' title="bbox 501 3792 2081 3874">
    <p class='ocr_par' dir='ltr' id='par_1_76' title="bbox 501 3792 1971 3866">
     <span class='ocr_line' id='line_1_76' title="bbox 501 3792 1971 3866; baseline 0.001 -16"><span class='ocrx_word' id='word_1_536' title='bbox 501 3797 692 3866; x_wconf 89' lang='lat' dir='ltr'><strong>paucis</strong></span> <span class='ocrx_word' id='word_1_537' title='bbox 716 3796 981 3865; x_wconf 78' lang='lat' dir='ltr'><strong>exceptis,</strong></span> <span class='ocrx_word' id='word_1_538' title='bbox 1014 3796 1317 3864; x_wconf 84' lang='lat' dir='ltr'><strong>perierunt,</strong></span> <span class='ocrx_word' id='word_1_539' title='bbox 1347 3792 1569 3863; x_wconf 81' lang='lat' dir='ltr'><strong>regibus</strong></span> <span class='ocrx_word' id='word_1_540' title='bbox 1596 3792 1764 3848; x_wconf 88' lang='lat' dir='ltr'><strong>etiam</strong></span> <span class='ocrx_word' id='word_1_541' title='bbox 1794 3794 1971 3851; x_wconf 68' lang='lat' dir='ltr'><strong>cassis.</strong></span> 
     </span>
    </p>
   </div>
   <div class='ocr_carea' id='block_1_77' title="bbox 2186 3792 3766 3874">
    <p class='ocr_par' dir='ltr' id='par_1_77' title="bbox 2186 3794 3766 3874">
     <span class='ocr_line' id='line_1_77' title="bbox 2186 3794 3766 3874; baseline 0.005 -26"><span class='ocrx_word' id='word_1_542' title='bbox 2186 3794 2255 3866; x_wconf 89' lang='grc' dir='ltr'><strong>θη</strong></span> <span class='ocrx_word' id='word_1_543' title='bbox 2302 3797 2347 3847; x_wconf 80' lang='grc' dir='ltr'>δ’</span> <span class='ocrx_word' id='word_1_544' title='bbox 2394 3797 2424 3850; x_wconf 90' lang='grc' dir='ltr'><strong>ό</strong></span> <span class='ocrx_word' id='word_1_545' title='bbox 2473 3797 2639 3859; x_wconf 84' lang='grc' dir='ltr'>τόπος</span> <span class='ocrx_word' id='word_1_546' title='bbox 2678 3795 2775 3852; x_wconf 84' lang='grc' dir='ltr'><strong>τοῦ</strong></span> <span class='ocrx_word' id='word_1_547' title='bbox 2804 3798 3167 3868; x_wconf 85' lang='grc' dir='ltr'>στρατοπέδου</span> <span class='ocrx_word' id='word_1_548' title='bbox 3214 3801 3482 3870; x_wconf 85' lang='grc' dir='ltr'>Γάλγαλα,</span> <span class='ocrx_word' id='word_1_549' title='bbox 3537 3802 3612 3864; x_wconf 84' lang='grc' dir='ltr'><strong>ὡς</strong></span> <span class='ocrx_word' id='word_1_550' title='bbox 3660 3803 3766 3874; x_wconf 76' lang='grc' dir='ltr'>ήδη</span> 
     </span>
    </p>
   </div>
   <div class='ocr_carea' id='block_1_78' title="bbox 501 3888 3767 3966">
    <p class='ocr_par' dir='ltr' id='par_1_78' title="bbox 501 3888 3767 3966">
     <span class='ocr_line' id='line_1_78' title="bbox 501 3888 3767 3966; baseline 0.002 -19"><span class='ocrx_word' id='word_1_551' title='bbox 501 3891 729 3954; x_wconf 78' lang='grc' dir='ltr'>ἑαυτοὺς</span> <span class='ocrx_word' id='word_1_552' title='bbox 750 3891 1068 3960; x_wconf 81' lang='grc' dir='ltr'>ἐλευθέρους</span> <span class='ocrx_word' id='word_1_553' title='bbox 1090 3888 1198 3942; x_wconf 82' lang='grc' dir='ltr'>τῶν</span> <span class='ocrx_word' id='word_1_554' title='bbox 1221 3888 1537 3958; x_wconf 67' lang='grc' dir='ltr'>Αἰγυπτίων</span> <span class='ocrx_word' id='word_1_555' title='bbox 1561 3890 1657 3943; x_wconf 76' lang='grc' dir='ltr'>καὶ</span> <span class='ocrx_word' id='word_1_556' title='bbox 1683 3888 1783 3957; x_wconf 81' lang='grc' dir='ltr'><strong>τῆς</strong></span> <span class='ocrx_word' id='word_1_557' title='bbox 1802 3889 1944 3945; x_wconf 82' lang='grc' dir='ltr'>κατὰ</span> <span class='ocrx_word' id='word_1_558' title='bbox 1967 3888 2067 3964; x_wconf 78' lang='grc' dir='ltr'>τὴν</span> <span class='ocrx_word' id='word_1_559' title='bbox 2081 3889 2289 3963; x_wconf 77' lang='grc' dir='ltr'>ἔρημον</span> <span class='ocrx_word' id='word_1_560' title='bbox 2314 3891 2694 3965; x_wconf 75' lang='grc' dir='ltr'>ταλαιπωρίας</span> <span class='ocrx_word' id='word_1_561' title='bbox 2722 3892 2959 3962; x_wconf 86' lang='grc' dir='ltr'>γνόντων</span> <span class='ocrx_word' id='word_1_562' title='bbox 2984 3895 3094 3948; x_wconf 85' lang='grc' dir='ltr'><strong>τῶν</strong></span> <span class='ocrx_word' id='word_1_563' title='bbox 3109 3895 3484 3966; x_wconf 80' lang='grc' dir='ltr'>Ἰσραηλιτῶν.</span> <span class='ocrx_word' id='word_1_564' title='bbox 3508 3895 3767 3960; x_wconf 73' lang='grc' dir='ltr'>Γάλγαλα.</span> 
     </span>
    </p>
   </div>
   <div class='ocr_carea' id='block_1_79' title="bbox 500 3984 3763 4062">
    <p class='ocr_par' dir='ltr' id='par_1_79' title="bbox 500 3984 3763 4062">
     <span class='ocr_line' id='line_1_79' title="bbox 500 3984 3763 4062; baseline 0.002 -20"><span class='ocrx_word' id='word_1_565' title='bbox 500 3989 611 4061; x_wconf 84' lang='grc' dir='ltr'>γὰρ</span> <span class='ocrx_word' id='word_1_566' title='bbox 636 3988 738 4059; x_wconf 79' lang='grc' dir='ltr'>τὴν</span> <span class='ocrx_word' id='word_1_567' title='bbox 793 3984 1121 4057; x_wconf 84' lang='grc' dir='ltr'>ἐλευθερίαν</span> <span class='ocrx_word' id='word_1_568' title='bbox 1154 3984 1397 4056; x_wconf 85' lang='grc' dir='ltr'>Ἑϐραῖοι</span> <span class='ocrx_word' id='word_1_569' title='bbox 1426 3984 1676 4040; x_wconf 84' lang='grc' dir='ltr'>καλοῦσι.</span> <span class='ocrx_word' id='word_1_570' title='bbox 1714 3985 2083 4055; x_wconf 84' lang='grc' dir='ltr'>Στρατεύουσι</span> <span class='ocrx_word' id='word_1_571' title='bbox 2118 3987 2165 4042; x_wconf 85' lang='grc' dir='ltr'>δ’</span> <span class='ocrx_word' id='word_1_572' title='bbox 2227 3986 2316 4042; x_wconf 83' lang='grc' dir='ltr'>ἐπ’</span> <span class='ocrx_word' id='word_1_573' title='bbox 2352 3990 2555 4054; x_wconf 80' lang='grc' dir='ltr'>αὐτοὺς</span> <span class='ocrx_word' id='word_1_574' title='bbox 2588 3988 2640 4043; x_wconf 76' lang='grc' dir='ltr'>οἱ</span> <span class='ocrx_word' id='word_1_575' title='bbox 2675 3989 2805 4062; x_wconf 81' lang='grc' dir='ltr'>περὶ</span> <span class='ocrx_word' id='word_1_576' title='bbox 2848 3990 3083 4044; x_wconf 88' lang='grc' dir='ltr'>Λίϐανον</span> <span class='ocrx_word' id='word_1_577' title='bbox 3143 3991 3460 4061; x_wconf 87' lang='grc' dir='ltr'>Χαναναῖοι,</span> <span class='ocrx_word' id='word_1_578' title='bbox 3494 3995 3590 4049; x_wconf 80' lang='grc' dir='ltr'>καὶ</span> <span class='ocrx_word' id='word_1_579' title='bbox 3615 3995 3668 4048; x_wconf 82' lang='lat' dir='ltr'><strong>oi</strong></span> <span class='ocrx_word' id='word_1_580' title='bbox 3703 3999 3763 4047; x_wconf 79' lang='grc' dir='ltr'>ὲν</span> 
     </span>
    </p>
   </div>
   <div class='ocr_carea' id='block_1_80' title="bbox 496 4074 3769 4161">
    <p class='ocr_par' dir='ltr' id='par_1_80' title="bbox 496 4074 3769 4161">
     <span class='ocr_line' id='line_1_80' title="bbox 496 4074 3769 4161; baseline 0.002 -25"><span class='ocrx_word' id='word_1_581' title='bbox 496 4083 609 4145; x_wconf 87' lang='grc' dir='ltr'>τοῖς</span> <span class='ocrx_word' id='word_1_582' title='bbox 635 4080 870 4142; x_wconf 74' lang='grc' dir='ltr'>πεδινοῖς</span> <span class='ocrx_word' id='word_1_583' title='bbox 894 4078 1288 4149; x_wconf 78' lang='grc' dir='ltr'>Παλαιστηνοῖς</span> <span class='ocrx_word' id='word_1_584' title='bbox 1311 4077 1786 4149; x_wconf 81' lang='grc' dir='ltr'>συμμαχούμενοι.</span> <span class='ocrx_word' id='word_1_585' title='bbox 1806 4074 2016 4135; x_wconf 85' lang='grc' dir='ltr'>Ἧνδ’ό</span> <span class='ocrx_word' id='word_1_586' title='bbox 2034 4081 2268 4154; x_wconf 84' lang='grc' dir='ltr'>στρατὸς</span> <span class='ocrx_word' id='word_1_587' title='bbox 2297 4082 2523 4138; x_wconf 85' lang='grc' dir='ltr'>ἐκείνων</span> <span class='ocrx_word' id='word_1_588' title='bbox 2544 4082 2779 4138; x_wconf 83' lang='grc' dir='ltr'>ὁπλιτῶν</span> <span class='ocrx_word' id='word_1_589' title='bbox 2825 4083 3088 4155; x_wconf 82' lang='grc' dir='ltr'>μυριάδες</span> <span class='ocrx_word' id='word_1_590' title='bbox 3135 4086 3449 4158; x_wconf 86' lang='grc' dir='ltr'>τριάκοντα,</span> <span class='ocrx_word' id='word_1_591' title='bbox 3488 4088 3674 4161; x_wconf 84' lang='grc' dir='ltr'>μύριοι</span> <span class='ocrx_word' id='word_1_592' title='bbox 3719 4090 3769 4144; x_wconf 81' lang='grc' dir='ltr'>δ’</span> 
     </span>
    </p>
   </div>
   <div class='ocr_carea' id='block_1_81' title="bbox 501 4172 3763 4271">
    <p class='ocr_par' dir='ltr' id='par_1_81' title="bbox 501 4172 3763 4271">
     <span class='ocr_line' id='line_1_81' title="bbox 501 4172 3763 4271; baseline 0.002 -39"><span class='ocrx_word' id='word_1_593' title='bbox 501 4182 711 4245; x_wconf 76' lang='grc' dir='ltr'>ιπτιεῖς,</span> <span class='ocrx_word' id='word_1_594' title='bbox 766 4177 860 4231; x_wconf 77' lang='grc' dir='ltr'>καὶ</span> <span class='ocrx_word' id='word_1_595' title='bbox 904 4172 1206 4271; x_wconf 65' lang='grc' dir='ltr'>τρισμύρια</span> <span class='ocrx_word' id='word_1_596' title='bbox 1252 4172 1508 4271; x_wconf 66' lang='grc' dir='ltr'><strong>ἅρματα.Δ</strong></span> <span class='ocrx_word' id='word_1_597' title='bbox 1533 4172 1712 4271; x_wconf 76' lang='grc' dir='ltr'>Νίκην</span> <span class='ocrx_word' id='word_1_598' title='bbox 1760 4173 1835 4271; x_wconf 29' lang='grc' dir='ltr'>δέ.</span> <span class='ocrx_word' id='word_1_599' title='bbox 1872 4175 1967 4271; x_wconf 29' lang='grc' dir='ltr'>τοῌῦ</span> <span class='ocrx_word' id='word_1_600' title='bbox 2009 4175 2147 4231; x_wconf 85' lang='grc' dir='ltr'>Θεοῦ</span> <span class='ocrx_word' id='word_1_601' title='bbox 2186 4177 2685 4271; x_wconf 64' lang='grc' dir='ltr'>ἐπαγγειλαμένου,</span> <span class='ocrx_word' id='word_1_602' title='bbox 2724 4178 2976 4271; x_wconf 59' lang='grc' dir='ltr'>καρτερὰ</span> <span class='ocrx_word' id='word_1_603' title='bbox 3008 4179 3156 4251; x_wconf 84' lang='grc' dir='ltr'>μάχη</span> <span class='ocrx_word' id='word_1_604' title='bbox 3188 4179 3420 4250; x_wconf 83' lang='grc' dir='ltr'>γίνεται,</span> <span class='ocrx_word' id='word_1_605' title='bbox 3454 4181 3530 4245; x_wconf 81' lang='grc' dir='ltr'><strong>ὡς</strong></span> <span class='ocrx_word' id='word_1_606' title='bbox 3558 4184 3669 4238; x_wconf 82' lang='grc' dir='ltr'>πᾶν</span> <span class='ocrx_word' id='word_1_607' title='bbox 3699 4183 3763 4238; x_wconf 72' lang='grc' dir='ltr'><strong>τὸ</strong></span> 
     </span>
    </p>
   </div>
   <div class='ocr_carea' id='block_1_82' title="bbox 499 4266 2963 4346">
    <p class='ocr_par' dir='ltr' id='par_1_82' title="bbox 499 4266 2963 4346">
     <span class='ocr_line' id='line_1_82' title="bbox 499 4266 2963 4346; baseline -0.001 -18"><span class='ocrx_word' id='word_1_608' title='bbox 499 4276 824 4346; x_wconf 83' lang='grc' dir='ltr'>στράτευμα</span> <span class='ocrx_word' id='word_1_609' title='bbox 850 4271 959 4325; x_wconf 80' lang='grc' dir='ltr'><strong>τῶν</strong></span> <span class='ocrx_word' id='word_1_610' title='bbox 990 4269 1223 4342; x_wconf 83' lang='grc' dir='ltr'>ἐχθρῶν,</span> <span class='ocrx_word' id='word_1_611' title='bbox 1258 4266 1398 4337; x_wconf 79' lang='grc' dir='ltr'>πλὴν</span> <span class='ocrx_word' id='word_1_612' title='bbox 1427 4266 1646 4335; x_wconf 84' lang='grc' dir='ltr'>ὀλίγων,</span> <span class='ocrx_word' id='word_1_613' title='bbox 1677 4266 2072 4340; x_wconf 80' lang='grc' dir='ltr'>διαφθαρῆναι,</span> <span class='ocrx_word' id='word_1_614' title='bbox 2113 4269 2209 4325; x_wconf 63' lang='grc' dir='ltr'><strong>καλ</strong></span> <span class='ocrx_word' id='word_1_615' title='bbox 2243 4271 2373 4335; x_wconf 81' lang='grc' dir='ltr'>τοὺς</span> <span class='ocrx_word' id='word_1_616' title='bbox 2400 4270 2641 4341; x_wconf 81' lang='grc' dir='ltr'>βασιλεῖς</span> <span class='ocrx_word' id='word_1_617' title='bbox 2667 4269 2724 4324; x_wconf 84' lang='grc' dir='ltr'><strong>δέ</strong></span> <span class='ocrx_word' id='word_1_618' title='bbox 2753 4266 2963 4327; x_wconf 75' lang='grc' dir='ltr'>πεσεῖν.</span> 
     </span>
    </p>
   </div>
   <div class='ocr_carea' id='block_1_83' title="bbox 568 4359 2081 4434">
    <p class='ocr_par' dir='ltr' id='par_1_83' title="bbox 568 4359 2078 4431">
     <span class='ocr_line' id='line_1_83' title="bbox 568 4359 2078 4431; baseline -0.004 -9"><span class='ocrx_word' id='word_1_619' title='bbox 568 4366 714 4422; x_wconf 75' lang='lat' dir='ltr'><strong>XXI.</strong></span> <span class='ocrx_word' id='word_1_620' title='bbox 742 4365 933 4421; x_wconf 79' lang='lat' dir='ltr'><strong>Annus</strong></span> <span class='ocrx_word' id='word_1_621' title='bbox 961 4372 1075 4419; x_wconf 91' lang='lat' dir='ltr'><strong>tum</strong></span> <span class='ocrx_word' id='word_1_622' title='bbox 1106 4362 1339 4431; x_wconf 85' lang='lat' dir='ltr'><strong>quintus</strong></span> <span class='ocrx_word' id='word_1_623' title='bbox 1380 4359 1617 4425; x_wconf 75' lang='lat' dir='ltr'><strong>exierat,</strong></span> <span class='ocrx_word' id='word_1_624' title='bbox 1647 4376 1830 4430; x_wconf 87' lang='lat' dir='ltr'><strong>neque</strong></span> <span class='ocrx_word' id='word_1_625' title='bbox 1862 4360 2078 4416; x_wconf 86' lang='lat' dir='ltr'><strong>Chana-</strong></span> 
     </span>
    </p>
   </div>
   <div class='ocr_carea' id='block_1_84' title="bbox 2186 4359 3762 4434">
    <p class='ocr_par' dir='ltr' id='par_1_84' title="bbox 2258 4361 3762 4434">
     <span class='ocr_line' id='line_1_84' title="bbox 2258 4361 3762 4434; baseline 0.004 -19"><span class='ocrx_word' id='word_1_626' title='bbox 2258 4362 2390 4418; x_wconf 81' lang='lat' dir='ltr'><strong>KA&#39;.</strong></span> <span class='ocrx_word' id='word_1_627' title='bbox 2452 4361 2615 4425; x_wconf 83' lang='grc' dir='ltr'>Ἔτος</span> <span class='ocrx_word' id='word_1_628' title='bbox 2664 4361 2725 4424; x_wconf 84' lang='grc' dir='ltr'><strong>δέ</strong></span> <span class='ocrx_word' id='word_1_629' title='bbox 2782 4363 3038 4433; x_wconf 74' lang='grc' dir='ltr'>πέμπτον</span> <span class='ocrx_word' id='word_1_630' title='bbox 3092 4362 3196 4433; x_wconf 74' lang='grc' dir='ltr'>ἥδη</span> <span class='ocrx_word' id='word_1_631' title='bbox 3242 4364 3629 4434; x_wconf 84' lang='grc' dir='ltr'>παρεληλύθει,</span> <span class='ocrx_word' id='word_1_632' title='bbox 3665 4368 3762 4421; x_wconf 80' lang='grc' dir='ltr'><strong>καὶ</strong></span> 
     </span>
    </p>
   </div>
   <div class='ocr_carea' id='block_1_85' title="bbox 499 4444 2081 4527">
    <p class='ocr_par' dir='ltr' id='par_1_85' title="bbox 499 4444 2081 4527">
     <span class='ocr_line' id='line_1_85' title="bbox 499 4444 2081 4527; baseline -0.009 -13"><span class='ocrx_word' id='word_1_633' title='bbox 499 4470 745 4514; x_wconf 67' lang='lat' dir='ltr'><strong>umorum</strong></span> <span class='ocrx_word' id='word_1_634' title='bbox 773 4454 1063 4524; x_wconf 85' lang='lat' dir='ltr'><strong>quisquam</strong></span> <span class='ocrx_word' id='word_1_635' title='bbox 1086 4458 1207 4505; x_wconf 89' lang='lat' dir='ltr'><strong>erat</strong></span> <span class='ocrx_word' id='word_1_636' title='bbox 1236 4448 1506 4517; x_wconf 88' lang='lat' dir='ltr'><strong>reliquus,</strong></span> <span class='ocrx_word' id='word_1_637' title='bbox 1562 4461 1689 4501; x_wconf 90' lang='lat' dir='ltr'><strong>cum</strong></span> <span class='ocrx_word' id='word_1_638' title='bbox 1718 4446 1880 4502; x_wconf 81' lang='lat' dir='ltr'><strong>Iesus</strong></span> <span class='ocrx_word' id='word_1_639' title='bbox 1900 4444 2081 4527; x_wconf 53' lang='lat' dir='ltr'><strong>taber-j</strong></span> 
     </span>
    </p>
   </div>
   <div class='ocr_carea' id='block_1_86' title="bbox 2186 4444 3763 4527">
    <p class='ocr_par' dir='ltr' id='par_1_86' title="bbox 2186 4452 3763 4526">
     <span class='ocr_line' id='line_1_86' title="bbox 2186 4452 3763 4526; baseline 0.004 -20"><span class='ocrx_word' id='word_1_640' title='bbox 2186 4452 2509 4507; x_wconf 82' lang='grc' dir='ltr'>Χαναναίων</span> <span class='ocrx_word' id='word_1_641' title='bbox 2553 4453 2741 4507; x_wconf 76' lang='grc' dir='ltr'>οὐκέτι</span> <span class='ocrx_word' id='word_1_642' title='bbox 2789 4453 2969 4516; x_wconf 78' lang='grc' dir='ltr'>οὐδεὶς</span> <span class='ocrx_word' id='word_1_643' title='bbox 3015 4454 3394 4508; x_wconf 80' lang='grc' dir='ltr'>ὑπολέλειπτο.</span> <span class='ocrx_word' id='word_1_644' title='bbox 3443 4456 3653 4526; x_wconf 81' lang='grc' dir='ltr'>Ἰησοῦς</span> <span class='ocrx_word' id='word_1_645' title='bbox 3703 4459 3763 4513; x_wconf 79' lang='grc' dir='ltr'>δὲ</span> 
     </span>
    </p>
   </div>
   <div class='ocr_carea' id='block_1_87' title="bbox 498 4537 2081 4620">
    <p class='ocr_par' dir='ltr' id='par_1_87' title="bbox 498 4537 2078 4615">
     <span class='ocr_line' id='line_1_87' title="bbox 498 4537 2078 4615; baseline -0.011 -9"><span class='ocrx_word' id='word_1_646' title='bbox 498 4548 759 4605; x_wconf 89' lang='lat' dir='ltr'><strong>naculum</strong></span> <span class='ocrx_word' id='word_1_647' title='bbox 779 4546 836 4599; x_wconf 91' lang='lat' dir='ltr'><strong>in</strong></span> <span class='ocrx_word' id='word_1_648' title='bbox 865 4542 1067 4615; x_wconf 89' lang='lat' dir='ltr'><strong>oppido</strong></span> <span class='ocrx_word' id='word_1_649' title='bbox 1090 4540 1309 4596; x_wconf 78' lang='lat' dir='ltr'><strong>Selenio</strong></span> <span class='ocrx_word' id='word_1_650' title='bbox 1335 4541 1592 4603; x_wconf 88' lang='lat' dir='ltr'><strong>collocat,</strong></span> <span class='ocrx_word' id='word_1_651' title='bbox 1614 4537 1791 4593; x_wconf 88' lang='lat' dir='ltr'><strong>donec</strong></span> <span class='ocrx_word' id='word_1_652' title='bbox 1815 4537 2078 4607; x_wconf 88' lang='lat' dir='ltr'><strong>templum</strong></span> 
     </span>
    </p>
   </div>
   <div class='ocr_carea' id='block_1_88' title="bbox 2186 4537 3763 4620">
    <p class='ocr_par' dir='ltr' id='par_1_88' title="bbox 2186 4544 3763 4620">
     <span class='ocr_line' id='line_1_88' title="bbox 2186 4544 3763 4620; baseline 0.003 -23"><span class='ocrx_word' id='word_1_653' title='bbox 2186 4545 2311 4616; x_wconf 79' lang='grc' dir='ltr'>ίστᾷ</span> <span class='ocrx_word' id='word_1_654' title='bbox 2334 4544 2433 4616; x_wconf 76' lang='grc' dir='ltr'>τὴν</span> <span class='ocrx_word' id='word_1_655' title='bbox 2465 4546 2672 4617; x_wconf 81' lang='grc' dir='ltr'>σκηνὴν</span> <span class='ocrx_word' id='word_1_656' title='bbox 2701 4545 2842 4599; x_wconf 81' lang='grc' dir='ltr'>κατὰ</span> <span class='ocrx_word' id='word_1_657' title='bbox 2894 4546 3051 4598; x_wconf 90' lang='grc' dir='ltr'>πόλιν</span> <span class='ocrx_word' id='word_1_658' title='bbox 3079 4545 3299 4616; x_wconf 86' lang='grc' dir='ltr'>Σηλὼμ,</span> <span class='ocrx_word' id='word_1_659' title='bbox 3341 4546 3446 4611; x_wconf 66' lang='grc' dir='ltr'>ἕως</span> <span class='ocrx_word' id='word_1_660' title='bbox 3474 4550 3763 4620; x_wconf 78' lang='grc' dir='ltr'>οἰκοδομῆ-</span> 
     </span>
    </p>
   </div>
   <div class='ocr_carea' id='block_1_89' title="bbox 498 4628 2081 4705">
    <p class='ocr_par' dir='ltr' id='par_1_89' title="bbox 498 4628 2077 4700">
     <span class='ocr_line' id='line_1_89' title="bbox 498 4628 2077 4700; baseline -0.008 -5"><span class='ocrx_word' id='word_1_661' title='bbox 498 4636 804 4697; x_wconf 60' lang='lat' dir='ltr'><strong>aedificandi</strong></span> <span class='ocrx_word' id='word_1_662' title='bbox 837 4636 1068 4691; x_wconf 89' lang='lat' dir='ltr'><strong>daretur</strong></span> <span class='ocrx_word' id='word_1_663' title='bbox 1090 4633 1343 4696; x_wconf 89' lang='lat' dir='ltr'><strong>occasio;</strong></span> <span class='ocrx_word' id='word_1_664' title='bbox 1371 4646 1435 4685; x_wconf 86' lang='lat' dir='ltr'><strong>ac</strong></span> <span class='ocrx_word' id='word_1_665' title='bbox 1464 4628 1652 4700; x_wconf 85' lang='lat' dir='ltr'><strong>populi</strong></span> <span class='ocrx_word' id='word_1_666' title='bbox 1677 4628 1920 4684; x_wconf 89' lang='lat' dir='ltr'><strong>universi</strong></span> <span class='ocrx_word' id='word_1_667' title='bbox 1944 4643 2077 4683; x_wconf 91' lang='lat' dir='ltr'><strong>con-</strong></span> 
     </span>
    </p>
   </div>
   <div class='ocr_carea' id='block_1_90' title="bbox 2186 4628 3763 4705">
    <p class='ocr_par' dir='ltr' id='par_1_90' title="bbox 2186 4634 3763 4705">
     <span class='ocr_line' id='line_1_90' title="bbox 2186 4634 3763 4705; baseline 0.004 -18"><span class='ocrx_word' id='word_1_668' title='bbox 2186 4651 2276 4688; x_wconf 92' lang='grc' dir='ltr'><strong>σαι</strong></span> <span class='ocrx_word' id='word_1_669' title='bbox 2324 4635 2510 4698; x_wconf 76' lang='grc' dir='ltr'>αὐτοῖς</span> <span class='ocrx_word' id='word_1_670' title='bbox 2553 4635 2679 4688; x_wconf 83' lang='grc' dir='ltr'>ναὸν</span> <span class='ocrx_word' id='word_1_671' title='bbox 2717 4635 2966 4705; x_wconf 76' lang='grc' dir='ltr'>γένηται.</span> <span class='ocrx_word' id='word_1_672' title='bbox 3012 4634 3346 4703; x_wconf 86' lang='grc' dir='ltr'>Συναγαγὼν</span> <span class='ocrx_word' id='word_1_673' title='bbox 3389 4636 3447 4688; x_wconf 78' lang='grc' dir='ltr'><strong>δέ</strong></span> <span class='ocrx_word' id='word_1_674' title='bbox 3489 4638 3580 4692; x_wconf 82' lang='grc' dir='ltr'>τὸν</span> <span class='ocrx_word' id='word_1_675' title='bbox 3633 4639 3763 4693; x_wconf 78' lang='grc' dir='ltr'>λαὸν</span> 
     </span>
    </p>
   </div>
   <div class='ocr_carea' id='block_1_91' title="bbox 499 4723 2081 4802">
    <p class='ocr_par' dir='ltr' id='par_1_91' title="bbox 499 4723 2081 4795">
     <span class='ocr_line' id='line_1_91' title="bbox 499 4723 2081 4795; baseline -0.008 -7"><span class='ocrx_word' id='word_1_676' title='bbox 499 4732 632 4790; x_wconf 89' lang='lat' dir='ltr'><strong>eilio</strong></span> <span class='ocrx_word' id='word_1_677' title='bbox 684 4728 921 4791; x_wconf 85' lang='lat' dir='ltr'><strong>indicto,</strong></span> <span class='ocrx_word' id='word_1_678' title='bbox 969 4733 1158 4795; x_wconf 87' lang='lat' dir='ltr'><strong>captas</strong></span> <span class='ocrx_word' id='word_1_679' title='bbox 1217 4723 1383 4778; x_wconf 82' lang='lat' dir='ltr'><strong>urbes</strong></span> <span class='ocrx_word' id='word_1_680' title='bbox 1442 4730 1759 4785; x_wconf 86' lang='lat' dir='ltr'><strong>enumerat,</strong></span> <span class='ocrx_word' id='word_1_681' title='bbox 1801 4736 2081 4791; x_wconf 81' lang='lat' dir='ltr'><strong>caesosque</strong></span> 
     </span>
    </p>
   </div>
   <div class='ocr_carea' id='block_1_92' title="bbox 2186 4723 3760 4802">
    <p class='ocr_par' dir='ltr' id='par_1_92' title="bbox 2186 4726 3760 4802">
     <span class='ocr_line' id='line_1_92' title="bbox 2186 4726 3760 4802; baseline 0.004 -23"><span class='ocrx_word' id='word_1_682' title='bbox 2186 4730 2262 4790; x_wconf 85' lang='grc' dir='ltr'>εἰς</span> <span class='ocrx_word' id='word_1_683' title='bbox 2302 4726 2523 4797; x_wconf 80' lang='grc' dir='ltr'>Σηλὼμ,</span> <span class='ocrx_word' id='word_1_684' title='bbox 2564 4727 2662 4792; x_wconf 86' lang='grc' dir='ltr'><strong>τὰς</strong></span> <span class='ocrx_word' id='word_1_685' title='bbox 2699 4727 3004 4791; x_wconf 79' lang='grc' dir='ltr'>ἑαλωκυίας</span> <span class='ocrx_word' id='word_1_686' title='bbox 3033 4727 3141 4781; x_wconf 84' lang='grc' dir='ltr'><strong>τῶν</strong></span> <span class='ocrx_word' id='word_1_687' title='bbox 3184 4729 3392 4782; x_wconf 81' lang='grc' dir='ltr'>πόλεων</span> <span class='ocrx_word' id='word_1_688' title='bbox 3430 4732 3760 4802; x_wconf 84' lang='grc' dir='ltr'>ἀπηρίθμει,</span> 
     </span>
    </p>
   </div>
   <div class='ocr_carea' id='block_1_93' title="bbox 501 4813 2081 4890">
    <p class='ocr_par' dir='ltr' id='par_1_93' title="bbox 501 4813 2081 4883">
     <span class='ocr_line' id='line_1_93' title="bbox 501 4813 2081 4883; baseline -0.008 -2"><span class='ocrx_word' id='word_1_689' title='bbox 501 4824 746 4881; x_wconf 85' lang='lat' dir='ltr'><strong>hostium</strong></span> <span class='ocrx_word' id='word_1_690' title='bbox 802 4819 1115 4883; x_wconf 78' lang='lat' dir='ltr'><strong>exercitus,</strong></span> <span class='ocrx_word' id='word_1_691' title='bbox 1147 4825 1205 4873; x_wconf 85' lang='lat' dir='ltr'><strong>et</strong></span> <span class='ocrx_word' id='word_1_692' title='bbox 1264 4824 1326 4871; x_wconf 86' lang='lat' dir='ltr'><strong>ut</strong></span> <span class='ocrx_word' id='word_1_693' title='bbox 1386 4813 1614 4883; x_wconf 79' lang='lat' dir='ltr'><strong>triginta</strong></span> <span class='ocrx_word' id='word_1_694' title='bbox 1672 4827 1863 4869; x_wconf 84' lang='lat' dir='ltr'><strong>eorum</strong></span> <span class='ocrx_word' id='word_1_695' title='bbox 1923 4828 2081 4883; x_wconf 82' lang='lat' dir='ltr'><strong>rcges</strong></span> 
     </span>
    </p>
   </div>
   <div class='ocr_carea' id='block_1_94' title="bbox 2186 4813 3763 4890">
    <p class='ocr_par' dir='ltr' id='par_1_94' title="bbox 2186 4818 3763 4890">
     <span class='ocr_line' id='line_1_94' title="bbox 2186 4818 3763 4890; baseline 0.004 -19"><span class='ocrx_word' id='word_1_696' title='bbox 2186 4819 2278 4871; x_wconf 81' lang='grc' dir='ltr'>καὶ</span> <span class='ocrx_word' id='word_1_697' title='bbox 2311 4820 2435 4873; x_wconf 81' lang='grc' dir='ltr'>ὅσαι</span> <span class='ocrx_word' id='word_1_698' title='bbox 2475 4819 2585 4873; x_wconf 86' lang='grc' dir='ltr'><strong>τῶν</strong></span> <span class='ocrx_word' id='word_1_699' title='bbox 2612 4821 2877 4872; x_wconf 80' lang='grc' dir='ltr'>ἐναντίων</span> <span class='ocrx_word' id='word_1_700' title='bbox 2919 4818 3293 4890; x_wconf 75' lang='grc' dir='ltr'>διεφθάρησαν</span> <span class='ocrx_word' id='word_1_701' title='bbox 3343 4823 3614 4890; x_wconf 81' lang='grc' dir='ltr'>στρατιαὶ,</span> <span class='ocrx_word' id='word_1_702' title='bbox 3664 4825 3763 4878; x_wconf 79' lang='grc' dir='ltr'>καὶ</span> 
     </span>
    </p>
   </div>
   <div class='ocr_carea' id='block_1_95' title="bbox 500 4909 2083 4976">
    <p class='ocr_par' dir='ltr' id='par_1_95' title="bbox 500 4909 2083 4976">
     <span class='ocr_line' id='line_1_95' title="bbox 500 4909 2083 4976; baseline -0.009 -4"><span class='ocrx_word' id='word_1_703' title='bbox 500 4913 781 4973; x_wconf 87' lang='lat' dir='ltr'><strong>interfecti</strong></span> <span class='ocrx_word' id='word_1_704' title='bbox 823 4921 1029 4968; x_wconf 89' lang='lat' dir='ltr'><strong>essent.</strong></span> <span class='ocrx_word' id='word_1_705' title='bbox 1080 4909 1258 4966; x_wconf 86' lang='lat' dir='ltr'><strong>Urbes</strong></span> <span class='ocrx_word' id='word_1_706' title='bbox 1303 4916 1488 4962; x_wconf 87' lang='lat' dir='ltr'><strong>autem</strong></span> <span class='ocrx_word' id='word_1_707' title='bbox 1536 4921 1658 4974; x_wconf 67' lang='lat' dir='ltr'><strong>quae</strong></span> <span class='ocrx_word' id='word_1_708' title='bbox 1726 4914 2083 4976; x_wconf 84' lang='lat' dir='ltr'><strong>superessent</strong></span> 
     </span>
    </p>
   </div>
   <div class='ocr_carea' id='block_1_96' title="bbox 502 4996 2078 5071">
    <p class='ocr_par' dir='ltr' id='par_1_96' title="bbox 502 4996 2078 5071">
     <span class='ocr_line' id='line_1_96' title="bbox 502 4996 2078 5071; baseline -0.01 -6"><span class='ocrx_word' id='word_1_709' title='bbox 502 5006 942 5071; x_wconf 75' lang='lat' dir='ltr'><strong>munitissimae,</strong></span> <span class='ocrx_word' id='word_1_710' title='bbox 996 5003 1315 5059; x_wconf 87' lang='lat' dir='ltr'><strong>diuturnam</strong></span> <span class='ocrx_word' id='word_1_711' title='bbox 1388 4997 1668 5071; x_wconf 86' lang='lat' dir='ltr'><strong>postulare</strong></span> <span class='ocrx_word' id='word_1_712' title='bbox 1731 4996 2078 5053; x_wconf 85' lang='lat' dir='ltr'><strong>obsidionem</strong></span> 
     </span>
    </p>
   </div>
   <div class='ocr_carea' id='block_1_97' title="bbox 498 5089 2079 5168">
    <p class='ocr_par' dir='ltr' id='par_1_97' title="bbox 498 5089 2079 5168">
     <span class='ocr_line' id='line_1_97' title="bbox 498 5089 2079 5168; baseline -0.009 -10"><span class='ocrx_word' id='word_1_713' title='bbox 498 5098 802 5162; x_wconf 85' lang='lat' dir='ltr'><strong>asserebat,</strong></span> <span class='ocrx_word' id='word_1_714' title='bbox 823 5105 879 5154; x_wconf 88' lang='lat' dir='ltr'><strong>et</strong></span> <span class='ocrx_word' id='word_1_715' title='bbox 894 5093 1484 5168; x_wconf 83' lang='lat' dir='ltr'><strong>Transjordaninorum</strong></span> <span class='ocrx_word' id='word_1_716' title='bbox 1505 5089 1709 5146; x_wconf 78' lang='lat' dir='ltr'><strong>auxilia</strong></span> <span class='ocrx_word' id='word_1_717' title='bbox 1720 5090 1833 5162; x_wconf 87' lang='lat' dir='ltr'><strong>jam</strong></span> <span class='ocrx_word' id='word_1_718' title='bbox 1854 5090 2079 5145; x_wconf 88' lang='lat' dir='ltr'><strong>domum</strong></span> 
     </span>
    </p>
   </div>
   <div class='ocr_carea' id='block_1_98' title="bbox 501 5182 2082 5254">
    <p class='ocr_par' dir='ltr' id='par_1_98' title="bbox 501 5182 2082 5254">
     <span class='ocr_line' id='line_1_98' title="bbox 501 5182 2082 5254; baseline -0.009 -3"><span class='ocrx_word' id='word_1_719' title='bbox 501 5190 836 5251; x_wconf 88' lang='lat' dir='ltr'><strong>remittenda</strong></span> <span class='ocrx_word' id='word_1_720' title='bbox 885 5188 1169 5246; x_wconf 88' lang='lat' dir='ltr'><strong>censebat.</strong></span> <span class='ocrx_word' id='word_1_721' title='bbox 1204 5185 1432 5242; x_wconf 86' lang='lat' dir='ltr'><strong>Duabus</strong></span> <span class='ocrx_word' id='word_1_722' title='bbox 1486 5184 1657 5254; x_wconf 82' lang='lat' dir='ltr'><strong>igitur</strong></span> <span class='ocrx_word' id='word_1_723' title='bbox 1712 5182 1971 5238; x_wconf 88' lang='lat' dir='ltr'><strong>tribubus</strong></span> <span class='ocrx_word' id='word_1_724' title='bbox 2024 5189 2082 5237; x_wconf 92' lang='lat' dir='ltr'><strong>et</strong></span> 
     </span>
    </p>
   </div>
   <div class='ocr_carea' id='block_1_99' title="bbox 500 5275 2079 5356">
    <p class='ocr_par' dir='ltr' id='par_1_99' title="bbox 500 5275 2079 5356">
     <span class='ocr_line' id='line_1_99' title="bbox 500 5275 2079 5356; baseline -0.011 -9"><span class='ocrx_word' id='word_1_725' title='bbox 500 5286 742 5351; x_wconf 82' lang='lat' dir='ltr'><strong>scmissi,</strong></span> <span class='ocrx_word' id='word_1_726' title='bbox 772 5298 1008 5356; x_wconf 89' lang='lat' dir='ltr'><strong>quarum</strong></span> <span class='ocrx_word' id='word_1_727' title='bbox 1050 5280 1157 5337; x_wconf 87' lang='lat' dir='ltr'><strong>viri</strong></span> <span class='ocrx_word' id='word_1_728' title='bbox 1203 5288 1364 5335; x_wconf 87' lang='lat' dir='ltr'><strong>erant</strong></span> <span class='ocrx_word' id='word_1_729' title='bbox 1407 5276 1772 5346; x_wconf 82' lang='lat' dir='ltr'><strong>quinquagies</strong></span> <span class='ocrx_word' id='word_1_730' title='bbox 1806 5275 1981 5342; x_wconf 90' lang='lat' dir='ltr'><strong>mille,</strong></span> <span class='ocrx_word' id='word_1_731' title='bbox 2011 5275 2079 5330; x_wconf 89' lang='lat' dir='ltr'><strong>ad</strong></span> 
     </span>
    </p>
   </div>
   <div class='ocr_carea' id='block_1_100' title="bbox 498 5367 2080 5448">
    <p class='ocr_par' dir='ltr' id='par_1_100' title="bbox 498 5367 2080 5448">
     <span class='ocr_line' id='line_1_100' title="bbox 498 5367 2080 5448; baseline -0.01 -10"><span class='ocrx_word' id='word_1_732' title='bbox 498 5396 599 5439; x_wconf 85' lang='lat' dir='ltr'><strong>sua</strong></span> <span class='ocrx_word' id='word_1_733' title='bbox 617 5376 885 5437; x_wconf 86' lang='lat' dir='ltr'><strong>redeundi</strong></span> <span class='ocrx_word' id='word_1_734' title='bbox 901 5382 1228 5448; x_wconf 86' lang='lat' dir='ltr'><strong>potestatem</strong></span> <span class='ocrx_word' id='word_1_735' title='bbox 1251 5370 1402 5427; x_wconf 90' lang='lat' dir='ltr'><strong>facit.</strong></span> <span class='ocrx_word' id='word_1_736' title='bbox 1420 5371 1526 5437; x_wconf 89' lang='lat' dir='ltr'><strong>llli,</strong></span> <span class='ocrx_word' id='word_1_737' title='bbox 1541 5367 1780 5425; x_wconf 90' lang='lat' dir='ltr'><strong>Iordane</strong></span> <span class='ocrx_word' id='word_1_738' title='bbox 1801 5378 2080 5439; x_wconf 82' lang='lat' dir='ltr'><strong>superato,</strong></span> 
     </span>
    </p>
   </div>
   <div class='ocr_carea' id='block_1_101' title="bbox 500 5460 2080 5540">
    <p class='ocr_par' dir='ltr' id='par_1_101' title="bbox 500 5460 2080 5540">
     <span class='ocr_line' id='line_1_101' title="bbox 500 5460 2080 5540; baseline -0.009 -12"><span class='ocrx_word' id='word_1_739' title='bbox 500 5487 658 5529; x_wconf 85' lang='lat' dir='ltr'><strong>aram</strong></span> <span class='ocrx_word' id='word_1_740' title='bbox 704 5470 762 5526; x_wconf 90' lang='lat' dir='ltr'><strong>in</strong></span> <span class='ocrx_word' id='word_1_741' title='bbox 806 5471 927 5540; x_wconf 88' lang='lat' dir='ltr'><strong>ripa</strong></span> <span class='ocrx_word' id='word_1_742' title='bbox 966 5466 1335 5524; x_wconf 85' lang='lat' dir='ltr'><strong>constituunt.</strong></span> <span class='ocrx_word' id='word_1_743' title='bbox 1365 5462 1482 5530; x_wconf 88' lang='lat' dir='ltr'><strong>Qua</strong></span> <span class='ocrx_word' id='word_1_744' title='bbox 1519 5460 1588 5517; x_wconf 92' lang='lat' dir='ltr'><strong>de</strong></span> <span class='ocrx_word' id='word_1_745' title='bbox 1621 5474 1789 5515; x_wconf 88' lang='lat' dir='ltr'><strong>causa</strong></span> <span class='ocrx_word' id='word_1_746' title='bbox 1840 5460 2080 5514; x_wconf 90' lang='lat' dir='ltr'><strong>tumultu</strong></span> 
     </span>
    </p>
   </div>
   <div class='ocr_carea' id='block_1_102' title="bbox 505 5550 2081 5625">
    <p class='ocr_par' dir='ltr' id='par_1_102' title="bbox 505 5550 2081 5625">
     <span class='ocr_line' id='line_1_102' title="bbox 505 5550 2081 5625; baseline -0.011 -2"><span class='ocrx_word' id='word_1_747' title='bbox 505 5566 649 5623; x_wconf 87' lang='lat' dir='ltr'><strong>inter</strong></span> <span class='ocrx_word' id='word_1_748' title='bbox 674 5561 958 5620; x_wconf 85' lang='lat' dir='ltr'><strong>lsraelitas</strong></span> <span class='ocrx_word' id='word_1_749' title='bbox 976 5560 1240 5625; x_wconf 79' lang='lat' dir='ltr'><strong>excitato,</strong></span> <span class='ocrx_word' id='word_1_750' title='bbox 1262 5557 1455 5613; x_wconf 89' lang='lat' dir='ltr'><strong>decem</strong></span> <span class='ocrx_word' id='word_1_751' title='bbox 1482 5554 1783 5610; x_wconf 87' lang='lat' dir='ltr'><strong>honoratos</strong></span> <span class='ocrx_word' id='word_1_752' title='bbox 1800 5550 1952 5607; x_wconf 88' lang='lat' dir='ltr'><strong>viros</strong></span> <span class='ocrx_word' id='word_1_753' title='bbox 1972 5567 2081 5606; x_wconf 91' lang='lat' dir='ltr'><strong>una</strong></span> 
     </span>
    </p>
   </div>
   <div class='ocr_carea' id='block_1_103' title="bbox 504 5645 2080 5724">
    <p class='ocr_par' dir='ltr' id='par_1_103' title="bbox 504 5645 2080 5724">
     <span class='ocr_line' id='line_1_103' title="bbox 504 5645 2080 5724; baseline -0.011 -11"><span class='ocrx_word' id='word_1_754' title='bbox 504 5671 631 5713; x_wconf 92' lang='lat' dir='ltr'><strong>cum</strong></span> <span class='ocrx_word' id='word_1_755' title='bbox 687 5654 896 5711; x_wconf 87' lang='lat' dir='ltr'><strong>Phinee</strong></span> <span class='ocrx_word' id='word_1_756' title='bbox 949 5652 1160 5724; x_wconf 86' lang='lat' dir='ltr'><strong>legatos</strong></span> <span class='ocrx_word' id='word_1_757' title='bbox 1212 5649 1477 5712; x_wconf 89' lang='lat' dir='ltr'><strong>mittunt,</strong></span> <span class='ocrx_word' id='word_1_758' title='bbox 1528 5645 1600 5701; x_wconf 88' lang='lat' dir='ltr'><strong>de</strong></span> <span class='ocrx_word' id='word_1_759' title='bbox 1649 5660 1743 5700; x_wconf 86' lang='lat' dir='ltr'><strong>ara</strong></span> <span class='ocrx_word' id='word_1_760' title='bbox 1800 5652 2080 5699; x_wconf 79' lang='lat' dir='ltr'><strong>exstructa</strong></span> 
     </span>
    </p>
   </div>
   <div class='ocr_carea' id='block_1_104' title="bbox 501 5736 2082 5820">
    <p class='ocr_par' dir='ltr' id='par_1_104' title="bbox 501 5736 2082 5820">
     <span class='ocr_line' id='line_1_104' title="bbox 501 5736 2082 5820; baseline -0.008 -16"><span class='ocrx_word' id='word_1_761' title='bbox 501 5747 936 5820; x_wconf 58' lang='grc' dir='ltr'>τινυειιιισιιιεε.</span> <span class='ocrx_word' id='word_1_762' title='bbox 965 5746 1054 5802; x_wconf 84' lang='lat' dir='ltr'><strong>Illi</strong></span> <span class='ocrx_word' id='word_1_763' title='bbox 1099 5760 1212 5802; x_wconf 85' lang='lat' dir='ltr'><strong>non</strong></span> <span class='ocrx_word' id='word_1_764' title='bbox 1254 5757 1442 5800; x_wconf 87' lang='lat' dir='ltr'><strong>rerum</strong></span> <span class='ocrx_word' id='word_1_765' title='bbox 1476 5740 1858 5794; x_wconf 86' lang='lat' dir='ltr'><strong>novandarum</strong></span> <span class='ocrx_word' id='word_1_766' title='bbox 1895 5736 2082 5792; x_wconf 90' lang='lat' dir='ltr'><strong>studio</strong></span> 
     </span>
    </p>
   </div>
   <div class='ocr_carea' id='block_1_105' title="bbox 497 5825 2080 5907">
    <p class='ocr_par' dir='ltr' id='par_1_105' title="bbox 497 5825 2080 5907">
     <span class='ocr_line' id='line_1_105' title="bbox 497 5825 2080 5907; baseline -0.006 -13"><span class='ocrx_word' id='word_1_767' title='bbox 497 5856 559 5894; x_wconf 86' lang='lat' dir='ltr'><strong>se</strong></span> <span class='ocrx_word' id='word_1_768' title='bbox 604 5848 758 5896; x_wconf 71' lang='lat' dir='ltr'><strong>arant</strong></span> <span class='ocrx_word' id='word_1_769' title='bbox 804 5836 1002 5894; x_wconf 89' lang='lat' dir='ltr'><strong>fecisse</strong></span> <span class='ocrx_word' id='word_1_770' title='bbox 1045 5833 1422 5907; x_wconf 87' lang='lat' dir='ltr'><strong>respondent,</strong></span> <span class='ocrx_word' id='word_1_771' title='bbox 1462 5830 1562 5887; x_wconf 86' lang='lat' dir='ltr'><strong>sed</strong></span> <span class='ocrx_word' id='word_1_772' title='bbox 1609 5838 1670 5883; x_wconf 90' lang='lat' dir='ltr'><strong>ut</strong></span> <span class='ocrx_word' id='word_1_773' title='bbox 1727 5825 2080 5886; x_wconf 81' lang='lat' dir='ltr'><strong>monimento</strong></span> 
     </span>
    </p>
   </div>
   <div class='ocr_carea' id='block_1_106' title="bbox 2182 4910 3764 4984">
    <p class='ocr_par' dir='ltr' id='par_1_106' title="bbox 2182 4910 3764 4984">
     <span class='ocr_line' id='line_1_106' title="bbox 2182 4910 3764 4984; baseline 0.004 -22"><span class='ocrx_word' id='word_1_774' title='bbox 2182 4910 2258 4975; x_wconf 82' lang='grc' dir='ltr'>ὡς</span> <span class='ocrx_word' id='word_1_775' title='bbox 2284 4912 2576 4982; x_wconf 83' lang='grc' dir='ltr'>τριάκοντα</span> <span class='ocrx_word' id='word_1_776' title='bbox 2604 4912 2845 4983; x_wconf 81' lang='grc' dir='ltr'>βασιλεῖς</span> <span class='ocrx_word' id='word_1_777' title='bbox 2877 4911 3059 4966; x_wconf 81' lang='grc' dir='ltr'>αὐτῶν</span> <span class='ocrx_word' id='word_1_778' title='bbox 3082 4913 3529 4984; x_wconf 67' lang='grc' dir='ltr'>ἀπεκτάνθησαν.</span> <span class='ocrx_word' id='word_1_779' title='bbox 3564 4914 3676 4978; x_wconf 82' lang='grc' dir='ltr'><strong>Τὰς</strong></span> <span class='ocrx_word' id='word_1_780' title='bbox 3705 4915 3764 4969; x_wconf 80' lang='grc' dir='ltr'>δὲ</span> 
     </span>
    </p>
   </div>
   <div class='ocr_carea' id='block_1_107' title="bbox 2185 5002 3760 5075">
    <p class='ocr_par' dir='ltr' id='par_1_107' title="bbox 2185 5002 3760 5075">
     <span class='ocr_line' id='line_1_107' title="bbox 2185 5002 3760 5075; baseline 0.003 -18"><span class='ocrx_word' id='word_1_781' title='bbox 2185 5004 2632 5073; x_wconf 73' lang='grc' dir='ltr'>περιλειφθείσας</span> <span class='ocrx_word' id='word_1_782' title='bbox 2664 5003 2746 5057; x_wconf 83' lang='grc' dir='ltr'><strong>ἐτι</strong></span> <span class='ocrx_word' id='word_1_783' title='bbox 2787 5004 2973 5067; x_wconf 88' lang='grc' dir='ltr'>πόλεις</span> <span class='ocrx_word' id='word_1_784' title='bbox 3022 5002 3379 5075; x_wconf 83' lang='grc' dir='ltr'>πολυχρονίου</span> <span class='ocrx_word' id='word_1_785' title='bbox 3419 5004 3629 5059; x_wconf 86' lang='grc' dir='ltr'>δεῖσθαι</span> <span class='ocrx_word' id='word_1_786' title='bbox 3660 5024 3760 5062; x_wconf 81' lang='grc' dir='ltr'>πο-</span> 
     </span>
    </p>
   </div>
   <div class='ocr_carea' id='block_1_108' title="bbox 2183 5094 3765 5169">
    <p class='ocr_par' dir='ltr' id='par_1_108' title="bbox 2183 5094 3765 5169">
     <span class='ocr_line' id='line_1_108' title="bbox 2183 5094 3765 5169; baseline 0.002 -21"><span class='ocrx_word' id='word_1_787' title='bbox 2183 5095 2428 5166; x_wconf 83' lang='grc' dir='ltr'>λιορκίας</span> <span class='ocrx_word' id='word_1_788' title='bbox 2455 5094 2525 5149; x_wconf 84' lang='grc' dir='ltr'>δι’</span> <span class='ocrx_word' id='word_1_789' title='bbox 2556 5095 2864 5165; x_wconf 79' lang='grc' dir='ltr'>ὀχυρότητα</span> <span class='ocrx_word' id='word_1_790' title='bbox 2901 5095 3080 5164; x_wconf 73' lang='grc' dir='ltr'>ἔλεγε,</span> <span class='ocrx_word' id='word_1_791' title='bbox 3108 5096 3203 5149; x_wconf 77' lang='grc' dir='ltr'>καὶ</span> <span class='ocrx_word' id='word_1_792' title='bbox 3232 5095 3386 5166; x_wconf 80' lang='grc' dir='ltr'>ἠξίου</span> <span class='ocrx_word' id='word_1_793' title='bbox 3411 5098 3537 5159; x_wconf 84' lang='grc' dir='ltr'>τοὺς</span> <span class='ocrx_word' id='word_1_794' title='bbox 3566 5099 3633 5150; x_wconf 82' lang='grc' dir='ltr'><strong>ἐκ</strong></span> <span class='ocrx_word' id='word_1_795' title='bbox 3660 5101 3765 5169; x_wconf 84' lang='grc' dir='ltr'>τῆς</span> 
     </span>
    </p>
   </div>
   <div class='ocr_carea' id='block_1_109' title="bbox 2183 5188 3761 5260">
    <p class='ocr_par' dir='ltr' id='par_1_109' title="bbox 2183 5188 3761 5260">
     <span class='ocr_line' id='line_1_109' title="bbox 2183 5188 3761 5260; baseline 0.001 -19"><span class='ocrx_word' id='word_1_796' title='bbox 2183 5189 2422 5259; x_wconf 85' lang='grc' dir='ltr'>περαίας</span> <span class='ocrx_word' id='word_1_797' title='bbox 2472 5188 2568 5241; x_wconf 85' lang='grc' dir='ltr'><strong>τοῦ</strong></span> <span class='ocrx_word' id='word_1_798' title='bbox 2636 5188 2903 5259; x_wconf 83' lang='grc' dir='ltr'>Ἰορδάνου</span> <span class='ocrx_word' id='word_1_799' title='bbox 2964 5190 3482 5260; x_wconf 77' lang='grc' dir='ltr'>συνεξορμήσαντας</span> <span class='ocrx_word' id='word_1_800' title='bbox 3538 5191 3761 5257; x_wconf 87' lang='grc' dir='ltr'>αὐτοῖς,</span> 
     </span>
    </p>
   </div>
   <div class='ocr_carea' id='block_1_110' title="bbox 2181 5276 3762 5351">
    <p class='ocr_par' dir='ltr' id='par_1_110' title="bbox 2181 5276 3762 5351">
     <span class='ocr_line' id='line_1_110' title="bbox 2181 5276 3762 5351; baseline 0 -18"><span class='ocrx_word' id='word_1_801' title='bbox 2181 5277 2444 5333; x_wconf 80' lang='grc' dir='ltr'>ἀπολύειν</span> <span class='ocrx_word' id='word_1_802' title='bbox 2470 5277 2571 5348; x_wconf 65' lang='grc' dir='ltr'>ἤδη</span> <span class='ocrx_word' id='word_1_803' title='bbox 2609 5277 2742 5348; x_wconf 79' lang='grc' dir='ltr'>πρὸς</span> <span class='ocrx_word' id='word_1_804' title='bbox 2776 5276 2847 5331; x_wconf 82' lang='grc' dir='ltr'>τὰ</span> <span class='ocrx_word' id='word_1_805' title='bbox 2871 5277 3072 5332; x_wconf 71' lang='grc' dir='ltr'>οἰκεῖα.</span> <span class='ocrx_word' id='word_1_806' title='bbox 3103 5277 3213 5331; x_wconf 78' lang='grc' dir='ltr'><strong>Καὶ</strong></span> <span class='ocrx_word' id='word_1_807' title='bbox 3244 5276 3762 5351; x_wconf 83' lang='grc' dir='ltr'>προσκαλεσάμενος</span> 
     </span>
    </p>
   </div>
   <div class='ocr_carea' id='block_1_111' title="bbox 2182 5368 3763 5440">
    <p class='ocr_par' dir='ltr' id='par_1_111' title="bbox 2182 5368 3763 5440">
     <span class='ocr_line' id='line_1_111' title="bbox 2182 5368 3763 5440; baseline 0 -16"><span class='ocrx_word' id='word_1_808' title='bbox 2182 5370 2309 5434; x_wconf 84' lang='grc' dir='ltr'>τοὺς</span> <span class='ocrx_word' id='word_1_809' title='bbox 2331 5371 2398 5423; x_wconf 85' lang='grc' dir='ltr'><strong>ἐκ</strong></span> <span class='ocrx_word' id='word_1_810' title='bbox 2427 5370 2538 5423; x_wconf 86' lang='grc' dir='ltr'><strong>τῶν</strong></span> <span class='ocrx_word' id='word_1_811' title='bbox 2561 5368 2655 5423; x_wconf 88' lang='grc' dir='ltr'><strong>δύο</strong></span> <span class='ocrx_word' id='word_1_812' title='bbox 2685 5369 2892 5440; x_wconf 74' lang='grc' dir='ltr'>φυλῶν,</span> <span class='ocrx_word' id='word_1_813' title='bbox 2917 5369 3132 5439; x_wconf 77' lang='grc' dir='ltr'>καὶτῆς</span> <span class='ocrx_word' id='word_1_814' title='bbox 3159 5369 3443 5440; x_wconf 80' lang='grc' dir='ltr'>ἡμισείας,</span> <span class='ocrx_word' id='word_1_815' title='bbox 3460 5386 3763 5425; x_wconf 83' lang='grc' dir='ltr'>πεντακισ-</span> 
     </span>
    </p>
   </div>
   <div class='ocr_carea' id='block_1_112' title="bbox 2186 5459 3764 5534">
    <p class='ocr_par' dir='ltr' id='par_1_112' title="bbox 2186 5459 3764 5534">
     <span class='ocr_line' id='line_1_112' title="bbox 2186 5459 3764 5534; baseline 0 -19"><span class='ocrx_word' id='word_1_816' title='bbox 2186 5463 2418 5534; x_wconf 86' lang='grc' dir='ltr'>μυρίους</span> <span class='ocrx_word' id='word_1_817' title='bbox 2458 5460 2640 5528; x_wconf 81' lang='grc' dir='ltr'>ϐντας,</span> <span class='ocrx_word' id='word_1_818' title='bbox 2678 5461 2816 5531; x_wconf 84' lang='grc' dir='ltr'>πρὸς</span> <span class='ocrx_word' id='word_1_819' title='bbox 2839 5460 2940 5524; x_wconf 86' lang='grc' dir='ltr'><strong>τὰς</strong></span> <span class='ocrx_word' id='word_1_820' title='bbox 2965 5459 3302 5532; x_wconf 88' lang='grc' dir='ltr'>κληρουχίας</span> <span class='ocrx_word' id='word_1_821' title='bbox 3327 5460 3509 5515; x_wconf 80' lang='grc' dir='ltr'>αὐτῶν</span> <span class='ocrx_word' id='word_1_822' title='bbox 3531 5462 3764 5533; x_wconf 82' lang='grc' dir='ltr'>ἐπέτρε-</span> 
     </span>
    </p>
   </div>
   <div class='ocr_carea' id='block_1_113' title="bbox 2185 5552 3761 5625">
    <p class='ocr_par' dir='ltr' id='par_1_113' title="bbox 2185 5552 3761 5625">
     <span class='ocr_line' id='line_1_113' title="bbox 2185 5552 3761 5625; baseline 0 -17"><span class='ocrx_word' id='word_1_823' title='bbox 2185 5571 2286 5608; x_wconf 87' lang='grc' dir='ltr'><strong>πεν</strong></span> <span class='ocrx_word' id='word_1_824' title='bbox 2319 5553 2596 5609; x_wconf 83' lang='grc' dir='ltr'>ἀπελθεῖν.</span> <span class='ocrx_word' id='word_1_825' title='bbox 2629 5554 2692 5608; x_wconf 81' lang='lat' dir='ltr'><strong>Ui</strong></span> <span class='ocrx_word' id='word_1_826' title='bbox 2713 5553 2770 5608; x_wconf 81' lang='grc' dir='ltr'>δὲ</span> <span class='ocrx_word' id='word_1_827' title='bbox 2793 5553 3083 5617; x_wconf 86' lang='grc' dir='ltr'>διαϐάντες</span> <span class='ocrx_word' id='word_1_828' title='bbox 3111 5552 3206 5608; x_wconf 86' lang='grc' dir='ltr'><strong>τδν</strong></span> <span class='ocrx_word' id='word_1_829' title='bbox 3253 5552 3548 5625; x_wconf 82' lang='grc' dir='ltr'>Ἰορδάνην,</span> <span class='ocrx_word' id='word_1_830' title='bbox 3573 5553 3761 5625; x_wconf 73' lang='grc' dir='ltr'>βωμὸν</span> 
     </span>
    </p>
   </div>
   <div class='ocr_carea' id='block_1_114' title="bbox 2183 5645 3761 5720">
    <p class='ocr_par' dir='ltr' id='par_1_114' title="bbox 2183 5645 3761 5720">
     <span class='ocr_line' id='line_1_114' title="bbox 2183 5645 3761 5720; baseline -0.002 -18"><span class='ocrx_word' id='word_1_831' title='bbox 2183 5648 2280 5703; x_wconf 75' lang='grc' dir='ltr'>ἐπὶ</span> <span class='ocrx_word' id='word_1_832' title='bbox 2305 5650 2372 5719; x_wconf 76' lang='grc' dir='ltr'>τῇ</span> <span class='ocrx_word' id='word_1_833' title='bbox 2413 5646 2550 5720; x_wconf 80' lang='grc' dir='ltr'>δχθῃ</span> <span class='ocrx_word' id='word_1_834' title='bbox 2586 5647 2879 5719; x_wconf 70' lang='grc' dir='ltr'>ἱδρύονται.</span> <span class='ocrx_word' id='word_1_835' title='bbox 2920 5648 2988 5701; x_wconf 78' lang='grc'><strong>’0</strong></span> <span class='ocrx_word' id='word_1_836' title='bbox 3021 5645 3254 5719; x_wconf 89' lang='grc' dir='ltr'>θόρυϐον</span> <span class='ocrx_word' id='word_1_837' title='bbox 3278 5647 3356 5719; x_wconf 87' lang='grc' dir='ltr'><strong>τῷ</strong></span> <span class='ocrx_word' id='word_1_838' title='bbox 3406 5648 3602 5718; x_wconf 81' lang='grc' dir='ltr'>πλῆθει</span> <span class='ocrx_word' id='word_1_839' title='bbox 3648 5645 3761 5699; x_wconf 83' lang='grc' dir='ltr'>τῶν</span> 
     </span>
    </p>
   </div>
   <div class='ocr_carea' id='block_1_115' title="bbox 2195 5734 3763 5810">
    <p class='ocr_par' dir='ltr' id='par_1_115' title="bbox 2195 5734 3763 5810">
     <span class='ocr_line' id='line_1_115' title="bbox 2195 5734 3763 5810; baseline -0.001 -19"><span class='ocrx_word' id='word_1_840' title='bbox 2195 5739 2547 5810; x_wconf 84' lang='grc' dir='ltr'>Ἰσραηλιτῶν</span> <span class='ocrx_word' id='word_1_841' title='bbox 2587 5738 2895 5809; x_wconf 78' lang='grc' dir='ltr'>ἐνεποίησε.</span> <span class='ocrx_word' id='word_1_842' title='bbox 2929 5738 3251 5808; x_wconf 72' lang='grc' dir='ltr'>Πέμπουσιν</span> <span class='ocrx_word' id='word_1_843' title='bbox 3288 5734 3383 5793; x_wconf 82' lang='grc' dir='ltr'><strong>οῦν</strong></span> <span class='ocrx_word' id='word_1_844' title='bbox 3429 5736 3519 5793; x_wconf 84' lang='grc' dir='ltr'>ἐπ’</span> <span class='ocrx_word' id='word_1_845' title='bbox 3563 5737 3763 5802; x_wconf 80' lang='grc' dir='ltr'>αὐτοὺς</span> 
     </span>
    </p>
   </div>
   <div class='ocr_carea' id='block_1_116' title="bbox 2183 5828 3761 5904">
    <p class='ocr_par' dir='ltr' id='par_1_116' title="bbox 2183 5828 3761 5904">
     <span class='ocr_line' id='line_1_116' title="bbox 2183 5828 3761 5904; baseline -0.001 -20"><span class='ocrx_word' id='word_1_846' title='bbox 2183 5829 2316 5885; x_wconf 83' lang='grc' dir='ltr'>δέκα</span> <span class='ocrx_word' id='word_1_847' title='bbox 2348 5828 2458 5887; x_wconf 84' lang='grc' dir='ltr'><strong>τῶν</strong></span> <span class='ocrx_word' id='word_1_848' title='bbox 2490 5829 2753 5903; x_wconf 84' lang='grc' dir='ltr'>ἐντίμων,</span> <span class='ocrx_word' id='word_1_849' title='bbox 2783 5829 2879 5885; x_wconf 76' lang='grc' dir='ltr'>καὶ</span> <span class='ocrx_word' id='word_1_850' title='bbox 2916 5830 3123 5900; x_wconf 65' lang='grc' dir='ltr'>Φινεὲς,</span> <span class='ocrx_word' id='word_1_851' title='bbox 3156 5830 3474 5904; x_wconf 73' lang='grc' dir='ltr'>αἰτιώμενοι</span> <span class='ocrx_word' id='word_1_852' title='bbox 3506 5831 3638 5902; x_wconf 81' lang='grc' dir='ltr'>περὶ</span> <span class='ocrx_word' id='word_1_853' title='bbox 3663 5829 3761 5884; x_wconf 82' lang='grc' dir='ltr'><strong>τοῦ</strong></span> 
     </span>
    </p>
   </div>
  </div>
