4098 6466
373 413 481 473 109

1681 409 2088 471 ANNALIUM
2131 409 2278 469 LIB.
2321 409 2371 468 Ι.

3538 405 3640 468 1ὶο

373 524 588 598 βωμοῦ.
619 526 685 578 Ol
717 524 777 578 δὲ
811 522 889 596 μὴ
928 524 1069 580 κατά
1117 524 1486 596 νεωτερισμδν
1520 529 1830 596 ἀναστῆσαι
1863 527 1958 579 τὸν

2073 533 2207 578 asset
2253 520 2490 594 posteris
2547 519 2973 574 necessitudinis
3012 520 3164 589 ejus,
3203 534 3324 589 qua:
3362 519 3468 574 sibi
3512 537 3638 576 cum

373 619 558 690 βωμὸν
601 617 813 684 ελεγον,
853 618 934 679 είς
968 616 1024 668 δὲ
1061 618 1363 688 τεκμήριον
1389 619 1501 680 τοῖς
1529 615 1658 684 ἑξῆς
1687 621 1787 686 τῆς
1820 617 1958 688 πρὸς

374 713 521 781 ὑμᾶς
571 709 936 777 οἰκειότητος.
977 708 1113 761 Ἕνα
1158 709 1269 779 γὰρ
1309 707 1445 762 Θεὸν
1495 709 1812 776 γινώσκειν,
1866 709 1957 762 τὸν

377 804 631 871 σύμπασι
681 802 799 863 τοῖς
845 799 1124 870 Ἑϐραίοις
1165 800 1370 855 κοινόν.
1427 799 1615 855 Ταῦτα
1669 803 1956 870 εἰπόντων,

373 895 559 956 Φινεὲς
585 895 680 948 καὶ
719 895 770 945 οί
811 893 909 945 σὺν
939 892 1089 960 αύτῷ
1121 892 1259 961 πρὸς
1288 892 1378 945 τὸν
1415 893 1625 963 Ἰησοῦν
1657 894 1962 963 ὖπενόστη-

377 1005 501 1040 σαν.
544 986 752 1053 Ἰησοῦς
780 985 836 1037 δὲ
867 984 1275 1054 κληροδοτήσας
1303 984 1384 1054 τῷ
1414 983 1610 1054 πλήθει
1643 985 1741 1048 τὰς
1774 984 1959 1056 χώρας

374 1078 436 1128 ὲν
479 1077 728 1145 Σικίμοις
775 1074 985 1144 διῆγεν.
1039 1071 1383 1143 Ὑπὲργηρος
1430 1073 1488 1125 δὲ
1537 1072 1805 1142 γεγονὼς,
1864 1075 1961 1128 καὶ

374 1173 632 1242 Θνήσκειν
664 1168 764 1238 ἧδη
793 1166 1026 1237 μέλλων,
1059 1166 1386 1236 παραίνεσιν
1415 1166 1710 1237 ἐποιήσατο
1744 1165 1880 1236 πρὸς
1902 1167 1962 1220 τὸ

375 1264 606 1334 πλῆθος,
649 1261 747 1314 καὶ
788 1257 1135 1328 ἐτελεύτησε,
1169 1257 1318 1328 βιοὺς
1349 1257 1444 1327 ἔτη
1476 1257 1672 1310 ἑκατὸν
1701 1257 1855 1320 δέκα,
1887 1250 1962 1310 ὧν

373 1354 477 1407 σὺν
533 1351 766 1406 Μωῢσεῖ
810 1348 1057 1420 διέτριψε
1090 1348 1532 1419 τεσσαράκοντα,
1568 1348 1709 1418 μετά
1756 1348 1812 1400 δὲ
1862 1350 1962 1418 τὴν

374 1446 589 1500 ἐκείνου
620 1443 880 1513 τελευτὴν
908 1441 1232 1512 στρατηγῶν
1270 1441 1438 1494 πέντε
1469 1441 1564 1493 καὶ
1589 1440 1788 1494 εἴκοσι.
1819 1440 1963 1510 Θνή-

375 1557 500 1594 σκει
554 1539 612 1591 δὲ
651 1537 748 1590 καὶ
793 1538 819 1590 ὁ
853 1536 1149 1606 ἀρχιερεὺς
1190 1533 1482 1605 Ἐλεάζαρ,
1514 1535 1702 1596 Φινεὲς
1741 1533 1820 1604 τῷ
1861 1533 1965 1604 υ*ίῴ

376 1633 474 1703 τὴν
502 1629 917 1702 ἀρχιερωσύνην
947 1625 1144 1680 λιπών.
1174 1626 1328 1679 Μετά
1355 1627 1412 1679 δὲ
1432 1624 1625 1691 ταῦτα,
1665 1627 1964 1679 Χαναναῖοι

375 1725 699 1786 ἐλπίσαντες
727 1719 1116 1791 περιγενέσθαι
1164 1718 1258 1772 τοῦ
1306 1718 1414 1771 τῶν
1451 1717 1721 1789 Ἐϐραίων
1753 1719 1962 1787 γένους,

375 1820 630 1880 θανόντος
697 1813 901 1885 Ἰησοῦ,
956 1813 1080 1866 κατ’
1123 1812 1310 1866 αὐτῶν
1366 1812 1833 1882 ἐπεστράτευσαν,
1886 1811 1966 1881 τῷ

377 1909 594 1979 βασιλεῖ
655 1903 1018 1968 Ἀδωνιϐεζὲκ
1049 1903 1149 1976 τὴν
1193 1903 1495 1973 ἠγεμονίαν
1549 1904 1964 1967 πιστεύσαντες.

376 2002 538 2070 Δηλοί
559 1999 618 2054 δὲ
643 1999 702 2053 τὸ
722 1999 896 2068 ὄνομα
915 1996 1134 2065 Κύριος
1161 1995 1347 2060 Βεζέκ.
1386 1995 1596 2050 Ἀδωνὶ
1618 1995 1966 2068 γάρἘσραῖ-

376 2093 465 2146 στὶ
496 2092 688 2160 κύριος
716 2089 956 2157 λέγεται.
989 2085 1343 2157 Συμμίξασαι
1382 2085 1440 2139 δὲ
1483 2091 1598 2150 τοῖς
1638 2087 1968 2151 Χαναναίοις

377 2187 432 2238 ai
458 2183 553 2236 δύο
581 2181 771 2251 φυλαὶ,
801 2183 834 2252 ἡ
868 2180 963 2235 τοῦ
1011 2179 1185 2234 Ἰούδα
1221 2179 1375 2250 καὶὴ
1409 2178 1506 2232 τοῦ
1553 2180 1802 2249 Συμεὼν,
1843 2181 1968 2252 τρέ-

378 2293 576 2330 πονται
609 2274 838 2337 αὐτοὺς,
872 2273 970 2326 καὶ
1009 2272 1103 2325 τὸν
1163 2271 1522 2336 Ἀδωνιϐεζὲκ
1577 2271 1820 2342 αἱροῦσι,
1870 2274 1967 2329 καὶ

378 2366 924 2438 ἀκρωτηριάςουσιν.
956 2361 1114 2418 Είλον
1156 2362 1214 2416 δὲ
1259 2363 1354 2416 καὶ
1398 2363 1588 2426 πόλεις
1617 2365 1840 2428 πολλὰς,
1873 2364 1968 2419 καὶ

378 2461 489 2512 τῶν
532 2456 925 2530 Ἰεροσολύμων
965 2455 1068 2527 τὴν
1117 2455 1273 2510 κάτω
1337 2455 1516 2521 πόλιν,
1549 2457 1799 2520 καὶτοὺς
1825 2459 1968 2510 ὲνοι-

378 2550 615 2612 κοῦντας
646 2548 999 2601 ἀπέκτειναν.
1039 2545 1154 2615 Τῆς
1183 2544 1231 2601 δ’
1272 2543 1384 2600 ἄνω
1417 2545 1686 2616 δυσχερὴς
1711 2540 1781 2616 ἦν
1807 2547 1840 2615 ή
1870 2563 1970 2599 πο-

379 2645 618 2714 λιορκία,
651 2642 815 2710 φύσει
837 2658 898 2694 τε
926 2640 1024 2694 τοῦ
1058 2638 1286 2711 χωρίου,
1318 2639 1414 2693 καὶ
1434 2639 1632 2710 τειχῶν
1653 2639 1965 2710 ὀχυρότητι.

392 2739 641 2799 Ἐλόντες
666 2735 721 2788 δὲ
751 2736 847 2787 καὶ
871 2734 973 2804 τὴν
1008 2732 1260 2804 Χεϐρὼν.
1310 2732 1559 2796 ἅπαντας
1589 2733 1969 2805 διεχρήσαντο,

383 2830 479 2881 καὶ
530 2827 743 2879 ἔδωκαν
799 2826 970 2895 αὐτὴν
1017 2825 1096 2896 τῷ
1129 2824 1314 2878 Χάλεϐ
1374 2825 1457 2890 είς
1507 2825 1734 2896 κλῆρον,
1784 2825 1971 2891 καθὼς

2061 617 2170 670 illis
2191 614 2583 669 intercederet.
2606 614 2784 670 Unum
2810 613 2956 666 enim
2979 626 3100 666 sese
3123 612 3292 666 Deum
3316 627 3634 682 agnoscere,

2059 707 2319 763 omnibus
2347 705 2595 762 Hebreis
2629 720 3002 761 communem.
3039 705 3132 758 liis
3155 705 3379 768 auditis,
3405 704 3640 760 Phinees

2059 817 2184 857 cum
2231 802 2346 858 suis
2379 801 2446 855 ad
2477 801 2663 856 Jesum
2704 799 3022 854 revertitur.
3069 798 3121 853 ls
3159 799 3444 868 provincia
3491 808 3640 854 sorte

2061 894 2209 948 inter
2254 893 2521 964 populum
2569 891 2904 957 distributa",
2956 891 3176 946 Sicimis
3228 891 3463 960 degebat
3509 909 3524 944 :
3577 909 3642 944 ac:

2063 989 2219 1043 senio
2251 987 2560 1053 confectus,
2585 995 2641 1042 et
2668 987 2894 1058 jamjam
2929 987 3260 1050 moriturus,
3298 986 3503 1056 populo
3531 985 3644 1057 48

2063 1078 2224 1134 oﬂicii
2255 1079 2560 1142 admonito,
2597 1078 2737 1144 obit,
2777 1093 2905 1132 cum
2945 1093 3121 1132 annos
3154 1079 3386 1132 vixisset
3420 1088 3640 1132 centum

2062 1181 2118 1227 et
2144 1171 2359 1232 decem,
2392 1186 2629 1240 quorum
2661 1186 2786 1225 cum
2819 1169 2968 1224 Mose
3002 1177 3253 1225 versatus
3291 1169 3473 1224 fuerat
3503 1187 3643 1240 qua-

2063 1265 2338 1336 draginta,
2375 1275 2431 1318 ct
2475 1272 2597 1334 post
2630 1265 2751 1335 ejus
2795 1263 3010 1318 obitum
3065 1264 3370 1318 exercitum
3411 1263 3644 1318 duxerat

2063 1357 2308 1428 quinque
2337 1367 2394 1411 et
2430 1357 2639 1427 viginti.
2669 1356 2905 1410 Moritur
2945 1364 3000 1411 et
3045 1357 3342 1411 Eleazarus
3375 1357 3641 1426 pontifex.

2066 1450 2180 1505 filio
2226 1449 2422 1504 Phinei
2464 1448 2775 1504 sacerdotio
2823 1449 3044 1503 relicto.
3080 1447 3211 1502 Post
3255 1447 3467 1502 obitum
3514 1448 3643 1503 Jesu

2064 1542 2378 1606 Chananaai,
2405 1542 2584 1609 gentis
2608 1542 2851 1596 llcbrmze
2885 1541 3209 1610 superandze
3239 1555 3333 1609 spe
3356 1548 3643 1609 concepta,

2066 1635 2271 1690 bellum
2324 1633 2566 1698 faciunt,
2617 1633 3001 1688 Adonibczeco
3053 1632 3385 1696 imperatore
3434 1642 3647 1700 creato,

2067 1724 2215 1794 quod
2244 1739 2444 1778 nomen
2477 1722 2723 1778 chrzeis
2754 1722 2948 1776 Bczeci
2979 1721 3265 1776 dominum
3299 1731 3478 1777 sonat.
3507 1721 3644 1777 Cum

2069 1817 2159 1872 his
2188 1817 2310 1871 dum
2363 1816 2563 1882 tribus,
2595 1815 2822 1870 Judaica
2870 1825 2928 1870 et
2972 1815 3285 1885 Symeonia,
3317 1829 3644 1885 congressae,

2069 1909 2128 1964 in
2176 1909 2360 1980 fugam
2403 1916 2630 1962 vertunt
2677 1907 2888 1972 hostes,
2928 1905 3376 1960 Adonibezecum
3425 1914 3646 1977 captum

2070 2005 2350 2059 mutilant.
2384 2003 2552 2058 Multa
2587 2003 2718 2057 item
2754 2001 2954 2070 oppida
2984 2015 3202 2070 cepere,
3235 2009 3292 2054 et
3326 1999 3648 2055 inferiorem

2071 2095 2576 2168 Hierosolymorum
2653 2093 2890 2160 urbem,
2955 2091 3365 2147 habitatoribus
3425 2092 3648 2147 occisis.

2072 2189 2273 2246 Verum
2320 2187 2623 2259 superioris
2667 2185 2908 2242 dillicilis
2946 2192 3067 2239 erat
3111 2184 3349 2250 obsidio,
3389 2191 3498 2238 tam
3540 2185 3648 2240 situ

2070 2297 2234 2352 quam
2309 2279 2588 2336 mmnibus
2651 2276 3004 2348 permunilze.
3061 2275 3411 2330 Chebronem
3480 2275 3649 2331 etiam

2070 2383 2324 2444 captam,
2383 2372 2600 2428 civibus
2648 2369 3000 2432 interfectis,
3062 2367 3268 2424 Caleho
3331 2368 3386 2422 in
3444 2377 3651 2423 sortem

2070 2467 2385 2529 dederunt,
2438 2473 2499 2519 ut
2546 2465 2837 2519 mandarat
2891 2464 3088 2519 Moses.
3137 2463 3385 2519 Jothoris
3433 2477 3652 2532 quoque

2070 2557 2326 2628 posteris,
2356 2557 2516 2610 Mosis
2540 2555 2816 2618 afﬁnibus,
2847 2569 3009 2625 agros
3032 2553 3404 2624 assignarunt,
3430 2553 3574 2624 quod
3605 2553 3653 2609 is

2071 2648 2249 2720 patria
2297 2648 2529 2714 relicta,
2578 2648 2846 2717 populum
2897 2645 3254 2701 Hebraeorum
3314 2647 3370 2700 in
3424 2628 3650 2701 deserto

2071 2746 2295 2794 secutus
2320 2747 2486 2794 esset.
2512 2741 2583 2792 At
2620 2737 2852 2794 Judaica
2876 2747 2933 2793 et
2974 2736 3266 2808 Symeonia
3305 2735 3505 2800 tribus,
3532 2751 3652 2790 ma-

2071 2845 2232 2902 gnam
2251 2831 2462 2900 adepta:
2484 2829 2824 2895 felicitatem,
2851 2845 3003 2884 arma
3035 2836 3374 2898 posuerunt;
3410 2827 3652 2898 Ephrai-

380 2920 626 2988 Μωῦσῆς
658 2918 988 2972 ἐνετείλατο.
1029 2918 1138 2972 Καὶ
1166 2920 1280 2981 τοῖς
1310 2916 1407 2970 τοῦ
1453 2917 1626 2991 Ἰοθδρ
1657 2918 1965 2987 ἀπογόνοις,

2073 2925 2221 2980 mitae
2247 2940 2404 2993 vero,
2437 2924 2679 2979 Betbelis
2710 2924 2998 2978 obsidione
3025 2923 3226 2978 frustra
3261 2931 3490 2987 tentata,
3524 2937 3649 2976 cum

379 3010 743 3081 ἀγχιστεῦσιν
793 3007 914 3062 οὖσι
964 3009 1270 3073 Μωῦσέως,
1321 3011 1426 3080 γῆν
1475 3009 1967 3082 προσεκλήρωσαν,

2076 3016 2256 3071 civem
2309 3015 2431 3086 ejus
2475 3013 2630 3068 urbis
2677 3015 2977 3082 cepissent,
3009 3014 3448 3068 incolumitatem
3481 3012 3559 3067 illi
3593 3020 3650 3066 et

375 3106 471 3158 ὅτι
501 3103 603 3174 τὴν
639 3102 878 3173 πατρίδα
952 3102 1372 3164 καταλιπόντες,
1433 3102 1751 3157 συνείποντο
1798 3104 1858 3155 ὲν
1904 3105 1969 3171 τῇ

2075 3108 2325 3178 cognatis
2376 3107 2497 3178 ejus
2545 3106 2897 3177 promittunt,
2925 3105 2972 3161 si
3024 3107 3220 3162 urbem
3264 3106 3542 3177 proderet.
3576 3105 3650 3169 ls,

381 3199 583 3268 ἐρήμῳ
613 3195 692 3268 τῷ
722 3196 830 3250 τῶν
865 3194 1138 3266 Ἑϐραίων
1165 3194 1305 3260 λαῷ.
1345 3196 1413 3249 Al
1450 3195 1507 3248 δὲ
1545 3194 1606 3262 ἓξ
1663 3195 1835 3250 Ἰούδα
1878 3196 1969 3250 καὶ

2079 3202 2217 3255 urbe
2265 3200 2505 3271 prodita,
2552 3207 2914 3255 conservatur
2957 3218 2972 3255 :
3020 3199 3123 3265 illi,
3167 3199 3382 3254 civibus
3429 3199 3650 3258 occisis.

382 3290 622 3360 Συμεὼν
673 3288 839 3357 φυλαὶ
883 3286 1138 3358 μεγάλως
1170 3287 1665 3358 εὐδαιμονήσασαι,
1711 3288 1780 3341 τὰ
1832 3288 1969 3342 ὅπλα

2082 3293 2272 3347 urbem
2374 3301 2666 3362 occupant.
2739 3291 3080 3363 Benjamilae,
3138 3291 3340 3359 quibus
3394 3289 3656 3344 Hieroso-

382 3385 706 3439 κατέθεντο.
757 3386 840 3438 Τὰ
883 3383 1129 3454 Βαίθηλα
1155 3383 1212 3436 δέ
1243 3399 1307 3450 γε
1350 3382 1714 3456 πολιορκοῦσα
1750 3385 1782 3455 ἡ
1830 3383 1969 3456 φυλὴ

2075 3385 2348 3456 lymorum
2383 3385 2516 3438 urbs
2547 3385 2871 3448 obvenerat,
2901 3384 3110 3438 tributo
3139 3383 3418 3453 imposito,
3454 3383 3655 3438 incolis

382 3477 485 3531 τοῦ
526 3477 787 3548 Ἐφραῒμ,
823 3477 980 3531 οὐδὲν
1009 3477 1161 3546 ἤνυε.
1205 3475 1570 3541 Συλλαϐόντες
1618 3476 1675 3529 δέ
1715 3493 1836 3529 τινα
1861 3477 1969 3530 τῶν

2081 3477 2331 3531 divinum
2381 3475 2700 3530 mandatum
2733 3485 3125 3547 pepercerunt.
3156 3473 3305 3530 Idem
3337 3476 3502 3530 etiam
3534 3475 3655 3530 alia-

382 3572 490 3642 τῆς
521 3571 755 3635 πόλεως,
785 3571 1002 3632 πίστεις
1033 3569 1310 3640 παρέσχον
1339 3568 1510 3640 αὐτῷ,
1537 3569 1848 3640 παραδόντα
1870 3571 1969 3639 τὴν

2077 3569 2256 3624 tribus
2285 3579 2413 3623 sunt
2446 3567 2688 3622 imitatae.

386 3664 637 3735 πατρίδα
661 3663 882 3728 σώσειν,
908 3661 1008 3714 καὶ
1041 3660 1206 3714 αὑτὸν
1236 3661 1333 3713 καὶ
1362 3661 1491 3725 τοὺς
1520 3661 1831 3729 συγγενεῖς.
1869 3661 1979 3714 Kal.
2013 3661 2042 3713 ὁ
2084 3661 2182 3732 μὲν
2212 3658 2384 3723 οὕτως
2451 3660 2707 3731 προδοὺς,
2764 3655 2998 3724 σώζεται
3055 3659 3194 3730 μετὰ
3235 3660 3345 3714 τῶν
3413 3659 3652 3712 οἰκείων.

383 3759 457 3812 Οἱ
496 3758 580 3821 δὲ,
611 3755 930 3818 κτείναντες
965 3753 1093 3816 τοὺς
1127 3751 1436 3819 οἰκοῦντας,
1498 3748 1647 3822 εἶχον
1713 3751 1813 3806 τὴν
1860 3753 2038 3808 πόλιν.
2082 3753 2403 3822 Βενιαμῖται
2450 3751 2508 3805 δὲ
2554 3753 2656 3822 τῆς
2690 3752 3084 3822 Ἰεροσολύμων
3131 3752 3341 3816 πόλεως
3385 3752 3656 3823 λαχούσης

385 3855 600 3915 αὖτοῖς,
636 3852 836 3922 φόρους
862 3851 978 3912 τοῖς
1043 3848 1322 3912 κατοίκοις
1391 3846 1674 3913 ἐπέθεντο,
1738 3845 1840 3918 ζῇν
1903 3849 2365 3921 συγχωρήσαντες
2412 3845 2567 3918 παρὰ
2618 3847 2718 3917 τὴν
2761 3847 2914 3900 Θείαν
2955 3846 3240 3918 διαταγήν.
3315 3847 3551 3918 Ὁμοίως
3598 3863 3658 3900 τε

385 3946 613 3999 ἐποίουν
640 3944 736 3997 καὶ
759 3943 816 3996 αί
843 3941 1002 3995 αλλαι
1032 3941 1219 4010 φυλαί.
3364 3938 3374 3948 ’

467 4033 598 4090 KB’.
662 4036 801 4104 Ἤδη
855 4033 902 4086 δ’
955 4031 1390 4102 εὐϐηνουμένους
1447 4033 1576 4095 τοὺς
1631 4030 1692 4096 ἐξ
1759 4031 1969 4104 Ἰσραὴλ

2151 4028 2320 4084 XXII.
2373 4018 2647 4084 lsraelitas
2699 4027 2866 4083 rebus
2909 4027 3169 4085 secundis
3211 4029 3324 4100 jam
3374 4029 3660 4094 ﬂorentes,

380 4129 704 4198 διέφθειρεν
734 4129 768 4197 ἡ
799 4125 1006 4198 τρυφὴ,
1057 4125 1153 4178 καὶ⁸
1205 4127 1332 4189 τοὺς
1385 4124 1563 4186 θείους
1604 4125 1805 4194 νόμους
1838 4141 1969 4195 παρ-

2079 4121 2299 4178 luxuria
2335 4121 2606 4190 corrupit,
2641 4130 2700 4175 ut
2746 4129 2803 4176 et
2851 4119 3067 4175 divinas
3097 4120 3247 4191 leges
3275 4120 3572 4186 violarent.
3603 4130 3662 4176 et

385 4221 634 4284 ἐσαινον,
672 4217 765 4271 καὶ
799 4218 938 4287 πρὸς
969 4217 1031 4270 τὸ
1061 4219 1249 4269 πονεῖν
1277 4215 1542 4271 διέκειντο
1569 4214 1772 4283 ἀηδῶς,
1817 4219 1911 4268 καὶ
1943 4217 1969 4286 ἦ

2084 4215 2154 4272 ad
2185 4216 2431 4271 laborem
2480 4229 2677 4282 segnes
2707 4221 2915 4269 essent.
2948 4213 3197 4267 Desierat
3223 4213 3388 4268 etiam
3423 4213 3661 4283 optima-

385 4309 794 4380 ἀριστοκρατία
819 4309 1036 4372 ἐξέλιπε
1065 4306 1201 4377 (45),
1237 4306 1331 4359 καὶ
1364 4307 1397 4376 ἡ
1432 4304 1694 4374 γερουσία
1717 4304 1820 4358 οὐκ
1845 4306 1969 4358 ἀπε-

2085 4317 2200 4363 tum
2250 4309 2620 4377 magistratus,
2647 4320 2829 4374 neque
2871 4306 3108 4375 amplius
3154 4313 3381 4360 senatus
3442 4306 3660 4377 legeba-

384 4403 667 4457 δείκνυτο.
699 4400 863 4454 Ὅθεν
899 4399 1091 4461 στάσις
1125 4398 1325 4460 αὐτοὺς
1365 4397 1778 4467 καταλαμϐάνει
1807 4395 1969 4466 δεινὴ,

2088 4409 2200 4455 tur.
2247 4401 2437 4468 Itaque
2472 4412 2627 4453 atrox
2675 4397 2876 4452 seditio
2906 4397 3052 4452 inter
3092 4413 3188 4452 eos
3219 4398 3419 4461 oritur,
3449 4399 3541 4453 tali
3591 4399 3662 4454 de

387 4497 456 4560 ἐξ
511 4494 692 4554 αίτίας
748 4490 1031 4560 τοιαύτης.
1097 4489 1262 4560 Ἀνὴρ
1312 4489 1547 4560 Λευῖτης
1593 4487 1692 4559 τὴν
1742 4486 1969 4553 σύζυγον

2086 4508 2273 4547 causa.
2322 4491 2510 4544 Levita
2562 4488 2784 4558 quidam
2838 4490 3126 4561 conjugem
3187 4490 3659 4546 Bethlecmiticam

389 4583 785 4652 ἐπαγόμενος,
843 4582 908 4634 ὲκ
968 4579 1219 4648 Βηθλεὲμ
1268 4577 1468 4644 οὖσαν,
1535 4575 1721 4631 οἴκαδε
1783 4575 1975 4648 ἀπῄει.

392 4678 541 4745 Ἤδη
607 4675 653 4726 δ’
715 4673 879 4743 ὀψίας
951 4670 1120 4740 οῦσης
1181 4669 1525 4737 ἐπιξενοῦται
1593 4671 1746 4740 παρά
1806 4686 1980 4740 πρεσ-

393 4770 539 4837 σύτῃ
599 4767 706 4819 τινὶ
767 4769 826 4818 ὲν
892 4764 1092 4818 Γαϐαὼ
1152 4764 1336 4827 πόλει,
1399 4764 1574 4833 φυλῆς
1635 4763 1736 4831 τῆς
1791 4763 1982 4815 Βενια-

392 4861 632 4932 μίτιδος.
665 4859 892 4912 Νεανίαι
943 4857 1002 4909 δὲ
1051 4855 1397 4908 Γαϐαωνῖταί
1444 4871 1614 4919 τινες,
1667 4853 1730 4907 τὸ
1761 4854 1983 4922 γύναιον

391 4954 757 5022 Θεασάμενοι,
785 4947 922 5021 ἧκον
947 4949 1311 5012 ἀπαιτοῦντες
1354 4948 1507 5004 αὐτό.
1563 4946 1672 5000 Τοῦ
1718 4947 1776 5000 δὲ
1813 4964 1983 5018 πρεσ-

390 5050 566 5100 ϐύτου
627 5045 702 5116 μὴ
747 5045 1005 5108 διδόντος,
1055 5041 1408 5096 ἀποκτείνειν
1463 5039 1744 5108 ἠπείλουν.
1811 5038 1873 5091 '0
1926 5038 1985 5091 δὲ

387 5144 498 5211 τῆς
558 5136 752 5191 ἑαυτοῦ
809 5136 1082 5207 θυγατρὸς
1133 5134 1318 5196 αὐτοῖς
1375 5131 1716 5202 παρεχώρει,
1768 5127 1854 5183 ἵνα
1907 5130 1982 5200 μή

389 5250 450 5284 τι
509 5230 688 5300 βίαιον
731 5229 1028 5282 ὑποσταῖεν
1062 5227 1114 5280 οἱ
1165 5224 1589 5292 ὲπιξενωθὲντες
1637 5221 1809 5292 αὐτῷ.
1856 5222 1981 5291 Ἀρ-

392 5322 684 5382 πάσαντες
744 5319 790 5373 δ’
845 5321 1051 5372 ἐκεῖνοι
1127 5319 1188 5370 τὸ
1249 5316 1474 5386 γύναιον
1539 5313 1983 5383 ἀπηλλάγησαν,

392 5417 496 5468 καὶ
560 5413 632 5465 δι’
699 5411 829 5480 ὅλης
886 5411 988 5480 τῆς
1059 5409 1255 5473 νυκτὸς
1323 5407 1729 5478 ὲμφορηθέντες
1791 5406 1982 5474 αὐτῆς,

390 5506 628 5574 ἀφῆκαν
685 5505 1000 5575 ἀρχομένης
1067 5503 1306 5574 ἡμέρας.
1383 5501 1446 5553 Ἦ
1511 5499 1570 5552 δὲ
1631 5500 1696 5569 τῇ
1761 5514 1822 5550 τε
1891 5515 1987 5549 νυ-

2080 4583 2303 4637 domum
2321 4581 2682 4644 abducturus,
2701 4578 2844 4648 apud
2863 4594 3049 4633 senem
3065 4579 3358 4647 quemdam
3382 4578 3661 4645 Gabaone,

2083 4673 2450 4745 Benjamiticae
2497 4673 2672 4725 tribus
2718 4671 2943 4740 oppido,
2979 4671 3191 4739 vesperi
3234 4670 3547 4725 divertitur.
3579 4670 3662 4724 lbi

2083 4765 2306 4835 quidam
2345 4764 2732 4818 adolescentes
2759 4762 3096 4826 Gabaonitaz,
3126 4778 3248 4816 cum
3281 4761 3662 4817 mulierculam

2085 4858 2378 4919 vidissent,
2419 4856 2638 4914 adsunt,
2670 4871 2792 4910 eam
2838 4854 3167 4926 ﬂagitantes.
3197 4854 3324 4907 Seni
3359 4855 3660 4916 recusanti,

2084 4965 2277 5005 necem
2305 4949 2649 5002 minitantur.
2679 4947 2770 5001 Ille
2798 4947 2963 5000 filiam
2991 4962 3144 5000 suam
3169 4947 3251 4999 eis
3276 4944 3458 5014 porius
3478 4943 3662 5003 oll'ert,

2086 5040 2251 5094 modo
2272 5037 2517 5107 hOSpites
2535 5052 2564 5090 a
2589 5037 2640 5088 vi
2664 5045 2722 5091 et
2746 5036 2943 5106 injuria
2964 5045 3203 5090 tueatur.
3229 5035 3430 5088 Verum
3454 5032 3532 5088 illi
3555 5039 3664 5086 non

2088 5132 2195 5187 nisi
2221 5139 2376 5199 rapta
2407 5129 2732 5182 muliercula
2767 5128 3081 5191 discedunt,
3105 5142 3340 5196 eamque
3373 5141 3469 5195 per
3494 5133 3662 5178 totam

2087 5231 2306 5277 noctem
2341 5235 2442 5290 pro
2473 5219 2704 5273 libidine
2732 5234 2832 5273 sua
2874 5217 3264 5289 subagitatam,
3292 5216 3540 5270 diluculo
3578 5213 3664 5267 di-

2090 5313 2338 5368 mittunt.
2376 5311 2446 5366 At
2492 5310 2585 5364 illa
2634 5318 2689 5364 ct
2739 5318 3009 5366 nocturna
3056 5325 3324 5370 aerumna,
3359 5317 3416 5362 et
3457 5306 3666 5377 pudore

2091 5405 2202 5476 [.9
2239 5403 2455 5467 mariti,
2491 5411 2547 5456 et
2588 5401 2778 5456 dolore
2805 5416 3066 5471 oppressa
3089 5441 3103 5462 ,
3139 5399 3363 5454 exhalat
3405 5398 3668 5452 ani'nam.

2093 5498 2235 5551 Tum
2287 5495 2538 5558 maritus,
2574 5503 2792 5549 mortua
2838 5493 2896 5548 in
2939 5492 3230 5548 duodecim
3276 5499 3462 5562 partes
3495 5498 3666 5555 secta,

1570 5656 1771 5718 Vtil‘itB
1811 5653 2118 5718 lectiones
2162 5659 2225 5716 et
2262 5661 2455 5719 notae.

473 5793 588 5863 (45)
625 5789 734 5863 Kal
772 5790 804 5842 ό
843 5784 1263 5863 τριετοκράτ-ης
1311 5784 1571 5863 ἐξέλιπε.
1604 5782 1988 5863 _Magistratus

2096 5781 2358 5844 ἐξέλιπε..
2397 5781 2602 5837 rectius
2633 5780 2684 5836 in
2709 5780 3007 5837 Viennensi
3043 5777 3232 5834 codice
3267 5787 3323 5833 et
3358 5777 3410 5832 in
3446 5776 3580 5846 Reg.
3615 5783 3666 5828 et

397 5852 811 5925 ad'tri'ennium
843 5852 1082 5929 praeesse
1111 5857 1330 5911 sohtus.
1368 5857 1476 5908 Καὶ
1515 5857 1549 5925 ἡ
1592 5854 1969 5925 ἀριστοκρατία

2097 5852 2251 5906 Culb.
2280 5852 2500 5924 legitur.
