4098 6396
504 384 601 449 111

503 583 815 640 calamitate
850 591 906 636 et
947 581 1272 635 auctoribus
1304 579 1454 633 illius
1481 577 1772 648 expositis.
1823 577 2084 632 lsraelitae

503 677 671 746 igitur
693 674 916 730 feciales
943 673 1256 727 Gabaonem
1290 672 1537 733 mittunt,
1559 670 1652 739 qui
1673 670 1718 723 ei
1746 669 1982 723 facinori
2007 667 2086 722 af-

505 771 642 826 fines
685 769 752 824 ad
776 767 1106 836 supplicium
1153 773 1476 834 exposcant.
1524 763 1637 817 Illis
1662 778 1773 817 non
1825 762 2084 827 dedenti-

505 861 890 925 bus,‘bellum
941 857 1226 910 inferunt:
1283 869 1347 908 ac
1402 855 1487 908 bis
1531 853 1649 907 acie
1679 853 1998 923 congressi,
2051 867 2084 907 a

505 953 827 1023 Bcnjatnitis
881 949 936 1004 in
971 949 1154 1019 fugam
1197 956 1512 1001 vertuntur.
1541 945 1782 999 Tandem
1818 959 1916 1013 per
1950 942 2084 997 Phi-

504 1061 658 1098 neem
685 1043 1024 1099 sacerdotem
1053 1041 1422 1110 deprecantur
1453 1038 1646 1102 Deum,
1669 1047 1724 1092 et
1745 1037 1827 1092 sic
1844 1036 2083 1106 aggressi

503 1137 929 1210 Benjamitasita
951 1135 1192 1197 ctedunt,
1235 1139 1297 1186 ut
1340 1139 1552 1184 tantum
1590 1145 1655 1184 ac
1697 1145 1764 1184 ex
1789 1129 1869 1183 cis
1891 1144 2082 1198 super-

503 1239 711 1296 essent,
757 1229 852 1298 qui
894 1229 950 1282 in
988 1226 1200 1281 vicinos
1235 1232 1452 1278 montes
1491 1222 1852 1292 diﬂ‘ugerunt.
1900 1220 2080 1275 Israe-

502 1324 612 1378 lita:
641 1321 957 1378 Gabaonem
993 1316 1298 1372 incendunt
1344 1313 1606 1368 mulieres
1633 1322 1690 1368 et
1722 1327 1923 1382 pueros
1966 1327 2083 1366 om-

503 1430 602 1470 nes
636 1415 954 1484 perimunt,
1007 1409 1150 1464 idem
1187 1408 1242 1461 in
1282 1407 1498 1461 caeteris
1528 1405 1695 1460 etiam
1724 1404 1961 1460 urbibus
1999 1405 2081 1460 fa-

502 1517 672 1562 ctum.
706 1506 849 1570 Quin
893 1512 949 1558 et
979 1501 1132 1557 Jabis
1175 1497 1489 1554 Galaditicze
1523 1495 1676 1551 urbis
1725 1496 1931 1551 incolas
1955 1511 2080 1552 cum

504 1595 771 1649 uxoribus
815 1605 871 1647 et
909 1593 1099 1646 liberis
1140 1589 1440 1653 occidunt,
1487 1587 1559 1642 ob
1595 1595 1902 1642 recusatam
1953 1585 2080 1640 belli

503 1689 655 1741 illius
683 1687 1023 1745 societatem,
1054 1681 1472 1752 quadringentis
1492 1678 1799 1749 virginibus
1817 1677 2081 1746 exceptis,

501 1795 639 1850 quas
664 1778 1099 1846 Benjamitarum
1145 1773 1399 1842 reliquiis
1438 1771 1813 1841 prebuerunt,
1850 1779 1909 1824 ut
1945 1784 2079 1824 con-

494 1874 653 1943 juges
676 1871 966 1931 haberent,
995 1867 1204 1922 miserti
1227 1865 1558 1920 calamitatis
1578 1879 1803 1918 eorum:
1826 1871 2080 1932 suscepta

500 1965 665 2019 etiam
701 1961 1064 2031 cogitatione,
1115 1957 1577 2028 quemadmodum
1625 1955 1824 2025 reliqui
1858 1955 2082 2010 ducenti

501 2055 831 2127 conjugibus
870 2053 1204 2122 potirentur.
1252 2049 1471 2103 Pridem
1525 2047 1676 2102 enim
1718 2046 2082 2118 jurejurando

501 2147 845 2217 interposito,
872 2144 1131 2199 facinoris
1160 2141 1306 2196 illius
1335 2141 1462 2195 odio
1486 2149 1804 2201 sanxerant,
1859 2156 1927 2194 ne
1957 2142 2082 2210 quis

503 2240 669 2293 tiliam
727 2236 1043 2308 Benjamitaa
1089 2247 1314 2288 uxorem
1355 2231 1743 2300 desponderet.
1787 2231 1864 2285 Ea
1924 2234 1990 2286 de
2022 2247 2082 2286 re

503 2329 946 2386 deliberantibus
971 2327 1174 2391 visum,
1208 2341 1318 2380 non
1348 2325 1575 2394 quidem
1618 2323 1829 2380 dandas
1865 2323 1973 2380 illis
2011 2330 2081 2379 ob

495 2422 920 2495 jusjurandum,
966 2419 1063 2475 sed
1119 2417 1536 2474 concedendum
1569 2426 1629 2472 ut
1675 2417 1778 2488 ipsi
1825 2428 2082 2489 raperent

500 2517 762 2588 virgines,
813 2529 952 2584 quas
982 2511 1087 2568 sibi
1123 2511 1363 2565 thalamo
1393 2509 1690 2574 sociarent,
1733 2510 1867 2580 ipsis
1900 2526 2079 2580 nequc

505 2607 934 2679 prohibentibus
962 2643 978 2670 ,
1032 2619 1214 2673 neque
1255 2603 1640 2658 incitantibus.
1697 2603 1813 2659 Hoc
1858 2605 2080 2659 decreto

500 2704 664 2766 facto,
712 2699 1030 2770 Benjamitze
1075 2712 1193 2751 rem
1235 2695 1482 2750 exsecuti
1519 2705 1670 2750 sunt.
1704 2695 1842 2751 Cum
1892 2708 2077 2753 autem

501 2793 758 2848 Israelita:
810 2792 973 2860 longo
1016 2789 1130 2859 jam
1171 2797 1418 2858 tempore
1466 2787 1680 2843 bellica:
1705 2791 1786 2843 rei
1831 2791 2078 2846 studium

503 2879 954 2940 intermisissent,
988 2886 1450 2947 contempserunt
1485 2891 1582 2931 eos
1614 2876 1931 2945 Chananaei,
1954 2882 2080 2950 qni-

500 2974 729 3028 busdam
768 2970 998 3026 urbibus
1026 2969 1324 3039 ademptis.
1369 2969 1483 3023 Dan
1515 2969 1698 3024 tribus
1730 2970 1785 3024 in
1833 2983 2076 3026 montem

463 3065 765 3142 _confugit,
805 3073 968 3132 atque
1015 3061 1144 3116 inde
1197 3063 1252 3115 in
1283 3061 1690 3116 mediterranea
1724 3063 1886 3118 sedes
1933 3073 2081 3118 tran-

1811 375 2132 436 JOANNIS
2175 376 2491 436 ZONAILE

503 493 568 547 ad
643 488 886 560 singulas
959 487 1136 542 tribus
1193 501 1358 540 unam
1423 485 1734 555 portionem
1775 482 2081 547 mittit,let

2191 488 2414 555 κτερινῇ
2495 482 2838 555 ταλαιπωρίᾳ
2866 526 2876 546 ,

3667 381 3774 446 119

2967 486 3058 538 καὶ
3125 490 3186 556 τῇ
3256 487 3389 558 πρὸς
3457 488 3544 542 τὸν
3603 491 3774 561 ἄνδρα

2186 579 2442 648 αἰσχύνῃ,
2503 579 2600 631 καὶ
2653 581 2719 650 τῇ
2796 580 2942 651 λύπῃ
2996 583 3428 651 καταϐληθεῖσα,
3491 585 3766 655 διαπεφώ-

2187 689 2342 742 νηκε.
2385 673 2493 724 Καὶ
2536 671 2564 722 ὁ
2598 673 2807 740 ταύτης
2837 673 2978 742 ἀνὴρ
3034 677 3113 737 εἰς
3150 675 3293 745 μέρη
3325 676 3537 730 δώδεκα
3579 679 3778 731 διελὼν

2183 766 2285 832 τὴν
2315 763 2610 827 θανοῦσαν,
2647 766 2920 834 διέπεμψε
2965 767 3130 838 μέρος
3175 769 3254 830 είς
3295 769 3537 839 ἑκάστην
3573 771 3776 840 φυλὴν,

2186 855 2247 908 τό
2279 873 2338 908 τε
2382 858 2554 920 πάθος
2587 857 2808 921 διδάξας
2850 857 3072 921 αὐτοὺς,
3119 859 3215 911 καὶ
3253 860 3383 922 τοὺς
3429 861 3635 924 αἰτίους
3670 863 3776 932 τῆς

2187 951 2498 1018 συμφορᾶς.
2559 950 2877 1020 Πέμπουσιν
2925 946 3018 1002 οὖν
3059 953 3194 1021 πρὸς
3240 952 3338 1021 τὴν
3386 954 3603 1014 Γαϐαὼ,
3644 957 3778 1018 τοὺς

2185 1043 2694 1110 παρανομήσαντας
2738 1041 3144 1111 ἐξαιτούμενοι.
3179 1044 3244 1095 0i.
3274 1044 3331 1096 δὲ
3367 1045 3467 1097 οὑκ
3497 1045 3778 1108 ἐξέδοσαν.

2185 1135 2249 1184 Δί
2283 1131 2447 1199 φυλαὶ
2476 1132 2521 1185 δ’
2559 1134 2964 1203 ἐπεστράτευον
2999 1133 3086 1186 ἐπ’
3111 1134 3334 1199 αὐτούς.
3364 1137 3473 1188 Καὶ
3519 1137 3600 1198 δὶς
3631 1153 3778 1206 συμ-

2186 1224 2443 1288 ϐαλόντες
2467 1228 2576 1289 τοῖς
2602 1227 2978 1294 Βενιαμίταις,
3010 1227 3283 1297 ἡττῶνται
3321 1229 3371 1279 οί
3409 1227 3774 1297 Ἰσραηλῖται.

2186 1313 2320 1369 Εἶτα
2369 1317 2459 1370 διὰ
2503 1319 2689 1382 Φινεὲς
2727 1318 2821 1372 τοῦ
2871 1319 3179 1390 ἀρχιερέως
3221 1319 3436 1374 δέονται
3481 1319 3576 1372 τοῦ
3609 1321 3775 1387 Θεοῦ,

2185 1409 2282 1463 καὶ
2313 1409 2458 1464 οὕτω
2489 1409 2862 1478 συμϐαλόντες
2894 1412 3009 1474 τοῖς
3045 1393 3399 1479 Βενιαμίταις
3429 1411 3769 1481 ἐκράτησαν,

2183 1502 2258 1565 ὡς
2287 1501 2496 1562 πάντας
2529 1502 2668 1571 πλὴν
2705 1501 3008 1567 ἑξακοσίων
3046 1505 3255 1567 πεσεῖν,
3285 1501 3334 1556 οἳ
3364 1502 3504 1574 πρὸς
3534 1503 3605 1555 τὰ
3632 1504 3776 1572 πλη-

2187 1595 2300 1648 σίον
2351 1597 2452 1666 δρη
2491 1598 2823 1665 κατέφυγον.
2862 1597 2926 1651 Ol
2974 1597 3030 1649 δὲ
3071 1596 3413 1666 Ἰσραηλῖται
3450 1597 3774 1666 ἐνέπρησαν

2183 1706 2242 1741 τε
2275 1688 2374 1758 τὴν
2409 1687 2628 1755 Γαϐαὼ,
2681 1693 2771 1741 καὶ
2811 1687 2910 1752 τὰς
2965 1692 3232 1756 γυναῖκας
3281 1688 3378 1742 καὶ
3411 1687 3536 1750 τοὺς
3572 1688 3778 1752 παῖδας

2186 1777 2396 1841 πάντας
2429 1779 2863 1850 διεχειρίσαντο·
2901 1782 2996 1832 καὶ
3024 1780 3117 1831 ἐπὶ
3149 1781 3269 1842 ταῖς
3299 1779 3487 1842 ἄλλαις
3518 1777 3576 1831 δὲ
3608 1779 3776 1830 πόλε-

2189 1888 2274 1923 σιν
2304 1871 2484 1924 αὐτῶν
2515 1871 2683 1942 δρῶσι
2709 1873 2778 1924 τὰ
2809 1873 2995 1940 ὃμοια.
3027 1873 3138 1926 Καὶ
3185 1871 3382 1933 Ἰαϐεὶς
3414 1871 3472 1924 δὲ
3498 1872 3773 1924 Γαλααδί-

2185 1963 2329 2025 τιδος
2356 1962 2588 2025 πόλεως,
2610 1964 2694 2014 ὅτι
2726 1962 2800 2033 μὴ
2833 1963 3220 2033 συνεμάχησεν
3248 1963 3457 2029 αὐτοῖς,
3479 1963 3776 2031 φονεύουσι

2184 2057 2310 2118 τοὺς
2336 2056 2629 2118 κατοίκους
2661 2057 2760 2110 σὺν
2789 2057 3004 2120 τέκνοις
3021 2057 3116 2110 καὶ
3135 2059 3373 2125 γυναιξὶ,
3404 2057 3542 2126 πλὴν
3573 2075 3776 2127 τετραο

2187 2148 2389 2200 κοσίων
2427 2148 2742 2218 παρθένων,
2786 2147 2853 2211 ἃς
2901 2151 3014 2211 τοῖς
3051 2149 3410 2218 περισωθεῖσι
3441 2149 3549 2202 τῶν
3578 2149 3777 2203 Βεν.α-

2187 2240 2362 2310 μιτῶν
2391 2243 2689 2310 παρέσχον,
2731 2241 2819 2296 ἵνα
2870 2241 3165 2306 συνεύνους
3210 2246 3392 2313 σχοῖεν
3430 2244 3625 2307 αὑτὰς,
3673 2245 3778 2312 τῆς

2186 2332 2473 2402 συμφορᾶς
2529 2339 2724 2395 αὐτους
2789 2331 3295 2403 κατοικτείραντες.
3368 2332 3672 2386 Ἐσκόπιυν
3725 2331 3776 2383 δ’

2182 2423 2330 2486 ὃπως
2355 2424 2448 2478 καὶ
2474 2425 2524 2476 οί
2559 2424 2740 2477 λοιποὶ
2761 2423 3328 2503 διακόσιοιγυναικῶν
3356 2425 3772 2495 εὐπορήσωσιν.

2187 2517 2427 2586 Ὄρκους
2461 2516 2571 2588 γάρ
2593 2516 2784 2570 έθεντο
2839 2517 3056 2588 πρώην,
3089 2515 3176 2571 διὰ
3239 2517 3298 2570 τὸ
3337 2518 3621 2586 τόλμημα,
3664 2536 3776 2586 ρη-

2181 2608 2312 2662 δένα
2339 2608 2536 2662 δώσειν
2580 2608 2859 2679 θυγατέρα
2896 2609 3035 2680 πρὸς
3069 2609 3249 2678 γάμον
3289 2609 3615 2678 Βενιαμίτῃ.
3654 2610 3773 2662 Καὶ

2186 2699 2486 2754 σκοποῦσιν
2525 2700 2732 2767 ἔδοξεν,
2786 2702 2986 2764 αὐτοὺς
3029 2701 3128 2772 μὲν
3179 2701 3254 2771 μὴ
3299 2701 3501 2754 διδόναι
3551 2701 3638 2754 διὰ
3675 2702 3773 2754 τδν

2181 2797 2366 2867 ὅρκον,
2396 2798 2512 2858 τοῖς
2555 2795 2615 2849 δὲ
2669 2795 3024 2865 Βενιαμίταις
3070 2796 3267 2861 ἐξεῖναι
3309 2795 3617 2866 παρθένους
3671 2797 3774 2864 ἁρ-

2182 2889 2419 2953 πάζουσι
2443 2888 2774 2949 συνοικίζειν
2807 2890 3046 2954 ἑαυτοῖς,
3083 2889 3265 2942 αὐτῶν
3305 2888 3380 2960 μὴ
3421 2889 3770 2950 κωλυόντων,

2185 2985 2259 3054 μή
2304 3001 2362 3036 τε
2400 2983 2889 3055 προτρεπομένων.
2925 2983 3036 3036 Καὶ
3081 2985 3195 3044 τοῖς
3249 2981 3348 3052 μὲν
3396 2982 3568 3043 οὕτως
3618 2982 3773 3044 ἔδοξε

2183 3079 2564 3152 περὶτούτων.
2599 3081 2662 3131 Οί
2693 3079 2749 3133 δὲ
2772 3078 3098 3148 Βενιαμῖται
3133 3077 3212 3138 είς
3244 3075 3407 3145 ἔργον
3438 3075 3505 3126 τὰ
3537 3075 3774 3140 δόξαντα

503 3159 649 3215 tulit.
700 3157 965 3214 lsraelitis
997 3171 1135 3221 _cum
1189 3164 1246 3209 et
1315 3153 1751 3208 Chananazorum
1829 3157 2081 3214 instituta

2184 3174 2412 3243 ήγαγον.
2448 3171 2586 3225 Ἤδη
2619 3172 2676 3225 δὲ
2713 3171 2819 3242 πρὸ
2849 3169 3064 3241 μακροῦ
3093 3170 3203 3222 τῶν
3245 3168 3594 3239 Ἰσραηλιτῶν
3630 3185 3774 3220 παυ-

503 3260 864 3324 usurparent,
905 3259 960 3304 et
1004 3263 1157 3303 suam
1192 3247 1510 3317 reipublicae
1555 3246 1785 3300 formam
1820 3263 2082 3319 asperna-

502 3355 714 3408 rentur,
749 3343 962 3399 Numen
999 3341 1272 3396 infensum
1299 3341 1530 3396 exstitit.
1565 3341 2082 3415 ltaqueCliugarga-

504 3439 743 3494 tliaimus
773 3435 1119 3506 Assyriorum
1157 3449 1250 3488 rex
1287 3434 1490 3488 bellum
1516 3435 1597 3489 eis
1626 3435 1826 3497 infert,
1875 3443 1930 3490 et
1955 3453 2079 3506 gra-

501 3530 590 3582 via
620 3529 825 3581 tributa
851 3528 1105 3596 imperat,
1135 3526 1338 3597 quibus
1360 3535 1485 3580 octo
1508 3542 1683 3580 annos
1711 3536 2041 3594 premuntur
2065 3545 2078 3580 :

502 3622 681 3675 donec
718 3620 802 3673 vir
850 3618 1073 3689 quidam
1121 3628 1384 3672 strenuus
1422 3617 1666 3674 Judaieae
1720 3620 1934 3684 tribus,
1985 3635 2082 3674 no-

505 3712 651 3765 mine
675 3709 991 3775 Gotboniel,
1021 3708 1212 3779 paucis
1249 3708 1415 3762 sociis
1446 3724 1512 3762 ex
1542 3708 1766 3763 oraculo
1795 3724 2083 3779 compara-

503 3804 614 3866 tis,
671 3801 1020 3872 Assyriorum
1069 3799 1213 3869 apud
1266 3814 1324 3854 se
1386 3801 1696 3868 praesidium
1745 3799 1954 3854 caedit:
2016 3816 2082 3856 ac

505 3894 757 3966 pluribus
801 3893 999 3948 deinde
1072 3891 1502 3957 confluentibus,
1579 3893 1832 3963 Assyrios
1889 3895 2081 3964 praziio

504 3989 680 4042 victos
712 3994 951 4042 amovet.
993 3986 1073 4041 Re
1111 3985 1252 4041 bene
1285 3995 1458 4055 gesta,
1492 3986 1784 4056 imperium
1840 3996 1893 4041 et
1935 3987 2082 4054 judi-

501 4081 660 4138 candi
684 4089 929 4152 potestas
950 4095 980 4135 a
1005 4079 1208 4150 papulo
1235 4080 1287 4134 ei
1315 4078 1657 4133 decernitur.
1681 4079 1784 4144 Qui
1815 4093 1939 4133 cum
1964 4095 2082 4132 ma-

502 4175 734 4243 gistratu
757 4173 822 4226 ad
853 4185 1028 4226 annos
1057 4170 1454 4241 quinquaginta
1484 4171 1726 4236 functus,
1759 4169 1926 4224 vitam
1954 4185 2081 4225 cum

501 4275 680 4321 morte
710 4264 818 4334 50
845 4272 1239 4318 commutasset
1269 4279 1282 4314 :
1318 4262 1576 4317 Israelita:
1599 4263 1718 4316 sine
1735 4263 2080 4332 magistratu,

500 4361 620 4415 sine
674 4367 826 4412 metu
870 4353 1125 4410 Numinis
1167 4355 1452 4417 viventes,
1499 4353 1570 4406 ab
1609 4353 1814 4423 Eglone
1874 4354 2080 4408 Moabi-

502 4461 682 4506 t‘arum
729 4463 857 4518 rege
889 4448 1126 4512 subacti,
1175 4463 1356 4500 annua
1393 4446 1596 4500 tributa
1626 4448 1995 4515 pensitarunt.
2033 4448 2082 4502 ls

501 4541 863 4596 llierichunle
891 4538 1157 4594 mdiﬁcata
1195 4539 1361 4607 regia,
1401 4537 1530 4591 dum
1560 4555 1655 4607 per
1687 4554 1862 4592 annos
1887 4539 2075 4594 decem
2115 4526 2155 4579 ί)

499 4647 559 4691 et
600 4643 726 4688 octo
760 4633 928 4686 variis
970 4631 1094 4685 illos
1131 4630 1288 4684 malis
1321 4630 1580 4698 exagitat.
1611 4629 1930 4684 adolescens
1956 4632 2080 4700 qui-

499 4729 624 4782 dam
660 4724 1032 4792 Benjamiticae
1063 4723 1263 4788 tribus,
1291 4721 1512 4776 nomine
1533 4721 1770 4785 Aotlius,
1795 4737 1955 4791 quem
1981 4723 2080 4778 Ju-

501 4817 624 4871 dam
657 4822 908 4868 vocatum
950 4813 1225 4882 Josephus
1284 4813 1519 4877 asserit,
1567 4814 1732 4870 homo
1798 4817 2081 4874 conlidens

507 4916 564 4962 et
601 4905 886 4968 robustus,
921 4920 979 4960 se
1013 4905 1067 4959 in
1097 4903 1320 4974 Eglonis
1354 4904 1780 4960 familiaritatem
1816 4907 2077 4973 insinuat,

497 5000 677 5054 aulam
705 4998 826 5067 ejus
856 4995 1234 5065 frequentans,
1266 5005 1322 5050 et
1355 4997 1638 5052 blanditiis
1663 4999 1943 5054 hominem
1972 5003 2077 5056 sibi

498 5093 840 5148 devinciens.
900 5091 1000 5145 llic
1051 5090 1350 5160 aliquando
1399 5105 1524 5145 cum
1570 5091 1788 5147 duobus
1836 5096 2078 5160 famulis,

498 5185 689 5255 Egloni
732 5199 958 5238 munera
991 5183 1198 5247 ferens,
1226 5185 1366 5238 clam
1398 5187 1541 5240 sicas
1563 5196 1738 5255 gestat
1773 5205 1786 5242 :
1838 5204 2074 5259 cumque

495 5279 600 5348 jam
651 5276 912 5331 meridies
946 5288 1114 5343 esset,
1152 5277 1484 5331 satellitibus
1515 5279 1578 5331 ad
1629 5294 1727 5332 sua
1777 5279 2071 5348 digressls,

498 5379 695 5424 nactus
717 5384 844 5423 eum
876 5369 1076 5433 solum,
1104 5384 1209 5439 pro
1237 5368 1609 5424 familiaritate
1635 5371 1965 5442 ingreditur,
1989 5389 2074 5428 se-

502 5464 872 5532 ductumque,
915 5473 976 5515 ut
1004 5463 1192 5518 arcani
1235 5462 1486 5517 dicturus
1541 5462 1746 5532 aliquid
1806 5465 1916 5518 ictu
1969 5481 2072 5534 op-

499 5563 736 5623 portuno
763 5554 915 5610 illato
961 5563 1255 5626 tyrannum
1297 5557 1538 5625 perimit.
1572 5556 1859 5626 Digressus
1893 5557 2076 5612 Hieri-

2184 3266 2442 3336 σαμένων
2473 3265 2568 3318 τοῦ
2607 3265 2899 3334 μάχεσθαι,
2939 3263 3355 3332 κατεφρόνησαν
3385 3263 3434 3314 οἱ
3472 3263 3772 3315 Χαναναῖοι

2182 3359 2387 3421 αὐτῶν,
2421 3359 2517 3413 καὶ
2566 3357 2753 3420 πόλεις
2800 3357 3088 3425 ἀφείλοντο
3129 3355 3188 3420 ἐξ
3221 3356 3422 3410 αὐτῶν.
3467 3356 3530 3407 0i
3568 3355 3625 3407 δὲ
3662 3357 3771 3422 τῆς

2181 3453 2275 3506 τοῦ
2309 3453 2418 3505 Δὰν
2445 3450 2620 3520 φυλῆς
2652 3452 2732 3516 είς
2765 3451 2826 3503 τδ
2871 3449 2995 3518 ὅρος
3024 3451 3358 3518 κατέφυγον,
3396 3451 3654 3502 κάκεῖθεν
3684 3451 3770 3512 είς

2180 3549 2282 3620 τὴν
2339 3547 2627 3617 μεσόγειον
2679 3547 3064 3615 μετῳκήκασι.
3112 3543 3252 3606 Τοὺς
3308 3543 3366 3595 δὲ
3419 3539 3770 3611 Ἰσραηλίτας

2185 3639 2592 3712 μεταλαϐόντας
2631 3637 2740 3691 τῶν
2775 3636 2928 3710 παρὰ
2965 3639 3078 3700 τοῖς
3103 3635 3435 3698 Χαναναίοις
3463 3635 3624 3696 ἐθῶν,
3670 3638 3773 3687 καὶ

2180 3736 2276 3805 τῆς
2307 3733 2578 3803 σφετέρας
2603 3733 2883 3794 πολιτείας
2920 3731 3469 3801 καταφρονήσαντας,
3497 3728 3565 3780 δι’
3592 3728 3772 3798 ὀργῆς

2181 3827 2244 3880 τὸ
2278 3826 2421 3880 θεῖον
2460 3824 2748 3895 πεποίητο.
2796 3822 3096 3894 Στρατεύει
3138 3821 3322 3875 τοίνυν
3368 3820 3454 3872 ἐπ’
3499 3818 3700 3881 αὐτοὺς
3743 3821 3773 3872 ὁ

2181 3917 2292 3973 τῶν
2343 3917 2642 3988 Ἀσσυρίων
2690 3915 2943 3985 βασιλεὺς
2991 3911 3432 3983 Χουγαργαθαῒμ
3482 3911 3617 3980 (44),
3667 3913 3773 3965 καὶ

2184 4013 2387 4082 φόρους
2422 4009 2612 4080 βαρεῖς
2660 4007 2952 4061 ἐπιτάσσει
2993 4006 3204 4071 αὐτοῖς,
3245 4000 3328 4067 οἷς
3359 4005 3453 4058 ἐπὶ
3481 4003 3626 4057 ὀκτὼ
3656 4005 3774 4058 ἑνι-

2183 4103 2382 4162 αυτοὺς
2423 4099 2729 4164 ἐπιέζοντο.
2767 4093 2908 4153 Εἶτα
2935 4096 3266 4168 δραστήριός
3295 4113 3380 4161 τις
3410 4095 3550 4166 ἀνὴρ
3573 4096 3638 4148 ὲκ
3666 4096 3774 4164 τῆς

2195 4193 2367 4247 Ἰούδα
2406 4191 2606 4262 φυλῆς,
2639 4188 2900 4260 Γοθονιὴλ
2943 4187 3312 4258 κεκλημένος,
3356 4186 3580 4258 βραχεῖς
3610 4203 3772 4249 τινας

2184 4282 2758 4353 προσεταιρισάμενος
2787 4281 2932 4335 κατὰ
2976 4279 3120 4333 Θεῖον
3167 4278 3443 4352 χρησμὸν,
3483 4277 3583 4348 τὴν
3631 4278 3772 4348 παρ’

2185 4379 2370 4441 αὐτοῖς
2404 4376 2512 4430 τῶν
2552 4373 2866 4442 Ἀσσυρίων
2904 4369 3212 4443 διαφθείρει
3255 4371 3527 4442 φρουράν.
3553 4371 3770 4438 Συνηγ-

2190 4471 2368 4539 μένων
2404 4468 2462 4521 δὲ
2499 4467 2640 4538 μετὰ
2690 4465 2863 4518 ταῦτα
2896 4464 3183 4526 πλειόνων,
3221 4463 3368 4534 μάχῃ
3414 4463 3544 4525 τοὺς
3576 4462 3773 4514 Ἀσσυ-

2186 4563 2332 4632 ρίους
2385 4562 2651 4632 νικήσας,
2695 4556 2994 4617 ἀπώσατο,
3039 4557 3135 4610 καὶ
3187 4555 3378 4626 ἄρχειν
3443 4555 3618 4626 ᾑρέθη
3667 4553 3764 4606 διά

2179 4654 2342 4707 τοῦτο
2378 4654 2473 4705 τοῦ
2530 4650 2796 4720 πλήθους,
2848 4649 3056 4719 κρίνειν
3107 4665 3167 4700 τε
3217 4649 3307 4700 τὸν
3337 4647 3490 4701 λαόν.
3541 4647 3638 4708 ’Ὀς
3671 4645 3772 4698 ἐπὶ

2181 4744 2527 4811 πεντήκοντα
2571 4741 2667 4810 ἔτη
2707 4740 2804 4808 τὴν
2839 4739 3016 4808 ἀρχὴν
3058 4739 3285 4802 ἀνύσας,
3326 4734 3633 4807 μετήλλαξε
3663 4735 3769 4804 τὴν

2182 4835 2348 4903 ζωήν.
2397 4834 2666 4902 Ἀναρχοι
2717 4832 2774 4883 δὲ
2821 4830 2972 4893 ὅντες
3021 4832 3069 4884 οἱ
3109 4829 3468 4898 Ἰσραηλῖται,
3513 4828 3610 4879 καὶ
3659 4825 3763 4878 τοῦ

2183 4919 2329 4972 θείου
2383 4915 2883 4987 καταφρονοῦντες,
2938 4918 3091 4988 παρὰ
3145 4917 3241 4971 τοῦ
3289 4917 3398 4971 τῶν
3450 4915 3767 4970 Μωαϐιτῶν

2183 5013 2447 5083 βασιλέως
2525 5011 2756 5083 Αίγλὼμ
2819 5014 3023 5076 αὐτοὺς
3075 5009 3484 5074 ὑποτάξαντος,
3536 5009 3768 5080 ἐτησίας

2182 5106 2446 5177 εἰσφορὰς
2479 5105 2892 5175 ἐπετάχθησαν.
2935 5107 3032 5169 Ὃς
3062 5106 3120 5157 ὲν
3163 5102 3482 5173 Ἱεριχοῦντι
3513 5101 3766 5170 βασίλεια

2181 5199 2584 5268 δομησάμενος,
2621 5197 2718 5250 ἐπὶ
2746 5197 3028 5260 ἐνιαυτοὺς
3060 5195 3443 5249 ὀκτωκαίδεκα
3465 5192 3767 5255 πολυειδῶς

2182 5290 2386 5342 ἐκάκου
2436 5289 2655 5350 αὐτούς.
2713 5288 2952 5352 Νεανίας
3000 5288 3058 5340 δέ
3115 5305 3197 5351 τις
3253 5285 3582 5355 Βενιαμίτης
3617 5284 3761 5336 Ἀὼθ

2183 5382 2422 5451 τοῦνομα
2479 5382 2778 5454 (Ἰώσηπος
2833 5383 2890 5436 δὲ
2941 5382 3148 5435 Ἰούδαν
3204 5381 3396 5434 τοῦτον
3474 5379 3764 5432 καλεῖσθαι

2184 5473 2381 5542 λέγει),
2430 5473 2730 5546 τολμητίας
2774 5473 2871 5528 καὶ¹
2919 5473 3226 5544 ῥωμαλέος,
3274 5472 3515 5543 συνήθης
3552 5470 3768 5539 γίνεται

2182 5565 2259 5635 τῷ
2289 5564 2550 5636 Λίγλὼμ,
2581 5566 2675 5620 καὶ
2721 5564 2967 5634 συνεχῶς
3023 5565 3152 5635 παρ’
3208 5563 3373 5618 αὐτὸν
3415 5563 3605 5631 ἐφοίτα
3657 5560 3768 5612 θω-

1700 5721 1908 5782 V’arim
1940 5721 2251 5784 lectiones
2287 5733 2346 5786 et
2377 5736 2568 5787 noue.

571 5839 679 5911 (44)
709 5841 1162 5912 Χουγαργαθαΐμ
1211 5842 1346 5898 Cod.
1381 5845 1520 5899 alter
1542 5858 1570 5899 c
1597 5844 1756 5898 Wolii
1785 5845 1906 5911 .nis,
1939 5847 2081 5901 Χουσ

2184 5847 2402 5919 σαθαῖμ.
2432 5849 2598 5906 Culbc
2609 5859 2676 5903 rt.
2714 5846 3184 5916 Χουσπασαθαῖμ.
