4098 6450
320 474 327 477 .
369 424 475 481 113
1686 420 1969 481 ANNALI

2074 420 2090 480 Ι
2127 422 2275 485 LIB.
2317 423 2366 483 Ι.
3533 428 3635 485 114

368 528 559 582 πεύων
590 527 681 583 τὸν
703 528 900 600 ἄνδρα,
929 527 1023 583 καὶ
1054 528 1453 599 ὑπερχόμενος.
1484 520 1655 591 Οὗτος
1679 529 1778 582 σὺν
1800 527 1954 581 δυσὶν

2074 528 2303 586 :huntiis
2337 541 2533 588 auctor
2579 532 2638 587 fit
2665 530 3009 587 vindicanda:
3035 530 3330 585 lihertatis.
3375 529 3440 584 Hi
3483 545 3634 584 arma

367 620 615 683 οἰκέταις
651 620 785 673 ποτὲ
837 620 992 692 δῶρα
1041 619 1286 691 κομίζων
1314 619 1391 691 τῷ
1420 618 1671 689 Αίγλὼμ,
1730 618 1958 687 ξιφίδιον

2074 621 2294 691 rapiunt.
2330 623 2542 693 Eglonii
2577 624 2865 691 satellites,
2903 638 3031 694 rege
3065 622 3291 677 invento
3312 632 3553 685 mortuo,
3579 621 3634 673 in

368 711 567 782 ἔφερεν
596 711 847 781 ἀφανῶς.
885 714 993 766 Καὶ
1020 713 1120 783 τῆς
1150 713 1369 784 ἡμέρας
1399 712 1501 783 ἤδη
1538 710 1834 781 μεσούσης,
1864 710 1959 763 καὶ

2075 732 2232 786 ngam
2263 719 2431 782 versi,
2472 734 2502 771 a
2532 718 3001 788 persequentibus
3034 717 3258 773 civibus
3281 715 3632 770 occiduntur.

368 805 482 857 τῶν
507 802 769 873 φυλάκων
795 805 935 876 πρὸς
960 805 1195 868 ἑαυτοὺς
1230 803 1681 875 ἀπεληλυθότων,
1704 818 1953 872 μεμονω-

2074 807 2147 863 Sic
2197 808 2458 881 Israelita!
2508 826 2577 864 ex
2637 810 2933 866 Moabitica
2984 809 3253 865 servitute
3302 807 3634 863 liberantur.

374 896 538 965 μένον
569 895 751 967 εὑρὼν
780 897 971 958 αὐτὸν,
993 898 1223 951 εἴσεισιν
1251 897 1325 960 ὡς
1358 897 1623 966 συνήθης,
1663 894 1760 949 καὶ
1794 892 1958 964 μόνον

2074 899 2196 955 loth
2224 899 2487 973 suffragio
2515 901 2707 972 populi
2737 901 2997 973 princeps
3027 908 3268 967 creatus,
3305 915 3429 954 cum
3465 913 3639 953 annos

372 987 670 1041 ἀπολαϐὼν
702 988 893 1053 αὐτὸν,
925 989 1001 1052 ᾡς
1044 989 1106 1058 δή
1138 1006 1191 1042 τι
1228 986 1643 1060 μυστικώτερον
1684 1002 1958 1058 προσομι-

2074 991 2334 1060 )ctoginta
2394 989 2724 1061 praefuisset,
2786 990 3044 1045 moritur.
3090 990 3221 1044 Post
3260 989 3410 1041 hunc
3455 986 3638 1054 Megar

370 1077 558 1147 λήσων
590 1079 764 1148 αὐτῷ,
808 1080 1038 1150 πλήττει
1080 1081 1316 1151 καιρίως
1348 1080 1425 1150 τῷ
1455 1079 1694 1150 ξιφιδίῳ,
1726 1077 1822 1132 καὶ
1857 1077 1954 1131 ἀν-

2074 1080 2289 1135 Dinachi
2345 1080 2530 1146 filius,
2585 1082 2774 1141 multis
2821 1082 3193 1138 Barbarorum
3253 1077 3430 1142 czesis,
3488 1091 3638 1130 anno

370 1171 542 1239 αιρεϊ.
576 1170 864 1224 Ἀπελθὼν
905 1172 965 1226 δὲ
999 1171 1136 1243 πρὸς
1171 1172 1300 1236 τοὺς
1342 1170 1779 1243 Ἱεριχουντίους,
1830 1170 1952 1222 πεί-

2074 1170 2241 1240 primo
2264 1170 2484 1242 imperii
2516 1172 2755 1229 decedit.

371 1261 459 1315 θει
488 1260 588 1331 τῆς
614 1260 926 1334 ἐλευθερίας
950 1263 1368 1319 ἀντιποιεῖσθαι.
1407 1265 1517 1316 Καὶ
1544 1263 1597 1316 οί
1639 1261 1741 1332 μὲν
1785 1260 2106 1326 ὡπλίζοντο,
2151 1261 2203 1313 οἱ
2229 1260 2287 1314 δὲ
2342 1263 2474 1333 περὶ
2536 1263 2630 1317 τὸν
2668 1263 2916 1336 Αἰγλὼμ,
2951 1260 3146 1333 νεκρὸν
3176 1259 3340 1315 αὐτὸν
3385 1258 3638 1330 εὑρόντες

373 1355 461 1417 εἰς
484 1355 668 1424 φυγὴν
696 1353 1014 1423 τρέπονται,
1043 1355 1139 1408 καὶ
1170 1355 1490 1423 διωκόμενοι
1511 1350 1945 1422 διαφθείρονται.
2009 1350 2123 1403 Καὶ
2189 1349 2365 1415 οὕτως
2417 1352 2663 1420 Ἑϐραῖοι
2710 1352 2811 1422 τῆς
2876 1351 2985 1406 τῶν
3041 1350 3350 1405 Μωαϐιτῶν
3393 1345 3639 1410 δουλείας

371 1447 816 1518 ἐλευθεροῦνται.
870 1447 964 1518 Τῷ
1003 1448 1061 1500 δέ
1096 1447 1265 1513 Ἀὼθ,
1305 1451 1339 1514 ἡ
1389 1447 1483 1501 τοῦ
1551 1445 1794 1515 πλήθους
1843 1440 1986 1512 ἀρχὴ
2024 1442 2422 1514 ἐγκεχείριστο,
2470 1446 2531 1508 ὃς
2578 1444 2667 1499 ἐπ’
2714 1445 2893 1499 ἐτεσιν
2961 1443 3301 1513 ὀγδοήκοντα
3355 1440 3452 1495 τοῦ
3502 1436 3637 1492 λαοῦ

374 1536 759 1606 ἡγησάμενος,
798 1537 892 1592 τὸν
941 1537 1056 1609 βίον
1097 1539 1387 1593 κατέλυσε.
1432 1538 1593 1593 Μετὰ
1637 1538 1702 1590 δὲ
1763 1532 1954 1589 τοῦτον
1993 1532 2189 1601 Μεγὰρ
2229 1534 2345 1599 υίὸς
2414 1537 2584 1609 Δινὰχ
2613 1537 2808 1610 ἄρξας,
2840 1539 2933 1607 ⁸ἐν
2980 1532 3057 1607 τῷ
3087 1533 3293 1607 πρώτῳ
3334 1533 3434 1603 τῆς
3462 1529 3637 1599 ἀρχῆς

371 1631 613 1701 ἐνιαυτῷ
644 1631 1030 1704 τετελεύτηκε,
1066 1636 1316 1702 πατάξας
1341 1636 1450 1690 τῶν
1477 1633 1795 1705 ἀλλοφύλων
1824 1627 2077 1690 πολλούς.

451 1722 584 1779 ΚΓ.
616 1724 726 1777 Τοῦ
763 1725 823 1778 δὲ
849 1725 986 1781 λαοῦ
1008 1727 1120 1782 τῶν
1160 1727 1433 1798 Ἐϐραίων
1482 1728 1609 1790 τοὺς
1645 1725 1823 1788 θείους
1855 1738 1959 1776 πα-

374 1814 734 1885 ραϐαίνοντος
768 1819 990 1889 νόμους,
1015 1819 1286 1892 ὠργίζετο
1313 1824 1341 1874 ὁ
1368 1820 1503 1884 Θεὸς
1525 1836 1538 1851 ⁸
1570 1820 1668 1873 καὶ
1695 1818 1955 1887 Σισάρας,

2131 1721 2327 1778 XXIII.
2380 1725 2646 1780 lsraelitis
2695 1735 2881 1781 autem
2924 1724 2995 1780 ob
3025 1722 3260 1780 violatas
3293 1719 3512 1775 divinas
3558 1716 3639 1771 le-

2060 1831 2157 1886 ges
2210 1817 2353 1872 irato
2385 1819 2518 1883 Deo,
2560 1818 2777 1874 Sisaras
2809 1817 2964 1875 Jabis
3004 1814 3443 1872 Chananaaorum
3491 1808 3639 1880 regis

371 1908 401 1960 ὁ
428 1908 528 1961 τοῦ
574 1908 787 1981 Ἰαϐεὶμ
820 1909 1092 1981 βασιλέως
1134 1913 1244 1967 τῶν
1295 1911 1624 1966 Χαναναίων
1657 1909 1951 1981 ἀρχιστρά-⁸

2074 1909 2166 1964 lux
2200 1925 2298 1965 eos
2328 1926 2635 1981 aggressus,
2668 1911 2908 1982 graviter
2933 1909 3158 1975 afﬂixit,
3203 1915 3260 1963 et
3315 1902 3639 1961 tributarios

372 2015 562 2069 τηγος,
600 2001 857 2055 ἐπελθὼν
906 2003 1127 2068 αὐτοῖς,
1183 2002 1436 2057 ἐκάκωσε
1489 2020 1549 2056 τε
1605 2001 1832 2072 σφόδρα,
1863 2002 1957 2054 καὶ

374 2092 566 2162 φόροις
599 2093 863 2159 ὑπέϐαλε,
903 2097 998 2150 καὶ
1028 2090 1187 2166 εῐχον
1216 2095 1389 2159 οὕτως
1434 2097 1529 2149 ἐπὶ
1569 2094 1854 2156 ἐνιαυτοὺς
1883 2092 1960 2147 ετ-

375 2197 523 2234 κοσι.
574 2182 801 2251 Δευώρα
850 2184 908 2236 δέ
952 2201 1039 2246 τις
1083 2185 1359 2253 προφῆτις
1388 2184 1562 2256 (δηλοῖ
1610 2184 1667 2238 δὲ
1695 2183 1758 2237 τὸ
1790 2184 1961 2253 ὄνομα

375 2273 704 2345 μέλισσαν)
743 2275 886 2347 ὑπὲρ
925 2277 1019 2331 τοῦ
1045 2277 1176 2330 λαοῦ
1209 2279 1490 2331 ἱκέτευσεν
1522 2276 1617 2331 τὸν
1659 2277 1814 2331 Θεόν.
1849 2278 1962 2332 Καὶ

375 2368 406 2418 ὁ
435 2367 572 2433 Θεὸς
620 2368 910 2437 ἐπένευσε,
947 2370 1046 2425 καὶ
1090 2373 1399 2443 στρατηγὸν
1430 2371 1706 2440 αἱρεῖσθαι
1747 2371 1961 2426 κελεύει

377 2457 596 2526 Βαρὰκ,
622 2460 953 2529 ἀστραπὴν
1015 2462 1073 2516 δὲ
1127 2463 1290 2517 τοῦτο
1343 2463 1605 2534 σημαίνει
1667 2463 1812 2519 κατά
1862 2463 1963 2533 τὴν

389 2548 664 2620 Ἐϐραίων
690 2552 973 2606 διάλεκτον
1002 2567 1017 2582 ⁸
1043 2549 1111 2625 ἦν
1146 2555 1192 2609 δ’
1212 2557 1277 2608 ἐκ
1299 2556 1400 2625 τῆς
1427 2554 1767 2625 Νεφθαλίδος
1790 2554 1963 2625 φυλῆς

379 2642 409 2696 ὁ
433 2642 599 2711 ἀνήρ.
628 2644 739 2697 Καὶ
763 2646 798 2714 ἡ
824 2646 1052 2718 Δευώρα
1082 2647 1173 2700 τὸν
1200 2647 1391 2717 Βαρὰκ
1419 2646 1800 2719 προετρέψατο
1824 2644 1964 2700 κατὰ

379 2735 496 2789 τῶν
526 2736 806 2808 πολεμίων
847 2739 985 2792 ἰέναι
1037 2739 1180 2809 μετὰ
1226 2740 1366 2793 νέων
1409 2739 1646 2810 μυρίων,
1682 2737 1844 2792 τοῦτο
1873 2755 1965 2792 κε·-

382 2827 638 2892 λεύοντος
667 2830 762 2882 τοῦ
804 2829 965 2883 Θεοῦ.
1012 2830 1069 2883 Ὀ
1098 2831 1156 2884 δὲ
1198 2830 1462 2901 κάκείνην
1493 2829 1692 2901 ἀπῄτει
1724 2846 1965 2899 συστρα-

382 2923 600 2991 τηγεῖν.
620 2921 879 2975 Πείθεται
910 2923 943 2991 ἡ
973 2922 1131 2992 γυνὴ,
1152 2923 1248 2975 καὶ
1287 2923 1468 2993 μάχης
1491 2923 1590 2976 σὺν
1611 2923 1722 2984 τοῖς
1749 2908 1967 2991 μυρίοις

384 3008 768 3078 συῤῥαγείσης
804 3009 993 3071 αὐτοῖς
1037 3010 1175 3080 πρὸς
1204 3009 1298 3063 τὸν
1335 3010 1596 3079 Σισάραν,
1628 3010 1835 3080 ὄμϐρος
1870 3027 1968 3064 κα-

350 3093 640 3169 ’ταχεῖται
664 3101 860 3165 πολὺς,
916 3101 1013 3156 καὶ
1044 3103 1259 3171 χάλαζα
1288 3104 1760 3176 καταρρήγνυται.
1781 3104 1969 3158 Ταῦτα

382 3192 444 3246 δὲ
472 3192 620 3247 κατὰ
652 3193 950 3264 πρόσωπον
978 3195 1089 3248 τῶν
1132 3197 1410 3267 πολεμίων
1467 3197 1572 3250 ὑπὸ
1623 3194 1720 3250 τοῦ
1763 3196 1967 3266 ἀνέμου

384 3282 676 3353 ἠλαύνετο,
711 3286 807 3338 καὶ
853 3288 973 3349 ταῖς
1008 3286 1196 3357 ϐῲεσιν
1224 3289 1554 3342 ἐπεσκότουν
1580 3287 1784 3342 αὐτῶν.
1821 3290 1965 3341 Κάν·
1997 3266 2039 3325 C

383 3374 587 3428 τεῦθεν
610 3375 896 3432 ἐνέκλιναν
925 3379 1006 3441 εἰς
1035 3379 1470 3450 φυγήν.Φεύγων
1498 3380 1554 3434 δὲ
1582 3380 1678 3434 καὶ
1707 3378 1966 3450 Σισάρας,

385 3466 535 3538 πρός
580 3485 706 3522 τινα
763 3472 1003 3537 γυναῖκα
1057 3472 1356 3541 κατέφυγε,
1396 3471 1751 3541 κατακρύψαι
1806 3470 1970 3526 αὑτὸν

386 3559 585 3623 ἀξιῶν.
614 3559 761 3631 Ἰαὴλ
815 3560 1104 3631 ὠνόμαστο
1147 3562 1183 3633 ἡ
1215 3562 1375 3633 γυνή.
1431 3562 1497 3617 Ἡ
1535 3561 1593 3615 δέ
1621 3561 1839 3632 δέχεται
1874 3563 1974 3616 αύ-

388 3651 511 3715 τὸν,
543 3651 637 3703 καὶ
668 3650 855 3704 δίδωσι
904 3650 1046 3720 γάλα
1076 3653 1245 3718 πιεῖν,
1290 3653 1388 3707 καὶ
1424 3651 1483 3716 ὃς
1521 3647 1664 3707 πιὼν
1699 3651 1969 3709 ὕπνωσεν.

391 3742 747 3813 Κοιμωμένῳ
790 3743 836 3797 δ’
877 3743 1030 3815 αὐτῷ
1078 3743 1309 3798 ἐπέθετο
1347 3744 1516 3816 Ἰαὴλ,
1565 3745 1662 3799 καὶ
1705 3740 1837 3823 ἧλον
1887 3746 1976 3801 διὰ

391 3836 490 3888 τοῦ
528 3837 808 3907 κροτάφου
845 3836 1016 3891 αὐτοῦ
1045 3837 1310 3902 ἐλάσασα,
1339 3837 1419 3907 τῷ
1443 3836 1633 3907 ἐδάφει
1662 3853 1978 3909 προσεπατ-

388 3930 655 3993 τάλευσε,
686 3931 782 3983 καὶ⁸
817 3933 932 3992 τοῖς
959 3929 1094 4000 περὶ
1125 3929 1217 3983 τδν
1248 3920 1440 4001 Βαρόωὶ
1467 3928 1661 4000 νεκρὸν
1693 3931 1786 3982 τὸν
1815 3929 1979 3983 πολέ-

393 4040 527 4092 μιον
549 4021 810 4076 δείκνυσι.
840 4021 1187 4093 Στρατεύσας
1210 4021 1268 4076 δέ
1297 4023 1393 4076 καὶ
1411 4022 1505 4077 ἐπὶ
1525 4020 1722 4086 Ἰαϐεὶς
1753 4021 1980 4091 βασιλέα

387 4114 693 4169 Χαναναὰν
734 4115 763 4167 ὁ
788 4115 982 4185 Βαρὰκ
1001 4154 1015 4176 ,
1045 4113 1205 4168 αὐτόν
1231 4128 1293 4166 τε
1327 4112 1535 4167 ἔκτεινε
1553 4150 1569 4175 ,
1615 4113 1713 4166 καὶ
1741 4111 1842 4182 τὴν
1880 4111 1980 4165 πό-

388 4208 480 4261 λιν
514 4206 856 4276 κατέσκαψε.
882 4207 987 4261 Καὶ
1010 4205 1400 4276 στρατηγήσας
1425 4206 1513 4259 ἐπ’
1536 4205 1633 4278 ἐτη
1657 4206 1978 4276 τριάκοντα,

388 4299 635 4369 τελευτᾷ
663 4299 757 4353 καὶ
788 4298 1044 4370 Δευώρας
1079 4299 1220 4353 κατά
1248 4298 1339 4352 τὸν
1371 4298 1535 4353 αὐτὸν
1562 4298 1831 4371 θανούσης
1861 4318 1983 4355 καιο

393 4394 517 4466 ρον.
553 4388 689 4447 Εῐτα
710 4392 1038 4446 Μαδιανῖται
1065 4392 1162 4445 σὺν
1205 4391 1605 4460 Ἀμαληκίταις
1628 4391 1728 4447 καὶ
1750 4391 1979 4463 Ἀραψι,

398 4488 556 4558 μάχῃ
608 4486 735 4548 τοὺς
790 4482 1139 4555 Ἰσραηλίτας
1188 4482 1507 4554 ἐτρέψαντο.
1560 4481 1672 4536 Καὶ
1725 4483 1818 4537 ἐπὶ
1884 4484 1981 4555 ἔτη

394 4577 547 4629 ἑπτὰ
611 4574 1009 4644 ἐπιτιθεμένων
1062 4572 1291 4637 αὐτοῖς,
1332 4573 1490 4643 λιμὸς
1540 4568 1633 4645 ἦν.
1684 4574 1782 4627 καὶ
1837 4576 1980 4628 σπά-

393 4686 483 4731 νις
547 4666 661 4721 τῶν
712 4666 1061 4733 ἀναγκαίων,
1118 4665 1213 4718 καὶ
1273 4665 1484 4719 ἐδέοντο
1516 4666 1611 4719 τοῦ
1666 4665 1828 4720 Θεοῦ.
1880 4666 1981 4720 Γε-

393 4759 543 4815 δεὼν
572 4758 631 4811 δέ
669 4755 840 4826 φυλῆς
870 4756 945 4809 ὢν
969 4754 1265 4826 Μανασσῆ,
1301 4755 1598 4827 δράγματα
1625 4755 1874 4827 σταχύων
1903 4757 1984 4821 είς

393 4853 494 4906 τδν
523 4850 690 4918 ληνὸν
726 4848 924 4901 ἐκοπτε
952 4845 1163 4918 κρύφα,
1195 4847 1289 4900 καὶ
1310 4847 1416 4917 ὁρᾶ
1440 4847 1565 4901 τινὰ
1591 4848 1651 4901 ἐν
1690 4848 1821 4902 εἴδει
1857 4864 1985 4902 νεα-

398 4941 595 4995 νίσκου
629 4938 956 5009 παρεστῶτα
983 4936 1155 5007 αὐτῷ,
1183 4937 1279 4990 καὶ
1307 4934 1602 4999 καλοῦντος
1632 4936 1797 4991 αὐτὸν
1831 4937 1986 5005 φίλον

396 5033 481 5104 τῷ
514 5030 639 5101 Θεῷ
693 5031 791 5083 καὶ
819 5029 1138 5098 εὐδαίμονα.
1180 5028 1242 5080 '0
1285 5026 1329 5080 δ’
1365 5027 1822 5097 εἰρωνευόμενος,
1853 5044 1985 5082 τεκ-

403 5129 615 5200 μήριον
674 5124 866 5191 ἔλεγεν
930 5118 1074 5176 εἶναι
1123 5121 1292 5176 αὑτοῦ
1346 5120 1449 5190 τῆς
1508 5119 1878 5188 εὐόαιμονίας,
1928 5121 1999 5174 τὸΔ

400 5216 724 5291 κεχρῆσθαι
763 5215 843 5287 τῷ
891 5213 1043 5285 ληνῷ
1090 5214 1213 5268 ἀντὶ
1258 5212 1486 5274 ἅλωνος.
1530 5212 1642 5265 Καὶ
1698 5212 1728 5264 ὁ
1768 5213 1988 5276 νεανίας

402 5312 640 5381 θαρρεῖν
699 5307 797 5361 καὶ
854 5304 1113 5359 σπεύδειν
1168 5303 1321 5373 αύτῷ
1386 5300 1794 5374 παρεκελεύετο
1849 5302 1991 5375 ὑπὲρ

402 5401 729 5472 ἐλευθερίας
786 5399 897 5452 τῶν
950 5397 1220 5469 φυλετῶν.
1256 5397 1466 5451 Γεδεὼν
1514 5396 1572 5449 δὲ
1624 5396 1870 5451 ἱκέτευσε
1900 5399 1992 5452 τὸν

402 5493 765 5563 φαινόμενον,
797 5492 875 5561 μὴ
909 5488 1311 5559 μεταναστῆναι
1343 5486 1575 5541 ἐκεῖθεν.
1602 5487 1712 5540 Καὶ
1735 5485 1993 5541 εἰσελθὼν

403 5587 637 5656 ἐκόμισε
688 5581 908 5636 θυσίαν.
947 5580 1058 5632 Καὶ
1088 5579 1115 5631 ὁ
1147 5579 1378 5647 ἄγγελος
1419 5579 1594 5631 θεῖναι
1622 5576 1792 5648 αὐτὴν
1842 5580 1996 5649 παρὰ

402 5679 509 5750 τὴν
543 5679 760 5747 πέτραν
811 5671 1092 5726 ἐκέλευσε.
1142 5671 1252 5724 Καὶ
1282 5672 1348 5740 τῇ
1409 5669 1590 5739 ῥάϐδῳ
1632 5667 1850 5737 ψαύσας
1894 5670 1996 5739 τῆς

406 5770 640 5838 πέτρας,
691 5763 809 5835 πῦρ
856 5760 1073 5832 ἀνῆψεν
1117 5760 1450 5830 αὐτόματον,
1501 5762 1598 5813 καὶ
1647 5758 1748 5829 τὴν
1803 5758 1996 5814 θυσίαν

404 5862 774 5918 κατέκαυσεν.
811 5852 948 5911 Εἶτα
999 5852 1172 5912 ᾔτησε
1215 5854 1308 5907 τὸν
1354 5851 1487 5907 Θεὸν
1539 5852 1746 5905 Γεδεὼν
1779 5853 1872 5905 ἐπὶ¹
1903 5852 1996 5906 τὸν

2057 2000 2277 2057 effecit:
2314 2001 2370 2056 in
2398 2017 2510 2072 quo
2559 2011 2705 2058 statu
2731 2017 2907 2057 annos
2953 1999 3636 2072 viginti'permanserunt.

2060 2093 2199 2148 Tum
2230 2094 2476 2156 Debora,
2512 2089 2733 2149 fatidica
2764 2093 2963 2148 mulier
2992 2094 3161 2163 (apem
3189 2091 3401 2146 Latinis
3429 2088 3633 2160 sonat),

2060 2198 2287 2243 exorato
2317 2188 2448 2254 Deo,
2483 2188 2749 2243 Baracum
2784 2190 2966 2243 virum
2988 2202 3055 2242 ex
3088 2185 3419 2255 Nephthalia
3447 2183 3633 2249 tribu,

2063 2276 2214 2332 illius
2236 2277 2394 2349 jussu
2421 2278 2618 2333 ducem
2649 2286 2834 2344 creat;
2862 2275 3046 2348 fulgur
3075 2275 3324 2331 Hebraeis
3350 2274 3403 2329 id
3431 2288 3636 2328 nomen

2061 2365 2352 2438 significat.
2394 2366 2661 2423 Hortatur
2704 2378 2766 2424 ut
2809 2367 3001 2423 decem
3053 2365 3301 2421 millibus
3357 2364 3639 2429 virorum,

2063 2454 2528 2529 quemadmodum
2570 2461 2717 2515 Deus
2747 2460 3016 2531 jusserit,
3070 2456 3376 2528 assumptis
3399 2496 3416 2520 ,
3450 2455 3641 2534 hostes

2065 2553 2321 2609 invadat:
2351 2555 2467 2625 ipsa
2493 2564 2713 2625 petente
2740 2555 2833 2610 illo
2864 2570 2971 2609 una
3002 2552 3395 2624 proficiscitur,
3421 2538 3643 2620 imperii

2064 2645 2362 2717 particeps.
2402 2647 2599 2702 Prmlio
2638 2663 2762 2702 cum
2805 2647 2994 2702 decem
3027 2645 3138 2700 illis
3168 2644 3415 2699 millibus
3445 2642 3644 2697 adver-

2067 2753 2163 2793 sus
2190 2737 2427 2793 Sisaram
2456 2739 2755 2794 commisso
2786 2754 3015 2810 magnus
3049 2736 3227 2793 imber
3257 2734 3553 2800 delabitur,
3587 2741 3646 2789 et

2067 2832 2275 2901 grando
2317 2831 2596 2901 erumpit,
2632 2847 2754 2902 quae
2787 2847 2815 2886 a
2860 2839 3027 2903 vento
3058 2830 3114 2884 in
3154 2827 3395 2884 hostium
3445 2827 3644 2882 faciem

2067 2932 2209 2988 acta,
2245 2932 2526 2994 aspectum
2560 2923 2671 2979 illis
2702 2924 2950 2995 eripiunt
2982 2922 3168 2993 itaque
3196 2938 3212 2989 ;
3246 2920 3302 2974 in
3336 2919 3517 2991 fugam
3558 2919 3645 2974 in-

2068 3014 2295 3080 clinant,
2331 3017 2385 3070 in
2427 3031 2535 3086 qua
2571 3015 2788 3072 Sisaras
2826 3016 2993 3071 etiam
3021 3014 3089 3070 ad
3121 3012 3413 3068 mulierem
3453 3027 3651 3083 quam-

2070 3105 2201 3161 dam
2229 3106 2445 3163 Jaclem.
2472 3108 2695 3163 nomine
2729 3107 3001 3178 confugit,
3033 3115 3095 3162 ut
3122 3105 3192 3161 ab
3234 3119 3300 3160 ea
3339 3104 3647 3160 occultare-

2054 3209 2185 3254 :tur.
2212 3200 2309 3255 illa
2331 3202 2539 3271 excipit
2556 3200 2862 3265 hominem,
2883 3208 2939 3255 et
2964 3200 3050 3254 lac
3078 3197 3378 3253 bibendum
3399 3196 3643 3267 praebet:

2071 3306 2182 3358 quo
2210 3300 2396 3362 epoto,
2414 3292 2531 3349 Joel
2557 3292 2796 3362 sopitum
2833 3306 3108 3363 aggressa,
3137 3298 3301 3359 caput
3332 3288 3455 3360 ejus
3477 3287 3648 3344 clavis

2072 3384 2226 3440 humi
2259 3384 2446 3455 atligit,
2486 3395 2542 3440 et
2570 3386 2778 3441 Baraco
2801 3393 3080 3440 mortuum
3115 3383 3331 3436 hostem
3366 3379 3647 3445 ostendit,

2071 3477 2165 3547 qui
2202 3477 2371 3533 armis
2412 3486 2603 3533 contra
2631 3477 2811 3533 Jabim
2841 3476 3275 3532 Chananmorum
3305 3487 3489 3543 regem
3510 3486 3655 3526 con«

2073 3569 2268 3632 versis,
2307 3577 2363 3624 et
2390 3569 2573 3639 ipsum
2603 3569 2828 3636 occidit,
2853 3576 2909 3624 et
2942 3567 3134 3623 urbem
3158 3562 3263 3636 31
3301 3565 3419 3620 solo
3442 3570 3646 3634 aequat.

2073 3661 2331 3729 Moritur,
2373 3676 2500 3717 cum
2545 3677 2723 3717 annos
2768 3661 2990 3733 triginta
3020 3660 3390 3730 imperasset:
3431 3657 3650 3716 Debita

2073 3753 2243 3809 etiam
2281 3753 2427 3809 circa
2458 3754 2602 3809 idem
2637 3763 2857 3824 tempus
2888 3752 3168 3808 defuncta.
3198 3752 3348 3814 Post,
3379 3747 3650 3804 Madiani-

2078 3851 2147 3900 ta:
2188 3828 2315 3900 cum
2352 3845 2630 3900 Arabibus
2659 3852 2716 3899 et
2755 3841 3113 3898 Amalechitis
3158 3839 3436 3895 lsraclitas
3464 3837 3653 3908 praelio

2078 3935 2321 3992 fundunt
2377 3937 2700 4008 fugantque.
2768 3936 3014 4002 Quorum
3069 3930 3481 3989 incursionibus
3557 3945 3660 3998 per

2079 4038 2291 4100 septem
2322 4044 2499 4085 annos
2532 4029 2780 4098 fatigati,
2827 4043 2893 4083 ac
2927 4027 2994 4082 ad
3025 4034 3325 4097 egestatem
3357 4031 3416 4079 et
3452 4022 3654 4078 famem

2081 4121 2315 4186 redacti,
2339 4121 2582 4176 divinam
2608 4136 2766 4189 opem
2793 4118 3106 4188 implorant.
3129 4116 3257 4171 Erat
3288 4124 3400 4168 tum
3431 4113 3658 4184 quidam

2083 4213 2269 4268 tribus
2293 4213 2589 4268 Manassea:
2621 4213 2703 4266 vir
2730 4211 2976 4275 Gedeon,
3002 4210 3095 4279 qui
3126 4206 3441 4277 manipulos
3476 4206 3660 4275 spica-

2083 4319 2207 4357 rum
2262 4301 2320 4355 in
2361 4301 2633 4357 torculari
2668 4314 2863 4356 secans
2888 4340 2904 4364 ,
2949 4296 3242 4369 quemdam
3291 4294 3661 4351 adolescentis

2085 4395 2278 4449 habitu
2320 4393 2423 4447 sibi
2470 4395 2818 4449 assistcutem
2846 4391 2999 4445 videt
3026 4405 3041 4454 ;
3073 4406 3103 4444 a
3156 4404 3265 4457 quo
3299 4404 3424 4443 cum
3457 4397 3518 4443 ut
3549 4387 3661 4442 Deo

2084 4486 2285 4540 charus
2321 4493 2377 4538 et
2406 4484 2599 4538 beatus
2624 4482 3021 4552 praedicaretur
3044 4521 3058 4545 ,
3103 4481 3196 4535 illc
3225 4478 3466 4533 irridens
3499 4497 3512 4533 :
3548 4476 3664 4533 Hoc

2015 4607 2060 4663 Β
2083 4575 2300 4637 scilicet,
2333 4574 2533 4644 inquit,
2554 4575 2764 4644 signum
2795 4583 2869 4627 est
2900 4573 3167 4627 beatilatis
3200 4586 3349 4637 mem,
3374 4568 3514 4640 quod
3554 4578 3664 4624 tor-

2085 4670 2259 4725 culari
2284 4685 2380 4739 pro
2415 4685 2543 4724 area
2592 4678 2734 4722 utor.
2775 4667 3113 4721 Adolescens
3143 4680 3270 4719 cum
3300 4665 3448 4719 bono
3478 4664 3667 4719 animo

2086 4774 2210 4815 esse
2233 4758 2414 4824 jubet,
2444 4772 2509 4811 ac
2543 4771 2778 4827 propere
2812 4753 3161 4809 vindicandze
3205 4752 3557 4822 popularium
3591 4754 3662 4807 li-

2086 4851 2319 4906 bertatis
2366 4863 2554 4903 curam
2586 4848 2891 4916 suscipere.
2944 4846 3168 4902 Gedeon
3200 4860 3327 4929 cum
3361 4844 3455 4923 qui
3488 4860 3662 4916 appa-

2089 4954 2295 5008 ruerat,
2343 4953 2463 4997 orat
2502 4957 2570 4996 ne
2595 4942 2931 5005 discederet,
2965 4954 3028 4994 ac
3058 4941 3340 5010 ingressus
3383 4939 3662 4994 victimam

2089 5036 2268 5091 affert.
2336 5034 2468 5088 Eam
2525 5032 2753 5103 angelus
2808 5033 2962 5103 juxta
3020 5045 3213 5100 rupem
3267 5029 3398 5100 poni
3464 5029 3661 5100 jubet:

2089 5143 2252 5199 quam
2306 5141 2431 5181 cum
2483 5125 2681 5180 baculo
2731 5124 3029 5193 tetigisset,
3067 5123 3210 5193 ignis
3245 5124 3396 5178 ultro
3434 5130 3668 5176 exortus

2090 5219 2372 5274 victimam
2419 5214 2747 5271 combussit.
2802 5213 3013 5269 Deinde
3049 5214 3189 5285 petit
3217 5230 3249 5267 a
3281 5215 3390 5268 Deo
3419 5212 3666 5275 Gedeon,

2091 5320 2153 5364 ut
2179 5326 2270 5366 ros
2291 5312 2346 5366 in
2387 5310 2564 5365 vellus
2601 5307 2946 5374 descendat,
2983 5317 3041 5362 ct
3089 5306 3395 5361 descendit.
3454 5305 3668 5360 Rursus

2052 5442 2057 5447 -
2092 5404 2231 5474 petit
2270 5413 2330 5457 ut
2376 5418 2499 5456 rore
2551 5401 2715 5456 tellus
2752 5399 3053 5462 madescat,
3089 5399 3265 5453 vellus
3302 5397 3513 5454 siccum
3548 5415 3670 5453 rna-

2093 5502 2262 5548 neat:
2290 5491 2477 5560 itaque
2507 5490 2711 5545 factum
2742 5496 2848 5544 est.
2890 5490 3054 5543 Paret
3091 5482 3277 5556 itaque
3297 5487 3521 5545 Gedeon
3545 5528 3560 5552 ,
3618 5499 3670 5543 et

2096 5584 2285 5638 decem
2314 5580 2484 5634 millia
2513 5580 2755 5633 virorum
2786 5587 2978 5632 contra
3008 5577 3196 5633 hostes
3230 5586 3429 5643 armat,
3463 5595 3672 5650 eosque

2091 5676 2247 5747 jussu
2285 5671 2382 5726 Dei
2415 5670 2519 5725 sub
2548 5668 2836 5724 meridiem
2875 5669 2943 5723 ad
2993 5667 3197 5723 flumen
3240 5667 3440 5725 ducit:
3471 5677 3528 5722 et
3575 5669 3671 5738 qui

2097 5760 2394 5818 lambendo
2430 5773 2496 5814 ac
2535 5757 2863 5812 festinanter
2924 5757 3353 5829 circumagendo
3387 5772 3469 5825 se,
3516 5755 3669 5812 bibe-

2103 5861 2227 5911 rant
2264 5851 2343 5912 (hi
2370 5848 2604 5906 trecenti
2633 5850 2837 5912 erant).
2867 5864 2965 5907 eos
2997 5850 3208 5907 relictis
3242 5849 3456 5907 ctetcris
3479 5857 3681 5909 contra.
