4098 6402
457 419 564 485 115

1755 421 2084 482 JOANNIS
2122 419 2442 481 ΖΟΝΑΒᾹΞ

3610 411 3708 477 116

453 539 671 594 hostem
697 535 872 594 ducit.
901 535 1102 603 Noctu,
1138 551 1250 591 uno
1281 536 1458 592 milite
1497 550 1685 592 secum
1717 547 2026 608 assumpto,

2133 540 2300 592 πόκον
2350 532 2606 604 γενέσθαι
2659 533 2874 604 δρόσον,
2939 534 3032 585 xa‘t
3083 531 3324 600 ἐγένετο.
3381 528 3492 584 Καὶ
3544 527 3708 593 αὖθις

449 639 630 685 castra
660 629 905 685 hostium
926 627 1225 700 ingressus,
1253 627 1411 684 audit
1436 629 1728 699 quemdam
1753 645 1854 684 suo
1887 645 2024 686 con-

449 722 727 778 tubernali
765 732 1078 777 narrantem
1123 736 1183 776 se
1243 721 1451 777 vidisse
1492 723 1546 777 in
1585 722 1792 777 somnis
1828 737 2024 792 panem

447 814 843 880 hordeaceam,
884 815 978 884 qui
1019 829 1117 884 per
1165 821 1345 869 castra
1392 814 1735 868 volutaretur
1779 823 1837 868 et
1881 813 2028 884 regis

447 910 614 972 atque
641 902 920 958 exercitus
957 901 1313 958 tabernacula
1365 901 1668 973 dejiceret:
1707 902 1847 958 alter
1875 917 2026 956 som-

447 994 603 1048 nium
641 993 718 1055 id,
748 994 1026 1050 exercitus
1057 995 1342 1050 interitum
1404 996 1734 1064 portendere
1777 995 2028 1065 conjicit,

446 1084 762 1141 Gedeonem
798 1099 924 1141 cum
950 1087 1069 1141 suis
1099 1085 1171 1141 ob
1203 1087 1540 1156 paucitatem
1578 1095 1636 1141 et
1666 1085 2026 1141 imbecillita-

454 1189 564 1232 tem
592 1178 717 1249 pani
745 1178 1061 1234 hordeaceo
1092 1194 1446 1248 comparans.
1482 1179 1582 1233 His
1605 1177 1833 1234 'Gedeon
1869 1177 2028 1232 audi-

453 1271 546 1335 tis,
571 1269 817 1324 animutn
853 1271 1082 1340 recepit.
1111 1283 1167 1325 et
1198 1271 1253 1325 in
1282 1281 1461 1327 castra
1486 1285 1764 1333 reversus,
1798 1284 1929 1324 suos
1972 1269 2026 1324 in

449 1365 618 1427 armis
641 1379 782 1428 esse,
801 1364 1157 1434 exercituque
1180 1364 1232 1419 in
1254 1374 1366 1420 tres
1383 1365 1660 1420 centurias
1684 1362 1882 1426 diviso,
1907 1377 2029 1417 am-

450 1452 680 1520 phoram
702 1465 929 1506 vacuam
948 1452 1193 1523 singulos
1203 1467 1328 1506 cum
1346 1451 1466 1506 face
1483 1452 1711 1507 ardente
1726 1450 2030 1505 etarietino

450 1537 771 1595 cornuferre
789 1540 968 1609 jubet.
993 1539 1151 1595 Circa
1168 1540 1407 1611 vigiliam
1430 1541 1870 1611 noctisquartam
1891 1538 2032 1594 edu-

451 1631 529 1685 cit
544 1645 642 1686 eos
665 1641 857 1686 contra
881 1631 1314 1704 hostes:quibus
1334 1649 1458 1688 cum
1475 1632 2030 1702 appr0pinquassent,

449 1731 505 1776 et
531 1723 800 1778 cornibus
823 1723 1174 1789 cecinerunt,
1200 1732 1258 1778 et
1292 1725 1587 1793 amphoras
1616 1723 2029 1794 confregerunt,

2123 631 2314 702 δρόσον
2351 629 2552 700 ᾔτησεν
2611 628 2705 679 ἐπὶ
2752 628 2934 679 πᾶσαν
2974 625 3072 695 τὴν
3125 625 3229 692 γῆν
3281 621 3562 690 γενέσθαι,
3611 623 3708 675 ἐπὶ

2126 721 2218 774 τὸν
2249 723 2417 773 πόκον
2445 719 2500 772 δὲ
2528 717 2814 788 ξηρασίαν·
2838 718 2930 770 καὶ
2957 717 3185 783 γέγονεν
3213 713 3410 775 οὕτως.
3443 713 3708 766 Πείθεται

2126 806 2222 864 οὖν
2252 812 2281 863 ὁ
2308 809 2539 870 Γεδεὼν,
2573 808 2668 860 καὶ
2710 809 2808 859 σὺν
2859 806 3074 876 μυρίοις
3117 804 3260 857 κατὰ
3291 801 3402 854 τῶν
3449 801 3709 854 ἐναντίων

2125 901 2418 966 ὡπλίζετο.
2453 897 2586 954 Εῐτα
2619 899 2808 970 ἐντολῇ
2854 897 2950 951 τοῦ
2981 895 3120 950 Θεοῦ
3153 898 3277 965 άγει
3326 895 3536 956 πάντας
3565 893 3708 946 κατὰ

2131 994 2509 1064 μεσημϐρίαν,
2565 995 2660 1046 ἐπὶ
2705 993 2798 1045 τὸν
2836 991 3104 1060 ποταμόν.
3145 991 3257 1042 Kal.
3303 989 3430 1049 τοὺς
3474 987 3572 1056 μὲν
3608 985 3707 1038 λά-

2127 1087 2335 1156 ψαντας
2371 1087 2430 1139 ἐν
2455 1085 2535 1151 τῷ
2557 1084 2758 1148 πίνειν,
2797 1082 2894 1136 καὶ
2927 1082 3070 1152 μετὰ
3103 1080 3340 1150 σπουδῆς
3371 1080 3445 1142 ὡς
3481 1076 3706 1146 περιφό-

2131 1196 2266 1252 ρους
2297 1178 2412 1249 (£5)
2449 1178 2673 1240 πιόντας
2710 1176 3038 1248 (τριακόσιοι
3083 1174 3140 1227 δέ
3185 1170 3329 1245 ἦσαν
3367 1167 3536 1240 οὗτοι)
3567 1171 3708 1240 ἔχων

2132 1271 2251 1340 μεθ’
2288 1270 2508 1337 ἐαυτοῦ,
2551 1268 2721 1341 ἀπῄει
2761 1268 2899 1340 πρὸς
2924 1267 3018 1321 τὸν
3041 1267 3306 1337 πόλεμον.
3335 1264 3477 1327 Τοὺς
3510 1263 3569 1317 δὲ
3597 1262 3708 1315 λοι-

2129 1364 2263 1427 ποὺς
2295 1362 2706 1416 καταλέλοιπεν.
2743 1361 2955 1424 Νυκτὸς
2977 1360 3036 1415 δὲ
3065 1360 3163 1413 ἕνα
3203 1359 3310 1412 τῶν
3342 1354 3720 1428 στρατιωτῶν·

2130 1451 2599 1523 προσλαϐόμενος,
2639 1450 2883 1521 ἀπῆλθεν
2933 1452 3014 1514 είς
3055 1449 3117 1503 τὸ
3153 1447 3268 1520 (46)
3299 1448 3407 1501 τῶν
3447 1446 3708 1500 ἐναντίων

2133 1545 2522 1618 στρατόπεδον.
2553 1544 2669 1599 Καὶ
2706 1543 2898 1598 ἀκούει
2939 1543 3059 1607 ἐνός
3096 1558 3245 1604 τινος
3275 1539 3386 1593 τῶν
3431 1538 3711 1606 πολεμίων

2129 1637 2207 1708 τῷ
2253 1637 2612 1706 συσκηνοῦντι
2647 1631 3036 1706 διηγουμένου,
3077 1634 3153 1696 ὡς
3181 1633 3363 1699 ἔδοξεν
3413 1631 3554 1700 ὁρᾷν
3583 1628 3708 1681 καθ’

2133 1731 2336 1795 ὕπνους
2369 1728 2550 1801 μάζαν
2592 1728 2846 1800 κριθίνην
2879 1727 2968 1782 διά
2991 1725 3087 1780 τοῦ
3125 1725 3494 1794 στρατοπέδου
3528 1722 3708 1774 κυλιο-

448 1826 508 1868 et
559 1815 803 1871 clamore
859 1816 1079 1872 sublato
1125 1831 1253 1871 cum
1291 1816 1512 1871 facibus
1567 1816 1872 1871 irruerunt.
1908 1815 2028 1869 Haec

2137 1820 2327 1891 μένην,
2360 1819 2396 1892 ἡ
2432 1820 2533 1892 τὴν
2573 1817 2670 1872 τοῦ
2717 1817 2986 1888 βασιλέως
3039 1816 3246 1887 σκηνὴν
3277 1813 3579 1876 κατέϐαλε,
3615 1813 3711 1866 καὶ

450 1905 740 1963 horrorem
762 1907 1018 1964 hostibus
1045 1909 1328 1964 incussere
1353 1925 1369 1964 :
1398 1919 1456 1964 et
1485 1907 1617 1963 dum
1638 1909 1732 1963 alii
1761 1908 1830 1963 ab
1875 1906 2028 1962 hoste

2133 1911 2232 1974 τὰς
2261 1888 2825 1983 ᾐτούνστρατεύματος
2851 1925 2866 1940 °
2902 1911 2930 1964 ό
2961 1909 3054 1974 δὲ,
3092 1906 3190 1962 τοῦ
3238 1903 3476 1976 στρατοῦ
3516 1903 3712 1974 δηλοῦν

451 1997 776 2063 exeduntur,
836 1998 954 2066 alii,
1000 2007 1058 2053 et
1101 1997 1326 2069 quidem
1346 1998 1507 2069 longe
1559 1997 1783 2068 plures,
1823 1996 2030 2066 quippe

452 2099 644 2154 noctu,
701 2105 734 2145 a
774 2090 897 2146 suis
928 2090 1306 2155 trucidantur,
1353 2089 1460 2160 52
1510 2089 1625 2144 fere
1659 2103 1859 2142 omnes
1899 2096 2032 2142 sunt

452 2178 642 2241 deleti,
670 2194 798 2234 cum
831 2179 1052 2234 duobus
1085 2181 1312 2250 regibus
1349 2180 1533 2235 Orebo
1565 2188 1622 2233 et
1661 2178 1832 2232 Zeno.
1881 2178 2032 2233 Reli-

452 2271 599 2341 quia:
628 2271 834 2327 ducum
868 2280 1036 2342 atque
1068 2272 1352 2327 exercitus
1400 2271 1678 2342 fugientes
1708 2311 1724 2336 ,
1762 2289 1792 2325 a
1819 2270 2033 2326 Gedeo-

451 2362 560 2417 niis
602 2363 1007 2433 comprehensi,
1049 2379 1241 2419 omnes
1299 2365 1640 2420 ceciderunt.
1679 2361 1880 2419 Tenuit
1921 2363 2028 2417 im-

451 2454 668 2523 perium
699 2454 923 2512 Gedeon
965 2473 1142 2511 annos
1165 2457 1551 2528 quadraginta,
1582 2467 1637 2513 et
1669 2473 1836 2512 senex
1857 2455 2026 2522 obiit,

449 2546 916 2618 ﬁliislegitimise
953 2549 1209 2617 pluribus
1247 2551 1515 2604 uxoribus
1554 2548 1903 2620 septuaginta
1943 2564 2031 2604 re-

449 2637 616 2706 lictis,
643 2648 708 2694 et
752 2657 862 2695 uno
902 2658 933 2696 e
967 2641 1306 2706 concubina,
1340 2642 1740 2698 Abimeleclto:
1783 2643 1876 2712 qui
1919 2641 2030 2695 fra-

451 2732 632 2787 tribus
661 2733 944 2797 omnibus,
991 2750 1102 2788 uno
1130 2735 1400 2790 Joathane
1436 2735 1565 2805 fuga
1615 2735 1824 2805 elapso,
1860 2733 2030 2788 truci-

450 2823 617 2890 datis,
654 2827 996 2896 tyrannidem
1028 2827 1340 2898 occupavit.
1378 2826 1645 2882 Sicimita:
1688 2837 1837 2882 mota
1882 2826 2030 2880 sedi-

451 2921 602 2976 tione
662 2921 1084 2976 Abimelechum
1131 2923 1268 2977 urbe
1308 2921 1545 2991 pellunt.
1585 2921 1636 2975 ls
1695 2919 1862 2974 unius
1893 2919 2030 2974 civis

447 3029 617 3081 opera
649 3013 896 3084 adjutus,
931 3015 1126 3070 urbem
1157 3015 1285 3069 dolo
1329 3024 1545 3084 captam
1569 3023 1834 3069 omnibus
1858 3012 2029 3082 pube-

450 3106 608 3162 ribus
639 3108 842 3162 oecisis
874 3107 992 3162 solo
1032 3116 1232 3177 aequat.
1279 3107 1460 3163 Aliam
1496 3107 1628 3162 item
1663 3107 1854 3162 urbem
1879 3105 2027 3160 The-

2131 2002 2352 2074 δλεθρον
2397 2003 2458 2056 τὸ
2490 2001 2742 2056 ἐνύπνιον
2771 2001 3009 2073 ἔκρινεν,
3055 1998 3376 2062 ἀπεικάζων
3408 1996 3559 2067 μάζῃ
3589 2013 3712 2068 κρι-

2133 2095 2252 2166 θίνῃ
2275 2095 2366 2148 τὸν
2388 2095 2619 2158 Γεδεὼν,
2651 2096 2746 2148 καὶ
2780 2095 2908 2158 τοὺς
2947 2097 3045 2148 σὺν
3072 2093 3240 2163 αὐτῷ,
3273 2092 3361 2144 διὰ
3394 2090 3493 2160 τὴν
3528 2089 3710 2156 ὀλιγό-

2130 2205 2270 2257 τητα
2303 2187 2496 2242 καὶτὸ
2547 2187 2798 2250 ἀσθενές.
2852 2184 3073 2240 Τούτων
3124 2187 3364 2248 ἀκούσας
3408 2185 3436 2236 ό
3477 2180 3708 2246 Γεδεὼν,

2130 2279 2496 2351 ἀνεθάρσησε.
2535 2282 2644 2334 Kal.
2687 2279 3054 2350 ὑποστρέψας,
3089 2279 3146 2332 ἐν
3193 2279 3309 2339 τοῖς
3348 2275 3535 2338 ὅπλοις
3571 2269 3710 2326 εἶναι

2128 2374 2246 2436 τοῖς
2299 2373 2498 2426 ἐαυτοῦ
2553 2372 2887 2427 ἐνετείλατο.
2923 2373 3034 2424 Καὶ
3069 2373 3148 2433 είς
3187 2372 3336 2439 τρεῖς
3371 2365 3710 2428 ἑκατοστύας

2128 2463 2228 2536 τὴν
2259 2465 2524 2536 στρατιὰν
2563 2463 2778 2527 διελὼν,
2823 2463 3083 2534 ἀμφορέα
3116 2461 3274 2514 κενὸν
3309 2458 3558 2528 κομίζειν
3579 2457 3713 2509 έκα-

2131 2574 2258 2611 στον
2305 2559 2400 2610 καὶ
2444 2556 2708 2623 λαμπάδα
2762 2555 3021 2625 ἡμμένην
3054 2555 3149 2607 καὶ
3191 2550 3350 2623 κριοῦ
3385 2551 3559 2622 κέρας
3587 2548 3712 2601 ἐκέο

2129 2649 2310 2704 λευσε.
2333 2648 2491 2702 Κατά
2513 2648 2785 2718 τετάρτην
2802 2663 2861 2699 τε
2885 2647 3134 2715 φυλάκην
3159 2645 3258 2714 τῆς
3283 2642 3500 2707 νυκτὸς,
3517 2639 3712 2711 ἐξῆγεν

2130 2740 2328 2804 αὖτοὺς
2357 2742 2498 2794 κατὰ
2531 2739 2642 2792 τῶν
2677 2739 2960 2793 ἐναντίων.
3000 2738 3111 2791 Καὶ
3142 2737 3243 2808 ἤδη
3285 2733 3518 2803 πλησίον
3557 2734 3709 2793 ὄντες

2130 2832 2333 2898 αὐτῶν,
2352 2829 2660 2885 ἐσάλπισαν
2692 2829 2790 2900 μὲν
2813 2831 2926 2892 τοῖς
2957 2828 3175 2897 κέρασι,
3199 2827 3327 2888 τοὺς
3348 2826 3392 2878 δ’
3422 2823 3710 2893 ἀμφορέας

2131 2922 2427 2987 κατέαξαν,
2463 2923 2560 2976 καὶ
2620 2922 2758 2992 μετά
2800 2919 2908 2974 τῶν
2938 2918 3242 2990 λαμπάδων
3269 2917 3542 2987 ὥρμησαν
3572 2916 3709 2968 ἀλα-

2127 3015 2418 3079 λάξαντες.
2450 3014 2636 3067 Ταῦτα
2665 3013 2722 3065 δὲ
2752 3014 2863 3074 τοῖς
2893 3012 3178 3082 πολεμίοις
3204 3008 3395 3062 πτοίαν
3425 3007 3706 3059 ἐνέϐαλον.

2131 3108 2241 3161 Καὶ
2271 3106 2320 3159 οἱ
2369 3105 2467 3176 μὲν
2507 3105 2612 3157 om
2642 3105 2752 3156 τῶν
2801 3102 3062 3156 ἐναντίων
3096 3100 3407 3155 ἐκτείνοντο
3428 3113 3441 3126 '
3482 3100 3532 3150 οἱ
3559 3098 3612 3148 δέ
3643 3113 3709 3164 γε

449 3194 571 3258 bas,
629 3194 809 3264 primo
869 3196 1079 3266 impetu
1129 3197 1296 3266 capit.
1349 3197 1639 3252 Multitudo
1695 3197 1905 3252 urbana
1967 3197 2020 3251 in

2135 3204 2350 3268 πλειους
2386 3203 2479 3256 ὑπ’
2526 3201 2797 3274 ἀλλήλων,
2839 3199 3008 3270 οὔσης
3052 3198 3268 3264 νυκτὸς,
3309 3197 3708 3266 διεφθάρησαν.

451 3301 619 3340 unam
654 3297 862 3342 turrem
895 3288 950 3342 in
986 3288 1122 3343 urbe
1157 3289 1338 3344 media
1369 3288 1552 3355 sitam,
1577 3304 1720 3361 aegre
1751 3288 2022 3360 confugit.

447 3379 619 3450 Cujus
636 3379 1238 3450 portisAbimelechum
1266 3381 1670 3445 imminentem,
1699 3381 2026 3436 muliercula

449 3470 610 3525 mola:
643 3470 916 3542 fragmine
952 3471 1006 3526 in
1039 3482 1204 3543 caput
1230 3474 1445 3544 dejecto
1475 3473 1704 3529 occidit.
1771 3473 2027 3529 llebrzeo-

448 3577 572 3616 rum
603 3562 942 3632 principatus
971 3563 1122 3620 Jairo
1137 3580 1208 3621 ex
1239 3566 1518 3623 Manassen
1545 3567 1699 3622 tribu
1728 3577 1853 3638 post
1878 3568 2028 3622 hunc

447 3655 721 3721 creditur,
755 3673 865 3726 quo
908 3656 997 3711 ille
1039 3673 1217 3715 annos
1269 3659 1380 3714 duo
1423 3670 1486 3715 et
1554 3660 1750 3732 viginti
1803 3661 2028 3716 functus

450 3746 588 3803 obit.
615 3747 753 3803 Tum
786 3749 1111 3806 Ammanitae
1142 3765 1268 3807 cum
1300 3752 1604 3808 Palmstinis
1637 3754 1914 3824 regionem
1942 3756 2026 3810 di-

450 3839 684 3908 ripiunt.
719 3839 856 3895 Cum
883 3852 1066 3897 autem
1097 3843 1422 3900 Ammanitae
1454 3845 1812 3902 Galaditicam
1847 3857 2029 3903 vasta-

451 3940 599 3998 rent,
653 3932 846 3989 incolae
894 3935 1148 4005 ,leplttam
1185 3937 1383 3992 ducem
1439 3938 1690 4009 eligunt:
1761 3941 1858 4010 qui
1902 3957 2027 3996 cum

451 4025 708 4082 hostibus
758 4043 1183 4099 congressurus,
1237 4039 1422 4096 vovet,
1467 4033 1513 4086 si
1549 4033 1780 4088 victoria
1822 4035 2028 4103 potire-

450 4127 565 4184 tur,
594 4119 863 4190 quidquid
886 4121 1143 4178 redeunti
1165 4123 1270 4179 sibi
1303 4125 1542 4193 primum
1581 4126 1937 4190 occurrisset,
1972 4125 2025 4181 id

449 4224 511 4264 se
566 4209 978 4266 immolaturum
1034 4227 1179 4268 esse.
1227 4212 1537 4292 Commisso
1587 4215 1778 4284 prmlio
1833 4216 2026 4272 vincit.

449 4302 770 4360 Revertenti
829 4305 993 4360 unica
1053 4307 1216 4361 ﬁliola
1275 4308 1542 4373 occurrit,
1595 4308 1750 4379 virgo
1822 4310 2027 4367 adhuc.

451 4393 704 4464 SuSpirat
735 4397 827 4451 ille
855 4415 867 4456 :
892 4397 990 4452 sed
1021 4413 1090 4453 ne
1123 4398 1285 4453 {idem
1325 4399 1560 4464 falleret,
1592 4399 1843 4455 immolat
1870 4401 2029 4470 pucl-

453 4486 564 4540 lam
634 4498 692 4542 ct
742 4497 970 4543 cremat.
1007 4489 1142 4544 Cum
1194 4500 1376 4545 autem
1421 4491 1758 4561 Ephramitze
1793 4492 1871 4546 illi
1911 4491 2027 4546 ira-

2137 3295 2246 3350 Καὶ
2278 3294 2467 3366 σχεδὸν
2499 3294 2740 3358 ἀπαντες
2769 3292 2994 3358 ὤλοντο,
3036 3291 3131 3345 καὶ
3161 3291 3255 3344 δύο
3289 3291 3395 3342 τῶν
3442 3288 3712 3358 βασιλέων

2135 3389 2315 3444 αύτῶν
2355 3388 2524 3460 Ὦρήϐ
2559 3404 2621 3440 τε
2651 3387 2746 3441 καὶ
2771 3384 2903 3456 Ζήϐ.
2937 3387 3001 3439 Οἱ
3031 3385 3089 3438 δὲ
3122 3382 3570 3454 περιλειφθέντες
3601 3380 3712 3433 τῶν

2134 3481 2426 3553 ἡγεμόνων
2455 3479 2679 3535 καὶτοῦ
2721 3477 3138 3551 στρατεύματος
3182 3476 3501 3546 φεύγοντες.
3543 3491 3719 3526 κατα-

2134 3574 2508 3644 λαμϐάνονται
2559 3571 2711 3644 παρά
2750 3569 2960 3624 Γεδεὼν
2991 3571 3086 3623 καὶ
3115 3568 3225 3622 τῶν
3256 3567 3376 3638 μετ’
3404 3564 3593 3626 αὑτοῦ,
3618 3563 3716 3616 καὶ

2135 3666 2496 3720 πεπτώκασιν
2526 3664 2787 3726 ἅπαντες.
2809 3663 3052 3734 Ἐσχηκε
3076 3661 3132 3714 δὲ
3161 3660 3258 3730 τὴν
3293 3657 3470 3731 ἀρχὴν
3505 3655 3712 3710 Γεδεὼν

2137 3763 2197 3814 ἐν
2243 3760 2658 3830 τεσσαράκοντα
2711 3757 2880 3821 ἔτεσι,
2931 3758 3024 3808 καὶ
3071 3752 3401 3822 ἐτελεύτησε
3456 3751 3713 3821 γηραιὸς,

2138 3853 2460 3907 καταλιπὼν
2509 3851 2574 3903 ἐκ
2619 3848 2898 3917 διαφόρων
2946 3846 3224 3914 γυναικῶν
3273 3843 3532 3913 γνησίους
3565 3841 3716 3903 υἱοὺς

2140 3943 2540 4016 ἐϐδομήκοντα,
2575 3941 2674 3994 Eva
2701 3941 2744 3992 δ’
2773 3943 2839 3992 ἐκ
2875 3937 3157 4007 παλλακῆς
3199 3934 3489 4005 Ἀϐιμὲλεχ
3517 3931 3714 3987 καλού-

2139 4055 2323 4108 μενον.
2371 4036 2466 4097 Ὃς
2495 4034 2620 4096 τοὺς
2675 4031 2940 4100 ἀδελφοὺς
2982 4029 3200 4092 κτείνας
3252 4027 3521 4090 ἅπαντας,
3576 4023 3714 4078 ἀνευ

2138 4130 2258 4193 ἐνὸς
2297 4127 2586 4182 Ἰωαθάνου
2632 4125 2920 4193 φυγόντος,
2952 4122 3377 4190 τετυράννηκεν.
3411 4118 3470 4172 ’0
3500 4117 3557 4170 δέ
3589 4115 3717 4179 λαὸς

2137 4219 2543 4281 ἐπαναστάντες
2575 4217 2716 4270 κατὰ
2743 4213 2838 4268 τοῦ
2880 4213 3171 4283 Ἀϐιμέλεχ
3196 4209 3574 4276 ἐξελαύνουσιν
3613 4209 3716 4260 αύ-

2137 4312 2232 4368 τδν
2259 4311 2358 4382 τῆς
2383 4310 2592 4372 πόλεως
2623 4309 2735 4361 τῶν
2781 4308 3050 4376 Σικίμων.
3091 4306 3150 4358 '0
3193 4305 3251 4358 δέ
3284 4301 3716 4372 συνεργούμενος

2140 4403 2234 4468 ὑφ’
2266 4403 2386 4461 ἐνὸς
2420 4401 2530 4452 τῶν
2571 4397 2894 4468 Σικιμιτῶν,
2927 4396 3062 4465 δόλῳ
3098 4395 3198 4464 τὴν
3228 4394 3384 4446 πόλιν
3416 4393 3582 4461 αἱρεῖ,
3621 4391 3718 4442 καὶ

2138 4497 2268 4558 τοὺς
2309 4493 2601 4564 Σικιμίτας
2643 4491 2848 4564 ἡϐηδὸν
2883 4491 3116 4560 ἀναιρεῖ,
3145 4487 3242 4557 τὴν
3274 4487 3428 4540 πόλιν
3459 4486 3516 4539 δὲ
3547 4502 3719 4538 κατα-

451 4585 762 4642 scerentur,
787 4583 933 4649 quod
959 4581 1023 4634 ad
1040 4579 1390 4636 Ammanitici
1423 4582 1549 4636 belli
1577 4581 1897 4637 societatem
1922 4599 2028 4636 non

2145 4589 2402 4642 σκάπτει.
2441 4587 2682 4639 Ἦλαυνε
2719 4584 2749 4637 δ
2811 4585 2904 4636 ἐπὶ⁸
2948 4583 3134 4653 Θήϐας
3167 4582 3362 4650 ἑτέραν
3413 4579 3590 4643 πόλιν,
3622 4577 3718 4630 καὶ

453 4671 706 4725 accersiti
736 4681 944 4736 essent,
980 4687 1160 4741 neque
1186 4673 1350 4726 ullam
1371 4675 1919 4744 ejusexcusationem
1947 4691 2033 4730 ac-

451 4763 746 4831 ciperent:
791 4778 972 4833 pugna
1015 4763 1150 4817 inita
1181 4763 1361 4818 mulos
1396 4781 1588 4818 eorum
1622 4765 1803 4829 cmdit,
1841 4777 1898 4820 et
1938 4781 2034 4820 sex

451 4869 628 4908 annos
665 4855 976 4924 principatu
1017 4854 1405 4912 administrate
1447 4858 1704 4913 moritur.
1736 4859 1799 4912 Ei
1835 4873 2032 4912 succe-

451 4944 533 4998 dit
559 4945 792 5001 Amesas
821 4963 890 5002 ex
923 4946 1072 5001 tribu
1101 4947 1348 5012 Judaica,
1390 4951 1482 5019 qui
1511 4960 1722 5020 septem
1756 4953 1916 5005 annis
1935 4952 2030 5006 ad-

452 5037 768 5092 ministrate
802 5038 1038 5108 imperio
1067 5040 1312 5096 decedit.
1348 5043 1478 5097 Post
1513 5043 1665 5098 illum
1701 5043 1928 5098 Labdon
1959 5061 2026 5099 ex

454 5128 607 5183 tribu
669 5131 1068 5201 Ephraimitica
1113 5133 1223 5186 dux
1264 5113 1506 5199 creatus,
1552 5138 1790 5191 moritur
1836 5154 2026 5199 senex,

454 5231 654 5277 octavo
685 5225 1038 5295 magistratus
1063 5241 1231 5281 anno.

2139 4675 2285 4734 εἷλεν
2307 4681 2477 4749 αὐτὴν
2502 4679 2562 4743 ἐξ
2589 4678 2911 4750 ἐπιδρομῆς.
2937 4675 3010 4728 Τὸ
3036 4675 3094 4727 δέ
3121 4673 3324 4744 πλῆθος
3350 4675 3428 4734 εἰς
3458 4672 3553 4727 ἕνα
3577 4671 3717 4741 πύρ-

2139 4788 2237 4841 γον
2271 4773 2430 4840 μόγις
2473 4769 2836 4840 συνέδραμεν,
2869 4767 2998 4820 ὄντα
3037 4770 3095 4820 ἐν
3146 4767 3294 4836 μέσῳ
3335 4763 3437 4832 τῆς
3483 4764 3713 4825 πόλεως.

2140 4863 2527 4932 Πλησιάσαντα
2559 4861 2616 4915 δὲ
2658 4863 2780 4922 ταῖς
2813 4860 3012 4921 πύλαις
3048 4859 3239 4910 τούτου
3269 4858 3360 4909 τὶν
3393 4854 3712 4923 Ἀϐιμέλεχ,

2141 4957 2453 5028 θραύσματι
2510 4954 2682 5026 μύλου
2726 4953 2951 5022 γύναιον
2991 4949 3201 5005 ἄνωθεν
3229 4951 3372 5002 κατᾶ
3413 4951 3508 5016 τῆς
3543 4963 3715 5013 κεφα-

2137 5049 2238 5118 λῆς
2291 5049 2454 5101 ἔϐαλε
2500 5050 2593 5100 καὶ
2645 5046 2961 5099 ἀπέκτεινε.
3012 5042 3124 5113 Τὴν
3178 5041 3234 5094 δὲ
3273 5041 3382 5093 τῶν
3445 5038 3714 5107 Ἐϐραίων

2142 5143 2444 5213 ἡγεμονίαν
2493 5141 2663 5210 Ὶαεὶρ
2713 5138 3146 5208 ἐμπεπίστευτο,
3196 5139 3259 5188 ἐκ
3308 5137 3407 5203 τῆς
3443 5133 3714 5201 Μανασσῆ

2139 5231 2427 5299 τυγχάνων
2450 5228 2643 5298 φυλῆς.
2668 5227 2772 5279 Δύο
2799 5227 2856 5280 δὲ
2897 5230 2991 5280 καὶ
3029 5227 3202 5278 εἴκοσι
3231 5217 3386 5284 οὗτος
3433 5223 3714 5282 ἐνιαυτοὺς

455 5322 644 5386 ίθύνας
701 5322 800 5392 τὴν
865 5325 1043 5395 ἀρχὴν
1112 5323 1488 5393 ἐτελεύτησεν.
1544 5327 1879 5396 Ἀμμανῖται
1927 5328 2026 5379 σὺν
2067 5328 2462 5390 Παλαιστηνοῖς
2526 5327 2805 5378 είσὲπειτα
2847 5322 2946 5394 τὴν
3013 5322 3198 5394 χώραν
3225 5319 3546 5389 διήρπαζον.
3579 5321 3714 5389 Anii.

454 5418 700 5486 ζομένων
739 5419 795 5470 δέ
832 5419 928 5490 τὴν
975 5418 1295 5489 Γαλαδηνὴν
1338 5419 1446 5474 τῶν
1489 5421 1865 5490 ’Λμμανιτών,
1905 5422 2153 5490 ἡγεμόνα
2211 5423 2302 5474 τὸν
2378 5419 2586 5488 Ἰεφθάε
2646 5422 2693 5472 οἱ
2726 5419 3012 5488 ἐπιχώριοι
3061 5416 3285 5466 εἵλοντο.
3322 5413 3420 5475 Ὃς
3443 5413 3714 5483 συμμίξαι

457 5510 668 5580 μέλλων
743 5514 856 5574 τοῖς
903 5512 1209 5583 πολεμίοις,
1262 5513 1430 5584 εὐχὴν
1483 5515 1803 5583 ἐποιήσατο,
1869 5518 1917 5567 εί
1957 5515 2276 5584 νικήσειεν,
2354 5515 2463 5567 πᾶν
2506 5515 2532 5565 ὃ
2565 5512 2784 5583 πρῶτον
2825 5511 2976 5580 αύτῴ
3029 5509 3356 5578 συναντήσει
3412 5505 3713 5571 ἐπανιόντι,

1641 5666 1851 5727 Variae
1889 5667 2197 5729 lectiones
2233 5674 2293 5728 et
2330 5674 2521 5732 noue.

527 5817 638 5880 (t5)
678 5814 1058 5886 Περιφόροιξς.
1118 5816 1478 5886 Περιφόϐους,
1526 5823 1582 5867 ιιι
1641 5813 2022 5884 [ονιηὶάθίοδοδ.

2212 5811 2323 5884 (46)
2356 5814 2461 5879 Εἰς
2498 5813 2585 5867 τό.
2617 5812 2695 5867 Ita
2723 5809 2878 5867 Colb.
2921 5811 3059 5866 alter
3087 5809 3222 5879 πρὸς
3253 5809 3337 5862 τό.

454 5887 531 5944 Ita
563 5887 683 5942 cod.
721 5888 849 5946 lica.
882 5898 936 5941 ct
971 5885 1217 5941 Colbcrt.
