  <div class='ocr_page' id='page_1' title='image "/cluster/home/n/w/nwhite01/storage/ocr_20150623/134:no.1/coo.31924054870393/066.png"; bbox 0 0 4098 6398; ppageno 0'>
   <div class='ocr_carea' id='block_1_1' title="bbox 384 359 476 422">
    <p class='ocr_par' dir='ltr' id='par_1_1' title="bbox 384 359 476 422">
     <span class='ocr_line' id='line_1_1' title="bbox 384 359 476 422; baseline 0 -1"><span class='ocrx_word' id='word_1_1' title='bbox 384 359 476 422; x_wconf 69' lang='grc' dir='ltr'>ιη</span> 
     </span>
    </p>
   </div>
   <div class='ocr_carea' id='block_1_2' title="bbox 1675 357 2374 420">
    <p class='ocr_par' dir='ltr' id='par_1_2' title="bbox 1675 357 2374 420">
     <span class='ocr_line' id='line_1_2' title="bbox 1675 357 2374 420; baseline 0.003 -4"><span class='ocrx_word' id='word_1_2' title='bbox 1675 357 2082 420; x_wconf 81' lang='lat' dir='ltr'>ANNALIUM</span> <span class='ocrx_word' id='word_1_3' title='bbox 2129 357 2279 418; x_wconf 86' lang='lat' dir='ltr'><strong>LIB.</strong></span> <span class='ocrx_word' id='word_1_4' title='bbox 2324 359 2374 419; x_wconf 93' lang='grc' dir='ltr'>Ι.</span> 
     </span>
    </p>
   </div>
   <div class='ocr_carea' id='block_1_3' title="bbox 3525 353 3626 410">
    <p class='ocr_par' dir='ltr' id='par_1_3' title="bbox 3525 353 3626 410">
     <span class='ocr_line' id='line_1_3' title="bbox 3525 353 3626 410; baseline -0.01 0"><span class='ocrx_word' id='word_1_5' title='bbox 3525 353 3626 410; x_wconf 78' lang='lat'>118</span> 
     </span>
    </p>
   </div>
   <div class='ocr_carea' id='block_1_4' title="bbox 377 464 3630 544">
    <p class='ocr_par' dir='ltr' id='par_1_4' title="bbox 377 464 3630 544">
     <span class='ocr_line' id='line_1_4' title="bbox 377 464 3630 544; baseline -0.002 -22"><span class='ocrx_word' id='word_1_6' title='bbox 377 470 954 544; x_wconf 74' lang='grc' dir='ltr'>τοῦτοίερουργήσειν.</span> <span class='ocrx_word' id='word_1_7' title='bbox 987 471 1100 526; x_wconf 77' lang='grc' dir='ltr'>Καὶ</span> <span class='ocrx_word' id='word_1_8' title='bbox 1167 471 1462 543; x_wconf 77' lang='grc' dir='ltr'>συμσαλζον</span> <span class='ocrx_word' id='word_1_9' title='bbox 1501 473 1649 543; x_wconf 79' lang='grc' dir='ltr'>νικᾷ.</span> <span class='ocrx_word' id='word_1_10' title='bbox 1729 472 2152 544; x_wconf 83' lang='grc' dir='ltr'>’Δναστρέφοντι</span> <span class='ocrx_word' id='word_1_11' title='bbox 2219 472 2264 525; x_wconf 81' lang='grc' dir='ltr'>δ’</span> <span class='ocrx_word' id='word_1_12' title='bbox 2312 471 2625 542; x_wconf 81' lang='grc' dir='ltr'>ὑπήντησεν</span> <span class='ocrx_word' id='word_1_13' title='bbox 2679 467 2829 540; x_wconf 82' lang='grc' dir='ltr'>αὑτῷ</span> <span class='ocrx_word' id='word_1_14' title='bbox 2873 469 2936 523; x_wconf 82' lang='grc' dir='ltr'>τὸ</span> <span class='ocrx_word' id='word_1_15' title='bbox 2982 468 3274 539; x_wconf 75' lang='grc' dir='ltr'>Θυγάτριον</span> <span class='ocrx_word' id='word_1_16' title='bbox 3338 464 3630 536; x_wconf 74' lang='grc' dir='ltr'>μονογενὲς</span> 
     </span>
    </p>
   </div>
   <div class='ocr_carea' id='block_1_5' title="bbox 377 550 3629 642">
    <p class='ocr_par' dir='ltr' id='par_1_5' title="bbox 377 550 3629 642">
     <span class='ocr_line' id='line_1_5' title="bbox 377 550 3629 642; baseline -0.003 -21"><span class='ocrx_word' id='word_1_17' title='bbox 377 569 430 621; x_wconf 69' lang='grc' dir='ltr'>ὃν</span> <span class='ocrx_word' id='word_1_18' title='bbox 462 567 628 639; x_wconf 80' lang='grc' dir='ltr'>αὐτῷ,</span> <span class='ocrx_word' id='word_1_19' title='bbox 667 571 765 623; x_wconf 76' lang='grc' dir='ltr'>καὶ</span> <span class='ocrx_word' id='word_1_20' title='bbox 798 570 882 623; x_wconf 79' lang='grc' dir='ltr'>ἔτι</span> <span class='ocrx_word' id='word_1_21' title='bbox 925 571 1420 642; x_wconf 83' lang='grc' dir='ltr'>παρθενευόμενον.</span> <span class='ocrx_word' id='word_1_22' title='bbox 1493 571 1551 624; x_wconf 88' lang='grc' dir='ltr'>Ὀ</span> <span class='ocrx_word' id='word_1_23' title='bbox 1581 571 1624 624; x_wconf 87' lang='grc' dir='ltr'>δ’</span> <span class='ocrx_word' id='word_1_24' title='bbox 1686 570 2008 641; x_wconf 82' lang='grc' dir='ltr'>ἀνῴμωξεν.</span> <span class='ocrx_word' id='word_1_25' title='bbox 2051 570 2171 623; x_wconf 90' lang='grc' dir='ltr'>Ἶνα</span> <span class='ocrx_word' id='word_1_26' title='bbox 2223 569 2280 622; x_wconf 85' lang='grc' dir='ltr'>δὲ</span> <span class='ocrx_word' id='word_1_27' title='bbox 2345 569 2419 640; x_wconf 84' lang='grc' dir='ltr'>μὴ</span> <span class='ocrx_word' id='word_1_28' title='bbox 2442 550 2738 638; x_wconf 72' lang='grc' dir='ltr'>’ψεύσεται</span> <span class='ocrx_word' id='word_1_29' title='bbox 2790 566 2890 638; x_wconf 85' lang='grc' dir='ltr'>τὴν</span> <span class='ocrx_word' id='word_1_30' title='bbox 2944 565 3275 636; x_wconf 73' lang='grc' dir='ltr'>ὑπόσχεσιν,</span> <span class='ocrx_word' id='word_1_31' title='bbox 3324 565 3482 617; x_wconf 75' lang='grc' dir='ltr'>ἔθυσε</span> <span class='ocrx_word' id='word_1_32' title='bbox 3529 560 3629 631; x_wconf 81' lang='grc' dir='ltr'>τὴν</span> 
     </span>
    </p>
   </div>
   <div class='ocr_carea' id='block_1_6' title="bbox 381 654 3630 734">
    <p class='ocr_par' dir='ltr' id='par_1_6' title="bbox 381 654 3630 734">
     <span class='ocr_line' id='line_1_6' title="bbox 381 654 3630 734; baseline -0.002 -20"><span class='ocrx_word' id='word_1_33' title='bbox 381 663 554 725; x_wconf 73' lang='grc' dir='ltr'>παῖδα,</span> <span class='ocrx_word' id='word_1_34' title='bbox 589 664 684 714; x_wconf 73' lang='grc' dir='ltr'>καὶ</span> <span class='ocrx_word' id='word_1_35' title='bbox 716 663 1100 716; x_wconf 82' lang='grc' dir='ltr'>ὡλοκαύτωσε.</span> <span class='ocrx_word' id='word_1_36' title='bbox 1143 662 1265 716; x_wconf 89' lang='grc' dir='ltr'>Τῶν</span> <span class='ocrx_word' id='word_1_37' title='bbox 1327 663 1385 716; x_wconf 80' lang='grc' dir='ltr'>δὲ</span> <span class='ocrx_word' id='word_1_38' title='bbox 1412 664 1510 732; x_wconf 82' lang='grc' dir='ltr'>τῆς</span> <span class='ocrx_word' id='word_1_39' title='bbox 1542 661 1785 734; x_wconf 78' lang='grc' dir='ltr'>Ἐφραῒμ</span> <span class='ocrx_word' id='word_1_40' title='bbox 1857 661 2034 731; x_wconf 82' lang='grc' dir='ltr'>φυλῆς</span> <span class='ocrx_word' id='word_1_41' title='bbox 2072 659 2450 732; x_wconf 76' lang='grc' dir='ltr'>ὀργιζομένων</span> <span class='ocrx_word' id='word_1_42' title='bbox 2491 658 2662 728; x_wconf 78' lang='grc' dir='ltr'>αὐτῷ,</span> <span class='ocrx_word' id='word_1_43' title='bbox 2708 659 2792 711; x_wconf 85' lang='grc' dir='ltr'>ὅτι</span> <span class='ocrx_word' id='word_1_44' title='bbox 2844 657 2922 728; x_wconf 82' lang='grc' dir='ltr'>μὴ</span> <span class='ocrx_word' id='word_1_45' title='bbox 2955 656 3379 728; x_wconf 77' lang='grc' dir='ltr'>συμπαρέλαϐεν</span> <span class='ocrx_word' id='word_1_46' title='bbox 3431 654 3630 716; x_wconf 77' lang='grc' dir='ltr'>αὐτοὺς</span> 
     </span>
    </p>
   </div>
   <div class='ocr_carea' id='block_1_7' title="bbox 379 754 3632 828">
    <p class='ocr_par' dir='ltr' id='par_1_7' title="bbox 379 754 3632 828">
     <span class='ocr_line' id='line_1_7' title="bbox 379 754 3632 828; baseline -0.001 -22"><span class='ocrx_word' id='word_1_47' title='bbox 379 756 466 806; x_wconf 73' lang='grc' dir='ltr'>ἐπὶ</span> <span class='ocrx_word' id='word_1_48' title='bbox 504 756 593 807; x_wconf 77' lang='grc' dir='ltr'>τὸν</span> <span class='ocrx_word' id='word_1_49' title='bbox 634 758 778 810; x_wconf 86' lang='grc' dir='ltr'>κατά</span> <span class='ocrx_word' id='word_1_50' title='bbox 826 759 936 810; x_wconf 88' lang='grc' dir='ltr'>τῶν</span> <span class='ocrx_word' id='word_1_51' title='bbox 969 757 1328 827; x_wconf 78' lang='grc' dir='ltr'>Ἀμμανιτῶν</span> <span class='ocrx_word' id='word_1_52' title='bbox 1381 759 1642 828; x_wconf 88' lang='grc' dir='ltr'>πόλεμον,</span> <span class='ocrx_word' id='word_1_53' title='bbox 1693 757 1816 811; x_wconf 76' lang='grc' dir='ltr'>ἐπεὶ</span> <span class='ocrx_word' id='word_1_54' title='bbox 1865 758 1940 828; x_wconf 82' lang='grc' dir='ltr'>μὴ</span> <span class='ocrx_word' id='word_1_55' title='bbox 1980 758 2198 812; x_wconf 74' lang='grc' dir='ltr'>ἔπειθεν</span> <span class='ocrx_word' id='word_1_56' title='bbox 2267 756 2466 818; x_wconf 82' lang='grc' dir='ltr'>αὐτοὺς</span> <span class='ocrx_word' id='word_1_57' title='bbox 2500 755 2962 826; x_wconf 84' lang='grc' dir='ltr'>παραιτούμενος,</span> <span class='ocrx_word' id='word_1_58' title='bbox 3034 754 3266 815; x_wconf 78' lang='grc' dir='ltr'>πολλοὺς</span> <span class='ocrx_word' id='word_1_59' title='bbox 3302 754 3480 805; x_wconf 86' lang='grc' dir='ltr'>ἀνεῖλε</span> <span class='ocrx_word' id='word_1_60' title='bbox 3524 769 3632 820; x_wconf 84' lang='grc' dir='ltr'>μα·-</span> 
     </span>
    </p>
   </div>
   <div class='ocr_carea' id='block_1_8' title="bbox 377 841 3630 922">
    <p class='ocr_par' dir='ltr' id='par_1_8' title="bbox 377 841 3630 922">
     <span class='ocr_line' id='line_1_8' title="bbox 377 841 3630 922; baseline -0.002 -23"><span class='ocrx_word' id='word_1_61' title='bbox 377 850 704 919; x_wconf 84' lang='grc' dir='ltr'>χεσαμένους</span> <span class='ocrx_word' id='word_1_62' title='bbox 735 850 920 921; x_wconf 81' lang='grc' dir='ltr'>αὐτῷ⁸</span> <span class='ocrx_word' id='word_1_63' title='bbox 955 851 1016 915; x_wconf 81' lang='grc' dir='ltr'>ἒξ</span> <span class='ocrx_word' id='word_1_64' title='bbox 1048 851 1104 903; x_wconf 74' lang='grc' dir='ltr'>δὲ</span> <span class='ocrx_word' id='word_1_65' title='bbox 1129 852 1230 920; x_wconf 83' lang='grc' dir='ltr'>τὴν</span> <span class='ocrx_word' id='word_1_66' title='bbox 1255 851 1556 922; x_wconf 79' lang='grc' dir='ltr'>ἠγεμονίαν</span> <span class='ocrx_word' id='word_1_67' title='bbox 1594 849 1799 914; x_wconf 81' lang='grc' dir='ltr'>ἀνύσας</span> <span class='ocrx_word' id='word_1_68' title='bbox 1858 850 2165 913; x_wconf 72' lang='grc' dir='ltr'>ἐνιαυτοὺς,</span> <span class='ocrx_word' id='word_1_69' title='bbox 2231 849 2499 902; x_wconf 84' lang='grc' dir='ltr'>κατέλυσε</span> <span class='ocrx_word' id='word_1_70' title='bbox 2567 850 2667 920; x_wconf 84' lang='grc' dir='ltr'>τὴν</span> <span class='ocrx_word' id='word_1_71' title='bbox 2708 847 2874 918; x_wconf 80' lang='grc' dir='ltr'>ζωήν.</span> <span class='ocrx_word' id='word_1_72' title='bbox 2947 845 3380 916; x_wconf 78' lang='grc' dir='ltr'>Παραλαμϐἀνει</span> <span class='ocrx_word' id='word_1_73' title='bbox 3429 844 3486 896; x_wconf 77' lang='grc' dir='ltr'>δὲ</span> <span class='ocrx_word' id='word_1_74' title='bbox 3532 841 3630 910; x_wconf 79' lang='grc' dir='ltr'>τὴν</span> 
     </span>
    </p>
   </div>
   <div class='ocr_carea' id='block_1_9' title="bbox 378 936 3628 1015">
    <p class='ocr_par' dir='ltr' id='par_1_9' title="bbox 378 936 3628 1015">
     <span class='ocr_line' id='line_1_9' title="bbox 378 936 3628 1015; baseline -0.002 -23"><span class='ocrx_word' id='word_1_75' title='bbox 378 943 545 1012; x_wconf 83' lang='grc' dir='ltr'>ἀρχὴν</span> <span class='ocrx_word' id='word_1_76' title='bbox 587 944 815 1015; x_wconf 74' lang='grc' dir='ltr'>Ἀμεσὰ,</span> <span class='ocrx_word' id='word_1_77' title='bbox 850 947 916 998; x_wconf 88' lang='grc' dir='ltr'>ὲκ</span> <span class='ocrx_word' id='word_1_78' title='bbox 947 945 1047 1015; x_wconf 87' lang='grc' dir='ltr'>τῆς</span> <span class='ocrx_word' id='word_1_79' title='bbox 1086 945 1261 998; x_wconf 83' lang='grc' dir='ltr'>Ἰούδα</span> <span class='ocrx_word' id='word_1_80' title='bbox 1292 943 1578 1014; x_wconf 82' lang='grc' dir='ltr'>τυγχάνων</span> <span class='ocrx_word' id='word_1_81' title='bbox 1614 943 1813 1013; x_wconf 82' lang='grc' dir='ltr'>φυλῆς,</span> <span class='ocrx_word' id='word_1_82' title='bbox 1880 943 1977 996; x_wconf 69' lang='grc' dir='ltr'>καὶ</span> <span class='ocrx_word' id='word_1_83' title='bbox 2014 943 2108 996; x_wconf 76' lang='grc' dir='ltr'>ἐπὶ</span> <span class='ocrx_word' id='word_1_84' title='bbox 2136 942 2330 1014; x_wconf 88' lang='grc' dir='ltr'>χρόνον</span> <span class='ocrx_word' id='word_1_85' title='bbox 2393 942 2633 1012; x_wconf 80' lang='grc' dir='ltr'>ἑπταετῆ</span> <span class='ocrx_word' id='word_1_86' title='bbox 2661 940 2853 1012; x_wconf 85' lang='grc' dir='ltr'>κρίνας</span> <span class='ocrx_word' id='word_1_87' title='bbox 2883 941 2973 994; x_wconf 69' lang='grc' dir='ltr'>τὸν</span> <span class='ocrx_word' id='word_1_88' title='bbox 2999 937 3215 1008; x_wconf 82' lang='grc' dir='ltr'>Ἰσραὴλ</span> <span class='ocrx_word' id='word_1_89' title='bbox 3244 936 3628 999; x_wconf 66' lang='grc' dir='ltr'>τετελεύτηκε.</span> 
     </span>
    </p>
   </div>
   <div class='ocr_carea' id='block_1_10' title="bbox 379 1031 3628 1114">
    <p class='ocr_par' dir='ltr' id='par_1_10' title="bbox 379 1031 3628 1114">
     <span class='ocr_line' id='line_1_10' title="bbox 379 1031 3628 1114; baseline -0.003 -22"><span class='ocrx_word' id='word_1_90' title='bbox 379 1040 484 1092; x_wconf 76' lang='grc' dir='ltr'>Καὶ</span> <span class='ocrx_word' id='word_1_91' title='bbox 528 1041 650 1109; x_wconf 79' lang='grc' dir='ltr'>μετ’</span> <span class='ocrx_word' id='word_1_92' title='bbox 701 1042 912 1094; x_wconf 81' lang='grc' dir='ltr'>ἐκεῖνον</span> <span class='ocrx_word' id='word_1_93' title='bbox 955 1038 1182 1094; x_wconf 53' lang='lat' dir='ltr'><strong>ausae»;</strong></span> <span class='ocrx_word' id='word_1_94' title='bbox 1219 1040 1322 1109; x_wconf 87' lang='grc' dir='ltr'>τῆς</span> <span class='ocrx_word' id='word_1_95' title='bbox 1366 1037 1610 1112; x_wconf 85' lang='grc' dir='ltr'>Ἐφραῒμ</span> <span class='ocrx_word' id='word_1_96' title='bbox 1667 1037 1948 1110; x_wconf 82' lang='grc' dir='ltr'>προελθὼν</span> <span class='ocrx_word' id='word_1_97' title='bbox 2022 1041 2220 1109; x_wconf 85' lang='grc' dir='ltr'>φυλῆς,</span> <span class='ocrx_word' id='word_1_98' title='bbox 2272 1043 2499 1114; x_wconf 83' lang='grc' dir='ltr'>ἡγεμὼν</span> <span class='ocrx_word' id='word_1_99' title='bbox 2549 1041 2871 1112; x_wconf 81' lang='grc' dir='ltr'>ἀπεδείχθη.</span> <span class='ocrx_word' id='word_1_100' title='bbox 2914 1039 3025 1093; x_wconf 73' lang='grc' dir='ltr'>Καὶ</span> <span class='ocrx_word' id='word_1_101' title='bbox 3077 1035 3308 1103; x_wconf 77' lang='grc' dir='ltr'>τέθνηκε</span> <span class='ocrx_word' id='word_1_102' title='bbox 3378 1031 3628 1099; x_wconf 66' lang='grc' dir='ltr'>γηραιδς,</span> 
     </span>
    </p>
   </div>
   <div class='ocr_carea' id='block_1_11' title="bbox 371 1133 858 1205">
    <p class='ocr_par' dir='ltr' id='par_1_11' title="bbox 371 1133 858 1205">
     <span class='ocr_line' id='line_1_11' title="bbox 371 1133 858 1205; baseline 0.004 -17"><span class='ocrx_word' id='word_1_103' title='bbox 371 1133 536 1205; x_wconf 74' lang='grc' dir='ltr'>ἄρξας</span> <span class='ocrx_word' id='word_1_104' title='bbox 567 1133 664 1202; x_wconf 80' lang='grc' dir='ltr'>ἐτη</span> <span class='ocrx_word' id='word_1_105' title='bbox 686 1134 858 1190; x_wconf 82' lang='grc' dir='ltr'>ὀκτώ.</span> 
     </span>
    </p>
   </div>
   <div class='ocr_carea' id='block_1_12' title="bbox 437 1224 2017 1301">
    <p class='ocr_par' dir='ltr' id='par_1_12' title="bbox 437 1224 2017 1301">
     <span class='ocr_line' id='line_1_12' title="bbox 437 1224 2017 1301; baseline 0.001 -21"><span class='ocrx_word' id='word_1_106' title='bbox 437 1225 560 1281; x_wconf 81' lang='grc' dir='ltr'>ΚΔ’.</span> <span class='ocrx_word' id='word_1_107' title='bbox 583 1224 714 1280; x_wconf 80' lang='grc' dir='ltr'>Εἶτα</span> <span class='ocrx_word' id='word_1_108' title='bbox 740 1229 1108 1300; x_wconf 74' lang='grc' dir='ltr'>Παλαιστηνοὶ</span> <span class='ocrx_word' id='word_1_109' title='bbox 1131 1230 1398 1301; x_wconf 79' lang='grc' dir='ltr'>κρατοῦσι</span> <span class='ocrx_word' id='word_1_110' title='bbox 1421 1229 1530 1284; x_wconf 86' lang='grc' dir='ltr'>τῶν</span> <span class='ocrx_word' id='word_1_111' title='bbox 1559 1227 1939 1300; x_wconf 82' lang='grc' dir='ltr'>Ἰσραηλιτῶν,</span> <span class='ocrx_word' id='word_1_112' title='bbox 1973 1237 2017 1288; x_wconf 76' lang='grc' dir='ltr'><strong>Δ</strong></span> 
     </span>
    </p>
   </div>
   <div class='ocr_carea' id='block_1_13' title="bbox 370 1317 1946 1390">
    <p class='ocr_par' dir='ltr' id='par_1_13' title="bbox 370 1317 1946 1390">
     <span class='ocr_line' id='line_1_13' title="bbox 370 1317 1946 1390; baseline 0.003 -21"><span class='ocrx_word' id='word_1_113' title='bbox 370 1317 460 1370; x_wconf 70' lang='grc' dir='ltr'>καὶ</span> <span class='ocrx_word' id='word_1_114' title='bbox 491 1319 814 1388; x_wconf 76' lang='grc' dir='ltr'>ὑποφόρους</span> <span class='ocrx_word' id='word_1_115' title='bbox 859 1320 1019 1390; x_wconf 75' lang='grc' dir='ltr'>ἔσχον</span> <span class='ocrx_word' id='word_1_116' title='bbox 1056 1321 1279 1388; x_wconf 77' lang='grc' dir='ltr'>αὐτοὺς,</span> <span class='ocrx_word' id='word_1_117' title='bbox 1312 1321 1408 1374; x_wconf 76' lang='grc' dir='ltr'>ἐπὶ</span> <span class='ocrx_word' id='word_1_118' title='bbox 1429 1321 1716 1386; x_wconf 68' lang='grc' dir='ltr'>ἐνιαυτοὺς</span> <span class='ocrx_word' id='word_1_119' title='bbox 1745 1337 1946 1375; x_wconf 85' lang='grc' dir='ltr'>τεσσα-</span> 
     </span>
    </p>
   </div>
   <div class='ocr_carea' id='block_1_14' title="bbox 374 1409 1944 1484">
    <p class='ocr_par' dir='ltr' id='par_1_14' title="bbox 374 1409 1944 1484">
     <span class='ocr_line' id='line_1_14' title="bbox 374 1409 1944 1484; baseline 0.003 -22"><span class='ocrx_word' id='word_1_120' title='bbox 374 1409 630 1480; x_wconf 79' lang='grc' dir='ltr'>ράκοντα.</span> <span class='ocrx_word' id='word_1_121' title='bbox 666 1411 803 1464; x_wconf 83' lang='grc' dir='ltr'>Τότε</span> <span class='ocrx_word' id='word_1_122' title='bbox 834 1411 892 1465; x_wconf 84' lang='grc' dir='ltr'>δὲ</span> <span class='ocrx_word' id='word_1_123' title='bbox 929 1413 1213 1482; x_wconf 75' lang='grc' dir='ltr'>γεννηθεὶς</span> <span class='ocrx_word' id='word_1_124' title='bbox 1240 1414 1268 1466; x_wconf 87' lang='grc' dir='ltr'>ὁ</span> <span class='ocrx_word' id='word_1_125' title='bbox 1295 1411 1538 1484; x_wconf 81' lang='grc' dir='ltr'>Σαμψὼν</span> <span class='ocrx_word' id='word_1_126' title='bbox 1569 1411 1778 1482; x_wconf 75' lang='grc' dir='ltr'>(ἰσχύος</span> <span class='ocrx_word' id='word_1_127' title='bbox 1819 1411 1875 1466; x_wconf 81' lang='grc' dir='ltr'>δὲ</span> <span class='ocrx_word' id='word_1_128' title='bbox 1911 1412 1944 1482; x_wconf 84' lang='grc' dir='ltr'>ἡ</span> 
     </span>
    </p>
   </div>
   <div class='ocr_carea' id='block_1_15' title="bbox 373 1500 1946 1575">
    <p class='ocr_par' dir='ltr' id='par_1_15' title="bbox 373 1500 1946 1575">
     <span class='ocr_line' id='line_1_15' title="bbox 373 1500 1946 1575; baseline 0.004 -24"><span class='ocrx_word' id='word_1_129' title='bbox 373 1500 568 1570; x_wconf 86' lang='grc' dir='ltr'>κλῆσις</span> <span class='ocrx_word' id='word_1_130' title='bbox 601 1503 944 1574; x_wconf 75' lang='grc' dir='ltr'>σημαντικὴ)</span> <span class='ocrx_word' id='word_1_131' title='bbox 973 1507 1086 1568; x_wconf 87' lang='grc' dir='ltr'>τοῖς</span> <span class='ocrx_word' id='word_1_132' title='bbox 1116 1505 1512 1575; x_wconf 86' lang='grc' dir='ltr'>Παλαιστηνοῖς</span> <span class='ocrx_word' id='word_1_133' title='bbox 1539 1504 1840 1560; x_wconf 78' lang='grc' dir='ltr'>ἐπετίθετο.</span> <span class='ocrx_word' id='word_1_134' title='bbox 1881 1503 1946 1557; x_wconf 84' lang='grc' dir='ltr'><strong>Ἦ</strong></span> 
     </span>
    </p>
   </div>
   <div class='ocr_carea' id='block_1_16' title="bbox 370 1591 1946 1668">
    <p class='ocr_par' dir='ltr' id='par_1_16' title="bbox 370 1591 1946 1668">
     <span class='ocr_line' id='line_1_16' title="bbox 370 1591 1946 1668; baseline 0.003 -24"><span class='ocrx_word' id='word_1_135' title='bbox 370 1591 414 1644; x_wconf 83' lang='grc' dir='ltr'>δ’</span> <span class='ocrx_word' id='word_1_136' title='bbox 447 1595 530 1656; x_wconf 85' lang='grc' dir='ltr'>είς</span> <span class='ocrx_word' id='word_1_137' title='bbox 562 1595 658 1648; x_wconf 85' lang='grc' dir='ltr'>τὸν</span> <span class='ocrx_word' id='word_1_138' title='bbox 694 1595 811 1664; x_wconf 87' lang='grc' dir='ltr'>βίον</span> <span class='ocrx_word' id='word_1_139' title='bbox 843 1596 1011 1651; x_wconf 80' lang='grc' dir='ltr'>αὐτοῦ</span> <span class='ocrx_word' id='word_1_140' title='bbox 1041 1597 1268 1667; x_wconf 74' lang='grc' dir='ltr'>πρόοῖος</span> <span class='ocrx_word' id='word_1_141' title='bbox 1306 1597 1531 1668; x_wconf 86' lang='grc' dir='ltr'>τοιαύτη</span> <span class='ocrx_word' id='word_1_142' title='bbox 1559 1597 1798 1666; x_wconf 81' lang='grc' dir='ltr'>ἐγένετο.</span> <span class='ocrx_word' id='word_1_143' title='bbox 1822 1597 1946 1650; x_wconf 83' lang='grc' dir='ltr'>Μα-</span> 
     </span>
    </p>
   </div>
   <div class='ocr_carea' id='block_1_17' title="bbox 368 1686 1946 1761">
    <p class='ocr_par' dir='ltr' id='par_1_17' title="bbox 368 1686 1946 1761">
     <span class='ocr_line' id='line_1_17' title="bbox 368 1686 1946 1761; baseline 0.003 -25"><span class='ocrx_word' id='word_1_144' title='bbox 368 1686 467 1738; x_wconf 84' lang='grc' dir='ltr'>νωὲ</span> <span class='ocrx_word' id='word_1_145' title='bbox 508 1687 610 1754; x_wconf 87' lang='grc' dir='ltr'>τῆς</span> <span class='ocrx_word' id='word_1_146' title='bbox 655 1686 830 1757; x_wconf 85' lang='grc' dir='ltr'>φυλῆς</span> <span class='ocrx_word' id='word_1_147' title='bbox 866 1688 1130 1758; x_wconf 82' lang='grc' dir='ltr'>ὑπάρχων</span> <span class='ocrx_word' id='word_1_148' title='bbox 1174 1689 1269 1743; x_wconf 85' lang='grc' dir='ltr'>τοῦ</span> <span class='ocrx_word' id='word_1_149' title='bbox 1298 1689 1434 1755; x_wconf 69' lang='grc' dir='ltr'>Δάν,</span> <span class='ocrx_word' id='word_1_150' title='bbox 1465 1688 1705 1761; x_wconf 82' lang='grc' dir='ltr'>συνῴκει</span> <span class='ocrx_word' id='word_1_151' title='bbox 1736 1689 1946 1758; x_wconf 84' lang='grc' dir='ltr'>γυναίῳ</span> 
     </span>
    </p>
   </div>
   <div class='ocr_carea' id='block_1_18' title="bbox 371 1775 1945 1849">
    <p class='ocr_par' dir='ltr' id='par_1_18' title="bbox 371 1775 1945 1849">
     <span class='ocr_line' id='line_1_18' title="bbox 371 1775 1945 1849; baseline 0.005 -25"><span class='ocrx_word' id='word_1_152' title='bbox 371 1775 728 1844; x_wconf 81' lang='grc' dir='ltr'>στειρεύοντι,</span> <span class='ocrx_word' id='word_1_153' title='bbox 770 1779 868 1830; x_wconf 77' lang='grc' dir='ltr'>καὶ</span> <span class='ocrx_word' id='word_1_154' title='bbox 899 1778 1062 1849; x_wconf 73' lang='grc' dir='ltr'>ᾔτουν</span> <span class='ocrx_word' id='word_1_155' title='bbox 1109 1778 1201 1831; x_wconf 79' lang='grc' dir='ltr'>τὸν</span> <span class='ocrx_word' id='word_1_156' title='bbox 1234 1779 1369 1833; x_wconf 81' lang='grc' dir='ltr'>Θεὸν</span> <span class='ocrx_word' id='word_1_157' title='bbox 1400 1780 1565 1835; x_wconf 87' lang='grc' dir='ltr'>παῖδα</span> <span class='ocrx_word' id='word_1_158' title='bbox 1591 1779 1810 1847; x_wconf 81' lang='grc' dir='ltr'>δοθῆναι</span> <span class='ocrx_word' id='word_1_159' title='bbox 1844 1781 1945 1832; x_wconf 88' lang='grc' dir='ltr'>αὐ-</span> 
     </span>
    </p>
   </div>
   <div class='ocr_carea' id='block_1_19' title="bbox 365 1869 1950 1944">
    <p class='ocr_par' dir='ltr' id='par_1_19' title="bbox 365 1869 1950 1944">
     <span class='ocr_line' id='line_1_19' title="bbox 365 1869 1950 1944; baseline 0.005 -26"><span class='ocrx_word' id='word_1_160' title='bbox 365 1869 495 1930; x_wconf 81' lang='grc' dir='ltr'>τοῖς.</span> <span class='ocrx_word' id='word_1_161' title='bbox 535 1869 714 1938; x_wconf 69' lang='grc' dir='ltr'>ὨφΘη</span> <span class='ocrx_word' id='word_1_162' title='bbox 750 1871 882 1938; x_wconf 75' lang='grc' dir='ltr'>γοῦν</span> <span class='ocrx_word' id='word_1_163' title='bbox 920 1887 1056 1923; x_wconf 86' lang='grc' dir='ltr'>ποτε</span> <span class='ocrx_word' id='word_1_164' title='bbox 1099 1871 1240 1944; x_wconf 81' lang='grc' dir='ltr'>μόνῃ</span> <span class='ocrx_word' id='word_1_165' title='bbox 1269 1871 1405 1943; x_wconf 77' lang='grc' dir='ltr'>οὔσῃ</span> <span class='ocrx_word' id='word_1_166' title='bbox 1450 1875 1516 1943; x_wconf 80' lang='grc' dir='ltr'>τῇ</span> <span class='ocrx_word' id='word_1_167' title='bbox 1548 1873 1792 1942; x_wconf 78' lang='grc' dir='ltr'>γυναικὶ,</span> <span class='ocrx_word' id='word_1_168' title='bbox 1821 1889 1950 1926; x_wconf 80' lang='grc' dir='ltr'>νεα-</span> 
     </span>
    </p>
   </div>
   <div class='ocr_carea' id='block_1_20' title="bbox 368 1961 1950 2036">
    <p class='ocr_par' dir='ltr' id='par_1_20' title="bbox 368 1961 1950 2036">
     <span class='ocr_line' id='line_1_20' title="bbox 368 1961 1950 2036; baseline 0.005 -26"><span class='ocrx_word' id='word_1_169' title='bbox 368 1961 484 2021; x_wconf 86' lang='grc' dir='ltr'>νίας</span> <span class='ocrx_word' id='word_1_170' title='bbox 525 1961 701 2030; x_wconf 86' lang='grc' dir='ltr'>μέγας</span> <span class='ocrx_word' id='word_1_171' title='bbox 728 1980 791 2014; x_wconf 85' lang='grc' dir='ltr'>τε</span> <span class='ocrx_word' id='word_1_172' title='bbox 827 1963 923 2016; x_wconf 77' lang='grc' dir='ltr'>καὶ</span> <span class='ocrx_word' id='word_1_173' title='bbox 970 1964 1158 2029; x_wconf 75' lang='grc' dir='ltr'>καλὸς,</span> <span class='ocrx_word' id='word_1_174' title='bbox 1201 1965 1360 2018; x_wconf 84' lang='grc' dir='ltr'>τόκον</span> <span class='ocrx_word' id='word_1_175' title='bbox 1394 1965 1583 2028; x_wconf 79' lang='grc' dir='ltr'>παιδὸς</span> <span class='ocrx_word' id='word_1_176' title='bbox 1613 1965 1751 2036; x_wconf 83' lang='grc' dir='ltr'>αὐτῇ</span> <span class='ocrx_word' id='word_1_177' title='bbox 1787 1965 1950 2031; x_wconf 83' lang='grc' dir='ltr'>εὐαγ-</span> 
     </span>
    </p>
   </div>
   <div class='ocr_carea' id='block_1_21' title="bbox 365 2052 1948 2129">
    <p class='ocr_par' dir='ltr' id='par_1_21' title="bbox 365 2052 1948 2129">
     <span class='ocr_line' id='line_1_21' title="bbox 365 2052 1948 2129; baseline 0.004 -25"><span class='ocrx_word' id='word_1_178' title='bbox 365 2052 722 2124; x_wconf 73' lang='grc' dir='ltr'>γελιζόμενος</span> <span class='ocrx_word' id='word_1_179' title='bbox 747 2096 761 2119; x_wconf 95' lang='grc'>,</span> <span class='ocrx_word' id='word_1_180' title='bbox 797 2055 893 2109; x_wconf 84' lang='grc' dir='ltr'>καὶ</span> <span class='ocrx_word' id='word_1_181' title='bbox 951 2055 1024 2127; x_wconf 82' lang='grc' dir='ltr'>μὴ</span> <span class='ocrx_word' id='word_1_182' title='bbox 1054 2059 1200 2110; x_wconf 85' lang='grc' dir='ltr'>πιεῖν</span> <span class='ocrx_word' id='word_1_183' title='bbox 1233 2053 1376 2110; x_wconf 80' lang='grc' dir='ltr'>οἶνον</span> <span class='ocrx_word' id='word_1_184' title='bbox 1413 2058 1446 2129; x_wconf 81' lang='grc' dir='ltr'>ἢ</span> <span class='ocrx_word' id='word_1_185' title='bbox 1504 2058 1760 2128; x_wconf 79' lang='grc' dir='ltr'>μέθυσμα</span> <span class='ocrx_word' id='word_1_186' title='bbox 1808 2059 1948 2129; x_wconf 75' lang='grc' dir='ltr'>αὐτῇ</span> 
     </span>
    </p>
   </div>
   <div class='ocr_carea' id='block_1_22' title="bbox 365 2146 1952 2221">
    <p class='ocr_par' dir='ltr' id='par_1_22' title="bbox 365 2146 1952 2221">
     <span class='ocr_line' id='line_1_22' title="bbox 365 2146 1952 2221; baseline 0.004 -23"><span class='ocrx_word' id='word_1_187' title='bbox 365 2146 700 2210; x_wconf 69' lang='grc' dir='ltr'>ἐνετείλατο,</span> <span class='ocrx_word' id='word_1_188' title='bbox 729 2147 806 2219; x_wconf 84' lang='grc' dir='ltr'>μὴ</span> <span class='ocrx_word' id='word_1_189' title='bbox 832 2148 891 2201; x_wconf 84' lang='grc' dir='ltr'>δὲ</span> <span class='ocrx_word' id='word_1_190' title='bbox 915 2151 1015 2219; x_wconf 78' lang='grc' dir='ltr'>τὴν</span> <span class='ocrx_word' id='word_1_191' title='bbox 1041 2150 1218 2220; x_wconf 87' lang='grc' dir='ltr'>κόμην</span> <span class='ocrx_word' id='word_1_192' title='bbox 1248 2149 1542 2220; x_wconf 81' lang='grc' dir='ltr'>ὰποθρίξαι</span> <span class='ocrx_word' id='word_1_193' title='bbox 1573 2152 1672 2221; x_wconf 81' lang='grc' dir='ltr'>τὴν</span> <span class='ocrx_word' id='word_1_194' title='bbox 1701 2151 1793 2204; x_wconf 73' lang='grc' dir='ltr'>τοῦ</span> <span class='ocrx_word' id='word_1_195' title='bbox 1824 2169 1952 2204; x_wconf 91' lang='grc' dir='ltr'>παι-</span> 
     </span>
    </p>
   </div>
   <div class='ocr_carea' id='block_1_23' title="bbox 362 2239 1948 2315">
    <p class='ocr_par' dir='ltr' id='par_1_23' title="bbox 362 2239 1948 2315">
     <span class='ocr_line' id='line_1_23' title="bbox 362 2239 1948 2315; baseline 0.003 -24"><span class='ocrx_word' id='word_1_196' title='bbox 362 2239 471 2302; x_wconf 80' lang='grc' dir='ltr'>δός.</span> <span class='ocrx_word' id='word_1_197' title='bbox 512 2240 842 2311; x_wconf 79' lang='grc' dir='ltr'>Ναζωραῖον</span> <span class='ocrx_word' id='word_1_198' title='bbox 870 2241 927 2295; x_wconf 76' lang='grc' dir='ltr'>δὲ</span> <span class='ocrx_word' id='word_1_199' title='bbox 951 2243 1143 2311; x_wconf 77' lang='grc' dir='ltr'>ἔλεγεν</span> <span class='ocrx_word' id='word_1_200' title='bbox 1167 2239 1308 2298; x_wconf 76' lang='grc' dir='ltr'>εἶναι</span> <span class='ocrx_word' id='word_1_201' title='bbox 1329 2243 1408 2314; x_wconf 81' lang='grc' dir='ltr'>τῷ</span> <span class='ocrx_word' id='word_1_202' title='bbox 1432 2244 1623 2315; x_wconf 80' lang='grc' dir='ltr'>Κυρίῳ</span> <span class='ocrx_word' id='word_1_203' title='bbox 1639 2245 1731 2297; x_wconf 77' lang='grc' dir='ltr'>τὸν</span> <span class='ocrx_word' id='word_1_204' title='bbox 1763 2245 1948 2305; x_wconf 80' lang='grc' dir='ltr'>παῖδα,</span> 
     </span>
    </p>
   </div>
   <div class='ocr_carea' id='block_1_24' title="bbox 363 2331 1949 2406">
    <p class='ocr_par' dir='ltr' id='par_1_24' title="bbox 363 2331 1949 2406">
     <span class='ocr_line' id='line_1_24' title="bbox 363 2331 1949 2406; baseline 0.003 -22"><span class='ocrx_word' id='word_1_205' title='bbox 363 2334 529 2400; x_wconf 68' lang='grc' dir='ltr'>ἅγιον</span> <span class='ocrx_word' id='word_1_206' title='bbox 555 2331 784 2403; x_wconf 83' lang='grc' dir='ltr'>δηλαδὴ,</span> <span class='ocrx_word' id='word_1_207' title='bbox 809 2335 905 2387; x_wconf 70' lang='grc' dir='ltr'>καὶ</span> <span class='ocrx_word' id='word_1_208' title='bbox 937 2336 1027 2389; x_wconf 89' lang='grc' dir='ltr'>τὺν</span> <span class='ocrx_word' id='word_1_209' title='bbox 1062 2336 1282 2406; x_wconf 78' lang='grc' dir='ltr'>Ἰσραὴλ</span> <span class='ocrx_word' id='word_1_210' title='bbox 1308 2335 1655 2406; x_wconf 67' lang='grc' dir='ltr'>σωθήσεσθαι</span> <span class='ocrx_word' id='word_1_211' title='bbox 1684 2336 1752 2389; x_wconf 84' lang='grc' dir='ltr'>δι’</span> <span class='ocrx_word' id='word_1_212' title='bbox 1782 2335 1949 2390; x_wconf 80' lang='grc' dir='ltr'>αὑτοῦ</span> 
     </span>
    </p>
   </div>
   <div class='ocr_carea' id='block_1_25' title="bbox 361 2424 1952 2500">
    <p class='ocr_par' dir='ltr' id='par_1_25' title="bbox 361 2424 1952 2500">
     <span class='ocr_line' id='line_1_25' title="bbox 361 2424 1952 2500; baseline 0.003 -22"><span class='ocrx_word' id='word_1_213' title='bbox 361 2427 425 2478; x_wconf 77' lang='grc' dir='ltr'>ἐκ</span> <span class='ocrx_word' id='word_1_214' title='bbox 457 2425 562 2494; x_wconf 89' lang='grc' dir='ltr'>τῆς</span> <span class='ocrx_word' id='word_1_215' title='bbox 593 2424 703 2478; x_wconf 86' lang='grc' dir='ltr'>τῶν</span> <span class='ocrx_word' id='word_1_216' title='bbox 739 2427 1058 2497; x_wconf 74' lang='grc' dir='ltr'>ἀλλοφύλων</span> <span class='ocrx_word' id='word_1_217' title='bbox 1101 2430 1306 2500; x_wconf 82' lang='grc' dir='ltr'>χειρός.</span> <span class='ocrx_word' id='word_1_218' title='bbox 1353 2428 1415 2483; x_wconf 85' lang='grc' dir='ltr'><em>Ἦ</em></span> <span class='ocrx_word' id='word_1_219' title='bbox 1451 2431 1528 2494; x_wconf 83' lang='grc' dir='ltr'>δὲ,</span> <span class='ocrx_word' id='word_1_220' title='bbox 1559 2429 1638 2500; x_wconf 85' lang='grc' dir='ltr'>τῷ</span> <span class='ocrx_word' id='word_1_221' title='bbox 1669 2430 1824 2500; x_wconf 78' lang='grc' dir='ltr'>ἀνδρὶ</span> <span class='ocrx_word' id='word_1_222' title='bbox 1853 2448 1952 2483; x_wconf 87' lang='grc' dir='ltr'>κα-</span> 
     </span>
    </p>
   </div>
   <div class='ocr_carea' id='block_1_26' title="bbox 363 2519 1949 2595">
    <p class='ocr_par' dir='ltr' id='par_1_26' title="bbox 363 2519 1949 2595">
     <span class='ocr_line' id='line_1_26' title="bbox 363 2519 1949 2595; baseline 0.005 -26"><span class='ocrx_word' id='word_1_223' title='bbox 363 2519 630 2588; x_wconf 83' lang='grc' dir='ltr'>τήγγειλε</span> <span class='ocrx_word' id='word_1_224' title='bbox 657 2520 854 2576; x_wconf 84' lang='grc' dir='ltr'>ταῦτα.</span> <span class='ocrx_word' id='word_1_225' title='bbox 887 2523 998 2575; x_wconf 76' lang='grc' dir='ltr'>Καὶ</span> <span class='ocrx_word' id='word_1_226' title='bbox 1038 2522 1094 2587; x_wconf 82' lang='grc' dir='ltr'>ὃς</span> <span class='ocrx_word' id='word_1_227' title='bbox 1123 2523 1356 2594; x_wconf 79' lang='grc' dir='ltr'>ὀφθῆναι</span> <span class='ocrx_word' id='word_1_228' title='bbox 1398 2526 1492 2578; x_wconf 76' lang='grc' dir='ltr'>καὶ</span> <span class='ocrx_word' id='word_1_229' title='bbox 1531 2523 1680 2595; x_wconf 86' lang='grc' dir='ltr'>αὐτῷ</span> <span class='ocrx_word' id='word_1_230' title='bbox 1707 2523 1798 2579; x_wconf 72' lang='grc' dir='ltr'>τὸν</span> <span class='ocrx_word' id='word_1_231' title='bbox 1844 2541 1949 2594; x_wconf 87' lang='grc' dir='ltr'>φα-</span> 
     </span>
    </p>
   </div>
   <div class='ocr_carea' id='block_1_27' title="bbox 363 2604 2024 2686">
    <p class='ocr_par' dir='ltr' id='par_1_27' title="bbox 363 2604 2024 2686">
     <span class='ocr_line' id='line_1_27' title="bbox 363 2604 2024 2686; baseline 0.004 -24"><span class='ocrx_word' id='word_1_232' title='bbox 363 2610 532 2664; x_wconf 81' lang='grc' dir='ltr'>νέντα</span> <span class='ocrx_word' id='word_1_233' title='bbox 566 2613 632 2681; x_wconf 83' lang='grc' dir='ltr'>τῇ</span> <span class='ocrx_word' id='word_1_234' title='bbox 667 2612 916 2681; x_wconf 82' lang='grc' dir='ltr'>γυναικὶ,</span> <span class='ocrx_word' id='word_1_235' title='bbox 949 2613 1127 2668; x_wconf 80' lang='grc' dir='ltr'>ἐδέετο</span> <span class='ocrx_word' id='word_1_236' title='bbox 1155 2614 1247 2668; x_wconf 78' lang='grc' dir='ltr'>τοῦ</span> <span class='ocrx_word' id='word_1_237' title='bbox 1296 2614 1455 2670; x_wconf 80' lang='grc' dir='ltr'>Θεοῦ.</span> <span class='ocrx_word' id='word_1_238' title='bbox 1494 2611 1660 2680; x_wconf 75' lang='grc' dir='ltr'>Αὖθις</span> <span class='ocrx_word' id='word_1_239' title='bbox 1705 2615 1801 2668; x_wconf 78' lang='grc' dir='ltr'>οὖν</span> <span class='ocrx_word' id='word_1_240' title='bbox 1846 2609 1952 2686; x_wconf 82' lang='grc' dir='ltr'>ἧκε</span> <span class='ocrx_word' id='word_1_241' title='bbox 1987 2604 2024 2658; x_wconf 74' lang='grc' dir='ltr'><strong>Β</strong></span> 
     </span>
    </p>
   </div>
   <div class='ocr_carea' id='block_1_28' title="bbox 365 2704 1956 2780">
    <p class='ocr_par' dir='ltr' id='par_1_28' title="bbox 365 2704 1956 2780">
     <span class='ocr_line' id='line_1_28' title="bbox 365 2704 1956 2780; baseline 0.006 -25"><span class='ocrx_word' id='word_1_242' title='bbox 365 2704 500 2774; x_wconf 81' lang='grc' dir='ltr'>πρὸς</span> <span class='ocrx_word' id='word_1_243' title='bbox 530 2704 630 2774; x_wconf 73' lang='grc' dir='ltr'>τὴν</span> <span class='ocrx_word' id='word_1_244' title='bbox 658 2710 896 2773; x_wconf 85' lang='grc' dir='ltr'>γυναῖκα</span> <span class='ocrx_word' id='word_1_245' title='bbox 927 2708 955 2759; x_wconf 81' lang='grc' dir='ltr'>ὁ</span> <span class='ocrx_word' id='word_1_246' title='bbox 985 2707 1243 2776; x_wconf 74' lang='grc' dir='ltr'>ἄγγελος.</span> <span class='ocrx_word' id='word_1_247' title='bbox 1282 2707 1455 2777; x_wconf 81' lang='grc' dir='ltr'>Ἀπῆν</span> <span class='ocrx_word' id='word_1_248' title='bbox 1491 2711 1548 2763; x_wconf 84' lang='grc' dir='ltr'>δὲ</span> <span class='ocrx_word' id='word_1_249' title='bbox 1574 2710 1749 2780; x_wconf 77' lang='grc' dir='ltr'>αὐτῆς</span> <span class='ocrx_word' id='word_1_250' title='bbox 1769 2711 1797 2764; x_wconf 81' lang='grc' dir='ltr'><strong><em>ὁ</em></strong></span> <span class='ocrx_word' id='word_1_251' title='bbox 1835 2711 1956 2764; x_wconf 81' lang='grc' dir='ltr'>Μα-</span> 
     </span>
    </p>
   </div>
   <div class='ocr_carea' id='block_1_29' title="bbox 365 2797 1958 2872">
    <p class='ocr_par' dir='ltr' id='par_1_29' title="bbox 365 2797 1958 2872">
     <span class='ocr_line' id='line_1_29' title="bbox 365 2797 1958 2872; baseline 0.004 -22"><span class='ocrx_word' id='word_1_252' title='bbox 365 2797 491 2851; x_wconf 79' lang='grc' dir='ltr'>νωέ.</span> <span class='ocrx_word' id='word_1_253' title='bbox 549 2799 658 2850; x_wconf 77' lang='grc' dir='ltr'>Καὶ</span> <span class='ocrx_word' id='word_1_254' title='bbox 690 2800 724 2868; x_wconf 79' lang='grc' dir='ltr'>η</span> <span class='ocrx_word' id='word_1_255' title='bbox 755 2798 896 2869; x_wconf 87' lang='grc' dir='ltr'>γυνὴ</span> <span class='ocrx_word' id='word_1_256' title='bbox 947 2801 1281 2871; x_wconf 83' lang='grc' dir='ltr'>προσμεῖναι</span> <span class='ocrx_word' id='word_1_257' title='bbox 1327 2801 1495 2854; x_wconf 79' lang='grc' dir='ltr'>αὐτὸν</span> <span class='ocrx_word' id='word_1_258' title='bbox 1529 2802 1834 2872; x_wconf 79' lang='grc' dir='ltr'>παρεκάλει</span> <span class='ocrx_word' id='word_1_259' title='bbox 1858 2802 1958 2872; x_wconf 76' lang='grc' dir='ltr'>τὴν</span> 
     </span>
    </p>
   </div>
   <div class='ocr_carea' id='block_1_30' title="bbox 357 2887 1956 2964">
    <p class='ocr_par' dir='ltr' id='par_1_30' title="bbox 357 2887 1956 2964">
     <span class='ocr_line' id='line_1_30' title="bbox 357 2887 1956 2964; baseline 0.004 -24"><span class='ocrx_word' id='word_1_260' title='bbox 357 2887 454 2940; x_wconf 82' lang='grc' dir='ltr'>τοῦ</span> <span class='ocrx_word' id='word_1_261' title='bbox 473 2889 672 2958; x_wconf 76' lang='grc' dir='ltr'>ἀνδρὸς</span> <span class='ocrx_word' id='word_1_262' title='bbox 708 2891 1032 2960; x_wconf 77' lang='grc' dir='ltr'>παρουσίαν.</span> <span class='ocrx_word' id='word_1_263' title='bbox 1067 2890 1276 2944; x_wconf 84' lang='grc' dir='ltr'>Ἐλθὼν</span> <span class='ocrx_word' id='word_1_264' title='bbox 1309 2891 1365 2944; x_wconf 84' lang='grc' dir='ltr'>δὲ</span> <span class='ocrx_word' id='word_1_265' title='bbox 1395 2893 1600 2946; x_wconf 81' lang='grc' dir='ltr'>Μανωὲ</span> <span class='ocrx_word' id='word_1_266' title='bbox 1632 2892 1826 2964; x_wconf 81' lang='grc' dir='ltr'>ἠρώτα</span> <span class='ocrx_word' id='word_1_267' title='bbox 1863 2893 1956 2946; x_wconf 72' lang='grc' dir='ltr'>τὸν</span> 
     </span>
    </p>
   </div>
   <div class='ocr_carea' id='block_1_31' title="bbox 359 2981 1953 3055">
    <p class='ocr_par' dir='ltr' id='par_1_31' title="bbox 359 2981 1953 3055">
     <span class='ocr_line' id='line_1_31' title="bbox 359 2981 1953 3055; baseline 0.003 -21"><span class='ocrx_word' id='word_1_268' title='bbox 359 2981 624 3049; x_wconf 76' lang='grc' dir='ltr'>ἄγγελον.</span> <span class='ocrx_word' id='word_1_269' title='bbox 655 2981 707 3034; x_wconf 87' lang='grc' dir='ltr'>τί</span> <span class='ocrx_word' id='word_1_270' title='bbox 758 2982 825 3035; x_wconf 82' lang='grc' dir='ltr'>ἂν</span> <span class='ocrx_word' id='word_1_271' title='bbox 853 2982 949 3036; x_wconf 81' lang='grc' dir='ltr'>τοῦ</span> <span class='ocrx_word' id='word_1_272' title='bbox 983 2983 1174 3040; x_wconf 79' lang='grc' dir='ltr'>παιδὸς</span> <span class='ocrx_word' id='word_1_273' title='bbox 1224 2983 1582 3054; x_wconf 78' lang='grc' dir='ltr'>γεννηθέντος</span> <span class='ocrx_word' id='word_1_274' title='bbox 1622 2986 1953 3055; x_wconf 85' lang='grc' dir='ltr'>ποιήσειαν;</span> 
     </span>
    </p>
   </div>
   <div class='ocr_carea' id='block_1_32' title="bbox 365 3070 1958 3146">
    <p class='ocr_par' dir='ltr' id='par_1_32' title="bbox 365 3070 1958 3146">
     <span class='ocr_line' id='line_1_32' title="bbox 365 3070 1958 3146; baseline 0.003 -21"><span class='ocrx_word' id='word_1_275' title='bbox 365 3070 428 3125; x_wconf 84' lang='grc' dir='ltr'><strong>Ὃ</strong></span> <span class='ocrx_word' id='word_1_276' title='bbox 459 3074 517 3126; x_wconf 83' lang='grc' dir='ltr'>δὲ</span> <span class='ocrx_word' id='word_1_277' title='bbox 549 3073 748 3138; x_wconf 72' lang='grc' dir='ltr'>Οἶνον,</span> <span class='ocrx_word' id='word_1_278' title='bbox 785 3074 914 3143; x_wconf 76' lang='grc' dir='ltr'>ἔφη,</span> <span class='ocrx_word' id='word_1_279' title='bbox 943 3077 1014 3128; x_wconf 85' lang='grc' dir='ltr'>οὺ</span> <span class='ocrx_word' id='word_1_280' title='bbox 1063 3076 1280 3137; x_wconf 81' lang='grc' dir='ltr'>πίεται,</span> <span class='ocrx_word' id='word_1_281' title='bbox 1317 3075 1463 3130; x_wconf 82' lang='grc' dir='ltr'>οὐδὲ</span> <span class='ocrx_word' id='word_1_282' title='bbox 1505 3075 1809 3146; x_wconf 80' lang='grc' dir='ltr'>μέθυσμα,</span> <span class='ocrx_word' id='word_1_283' title='bbox 1855 3077 1958 3130; x_wconf 79' lang='grc' dir='ltr'>καὶ</span> 
     </span>
    </p>
   </div>
   <div class='ocr_carea' id='block_1_33' title="bbox 355 3163 1958 3235">
    <p class='ocr_par' dir='ltr' id='par_1_33' title="bbox 355 3163 1958 3235">
     <span class='ocr_line' id='line_1_33' title="bbox 355 3163 1958 3235; baseline 0.004 -18"><span class='ocrx_word' id='word_1_284' title='bbox 355 3163 710 3232; x_wconf 67' lang='grc' dir='ltr'>ἀκάθαρτόν</span> <span class='ocrx_word' id='word_1_285' title='bbox 744 3182 797 3219; x_wconf 87' lang='grc' dir='ltr'>τι</span> <span class='ocrx_word' id='word_1_286' title='bbox 822 3169 894 3219; x_wconf 82' lang='grc' dir='ltr'>οὺ</span> <span class='ocrx_word' id='word_1_287' title='bbox 923 3165 1192 3234; x_wconf 59' lang='grc' dir='ltr'>φάγεται,</span> <span class='ocrx_word' id='word_1_288' title='bbox 1228 3166 1327 3221; x_wconf 81' lang='grc' dir='ltr'>καί</span> <span class='ocrx_word' id='word_1_289' title='bbox 1367 3166 1483 3235; x_wconf 80' lang='grc' dir='ltr'>τὴν</span> <span class='ocrx_word' id='word_1_290' title='bbox 1513 3169 1708 3234; x_wconf 77' lang='grc' dir='ltr'>κόμην</span> <span class='ocrx_word' id='word_1_291' title='bbox 1751 3170 1822 3223; x_wconf 83' lang='grc' dir='ltr'>οὐ</span> <span class='ocrx_word' id='word_1_292' title='bbox 1850 3169 1958 3234; x_wconf 76' lang='grc' dir='ltr'>ευ·</span> 
     </span>
    </p>
   </div>
   <div class='ocr_carea' id='block_1_34' title="bbox 347 3260 1957 3330">
    <p class='ocr_par' dir='ltr' id='par_1_34' title="bbox 347 3260 1957 3330">
     <span class='ocr_line' id='line_1_34' title="bbox 347 3260 1957 3330; baseline 0.003 -21"><span class='ocrx_word' id='word_1_293' title='bbox 347 3261 715 3324; x_wconf 68' lang='grc' dir='ltr'>ρηθιὶσεται.</span> <span class='ocrx_word' id='word_1_294' title='bbox 766 3260 878 3312; x_wconf 75' lang='grc' dir='ltr'>Καὶ</span> <span class='ocrx_word' id='word_1_295' title='bbox 909 3262 936 3312; x_wconf 86' lang='grc' dir='ltr'>ὁ</span> <span class='ocrx_word' id='word_1_296' title='bbox 963 3260 1165 3313; x_wconf 68' lang='lat' dir='ltr'>Maon</span> <span class='ocrx_word' id='word_1_297' title='bbox 1214 3261 1276 3313; x_wconf 70' lang='grc' dir='ltr'>τὸ</span> <span class='ocrx_word' id='word_1_298' title='bbox 1306 3260 1478 3330; x_wconf 78' lang='grc' dir='ltr'>ὄνομα</span> <span class='ocrx_word' id='word_1_299' title='bbox 1507 3261 1600 3312; x_wconf 78' lang='grc' dir='ltr'>τοῦ</span> <span class='ocrx_word' id='word_1_300' title='bbox 1635 3260 1957 3329; x_wconf 79' lang='grc' dir='ltr'>ὁμιλοῦντος</span> 
     </span>
    </p>
   </div>
   <div class='ocr_carea' id='block_1_35' title="bbox 355 3350 1957 3424">
    <p class='ocr_par' dir='ltr' id='par_1_35' title="bbox 355 3350 1957 3424">
     <span class='ocr_line' id='line_1_35' title="bbox 355 3350 1957 3424; baseline 0.002 -23"><span class='ocrx_word' id='word_1_301' title='bbox 355 3351 515 3421; x_wconf 77' lang='grc' dir='ltr'>αὐτῷ</span> <span class='ocrx_word' id='word_1_302' title='bbox 549 3351 738 3421; x_wconf 76' lang='grc' dir='ltr'>ἐζήτει</span> <span class='ocrx_word' id='word_1_303' title='bbox 774 3353 986 3421; x_wconf 78' lang='grc' dir='ltr'>μαθεῖν.</span> <span class='ocrx_word' id='word_1_304' title='bbox 1029 3353 1088 3407; x_wconf 82' lang='lat'>&#39;0</span> <span class='ocrx_word' id='word_1_305' title='bbox 1131 3354 1188 3407; x_wconf 78' lang='grc' dir='ltr'>δὲ</span> <span class='ocrx_word' id='word_1_306' title='bbox 1240 3352 1559 3424; x_wconf 72' lang='grc' dir='ltr'>θαυμαστὸν</span> <span class='ocrx_word' id='word_1_307' title='bbox 1605 3350 1748 3406; x_wconf 71' lang='grc' dir='ltr'>εἶναι</span> <span class='ocrx_word' id='word_1_308' title='bbox 1797 3353 1957 3406; x_wconf 77' lang='grc' dir='ltr'>τοῦτο</span> 
     </span>
    </p>
   </div>
   <div class='ocr_carea' id='block_1_36' title="bbox 356 3437 1958 3516">
    <p class='ocr_par' dir='ltr' id='par_1_36' title="bbox 356 3437 1958 3516">
     <span class='ocr_line' id='line_1_36' title="bbox 356 3437 1958 3516; baseline 0.001 -20"><span class='ocrx_word' id='word_1_309' title='bbox 356 3443 558 3500; x_wconf 82' lang='grc' dir='ltr'>εἰπὼν.</span> <span class='ocrx_word' id='word_1_310' title='bbox 581 3437 972 3516; x_wconf 77' lang='grc' dir='ltr'>ἀπεσιώπησεν</span> <span class='ocrx_word' id='word_1_311' title='bbox 1000 3448 1153 3501; x_wconf 76' lang='grc' dir='ltr'>αὑτό.</span> <span class='ocrx_word' id='word_1_312' title='bbox 1189 3447 1250 3501; x_wconf 79' lang='grc' dir='ltr'><strong>Ὀ</strong></span> <span class='ocrx_word' id='word_1_313' title='bbox 1275 3448 1476 3502; x_wconf 82' lang='grc' dir='ltr'>Μανωὲ</span> <span class='ocrx_word' id='word_1_314' title='bbox 1507 3447 1563 3500; x_wconf 83' lang='grc' dir='ltr'>δὲ</span> <span class='ocrx_word' id='word_1_315' title='bbox 1587 3447 1776 3516; x_wconf 77' lang='grc' dir='ltr'>ἔριφον</span> <span class='ocrx_word' id='word_1_316' title='bbox 1802 3447 1958 3515; x_wconf 81' lang='grc' dir='ltr'>ἐνεγ-</span> 
     </span>
    </p>
   </div>
   <div class='ocr_carea' id='block_1_37' title="bbox 357 3535 1957 3609">
    <p class='ocr_par' dir='ltr' id='par_1_37' title="bbox 357 3535 1957 3609">
     <span class='ocr_line' id='line_1_37' title="bbox 357 3535 1957 3609; baseline 0.003 -21"><span class='ocrx_word' id='word_1_317' title='bbox 357 3535 472 3590; x_wconf 84' lang='grc' dir='ltr'>κὼν</span> <span class='ocrx_word' id='word_1_318' title='bbox 510 3537 704 3598; x_wconf 78' lang='grc' dir='ltr'>ἔθυσε,</span> <span class='ocrx_word' id='word_1_319' title='bbox 741 3539 837 3591; x_wconf 75' lang='grc' dir='ltr'>καὶ</span> <span class='ocrx_word' id='word_1_320' title='bbox 889 3541 1089 3609; x_wconf 83' lang='grc' dir='ltr'>ἄρτους</span> <span class='ocrx_word' id='word_1_321' title='bbox 1137 3541 1540 3609; x_wconf 82' lang='grc' dir='ltr'>προσήνεγκεν.</span> <span class='ocrx_word' id='word_1_322' title='bbox 1588 3538 1648 3593; x_wconf 87' lang='grc' dir='ltr'>Ὁ</span> <span class='ocrx_word' id='word_1_323' title='bbox 1689 3540 1748 3593; x_wconf 86' lang='grc' dir='ltr'>δὲ</span> <span class='ocrx_word' id='word_1_324' title='bbox 1781 3539 1957 3594; x_wconf 77' lang='grc' dir='ltr'>θεῖναι</span> 
     </span>
    </p>
   </div>
   <div class='ocr_carea' id='block_1_38' title="bbox 354 3627 1956 3700">
    <p class='ocr_par' dir='ltr' id='par_1_38' title="bbox 354 3627 1956 3700">
     <span class='ocr_line' id='line_1_38' title="bbox 354 3627 1956 3700; baseline 0.003 -22"><span class='ocrx_word' id='word_1_325' title='bbox 354 3628 425 3680; x_wconf 63' lang='grc' dir='ltr'>τὰ</span> <span class='ocrx_word' id='word_1_326' title='bbox 459 3628 608 3698; x_wconf 86' lang='grc' dir='ltr'>κρέα</span> <span class='ocrx_word' id='word_1_327' title='bbox 639 3627 736 3681; x_wconf 82' lang='grc' dir='ltr'>καὶ</span> <span class='ocrx_word' id='word_1_328' title='bbox 771 3628 898 3692; x_wconf 85' lang='grc' dir='ltr'>τοὺς</span> <span class='ocrx_word' id='word_1_329' title='bbox 932 3630 1130 3698; x_wconf 68' lang='grc' dir='ltr'>ἄρτους</span> <span class='ocrx_word' id='word_1_330' title='bbox 1161 3629 1254 3681; x_wconf 73' lang='grc' dir='ltr'>ἐπὶ</span> <span class='ocrx_word' id='word_1_331' title='bbox 1290 3628 1391 3699; x_wconf 76' lang='grc' dir='ltr'>τὴν</span> <span class='ocrx_word' id='word_1_332' title='bbox 1426 3629 1636 3699; x_wconf 82' lang='grc' dir='ltr'>πέτραν</span> <span class='ocrx_word' id='word_1_333' title='bbox 1684 3630 1956 3700; x_wconf 79' lang='grc' dir='ltr'>προσέτα-</span> 
     </span>
    </p>
   </div>
   <div class='ocr_carea' id='block_1_39' title="bbox 356 3719 1952 3792">
    <p class='ocr_par' dir='ltr' id='par_1_39' title="bbox 356 3719 1952 3792">
     <span class='ocr_line' id='line_1_39' title="bbox 356 3719 1952 3792; baseline 0.002 -21"><span class='ocrx_word' id='word_1_334' title='bbox 356 3720 469 3783; x_wconf 82' lang='grc' dir='ltr'>ξεν.</span> <span class='ocrx_word' id='word_1_335' title='bbox 503 3719 796 3773; x_wconf 81' lang='grc' dir='ltr'>Τεθέντων</span> <span class='ocrx_word' id='word_1_336' title='bbox 825 3722 903 3780; x_wconf 76' lang='grc' dir='ltr'>δὲ.</span> <span class='ocrx_word' id='word_1_337' title='bbox 939 3725 1002 3788; x_wconf 78' lang='grc' dir='ltr'>τῇ</span> <span class='ocrx_word' id='word_1_338' title='bbox 1036 3722 1218 3792; x_wconf 71' lang='grc' dir='ltr'>ῥάϐδῳ</span> <span class='ocrx_word' id='word_1_339' title='bbox 1252 3720 1419 3774; x_wconf 84' lang='grc' dir='ltr'>αὐτοῦ</span> <span class='ocrx_word' id='word_1_340' title='bbox 1456 3721 1690 3774; x_wconf 79' lang='grc' dir='ltr'>ἅπτεται</span> <span class='ocrx_word' id='word_1_341' title='bbox 1721 3722 1952 3791; x_wconf 86' lang='grc' dir='ltr'>τούτων,</span> 
     </span>
    </p>
   </div>
   <div class='ocr_carea' id='block_1_40' title="bbox 2138 1223 3628 1286">
    <p class='ocr_par' dir='ltr' id='par_1_40' title="bbox 2138 1223 3628 1286">
     <span class='ocr_line' id='line_1_40' title="bbox 2138 1223 3628 1286; baseline -0.005 -2"><span class='ocrx_word' id='word_1_342' title='bbox 2138 1230 2328 1286; x_wconf 76' lang='lat' dir='ltr'><strong>XXIV.</strong></span> <span class='ocrx_word' id='word_1_343' title='bbox 2391 1231 2596 1286; x_wconf 82' lang='lat' dir='ltr'><strong>Deinde</strong></span> <span class='ocrx_word' id='word_1_344' title='bbox 2663 1229 2937 1286; x_wconf 71' lang='lat' dir='ltr'><strong>Palaestini</strong></span> <span class='ocrx_word' id='word_1_345' title='bbox 3015 1227 3272 1284; x_wconf 86' lang='lat' dir='ltr'><strong>subactos</strong></span> <span class='ocrx_word' id='word_1_346' title='bbox 3355 1223 3628 1278; x_wconf 80' lang='lat' dir='ltr'><strong>lsraelitas</strong></span> 
     </span>
    </p>
   </div>
   <div class='ocr_carea' id='block_1_41' title="bbox 2049 1316 3625 1393">
    <p class='ocr_par' dir='ltr' id='par_1_41' title="bbox 2049 1316 3625 1393">
     <span class='ocr_line' id='line_1_41' title="bbox 2049 1316 3625 1393; baseline -0.008 -17"><span class='ocrx_word' id='word_1_347' title='bbox 2049 1339 2146 1392; x_wconf 87' lang='lat' dir='ltr'>per</span> <span class='ocrx_word' id='word_1_348' title='bbox 2217 1338 2393 1378; x_wconf 89' lang='lat' dir='ltr'><strong>annos</strong></span> <span class='ocrx_word' id='word_1_349' title='bbox 2468 1321 2826 1393; x_wconf 81' lang='lat' dir='ltr'><strong>quadraginta</strong></span> <span class='ocrx_word' id='word_1_350' title='bbox 2896 1321 3216 1375; x_wconf 87' lang='lat' dir='ltr'><strong>tributarios</strong></span> <span class='ocrx_word' id='word_1_351' title='bbox 3290 1316 3625 1370; x_wconf 82' lang='lat' dir='ltr'><strong>habuerunt.</strong></span> 
     </span>
    </p>
   </div>
   <div class='ocr_carea' id='block_1_42' title="bbox 2047 1409 3629 1486">
    <p class='ocr_par' dir='ltr' id='par_1_42' title="bbox 2047 1409 3629 1486">
     <span class='ocr_line' id='line_1_42' title="bbox 2047 1409 3629 1486; baseline -0.006 -16"><span class='ocrx_word' id='word_1_352' title='bbox 2047 1416 2167 1482; x_wconf 87' lang='lat' dir='ltr'><strong>Quo</strong></span> <span class='ocrx_word' id='word_1_353' title='bbox 2226 1425 2472 1486; x_wconf 88' lang='lat' dir='ltr'><strong>tempore</strong></span> <span class='ocrx_word' id='word_1_354' title='bbox 2506 1423 2668 1469; x_wconf 86' lang='lat' dir='ltr'><strong>natus</strong></span> <span class='ocrx_word' id='word_1_355' title='bbox 2722 1413 3012 1482; x_wconf 84' lang='lat' dir='ltr'>Sampson,</span> <span class='ocrx_word' id='word_1_356' title='bbox 3068 1411 3247 1476; x_wconf 81' lang='lat' dir='ltr'><strong>(robur</strong></span> <span class='ocrx_word' id='word_1_357' title='bbox 3292 1409 3397 1463; x_wconf 91' lang='lat' dir='ltr'>hoc</span> <span class='ocrx_word' id='word_1_358' title='bbox 3429 1425 3629 1463; x_wconf 85' lang='lat' dir='ltr'><strong>nomen</strong></span> 
     </span>
    </p>
   </div>
   <div class='ocr_carea' id='block_1_43' title="bbox 2047 1502 3631 1578">
    <p class='ocr_par' dir='ltr' id='par_1_43' title="bbox 2047 1502 3631 1578">
     <span class='ocr_line' id='line_1_43' title="bbox 2047 1502 3631 1578; baseline -0.006 -16"><span class='ocrx_word' id='word_1_359' title='bbox 2047 1506 2352 1578; x_wconf 78' lang='lat' dir='ltr'><strong>signiﬁcat)</strong></span> <span class='ocrx_word' id='word_1_360' title='bbox 2419 1508 2546 1562; x_wconf 92' lang='lat' dir='ltr'><strong>illos</strong></span> <span class='ocrx_word' id='word_1_361' title='bbox 2620 1507 2937 1569; x_wconf 71' lang='lat' dir='ltr'><strong>infestavit,</strong></span> <span class='ocrx_word' id='word_1_362' title='bbox 2987 1506 3144 1575; x_wconf 86' lang='lat' dir='ltr'><strong>cujus</strong></span> <span class='ocrx_word' id='word_1_363' title='bbox 3197 1502 3419 1572; x_wconf 79' lang='lat' dir='ltr'><strong>quidem</strong></span> <span class='ocrx_word' id='word_1_364' title='bbox 3474 1512 3631 1553; x_wconf 88' lang='lat' dir='ltr'><strong>ortus</strong></span> 
     </span>
    </p>
   </div>
   <div class='ocr_carea' id='block_1_44' title="bbox 2049 1591 3630 1668">
    <p class='ocr_par' dir='ltr' id='par_1_44' title="bbox 2049 1591 3630 1668">
     <span class='ocr_line' id='line_1_44' title="bbox 2049 1591 3630 1668; baseline -0.005 -16"><span class='ocrx_word' id='word_1_365' title='bbox 2049 1598 2362 1668; x_wconf 87' lang='lat' dir='ltr'><strong>lmjusmodi</strong></span> <span class='ocrx_word' id='word_1_366' title='bbox 2440 1598 2670 1653; x_wconf 77' lang='lat' dir='ltr'><strong>exstitit.</strong></span> <span class='ocrx_word' id='word_1_367' title='bbox 2744 1596 2970 1652; x_wconf 78' lang='lat' dir='ltr'><strong>Man—oes</strong></span> <span class='ocrx_word' id='word_1_368' title='bbox 3056 1595 3240 1650; x_wconf 71' lang='lat' dir='ltr'><strong>Dania:</strong></span> <span class='ocrx_word' id='word_1_369' title='bbox 3307 1595 3482 1647; x_wconf 84' lang='lat' dir='ltr'><strong>tribus</strong></span> <span class='ocrx_word' id='word_1_370' title='bbox 3543 1591 3630 1644; x_wconf 88' lang='lat' dir='ltr'>vir</span> 
     </span>
    </p>
   </div>
   <div class='ocr_carea' id='block_1_45' title="bbox 2050 1685 3626 1746">
    <p class='ocr_par' dir='ltr' id='par_1_45' title="bbox 2050 1685 3626 1746">
     <span class='ocr_line' id='line_1_45' title="bbox 2050 1685 3626 1746; baseline -0.005 -2"><span class='ocrx_word' id='word_1_371' title='bbox 2050 1691 2336 1745; x_wconf 84' lang='lat' dir='ltr'><strong>mulierem</strong></span> <span class='ocrx_word' id='word_1_372' title='bbox 2386 1691 2627 1746; x_wconf 84' lang='lat' dir='ltr'><strong>sterilem</strong></span> <span class='ocrx_word' id='word_1_373' title='bbox 2674 1689 2730 1743; x_wconf 90' lang='lat' dir='ltr'>in</span> <span class='ocrx_word' id='word_1_374' title='bbox 2783 1688 3134 1744; x_wconf 89' lang='lat' dir='ltr'><strong>matrimonio</strong></span> <span class='ocrx_word' id='word_1_375' title='bbox 3177 1702 3301 1741; x_wconf 92' lang='lat' dir='ltr'>cum</span> <span class='ocrx_word' id='word_1_376' title='bbox 3359 1685 3626 1744; x_wconf 80' lang='lat' dir='ltr'><strong>haberet.</strong></span> 
     </span>
    </p>
   </div>
   <div class='ocr_carea' id='block_1_46' title="bbox 2049 1776 3627 1851">
    <p class='ocr_par' dir='ltr' id='par_1_46' title="bbox 2049 1776 3627 1851">
     <span class='ocr_line' id='line_1_46' title="bbox 2049 1776 3627 1851; baseline -0.005 -14"><span class='ocrx_word' id='word_1_377' title='bbox 2049 1793 2283 1851; x_wconf 90' lang='lat' dir='ltr'><strong>uterque</strong></span> <span class='ocrx_word' id='word_1_378' title='bbox 2334 1781 2579 1836; x_wconf 91' lang='lat' dir='ltr'><strong>sobolem</strong></span> <span class='ocrx_word' id='word_1_379' title='bbox 2611 1791 2736 1836; x_wconf 88' lang='lat' dir='ltr'><strong>orat</strong></span> <span class='ocrx_word' id='word_1_380' title='bbox 2784 1782 2980 1836; x_wconf 84' lang='lat' dir='ltr'><strong>Deum.</strong></span> <span class='ocrx_word' id='word_1_381' title='bbox 3021 1778 3204 1834; x_wconf 83' lang='lat' dir='ltr'><strong>Semel</strong></span> <span class='ocrx_word' id='word_1_382' title='bbox 3248 1777 3471 1834; x_wconf 83' lang='lat' dir='ltr'><strong>mulieri</strong></span> <span class='ocrx_word' id='word_1_383' title='bbox 3525 1776 3627 1830; x_wconf 89' lang='lat' dir='ltr'><strong>soli</strong></span> 
     </span>
    </p>
   </div>
   <div class='ocr_carea' id='block_1_47' title="bbox 2050 1873 3626 1944">
    <p class='ocr_par' dir='ltr' id='par_1_47' title="bbox 2050 1873 3626 1944">
     <span class='ocr_line' id='line_1_47' title="bbox 2050 1873 3626 1944; baseline -0.008 -13"><span class='ocrx_word' id='word_1_384' title='bbox 2050 1876 2372 1931; x_wconf 78' lang='lat' dir='ltr'><strong>adolescens</strong></span> <span class='ocrx_word' id='word_1_385' title='bbox 2410 1890 2639 1944; x_wconf 78' lang='lat' dir='ltr'><strong>magnus</strong></span> <span class='ocrx_word' id='word_1_386' title='bbox 2695 1883 2752 1928; x_wconf 91' lang='lat' dir='ltr'>et</span> <span class='ocrx_word' id='word_1_387' title='bbox 2798 1873 3031 1943; x_wconf 83' lang='lat' dir='ltr'><strong>pulcher</strong></span> <span class='ocrx_word' id='word_1_388' title='bbox 3087 1882 3349 1940; x_wconf 81' lang='lat' dir='ltr'><strong>apparet,</strong></span> <span class='ocrx_word' id='word_1_389' title='bbox 3410 1877 3626 1938; x_wconf 84' lang='lat' dir='ltr'><strong>partum</strong></span> 
     </span>
    </p>
   </div>
   <div class='ocr_carea' id='block_1_48' title="bbox 2051 1964 3627 2037">
    <p class='ocr_par' dir='ltr' id='par_1_48' title="bbox 2051 1964 3627 2037">
     <span class='ocr_line' id='line_1_48' title="bbox 2051 1964 3627 2037; baseline -0.004 -15"><span class='ocrx_word' id='word_1_390' title='bbox 2051 1969 2148 2023; x_wconf 80' lang='lat' dir='ltr'><strong>filii</strong></span> <span class='ocrx_word' id='word_1_391' title='bbox 2189 1969 2470 2032; x_wconf 86' lang='lat' dir='ltr'><strong>nuntians,</strong></span> <span class='ocrx_word' id='word_1_392' title='bbox 2522 1968 2684 2037; x_wconf 90' lang='lat' dir='ltr'><strong>eique</strong></span> <span class='ocrx_word' id='word_1_393' title='bbox 2736 1968 2958 2022; x_wconf 81' lang='lat' dir='ltr'><strong>mandat</strong></span> <span class='ocrx_word' id='word_1_394' title='bbox 2989 1981 3058 2020; x_wconf 88' lang='lat' dir='ltr'>ne.</span> <span class='ocrx_word' id='word_1_395' title='bbox 3102 1967 3288 2019; x_wconf 85' lang='lat' dir='ltr'><strong>vinum</strong></span> <span class='ocrx_word' id='word_1_396' title='bbox 3333 1973 3429 2018; x_wconf 90' lang='lat' dir='ltr'>aut</span> <span class='ocrx_word' id='word_1_397' title='bbox 3463 1964 3627 2033; x_wconf 86' lang='lat' dir='ltr'><strong>quid-</strong></span> 
     </span>
    </p>
   </div>
   <div class='ocr_carea' id='block_1_49' title="bbox 2052 2059 3629 2132">
    <p class='ocr_par' dir='ltr' id='par_1_49' title="bbox 2052 2059 3629 2132">
     <span class='ocr_line' id='line_1_49' title="bbox 2052 2059 3629 2132; baseline -0.004 -17"><span class='ocrx_word' id='word_1_398' title='bbox 2052 2077 2216 2130; x_wconf 80' lang='lat' dir='ltr'><strong>quam</strong></span> <span class='ocrx_word' id='word_1_399' title='bbox 2249 2062 2396 2132; x_wconf 88' lang='lat' dir='ltr'><strong>quod</strong></span> <span class='ocrx_word' id='word_1_400' title='bbox 2429 2061 2532 2131; x_wconf 82' lang='lat'><strong>53</strong></span> <span class='ocrx_word' id='word_1_401' title='bbox 2569 2059 2903 2124; x_wconf 88' lang='lat' dir='ltr'><strong>incbriaret,</strong></span> <span class='ocrx_word' id='word_1_402' title='bbox 2955 2059 3206 2120; x_wconf 78' lang='lat' dir='ltr'><strong>biberet,</strong></span> <span class='ocrx_word' id='word_1_403' title='bbox 3232 2073 3370 2111; x_wconf 86' lang='lat' dir='ltr'><strong>neve</strong></span> <span class='ocrx_word' id='word_1_404' title='bbox 3415 2071 3629 2110; x_wconf 90' lang='lat' dir='ltr'><strong>comam</strong></span> 
     </span>
    </p>
   </div>
   <div class='ocr_carea' id='block_1_50' title="bbox 2052 2149 3632 2224">
    <p class='ocr_par' dir='ltr' id='par_1_50' title="bbox 2052 2149 3632 2224">
     <span class='ocr_line' id='line_1_50' title="bbox 2052 2149 3632 2224; baseline -0.004 -17"><span class='ocrx_word' id='word_1_405' title='bbox 2052 2153 2310 2207; x_wconf 86' lang='lat' dir='ltr'><strong>tonderet</strong></span> <span class='ocrx_word' id='word_1_406' title='bbox 2339 2153 2528 2224; x_wconf 84' lang='lat' dir='ltr'><strong>pueri:</strong></span> <span class='ocrx_word' id='word_1_407' title='bbox 2558 2168 2684 2208; x_wconf 92' lang='lat' dir='ltr'>eum</span> <span class='ocrx_word' id='word_1_408' title='bbox 2710 2152 2860 2206; x_wconf 89' lang='lat' dir='ltr'><strong>enim</strong></span> <span class='ocrx_word' id='word_1_409' title='bbox 2904 2151 3242 2215; x_wconf 68' lang='lat' dir='ltr'><strong>Nazarteum,</strong></span> <span class='ocrx_word' id='word_1_410' title='bbox 3263 2149 3368 2204; x_wconf 86' lang='lat' dir='ltr'><strong>hoe</strong></span> <span class='ocrx_word' id='word_1_411' title='bbox 3398 2157 3483 2203; x_wconf 89' lang='lat' dir='ltr'>est</span> <span class='ocrx_word' id='word_1_412' title='bbox 3504 2164 3632 2202; x_wconf 87' lang='lat' dir='ltr'><strong>san--</strong></span> 
     </span>
    </p>
   </div>
   <div class='ocr_carea' id='block_1_51' title="bbox 2053 2242 3629 2312">
    <p class='ocr_par' dir='ltr' id='par_1_51' title="bbox 2053 2242 3629 2312">
     <span class='ocr_line' id='line_1_51' title="bbox 2053 2242 3629 2312; baseline -0.004 -13"><span class='ocrx_word' id='word_1_413' title='bbox 2053 2255 2225 2308; x_wconf 90' lang='lat' dir='ltr'><strong>ctum,</strong></span> <span class='ocrx_word' id='word_1_414' title='bbox 2253 2242 2368 2298; x_wconf 84' lang='lat' dir='ltr'><strong>fore</strong></span> <span class='ocrx_word' id='word_1_415' title='bbox 2401 2243 2651 2299; x_wconf 88' lang='lat' dir='ltr'><strong>Domino.</strong></span> <span class='ocrx_word' id='word_1_416' title='bbox 2686 2251 2742 2297; x_wconf 88' lang='lat' dir='ltr'>et</span> <span class='ocrx_word' id='word_1_417' title='bbox 2765 2242 3016 2297; x_wconf 87' lang='lat' dir='ltr'><strong>lsraelcm</strong></span> <span class='ocrx_word' id='word_1_418' title='bbox 3042 2258 3140 2312; x_wconf 88' lang='lat' dir='ltr'>per</span> <span class='ocrx_word' id='word_1_419' title='bbox 3156 2256 3283 2295; x_wconf 91' lang='lat' dir='ltr'>eum</span> <span class='ocrx_word' id='word_1_420' title='bbox 3306 2255 3337 2294; x_wconf 91' lang='lat' dir='ltr'>e</span> <span class='ocrx_word' id='word_1_421' title='bbox 3360 2248 3629 2310; x_wconf 81' lang='lat' dir='ltr'><strong>potestate</strong></span> 
     </span>
    </p>
   </div>
   <div class='ocr_carea' id='block_1_52' title="bbox 2053 2331 3630 2406">
    <p class='ocr_par' dir='ltr' id='par_1_52' title="bbox 2053 2331 3630 2406">
     <span class='ocr_line' id='line_1_52' title="bbox 2053 2331 3630 2406; baseline -0.004 -16"><span class='ocrx_word' id='word_1_422' title='bbox 2053 2337 2488 2406; x_wconf 79' lang='lat' dir='ltr'><strong>alienigenarum</strong></span> <span class='ocrx_word' id='word_1_423' title='bbox 2553 2334 2903 2404; x_wconf 67' lang='lat' dir='ltr'><strong>eripiendum</strong></span> <span class='ocrx_word' id='word_1_424' title='bbox 2973 2349 3117 2389; x_wconf 82' lang='lat' dir='ltr'><strong>esse.</strong></span> <span class='ocrx_word' id='word_1_425' title='bbox 3165 2333 3361 2387; x_wconf 80' lang='lat' dir='ltr'><strong>Mulier</strong></span> <span class='ocrx_word' id='word_1_426' title='bbox 3403 2331 3630 2386; x_wconf 89' lang='lat' dir='ltr'><strong>domum</strong></span> 
     </span>
    </p>
   </div>
   <div class='ocr_carea' id='block_1_53' title="bbox 2054 2425 3628 2492">
    <p class='ocr_par' dir='ltr' id='par_1_53' title="bbox 2054 2425 3628 2492">
     <span class='ocr_line' id='line_1_53' title="bbox 2054 2425 3628 2492; baseline -0.002 -10"><span class='ocrx_word' id='word_1_427' title='bbox 2054 2445 2280 2484; x_wconf 77' lang='lat' dir='ltr'><strong>reverso</strong></span> <span class='ocrx_word' id='word_1_428' title='bbox 2325 2431 2524 2485; x_wconf 86' lang='lat' dir='ltr'><strong>marito</strong></span> <span class='ocrx_word' id='word_1_429' title='bbox 2577 2430 2694 2484; x_wconf 70' lang='lat' dir='ltr'><strong>haec</strong></span> <span class='ocrx_word' id='word_1_430' title='bbox 2734 2431 2976 2484; x_wconf 90' lang='lat' dir='ltr'><strong>nuntiat.</strong></span> <span class='ocrx_word' id='word_1_431' title='bbox 3021 2428 3159 2482; x_wconf 90' lang='lat' dir='ltr'><strong>Tum</strong></span> <span class='ocrx_word' id='word_1_432' title='bbox 3211 2427 3322 2492; x_wconf 85' lang='lat' dir='ltr'><strong>ille,</strong></span> <span class='ocrx_word' id='word_1_433' title='bbox 3378 2435 3440 2480; x_wconf 89' lang='lat' dir='ltr'>ut</span> <span class='ocrx_word' id='word_1_434' title='bbox 3483 2425 3628 2480; x_wconf 89' lang='lat' dir='ltr'><strong>idem</strong></span> 
     </span>
    </p>
   </div>
   <div class='ocr_carea' id='block_1_54' title="bbox 2055 2518 3631 2592">
    <p class='ocr_par' dir='ltr' id='par_1_54' title="bbox 2055 2518 3631 2592">
     <span class='ocr_line' id='line_1_54' title="bbox 2055 2518 3631 2592; baseline 0 -19"><span class='ocrx_word' id='word_1_435' title='bbox 2055 2521 2158 2574; x_wconf 82' lang='lat' dir='ltr'><strong>sibi</strong></span> <span class='ocrx_word' id='word_1_436' title='bbox 2190 2538 2407 2592; x_wconf 87' lang='lat' dir='ltr'><strong>quoque</strong></span> <span class='ocrx_word' id='word_1_437' title='bbox 2434 2533 2746 2592; x_wconf 80' lang='lat' dir='ltr'><strong>appareret,</strong></span> <span class='ocrx_word' id='word_1_438' title='bbox 2775 2533 2896 2575; x_wconf 88' lang='lat' dir='ltr'><strong>orat</strong></span> <span class='ocrx_word' id='word_1_439' title='bbox 2923 2522 3117 2575; x_wconf 84' lang='lat' dir='ltr'><strong>Deum.</strong></span> <span class='ocrx_word' id='word_1_440' title='bbox 3139 2519 3381 2588; x_wconf 76' lang='lat' dir='ltr'><strong>Angelus</strong></span> <span class='ocrx_word' id='word_1_441' title='bbox 3403 2518 3631 2574; x_wconf 86' lang='lat' dir='ltr'><strong>absente</strong></span> 
     </span>
    </p>
   </div>
   <div class='ocr_carea' id='block_1_55' title="bbox 2057 2612 3631 2676">
    <p class='ocr_par' dir='ltr' id='par_1_55' title="bbox 2057 2612 3631 2676">
     <span class='ocr_line' id='line_1_55' title="bbox 2057 2612 3631 2676; baseline -0.001 -10"><span class='ocrx_word' id='word_1_442' title='bbox 2057 2614 2249 2668; x_wconf 81' lang='lat' dir='ltr'><strong>Manoe</strong></span> <span class='ocrx_word' id='word_1_443' title='bbox 2298 2613 2481 2667; x_wconf 87' lang='lat' dir='ltr'><strong>denuo</strong></span> <span class='ocrx_word' id='word_1_444' title='bbox 2533 2614 2674 2667; x_wconf 84' lang='lat' dir='ltr'><strong>redit</strong></span> <span class='ocrx_word' id='word_1_445' title='bbox 2728 2613 2793 2667; x_wconf 87' lang='lat' dir='ltr'>ad</span> <span class='ocrx_word' id='word_1_446' title='bbox 2849 2613 3154 2666; x_wconf 86' lang='lat' dir='ltr'><strong>mulierem.</strong></span> <span class='ocrx_word' id='word_1_447' title='bbox 3203 2612 3296 2664; x_wconf 83' lang='lat' dir='ltr'><strong>Illa</strong></span> <span class='ocrx_word' id='word_1_448' title='bbox 3357 2617 3517 2676; x_wconf 83' lang='lat' dir='ltr'><strong>orat,</strong></span> <span class='ocrx_word' id='word_1_449' title='bbox 3572 2619 3631 2664; x_wconf 84' lang='lat' dir='ltr'>ut</span> 
     </span>
    </p>
   </div>
   <div class='ocr_carea' id='block_1_56' title="bbox 2051 2704 3626 2774">
    <p class='ocr_par' dir='ltr' id='par_1_56' title="bbox 2051 2704 3626 2774">
     <span class='ocr_line' id='line_1_56' title="bbox 2051 2704 3626 2774; baseline -0.001 -14"><span class='ocrx_word' id='word_1_450' title='bbox 2051 2708 2236 2762; x_wconf 86' lang='lat' dir='ltr'><strong>mariti</strong></span> <span class='ocrx_word' id='word_1_451' title='bbox 2269 2707 2566 2761; x_wconf 86' lang='lat' dir='ltr'><strong>adventum</strong></span> <span class='ocrx_word' id='word_1_452' title='bbox 2611 2717 2914 2774; x_wconf 74' lang='lat' dir='ltr'><strong>exspectet.</strong></span> <span class='ocrx_word' id='word_1_453' title='bbox 2951 2707 3227 2761; x_wconf 76' lang='lat' dir='ltr'><strong>Reversus</strong></span> <span class='ocrx_word' id='word_1_454' title='bbox 3256 2704 3500 2768; x_wconf 84' lang='lat' dir='ltr'><strong>Mauoes,</strong></span> <span class='ocrx_word' id='word_1_455' title='bbox 3536 2719 3626 2758; x_wconf 86' lang='lat' dir='ltr'><strong>ro-</strong></span> 
     </span>
    </p>
   </div>
   <div class='ocr_carea' id='block_1_57' title="bbox 2051 2797 3627 2871">
    <p class='ocr_par' dir='ltr' id='par_1_57' title="bbox 2051 2797 3627 2871">
     <span class='ocr_line' id='line_1_57' title="bbox 2051 2797 3627 2871; baseline -0.003 -17"><span class='ocrx_word' id='word_1_456' title='bbox 2051 2810 2165 2871; x_wconf 81' lang='lat' dir='ltr'><strong>gat,</strong></span> <span class='ocrx_word' id='word_1_457' title='bbox 2208 2811 2338 2854; x_wconf 86' lang='lat' dir='ltr'><strong>nato</strong></span> <span class='ocrx_word' id='word_1_458' title='bbox 2391 2816 2564 2870; x_wconf 90' lang='lat' dir='ltr'><strong>puero</strong></span> <span class='ocrx_word' id='word_1_459' title='bbox 2611 2802 2742 2870; x_wconf 79' lang='lat' dir='ltr'><strong>quid</strong></span> <span class='ocrx_word' id='word_1_460' title='bbox 2799 2799 3114 2855; x_wconf 79' lang='lat' dir='ltr'><strong>faciendum</strong></span> <span class='ocrx_word' id='word_1_461' title='bbox 3154 2808 3322 2854; x_wconf 87' lang='lat' dir='ltr'><strong>esset.</strong></span> <span class='ocrx_word' id='word_1_462' title='bbox 3368 2799 3439 2853; x_wconf 85' lang='lat' dir='ltr'><strong>At</strong></span> <span class='ocrx_word' id='word_1_463' title='bbox 3496 2797 3627 2852; x_wconf 89' lang='lat' dir='ltr'><strong>ille:</strong></span> 
     </span>
    </p>
   </div>
   <div class='ocr_carea' id='block_1_58' title="bbox 2063 2893 3627 2966">
    <p class='ocr_par' dir='ltr' id='par_1_58' title="bbox 2063 2893 3627 2966">
     <span class='ocr_line' id='line_1_58' title="bbox 2063 2893 3627 2966; baseline 0 -20"><span class='ocrx_word' id='word_1_464' title='bbox 2063 2894 2277 2958; x_wconf 72' lang='lat' dir='ltr'><strong>Vinum,</strong></span> <span class='ocrx_word' id='word_1_465' title='bbox 2340 2894 2541 2963; x_wconf 89' lang='lat' dir='ltr'><strong>inquit,</strong></span> <span class='ocrx_word' id='word_1_466' title='bbox 2581 2912 2687 2949; x_wconf 86' lang='lat' dir='ltr'>non</span> <span class='ocrx_word' id='word_1_467' title='bbox 2736 2896 2892 2961; x_wconf 80' lang='lat' dir='ltr'><strong>bibet,</strong></span> <span class='ocrx_word' id='word_1_468' title='bbox 2938 2911 3104 2966; x_wconf 83' lang='lat' dir='ltr'><strong>neque</strong></span> <span class='ocrx_word' id='word_1_469' title='bbox 3141 2893 3292 2948; x_wconf 79' lang='lat' dir='ltr'><strong>aliud</strong></span> <span class='ocrx_word' id='word_1_470' title='bbox 3340 2893 3627 2964; x_wconf 80' lang='lat' dir='ltr'><strong>quidquam</strong></span> 
     </span>
    </p>
   </div>
   <div class='ocr_carea' id='block_1_59' title="bbox 2051 2985 3627 3056">
    <p class='ocr_par' dir='ltr' id='par_1_59' title="bbox 2051 2985 3627 3056">
     <span class='ocr_line' id='line_1_59' title="bbox 2051 2985 3627 3056; baseline 0 -19"><span class='ocrx_word' id='word_1_471' title='bbox 2051 2985 2191 3055; x_wconf 83' lang='lat' dir='ltr'><strong>quod</strong></span> <span class='ocrx_word' id='word_1_472' title='bbox 2223 2985 2466 3047; x_wconf 78' lang='lat' dir='ltr'><strong>inebriet,</strong></span> <span class='ocrx_word' id='word_1_473' title='bbox 2504 3002 2668 3056; x_wconf 77' lang='lat' dir='ltr'><strong>neque</strong></span> <span class='ocrx_word' id='word_1_474' title='bbox 2699 2985 2812 3038; x_wconf 83' lang='lat' dir='ltr'><strong>ulla</strong></span> <span class='ocrx_word' id='word_1_475' title='bbox 2842 3001 2898 3038; x_wconf 89' lang='lat' dir='ltr'>re</span> <span class='ocrx_word' id='word_1_476' title='bbox 2927 2985 3202 3038; x_wconf 84' lang='lat' dir='ltr'><strong>immunda</strong></span> <span class='ocrx_word' id='word_1_477' title='bbox 3246 2993 3502 3044; x_wconf 70' lang='lat' dir='ltr'><strong>vescatur,</strong></span> <span class='ocrx_word' id='word_1_478' title='bbox 3533 3000 3627 3037; x_wconf 85' lang='lat' dir='ltr'><strong>ne-</strong></span> 
     </span>
    </p>
   </div>
   <div class='ocr_carea' id='block_1_60' title="bbox 2053 3076 3629 3148">
    <p class='ocr_par' dir='ltr' id='par_1_60' title="bbox 2053 3076 3629 3148">
     <span class='ocr_line' id='line_1_60' title="bbox 2053 3076 3629 3148; baseline -0.002 -20"><span class='ocrx_word' id='word_1_479' title='bbox 2053 3093 2154 3145; x_wconf 84' lang='lat' dir='ltr'>que</span> <span class='ocrx_word' id='word_1_480' title='bbox 2175 3093 2380 3130; x_wconf 86' lang='lat' dir='ltr'><strong>comam</strong></span> <span class='ocrx_word' id='word_1_481' title='bbox 2409 3077 2581 3131; x_wconf 79' lang='lat' dir='ltr'><strong>radet.</strong></span> <span class='ocrx_word' id='word_1_482' title='bbox 2608 3076 2746 3131; x_wconf 91' lang='lat' dir='ltr'><strong>Tum</strong></span> <span class='ocrx_word' id='word_1_483' title='bbox 2777 3077 2999 3132; x_wconf 80' lang='lat' dir='ltr'><strong>Manoes</strong></span> <span class='ocrx_word' id='word_1_484' title='bbox 3026 3092 3231 3131; x_wconf 89' lang='lat' dir='ltr'><strong>nomen</strong></span> <span class='ocrx_word' id='word_1_485' title='bbox 3259 3079 3379 3148; x_wconf 88' lang='lat' dir='ltr'><strong>ejus</strong></span> <span class='ocrx_word' id='word_1_486' title='bbox 3405 3077 3629 3145; x_wconf 88' lang='lat' dir='ltr'><strong>quicum</strong></span> 
     </span>
    </p>
   </div>
   <div class='ocr_carea' id='block_1_61' title="bbox 2054 3169 3630 3240">
    <p class='ocr_par' dir='ltr' id='par_1_61' title="bbox 2054 3169 3630 3240">
     <span class='ocr_line' id='line_1_61' title="bbox 2054 3169 3630 3240; baseline 0 -16"><span class='ocrx_word' id='word_1_487' title='bbox 2054 3169 2493 3239; x_wconf 83' lang='lat' dir='ltr'><strong>eolloquebatur,</strong></span> <span class='ocrx_word' id='word_1_488' title='bbox 2523 3170 2832 3231; x_wconf 84' lang='lat' dir='ltr'><strong>sciscitans,</strong></span> <span class='ocrx_word' id='word_1_489' title='bbox 2886 3186 2994 3224; x_wconf 92' lang='lat' dir='ltr'>non</span> <span class='ocrx_word' id='word_1_490' title='bbox 3022 3169 3168 3224; x_wconf 86' lang='lat' dir='ltr'><strong>aliud</strong></span> <span class='ocrx_word' id='word_1_491' title='bbox 3191 3185 3510 3240; x_wconf 87' lang='lat' dir='ltr'><strong>responsum</strong></span> <span class='ocrx_word' id='word_1_492' title='bbox 3543 3184 3630 3224; x_wconf 90' lang='lat' dir='ltr'><strong>ac-</strong></span> 
     </span>
    </p>
   </div>
   <div class='ocr_carea' id='block_1_62' title="bbox 2055 3262 3630 3332">
    <p class='ocr_par' dir='ltr' id='par_1_62' title="bbox 2055 3262 3630 3332">
     <span class='ocr_line' id='line_1_62' title="bbox 2055 3262 3630 3332; baseline 0.001 -16"><span class='ocrx_word' id='word_1_493' title='bbox 2055 3262 2210 3332; x_wconf 90' lang='lat' dir='ltr'><strong>cipit,</strong></span> <span class='ocrx_word' id='word_1_494' title='bbox 2238 3263 2342 3316; x_wconf 91' lang='lat' dir='ltr'><strong>nisi</strong></span> <span class='ocrx_word' id='word_1_495' title='bbox 2375 3263 2430 3317; x_wconf 91' lang='lat' dir='ltr'>id</span> <span class='ocrx_word' id='word_1_496' title='bbox 2461 3279 2580 3319; x_wconf 88' lang='lat' dir='ltr'><strong>esse</strong></span> <span class='ocrx_word' id='word_1_497' title='bbox 2618 3263 2946 3318; x_wconf 85' lang='lat' dir='ltr'><strong>admirabile</strong></span> <span class='ocrx_word' id='word_1_498' title='bbox 2981 3282 2995 3318; x_wconf 87' lang='lat'><strong>:</strong></span> <span class='ocrx_word' id='word_1_499' title='bbox 3027 3273 3085 3318; x_wconf 90' lang='lat' dir='ltr'>et</span> <span class='ocrx_word' id='word_1_500' title='bbox 3110 3263 3326 3319; x_wconf 66' lang='lat' dir='ltr'><strong>haedum</strong></span> <span class='ocrx_word' id='word_1_501' title='bbox 3361 3263 3630 3324; x_wconf 88' lang='lat' dir='ltr'><strong>immolat,</strong></span> 
     </span>
    </p>
   </div>
   <div class='ocr_carea' id='block_1_63' title="bbox 2047 3355 3625 3426">
    <p class='ocr_par' dir='ltr' id='par_1_63' title="bbox 2047 3355 3625 3426">
     <span class='ocr_line' id='line_1_63' title="bbox 2047 3355 3625 3426; baseline 0.001 -18"><span class='ocrx_word' id='word_1_502' title='bbox 2047 3370 2112 3409; x_wconf 79' lang='lat' dir='ltr'><strong>a3</strong></span> <span class='ocrx_word' id='word_1_503' title='bbox 2156 3369 2326 3424; x_wconf 87' lang='lat' dir='ltr'><strong>panes</strong></span> <span class='ocrx_word' id='word_1_504' title='bbox 2358 3355 2538 3410; x_wconf 79' lang='lat' dir='ltr'><strong>affert.</strong></span> <span class='ocrx_word' id='word_1_505' title='bbox 2577 3357 2670 3410; x_wconf 83' lang='lat' dir='ltr'><strong>Ille</strong></span> <span class='ocrx_word' id='word_1_506' title='bbox 2705 3371 2900 3410; x_wconf 86' lang='lat' dir='ltr'><strong>carnes</strong></span> <span class='ocrx_word' id='word_1_507' title='bbox 2929 3365 2986 3410; x_wconf 93' lang='lat' dir='ltr'>et</span> <span class='ocrx_word' id='word_1_508' title='bbox 3021 3371 3190 3426; x_wconf 88' lang='lat' dir='ltr'><strong>panes</strong></span> <span class='ocrx_word' id='word_1_509' title='bbox 3223 3355 3279 3410; x_wconf 92' lang='lat' dir='ltr'>in</span> <span class='ocrx_word' id='word_1_510' title='bbox 3312 3366 3468 3425; x_wconf 87' lang='lat' dir='ltr'><strong>petra</strong></span> <span class='ocrx_word' id='word_1_511' title='bbox 3507 3357 3625 3409; x_wconf 87' lang='lat' dir='ltr'><strong>col-</strong></span> 
     </span>
    </p>
   </div>
   <div class='ocr_carea' id='block_1_64' title="bbox 2045 3445 3630 3518">
    <p class='ocr_par' dir='ltr' id='par_1_64' title="bbox 2045 3445 3630 3518">
     <span class='ocr_line' id='line_1_64' title="bbox 2045 3445 3630 3518; baseline 0.001 -18"><span class='ocrx_word' id='word_1_512' title='bbox 2045 3445 2218 3501; x_wconf 88' lang='lat' dir='ltr'><strong>locari</strong></span> <span class='ocrx_word' id='word_1_513' title='bbox 2239 3447 2416 3517; x_wconf 84' lang='lat' dir='ltr'><strong>jubet.</strong></span> <span class='ocrx_word' id='word_1_514' title='bbox 2448 3447 2568 3514; x_wconf 88' lang='lat' dir='ltr'><strong>Quo</strong></span> <span class='ocrx_word' id='word_1_515' title='bbox 2597 3448 2760 3513; x_wconf 83' lang='lat' dir='ltr'><strong>facto,</strong></span> <span class='ocrx_word' id='word_1_516' title='bbox 2796 3449 2995 3503; x_wconf 87' lang='lat' dir='ltr'><strong>baculo</strong></span> <span class='ocrx_word' id='word_1_517' title='bbox 3014 3463 3177 3518; x_wconf 88' lang='lat' dir='ltr'><strong>quem</strong></span> <span class='ocrx_word' id='word_1_518' title='bbox 3198 3448 3449 3518; x_wconf 81' lang='lat' dir='ltr'><strong>gerebat,</strong></span> <span class='ocrx_word' id='word_1_519' title='bbox 3473 3447 3630 3504; x_wconf 86' lang='lat' dir='ltr'><strong>ferit:</strong></span> 
     </span>
    </p>
   </div>
   <div class='ocr_carea' id='block_1_65' title="bbox 2053 3539 3628 3611">
    <p class='ocr_par' dir='ltr' id='par_1_65' title="bbox 2053 3539 3628 3611">
     <span class='ocr_line' id='line_1_65' title="bbox 2053 3539 3628 3611; baseline 0.004 -17"><span class='ocrx_word' id='word_1_520' title='bbox 2053 3539 2196 3610; x_wconf 75' lang='lat' dir='ltr'><strong>ignis</strong></span> <span class='ocrx_word' id='word_1_521' title='bbox 2229 3539 2356 3596; x_wconf 86' lang='lat' dir='ltr'><strong>inde</strong></span> <span class='ocrx_word' id='word_1_522' title='bbox 2389 3550 2546 3596; x_wconf 87' lang='lat' dir='ltr'><strong>ortus</strong></span> <span class='ocrx_word' id='word_1_523' title='bbox 2592 3541 2686 3595; x_wconf 90' lang='lat' dir='ltr'><strong>illa</strong></span> <span class='ocrx_word' id='word_1_524' title='bbox 2729 3542 3049 3607; x_wconf 89' lang='lat' dir='ltr'><strong>consumit,</strong></span> <span class='ocrx_word' id='word_1_525' title='bbox 3088 3542 3145 3596; x_wconf 90' lang='lat' dir='ltr'>in</span> <span class='ocrx_word' id='word_1_526' title='bbox 3189 3558 3364 3611; x_wconf 89' lang='lat' dir='ltr'><strong>eaque</strong></span> <span class='ocrx_word' id='word_1_527' title='bbox 3391 3541 3628 3601; x_wconf 78' lang='lat' dir='ltr'><strong>flatnma.</strong></span> 
     </span>
    </p>
   </div>
   <div class='ocr_carea' id='block_1_66' title="bbox 2061 3632 3630 3704">
    <p class='ocr_par' dir='ltr' id='par_1_66' title="bbox 2061 3632 3630 3704">
     <span class='ocr_line' id='line_1_66' title="bbox 2061 3632 3630 3704; baseline 0.002 -19"><span class='ocrx_word' id='word_1_528' title='bbox 2061 3632 2284 3687; x_wconf 82' lang='lat' dir='ltr'><strong>vidente</strong></span> <span class='ocrx_word' id='word_1_529' title='bbox 2341 3633 2532 3688; x_wconf 84' lang='lat' dir='ltr'><strong>Manoe</strong></span> <span class='ocrx_word' id='word_1_530' title='bbox 2576 3641 2632 3688; x_wconf 91' lang='lat' dir='ltr'>et</span> <span class='ocrx_word' id='word_1_531' title='bbox 2680 3648 2870 3697; x_wconf 78' lang='lat' dir='ltr'><strong>uxore,</strong></span> <span class='ocrx_word' id='word_1_532' title='bbox 2931 3633 3158 3704; x_wconf 78' lang='lat' dir='ltr'><strong>angelus</strong></span> <span class='ocrx_word' id='word_1_533' title='bbox 3201 3633 3255 3687; x_wconf 90' lang='lat' dir='ltr'>in</span> <span class='ocrx_word' id='word_1_534' title='bbox 3288 3634 3489 3689; x_wconf 63' lang='lat' dir='ltr'><strong>malum</strong></span> <span class='ocrx_word' id='word_1_535' title='bbox 3542 3650 3630 3688; x_wconf 86' lang='lat' dir='ltr'><strong>as-</strong></span> 
     </span>
    </p>
   </div>
   <div class='ocr_carea' id='block_1_67' title="bbox 2062 3725 2272 3780">
    <p class='ocr_par' dir='ltr' id='par_1_67' title="bbox 2062 3725 2272 3780">
     <span class='ocr_line' id='line_1_67' title="bbox 2062 3725 2272 3780; baseline 0 -2"><span class='ocrx_word' id='word_1_536' title='bbox 2062 3725 2272 3780; x_wconf 89' lang='lat' dir='ltr'><strong>eendit.</strong></span> 
     </span>
    </p>
   </div>
   <div class='ocr_carea' id='block_1_68' title="bbox 355 3817 3632 3894">
    <p class='ocr_par' dir='ltr' id='par_1_68' title="bbox 355 3817 3632 3894">
     <span class='ocr_line' id='line_1_68' title="bbox 355 3817 3632 3894; baseline 0.002 -24"><span class='ocrx_word' id='word_1_537' title='bbox 355 3822 453 3870; x_wconf 77' lang='grc' dir='ltr'>καὶ</span> <span class='ocrx_word' id='word_1_538' title='bbox 507 3817 630 3888; x_wconf 70' lang='grc' dir='ltr'>πῦρ</span> <span class='ocrx_word' id='word_1_539' title='bbox 687 3819 923 3885; x_wconf 70' lang='grc' dir='ltr'>ἐξαφθὲν</span> <span class='ocrx_word' id='word_1_540' title='bbox 977 3820 1211 3883; x_wconf 72' lang='grc' dir='ltr'>ἐκεῖθεν,</span> <span class='ocrx_word' id='word_1_541' title='bbox 1260 3821 1604 3871; x_wconf 79' lang='grc' dir='ltr'>κατέκαυσεν</span> <span class='ocrx_word' id='word_1_542' title='bbox 1642 3820 1806 3883; x_wconf 71' lang='grc' dir='ltr'>αὐτὰ,</span> <span class='ocrx_word' id='word_1_543' title='bbox 1861 3822 1957 3873; x_wconf 75' lang='grc' dir='ltr'>καὶ</span> <span class='ocrx_word' id='word_1_544' title='bbox 1996 3821 2078 3883; x_wconf 80' lang='grc' dir='ltr'>είς</span> <span class='ocrx_word' id='word_1_545' title='bbox 2149 3821 2244 3876; x_wconf 82' lang='grc' dir='ltr'>τὸν</span> <span class='ocrx_word' id='word_1_546' title='bbox 2283 3822 2516 3892; x_wconf 82' lang='grc' dir='ltr'>οὐρανὸν</span> <span class='ocrx_word' id='word_1_547' title='bbox 2571 3822 2662 3876; x_wconf 76' lang='grc' dir='ltr'>διὰ</span> <span class='ocrx_word' id='word_1_548' title='bbox 2711 3825 2811 3894; x_wconf 82' lang='grc' dir='ltr'>τῆς</span> <span class='ocrx_word' id='word_1_549' title='bbox 2845 3822 3046 3891; x_wconf 77' lang='grc' dir='ltr'>φλογὸς</span> <span class='ocrx_word' id='word_1_550' title='bbox 3099 3822 3254 3893; x_wconf 76' lang='grc' dir='ltr'>ἀνῄει</span> <span class='ocrx_word' id='word_1_551' title='bbox 3320 3825 3347 3875; x_wconf 77' lang='grc' dir='ltr'><strong>ὁ</strong></span> <span class='ocrx_word' id='word_1_552' title='bbox 3379 3821 3632 3890; x_wconf 84' lang='grc' dir='ltr'>ἄγγελος,</span> 
     </span>
    </p>
   </div>
   <div class='ocr_carea' id='block_1_69' title="bbox 353 3908 1756 3979">
    <p class='ocr_par' dir='ltr' id='par_1_69' title="bbox 353 3908 1756 3979">
     <span class='ocr_line' id='line_1_69' title="bbox 353 3908 1756 3979; baseline 0.002 -19"><span class='ocrx_word' id='word_1_553' title='bbox 353 3908 623 3978; x_wconf 76' lang='grc' dir='ltr'>ὁρώντων</span> <span class='ocrx_word' id='word_1_554' title='bbox 655 3908 750 3960; x_wconf 79' lang='grc' dir='ltr'>τοῦ</span> <span class='ocrx_word' id='word_1_555' title='bbox 785 3909 982 3962; x_wconf 83' lang='grc' dir='ltr'>Μανωὲ</span> <span class='ocrx_word' id='word_1_556' title='bbox 1008 3910 1102 3962; x_wconf 82' lang='grc' dir='ltr'>καὶ</span> <span class='ocrx_word' id='word_1_557' title='bbox 1135 3911 1236 3979; x_wconf 86' lang='grc' dir='ltr'>τῆς</span> <span class='ocrx_word' id='word_1_558' title='bbox 1275 3910 1443 3964; x_wconf 83' lang='grc' dir='ltr'>αὑτοῦ</span> <span class='ocrx_word' id='word_1_559' title='bbox 1476 3911 1756 3976; x_wconf 83' lang='grc' dir='ltr'>γυναικός.</span> 
     </span>
    </p>
   </div>
   <div class='ocr_carea' id='block_1_70' title="bbox 425 3998 1954 4074">
    <p class='ocr_par' dir='ltr' id='par_1_70' title="bbox 425 3998 1952 4074">
     <span class='ocr_line' id='line_1_70' title="bbox 425 3998 1952 4074; baseline -0.001 -18"><span class='ocrx_word' id='word_1_560' title='bbox 425 4003 701 4058; x_wconf 78' lang='grc' dir='ltr'>Τίκτεται</span> <span class='ocrx_word' id='word_1_561' title='bbox 731 3998 824 4056; x_wconf 83' lang='grc' dir='ltr'>οὖν</span> <span class='ocrx_word' id='word_1_562' title='bbox 854 4004 1039 4066; x_wconf 84' lang='grc' dir='ltr'>αὐτοῖς</span> <span class='ocrx_word' id='word_1_563' title='bbox 1069 4002 1209 4071; x_wconf 84' lang='grc' dir='ltr'>μετά</span> <span class='ocrx_word' id='word_1_564' title='bbox 1231 4002 1403 4056; x_wconf 81' lang='grc' dir='ltr'>ταῦτα</span> <span class='ocrx_word' id='word_1_565' title='bbox 1432 4003 1460 4055; x_wconf 87' lang='grc' dir='ltr'>ὁ</span> <span class='ocrx_word' id='word_1_566' title='bbox 1492 4005 1644 4068; x_wconf 85' lang='grc' dir='ltr'>παῖς,</span> <span class='ocrx_word' id='word_1_567' title='bbox 1677 4004 1773 4057; x_wconf 74' lang='grc' dir='ltr'>καὶ</span> <span class='ocrx_word' id='word_1_568' title='bbox 1804 4004 1952 4074; x_wconf 76' lang='grc' dir='ltr'>Σαμ-</span> 
     </span>
    </p>
   </div>
   <div class='ocr_carea' id='block_1_71' title="bbox 2055 3998 3626 4074">
    <p class='ocr_par' dir='ltr' id='par_1_71' title="bbox 2127 4002 3626 4073">
     <span class='ocr_line' id='line_1_71' title="bbox 2127 4002 3626 4073; baseline 0 -14"><span class='ocrx_word' id='word_1_569' title='bbox 2127 4005 2257 4059; x_wconf 79' lang='lat' dir='ltr'><strong>Post</strong></span> <span class='ocrx_word' id='word_1_570' title='bbox 2288 4004 2406 4059; x_wconf 76' lang='lat' dir='ltr'><strong>hch</strong></span> <span class='ocrx_word' id='word_1_571' title='bbox 2432 4003 2678 4059; x_wconf 88' lang='lat' dir='ltr'><strong>nascitur</strong></span> <span class='ocrx_word' id='word_1_572' title='bbox 2710 4003 3002 4073; x_wconf 89' lang='lat' dir='ltr'><strong>Sampson,</strong></span> <span class='ocrx_word' id='word_1_573' title='bbox 3028 4002 3361 4073; x_wconf 73' lang='lat' dir='ltr'><strong>grandescit,</strong></span> <span class='ocrx_word' id='word_1_574' title='bbox 3389 4019 3454 4058; x_wconf 87' lang='lat' dir='ltr'>ac</span> <span class='ocrx_word' id='word_1_575' title='bbox 3495 4005 3626 4073; x_wconf 83' lang='lat' dir='ltr'><strong>Spi-</strong></span> 
     </span>
    </p>
   </div>
   <div class='ocr_carea' id='block_1_72' title="bbox 352 4093 1954 4166">
    <p class='ocr_par' dir='ltr' id='par_1_72' title="bbox 352 4093 1954 4166">
     <span class='ocr_line' id='line_1_72' title="bbox 352 4093 1954 4166; baseline 0.001 -19"><span class='ocrx_word' id='word_1_576' title='bbox 352 4095 476 4166; x_wconf 81' lang='grc' dir='ltr'>ψὼν</span> <span class='ocrx_word' id='word_1_577' title='bbox 508 4093 867 4164; x_wconf 75' lang='grc' dir='ltr'>ὀνομάζεται.</span> <span class='ocrx_word' id='word_1_578' title='bbox 917 4094 1209 4164; x_wconf 85' lang='grc' dir='ltr'>Ἦδρύνετό</span> <span class='ocrx_word' id='word_1_579' title='bbox 1251 4112 1310 4147; x_wconf 84' lang='grc' dir='ltr'>τε</span> <span class='ocrx_word' id='word_1_580' title='bbox 1341 4093 1438 4148; x_wconf 86' lang='grc' dir='ltr'>καὶ</span> <span class='ocrx_word' id='word_1_581' title='bbox 1482 4094 1706 4166; x_wconf 85' lang='grc' dir='ltr'>πνεῦμα</span> <span class='ocrx_word' id='word_1_582' title='bbox 1746 4095 1954 4166; x_wconf 80' lang='grc' dir='ltr'>Κυρίου</span> 
     </span>
    </p>
   </div>
   <div class='ocr_carea' id='block_1_73' title="bbox 355 4186 1952 4260">
    <p class='ocr_par' dir='ltr' id='par_1_73' title="bbox 355 4186 1952 4260">
     <span class='ocr_line' id='line_1_73' title="bbox 355 4186 1952 4260; baseline 0.001 -20"><span class='ocrx_word' id='word_1_583' title='bbox 355 4186 770 4258; x_wconf 84' lang='grc' dir='ltr'>συνεπορεύετο</span> <span class='ocrx_word' id='word_1_584' title='bbox 801 4187 971 4258; x_wconf 80' lang='grc' dir='ltr'>αὐτῷ.</span> <span class='ocrx_word' id='word_1_585' title='bbox 1026 4187 1174 4241; x_wconf 88' lang='grc' dir='ltr'>Ἰδὼν</span> <span class='ocrx_word' id='word_1_586' title='bbox 1227 4187 1285 4241; x_wconf 85' lang='grc' dir='ltr'>δὲ</span> <span class='ocrx_word' id='word_1_587' title='bbox 1321 4188 1379 4241; x_wconf 79' lang='grc' dir='ltr'>ὲν</span> <span class='ocrx_word' id='word_1_588' title='bbox 1409 4189 1608 4260; x_wconf 76' lang='grc' dir='ltr'>Θαμνᾷ</span> <span class='ocrx_word' id='word_1_589' title='bbox 1652 4188 1806 4242; x_wconf 84' lang='grc' dir='ltr'>πόλει</span> <span class='ocrx_word' id='word_1_590' title='bbox 1841 4191 1952 4242; x_wconf 92' lang='grc' dir='ltr'>τῶν</span> 
     </span>
    </p>
   </div>
   <div class='ocr_carea' id='block_1_74' title="bbox 355 4279 1956 4352">
    <p class='ocr_par' dir='ltr' id='par_1_74' title="bbox 355 4279 1956 4352">
     <span class='ocr_line' id='line_1_74' title="bbox 355 4279 1956 4352; baseline 0.001 -18"><span class='ocrx_word' id='word_1_591' title='bbox 355 4280 752 4334; x_wconf 85' lang='grc' dir='ltr'>Παλαιστινῶν</span> <span class='ocrx_word' id='word_1_592' title='bbox 801 4280 972 4350; x_wconf 90' lang='grc' dir='ltr'>κόρην</span> <span class='ocrx_word' id='word_1_593' title='bbox 1018 4281 1129 4333; x_wconf 87' lang='grc' dir='ltr'>τῶν</span> <span class='ocrx_word' id='word_1_594' title='bbox 1159 4279 1493 4348; x_wconf 84' lang='grc' dir='ltr'>ἀλλοφύλων,</span> <span class='ocrx_word' id='word_1_595' title='bbox 1545 4281 1649 4352; x_wconf 78' lang='grc' dir='ltr'>ἐρᾷ</span> <span class='ocrx_word' id='word_1_596' title='bbox 1683 4282 1780 4351; x_wconf 87' lang='grc' dir='ltr'>τῆς</span> <span class='ocrx_word' id='word_1_597' title='bbox 1825 4299 1956 4335; x_wconf 88' lang='grc' dir='ltr'>παι-</span> 
     </span>
    </p>
   </div>
   <div class='ocr_carea' id='block_1_75' title="bbox 353 4371 1954 4444">
    <p class='ocr_par' dir='ltr' id='par_1_75' title="bbox 353 4371 1954 4444">
     <span class='ocr_line' id='line_1_75' title="bbox 353 4371 1954 4444; baseline 0.001 -19"><span class='ocrx_word' id='word_1_598' title='bbox 353 4373 466 4436; x_wconf 85' lang='grc' dir='ltr'>δός.</span> <span class='ocrx_word' id='word_1_599' title='bbox 503 4373 976 4441; x_wconf 79' lang='grc' dir='ltr'>Παραιτουμένων</span> <span class='ocrx_word' id='word_1_600' title='bbox 999 4372 1054 4424; x_wconf 84' lang='grc' dir='ltr'>δὲ</span> <span class='ocrx_word' id='word_1_601' title='bbox 1086 4373 1195 4424; x_wconf 87' lang='grc' dir='ltr'>τῶν</span> <span class='ocrx_word' id='word_1_602' title='bbox 1225 4372 1429 4441; x_wconf 81' lang='grc' dir='ltr'>γονέων</span> <span class='ocrx_word' id='word_1_603' title='bbox 1453 4371 1619 4426; x_wconf 83' lang='grc' dir='ltr'>αὐτοῦ</span> <span class='ocrx_word' id='word_1_604' title='bbox 1653 4373 1745 4427; x_wconf 81' lang='grc' dir='ltr'>τὸν</span> <span class='ocrx_word' id='word_1_605' title='bbox 1777 4375 1954 4444; x_wconf 80' lang='grc' dir='ltr'>γάμον</span> 
     </span>
    </p>
   </div>
   <div class='ocr_carea' id='block_1_76' title="bbox 351 4463 1954 4536">
    <p class='ocr_par' dir='ltr' id='par_1_76' title="bbox 351 4463 1954 4536">
     <span class='ocr_line' id='line_1_76' title="bbox 351 4463 1954 4536; baseline 0.001 -18"><span class='ocrx_word' id='word_1_606' title='bbox 351 4464 458 4535; x_wconf 89' lang='grc' dir='ltr'>τῆς</span> <span class='ocrx_word' id='word_1_607' title='bbox 489 4463 829 4531; x_wconf 82' lang='grc' dir='ltr'>ἀλλοφύλου,</span> <span class='ocrx_word' id='word_1_608' title='bbox 880 4465 1074 4535; x_wconf 78' lang='grc' dir='ltr'>ἐκνικᾷ</span> <span class='ocrx_word' id='word_1_609' title='bbox 1125 4464 1302 4534; x_wconf 89' lang='grc' dir='ltr'>γῆμαι</span> <span class='ocrx_word' id='word_1_610' title='bbox 1332 4465 1524 4536; x_wconf 84' lang='grc' dir='ltr'>αὐτήν.</span> <span class='ocrx_word' id='word_1_611' title='bbox 1570 4465 1864 4535; x_wconf 79' lang='grc' dir='ltr'>Συχνάζων</span> <span class='ocrx_word' id='word_1_612' title='bbox 1895 4465 1954 4519; x_wconf 85' lang='grc' dir='ltr'>δὲ</span> 
     </span>
    </p>
   </div>
   <div class='ocr_carea' id='block_1_77' title="bbox 350 4556 1949 4630">
    <p class='ocr_par' dir='ltr' id='par_1_77' title="bbox 350 4556 1949 4630">
     <span class='ocr_line' id='line_1_77' title="bbox 350 4556 1949 4630; baseline 0 -20"><span class='ocrx_word' id='word_1_613' title='bbox 350 4559 494 4630; x_wconf 76' lang='grc' dir='ltr'>πρὸς</span> <span class='ocrx_word' id='word_1_614' title='bbox 524 4557 638 4626; x_wconf 85' lang='grc' dir='ltr'>τῆς</span> <span class='ocrx_word' id='word_1_615' title='bbox 660 4556 826 4626; x_wconf 86' lang='grc' dir='ltr'>κόρης</span> <span class='ocrx_word' id='word_1_616' title='bbox 852 4556 980 4620; x_wconf 81' lang='grc' dir='ltr'>τοὺς</span> <span class='ocrx_word' id='word_1_617' title='bbox 1009 4560 1205 4626; x_wconf 88' lang='grc' dir='ltr'>γονεῖς,</span> <span class='ocrx_word' id='word_1_618' title='bbox 1240 4560 1473 4628; x_wconf 82' lang='grc' dir='ltr'>συναντᾷ</span> <span class='ocrx_word' id='word_1_619' title='bbox 1502 4557 1695 4612; x_wconf 83' lang='grc' dir='ltr'>λέοντι.</span> <span class='ocrx_word' id='word_1_620' title='bbox 1722 4560 1832 4612; x_wconf 82' lang='grc' dir='ltr'>Καὶ</span> <span class='ocrx_word' id='word_1_621' title='bbox 1875 4560 1949 4628; x_wconf 79' lang='grc' dir='ltr'>μή</span> 
     </span>
    </p>
   </div>
   <div class='ocr_carea' id='block_1_78' title="bbox 349 4649 1952 4721">
    <p class='ocr_par' dir='ltr' id='par_1_78' title="bbox 349 4649 1952 4721">
     <span class='ocr_line' id='line_1_78' title="bbox 349 4649 1952 4721; baseline 0.001 -18"><span class='ocrx_word' id='word_1_622' title='bbox 349 4667 405 4703; x_wconf 86' lang='grc' dir='ltr'>τι</span> <span class='ocrx_word' id='word_1_623' title='bbox 439 4650 640 4721; x_wconf 81' lang='grc' dir='ltr'>φέρων</span> <span class='ocrx_word' id='word_1_624' title='bbox 671 4650 752 4713; x_wconf 81' lang='grc' dir='ltr'>είς</span> <span class='ocrx_word' id='word_1_625' title='bbox 778 4649 1012 4719; x_wconf 79' lang='grc' dir='ltr'>ἄμυναν,</span> <span class='ocrx_word' id='word_1_626' title='bbox 1045 4653 1167 4713; x_wconf 85' lang='grc' dir='ltr'>ταῖς</span> <span class='ocrx_word' id='word_1_627' title='bbox 1201 4651 1358 4720; x_wconf 71' lang='grc' dir='ltr'>χερσὶ</span> <span class='ocrx_word' id='word_1_628' title='bbox 1392 4652 1454 4703; x_wconf 79' lang='grc' dir='ltr'>τὸ</span> <span class='ocrx_word' id='word_1_629' title='bbox 1481 4650 1670 4721; x_wconf 79' lang='grc' dir='ltr'>Θηρίον</span> <span class='ocrx_word' id='word_1_630' title='bbox 1702 4651 1952 4721; x_wconf 82' lang='grc' dir='ltr'>συνέτρι-</span> 
     </span>
    </p>
   </div>
   <div class='ocr_carea' id='block_1_79' title="bbox 347 4740 1954 4813">
    <p class='ocr_par' dir='ltr' id='par_1_79' title="bbox 347 4740 1954 4813">
     <span class='ocr_line' id='line_1_79' title="bbox 347 4740 1954 4813; baseline 0 -18"><span class='ocrx_word' id='word_1_631' title='bbox 347 4743 442 4812; x_wconf 75' lang='grc' dir='ltr'>ψε,</span> <span class='ocrx_word' id='word_1_632' title='bbox 476 4743 585 4794; x_wconf 74' lang='grc' dir='ltr'>καὶ</span> <span class='ocrx_word' id='word_1_633' title='bbox 635 4740 894 4803; x_wconf 76' lang='grc' dir='ltr'>ἐκκλίνας</span> <span class='ocrx_word' id='word_1_634' title='bbox 925 4745 1025 4808; x_wconf 81' lang='grc' dir='ltr'>τῆς</span> <span class='ocrx_word' id='word_1_635' title='bbox 1071 4742 1218 4804; x_wconf 78' lang='grc' dir='ltr'>ὁδοῦ,</span> <span class='ocrx_word' id='word_1_636' title='bbox 1275 4742 1467 4813; x_wconf 74' lang='grc' dir='ltr'>ερριψε</span> <span class='ocrx_word' id='word_1_637' title='bbox 1499 4743 1634 4812; x_wconf 75' lang='grc' dir='ltr'>πρὸς</span> <span class='ocrx_word' id='word_1_638' title='bbox 1665 4743 1722 4795; x_wconf 73' lang='grc' dir='ltr'>τὸ</span> <span class='ocrx_word' id='word_1_639' title='bbox 1749 4743 1954 4805; x_wconf 78' lang='grc' dir='ltr'>ὑλῶδες</span> 
     </span>
    </p>
   </div>
   <div class='ocr_carea' id='block_1_80' title="bbox 349 4829 1952 4905">
    <p class='ocr_par' dir='ltr' id='par_1_80' title="bbox 349 4829 1952 4905">
     <span class='ocr_line' id='line_1_80' title="bbox 349 4829 1952 4905; baseline -0.001 -17"><span class='ocrx_word' id='word_1_640' title='bbox 349 4834 515 4888; x_wconf 74' lang='grc' dir='ltr'>αὑτό.</span> <span class='ocrx_word' id='word_1_641' title='bbox 547 4833 664 4887; x_wconf 72' lang='grc' dir='ltr'>Καὶ</span> <span class='ocrx_word' id='word_1_642' title='bbox 705 4831 825 4902; x_wconf 85' lang='grc' dir='ltr'>μεθ’</span> <span class='ocrx_word' id='word_1_643' title='bbox 850 4833 1064 4904; x_wconf 78' lang='grc' dir='ltr'>ἡμέρας</span> <span class='ocrx_word' id='word_1_644' title='bbox 1093 4829 1248 4896; x_wconf 77' lang='grc' dir='ltr'>αὖθις</span> <span class='ocrx_word' id='word_1_645' title='bbox 1278 4834 1414 4900; x_wconf 73' lang='grc' dir='ltr'>πρὸς</span> <span class='ocrx_word' id='word_1_646' title='bbox 1444 4835 1543 4904; x_wconf 79' lang='grc' dir='ltr'>τὴν</span> <span class='ocrx_word' id='word_1_647' title='bbox 1577 4835 1821 4905; x_wconf 77' lang='grc' dir='ltr'>μνηστὴν</span> <span class='ocrx_word' id='word_1_648' title='bbox 1850 4853 1952 4886; x_wconf 83' lang='grc' dir='ltr'>πο-</span> 
     </span>
    </p>
   </div>
   <div class='ocr_carea' id='block_1_81' title="bbox 353 4927 1953 4999">
    <p class='ocr_par' dir='ltr' id='par_1_81' title="bbox 353 4927 1953 4999">
     <span class='ocr_line' id='line_1_81' title="bbox 353 4927 1953 4999; baseline -0.002 -16"><span class='ocrx_word' id='word_1_649' title='bbox 353 4929 691 4999; x_wconf 85' lang='grc' dir='ltr'>ρευόμενος,</span> <span class='ocrx_word' id='word_1_650' title='bbox 720 4927 923 4998; x_wconf 86' lang='grc' dir='ltr'>σμῆνος</span> <span class='ocrx_word' id='word_1_651' title='bbox 948 4927 1220 4996; x_wconf 86' lang='grc' dir='ltr'>μελισσῶν</span> <span class='ocrx_word' id='word_1_652' title='bbox 1237 4927 1295 4979; x_wconf 77' lang='grc' dir='ltr'>ἐν</span> <span class='ocrx_word' id='word_1_653' title='bbox 1320 4928 1397 4996; x_wconf 85' lang='grc' dir='ltr'>τῷ</span> <span class='ocrx_word' id='word_1_654' title='bbox 1423 4928 1650 4996; x_wconf 79' lang='grc' dir='ltr'>στόματι</span> <span class='ocrx_word' id='word_1_655' title='bbox 1676 4927 1953 4996; x_wconf 82' lang='grc' dir='ltr'>συνηγμέ-</span> 
     </span>
    </p>
   </div>
   <div class='ocr_carea' id='block_1_82' title="bbox 351 5017 1948 5088">
    <p class='ocr_par' dir='ltr' id='par_1_82' title="bbox 351 5017 1948 5088">
     <span class='ocr_line' id='line_1_82' title="bbox 351 5017 1948 5088; baseline -0.003 -14"><span class='ocrx_word' id='word_1_656' title='bbox 351 5038 447 5076; x_wconf 84' lang='grc' dir='ltr'>νον</span> <span class='ocrx_word' id='word_1_657' title='bbox 493 5019 599 5072; x_wconf 82' lang='grc' dir='ltr'>τοῦ</span> <span class='ocrx_word' id='word_1_658' title='bbox 637 5019 845 5079; x_wconf 60' lang='grc' dir='ltr'>λέοντος</span> <span class='ocrx_word' id='word_1_659' title='bbox 878 5017 1106 5086; x_wconf 80' lang='grc' dir='ltr'>εὖρηκε.</span> <span class='ocrx_word' id='word_1_660' title='bbox 1135 5020 1245 5072; x_wconf 73' lang='grc' dir='ltr'>Καὶ</span> <span class='ocrx_word' id='word_1_661' title='bbox 1273 5018 1454 5071; x_wconf 78' lang='grc' dir='ltr'>λαϐὼν</span> <span class='ocrx_word' id='word_1_662' title='bbox 1487 5019 1696 5072; x_wconf 82' lang='grc' dir='ltr'>ἐκεῖθεν</span> <span class='ocrx_word' id='word_1_663' title='bbox 1732 5019 1948 5088; x_wconf 80' lang='grc' dir='ltr'>μέλιτος</span> 
     </span>
    </p>
   </div>
   <div class='ocr_carea' id='block_1_83' title="bbox 352 5112 1950 5184">
    <p class='ocr_par' dir='ltr' id='par_1_83' title="bbox 352 5112 1950 5184">
     <span class='ocr_line' id='line_1_83' title="bbox 352 5112 1950 5184; baseline -0.003 -16"><span class='ocrx_word' id='word_1_664' title='bbox 352 5115 562 5184; x_wconf 82' lang='grc' dir='ltr'>κηρίον</span> <span class='ocrx_word' id='word_1_665' title='bbox 599 5112 794 5179; x_wconf 81' lang='grc' dir='ltr'>ἔφαγε,</span> <span class='ocrx_word' id='word_1_666' title='bbox 833 5113 931 5165; x_wconf 78' lang='grc' dir='ltr'>καὶ</span> <span class='ocrx_word' id='word_1_667' title='bbox 961 5113 1040 5182; x_wconf 81' lang='grc' dir='ltr'>τῷ</span> <span class='ocrx_word' id='word_1_668' title='bbox 1085 5113 1257 5182; x_wconf 81' lang='grc' dir='ltr'>πατρὶ</span> <span class='ocrx_word' id='word_1_669' title='bbox 1287 5114 1382 5165; x_wconf 79' lang='grc' dir='ltr'>καὶ</span> <span class='ocrx_word' id='word_1_670' title='bbox 1411 5115 1476 5183; x_wconf 75' lang='grc' dir='ltr'>τῇ</span> <span class='ocrx_word' id='word_1_671' title='bbox 1525 5112 1696 5183; x_wconf 80' lang='grc' dir='ltr'>μητρὶ</span> <span class='ocrx_word' id='word_1_672' title='bbox 1741 5113 1950 5166; x_wconf 83' lang='grc' dir='ltr'>ἀπεκό-</span> 
     </span>
    </p>
   </div>
   <div class='ocr_carea' id='block_1_84' title="bbox 355 5204 1948 5276">
    <p class='ocr_par' dir='ltr' id='par_1_84' title="bbox 355 5204 1948 5276">
     <span class='ocr_line' id='line_1_84' title="bbox 355 5204 1948 5276; baseline -0.002 -16"><span class='ocrx_word' id='word_1_673' title='bbox 355 5222 546 5276; x_wconf 86' lang='grc' dir='ltr'>μισεν.</span> <span class='ocrx_word' id='word_1_674' title='bbox 601 5204 881 5258; x_wconf 82' lang='grc' dir='ltr'>Ἀπελθὼν</span> <span class='ocrx_word' id='word_1_675' title='bbox 923 5205 966 5258; x_wconf 82' lang='grc' dir='ltr'>δ’</span> <span class='ocrx_word' id='word_1_676' title='bbox 995 5207 1076 5267; x_wconf 88' lang='grc' dir='ltr'>είς</span> <span class='ocrx_word' id='word_1_677' title='bbox 1098 5205 1224 5268; x_wconf 84' lang='grc' dir='ltr'>τοὺς</span> <span class='ocrx_word' id='word_1_678' title='bbox 1259 5205 1617 5273; x_wconf 75' lang='grc' dir='ltr'>ἀλλοφύλους,</span> <span class='ocrx_word' id='word_1_679' title='bbox 1651 5205 1948 5275; x_wconf 79' lang='grc' dir='ltr'>πρόϐλημα</span> 
     </span>
    </p>
   </div>
   <div class='ocr_carea' id='block_1_85' title="bbox 351 5295 1948 5364">
    <p class='ocr_par' dir='ltr' id='par_1_85' title="bbox 351 5295 1948 5364">
     <span class='ocr_line' id='line_1_85' title="bbox 351 5295 1948 5364; baseline -0.002 -14"><span class='ocrx_word' id='word_1_680' title='bbox 351 5301 473 5359; x_wconf 83' lang='grc' dir='ltr'>τοῖς</span> <span class='ocrx_word' id='word_1_681' title='bbox 506 5295 665 5364; x_wconf 78' lang='grc' dir='ltr'>αὐτῷ</span> <span class='ocrx_word' id='word_1_682' title='bbox 700 5295 1155 5364; x_wconf 87' lang='grc' dir='ltr'>συνεστιωμὲνοις</span> <span class='ocrx_word' id='word_1_683' title='bbox 1179 5296 1237 5348; x_wconf 82' lang='grc' dir='ltr'>ὲν</span> <span class='ocrx_word' id='word_1_684' title='bbox 1260 5298 1372 5358; x_wconf 88' lang='grc' dir='ltr'>τοῖς</span> <span class='ocrx_word' id='word_1_685' title='bbox 1403 5295 1604 5364; x_wconf 85' lang='grc' dir='ltr'>γάμοις</span> <span class='ocrx_word' id='word_1_686' title='bbox 1647 5295 1948 5364; x_wconf 83' lang='grc' dir='ltr'>τριάκοντα</span> 
     </span>
    </p>
   </div>
   <div class='ocr_carea' id='block_1_86' title="bbox 2061 4095 3628 4166">
    <p class='ocr_par' dir='ltr' id='par_1_86' title="bbox 2061 4095 3628 4166">
     <span class='ocr_line' id='line_1_86' title="bbox 2061 4095 3628 4166; baseline -0.003 -12"><span class='ocrx_word' id='word_1_687' title='bbox 2061 4101 2200 4155; x_wconf 87' lang='lat' dir='ltr'><strong>ritus</strong></span> <span class='ocrx_word' id='word_1_688' title='bbox 2234 4098 2449 4154; x_wconf 89' lang='lat' dir='ltr'><strong>Domini</strong></span> <span class='ocrx_word' id='word_1_689' title='bbox 2474 4098 2650 4154; x_wconf 83' lang='lat' dir='ltr'><strong>fertur</strong></span> <span class='ocrx_word' id='word_1_690' title='bbox 2667 4113 2832 4166; x_wconf 87' lang='lat' dir='ltr'><strong>super</strong></span> <span class='ocrx_word' id='word_1_691' title='bbox 2869 4112 2959 4152; x_wconf 92' lang='lat' dir='ltr'>eo.</span> <span class='ocrx_word' id='word_1_692' title='bbox 2985 4095 3122 4150; x_wconf 88' lang='lat' dir='ltr'><strong>Cum</strong></span> <span class='ocrx_word' id='word_1_693' title='bbox 3149 4105 3331 4150; x_wconf 90' lang='lat' dir='ltr'><strong>autem</strong></span> <span class='ocrx_word' id='word_1_694' title='bbox 3367 4095 3628 4150; x_wconf 71' lang='lat' dir='ltr'><strong>&#39;l‘batnnze</strong></span> 
     </span>
    </p>
   </div>
   <div class='ocr_carea' id='block_1_87' title="bbox 2061 4186 3632 4257">
    <p class='ocr_par' dir='ltr' id='par_1_87' title="bbox 2061 4186 3632 4257">
     <span class='ocr_line' id='line_1_87' title="bbox 2061 4186 3632 4257; baseline -0.002 -14"><span class='ocrx_word' id='word_1_695' title='bbox 2061 4189 2498 4256; x_wconf 66' lang='lat' dir='ltr'><strong>(Palaestinorum</strong></span> <span class='ocrx_word' id='word_1_696' title='bbox 2527 4187 2583 4242; x_wconf 87' lang='lat' dir='ltr'>id</span> <span class='ocrx_word' id='word_1_697' title='bbox 2621 4187 2886 4257; x_wconf 89' lang='lat' dir='ltr'><strong>oppidum</strong></span> <span class='ocrx_word' id='word_1_698' title='bbox 2942 4187 3050 4256; x_wconf 85' lang='lat' dir='ltr'><strong>est)</strong></span> <span class='ocrx_word' id='word_1_699' title='bbox 3086 4187 3323 4256; x_wconf 86' lang='lat' dir='ltr'><strong>puellam</strong></span> <span class='ocrx_word' id='word_1_700' title='bbox 3381 4186 3632 4252; x_wconf 87' lang='lat' dir='ltr'><strong>vidisset,</strong></span> 
     </span>
    </p>
   </div>
   <div class='ocr_carea' id='block_1_88' title="bbox 2061 4280 3635 4350">
    <p class='ocr_par' dir='ltr' id='par_1_88' title="bbox 2061 4280 3635 4350">
     <span class='ocr_line' id='line_1_88' title="bbox 2061 4280 3635 4350; baseline -0.002 -14"><span class='ocrx_word' id='word_1_701' title='bbox 2061 4297 2250 4337; x_wconf 83' lang='lat' dir='ltr'><strong>amore</strong></span> <span class='ocrx_word' id='word_1_702' title='bbox 2297 4291 2512 4350; x_wconf 90' lang='lat' dir='ltr'><strong>captus,</strong></span> <span class='ocrx_word' id='word_1_703' title='bbox 2560 4282 2665 4336; x_wconf 87' lang='lat' dir='ltr'><strong>etsi</strong></span> <span class='ocrx_word' id='word_1_704' title='bbox 2719 4281 3040 4350; x_wconf 86' lang='lat' dir='ltr'><strong>parentibus</strong></span> <span class='ocrx_word' id='word_1_705' title='bbox 3085 4280 3408 4350; x_wconf 76' lang='lat' dir='ltr'><strong>alienigeme</strong></span> <span class='ocrx_word' id='word_1_706' title='bbox 3451 4282 3635 4350; x_wconf 84' lang='lat' dir='ltr'><strong>conju-</strong></span> 
     </span>
    </p>
   </div>
   <div class='ocr_carea' id='block_1_89' title="bbox 2061 4372 3633 4445">
    <p class='ocr_par' dir='ltr' id='par_1_89' title="bbox 2061 4372 3633 4445">
     <span class='ocr_line' id='line_1_89' title="bbox 2061 4372 3633 4445; baseline 0.001 -19"><span class='ocrx_word' id='word_1_707' title='bbox 2061 4375 2209 4445; x_wconf 80' lang='lat' dir='ltr'><strong>gium</strong></span> <span class='ocrx_word' id='word_1_708' title='bbox 2243 4373 2647 4436; x_wconf 83' lang='lat' dir='ltr'><strong>recusantibus,</strong></span> <span class='ocrx_word' id='word_1_709' title='bbox 2691 4384 2872 4428; x_wconf 88' lang='lat' dir='ltr'><strong>tamen</strong></span> <span class='ocrx_word' id='word_1_710' title='bbox 2903 4373 3255 4442; x_wconf 83' lang='lat' dir='ltr'><strong>improbitate</strong></span> <span class='ocrx_word' id='word_1_711' title='bbox 3285 4372 3481 4426; x_wconf 89' lang='lat' dir='ltr'><strong>orandi</strong></span> <span class='ocrx_word' id='word_1_712' title='bbox 3527 4373 3633 4427; x_wconf 91' lang='lat' dir='ltr'><strong>im-</strong></span> 
     </span>
    </p>
   </div>
   <div class='ocr_carea' id='block_1_90' title="bbox 2061 4461 3633 4534">
    <p class='ocr_par' dir='ltr' id='par_1_90' title="bbox 2061 4461 3633 4534">
     <span class='ocr_line' id='line_1_90' title="bbox 2061 4461 3633 4534; baseline -0.001 -17"><span class='ocrx_word' id='word_1_713' title='bbox 2061 4474 2259 4534; x_wconf 78' lang='lat' dir='ltr'><strong>petrat.</strong></span> <span class='ocrx_word' id='word_1_714' title='bbox 2301 4465 2438 4518; x_wconf 89' lang='lat' dir='ltr'><strong>Dum</strong></span> <span class='ocrx_word' id='word_1_715' title='bbox 2507 4473 2688 4518; x_wconf 87' lang='lat' dir='ltr'><strong>autem</strong></span> <span class='ocrx_word' id='word_1_716' title='bbox 2752 4463 2947 4533; x_wconf 74' lang='lat' dir='ltr'><strong>puellae</strong></span> <span class='ocrx_word' id='word_1_717' title='bbox 3007 4475 3264 4532; x_wconf 85' lang='lat' dir='ltr'><strong>parentes</strong></span> <span class='ocrx_word' id='word_1_718' title='bbox 3312 4461 3633 4531; x_wconf 84' lang='lat' dir='ltr'><strong>frequenter</strong></span> 
     </span>
    </p>
   </div>
   <div class='ocr_carea' id='block_1_91' title="bbox 2060 4555 3632 4625">
    <p class='ocr_par' dir='ltr' id='par_1_91' title="bbox 2060 4555 3632 4625">
     <span class='ocr_line' id='line_1_91' title="bbox 2060 4555 3632 4625; baseline -0.001 -15"><span class='ocrx_word' id='word_1_719' title='bbox 2060 4555 2197 4620; x_wconf 84' lang='lat' dir='ltr'><strong>adit,</strong></span> <span class='ocrx_word' id='word_1_720' title='bbox 2234 4555 2288 4610; x_wconf 93' lang='lat' dir='ltr'>in</span> <span class='ocrx_word' id='word_1_721' title='bbox 2321 4556 2536 4611; x_wconf 89' lang='lat' dir='ltr'><strong>leonem</strong></span> <span class='ocrx_word' id='word_1_722' title='bbox 2563 4555 2758 4610; x_wconf 90' lang='lat' dir='ltr'><strong>incidit</strong></span> <span class='ocrx_word' id='word_1_723' title='bbox 2787 4572 2802 4609; x_wconf 92' lang='lat'><strong>:</strong></span> <span class='ocrx_word' id='word_1_724' title='bbox 2837 4565 2894 4611; x_wconf 93' lang='lat' dir='ltr'>et</span> <span class='ocrx_word' id='word_1_725' title='bbox 2926 4556 3056 4625; x_wconf 85' lang='lat' dir='ltr'><strong>quia</strong></span> <span class='ocrx_word' id='word_1_726' title='bbox 3087 4571 3197 4609; x_wconf 92' lang='lat' dir='ltr'>non</span> <span class='ocrx_word' id='word_1_727' title='bbox 3251 4555 3356 4609; x_wconf 85' lang='lat' dir='ltr'><strong>alia</strong></span> <span class='ocrx_word' id='word_1_728' title='bbox 3421 4555 3487 4608; x_wconf 88' lang='lat' dir='ltr'>ad</span> <span class='ocrx_word' id='word_1_729' title='bbox 3535 4555 3632 4609; x_wconf 86' lang='lat' dir='ltr'><strong>dc-</strong></span> 
     </span>
    </p>
   </div>
   <div class='ocr_carea' id='block_1_92' title="bbox 2061 4646 3630 4717">
    <p class='ocr_par' dir='ltr' id='par_1_92' title="bbox 2061 4646 3630 4717">
     <span class='ocr_line' id='line_1_92' title="bbox 2061 4646 3630 4717; baseline -0.003 -15"><span class='ocrx_word' id='word_1_730' title='bbox 2061 4649 2370 4704; x_wconf 82' lang='lat' dir='ltr'><strong>fcnsionem</strong></span> <span class='ocrx_word' id='word_1_731' title='bbox 2415 4663 2568 4702; x_wconf 85' lang='lat' dir='ltr'><strong>arma</strong></span> <span class='ocrx_word' id='word_1_732' title='bbox 2629 4647 3017 4717; x_wconf 86' lang='lat' dir='ltr'><strong>suppetebant,</strong></span> <span class='ocrx_word' id='word_1_733' title='bbox 3084 4647 3340 4702; x_wconf 84' lang='lat' dir='ltr'><strong>manibus</strong></span> <span class='ocrx_word' id='word_1_734' title='bbox 3394 4646 3630 4701; x_wconf 81' lang='lat' dir='ltr'><strong>bellnam</strong></span> 
     </span>
    </p>
   </div>
   <div class='ocr_carea' id='block_1_93' title="bbox 2061 4737 3634 4808">
    <p class='ocr_par' dir='ltr' id='par_1_93' title="bbox 2061 4737 3634 4808">
     <span class='ocr_line' id='line_1_93' title="bbox 2061 4737 3634 4808; baseline -0.002 -14"><span class='ocrx_word' id='word_1_735' title='bbox 2061 4739 2306 4799; x_wconf 80' lang='lat' dir='ltr'><strong>conficit.</strong></span> <span class='ocrx_word' id='word_1_736' title='bbox 2340 4749 2397 4794; x_wconf 94' lang='lat' dir='ltr'>et</span> <span class='ocrx_word' id='word_1_737' title='bbox 2428 4754 2458 4792; x_wconf 93' lang='lat' dir='ltr'>a</span> <span class='ocrx_word' id='word_1_738' title='bbox 2488 4748 2574 4793; x_wconf 87' lang='lat' dir='ltr'>via</span> <span class='ocrx_word' id='word_1_739' title='bbox 2609 4738 2928 4803; x_wconf 79' lang='lat' dir='ltr'><strong>deﬂectens,</strong></span> <span class='ocrx_word' id='word_1_740' title='bbox 2959 4737 3014 4794; x_wconf 83' lang='lat' dir='ltr'>in</span> <span class='ocrx_word' id='word_1_741' title='bbox 3043 4739 3241 4792; x_wconf 87' lang='lat' dir='ltr'><strong>saltum</strong></span> <span class='ocrx_word' id='word_1_742' title='bbox 3265 4738 3476 4808; x_wconf 80' lang='lat' dir='ltr'><strong>a-bjicit.</strong></span> <span class='ocrx_word' id='word_1_743' title='bbox 3502 4739 3634 4791; x_wconf 80' lang='lat' dir='ltr'><strong>Post</strong></span> 
     </span>
    </p>
   </div>
   <div class='ocr_carea' id='block_1_94' title="bbox 2059 4828 3633 4900">
    <p class='ocr_par' dir='ltr' id='par_1_94' title="bbox 2059 4828 3633 4900">
     <span class='ocr_line' id='line_1_94' title="bbox 2059 4828 3633 4900; baseline -0.001 -16"><span class='ocrx_word' id='word_1_744' title='bbox 2059 4831 2180 4884; x_wconf 87' lang='lat' dir='ltr'><strong>dies</strong></span> <span class='ocrx_word' id='word_1_745' title='bbox 2210 4830 2424 4900; x_wconf 87' lang='lat' dir='ltr'><strong>aliquot</strong></span> <span class='ocrx_word' id='word_1_746' title='bbox 2453 4830 2652 4884; x_wconf 90' lang='lat' dir='ltr'><strong>iterum</strong></span> <span class='ocrx_word' id='word_1_747' title='bbox 2685 4831 2751 4883; x_wconf 89' lang='lat' dir='ltr'>ad</span> <span class='ocrx_word' id='word_1_748' title='bbox 2781 4845 3036 4899; x_wconf 84' lang='lat' dir='ltr'><strong>sponsam</strong></span> <span class='ocrx_word' id='word_1_749' title='bbox 3079 4828 3459 4900; x_wconf 84' lang='lat' dir='ltr'><strong>proficiscens,</strong></span> <span class='ocrx_word' id='word_1_750' title='bbox 3500 4844 3633 4883; x_wconf 74' lang='lat' dir='ltr'><strong>exa-</strong></span> 
     </span>
    </p>
   </div>
   <div class='ocr_carea' id='block_1_95' title="bbox 2061 4921 3634 4991">
    <p class='ocr_par' dir='ltr' id='par_1_95' title="bbox 2061 4921 3634 4991">
     <span class='ocr_line' id='line_1_95' title="bbox 2061 4921 3634 4991; baseline -0.002 -14"><span class='ocrx_word' id='word_1_751' title='bbox 2061 4939 2186 4977; x_wconf 88' lang='lat' dir='ltr'>men</span> <span class='ocrx_word' id='word_1_752' title='bbox 2215 4937 2377 4991; x_wconf 89' lang='lat' dir='ltr'><strong>apum</strong></span> <span class='ocrx_word' id='word_1_753' title='bbox 2405 4921 2460 4974; x_wconf 93' lang='lat' dir='ltr'>in</span> <span class='ocrx_word' id='word_1_754' title='bbox 2488 4937 2584 4976; x_wconf 85' lang='lat' dir='ltr'>ore</span> <span class='ocrx_word' id='word_1_755' title='bbox 2641 4922 2820 4977; x_wconf 88' lang='lat' dir='ltr'><strong>leonis</strong></span> <span class='ocrx_word' id='word_1_756' title='bbox 2881 4921 3105 4991; x_wconf 81' lang='lat' dir='ltr'><strong>reperit,</strong></span> <span class='ocrx_word' id='word_1_757' title='bbox 3145 4931 3204 4976; x_wconf 86' lang='lat' dir='ltr'>et</span> <span class='ocrx_word' id='word_1_758' title='bbox 3250 4921 3365 4990; x_wconf 86' lang='lat' dir='ltr'><strong>ipse</strong></span> <span class='ocrx_word' id='word_1_759' title='bbox 3400 4921 3468 4975; x_wconf 88' lang='lat' dir='ltr'>de</span> <span class='ocrx_word' id='word_1_760' title='bbox 3509 4921 3634 4974; x_wconf 84' lang='lat' dir='ltr'><strong>favo</strong></span> 
     </span>
    </p>
   </div>
   <div class='ocr_carea' id='block_1_96' title="bbox 2060 5014 3633 5083">
    <p class='ocr_par' dir='ltr' id='par_1_96' title="bbox 2060 5014 3633 5083">
     <span class='ocr_line' id='line_1_96' title="bbox 2060 5014 3633 5083; baseline -0.003 -12"><span class='ocrx_word' id='word_1_761' title='bbox 2060 5015 2325 5080; x_wconf 88' lang='lat' dir='ltr'><strong>comedit,</strong></span> <span class='ocrx_word' id='word_1_762' title='bbox 2351 5023 2407 5069; x_wconf 92' lang='lat' dir='ltr'>et</span> <span class='ocrx_word' id='word_1_763' title='bbox 2437 5015 2576 5083; x_wconf 90' lang='lat' dir='ltr'><strong>patri</strong></span> <span class='ocrx_word' id='word_1_764' title='bbox 2609 5031 2674 5070; x_wconf 93' lang='lat' dir='ltr'>ac</span> <span class='ocrx_word' id='word_1_765' title='bbox 2700 5016 2858 5070; x_wconf 88' lang='lat' dir='ltr'><strong>matri</strong></span> <span class='ocrx_word' id='word_1_766' title='bbox 2892 5015 3072 5069; x_wconf 70' lang='lat' dir='ltr'><strong>aﬂ‘ert.</strong></span> <span class='ocrx_word' id='word_1_767' title='bbox 3096 5015 3374 5070; x_wconf 83' lang='lat' dir='ltr'><strong>Reversus</strong></span> <span class='ocrx_word' id='word_1_768' title='bbox 3404 5014 3472 5068; x_wconf 89' lang='lat' dir='ltr'>ad</span> <span class='ocrx_word' id='word_1_769' title='bbox 3497 5015 3633 5067; x_wconf 87' lang='lat' dir='ltr'><strong>alie-</strong></span> 
     </span>
    </p>
   </div>
   <div class='ocr_carea' id='block_1_97' title="bbox 2059 5105 3631 5178">
    <p class='ocr_par' dir='ltr' id='par_1_97' title="bbox 2059 5105 3631 5178">
     <span class='ocr_line' id='line_1_97' title="bbox 2059 5105 3631 5178; baseline -0.001 -16"><span class='ocrx_word' id='word_1_770' title='bbox 2059 5108 2310 5178; x_wconf 82' lang='lat' dir='ltr'><strong>nigenas,</strong></span> <span class='ocrx_word' id='word_1_771' title='bbox 2370 5107 2590 5176; x_wconf 78' lang='lat' dir='ltr'><strong>triginta</strong></span> <span class='ocrx_word' id='word_1_772' title='bbox 2651 5107 3094 5162; x_wconf 88' lang='lat' dir='ltr'><strong>adolescentibus</strong></span> <span class='ocrx_word' id='word_1_773' title='bbox 3149 5108 3295 5160; x_wconf 88' lang='lat' dir='ltr'><strong>inter</strong></span> <span class='ocrx_word' id='word_1_774' title='bbox 3355 5105 3631 5175; x_wconf 86' lang='lat' dir='ltr'><strong>nuptiales</strong></span> 
     </span>
    </p>
   </div>
   <div class='ocr_carea' id='block_1_98' title="bbox 2057 5197 3633 5269">
    <p class='ocr_par' dir='ltr' id='par_1_98' title="bbox 2057 5197 3633 5269">
     <span class='ocr_line' id='line_1_98' title="bbox 2057 5197 3633 5269; baseline -0.002 -16"><span class='ocrx_word' id='word_1_775' title='bbox 2057 5199 2250 5268; x_wconf 88' lang='lat' dir='ltr'><strong>epulas</strong></span> <span class='ocrx_word' id='word_1_776' title='bbox 2281 5199 2640 5268; x_wconf 71' lang='lat' dir='ltr'><strong>qumstionem</strong></span> <span class='ocrx_word' id='word_1_777' title='bbox 2669 5199 2947 5268; x_wconf 89' lang='lat' dir='ltr'><strong>proponit,</strong></span> <span class='ocrx_word' id='word_1_778' title='bbox 2981 5199 3137 5269; x_wconf 81' lang='lat' dir='ltr'><strong>cujus</strong></span> <span class='ocrx_word' id='word_1_779' title='bbox 3167 5199 3500 5253; x_wconf 89' lang='lat' dir='ltr'><strong>solutionem</strong></span> <span class='ocrx_word' id='word_1_780' title='bbox 3549 5197 3633 5251; x_wconf 90' lang='lat' dir='ltr'><strong>in-</strong></span> 
     </span>
    </p>
   </div>
   <div class='ocr_carea' id='block_1_99' title="bbox 2062 5290 3630 5360">
    <p class='ocr_par' dir='ltr' id='par_1_99' title="bbox 2062 5290 3630 5360">
     <span class='ocr_line' id='line_1_99' title="bbox 2062 5290 3630 5360; baseline -0.002 -15"><span class='ocrx_word' id='word_1_781' title='bbox 2062 5301 2143 5346; x_wconf 87' lang='lat' dir='ltr'>tra</span> <span class='ocrx_word' id='word_1_782' title='bbox 2175 5291 2296 5344; x_wconf 84' lang='lat' dir='ltr'><strong>dies</strong></span> <span class='ocrx_word' id='word_1_783' title='bbox 2317 5299 2524 5360; x_wconf 88' lang='lat' dir='ltr'><strong>septem</strong></span> <span class='ocrx_word' id='word_1_784' title='bbox 2569 5291 2615 5345; x_wconf 88' lang='lat' dir='ltr'>si</span> <span class='ocrx_word' id='word_1_785' title='bbox 2667 5291 3027 5354; x_wconf 85' lang='lat' dir='ltr'><strong>invenissent,</strong></span> <span class='ocrx_word' id='word_1_786' title='bbox 3075 5291 3276 5359; x_wconf 87' lang='lat' dir='ltr'><strong>cuique</strong></span> <span class='ocrx_word' id='word_1_787' title='bbox 3343 5290 3630 5345; x_wconf 86' lang='lat' dir='ltr'><strong>sindonem</strong></span> 
     </span>
    </p>
   </div>
   <div class='ocr_carea' id='block_1_100' title="bbox 352 5363 1954 5455">
    <p class='ocr_par' dir='ltr' id='par_1_100' title="bbox 352 5363 1951 5455">
     <span class='ocr_line' id='line_1_100' title="bbox 352 5363 1951 5455; baseline -0.003 -15"><span class='ocrx_word' id='word_1_788' title='bbox 352 5363 677 5449; x_wconf 70' lang='grc' dir='ltr'>νεανίσκοις</span> <span class='ocrx_word' id='word_1_789' title='bbox 729 5363 1059 5455; x_wconf 77' lang='grc' dir='ltr'>προτίθησισ</span> <span class='ocrx_word' id='word_1_790' title='bbox 1110 5387 1207 5438; x_wconf 75' lang='grc' dir='ltr'>καὶ</span> <span class='ocrx_word' id='word_1_791' title='bbox 1256 5386 1306 5437; x_wconf 80' lang='grc' dir='ltr'>εἰ</span> <span class='ocrx_word' id='word_1_792' title='bbox 1349 5363 1565 5454; x_wconf 73' lang='grc' dir='ltr'>εὕροιεν</span> <span class='ocrx_word' id='word_1_793' title='bbox 1619 5363 1705 5452; x_wconf 49' lang='lat' dir='ltr'>sq?</span> <span class='ocrx_word' id='word_1_794' title='bbox 1741 5385 1951 5453; x_wconf 67' lang='grc' dir='ltr'>ἡμέρας</span> 
     </span>
    </p>
   </div>
   <div class='ocr_carea' id='block_1_101' title="bbox 2055 5363 3632 5455">
    <p class='ocr_par' dir='ltr' id='par_1_101' title="bbox 2060 5383 3632 5453">
     <span class='ocr_line' id='line_1_101' title="bbox 2060 5383 3632 5453; baseline 0.001 -17"><span class='ocrx_word' id='word_1_795' title='bbox 2060 5391 2114 5436; x_wconf 87' lang='lat' dir='ltr'>et</span> <span class='ocrx_word' id='word_1_796' title='bbox 2141 5383 2333 5436; x_wconf 87' lang='lat' dir='ltr'><strong>stolam</strong></span> <span class='ocrx_word' id='word_1_797' title='bbox 2363 5383 2618 5438; x_wconf 88' lang='lat' dir='ltr'><strong>daturum</strong></span> <span class='ocrx_word' id='word_1_798' title='bbox 2653 5385 2967 5453; x_wconf 78' lang='lat' dir='ltr'><strong>pollicetur.</strong></span> <span class='ocrx_word' id='word_1_799' title='bbox 2995 5383 3091 5438; x_wconf 91' lang='lat' dir='ltr'>Sin</span> <span class='ocrx_word' id='word_1_800' title='bbox 3125 5384 3330 5447; x_wconf 87' lang='lat' dir='ltr'><strong>minus,</strong></span> <span class='ocrx_word' id='word_1_801' title='bbox 3394 5391 3632 5438; x_wconf 85' lang='lat' dir='ltr'><strong>tantum-</strong></span> 
     </span>
    </p>
   </div>
   <div class='ocr_carea' id='block_1_102' title="bbox 354 5475 1952 5547">
    <p class='ocr_par' dir='ltr' id='par_1_102' title="bbox 354 5475 1952 5547">
     <span class='ocr_line' id='line_1_102' title="bbox 354 5475 1952 5547; baseline -0.003 -17"><span class='ocrx_word' id='word_1_802' title='bbox 354 5481 501 5530; x_wconf 65' lang='grc' dir='ltr'>ἑπτα</span> <span class='ocrx_word' id='word_1_803' title='bbox 528 5477 634 5547; x_wconf 81' lang='grc' dir='ltr'>τὴν</span> <span class='ocrx_word' id='word_1_804' title='bbox 663 5476 840 5540; x_wconf 88' lang='grc' dir='ltr'>λύσιν,</span> <span class='ocrx_word' id='word_1_805' title='bbox 868 5476 1056 5530; x_wconf 79' lang='grc' dir='ltr'>δοῦναι</span> <span class='ocrx_word' id='word_1_806' title='bbox 1083 5475 1337 5530; x_wconf 81' lang='grc' dir='ltr'>συνέθετο</span> <span class='ocrx_word' id='word_1_807' title='bbox 1369 5476 1586 5529; x_wconf 83' lang='grc' dir='ltr'>σινδόνα</span> <span class='ocrx_word' id='word_1_808' title='bbox 1617 5479 1710 5528; x_wconf 72' lang='grc' dir='ltr'>καὶ</span> <span class='ocrx_word' id='word_1_809' title='bbox 1757 5476 1952 5544; x_wconf 72' lang='grc' dir='ltr'>στολὴν</span> 
     </span>
    </p>
   </div>
   <div class='ocr_carea' id='block_1_103' title="bbox 355 5569 1953 5641">
    <p class='ocr_par' dir='ltr' id='par_1_103' title="bbox 355 5569 1953 5641">
     <span class='ocr_line' id='line_1_103' title="bbox 355 5569 1953 5641; baseline -0.002 -17"><span class='ocrx_word' id='word_1_810' title='bbox 355 5571 594 5639; x_wconf 79' lang='grc' dir='ltr'>ἑκάστῳ</span> <span class='ocrx_word' id='word_1_811' title='bbox 639 5570 824 5624; x_wconf 81' lang='grc' dir='ltr'>αὐτῶν</span> <span class='ocrx_word' id='word_1_812' title='bbox 853 5585 868 5600; x_wconf 78' lang='grc' dir='ltr'><strong>ο</strong></span> <span class='ocrx_word' id='word_1_813' title='bbox 905 5571 954 5622; x_wconf 87' lang='grc' dir='ltr'>εί</span> <span class='ocrx_word' id='word_1_814' title='bbox 984 5569 1040 5622; x_wconf 81' lang='grc' dir='ltr'>δὲ</span> <span class='ocrx_word' id='word_1_815' title='bbox 1095 5570 1170 5640; x_wconf 81' lang='grc' dir='ltr'>μὴ</span> <span class='ocrx_word' id='word_1_816' title='bbox 1203 5569 1365 5622; x_wconf 83' lang='grc' dir='ltr'>λῦσαι</span> <span class='ocrx_word' id='word_1_817' title='bbox 1397 5569 1680 5641; x_wconf 79' lang='grc' dir='ltr'>δυνηθεῖεν</span> <span class='ocrx_word' id='word_1_818' title='bbox 1726 5571 1786 5621; x_wconf 80' lang='grc' dir='ltr'>τὸ</span> <span class='ocrx_word' id='word_1_819' title='bbox 1822 5571 1953 5638; x_wconf 86' lang='grc' dir='ltr'>πρό-</span> 
     </span>
    </p>
   </div>
   <div class='ocr_carea' id='block_1_104' title="bbox 355 5661 1952 5734">
    <p class='ocr_par' dir='ltr' id='par_1_104' title="bbox 355 5661 1952 5734">
     <span class='ocr_line' id='line_1_104' title="bbox 355 5661 1952 5734; baseline 0 -20"><span class='ocrx_word' id='word_1_820' title='bbox 355 5665 462 5734; x_wconf 71' lang='grc' dir='ltr'>ὅλη</span> <span class='ocrx_word' id='word_1_821' title='bbox 474 5680 579 5732; x_wconf 84' lang='grc' dir='ltr'>μα,</span> <span class='ocrx_word' id='word_1_822' title='bbox 617 5661 764 5732; x_wconf 81' lang='grc' dir='ltr'>αὐτῷ</span> <span class='ocrx_word' id='word_1_823' title='bbox 811 5661 1034 5732; x_wconf 83' lang='grc' dir='ltr'>δοθῆναι</span> <span class='ocrx_word' id='word_1_824' title='bbox 1065 5663 1193 5732; x_wconf 85' lang='grc' dir='ltr'>παρ’</span> <span class='ocrx_word' id='word_1_825' title='bbox 1224 5663 1458 5717; x_wconf 80' lang='grc' dir='ltr'>ἑκάστου</span> <span class='ocrx_word' id='word_1_826' title='bbox 1489 5662 1682 5732; x_wconf 84' lang='grc' dir='ltr'>στολὴν</span> <span class='ocrx_word' id='word_1_827' title='bbox 1713 5662 1808 5714; x_wconf 76' lang='grc' dir='ltr'>καὶ</span> <span class='ocrx_word' id='word_1_828' title='bbox 1832 5662 1952 5716; x_wconf 75' lang='lat'>606-</span> 
     </span>
    </p>
   </div>
   <div class='ocr_carea' id='block_1_105' title="bbox 356 5754 1951 5826">
    <p class='ocr_par' dir='ltr' id='par_1_105' title="bbox 356 5754 1951 5826">
     <span class='ocr_line' id='line_1_105' title="bbox 356 5754 1951 5826; baseline -0.002 -15"><span class='ocrx_word' id='word_1_829' title='bbox 356 5774 462 5826; x_wconf 88' lang='grc' dir='ltr'>νην</span> <span class='ocrx_word' id='word_1_830' title='bbox 501 5754 777 5825; x_wconf 79' lang='grc' dir='ltr'>ἀπῄτησε.</span> <span class='ocrx_word' id='word_1_831' title='bbox 817 5755 1173 5824; x_wconf 83' lang='grc' dir='ltr'>Συνθεμένων</span> <span class='ocrx_word' id='word_1_832' title='bbox 1219 5755 1277 5809; x_wconf 78' lang='grc' dir='ltr'>δὲ</span> <span class='ocrx_word' id='word_1_833' title='bbox 1321 5755 1416 5808; x_wconf 77' lang='grc' dir='ltr'>καὶ</span> <span class='ocrx_word' id='word_1_834' title='bbox 1458 5755 1566 5808; x_wconf 84' lang='grc' dir='ltr'>τῶν</span> <span class='ocrx_word' id='word_1_835' title='bbox 1625 5755 1951 5822; x_wconf 87' lang='grc' dir='ltr'>νεανίσκων,</span> 
     </span>
    </p>
   </div>
   <div class='ocr_carea' id='block_1_106' title="bbox 362 5845 1956 5912">
    <p class='ocr_par' dir='ltr' id='par_1_106' title="bbox 362 5845 1956 5912">
     <span class='ocr_line' id='line_1_106' title="bbox 362 5845 1956 5912; baseline 0.002 -11"><span class='ocrx_word' id='word_1_836' title='bbox 362 5846 712 5908; x_wconf 77' lang='grc' dir='ltr'>προεΰάλετο</span> <span class='ocrx_word' id='word_1_837' title='bbox 772 5846 837 5900; x_wconf 82' lang='grc' dir='ltr'>τὸ</span> <span class='ocrx_word' id='word_1_838' title='bbox 898 5845 1161 5912; x_wconf 78' lang='grc' dir='ltr'>ἐρώτημα</span> <span class='ocrx_word' id='word_1_839' title='bbox 1223 5845 1426 5903; x_wconf 72' lang='grc' dir='ltr'>εἰπών’</span> <span class='ocrx_word' id='word_1_840' title='bbox 1479 5846 1584 5910; x_wconf 81' lang='grc' dir='ltr'>Ἐξ</span> <span class='ocrx_word' id='word_1_841' title='bbox 1643 5845 1956 5910; x_wconf 83' lang='grc' dir='ltr'>ἐσθίοντος</span> 
     </span>
    </p>
   </div>
   <div class='ocr_carea' id='block_1_107' title="bbox 2065 5473 3630 5543">
    <p class='ocr_par' dir='ltr' id='par_1_107' title="bbox 2065 5473 3630 5543">
     <span class='ocr_line' id='line_1_107' title="bbox 2065 5473 3630 5543; baseline 0.003 -17"><span class='ocrx_word' id='word_1_842' title='bbox 2065 5473 2188 5526; x_wconf 89' lang='lat' dir='ltr'>dem</span> <span class='ocrx_word' id='word_1_843' title='bbox 2213 5489 2240 5526; x_wconf 86' lang='lat' dir='ltr'>a</span> <span class='ocrx_word' id='word_1_844' title='bbox 2269 5473 2498 5543; x_wconf 80' lang='lat' dir='ltr'><strong>singulis</strong></span> <span class='ocrx_word' id='word_1_845' title='bbox 2531 5474 2749 5527; x_wconf 88' lang='lat' dir='ltr'><strong>illorum</strong></span> <span class='ocrx_word' id='word_1_846' title='bbox 2777 5475 3096 5542; x_wconf 87' lang='lat' dir='ltr'><strong>stipulatnr.</strong></span> <span class='ocrx_word' id='word_1_847' title='bbox 3127 5473 3387 5528; x_wconf 86' lang='lat' dir='ltr'><strong>Assensis</strong></span> <span class='ocrx_word' id='word_1_848' title='bbox 3441 5473 3630 5530; x_wconf 80' lang='lat' dir='ltr'><strong>adole-</strong></span> 
     </span>
    </p>
   </div>
   <div class='ocr_carea' id='block_1_108' title="bbox 2058 5564 3630 5636">
    <p class='ocr_par' dir='ltr' id='par_1_108' title="bbox 2058 5564 3630 5636">
     <span class='ocr_line' id='line_1_108' title="bbox 2058 5564 3630 5636; baseline -0.001 -14"><span class='ocrx_word' id='word_1_849' title='bbox 2058 5568 2362 5631; x_wconf 88' lang='lat' dir='ltr'><strong>sccntibus,</strong></span> <span class='ocrx_word' id='word_1_850' title='bbox 2389 5568 2752 5636; x_wconf 74' lang='lat' dir='ltr'><strong>quzestionem</strong></span> <span class='ocrx_word' id='word_1_851' title='bbox 2779 5566 3054 5634; x_wconf 86' lang='lat' dir='ltr'><strong>proponit.</strong></span> <span class='ocrx_word' id='word_1_852' title='bbox 3077 5564 3182 5617; x_wconf 87' lang='lat' dir='ltr'>hoc</span> <span class='ocrx_word' id='word_1_853' title='bbox 3211 5565 3372 5620; x_wconf 90' lang='lat' dir='ltr'><strong>modo</strong></span> <span class='ocrx_word' id='word_1_854' title='bbox 3399 5583 3414 5620; x_wconf 90' lang='lat'><strong>:</strong></span> <span class='ocrx_word' id='word_1_855' title='bbox 3443 5565 3521 5620; x_wconf 76' lang='lat' dir='ltr'><strong>De</strong></span> <span class='ocrx_word' id='word_1_856' title='bbox 3542 5584 3630 5622; x_wconf 61' lang='grc' dir='ltr'>σου</span> 
     </span>
    </p>
   </div>
   <div class='ocr_carea' id='block_1_109' title="bbox 2061 5657 3632 5728">
    <p class='ocr_par' dir='ltr' id='par_1_109' title="bbox 2061 5657 3632 5728">
     <span class='ocr_line' id='line_1_109' title="bbox 2061 5657 3632 5728; baseline -0.002 -14"><span class='ocrx_word' id='word_1_857' title='bbox 2061 5661 2296 5714; x_wconf 84' lang='lat' dir='ltr'><strong>medente</strong></span> <span class='ocrx_word' id='word_1_858' title='bbox 2321 5662 2444 5713; x_wconf 66' lang='lat' dir='ltr'><strong>exiit</strong></span> <span class='ocrx_word' id='word_1_859' title='bbox 2468 5659 2633 5720; x_wconf 78' lang='lat' dir='ltr'><strong>cibus,</strong></span> <span class='ocrx_word' id='word_1_860' title='bbox 2663 5667 2711 5711; x_wconf 83' lang='lat' dir='ltr'>et</span> <span class='ocrx_word' id='word_1_861' title='bbox 2743 5657 2805 5710; x_wconf 86' lang='lat' dir='ltr'>de</span> <span class='ocrx_word' id='word_1_862' title='bbox 2837 5657 2961 5726; x_wconf 74' lang='lat' dir='ltr'><strong>forti</strong></span> <span class='ocrx_word' id='word_1_863' title='bbox 2982 5657 3222 5711; x_wconf 76' lang='lat' dir='ltr'><strong>dulcedo.</strong></span> <span class='ocrx_word' id='word_1_864' title='bbox 3266 5659 3348 5712; x_wconf 85' lang='lat' dir='ltr'><strong>Illi</strong></span> <span class='ocrx_word' id='word_1_865' title='bbox 3373 5658 3632 5728; x_wconf 69' lang='lat' dir='ltr'><strong>quaestio-</strong></span> 
     </span>
    </p>
   </div>
   <div class='ocr_carea' id='block_1_110' title="bbox 2059 5749 3633 5820">
    <p class='ocr_par' dir='ltr' id='par_1_110' title="bbox 2059 5749 3633 5820">
     <span class='ocr_line' id='line_1_110' title="bbox 2059 5749 3633 5820; baseline -0.004 -12"><span class='ocrx_word' id='word_1_866' title='bbox 2059 5769 2188 5808; x_wconf 89' lang='lat' dir='ltr'>nem</span> <span class='ocrx_word' id='word_1_867' title='bbox 2225 5767 2334 5806; x_wconf 93' lang='lat' dir='ltr'>non</span> <span class='ocrx_word' id='word_1_868' title='bbox 2358 5749 2748 5820; x_wconf 77' lang='lat' dir='ltr'><strong>intelligentes,</strong></span> <span class='ocrx_word' id='word_1_869' title='bbox 2791 5750 3026 5819; x_wconf 87' lang='lat' dir='ltr'><strong>puellam</strong></span> <span class='ocrx_word' id='word_1_870' title='bbox 3055 5759 3239 5816; x_wconf 83' lang='lat' dir='ltr'><strong>orant,</strong></span> <span class='ocrx_word' id='word_1_871' title='bbox 3287 5761 3348 5806; x_wconf 89' lang='lat' dir='ltr'>ut</span> <span class='ocrx_word' id='word_1_872' title='bbox 3396 5767 3516 5805; x_wconf 87' lang='lat' dir='ltr'>eam</span> <span class='ocrx_word' id='word_1_873' title='bbox 3566 5765 3633 5803; x_wconf 80' lang='lat' dir='ltr'><strong>ex</strong></span> 
     </span>
    </p>
   </div>
   <div class='ocr_carea' id='block_1_111' title="bbox 2062 5841 3630 5909">
    <p class='ocr_par' dir='ltr' id='par_1_111' title="bbox 2062 5841 3630 5909">
     <span class='ocr_line' id='line_1_111' title="bbox 2062 5841 3630 5909; baseline 0 -9"><span class='ocrx_word' id='word_1_874' title='bbox 2062 5846 2260 5901; x_wconf 88' lang='lat' dir='ltr'><strong>marito</strong></span> <span class='ocrx_word' id='word_1_875' title='bbox 2316 5842 2593 5909; x_wconf 73' lang='lat' dir='ltr'><strong>cognitam</strong></span> <span class='ocrx_word' id='word_1_876' title='bbox 2677 5841 2783 5898; x_wconf 88' lang='lat' dir='ltr'><strong>sibi</strong></span> <span class='ocrx_word' id='word_1_877' title='bbox 2870 5842 3237 5899; x_wconf 87' lang='lat' dir='ltr'><strong>renuntiaret.</strong></span> <span class='ocrx_word' id='word_1_878' title='bbox 3304 5843 3436 5898; x_wconf 86' lang='lat' dir='ltr'><strong>Orat</strong></span> <span class='ocrx_word' id='word_1_879' title='bbox 3513 5842 3630 5906; x_wconf 78' lang='lat' dir='ltr'><strong>illa.</strong></span> 
     </span>
    </p>
   </div>
  </div>
