4098 6406
413 378 515 447 119

1712 384 2036 446 JOANNIS
2077 386 2396 450 ZONARE

3561 388 3665 457 120

411 498 683 568 Sampson
717 494 1027 568 refragatur
1061 495 1258 552 initio:
1290 495 1512 553 tandem
1542 496 1724 554 victus
1768 513 1982 568 sponsae

2087 501 2305 570 ἐξῆλθε
2328 505 2581 574 βρῶσις,
2625 506 2723 561 καί
2753 505 2875 563 ἀπὸ
2926 505 3188 577 ἰσχυροῦ
3243 507 3459 578 γλυκύ.
3492 506 3558 562 Ol
3584 510 3660 575 δὲ,

408 591 686 662 lacrymis,
725 604 839 644 rem
868 590 1069 659 aperit.
1122 589 1216 644 Illa
1270 590 1457 660 prodit
1515 589 1984 663 adolescentibus,

2094 599 2170 666 μὴ
2201 595 2488 667 δυνάμενοι
2519 598 2710 667 νοῆσαι
2752 598 2814 651 τὸ
2841 597 3157 669 πρόϐλημα,
3210 599 3310 668 τὴν
3343 600 3513 671 κόρην
3547 602 3692 655 ἷκε-⁵

408 683 616 754 quidie
643 685 878 754 septima
907 682 1199 752 Sampsoni
1231 682 1464 738 dicunt:
1515 683 1655 750 Quid
1697 697 1774 740 eu
1832 686 1984 740 melle

2089 704 2291 741 τευσαν
2341 687 2536 759 μαθεῖν
2569 690 2720 761 παρά
2771 688 2867 743 τοῦ
2922 689 3135 761 ἀνδρὸς,
3187 690 3283 743 καὶ
3326 692 3662 760 ἀπαγγεῖλαι

407 775 657 832 dulcius?
678 775 804 844 quid
832 775 978 829 leone
998 776 1186 845 fortius
1204 776 1229 828 ?
1253 775 1523 845 Sampson
1570 775 1738 847 igitur
1785 776 1982 841 iratus,

406 865 1094 935 adolescentibusquidem
1121 864 1215 920 dat
1245 882 1369 938 qua:
1392 865 1741 935 promiserat.
1764 867 1873 940 54
1887 868 1983 923 sed

405 966 637 1028 nuptam
665 957 887 1012 abdicat
918 976 932 1012 :
966 973 1131 1027 quam
1154 973 1186 1012 a
1229 967 1384 1028 patre
1431 958 1595 1014 alteri
1650 959 1981 1031 desponsam

404 1066 545 1122 aegre
582 1050 788 1116 ferens,
831 1060 1103 1106 trecentas
1161 1052 1355 1121 vulpes
1399 1052 1565 1121 capit,
1625 1067 1719 1107 eas
1770 1051 1985 1108 facibus

405 1142 730 1197 ardentibus
758 1142 949 1197 caudis
974 1141 1190 1196 illarum
1234 1141 1492 1213 alligatis,
1550 1142 1607 1197 in
1661 1144 1984 1199 Palaestino-

405 1251 532 1290 rum
570 1251 701 1290 arva
736 1235 1003 1297 immittit,
1034 1243 1273 1305 segetem
1303 1236 1413 1305 jam
1452 1235 1567 1291 fere
1616 1235 1862 1290 adultam
1926 1246 1983 1291 et

402 1329 597 1383 vineas
632 1328 880 1384 incendit
915 1342 1053 1400 :pro
1091 1343 1202 1399 quo
1239 1329 1386 1383 facto
1414 1327 1693 1389 Palwstini
1748 1344 1979 1383 uxorem

376 1418 613 1477 .dudum
645 1417 784 1488 ejus,
821 1433 947 1473 cum
1013 1418 1259 1488 cognatis
1310 1420 1365 1472 in
1419 1417 1600 1488 ignem
1650 1419 1979 1489 coniectam,

404 1518 850 1565 concremarunt.
897 1508 1167 1581 Sampson
1207 1525 1368 1576 vero,
1421 1511 1611 1566 multis
1646 1510 1981 1578 alienigena-

401 1619 522 1658 rum
547 1602 870 1669 interfectis,
900 1603 958 1658 in
988 1618 1125 1673 rupe
1155 1603 1430 1659 consedit.
1469 1603 1577 1669 llli,
1624 1603 1980 1673 expeditione

400 1695 964 1765 suscepta,lsraelitis
1007 1696 1257 1759 edicunt,
1299 1696 1345 1751 si
1369 1696 1618 1752 insontes
1653 1694 1847 1750 haberi
1880 1709 1977 1749 ve-

398 1788 522 1853 lint,
556 1790 1000 1861 utSampsonem
1036 1788 1262 1843 dedant.
1292 1787 1593 1844 Accessere
1647 1788 1717 1843 ad
1783 1802 1973 1858 rupem

400 1881 598 1934 armati
623 1889 705 1935 ter
733 1880 902 1935 mille.
935 1879 1203 1947 Sampson
1240 1878 1548 1940 descendit.
1589 1879 1736 1933 ultro
1778 1894 1839 1934 se
1875 1892 1979 1948 po-
2007 1862 2054 1922 Β

400 1972 687 2044 pulauibus
716 1973 900 2035 offert,
932 1974 1027 2043 qui
1057 1986 1185 2028 eum
1216 1972 1529 2027 Palaestinis
1572 1973 1816 2027 vinctum
1860 1981 1974 2026 tra-

401 2069 559 2121 dunt.
591 2065 658 2120 At
689 2066 802 2133 ille,
833 2065 1085 2136 abruptis
1105 2065 1360 2131 vinculis,
1388 2074 1446 2121 et
1474 2064 1613 2120 asini
1637 2064 1858 2120 maxilla
1893 2074 1977 2119 te-

401 2177 552 2217 mere
587 2161 701 2216 illic
721 2162 940 2232 jacenle
970 2170 1211 2230 arrepta,
1231 2160 1382 2215 mille
1406 2158 1744 2231 alienigenas
1775 2174 1837 2213 ea
1878 2172 1981 2228 pc-

404 2256 578 2323 rimit,
606 2256 851 2326 reliquos
884 2255 1056 2326 fugat.
1090 2254 1245 2311 Unde
1274 2255 1432 2309 locus
1473 2254 1564 2309 ille
1622 2252 1838 2308 Maxilla
1888 2251 1979 2307 di-

403 2350 571 2405 citur.
627 2348 765 2406 Cum
826 2360 1010 2404 autem
1042 2363 1153 2419 prae
1201 2348 1289 2402 siti
1316 2348 1578 2403 deficiens
1629 2346 1800 2400 Deum
1850 2359 1977 2401 eum

402 2442 619 2511 ploratu
650 2440 1046 2505 obtestaretur,
1076 2455 1216 2509 aqua
1248 2454 1279 2493 e
1310 2439 1504 2492 lissura
1571 2445 1761 2500 terrae,
1812 2450 1976 2505 quam

402 2535 645 2605 proiecta
675 2533 892 2587 maxilla
925 2532 1156 2596 fecerat,
1197 2531 1468 2586 scaturiit.
1536 2530 1674 2585 Potu
1711 2527 1978 2595 refectus,

401 2625 601 2680 Gazam
632 2624 768 2688 adit,
796 2624 888 2679 ubi
912 2640 1036 2680 cum
1065 2623 1243 2680 ϐιητεί
1302 2624 1477 2694 portis
1527 2623 1731 2679 clausis
1783 2639 1979 2679 cavere

402 2719 628 2782 vellent,
670 2733 741 2772 ne
781 2716 1113 2782 elaberetur,
1171 2718 1262 2771 ille
1317 2716 1422 2772 sub
1471 2715 1709 2770 mediam
1756 2725 1976 2771 noctem

404 2811 600 2881 surgit.
633 2820 869 2880 portam,
906 2811 1094 2865 limina
1122 2821 1178 2865 et
1223 2818 1408 2879 postes
1472 2808 1527 2863 in
1574 2808 1823 2864 humeris
1886 2823 1983 2864 su-

404 2905 575 2970 blata,
600 2915 657 2961 et
684 2906 737 2959 in
765 2904 967 2959 montis
997 2904 1204 2974 perlata
1236 2904 1502 2958 verticem
1557 2901 1807 2973 deponit.
1850 2901 1980 2958 Post

404 3000 525 3055 haec
551 2998 818 3068 Sampson
846 2997 1193 3053 Palaestinam
1228 2996 1573 3051 metriculam
1607 2994 1841 3064 deperit.
1876 3008 1981 3048 no-

406 3090 557 3145 mine
584 3088 855 3145 Dalidam.
895 3086 1032 3143 Cum
1100 3102 1166 3142 ea
1220 3100 1479 3156 proceres
1545 3083 1979 3154 alienigenarum

407 3191 600 3253 agunt,
632 3182 803 3236 multa
831 3179 1083 3249 polliciti,
1121 3179 1167 3234 si
1201 3186 1478 3232 tantarum
1504 3176 1710 3250 virium
1753 3189 1979 3231 causam

406 3292 439 3331 e
476 3276 778 3345 Sampsone
809 3273 1083 3344 cognitam
1119 3271 1224 3327 sibi
1256 3271 1649 3327 renuntiasset.
1701 3269 1793 3324 llla
1835 3268 1981 3323 mul-
2011 3229 2053 3287 ς

409 3368 645 3423 tifariam
682 3381 933 3437 aggressa
968 3366 1170 3431 virum,
1233 3373 1295 3420 ut
1349 3363 1404 3419 id
1448 3362 1695 3423 eliceret.
1735 3377 1766 3416 a
1824 3360 1980 3416 Sam-

408 3475 583 3530 psone
615 3458 762 3514 aliud
789 3467 953 3527 atque
976 3454 1124 3510 aliud
1160 3454 1401 3520 dicente,
1428 3468 1553 3509 cum
1573 3452 1649 3507 rei
1681 3450 1983 3521 fericulum

410 3553 637 3615 faceret,
672 3548 936 3604 eluditur.
964 3546 1072 3602 Sed
1104 3561 1230 3600 cum
1269 3545 1358 3600 illa
1386 3545 1639 3608 instaret,
1688 3553 1985 3610 oraretque

408 3641 823 3707 vehementius,
868 3653 1139 3694 arcanum
1198 3635 1422 3691 tandem
1485 3634 1719 3705 prodit:
1772 3632 1842 3688 Se
1887 3630 1985 3687 Dei

407 3737 565 3806 jussu
598 3747 810 3790 comam
842 3731 1015 3792 alere.
1053 3730 1146 3800 qui
1186 3727 1542 3784 interdixem
1567 3742 1636 3783 ne
1661 3741 1781 3782 eam
1806 3724 1983 3792 radat,

412 3826 468 3880 in
496 3839 674 3895 eaque
705 3822 1010 3894 repositum
1041 3836 1160 3878 esse
1193 3819 1364 3874 robur
1389 3833 1574 3875 suum.
1611 3818 1806 3872 Mulier
1856 3817 1986 3872 dor-

411 3915 607 3971 mienti
634 3928 846 3969 comam
891 3912 1053 3975 radit,
1114 3910 1443 3966 imbecillem
1491 3909 1746 3966 hostibus
1795 3907 1986 3974 tradit,

410 4009 489 4063 illi
514 4008 703 4063 oculos
728 4006 779 4062 ei
809 4004 1097 4061 effodiunt.
1142 4005 1219 4059 lta
1262 4005 1352 4058 ille
1388 4004 1543 4075 prius
1591 4001 1985 4066 formidabilis,

409 4100 660 4156 ludibrio
702 4099 960 4155 habetur.
1008 4096 1302 4167 Progressu
1363 4096 1628 4168 temporis
1688 4111 1845 4151 coma
1896 4094 1987 4149 illa

410 4192 742 4256 renascitur,
771 4190 1034 4261 viresque
1069 4190 1324 4245 redeunt.
1384 4188 1522 4245 Cum
1569 4195 1753 4243 autem
1813 4186 1987 4242 Palae-

412 4284 543 4339 stini
609 4292 887 4354 potarent,
942 4297 1248 4352 eorumque
1289 4296 1548 4352 proceres
1593 4289 1651 4333 et
1704 4289 1987 4349 magnatcs

413 4377 843 4431 convivaremur
873 4376 930 4431 in
952 4375 1117 4430 domo
1148 4391 1271 4444 qua:
1315 4375 1590 4430 columnis
1626 4374 1983 4440 fulciebatur,

413 4469 577 4522 etiam
616 4467 934 4536 Sampsona
968 4481 1144 4536 puero
1171 4466 1239 4519 ad
1280 4464 1622 4520 illudcndum
1663 4465 1982 4521 adducitur.

2088 782 2295 844 αὐτοῖς.
2338 782 2399 836 '0
2426 782 2666 854 Σαμψὼν
2694 783 2751 838 δέ
2782 785 3214 856 παρακαλούσης
3248 784 3411 841 αὐτὸν
3439 785 3540 855 τῆς
3573 786 3662 838 κό-

2089 891 2191 946 ρης
2227 875 2403 927 εἰπεῖν
2441 875 2580 946 αὐτῇ
2613 875 2674 929 τὸ
2703 875 2798 929 τοῦ
2831 876 3217 947 προϐλήματος
3238 877 3439 947 νόημα,
3474 878 3532 931 τὸ
3563 877 3663 946 μὲν

2088 966 2309 1039 πρῶτον
2361 968 2601 1037 ἀντεῖχε.
2635 968 2992 1040 Δακρυούσης
3026 969 3072 1022 δ’
3103 970 3343 1041 ἐκείνης,
3391 971 3572 1035 ἐξεῖπε
3601 971 3663 1023 τὸ

2085 1062 2217 1114 πᾶν.
2270 1060 2334 1113 Ἠ
2386 1060 2442 1113 δὲ
2490 1063 2605 1124 τοῖς
2644 1060 2953 1123 νεανίσκοις
2986 1062 3316 1132 ἀπήγγειλε.
3372 1063 3485 1116 Καὶ
3520 1063 3663 1118 κατά

2084 1152 2320 1224 ἑϐδόμην
2340 1153 2554 1224 ἡμέραν
2588 1150 2740 1206 εἷπον
2774 1154 2973 1207 ἐκεῖνοι
3000 1153 3077 1225 τῷ
3109 1154 3351 1225 Σαμψών
3372 1172 3387 1185 ·
3431 1157 3493 1211 Τί
3515 1160 3662 1227 γλυ-

2084 1242 2339 1310 κύτερεν
2379 1242 2623 1312 μέλιτος
2650 1281 2664 1300 .
2718 1241 2755 1309 ἦ
2810 1242 2869 1295 τί
2915 1241 3167 1310 λέοντος
3226 1245 3663 1313 ἰσχυρότερον;

2096 1330 2354 1401 Ὠργίσθη
2410 1330 2503 1384 οῦν
2533 1332 2560 1383 6
2591 1331 2856 1401 Σαμψὼν,
2891 1332 2987 1385 καὶ
3041 1334 3154 1395 τοῖς
3195 1332 3297 1403 μὲν
3351 1335 3662 1399 νεανίσκοις

2083 1422 2284 1477 ἔδωκεν
2337 1422 2374 1479 ἃ
2407 1423 2697 1493 ύπέτχετο,
2756 1426 2847 1478 τὸν
2890 1425 2947 1478 δὲ
2968 1426 3148 1495 γάμον
3200 1426 3495 1482 ἀπείπατο.
3547 1429 3661 1483 Καὶ

2082 1516 2285 1569 ἔδωκεν
2319 1518 2492 1589 ἑτέρῳ
2526 1519 2586 1570 τὸ
2627 1517 2851 1585 γύναιον
2894 1521 2921 1572 6
2946 1521 3155 1589 πατήρ.
3193 1520 3559 1590 Παροξυνθεὶς
3600 1522 3659 1576 δὲ

2079 1610 2107 1661 6
2134 1608 2373 1677 Σαμψὼν
2424 1609 2515 1662 διὰ
2547 1608 2727 1676 τοῦτο,
2759 1610 2854 1663 καὶ
2881 1609 3167 1664 συλλαϐὼν
3214 1612 3540 1682 τριακοσίας
3566 1612 3662 1665 ἀλ-

2079 1700 2323 1763 ώπεκας,
2379 1699 2672 1769 λαμπάδας
2722 1700 2981 1770 ἡμμένας
3027 1703 3151 1764 ταῖς
3197 1703 3389 1769 οὐραῖς
3431 1703 3660 1756 ἐκείνων

2079 1791 2406 1862 προσέδησε,
2463 1791 2561 1845 καὶ
2608 1794 2728 1855 ταῖς
2776 1791 2885 1845 τῶν
2945 1792 3325 1846 Παλαιστινῶν
3374 1794 3661 1863 ἐπαφῆκεν

2087 1882 2370 1953 ἀρούραις.
2410 1881 2605 1951 θέρους
2634 1882 2995 1951 ἐνισταμένου
3052 1883 3164 1935 Καὶ
3213 1882 3356 1935 οὕτω
3405 1884 3473 1937 τὰ
3511 1885 3663 1952 σφῶν

2088 1973 2397 2025 κατέκαυσε
2428 1969 2579 2039 λήῖα.
2631 1970 2726 2023 καὶ
2761 1970 2859 2033 τὰς
2890 1971 3194 2038 ἀμπέλους.
3240 1971 3590 2028 Παλαιστινοὶ
3614 1975 3664 2028 δ’

2087 2065 2206 2118 ἀντὶ
2236 2062 2441 2117 τούτων
2470 2063 2570 2134 τὴν
2594 2062 2899 2133 γενομένην
2924 2063 3091 2117 αὐτοῦ
3121 2067 3381 2132 γυναῖκα.
3415 2067 3507 2119 καὶ
3538 2069 3665 2132 τοὺς

2087 2156 2222 2226 αὐτῇ
2245 2156 2622 2226 προσήκοντας
2648 2155 2960 2224 ἐνέπρησαν
2996 2154 3091 2209 καὶ
3118 2156 3488 2211 κατέκαυσαν.
3516 2157 3667 2226 21p.-

2086 2250 2203 2321 ψὼν
2240 2250 2299 2304 δέ
2329 2249 2560 2312 πολλοὺς
2585 2246 2914 2310 ἀποκτείνας
2964 2246 3076 2299 τῶν
3104 2246 3443 2315 ἀλλοφύλων,
3476 2248 3536 2301 ἐν
3565 2249 3665 2302 πέ-
3730 2268 3737 2271 ·

2086 2361 2194 2415 τρο.
2219 2342 2495 2407 ἐκάθισεν,
2523 2341 2574 2393 οἱ
2612 2341 2668 2394 δέ
2705 2339 2848 2393 κατά
2878 2340 2988 2393 τῶν
3020 2338 3373 2410 Ἰσραηλιτῶν
3407 2339 3667 2413 ἐξεστρά-

2086 2455 2314 2499 τευσαν,
2343 2435 2619 2502 λέγοντεςο
2653 2432 2715 2485 Ei
2771 2429 3030 2501 βούλεσθε
3051 2430 3284 2484 ἀναίτιοι
3334 2427 3496 2495 εἶναι,
3546 2431 3667 2484 δότε

2087 2533 2223 2603 ἡμῖν
2247 2530 2340 2583 τὸν
2366 2525 2608 2599 Σαμψὼν
2668 2523 3000 2594 ὑποχείριον.
3038 2523 3147 2578 Καὶ
3180 2522 3420 2594 ἀπῆλθον
3446 2523 3539 2576 ἐπὶ
3567 2524 3666 2594 τὴν

2088 2626 2298 2694 πέτραν
2325 2620 2543 2674 ὁπλῖται
2604 2616 2922 2688 τρισχίλιοι.
2985 2614 3246 2679 Καταϐἀς
3294 2615 3351 2669 δὲ
3400 2614 3664 2686 Σαμψὼν,

2087 2712 2230 2767 ἐκὼν
2253 2714 2371 2775 τοῖς
2394 2709 2655 2779 φυλέταις
2683 2709 3003 2779 παρέδωκεν
3034 2708 3248 2763 ἑαυτόν.
3281 2708 3544 2761 Κάκεῖνοι
3576 2707 3668 2761 δεο

2087 2805 2311 2873 δεμένον
2356 2802 2666 2872 παρέδοσαν
2699 2803 2813 2865 τοῖς
2859 2800 3264 2863 Παλαιστινοῖς.
3314 2799 3372 2855 'O
3415 2800 3471 2853 δὲ
3511 2800 3668 2871 διαρ-

2092 2896 2263 2969 ρήξας
2299 2894 2368 2948 τὰ
2398 2894 2595 2960 δεσμὰ,
2626 2892 2721 2946 καὶ
2753 2891 2877 2945 ὄνον
2914 2893 3141 2960 σιαγόνα
3170 2892 3287 2946 ἐκεί
3315 2908 3418 2945 που
3475 2892 3671 2962 ἐρριμ-

2093 2990 2264 3061 μένην
2311 2987 2589 3060 ἀρπάσας,
2616 2985 2824 3055 χιλίους
2854 2985 2964 3038 τῶν
2995 2983 3314 3053 ἀλλοφύλων
3344 2985 3674 3041 ἀπέκτεινεν

2090 3084 2149 3137 ἐν
2174 3082 2309 3152 αὐτῇ
2357 3076 2499 3142 Τοὺς
2528 3078 2585 3133 δὲ
2626 3078 2822 3141 ἄλλους
2873 3078 3163 3150 ἐτρέψατο,
3193 3077 3317 3131 ὅθεν
3352 3077 3564 3146 Σιαγὼν
3608 3076 3672 3143 ἐξ

2091 3175 2303 3228 ἐκείνου
2333 3172 2361 3225 6
2392 3172 2557 3234 τόπος
2585 3171 2813 3240 ἐκλήθη.
2846 3166 2978 3223 Εἶτα
3010 3170 3262 3241 ἐδίψησεν
3295 3169 3372 3234 ὡς
3391 3170 3673 3224 ἐκλείπειν

2088 3266 2197 3322 ἀπὸ
2231 3266 2330 3336 τῆς
2354 3265 2537 3336 δίψης,
2570 3266 2667 3317 καὶ
2717 3263 2950 3316 ἐκλαυσε
2985 3264 3239 3333 δεόμενος
3266 3264 3361 3318 τοῦ
3413 3263 3571 3318 Θεοῦ.
3610 3264 3669 3318 ’0

2087 3361 2144 3415 δὲ
2177 3359 2310 3422 Θεὸς
2349 3358 2533 3428 πηγὴν
2570 3356 2763 3418 ὓδατος
2789 3357 2990 3425 ἀνῆκεν
3022 3357 3132 3410 ἀπὸ
3164 3357 3255 3410 τοῦ
3304 3359 3608 3429 ρήγματος,
3640 3358 3671 3411 δ

2086 3451 2186 3520 τὴν
2215 3451 2441 3518 σιαγόνα
2495 3448 2655 3519 ῥίψας
2690 3449 2831 3503 κατά
2860 3449 2964 3518 γῆς
2995 3449 3299 3520 πεποίηκεν
3348 3451 3377 3504 6
3407 3450 3668 3521 Σαμψὼν,

2087 3543 2182 3595 καὶ
2212 3541 2455 3612 ἀπῆλθεν
2480 3542 2560 3605 είς
2584 3540 2786 3604 Γάζαν.
2813 3541 3179 3612 Ἐνήδρευσαν
3203 3540 3260 3595 δὲ
3289 3542 3454 3597 αὑτὸν
3490 3545 3541 3595 oi
3566 3543 3672 3596 Γα-

2088 3634 2263 3699 ζαῖοι·
2325 3636 2421 3690 καὶ
2478 3634 2564 3689 ἵνα
2600 3635 2674 3705 μὴ
2710 3634 2850 3706 λάθῃ
2880 3634 3081 3697 αὐτοὺς
3126 3631 3318 3699 ἐξιὼν,
3366 3634 3466 3698 τὰς
3497 3635 3671 3699 πύλας

2085 3730 2190 3800 τῆς
2227 3728 2436 3791 πόλεως
2485 3727 2761 3781 ἔκλεισαν.
2830 3728 2890 3781 '0
2940 3727 2998 3780 δέ
3049 3727 3180 3797 περὶ
3236 3728 3410 3798 μέσας
3461 3730 3669 3792 νύκτας

2088 3819 2347 3883 ἀναστὰς,
2378 3819 2476 3883 τάς
2502 3835 2561 3871 τε
2596 3819 2772 3881 πύλας
2804 3817 2899 3872 καὶ
2929 3818 3027 3880 τὰς
3059 3818 3222 3887 φλιάς
3246 3819 3426 3872 αὐτῶν
3452 3821 3547 3872 καὶ
3573 3820 3675 3883 τὰς

2090 3909 2446 3982 παραστάδας
2477 3910 2927 3980 ὲπωμισάμενος,
2967 3910 3048 3973 είς
3078 3908 3179 3981 τὴν
3208 3909 3304 3962 τοῦ
3339 3907 3505 3979 ὅρους
3539 3910 3673 3979 ἀνή-

2089 4017 2254 4069 νεγκε
2311 3998 2576 4071 κορυφὴν,
2640 4002 2867 4054 κακεῖσε
2935 4000 3223 4055 κατέθετο.
3283 4000 3573 4069 Ἐρασθετς
3629 3999 3675 4054 δ’

2090 4091 2311 4163 ἑταίρας
2358 4091 2747 4160 Παλαιστινῆς,
2791 4091 3023 4156 Δαλιδᾶς
3083 4092 3455 4167 καλουμένης,
3510 4092 3679 4168 mi}:

2091 4184 2254 4255 αὐτῇ.
2288 4183 2399 4236 Καὶ
2439 4185 2488 4236 οἱ
2526 4183 2858 4253 προύχοντες
2884 4184 2995 4236 τῶν
3027 4183 3369 4257 ἀλλοφύλων,
3406 4189 3580 4244 πολλά
3609 4193 3677 4261 τῇ

2091 4280 2312 4347 γυναικί⁸
2355 4277 2776 4348 ἐπηγγείλαντο,
2804 4278 3058 4354 ,είέττῖση
3104 4284 3254 4352 παρὰ
3292 4282 3386 4336 τοῦ
3437 4283 3680 4354 Σαμψὼν

2089 4373 2141 4426 τί
2172 4372 2234 4426 τδ
2263 4373 2437 4427 αῐτιον
2463 4373 2613 4443 αὐτῷ
2640 4373 2740 4437 τῆς
2769 4374 3077 4444 δυνάμεως,
3112 4376 3207 4430 καὶ
3237 4376 3551 4447 ἀπαγγείλῃ
3581 4377 3681 4431 αύ-

2089 4468 2228 4529 τοϊς.
2270 4466 2336 4519 Ἦ
2382 4466 2439 4519 δὲ
2475 4465 2737 4531 ποικίλως
2800 4468 2993 4539 μετῄει
3032 4468 3127 4521 τὸν
3177 4468 3384 4539 ἄνδρα,
3440 4465 3679 4538 ζητοῦσα

413 4560 496 4614 Ad
525 4559 673 4613 illam
703 4558 927 4613 domum
955 4559 1250 4613 multitudo
1279 4559 1523 4613 virorum
1577 4568 1635 4613 et
1689 4558 1984 4613 mulierum

2090 4557 2316 4625 γνῶναι,
2343 4558 2468 4611 ὅθεν
2497 4558 2648 4627 αὐτῷ
2676 4561 2709 4629 ἡ
2740 4559 2984 4629 τοσαύτη
3022 4558 3194 4629 ἰσχύς.
3232 4558 3474 4623 Ἐκεῖνος
3496 4560 3553 4614 δὲ
3580 4560 3678 4615 ἀλ-

412 4652 635 4707 circiter
661 4650 827 4705 trium
866 4651 1100 4705 millium
1133 4650 1380 4717 conﬂuit,
1428 4661 1489 4705 ut
1543 4651 1785 4706 ludibria
1830 4652 1984 4707 Sam-

2092 4648 2213 4703 λοτε
2241 4650 2408 4713 ἄλλας
2461 4651 2835 4721 πλαττόμενος
2885 4653 3067 4714 αἰτίας
3117 4654 3183 4724 τῇ
3241 4654 3459 4719 γυναικὶ
3500 4653 3679 4721 ἔλεγε.

414 4742 602 4813 psonis
635 4749 867 4812 spectet.
899 4741 1003 4809 Qui
1046 4756 1171 4797 cum
1237 4742 1485 4798 dieteriis
1538 4743 1910 4801 incesseretur
1933 4754 1984 4802 et

2096 4744 2209 4799 Καὶ
2239 4746 2272 4813 ἡ
2309 4744 2445 4814 γυνὴ
2471 4745 2788 4816 πειρωμένη
2825 4746 2935 4799 τῶν
2961 4745 3159 4815 λόγων.
3201 4748 3447 4809 ἅπαντας
3479 4748 3681 4812 αὐτοὺς

413 4835 586 4907 alapis
614 4834 939 4901 caederetur,
961 4850 1193 4906 puerum
1217 4835 1413 4890 ducem
1460 4835 1617 4906 jubet
1672 4850 1732 4891 se
1778 4834 1846 4891 ad
1891 4850 1984 4889 co-

2098 4835 2375 4908 εῦρισκεν.
2444 4837 2810 4908 Ἐγκειμένης
2870 4837 2927 4891 δέ
2984 4840 3080 4893 καὶ
3112 4838 3378 4909 δεομένης
3417 4839 3679 4908 θερμότε-

413 4930 634 4983 lumnas
658 4926 953 4993 adducere,
977 4934 1035 4980 ut
1058 4927 1312 4997 defessus,
1343 4928 1541 4998 inquit,
1563 4928 1667 4999 55
1686 4930 1758 4983 eis
1787 4928 1984 4982 innitar

2102 4946 2214 4996 ρον,
2243 4928 2305 4981 τὸ
2330 4927 2564 4997 κρύφιον
2610 4931 2747 4999 αὐτῇ
2779 4928 3124 4999 ἀνεκάλυψε⁹
3166 4932 3289 4983 κατ’
3318 4929 3547 4999 ἐντολὴν
3596 4932 3681 4984 εί-

415 5032 463 5075 el
493 5022 775 5091 quiescam.
807 5019 949 5074 Tum
971 5019 1189 5074 duabus
1222 5020 1495 5075 columnis
1536 5020 1837 5086 convulsis,
1860 5019 1984 5075 auli-

2100 5019 2220 5074 πὼν
2246 5019 2342 5075 τοῦ
2376 5019 2513 5073 Θεοῦ
2541 5020 2639 5092 τὴν
2668 5022 2847 5091 κόμην
2899 5021 3147 5093 τρέφειν,
3177 5021 3565 5090 ἐντειλαμένου
3602 5021 3680 5092 μὴ

417 5114 603 5167 licium
631 5110 853 5182 dejecit,
877 5113 1037 5183 cujus
1073 5112 1233 5166 ruina
1258 5122 1313 5166 et
1349 5112 1467 5183 ipse
1500 5122 1556 5168 et
1582 5128 1775 5168 omnes
1792 5113 1887 5183 qui
1930 5112 1984 5168 in

2100 5112 2309 5182 κείρειν
2350 5113 2521 5183 αὐτήν
2547 5129 2561 5143 ·
2593 5114 2688 5166 καὶ
2737 5114 2795 5165 ἐν
2840 5112 3017 5184 ταύτῃ
3059 5113 3330 5183 προσῆναι
3377 5111 3528 5182 αὐτῷ
3579 5111 3680 5182 τὴν

416 5220 483 5259 eo
514 5212 693 5270 erant,
726 5212 856 5259 sunt
879 5204 1150 5274 oppressi.
1182 5204 1250 5259 Et
1275 5204 1424 5259 hunc
1460 5205 1671 5258 exitum
1740 5205 1833 5260 ille
1891 5204 1984 5259 ha-

2105 5203 2277 5275 ίσχύν.
2308 5205 2497 5277 Κείρει
2520 5204 2619 5275 τὴν
2647 5206 2825 5275 κόμην
2854 5205 3210 5275 κοιμωμένου
3244 5202 3412 5257 αὑτοῦ
3439 5205 3473 5273 ἡ
3518 5207 3678 5274 γυνὴ,

416 5298 558 5359 buit,
591 5312 717 5352 cum
754 5296 1056 5352 Israelitico
1088 5297 1289 5366 populo
1318 5312 1415 5367 per
1446 5312 1621 5351 annos
1665 5297 1859 5369 viginti
1898 5297 1984 5369 jus

2105 5300 2200 5354 καὶ
2229 5299 2566 5371 παραδίδωσι
2598 5302 2713 5363 τοῖς
2748 5298 3014 5361 ἐναντίοις
3062 5297 3227 5350 αὐτὸν
3272 5297 3495 5367 ἀσθενῆ.
3549 5298 3678 5349 Ἐκ-

417 5387 671 5443 dixisset.
2105 5390 2397 5442 κόπτουσιν
2422 5390 2617 5441 ἐκεῖνοι
2641 5388 2713 5441 τὰ
2745 5388 2975 5458 δμματα
3006 5386 3102 5441 τοῦ
3129 5387 3346 5457 ἀνδρὸς,
3372 5388 3469 5441 καὶ
3498 5389 3527 5439 6
3550 5387 3680 5458 πρὶν

419 5478 672 5548 φοϐερὸς,
698 5480 778 5542 εἰς
804 5482 1056 5547 παίγνιον
1099 5477 1339 5547 κατέστη
1378 5477 1597 5541 αὐτοῖς·
1632 5480 1924 5549 Προϊόντος
1951 5478 2007 5533 δὲ
2034 5479 2127 5533 τοῦ
2152 5478 2369 5549 καιροῦ,
2393 5477 2591 5549 ηὗξετο
2647 5478 2803 5542 αὖθις
2830 5479 2862 5549 ἡ
2895 5477 3041 5549 κόμη
3088 5475 3261 5546 αὐτῷ,
3298 5480 3393 5532 καὶ
3458 5478 3492 5548 ἠ
3530 5480 3679 5550 ἰσχὺς

418 5575 782 5643 ἐπανήρχετο.
817 5574 990 5626 Ιὶότου
1029 5573 1085 5625 δὲ
1116 5575 1226 5636 τοῖς
1278 5573 1658 5636 Παλαιστινοῖς
1692 5573 1868 5639 ὄντος,
1899 5572 1995 5627 καὶ
2034 5572 2145 5626 τῶν
2203 5573 2480 5645 ἀρχόντων
2512 5572 2607 5626 καὶ
2677 5572 3020 5643 μεγιστάνων
3048 5556 3438 5643 εὐωχουμένων
3458 5570 3595 5640 ὁμοῦ
3623 5573 3679 5624 ἐν

418 5668 554 5738 οἴκῳ
593 5669 769 5722 κίοσιν
790 5670 1121 5740 ἀνεχομένῳ,
1153 5669 1293 5741 ἤχθη
1326 5670 1422 5724 καὶ
1446 5671 1474 5723 ὁ
1497 5668 1738 5739 Σαμιζὺν
1788 5669 2251 5739 παιχθησόμενος,
2312 5670 2407 5722 καὶ
2471 5668 2759 5739 παιδάριον
2797 5665 3158 5740 ἐχειραγώγει
3221 5665 3405 5721 αὐτόν.
3428 5663 3678 5735 Συνήχθη

418 5761 474 5814 δὲ
501 5763 651 5831 παρὰ
683 5761 776 5814 τὸν
804 5758 950 5815 οἷκον
981 5762 1184 5832 πλῆθος
1222 5764 1433 5830 ἀνδρῶν
1479 5782 1538 5818 τε
1571 5765 1665 5818 xei.
1708 5764 1988 5834 γυναικῶν
2023 5763 2159 5817 ὡσεὶ
2182 5764 2518 5835 τρισχιλίων,
2547 5763 2613 5817 ἵν’
2640 5763 2814 5834 δρῷεν
2872 5762 2965 5817 τὸν
3004 5759 3247 5831 Σαμψὼν
3311 5757 3678 5829 παροινούμε-

420 5875 531 5917 νον.
579 5858 638 5912 ’0
667 5859 724 5912 δὲ
751 5857 1078 5923 παιζόμενός
1103 5876 1161 5913 τε
1204 5860 1297 5914 καὶ
1320 5859 1707 5929 ῥαπιζόμενος,
1740 5861 1889 5930 λέγει
1915 5863 1992 5918 τῶ
2031 5860 2691 5933 χειραγωγοῦντιηαῦτόνο
2755 5860 3037 5930 ’Ᾱπλὶγαγέ
3095 5875 3162 5929 με
3213 5856 3360 5928 παρὰ
3400 5855 3527 5918 τοὺς
3574 5851 3675 5907 κίεν
