4098 6406
308 378 329 394 ”
357 397 444 463 m

1599 354 1609 366 ’
1639 393 2046 471 ANNALIUM
2085 395 2213 456 LIB
2280 397 2327 460 l.

3510 397 3619 462 122

353 508 548 574 νας,ὠς
571 505 650 561 ἂν
672 503 885 573 αὐτοῖς
905 502 1334 573 ἐπιστηριχθῶ,
1361 502 1645 575 δεόμενος
1666 504 2157 561 ἀναπαύσασθαι.
2227 505 2577 577 Δραξάμενος
2602 506 2660 561 δὲ
2704 507 2817 565 τῶν
2867 509 2962 563 δύο
3017 504 3213 563 κιόνων
3273 508 3614 565 ἐπικατέσει-

359 619 441 655 σεν
464 602 637 673 ἐαυτῷ
662 603 758 655 τὸν
796 596 968 667 οἶκον,
998 601 1095 655 καὶ
1123 599 1288 664 αὐτός
1318 617 1376 653 τε
1407 599 1503 653 καὶ
1528 601 1579 654 οἱ
1609 601 1667 653 ὲν
1690 598 1769 671 τῷ
1788 599 1924 671 οἴκῳ
1963 599 2169 666 πάντες
2237 604 2540 661 ἀπώλοντο.
2605 606 2719 660 Καὶ
2747 607 2809 661 τὸ
2846 607 2948 678 μὲν
2981 610 3222 664 τοιοῦτον
3256 609 3492 679 ἐγένετο,
3518 608 3613 661 ἐπὶ

358 703 441 769 ἔτη
471 702 644 753 εἴκοσι
690 698 944 769 κρίναντι
975 697 1069 752 τὸν
1102 697 1215 752 τῶν
1257 694 1526 766 Ἐϐραίων
1559 696 1710 751 λαόν.

422 797 546 850 KE'.
571 794 771 849 Οὐκέτι
816 794 871 847 δὲ
913 793 1116 865 Κριταὶ¹
1149 789 1285 862 ἦγον
1313 794 1405 848 τὸν
1455 792 1699 865 Ἰσραὴλ,
1733 791 1849 846 ἀλλ’
1897 790 1926 843 6

2098 790 2266 847 XXV.
2300 793 2429 850 Post
2456 792 2816 865 Sampsonem
2846 808 2959 849 non
2996 792 3234 864 amplius
3250 791 3475 849 Iudices
3515 806 3615 861 po-

355 888 631 963 ἀρχιερεὺς
674 887 829 941 Ἠλεὶ
859 888 1099 957 προέστη
1144 888 1352 954 αὐτῶν,
1393 888 1482 956 ἐφ’
1528 878 1590 939 οὗ
1627 884 1785 955 λιμὸς
1835 884 1927 953 γέ-

355 1000 488 1052 γονε.
517 979 623 1035 Καί
649 997 736 1041 τις
762 978 904 1050 ἀνὴρ
938 980 1002 1033 ὲκ
1034 978 1309 1050 Βηθλεὲμ,
1333 978 1629 1049 ’Λϐιμέλεχ
1658 977 1927 1047 καλούμε-

354 1094 453 1139 νος,
480 1074 577 1128 σὺν
602 1075 668 1143 τῇ
703 1071 953 1142 γυναικὶ,
994 1071 1090 1126 καὶ
1115 1070 1211 1126 δύο
1250 1070 1386 1134 υἱοῖς
1416 1071 1504 1125 διὰ
1529 1071 1620 1124 τὸν
1645 1069 1805 1139 λιμὸν
1844 1069 1926 1132 είς

350 1169 441 1240 τὴν
466 1168 757 1222 Μωαϐῖτιν
794 1164 1218 1235 μεταναστεύει.
1272 1164 1501 1234 Ἀγεται
1522 1162 1617 1218 οὖν
1652 1164 1765 1226 τοῖς
1790 1163 1927 1226 υἱοῖς

352 1261 588 1330 γαμετὰς
624 1258 1003 1322 Μωαϐῖτιδας.
1035 1257 1271 1312 Ἕνδεκα
1331 1258 1520 1329 μέντοι
1570 1260 1863 1320 ἐνιαυτοῖς,
1898 1256 1926 1309 ὃ

351 1371 405 1407 τε
432 1352 725 1422 ’Δϐιμέλεχ
776 1353 872 1406 καὶ
922 1354 973 1405 ol
1011 1351 1202 1415 παῖδες
1256 1350 1423 1404 αὐτοῦ
1456 1348 1774 1422 τεθνήκασι.
1815 1348 1925 1402 Καὶ

351 1445 782 1513 κατελείφθησαν
803 1444 994 1516 χῆραι,
1026 1444 1061 1515 ἦ
1112 1460 1172 1496 τε
1201 1443 1408 1512 Νοεμὶν
1435 1445 1468 1513 ἡ
1493 1441 1820 1496 συνοικοῦσα
1847 1439 1927 1511 τῷ

363 1536 666 1605 ⁹Δ6ιμέλεχ,
701 1535 799 1588 καὶ
835 1535 894 1587 ai
922 1537 1183 1602 γυναῖκες
1235 1535 1406 1603 ἄμφω
1438 1533 1548 1587 τῶν
1586 1533 1797 1587 παίδων
1827 1533 1925 1587 αὑ-

351 1629 462 1691 τοῦ.
495 1627 676 1699 Ὀρφά
702 1644 764 1681 τε
802 1628 899 1682 καὶ
939 1626 1114 1682 Ῥούθ.
1157 1628 1221 1681 Ἠ
1259 1628 1467 1697 Νοεμὶν
1499 1627 1556 1680 δὲ
1584 1628 1665 1686 είς
1694 1626 1794 1696 τὴν
1820 1642 1927 1679 πα-

349 1720 502 1791 τρίδα
551 1721 889 1791 ὑπέστρεφε.
921 1720 1041 1772 Τῶν
1070 1719 1127 1773 δέ
1168 1734 1233 1787 γε
1282 1718 1511 1788 νυμφῶν
1541 1718 1715 1788 αὐτῆς
1756 1719 1788 1789 ἠ
1824 1717 1925 1789 μὲν

361 1816 532 1887 Ὀρφὰ
586 1812 1011 1886 παρακληθεῖσα
1046 1811 1146 1880 τῆς
1185 1811 1477 1882 πενθερᾶς,
1530 1810 1713 1878 ἔμεινε
1772 1811 1924 1879 παρᾶ

350 1907 689 1970 Μωαϐίταις.
737 1908 800 1959 Ἠ
838 1906 896 1959 δὲ
920 1903 1074 1958 Ῥουθ
1107 1904 1203 1956 σὺν
1231 1906 1297 1974 τῇ
1338 1902 1544 1973 Νοεμὶν
1584 1901 1921 1974 ἀπελήλυθε·

348 1999 565 2070 καὶῆδη
597 1995 1056 2069 παραγενομένας
1095 1998 1175 2058 εἱς
1220 1993 1493 2063 Βηθλεὲμ,
1538 1992 1736 2059 ξενίζει
1766 1993 1923 2059 Βοὸζ,

358 2088 648 2159 Ἀϐιμέλεχ
677 2086 753 2141 ὢν
798 2087 1092 2157 συγγενής.
1126 2084 1656 2157 Προσαγορευομένη
1686 2084 1742 2138 δὲ
1772 2084 1924 2155 παρὰ

346 2183 452 2235 τῶν
490 2178 731 2235 πολιτῶν
782 2178 842 2246 ἐξ
888 2178 1151 2249 ὀνόματος
1180 2179 1215 2248 ἡ
1252 2177 1415 2249 γυνή·
1454 2176 1549 2244 Μή
1592 2194 1671 2246 με
1708 2176 1932 2245 Νοεμὶν

346 2273 574 2345 (ἔλεγεν)
601 2271 762 2326 ἀλλὰ
788 2269 1000 2339 Μάραν
1024 2268 1262 2324 καλεῖτε
1312 2268 1539 2339 (Νοεμὶν
1564 2267 1622 2321 δὲ
1649 2266 1938 2337 εὐτυχίαν

344 2367 489 2438 δηλοῖ
510 2383 527 2395 ’
553 2365 753 2435 Μάραν
773 2363 852 2429 at,
882 2362 1135 2430 ὀδύνην.
1165 2363 1258 2415 καὶ
1287 2360 1626 2431 πικρασμόν)
1652 2375 1670 2393 '
1697 2360 1936 2427 πλήρης

346 2458 452 2527 γὰρ
485 2456 879 2523 πορευθεῖσα,
920 2453 1068 2521 κενὴ
1125 2454 1542 2520 ὑπενόστησα.
1585 2451 1824 2521 Ἀμητοῦ
1878 2451 1937 2505 δὲ

346 2552 518 2613 ὄντος,
564 2548 710 2619 ἐξῄει
734 2547 878 2601 κατὰ
904 2542 1131 2616 γνώμην
1167 2546 1265 2615 τῆς
1312 2545 1583 2614 πενθερᾶς
1616 2544 1940 2613 καλαμησο·

347 2643 484 2713 μένη
546 2644 579 2710 ἡ
623 2639 807 2703 Ῥοὺθ,
846 2639 929 2703 είς
965 2639 1057 2691 τὸν
1104 2637 1273 2705 ἀγρὸν
1311 2637 1405 2690 τοῦ
1456 2635 1612 2700 Βοός.
1669 2636 1727 2689 '0
1755 2635 1936 2705 δὲτὴν

346 2737 517 2805 κόρην
558 2734 702 2799 ἰδὼν,
733 2734 829 2786 καὶ
855 2730 1044 2798 μαθὼν
1078 2731 1160 2793 τίς
1188 2733 1357 2792 ἐστιν,
1388 2730 1625 2802 θερίζειν
1657 2729 1685 2783 ὃ
1718 2728 1939 2783 δύναιτο

344 2829 441 2883 καὶ
475 2828 629 2899 ἔχειν
661 2824 986 2894 ἐπέτρεψεν,
1019 2823 1244 2894 ἄριστόν
1273 2840 1334 2876 τε
1376 2824 1643 2893 παρέχειν
1669 2822 1807 2892 αὐτῇ
1860 2820 1938 2892 τῷ

344 2920 648 2988 ἀγροκόμῳ
676 2916 964 2979 ἐπέταξεν.
1014 2913 1082 2968 Ἦ
1123 2915 1182 2968 δὲ
1216 2915 1312 2967 καὶ
1344 2913 1550 2983 ἄλφιτα
1593 2912 1722 2983 παρ’
1766 2911 1935 2967 αὑτοῦ

343 3013 615 3075 λαϐοῦσα,
648 3013 713 3082 τῇ
742 3009 987 3080 πενθερᾷ
1018 3008 1379 3079 συνετήρησε.
1414 3008 1525 3061 Καὶ
1577 3006 1818 3077 ἀπῆλθεν
1840 3005 1939 3076 ὀψὲ

343 3103 660 3173 κομίζουσα
703 3100 800 3154 καὶ
850 3098 950 3161 τὰς
1003 3097 1237 3169 κριθὰς,
1297 3096 1366 3160 6.;
1404 3096 1677 3161 συνέλεξε.
1723 3096 1835 3150 Καὶ
1871 3095 1941 3149 τὰ

343 3198 498 3267 παρᾶ
525 3194 628 3249 τοῦ
669 3192 806 3258 Βοδζ
860 3192 998 3261 αὐτῇ
1043 3190 1364 3260 διηγήσατο.
1407 3190 1518 3243 Καὶ
1575 3185 1731 3249 αὖθις
1770 3188 1941 3259 ἀπῄει

345 3290 444 3343 σὺν
502 3288 636 3350 ταῖς
671 3282 1034 3356 θεραπαινίσι
1060 3281 1220 3346 Βοός.
1270 3282 1332 3335 Ἦ
1380 3282 1587 3351 Net:pr
1639 3281 1696 3335 δὲ
1730 3297 1941 3347 συγκα-

343 3380 632 3434 τακλίνειν
664 3375 813 3447 αὖτῷ
837 3377 936 3444 τὴν
978 3373 1136 3428 Ῥοὺθ
1176 3373 1561 3427 ἐϐουλεύσατο.
1592 3372 1701 3425 Καὶ
1729 3371 1939 3439 πέμπει

2028 888 2159 955 pulo
2191 886 2551 958 praefuerunt,
2590 886 2688 941 sed
2720 886 2832 941 Elei
2866 885 3151 955 pontifex:
3183 885 3286 941 sub
3326 900 3436 954 quo
3472 883 3613 938 fame

2029 979 2465 1049 ingravescente,
2489 982 2577 1033 vir
2600 978 2821 1048 quidam
2843 976 3317 1040 Bethleemiticus,
3332 975 3613 1030 Abimelc-

2028 1072 2167 1126 chus
2197 1072 2439 1134 nomine,
2468 1086 2594 1126 cum
2613 1085 2783 1126 uxore
2811 1080 2866 1126 et
2888 1068 3106 1125 duobus
3146 1068 3271 1122 ﬁliis
3304 1066 3361 1120 in
3401 1064 3615 1120 Moabi-

2031 1164 2199 1220 tidem
2232 1165 2609 1235 transmigrat.
2640 1165 2719 1220 lbi
2752 1163 2878 1219 ﬁliis
2904 1161 3225 1218 Moabiticas
3274 1175 3474 1215 uxores
3510 1159 3612 1213 de-

2029 1256 2282 1327 spondet,
2312 1266 2369 1312 et
2403 1257 2545 1311 intra
2571 1257 2760 1311 decem
2786 1270 2960 1311 annos
2983 1270 3090 1309 una
3120 1268 3244 1308 cum
3284 1250 3411 1305 ﬁliis
3439 1249 3615 1304 mori-

2029 1360 2140 1417 tur,
2157 1350 2346 1407 relicta
2360 1351 2523 1407 vidua
2549 1366 2718 1405 uxore
2737 1349 3022 1415 Noemide,
3036 1347 3361 1418 duabusque
3375 1345 3614 1400 nuribus

2030 1444 2214 1515 Orpha
2254 1456 2311 1500 et
2339 1445 2522 1501 Rutlia
2551 1444 2775 1500 Noemis
2798 1444 3030 1514 patriam
3059 1442 3285 1512 repetit,
3326 1456 3391 1497 ac
3428 1440 3613 1510 Orpba

2033 1553 2274 1592 nuruum
2302 1538 2471 1593 altera
2489 1538 2699 1592 monitu
2730 1552 2924 1592 socrus
2948 1535 3093 1606 apud
3113 1534 3378 1590 Moabitas
3401 1542 3608 1588 manet.

2034 1631 2219 1686 Rutlia
2242 1645 2366 1686 cum
2394 1630 2659 1686 Noeinide
2690 1627 3074 1701 proiiciscitur.
3099 1627 3431 1681 Bethleemte
3458 1625 3601 1679 Boo-

2033 1738 2132 1776 zus
2180 1720 2518 1775 Abimelechi
2548 1714 2814 1791 cognatus
2853 1734 2948 1774 eas
2991 1716 3233 1788 hospitio
3275 1715 3501 1785 excipit.
3532 1714 3614 1770 lbi

2031 1814 2229 1869 mulier
2245 1828 2275 1867 a
2295 1812 2509 1868 civibus
2538 1828 2638 1867 suo
2671 1811 2997 1881 compellata
3020 1810 3245 1865 nomine
3269 1826 3283 1863 :
3309 1808 3385 1864 Ne
3404 1824 3505 1874 me,
3527 1807 3616 1862 in-

2030 1912 2172 1978 quit,
2195 1905 2442 1970 Naemin,
2460 1907 2551 1961 scd
2570 1906 2780 1961 Maram
2801 1903 3071 1976 appellate
3104 1901 3403 1974 (significat
3429 1909 3612 1957 autem

2029 2000 2257 2056 Noemis
2283 1998 2608 2069 felicitatem,
2640 1997 2785 2052 Mara
2832 1996 3069 2050 dolorem
3112 2004 3171 2050 et
3214 1994 3612 2063 acerbitatem);

2038 2111 2162 2149 nam
2218 2110 2336 2149 cum
2403 2092 2561 2163 plena
2604 2090 2950 2151 discesserim,
2994 2104 3164 2142 vacua
3222 2102 3341 2140 sum
3378 2100 3614 2139 reversa.

2038 2186 2310 2255 Tempore
2371 2174 2567 2237 messis
2610 2180 2818 2247 Rutlia,
2852 2179 2923 2235 de
2966 2193 3160 2234 socrus
3219 2178 3495 2233 sententia
3545 2175 3614 2230 ad

2039 2276 2384 2347 spicilegium
2418 2274 2472 2328 in
2494 2273 2658 2327 Boozt
2685 2286 2879 2342 agrum
2917 2269 3225 2341 egreditur.
3287 2267 3382 2323 Ille
3431 2266 3615 2337 agnita

2040 2371 2242 2441 puclla,
2270 2368 2559 2439 permittit,
2593 2374 2654 2419 ut
2689 2364 2837 2435 quod
2879 2370 3089 2434 posset,
3135 2368 3368 2416 meteret
3413 2367 3470 2415 et
3520 2374 3619 2414 au-

2039 2464 2230 2521 ferret.
2258 2477 2322 2517 ac
2354 2463 2646 2531 prandium
2675 2458 2726 2514 ei
2762 2456 2995 2529 praeberi
3017 2455 3177 2527 jubet
3212 2452 3467 2508 aviliieo.
3524 2450 3618 2505 Illa

2041 2559 2111 2613 de
2154 2556 2281 2610 cibo
2331 2554 2498 2610 etiam
2550 2566 2717 2621 quem
2774 2554 3087 2619 acceperat,
3140 2544 3347 2615 aliquid
3430 2541 3617 2618 socrui

2040 2656 2358 2710 conservat,
2413 2653 2471 2700 et
2524 2642 2745 2713 vesperi
2794 2640 3066 2696 hordeum
3105 2636 3253 2708 quod
3296 2635 3615 2703 collegerat,

2041 2739 2266 2796 domum
2299 2737 2504 2799 ferens,
2536 2741 2650 2788 uta
2678 2733 2860 2787 Boozo
2890 2737 3123 2785 tractata
3192 2736 3358 2789 esset,
3423 2722 3618 2788 refert,

2040 2846 2106 2886 ac
2133 2846 2256 2885 cum
2280 2828 2445 2883 Boozi
2475 2825 2690 2881 ancillis
2716 2824 2902 2879 denuo
2926 2819 3227 2891 egreditur.
3272 2817 3356 2872 lbi
3393 2815 3617 2871 Noemis

2042 2922 2333 2980 consilium
2376 2916 2781 2988 despondendaa
2837 2914 3023 2971 Boozo
3078 2910 3278 2968 Ruthte
3336 2909 3504 2979 capit,
3553 2922 3620 2962 ac

2043 3029 2248 3070 nurum
2276 3012 2512 3082 ablegat,
2538 3010 2805 3064 monitam
2827 3016 2888 3062 ut
2913 3005 2981 3061 ad
3002 3005 3173 3075 pedes
3203 3001 3368 3058 Boozi
3401 3001 3458 3054 in
3487 3015 3620 3055 area

2043 3108 2371 3165 dormientis
2395 3105 2788 3176 procumbens,
2812 3115 3065 3157 somnum
3101 3107 3345 3168 caperet.
3390 3094 3619 3151 Obtem-

2043 3211 2201 3273 perat
2232 3201 2345 3257 illa.
2373 3198 2532 3267 Quod
2564 3198 2777 3252 Boozus
2802 3210 2928 3250 cum
2965 3193 3068 3248 sub
3101 3189 3340 3246 mediam
3398 3198 3619 3242 noctem

2045 3293 2332 3358 sensisset,
2353 3307 2475 3362 qua:
2489 3297 2636 3345 esset
2656 3296 2847 3359 rogat;
2878 3301 2940 3341 re
2980 3284 3198 3353 cognita
3252 3290 3368 3336 tum
3394 3278 3622 3351 quidem

2046 3387 2321 3458 quiescit;
2354 3399 2514 3440 mane
2550 3392 2734 3438 autem
2778 3380 3071 3436 excitatam
3127 3377 3371 3432 Rutham
3417 3375 3487 3429 ad
3533 3388 3623 3429 so-

341 3473 442 3545 τὴν
471 3472 727 3542 νύμφην,
757 3467 1071 3537 ὑποθεμένη
1108 3464 1262 3537 παρὰ
1305 3469 1421 3528 τοῖς
1457 3464 1586 3517 ποσὶ
1621 3462 1717 3517 τοῦ
1747 3462 1939 3534 ἄνδρος

2047 3495 2201 3536 crum
2238 3478 2318 3533 ire
2341 3477 2500 3549 jubet
2534 3493 2547 3530 :
2577 3473 2721 3545 Ipse,
2746 3474 2945 3544 inquit,
2978 3468 3317 3539 interrogabo
3357 3484 3505 3531 eum,
3534 3468 3624 3536 qui

343 3563 724 3621 ὕπνὼττοντος
753 3559 812 3611 ἑν
856 3560 921 3627 τῇ
955 3556 1140 3621 ἆλωνι,
1191 3554 1467 3608 πεσοῦσαν
1505 3552 1782 3607 ὑπνῶσαι.
1830 3552 1945 3606 Καὶ

344 3658 378 3727 ἡ
409 3654 513 3727 μὲν
565 3651 711 3706 οὕτω
744 3650 1072 3719 πεποίηκεν.
1110 3648 1445 3716 Αἰσθόμενος
1477 3646 1523 3700 δ’
1570 3647 1599 3699 6
1634 3643 1772 3711 Βοδζ
1804 3646 1938 3714 ’περὶ⁵

348 3747 524 3817 μέσην
550 3741 752 3805 νύκτα,
787 3741 951 3812 ἤρετο
976 3739 1061 3804 τίς
1088 3742 1232 3794 ἐστι.
1261 3740 1373 3794 Καὶ
1426 3738 1637 3809 μαθὼν,
1692 3738 1813 3791 τότε
1846 3737 1944 3807 μὲν

348 3838 685 3908 ἡσύχασενς
739 3832 913 3888 ἕωθεν
938 3832 984 3887 δ’
1024 3820 1308 3902 ἐξεγείρας
1339 3832 1440 3903 τὴν
1484 3830 1665 3898 Ῥοὺθ,
1710 3829 1944 3902 πορεύε-

348 3929 476 3982 σθαι
512 3928 661 3999 πρὸς
687 3927 788 3998 τὴν
832 3924 1108 3995 πενθερὰν
1146 3923 1477 3981 ἐνετείλατο.
1519 3924 1692 3988 Αὐτὸς
1720 3923 1800 3988 δὲ,
1834 3924 1948 3977 Τὸν

348 4023 682 4093 ἐγγύτερον
699 4018 844 4088 ἐμοῦ
873 4017 1319 4087 ἀγχιστεύοντά
1355 4032 1456 4072 σοι
1485 4016 1778 4086 ἐρήσομαι
1802 4032 1816 4048 υ
1850 4014 1949 4069 καί

346 4118 398 4169 sl
415 4113 539 4184 μὲν
563 4111 802 4177 ἐκεῖνος
828 4108 1158 4180 ἀγαγέσθαι
1190 4124 1265 4164 σε
1288 4110 1606 4175 βούλεται,
1644 4107 1947 4175 ἁπελεύσῃ

348 4205 503 4273 πρὸς
554 4202 674 4258 τὸν
724 4200 948 4271 ἄνδρα·
1016 4197 1497 4268 παραιτουμένου
1544 4197 1633 4263 δὲ,
1685 4198 1949 4267 νομίμως

348 4294 759 4361 συνοικήσεις
797 4293 949 4364 ἐμοῖ.
993 4292 1262 4362 Ἀπῆλθεν
1284 4289 1377 4347 οὖν
1398 4293 1432 4362 ἡ
1459 4290 1620 4362 γυνὴ,
1669 4291 1766 4344 καὶ
1791 4290 1948 4360 δεδή-

347 4389 496 4442 λωκε
535 4386 727 4441 πάντα
756 4388 824 4456 τῇ
876 4383 1106 4455 Νοεμίν.
1142 4383 1201 4437 '0
1229 4383 1287 4438 δέ
1316 4401 1381 4453 γε
1413 4383 1546 4447 Βοὸζ
1573 4383 1728 4454 παρὰ
1763 4384 1827 4452 τῇ
1857 4397 1950 4446 γε·

351 4482 555 4553 ρουσία
593 4480 699 4550 τήν
727 4494 789 4530 τε
829 4475 988 4531 Ῥοὺθ
1016 4476 1113 4530 καὶ
1158 4474 1252 4530 τὸν
1302 4474 1542 4546 συγγενῆ
1599 4473 1948 4538 συνεκάλεσε,

348 4580 445 4630 καὶ
480 4571 649 4627 εἶπεν
701 4570 851 4641 αὐτῷ
871 4586 887 4603 ο
914 4569 1230 4637 Ἀϐιμέλεχ
1253 4567 1362 4621 τοῦ
1391 4566 1730 4637 συγγενοῦς
1758 4564 1950 4635 ἡμῶν,

350 4668 451 4723 καί
503 4664 636 4720 τῶν
673 4661 905 4716 παίδων
932 4659 1122 4715 αὐτοῦ
1150 4658 1424 4730 κατέχεις
1452 4658 1685 4729 κλῆρον
1701 4677 1722 4726 ;
1755 4658 1954 4712 Συνθε-

354 4763 527 4833 μένου
566 4758 616 4810 δ’
669 4755 817 4825 ἔχειν
845 4754 1079 4817 ἐκείνου,
1114 4751 1259 4805 κατὰ
1290 4753 1415 4813 τοὺς
1445 4752 1645 4822 νόμους
1690 4752 1757 4805 δι’
1793 4754 1941 4822 ἀγχι-

351 4850 567 4907 στείαν·
610 4847 850 4903 Οὐκοῦν
878 4846 992 4914 οὐχ
1022 4846 1093 4909 ἐξ
1117 4844 1418 4913 ἡμισείας,
1443 4843 1571 4913 ἔφη,
1606 4841 1725 4897 τῶν
1749 4845 1951 4912 νόμων

344 4944 705 5016 μεμνῆσθαι
736 4939 885 5001 δεῖν,
932 4937 1030 4992 ἐπὶ
1065 4935 1220 4993 πᾶσι
1248 4934 1317 4989 δὲ
1348 4934 1543 4989 ποιεῖν
1568 4935 1695 4988 κατ’
1728 4933 1952 4998 αὐτοὺς

353 5037 604 5096 λοιπὸν,
634 5031 732 5085 καὶ
759 5031 826 5084 τὸ
852 5030 959 5084 τοῦ
988 5026 1255 5083 Μαλλῶν
1280 5028 1533 5096 γύναιον
1576 5026 1714 5082 υἱοῦ
1738 5024 1958 5095 Ἀϐιμέ-

351 5133 465 5197 λεκ
493 5125 690 5198 γῆμαί
731 5138 806 5177 σε
857 5121 997 5192 χρὴ,
1029 5122 1133 5176 ἵνα
1189 5121 1553 5188 ἀναστήσῃς
1584 5118 1826 5189 σπέρμα
1877 5120 1959 5186 τῷ

355 5218 674 5293 συγγενεῖ.
714 5219 774 5271 Ὀ
821 5216 879 5270 δὲ
916 5215 1299 5287 παρῃτήσατο,
1354 5213 1450 5267 καὶ
1485 5213 1581 5266 τοῦ
1628 5212 1833 5284 κλήρου
1862 5213 1960 5266 καὶ

354 5319 456 5385 τῆς
514 5310 789 5383 γυναικὸς
820 5309 1235 5381 παραχωρήσας
1267 5305 1437 5376 αὐτῷ.
1482 5304 1641 5358 Κατὰ
1694 5305 1826 5373 γοῦν
1869 5305 1962 5358 τὸν

355 5408 528 5477 νῦμον
567 5403 807 5458 ἐνώπιον
839 5402 939 5471 τῆς
987 5400 1319 5471 γερουσίας,
1370 5399 1406 5469 ἡ
1462 5399 1619 5452 Ῥοὺθ
1652 5396 1961 5451 ὁπελύσατο

356 5500 456 5554 καὶ
490 5499 558 5552 τδ
613 5495 870 5565 ὑπόδημα
922 5492 1014 5547 τοῦ
1047 5493 1239 5564 ἀνδρὸς
1285 5493 1518 5555 ἐκείνου,
1572 5493 1667 5544 καὶ
1725 5489 1958 5543 ἔπτυσεν

360 5589 533 5645 αὐτοῦ
563 5590 650 5651 εἰς
676 5587 739 5640 τδ
766 5586 1080 5656 πρόσωπον.
1113 5586 1221 5637 Καὶ
1252 5582 1424 5647 οὕτως
1450 5584 1621 5653 αὐτὴν
1651 5582 1894 5653 ἠγάγετο
1926 5585 1955 5637 6

360 5680 519 5745 Βοὸζ,
548 5679 651 5733 καὶ
692 5677 883 5732 ἔτεκεν
913 5676 973 5742 ἐξ
1023 5676 1192 5747 αὐτῆς
1227 5675 1315 5728 τὸν
1344 5676 1525 5746 Ὠϐήδ.
1556 5675 1862 5746 Ἑλληνιστὶ
1908 5675 1955 5729 δ’

361 5769 765 5843 ἑρμηνεύεται.
809 5768 1138 5822 δουλεύων.
1178 5767 1269 5835 Ἐξ
1297 5768 1460 5839 Ὢὸὴδ
1484 5768 1540 5821 δὲ
1590 5768 1798 5835 γίνεται
1825 5769 1958 5823 Ἰεσ-

362 5867 478 5932 σαὶ,
510 5861 615 5919 καὶ
645 5862 709 5916 ὲκ
736 5859 933 5915 τούτου
960 5859 1147 5927 Δαϐὶδ,
1179 5860 1236 5925 ὃς
1286 5860 1395 5916 τῶν
1429 5859 1488 5926 ἐξ
1521 5859 1732 5931 Ἰσραὴλ
1767 5858 1956 5917 ὲεάσί·

2049 3582 2125 3627 est
2158 3558 2251 3624 tibi
2270 3569 2531 3641 sanguine
2556 3566 2772 3637 propior
2799 3566 2928 3636 :qui
2976 3563 3022 3617 si
3050 3570 3099 3615 te
3140 3561 3328 3615 ducere
3373 3560 3622 3623 voluerit,

2048 3663 2119 3719 ad
2165 3660 2319 3716 illum
2373 3669 2423 3713 te
2453 3657 2731 3728 conferas:
2773 3657 2857 3709 sin
2897 3653 3178 3718 recusarit,
3209 3650 3444 3721 legitima
3496 3651 3626 3703 mihi

2049 3753 2386 3817 conjuxeris.
2410 3750 2540 3807 Abit
2574 3748 2795 3809 mulier,
2840 3744 3094 3802 Noemidi
3150 3742 3378 3813 exponit
3405 3740 3617 3795 omnia.

2050 3848 2263 3904 Boozus
2290 3845 2530 3900 Rutham
2557 3850 2615 3897 et
2642 3847 2936 3912 cognatum
2969 3839 3091 3910 ejus
3128 3835 3197 3891 ad
3229 3843 3483 3889 senatum
3535 3848 3628 3888 ac-

2049 3938 2240 4005 cersit,
2291 3937 2455 4007 eique
2512 3934 2687 3989 dicit:
2732 3931 3048 3987 Abimeleclti
3091 3927 3304 3999 cognati
3365 3926 3533 3981 nostri
3563 3930 3628 3978 ἐι

2049 4031 2285 4100 filiorum
2316 4029 2429 4099 ejus
2479 4026 2841 4081 hwreditatem
2886 4021 3075 4077 tenes?
3124 4018 3444 4074 Aﬁirmante
3509 4015 3626 4078 illo,

2052 4132 2242 4178 tenere
2276 4135 2336 4175 se
2379 4120 2450 4174 ob
2502 4116 2971 4188 propinquitatem
3025 4127 3094 4166 ex
3136 4111 3296 4180 lege:
3329 4107 3446 4162 Non
3473 4121 3622 4175 ergo,

2052 4210 2256 4280 inquit,
2283 4224 2346 4263 ea:
2365 4208 2581 4263 semisse
2609 4202 2948 4259 observanda:
2975 4199 3082 4270 56
3106 4207 3226 4253 sunt
3252 4196 3407 4267 leges,
3440 4194 3531 4249 sed
3574 4194 3630 4247 in

2054 4304 2293 4359 omnibus
2333 4300 2484 4355 rebus
2508 4297 2615 4351 illis
2658 4289 3172 4364 obtemperantium?
3229 4288 3411 4343 Restat
3466 4285 3632 4355 igitur

2054 4402 2113 4447 ut
2155 4389 2409 4446 Mallonis
2447 4384 2768 4443 Abimelechi
2826 4382 2929 4451 ﬁlii
2960 4396 3179 4435 uxorem
3220 4378 3408 4441 ducas,
3446 4386 3496 4429 et
3544 4390 3632 4427 co-

2055 4492 2218 4555 gnato
2245 4496 2422 4536 semen
2445 4480 2661 4535 excites.
2702 4477 2948 4531 Becusat
2994 4474 3110 4535 ille,
3155 4486 3221 4526 ac
3273 4470 3452 4525 Boozo
3517 4480 3628 4522 tam

2057 4573 2381 4631 hmreditate
2435 4584 2601 4641 quam
2654 4568 2888 4623 muliere
2943 4564 3108 4620 cedit.
3150 4562 3355 4626 Rutlia,
3408 4567 3471 4616 ut
3512 4561 3632 4630 lege

2051 4670 2373 4742 jubebatur,
2405 4665 2587 4722 soluto
2614 4662 2711 4717 viri
2738 4661 2888 4715 illius
2910 4657 3121 4721 calceo,
3154 4657 3210 4711 in
3264 4655 3459 4711 faciem
3513 4654 3635 4724 ejus

2057 4763 2299 4833 exspuit,
2355 4760 2540 4829 itaque
2582 4756 2761 4811 Boozo
2806 4753 2986 4819 nubit,
3040 4759 3097 4806 et
3139 4750 3366 4805 ﬁliolum
3411 4746 3461 4801 ei
3493 4744 3638 4815 parit

2055 4856 2307 4912 Obedum
2358 4853 2685 4924 (servientem
2726 4847 2780 4903 id
2829 4862 3031 4903 nomen
3082 4839 3401 4914 signiﬁcat).
3445 4838 3636 4895 Obedo

2054 4948 2300 5003 nascitur
2335 4944 2589 5007 Jessaeus,
2628 4955 2805 5009 eoque
2832 4936 3027 5001 David,
3087 4935 3183 5007 qui
3203 4946 3433 5004 regnum
3459 4930 3637 4985 Israe-

2059 5040 2287 5095 litarum
2321 5035 2591 5099 obtinuit,
2620 5040 2680 5087 et
2712 5030 2840 5086 ﬁliis
2878 5026 2994 5086 suis
3040 5026 3336 5096 imperium
3396 5018 3638 5088 reliquit,

2062 5127 2130 5183 ad
2163 5140 2336 5198 genus
2354 5124 2594 5194 primum
2616 5130 2672 5176 et
2697 5118 3022 5175 vicesimum
3072 5118 3452 5185 propagatum.
3519 5105 3644 5161 Elio

2063 5195 2269 5283 autem,
2302 5214 2422 5286 qui,
2447 5222 2510 5268 ut
2538 5212 2803 5275 diximus,
2831 5209 3098 5286 populum
3124 5200 3488 5275 gubernabat,
3529 5195 3642 5249 duo

2062 5309 2219 5365 fuere
2253 5308 2370 5372 ﬁlii,
2394 5304 2651 5361 homines
2685 5300 2904 5364 nefarii,
2939 5307 2995 5354 et
3024 5284 3174 5352 omni
3214 5304 3418 5364 genere
3463 5285 3643 5341 scele-

2067 5417 2189 5457 rum
2241 5396 2510 5468 cooperti,
2556 5385 2769 5463 Oplinis
2790 5399 2847 5446 et
2882 5389 3171 5444 Phinees:
3223 5396 3402 5451 neque
3455 5385 3641 5449 pater-

2004 5474 2018 5488 ⁸
2054 5490 2154 5549 ἠίε
2197 5491 2421 5546 monitis
2481 5486 2785 5558 quidquam
2849 5481 3236 5537 movebantur.
3284 5473 3494 5529 Horum
3537 5468 3645 5523 ini-

2052 5576 2262 5653 'quitati
2288 5581 2463 5634 iratus
2487 5577 2656 5640 Deus,
2679 5590 2780 5645 per
2811 5570 3124 5628 Samuelem
3153 5581 3390 5639 puerum
3431 5564 3638 5625 adhuc,

2063 5673 2188 5730 Elio
2222 5669 2496 5743 signiﬁcat
2521 5666 2705 5723 clades
2735 5665 2839 5737 ipsi
2866 5662 3171 5733 liberisque
3201 5669 3257 5717 et
3281 5659 3471 5717 domui
3520 5657 3643 5729 ejus

2062 5764 2435 5822 imminentes.
2466 5761 2597 5816 Erat
2617 5769 2799 5813 autem
2822 5754 3043 5812 Samuel
3095 5753 3197 5807 viri
3258 5751 3464 5807 Levita:
3511 5748 3643 5802 lici-

2066 5872 2217 5914 cana:
2237 5855 2403 5922 illius,
2431 5853 2525 5924 qui
2553 5851 2693 5909 duas
2738 5849 2974 5906 habebat
3035 5861 3257 5913 uxores,
3312 5843 3525 5900 Annam
3580 5843 3637 5891 ct
