4098 6406
437 359 543 424 123
1739 361 2028 424 JOANNI,

2135 358 2431 419 [ΟΝΑΗίΕ
3601 348 3701 412 124

437 481 795 536 l’henannam
825 497 838 533 :
869 495 1103 548 quarum
1137 478 1253 533 haec
1280 477 1486 532 liberos
1519 494 1584 533 ex
1612 477 1846 532 lleleana
1887 493 2011 532 sus-

2135 491 2298 538 ’.ευσε,
2351 472 2445 526 καὶ
2475 471 2586 534 τοῖς
2614 466 2808 522 ἑαυτοῦ
2867 465 3023 520 παισὶ
3061 464 3318 518 κατέλιπε
3371 463 3468 534 τὴν
3504 481 3700 538 αρχην,

434 582 682 642 ceperat,
715 575 870 626 Anna
893 587 1002 626 non
1034 580 1348 642 pepererat.
1392 571 1525 626 Viro
1583 569 1827 625 Silonem
1883 585 2011 624 cum

2135 569 2205 619 ,πὶ
2227 568 2398 620 εἰκοσι
2429 563 2621 631 γενεὰς
2652 561 2789 629 πρὸς
2817 561 2916 630 μιᾷ
2935 558 3320 628 διαρκέσασαν.
3357 558 3506 610 Ἠλεὶ
3531 559 3586 611 δέ
3612 558 3702 611 τοῦ

438 665 707 718 uxoribus
743 666 1013 733 profecto,
1055 679 1180 717 cum
1235 665 1473 733 peractis
1529 663 1724 727 sacris,
1773 663 2014 717 convivii

2135 656 2446 727 Ιιρχιερέως,
2495 653 2571 716 ὡς
2605 653 2704 723 ἤδη
2735 651 3040 721 ἱστόρηται,
3072 649 3164 700 τὸν
3197 649 3324 701 λαὸν
3353 649 3598 715 ἄγοντος,
3650 652 3702 702 οῖ

435 767 654 825 tempus
697 756 935 818 adesset,
969 770 1034 808 ac
1081 755 1392 809 Pbenenna:
1448 753 1608 807 liberi
1658 752 2014 807 assiderent:

2135 751 2209 802 ἱύο
2243 747 2348 800 υἱοὶ
2378 745 2543 800 αὐτοῦ
2567 744 2722 812 ὐφνὶ
2752 741 2848 796 καὶ
2872 740 3056 802 Φινεὲς
3087 740 3333 810 ὑπῆρχον
3368 739 3568 810 λοιμοὶ,
3598 760 3701 793 πα-

435 847 592 902 Anna
621 847 914 902 orbitatem
949 862 1103 900 suam
1137 845 1408 915 deplorat,
1445 855 1500 900 ct
1540 860 1773 914 propere
1829 844 2016 899 taber—

2135 837 2484 908 οανομοῦντες
2519 837 2576 889 ἐν
2611 836 2804 897 ἅπασι,
2861 834 2956 886 καὶ
3014 832 3407 902 παραινοῦντος
3460 832 3554 886 τοῦ
3597 851 3704 886 πα-

441 939 702 992 naculum
728 938 945 991 Domini
997 937 1266 1004 ingressa,
1309 936 1480 990 Deum
1535 942 1659 988 orat
1709 943 1768 988 ut
1812 934 2019 988 liberos

2135 932 2245 1000 πρὸς
2277 932 2461 993 αὐτοῖς
2489 930 2564 1000 μὴ
2591 929 3065 1000 ἐπιστρεφόμενοι.
3101 927 3158 979 Ὀ
3186 926 3242 978 δέ
3265 926 3396 988 Θεὸς
3428 927 3704 995 ὀργισθεὶς

440 1031 546 1085 sibi
576 1030 690 1092 det,
727 1030 1156 1100 primogenitum
1202 1045 1261 1084 se
1317 1028 1427 1083 Deo
1451 1035 1895 1081 consecratur-am
1921 1040 2019 1078 vo-

437 1130 550 1178 vet.
584 1123 720 1177 Dum
753 1123 1010 1192 precibus
1074 1123 1422 1184 immoratur,
1464 1119 1615 1174 Elius
1677 1132 1778 1188 pro
1843 1117 2024 1171 taber-

440 1213 640 1268 naculo
664 1214 881 1278 sedens,
913 1214 1122 1268 ebriam
1149 1225 1322 1279 ratus,
1354 1228 1476 1268 eam
1505 1210 1799 1266 discedere
1840 1207 2017 1280 jubet.

438 1307 508 1359 At
539 1306 628 1360 illa
668 1323 681 1360 :
712 1305 894 1375 Neque
923 1307 1121 1371 vinum,
1159 1305 1359 1374 inquit,
1395 1304 1522 1363 bibi.
1567 1302 1804 1363 domine,
1855 1317 2022 1371 neque

443 1397 591 1450 aliud
612 1397 899 1467 quidquam
933 1397 1072 1467 quod
1110 1397 1330 1451 inebriet
1369 1413 1386 1450 :
1427 1396 1520 1450 sed
1562 1394 1740 1448 dolore
1779 1394 2022 1450 orbitatis

444 1489 772 1541 contabesco.
799 1486 936 1541 Tum
970 1489 1279 1542 sacerdos:
1345 1489 1462 1550 Abi,
1516 1490 1716 1554 inquit,
1767 1506 1828 1542 ac
1879 1487 2021 1542 Deus

441 1591 494 1633 te
514 1582 619 1635 voti
648 1591 933 1649 compotem
967 1581 1176 1634 reddat.
1209 1581 1440 1636 Domum
1479 1597 1706 1636 reversa
1731 1597 1857 1636 cum
1907 1597 2023 1635 ma-

443 1672 572 1736 rito,
604 1672 870 1742 concipit,
903 1682 962 1727 et
1002 1671 1315 1728 Samuelem
1371 1672 1534 1742 parit,
1575 1687 1742 1740 quem
1780 1671 2020 1741 Deopta-

2117 1025 2206 1078 διά
2239 1023 2336 1087 τὰς
2367 1023 2591 1076 ἐκείνων
2647 1019 3023 1090 παρανομίας,
3078 1018 3166 1071 διὰ
3193 1017 3288 1071 τοῦ
3320 1019 3572 1088 Σαμουὴλ
3621 1020 3701 1071 ἔτι

2119 1116 2307 1177 παιδὸς
2341 1115 2494 1177 ὄντος
2524 1114 2791 1184 δεδήλωκε
2813 1113 2891 1182 τῷ
2925 1112 3097 1174 Ἠλεὶ,
3142 1112 3285 1180 ἅπερ
3307 1111 3468 1173 αὐτός
3501 1128 3561 1163 τε
3610 1111 3707 1164 καὶ

2120 1208 2172 1262 ot
2212 1208 2402 1269 παῖδες
2432 1207 2528 1260 καὶ
2576 1207 2604 1260 ὁ
2628 1201 2776 1269 οἶκος
2814 1203 2980 1258 αὐτοῦ
3017 1204 3317 1256 πείσονται.
3349 1201 3606 1271 Σαμουὴλ
3649 1203 3707 1254 δὲ

2132 1299 2368 1352 Ἐλκανᾶ
2395 1300 2621 1352 Λευΐτου
2657 1298 2849 1368 ἀνδρὸς
2885 1296 3147 1368 ἐτύγχανε
3180 1298 3309 1355 παῖς
3339 1289 3382 1362 ᾧ
3417 1294 3698 1365 συνῴκουν

2120 1390 2297 1443 διτταὶ
2320 1391 2580 1458 γαμεταὶ,
2614 1382 2688 1442 ὧν
2713 1392 2777 1460 τῇ
2803 1391 2900 1456 μὲν
2924 1389 3108 1452 Ἀννα,
3133 1391 3197 1459 τῇ
3222 1389 3279 1440 δὲ
3296 1387 3537 1441 Φενὰννα
3557 1385 3705 1456 ἦντά

2123 1482 2384 1550 ὀνόματα.
2418 1483 2528 1534 Καὶ
2557 1484 2624 1552 τῇ
2663 1482 2760 1550 μὲν
2788 1481 2976 1544 παῖδες
3001 1478 3141 1551 ἦσαν
3184 1481 3244 1545 ἐξ
3281 1479 3550 1544 Ἐλκανᾶ,
3581 1482 3612 1549 ἠ
3651 1480 3708 1531 δὲ

2136 1573 2294 1625 Ἀννα
2355 1571 2573 1643 ἡμοίρει
2629 1572 2813 1642 γονῆς.
2852 1572 3212 1641 Ἀφικομένου
3265 1571 3320 1624 δέ
3372 1571 3467 1624 τοῦ
3518 1571 3710 1639 ἀνδρὸς

2129 1668 2266 1734 μετὰ
2288 1665 2394 1718 τῶν
2414 1665 2691 1732 γυναικῶν
2719 1667 2922 1733 ἀμφοῖν
2950 1665 3028 1726 εἰς
3055 1663 3261 1734 Σηλὼν,
3296 1667 3390 1718 καὶ
3420 1664 3708 1727 θύσαντος,

441 1771 559 1816 tum
601 1763 778 1833 possis
811 1764 1021 1830 dicere.
1052 1764 1296 1819 Puerum
1320 1764 1433 1834 jam
1465 1764 1918 1834 grandiusculum
1956 1780 2022 1818 ex

2135 1758 2249 1810 ἐπεὶ
2287 1757 2478 1827 καιρὸς
2508 1752 2576 1827 ἦν
2607 1756 2861 1827 εὐωχίας,
2899 1758 2992 1809 καὶ
3030 1760 3095 1828 τῇ
3149 1759 3394 1829 Φενάννᾳ
3427 1759 3476 1810 οί
3521 1757 3711 1818 παῖδες

440 1863 573 1908 voto
627 1854 694 1909 ad
749 1837 933 1910 Elium
982 1855 1154 1919 ducit,
1207 1855 1318 1910 Deo
1357 1855 1731 1917 educandum,
1782 1855 2023 1910 alentem

2135 1849 2295 1917 αὐτῆς
2331 1848 2734 1918 συνεκάθηντο’
2771 1848 2854 1900 ὅτι
2907 1849 3130 1918 ἡἊννα
3171 1849 3476 1918 μεμόνωτο,
3513 1849 3714 1917 ἐαυτὴν

444 1961 681 2004 comam.
709 1946 760 1998 in
780 1945 896 2000 aede
921 1946 1088 2000 vitam
1113 1945 1429 2016 degentem.
1453 1955 1509 2001 et
1531 1962 1687 2016 aqua:
1708 1957 1836 2015 potu
1863 1955 2027 2000 uten-

2135 1939 2478 2010 irrzxiaisro,
2508 1939 2602 1990 καὶ
2628 1940 2708 2002 εἰς
2729 1938 2828 2009 τὴν
2869 1941 3073 2010 σκηνὴν
3099 1939 3192 1992 τοῦ
3221 1939 3358 1992 Θεοῦ
3398 1938 3709 2010 δραμοῦσα,

445 2044 578 2090 lem.
634 2037 684 2090 Is
739 2036 1033 2092 duodecim
1085 2048 1248 2093 natus
1301 2052 1500 2102 annos,
1556 2038 1906 2092 vaticinatur.
1963 2037 2028 2092 Et

2135 2029 2304 2081 ἐδέετο
2338 2028 2432 2081 τοῦ
2463 2029 2664 2099 Κυρίου
2691 2031 2854 2098 γονὴν
2892 2031 3028 2100 αὐτῇ
3061 2033 3389 2102 παρασχεῖν,
3441 2029 3718 2098 εὐξαμένη

443 2125 682 2194 quodam
719 2134 966 2196 tempore
990 2127 1298 2192 dormiens,
1332 2129 1661 2183 nominatim
1703 2145 1733 2184 a
1776 2130 1892 2184 Deo
1935 2143 2028 2182 vo-

2135 2120 2490 2190 καθιερὼσειν
2519 2121 2638 2192 Θεῷ
2669 2123 2732 2175 τὸ
2773 2123 3142 2192 πρωτότοκον.
3170 2121 3545 2192 Χρονιζούσης
3579 2122 3634 2176 δέ
3662 2126 3720 2173 ἐν

442 2227 624 2280 catus,
651 2217 1062 2288 ad‘pontilicem
1093 2220 1309 2276 accedit
1357 2220 1515 2290 quasi
1569 2221 1640 2275 ab
1683 2236 1751 2276 eo
1799 2230 2028 2276 vocatus

2135 2213 2244 2274 ταῖς
2273 2211 2484 2279 εὐχαῖς,
2511 2212 2617 2281 πρὸ
2650 2213 2749 2281 τῆς
2781 2212 2990 2282 σκηνῆς
3039 2213 3186 2265 Ἠλεὶ
3223 2213 3608 2282 καθεζόμενος,
3639 2215 3716 2276 ὡς

441 2315 631 2372 esset;
673 2305 842 2377 idque
890 2315 975 2362 ter
1019 2309 1275 2379 contigit.
1326 2308 1466 2362 Tum
1515 2307 1668 2364 Elius
1713 2309 2028 2379 intelligens

2135 2301 2437 2372 μεθύουσαν
2478 2302 2648 2370 αὐτὴν
2686 2302 2969 2370 ἐλογίσατό
3000 2320 3058 2355 τε
3095 2303 3187 2356 καὶ
3219 2304 3606 2372 ἀπεπέμπετο.
3651 2304 3714 2356 'll

443 2398 693 2454 divinam
719 2414 841 2455 esse
861 2401 1210 2456 vocationem
1232 2441 1246 2466 ,
1277 2401 1586 2456 Samuelem
1615 2401 1795 2472 jubet,
1825 2401 1870 2457 si
1916 2401 2024 2456 ite-

2135 2395 2202 2460 Βέ,
2229 2397 2352 2450 Οὐκ
2383 2391 2574 2460 οἶνον,
2605 2395 2748 2464 ἔφη,
2804 2395 3072 2456 usurum,
3110 2394 3253 2448 οὐδὲ
3275 2394 3578 2464 μέθιισμα,
3611 2397 3721 2448 κύ-

444 2505 567 2544 rum
591 2498 822 2546 vocetur
877 2492 1059 2546 dicere
1092 2510 1106 2548 :
1140 2491 1221 2546 En
1251 2495 1459 2552 adsum.
1487 2491 1728 2546 Domine.
1751 2492 1888 2548 Cum
1948 2493 2025 2548 ita

2135 2503 2213 2542 Dt8
2237 2505 2254 2520 ·
2291 2486 2455 2542 ἀλλὰ
2501 2487 2846 2553 κατώδυνος
2885 2483 3044 2542 οὖσα
3077 2487 3153 2540 δι’
3214 2487 3522 2552 ἀπαιδίαν,
3561 2487 3723 2540 ἐκτέ-

441 2583 666 2640 fecisset
691 2599 851 2654 puer,
889 2585 1038 2640 aitei
1080 2586 1126 2641 is
1153 2585 1246 2656 qui
1293 2594 1536 2651 vocarat,
1595 2601 1848 2657 magnam
1908 2585 2024 2640 cla-

443 2675 568 2730 dem
603 2675 862 2732 lsraelitis
889 2677 1200 2740 imminere,
1235 2677 1342 2732 Elii
1375 2676 1521 2732 ﬁlios
1555 2693 1669 2733 una
1719 2677 2022 2748 perituros,

445 2763 551 2833 57
582 2771 636 2818 et
658 2765 1028 2820 sacerdotium
1054 2767 1110 2820 in
1149 2767 1396 2822 Eleazari
1440 2767 1707 2822 familiam
1757 2770 2022 2822 transitu-

2121 2597 2296 2647 τηκα.
2353 2582 2464 2634 Καὶ
2527 2581 2554 2633 ὁ
2611 2580 2814 2650 ἱερεὺς,
2849 2581 3142 2648 Πορεύου,
3202 2573 3355 2632 εἶπεν
3396 2580 3558 2649 αὐτῇ,
3623 2579 3723 2632 καὶ

2128 2671 2248 2741 δῴη
2281 2689 2383 2727 σοι
2421 2672 2489 2725 τὸ
2526 2673 2755 2742 alnum
2789 2674 2822 2727 ὁ
2853 2673 3018 2739 Θεός.
3082 2671 3506 2744 ’Υποστρέψασα
3536 2671 3593 2724 δὲ
3625 2672 3724 2724 σὺν

2127 2765 2207 2836 τῷ
2231 2765 2386 2836 ἀνδρὶ
2434 2765 2644 2832 οἴκαδε,
2701 2764 3094 2834 συλλαμϐάνει,
3147 2764 3242 2818 καὶ
3279 2765 3460 2818 τίκτει
3490 2764 3584 2818 τὸν
3621 2764 3726 2816 Σα-

443 2868 592 2908 rum.
665 2853 742 2908 Ea
804 2855 972 2909 verba
1043 2871 1168 2911 cum
1208 2855 1484 2912 sacerdoti
1540 2857 1762 2913 Samuel
1812 2858 2022 2912 referre

2135 2857 2323 2928 μουὴλ,
2373 2857 2658 2926 Θεαίτητον
2686 2856 2752 2910 ἄν
2781 2874 2864 2918 τις
2892 2856 3060 2910 εἴποι.
3116 2856 3504 2926 ’Λδρυνθέντος
3535 2856 3592 2908 δέ
3622 2856 3718 2908 τοῦ

442 2946 640 3010 nollet,
675 2946 897 3002 tandem
921 2948 1287 3020 jurejurando
1318 2950 1569 3014 adactus,
1596 2949 1784 3005 omnia
1825 2964 2021 3020 quem-

2135 2949 2316 3012 παιδὸς
2347 2950 2614 3018 προσάγει
2644 2949 2807 3002 αὐτὸν
2837 2948 2913 3018 τῷ
2947 2949 3098 3001 Ἠλεὶ
3129 2938 3401 3018 κατὰ’τὴν
3426 2948 3593 3017 εὐχὴν
3626 2949 3726 2999 αὖ-

442 3035 744 3091 admodum
781 3037 1056 3104 audierat,
1086 3045 1362 3093 recenset.

2135 3041 2222 3110 τῆς
2247 3039 2325 3110 τῷ
2365 3039 2486 3109 Θεῷ
2517 3039 2955 3109 τραφησόμενον,
2990 3039 3169 3110 κόμην
3192 3055 3253 3092 τε
3294 3039 3582 3110 τρέφοντα,
3613 3042 3710 3092 καὶ

444 3134 504 3182 ἐν
532 3127 610 3197 τῷ
663 3129 792 3199 ἱερῷ
820 3129 1198 3200 διαιτώμενον,
1241 3130 1333 3183 καὶ
1363 3129 1519 3185 ὕδατι
1573 3130 1918 3200 κεχρημένον
1946 3130 2026 3193 είς
2065 3131 2245 3188 πόσιν.
2312 3132 2453 3203 Ἤδη
2481 3131 2538 3186 δέ
2570 3131 2911 3200 δωδεκαέτης
2938 3132 3249 3202 γενόμενος,
3301 3131 3708 3204 προεφήτευσε-

443 3217 557 3296 Kal
592 3235 724 3272 ποτε
763 3219 1111 3289 κοιμώμενον
1148 3221 1332 3287 αὑτὸν,
1363 3220 1422 3286 ἐξ
1471 3220 1738 3291 ὀνόματος
1767 3219 2024 3274 ἐκάλεσεν
2063 3222 2092 3275 ό
2157 3223 2306 3287 Θεός.
2371 3224 2432 3278 '0
2467 3224 2528 3278 δὲ
2593 3224 2671 3296 τῷ
2709 3226 2959 3296 ἀρχιερεῖ
3010 3225 3440 3296 προσελήλυθεν,
3493 3225 3568 3289 ὡς
3621 3223 3716 3277 ὑπ’

446 3291 658 3366 ἔκείνου
679 3313 821 3383 τάχα
859 3313 1218 3384 καλούμενος.
1253 3316 1364 3370 Καὶ
1393 3314 1554 3368 τοῦτο
1583 3314 1875 3384 τρισσάκις
1904 3316 2142 3384 ἐγένετο.
2204 3317 2358 3371 Ἠλεὶ
2421 3318 2480 3371 δέ
2520 3291 2702 3383 συνεὶς
2750 3291 2942 3373 θεόθεν
2991 3291 3132 3372 εἶναι
3195 3291 3296 3388 την
3339 3317 3552 3388 κλῆσιν,
3607 3317 3715 3386 ἔφη

443 3407 524 3478 τῷ
553 3407 810 3477 Σαμουήλ
831 3422 845 3436 ο
878 3407 940 3459 El
975 3406 1056 3459 ἔτι
1087 3407 1316 3477 κληθῇς,
1343 3407 1464 3461 εἱπέ
1500 3407 1682 3474 Ἰδοὺ,
1717 3407 1854 3478 ἐγὼ,
1887 3409 2084 3476 Κύριε.
2125 3409 2282 3463 Οὕτω
2319 3411 2375 3464 δέ
2399 3413 2728 3482 ποιήσαντος
2761 3410 2854 3464 τοῦ
2892 3410 3103 3478 παιδὸς,
3136 3410 3240 3482 ἐφη
3282 3410 3432 3480 αὐτῷ
3461 3411 3489 3463 ό
3514 3410 3720 3468 καλῶν,

448 3500 737 3572 συμφορὰν
792 3500 1013 3554 ἔσεσθαι
1061 3503 1174 3564 τοῖς
1208 3503 1575 3574 Ἰσραηλίταις
1628 3502 1878 3574 βαρείαν,
1933 3503 2028 3555 καὶ
2067 3503 2195 3568 τοὺς
2255 3503 2406 3558 Ἠλεὶ
2455 3505 2652 3567 παῖδας
2685 3503 2806 3574 ἅμα
2874 3503 3256 3575 τεθνήξεσθαι,
3291 3505 3387 3559 καὶ
3419 3504 3520 3576 τὴν
3555 3505 3719 3575 ἱερω-

448 3592 618 3664 σύνην
646 3596 726 3658 εἰς
756 3595 850 3648 τὸν
905 3589 1054 3650 οἷκον
1083 3595 1178 3649 τοῦ
1209 3594 1474 3668 Ἐλεάζαρ
1515 3597 1873 3666 μεταπεσεῖν.
1913 3595 2028 3650 Οὐκ
2067 3596 2228 3666 ἤθελε
2291 3598 2348 3651 δὲ
2386 3598 2517 3662 τοὺς
2555 3597 2751 3667 λόγους
2812 3597 2840 3650 ό
2865 3596 3124 3669 Σαμουὴλ
3181 3599 3416 3668 ἐκφῆναι
3455 3599 3535 3670 τῷ
3559 3600 3717 3670 ἱερεῖ.

447 3682 677 3757 Ὅρκοις
712 3687 758 3739 δ’
803 3688 1141 3752 ἐκϐιασθεὶς,
1197 3689 1504 3758 ἀπήγγειλε
1539 3689 1718 3742 πάντα
1773 3687 2030 3760 καθάπερ
2070 3692 2333 3764 ἀκήκοεν.

521 3768 712 3838 xxvi.
762 3783 971 3837 Dehinc
1015 3783 1288 3837 Palaestini
1329 3783 1535 3837 bellum
1575 3783 1840 3838 lsraelitis
1885 3783 2027 3837 inl‘e-

2204 3783 2352 3854 KG'.
2396 3785 2680 3840 Ἐντεῦθεν
2750 3785 3104 3840 Παλαιστινοὶ
3134 3787 3282 3841 κατὰ
3308 3786 3418 3840 τῶν
3455 3787 3727 3858 Ἰσραηλι-

444 3887 656 3938 rentes,
690 3892 873 3946 pugna
902 3876 1221 3946 superiores
1265 3874 1529 3930 evadunt.
1568 3875 1811 3944 Populus
1835 3890 2020 3929 arcam

445 3968 699 4024 subsidio
741 3967 873 4023 ferri
915 3969 1180 4037 postulat.
1218 3968 1378 4022 Missa
1429 3967 1519 4022 illa
1551 3983 1675 4022 cum
1719 3967 1825 4030 Elii
1878 3965 2029 4030 ﬁliis,

445 4062 862 4132 reditstcgratur
889 4062 1171 4131 prmlium,
1208 4060 1517 4116 funduntur
1548 4060 1786 4125 Hebraei,
1821 4059 1888 4112 ad
1926 4059 2031 4113 tri-

443 4155 592 4223 ginta
622 4153 790 4207 millia
826 4155 1050 4216 cadunt,
1094 4152 1238 4213 inter
1271 4167 1412 4222 quos
1461 4160 1514 4206 et
1555 4151 1648 4205 ﬁlii
1693 4150 1978 4220 pontiﬁcis
2004 4191 2020 4216 ,

443 4259 572 4299 arca
612 4245 742 4300 item
771 4245 828 4298 in
860 4243 1103 4300 hostium
1135 4252 1461 4314 potestatem
1489 4245 1661 4299 venit.
1692 4244 1849 4300 Elius
1889 4259 2033 4316 pon-

447 4336 602 4400 tifex,
634 4338 732 4407 qui
760 4337 813 4390 in
840 4337 1061 4391 sublimi
1088 4335 1221 4390 sella
1248 4339 1487 4403 sederet,
1518 4346 1700 4407 strage
1727 4337 2029 4404 exercitus,

445 4439 502 4484 et
532 4433 678 4486 caede
707 4431 968 4495 ﬁliorum,
992 4447 1243 4501 araeque
1276 4432 1593 4503 captivitate
1623 4433 1874 4504 cognita,
1908 4447 2026 4503 prae

447 4541 686 4582 maerore
732 4526 802 4579 de
846 4525 979 4579 sella
1030 4525 1292 4594 delapsus
1331 4525 1590 4590 moritur,
1631 4540 1807 4580 annos
1853 4540 2029 4579 nona-

446 4617 598 4688 ginta
643 4627 829 4680 natus,
875 4632 997 4672 cum
1037 4617 1400 4687 quadraginta
1452 4617 1656 4686 populo
1698 4616 2028 4686 praefuisset.

447 4709 790 4779 Alienigena:
816 4724 997 4763 arcam
1033 4710 1090 4763 in
1123 4709 1316 4764 urbem
1343 4709 1574 4763 Azotum
1608 4709 1896 4780 perlatam,
1924 4708 2030 4763 Da-

448 4800 582 4871 goni
644 4800 746 4870 (sic
803 4799 966 4854 deum
1023 4815 1185 4855 suum
1236 4801 1616 4871 appellabant)
1674 4809 2027 4856 consecrant.

451 4891 609 4947 Mane
645 4889 700 4942 in
744 4890 979 4959 Dagonis
1001 4891 1176 4944 aedem
1209 4891 1479 4961 ingressi,
1513 4891 1869 4946 simulacrum
1903 4901 2030 4946 ante

449 4996 636 5036 arcam
668 4981 819 5034 humi
846 4982 1149 5052 projectum
1175 4992 1523 5052 repererunt,
1552 4982 1719 5053 idque
1747 4983 2026 5037 sublatum

455 5074 512 5128 in
556 5088 711 5127 suam
746 5071 919 5126 basim
969 5073 1291 5128 restituunt.
1333 5074 1406 5131 Ut
1451 5083 1636 5129 autem
1679 5076 1785 5129 hoc
1829 5076 2030 5146 sa-pius

452 5161 660 5217 factum
705 5159 1161 5230 deprehendunt,
1197 5171 1254 5216 et
1295 5171 1529 5217 statuam
1571 5165 1791 5234 quoties
1823 5167 2034 5221 ercxis-
2065 5148 2113 5207 Ῑ)

451 5261 596 5318 sent,
628 5253 790 5308 toties
813 5262 940 5307 ante
971 5268 1157 5308 arcam
1187 5253 1467 5310 adorantis
1502 5257 1688 5326 specie
1728 5258 2030 5328 projectam

454 5346 810 5414 reperissent,
841 5345 1276 5416 obstupescunt,
1305 5346 1621 5402 dubitantes
1651 5348 1784 5418 quid
1825 5349 1903 5404 rei
1940 5366 2031 5405 es-

452 5446 556 5490 set.
589 5437 666 5492 Ex
694 5438 799 5492 hoc
828 5439 1145 5494 Azotiorum
1181 5438 1373 5492 urbem
1399 5449 1455 5492 et
1483 5454 1676 5508 agrum
1717 5440 1838 5495 lues
1880 5441 2031 5494 inva-

456 5527 535 5580 dit
563 5543 578 5581 :
604 5543 726 5581 nam
754 5539 810 5583 et
841 5529 1093 5584 homines
1113 5531 1257 5586 circa
1288 5530 1471 5585 sedem
1501 5531 1755 5586 laborare
1809 5532 2032 5602 (dysen-

459 5619 650 5673 teriam
690 5620 859 5675 fuisse
890 5622 967 5676 ait
999 5621 1292 5692 Iosephus)
1326 5631 1380 5678 et
1418 5623 1555 5678 mori
1604 5625 1915 5694 complures
1957 5625 2035 5680 ci-

458 5724 558 5764 ves
601 5718 657 5764 et
720 5727 906 5767 mures
962 5729 993 5768 e
1037 5725 1185 5769 terra
1215 5716 1390 5770 exorti
1443 5731 1635 5786 agrum
1669 5733 1888 5771 omnem
1937 5733 2032 5771 va-

466 5809 634 5857 stare.
663 5800 798 5858 Sero
839 5801 1058 5858 demum
1090 5820 1274 5860 arcam
1311 5806 1415 5860 sibi
1447 5807 1715 5862 malorum
1751 5823 1868 5863 esse
1905 5824 2006 5862 cau

2138 3878 2247 3934 τῶν
2275 3879 2720 3950 ἐκστρατεύουσι,
2750 3880 2845 3933 καὶ
2877 3874 3020 3950 ἦσαν
3049 3881 3112 3949 τῇ
3141 3879 3289 3950 μάχῃ
3319 3880 3719 3952 ἐπικρατέστε-

2138 3987 2249 4042 ροι.
2289 3969 2348 4024 '0
2370 3969 2427 4024 δὲ
2461 3969 2585 4034 λαὸς
2613 3969 2946 4042 κομισθῆναι
2972 3969 3071 4042 τὴν
3100 3970 3347 4023 Κιϐωτὸν
3378 3969 3623 4025 αἰτοῦσιν
3642 3975 3726 4036 εις

2137 4064 2384 4136 ἀρωγήν.
2413 4062 2766 4132 Πεμφθείσης
2791 4062 2837 4115 δ’
2864 4064 3046 4116 ἐκεῖσε
3073 4063 3172 4132 τῆς
3206 4061 3440 4116 κιϐωτοῦ
3478 4080 3575 4116 συν
3607 4065 3725 4128 τοῖς

2137 4159 2272 4219 υἱοῖς
2316 4155 2411 4209 τοῦ
2469 4155 2642 4220 Ἠλεὶ,
2685 4156 3097 4226 συγκεκρότητο
3146 4156 3450 4226 μάχῃ,-καὶ
3489 4156 3726 4227 ἥττηντο

2138 4251 2188 4302 οῖ
2223 4248 2488 4320 Ἑϐραῖοι.
2525 4249 2771 4302 Ἐπεσον
2795 4248 2854 4302 δὲ
2905 4248 3040 4301 ὡσεὶ
3066 4247 3403 4319 τρισμύριοι,
3421 4249 3521 4302 ,καὶ
3549 4250 3600 4303 οῖ
3623 4247 3721 4303 τοῦ

2137 4339 2437 4411 ἀρχιερέως
2457 4339 2584 4405 υἱοὶ,
2611 4339 2756 4408 καὶή
2781 4337 3009 4400 κίϐωτοε,
3034 4338 3247 4408 ἐλήφθη
3271 4339 3387 4404 τοῖς
3412 4338 3722 4409 πολεμίοις..

2149 4435 2298 4487 Ἠλεὶ
2343 4434 2400 4487 δὲ
2443 4433 2472 4485 ὁ
2510 4433 2804 4502 ἀρχιερεὺς
2847 4431 2934 4499 ἐφ’
2968 4430 3175 4502 ὑψηλοῦ
3213 4429 3458 4501 καθῆστο
3497 4432 3719 4501 δίφρου,

2137 4526 2230 4580 καὶ
2248 4524 2435 4597 μαθὼν
2451 4527 2517 4579 τὰ
2535 4524 2636 4594 τῆς
2655 4523 2856 4594 μάχης,
2873 4524 2970 4578 καὶ
2989 4524 3089 4593 τὴν
3103 4523 3318 4594 σφαγὴν
3331 4523 3439 4576 τῶν
3453 4524 3606 4592 υἱῶν,
3626 4527 3725 4581 καὶ

2135 4618 2234 4691 τὴν
2281 4616 2664 4688 αἰχμαλωσίαν
2700 4618 2798 4686 τῆς
2848 4615 3109 4680 κιϐωτοῦ,
3151 4615 3559 4686 περιαλγήσας,
3601 4616 3724 4682 ἐξέ-

2138 4729 2270 4765 πεσε
2317 4711 2409 4764 τοῦ
2428 4710 2639 4782 θρόνου,
2671 4707 2766 4762 καὶ
2787 4707 3534 4780 τέθνηκεν,ἐνενηκοντούτης
3564 4711 3724 4777 γενό-

2139 4808 2338 4876 μενοςτ,
2403 4803 2822 4872 τεσσαράκοντα
2885 4801 2942 4854 δέ
3001 4799 3209 4855 τούτων
3269 4803 3552 4865 ἐνιαυτοὺς
3625 4801 3720 4856 τοῦ

2148 4897 2366 4967 Ἰσραὴλ
2409 4896 2782 4967 ἡγησάμενος.
2813 4893 2881 4950 Οἱ
2923 4892 2982 4946 δὲ
3027 4893 3317 4962 ἀλλόφυλοι
3352 4895 3433 4954 είς
3482 4890 3722 4956 Ἀζώτον

2138 4987 2298 5040 πόλιν
2343 4987 2728 5054 ἀπαγαγόντες
2770 4984 2872 5054 τὴν
2918 4981 3174 5046 κιϐωτὸν,
3210 4982 3287 5052 τῷ
3327 4981 3521 5050 Δαγὼν
3558 4983 3722 5049 (οὕτω

2138 5077 2249 5148 γὰρ
2279 5076 2372 5130 τὸν
2405 5075 2617 5128 ἐαυτῶν
2651 5073 2881 5127 ἐκάλουν
2910 5070 3067 5142 Θεὸν)
3099 5071 3374 5125 ἀνέθεντο.
3414 5071 3624 5124 Ἕωθεν
3662 5072 3720 5125 δὲ

2142 5171 2222 5233 είς
2258 5169 2348 5223 τόν
2378 5166 2528 5222 οἷκον
2558 5165 2749 5230 Δαγὼν
2789 5164 3146 5230 εἰσελθόντες,
3182 5159 3340 5236 εὗρον
3374 5166 3631 5236 κείμενον
3661 5167 3722 5220 τὸ

2143 5263 2332 5331 ξόανον
2375 5262 2607 5315 ἐνώπιον
2647 5260 2747 5328 τῆς
2796 5258 3037 5312 κιϐωτοῦ
3065 5257 3158 5310 ἐπὶ
3181 5259 3304 5328 γῆς.
3338 5257 3449 5312 Καὶ
3477 5259 3717 5328 ἀναστή-

2144 5372 2337 5417 σαντες
2365 5355 2516 5417 αὺτὸ,
2544 5353 2637 5406 ἐπί
2666 5352 2764 5416 τῆς
2793 5350 3068 5420 προτέρας
3091 5349 3330 5419 ἔστησαν
3357 5349 3588 5419 βάσεως.
3629 5349 3717 5414 Ὠς

2147 5447 2202 5498 δὲ
2241 5445 2501 5513 συχνάκις
2534 5437 2692 5511 εὖρον
2715 5441 2873 5494 τοῦτο
2895 5441 3200 5507 γινόμενον,
3231 5438 3327 5492 καὶ
3365 5439 3623 5500 πολλάκις
3659 5439 3717 5490 τὸ

2142 5533 2363 5585 εἴδωλον
2413 5531 2844 5601 ἀνορθώσαντες,
2871 5530 3204 5592 τοσαυτάκις
3247 5532 3499 5599 κείμενον
3551 5546 3716 5581 κατε-

2140 5625 2424 5693 λάμϐανον
2469 5625 2526 5676 ἐν
2575 5624 2818 5693 σχήματι
2858 5619 3300 5692 προσκυνοῦντος
3327 5620 3425 5690 τὴν
3461 5619 3713 5677 κιϐωτὸν.

2141 5714 2481 5781 ἐθαμϐοῦντο
2514 5714 2606 5767 καὶ
2635 5712 2950 5782 διηπόρουν.
2985 5713 3218 5766 Ἔπειτα
3252 5711 3297 5764 δ’
3342 5711 3610 5780 ἐνέσκηψε
3648 5713 3715 5778 τῇ

2143 5808 2250 5862 τῶν
2289 5807 2562 5870 Ἀζωτίων
2596 5805 2746 5860 πόλει
2778 5805 2872 5858 καὶ
2900 5807 2966 5877 τῇ
2998 5803 3154 5876 χώρα
3185 5802 3383 5875 φθορά.
3409 5802 3581 5866 Νόσος
3615 5801 3716 5873 μὲν
