4098 6402
342 389 438 454 125

1635 383 2041 445 ANNALIUM
2085 384 2235 447 LIB.
2271 385 2324 448 Ῑ.

3493 376 3601 442 1‘26

339 507 443 567 τοῖς
499 497 812 570 ἀνθρώποις
873 495 1004 567 περὶ
1060 496 1162 560 τὰς
1218 495 1381 567 ἕδρας
1430 491 1521 566 ἦν,
1562 495 1913 565 δυσεντερίαν

2032 515 2130 555 :am
2168 497 2349 554 Azotii
2382 497 2780 566 lntelligentes,
2822 493 3151 550 Ascalonem
3205 494 3438 549 mittunt
3484 511 3500 549 :
3535 497 3605 551 iis

346 595 499 666 φησὶν
528 597 556 648 6
600 591 886 662 Ἰώσηπος,
923 591 1021 644 καλ⁵
1048 588 1315 659 ἔθνησκον
1363 588 1550 657 συχνοὶ
1598 589 1656 654 ἐξ
1712 588 1909 659 αὐτῆς,

343 691 482 749 Μύες
530 687 585 740 δὲ
605 687 705 756 τῆς
747 685 853 755 γῆς
900 682 1274 747 ἀναδοθέντες,
1314 682 1414 751 τὴν
1459 681 1644 750 χώραν
1693 680 1913 735 ἃπασαν

340 781 633 850 ὲκεράῖζον.
682 777 816 848 Ὀψὲ
851 776 910 831 δὲ
941 775 1186 845 συνῆκαν
1213 773 1312 844 τὴν
1349 773 1581 828 κιϐωτὸν
1610 771 1789 826 αἰτίαν
1819 772 1918 825 αύ-

338 877 441 934 τοῖς
486 868 624 924 εἶναι
661 867 1010 933 τῶν,παθῶν
1050 867 1102 920 οί
1151 865 1423 931 Ἀζώτιοι,
1459 865 1555 918 καὶ
1604 865 1914 934 πέμπουσιν

340 966 497 1035 αὐτὴν
522 966 602 1027 είς
622 960 944 1016 ’Δσκάλωνα
959 1000 974 1025 ,
993 960 1085 1012 καὶ
1108 958 1347 1030 ἔπασχον
1368 959 1612 1012 κάκεῖνοι
1633 958 1698 1012 τὰ
1728 957 1911 1027 ὅμοια.

344 1058 444 1111 Καὶ
472 1055 616 1108 οὕτω
651 1054 814 1107 πέντε
837 1054 946 1105 τῶν
971 1048 1378 1106 Παλαιστινῶν³
1403 1049 1624 1118 ἀμείϐει
1659 1048 1844 1108 πόλεις
1877 1049 1910 1118 ή

340 1147 584 1212 κιϐωτὸς,
622 1145 716 1200 καὶ
743 1145 950 1205 πάσαις
978 1144 1059 1206 είς
1091 1141 1334 1196 κάκωσιν
1359 1141 1606 1209 γέγονεν.
1636 1137 1907 1208 Συνῆλθον

338 1239 426 1294 οὖν
467 1240 515 1293 oi
561 1238 672 1292 τῶν
712 1235 1072 1306 κακουμένων
1126 1235 1290 1288 πέντε
1353 1233 1561 1286 πόλεων
1615 1233 1911 1302 ἄρχοντες,

338 1335 526 1402 Γήτης,
567 1331 662 1384 καὶ
715 1326 1025 1400 Ἀκκαρῶν,
1079 1325 1422 1387 ’Λσκάλωνός
1479 1340 1539 1376 τε
1586 1326 1681 1376 καὶ
1709 1320 1911 1392 Γάζης,

337 1425 429 1479 καὶ
477 1421 739 1488 Ἀζώτου.
795 1420 905 1473 Καὶ
954 1416 1156 1487 οίῗμὲν
1204 1416 1340 1471 ἄλλα
1394 1415 1525 1486 περὶ
1584 1413 1684 1481 τῆς
1751 1413 1917 1465 κιϐω-

337 1516 446 1579 τοῦ,
486 1516 539 1567 οἱ
585 1513 630 1567 δ’
664 1512 828 1577 ἕτερα
865 1509 1274 1564 συνεϐούλευον.
1303 1509 1412 1561 Καὶ
1446 1507 1597 1569 τέλος
1625 1504 1772 1569 ἔδοξε
1804 1505 1913 1557 πᾶ-

341 1626 439 1669 σιν,
473 1606 636 1678 ἔδρας
681 1604 846 1656 πέντε
878 1603 1108 1672 χρυσᾶς,
1141 1601 1236 1654 καὶ
1286 1598 1428 1669 μύας
1456 1599 1746 1660 τοσούτους
1780 1612 1910 1666 χρυ-

341 1701 462 1764 σοῦς
489 1699 736 1766 ποιῆσαι,
763 1695 857 1748 καὶ
883 1695 1071 1748 θέσθαι
1095 1693 1189 1746 ἐπὶ
1211 1692 1308 1759 τῆς
1333 1690 1591 1753 κιϐωτοῦ,
1617 1689 1835 1760 ἆμαξάν
1853 1705 1912 1740 τε

340 1795 750 1864 καινουργῆσαι.
788 1789 886 1843 καὶ
936 1789 1064 1859 βόας
1110 1785 1568 1857 πρωτοτοκούσας
1613 1785 1680 1852 τῇ
1725 1781 1910 1851 ἀμάξῃ

340 1888 665 1955 ὑπαγαγεῖν,
697 1885 826 1944 τοὺς
872 1882 928 1935 δὲ
963 1881 1197 1952 μόσχους
1239 1878 1418 1930 αὐτῶν
1463 1876 1782 1944 κατασχεῖν.
1811 1874 1922 1926 Καὶ
1953 1857 1995 1911 Β

338 1980 604 2036 ἐπιθεῖναι
645 1980 708 2047 τῇ
739 1975 925 2044 ἁμάξῃ
951 1973 1052 2044 τὴν
1078 1969 1337 2033 κιϐωτὸν,
1364 1969 1463 2031 τὰς
1489 1967 1616 2038 βόας
1636 1965 1680 2019 δ’
1703 1966 1923 2032 ἀπαγα-

337 2072 532 2139 γόντας
577 2069 671 2122 ἐπὶ
714 2065 926 2135 τριόδου
972 2062 1316 2126 καταλιπεῖν,
1358 2057 1425 2112 ἶν’
1466 2057 1553 2110 ἐπ’
1597 2056 1791 2118 αὐταῖς
1833 2051 1920 2124 εἴη

339 2163 561 2216 ἀπιέναι
599 2158 723 2213 καθ’
779 2159 847 2226 ἢν
898 2154 1226 2225 ὁρμήσουσι.
1266 2150 1376 2204 Καὶ
1415 2146 1599 2217 εἰμὲν
1643 2145 1774 2198 εὐθὺ
1813 2143 1925 2196 τῶν

337 2251 692 2324 Ἰσραηλιτῶν
723 2245 1140 2303 ἀπελεύσονται.
1172 2241 1261 2296 διὰ
1297 2244 1398 2311 τὴν
1451 2236 1686 2292 κιϐωτὸν
1717 2235 1924 2288 οἴεσθαι

344 2347 530 2416 σφίσιν
561 2340 865 2410 ἐπάγεσθαι
903 2338 974 2391 τὰ
1002 2338 1172 2401 κακὰ,
1208 2334 1304 2388 καὶ
1339 2333 1415 2403 μὴ
1450 2329 1683 2383 κωλύειν
1714 2327 1813 2397 τὴν
1845 2325 1926 2388 είς

338 2439 590 2500 ἐκείνους
622 2432 874 2505 πορείαν.
908 2431 972 2483 Et
1002 2429 1046 2481 δ’
1073 2426 1266 2482 ἄλλοσέ
1290 2441 1368 2493 πη
1400 2422 1634 2486 ἀπίοιεν,
1665 2417 1925 2489 ἐπιστρέ-

337 2533 433 2601 ψαι
477 2524 643 2588 αὖθις
672 2524 772 2587 τὰς
820 2522 951 2592 βόας
978 2537 1038 2574 τε
1069 2517 1162 2572 καὶ
1192 2517 1292 2587 τὴν
1324 2515 1566 2585 ἄμαξαν,
1598 2512 1695 2564 καὶ
1726 2511 1796 2563 τὰ
1838 2508 1924 2562 ἐπ’

338 2623 531 2693 αὐτῆς.
595 2615 1040 2676 Ἐπιτελέσαντες
1070 2612 1252 2664 τοίνυν
1299 2603 1660 2670 τά“δόξαντα,
1707 2603 1926 2673 ἀφῆκαν

335 2718 430 2780 τὰς
462 2692 619 2786 βόας,
655 2712 895 2784 μήκοθεν
956 2708 1212 2774 ἑπόμενοι
1247 2703 1340 2754 καὶ
1366 2699 1521 2752 αὐτοὶ
1555 2697 1622 2752 ἵν’
1659 2695 1833 2766 ὁρῷεν
1864 2692 1926 2748 τὸ

337 2808 731 2880 ἐκϐησόμενον.
753 2804 818 2857 Δί
839 2803 897 2856 δὲ
922 2800 1042 2854 κατ’
1067 2798 1196 2852 εὐθὺ
1221 2795 1330 2849 τῶν
1367 2791 1638 2865 Ἐϐραίων
1660 2787 1927 2858 ἀπῄεσαν,

341 2903 433 2956 καὶ
475 2901 544 2955 οὐ
587 2897 857 2970 πρότερον
894 2893 1133 2964 ἔστησαν
1176 2890 1306 2960 πρὶν
1348 2889 1431 2950 εἰς
1476 2887 1623 2956 μέγα
1648 2882 1832 2937 πεδίον
1870 2880 1929 2932 ὲν

340 2994 678 3064 ιὶεθεσαμοῖς
729 2985 1162 3057 κατηντήκασιν.
1203 2981 1294 3044 Ὠς
1336 2980 1384 3033 δ’
1429 2973 1570 3030 εἶδον
1599 2978 1650 3029 οί
1677 2974 1777 3042 τῆς
1819 2971 1931 3026 κώ-

340 3107 445 3158 μης
461 3085 691 3152 ἐκείνης
711 3081 905 3150 ἄνδρες
931 3079 1029 3148 τὴν
1056 3074 1309 3136 κιϐωτὸν,
1337 3071 1690 3142 ὡρμήκασιν,
1717 3066 1806 3118 ἐπ’
1829 3065 1931 3118 αύ-

547 3177 648 3231 καὶ
724 3169 1048 3231 καθελόντες
1112 3167 1178 3220 ὲκ
1253 3164 1374 3252 τῆς-Λ
1437 3159 1657 3230 ἀμάξης
1735 3155 1927 3224 αὐτὴν,

342 3248 544 3326 ἔθυσαν
567 3268 665 3327 τὰς
684 3262 946 3335 gliscunt
964 3263 1076 3322 τοῖς
1111 3257 1290 3323 ξύλοις
1316 3250 1397 3317 οἷς
1423 3256 1457 3326 ἠ
1481 3251 1672 3323 ἅμαξα
1702 3248 1931 3318 εἴργασ-

336 3387 415 3430 το,
444 3363 622 3424 αὑτὰς
661 3356 1086 3412 ὡλοκαύτωσαν.
1107 3352 1288 3422 Ὅπερ
1322 3349 1524 3409 ἰδόντες
1555 3348 1604 3400 οἱ
1640 3344 1933 3397 Παλαιστι-

337 3462 436 3521 νοὶ,
457 3455 866 3519 ὑπενόστησαν.
885 3445 1022 3507 Τοὺς
1041 3443 1087 3498 δ’
1110 3442 1422 3514 ἁψαμένους
1441 3439 1540 3508 τῆς
1572 3433 1830 3500 κιϐωτοῦ,
1857 3433 1932 3504 μὴ

338 3551 497 3611 ὄντας
530 3546 726 3613 ἱερεῖς,
762 3537 1042 3610 ὀργισθεὶς
1071 3537 1100 3588 6
1130 3534 1263 3598 θεὸς
1291 3532 1654 3587 ἐθανάτωσεν.
1682 3528 1744 3581 Ol
1785 3528 1841 3579 δέ
1869 3541 1934 3593 γε

342 3641 521 3694 λοιποὶ
559 3635 642 3705 τῷ
673 3631 839 3703 κοινῷ
881 3629 991 3684 τῶν
1033 3627 1302 3698 Ἐϐραίων
1344 3623 1654 3695 ἐγνώρισαν
1698 3621 1767 3674 τὰ
1805 3621 1936 3689 περὶ

342 3737 436 3805 τῆς
457 3729 704 3788 κιϐωτοῦ
719 3745 734 3761 ο
775 3726 1020 3780 κάκεῖνοι
1037 3721 1298 3783 λαϐόντες
1313 3719 1507 3788 αὐτὴν,
1528 3718 1835 3787 ἀπάγουσιν
1855 3717 1937 3778 είς

345 3822 764 3894 Καριαθιαρεὶμ
785 3857 799 3882 ,
827 3815 920 3869 καὶ
936 3812 1206 3877 εἱςοῑκίαν
1222 3809 1526 3880 Ἀμιναδὰϐ
1547 3807 1636 3881 (ἐκ
1655 3808 1757 3876 τῆς
1783 3807 1940 3860 Λευῖο

343 3919 499 3988 τικῆς
518 3909 684 3975 οὗτος
705 3907 901 3980 φυλῆς)
924 3903 1326 3960 κατατίθενται.
1354 3902 1463 3954 Καὶ
1479 3899 1693 3970 ἔμεινεν
1710 3901 1825 3951 ἐκεῖ
1843 3898 1938 3966 ἕτη

345 4012 536 4072 εἴκοσι,
555 4003 718 4074 παρὰ
731 4003 785 4055 δὲ
804 4001 916 4062 τοῖς
941 3995 1264 4064 ἀλλοφύλοις
1288 3995 1466 4064 μῆνας
1505 3991 1800 4061 τέσσαρας.
1837 3989 1941 4040 Σα-

349 4101 519 4173 μουὴλ
539 4099 603 4152 δὲ
627 4097 656 4147 6
682 4093 968 4164 προφήτης
996 4089 1139 4159 μέγα
1159 4088 1260 4158 ἤδη
1281 4086 1426 4155 σχὼν
1447 4083 1640 4153 ὄνομα,
1665 4083 1758 4135 καὶ
1782 4081 1940 4148 δόξης

347 4198 497 4265 ἥκων
520 4191 623 4245 ἐπὶ
653 4188 811 4250 πολὺ,
846 4180 1171 4250 συναγαγὼν
1208 4181 1296 4231 τὸν
1327 4177 1454 4230 λαὸν
1478 4177 1608 4244 περὶ
1629 4173 1942 4242 ἐλευθερίας

347 4285 495 4356 αὐτῷ
531 4279 832 4350 διειλέχθη,
865 4276 960 4330 καὶ
995 4274 1178 4326 ἔπεισε
1215 4270 1417 4340 ταύτης
1463 4266 1942 4338 ἀντιποιήσασθαι.

354 4381 418 4430 Ὃ
470 4374 747 4446 μαθόντες
803 4370 853 4422 οἱ
908 4365 1297 4428 Παλαιστινοὶ,
1349 4359 1779 4431 ἀπροσδοκήτως
1828 4361 1944 4421 τοῖς

361 4471 644 4541 Ἑϐραίοις
686 4466 894 4517 ἐπίασι.
922 4462 1034 4515 Καὶ
1066 4456 1447 4527 κατεπτόησαν
1491 4451 1714 4514 αὐτοὺς,
1746 4449 1821 4514 ὡς
1865 4447 1944 4519 τῷ

355 4655 647 4726 σωτηρίαν
672 4651 878 4713 αὐτοῖς,
903 4650 951 4701 εί
983 4647 1060 4718 μὴ
1089 4644 1254 4708 αὐτὸς
1285 4641 1438 4711 σφίσι
1463 4641 1562 4710 τὴν
1587 4640 1653 4692 ὲκ
1671 4637 1766 4690 τοῦ
1799 4637 1944 4690 θείου

354 4746 681 4816 ἐπικουρίαν
734 4743 1044 4812 αἰτήσεται.
1091 4738 1200 4791 Καὶ
1249 4736 1308 4798 ὃς
1359 4735 1586 4805 θαρρεῖν
1630 4730 1946 4802 παρεγγυᾷ,

2021 593 2188 648 etiam
2225 591 2416 647 eadem
2452 590 2732 645 accidunt.
2769 585 2862 642 Sic
2907 586 3153 655 quinque
3191 585 3606 641 Palmstinorum

2024 688 2190 744 urbes
2213 702 2342 742 arca
2374 693 2690 756 pervagata,
2723 683 2981 738 omnibus
3013 682 3329 736 calamitosa
3367 683 3604 737 exstitit.

2023 781 2215 848 Itaque
2246 779 2599 848 magistratus
2629 775 2876 844 quinque
2901 773 3122 826 urbium
3155 772 3224 826 iis
3273 772 3433 826 malis
3476 788 3608 826 con-

2021 869 2347 925 ﬂictantium
2394 867 2698 938 congressi,
2741 865 2999 920 videlicet
3042 862 3226 925 Getae,
3274 861 3603 921 Accaronis,

2019 961 2323 1026 Ascalonis,
2359 958 2517 1015 Gazae
2545 968 2602 1013 et
2647 957 2828 1020 Azoti,
2863 955 2990 1010 aliis
3017 954 3166 1008 aliud
3197 938 3266 1007 de
3307 967 3434 1006 arca
3470 967 3609 1005 ceu-

2021 1050 2294 1110 sentibus,
2330 1046 2551 1103 tandem
2584 1045 2879 1100 decrevere
2917 1058 3133 1109 omnes,
3167 1043 3327 1096 sedes
3354 1042 3608 1111 quinque

2021 1157 2238 1208 aureas,
2292 1140 2633 1209 totidemque
2677 1152 2864 1192 mures
2904 1137 3032 1191 item
3083 1150 3282 1190 aureos
3313 1148 3455 1189 arcae
3505 1133 3610 1186 im-

2024 1251 2254 1308 ponere,
2282 1245 2340 1290 et
2365 1247 2571 1288 novum
2600 1231 2871 1288 fabricare.
2902 1247 3149 1295 currum,
3173 1238 3229 1284 et
3259 1243 3456 1282 vaccas
3486 1243 3611 1297 quae

2022 1329 2260 1399 primum
2312 1324 2662 1396 peperissent
2715 1323 2904 1378 currui
2947 1323 3213 1393 jungcre,
3269 1321 3366 1376 sed
3412 1335 3605 1374 earum

2021 1421 2226 1474 vitulos
2257 1419 2519 1482 retinere,
2556 1431 2620 1470 ac
2651 1415 2842 1470 currui
2867 1430 2996 1469 arca
3026 1413 3305 1484 imposita,
3338 1413 3507 1466 boves
3545 1411 3600 1464 in

2023 1509 2250 1566 trivium
2295 1507 2567 1562 abductas
2606 1506 2943 1575 relinquere,
2975 1512 3324 1573 utqnorsum
3367 1502 3613 1571 impetus

2021 1600 2214 1656 tulerit
2257 1608 2407 1654 eant.
2443 1598 2573 1665 Qua:
2615 1598 2662 1653 si
2707 1613 2900 1652 versus
2934 1596 3211 1650 lsraelitas
3254 1595 3479 1656 abeant,
3527 1594 3601 1648 ob

2021 1706 2205 1746 arcam
2233 1690 2374 1744 mala
2410 1689 2501 1744 illa
2532 1703 2590 1742 se
2620 1688 2832 1757 perpeti
2863 1685 3238 1747 statuendum.
3273 1699 3453 1753 neque
3482 1697 3609 1752 pro-

2024 1783 2326 1839 hibendum
2355 1796 2645 1852 quominus
2674 1781 2766 1835 illo
2810 1788 2936 1835 eant
2976 1796 2990 1833 :
3032 1777 3117 1833 sin
3149 1777 3258 1831 alio
3287 1792 3346 1831 se
3378 1788 3609 1830 conver-

2026 1878 2216 1941 terint,
2267 1873 2614 1930 reducendus
2659 1874 2827 1926 boves
2881 1879 2938 1925 et
2973 1886 3235 1932 currum,
3289 1875 3345 1923 et
3389 1883 3512 1936 qua:
3553 1866 3608 1920 in

2027 1969 2137 2040 58
2165 1983 2231 2022 eo
2255 1969 2387 2022 sint.
2419 1965 2542 2030 His,
2578 1974 2638 2019 ut
2673 1964 2955 2018 decretum
2981 1961 3180 2026 fuerat,
3218 1958 3480 2029 peractis,
3515 1956 3606 2010 di-

2026 2062 2229 2117 misere
2270 2060 2460 2120 boves,
2503 2057 2721 2112 eminus
2761 2055 2865 2125 ipsi
2899 2063 3216 2124 sequentes,
3251 2061 3311 2106 ut
3346 2057 3607 2106 eventum

2024 2154 2304 2208 viderent.
2334 2154 2403 2206 At
2449 2150 2554 2205 illa:
2581 2156 2732 2204 recta
2762 2162 2959 2203 versus
2999 2146 3263 2201 Hebraeos
3299 2143 3401 2201 ire.
3430 2157 3611 2211 nequc

2030 2250 2337 2305 subsistere
2371 2245 2548 2315 prius,
2583 2257 2747 2312 quam
2771 2241 2827 2296 in
2858 2255 3116 2310 magnum
3148 2252 3402 2307 campum
3435 2236 3603 2289 Beth-

2026 2353 2212 2398 samcs
2233 2335 2632 2408 pervenissent.
2659 2330 2730 2388 Ut
2754 2341 2941 2386 autem
2963 2330 3086 2401 pagi
3119 2329 3268 2383 illius
3292 2327 3397 2382 viri
3427 2341 3610 2382 arcam

2027 2431 2325 2494 viderunt,
2358 2433 2683 2490 accurrunt,
2723 2424 2791 2479 de
2830 2438 2997 2478 curru
3036 2421 3259 2484 tollunt,
3307 2419 3476 2472 boves
3507 2417 3612 2471 im-

2028 2522 2236 2577 molant
2269 2539 2281 2574 :
2315 2531 2372 2574 et
2401 2517 2566 2588 lignis
2623 2531 2655 2570 e
2689 2514 2890 2584 quibus
2920 2529 3120 2568 currus
3157 2510 3442 2566 confectus
3467 2516 3610 2568 erat,

2031 2620 2296 2670 cremant.
2327 2613 2447 2678 Quo
2480 2606 2757 2664 Palaestini
2789 2606 2907 2661 viso
2927 2645 2942 2670 ,
2974 2612 3126 2660 retro
3156 2603 3436 2657 abierunt.
3465 2601 3614 2655 Deus

2031 2713 2215 2758 autem
2278 2701 2347 2756 iis
2383 2700 2481 2770 qui
2527 2714 2710 2753 arcam
2757 2699 3070 2767 attigerant,
3119 2708 3242 2747 cum
3273 2691 3489 2762 profani
3522 2706 3612 2745 es-

2038 2803 2185 2859 sent,
2218 2795 2415 2855 iratus.
2466 2807 2659 2847 necem
2694 2789 2898 2845 attulit.
2935 2787 3154 2856 Reliqui
3184 2800 3476 2840 commune
3512 2783 3612 2837 lle-

2035 2890 2312 2945 braaorum
2369 2887 2437 2941 de
2481 2900 2608 2940 arca
2651 2892 2872 2952 recepta
2916 2882 3186 2936 certiores
3227 2880 3488 2934 reddunt.
3533 2877 3612 2932 Illi

2033 2994 2156 3034 eam
2205 2975 2594 3032 (Zariatliiarim
2627 2974 2934 3039 abducunt,
2972 2983 3028 3027 et
3064 2971 3117 3025 in
3158 2969 3482 3025 Aminadabi
3516 2968 3610 3022 Le-

2034 3071 2216 3127 viticas
2258 3069 2438 3122 tribus
2465 3065 2708 3122 hominis
2749 3065 2964 3120 aedibus
3007 3063 3299 3124 collocant,
3328 3060 3421 3115 ubi
3459 3059 3619 3115 annis.

2035 3161 2232 3232 viginti
2293 3160 2528 3223 mansit,
2583 3173 2709 3214 cum
2765 3156 2911 3227 apud
2968 3155 3308 3221 alienigenas
3381 3159 3615 3220 quatuor

2035 3270 2257 3311 menses
2287 3254 2502 3308 fuisset.
2537 3254 2604 3307 At
2641 3251 2860 3307 Samuel
2900 3250 3164 3319 propheta
3207 3249 3318 3318 jam
3350 3244 3604 3308 celebris,

2033 3357 2089 3404 et
2135 3363 2329 3417 magna
2369 3346 2632 3417 praeditus
2659 3344 3010 3407 auctoritate,
3045 3343 3248 3413 populo
3295 3349 3619 3406 convocato,

2037 3441 2108 3496 de
2140 3439 2471 3496 vindicanda
2507 3438 2763 3492 libertate
2793 3437 3019 3492 disserit
3057 3452 3120 3491 ac
3153 3435 3471 3505 persuadet.
3501 3433 3632 3499 Quo

2037 3532 2313 3589 Palmstini
2346 3530 2590 3602 cognito,
2627 3528 2910 3599 inopinata
2951 3526 3307 3597 aggressione
3348 3523 3632 3578 lsraelitas.
3709 3567 3715 3580 ρ

2037 3623 2532 3693 perterrefaciunt;
2559 3621 2655 3690 qui
2684 3620 2750 3674 ad
2779 3619 3088 3674 Samuelem
3117 3615 3517 3683 confugientes,
3553 3613 3621 3674 de

2039 3715 2220 3770 salute
2271 3729 2370 3768 sua
2421 3729 2545 3768 esse
2584 3721 2766 3767 actum
2816 3710 2996 3773 aiunt,
3047 3707 3156 3764 nisi
3209 3708 3326 3776 ipse
3375 3704 3626 3758 numinis

2040 3823 2202 3878 opem
2233 3808 2495 3862 exorarit.
2531 3805 2628 3859 Ille
2653 3803 2812 3859 bonis
2847 3803 3048 3858 animis
3078 3817 3198 3856 esse
3223 3800 3402 3870 jubet,
3433 3807 3488 3852 et
3521 3796 3623 3851 Dei

2042 3901 2309 3955 auxilium
2340 3898 2655 3969 pollicetur,
2678 3911 2932 3966 agnoque
2959 3894 3262 3956 immolato,
3288 3893 3460 3946 Deum
3477 3899 3624 3944 orat.

2041 3991 2298 4047 Nondum
2327 3989 2547 4045 ﬂamma
2571 3989 2854 4042 victimam
2895 3992 3334 4053 consumpserat,
3373 3997 3497 4036 cum
3526 3980 3641 4034 ιω·-

2043 4091 2156 4139 stes
2174 4083 2441 4151 impetum
2475 4081 2530 4134 in
2560 4079 2822 4133 llebrmos
2853 4077 3082 4140 faciunt,
3106 4073 3322 4129 facilius
3349 4087 3446 4127 eos
3469 4073 3624 4124 iner-

2043 4195 2162 4234 mes
2195 4177 2445 4248 superari
2493 4189 2659 4246 posse
2707 4173 2838 4228 rati.
2890 4171 2999 4227 Sed
3051 4181 3108 4226 et
3165 4179 3312 4223 terra
3357 4164 3631 4220 divinitus-

2044 4285 2333 4332 coneussa,
2357 4281 2412 4322 et
2439 4266 2740 4322 tonitribus
2758 4262 3209 4333 erumpentibus,
3235 4267 3291 4313 et
3316 4255 3642 4327 fulguribus.

2044 4361 2412 4419 emicantibus
2435 4357 2737 4429 perterriti,
2761 4356 2817 4410 in
2846 4355 3030 4425 fugam
3053 4361 3365 4408 vertuntur.
3392 4349 3630 4418 Fugien—

2049 4453 2199 4508 tibus
2230 4450 2452 4505 Samucl
2479 4464 2606 4504 cum
2649 4445 2855 4517 populo
2897 4446 3086 4509 instat,
3116 4457 3180 4496 ac
3214 4441 3418 4495 multos
3449 4437 3628 4492 caedit.

349 4532 612 4633 Σαμουὴλ
663 4555 1038 4627 προσδραμεῖν
1093 4551 1378 4617 λέγοντας,
1431 4542 1782 4614 ἀπεγνῶσθαι
1840 4540 1928 4611 τὴι

2050 4544 2179 4600 Post
2202 4557 2323 4598 eam
2349 4540 2561 4595 cladem
2590 4554 2702 4594 non
2747 4537 2983 4606 amplius
3012 4533 3290 4590 lsraelitas
3326 4532 3578 4584 invasere
3613 4543 3634 4582 :

2053 4635 2150 4692 sed
2191 4643 2247 4689 et
2297 4643 2499 4687 terram
2530 4645 2694 4700 quam
2735 4627 2978 4684 Hebraeis
3019 4627 3370 4685 ademerant,
3413 4619 3642 4674 Samuel.

2058 4729 2294 4799 recepit.
2322 4727 2401 4781 Ita
2428 4726 2475 4780 is
2498 4724 2703 4796 populo
2726 4725 2820 4796 jus
2851 4721 3092 4782 dicebat,
3123 4728 3180 4774 et
3211 4714 3540 4786 imperabat.

354 4842 448 4896 καὶ
494 4801 593 4893 τὸιν
636 4837 772 4890 Θεὸν
813 4801 1088 4905 ἐπαρῆξαι
1126 4801 1540 4883 διαϐεϐαιοῦται
1587 4824 1774 4887 αὐτοῖς
1799 4839 1814 4855 ο
1884 4823 1982 4876 καὶ
2018 4821 2186 4883 θύσας
2217 4820 2379 4890 ἄρνα,
2414 4819 2592 4872 ὲδέετο
2654 4816 2748 4870 τοῦ
2797 4813 2958 4867 Θεοῦ.
2993 4813 3176 4881 Μήπω
3203 4808 3260 4861 δὲ
3301 4808 3400 4878 τὴν
3440 4801 3643 4858 θυσίαν,

354 4943 451 5009 τῆς
493 4937 653 5008 ἱερᾶς
710 4895 1101 5000 δαπανησάσης
1157 4924 1376 4996 φλογὸς,
1411 4921 1778 4994 προϐάλλουσι
1834 4922 1947 4984 τοῖς
1999 4917 2274 4989 Ἑϐραίοις
2335 4917 2384 4969 οἱ
2451 4912 2822 4982 ἀντιπόλεμοι,
2851 4912 2980 4980 ῥᾷον
3005 4907 3185 4960 αὐτῶν
3219 4903 3516 4974 κρατήσειν
3557 4895 3632 4962 ὡς

356 4995 578 5090 ἀέπλων
600 4995 1102 5103 οἰόμενοι.έεισμῷ
1126 4995 1183 5078 δέ
1208 5027 1308 5095 τῆς
1329 5023 1433 5093 γῆς
1455 5020 1818 5091 κλονηθείσης
1879 5019 1984 5072 ὑπὸ
2023 5015 2184 5082 Θεοῦ,
2216 5011 2682 5085 καταρραγεισῶν
2731 5028 2792 5063 τε
2836 5007 3100 5080 βροντῶν,
3161 5003 3256 5057 καὶ
3295 4995 3639 5067 ὲξαφθεισῶν

359 5090 781 5204 ἀστραπῶν,,είς
804 5090 1282 5180 δειλίαν-ἐνέπεσον
1295 5090 1349 5174 οἱ.
1367 5090 1639 5190 πολέμιοι,
1692 5115 1791 5169 καὶ
1845 5115 2170 5185 ἐτράπησαν
2224 5115 2304 5173 είς
2320 5111 2523 5180 φυγήν.
2545 5106 2853 5170 Κατεδίωξε
2890 5104 2946 5157 δὲ
2970 5099 3222 5172 Σαμουὴλ
3240 5097 3336 5151 καὶ
3355 5095 3416 5148 τὸ
3434 5090 3634 5160 πλῆθος

357 5183 779 5286 ἀύτίῖιν,
800 5220 896 5273 καὶ
931 5217 1162 5280 πολλοὺς
1202 5183 1589 5285 διεφθάρκανσι,
1625 5213 1724 5265 καὶ
1756 5183 1944 5262 οὐκέτι
1988 5183 2129 5279 μετά
2181 5206 2282 5277 τὴν
2343 5205 2558 5274 πληγὴν
2579 5200 2782 5270 ταύτην
2808 5197 2902 5249 ἐπὶ
2929 5197 3054 5256 τοὺς
3077 5189 3420 5261 Ἰσραηλίτας
3443 5183 3634 5251 ὲστρά-

359 5277 583 5386 τεῦσαν,
604 5277 868 5373 ἁλλὰικαὶ
894 5315 993 5386 τὴν
1016 5277 1199 5382 χώραν
1217 5277 1724 5381 ἥνπερ-ἀφείλοντο,
1801 5277 2190 5360 ἐπανεσώσατο
2258 5299 2415 5365 αὖθις
2451 5302 2568 5364 τοῖς
2608 5295 2884 5366 Ἑϐραίοις
2916 5295 2943 5346 6
2975 5289 3256 5362 Σαμουήλ.
3327 5285 3548 5353 Ἕκρινε
3581 5277 3634 5330 δέ

361 5416 449 5468 τὸν
476 5413 634 5476 λαδν,
661 5409 759 5463 καὶ⁵
781 5403 951 5479 ἦρχεν
977 5405 1170 5475 αὐτῆς.

434 5506 563 5567 KZ'.
588 5467 728 5575 'llﬁq
757 5467 1191 5572 δέιγεγηρακίῖυς,
1219 5501 1332 5561 τοῖς
1369 5497 1506 5558 υἱοῖς
1533 5493 1700 5550 αὐτοῦ
1729 5493 1830 5564 τὴν
1855 5494 1928 5547 τοί

2124 5486 2340 5544 XXVII.
2402 5486 2608 5548 Verum
2661 5485 2777 5555 jam
2828 5494 2996 5536 senex
3044 5473 3232 5547 populi
3286 5467 3634 5543 gubernandi

364 5561 522 5654 λαϐῦή
537 5561 885 5668 προστασίαν
1051 5593 1114 5645 τὸ
1154 5561 1396 5653 δικάζειν
1437 5586 1740 5657 διένειμενο
1779 5561 1928 5654 δνομι

2051 5596 2256 5637 munus
2285 5594 2351 5634 ac
2373 5578 2515 5650 juris
2542 5575 2768 5631 dicundi
2799 5570 3139 5644 provinciam
3170 5565 3297 5621 Iiliis
3321 5561 3636 5626 distribuit,

367 5693 444 5745 τῶ
484 5662 848 5762 πρεσϐυτέρῳ
888 5685 1080 5757 Ἰωήλο
1122 5681 1201 5752 τῷ
1249 5681 1501 5750 νεωτέρῳ
1539 5680 1616 5747 δὲ,
1655 5677 1838 5733 Ἀϐιά.
1889 5678 1928 5730 o

2055 5687 2291 5745 quorum
2334 5669 2530 5741 majori
2565 5668 2754 5732 Joelis,
2787 5662 2990 5720 minori
3032 5662 3184 5720 Abiu:
3228 5675 3435 5715 nomen
3467 5665 3588 5713 erat
3617 5672 3633 5710 :

2053 5767 2147 5837 qui
2181 5780 2391 5820 morem
2448 5762 2622 5832 patris
2653 5775 2764 5816 non
2795 5757 2992 5821 secuti,
3019 5757 3086 5812 ad
3117 5751 3470 5826 largitionum
3506 5765 3634 5805 cor-

375 5799 469 5836 a-nt
501 5781 889 5849 ἐπορεύθησαν
925 5779 984 5830 ἐν
1024 5777 1148 5838 ταῖς
1190 5775 1332 5838 ὁδοῖς
1361 5773 1457 5826 τοῦ
1501 5772 1712 5843 πατρὸς
1749 5770 1949 5832 αὐτῶν.

2057 5856 2298 5922 ruptclas
2327 5855 2670 5912 deflexcrunt
2692 5893 2706 5916 ,
2753 5860 2808 5908 ct
2846 5851 2932 5907 ius
2962 5859 3126 5912 atque
3161 5861 3378 5908 aequum
3430 5841 3624 5898 venale

375 5875 486 5928 αλλ’
546 5872 923 5932 ἐκκλίναντες,
985 5867 1156 5931 δῶρον
1222 5866 1284 5920 τὸ
1325 5865 1534 5920 δίκαιον
1566 5863 1950 5928 προεδίδοσαν.
