4098 6404
430 391 530 452 127

1726 389 2056 455 JOANNIS
2096 390 2418 452 ΖΟΝΑΠΕ

3590 395 3688 458 128

427 506 759 561 habuerunt.
786 508 914 563 llaec
935 509 1168 580 populus
1189 525 1331 582 mgre
1364 510 1567 576 ferens,
1593 509 1661 565 ad
1692 508 2008 595 Samuelem

2121 504 2212 560 καὶ
2255 499 2504 577 λήμμασι
2548 504 2647 569 τὰς
2681 508 2893 577 κρίσεις
2933 505 3204 571 ὲδῐκαζον.
3245 505 3302 559 ’0
3329 506 3386 561 δὲ
3434 506 3564 574 λαδς
3605 510 3693 564 διὰ

427 597 677 663 conﬂuit,
704 607 761 652 et
801 617 816 654 :
843 599 1114 665 Quoniam
1144 612 1221 666 tu,
1257 603 1458 671 inquit,
1493 618 1587 673 per
1613 611 1824 656 (etatem
1858 601 2006 656 nobis

427 704 651 757 praeesse
679 706 784 743 non
814 701 981 760 potes,
1022 709 1195 763 regem
1224 702 1434 759 creato,
1466 694 1555 762 qui
1584 703 1633 746 et
1671 701 1877 762 gentem
1904 709 2005 762 gu-

428 780 629 839 bernet,
662 790 711 833 et
741 785 1070 837 adversarios
1102 792 1305 838 nostros
1334 792 1619 855 oppugnet.
1656 784 1733 838 Ea
1772 798 1833 838 re
1878 798 2005 837 cum

430 870 652 926 Samuel
683 873 1011 939 tristaretur,
1043 875 1177 930 dicit
1208 877 1291 930 eis
1322 876 1469 930 Deus
1500 893 1513 929 :
1551 874 1676 930 Non
1710 885 1760 929 te
1787 891 1884 945 pro
1909 875 2007 929 ni—

429 964 534 1018 hilo
567 966 744 1021 habuit
782 967 1029 1039 papulas,
1079 969 1173 1023 sed
1221 985 1335 1034 me;
1371 986 1524 1040 quem
1567 985 1689 1024 vero
1735 970 1827 1025 tibi
1856 986 2007 1023 mon-

426 1067 626 1123 straro,
662 1076 780 1113 eum
811 1076 984 1131 regem
1036 1063 1238 1133 ungito.
1274 1062 1382 1133 59
1412 1063 1657 1120 Hebraeis
1686 1064 1853 1135 igitur
1873 1078 2004 1119 con-

427 1150 670 1216 vocatis,
715 1151 937 1208 Samuel
980 1155 1273 1224 proponit,
1322 1172 1381 1211 se
1420 1156 1725 1211 electurum
1762 1154 1846 1211 eis
1882 1169 2008 1210 esse

430 1256 640 1306 regem,
699 1243 1005 1313 praedicens
1046 1246 1162 1302 fore
1194 1257 1256 1302 ut
1293 1249 1587 1317 paeniteret
1615 1264 1732 1313 eos,
1768 1263 1833 1303 ac
1864 1248 2009 1303 libe-

431 1333 702 1387 rationem
752 1351 783 1389 a
830 1336 1054 1406 regibus
1101 1338 1273 1393 Deum
1314 1348 1591 1394 oraturos.
1642 1339 1725 1393 llli
1774 1339 2004 1403 instant,

429 1438 613 1492 regem
657 1423 986 1495 ﬂagitantes,
1017 1428 1085 1484 de
1127 1430 1292 1485 rebus
1340 1430 1542 1485 futuris
1575 1446 1832 1487 securum
1875 1447 2009 1489 esse

424 1515 786 1585 jubent.Tum
817 1518 1035 1572 Samuel
1066 1536 1079 1572 :
1109 1519 1254 1574 Abite
1286 1537 1444 1586 nunc,
1478 1521 1683 1591 inquit,
1710 1522 1795 1579 ubi
1820 1539 2011 1593 cogno-

429 1621 573 1669 vero,
604 1623 759 1676 quem
794 1609 934 1662 vobis
968 1609 1110 1664 Deus
1140 1611 1372 1675 dederit,
1407 1627 1674 1665 accersam
1700 1628 1808 1666 vos.
1849 1613 2009 1668 Acci-

428 1699 512 1752 dit
534 1707 743 1765 autem,
772 1709 832 1755 ut
860 1701 1164 1773 Benjamita
1193 1704 1443 1772 quidam,
1472 1705 1696 1760 nomine
1729 1704 1844 1767 Cis,
1871 1704 2009 1760 Sau-

428 1789 538 1844 lem
571 1788 773 1858 ﬁlium,
805 1792 1086 1848 hominem
1129 1803 1338 1850 statura
1368 1804 1426 1850 et
1467 1794 1643 1850 forma
1682 1797 2007 1863 excellenti,

429 1895 556 1935 cum
593 1897 754 1937 servo
781 1886 847 1938 ad
874 1887 1158 1941 asinarum
1191 1903 1329 1957 quas
1375 1889 1637 1945 amiserat
1688 1890 2010 1960 inquisitio—
2044 1868 2088 1927 Β

431 1986 560 2025 nem
595 1972 859 2029 mitteret.
898 1976 1045 2042 Quas
1084 1977 1177 2033 ille
1222 1992 1350 2033 cum
1402 1980 1607 2049 passim
1646 1982 2011 2051 quaesivisset,

433 2075 539 2115 nec
582 2062 922 2132 invenisset,
951 2066 1263 2123 Samuelem
1304 2069 1372 2124 de
1412 2070 1676 2126 asinabus
1708 2071 2016 2143 interroga-

433 2162 614 2218 turus,
640 2155 981 2210 Armathaim
1020 2159 1191 2214 venit.
1221 2159 1297 2215 lbi
1334 2161 1480 2216 Deus
1501 2162 1747 2219 Samueli
1782 2164 2012 2230 revelat,

432 2256 561 2296 eum
592 2258 715 2298 esse
744 2260 912 2315 quem
948 2250 1156 2319 populo
1178 2249 1534 2307 Hebraeorum
1568 2254 1839 2323 imperare
1860 2255 2011 2310 velit.

433 2334 513 2388 De
543 2334 805 2393 asinabus
826 2338 995 2409 igitur
1024 2354 1269 2413 rogatus,
1299 2346 1605 2401 incolumes
1632 2362 1755 2402 esse
1778 2364 2014 2419 respon-

433 2424 565 2481 det;
591 2437 647 2482 et
682 2429 902 2485 Saulem
932 2432 1172 2503 hospitio
1204 2446 1494 2506 exceptum
1531 2454 1691 2494 mane
1718 2441 2013 2511 prosequi-

436 2528 545 2571 tur.
578 2518 780 2575 Urbem
817 2539 1106 2594 egressus,
1152 2541 1278 2583 cunt
1322 2530 1730 2587 adolescentem
1768 2534 2020 2590 seduxis-

432 2617 541 2675 set,
572 2611 696 2666 oleo
743 2625 909 2684 caput
952 2618 1073 2688 ejus
1128 2621 1450 2689 perfundit,
1492 2638 1559 2680 ac
1595 2625 1954 2683 deosculatus
1996 2643 2010 2679 :

438 2701 596 2757 Unxit
630 2714 680 2758 te
709 2705 869 2774 Deus,
897 2709 1097 2781 inquit,
1133 2729 1306 2783 regem
1344 2717 1526 2787 populi
1558 2721 1664 2784 sui,
1713 2721 1863 2786 cuius
1915 2738 2020 2775 un-

434 2795 623 2849 ctionis
666 2797 804 2852 illud
851 2802 947 2854 tibi
987 2804 1197 2874 signum
1242 2807 1363 2873 erit,
1407 2813 1545 2879 quod
1587 2813 1731 2866 circa
1773 2811 2017 2867 Rachelis

433 2884 736 2953 sepulcrum
775 2889 878 2943 duo
908 2890 1001 2946 tibi
1033 2894 1134 2949 viri
1189 2908 1504 2964 occurrent,
1545 2901 1727 2954 asinos
1778 2911 2015 2969 repertas

435 2975 781 3045 gratulaturi.
824 2980 1027 3052 Adjicit
1064 2994 1120 3040 et
1149 2986 1258 3040 alia
1294 2987 1448 3058 signa
1488 2990 1879 3047 conﬁrmandae
1917 3008 2018 3048 ve-

438 3067 623 3123 ritatis
666 3086 820 3141 ergo,
861 3076 1027 3143 atque
1060 3076 1206 3132 inter
1243 3089 1462 3147 caetera,
1491 3081 1586 3136 ubi
1627 3080 1891 3138 Gabatam
1922 3099 2019 3140 ve-

437 3161 610 3226 nerit,
669 3177 796 3217 cum
848 3164 1001 3221 illius
1058 3168 1163 3224 loci
1217 3171 1505 3240 prapbetis
1561 3174 2012 3233 vaticinaturum.

436 3250 658 3308 Mandat
687 3258 877 3324 etiam,
905 3273 1031 3314 cum
1062 3277 1094 3316 a
1132 3277 1191 3318 se
1218 3277 1556 3331 accersatur,
1586 3277 1644 3323 ut
1672 3268 1891 3339 Galgala
1920 3287 2015 3327 ve-

437 3345 575 3400 niat.
627 3346 760 3404 Post
804 3362 996 3408 coacto
1048 3355 1254 3426 populo
1306 3372 1513 3415 sortem
1561 3363 1782 3417 mittere
1842 3364 2019 3421 tribus

434 3436 702 3506 jussit,ut
730 3452 1029 3511 constaret,
1048 3448 1211 3518 cujus
1240 3446 1462 3506 iuturus
1490 3461 1637 3507 esset
1667 3469 1784 3508 rex.
1804 3452 2019 3512 Cecidit

440 3538 628 3583 autem
676 3546 797 3588 sors
849 3535 907 3590 in
956 3536 1411 3609 Benjamiticam,
1453 3542 1655 3599 deinde
1695 3544 1752 3598 in
1797 3555 2018 3616 gentem

441 3619 705 3678 Battaritn
740 3641 756 3679 :
788 3642 911 3695 qua
940 3643 1065 3683 cum
1109 3632 1317 3687 viritim
1351 3634 1645 3690 sortiretur
1666 3676 1681 3701 ,
1715 3635 1866 3692 Sauli
1899 3653 2022 3695 sors

441 3709 689 3767 obvenit.
717 3715 996 3780 Quaeritur
1026 3719 1140 3785 ille,
1181 3736 1285 3776 nec
1321 3722 1630 3779 invenitur.
1682 3724 1903 3783 Samuel
1937 3728 2024 3784 di-

441 3804 658 3861 vinitus
682 3811 1011 3866 monstratis
1043 3813 1163 3882 ejus
1193 3813 1450 3882 latebris,
1484 3816 1784 3873 adductum
1817 3819 1873 3874 in
1906 3835 2022 3876 me-

442 3897 537 3952 dio
588 3900 803 3956 statuit.
852 3902 985 3958 Erat
1024 3913 1208 3959 autem
1249 3920 1495 3976 procera:
1538 3917 1782 3975 staturae,
1832 3920 1889 3966 et
1920 3911 2022 3965 bu-

442 3995 613 4050 meris
661 3994 943 4049 eminebat
993 4011 1159 4068 supra
1204 4014 1422 4056 omnes.
1463 4001 1605 4057 Tum
1649 4004 1716 4057 ad
1754 4005 2020 4075 p0pnlum

440 4085 716 4157 Propheta
748 4103 763 4141 :
808 4086 986 4152 Hunc,
1025 4090 1227 4160 inquit,
1263 4108 1437 4164 regem
1476 4094 1618 4149 vobis
1661 4097 1813 4150 unxit
1842 4096 2023 4151 Domi-

442 4198 560 4244 nus.
596 4182 747 4254 cujus
782 4183 922 4237 inter
964 4201 1052 4240 vos
1094 4201 1275 4241 omnes
1302 4203 1408 4241 non
1437 4195 1513 4242 est
1539 4189 1746 4245 similis.
1775 4191 2024 4261 Populus

442 4277 883 4347 gratulabundus
939 4279 1254 4335 acclamat:
1301 4280 1450 4336 Vivat
1500 4299 1614 4341 rex.
1669 4284 1889 4339 Saulem
1945 4284 2025 4339 ita

441 4388 612 4443 regno
638 4374 903 4443 potitum,
933 4373 1090 4427 multi
1122 4374 1494 4430 observabant
1532 4385 1593 4431 ut
1628 4391 1833 4447 regem,
1861 4385 1918 4431 et
1966 4385 2027 4432 ut

442 4481 543 4535 par
586 4477 706 4521 erat
755 4467 1122 4524 honorabant.
1154 4468 1308 4524 Multi
1348 4471 1519 4526 etiam
1571 4470 1907 4538 spernebant
1963 4478 2022 4523 et

2041 3213 2089 3275 C

2113 599 2287 652 ταῦτα
2344 599 2480 671 πρὸς
2537 600 2792 671 Σαμουὴλ
2842 601 3177 670 ἀθροισθεὶς,
3219 602 3381 655 Ἐπεὶ
3426 601 3513 672 μὴ
3571 598 3695 668 οἷός

2116 705 2180 744 τε
2201 690 2305 756 σὺ,
2327 691 2557 760 ἔφησαν,
2584 690 2951 758 προεστάναι
2972 690 3143 760 ἡμῶν
3168 690 3265 744 διὰ
3291 690 3504 761 γῆρας,
3524 692 3697 759 ποίη·

2115 797 2232 835 σον
2262 781 2407 851 ἡμῖν
2425 781 2711 848 βασιλέα.
2745 783 2815 849 ὃς
2854 783 2953 836 καὶ
2985 781 3091 836 τοῦ
3129 781 3349 848 ἔθνους
3377 784 3694 852 ἡγήσεται,

2113 872 2213 927 καὶ
2240 875 2363 941 τοῖς
2393 874 2689 941 ἐναντίοις
2716 875 3307 944 ἀντιστρατεύσεται.
3337 877 3694 947 Λυπουμένου

2112 967 2159 1020 δ’
2216 967 2310 1020 ἐπὶ
2352 967 2567 1033 τούτοις
2611 967 2706 1023 τοῦ
2767 967 3067 1039 Σαμουὴλ,
3118 964 3242 1021 slus
3319 968 3458 1038 πρὸς
3529 969 3695 1024 αὑτὸν

2112 1059 2142 1110 6
2213 1060 2349 1122 Θεός
2385 1074 2400 1090 ο
2492 1059 2576 1114 Οὔ
2654 1076 2730 1114 σε
2806 1059 3292 1126 ὲξουθενήκασιν
3368 1063 3403 1115 ό
3495 1062 3693 1130 λαός,

2114 1152 2252 1206 ἀλλ’
2325 1149 2448 1221 ἐμέ·
2491 1152 2767 1207 ἄκουσον
2844 1153 3058 1207 τοίνυν
3129 1151 3371 1217 αὐτῶν,
3435 1153 3535 1207 καὶ
3625 1153 3699 1207 ὃν

2114 1244 2411 1310 ἀναδείξω
2446 1245 2571 1310 σοι,
2606 1247 2692 1311 είς
2721 1245 2990 1309 βασιλέα
3020 1245 3237 1313 χρῖσον
3267 1245 3491 1313 αὐτοῖς.
3527 1247 3698 1301 Συνα-

2116 1334 2341 1407 θροίσας
2365 1334 2420 1388 δὲ
2435 1335 2560 1396 τοὺς
2587 1332 2880 1405 Ἐϐραίους
2901 1336 2929 1386 6
2947 1332 3219 1403 Σαμουὴλ,
3245 1333 3505 1386 κατέθετο
3521 1349 3696 1404 χειρο-

2114 1430 2363 1498 τονήσειν
2406 1428 2591 1489 αὐτοῖς
2642 1426 2889 1497 βασιλέα.
2924 1427 3345 1497 Μεταμελήσειν
3374 1424 3432 1479 δὲ
3482 1424 3695 1495 προέφη

2116 1521 2321 1582 αὐτοῖς,
2354 1519 2450 1573 καὶ
2478 1519 2757 1573 αἰτεῖσθαι
2790 1520 3012 1589 μέλλειν
3042 1520 3198 1587 παρά
3236 1518 3371 1572 Θεοῦ
3402 1519 3509 1571 τῶν
3541 1517 3698 1586 βασι-

2116 1611 2254 1665 λέων
2276 1611 2621 1681 ἀπαλλαγήν.
2644 1611 2709 1665 Ol
2736 1611 2793 1664 δὲ
2824 1611 3105 1665 ἐνέκειντο
3131 1611 3356 1681 βασιλέα
3381 1608 3695 1679 ζητοῦντες,

2117 1704 2211 1757 καὶ
2244 1702 2429 1773 ἠξίουν
2460 1703 2647 1768 αὐτὸν,
2687 1704 2763 1773 μὴ
2794 1705 3107 1774 φροντίζειν
3144 1704 3254 1757 τῶν
3288 1705 3582 1774 ἐσομένων.
3635 1703 3696 1755 '0
3764 1728 3767 1731 -

2117 1796 2173 1849 δὲ
2220 1797 2541 1867 Προφήτης,
2581 1798 2792 1852 Ἀπιτε
2825 1797 2965 1861 νῦν,
3011 1792 3188 1861 εἶπεν,
3234 1796 3382 1850 ὅταν
3424 1796 3494 1849 δὲ
3528 1794 3697 1865 μάθω

2115 1891 2254 1943 τίνα
2316 1889 2568 1945 δίδωσιν
2635 1890 2785 1958 ἡμῖν
2839 1893 2872 1945 ὁ
2931 1890 3079 1956 Θεὸς
3133 1888 3402 1956 βασιλέα
3424 1930 3439 1954 ,
3508 1906 3695 1958 μετα-

2115 1981 2427 2050 πέμψομαι
2483 1981 2663 2050 ὑμᾶς.
2710 1981 2876 2053 ’Δνὴρ
2926 1981 2983 2035 δέ
3019 1998 3107 2045 τις
3154 1979 3486 2052 Βενιαμίτης
3540 1981 3698 2049 (Κείς

2114 2075 2288 2145 ὄνομα
2323 2074 2401 2144 τῷ
2451 2074 2629 2146 ἀνδρὶ)
2671 2075 2827 2137 ὅνους
2874 2073 3179 2140 ἀπολέσας,
3212 2072 3308 2126 τὸν
3352 2074 3501 2137 υἱὸν,
3534 2070 3593 2134 ὃς
3626 2067 3697 2142 ἦν

2116 2165 2269 2234 αὐτῷ
2303 2166 2476 2236 μέγας
2525 2183 2584 2219 τε
2617 2166 2711 2220 καὶ
2737 2167 2965 2236 ὡραῖος,
2997 2163 3340 2234 κεκλημένος
3380 2163 3577 2228 Σαοὺλ,
3612 2164 3693 2228 είς

2116 2260 2457 2329 ἀναζήτησιν
2472 2258 2581 2312 τῶν
2606 2259 2744 2312 ὖνων
2771 2258 2867 2312 σὺν
2890 2259 2971 2312 ἐνὶ
2991 2256 3099 2310 τῶν
3127 2255 3330 2311 δούλων
3353 2256 3697 2310 ἀπέστειλεν.

2128 2349 2189 2403 '0
2217 2349 2275 2402 δὲ
2322 2347 2654 2418 περιελθὼν,
2689 2348 2785 2403 καὶ
2820 2347 3086 2418 ζητήσας,
3117 2349 3214 2401 καὶ
3272 2348 3347 2418 μὴ
3382 2345 3580 2418 εὑρὼν,
3617 2347 3700 2409 είς

2129 2438 2450 2510 ’Δρμαθαῒμ
2486 2440 2623 2510 πρὸς
2672 2439 2765 2492 τὸν
2818 2438 3078 2509 Σαμουὴλ
3117 2437 3518 2507 παραγέγονεν,
3559 2438 3700 2506 ἐρω-

2117 2532 2299 2600 τήσων
2328 2532 2457 2602 περὶ
2483 2530 2594 2583 τῶν
2623 2529 2783 2583 ὄνων.
2813 2528 2979 2600 Δηλοϊ
3023 2528 3209 2581 τοίνυν
3258 2526 3338 2598 τῷ
3367 2526 3626 2597 Σαμουὴλ
3670 2528 3700 2580 6

2117 2618 2270 2683 Θεὸς,
2302 2617 2496 2672 τοῦτον
2535 2614 2679 2673 εἶναι
2709 2618 2769 2671 ὃν
2799 2618 3054 2689 βούλεται
3091 2616 3411 2687 βασιλεῦσαι
3442 2615 3537 2670 τοῦ
3564 2613 3696 2670 λαοῦ

2116 2715 2227 2769 τῶν
2267 2714 2563 2786 Ἐϐραίων.
2626 2714 2965 2787 Ἐρωτηθεὶς
3014 2711 3109 2770 οὖν
3158 2713 3286 2784 περὶ
3315 2711 3428 2766 τῶν
3479 2712 3620 2767 ὅνων
3666 2711 3700 2766 6

2118 2806 2394 2879 Σαμουὴλ,
2433 2806 2705 2861 σεσῶσθαι
2758 2802 2914 2860 εἶπεν
2959 2806 3151 2869 αὑτάς.
3189 2803 3299 2858 Kal
3340 2803 3557 2868 ξενίσας
3605 2800 3701 2857 τὸν

2118 2899 2315 2963 Σαοὺλ,
2347 2899 2709 2979 προέπεμψεν
2735 2899 2927 2954 ἕωθεν.
2968 2899 3078 2953 Καὶ
3120 2897 3227 2964 ἔξω
3255 2896 3351 2951 τοῦ
3378 2895 3572 2958 ἄστεος
3599 2895 3701 2949 σὺν

2118 2989 2269 3061 αύτῷ
2303 2990 2615 3063 πορευθεὶς,
2652 2991 2814 3059 μόνον
2843 3007 2904 3043 τε
2941 2990 3049 3059 ἰδίᾳ
3081 2989 3174 3041 τὸν
3221 2988 3439 3041 νεανίαν
3487 2985 3700 3041 ἀπολαο

2121 3083 2268 3147 οων,
2324 3083 2506 3138 ἔλαιον
2568 3084 2827 3155 καταχέει
2882 3083 2985 3153 τῆς
3039 3082 3207 3137 αὐτοῦ
3272 3082 3541 3153 κεφαλῆς.
3586 3083 3699 3136 Kal
3794 3098 3797 3103 '

2124 3173 2358 3245 φιλήσας
2388 3171 2573 3241 αὐτὸν,
2606 3173 2858 3243 Κέχρικέ
2884 3190 2958 3228 σε
2984 3174 3198 3242 Κύριος
3227 3172 3517 3243 ἄρχοντα,
3562 3170 3695 3242 ἔφη,

2119 3268 2221 3323 ἐπὶ
2257 3270 2365 3323 τὸν
2389 3269 2541 3323 λαὸν
2562 3268 2750 3323 αὑτοῦ
2792 3267 3064 3335 Ἰσραήλ.
3105 3266 3215 3322 Kal
3253 3269 3411 3322 ἐστω
3445 3265 3702 3333 σημεῖον

2117 3360 2226 3415 τοῦ
2244 3364 2597 3429 χρίσματος,
2613 3348 2677 3412 τὸ
2701 3358 3082 3427 συναντῆσαι
3104 3374 3204 3412 σοι
3226 3357 3360 3425 περὶ
3375 3355 3486 3411 τὸν
3507 3355 3701 3424 τάφον

2130 3450 2383 3521 Ῥαχὴλ,
2441 3450 2670 3519 ἄνδρας
2724 3450 2834 3505 δύο
2889 3450 3006 3518 τὴν
3064 3450 3312 3517 εὕρεσιν
3366 3446 3488 3503 τῶν
3544 3448 3704 3503 ὄνων

2118 3542 2685 3614 εὐαγγελιζομένου(
2742 3558 2865 3598 σοι.
2912 3543 3023 3597 Kal
3072 3541 3213 3597 ἄλλα
3247 3542 3305 3596 δὲ
3351 3542 3556 3613 σημεῖα
3603 3540 3700 3593 τοῦ

2120 3637 2412 3708 ἀληθεύειν
2469 3632 2624 3689 εἶπεν
2692 3634 2865 3703 αὐτῷ,
2922 3635 3020 3689 καὶ
3069 3635 3154 3688 ὅτι
3209 3632 3580 3705 προφητεύσει
3641 3632 3702 3684 ὲν

2121 3728 2345 3785 Γαϐαθᾶ
2393 3728 2636 3798 γεγονὼς
2678 3730 2818 3799 μετά
2875 3727 2987 3780 τῶν
3033 3726 3154 3779 ἐκεῖ
3206 3724 3533 3795 προφητῶν.
3584 3723 3700 3777 Kal

2122 3825 2275 3898 ἥξειν
2311 3828 2393 3891 είς
2436 3826 2693 3895 Γάλγαλα
2742 3824 2891 3894 αὐτῷ
2939 3820 3266 3885 ἐνετείλατο,
3316 3819 3479 3892 ἡνίκα
3533 3835 3703 3890 μετα-

2124 3919 2351 3989 πεμφθῇ
2387 3917 2520 3989 παρ’
2553 3917 2740 3971 αὐτοῦ.
2772 3916 3107 3985 Συνήθροισε
3135 3913 3179 3966 δ’
3206 3912 3402 3968 ἔπειτα
3430 3910 3522 3966 τὸν
3549 3910 3703 3976 λαὸν,

2124 4013 2220 4065 καὶ
2250 4010 2489 4080 κλήρους
2532 4009 2716 4079 βαλεῖν
2766 4008 3023 4062 ἐκέλευσε
3076 4005 3178 4068 τὰς
3227 4004 3422 4074 φυλὰς,
3464 4003 3532 4057 ἵν’
3564 4002 3704 4058 ἀνα-

2122 4102 2363 4174 δειχθείη
2395 4105 2459 4156 ὲκ
2487 4104 2647 4165 ποίας
2674 4104 2702 4155 6
2731 4099 3075 4173 βασιλεύσων
3093 4100 3297 4152 ἔσεται.
3336 4099 3576 4151 Ἔπεσεν
3609 4095 3705 4150 οὖν

2123 4194 2151 4246 ὁ
2179 4193 2380 4264 κλῆρος
2412 4195 2491 4256 είς
2520 4193 2618 4263 τὴν
2649 4189 3025 4261 Βενιαμίτιδα,
3060 4188 3180 4244 εἶτα
3212 4191 3292 4252 είς
3325 4189 3429 4260 τὴν
3458 4187 3702 4259 πατριὰν

2125 4281 2387 4353 Βατταρί.
2436 4282 2575 4335 Κατ’
2607 4281 2777 4352 ἄνδρα
2805 4281 2863 4333 δὲ
2891 4281 2989 4350 τῆς
3023 4281 3264 4345 πατριᾶς
3302 4277 3703 4349 κληρωθείσης,

2127 4375 2206 4439 εἰς
2229 4374 2319 4427 τον
2342 4372 2516 4426 Σαοὺλ
2540 4371 2568 4424 6
2597 4373 2799 4443 κλῆρος
2839 4371 3122 4436 ἐξέπεσεν.
3162 4370 3252 4434 Ὣς
3283 4370 3341 4423 δὲ
3367 4368 3707 4441 ζητούμενος

2128 4464 2230 4517 οὐκ
2262 4459 2352 4535 ἦν,
2391 4465 2607 4532 μυεῖται
2638 4463 2669 4515 6
2717 4460 2973 4531 Σαμουὴλ
3025 4460 3177 4531 παρὰ
3228 4461 3325 4513 τοῦ
3377 4459 3516 4513 Θεοῦ
3568 4460 3703 4513 ὅπου

444 4556 775 4613 irridebant.
802 4560 934 4615 Post
971 4575 1217 4615 mensem
1258 4561 1400 4615 Naas
1441 4561 1884 4615 Ammanitarum
1921 4574 2018 4613 rex

2125 4553 2471 4625 ἐκέκρυπτο·
2530 4555 2625 4607 καὶ
2681 4552 2943 4624 ἀχθέντα,
2991 4551 3192 4623 ἔστησε
3257 4551 3443 4622 μέσον.
3480 4551 3590 4605 Kal
3635 4545 3707 4621 ἦν

443 4646 616 4703 Jaben
650 4647 1002 4705 Galaaditicse
1034 4650 1286 4713 obsidet,
1325 4666 1433 4705 non
1480 4650 1586 4705 alia
1615 4649 1933 4705 conditione
1965 4664 2024 4706 se

444 4748 583 4802 viris
614 4762 838 4818 parcere
885 4750 1027 4805 velle
1066 4748 1279 4811 dicens,
1330 4747 1438 4803 nisi
1486 4747 1741 4802 dextrum
1798 4747 2023 4802 oculum

446 4839 553 4894 sibi
591 4839 827 4909 quisque
864 4839 1177 4897 eruendum
1210 4839 1475 4894 traderet.
1522 4836 1607 4893 llli
1654 4846 1865 4907 septem
1902 4837 2026 4893 die-

449 4947 574 4985 rum
622 4932 872 4988 inducias
921 4941 1163 5004 petunt:
1202 4933 1271 4987 iis
1321 4930 1650 5001 impetratis,
1701 4931 1927 4985 nuntios
1968 4931 2025 4986 itt

446 5025 842 5082 Galaaditicam
867 5027 979 5099 60
1005 5027 1253 5081 mittunt.
1280 5025 1499 5081 Auditis
1540 5027 1865 5080 Ammanitae
1901 5040 2029 5080 ver-

452 5119 556 5182 bis,
590 5119 825 5190 p0pulus
848 5120 1036 5190 luget:
1067 5117 1198 5174 Saul
1233 5134 1366 5174 vero
1398 5116 1607 5187 ingenti
1638 5117 1722 5171 ira
1759 5118 2024 5186 percitus,

450 5212 591 5267 duos
629 5212 799 5267 boves
839 5195 1192 5267 membratim
1236 5212 1489 5267 concisos
1541 5209 1596 5264 in
1647 5225 1839 5265 omnes
1893 5211 2028 5265 lines

451 5305 822 5360 lsraelitarum
862 5305 1053 5370 mittit,
1100 5304 1490 5370 comminatus,
1522 5303 1718 5359 eodem
1770 5302 1935 5359 modo
1968 5318 2029 5358 se

451 5407 812 5453 tractaturum
842 5414 958 5462 eos,
988 5396 1083 5467 qui
1130 5395 1198 5450 ad
1232 5395 1636 5467 propulsandus
1680 5393 2030 5450 Ammanitas

455 5506 564 5543 non
604 5490 883 5545 adessent.
928 5490 1214 5547 Concursu
1257 5486 1442 5560 populi
1479 5487 1642 5550 facto,
1684 5502 2029 5557 numeroque

456 5579 617 5644 inito,
649 5581 867 5635 inventa
898 5591 1029 5637 sunt
1054 5581 1300 5637 virorum
1335 5581 1684 5651 septingenta
1719 5579 1890 5634 millia
1929 5596 1942 5632 :
1973 5587 2031 5632 et

456 5673 587 5728 Saul
633 5675 861 5730 numine
906 5676 1118 5732 aﬂlatus
1166 5675 1436 5746 praedicit,
1482 5673 1710 5729 labinos
1764 5673 2030 5737 postridie

456 5767 575 5821 fore
615 5768 815 5822 salvos.
847 5767 1151 5837 Totamque
1186 5776 1402 5822 noctem
1442 5780 1567 5821 cum
1600 5762 1847 5818 exercitu
1902 5778 2027 5832 pro—

454 5858 655 5919 lectus,
684 5858 830 5914 circa
876 5857 1103 5918 primam
1134 5856 1375 5917 vigiliam
1422 5855 1489 5911 ad
1521 5853 1864 5910 Atntnanitas
1898 5869 2026 5915 ner-

2128 4647 2473 4718 ύπερωμίας,
2509 4648 2604 4701 καὶ
2642 4647 2861 4701 πάντων
2899 4645 3188 4717 ὑπερέχων
3245 4644 3387 4697 κατά
3435 4643 3536 4715 τὴν
3592 4643 3711 4714 ήλιο

2128 4740 2255 4794 κίαν
2287 4737 2383 4792 τοῦ
2411 4738 2692 4809 σώματος.
2742 4738 2856 4791 Kal
2906 4738 3046 4808 πρὸς
3076 4736 3137 4790 τὸ
3178 4736 3383 4806 πλῆθος
3432 4735 3637 4806 ἔφησεν
3681 4737 3711 4789 6

2127 4830 2437 4901 προφήτης,
2484 4830 2707 4885 Τοῦτον
2751 4830 3000 4898 ἔχρισεν
3031 4827 3176 4896 ὑμῖν
3229 4829 3317 4893 εις
3358 4827 3628 4891 βασιλέα
3675 4829 3710 4881 ό

2128 4923 2365 4990 Κύριος,
2391 4915 2441 4989 ᾧ
2474 4923 2584 4975 οὑκ
2611 4921 2786 4975 ἔστιν
2823 4919 3027 4989 ὅμοιος
3054 4918 3125 4971 ἐν
3147 4916 3334 4972 πᾶσιν
3365 4916 3511 4986 ὑμῖν
3533 4932 3546 4947 ·
3591 4918 3620 4969 6
3650 4916 3708 4969 δὲ

2129 5012 2260 5077 λαὸς
2286 5013 2673 5083 ἐπευφήμησε,
2727 5012 2824 5065 καὶ
2878 5010 3055 5064 εἶπενο
3100 5008 3270 5075 Ζήτω
3326 5008 3705 5072 όβασιλεύς.

2132 5105 2291 5162 Οὕτω
2308 5107 2365 5160 δὲ
2394 5106 2473 5176 τῷ
2502 5105 2677 5160 Σαοὺλ
2705 5102 3109 5175 βασιλεύσαντι,
3139 5101 3326 5155 πολλοὶ
3357 5102 3458 5171 μὲν
3486 5103 3712 5170 προσεῖ-

2130 5217 2225 5272 χον
2252 5199 2327 5263 ὼς
2366 5198 2598 5269 βασιλεῖ,
2623 5199 2719 5252 καὶ
2746 5197 2888 5251 κατὰ
2912 5196 2972 5249 τὸ
2993 5196 3273 5267 προσῆκον
3296 5195 3495 5262 ἐτίμων
3519 5194 3704 5259 αὑτὸν,

2132 5293 2319 5347 πολλοὶ
2350 5292 2406 5344 δὲ
2449 5290 2820 5361 κατεφρόνουν
2850 5305 2909 5341 τε
2958 5293 3056 5341 καὶ
3091 5284 3408 5356 ἐχλεύαζον.
3459 5283 3614 5337 Μετὰ
3647 5283 3709 5335 δὲ

2134 5386 2302 5458 μῆνα,
2333 5384 2487 5447 Νάας
2518 5385 2545 5436 ὁ
2575 5383 2685 5436 τῶν
2723 5380 3085 5451 Ἀμμανιτῶν
3118 5379 3392 5445 βασιλεὺς,
3421 5376 3710 5445 στρατεύει

2131 5479 2224 5532 ἐπὶ
2253 5476 2449 5540 Ἰαεεὶς
2472 5474 2708 5539 Γαλαὰδ,
2745 5474 2820 5544 μὴ
2848 5473 3027 5536 ἄλλως
3060 5471 3239 5538 λέγων
3276 5468 3567 5537 φείσασθαι
3600 5469 3709 5522 τῶν

2131 5571 2363 5643 ἀνδρῶν,
2413 5571 2463 5622 εἰ
2512 5569 2586 5639 μὴ
2633 5568 2800 5621 δῶσιν
2858 5567 3010 5635 αύτῷ
3069 5564 3163 5617 τὸν
3213 5563 3448 5617 ἑκάστου
3506 5562 3711 5627 ἐξελεῖν

2132 5664 2304 5730 δεξιὸν
2361 5660 2661 5731 ὀφθαλμόν.
2724 5661 2787 5714 Οἱ
2838 5658 2897 5712 δὲ
2959 5660 3161 5728 ἀνοχὴν
3223 5655 3498 5726 ἐζήτησαν
3568 5654 3711 5707 ἑπτὰ

2134 5755 2397 5828 ἡμερῶν·
2446 5754 2541 5806 καὶ
2601 5751 2898 5815 λαϐόντες,
2933 5750 3244 5820 πέμπουσιν
3302 5748 3572 5817 ἀγγέλους
3631 5747 3711 5810 είς

2135 5848 2372 5906 Γαλαάδ.
2406 5847 2513 5901 Kal
2562 5843 2896 5909 ἀκούσαντες
2942 5845 2992 5897 ol
3028 5844 3144 5897 ἐκεῖ
3191 5843 3318 5905 τοὺς
3369 5841 3563 5911 λόγους
3612 5835 3708 5893 τοῦ
