4098 6396
368 375 457 438 1‘29

1630 368 2044 431 ANNALIUM
2087 366 2240 430 LIB.
2288 365 2336 425 Ι.

3507 366 3611 431 130

371 488 732 559 ’Λμμανίτου,
786 488 1118 560 ὲθρήνησαν.
1188 488 1247 541 Ὀ
1312 489 1369 543 δὲ
1427 489 1600 543 Σαοὺλ
1659 485 1920 557 ὲθυμὼθη

2025 478 2176 534 venit
2207 494 2221 531 :
2258 492 2323 533 ac
2358 475 2628 531 trifariam
2677 475 2872 531 divisis
2909 475 3112 546 cupiis,
3148 475 3337 532 hostes
3365 477 3607 533 circum-

362 580 556 648 σφόδρα
575 596 590 611 ·
626 579 719 632 καὶ
749 578 933 631 λαϐὼν
960 579 1053 631 δύο
1084 580 1235 649 βόας,
1267 579 1520 649 ὲμέλισεν
1568 580 1790 645 αὐτοὺς,
1834 578 1927 632 καὶ

360 670 665 725 ἀπέστειλεν
715 671 794 733 είς
847 669 958 723 πᾶν
996 669 1146 740 ὃριον
1206 669 1444 741 Ἰσραὴλ,
1489 669 1731 723 ἀπειλῶν
1785 667 1927 722 οὕτω

360 761 532 831 θήσειν
555 761 680 823 τοὺς
706 761 780 829 μὴ
809 760 954 812 κατὰ
979 759 1091 813 τῶν
1118 759 1472 830 Ἀμμανιτῶν
1498 756 1927 828 συνεκστρατεύ-

360 869 548 914 σαντας
578 850 750 921 αὐτῷ.
773 852 1184 923 Συνδραμόντος
1213 851 1272 905 δὲ
1302 852 1397 905 τοῦ
1423 852 1577 917 λαοῦ,
1617 851 1927 921 ἠρίθμησεν

358 945 563 1006 αὐτοὺς,
594 944 690 997 καὶ
723 937 849 1013 εὗρε
886 944 1156 1013 μυριάδας
1201 943 1600 1013 ἑϐδομήκοντα.
1652 944 1762 997 Καὶ
1792 944 1927 1013 ἔφη·

356 1036 477 1089 λατο
515 1035 736 1107 πνεῦμα
766 1037 974 1107 Κυρίου
1010 1039 1104 1089 ἐπὶ
1135 1037 1331 1101 Σαοὺλ,
1364 1037 1458 1089 καὶ
1486 1036 1925 1107 προεφήτευσεν,

356 1127 516 1180 είπὼν
549 1126 624 1190 ὡς
651 1126 843 1197 αὕριον
872 1130 1027 1181 ἔσται
1057 1130 1171 1190 τοῖς
1215 1128 1475 1199 ἀνδράσιν
1520 1127 1711 1191 Ἰαϐεὶς
1747 1145 1926 1198 σωτη-

356 1221 457 1291 ρία.
510 1222 620 1274 Καὶ
668 1220 913 1283 ἀναστὰς
959 1218 1232 1287 ἐπορεύθη
1279 1219 1442 1283 αὑτός
1491 1236 1551 1272 τε
1609 1222 1703 1273 καὶ
1742 1221 1770 1272 ό
1796 1217 1927 1283 λαὸς

350 1308 414 1361 δι’
450 1309 580 1379 ὅλης
615 1309 716 1378 τῆς
742 1309 959 1372 νυκτός.
993 1311 1101 1362 Καὶ
1133 1310 1262 1379 περὶ
1294 1308 1392 1379 τὴν
1413 1305 1641 1378 πρώτην
1668 1307 1921 1377 φυλακὴν

350 1399 544 1469 ἐπῆλθε
613 1402 727 1463 τοῖς
798 1400 1203 1467 Ἀμμανίταις,
1267 1402 1428 1470 τριχῇ
1490 1399 1552 1451 τὸ
1604 1400 1925 1469 στράτευμα

346 1490 551 1546 διελών.
606 1493 718 1545 Καὶ
773 1493 1201 1562 κυκλωσάμενος
1260 1489 1483 1556 αὐτοὺς,
1544 1488 1775 1553 πολλοὺς
1825 1489 1924 1559 μὲν

347 1584 659 1646 ἀπέκτεινε,
702 1585 796 1636 καὶ
829 1582 995 1635 αὑτὸν
1036 1583 1130 1636 τὸν
1182 1580 1409 1652 βασιλέα
1446 1581 1602 1644 Νάας
1629 1597 1644 1614 ·
1692 1576 1821 1643 τοὺς
1866 1580 1924 1633 δὲ

348 1673 783 1746 περισωθέντας,
819 1674 1089 1745 ἐτρέψατο
1119 1676 1196 1736 εἰς
1214 1673 1413 1744 φυγὴν,
1449 1673 1544 1726 καὶ
1572 1674 1652 1736 εἰς
1678 1672 1779 1742 τὴν
1813 1670 1920 1743 χώ-

346 1779 441 1833 ραν
494 1763 677 1816 αὐτῶν
726 1763 1005 1833 ἐμϐαλὼν,
1061 1764 1157 1816 καὶ
1214 1762 1477 1834 πλείστην
1508 1762 1658 1816 λείαν
1714 1761 1919 1829 λαϐὼν,

2029 571 2144 636 dat,
2199 569 2405 624 multos
2448 568 2631 633 caedit,
2675 568 2969 637 ipsumque
3006 582 3188 636 regem
3223 569 3415 624 Naam.
3456 571 3610 626 Reli-

2028 676 2170 731 quos
2217 659 2422 725 fundit,
2474 669 2531 713 et
2564 659 2926 729 impressione
2977 660 3031 713 in
3082 676 3274 715 eorum
3329 663 3609 732 regionem

2028 743 2194 815 facta,
2228 749 2524 819 opimaque
2551 749 2732 817 praeda
2765 757 2920 817 parta
2941 786 2956 812 ,
2990 747 3221 803 illustris
3268 751 3490 805 domum
3522 768 3613 806 re-

2027 842 2287 906 vertitur,
2335 856 2515 911 neque
2548 842 2660 912 jam
2706 840 3046 908 contemptui
3080 840 3357 902 habetur,
3396 843 3489 896 sed
3538 843 3612 897 ob

2025 932 2412 988 fortitudinem
2441 933 2773 996 celebratur,
2801 941 2851 985 et
2879 931 3183 985 honoratur
3208 932 3277 985 ab
3302 931 3370 985 iis
3422 933 3610 995 etiam,

2027 1039 2059 1078 a
2108 1025 2313 1094 quibus
2358 1025 2566 1079 dudum
2609 1024 2984 1079 subsannatus
3029 1023 3226 1076 fuerat.
3278 1025 3464 1092 Itaque
3511 1025 3610 1078 Sa-

2033 1121 2181 1173 muel
2242 1135 2440 1174 rursus
2485 1126 2819 1190 congregato
2873 1118 3117 1187 populo,
3153 1117 3371 1172 Saulem
3426 1119 3612 1172 denuo

2028 1226 2218 1281 regem
2249 1212 2575 1283 proclamat,
2626 1212 2829 1266 iterum
2872 1211 3162 1265 inunetum
3202 1211 3346 1264 oleo.
3379 1210 3470 1264 Sic
3507 1211 3615 1264 lle-

2024 1302 2300 1358 braeorum
2339 1306 2652 1375 respublica
2682 1319 2750 1360 ex
2778 1304 3106 1373 optimatum
3155 1302 3390 1371 imperio
3419 1303 3476 1357 in
3527 1319 3616 1357 rc-

2025 1411 2193 1467 gnum
2228 1407 2314 1451 est
2343 1406 2553 1451 mutata
2586 1414 2600 1450 :
2627 1413 2753 1452 nam
2785 1397 2888 1451 sub
2918 1396 3068 1451 Mose
3100 1405 3155 1450 et
3188 1395 3318 1450 Jesu
3344 1397 3615 1463 parebant

2024 1487 2412 1556 optimatibus,
2448 1498 2591 1558 post,
2626 1505 2724 1558 per
2750 1503 2926 1543 annos
2955 1488 3266 1543 octodecim
3292 1489 3613 1558 magistratu

2024 1587 2373 1645 caruerunt;
2416 1580 2618 1635 deinde
2662 1579 2767 1636 sub
2800 1580 2868 1635 iis
2900 1580 3075 1643 fuere,
3117 1580 3212 1648 qui
3242 1579 3469 1635 Judices
3514 1595 3612 1634 vo-

2024 1664 2333 1738 cabantur,
2378 1672 2716 1744 judiciorum
2768 1683 2824 1727 et
2872 1686 3060 1728 rerum
3104 1671 3355 1727 omnium
3395 1687 3613 1727 summa

2028 1764 2123 1818 uni
2160 1779 2227 1818 ex
2260 1763 2488 1835 optimis
2516 1764 2811 1834 permissa.

342 1853 605 1925 λαμπρῶς
661 1857 1049 1924 ὲπανέζευξεν.
1096 1858 1301 1912 Οὐκέτι
1353 1857 1487 1927 γοῦν
1533 1857 1712 1926 ⁴ὴδόξιει
1759 1858 1912 1929 παρά
1950 1874 2130 1950 τισιν,
2185 1857 2301 1912 ἀλλ’
2351 1857 2439 1910 ἐπ’
2494 1858 2716 1928 ἀνδρείᾳ
2799 1855 3145 1923 διαϐεϐόητο,
3201 1857 3297 1910 καὶ
3348 1856 3614 1928 τετίμητο

341 1948 430 2000 καὶ
462 1950 578 2012 τοῖς
629 1950 822 2019 πρώην
881 1950 1044 2003 αὑτὸν
1099 1948 1446 2019 χλευάζουσι.
1506 1947 1841 2017 Συναγαγὼν
1875 1948 1932 2001 δὲ
1969 1943 2130 2012 αὖθις
2154 1948 2181 2002 ὁ
2204 1948 2460 2020 Σαμουὴλ
2487 1947 2580 2001 τὸν
2608 1947 2755 2012 λαὸν,
2779 1946 2861 2010 δὶς
2892 1945 3217 2016 ἀναγορεύει
3280 1946 3374 1998 τὸν
3439 1946 3613 2000 Σαοὺλ

340 2043 565 2113 βασιλέα
616 2045 812 2115 χρίσας
847 2045 924 2114 τῷ
963 2042 1129 2115 ἐλαίῳ
1168 2047 1264 2098 καὶ
1303 2044 1469 2101 πάλιν
1507 2045 1693 2101 αὐτόν.
1758 2045 2077 2099 Μετέπεσεν
2140 2044 2242 2099 οὖν
2298 2048 2332 2117 η
2396 2045 2506 2099 τῶν
2543 2044 2812 2115 Ἐϐραίων
2844 2042 3092 2096 πολιτεία
3131 2045 3211 2108 είς
3246 2041 3525 2113 βασιλείαν
3552 2045 3613 2110 ἐξ

338 2139 792 2211 ἀριστοκρατείας
827 2155 841 2170 ο
899 2140 993 2193 ἐπὶ
1054 2140 1164 2212 γὰρ
1217 2140 1502 2202 Μωῡσέως
1560 2142 1656 2194 καὶ
1730 2138 1907 2210 Ἰησοῦ
1946 2140 2507 2212 ἀριστοκρατούμενοι
2562 2136 2743 2211 ἦσαν·

2830 2134 2951 2193 εἶτα
3007 2137 3097 2193 ἐπ’
3128 2138 3223 2208 ἐτη
3309 2139 3442 2193 δέκα
3511 2141 3611 2192 καὶ

335 2231 497 2298 ὀκτὼ,
533 2234 763 2302 ἄναρχοι
800 2231 1110 2285 διετέλεσαν
1133 2247 1148 2262 ·
1202 2232 1486 2286 είσέπειτα
1520 2232 1566 2285 δ’
1611 2231 2042 2305 ἦρχθησανη-ύπὸ
2079 2232 2189 2287 τῶν
2234 2232 2588 2304 καλουμένων
2636 2229 2865 2304 κριτῶν,
2889 2289 2904 2301 ,
2933 2230 3012 2301 τῷ
3080 2231 3292 2303 ἀρίστῳ
3365 2230 3612 2295 δικάζειν

338 2330 461 2399 περὶ
490 2328 607 2381 τῶν
631 2329 770 2381 ὅλων
800 2329 897 2380 καὶ
925 2330 1234 2395 οἰκονομεῖν
1263 2329 1681 2401 ἐπιτρέποντες.

400 2422 541 2475 κη’.
601 2421 707 2474 Τοῦ
770 2421 828 2474 δὲ
879 2422 1139 2494 Σαμουὴλ
1196 2421 1585 2493 ἑξορκίσαντος
1637 2424 1730 2478 τὸν
1784 2423 1921 2479 λαδν

2101 2417 2342 2473 XXVIII.
2394 2418 2647 2476 Samucle
2710 2433 2880 2489 porro
2935 2426 3284 2474 sacramento
3340 2420 3608 2490 populum

335 2515 535 2581 εἰπεῖν,
569 2513 625 2566 εἴ
649 2531 704 2567 τι
753 2513 942 2568 ἄδικον
1000 2517 1301 2586 είργάσατο
1346 2519 1425 2581 είς
1461 2519 1685 2584 αὐτοὺς,
1715 2519 1921 2583 πάντες

331 2604 561 2667 δικαίως
619 2604 784 2658 αὑτὸν
835 2607 931 2659 καὶ
982 2606 1162 2669 καλῶς
1215 2607 1519 2678 προστῆναι
1576 2606 1673 2661 τοῦ
1728 2607 1921 2672 ἔθνους

335 2697 596 2768 ἐϐόησαν.
636 2698 696 2751 '0
740 2697 797 2751 δὲ
836 2700 1020 2762 αὐτοῖς
1073 2699 1436 2770 ἀπεκρίνατο,
1472 2702 1639 2757 "Iace
1682 2701 1762 2768 ὡς
1809 2718 1917 2771 με·

332 2792 485 2862 τάλα
509 2792 915 2864 ἡμαρτήκατε,
943 2793 1215 2859 ,ϐασιλέα
1237 2794 1477 2861 ἑαυτοῖς
1499 2793 1914 2865 αἰτησάμενοι,

332 2883 449 2938 κάκ
503 2885 731 2939 τούτου
782 2886 1203 2955 παρωργίσατε
1235 2888 1343 2940 τὸν
1375 2886 1545 2941 Geor.
1589 2887 1805 2942 Ἔσται
1848 2886 1919 2941 δὲ

334 2973 509 3029 τοῦτο
549 2976 808 3045 σημεῖον
829 2976 995 3045 ὑμῖν,
1024 2976 1091 3031 τὸ
1119 2977 1332 3046 θέρους
1365 2979 1437 3033 ἐν
1467 2977 1630 3048 ἀκμῇ
1656 2978 1920 3049 χειμῶνα

331 3066 729 3135 μνήσεσθαι.
756 3071 867 3122 Καὶ
894 3071 1037 3124 κατά
1066 3069 1159 3125 τὸν
1192 3072 1475 3143 προφήτου
1507 3071 1667 3140 λόγον
1695 3071 1919 3143 βρονταὶ

241 3202 249 3214 .
332 3157 426 3211 καὶ
454 3160 743 3229 ἀστραπαὶ
775 3159 1061 3228 γεγόνασι,
1093 3161 1405 3233 κατηνέχθη
1432 3178 1496 3215 τε
1547 3161 1788 3233 χάλαζα,
1839 3162 1918 3226 ὼς

328 3248 447 3312 δέος
495 3252 772 3320 ἐμπεσεῖν
815 3251 894 3322 τῷ
932 3250 1066 3323 λαῷ,
1103 3253 1199 3307 καὶ
1228 3253 1497 3307 ἱκετεύειν
1538 3254 1631 3308 τὸν
1661 3254 1916 3325 Σαμουὴλ

334 3340 670 3394 ίλεώσασθαι
722 3340 816 3395 τὸν
865 3343 999 3396 θεὸν
1050 3345 1236 3407 αὐτοῖς
1285 3344 1660 3416 ἁμαρτήσασι.
1706 3346 1828 3399 Τῶν
1859 3345 1916 3400 δὲ

330 3430 714 3485 Παλαιπινῶν
742 3435 869 3497 τοὺς
911 3434 1200 3504 Ἐϐραίους
1250 3437 1763 3507 καταστρεφόντων,
1819 3436 1917 3491 καὶ

327 3522 396 3576 τά
423 3524 577 3577 ὅπλα
614 3524 766 3594 σφῶν
800 3527 1244 3599 ἀφαιρουμένων,
1282 3529 1486 3599 σιδήρῳ
1516 3546 1577 3583 τε
1608 3528 1914 3600 κεχρῆσθαι

327 3614 817 3686 ἀπαγορευόντων,
850 3619 879 3669 ό
912 3617 1090 3670 Σαοὺλ
1121 3619 1201 3681 εἰς
1232 3618 1488 3687 Γάλγαλα
1523 3620 1794 3685 καταϐὰς,
1828 3619 1915 3671 ἐπ’

2023 2511 2302 2583 adigente,
2342 2520 2403 2566 ut
2431 2510 2705 2577 dicerent,
2732 2525 2865 2564 ntun
2896 2524 3004 2580 qua
3052 2510 3254 2582 injuria
3298 2511 3427 2567 illus
3470 2512 3612 2568 affe-

2022 2606 2189 2662 cisset
2236 2620 2252 2659 :
2304 2605 2688 2660 exclamarunt
2744 2620 2958 2671 omnes,
3017 2619 3143 2659 eum
3188 2606 3338 2676 juste
3369 2616 3426 2660 et
3466 2607 3611 2663 bene

2024 2701 2174 2772 genti
2206 2699 2513 2770 praefuisse.
2549 2697 2691 2753 Tum
2722 2698 2815 2753 ille
2841 2712 2856 2750 :
2888 2695 3103 2763 Scitote,
3141 2696 3340 2766 inquit,
3373 2714 3461 2752 vos
3492 2714 3612 2770 rege

2022 2796 2321 2868 ﬂagitando
2392 2796 2627 2867 graviter
2681 2792 2984 2864 deliquisse,
3046 2808 3212 2862 eaque
3260 2808 3315 2846 re
3369 2794 3635 2849 irritassei

2018 2887 2194 2942 Deum
2221 2903 2240 2942 :
2276 2888 2425 2956 cujus
2464 2886 2601 2940 illud
2638 2884 2778 2939 vobis
2814 2887 3027 2955 signum
3072 2886 3195 2949 erit,
3241 2884 3383 2955 quod
3417 2887 3608 2940 adulta

2022 2990 2208 3038 testate
2256 2988 2537 3049 tempestas
2585 2979 2807 3032 orietur.
2855 2976 2969 3031 Nec
3012 2991 3210 3043 mora,
3270 2976 3513 3031 tonitrua
3551 2987 3609 3032 et

2017 3078 2256 3150 fulgura,
2289 3084 2351 3130 ut
2380 3073 2661 3144 Propheta
2697 3072 2932 3136 dixerat,
2957 3078 3284 3140 eruperunt,
3320 3077 3376 3123 et
3401 3070 3610 3140 grando
3688 3124 3702 3136 ,

2019 3168 2202 3225 delata
2224 3175 2330 3233 est,
2362 3176 2421 3221 ut
2457 3166 2693 3236 populus
2718 3160 3147 3233 perterrefactus
3170 3160 3486 3215 Samuelem
3514 3177 3608 3215 ro-

2019 3267 2175 3330 garet
2204 3268 2267 3314 ut
2296 3258 2408 3313 sibi
2436 3257 2763 3312 delictorum
2796 3268 2828 3308 a
2854 3253 2967 3308 Deo
2998 3254 3213 3306 veniam
3257 3252 3599 3322 impetraret.

2017 3353 2157 3409 Cum
2205 3360 2390 3407 autem
2434 3348 2710 3405 Palaestini
2743 3346 3002 3401 Hebraeos
3046 3344 3396 3415 subigerent,
3439 3344 3608 3397 armis

2019 3444 2294 3514 ademptis
2347 3452 2404 3497 et
2468 3458 2571 3496 usu
2623 3439 2757 3495 ferri
2818 3439 3135 3499 interdicto,
3194 3436 3324 3491 Saul
3386 3435 3608 3507 Galgala

2020 3535 2326 3595 descendit.
2361 3537 2626 3604 populum
2656 3541 2715 3586 ut
2744 3531 2809 3585 ad
2849 3528 3234 3584 vindicandam
3281 3535 3475 3581 contra
3504 3526 3609 3581 Pa-

2018 3629 2263 3684 laestinos
2292 3628 2602 3683 libertatem
2625 3630 2943 3693 exsurgeret
2966 3620 3311 3676 cohortatus.
3339 3619 3452 3674 Illis
3476 3634 3612 3675 vero

327 3705 626 3779 ιλευθερίᾳ
650 3707 743 3760 τὸν
770 3707 897 3763 λαὸν
946 3711 1089 3762 κατά
1125 3711 1234 3764 τῶν
1294 3710 1669 3766 Παλαιστινῶν
1726 3712 1915 3766 διαναι

2024 3719 2430 3776 multitudinem
2451 3716 2696 3773 hostium
2721 3713 3234 3778 reformidantibus,
3254 3727 3351 3766 rex
3376 3711 3623 3779 Samue-,

333 3773 538 3868 στῆναι⁷
585 3773 861 3869 ἠρέθιζεν,
903 3803 957 3853 οἱ
992 3800 1039 3853 δ’
1071 3802 1411 3872 ηύλαϐοῦντο
1453 3803 1544 3858 διὰ
1593 3803 1658 3857 τὸ
1711 3804 1920 3876 πλῆθος

2024 3816 2128 3869 lem
2158 3814 2226 3868 ad
2257 3829 2316 3868 se
2343 3820 2524 3868 vocat.
2564 3810 2614 3864 Is
2644 3816 2765 3878 post
2794 3822 2891 3861 sex
2928 3806 3047 3862 dies
3072 3813 3365 3861 venturum
3388 3795 3603 3856 consti-

328 3889 438 3942 τῶν
480 3889 752 3944 ἐναντίων
809 3890 869 3944 '0
901 3890 958 3945 δὲ
1007 3890 1264 3962 βασιλεὺς
1311 3898 1402 3947 τὸν
1434 3893 1695 3965 Σαμουὴλ
1726 3894 1917 3949 ἐκάλει

328 3980 467 4052 πρὸς
502 3982 727 4047 ἑαυτὸν,
759 3984 855 4035 καὶ
884 3983 944 4047 ὃς
998 3984 1116 4053 μεθ’
1149 3986 1368 4056 ἡμέρας
1398 3985 1461 4050 ἐξ
1508 3985 1919 4056 παραγενέσθαι

329 4072 644 4144 ὑπέσχετο,
706 4074 892 4129 θύσειν
947 4093 1007 4129 τε
1062 4078 1129 4149 τῇ
1181 4076 1409 4151 ἑϐδόμῃ,
1478 4076 1546 4131 ἶν’
1604 4076 1747 4131 οὕτω
1804 4080 1921 4142 τοῖς

326 4165 664 4235 ἀλλοφύλοις
732 4167 1101 4238 συμμίξωσιν.
1167 4170 1226 4222 '0
1284 4170 1344 4222 δέ
1405 4186 1471 4238 γε
1537 4170 1714 4223 Σαοὺλ
1777 4169 1920 4241 όρῶν

327 4259 419 4311 τὸν
449 4260 589 4314 λαὸν
646 4260 990 4334 ὑπορρέοντα
1037 4263 1134 4316 καὶ
1195 4261 1683 4332 καταλιμπάνοντα
1735 4261 1922 4327 αὐτὸν,

326 4351 551 4408 ἔθυσεν.
619 4353 887 4418 Ἀκούσας
908 4355 964 4407 δὲ
987 4355 1114 4428 ἄρτι
1161 4357 1459 4427 προσίοντα
1491 4358 1584 4410 τὸν
1641 4355 1920 4426 Σαμουὴλ,

328 4442 529 4514 ἐξῆλθε
554 4445 913 4515 συναντήσων
938 4445 1111 4515 αὐτῷ.
1138 4446 1196 4500 ’0
1218 4446 1296 4514 δὲ,
1328 4447 1389 4501 Τί
1408 4447 1585 4502 τοῦτο
1605 4446 1923 4515 ἐποίησας,

325 4534 458 4606 εφη,
498 4534 783 4603 παραϐάς
819 4553 941 4604 μου
991 4537 1108 4604 τὴν
1158 4535 1464 4603 ἐντολήν;
1505 4539 1663 4593 Ἵσσι
1693 4537 1924 4600 τοίνυν,

327 4626 409 4691 ὡς
440 4629 519 4680 οὐ
561 4627 1025 4693 συσταθήσεται
1059 4644 1178 4683 σου
1212 4630 1251 4697 ἡ
1282 4630 1596 4695 βασιλεία,
1636 4629 1797 4683 ἀλλὰ
1834 4627 1927 4696 ζη-

328 4719 509 4785 τήσει
534 4719 759 4787 Κύριος
787 4718 1107 4787 ἄνθρωπον
1131 4720 1285 4774 κατὰ
1311 4718 1425 4788 τὴν
1443 4720 1698 4789 καρδίαν
1716 4720 1926 4774 αὑτοῦ.

330 4810 442 4862 Καὶ
477 4808 840 4880 ἀνεχώρησεν
873 4810 1149 4881 Σαμουήλ.
1177 4809 1351 4865 Σαοὺλ
1380 4811 1438 4865 δὲ
1470 4812 1567 4865 καὶ
1610 4809 1867 4865 Ἰωνάθαν
1898 4813 1929 4864 ὁ

2025 3907 2151 3972 tuit,
2211 3915 2270 3960 ut
2316 3906 2406 3960 die
2455 3903 2693 3973 septimo
2740 3915 2801 3954 re
2840 3898 3027 3953 divina
3082 3898 3224 3951 facta
3270 3911 3396 3951 cum
3428 3894 3603 3950 hosti-

2022 4000 2127 4055 bus
2156 3998 2473 4068 conﬂigant.
2508 3996 2577 4049 At
2598 3993 2728 4048 Saul
2763 4007 2889 4046 cum
2920 3992 3141 4045 videret
3170 3990 3430 4058 pepulum
3461 3988 3602 4042 clam

2024 4094 2199 4158 abire,
2235 4106 2403 4159 seque
2439 4086 2621 4142 deseri
2645 4126 2659 4149 ,
2693 4083 2983 4138 immolat:
3010 4092 3067 4137 et
3103 4080 3293 4134 audito
3330 4078 3607 4133 Samuelis

2026 4186 2130 4254 61
2166 4196 2417 4244 accessu,
2463 4177 2683 4232 obviam
2722 4173 3096 4245 progreditur.
3116 4172 3197 4226 lbi
3223 4181 3376 4227 vates
3406 4189 3420 4226 :
3451 4172 3612 4242 Quid,

2026 4272 2210 4342 inquit
2235 4312 2248 4333 ,
2281 4270 2422 4325 istud
2452 4268 2626 4338 egisti,
2668 4264 2881 4320 violatis
2921 4265 3192 4335 praeceptis
3253 4265 3428 4318 meis?
3469 4266 3613 4319 Scito

2026 4366 2193 4435 igitur
2228 4380 2331 4417 non
2380 4360 2569 4415 stabile
2613 4358 2725 4428 fore
2774 4372 2995 4427 regnum
3044 4364 3194 4409 tuum
3241 4370 3259 4409 τ
3308 4356 3400 4409 sed
3431 4361 3614 4427 ηειωεί-

2028 4459 2205 4503 turum
2234 4466 2342 4502 esse
2360 4448 2529 4501 Deum
2551 4448 2810 4500 hominem
2824 4460 2887 4498 ea:
2913 4445 3078 4499 animi
3104 4447 3187 4497 sui
3215 4448 3501 4500 sententia.
3536 4447 3614 4501 lla

2028 4542 2284 4596 discessit
2314 4539 2560 4595 Samuel.
2592 4537 2724 4594 Saul
2756 4551 2887 4592 vero
2926 4544 2983 4590 et
3010 4535 3279 4591 Jonathas
3306 4537 3449 4592 Illius
3495 4539 3615 4608 ejus

2028 4648 2155 4689 cum
2237 4631 2511 4688 sexcentis
2589 4631 2863 4687 militibus
2941 4631 3262 4686 Gabaonem
3379 4630 3611 4699 profecti

2030 4732 2181 4780 sunt.
2213 4723 2554 4793 Alienigena;
2605 4730 2790 4777 autem
2841 4721 3019 4792 cepiis
3080 4722 3350 4775 trifariam
3402 4721 3615 4786 divisis,

2030 4832 2192 4888 agros
2239 4816 2614 4871 Israelitarum
2660 4814 3096 4884 populabantur.
3147 4814 3207 4869 Id
3258 4814 3411 4879 Saul,
3444 4814 3618 4869 Jona-

328 4904 447 4965 υἱὸς
490 4901 668 4955 αὐτοῦ
698 4897 834 4973 ἧκεν
863 4904 943 4965 εἰς
971 4902 1204 4966 Γαϐαὼ,
1245 4902 1345 4957 σὺν
1387 4901 1749 4972 στρατιώταις
1802 4901 1921 4969 ἑξα-

2037 4911 2163 4965 thas
2196 4917 2254 4963 et
2311 4907 2482 4963 Achia
2526 4906 2787 4963 sacerdos
2824 4921 2891 4962 ex
2936 4908 3050 4961 alto
3093 4907 3524 4976 conspicientes,
3561 4915 3619 4960 et

329 4994 568 5054 κοτίοις.
600 4992 699 5056 Et;
726 4993 852 5064 τρία
883 4994 941 5047 δὲ
971 4993 1338 5065 διαιρεθέντες
1364 4995 1414 5048 oi
1460 4994 1777 5063 ἀλλόφυλοι,
1830 4994 1921 5065 τὴτ

2034 5001 2106 5056 ob
2134 5000 2470 5071 paucitatem
2496 4998 2563 5053 ad
2593 5013 2755 5068 opem
2786 4997 3073 5053 ferendam
3118 4998 3380 5067 impares,
3416 4997 3619 5053 animis

329 5087 526 5158 χώραν
585 5084 701 5138 τῶν
772 5083 1122 5153 Ἰσραηλιτῶν
1174 5082 1473 5154 ἐληΐζοντο.
1512 5084 1686 5138 Σαοὺλ
1735 5084 1794 5139 δὲ
1831 5086 1921 5139 καὶ

2037 5093 2404 5164 angebantur.
2449 5090 2520 5144 At
2569 5088 2855 5155 Jonathas,
2888 5098 3045 5158 patre
3100 5089 3439 5152 inconsulto,
3488 5103 3613 5142 cum

342 5178 618 5232 ἰωνάθαν
651 5178 749 5230 καὶ
791 5176 947 5247 Ἀχιὰ
974 5179 1002 5229 ὁ
1040 5177 1332 5247 ἀρχιερεὺς
1359 5175 1453 5245 ἀφ’
1494 5176 1659 5245 ὕψους
1692 5176 1921 5248 δρῶντες

2035 5184 2157 5238 solo
2206 5180 2483 5250 armigero
2518 5178 2587 5233 de
2614 5178 2754 5232 colle
2784 5175 3133 5232 descendens
3165 5192 3180 5227 :
3225 5174 3616 5244 Aggrediamur

328 5274 400 5327 τά
421 5271 713 5343 δρώμενα,
742 5270 838 5323 καὶ
863 5269 1073 5339 ἀμῦναι
1100 5269 1168 5322 δι’
1200 5254 1544 5340 ὀλιγανδρίαν
1588 5270 1664 5341 μὴ
1711 5269 1921 5323 σθένον·

2024 5276 2229 5346 inquit,
2259 5282 2438 5327 castra
2470 5271 2701 5325 hostium
2731 5269 2861 5341 :qui
2887 5272 2934 5323 si
2958 5269 3104 5322 nobis
3127 5267 3353 5320 dixerint
3381 5281 3399 5318 :
3430 5263 3617 5318 Disce-

332 5381 451 5430 τες,
476 5362 737 5435 ἦχθοντο.
771 5363 831 5415 '0
857 5361 915 5415 δὲ
960 5361 1218 5415 ἰωνάθαν
1248 5361 1413 5432 μηδὲν
1439 5361 1610 5415 εἰπὼν
1630 5361 1710 5434 τῷ
1736 5362 1921 5433 πατρὶ.¹

2026 5368 2156 5433 dite,
2191 5382 2295 5421 non
2341 5364 2683 5419 ascendemus
2717 5362 2785 5416 ad
2835 5376 2946 5415 eos.
2998 5357 3095 5413 Sin
3127 5356 3410 5410 ascendere
3440 5355 3616 5424 jusse-

334 5458 599 5520 καταϐὰς
632 5456 744 5511 ἀπὸ
775 5456 871 5509 τοῦ
921 5455 1115 5526 βουνοῦ
1166 5456 1266 5510 σὺν
1311 5457 1458 5526 μόνῳ
1514 5455 1591 5525 τῷ
1644 5455 1921 5524 ὁπλοφόρῳ

2027 5459 2155 5524 rint,
2191 5472 2251 5511 ea
2283 5455 2441 5511 verba
2467 5453 2699 5509 victoria:
2724 5463 2917 5506 tessera
2944 5448 3185 5504 habenda
3219 5454 3393 5501 erunt.
3424 5446 3618 5516 Itaque

324 5548 535 5611 αὐτοῦ,
598 5546 1105 5618 Προσϐἀλλωμεν,
1153 5547 1281 5618 ἔφη,
1312 5547 1389 5615 τῇ
1414 5545 1534 5600 τῶν
1560 5545 1921 5614 ἀλλοφύλων

2027 5553 2097 5607 ad
2150 5558 2330 5605 castra
2362 5548 2603 5602 hostium
2648 5544 2845 5600 fertur.
2885 5542 2965 5596 Illi
3002 5559 3015 5595 :
3067 5541 3341 5595 Ascendite
3382 5539 3452 5593 ad
3500 5555 3616 5601 nos,

336 5637 702 5709 παρεμϐολῇ
727 5653 741 5667 ·
773 5638 872 5692 καί
901 5636 1087 5707 εἰμὲν
1105 5638 1359 5692 εἴπωσιν
1379 5638 1544 5706 ἡμῖν,
1582 5638 1921 5699 Ἀπόστητιι¹

2036 5639 2316 5710 inquiunt,
2350 5647 2426 5693 est
2454 5637 2594 5692 enim
2634 5636 2774 5706 quod
2813 5633 3074 5689 vobiscum
3106 5631 3495 5703 colloquamur.
3540 5629 3619 5686 Ea

336 5732 449 5785 οὐκ
465 5730 900 5801 ἁναόησόμεθα
913 5731 1064 5798 πρὸς
1083 5730 1305 5797 αὐτούς
1323 5731 1394 5783 ἐί
1411 5727 1463 5781 δ’
1490 5729 1767 5797 Ἀνάϐητε
1779 5728 1921 5797 πρὸς

2037 5746 2144 5785 vox
2180 5730 2427 5784 animum
2467 5729 2621 5782 auxit
2646 5725 2919 5788 Jonathce,
2951 5732 3119 5795 atque
3163 5724 3288 5778 inde
3335 5721 3619 5792 digressus

338 5822 528 5894 ἡμᾶς,
562 5821 863 5895 φήσουσι,
904 5826 1185 5895 σύνθημα
1211 5824 1386 5893 νίκης
1412 5822 1521 5879 τὸν
1543 5823 1730 5893 λόγον
1766 5838 1921 5892 νομι-

2040 5823 2264 5881 aliunde
2287 5837 2416 5881 cum
2445 5834 2549 5879 suo
2575 5819 2776 5878 comite
2806 5818 3037 5881 arrepit,
3063 5818 3250 5875 hostes
3281 5814 3620 5872 dormientes
