4098 6404
478 366 572 432 131

1797 350 2118 412 JOANNIS
2159 350 2478 411 ΖΟΝΛΠΕ

3660 351 3760 416 ῙἽΞ

475 476 687 532 invadit
719 491 734 541 ;
766 489 831 529 ac
869 471 1027 528 casis
1053 468 1121 524 ad
1157 466 1376 538 viginti,
1416 464 1637 521 caeteris
1675 470 1947 518 terrorem
1979 463 2060 518 in-

2167 465 2352 520 στέον
2385 464 2552 532 ἡμῖν.
2613 465 2723 516 Kal
2773 463 3041 533 ὥρμησαν
3097 462 3190 516 ἐπὶ
3235 463 3295 518 τὸ
3345 463 3458 519 τῶν
3482 463 3760 536 πολεμίων

475 571 716 632 eutiunt,
773 577 834 622 ut
887 562 1198 637 perturbati
1245 570 1300 616 et
1351 559 1630 629 fugientes
1681 557 1774 612 alii
1820 557 1892 611 ab
1938 557 2064 614 aliis

475 661 792 715 interirent.
824 656 954 711 Saul
985 662 1163 709 castra
1209 650 1454 706 hostium
1486 647 1810 719 perturbata
1841 646 2060 711 videns,

474 762 530 806 et
562 752 657 805 lilii
689 761 855 818 atque
901 745 1160 814 armigeri
1200 744 1349 797 illius
1376 741 1632 796 absentia
1662 739 1909 810 cognita,
1956 739 2064 792 im-

475 853 662 913 petum
686 854 742 895 et
771 841 885 910 ipse
917 840 973 893 in
1005 838 1193 890 hostes
1246 833 1595 905 perturbatos
1624 831 1775 888 facit.
1801 831 1940 885 Tum
1967 831 2063 900 qui

477 933 684 986 dudum
731 946 844 1000 prae
893 939 1042 982 metu
1079 943 1136 980 sc
1166 925 1531 987 oceultaraut,
1579 922 1818 992 receptis
1863 921 2064 976 animis

478 1038 603 1076 cum
661 1036 788 1092 rege
860 1035 918 1074 se
976 1018 1345 1088 conjungunt,
1396 1015 1583 1068 hostes
1626 1021 2060 1084 persequuntur,

481 1115 719 1170 caedunt.
749 1112 881 1168 Saul
929 1110 1079 1164 diras
1121 1109 1463 1178 imprecatur
1491 1107 1626 1170 suis,
1663 1106 1707 1160 si
1750 1105 1877 1174 quis
1931 1112 2061 1160 ante

479 1215 719 1267 noctem,
756 1205 903 1259 caede
930 1203 1177 1257 hostium
1210 1200 1550 1263 intermissa,
1583 1199 1766 1252 cilium
1791 1207 2060 1269 gustaret.

479 1300 626 1353 Inter
664 1295 1136 1367 persequendum,
1193 1293 1459 1348 Jonathas
1513 1291 1919 1344 exsecrationis
1964 1304 2062 1358 pa-

482 1401 648 1445 ternae
673 1391 919 1460 ignarus,
959 1402 1083 1442 cum
1111 1386 1164 1438 in
1184 1387 1374 1439 silvam
1405 1393 1552 1437 esset
1582 1392 1829 1444 venlum,
1863 1381 1916 1434 in
1952 1396 2062 1451 qua

478 1481 748 1551 apiarium
779 1488 921 1534 erat.
952 1478 1131 1532 favum
1163 1477 1420 1530 comedit.
1455 1475 1582 1528 Saul
1609 1486 1790 1528 castra
1817 1475 2060 1529 hostium

477 1579 917 1643 oppugnaturus,
951 1585 1046 1639 per
1087 1566 1433 1621 sacerdotem
1462 1565 1748 1619 oraculum
1797 1565 2060 1631 consulit,

478 1677 609 1716 num
656 1661 946 1714 victoriam
1004 1658 1268 1728 largiatur
1334 1655 1515 1709 Deus?
1576 1655 1684 1709 Sed
1745 1655 1859 1708 Deo
1919 1654 2059 1708 nihil

478 1753 866 1824 respondente,
926 1758 1210 1805 auctorem
1255 1747 1451 1802 oil'ensi
1489 1746 1741 1800 Numinis
1792 1744 1992 1813 quaerit
2041 1760 2055 1809 ;

2173 558 2555 629 στρατόπεδον.
2592 558 2702 610 Kal
2744 557 2928 620 αὐτοῖς
2981 555 3033 609 οί
3088 555 3405 625 ἀλλόφυλοι,
3452 559 3760 626 Ἀνάόητε,

2170 649 2379 716 ἔλεγον,
2430 649 2585 718 πρὸς
2626 646 2785 718 ἡμᾶς
2821 647 2921 702 καὶ
2959 648 3328 718 γνωριοῦμεν
3381 650 3528 718 ὑμῖν
3569 648 3758 720 ῥῆμα.

2170 741 2342 795 Τοῦτο
2396 740 2598 810 θάρσος
2647 741 2812 810 ἐνῆκε
2862 739 2940 810 τῷ
3008 739 3307 794 ἰωνάθανο
3363 743 3458 794 καὶ
3511 743 3761 806 ἀποστὰς

2170 832 2402 895 ἐκεῖθεν,
2461 831 2732 902 ἑτέρωθεν
2775 831 3093 900 ἀνερπύσας
3146 832 3284 901 μετά
3327 831 3422 886 τοῦ
3483 833 3754 902 ἑπομένου

2170 925 2339 996 αὐτῷ,
2391 925 2572 978 ἔπεισι
2601 926 2714 988 τοῖς
2751 923 3035 994 πολεμίοις
3074 923 3437 992 ὑπνώττουσι,
3484 927 3581 978 καὶ
3609 926 3762 979 κτεί-

2170 1033 2320 1070 νουσι
2355 1017 2453 1086 μὲν
2479 1015 2553 1078 ώς
2581 1015 2756 1068 εἴκοσι
2783 1031 2798 1046 ο
2835 1017 2951 1077 τοῖς
2979 1013 3036 1066 δὲ
3065 1015 3273 1080 λοιποῖς
3293 1015 3500 1069 δειλίαν
3533 1016 3758 1070 ἐνέϐαλ-

2168 1107 2283 1170 λον,
2313 1107 2363 1160 οἳ
2399 1107 2788 1178 θορυϐούμενοί
2811 1123 2870 1159 τε
2908 1107 3005 1160 καὶ
3037 1106 3357 1175 φεύγοντες,
3389 1107 3485 1160 ὑπ’
3512 1107 3760 1178 ἀλλήλων

2168 1198 2481 1252 διώλλυντο.
2538 1197 2684 1250 Ἰδὼν
2717 1196 2774 1250 δέ
2811 1196 3220 1268 ταραττόμενον
3263 1198 3293 1250 ό
3341 1197 3516 1251 Σαοὺλ
3553 1198 3616 1251 τὸ
3647 1197 3762 1250 τῶν

2170 1292 2446 1360 πολεμίων
2488 1289 2877 1358 στρατόπεδον,
2929 1289 3027 1343 καὶ
3076 1289 3287 1342 ἀπόντα
3337 1290 3430 1343 τὸν
3478 1291 3594 1344 υἱὸν
3637 1293 3761 1362 ἅμα

2167 1385 2246 1454 τῷ
2297 1383 2589 1454 ὁπλοφόρῳ
2640 1383 3012 1452 κατανοήσας,
3069 1381 3406 1453 προσϐάλλει
3441 1385 3537 1436 καὶ
3591 1387 3758 1448 αὐτὸς

2167 1474 2603 1544 τεταραγμένοις
2635 1475 2748 1535 τοῖς
2783 1471 3050 1534 ἐναντίοις
3077 1487 3092 1502 ·
3143 1469 3244 1524 καὶ
3283 1471 3334 1522 οἱ
3381 1471 3516 1542 πρὶν
3561 1471 3618 1524 δὲ
3663 1472 3756 1526 δια

2169 1566 2333 1636 φόϐον
2357 1565 2656 1636 κρυϐέντες
2680 1563 3186 1634 ἀναθαρσήσαντες,
3210 1561 3290 1631 τῷ
3313 1561 3526 1632 βασιλεῖ
3555 1581 3759 1635 προσε-

2166 1662 2384 1715 τίθεντο
2415 1675 2430 1690 ⁶
2491 1662 2586 1714 καὶ
2647 1659 2860 1713 διώκων
2915 1659 3041 1720 τοὺς
3101 1657 3390 1729 πολεμίους
3453 1659 3752 1716 ἐκτίννυεν.

2181 1755 2491 1825 Ἐπαρᾶται
2522 1753 2702 1807 τοίνυν
2741 1755 2856 1816 τοῖς
2901 1749 3091 1812 αὐτοῦ,
3141 1751 3192 1803 εῐ
3245 1767 3330 1814 τις
3377 1751 3758 1822 ἀποσχόμενος

475 1861 539 1900 ac
565 1846 773 1916 :Ipsum
796 1844 960 1897 Deum
987 1851 1167 1903 testor,
1204 1840 1407 1909 inquit,
1433 1857 1512 1892 me
1533 1847 1733 1892 sontem
1755 1838 2060 1891 occisurum.

2170 1847 2263 1900 τοῦ
2298 1849 2547 1916 φονεύειν
2581 1846 2710 1908 τοὺς
2744 1845 2993 1915 ἐχθροὺς,
3025 1844 3213 1913 φάγοι,
3239 1847 3288 1899 εί
3317 1843 3393 1916 μὴ
3423 1843 3521 1909 νὺξ
3554 1845 3757 1908 αὐτοὺς

474 1938 680 1990 etiamsi
719 1936 862 2004 ﬁlius
914 1949 1060 1988 meus
1117 1933 1380 1986 Jonalhas
1429 1932 1602 2000 fuerit.
1657 1931 1817 1985 Sorte
1864 1931 2054 1993 ducta,

475 2028 738 2082 Jonathas
771 2027 1114 2096 designatur,
1146 2025 1240 2094 qui
1280 2033 1504 2093 rogatus
1542 2022 1674 2092 quid
1708 2021 2058 2090 deliquisset,

476 2135 534 2175 se
557 2120 762 2174 nullius
795 2119 1006 2188 peccati
1041 2117 1146 2171 sibi
1181 2131 1301 2172 esse
1332 2116 1620 2169 conscium
1654 2114 1754 2176 ait,
1776 2113 1880 2167 nisi
1907 2112 2057 2182 quod

476 2211 679 2282 pridie,
712 2221 956 2280 paternae
987 2207 1384 2264 exsecrationis
1435 2208 1662 2275 ignarus
1692 2204 1760 2259 de
1805 2204 1929 2258 favo
1960 2220 2062 2276 gu-

478 2313 702 2359 stasset.
738 2303 817 2356 Eo
862 2313 1020 2373 pater
1049 2302 1276 2364 audito,
1317 2316 1375 2354 se
1417 2300 1571 2352 illum
1606 2299 1924 2351 occisurum
1965 2298 2058 2367 ju-

479 2408 582 2453 rat.
621 2399 863 2468 Populus
890 2403 1080 2451 contra
1119 2403 1174 2448 et
1205 2395 1322 2462 ipse
1348 2393 1497 2463 jurat
1525 2407 1583 2444 se
1621 2406 1729 2444 non
1763 2405 2052 2459 passurum

480 2500 541 2544 ut
576 2489 820 2544 victoria:
843 2496 1042 2542 auctor
1079 2485 1365 2539 occidatur
1399 2500 1411 2536 :
1446 2499 1621 2553 eoque
1663 2492 1878 2552 erepto,
1911 2481 2057 2536 votis

480 2583 649 2637 Deum
679 2582 878 2650 placat.
906 2579 1034 2634 Saul
1063 2576 1478 2632 Palmstinorum
1511 2574 1734 2629 circiter
1769 2573 2054 2644 sexaginta

2165 1939 2386 1992 παύσοι.
2428 1939 2516 1990 Ἐν
2549 1937 2605 1990 δέ
2641 1936 2719 2006 τῷ
2756 1937 2974 1989 διώκειν
3010 1937 3153 1990 κατά
3199 1954 3322 1992 τινα
3357 1937 3562 2006 δρυμὸν
3608 1939 3666 1988 ἐν
3701 1933 3747 2006 ᾧ

2167 2028 2437 2098 μελισσὼν
2457 2025 2547 2099 ἦν,
2585 2029 2679 2082 καὶ
2709 2011 2889 2082 λαϐών
2918 2029 2947 2080 ὁ
3000 2028 3258 2082 Ἱωνάθαν
3284 2029 3477 2098 κηρίον
3516 2027 3754 2098 μέλιτος,

2161 2121 2364 2190 ἔφαγεν
2391 2134 2403 2148 ·
2437 2120 2497 2172 οὐ
2538 2120 2647 2190 γὰρ
2686 2113 2754 2190 ἦν
2791 2117 3046 2188 ἀκηκοὼς
3085 2119 3186 2187 τῆς
3217 2119 3358 2188 ἀρᾶς
3394 2117 3488 2171 τοῦ
3522 2117 3751 2188 πατρός.

2173 2212 2456 2266 Ἐπελθείν
2504 2212 2560 2264 δέ
2607 2211 2893 2280 βουληθεὶς
2932 2211 2960 2262 ό
2998 2210 3170 2264 Σαοὺλ
3222 2213 3290 2280 τῇ
3337 2210 3446 2264 τῶν
3498 2211 3756 2262 ἐναντίων

2162 2304 2488 2374 παρεμϐολῇ
2545 2302 2733 2374 ἠρώτα
2765 2303 2854 2356 διὰ
2885 2302 2980 2356 τοῦ
3025 2302 3329 2374 ἀρχιερέως
3373 2301 3466 2356 τὸν
3511 2301 3665 2367 Θεὸν,
3703 2303 3756 2353 εί

2163 2395 2349 2448 δίδωσι
2380 2395 2577 2464 νίκην;
2617 2393 2724 2446 Τοῦ
2750 2393 2806 2446 δὲ
2836 2393 2970 2446 Θεοῦ
3010 2394 3086 2465 μὴ
3129 2393 3441 2463 δηλοῦντος,
3478 2391 3662 2464 ἐζήτει
3689 2393 3755 2446 τὸ

2164 2486 2358 2540 αἴτιον.
2388 2486 2518 2549 Kal,
2555 2485 2836 2553 Ὄμνυμι,
2871 2483 3000 2554 ἔφη,
3041 2486 3234 2538 αὐτὸν
3261 2484 3370 2538 τὸν
3397 2484 3567 2549 Θεὸν,
3599 2484 3755 2539 ἀπο-

2163 2577 2430 2631 κτείνειν
2449 2579 2557 2628 τύν
2586 2577 2949 2645 ἁμαρτόντα,
2977 2576 3094 2631 κᾶν
3137 2575 3425 2631 Ἰωνὰθαν
3443 2575 3535 2644 εἴη
3559 2578 3593 2629 ό
3611 2575 3757 2641 παῖς

477 2674 723 2728 millibus
758 2671 958 2728 occisis
984 2711 1000 2735 ,
1048 2667 1364 2740 regreditur
1395 2686 1408 2722 :
1459 2682 1524 2721 ac
1553 2665 1908 2729 Ammonitis,
1947 2665 2055 2734 62

2166 2672 2198 2724 ὀ
2221 2670 2382 2738 ἐμός.
2419 2670 2532 2722 Kal
2566 2669 3039 2741 κληρωσαμένων,
3072 2671 3163 2723 ἐπὶ
3207 2670 3469 2724 Ἰωνάθαν
3499 2674 3526 2724 ὁ
3550 2669 3756 2740 κλῆρος

477 2767 752 2833 Moabitis,
770 2763 1097 2826 Palestinis,
1123 2760 1400 2822 ldumaais,
1429 2759 1807 2824 Amalechitis,
1834 2772 2053 2812 necnon

2168 2761 2386 2816 ἔπεσεν.
2431 2760 2494 2813 '0
2525 2760 2581 2814 δὲ
2614 2763 2743 2831 περὶ
2793 2763 3071 2834 ἁμαρτίας
3108 2763 3561 2834 ἀνακρινόμενος,
3597 2762 3755 2816 οὐδὲν

477 2859 635 2912 Saba:
662 2871 788 2927 rege
824 2855 1091 2919 subactis,
1120 2853 1400 2910 lsraelitas
1430 2867 1462 2907 e
1519 2867 1682 2906 manu
1737 2860 2059 2906 exterarum

2167 2846 2322 2904 εἶπεν
2369 2851 2548 2922 ἐαυτῷ
2580 2853 2903 2916 συνειδέναι,
2933 2854 2968 2923 ἢ
3001 2855 3085 2907 ὅτι
3131 2855 3258 2924 χθὲς
3284 2857 3383 2926 τὴν
3411 2856 3551 2924 ἀράν
3583 2855 3753 2922 ἀγνο-

475 2950 661 3020 eripit.
2168 2943 2332 3014 ήσας,
2365 2945 2420 2996 ἐν
2451 2944 2528 3016 τῷ
2550 2944 2766 2998 διώκειν
2795 2948 3115 3018 ἐγευσάμην
3152 2948 3372 3017 κηρίου.
3395 2947 3664 3010 Ἀκούσας
3696 2946 3757 3000 δὲ

475 3047 504 3098 ό
536 3046 742 3114 πατὴρ,
795 3043 1120 3097 ἀποκτενεῖν
1149 3040 1313 3092 αὐτὸν
1343 3037 1546 3108 ὤμοσε.
1580 3037 1690 3088 Kal
1718 3037 1746 3088 ὁ
1777 3035 1906 3098 λαὸς
1929 3033 2240 3106 ἀντώμοσε,
2313 3039 2388 3110 μὴ
2453 3040 2814 3112 περιόψεσθαι
2840 3043 2931 3095 τὸν
2963 3043 3136 3096 αἴτιον
3184 3044 3285 3113 τῆς
3330 3045 3487 3113 νίκης
3548 3044 3759 3097 ἀποθα-

478 3139 759 3209 νούμενον.
791 3138 898 3191 Kal
931 3133 1340 3204 ὲξαρπάσαντες
1371 3130 1554 3195 αὐτὸν,
1584 3131 1774 3200 εὐχαῖς
1800 3129 1892 3183 τὸν
1927 3129 2062 3184 Θεὸν
2100 3130 2471 3198 ἐξιλάσκοντο.
2532 3134 2864 3205 Διαφθείρας
2892 3135 2948 3190 δέ
2987 3139 3014 3190 ὁ
3039 3137 3212 3191 Σαοὺλ
3237 3137 3370 3190 ώσεὶ
3395 3137 3665 3209 μυριάδας
3689 3137 3753 3205 ἒξ

476 3228 586 3282 τῶν
620 3225 1017 3287 Παλαιστινῶν,
1055 3219 1489 3292 ἀνθυπέστρεψε.
1519 3221 1813 3289 Χειροῦται
1836 3220 1893 3273 δέ
1935 3221 2276 3292 Ἀμμανίτας
2341 3227 2439 3280 καὶ⁸
2503 3226 2828 3293 Μωαϐίτας,
2895 3227 3296 3292 Παλαιστινούς
3329 3246 3391 3282 τε
3439 3231 3535 3284 καὶ
3589 3231 3752 3285 Ἰδου-

482 3320 678 3394 μαίους
705 3321 800 3372 καὶ
823 3315 1224 3388 Ἀμαληκίτας,
1251 3313 1461 3367 καὶτὸν
1486 3311 1716 3383 βασιλέα
1738 3312 1837 3383 τῆς
1860 3311 2060 3368 Σουϐᾶ.
2099 3315 2210 3369 Καὶ
2240 3315 2478 3380 ἐξείλετο
2503 3317 2596 3372 τὸν
2635 3317 2852 3390 Ἰσραὴλ
2885 3321 2951 3373 ἐκ
2981 3319 3164 3390 χειρὸς
3193 3319 3302 3373 τῶν
3339 3321 3679 3388 ἀλλοφύλων.

549 3414 743 3470 XXIX.
775 3413 927 3466 Sauli
975 3411 1072 3464 lilii
1108 3417 1261 3464 luere
1304 3418 1436 3475 tres,
1470 3408 1760 3474 Jouathas,
1807 3407 1970 3464 Jesus
2007 3417 2060 3464 et

2237 3412 2370 3468 K92
2395 3409 2581 3468 Ἦσαν
2607 3413 2764 3485 δέτῷ
2795 3413 2972 3467 Σαοὺλ
3000 3415 3109 3468 υἱοὶ
3141 3417 3316 3486 τρεῖς,
3368 3416 3626 3471 Ἰωνάθαν
3655 3422 3756 3473 καὶ

478 3507 818 3563 Melchisus:
853 3518 921 3558 ac
961 3502 1086 3556 lilize
1118 3501 1258 3565 duae,
1302 3500 1524 3555 Meroba
1555 3510 1611 3555 et
1659 3499 1913 3555 Melehol.
1965 3501 2060 3556 lm-

2181 3504 2386 3576 Ἰησουῒ
2420 3507 2515 3560 καὶ
2552 3505 2852 3576 Μελχισουτ
2885 3521 2902 3539 ο
2957 3506 3052 3560 καὶ
3097 3506 3395 3575 θυγατέρες
3419 3507 3534 3572 δύο,
3565 3509 3755 3581 Μερὸϐ

478 3607 787 3669 peratorem
833 3601 1048 3648 crearat
1095 3592 1433 3669 Abenerem,
1495 3592 1654 3648 Neris
1709 3593 1929 3663 cognati
1977 3594 2065 3649 sui

478 3689 672 3743 lilium.
708 3687 932 3740 Dixerat
962 3691 1147 3736 autem
1183 3682 1334 3737 Sauli
1367 3681 1612 3746 Samuel,
1644 3683 1845 3754 jubere
1889 3684 2061 3737 Deum

480 3792 541 3836 ut
581 3781 816 3834 caderet
859 3775 1243 3837 Amalechum,
1292 3775 1639 3844 victoriaque
1683 3773 1918 3844 potitus,
1969 3788 2068 3828 ne-

478 3871 616 3927 mini
648 3877 918 3941 parceret,
976 3882 1092 3922 non
1152 3867 1503 3930 mulieribus,
1567 3883 1678 3920 non
1733 3866 2061 3933 infantibus,

480 3981 592 4019 non
630 3962 902 4034 jumentis
929 3977 944 4028 ;
973 3975 1084 4014 non
1133 3960 1459 4030 pecudibus.
1496 3959 1592 4014 sed
1640 3974 1830 4013 eorum
1863 3974 2064 4014 nomen

475 4056 728 4112 funditus
791 4054 1023 4109 deleret.
1084 4051 1273 4121 Itaque
1332 4052 1462 4105 Saul
1525 4066 1650 4105 cum
1707 4050 2064 4105 Amalechitis

478 4161 829 4220 congressus,
863 4145 1056 4200 hostes
1093 4145 1286 4207 vincit,
1315 4144 1477 4199 caedit
1510 4159 1724 4199 omnes.
1779 4143 1885 4198 Sed
1923 4143 2065 4214 Aga-

476 4256 605 4312 gum
657 4239 806 4293 illius
842 4247 1003 4292 terrae
1050 4251 1235 4304 regem
1268 4235 1323 4288 in
1370 4242 1701 4304 potestatem
1752 4233 2060 4299 redactum,

479 4331 842 4386 admiratione
872 4329 1065 4383 formae
1099 4337 1157 4382 et
1190 4326 1626 4395 magnitudinis,
1653 4341 1765 4380 non
1798 4325 2004 4381 occidit
2045 4341 2061 4380 :

477 4431 728 4477 armenta
771 4421 959 4485 etiam,
997 4433 1211 4488 greges,
1259 4429 1570 4488 caeteraque
1609 4416 1837 4484 eximia,
1887 4417 2061 4471 divini

480 4514 724 4570 mandati
753 4513 1064 4576 immemor,
1113 4518 1426 4566 conservat.
1476 4509 1716 4564 Proinde
1759 4508 1980 4563 Samuel
2031 4525 2063 4563 a

480 4608 593 4663 Deo
654 4606 908 4668 edoctus,
942 4602 1208 4674 poenitere
1263 4617 1390 4656 eum
1436 4601 1617 4657 Saulis
1661 4601 1833 4656 creati
1883 4603 2060 4670 regis,

2169 3599 2268 3652 καὶ
2294 3597 2531 3669 Μελχόλ.
2573 3598 3044 3670 Ἀρχιστρατηγὸν
3083 3598 3141 3651 δέ
3176 3593 3288 3669 εἶχε
3322 3599 3415 3653 τὸν
3467 3601 3753 3672 ’Δϐεννὴμ

2168 3691 2284 3744 υἱὸν
2335 3689 2456 3760 Νὴρ
2508 3687 2806 3756 συγγενοῦς
2838 3687 3029 3743 αὑτοῦ.
3063 3689 3210 3760 Ἔφη
3262 3690 3319 3742 δὲ
3362 3689 3618 3762 Σαμουὴλ
3673 3691 3754 3761 τῷ

2167 3781 2364 3848 Σαοῦλ,
2389 3779 2632 3835 κελεύειν
2653 3779 2802 3850 αὐτῷ
2827 3779 2918 3833 τὸν
2941 3779 3076 3833 Θεὸν
3104 3780 3339 3845 πατάξαι
3356 3781 3445 3834 τὸν
3478 3781 3750 3853 Ἀμαλὴκ,

2167 3875 2264 3928 καὶ
2290 3875 2666 3944 κρατήσαντα,
2704 3871 2933 3942 μηδενὸς
2967 3872 3281 3942 φείσασθαι,
3325 3873 3405 3943 μὴ
3441 3875 3744 3943 γυναικών,

2171 3966 2247 4037 μὴ
2275 3965 2510 4037 νηπίων,
2543 3965 2620 4037 μὴ
2649 3964 2985 4032 ὑποζυγίων,
3019 3964 3096 4034 μὴ
3127 3964 3511 4036 βοσκημάτων,
3539 3965 3751 4033 ἐξαλεῖ-

2165 4056 2352 4127 ψαιδὲ
2382 4057 2442 4109 τὸ
2493 4055 2665 4126 ὄνομα
2719 4055 2888 4108 αὑτοῦ
2937 4056 3004 4109 ἐκ
3060 4055 3159 4125 τῆς
3209 4056 3330 4126 γῆς.
3384 4057 3546 4110 Καὶό
3576 4057 3753 4111 Σαοὺλ

2165 4147 2244 4218 τῷ
2284 4146 2532 4218 Ἀμαλὴκ
2558 4145 2872 4216 συμϐαλὼν,
2903 4147 3047 4199 κατά
3075 4145 3275 4214 κράτος
3304 4148 3450 4217 νικᾷ,
3483 4150 3577 4201 καὶ
3599 4150 3750 4202 κτεί-

2165 4257 2245 4294 νει
2279 4240 2512 4302 πάντας.
2543 4237 2842 4308 Χειροῦται
2864 4238 2921 4290 δὲ
2956 4239 3051 4292 καὶ
3086 4236 3180 4290 τὸν
3217 4237 3448 4308 βασιλέα
3493 4239 3594 4310 τῆς
3636 4241 3750 4311 χώ-

2169 4347 2291 4402 ρας,
2320 4332 2507 4399 ’Δγαγ
2539 4329 2951 4399 ὠνομασμένον,
2989 4329 3084 4383 καὶ
3117 4329 3215 4382 οὐκ
3240 4331 3580 4398 ἀπέκτεινεν,
3606 4334 3748 4400 ἁγα-

2169 4423 2320 4485 σθεὶς
2352 4421 2517 4475 αὐτὸν
2545 4420 2636 4475 διὰ
2675 4421 2894 4488 κάλλος,
2951 4420 3051 4476 καὶ
3091 4421 3346 4492 μέγεθος,
3398 4422 3494 4476 καὶ
3541 4423 3611 4476 τὰ
3639 4424 3748 4477 τῶν

2167 4515 2463 4587 βουκολίων
2499 4514 2592 4568 καὶ
2631 4514 2922 4584 ποιμνίων,
2978 4516 3074 4569 καὶ
3112 4515 3222 4569 τῶν
3271 4514 3444 4570 ἄλλων
3487 4515 3747 4589 ἐξαίρετα

2165 4609 2620 4679 περιεποιήσατο,
2650 4609 3052 4678 ἀμνημονήσας
3078 4607 3176 4677 τῆς
3201 4609 3346 4672 Θείας
3372 4609 3744 4680 προστάξεως.

479 4698 726 4755 occurrit
751 4697 886 4767 regi.
935 4697 983 4751 ls
1013 4697 1091 4750 ait
1120 4711 1178 4750 se
1217 4694 1450 4766 gratiam
1489 4694 1694 4750 habere
1724 4695 1860 4756 Deo.
1903 4697 2060 4766 cuius

2166 4701 2577 4771 Χρηματισθεὶς
2606 4700 2664 4754 δὲ
2696 4699 2951 4770 Σαμουὴλ
2981 4701 3134 4770 παρά
3165 4699 3259 4752 τοῦ
3289 4701 3449 4766 Θεοῦ,
3497 4703 3748 4767 εἰπόντας

481 4806 713 4846 munere
739 4789 968 4844 vicisset
1016 4787 1226 4853 hostes,
1259 4796 1314 4840 et
1344 4796 1405 4839 ut
1433 4784 1624 4854 jussus
1653 4784 1840 4851 fuerit,
1888 4785 2060 4840 admi-

2167 4793 2548 4864 μεταμελῆσαι
2579 4793 2718 4863 (49),
2758 4792 2842 4846 ὅτι
2886 4791 3209 4846 ἐϐασίλευσε
3240 4793 3332 4846 τὸν
3366 4794 3540 4848 Σαοὺλ
3565 4835 3580 4858 ,
3615 4812 3746 4848 συν-

479 4887 747 4940 nistrasse
785 4882 991 4936 omnia.
1023 4879 1165 4934 Tum
1197 4877 1416 4933 Samuel
1444 4895 1458 4934 :
1492 4877 1696 4942 Vocem,
1725 4877 1927 4946 inquit,
1955 4894 2060 4931 auo

478 4980 566 5033 dio
610 4978 979 5049 jumentorum
1037 4982 1086 5026 et
1117 4973 1352 5027 aliarum
1401 4971 1679 5040 pecudum,
1737 4970 1876 5024 unde
1918 4971 2065 5025 ista?

479 5068 614 5125 Saul
668 5064 966 5135 respondet
1014 5062 1281 5134 populum
1337 5075 1403 5116 ea
1452 5062 1509 5114 in
1557 5060 1838 5116 victimam
1880 5075 2061 5114 asser-

478 5176 635 5218 vasse
666 5159 780 5214 Deo
809 5177 822 5213 :
859 5166 1118 5211 caeterum
1147 5153 1517 5210 Amalechitas
1551 5169 1764 5215 omnes,
1800 5168 1924 5222 rege
1956 5168 2055 5206 eo-

479 5268 602 5308 rum
627 5259 878 5320 excepto,
919 5248 1130 5304 deletos
1175 5261 1318 5301 esse.
1353 5245 1436 5300 Ad
1476 5261 1539 5300 ea
1577 5244 1799 5300 Samuel
1850 5264 1863 5299 :
1913 5243 2058 5310 Quo-

481 5349 649 5412 niam,
683 5343 883 5414 inquit,
919 5341 1016 5395 Dei
1047 5341 1215 5411 jussis
1261 5355 1364 5393 non
1412 5339 1800 5407 obtemperasti.
1839 5340 1968 5392 scito
2004 5348 2056 5392 te

437 5437 704 5508 'regnum
752 5435 1097 5488 amissurum.
1141 5433 1212 5486 At
1269 5431 1382 5494 ille,
1433 5446 1493 5485 se
1544 5445 1797 5500 peccasse
1853 5429 2051 5496 fassus,

481 5528 810 5599 Prophetam
840 5533 982 5592 orat,
1010 5533 1071 5577 ut
1100 5538 1197 5594 per
1223 5522 1490 5578 sacriﬁcia
1519 5522 1687 5575 Deum
1729 5520 1831 5576 sibi
1860 5536 2060 5576 recon-

2163 4885 2372 4955 ήντησε
2417 4883 2494 4955 τῷ
2526 4884 2761 4956 βασιλεῖ.
2823 4885 2883 4938 '0
2911 4885 2969 4938 δὲ
3017 4885 3414 4956 εὐχαριστῆσαι
3466 4887 3620 4956 ἐλεγε
3666 4887 3745 4958 τῷ

2163 4976 2288 5046 Θεῷ
2327 4976 2473 5034 δόντι
2528 4976 2734 5047 κράτος
2783 4975 2936 5046 αὐτῷ
2969 4977 3109 5030 κατὰ
3141 4977 3252 5030 τῶν
3306 4977 3603 5050 πολεμίων,
3647 4981 3746 5033 καὶ

2161 5070 2344 5124 πάντα
2364 5068 2422 5123 δέ
2446 5067 2515 5123 τὰ
2538 5068 2943 5139 κεκελευσμένα
2971 5069 3214 5139 ποιῆσαι.
3242 5070 3350 5122 Kal
3376 5069 3404 5120 ὁ
3434 5071 3740 5142 προφήτης,

2161 5160 2346 5228 Βοῆς,
2399 5155 2576 5223 εἶπεν,
2613 5160 2812 5214 ἀκούω
2837 5158 3175 5229 ὑποζυγίων
3205 5161 3306 5214 καὶ
3333 5162 3744 5232 βοσκημάτων

2161 5251 2391 5305 ἄλλων.
2434 5252 2627 5306 Πόθεν
2656 5252 2887 5315 sai-ra;
2920 5252 3092 5306 Σαοὺλ
3120 5253 3198 5316 δὲ,
3242 5253 3336 5306 τὸν
3378 5253 3528 5318 λαὸν,
3561 5250 3736 5322 εἶπεν,

2161 5344 2244 5407 εἰς
2290 5342 2482 5396 θυσίαν
2531 5343 2893 5412 τετηρηκέναι
2933 5343 3074 5397 αὑτά
3133 5343 3214 5414 τῷ
3272 5343 3392 5415 Θεῷ
3423 5359 3438 5374 ⁹
3499 5347 3625 5409 τοὺς
3679 5346 3738 5398 δέ

2174 5434 2547 5504 Ἀμαληκίτας
2578 5436 2787 5499 πάντας
2822 5436 3250 5506 ὲξαφανισθῆναι
3275 5437 3406 5509 ἄτερ
3442 5438 3534 5490 τοῦ
3577 5438 3735 5509 βασι-

2153 5524 2294 5589 λέως
2339 5525 2541 5580 αὐτῶν.
2578 5527 2724 5598 Πρὸς
2749 5527 2922 5581 ταῦτα
2956 5529 2985 5582 ό
3013 5521 3287 5600 Σαμοῦὴλ,
3345 5531 3504 5584 Ἐπεὶ
3536 5533 3607 5586 τὰ
3635 5548 3735 5584 κε-

1668 5675 1879 5734 l'arim
1917 5675 2226 5738 lectiones
2272 5687 2334 5738 et
2375 5688 2564 5741 noue.

554 5810 666 5883 (47)
697 5811 1148 5883 Μεταμελῆσαι.
1185 5810 1502 5882 Legeudum
1538 5807 2052 5881 μεταμεμελῆσθαι.

2174 5809 2392 5880 praefert
2431 5812 2553 5867 cod.
2593 5813 2722 5882 Reg.
2757 5823 2813 5868 et
2843 5811 3085 5869 Colbcrt.
