4098 6400
359 365 449 428 133

1644 370 2053 435 ANNALIUM
2088 369 2240 431 LIB.
2292 371 2341 432 ῐ.

3493 379 3601 444 134

352 484 723 553 κελευσμένα
760 503 881 547 σοι,
936 485 1062 557 ἔφη,
1104 488 1257 556 ,πρὸς
1300 490 1450 544 Θεοῦ
1508 490 1910 559 παραϐέϐηκας

2023 491 2192 546 ciliet.
2242 491 2484 547 Discedit
2544 501 2737 560 vates;
2786 509 2950 563 quem
2993 494 3123 550 dum
3154 495 3281 551 Sau.
3340 514 3440 568 per
3485 501 3596 554 vim

352 580 463 631 ἴσθι
486 578 574 632 ὅτι
596 579 711 644 τὴν
727 578 1065 642 βασιλείαν
1090 581 1491 652 ἀφαιρεθήσῃ.
1531 582 1592 635 '0
1616 582 1674 637 δὲ
1701 583 1918 635 κατετί-

350 670 461 720 θετο
497 667 834 738 ἁμαρτῆσαι,
872 671 964 722 καὶ
998 670 1290 742 ἱλαστήρια
1320 671 1477 725 θῦσαι
1507 671 1600 725 τὸν
1627 674 1917 743 προφήτην

348 761 577 813 ἐκέλευε.
617 761 726 813 Ka't
769 760 825 823 ὃς
857 762 1155 831 ὑπεχώρει,
1201 763 1375 816 Σαοὺλ
1402 763 1459 816 δὲ
1510 765 1606 835 τῆς
1649 764 1915 828 διπλοΐδος

347 849 768 920 ἐπιλαμϐάνεται
796 851 986 917 αὐτοῦ,
1013 855 1108 906 καὶ
1137 853 1457 925 διαρῥήσσει
1479 856 1704 927 ταύτην,
1731 855 1914 925 βιαζό-

349 959 497 1011 μενος
526 943 691 994 αὐτὸν
733 945 1053 1013 κατασχεῖν.
1094 945 1204 997 Καὶ
1237 947 1264 997 ὁ
1323 948 1628 1018 προφήτης,
1692 947 1910 1015 οὕτως,

345 1033 461 1103 ἔφη,
493 1033 532 1100 ὴ
556 1034 851 1098 ,ϐασιλεία
886 1051 1006 1089 σου
1046 1035 1574 1107 διαῤῥηχθήσεται,
1603 1038 1701 1093 καὶ
1740 1039 1913 1109 δοθή-

342 1141 502 1179 σεται
547 1125 725 1196 ἀνδρὶ
772 1126 981 1194 δικαίῳ
1010 1129 1109 1182 καὶ
1145 1130 1366 1199 ἀγαθῷ.
1419 1131 1688 1202 Δεομένου
1737 1132 1782 1185 δ’
1831 1132 1911 1186 ἔτι

342 1217 428 1268 τοῦ
485 1216 776 1284 βασιλέως,
831 1220 1099 1286 πείθεται,
1153 1222 1249 1274 καὶ
1303 1225 1538 1294 ἀχθῆναι
1586 1224 1675 1277 τὸν
1730 1226 1912 1294 ’Ᾱγαγ

340 1310 495 1372 αἰτεῖ,
534 1309 631 1361 καὶ
682 1310 1008 1374 κτανοέντος
1055 1312 1266 1366 ἐκείνου
1301 1315 1551 1370 κελεύσει
1592 1315 1780 1383 αὐτοῦ,
1812 1318 1911 1371 αὺ-

338 1399 459 1453 τὶκα
487 1403 568 1464 εἰς
608 1400 925 1472 Ἀρμαθαῒμ
951 1408 1253 1477 ἀποχωρεῖ,
1289 1408 1383 1461 καὶ
1407 1406 1556 1477 αὑτῷ
1603 1409 1910 1464 ἐντέλλεται

338 1493 364 1544 ὁ
394 1493 533 1556 θεὸς
570 1494 707 1563 πρὸς
751 1496 949 1549 Ἰεσσαὶ
987 1497 1264 1565 ἀπελθεῖν,
1299 1500 1389 1552 καὶ
1420 1503 1610 1572 χρῖσαι
1637 1501 1715 1573 τῷ
1745 1502 1909 1573 ἐλαίῳ

337 1589 415 1647 εὶς
448 1585 673 1655 βασιλέα
707 1588 803 1639 ἕνα
834 1590 943 1640 τῶν
965 1589 1174 1642 ἐκείνου
1203 1589 1357 1655 υἱῶν,
1385 1590 1443 1643 ὃν
1466 1592 1532 1645 ἂν
1559 1593 1707 1665 δείξῃ
1737 1593 1908 1664 αὐτῷ.

337 1680 439 1732 Ka‘t
473 1678 727 1732 ἀπελθὼν
763 1682 843 1742 εἰς
889 1680 1157 1752 Βηθλεὲμ,
1205 1682 1298 1735 καὶ
1332 1682 1520 1750 θύσας,
1551 1686 1788 1757 κέκληκε
1817 1686 1911 1741 τὸν

347 1770 543 1822 Ἰεσσαὶ
573 1773 667 1823 καὶ
705 1773 832 1834 τοὺς
867 1774 1015 1837 υἱοὺς
1045 1771 1232 1828 αὑτοῦ.
1272 1775 1385 1828 Ka‘t
1419 1775 1543 1829 ἰδὼν
1572 1777 1665 1830 τὸν
1696 1780 1900 1850 πρωτό-

334 1878 488 1914 τοκον
523 1862 701 1932 μέγαν
730 1879 790 1915 τε
823 1864 913 1917 καὶ
959 1864 1147 1933 καλὸν,
1180 1865 1333 1938 ᾠήθη
1365 1866 1454 1920 ἐπ’
1484 1867 1633 1939 αὐτῷ
1658 1840 1754 1924 τι.κὶ
1775 1871 1906 1925 Θεὸν
1942 1840 1981 1894 Β

332 1954 595 2009 εὐδοκεῖν.
634 1957 691 2009 ’0
724 1956 780 2008 δὲ
830 1955 984 2022 Θεὸς,
1036 1955 1133 2026 Μὴ
1186 1959 1547 2028 amatum,
1603 1955 1779 2027 εἶπεν,
1809 1962 1909 2015 ἐπὶ

330 2045 439 2113 τὴν
473 2045 626 2115 ὄψιν
653 2047 867 2113 αὐτοῦ,
891 2047 1035 2118 μηδ’
1066 2050 1156 2116 εὶς
1178 2049 1247 2104 τὸ
1275 2049 1381 2105 τοῦ
1432 2050 1708 2121 σώματος
1729 2053 1907 2122 μέγε-

330 2139 449 2202 θος.
489 2139 833 2206 Ἀνθρωπος
866 2143 985 2209 μὲν
1009 2140 1118 2211 γὰρ
1146 2144 1233 2209 εις
1262 2144 1591 2210 πρόσωπον
1617 2143 1849 2214 ὄψεται,
1876 2149 1909 2200 ό

327 2230 396 2283 δὲ
433 2233 581 2298 Θεὸς
612 2235 700 2298 εις
730 2234 1009 2302 καρδίαν.
1045 2236 1436 2308 Παρελθόντων
1457 2238 1514 2291 δὲ
1544 2241 1640 2294 καὶ
1672 2240 1781 2293 τῶν
1815 2243 1909 2295 ἄλ-

329 2321 433 2375 λων
456 2323 669 2376 παίδων
698 2323 1034 2391 τοῦἿεσσαὶ,
1069 2326 1158 2379 ἐπ’
1173 2327 1350 2381 οὐδενὶ
1376 2328 1670 2398 εὐδοκησεν
1703 2333 1730 2383 ὁ
1755 2330 1906 2394 Θεός.

331 2416 437 2467 Καὶ
464 2411 589 2467 εἷπε
618 2414 879 2486 Σαμουὴλ
897 2433 909 2444 ·
932 2421 1055 2471 Οὐκ
1087 2416 1406 2484 ἐξελέξατο
1436 2414 1655 2487 Κύριος
1675 2422 1746 2473 ἐν
1777 2437 1911 2475 του-

328 2522 466 2572 τοις.
504 2508 622 2562 Καὶ
660 2508 718 2561 ετ
762 2509 935 2562 ἐστιν
965 2510 1053 2563 ἔτι
1086 2510 1320 2576 λοιπὸς,
1380 2512 1745 2578 παρελθέτω.
1800 2513 1909 2566 Καὶ

339 2596 554 2662 Ἰεσσαὶ,
577 2599 805 2669 Μικρὸς
820 2600 903 2654 ἔτι
921 2603 1385 2670 περιλέλειπται,
1407 2601 1531 2673 ἔφη,
1555 2604 1907 2672 ποιμαίνων.

328 2689 618 2762 κληθῆναι
664 2688 759 2745 οὖν
812 2692 978 2746 αὑτὸν
1031 2695 1060 2747 ὀ
1110 2694 1400 2765 προφήτης
1450 2695 1757 2752 ἐκέλευσεν.
1822 2697 1911 2761 Ὠς

323 2781 368 2835 δ’
396 2776 498 2853 ἧκε
543 2782 772 2851 κληθεὶς
809 2786 836 2836 ὁ
862 2782 1050 2851 Δαϐὶδ,
1088 2786 1215 2847 παῖς
1250 2787 1548 2858 πυρράκης
1593 2790 1733 2858 μετά
1773 2788 1909 2842 κάλ-

323 2874 448 2937 λους
475 2873 782 2945 ὀφθαλμῶν
815 2877 913 2929 καὶ
957 2875 1136 2931 τᾶλλα
1168 2876 1354 2942 καλὸς,
1398 2876 1587 2931 τοῦτον
1634 2875 1773 2933 εἶναι
1818 2880 1909 2935 τὸν

322 2964 761 3034 χρισθησόμενον
783 2963 938 3034 δηλοῖ
963 2965 1044 3037 τῷ
1076 2966 1331 3038 Σαμουὴλ
1354 2969 1382 3021 ὁ
1412 2968 1563 3033 Θεός.
1600 2972 1707 3024 Καὶ
1729 2971 1908 3026 λαϐὼν

323 3059 532 3121 ἐκεῖνος
561 3058 626 3111 τὺ
660 3060 829 3128 κέρας
858 3058 954 3112 τοῦ
986 3058 1189 3124 ἐλαίου,
1220 3059 1439 3132 ἔχρισεν
1470 3063 1634 3116 αὐτὸν
1658 3066 1717 3118 ἐν
1751 3067 1905 3140 μέσῳ

2020 583 2265 637 retinere
2305 582 2524 649 nititur,
2572 596 2784 639 vestem
2828 585 2950 655 ejus
2997 587 3295 656 abrumpit.
3337 589 3416 643 lbi
3453 589 3593 644 Pro-

2018 673 2235 741 pheta:
2285 671 2394 738 Sic,
2432 673 2632 742 inquit,
2667 690 2886 745 regnum
2938 694 2969 729 ο
3025 685 3074 730 te
3122 678 3485 747 abrumpetur,
3537 699 3600 736 ac

2015 765 2125 818 viro
2154 765 2295 829 iusto
2332 774 2382 818 et
2430 765 2564 820 bona
2593 766 2825 821 dabitur.
2867 768 3013 837 Rege
3044 780 3228 823 autem
3256 787 3326 827 ne
3362 773 3441 828 sic
3470 774 3599 843 qui-

2015 853 2138 908 dem
2198 855 2515 911 remittente
2557 872 2753 927 precvs
2817 869 3004 929 paret;
3062 871 3116 916 et
3158 865 3340 933 Agago
3396 865 3596 921 adduci

2014 946 2307 1016 occidique
2346 948 2525 1019 jusso,
2562 950 2711 1005 illico
2746 952 3084 1007 Armathaim
3145 959 3476 1024 revertitur;
3533 973 3599 1013 ac

2014 1039 2306 1093 mandante
2322 1039 2432 1094 Deo
2444 1040 2704 1095 Jessmum
2721 1043 2951 1103 accedit.
2974 1054 3031 1098 ut
3049 1061 3216 1098 unum
3231 1063 3296 1100 ex
3313 1046 3437 1101 ﬂliis
3454 1047 3600 1103 illius

2012 1129 2136 1183 oleo
2166 1146 2353 1200 regem
2386 1131 2765 1201 inauguraret,
2793 1136 2889 1204 qui
2922 1136 3026 1188 sibi
3063 1147 3406 1191 monstratus
3427 1149 3596 1193 esset.

2012 1221 2384 1277 Bethleemam
2414 1238 2539 1278 cum
2567 1226 2829 1292 venisset,
2856 1242 2916 1281 re
2938 1227 3121 1283 divina
3145 1233 3306 1292 tacta,
3332 1229 3597 1285 Jessaaum

2013 1328 2139 1367 cum
2172 1312 2300 1368 ﬁliis
2332 1318 2592 1378 accersit,
2646 1326 2702 1371 et
2745 1332 2869 1370 eum
2918 1318 3369 1387 primogenitum,
3414 1320 3597 1377 virum

2013 1419 2272 1473 magnum
2308 1404 2723 1476 formosumque
2754 1406 3008 1472 vidisset,
3045 1409 3199 1463 illum
3235 1410 3348 1464 Deo
3376 1411 3599 1481 placere

2012 1495 2272 1563 opinatur
2319 1494 2425 1550 Sed
2457 1496 2604 1551 Deus
2657 1514 2672 1550 :
2717 1496 2814 1562 Ne,
2867 1497 3067 1569 inquit,
3103 1500 3309 1555 uultum
3356 1505 3469 1574 ejus
3511 1505 3597 1557 in-

2011 1595 2179 1651 tuere,
2210 1603 2302 1640 nec
2333 1591 2709 1658 proceritatem
2752 1592 2983 1657 corporis
3027 1606 3047 1646 :
3071 1608 3198 1645 nam
3237 1600 3294 1645 ut
3329 1594 3483 1647 homo
3513 1595 3599 1664 fa-

2013 1678 2146 1731 ciem
2178 1685 2402 1746 spectet,
2444 1679 2684 1732 animum
2721 1678 2860 1734 Deus
2894 1681 3149 1736 intuetur.
3188 1683 3597 1755 Pratergressis

2011 1769 2180 1839 igitur
2203 1769 2392 1824 ,ἰθεεωί
2444 1769 2576 1824 [iliis
2613 1771 2891 1838 omnibus,
2923 1787 3025 1827 nec
3079 1775 3190 1829 ullo
3235 1790 3429 1830 eorum
3480 1777 3593 1831 Deo

2009 1862 2283 1931 placente,
2311 1861 2480 1917 Jessze
2511 1861 2648 1917 dicit
2680 1861 2901 1917 Samuel
2945 1881 2959 1918 :
2989 1864 3211 1918 Nullum
3232 1867 3417 1920 horum
3443 1868 3598 1938 elegit

2011 1951 2173 2018 Deus,
2224 1953 2316 2005 sed
2351 1954 2399 2006 si
2443 1954 2560 2024 quis
2601 1954 2740 2008 alius
2784 1954 2879 2008 tibi
2923 1963 3033 2019 est,
3075 1958 3118 2008 is
3165 1958 3410 2025 prodeat.
3450 1959 3591 2013 Tum

2007 2044 2244 2100 Jesszeus
2260 2044 2368 2115 63
2394 2062 2407 2097 :
2450 2044 2716 2099 Parvulas
2744 2046 2915 2099 adhuc
2937 2057 3114 2105 restat.
3147 2050 3236 2118 qui
3260 2064 3376 2103 oves
3403 2052 3591 2120 pascit.

2009 2134 2150 2190 Eum
2189 2138 2401 2192 accersi
2444 2138 2712 2206 propheta
2744 2139 2919 2208 jubet.
2958 2140 3127 2193 David
3166 2142 3378 2195 accitus
3417 2142 3593 2206 venit,

2010 2228 2167 2282 rufus
2196 2242 2323 2282 cum
2373 2227 2806 2299 pulchritudine
2852 2230 3160 2291 oculorum.
3192 2246 3256 2284 ca
3276 2239 3390 2285 tera
3428 2232 3594 2286 etiam

2009 2319 2328 2374 formosus:
2360 2335 2486 2375 eum
2523 2335 2645 2375 esse
2681 2320 2778 2390 qui
2816 2322 3104 2391 ungendus
3147 2333 3315 2378 esset.
3351 2322 3594 2378 Samueli

2010 2412 2283 2482 signiﬁcat
2307 2412 2471 2466 Deus.
2500 2412 2713 2482 Itaque,
2749 2421 2966 2482 sumpta
2999 2415 3267 2482 ampulla,
3317 2416 3441 2469 oleo
3465 2431 3595 2469 eum

2011 2502 2068 2557 in
2131 2504 2314 2558 medio
2366 2502 2597 2558 fratrum
2641 2504 2875 2573 inungit,
2921 2519 2987 2557 ac
3039 2506 3378 2560 Armathaim
3428 2507 3592 2562 redit.

2014 2593 2258 2664 Spiritus
2298 2603 2486 2650 autem
2537 2595 2761 2649 divinus
2814 2599 2868 2649 in
2921 2596 3179 2649 Davidi-m
3228 2597 3423 2663 insilit,
3458 2613 3521 2654 ac
3562 2615 3592 2655 a

2012 2687 2178 2743 Saule
2225 2687 2458 2754 recedit,
2488 2701 2592 2756 pro
2632 2700 2743 2756 quo
2778 2686 2933 2741 illum
2964 2688 3144 2742 malus
3178 2688 3408 2759 spiritus
3436 2689 3592 2744 inva-

2010 2780 2113 2839 dit.
2147 2780 2455 2850 praelucens
2482 2789 2540 2834 et
2571 2779 2880 2848 exagitans.
2924 2780 3113 2837 Visum
3164 2780 3332 2851 igitur
3359 2790 3443 2836 est
3474 2783 3591 2853 regi

2009 2873 2308 2943 adjungere
2365 2872 2645 2928 hominem
2668 2872 2894 2942 cinnyra
2924 2873 3188 2942 psallendi
3237 2874 3500 2942 peritum.
3532 2883 3593 2932 ut

2010 2963 2267 3018 dtemonii
2301 2963 2541 3019 insultus
2571 2979 2635 3018 ac
2668 2964 2911 3018 turbatio
2960 2973 3123 3019 cantu
3161 2964 3255 3019 illo
3289 2966 3591 3035 sopiretur.

2009 3058 2326 3114 Accersitur
2374 3057 2566 3126 David,
2615 3068 2678 3113 ut
2732 3058 2969 3113 idoneus
3016 3058 3083 3112 ad
3136 3073 3256 3112 eam
3296 3074 3432 3126 rem,
3469 3067 3525 3114 et
3559 3075 3591 3116 ιι

322 3149 430 3202 τῶν
462 3149 719 3218 ἀδελφῶν
749 3151 917 3204 αὑτοῦ
947 3167 963 3183 σ
1019 3152 1117 3205 καὶ
1158 3152 1400 3222 ἀπῆλθεν
1445 3155 1527 3218 εἰς
1568 3155 1903 3231 ’Λρμαθαῖμ.

2014 3164 2141 3220 rege
2197 3164 2533 3220 magnopere
2589 3149 2861 3219 diligitur,
2917 3149 3057 3204 adeo
3090 3158 3148 3204 ut
3196 3152 3439 3222 armiger
3470 3154 3594 3224 ejus

324 3239 554 3310 Πνεῦμα
585 3241 647 3295 δὲ
688 3240 831 3294 θεῖον
871 3241 1111 3313 ἐφήλατο
1153 3243 1245 3294 ἐπὶ
1282 3243 1470 3309 Δαόὶδ,
1522 3248 1587 3299 ὲκ
1626 3247 1683 3299 δὲ
1730 3249 1902 3303 Σαοὺλ

320 3330 561 3401 ἀπέστη,
600 3331 700 3385 καὶ
747 3332 967 3402 πνεῦμα
1012 3331 1249 3404 πονηρὸν
1288 3335 1483 3405 μετῄει
1528 3337 1711 3405 αὐτὸν,
1762 3356 1907 3411 συμ-

321 3424 515 3492 πνίγον
542 3425 644 3477 καὶ
666 3424 876 3478 κακοῦν
902 3423 994 3479 τὸν
1021 3425 1213 3497 ἄνδρα.
1250 3428 1471 3493 Ἔδοξεν
1500 3428 1615 3495 οὖν,
1641 3432 1907 3502 παρίστα-

322 3515 445 3567 σθαὶ
472 3532 601 3568 τινα
618 3514 699 3583 τῷ
724 3514 951 3585 βασιλεῖ,
981 3516 1160 3569 εἰδότα
1188 3518 1413 3587 ψάλλειν
1442 3521 1581 3588 μετά
1609 3523 1867 3594 κιννύρας
1884 3563 1902 3590 ,

323 3607 391 3660 ἶν’
419 3608 515 3660 ὅτε
566 3607 877 3678 προσπέσοι
928 3608 1080 3677 αὐτῷ
1134 3610 1193 3662 τὸ
1241 3609 1517 3679 δαιμόνιον
1551 3613 1903 3684 ὲκταράττον,

327 3698 497 3769 ᾧὰλλῃ
533 3699 594 3751 ἐν
624 3700 693 3768 τῇ
727 3697 976 3769 κιννύρᾳ,
1027 3699 1123 3751 καὶ
1162 3699 1472 3772 κατευνάζῃ
1510 3702 1604 3755 τὸν
1641 3704 1901 3775 τάραχον.

320 3792 771 3861 Μεταπέμπεται
802 3795 985 3844 τοίνυν
1037 3792 1118 3855 ὡς
1172 3790 1415 3847 τοιοῦτον
1455 3793 1546 3846 τὸν
1577 3794 1741 3850 Δαὸίδ
1766 3812 1780 3826 ο
1811 3781 1937 3850 καὶ,⁸

317 3884 585 3953 ἠγαπήθη
631 3885 661 3936 ὁ
688 3885 909 3946 νεανίας
940 3882 1146 3953 σφόδρα
1178 3884 1331 3955 παρά
1357 3882 1453 3937 τοῦ
1479 3884 1767 3955 βασιλέως,
1810 3886 1905 3940 καὶ

315 3979 396 4039 εἰς
433 3976 745 4046 ὁπλοφόρον
777 3976 927 4045 αὖτῷ
957 3975 1321 4046 ἐχρημάτισε.
1359 3976 1469 4029 Kal.
1498 3978 1558 4028 ὲν
1586 3978 1664 4047 τῷ
1689 3978 1903 4033 ἐπιέναι

313 4068 393 4140 τῷ
429 4068 659 4139 βασιλεῖ
687 4067 748 4121 τὸ
778 4067 1004 4136 πνεῦμα
1037 4068 1103 4121 τὸ
1127 4068 1389 4140 πονηρὸν,
1431 4069 1742 4141 κατεπῇδεν
1772 4071 1905 4124 αὐτὸ

314 4165 410 4214 καὶ
442 4162 749 4231 ἀφίστατο,
796 4162 892 4213 καὶ
940 4161 1023 4224 εἰς
1100 4158 1901 4233 ἑαυτδνόΣαοὺλὶπανήρχετο.

314 4255 379 4305 Οἱ
411 4253 461 4307 δ’
493 4251 796 4321 ἀλλόφυλοι
823 4252 968 4306 κατά
998 4251 1106 4306 τῶν
1138 4250 1497 4323 Ἰσραηλιτῶν
1536 4254 1904 4326 ἐπεστράτευ-

315 4362 437 4401 σαν.
480 4344 988 4412 Ἀντικατέστησαν
1016 4342 1074 4397 δὲ
1123 4343 1312 4406 αὐτοῖς
1352 4342 1447 4396 καὶ
1476 4343 1527 4396 οἱ
1565 4343 1624 4411 ἐξ
1664 4344 1902 4416 Ἰσραὴλ,

312 4438 409 4489 καὶ
445 4439 508 4489 ἐν
564 4435 895 4505 ματαιχμεῳ
924 4435 1033 4487 τῶν
1066 4435 1490 4505 στρατευμάτων
1528 4436 1729 4506 ἀμφοῖν
1763 4437 1905 4506 ἀνήρ

2011 3243 2401 3313 appellaretur.
2445 3241 2673 3309 Quoties
2701 3243 2870 3312 igitur
2899 3243 3126 3311 spiritus
3156 3244 3249 3298 ille
3294 3244 3470 3301 malus
3504 3262 3591 3301 re-

2010 3352 2135 3407 gem
2180 3335 2519 3401 invadebat,
2572 3334 2916 3390 carminibus
2952 3334 3101 3391 illius
3146 3336 3493 3407 abigebatur,
3536 3350 3595 3393 et

2010 3425 2142 3481 Saul
2167 3426 2234 3480 ad
2284 3440 2343 3480 se
2407 3424 2645 3480 redibat.
2668 3424 2807 3479 Cum
2841 3432 3026 3479 autem
3070 3424 3340 3481 Palaestini
3386 3426 3593 3482 bellum

2009 3514 2272 3571 Israelitis
2303 3513 2641 3579 intulissent,
2666 3522 2833 3584 atque
2852 3512 2909 3568 hi
2938 3513 2995 3568 in
3041 3514 3331 3584 procinctu
3359 3523 3591 3585 starent,

2012 3607 2234 3678 quidam
2266 3622 2334 3662 ex
2394 3605 2723 3675 alienigenis
2765 3613 2921 3662 stans
2974 3605 3032 3660 in
3064 3608 3248 3662 medio
3301 3609 3593 3662 amborum

2009 3701 2378 3765 exercituum,
2402 3700 2628 3754 nomine
2655 3697 2863 3764 Golias,
2895 3698 2982 3753 vir
3009 3700 3279 3755 robustus
3300 3708 3358 3755 et
3382 3700 3596 3771 magni-

2012 3793 2204 3849 tudine
2229 3791 2483 3863 corporis
2512 3790 2773 3846 omnibus
2811 3790 3096 3860 superior,
3146 3792 3350 3862 quippe
3383 3801 3594 3848 statura

2011 3899 2111 3941 sex
2140 3884 2457 3941 cubitorum
2487 3892 2545 3939 et
2574 3881 2880 3944 dodrantis,
2905 3882 3065 3953 cujus
3094 3884 3292 3938 thorax
3322 3883 3591 3938 siclorum

2010 3978 2255 4050 quinque
2281 3976 2452 4031 millia
2484 3974 2803 4046 pendebat,
2843 3973 3002 4029 hasta
3037 3975 3214 4030 instar
3262 3974 3381 4046 jugi
3414 3984 3591 4031 texto-

2012 4069 2083 4124 rii
2129 4076 2274 4136 erat,
2323 4082 2593 4123 mucrone
2639 4064 2845 4128 ferreo,
2896 4075 3286 4121 sexcentarum
3326 4066 3592 4121 siclorum

2010 4161 2278 4232 pondere.
2323 4160 2376 4215 Is
2423 4159 2594 4230 igitur
2640 4158 2698 4212 in
2753 4158 2939 4213 medio
2984 4169 3156 4222 stans,
3210 4160 3483 4213 exclamat
3520 4157 3597 4213 ad

2010 4252 2288 4308 lsraelitas
2324 4271 2340 4305 :
2393 4249 2685 4304 Descendat
2736 4247 2931 4319 aliquis
2982 4256 3235 4313 vestrum,
3288 4256 3338 4302 et
3387 4263 3590 4303 mecum

2011 4345 2404 4416 congrediatur.
2440 4342 2543 4409 Qui
2574 4343 2621 4398 si
2659 4356 2743 4395 me
2780 4342 3130 4408 percusserit,
3173 4340 3459 4395 serviemus
3492 4357 3587 4394 vo-

2011 4438 2089 4492 bis
2121 4453 2139 4491 :
2168 4437 2251 4491 sin
2284 4453 2377 4506 ego
2411 4436 2566 4490 illum
2598 4436 2860 4507 dejecero,
2892 4452 2981 4489 vos
3010 4434 3180 4487 nostri
3218 4433 3356 4487 serui
3408 4435 3581 4489 eritis.

309 4549 396 4593 τις
421 4531 538 4583 τῶν
574 4528 899 4597 ἀλλοφύλων
932 4527 1086 4593 στὰς,
1138 4526 1334 4580 Γολιάθ
1380 4526 1576 4595 ἐκεινῳ
1603 4526 1664 4580 τὸ
1711 4527 1904 4598 ὄνομα,

2011 4529 2179 4599 quue
2210 4528 2572 4599 quadraginta
2609 4528 2810 4583 diebus
2841 4527 3192 4583 continenter
3221 4523 3372 4580 fecit.
3414 4525 3584 4580 David

310 4623 461 4692 ἀνὴρ⁴
482 4620 723 4680 δυνατὸς
754 4618 851 4671 καὶ
879 4617 1104 4670 πάντων
1147 4616 1609 4687 ὐπερανεστηκὼς
1636 4631 1651 4647 ·
1686 4620 1909 4686 πήχεων

311 4716 421 4783 γὰρ
467 4712 535 4779 ἐξ
591 4710 697 4765 καὶ
733 4711 1020 4780 σπιθαμῆς
1048 4711 1110 4762 τὸ
1144 4708 1278 4777 ὕψος
1312 4710 1486 4780 αὐτῷ,
1515 4707 1613 4761 καὶ
1652 4707 1681 4759 ὀ
1727 4708 1911 4778 θώραξ

310 4806 461 4876 αὐτῷ
510 4800 990 4871 πεντακισχιλίων
1025 4799 1226 4853 σίκλων
1264 4799 1391 4852 ἕλκε
1428 4798 1690 4868 σταθμὸν,
1723 4801 1818 4852 καὶ
1850 4799 1911 4851 τὸ

310 4898 442 4969 δόρυ
477 4895 659 4950 αὐτοῦ
692 4893 771 4958 ὡς
813 4894 997 4947 ἀντίον
1033 4891 1392 4962 ὑφαινόντων,
1422 4892 1516 4944 καὶ
1542 4893 1576 4960 ὴ
1610 4892 1777 4961 λόγχη
1813 4890 1908 4944 τοῦ

311 4990 545 5061 ὃὸρατος
578 4986 789 5040 σίκλων
817 4983 1116 5051 ἑξακοσίων
1145 4982 1256 5054 (ιδ)
1277 4997 1293 5014 ο
1322 4975 1478 5044 οὗτος
1500 4983 1559 5034 ὲν
1584 4981 1735 5051 μέσῳ
1755 4982 1908 5046 στὰς,

313 5083 590 5153 ἀνεϐόησε
622 5078 765 5151 πρὸς
791 5077 920 5139 τοὺς
954 5075 1107 5137 υἱοὺς
1155 5070 1380 5143 Ἰσραήλ
1402 5087 1418 5105 ο
1468 5071 1790 5138 Καταόήτω
1821 5088 1913 5137 τις

311 5175 381 5239 ἐξ
401 5173 606 5242 ὑμῶν,
626 5169 729 5223 καὶ
758 5167 1097 5234 ἁντιστήτω
1120 5181 1224 5235 μοι
1248 5179 1261 5195 ο
1290 5165 1390 5218 καὶ
1417 5162 1528 5218 ἐὰν
1554 5163 1789 5231 πατάξῃ
1817 5179 1911 5233 με,

311 5267 746 5332 δουλεύσομεν
771 5260 917 5330 ὑμῖν
943 5276 956 5290 ·
984 5258 1094 5313 ἐὰν
1114 5257 1184 5311 δὲ
1225 5254 1342 5325 ἐγὼ
1364 5253 1683 5309 καταϐαλῶ
1701 5255 1911 5321 αὑτὸν,

315 5360 544 5416 ἔσεσθε
580 5355 735 5428 ἡμῖν
767 5354 855 5421 εὶς
873 5353 1161 5419 δούλους.
1192 5352 1306 5406 Καὶ
1335 5348 1496 5405 τοῦτο
1521 5349 1617 5403 ἐπὶ
1637 5348 1911 5420 τεσσαρά-

2009 4630 2193 4674 autem
2221 4635 2249 4672 a
2281 4618 2443 4673 Saule
2469 4617 2537 4672 ad
2582 4627 2791 4689 patrem
2822 4618 3085 4674 Jessazum
3117 4615 3403 4683 remissus,
3448 4617 3587 4672 sub-

2009 4711 2137 4764 inde
2180 4709 2234 4764 in
2289 4721 2469 4763 castra
2502 4708 2899 4776 missitabatur,
2933 4710 2999 4764 ad
3022 4706 3365 4762 aﬂ‘erendum
3392 4706 3585 4761 fratri-

2009 4801 2115 4855 bus
2154 4801 2524 4855 militantibus
2567 4809 2960 4855 commeatum.
3004 4798 3140 4854 Nam
3188 4808 3300 4854 tres
3335 4814 3403 4854 ex
3452 4809 3586 4853 natu

2009 4891 2315 4962 majoribus
2335 4891 2555 4945 Saulem
2590 4890 2987 4961 sequebantur.
3016 4889 3154 4947 Cum
3188 4890 3359 4961 igitur
3384 4890 3449 4944 ad
3480 4888 3591 4943 fra-

2012 4997 2126 5038 tres
2151 4984 2413 5049 venisset,
2438 4981 2623 5037 Golias
2646 4996 2840 5036 rursus
2859 4982 2929 5037 de
2958 4996 3114 5037 more
3146 4981 3427 5052 singulare
3460 4996 3583 5035 cer-

2010 5088 2192 5131 tamen
2217 5074 2503 5145 poscebat,
2533 5082 2591 5128 et
2608 5072 2852 5129 Hebraeis
2879 5074 3270 5144 exprobrabat,
3300 5072 3582 5128 neminem
3644 5104 3655 5115 -

2011 5182 2200 5223 secum
2224 5166 2487 5236 congredi
2516 5165 2742 5222 audere.
2782 5166 2857 5222 lis
2887 5166 3073 5221 verbis
3095 5166 3302 5221 auditis
3324 5164 3586 5235 indigna-

2011 5265 2103 5313 tus
2140 5255 2333 5321 David,
2364 5258 2428 5312 ad
2470 5271 2540 5313 eo
2567 5257 2663 5326 qui
2694 5259 2928 5313 aderant
2961 5256 3060 5324 ait,
3102 5271 3162 5312 se
3192 5271 3321 5311 eum
3354 5256 3449 5309 illo
3480 5270 3582 5324 pu-

2011 5359 2329 5421 gnaturum.
2357 5348 2480 5416 Quo
2510 5351 2768 5406 nuntiato
2793 5390 2808 5418 ,
2839 5364 2938 5405 rex
2966 5347 3183 5415 Davidi,
3217 5346 3364 5415 Non,
3400 5345 3584 5416 inquit

1527 5506 1736 5570 Varias
1772 5507 2088 5571 lectiones
2134 5515 2198 5571 et
2240 5516 2432 5572 noue.

387 5680 694 5758 (48)_Hept
717 5676 1171 5758 τετρακοσίους.
1197 5674 1406 5758 Postea.
1427 5670 1903 5758 subinde‘eﬁaxq:

318 5741 451 5809 σίων
486 5741 571 5809 ’ίὶι
604 5741 841 5811 mentio]
868 5762 1041 5817 quare
1077 5744 1303 5817 totidem
1354 5742 1445 5796 hic
1470 5742 1637 5817 etiam
1685 5741 1903 5817 legendi

318 5826 610 5892 videntur,
637 5810 902 5889 quamvis
915 5810 1127 5888 Regum
1158 5812 1259 5871 lib.
1292 5830 1331 5881 ι,
1360 5828 1481 5883 cap.
1511 5811 1603 5881 22,
1634 5810 1764 5866 non‘
1776 5813 1905 5883 plu.

2010 5689 2100 5730 res
2136 5678 2558 5730 enumerentur.
2585 5669 2859 5742 Fortassis
2912 5670 3079 5742 igitur
3124 5679 3249 5742 post
3280 5669 3336 5727 id
3363 5679 3584 5742 tempus

2009 5746 2102 5800 alii
2134 5759 2197 5800 cc
2227 5750 2602 5800 accesserunt.
2629 5741 2699 5795 W
