4098 6398
506 340 616 409 135

1804 338 2049 400 JOANN
2062 340 2133 399 IS
2170 335 2494 399 ΖΟΝΛΗΕ

3659 339 3758 403 136

498 455 693 529 poteris
745 469 979 525 pugnam
1031 452 1364 506 committere
1390 466 1510 505 cum
1544 449 1644 505 isto
1688 449 2081 510 incircumciw,

2188 466 2355 503 κοντα
2382 448 2557 502 ἐποίει
2592 445 2827 518 ἡμέρας.
2865 444 2972 500 Τοῦ
3018 445 3075 500 δὲ
3105 444 3279 500 Σαοὺλ
3306 445 3397 501 τὸν
3432 448 3597 505 Δαὸὶδ
3626 453 3764 522 πρὸς

493 565 614 604 cum
665 562 795 617 puer
845 546 1017 600 adhuc
1050 544 1141 598 sis.
1179 543 1321 597 Tum
1370 543 1566 608 David,
1619 557 1678 596 se
1719 542 1832 596 Deo
1871 541 2077 594 foetum

493 656 615 696 esse
639 638 955 709 respondet,
988 640 1082 708 qui
1111 637 1216 692 sibi
1246 646 1443 692 contra
1477 651 1666 690 ursam
1700 635 1851 689 vires
1887 632 2078 688 dedis-

497 742 604 793 set,
639 742 697 786 et
718 739 914 786 contra
946 731 1187 796 leonem,
1222 730 1319 800 qui
1364 744 1586 799 gregem
1640 728 1996 789 invasissent,
2024 734 2083 779 et

496 825 739 894 pecudes
766 825 1105 893 rapuissent,
1129 838 1227 877 eos
1248 838 1307 878 se
1329 831 1708 891 persecutum,
1727 829 1783 874 et
1814 829 1965 889 rapta
1993 834 2084 873 re-

498 930 795 984 cuperasse
845 925 901 970 et
947 915 1289 984 percussisse
1324 913 1532 967 bestias
1582 927 1747 982 atque
1790 912 2081 966 occidisse.

497 1006 579 1060 Eo
614 1006 781 1075 igitur
813 1020 872 1059 se
905 1004 1016 1075 64
1052 1018 1175 1058 esse
1214 1002 1444 1067 fretum,
1482 1003 1577 1071 qui
1620 1011 1676 1056 et
1717 1002 2081 1071 alienigenam

499 1096 654 1150 illum
693 1096 798 1150 sibi
854 1094 1239 1164 perimendum
1280 1096 1352 1147 sit
1392 1093 1717 1152 traditurus.
1751 1102 1807 1146 et
1845 1092 2083 1161 ignomi-

499 1184 648 1237 niam
683 1183 999 1237 lsraeliticte
1040 1185 1220 1252 gentis
1250 1183 1607 1251 depulsurus.
1633 1184 1711 1238 Ac
1737 1183 1829 1236 ille
1858 1183 2084 1252 quidem

501 1273 618 1327 haec
663 1274 903 1327 dicebat.
947 1271 1064 1326 Rex
1107 1284 1290 1327 autem
1341 1274 1421 1328 ire
1456 1275 1804 1343 permittens,
1857 1289 1956 1327 sua
2006 1272 2083 1327 illi

498 1382 650 1419 arma
700 1366 1124 1430 accommodat,
1185 1365 1391 1435 quibus
1445 1366 1616 1420 David
1675 1378 1948 1437 gravalus,
2003 1366 2085 1421 uti

499 1467 722 1511 recusat
752 1474 764 1510 :
798 1460 896 1510 sed
930 1457 1128 1511 baculo
1160 1458 1411 1521 sublato,
1443 1468 1499 1511 et
1528 1458 1773 1527 quinque
1807 1458 2086 1528 lapidibus

499 1550 555 1602 in
601 1564 730 1618 pera
777 1549 1038 1615 conditis,
1074 1566 1200 1603 cum
1239 1548 1409 1603 funda
1456 1565 1554 1604 sua
1590 1550 1658 1604 ad
1711 1551 2085 1622 alienigenam

2199 542 2399 594 Ἰεσσαὶ
2447 538 2891 608 ἀναπέμψειν-τος,
2942 540 2971 592 6
3018 540 3203 610 πατὴρ
3250 539 3416 594 αὑτὸν
3477 540 3763 612 ἐσταλκεν,

2184 632 2265 695 είς
2302 630 2363 684 τὸ
2404 627 2789 698 στρατόπεδον,
2824 628 2936 690 τοῖς
2977 629 3435 697 στρατευομένοις
3465 628 3573 682 τῶν
3615 630 3768 684 ἀδελ-

2186 725 2303 794 φῶν
2352 720 2652 800 κομιοῦντα
2698 722 2770 772 τά
2825 719 3130 789 ἐπιτήδεια.
3183 720 3348 790 Τρεῖς
3381 720 3493 789 γάρ
3522 717 3664 793 ἦσαν
3715 725 3765 777 οἱ

2187 812 2551 882 πρεσϐύτεροι
2575 809 2653 881 τῷ
2680 808 2852 863 Σαοὺλ
2881 811 3261 880 συνεπόμενοι.
3290 812 3572 877 Ἐλθόντος
3593 815 3650 868 δὲ
3672 814 3765 868 τοῦ

2188 904 2352 958 Δαϐὶδ
2404 906 2540 975 πρὸς
2590 903 2717 965 τοὺς
2774 903 3062 972 ἀδελφοὺς,
3118 905 3147 956 6
3196 903 3493 976 ἀλλόφυλος
3550 906 3766 976 Γολιάθ,

2188 999 2373 1059 πάλιν,
2400 998 2475 1061 ὡς
2505 996 2628 1060 ἔθος
2672 995 2843 1065 αὐτῷ,
2885 999 2965 1061 είς
3006 982 3767 1070 μονομαχίανπρούκαλεῖτο,

2184 1090 2283 1144 καὶ
2316 1089 2443 1148 τοὺς
2482 1087 2767 1158 Ἐϐραίους
2792 1087 3089 1152 ὠνείδιζεν,
3113 1088 3196 1141 ὅτι
3230 1088 3421 1159 μηδεὶς
3451 1089 3603 1160 αὐτῷ
3629 1107 3770 1159 συμ-

2191 1180 2343 1251 μίξαι
2369 1181 2582 1252 θαρρεῖ.
2632 1179 2897 1241 Ἀκούσας
2936 1179 2995 1232 δὲ
3017 1179 3126 1231 τῶν
3159 1178 3335 1247 λόγων
3357 1179 3562 1234 τούτων
3581 1181 3766 1245 Δαϐὶδ,

2188 1273 2562 1341 ἠγανάκτησε,
2596 1271 2691 1323 καὶ
2742 1265 2864 1323 εἶπε
2913 1270 3051 1341 πρὸς
3095 1269 3223 1334 τοὺς
3258 1273 3531 1340 παρόντας
3559 1288 3574 1303 ο
3627 1270 3770 1341 Ἐγὼ

2191 1363 2562 1436 μονομαχήσω
2641 1361 2811 1430 αὐτῷ.
2898 1362 3204 1431 Ἀνηγγέλη
3237 1362 3396 1415 τοῦτο
3420 1362 3499 1433 τῷ
3533 1361 3765 1432 βασιλεῖ.

2200 1454 2260 1507 '0
2333 1454 2391 1506 δὲ
2452 1453 2795 1523 παραστάντι
2861 1451 3011 1521 αὖτῷ
3076 1451 3188 1523 (49)
3255 1453 3333 1524 τῷ
3411 1452 3606 1516 Δαὸὶδ,
3684 1455 3769 1507 Οὐ

2187 1546 2465 1613 δυνήσει,
2517 1545 2642 1616 ἔφη,
2678 1545 2777 1599 διὰ
2813 1545 3017 1614 μάχης
3048 1543 3322 1613 χωρῆσαι
3367 1542 3517 1613 πρὸς
3557 1544 3773 1599 τοῦτον

497 1648 780 1709 properat.
810 1640 992 1695 Atille
1041 1656 1141 1710 per
1197 1641 1442 1696 derisum
1480 1642 1801 1713 interrogat,
1856 1659 1984 1696 num
2015 1642 2082 1697 ad

2189 1638 2297 1693 τὸν
2350 1640 2759 1709 ἀπερίτμητον
2787 1654 2803 1685 9
2849 1637 2993 1704 παῖς
3015 1637 3127 1707 γὰρ
3157 1637 3237 1690 σὺ
3265 1636 3374 1690 ἔτι.
3410 1637 3518 1690 Kal
3549 1640 3577 1690 6
3609 1636 3773 1690 Δαϐὶδ

498 1747 691 1785 canem
738 1748 866 1786 cum
910 1733 1104 1787 baculo
1148 1740 1205 1787 et
1254 1733 1536 1802 lapidibus
1572 1734 1702 1788 iret.
1756 1733 1925 1788 David
1993 1750 2082 1789 re-

2190 1730 2413 1801 θαρῤεῖν
2440 1730 2626 1796 ἔλεγεν
2659 1730 2755 1782 ἐπὶ
2780 1726 2855 1797 τῷ
2896 1727 3017 1798 Θεῷ
3055 1727 3113 1791 ὃς
3156 1728 3317 1781 αὑτὸν
3345 1729 3488 1781 κατά
3521 1728 3623 1797 τῆς
3672 1728 3771 1797 ἀρ-

499 1825 755 1894 spondet,
804 1841 931 1881 eum
992 1827 1105 1881 sibi
1144 1841 1281 1881 cane
1325 1827 1660 1883 deteriorem
1705 1827 1904 1881 videri.
1946 1827 2082 1883 Tum

2187 1841 2319 1877 κτου
2366 1823 2639 1892 ἐνίσχυσε,
2685 1821 2950 1874 καὶκατὰ
2981 1818 3075 1871 τοῦ
3108 1819 3343 1884 λέοντος,
3382 1817 3769 1888 ἐπερχομένων

500 1916 594 1969 ille
624 1916 818 1980 iratus,
861 1917 1046 1971 verbis
1084 1918 1474 1987 arrogantibus
1509 1933 1567 1972 se
1601 1932 1826 1972 carnem
1854 1919 1975 1989 ejus
2004 1919 2082 1975 fe-

2187 1919 2254 1985 τῇ
2314 1915 2539 1985 ποίμνῃ,
2577 1913 2671 1966 καὶ
2710 1911 3003 1983 θρέμματα
3038 1912 3418 1981 ἁρπαζόντων,
3450 1909 3543 1973 οὓς
3580 1910 3768 1976 διῶξαι

499 2007 577 2061 ris
605 2016 663 2062 et
711 2008 941 2063 alitibus
973 2009 1230 2064 daturum
1279 2010 1563 2074 minitans,
1601 2020 1793 2064 contra
1830 2011 2082 2065 Davidem

2188 2005 2332 2069 εἷπε,
2365 2007 2458 2059 καὶ
2484 2007 2554 2058 τά
2590 2006 2688 2076 μὲν
2715 2004 3056 2077 ἡρπαγμένα
3081 2001 3568 2069 ἐπανασὼσασθαι,
3598 2005 3767 2055 πατά-

501 2097 615 2151 ruit
647 2116 660 2151 :
698 2099 794 2167 qui
832 2108 889 2153 et
920 2100 1037 2169 ipse
1067 2100 1323 2154 celeriter
1360 2100 1543 2169 lapide
1587 2100 1772 2156 fundae
1803 2101 2087 2172 imposito,

501 2190 739 2244 frontem
796 2190 973 2245 hostis
1020 2191 1132 2246 ictu
1176 2191 1316 2246 adeo
1372 2192 1687 2247 vehementi
1730 2192 1880 2257 ferit,
1933 2202 1995 2246 ut
2040 2193 2088 2247 is

501 2297 710 2351 pronus
756 2282 810 2337 in
846 2284 1041 2337 faciem
1077 2293 1386 2339 corrueret.
1422 2284 1593 2338 David
1627 2284 1893 2350 accurrit,
1945 2285 2086 2340 edu-

499 2385 699 2444 ctoque
732 2374 901 2430 Goliae
943 2376 1144 2447 gladio,
1185 2387 1351 2446 caput
1390 2377 1466 2431 illi
1507 2376 1775 2446 praecidit,
1812 2386 1868 2432 et
1911 2376 2084 2447 spolia

499 2465 620 2535 ejus
655 2465 809 2536 legit.
844 2465 922 2519 Ea
955 2482 1013 2520 re
1044 2466 1371 2535 alienigenae
1408 2466 1610 2530 territi,
1645 2465 1704 2519 in
1741 2464 1927 2534 fugam
1957 2478 2084 2517 ver-

500 2566 713 2611 tuntur.
783 2556 913 2611 Saul
977 2558 1226 2613 immisso
1280 2556 1622 2628 fugientibus
1670 2554 1918 2610 exercitu
1958 2568 2081 2619 suo,

2191 2096 2279 2161 ξαι
2324 2096 2383 2148 δὲ
2421 2095 2551 2157 τοὺς
2606 2095 2803 2165 θῆρας,
2858 2095 2954 2147 καὶ
3002 2094 3234 2147 ἀνελεῖν.
3286 2093 3411 2147 Ἐπὶ
3455 2093 3632 2164 τούτῳ
3663 2092 3767 2164 ἐφη

2192 2190 2439 2259 θαρρεῖν,
2468 2187 2543 2251 ὡς
2576 2188 2671 2241 καὶ
2703 2187 2795 2239 τὸν
2826 2186 3126 2254 ἀλλόφυλον
3153 2186 3395 2250 πατάξαι
3417 2185 3577 2240 δώσει
3600 2186 3767 2256 αὐτῷ,

2195 2283 2289 2333 καὶ
2338 2279 2544 2347 ἐξελεῖν
2585 2278 2793 2342 ὄνειδος
2852 2276 2912 2344 ἐξ
2960 2278 3095 2333 ul.th
3148 2277 3389 2349 Ἰσραήλ.
3445 2277 3507 2331 '0
3542 2278 3641 2348 μὲν
3679 2274 3771 2331 οὖν

2191 2375 2311 2430 εῐπε
2338 2373 2530 2427 ταῦτα.
2568 2372 2626 2425 Ὀ
2651 2372 2710 2426 δὲ
2741 2372 2994 2443 βασιλεὺς
3014 2371 3316 2442 ἐπέτρεψέν
3340 2370 3392 2423 οἱ
3416 2370 3770 2441 πορεύεσθαι,

2191 2468 2285 2521 καὶ
2318 2466 2609 2539 περιέθετο
2632 2465 2702 2517 τά
2726 2466 2905 2517 οἰκεῖα
2932 2463 3072 2516 ὅπλα
3105 2462 3277 2533 αὐτῷ.
3300 2464 3409 2515 Kal
3440 2457 3581 2532 ἦσαν
3610 2461 3772 2532 ἄχθος

2188 2558 2360 2631 αὐτῷ,
2403 2560 2499 2613 καὶ
2540 2557 2849 2613 ἀπεδύσατο
2881 2557 3079 2611 ταῦτα.
3116 2558 3289 2625 ΙἈρας
3319 2555 3378 2609 δέ
3418 2555 3517 2626 τὴν
3569 2553 3777 2624 βακτη-

499 2664 751 2718 magnam
793 2650 1011 2703 turbam
1063 2650 1289 2714 occidit,
1341 2649 1530 2720 plures
1583 2648 1859 2714 vulnerat,
1903 2656 2082 2702 castra

2194 2652 2340 2722 ρίαν,
2379 2652 2480 2704 καὶ
2510 2650 2672 2704 πέντε
2700 2649 2883 2713 λίθους
2915 2651 2973 2701 ἐν
3000 2649 3078 2719 τῷ
3110 2648 3310 2717 καδδίῳ
3332 2645 3645 2717 ἐνθέμενος,
3683 2644 3775 2698 καὶ

497 2740 711 2810 diripit.
770 2741 937 2797 David
973 2743 1144 2798 Golia:
1194 2751 1363 2812 caput
1415 2742 1567 2797 Sauli
1615 2744 1801 2808 offert,
1844 2740 2082 2811 gladium

2191 2745 2293 2814 τὴν
2326 2743 2623 2812 σφενδόνην
2648 2743 2830 2813 φέρων
2861 2744 2919 2796 ἐν
2947 2744 3012 2812 τῇ
3046 2740 3212 2811 χειρὶ,
3256 2738 3395 2807 πρὸς
3416 2738 3510 2791 τὸν
3539 2737 3774 2803 ἀλλόφυ-

498 2833 611 2887 Deo
638 2845 946 2890 consecrat.

2189 2833 2282 2888 λον
2301 2834 2583 2905 ὥρμησεν.
2620 2834 2679 2887 '0
2708 2833 2766 2886 δέ
2794 2834 3060 2901 κατεγέλα
3084 2830 3271 2897 αὑτοῦ,
3299 2831 3393 2885 καὶ
3419 2829 3774 2894 ἐπυνθάνετο,

497 2925 547 2973 εί
575 2927 707 2995 πρὸς
734 2927 870 2980 κύνα
893 2929 957 2996 τῇ
984 2926 1257 2997 βακτηρίᾳ
1284 2926 1380 2979 καὶ
1406 2927 1516 2990 τοῖς
1551 2925 1721 2991 λίθοις
1750 2927 2080 2999 πορεύεται;
2122 2926 2235 2980 Kal
2267 2927 2294 2980 6
2326 2925 2491 2977 Aa6‘t6
2523 2924 2620 2978 καὶ
2685 2925 2856 2997 χείρω
2902 2927 3065 2985 κυνὸς
3105 2924 3359 2994 ἡγεῖσθαι
3400 2922 3567 2977 αὐτὸν
3634 2922 3773 2974 άπε-

497 3014 747 3081 κρίνατο.
798 3017 1038 3078 Ἐκεῖνος
1083 3016 1139 3068 δὲ
1167 3016 1444 3086 ὀργισθεὶς
1478 3016 1572 3070 καὶ
1604 3018 2056 3089 μεγαλαυχήσας,
2099 3016 2292 3071 δώσειν
2318 3017 2419 3081 τὰς
2467 3017 2679 3088 σάρκας
2713 3015 2881 3069 αὑτοῦ
2916 3018 3027 3079 τοῖς
3096 3018 3362 3079 πετεινοῖς
3402 3032 3462 3069 τε
3501 3014 3596 3068 καὶ
3659 3014 3771 3074 τοῖς

499 3107 720 3179 θηρσὶν,
773 3105 1037 3177 ὥρμησεν
1089 3107 1177 3161 ἐπ’
1202 3108 1386 3161 αὐτόν.
1420 3106 1670 3178 Ταχύνας
1717 3107 1775 3161 δὲ
1820 3111 1849 3163 6
1892 3109 2081 3178 Aa6l6,
2121 3111 2217 3165 καὶ
2236 3108 2383 3163 λίθον
2413 3111 2479 3180 τῇ
2517 3108 2780 3180 σφενδόνῃ
2847 3108 3157 3179 ἐνθέμενος,
3190 3107 3285 3161 ἐπὶ
3347 3108 3601 3178 μέτωπον
3637 3106 3773 3158 tua.

496 3206 631 3272 ταξε
664 3203 757 3256 τὸν
805 3202 1088 3272 πολέμιον.
1138 3202 1251 3255 Kal.
1289 3196 1358 3271 ἧν
1401 3202 1434 3271 ή
1479 3201 1663 3272 πληγὴ
1693 3204 1955 3272 κραταιά,
1988 3206 2082 3257 καὶ
2120 3204 2318 3258 ἐπεσεν
2339 3206 2434 3259 ἐπὶ
2459 3204 2754 3276 πρόσωπον
2784 3204 2812 3256 6
2856 3202 3176 3270 ἀλλόφυλος.
3217 3201 3454 3273 Δραμὼν
3492 3202 3548 3254 ἑὲ
3610 3205 3774 3259 Δαεὶδ

497 3302 595 3353 καὶ
620 3307 718 3369 την
762 3300 972 3350 ἐκείνου
1033 3295 1309 3367 ῥομφαίαν
1369 3295 1741 3365 σπασάμενος,
1772 3297 2075 3369 ἀποτέμνει
2115 3299 2217 3372 τὴν
2262 3298 2508 3370 κεφαλὴν
2537 3297 2756 3361 Γολιάθ,
2802 3297 2898 3350 καὶ
2941 3297 3193 3351 σκυλεύει
3260 3299 3328 3349 τά
3368 3298 3511 3351 ὅπλα
3577 3297 3767 3352 αὐτοῦ.

497 3391 669 3447 Τοῦτο
696 3391 806 3452 τοῖ,
838 3389 1163 3458 ἀλλοφύλοις
1196 3388 1400 3444 δειλίαν
1440 3389 1687 3457 ἐνέϐαλε,
1720 3390 1819 3444 καὶ
1858 3391 2081 3446 έκλιναν
2119 3396 2200 3456 είς
2245 3396 2447 3464 φυγήν.
2480 3392 2653 3446 Σαοὺλ
2685 3391 2742 3446 δέ
2774 3391 2836 3445 τὸ
2860 3392 3059 3444 οίκεϊον
3087 3391 3271 3454 αὐτοῖς
3336 3391 3531 3459 ἐπάγει
3599 3394 3770 3464 στρά-

495 3498 677 3553 τευμα
738 3480 1026 3549 φεύγουσι,
1077 3479 1172 3532 καὶ
1216 3479 1493 3532 κτείνεται
1572 3480 1682 3532 τῶν
1736 3481 2113 3536 Παλαιστινῶν
2153 3482 2359 3555 πλῆθος
2420 3483 2577 3546 πολὺ,
2634 3483 2730 3561 καὶ
2827 3481 3075 3544 πλείονες
3124 3483 3618 3553 τραυματίζονται,
3674 3487 3770 3540 καὶ

496 3579 561 3631 τὸ
618 3574 980 3645 στρατόπεδον
1030 3570 1211 3625 αὐτῶν
1253 3571 1639 3644 διαρπάζεται.
1690 3574 1802 3646 Τὴν
1871 3574 2118 3646 κεφαλὴν
2155 3576 2213 3630 δὲ
2281 3575 2474 3630 ramo
2526 3576 2793 3647 προσάγει
2838 3573 3004 3628 Δαὸὶδ
3045 3572 3125 3645 τῷ
3177 3574 3372 3643 Σαοὺλ,
3412 3574 3510 3647 τὴν
3541 3574 3601 3629 δὲ
3636 3578 3770 3649 ῥομ-

497 3668 666 3740 φαίαν
692 3667 771 3733 τῷ
802 3664 923 3736 Θεῷ
953 3665 1297 3734 ἀνατίθησιν.
3190 3714 3195 3719 ,

568 3758 740 3815 XXX.
775 3757 1041 3812 Redeunti
1074 3755 1300 3811 domum
1334 3756 1605 3810 exercitui
1626 3766 1929 3813 occurrunt
1960 3773 2082 3813 mu-

2260 3759 2341 3811 A'.
2389 3755 2756 3827 Ἐπανιούσης
2806 3755 2864 3808 δὲ
2911 3756 3012 3825 τῆς
3065 3757 3344 3827 στρατιᾶς,
3393 3757 3450 3811 αἱ
3511 3761 3771 3826 γυναῖκες

494 3853 663 3911 lieres
728 3860 786 3907 et
850 3851 1136 3914 saltantes,
1185 3848 1408 3904 Saulem
1449 3848 1601 3903 mille
1654 3848 1946 3916 occidisse,
1992 3864 2082 3905 ca-

2190 3854 2467 3925 συνήντων
2518 3850 2689 3920 αύτῷ,
2743 3851 2836 3903 καὶ
2889 3850 3234 3921 χορεύουσαι,
3287 3850 3531 3920 χιλιάδας
3579 3851 3767 3905 ὀλέσαι

496 3943 955 4010 nunt;Davidem
997 3957 1131 3997 vero
1196 3941 1388 3996 decem
1447 3941 1619 3995 millia
1662 3940 1952 4008 delevisse,
2001 3957 2082 3998 re-

2187 3944 2280 3997 τὸν
2329 3943 2524 4008 Σαοὺλ,
2570 3937 2703 4016 ᾖδον
2737 3956 2751 3972 ο
2794 3940 2852 3993 αἱ
2900 3939 2958 3993 δὲ
3004 3940 3287 4009 παρθένοι,
3348 3941 3616 4011 μυριάδας
3678 3943 3769 3995 τὸν

498 4041 783 4111 ιροηίίοιιι
816 4041 1082 4111 virgines.
1108 4039 1185 4093 Ea
1219 4038 1393 4094 verba
1431 4038 1651 4094 Saulem
1709 4037 1779 4093 ad
1817 4037 2082 4093 invidiam

2187 4035 2354 4090 Aa6l6
2382 4035 2667 4105 ἀφανίσαι,
2719 4031 2971 4103 ἀντῇδον.
3012 4032 3184 4085 Τοῦτο
3235 4035 3371 4104 πρὸς
3411 4033 3606 4100 φθόνον
3634 4035 3767 4106 ἠρέο

496 4133 837 4198 incitarunt,
885 4142 945 4187 ut
991 4131 1205 4187 diceret
1258 4148 1272 4186 :
1327 4130 1466 4196 Quid
1519 4132 1567 4184 ei
1614 4139 1809 4195 praeter
1859 4145 2081 4200 regnum

2190 4131 2308 4183 θισε
2365 4128 2457 4182 τὸν
2513 4127 2706 4190 Σαοὺλ,
2762 4126 3032 4197 φήσαντα,
3081 4124 3193 4178 Καὶ
3239 4127 3297 4179 τί
3332 4124 3493 4191 αὐτῷ
3531 4126 3774 4194 ὑστερεῖ

494 4227 683 4281 deest?
709 4236 765 4281 et
802 4226 1064 4281 Davidem
1105 4234 1423 4296 suspectum
1455 4226 1701 4281 haberet.
1740 4224 1928 4294 Itaque
1952 4238 2079 4278 cum

2189 4220 2359 4289 πλὴν
2404 4219 2442 4285 ’ἡ
2489 4217 2820 4283 ﬂave/tela;
2879 4219 2990 4271 Kal
3037 4218 3374 4271 ὑπεδλέπετο
3425 4218 3520 4272 τὸν
3578 4219 3763 4273 Δαΰίδ.

494 4321 639 4375 malo
670 4319 867 4389 spiritu
904 4320 1302 4388 corriperetur,
1349 4332 1591 4387 eumque
1622 4316 1793 4371 David
1820 4317 1888 4371 de
1919 4329 2075 4370 more

492 4419 833 4474 excantaret,
859 4410 1106 4463 lanceam
1133 4418 1329 4463 contra
1368 4409 1522 4463 illum
1556 4406 1748 4471 mittit,
1783 4406 1950 4475 idque
1976 4405 2082 4460 ite-

497 4508 621 4554 rato
677 4500 922 4565 factum;
956 4498 1053 4553 sed
1086 4498 1257 4552 David
1304 4497 1563 4567 praesidio
1617 4497 1808 4551 divino
1868 4503 2081 4564 septus,

494 4590 670 4645 ictum
714 4589 975 4644 declinat.
1011 4589 1223 4643 Deinde
1264 4605 1360 4643 rex
1385 4588 1647 4643 Davidem
1683 4599 1960 4651 metuens,
1990 4588 2088 4642 tri-

496 4682 711 4737 bunum
739 4680 975 4735 militum
1012 4686 1187 4746 creat,
1218 4688 1280 4735 ut
1311 4680 1457 4735 inter
1490 4680 1681 4735 hostes
1706 4678 2081 4750 periclitetur.

494 4778 567 4830 At
609 4774 701 4829 ille
733 4775 849 4830 Deo
893 4775 1147 4846 adjutore
1176 4788 1291 4827 rem
1321 4772 1461 4827 bene
1493 4772 1655 4843 gerit,
1702 4770 1905 4842 populo
1951 4771 2085 4825 cha-

496 4885 621 4935 rus,
648 4880 868 4923 necnon
907 4867 1143 4922 Melchol
1178 4865 1289 4920 lilia
1337 4864 1487 4935 regis
1519 4864 1672 4922 illius
1708 4879 1899 4919 amore
1928 4865 2084 4933 capi-

2199 4311 2592 4373 Ἐπιπεσόντος
2619 4309 2675 4362 δὲ
2703 4308 2782 4377 τῷ
2813 4309 2987 4363 Σαοὺλ
3032 4309 3341 4379 πνεύματος
3375 4310 3639 4381 πονηροῦ,
3674 4311 3769 4363 καὶ

2179 4403 2274 4457 τοῦ
2328 4402 2494 4455 Δαϐὶδ
2550 4403 2972 4474 κατεπᾴδοντος,
3007 4402 3083 4463 ὡς
3126 4402 3246 4465 εθος
3304 4400 3474 4472 αὐτῷ,
3520 4402 3581 4454 τὸ
3634 4402 3762 4470 δόρυ

2182 4495 2374 4548 ἔϐαλεν
2415 4498 2443 4548 6
2486 4495 2662 4549 Σαοὺλ
2690 4498 2810 4548 κατ’
2839 4496 3005 4549 αὑτοῦ
3034 4512 3049 4525 ·
3081 4496 3177 4549 καὶ
3203 4496 3285 4558 δὶς
3321 4495 3483 4548 τοῦτο
3513 4495 3761 4564 ἐποίησε.

2184 4590 2346 4641 Καὶὸ
2395 4587 2562 4641 Δαϐὶδ
2593 4588 2840 4654 ἐξέκλινε
2862 4606 2875 4621 ο
2905 4587 3109 4660 Κύριος
3143 4589 3261 4657 γάρ
3292 4583 3359 4657 ἦν
3401 4588 3519 4658 μετ’
3573 4585 3761 4640 αὐτοῦ.

2182 4677 2377 4741 Δεδιὼς
2410 4677 2468 4731 δέ
2499 4678 2660 4731 αὐτὸν
2684 4678 2712 4730 6
2741 4677 3016 4747 βασιλεὺς,
3050 4675 3332 4747 χιλίαρχον
3373 4676 3668 4738 ἐποιήσατο
3697 4671 3766 4725 ἶν’

2182 4771 2264 4833 είς
2289 4769 2417 4832 τοὺς
2448 4770 2742 4839 πολεμίους
2769 4767 2973 4835 ἀπιὼν,
3008 4768 3357 4835 κινδυνεύσῃ.
3389 4767 3446 4820 '0
3465 4766 3523 4819 δέ
3544 4764 3622 4835 τῷ
3647 4762 3764 4834 Θεῷ

2185 4861 2483 4934 συμμαχού
2494 4878 2678 4933 μενος,
2706 4860 2980 4915 εύοδοῦτο.
3012 4862 3124 4915 Kal
3153 4862 3182 4913 6
3217 4859 3347 4923 λαὸς
3380 4859 3571 4929 ἠγάπα
3595 4857 3761 4912 αὐτὸν

1699 5020 1908 5082 Varios
1951 5023 2258 5083 lectiones
2302 5025 2364 5080 et
2400 5028 2590 5079 uotae.

571 5166 685 5240 (49)
715 5163 1293 5240 Hapsarnm‘ogzdts
1313 5161 1500 5240 αὐτῷ.
1529 5162 1861 5240 ambiguum
1890 5171 2075 5240 utrum

495 5232 814 5301 sacerdoti,
851 5252 922 5289 an
959 5234 1170 5298 Davidi,
1208 5250 1274 5288 an
1310 5232 1484 5287 Sauli.
1531 5234 1639 5289 Sed
1671 5232 1740 5288 ad
1775 5232 1994 5288 Saulem
2029 5234 2077 5288 si

496 5310 758 5372 refertur,
783 5315 845 5360 ut
865 5314 1112 5375 apparet,
1140 5311 1226 5359 est
1257 5304 1655 5372 περισσολογία
1685 5303 1899 5367 Graeca,
1926 5302 2076 5375 quod

389 5416 393 5422 ~
495 5392 669 5451 genus
718 5378 773 5429 in
801 5373 1072 5430 verténdo
1107 5382 1333 5451 propter
1371 5375 1538 5451 aliain
1577 5375 1757 5429 Latini
1799 5373 2078 5427 sermonis

498 5444 790 5511 rationetn,
827 5462 936 5515 quo
978 5444 1368 5515 antecedentia
1409 5444 1573 5515 exiis
1611 5458 1733 5513 quae
1765 5453 2078 5515 sequuntur

498 5517 732 5585 intelligi
760 5512 956 5577 solent,
978 5525 1129 5570 recte
1152 5514 1448 5585 omittitur.
1475 5513 1610 5567 Nam
1630 5512 1681 5567 si
1707 5516 1824 5585 ipse
1850 5512 2078 5585 Degregi

497 5587 551 5642 id
581 5584 785 5641 factum
834 5586 1131 5648 nuntiavit,
1164 5584 1404 5638 astitisse
1450 5594 1545 5636 aut
1581 5584 1879 5637 accessisse
1929 5584 2083 5636 illum

498 5671 666 5712 nemo
696 5654 936 5709 dubitat.
962 5654 1054 5709 Sic
1079 5656 1243 5723 paulo
1276 5666 1423 5723 post,
1457 5657 1570 5714 τοῖς
1607 5651 1943 5723 περιστῶσιν
1985 5652 2082 5723 αὐτ

499 5726 579 5795 τῷ
616 5724 885 5795 ὁπλίταις,
920 5719 1095 5789 νει·ιί,
1127 5742 1158 5777 a
1188 5719 1504 5795 satellitibus
1529 5719 1716 5795 occidi:
1723 5722 1893 5795 jubet.
1930 5719 2088 5785 Quod

501 5792 704 5866 siquis
732 5794 866 5848 mihi
895 5795 1326 5851 controversiam
1346 5794 1498 5861 iacit,
1527 5792 1880 5864 participium
1905 5800 2095 5846 astun-

2184 5162 2321 5215 tibus
2374 5177 2483 5216 non
2525 5175 2645 5215 esse
2690 5173 3190 5229 supervacaneum,
3225 5158 3322 5213 sed
3362 5155 3566 5211 habere
3613 5158 3764 5228 ἐνέρ-

2182 5249 2364 5300 γειαν,
2395 5233 2640 5286 concedo
2670 5246 2803 5284 sane
2835 5245 2849 5282 :
2884 5232 2991 5300 sed,
3014 5230 3147 5299 illud
3180 5237 3373 5300 contra
3395 5230 3519 5281 dico
3538 5242 3585 5300 _a
3618 5229 3763 5282 Lati-

2184 5297 2274 5356 nis
2310 5302 2361 5355 id
2408 5302 2690 5371 ἐνεργείας
2735 5314 2907 5369 genus
2946 5299 3017 5371 ob
3047 5297 3479 5371 participiorunr
3501 5297 3670 5371 alium
3708 5306 3765 5371 et

2187 5372 2371 5425 minus
2398 5368 2745 5440 frequentem
2778 5384 2938 5423 usum
2986 5370 3099 5423 fere
3150 5370 3349 5439 negligi
3385 5387 3399 5440 ς
3430 5368 3482 5421 id
3521 5370 3680 5440 quod
3708 5369 3760 5422 ei

2182 5442 2394 5511 liquido
2422 5438 2727 5510 apparebit,
2757 5443 2847 5508 qui
2879 5440 3135 5511 eamdem
3160 5438 3487 5511 sententiam
3514 5454 3545 5491 a
3570 5438 3762 5511 Latino

2183 5508 2760 5580 et‘ercoseriptore
2798 5518 3048 5575 tractam,
3084 5508 3204 5579 quae
3233 5509 3416 5562 multa:
3442 5508 3642 5578 passim
3670 5524 3765 5580 ex-

2183 5590 2351 5645 stant,
2382 5579 2718 5636 contulerit:
2751 5594 2839 5633 me
2866 5581 3113 5649 exempla
3150 5580 3404 5649 persequi
3439 5579 3761 5649 occupatio-

2185 5665 2287 5775 {res
2314 5660 2392 5777 ea]
2413 5651 2666 5707 instituta
2708 5649 2949 5705 brevitas
2981 5648 3086 5705 huc
3115 5648 3363 5719 tempore
3395 5663 3507 5703 non
3538 5648 3762 5719 patiun-

2214 5736 2295 5775 ur.
2398 5761 2412 5776 .

2189 5729 2295 5775 tur.
2328 5729 2412 5776 W.
