4098 6384
336 412 423 478 13⁸1

1617 392 2028 459 ANNALIUM
2070 394 2222 455 LIB.
2264 394 2312 454 Ι.

3482 402 3585 462 138

335 526 471 597 καὶή
503 521 597 591 τοῦ
650 519 920 592 βασιλέως
978 515 1226 586 θυγάτηρ
1285 511 1501 582 Μελχδλ
1550 510 1660 582 ἦρα
1720 507 1901 562 Δαϐίδ.

2017 512 2120 560 tur.
2151 505 2308 573 Quod
2339 503 2470 561 Saul
2501 508 2776 572 nuntiato,
2803 510 3221 566 statuendarum
3260 512 3586 572 insidiarum

335 611 717 690 Προσηγγέλθη
779 605 873 664 οὖν
927 610 956 663 6
1013 607 1154 678 ἔρως
1189 605 1269 676 τῷ
1307 603 1545 676 βασιλεῖ,
1579 601 1674 656 καὶ
1715 601 1774 664 ὃς
1823 600 1902 662 εἰς

333 708 488 778 λαϐὴν
522 702 819 773 ἐπιϐουλῆς
845 701 1047 773 ἐχρῆτο
1070 699 1148 770 τῷ
1171 701 1356 771 ἔρωτι.
1388 696 1531 767 Ἔφη
1554 696 1662 766 γὰρ
1713 693 1906 746 δώσειν

335 797 472 869 αὑτῷ
500 796 562 851 τὸ
594 794 915 866 θυγάτριον,
958 791 1007 844 εί
1047 790 1244 844 ἑκατὸν
1280 785 1650 858 ἀκροϐυστίας
1692 781 1906 851 ἐνέγκοι

337 889 472 961 αὐτῷ
506 904 521 921 ·
556 886 770 958 οίηθεὶς
800 883 1089 939 πεσεῖσθαι
1118 880 1280 936 αὐτὸν
1307 883 1421 940 τοῖς
1451 875 1770 946 ἀλλοφύλοις
1799 893 1904 944 μα-

335 981 570 1055 χόμενον.
607 975 784 1031 Τοῦτο
810 973 999 1048 μαθὼν
1029 974 1059 1026 6
1090 971 1281 1036 Δαϐὶδ,
1318 967 1590 1039 ἐπορεύθη
1629 965 1767 1036 μετὰ
1796 965 1908 1018 τῶν

337 1077 413 1133 ὑπ’
438 1071 623 1140 αὑτὸν,
654 1069 752 1124 καὶ
781 1067 1056 1132 ἐπάταξεν
1091 1066 1149 1118 ἐν
1190 1065 1302 1126 τοῖς
1327 1058 1671 1129 ἀλλοφύλοις,
1711 1057 1806 1111 καὶ⁹
1847 1057 1910 1127 ή-

336 1184 510 1238 νεγκεν
532 1161 904 1234 ἀκροϐυστίας
926 1158 1005 1230 τῷ
1027 1155 1203 1212 Σαοὺλ
1225 1153 1446 1209 ἑκατόν.
1484 1151 1544 1204 '0
1566 1151 1624 1205 δέ
1644 1149 1910 1219 Ἰώσηπος

337 1263 423 1332 οὐχ
441 1258 638 1314 ἐκατδν
683 1252 1052 1327 ἀκροϐυστίας
1071 1250 1296 1322 κομίσαι
1313 1247 1405 1301 τὸν
1427 1246 1614 1311 Δαϐὶδ,
1631 1244 1766 1300 ἀλλὰ
1787 1243 1911 1310 ἐξα-

334 1353 508 1413 κοσίας
551 1349 795 1420 κεφαλὰς
831 1345 1162 1414 ἀλλοφύλων.
1182 1341 1294 1396 Καὶ
1327 1339 1617 1406 ζεύγνυσιν
1637 1336 1788 1408 αύτῷ
1811 1335 1911 1405 τὴν

334 1443 516 1498 ἑαυτοῦ
538 1441 818 1512 θυγατέρα
838 1437 1076 1508 Μελχόλ.
1121 1433 1295 1507 Ὁρῶν
1320 1433 1378 1487 δὲ
1400 1431 1494 1486 τὸν
1519 1431 1685 1484 Δαϐὶδ
1711 1429 1804 1482 καὶ
1834 1427 1912 1492 τῷ

331 1535 441 1607 Θεῷ
497 1531 988 1606 συμμαχούμενον,
1042 1530 1140 1584 καὶ
1181 1525 1259 1598 τῷ
1313 1523 1512 1596 πλήθει
1563 1522 1910 1594 φιλούμενον,

332 1630 405 1684 ἔτι
461 1629 664 1700 μᾶλλον
717 1626 931 1690 ἐδεδίει,
992 1624 1094 1678 καὶ
1135 1619 1532 1676 ἐπεϐούλευσεν
1585 1616 1760 1690 αὐτῷ,
1819 1620 1915 1674 καὶ

332 1722 536 1776 κτανεῖν
565 1716 863 1789 ἐπεχείρει.
897 1715 989 1785 Τῷ
1029 1715 1122 1769 οὖν
1179 1712 1283 1784 υίῷ
1344 1711 1604 1766 Ἰωνάοαν
1655 1713 1751 1766 καὶ
1799 1715 1914 1774 τοῖς

2007 599 2354 656 occasionem
2391 601 2612 671 arripit,
2641 601 2806 657 ﬁliam
2845 604 2894 658 ei
2928 619 2987 658 se
3013 604 3271 659 daturum
3299 609 3585 677 pollicens,

2007 691 2052 744 si
2080 699 2303 746 centum
2332 693 2598 763 praeputia
2633 693 3069 765 alienigenarum
3109 696 3214 752 sibi
3263 699 3582 756 attulisset:

2008 783 2124 838 fore
2153 798 2384 853 sperans
2443 794 2504 840 ut
2535 785 2588 838 in
2617 786 2806 855 praelio
2830 788 3073 843 caderet.
3107 788 3183 843 Eo
3211 789 3380 845 David
3423 793 3585 848 intel-

2007 875 2174 940 lecto,
2197 890 2322 930 cum
2355 876 2470 932 suis
2496 877 2768 933 militibus
2800 880 2935 950 prof
2960 890 3104 945 ctus,
3130 892 3187 937 et
3230 884 3384 939 caesis
3409 885 3588 941 hosti-

2009 968 2134 1033 bus,
2186 980 2408 1024 centum
2435 969 2588 1025 Sauli
2623 973 2890 1042 praeputia
2935 974 3095 1029 aﬂ‘crt
3139 975 3435 1046 (Iosephus
3476 995 3586 1033 non

2011 1072 2233 1117 centum
2295 1063 2600 1133 praeputia,
2649 1064 2745 1120 sed
2798 1077 3058 1122 sexcenta
3115 1070 3295 1139 capita
3338 1071 3590 1127 attulisse

2012 1154 2243 1227 narrat),
2264 1155 2448 1225 itaque
2473 1155 2757 1212 Melcbolis
2773 1159 3030 1234 conjugio
3059 1161 3288 1231 potitur.
3316 1163 3589 1219 Caeterum

2014 1245 2166 1309 Saul,
2188 1247 2282 1317 qui
2299 1263 2426 1302 eum
2448 1257 2504 1303 et
2520 1247 2790 1306 divinitus
2811 1250 3004 1316 foveri,
3027 1263 3082 1308 et
3106 1254 3325 1324 publice
3357 1256 3587 1312 charum

2012 1339 2204 1395 haberi
2243 1351 2512 1404 cerneret,
2549 1342 2722 1412 magis
2757 1342 2921 1398 etiam
2964 1344 3280 1414 formidare,
3317 1349 3590 1417 insidiari,

2014 1431 2197 1486 moliri
2231 1431 2340 1503 65
2369 1448 2585 1488 necem.
2621 1433 2791 1504 Igitur
2818 1435 3069 1492 Jonathze
3101 1437 3234 1504 ﬁlio,
3267 1450 3322 1494 et
3355 1441 3593 1497 famulo-

2015 1538 2135 1578 rum
2180 1523 2538 1591 ﬁdelissimis,
2593 1525 2798 1581 caedem
2831 1527 2952 1596 ejus
2981 1529 3226 1583 mandat.
3271 1531 3472 1586 Verum
3498 1533 3593 1588 .Io-

2015 1616 2229 1680 natbas,
2266 1615 2362 1684 qui
2398 1615 2659 1670 Davidem
2692 1627 2927 1683 amaret,
2965 1621 3284 1676 mandatum
3334 1624 3508 1692 patris
3539 1625 3593 1679 ei

2017 1709 2208 1774 refert,
2238 1708 2632 1779 caverejubet,
2665 1724 2792 1763 cum
2817 1718 2974 1780 patre
3003 1719 3257 1766 acturum
3292 1715 3593 1782 promittit,

332 1811 667 1876 πιστοτάτοις
717 1809 829 1864 τῶν
879 1807 1108 1863 οἰκετῶν
1137 1809 1237 1879 τήν
1284 1805 1563 1876 ἀναίρεσιν
1593 1803 1759 1858 αὐτοῦ
1792 1805 1914 1857 ἐπι-

2017 1803 2182 1873 eique
2209 1802 2584 1858 indicaturum
2610 1802 2816 1857 omnia.
2852 1802 3009 1858 Facit
3038 1804 3138 1867 ita,
3180 1814 3236 1860 et
3260 1807 3437 1876 patris
3472 1810 3595 1862 ani-

330 1905 532 1959 τάσσει.
581 1901 842 1958 ἰωνάθαν
876 1901 934 1954 δέ
980 1899 1155 1971 φιλῶν
1200 1899 1292 1952 τὸν
1325 1896 1512 1962 Δαϐὶδ,
1561 1895 1714 1968 δηλοῖ
1763 1894 1912 1966 αύτῷ

330 1998 386 2050 τὸ
412 1997 716 2067 ἐπίταγμα,
753 1994 849 2049 καὶ
884 1991 1254 2063 φυλάττεσθαι
1291 1992 1570 2062 παραινεῖ,
1603 1988 1700 2043 καὶ
1739 1989 1912 2056 ἐπαγ-

329 2089 570 2156 τέλλεται
599 2085 1054 2158 διαλεχθήσεσθαι
1079 2085 1211 2155 περὶ
1255 2081 1422 2137 αὑτοῦ
1453 2081 1531 2153 τῷ
1574 2083 1767 2152 πατρὶ,
1817 2081 1913 2135 καὶ

329 2184 386 2238 τὸ
411 2184 517 2238 πᾶν
543 2181 784 2253 ἐκφῆναι
814 2177 988 2250 αύτῷ.
1039 2178 1150 2232 Καὶ
1201 2176 1386 2247 μέντοι
1408 2175 1505 2230 καὶ
1529 2173 1800 2246 διελέχθη,
1819 2174 1914 2228 καὶ

331 2277 632 2346 μετήνεγκε
664 2273 803 2346 πρὶς
831 2270 1154 2343 πραότητα·
1196 2265 1524 2339 μεταϐαλὼν
1568 2266 1702 2337 γὰρ,
1744 2265 1913 2338 μηδὲν

327 2366 604 2438 ἀδικήσειν
633 2363 818 2434 ὤμοσε
874 2361 966 2416 τὸν
1019 2359 1186 2415 Δαϐὶδ
1217 2360 1246 2413 6
1285 2359 1481 2413 Σαούλ.
1541 2359 1800 2414 Ἰωνάθαν
1855 2357 1914 2411 δέ

326 2458 492 2511 ταῦτα
507 2453 834 2526 δεδηλωκὼς
866 2453 946 2526 τῷ
976 2452 1160 2519 Δαϐὶδ,
1193 2453 1408 2521 εἰσάγει
1436 2451 1574 2524 πρὸς
1615 2451 1706 2506 τὸν
1753 2450 1913 2522 βασι-

326 2551 420 2604 λέα
446 2551 638 2616 αὑτὸν,
679 2548 777 2603 καὶ
814 2543 883 2620 ἦν
909 2549 986 2613 ὡς
1017 2546 1211 2619 πρώην
1232 2546 1382 2618 αὐτῷ
1405 2545 1760 2619 παραμένων.
1791 2544 1914 2600 Τῶν

327 2639 382 2693 δὲ
439 2640 824 2696 Παλαιστινῶν
885 2639 1220 2710 κινηθέντων
1269 2639 1365 2693 καὶ
1405 2637 1592 2704 πάλιν,
1648 2639 1742 2692 καὶ
1798 2639 1914 2702 τοῖς

338 2733 612 2805 Ἑϐραίοις
675 2732 965 2797 ἐπιόντων,
1035 2729 1459 2802 ἀντιταξόμενος
1518 2731 1702 2795 αὐτοῖς
1760 2729 1913 2804 παρὰ

336 2824 513 2878 Σαοὺλ
541 2825 571 2878 6
598 2822 766 2877 Δαϐὶδ
791 2821 1204 2887 ἀποστέλλεται,
1234 2823 1328 2876 καί
1361 2821 1503 2892 μετὰ
1537 2823 1696 2892 νίκης
1742 2825 1914 2877 ἐπάν-

341 2931 468 2970 εισι.
531 2917 664 2979 Τοῖς
704 2914 750 2969 δ’
787 2915 1137 2986 εὐτυχήμασι
1188 2913 1282 2968 τοῦ
1324 2911 1518 2985 ἀνδρὸς
1573 2914 1670 2967 καὶ
1718 2916 1748 2968 6
1793 2916 1913 2969 κατ’

339 3007 508 3062 αύτοῦ
547 3008 746 3077 φθόνος
777 3007 1077 3078 συνηύξετο
1109 3005 1188 3078 τῷ
1217 3005 1413 3072 Σαοὺλ,
1448 3006 1544 3060 καὶ
1600 3006 1695 3060 τοῦ
1748 3023 1914 3077 πονη-

331 3098 427 3171 ροῦ
460 3100 782 3170 πνεύματος
809 3095 966 3161 αὖθις
995 3097 1317 3162 ἐπελθόντος
1344 3096 1496 3168 αὐτῷ
1541 3097 1635 3151 καὶ
1673 3098 1915 3170 συμπνί-

2019 1910 2168 1948 mum
2196 1893 2263 1948 ad
2315 1893 2667 1949 clementiam
2699 1893 2966 1958 traducit,
3025 1904 3085 1951 ut
3115 1906 3323 1952 mutata
3367 1909 3596 1954 senten-

2017 1987 2350 2058 tiajuraret,
2384 2001 2444 2040 se
2485 1985 2677 2041 Davidi
2724 1987 2932 2042 nullam
2974 1987 3252 2044 facturum
3286 1991 3543 2062 injuriam
3574 2010 3590 2047 :

2016 2088 2072 2133 et
2100 2078 2362 2134 Davidem
2395 2120 2408 2143 ,
2445 2078 2534 2135 bis
2586 2079 2944 2146 renuntiatis,
2980 2081 3048 2135 ad
3103 2097 3287 2150 regem
3343 2085 3594 2152 adducit,

2017 2180 2076 2224 ut
2105 2171 2252 2226 sicut
2277 2171 2451 2242 prius,
2487 2171 2538 2226 ei
2573 2181 2776 2242 praesto
2806 2181 2972 2228 esset.
3014 2172 3152 2230 Cum
3184 2184 3371 2232 autem
3421 2177 3595 2234 l’alze-

2014 2264 2146 2320 stini
2177 2263 2363 2320 denuo
2399 2279 2459 2320 se
2490 2275 2798 2332 moverent,
2841 2276 2897 2323 et
2940 2267 3200 2324 Hebraeos
3233 2269 3596 2340 invaderent,

2017 2357 2188 2412 David
2220 2368 2415 2413 contra
2445 2371 2544 2413 eos
2576 2372 2607 2413 a
2664 2357 2831 2414 Sanle
2877 2360 3100 2424 missus.
3148 2378 3208 2418 re
3267 2364 3412 2420 bene
3442 2375 3596 2438 gesta

2017 2447 2335 2503 revertitur.
2371 2447 2480 2504 Sed
2514 2464 2625 2519 quo
2670 2449 2763 2504 hic
2800 2451 3056 2520 pluribus
3096 2457 3450 2513 successibus
3485 2459 3596 2513 uti-

2018 2550 2128 2605 tur,
2153 2556 2221 2598 eo
2254 2543 2562 2613 graviorem
2595 2543 2739 2614 regis
2767 2543 3028 2599 invidiam
3051 2546 3222 2602 subit.
3256 2548 3444 2618 Itaque
3469 2564 3596 2604 cum

2017 2633 2192 2698 Sauli,
2224 2649 2390 2703 quem
2427 2634 2608 2689 malus
2648 2635 2846 2705 genius
2879 2635 3064 2692 denuo
3099 2637 3375 2694 invaserat
3431 2648 3598 2712 atque

2017 2725 2275 2797 angebat,
2321 2740 2446 2781 cum
2475 2726 2706 2798 cinnyra
2737 2735 2936 2798 praesto
2968 2738 3118 2785 esset
3167 2743 3223 2788 et
3256 2741 3597 2800 excantaret,

2021 2818 2154 2874 Saul
2193 2818 2408 2875 hastam
2453 2828 2768 2890 correptam
2822 2831 3018 2878 contra
3047 2838 3177 2878 eum
3226 2826 3455 2898 conjicit
3490 2844 3503 2880 :
3540 2839 3599 2884 at

2017 2913 2112 2970 ille
2171 2915 2404 2985 praevisa
2460 2915 2853 2986 declinatoque
2905 2915 3054 2983 ictu,
3118 2918 3398 2987 discedit;
3465 2920 3596 2978 Saul

2016 3020 2152 3061 vero
2206 3006 2541 3062 satellitibus
2595 3014 2762 3061 noctu
2825 3005 2882 3062 in
2934 3008 3156 3064 Daxidis
3206 3011 3354 3067 aedes
3387 3011 3596 3077 missis,

2021 3116 2183 3156 mane
2207 3115 2336 3156 eum
2369 3101 2566 3156 tollere
2599 3098 2946 3156 decreverat.
2985 3100 3106 3168 Quo
3135 3102 3368 3159 Melchol
3411 3109 3600 3174 cogni-

325 3205 540 3259 γοντος,
609 3193 794 3262 παρῆν
832 3192 860 3244 6
901 3189 1067 3244 Δαϐὶδ
1089 3189 1188 3260 τήν
1251 3188 1482 3261 κινύραν
1538 3189 1776 3263 κρούων,
1823 3192 1914 3246 καί

2029 3205 2104 3259 ιο,
2129 3195 2388 3250 Davidem
2412 3208 2511 3265 per
2553 3193 2850 3249 fenestram
2892 3194 3191 3252 demissum
3221 3199 3405 3269 eripit.
3439 3203 3599 3260 Mane

323 3284 658 3354 κατεπᾴδων
700 3281 855 3337 αὑτό.
894 3283 952 3336 '0
996 3282 1170 3336 Σαοὺλ
1224 3281 1305 3349 δέ,
1338 3281 1400 3336 τὸ
1464 3282 1592 3355 δόρυ
1639 3284 1912 3354 κατέχων,

322 3373 619 3443 ήκόντισεν
645 3373 778 3429 αύτὸ
801 3373 942 3427 κατὰ
986 3371 1080 3426 τοῦ
1104 3372 1290 3427 Δαϐίδ.
1328 3373 1386 3426 '0
1429 3373 1488 3428 δὲ
1523 3375 1793 3445 προγνοὺς
1827 3375 1915 3441 ἐξ·

324 3465 513 3520 έκλινέ
543 3482 608 3519 τε
670 3466 766 3520 καὶ
795 3466 1166 3536 ἀνεχώρησεν.
1191 3464 1507 3520 Ἀπέστειλε
1539 3466 1598 3521 δὲ
1631 3468 1805 3522 Σαοὺλ
1825 3485 1916 3522 νυ-

323 3557 449 3621 κτὸς
482 3556 740 3628 φύλακας
766 3559 846 3620 είς
875 3560 967 3610 τίν
1011 3553 1161 3611 οἷκον
1201 3557 1390 3625 Δαϐὶδ,
1426 3557 1511 3612 ἵνα
1549 3558 1669 3630 μεθ’
1702 3561 1917 3632 ἡμέραν

325 3651 517 3724 κτείνῃ
541 3650 733 3705 αὐτόν.
767 3649 977 3704 Γνοῦσα
993 3650 1052 3705 δὲ
1107 3649 1269 3704 τοῦτο
1316 3649 1533 3722 Μελχὸλ
1561 3655 1594 3723 ή
1625 3653 1768 3726 γυνὴ
1813 3656 1914 3708 αύ-

324 3742 440 3806 τοῦ,
467 3742 564 3797 διὰ
592 3743 810 3816 θυρίδος
841 3743 933 3798 τὸν
961 3742 1133 3814 ἄνδρα
1179 3745 1488 3815 κατήγαγε,
1537 3747 1632 3798 καὶ
1684 3747 1912 3820 ἀπέδρα.

321 3834 542 3891 Ἐωθεν
574 3835 633 3889 δὲ
666 3836 762 3889 τοῦ
799 3834 974 3889 Σαοὺλ
1033 3834 1350 3906 πέμψαντος
1392 3837 1486 3891 ἐπὶ
1529 3835 1622 3891 τὸν
1673 3838 1915 3911 Δαϐὶδ,ή

323 3931 543 4003 Μελχὺλ
575 3931 681 4003 τὴν
714 3930 908 4003 κλίνην
938 3931 1304 4000 ἐτοιμάσασα,
1334 3929 1411 3994 ὥς
1469 3948 1614 3996 τινος
1666 3933 1724 3986 ἐν
1776 3934 1914 4005 αύτῇ

318 4025 612 4095 κειμένου,
667 4025 766 4079 καὶ
827 4024 943 4087 τοῖς
1006 4021 1381 4093 ἐπιϐλήμασιν
1445 4022 1710 4078 ὑποθεῖσα
1761 4020 1916 4097 ἧπαρ

317 4118 475 4188 αἰγὸς
506 4116 878 4188 νεοσφαγοῦς,
905 4118 981 4180 ῶς
1010 4116 1078 4169 ἂν
1105 4118 1174 4187 τῇ
1205 4115 1400 4170 τούτου
1432 4119 1646 4187 κινήσει
1687 4117 1750 4172 τὸ
1793 4117 1915 4171 ἐπί-

318 4213 509 4283 ϐλημα
542 4211 918 4282 σαλευόμενον
945 4210 1168 4282 δόκησιν
1193 4211 1450 4283 παράσχῃ
1496 4210 1712 4265 κεῖσθαι
1763 4211 1916 4284 παρὰ

317 4307 384 4375 τῇ
415 4303 586 4374 κλίνη
621 4290 771 4368 τινά,
813 4301 1027 4369 εἰσάγει
1064 4300 1192 4366 τοὺς
1223 4301 1541 4366 σταλέντας,
1594 4302 1692 4356 καὶ
1738 4305 1915 4357 νοσεῖν

313 4399 407 4452 τὸν
440 4398 624 4470 ἄνδρα
663 4395 852 4467 φησίν.
888 4396 949 4450 Ol
985 4394 1043 4450 δὲ
1066 4395 1409 4466 ἀπήγγειλαν
1431 4395 1510 4468 τῷ
1551 4395 1746 4449 Σαούλ.
1806 4395 1915 4452 Καὶ

2019 3302 2145 3344 cum
2171 3287 2346 3342 David
2386 3285 2749 3342 abducendus
2796 3296 2967 3353 esset,
3002 3288 3236 3346 Melcbol
3275 3291 3355 3348 ita
3404 3308 3598 3366 parato

2019 3381 2248 3444 lectulo,
2299 3379 2456 3450 quasi
2501 3381 2705 3448 aliquis
2739 3379 2792 3433 in
2835 3395 2904 3434 eo
2946 3381 3179 3453 jaceret,
3228 3395 3285 3440 et
3331 3391 3594 3460 stragulis

2020 3472 2189 3528 corde
2248 3487 2442 3527 recens
2499 3479 2750 3527 mactatae
2815 3487 2993 3542 Capra:
3041 3477 3330 3545 supposito
3363 3519 3378 3543 ,
3427 3483 3592 3553 cujus

2023 3574 2172 3621 motu
2220 3565 2462 3635 stragula
2510 3563 2712 3635 agitata
2761 3564 3079 3634 opinionem
3116 3567 3404 3636 aﬂ'errent,
3438 3575 3597 3643 quasi

2020 3657 2220 3728 aliquis
2247 3656 2304 3711 in
2349 3657 2556 3713 lectulo
2591 3657 2970 3723 recumberet,
3006 3661 3206 3717 missos
3265 3663 3591 3736 introducit,

2023 3749 2282 3803 maritum
2333 3757 2600 3819 aegrotare
2651 3749 2890 3805 dicens:
2941 3766 3052 3820 quo
3106 3753 3237 3809 Saul
3289 3760 3549 3816 nuntiato
3579 3804 3593 3829 ,

2021 3857 2149 3896 eum
2185 3841 2242 3896 in
2297 3841 2442 3897 lecto
2504 3840 2690 3896 alieni
2726 3842 2906 3913 jubet.
2963 3843 3046 3898 Illi
3103 3847 3324 3904 sublato
3365 3850 3595 3920 lectulo,

2022 3935 2350 4004 rejectisqne
2379 3933 2759 4004 operimentis,
2795 3946 3166 3992 commentum
3191 3939 3597 4010 deprehensum

2023 4025 2138 4094 regi
2173 4025 2452 4079 nuntiant.
2488 4023 2580 4080 Sic
2610 4024 2780 4080 David
2808 4025 2977 4084 vitata
3020 4039 3216 4095 morte,
3251 4032 3597 4093 Armatbaim

2020 4118 2086 4172 ad
2113 4117 2424 4173 Samuelem
2441 4132 2560 4172 sese
2591 4117 2826 4184 confert,
2858 4134 2982 4174 cum
3017 4138 3084 4176 co
3105 4123 3388 4182 Nabiotha:
3413 4128 3600 4187 Hamae

2024 4212 2252 4281 degens.
2291 4210 2421 4267 Saul
2456 4225 2524 4264 eo
2547 4225 2768 4280 quoque
2791 4211 2963 4265 mittit
2992 4215 3279 4280 satellites,
3316 4220 3410 4288 qui
3437 4221 3594 4278 Davi«

2022 4302 2148 4358 dem
2187 4300 2533 4357 abducerent
2575 4301 2720 4371 :qui
2777 4316 2902 4356 cum
2925 4317 2994 4358 eo
3040 4305 3448 4376 pervenissent,
3505 4312 3598 4368 in-

2020 4404 2188 4452 vento
2237 4393 2632 4465 prophetarum
2675 4402 2952 4449 conventu
2979 4435 2994 4461 ,
3055 4397 3348 4454 vaticinari
3393 4410 3451 4458 et
3485 4404 3594 4476 ipsi

312 4490 369 4545 6:
392 4491 493 4546 ὲπὶ
519 4491 629 4559 τῆς
651 4488 844 4561 κλίνης
862 4488 1025 4542 αύτδν
1049 4487 1282 4560 ἀχθῆναι
1309 4487 1705 4544 διακελεύεται.
1724 4489 1914 4543 Ἀπελ-

2023 4497 2337 4559 coeperunt.
2387 4487 2464 4542 Eo
2505 4487 2728 4558 cognito
2768 4502 2864 4542 rex
2897 4487 3034 4543 alios
3067 4488 3256 4554 mittit,
3289 4493 3493 4562 quibus
3538 4505 3596 4552 et

313 4585 502 4648 θόντες
525 4583 590 4640 δέ
626 4584 681 4637 οἱ
708 4581 1077 4653 πεμφθέντες,
1104 4579 1316 4650 καὶτῆς
1349 4580 1538 4650 κλίνης
1563 4582 1830 4653 ἀράμενοι
1854 4583 1914 4637 τὸ

2028 4581 2166 4650 ipsis
2220 4577 2419 4634 eodem
2465 4576 2632 4632 modo
2677 4576 2915 4638 affectis.
2949 4578 3149 4634 iterum
3199 4581 3371 4636 mittit
3413 4585 3593 4642 alios:

311 4675 634 4747 ἐπίϐλημα,
666 4673 732 4727 τὸ
762 4673 1049 4744 τέχνασμα
1087 4672 1450 4742 κατενόησαν,
1484 4672 1579 4726 καὶ
1605 4673 1684 4744 τῷ
1709 4673 1920 4744 βασιλεῖ

309 4767 808 4839 κατηγγέλκασιν.
837 4764 995 4819 Οὕτω
1024 4764 1080 4817 δέ
1116 4764 1208 4818 τὸν
1237 4763 1472 4819 θάνατον
1510 4765 1540 4818 6
1568 4765 1732 4819 Δαϐὶδ
1752 4769 1921 4836 ἐκφυ-

313 4862 448 4930 γὼν,
487 4861 573 4932 τῷ
607 4857 875 4930 Σαμουὴλ
918 4859 1000 4922 είς
1041 4855 1364 4929 Ἀρμαθαῖμ
1390 4856 1790 4928 προσελήλυθε,
1823 4861 1918 4914 καὶ

313 4952 409 5006 σὺν
440 4952 656 5023 ἐκείνῳ
678 4950 868 5021 διῆγεν
894 4951 951 5003 ἐν
973 4947 1194 5003 Ναϐιὼθ
1225 4950 1307 5013 είς
1342 4949 1540 5021 Ῥαμά.
1566 4951 1780 5020 Πέμπει
1804 4953 1914 5006 τοί-

312 5061 405 5098 νυν
427 5044 654 5099 κάκεῖό
703 5042 877 5096 Σαοὺλ
922 5042 1049 5106 τοὺς
1107 5039 1339 5106 ἄξοντας
1377 5041 1470 5095 τὸν
1513 5041 1699 5098 Δαϐίδ.
1764 5046 1829 5098 Oi
1865 5046 1911 5099 δ’

311 5135 687 5199 ἀπελθόντες,
721 5134 816 5187 καὶ
838 5132 1137 5204 προφητῶν
1166 5132 1466 5203 ἐκκλησίαν
1494 5133 1772 5204 εὑρόντες,
1816 5139 1913 5192 καὶ

312 5229 469 5282 αὐτοὶ
491 5226 913 5299 προεφήτευον.
935 5224 1110 5279 Τοῦτο
1132 5224 1322 5294 μαθὼν
1338 5227 1365 5278 6
1387 5224 1667 5295 βασιλεὺς,
1691 5229 1911 5300 ἑτέρους

313 5322 527 5391 πέμπει
551 5339 566 5352 ·
587 5319 872 5374 κάκείνων
893 5317 1131 5388 σχόντων
1148 5315 1372 5388 ὁμοίως,
1421 5319 1614 5382 ἄλλους
1667 5322 1976 5381 ἀπέστειλε.

2017 4671 2112 4743 qui
2149 4686 2274 4728 cum
2319 4679 2377 4726 et
2424 4669 2530 4740 ipsi
2576 4669 2806 4724 numine
2863 4669 3029 4726 amati
3065 4681 3255 4728 essent
3283 4713 3300 4739 ,
3354 4675 3472 4747 ipse
3511 4678 3595 4735 ira

2017 4763 2285 4836 percitus,
2313 4775 2548 4833 propere
2578 4761 2900 4830 descendit;
2935 4778 3174 4834 cumque
3207 4782 3378 4838 prope
3403 4784 3591 4826 acces-

2017 4859 2202 4920 sisset,
2238 4855 2429 4912 itidem
2487 4854 2779 4910 vaticinari
2824 4855 3015 4926 cmpit.
3044 4855 3165 4924 Quo
3200 4867 3448 4931 tempore
3493 4865 3588 4932 qui

2021 4952 2100 5007 ibi
2124 4958 2304 5014 erant,
2335 4947 2679 5004 celebratum
2711 4947 2850 5003 illud
2884 4949 3239 5018 protulerunt
3272 4971 3286 5008 :
3335 4952 3596 5025 Nunquid

2022 5053 2072 5098 et
2110 5041 2244 5098 Saul
2283 5042 2423 5096 inter
2454 5040 2788 5111 prophetas?
2819 5039 2959 5095 Cum
2995 5055 3126 5096 vero
3168 5043 3237 5097 ad
3282 5043 3592 5101 Samuelcm

2020 5138 2366 5201 accessisset,
2423 5135 2662 5190 alienata
2714 5143 2933 5200 mente,
2977 5137 3268 5208 exutisqtre
3324 5140 3594 5206 vestibus,

2019 5239 2197 5288 totum
2230 5227 2376 5284 diem
2407 5235 2691 5296 totamque
2713 5234 2932 5281 noctem
2956 5226 3138 5282 nudus
3159 5228 3355 5299 jacuit.

2019 5326 2129 5381 Καὶ
2162 5319 2272 5378 τῶν
2307 5319 2584 5394 τρίτωνδέ
2618 5321 2865 5390 κατόχων
2877 5321 3177 5389 γεγονότων
3207 5321 3284 5392 τῷ
3301 5321 3590 5394 πνεύματι,

313 5420 478 5498 αὐτὸς
549 5417 886 5490 ἐξώρμησεν
955 5415 1049 5470 ὑπ’
1085 5415 1278 5488 ὀργῆς,
1325 5415 1421 5469 καὶ
1470 5413 1799 5484 πλησιάσας,
1862 5419 2234 5491 προφητεύειν
2297 5415 2505 5488 ἤρξατο
2545 5417 2639 5468 καὶ
2683 5414 2865 5477 αὐτός.
2903 5413 3029 5466 Ὅτε
3079 5414 3173 5469 καὶ
3213 5415 3275 5467 τὸ
3329 5415 3595 5488 ᾀδόμενον

313 5514 357 5564 οἱ
385 5515 510 5566 ἐκεῖ
537 5511 823 5582 παρόντες
855 5508 1212 5580 ἐφθέγξαντο,
1236 5508 1320 5573 τὸ,
1353 5509 1425 5563 El
1457 5507 1556 5562 καί
1603 5508 1802 5564 Σαοὺλ
1847 5511 1918 5566 ἐν
1955 5511 2328 5582 προφήταις;
2381 5506 2580 5562 Ἐλθὼν
2623 5506 2681 5561 δέ
2753 5508 2887 5560 ὅπου
2930 5501 3000 5577 ἦν
3047 5506 3322 5580 Σαμουὴλ,
3375 5509 3597 5582 ἔκφρων

315 5604 504 5677 ὥσπερ
540 5605 872 5674 γενόμενος,
904 5604 1000 5658 καὶ
1042 5603 1143 5673 τὴν
1205 5601 1412 5672 ἐσθῆτα
1459 5602 1913 5673 περιδυσάμενος,
1956 5606 2165 5677 γυμνὸς
2185 5604 2363 5658 ἔκειτο
2384 5601 2452 5657 δι’
2480 5603 2607 5671 ὅλης
2644 5601 2745 5670 τῆς
2776 5600 2986 5672 ἡμέρας
3012 5600 3226 5671 καὶτῆς
3251 5603 3464 5666 νυκτός.

383 5695 517 5752 AA'.
561 5697 628 5750 '0
661 5694 724 5748 δὲ
752 5697 918 5748 Δαξλδ
951 5695 1163 5748 ἐκεῖθεν
1191 5694 1427 5764 ἀπέδρα,
1476 5694 1570 5747 καὶ
1610 5695 1690 5766 τῷ
1735 5695 1917 5751 Ἰωνά-

317 5787 413 5845 θαν
436 5793 539 5863 τὴν
569 5787 709 5846 κατ’
728 5785 894 5840 αὐτοῦ
916 5788 1011 5842 τοῦ
1041 5788 1251 5859 πατρὸς
1282 5789 1600 5858 μεμήνυκεν
1629 5787 1916 5859 ἐπιχείρη-

321 5897 434 5936 σιν·
463 5883 494 5936 6
519 5882 585 5936 δέ
623 5878 876 5949 ἠπίστει.
918 5881 1102 5946 Ἦξίου
1132 5881 1189 5935 δέ
1211 5881 1377 5934 αὑτὸν
1405 5881 1432 5932 6
1461 5881 1626 5935 Δαϐὶδ
1681 5880 1916 5936 ἀπόπει-

633 5977 917 6038 ΡΑτιιοι.
966 5978 1084 6039 Gn.
1132 5977 1479 6040 CXXXIV.

2097 5697 2294 5754 λΧΧι.
2351 5694 2523 5750 David
2573 5693 2702 5749 inde
2757 5690 3068 5762 aufugiens.
3121 5689 3376 5748 Jonathaa
3421 5695 3596 5763 patris

2024 5800 2219 5846 contra
2271 5802 2331 5844 se
2389 5794 2649 5842 conatum
2695 5782 2990 5855 signiﬁcat.
3027 5782 3185 5848 Quod
3217 5798 3346 5873 cum
3371 5783 3462 5838 ille
3485 5800 3594 5839 non

2023 5879 2293 5946 crederet,
2317 5877 2428 5948 66
2452 5875 2584 5948 petit
2628 5883 2689 5930 ut
2721 5873 2933 5945 paterni
2965 5872 3132 5929 animi
3175 5872 3480 5944 periculum
3517 5873 3594 5930 far

3243 5987 3279 6026 ἱ)

2898 6186 2928 6214 Ι
