4098 6438
500 411 601 474 1¹ἲ9
1805 407 2133 470 JOANNIS
2167 409 2501 473 ZONARJE
3683 413 3783 481 110

491 527 622 587 ciat.
650 530 708 581 et
729 521 836 581 sibi
877 529 1033 579 extra
1088 518 1284 577 urbem
1316 518 1563 576 manenti
1602 519 1844 576 nuntiet.
1896 521 2070 592 itaqui

2194 541 2297 596 ραν
2320 522 2656 596 ποιήσασθαι
2687 525 2786 598 τῆς
2821 523 3048 597 γνώμης
3075 523 3180 597 τῆς
3209 523 3514 597 πατρικῆς,
3537 525 3634 582 καὶ
3659 529 3783 584 ταύ·

493 617 765 673 Jonatbas
812 616 1038 672 Davidis
1094 614 1241 685 apud
1288 623 1503 685 patrem
1549 613 1696 669 facta
1770 615 2070 683 mentione,

2187 634 2288 688 την
2319 616 2563 690 δηλῶσαι
2603 617 2754 689 αὐτῷ
2792 614 2900 684 ἔξω
2953 618 3358 690 προσμενοῦντι
3403 621 3505 692 τῆς
3553 621 3780 685 πόλεως.

490 728 621 770 cum
652 727 782 768 eum
826 710 978 766 illius
1006 709 1164 764 sitire
1193 709 1521 779 sanguinem
1564 706 1954 774 intellexisset,
2000 707 2070 762 illi

2186 708 2564 784 Προσαγαγὼν
2587 707 2682 763 οὖν
2712 709 2907 780 λόγους
2945 711 2976 764 ὁ
3026 711 3291 766 Ἰωνάθαν
3327 710 3407 782 τῷ
3433 714 3609 785 πατρὶ
3656 713 3782 784 περὶ

487 809 628 864 clam
687 806 805 876 ipse
839 816 1063 858 omnem
1127 815 1244 856 rem
1281 800 1522 866 nuntiat,
1575 809 1636 854 et
1671 798 1799 869 fuga
1845 799 2070 854 salutem

2184 801 2278 856 τοῦ
2308 801 2495 868 Δαϐὶδ,
2523 801 2620 856 καὶ
2667 801 2769 873 τὴν
2802 804 3084 874 πατρικὴν
3142 804 3471 877 ⁶προαίρεσιν
3524 803 3784 874 ἐγνωκὼς

487 895 916 970 quaererejnbet
951 912 965 947 :
1001 891 1382 962 Davidemque
1423 890 1792 962 jurejurando
1842 890 1949 946 sibi
1975 890 2070 945 ob-

2183 893 2429 965 διψῶσαν
2451 894 2546 950 τὸν
2582 895 2818 951 θάνατον
2852 894 2948 984 τοῦ
2975 895 3194 968 ἀνδρὸς,
3229 897 3573 967 ἀπαγγέλλει
3601 897 3779 952 πάντα

489 991 736 1064 stringit,
764 1000 824 1045 ut
871 987 958 1044 Sui
997 985 1414 1052 recordaretur,
1438 993 1496 1040 et
1527 984 1676 1056 quod
1708 985 1753 1040 si
1785 984 1904 1056 ipse
1931 1000 2070 1041 mor-

2183 988 2335 1060 αὐτῷ
2371 988 2551 1062 λάθρα
2599 988 2668 1043 δι’
2725 989 2945 1054 ἐαυτοῦ,
2998 991 3095 1043 καὶ
3147 987 3347 1055 σώζειν
3409 991 3781 1062 προτρέπεται

489 1095 616 1142 tuus
646 1093 814 1150 esset,
865 1081 1061 1137 liberis
1110 1081 1230 1135 suis
1271 1078 1649 1136 benefaceret.
1690 1077 1788 1136 liis
1812 1078 2070 1135 Jonathat

2185 1079 2403 1147 ἑαυτὸν,
2431 1083 2526 1135 καὶ
2550 1081 2758 1154 ὥρκισε
2788 1080 2880 1135 τὸν
2901 1080 3070 1136 Δαϐὶδ
3094 1080 3414 1152 μεμνῆσθαι
3443 1082 3612 1137 αὐτοῦ
3637 1098 3654 1116 ο
3679 1083 3779 1137 κᾶν

485 1179 654 1237 dictis
710 1177 1034 1240 revertitur,
1069 1171 1242 1228 David
1294 1171 1505 1228 Nabam
1554 1171 1622 1226 ad
1653 1171 2078 1228 Abimelecbum

483 1273 805 1346 pontiﬁcem
853 1285 912 1326 se
955 1267 1192 1325 confert.
1239 1265 1304 1321 Ei
1364 1264 1593 1320 miranti
1628 1281 1730 1320 cur
1763 1266 1920 1320 solus
1973 1265 2081 1321 iret

483 1365 696 1422 David:
732 1361 865 1417 Mihi
894 1377 1006 1424 rex,
1036 1359 1236 1429 inquit,
1279 1359 1470 1412 arcani
1499 1357 1706 1425 aliquid
1763 1359 2076 1423 mandavit,

482 1459 622 1529 quod
660 1472 726 1510 ne
755 1455 871 1524 quis
933 1453 1253 1516 rescisceret,
1305 1451 1452 1504 solus
1494 1449 1727 1504 adsum:
1760 1452 1844 1505 hic
1895 1460 2077 1506 autem

480 1551 754 1607 convenire
781 1563 864 1602 me
898 1544 1128 1616 {amulos
1160 1559 1299 1598 meo:
1324 1543 1511 1614 jussit.
1557 1542 1652 1598 His
1685 1542 1872 1606 dictis,
1905 1559 2079 1614 panes

481 1644 661 1713 petiit.
696 1639 970 1698 Sacerdos
1004 1653 1065 1694 se
1093 1635 1316 1692 nonnisi
1345 1650 1536 1692 sacros
1593 1635 1804 1693 habere
1841 1651 2076 1707 respon-

475 1739 563 1794 dit
594 1756 607 1792 :
639 1751 833 1791 verum
865 1733 912 1789 si
944 1748 975 1787 a
1018 1729 1352 1786 mulieribus
1375 1728 1503 1800 puri
1543 1736 1757 1795 essent,
1799 1729 2076 1800 acciperet

2179 1173 2322 1244 τύχῃ
2358 1172 2561 1237 θανὼν,
2605 1172 2950 1240 ἐνδείξασθαι
2979 1189 3031 1225 τι
3064 1173 3304 1244 χρηστὸν
3331 1174 3411 1236 είς
3437 1174 3568 1239 τοὺς
3599 1176 3660 1241 ἐξ
3683 1177 3778 1229 αύ-

2177 1265 2296 1322 τοῦ.
2316 1264 2486 1319 Ταῦτ’
2511 1264 2685 1320 εἰπὼν
2715 1264 2996 1332 Ἰωνάθαν,
3016 1264 3350 1336 ὑπέστρεψε.
3378 1265 3546 1319 Δαϐὶδ
3565 1265 3624 1320 δὲ
3651 1265 3778 1336 φεύ-

2179 1378 2294 1432 γων
2312 1362 2394 1422 είς
2428 1360 2612 1427 Ναϐἀ,
2647 1358 3018 1430 παραγίνεται
3047 1357 3188 1428 πρὸς
3227 1357 3524 1430 Ἀϐιμέλεχ
3553 1359 3646 1412 τὸν
3675 1361 3773 1430 ἀρ-

2177 1456 2389 1527 χιερέα.
2426 1455 2486 1509 '0
2514 1453 2592 1518 se.
2635 1453 2752 1518 πῶς
2788 1455 2944 1525 μόνος
2969 1452 3096 1524 ἥκει
3118 1452 3526 1507 διεπυνθάνετο.
3565 1453 3775 1506 Κάκεῖ-

2177 1565 2269 1612 νος
2319 1545 2706 1603 Ἕντετάλθαι
2757 1563 2813 1600 τι
2849 1545 3010 1614 παρά
3057 1544 3166 1600 τοῦ
3209 1544 3544 1613 βασιλέως,
3599 1541 3773 1611 εἶπεν,

2174 1640 2563 1709 ἀπόρῤητον·
2601 1641 2703 1694 καί
2743 1640 2844 1694 ἵνα
2892 1638 2979 1710 μή
3034 1656 3126 1707 τις
3182 1639 3305 1710 γνῷ
3355 1640 3490 1708 περὶ
3533 1641 3772 1702 τούτου,

2169 1738 2516 1804 μεμόνωμαι
2547 1747 2560 1764 ·
2593 1733 2856 1789 ἐνταῦθα
2885 1734 2955 1788 δέ
2981 1752 3084 1805 μοι
3117 1733 3447 1789 συνελθεῖν
3479 1733 3606 1802 τοῖς
3638 1751 3776 1788 παι-

475 1843 651 1901 atque
677 1827 891 1884 ederet.
922 1825 1065 1880 Tum
1106 1821 1281 1878 David
1318 1821 1564 1894 gladium
1596 1821 1765 1877 etiam
1803 1821 1923 1877 dari
1964 1822 2070 1880 sibi

2176 1825 2407 1896 δαρίοις
2437 1826 2710 1893 ἐπέταξε.
2734 1825 2922 1881 Ταῦτα
2954 1826 3148 1892 εἰπὼν,
3203 1827 3404 1900 ἄρτους
3427 1827 3624 1898 ᾔτησε.
3667 1829 3773 1880 Καὶ

469 1891 620 1996 petit
648 1940 663 1977 :
701 1920 799 1977 sed
829 1935 958 1976 cum
998 1916 1260 1974 sacerdos
1284 1891 1396 1972 non
1421 1915 1528 1971 alia
1561 1931 1713 1970 arma
1747 1915 1857 1971 nisi
1902 1913 2070 1972 Goliae

2176 1921 2206 1975 ὁ
2239 1891 2538 1991 ἀρχιερεὺς
2597 1891 2673 1990 μὴ
2707 1919 2854 1990 ἔχειν
2883 1915 3040 1972 εἶπεν
3075 1891 3275 1982 ἄλλους
3307 1917 3344 1988 ἢ
3397 1891 3535 1982 τοὺς.
3561 1919 3771 1987 ἁγίους.

477 2015 723 2088 gladium
760 2027 820 2068 se
849 2012 1058 2067 habere
1088 2010 1326 2076 diceret,
1362 2026 1530 2080 quem
1558 2010 1679 2082 ipse
1723 2010 1839 2066 Deo
1875 2026 2077 2067 conse-

467 2112 716 2172 erassct,
745 2120 813 2160 eo
849 2102 1020 2160 David
1061 2109 1315 2173 accepto,
1347 2101 1586 2158 Getham
1617 2102 1686 2158 ad
1729 2118 1911 2174 regem
1943 2101 2077 2160 alie-

469 2200 810 2271 nigenarum
845 2195 1102 2252 Ancbum
1132 2210 1190 2251 se
1213 2193 1452 2251 confert.
1480 2194 1560 2250 lbi
1584 2196 1826 2266 agnitus,
1862 2205 1920 2252 et
1941 2211 2070 2267 per-

471 2291 859 2356 terrefactus,
914 2287 1194 2344 insaniam
1253 2286 1569 2354 simulans,
1632 2287 1792 2360 quasi
1867 2289 2072 2346 mentis

474 2385 662 2456 ἰηιροε
688 2393 745 2440 et
793 2380 1053 2438 incedere
1097 2389 1152 2436 et
1196 2395 1364 2451 agere
1391 2380 1602 2435 omnia.
1642 2378 1738 2436 Sic
1771 2380 1841 2437 ab
1874 2382 2073 2438 alieni-

474 2477 632 2550 genis
657 2475 881 2546 elapsus
915 2473 970 2527 in
1007 2472 1216 2527 tribum
1264 2470 1550 2530 Judaicam
1581 2471 1990 2542 proﬁciscitur,
2015 2485 2074 2531 et

414 2589 416 2592 '
475 2572 534 2628 in
561 2570 826 2642 spelunca
858 2566 1032 2623 Odola
1059 2565 1357 2631 delitescit,
1412 2564 1506 2620 ubi
1537 2564 1737 2621 fratres
1764 2573 1823 2622 et
1848 2566 2071 2640 cognati

473 2679 605 2722 eum
628 2659 1057 2718 conveniebant.
1089 2657 1219 2714 Post
1249 2666 1306 2714 et
1335 2657 1428 2712 alii
1473 2657 1540 2712 ad
1569 2673 1699 2714 eum
1724 2659 2069 2726 conﬂuxere,

475 2757 703 2814 circiter
750 2749 1335 2823 quadringenti.'lnde
1372 2749 1427 2804 in
1459 2749 1819 2809 Moabitidem
1850 2751 2068 2820 abiens,

474 2864 662 2922 regem
689 2856 832 2914 orat,
864 2854 924 2901 ut
941 2844 1268 2916 parentibus
1289 2843 1405 2898 suis
1424 2844 1535 2899 illic
1560 2845 1821 2901 exsulare
1849 2845 2066 2916 liceret,

473 2945 653 2999 donec
683 2956 798 2998 suae
829 2954 920 2995 res
945 2937 1158 2994 exitum
1206 2936 1449 3006 aliquem
1503 2937 1864 2994 sortirentur.
1890 2937 2068 2994 Obse-

474 3036 668 3108 quitur
712 3033 826 3099 ille,
858 3041 917 3087 et
955 3030 1161 3087 Jessaeo
1209 3043 1339 3084 cum
1379 3043 1480 3084 sua
1521 3028 1734 3085 familia
1781 3039 2066 3101 suscepto,

474 3129 647 3187 David
691 3127 863 3182 Gadis
895 3123 1185 3195 prophetae
1231 3122 1394 3194 jussu
1437 3121 1494 3176 in
1537 3130 1740 3177 terram
1776 3122 2066 3180 Judaicam

473 3222 641 3282 redit.
687 3218 818 3275 Saul
850 3216 943 3272 ubi
999 3214 1374 3285 cognovisset,
1423 3213 1690 3269 Davidem
1729 3229 1955 3270 manum
1985 3216 2066 3271 fe-
2091 3243 2135 3305 ρ

472 3316 642 3379 cisse,
672 3318 947 3369 convocat
990 3308 1221 3371 amicos,
1255 3321 1380 3361 cum
1417 3305 1500 3362 eis
1527 3307 1865 3377 expostulat,
1905 3310 2066 3378 quasi
2117 3374 2119 3378 φ

474 3426 602 3468 cum
658 3405 866 3462 Davide
915 3400 1353 3460 eolludentibus.
1405 3400 1557 3470 Doeg
1615 3410 1802 3456 autem
1857 3400 2063 3473 Syrus,

471 3503 656 3562 Saulis
685 3513 899 3564 servus,
931 3495 1028 3568 qui
1063 3493 1348 3557 adfuerat,
1399 3507 1526 3548 cum
1573 3492 1822 3564 pontifex
1867 3495 2063 3550 Davidi

472 3611 649 3668 panes
678 3603 735 3649 et
775 3591 947 3648 Goliae
973 3588 1217 3660 gladium
1251 3585 1535 3653 dedisset,
1569 3590 1682 3657 regi
1718 3588 1962 3654 nuntiat,
2005 3594 2066 3642 ut

471 3689 740 3746 Davidem
772 3685 838 3742 ad
873 3682 1194 3756 pontificem
1231 3682 1545 3753 profectum
1581 3681 1804 3748 viderit,
1830 3691 1891 3737 ut
1919 3699 2064 3754 pon-

473 3785 608 3840 tifex
647 3784 768 3854 ejus
815 3779 1040 3835 nomine
1078 3778 1252 3832 Deum
1290 3776 1662 3842 consuluerit,
1696 3785 1757 3831 ut
1785 3793 2064 3834 commea-

472 3888 590 3932 tum
623 3885 679 3931 et
705 3873 877 3930 Golia:
912 3870 1157 3942 gladium
1209 3869 1286 3926 illi
1321 3869 1562 3925 dederit.
1599 3871 1714 3925 Rex
1738 3871 2060 3941 pontificem

466 3965 809 4022 accersitum
831 3959 1236 4032 conjurationis
1259 3975 1386 4015 cum
1414 3959 1618 4016 Davide
1647 3961 1796 4017 inita:
1814 3972 2059 4030 accusat,

457 4068 528 4116 iet
557 4074 590 4114 a
628 4055 964 4114 satellitibus
1003 4068 1130 4108 cum
1163 4053 1314 4106 omni
1366 4053 1631 4123 progenie
1663 4054 1840 4108 occidi
1875 4056 2058 4126 jubet.

451 4150 584 4207 Jllis
613 4148 818 4205 caedem
854 4147 1102 4201 virorum
1149 4144 1261 4200 Deo
1290 4159 1446 4200 sacra
1481 4144 1836 4202 offerentium
1879 4147 2061 4204 refor-

468 4243 831 4306 midantibus,
885 4241 1069 4310 Doego
1101 4238 1154 4294 id
1207 4239 1416 4310 negotii
1449 4241 1564 4294 dat.
1623 4239 1672 4294 Is
1705 4241 1863 4313 jussa
1912 4243 2060 4314 regis

447 4337 813 4406 exsequitur,
846 4331 1109 4388 omnibus
1136 4330 1472 4396 interfectis,
1510 4332 1622 4402 67
1644 4348 1878 4388 numero
1895 4335 2059 4403 quin-

467 4441 578 4496 que
605 4435 660 4480 ct
694 4422 959 4478 trecentis
997 4436 1013 4474 :
1048 4418 1106 4473 in
1126 4419 1408 4473 civitatem
1440 4434 1635 4473 eorum
1663 4435 1885 4491 quoque
1902 4436 2059 4491 gras-

466 4526 643 4581 satus,
695 4514 933 4570 sublatis
979 4525 1210 4581 prorsus
1250 4509 1539 4572 omnibus,
1572 4509 1727 4564 nullo
1757 4512 1932 4566 a-tatis
1961 4520 2060 4567 aut

2190 2012 2323 2078 Kal,
2348 2012 2412 2065 Εί
2440 2010 2552 2067 ἀπδ
2574 2011 2838 2082 γυναικὸς
2874 2010 3242 2083 ἐφυλάξασθε,
3273 2010 3469 2066 λάϐετε
3522 2010 3772 2074 τούτους,

2175 2103 2274 2158 καὶ
2295 2104 2523 2174 φάγετε.
2565 2103 2625 2160 Ὀ
2647 2104 2703 2159 δέ
2729 2104 2826 2159 καὶ
2869 2102 3156 2176 ῥομφαίαν
3183 2102 3336 2175 αὐτῷ
3383 2102 3607 2175 δοθῆναι
3649 2104 3776 2174 ἐζή-

2172 2213 2331 2269 τησε.
2372 2197 2467 2269 Μὴ
2510 2195 2664 2268 ἐχειν
2705 2197 2892 2267 μέντοι
2943 2197 2974 2249 ὁ
3023 2196 3320 2269 ἀρχιερεὺς
3377 2197 3546 2253 ὅπλον
3586 2197 3774 2269 ἕτερον

2174 2287 2516 2361 ἀπεκρίνατο
2569 2289 2603 2361 ἢ
2654 2287 2755 2361 τὴν
2798 2287 3079 2360 ῥομφαίαν
3113 2288 3210 2343 τοῦ
3242 2289 3462 2355 Γολιάθ,
3497 2291 3567 2362 ἢν
3608 2289 3775 2353 αὐτὸς

2175 2378 2404 2434 ἀνέθετο
2435 2379 2516 2452 τῷ
2541 2379 2684 2452 Θεῷ,
2727 2383 2824 2435 καὶ
2852 2381 3030 2437 ταῦτα
3056 2382 3242 2439 λαϐὼν
3263 2385 3292 2438 ὁ
3321 2382 3511 2450 Δαϐὶδ,
3538 2383 3622 2447 είς
3668 2383 3771 2436 ι’ἐο

2174 2471 2488 2544 ἀπελήλυθε
2507 2490 2548 2526 π
2555 2475 2648 2544 ρδς
2671 2473 2901 2544 βασιλέα
2917 2475 3028 2530 τῶν
3043 2475 3364 2546 ἀλλοφύλων
3380 2475 3612 2547 Ἀγχούς
3633 2475 3772 2546 (50).

2173 2565 2284 2620 Kal
2308 2566 2577 2632 γνωσθεὶς
2645 2567 2797 2634 ὅστις
2824 2569 2934 2640 είη,
2969 2569 3066 2625 καὶ
3091 2570 3372 2643 φοϐηθεὶς,
3408 2570 3610 2641 μανίαν
3667 2570 3776 2625 ὑπ-

2174 2659 2396 2730 εκρίθη,
2429 2662 2526 2716 καὶ
2557 2660 2635 2726 ὡς
2679 2661 2907 2732 ἔκφρων
2939 2663 3238 2734 ἐπορεύετό
3262 2681 3322 2717 τε
3361 2665 3458 2718 καὶ
3473 2663 3768 2736 ἔπραττεν.

2172 2751 2332 2808 οὕτω
2357 2752 2402 2806 δ’
2428 2754 2495 2807 ἐκ
2536 2755 2648 2808 τῶν
2677 2755 2994 2826 ἀλλοφύλων
3021 2757 3311 2822 διασωθεὶς
3345 2759 3427 2826 είς
3451 2760 3553 2830 τὴν
3597 2759 3772 2813 Ἰούδα

2171 2846 2348 2916 φυλὴν
2386 2848 2781 2918 παραγίνεται,
2818 2849 2916 2904 καὶ
2951 2851 3257 2921 κρύπτεται
3286 2852 3368 2916 είς
3401 2850 3464 2905 τὸ
3494 2851 3767 2924 σπήλαιον

2183 2937 2421 3006 Ὀδολάμ
2449 2953 2466 2970 ο
2505 2939 2636 2993 ἔνθα
2665 2941 2716 2993 οἱ
2753 2940 2976 3011 ἀδελφοὶ
3023 2942 3189 2996 αὐτοῦ
3227 2943 3324 2999 καὶ
3374 2944 3422 2997 oi
3473 2949 3767 3014 συγγενεῖς

2170 3030 2482 3102 προσῆλθον
2514 3031 2686 3104 αὐτῷ.
2719 3029 2855 3088 Elea
2889 3034 2986 3088 καὶ
3013 3034 3168 3091 ἄλλοι
3193 3037 3312 3090 ἐκεῖ
3353 3038 3765 3110 συνερρύησαν.

2169 3122 2248 3186 ὡς
2274 3123 2535 3190 γενέσθαι
2571 3126 2782 3189 πάντας
2836 3126 2968 3200 περὶ
3011 3129 3422 3200 τετρακοσίους.
3459 3131 3683 3185 Ἀπεισι
3719 3132 3765 3184 δ’

2169 3216 2383 3270 ἐκεῖθεν
2405 3217 2488 3281 είς
2514 3218 2613 3289 τὴν
2641 3219 2945 3287 Μωαϐῖτιν,
2990 3223 3086 3278 καὶ
3124 3225 3441 3294 παρακαλεῖ
3478 3225 3570 3279 τὸν
3605 3225 3767 3296 βασι-

2169 3307 2268 3361 λέα
2302 3307 2482 3362 Μωάϐ
2529 3311 2871 3382 παροικῆσαι
2908 3313 3040 3385 παρ’
3075 3314 3226 3388 αύτῷ
3273 3317 3403 3382 τοὺς
3447 3321 3627 3386 γονεῖς
3663 3321 3768 3373 αύ-

2168 3398 2288 3466 τοῦ,
2317 3399 2423 3464 ἕως
2449 3400 2518 3454 ἀν
2542 3402 2623 3466 εῐς
2652 3419 2705 3456 τι
2747 3405 2901 3468 τέλος
2939 3405 3060 3476 ἥξει
3110 3407 3179 3460 τά
3227 3407 3348 3460 κατ’
3382 3409 3564 3464 αὐτόν.
3612 3411 3674 3464 '0
3705 3413 3764 3466 δέ

2171 3491 2440 3559 πείθεται,
2479 3492 2575 3547 καὶ
2609 3495 2974 3567 προσδέχεται
3009 3498 3104 3552 τὸν
3130 3498 3334 3553 Ἰεσσαὶ
3364 3503 3574 3556 καὶτὸν
3606 3500 3764 3560 οἶκον

2166 3583 2358 3640 αὐτοῦ.
2388 3586 2502 3639 Καὶ
2538 3588 2568 3641 ὁ
2617 3588 2788 3644 Δαϐὶδ
2831 3589 3105 3664 ἐπορεύθη
3162 3595 3243 3658 είς
3293 3594 3392 3668 τὴν
3421 3596 3525 3667 γῆν
3560 3598 3760 3666 Ἰούδα,

2165 3675 2326 3731 τοῦτο
2364 3679 2472 3734 Γὰδ
2499 3680 2597 3735 τοῦ
2631 3684 2913 3756 προφήτου
2945 3686 3326 3752 κελεύσαντος.
3387 3689 3448 3743 '0
3493 3691 3670 3746 Σαοὺλ
3702 3695 3764 3748 δέ

2170 3768 2383 3841 μαθὼν,
2413 3772 2498 3825 ὅτι
2527 3773 2735 3845 πλῆθος
2767 3775 3057 3849 ἤθροισται
3092 3780 3232 3850 πρὸς
3252 3781 3444 3850 Δαϐὶδ,
3481 3785 3762 3854 συγκαλε-

2167 3860 2407 3930 σάμενος
2438 3864 2566 3929 τοὺς
2599 3865 2810 3936 φίλους,
2847 3869 3127 3934 ὠνείδιζεν
3177 3873 3400 3940 αὐτοὺς,
3434 3876 3510 3941 ὡς
3559 3879 3763 3951 ἐκείνῳ

2165 3952 2658 4023 προστιθεμένους.
2690 3957 2889 4023 Δοῦλος
2919 3959 2977 4012 δέ
3007 3978 3091 4025 τις
3118 3963 3316 4030 Σαοὺλ,
3360 3966 3534 4037 Σύρος
3573 3968 3635 4020 τὸ
3664 3973 3762 4038 γέ-

2164 4060 2275 4111 νος,
2309 4046 2470 4118 Δωὴκ
2515 4048 2776 4121 τοῦνομα,
2821 4054 3158 4127 παρατυχὼν
3198 4056 3288 4110 ὅτε
3327 4059 3455 4122 τοὺς
3493 4062 3697 4132 ἄρτους
3733 4066 3764 4116 ὁ

2163 4135 2458 4208 ἀρχιερεὺς
2488 4140 2660 4195 ἔδωκε
2708 4143 2788 4214 τῷ
2813 4145 3000 4212 Δαϐὶδ,
3050 4146 3284 4219 καὶστὴν
3333 4151 3613 4220 ῥομφαίαν
3657 4155 3760 4208 τοῦ

2162 4229 2382 4296 ranae,
2410 4235 2776 4304 παρεστηκὼς
2809 4239 2933 4290 τότε
2976 4239 3148 4310 αὐτῷ,
3181 4243 3486 4314 ἀπήγγειλε
3534 4245 3612 4316 τῷ
3651 4247 3760 4318 βα-

2165 4323 2327 4391 σιλεῖ,
2375 4325 2450 4389 ὡς
2485 4323 2592 4380 εἶδε
2620 4329 2714 4381 τὸν
2743 4329 2911 4386 Δαϐὶδ
2958 4335 3410 4406 παραγενόμενον
3465 4337 3603 4408 πρὸς
3661 4342 3760 4393 τὸν

2161 4419 2448 4490 ἀρχιερέα,
2484 4423 2578 4474 καὶ
2626 4423 2920 4492 ἐρωτῶντα
2950 4425 3019 4480 δι’
3068 4426 3235 4481 αὑτοῦ
3286 4429 3378 4483 τὸν
3438 4431 3592 4498 Θεὸν,
3655 4433 3762 4486 καὶ

2164 4510 2516 4582 ἐπισιτισμὸν
2539 4513 2800 4579 λαϐόντα,
2829 4517 2926 4569 καὶ
2959 4518 3059 4588 τὴν
3111 4519 3410 4590 ῥομφαίαν.
3450 4522 3760 4594 Μεταπεμ-

466 4623 634 4665 sexus
685 4613 962 4674 respectu.
1036 4601 1194 4657 Unus
1244 4600 1514 4654 duntaxat
1571 4601 1851 4670 pontificis
1908 4603 2055 4660 ﬁlius

2168 4602 2406 4673 ψάμενος
2425 4605 2481 4658 δέ
2499 4606 2590 4661 τὸν
2617 4607 2880 4680 ἀρχιερέα
2901 4611 2930 4663 ὁ
2958 4610 3233 4680 βασιλεὺς,
3253 4613 3574 4668 ἐπενεκάλει
3599 4615 3670 4669 αὑ
3684 4593 3761 4687 τῷ

461 4699 737 4757 Abiatbar
777 4698 904 4766 fuga
933 4694 1177 4764 elapsus,
1228 4692 1418 4746 Davidi
1460 4691 1684 4746 nuntiat
1723 4693 1858 4762 quid
1903 4694 2055 4750 acci-

447 4796 660 4850 disset.
689 4793 826 4845 Cum
858 4797 1045 4843 autem
1075 4787 1404 4857 alienigenae
1445 4784 1656 4840 Ceilam
1690 4786 2058 4856 impressione

455 4887 630 4951 facta,
665 4882 882 4955 praedas
910 4897 980 4935 ex
1016 4895 1149 4951 agro
1171 4887 1434 4950 agerent,
1473 4877 1644 4933 David
1687 4887 1915 4934 auctore.
1943 4880 2058 4936 Deo

444 4993 594 5034 .cum
636 4973 1064 5046 quadringentis
1111 4986 1211 5027 eos
1242 4985 1552 5042 aggressus,
1605 4972 1785 5038 caedit,
1810 4987 2060 5027 omnem-

463 5085 575 5142 que
622 5066 864 5138 praedam
897 5063 1119 5134 recipit.
1155 5062 1294 5117 Tum
1327 5063 1456 5118 Saul
1495 5061 1681 5132 copias
1717 5063 1956 5120 militum
1985 5065 2055 5120 ad

443 5178 590 5220 ~eum
622 5157 992 5216 occidendum
1038 5155 1212 5210 mittit
1243 5172 1258 5222 ;
1290 5155 1385 5210 sed
1416 5155 1588 5210 David
1634 5156 1829 5212 relicta
1879 5156 2052 5225 Ceila,

460 5255 519 5310 in
552 5254 836 5310 desertum
885 5263 946 5305 se
1005 5247 1244 5303 confert.
1279 5245 1444 5301 Sanle
1478 5254 1663 5300 autem
1696 5261 1768 5301 ne
1819 5247 1901 5302 sic
1931 5247 2056 5317 qui-

459 5347 584 5403 dem
617 5345 688 5399 ab
717 5343 839 5414 ejus
869 5338 1162 5396 occidendi
1211 5338 1462 5394 consiliis
1513 5337 1860 5404 discedente,
1893 5338 2059 5394 Jona-

464 5443 586 5496 thas
635 5439 706 5494 ad
740 5435 1003 5496 Davidem
1055 5432 1360 5507 profectus,
1409 5431 1702 5488 conﬁrmat
1737 5431 2048 5501 hominem,

460 5548 518 5593 et
545 5551 699 5608 spem
736 5535 936 5591 bonam
979 5531 1186 5586 habere
1211 5529 1370 5600 jubet
1398 5544 1410 5581 :
1441 5527 1540 5583 sed
1590 5543 1720 5582 cum
1766 5527 1936 5586 David
1991 5530 2050 5582 in

449 5641 672 5700 petram
701 5628 907 5685 deserti
944 5625 1155 5682 Maanis
1181 5622 1545 5694 confugisset,
1580 5621 1747 5676 Saule
1778 5636 1906 5676 cum
1933 5635 2053 5675 ma-

2160 4699 2510 4768 συνωμοσίαν
2547 4701 2686 4771 μετά
2716 4701 2910 4757 Δαϐίδ’
2945 4703 3042 4756 καὶ
3069 4704 3373 4773 προσέταξε
3433 4709 3546 4771 τοῖς
3606 4725 3758 4778 παρ-

2159 4792 2396 4846 εστῶσιν
2459 4793 2608 4865 αὐτῷ
2647 4795 2896 4861 ὁπλίταις
2935 4800 3145 4853 κτεῖναι
3165 4800 3256 4852 τὸν
3304 4800 3591 4873 ἀρχιερέα,
3653 4806 3756 4857 καὶ

2158 4885 2342 4939 πᾶσαν
2367 4885 2468 4958 τὴν
2495 4889 2696 4956 γενεὰν
2739 4889 2928 4946 αὑτοῦ.
2981 4891 3407 4964 Εὐλαϐηθέντων
3435 4893 3482 4946 δ’
3518 4895 3754 4949 ἐκείνων

2156 4974 2478 5045 ἐπενεγκεῖν
2501 4980 2660 5050 χεῖρα
2694 4983 2809 5044 τοῖς
2837 4981 2916 5054 τῷ
2947 4982 3068 5052 Θεῷ
3099 4983 3444 5055 ίερωμένοις,
3481 4984 3560 5057 τῷ
3583 4989 3755 5059 Δωὴκ

2157 5067 2449 5139 ἐπιτρέπει
2473 5072 2602 5135 τοὺς
2633 5073 2851 5142 φόνους.
2898 5075 3009 5129 Καὶ
3038 5074 3097 5138 ὃς
3137 5076 3460 5132 ἀπέκτεινεν
3499 5079 3754 5144 ἅπαντας

2157 5163 2509 5232 τριακοσίους
2539 5165 2703 5230 ὂντας
2739 5169 2832 5222 καὶ
2862 5169 3050 5224 πέντε.
3075 5168 3184 5224 Kal
3226 5172 3327 5243 τὴν
3366 5172 3521 5227 πόλιν
3562 5175 3756 5228 αὐτῶν

2157 5251 2476 5322 ἐπάταξεν,
2526 5256 2728 5327 ἡϐηδὸν
2768 5259 3018 5324 ἅπαντας
3071 5262 3300 5332 ἀνελὼν,
3333 5265 3393 5318 ού
3445 5266 3752 5334 γυναικῶν,

2155 5343 2218 5395 οὐ
2261 5344 2496 5416 νηπίων,
2536 5348 2636 5418 οὐχ
2686 5349 2880 5419 ἐτέρας
2924 5351 3142 5423 ἡλικίας
3186 5355 3532 5426 φεισάμενοι.
3565 5351 3661 5420 Εἷς
3689 5357 3755 5410 δὲ

2161 5433 2324 5506 μόνος
2344 5437 2460 5501 υίὸς
2484 5439 2581 5492 τοῦ
2611 5440 2913 5511 ἀρχιερέως
2946 5443 3131 5516 διέδρα
3157 5443 3248 5499 τὸν
3275 5444 3527 5511 θάνατον,
3564 5446 3756 5500 Ἀϐιά-

2159 5526 2267 5599 θαρ
2307 5529 2666 5601 καλούμενος,
2699 5534 2758 5597 ὃς
2800 5534 2993 5604 φυγὼν
3049 5535 3187 5608 πρὸς
3218 5536 3405 5602 Δαϐὶδ,
3436 5537 3754 5608 ἀπήγγειλε

2158 5620 2230 5674 τά
2255 5624 2548 5694 γενόμενα.
2583 5625 2706 5681 Τῶν
2752 5627 2810 5682 δὲ
2851 5629 3169 5701 ἀλλοφύλων
3199 5631 3622 5704 ἐμϐεϐληκότων
3665 5633 3752 5696 τίς

1659 5783 1868 5846 Varias
1904 5782 2217 5848 lectiones
2263 5793 2324 5847 et
2363 5794 2552 5851 notis.

512 5933 649 6001 (so)
695 5903 972 6002 away.
1004 5929 1110 5998 Qui
1141 5930 1195 5986 in
1225 5925 1418 5984 Bibliis
1461 5926 1632 5984 Acltis
1673 5925 1898 5982 dicitur.
1956 5926 2210 5985 Wolfius.
