4098 6396
405 413 510 480 143

1710 395 2032 459 JGANNIS
2071 395 2397 458 ZONARA!

3555 392 3656 459 lii

395 528 566 586 David
589 525 655 581 ad
699 522 975 595 Abigzeam
1006 517 1200 582 mittit,
1236 525 1470 584 eamque
1508 506 1704 564 ambit.
1734 506 1851 570 llla,
1873 503 1978 560 etsi

2089 503 2167 568 ὃς,
2197 503 2417 575 δείματι
2442 519 2502 556 τε
2541 502 2638 558 καὶ
2667 501 2813 575 λύπῃ
2842 503 3221 576 κατασχεθεὶς,
3255 522 3317 560 ου
3353 506 3574 574 πλείους
3601 527 3660 566 τε

397 622 521 679 talis
546 619 654 677 viri
688 615 948 688 coniugio
977 628 1038 668 se
1068 610 1348 681 indignam
1377 619 1500 660 esse
1536 602 1772 665 diceret,
1793 608 1981 654 tamen

393 716 447 772 ei
481 713 662 770 nubit.
707 711 925 766 Interea
961 704 1091 760 Saul
1125 700 1317 758 Davidi
1349 693 1716 753 nihilominus
1747 689 1982 745 insidia-

396 817 510 872 tur,
537 819 664 860 cum
701 799 882 856 tribus
917 796 1259 852 delectorum
1288 788 1537 844 millibus
1581 786 1736 857 juxta
1775 781 1979 836 collem

395 897 661 954 Echelam
732 889 931 947 castris
982 884 1202 958 positis,
1247 895 1360 952 quo
1405 880 1464 934 in
1491 877 1614 932 loco
1640 872 1813 928 David
1851 885 1978 926 cum

395 991 514 1046 suis
543 980 968 1058 quadringentis
995 977 1129 1032 viris
1163 972 1510 1030 versabatur.
1548 967 1598 1022 ls
1631 979 1760 1020 cum
1785 962 1978 1017 Amesa

394 1057 573 1138 noctu,
608 1080 666 1133 in
694 1084 878 1132 castra
912 1071 1096 1127 Saulis
1129 1065 1436 1138 profectus,
1473 1072 1650 1128 usque
1699 1057 1756 1110 in
1797 1061 1981 1138 tento-

395 1137 540 1230 rium
577 1169 725 1239 regis
768 1159 1106 1220 dormientis
1131 1137 1430 1224 penetrat,
1466 1148 1562 1203 ubi
1619 1146 1877 1239 amesam
1911 1137 1978 1194 ad

397 1229 791 1318 trucidandum
828 1265 1013 1323 regem
1045 1247 1334 1302 incitatum
1365 1238 1601 1302 inhibet,
1636 1234 1793 1289 hasta
1839 1229 1982 1323 dun-

397 1359 552 1411 taxat
598 1357 657 1405 et
710 1321 911 1418 hydria
958 1341 1106 1412 regis
1156 1337 1340 1393 ablata
1381 1329 1700 1393 discedunt,
1759 1321 1981 1418 nemine

398 1413 881 1502 animadvertente
909 1454 922 1491 :
959 1433 1216 1506 quamvis
1245 1429 1500 1484 Abnerus
1525 1463 1541 1487 ,
1581 1420 1853 1505 multique
1885 1413 1980 1470 alii

397 1539 609 1595 circum
650 1547 834 1603 regem
874 1531 1148 1600 iacerent.
1184 1523 1375 1592 Itaque
1429 1514 1638 1571 montis
1686 1507 1978 1566 cacumine

398 1598 746 1690 conscenso‘,
799 1598 1077 1676 Abnerem
1126 1616 1215 1672 his
1265 1611 1455 1667 verbis
1509 1606 1822 1661 inclamat:
1873 1598 1983 1652 Cur

398 1737 502 1776 non
525 1716 754 1774 custodis
791 1728 966 1785 regem
994 1711 1020 1764 ?
1051 1709 1182 1764 Ecce
1225 1705 1366 1760 vobis
1394 1700 1595 1773 ignaris
1626 1693 1847 1768 quidam
1893 1692 1982 1745 in-

2081 596 2194 650 τῶν
2245 596 2380 650 δέκα
2432 595 2686 661 ἐπιϐιοὺς
2733 596 2981 668 ἡμερῶν,
3031 598 3312 670 ἀπέρρηξε
3360 601 3460 672 τὴν
3491 601 3659 674 ζωήν.

2082 691 2194 744 Καὶ
2217 691 2376 744 τοῦτο
2412 690 2601 762 μαθὼν
2623 693 2651 743 6
2680 690 2863 756 Δαϐὶδ,
2889 691 3181 745 ἀπέστειλε
3213 693 3352 764 πρὸς
3375 693 3664 762 Ἀϐιγαίαν

2085 781 2373 852 μνώμενον
2403 783 2578 854 αὐτὴν
2611 781 2813 852 ἐαυτῷ.
2847 782 2911 836 Ἦ
2936 783 2993 836 δὲ
3031 784 3133 836 οὐκ
3167 783 3325 849 ἀξίαν
3349 782 3505 839 εἶπεν
3533 787 3663 840 ἐαυ⁶

2080 873 2183 944 τὴν
2236 870 2378 928 εἶναι
2428 875 2568 946 πρὸς
2619 875 2942 943 συνοίκησιν
2983 875 3214 948 τοιούτῳ
3269 877 3440 948 ἀνδρί.
3474 878 3665 948 Ὅμως

2085 967 2270 1036 μέντοι
2306 967 2543 1037 ἀπῆλθε,
2570 969 2665 1023 καὶ
2698 967 2894 1022 ἐλαϐεν
2934 968 3109 1040 αὐτὴν
3169 971 3250 1033 εἰς
3293 972 3533 1038 γυναῖκα
3558 974 3663 1024 Δα-

2083 1058 2189 1112 ϐίδ.
2236 1057 2295 1110 '0
2323 1058 2380 1111 δὲ
2430 1058 2606 1112 Σαοὺλ
2659 1057 3023 1113 ἐπεϐούλευεν
3057 1058 3140 1114 ἔτι
3187 1059 3361 1132 αὐτῷ,
3399 1061 3666 1131 καὶμετά

2080 1149 2405 1221 τρισχιλίων
2432 1151 2680 1221 λογάδων
2711 1152 3208 1225 στρατοπεδεύεται
3239 1152 3392 1224 παρά
3425 1153 3517 1206 τὸν
3547 1153 3666 1223 βου·

2082 1243 2173 1296 νὺν
2207 1243 2461 1314 Ἐχελάτ,
2501 1245 2638 1298 ὅπου
2669 1245 2947 1316 διέτριϐεν
2987 1245 3016 1298 6
3047 1245 3217 1299 Aa6l6
3245 1245 3386 1316 μετὰ
3415 1247 3527 1300 τῶν
3567 1246 3666 1300 σὺν

2082 1336 2235 1408 αὐτῷ
2289 1337 2664 1408 τετρακοσίων
2715 1337 2950 1410 ἀνδρῶν.
3002 1339 3219 1404 Νυκτὸς
3278 1340 3337 1394 δέ
3386 1341 3663 1412 ἐπορεύθη

2081 1428 2246 1482 Δαϐὶδ
2297 1429 2463 1495 αὐτὸς
2511 1431 2608 1486 καὶ
2671 1431 2879 1502 ’Δμεσά
2910 1435 2993 1498 είς
3037 1432 3138 1504 τὴν
3187 1433 3544 1507 παρεμϐολὴν
3573 1433 3670 1489 τοῦ

2081 1522 2278 1588 Σαοὺλ,
2313 1524 2410 1578 καὶ
2443 1525 2718 1596 είσῆλθον,
2753 1526 2890 1582 ὅπου
2921 1523 2991 1603 ᾖν
3025 1527 3304 1582 καθεύδων
3328 1527 3522 1583 Σαούλ.
3558 1529 3670 1583 Kal

2080 1611 2177 1665 τοῦ
2208 1614 2422 1684 ’Δμεσά
2452 1615 2668 1670 ἀνελεῖν
2695 1617 3026 1690 ὡρμηκότος
3065 1618 3256 1686 αὐτὸν,
3291 1619 3393 1674 οὐκ
3434 1619 3619 1673 εῐασεν
3642 1620 3672 1673 6

2084 1705 2273 1762 Aa6l6.
2312 1706 2386 1760 T6
2413 1706 2547 1778 δόρυ
2577 1708 2634 1762 δὲ
2661 1709 2756 1762 τοῦ
2787 1708 3062 1781 βασιλέως
3116 1712 3214 1765 καὶ
3244 1713 3306 1765 τὸ
3327 1713 3550 1781 ἀγγεῖον
3574 1711 3667 1765 τοῦ

397 1815 563 1888 gressi
595 1817 739 1876 sunt,
785 1810 854 1863 ad
908 1821 1028 1859 eum
1069 1797 1434 1856 occidendum.
1466 1792 1658 1858 Quwre
1688 1787 1898 1888 hastam
1932 1789 1981 1836 et

2089 1799 2286 1864 ὕδατος
2307 1800 2567 1866 λαϐόντες
2599 1802 2847 1872 ἐξῆλθον,
2877 1805 2952 1876 μή
2984 1821 3132 1869 τινος
3167 1804 3499 1876 αἰσθομένου
3526 1821 3540 1834 ·
3573 1806 3671 1859 καὶ

397 1869 647 1979 ίνάνὶαιη
703 1869 841 1974 regis
873 1941 890 1966 ,
943 1907 1000 1952 ut
1041 1893 1332 1964 intelligas,
1386 1885 1545 1979 quale
1577 1899 1668 1979 vos
1690 1877 1980 1952 periculum

2089 1887 2261 1944 ταῦτα
2307 1888 2405 1944 τοῦ
2457 1869 2724 1964 ’Δϐεννὴνρ
2771 1869 3175 1965 τοῦ-ἀρχοντος
3233 1869 3344 1966 τῆς.
3384 1893 3672 1966 δυνάμεως

400 1973 669 2070 fefellerit.
711 1973 846 2047 sant
896 1987 1086 2059 agnita
1111 1997 1248 2038 voce
1297 1973 1690 2070 Davidis,quiA
1713 1983 1844 2027 cum
1889 1980 1986 2023 oc-

391 2065 589 2146 cidere
662 2081 974 2156 potuisset,
1009 2076 1218 2133 denuo
1288 2069 1397 2127 sibi
1473 2065 1860 2156 pepercisset:

399 2151 680 2256 peccasse-
708 2177 936 2239 fatetur,
989 2185 1055 2225 ac
1099 2166 1302 2224 mentis
1336 2176 1530 2220 errore
1567 2157 1709 2214 allici
1752 2172 1768 2212 :
1815 2151 1985 2210 Davi-

401 2249 642 2344 llemque
715 2269 866 2324 bono
945 2265 1132 2320 animo
1199 2273 1322 2315 esse
1384 2256 1589 2333 jubet,
1648 2249 1987 2344 domumque

400 2342 566 2425 suam—
603 2363 829 2420 reverti.
885 2360 958 2413 At
1013 2355 1105 2412 ille
1153 2351 1460 2409 :Dominus
1489 2391 1502 2413 ,
1551 2342 1754 2415 inquit,
1807 2351 1990 2410 quem-

399 2461 514 2535 69
537 2475 636 2530 que
667 2472 762 2525 pro
799 2451 1011 2524 iustitia
1042 2457 1091 2503 et
1118 2446 1224 2517 ﬁde
1261 2461 1358 2498 sua
1389 2445 1779 2498 remuneretur.
1817 2433 1987 2490 Cum-

401 2533 510 2626 que
555 2547 834 2608 sexcentis
887 2543 1002 2601 suis
1049 2540 1118 2596 ad
1157 2537 1415 2594 Anchum
1461 2533 1652 2590 Gethaa
1697 2543 1880 2600 regem
1924 2540 1985 2581 se

401 2645 654 2704 confert,
703 2649 867 2710 atque
915 2635 989 2690 ibi
1041 2646 1262 2689 menses
1303 2635 1542 2698 quatuor
1585 2627 1984 2679 commoratur.

401 2741 540 2797 Cum
571 2745 756 2791 autem
797 2725 1073 2786 Palaestini
1111 2723 1316 2780 bellum
1359 2717 1622 2777 lsraelitis
1661 2713 1870 2772 illaturi
1899 2725 1989 2767 es-

401 2839 560 2897 sent,
589 2827 816 2886 Auchus
855 2819 1047 2879 Davidi
1091 2819 1171 2876 ait
1204 2836 1218 2873 :
1246 2815 1500 2886 Nunquid
1536 2821 1586 2868 et
1634 2819 1691 2868 tu
1735 2827 1853 2866 cum
1884 2813 1988 2867 tuis

404 2939 609 2980 mecum
651 2919 721 2975 ad
767 2913 961 2972 bellum
1013 2909 1340 2984 egredieris?
1394 2906 1714 2977 Respondet
1757 2903 1880 2970 ille,
1927 2916 1988 2960 se

403 3021 685 3068 strenuam
727 3019 953 3076 operam
1003 3009 1358 3057 navaturum.
1404 2995 1671 3052 Hostibus
1702 2995 1814 3066 jam
1853 2993 1990 3050 fines

401 3103 778 3162 lsraelitarum
837 3095 1132 3167 ingressis,
1189 3089 1323 3145 Saul
1374 3086 1760 3160 perturbatus,
1814 3085 1986 3140 Deum

402 3193 668 3259 consulit,
716 3198 906 3244 utrum
952 3197 1136 3255 pugna
1186 3179 1425 3236 ineunda
1461 3178 1535 3232 sit
1565 3197 1580 3234 :
1609 3191 1721 3248 quo
1755 3191 1866 3231 non
1897 3190 1988 3231 re-

404 3285 737 3360 spondente,
781 3274 1290 3350 Engastrimythum
1334 3271 1554 3342 quaerit,
1599 3278 1655 3325 et
1697 3268 1987 3324 mulierem

404 3381 690 3446 convenit,
723 3385 936 3433 mutato
970 3373 1163 3429 habitu
1193 3385 1264 3426 ne
1293 3377 1708 3442 agnosceretur,
1741 3366 1990 3438 petitque

405 3476 683 3534 Samuelis
724 3470 832 3528 sibi
876 3483 1068 3524 manes
1096 3463 1222 3520 elici
1259 3465 1395 3536 :qui
1433 3477 1559 3519 cum
1601 3461 1815 3518 evocati
1861 3459 1990 3531 qui-

403 3570 641 3628 busdam
672 3561 1014 3622 carminibus
1045 3558 1387 3622 viderentur,
1417 3553 1549 3612 Saul
1577 3571 1591 3608 ε
1625 3553 1990 3616 Vehementer,

403 3656 604 3728 inquit,
643 3668 811 3724 angor
840 3665 858 3705 :
888 3665 1014 3704 nam
1043 3656 1094 3702 et
1124 3645 1436 3716 alienigena:
1473 3653 1659 3698 contra
1687 3659 1771 3698 me
1808 3659 1994 3698 conue-

401 3755 622 3813 nerunt,
664 3753 712 3798 et
757 3741 896 3796 Deus
934 3757 966 3794 a
1001 3755 1082 3794 me
1127 3737 1358 3791 recessit.
1405 3735 1681 3791 Samuelis
1709 3743 1990 3805 spectrum

402 3839 702 3911 respondet
733 3854 747 3892 :
794 3834 942 3889 Fecit
976 3849 1039 3887 ea
1072 3831 1352 3892 Dominus.
1382 3845 1501 3900 quin
1538 3846 1633 3900 per
1673 3844 1754 3883 me
1790 3828 1990 3899 pra’dio

400 3939 581 3994 uerat,
603 3941 823 3998 regnum
852 3922 946 3979 abs
967 3931 1016 3976 te
1044 3921 1315 3991 auferens,
1335 3921 1493 3990 idque
1523 3919 1713 3973 Davidi
1736 3919 1990 3984 tribuens,

403 4033 455 4078 et
489 4020 744 4094 populum
785 4017 1016 4071 hostibus
1049 4014 1351 4084 sufﬁciens.
1395 4011 1470 4067 Tu
1509 4028 1631 4067 uero
1671 4011 1876 4083 ﬁliique
1915 4013 1994 4067 tui

401 4132 524 4171 cras
582 4113 800 4168 cadetis.
859 4110 954 4165 llis
999 4107 1245 4171 auditis,
1301 4105 1432 4162 Saul
1485 4107 1696 4177 ingenti
1755 4121 1994 4162 mterore

376 4210 661 4275 .al'fectus,
693 4203 953 4261 discedit.
983 4201 1102 4257 5am
1146 4209 1325 4256 castra
1359 4207 1661 4269 posuerant
1700 4198 1908 4266 hostes,
1937 4207 1994 4256 et

379 4301 575 4359 .David
617 4314 744 4355 cum
789 4297 906 4352 suis
950 4293 1228 4350 sexcentis
1270 4306 1301 4346 a
1347 4299 1504 4362 tergo
1547 4306 1744 4346 eorum
1792 4290 1993 4346 stativa

403 4393 671 4449 habebat.
721 4389 924 4445 Verum
971 4383 1210 4454 satrapis
1249 4397 1361 4436 non
1406 4381 1749 4451 probabatur
1792 4397 1856 4436 ea
1900 4395 1993 4436 so-

401 4485 596 4543 cietas.
626 4479 1012 4536 Causabantur
1036 4478 1208 4542 enim,
1238 4477 1595 4530 metuendum
1627 4489 1751 4531 esse
1783 4491 1852 4532 ne
1882 4490 1991 4547 qua

2089 1980 2284 2047 αὑτοῦ,
2321 1981 2424 2036 καὶ
2476 1982 2695 2038 πολλῶν
2748 1983 2955 2054 ἐτέρων
3009 1984 3198 2054 κύκλῳ
3245 1984 3520 2052 κειμένων
3573 1983 3671 2038 τοῦ

2091 2073 2384 2145 βασιλέως.
2425 2073 2698 2130 ’Δνελθὼν
2730 2075 2789 2130 δέ
2822 2077 2917 2130 ἐπὶ
2946 2076 3006 2131 τὸ
3037 2076 3211 2149 ἀκρον
3242 2077 3335 2132 τοῦ
3365 2077 3528 2148 ὅρους
3563 2083 3673 2131 Δα-

2092 2165 2201 2234 ϐὶδ,
2242 2165 2442 2238 ἐϐόησε
2475 2168 2614 2239 πρὸς
2655 2167 2750 2222 τὸν
2776 2167 3075 2241 Ἀϐεννήρ”
3109 2173 3176 2225 Τί
3213 2170 3300 2224 ὅτι
3332 2173 3406 2225 οὐ
3435 2169 3675 2240 φυλάσ-

2095 2271 2230 2325 σεις
2273 2258 2384 2314 τὸν
2444 2259 2748 2327 ,βασιλέα;
2783 2261 2943 2318 Ἰδοὺ
2997 2263 3109 2333 γὰρ
3161 2263 3458 2333 εἰσῆλθόν
3513 2281 3676 2330 τινες

2090 2350 2318 2407 κτεῖναι
2345 2354 2554 2421 αὐτὸν,
2572 2354 2674 2408 καί
2705 2354 2878 2426 ὑμεῖς
2906 2359 3020 2412 οὐκ
3046 2357 3366 2427 ἐγνώκατε.
3392 2357 3676 2428 Ζήτησον

2089 2438 2204 2499 οὖν
2231 2446 2299 2500 τὸ
2327 2447 2494 2515 δόρυ,
2518 2448 2616 2502 καί
2649 2448 2756 2502 τὸν
2786 2449 2978 2518 φακὸν
3005 2451 3112 2506 τοῦ
3140 2449 3382 2517 ὕδατος,
3416 2451 3515 2506 καί
3549 2445 3676 2517 οἷος

2089 2537 2232 2606 εἴσῃ
2285 2536 2443 2608 ὑμᾶς
2484 2539 2872 2610 παρελήλυθε
2923 2540 3232 2610 κίνδυνος.
3274 2543 3566 2613 Ἐπιγνοὺς
3615 2542 3677 2597 δὲ

2089 2629 2194 2700 τὴν
2243 2631 2434 2702 φωνὴν
2483 2631 2650 2686 Δαϐὶδ
2691 2635 2720 2686 6
2768 2633 2965 2701 Σαοὺλ,
2998 2634 3095 2688 καὶ
3141 2633 3220 2699 ὡς
3266 2635 3524 2705 ἐφείσατο
3581 2636 3678 2688 καὶ

2091 2719 2253 2788 αὖθις
2308 2723 2482 2778 αὐτοῦ
2537 2725 2843 2796 δυνάμενον
2892 2725 3060 2781 αὑτὸν
3105 2727 3355 2794 ἀνελεῖν,
3403 2729 3678 2800 ἁμαρτεῖν

2089 2814 2236 2884 εἷπε,
2280 2818 2378 2872 καὶ
2423 2817 2864 2889 μεματαιῶσθαι,
2893 2819 2992 2872 καὶ
3028 2817 3183 2890 ἠξίου
3233 2818 3458 2892 θαρρεῖν
3485 2820 3674 2886 αὐτὸν,

2091 2909 2191 2964 καὶ
2220 2909 2577 2982 ἐπιστρέφειν
2603 2913 2687 2977 είς
2713 2912 2806 2968 τὸν
2834 2908 2985 2967 οἷκον
3007 2913 3198 2970 αὐτοῦ.
3235 2913 3296 2968 '0
3316 2913 3396 2982 δέ,
3431 2916 3674 2984 Κύριος,

2091 3003 2220 3075 ἔφη,
2256 3002 2376 3072 δώῃ
2403 3003 2640 3072 ἑκάστῳ
2676 3003 2830 3060 κατὰ
2868 3006 2982 3076 τὴν
3019 3006 3421 3077 δικαιοσύνην
3460 3007 3674 3074 αὐτοῦ,

2090 3097 2192 3151 καί
2238 3096 2392 3150 κατὰ
2427 3095 2546 3166 τὴν
2582 3098 2794 3154 πίστιν
2842 3100 3054 3156 αὑτοῦ.
3105 3102 3216 3155 Καὶ
3265 3101 3479 3173 ἀπῆλθε
3532 3101 3678 3173 μετά

2013 3218 2060 3283 C
2090 3189 2204 3283 τῶν
2244 3190 2344 3247 σὺν
2389 3191 2541 3263 αὐτῷ
2572 3193 2870 3260 ἑξακοσίων
2912 3194 3080 3249 Δαϐὶδ
3128 3196 3267 3268 πρὸς
3306 3196 3532 3267 Ἀγχοὺς
3579 3197 3677 3250 τὸν

2095 3281 2326 3353 βασιλέα
2363 3284 2462 3354 τῆς
2493 3285 2620 3352 Γέθ,
2657 3287 2754 3341 καὶ
2785 3287 2978 3358 διῆγεν
3006 3287 3125 3341 ἐκεῖ
3157 3290 3434 3359 τέσσαρας
3475 3288 3674 3360 μῆνας.

2093 3376 2214 3430 Τῶν
2243 3375 2301 3430 δέ
2334 3377 2719 3433 Παλαιστινῶν
2749 3380 2845 3434 ἐπὶ
2869 3380 2964 3434 τὸν
3014 3381 3234 3452 Ἰσραὴλ
3267 3381 3676 3454 ἐκστρατεῦσαι

2094 3466 2462 3540 βουλομένων,
2496 3469 2606 3541 ἔφη
2650 3471 2789 3543 πρὸς
2829 3471 2996 3526 Δαϐὶδ
3028 3475 3057 3526 6
3135 3474 3410 3545 Ἀγχούς·
3449 3476 3677 3540 Συνεξ-

2094 3560 2324 3626 ελεύσῃ
2344 3577 2446 3630 μοι
2474 3562 2564 3628 εὶς
2579 3559 2687 3615 τὸν
2715 3563 2984 3632 πόλεμον
3004 3563 3108 3632 σὺ,
3133 3565 3233 3618 καὶ
3265 3567 3321 3620 οι
3346 3569 3497 3636 μετὰ
3524 3567 3676 3632 συῦ;

2095 3653 2350 3714 κάκεῖνος
2393 3653 2547 3724 αὐτῷ
2586 3653 2890 3726 προθύμως
2942 3657 3332 3729 συμμαχήσειν
3380 3658 3673 3730 ὑπέσχετο.

2098 3743 2238 3814 Ἤδη
2274 3743 2330 3797 δὲ
2367 3745 2476 3798 τῶν
2525 3746 2844 3815 ἀλλοφύλων
2891 3750 2957 3820 τῇ
3007 3747 3164 3823 χώρᾳ
3213 3751 3676 3824 προσελασάντων

2095 3833 2207 3887 τῶν
2276 3833 2652 3914 Ἰσραηλιτῶν,
2702 3838 2732 3891 6
2785 3837 2959 3891 Σαοὺλ
3004 3838 3378 3912 τεθορύϐητο,
3429 3841 3526 3897 καὶ
3577 3841 3676 3896 τοῦ

2093 3923 2230 3978 Θεοῦ
2266 3926 2624 3991 ἐπυνθάνετο,
2658 3929 2708 3982 εί
2738 3930 3085 4001 μαχήσεται;
3108 3933 3201 4005 Μὴ
3241 3935 3674 4006 ἀποκρινομένου

2091 4014 2184 4082 δὲ,
2233 4016 2680 4089 ἐγγαστρίμυθον
2730 4017 3012 4090 ἐζήτησε,
3061 4023 3160 4076 καὶ
3205 4021 3477 4095 ἐπορεύθη
3536 4021 3676 4093 πρὸς

2093 4108 2267 4179 αὐτὴν
2305 4112 2859 4182 μεταμφιασάμενος,
2901 4111 2989 4166 ῖνα
3017 4113 3094 4183 μὴ
3139 4114 3288 4178 ὅστις
3319 4116 3406 4185 εἴη
3436 4117 3675 4185 ἐπιγνω-

2095 4204 2222 4274 σθῇ,
2259 4204 2358 4257 καὶ
2388 4203 2594 4274 ᾔτησεν
2631 4205 2940 4276 ἀναχθῆναι
2983 4206 3134 4277 αύτῷ
3164 4206 3260 4260 τοῦ
3292 4208 3547 4281 Σαμουὴλ
3575 4209 3676 4280 τὴν

2091 4295 2298 4367 ψυχὴν,
2331 4296 2429 4350 καὶ
2458 4297 2700 4368 ἐπῳδαῖς
2742 4315 2888 4352 τισιν
2932 4299 3241 4370 ἀναχθῆναι
3289 4299 3513 4374 δοξάσῃ,
3551 4297 3673 4356 εἷπε

2093 4390 2301 4444 Σαούλ·
2345 4392 2630 4461 Θλίσομαι
2679 4391 2937 4462 σφόδρα,
2965 4392 3056 4448 ὅτι
3095 4394 3508 4465 συνήχθησαν
3544 4396 3674 4451 κατ’

2092 4479 2241 4551 ἐμοῦ
2286 4484 2343 4537 ol
2379 4482 2744 4552 ἀλλόφυλοι,
2801 4483 2902 4537 καί
2949 4485 2985 4538 ό
3057 4485 3277 4553 Κύριος
3324 4485 3677 4556 ἀφέστηκεν

403 4578 512 4636 sibi
547 4574 733 4631 clades
762 4572 838 4627 ab
871 4585 939 4625 eo
975 4570 1278 4624 inferretur
1305 4569 1368 4622 in
1402 4565 1565 4632 bello,
1592 4567 1662 4622 ad
1693 4567 1987 4638 populares

2093 4574 2194 4630 ἀπ’
2224 4574 2394 4644 ἐμοῦ.
2436 4575 2509 4628 Τὸ
2535 4574 2592 4629 δὲ
2617 4574 2712 4628 τοῦ
2754 4576 3009 4647 Σαμουὴλ
3040 4576 3336 4648 φάντασμα
3372 4578 3674 4649 ἀπεκρίθη,

404 4687 537 4730 suos
564 4684 626 4724 se
653 4666 998 4722 conferente.
1043 4662 1233 4731 Itaque
1271 4669 1468 4731 petunt
1498 4668 1558 4714 ut
1601 4660 1847 4716 discedat
1886 4677 1902 4716 :
1931 4671 1990 4718 et

400 4761 632 4819 Auchus
666 4755 902 4824 satrapis
944 4753 1274 4821 obsequens,
1304 4764 1432 4804 eum
1470 4749 1625 4805 abire
1661 4749 1842 4819 jubet.
1873 4752 1996 4807 Dis-

405 4853 556 4911 cedit
589 4851 758 4922 igitur
794 4861 919 4900 cum
961 4846 1076 4900 suis
1106 4843 1614 4913 David‘Sicelagem
1640 4883 1656 4910 ,
1690 4844 1762 4899 ab
1797 4845 1988 4902 Ancbo

405 4949 515 5006 sibi
540 4946 608 5000 ad
643 4940 1002 4998 habitandum
1034 4938 1387 5008 assignatam.
1423 4937 1708 4994 incensam
1739 4940 1944 5011 reperit
1981 4957 1998 4996 :

403 5052 719 5108 uxoresque
742 5048 872 5090 suas
889 5032 1078 5087 ainbas
1099 5046 1225 5085 cum
1250 5029 1512 5086 omnibus
1529 5029 1622 5101 qui
1648 5031 1991 5099 ibifuerant,

403 5142 593 5204 captas
667 5130 738 5184 ab
785 5123 1125 5182 Amalecitis.
1189 5123 1267 5176 Ea
1315 5122 1472 5177 clade
1523 5121 1846 5195 deplorata,
1883 5139 1993 5195 per

406 5222 760 5285 Abiatharem
794 5217 1140 5274 sacerdotem
1186 5215 1358 5270 Deum
1403 5215 1665 5277 consulit,
1698 5231 1767 5269 an
1800 5232 1990 5286 perse.

406 5317 609 5389 quendi
642 5315 752 5371 sint
781 5309 1008 5368 hostes?
1037 5307 1148 5362 Deo
1176 5304 1549 5377 permittente,
1575 5309 1704 5362 cum
1730 5309 1993 5377 quadrin-

405 5411 585 5483 gentis
623 5405 998 5479 persequitur,
1032 5401 1304 5457 ducentos
1349 5399 1418 5454 ad
1463 5399 1988 5470 impedimentorum

405 5501 714 5559 custodiam
739 5496 1025 5568 relinquit.
1051 5495 1121 5550 Et
1147 5492 1379 5563 sparsim
1411 5493 1768 5549 comedentes
1796 5493 1991 5550 biben-

407 5602 601 5667 tesque
634 5594 890 5664 adeptus,
921 5600 978 5646 et
1016 5604 1085 5644 ex
1119 5585 1421 5659 improviso
1452 5601 1766 5657 aggressus,
1797 5603 1991 5646 omnes

2095 4666 2172 4731 ὡς
2204 4667 2504 4734 Πεποίηκέ
2532 4682 2632 4722 σοι
2657 4671 2691 4723 ό
2722 4671 2936 4738 Κύριος
2965 4669 3084 4723 ὅσα
3110 4671 3263 4737 πρὸς·
3299 4670 3378 4725 σὲ
3407 4673 3676 4742 μεμήνυ-

2097 4775 2168 4813 κε
2231 4759 2344 4832 (51)
2391 4759 2466 4814 δι’
2483 4761 2653 4830 ἐμοῦ,
2690 4761 2790 4815 καὶ
2826 4761 3162 4831 ἀφαιρεῖταί
3189 4777 3309 4817 σου
3350 4764 3680 4845 τὴηβασι-

2095 4853 2293 4916 λείαν,
2327 4854 2424 4908 καὶ
2441 4853 2710 4911 ,δίδωσιν
2727 4853 2926 4922 αὐτὴν
2945 4853 3028 4918 τῷ
3048 4855 3242 4920 Δαϐὶό,
3264 4853 3362 4908 καὶ
3391 4855 3499 4909 τὸν
3522 4858 3680 4911 λαὸν

2092 4944 2432 5000 ὺποτάσσει
2463 4943 2588 5010 τοῖς
2615 4946 2947 5015 πολεμίοις.
2982 4946 3068 5000 Σὺ
3092 4945 3162 4999 δὲ
3183 4947 3284 5000 καὶ
3313 4949 3370 5001 ol
3398 4948 3520 5002 υἱοί
3553 4964 3675 5003 σου

2095 5035 2312 5102 αὔριον
2366 5034 2678 5091 πεσεῖσθε.
2735 5035 2848 5090 Kal.
2895 5036 3144 5109 ἐλυπήθη
3208 5038 3418 5108 σφόδρα
3469 5039 3678 5094 τούτων

2097 5113 2233 5193 ἀκού
2247 5143 2338 5188 σας
2360 5127 2561 5196 Σαοὺλ,
2579 5127 2674 5181 καὶ
2696 5127 2933 5198 ἀπῆλθε.
2956 5129 3070 5182 Καὶ
3089 5130 3138 5183 ol
3164 5129 3456 5200 ἀλλόφυλοι
3485 5133 3682 5204 ἐστρα-

2099 5219 2498 5274 τοπεδεύσαντο
2525 5237 2537 5250 ·
2575 5220 2668 5272 καὶ
2702 5220 2870 5274 Δαϐὶδ
2897 5222 2990 5274 καὶ
3028 5223 3078 5274 οἱ
3133 5222 3253 5292 μετ’
3288 5223 3455 5276 αὐτοῦ
3487 5223 3680 5289 ἑξακό-

2101 5331 2208 5368 σιοι
2259 5313 2508 5369 ὄπισθεν.
2550 5314 2678 5378 Τοῖς
2721 5315 2778 5370 δέ
2831 5315 3145 5387 σατράπαις
3193 5316 3297 5372 οὐκ
3344 5318 3549 5388 ἤρεσκε
3582 5333 3680 5370 συ-

2099 5406 2500 5477 στρατεύεσθαι
2555 5407 2740 5471 αὐτοῖς
2790 5407 2884 5462 τὸν
2938 5409 3130 5474 Δαϐὶδ,
3185 5409 3430 5479 λέγουσι,
3483 5409 3575 5481 Μή
3623 5426 3678 5464 τι

2098 5500 2272 5553 κακὸν
2303 5499 2612 5571 ἐργάσηται
2639 5502 2721 5563 είς
2751 5501 2923 5569 ἡμᾶς,
2955 5504 3015 5556 ἐν
3045 5502 3124 5574 τῷ
3157 5502 3383 5574 πολέμῳ
3406 5505 3519 5566 τοῖς
3553 5501 3680 5572 ὁμο-

2098 5594 2290 5662 φύλοις
2318 5594 2718 5668 προσθέμενον.
2742 5595 2854 5650 Kal.
2877 5597 3247 5670 ἀποστρέφειν
3275 5599 3442 5656 αὐτὸν
3465 5596 3676 5669 ἠξίουν.

1645 5745 1851 5808 Varias
1883 5745 2191 5812 lectiones
2238 5757 2300 5812 et
2345 5759 2514 5814 nota

464 5874 784 5944 ‘(51)"00’a
807 5886 1290 5944 προμεμηνυοων.
1321 5869 1465 5926 Ὅσα
1493 5867 1632 5940 πρὸς
1661 5867 1723 5923 σὲ
1748 5870 2085 5940 μεμήνυκεν.
2121 5871 2212 5927 W.
