4098 6450
420 406 517 470 145

1724 406 2132 467 ANNALIUM
2179 408 2328 471 LIB.
2374 409 2454 471 ll.

3593 408 3696 499 us

409 517 515 571 Kal
539 512 570 569 ὁ
594 511 851 584 ’Δγχοῦς,
873 511 985 574 τοῖς
1018 509 1331 582 σατράπαις
1361 511 1706 585 πειθόμενος,
1737 513 1992 568 ἀπελθεῖν

2102 516 2264 573 credit
2289 527 2492 588 praeter
2515 517 2972 590 quadringentos,
2999 519 3092 591 qui
3119 520 3446 577 cursoribus
3468 520 3698 576 camelis

410 606 661 662 ἐκέλευσε
706 603 787 675 τῷ
831 603 1017 657 Δαδίδ.
1050 605 1161 658 Καὶ
1201 603 1262 668 ὃς
1307 604 1522 675 ἀπῆλθε
1574 605 1721 677 μετα
1754 606 1868 659 τῶν
1898 605 1998 659 σὺν

409 698 571 770 αὐτῷ.
602 700 712 755 Kal
737 691 866 770 εὗρε
901 697 1001 769 τὴν
1028 697 1290 768 Σικελάγ,
1343 699 1410 770 ῆν
1441 700 1674 755 δέδωκεν
1697 700 1851 772 αὐτῷ
1877 700 2000 770 Ἀγ-

411 795 536 865 χοὺς
567 793 650 856 εἰς
692 790 1022 861 κατοίκησιν
1056 792 1577 864 ἐμπεπυρισμένην,
1613 793 1710 848 καὶ
1755 793 1858 857 τὰς
1900 809 2000 862 γυ-

410 887 600 947 ναῖκας
653 882 860 938 ἑαυτοῦ
915 883 1277 955 ἀμφοτέρας,
1330 885 1427 938 καὶ
1477 884 1593 939 δσοι
1645 879 1788 956 ἦσαν
1855 885 1996 949 ἐκεῖ,

409 973 962 1047 αἰχμαλωτισθέντας
1036 975 1191 1047 παρὰ
1252 975 1365 1030 τῶν
1416 975 1827 1048 ’Δμαληκιτῶν.
1884 975 1996 1031 Καὶ

408 1066 706 1140 ἀνῴμωξεν
734 1067 832 1121 ἐπὶ
869 1066 1048 1137 τούτῳ
1080 1067 1249 1122 Δαειδ
1279 1068 1376 1122 καὶ
1428 1069 1478 1122 οί
1510 1069 1632 1140 μετ’
1657 1068 1850 1123 αὐτοῦ.
1879 1068 1995 1123 Καὶ

407 1161 660 1231 ἠρώτησε
691 1159 786 1214 τὸν
828 1159 965 1214 Θεὸν
995 1159 1088 1214 διά
1117 1158 1216 1214 τοῦ
1269 1160 1580 1232 ἀρχιερέως
1624 1160 1912 1233 Ἀϐιάθαρ,
1943 1161 1994 1216 εί

406 1251 810 1319 καταδιώξεται
851 1253 1033 1308 ὀπίσω
1082 1255 1299 1324 αύτῶνς
1335 1256 1774 1329 Ἐπιτρέψαντος
1805 1257 1864 1312 δὲ
1896 1257 1994 1313 τοῦ

402 1347 562 1413 Θεοῦ,
607 1347 912 1415 κατεδίωξε
954 1348 1096 1418 μετά
1142 1349 1254 1403 τῶν
1306 1351 1702 1422 τετρακοσίων.
1750 1351 1892 1414 Τοὺς
1934 1351 1994 1406 δέ

401 1439 712 1504 διακοσίους
776 1439 873 1493 ἐπὶ
912 1439 1131 1510 φυλακῇ
1186 1441 1298 1495 τῶν
1346 1443 1561 1496 σκευῶν
1604 1441 1989 1497 καταλέλοιπε.

402 1534 514 1586 Kal
566 1531 751 1604 εὑρὼν
805 1532 1254 1603 ἐσκεδασμένους
1307 1535 1533 1600 αὐτοὺς,
1583 1534 1870 1598 ἐσθίοντάς
1929 1552 1990 1589 τε

403 1626 496 1677 καὶ
547 1626 856 1690 πίνοντας,
906 1624 1002 1677 καὶ
1051 1625 1313 1696 αἰφνηδὸν
1375 1626 1559 1690 αὐτοῖς
1641 1626 1988 1697 ἐπιθέμενος,

401 1715 541 1785 πλὴν
580 1717 964 1788 τετρακοσίων
1009 1717 1067 1770 ἐν
1110 1717 1354 1790 δρομάσι
1401 1719 1763 1788 πεφευγότων
1803 1720 1990 1790 καμή-

398 1808 530 1873 λοις,
570 1810 782 1874 πάντας
811 1809 1129 1878 ἀπέκτεινε,
1157 1813 1251 1866 καὶ
1300 1811 1403 1884 τὴν
1433 1812 1586 1866 λείαν
1615 1810 1842 1868 ἃπασαν
1905 1812 1988 1867 δι-

403 1901 672 1957 εσώσατο.
701 1901 1174 1974 Ἀναστρέψαντες
1202 1904 1258 1958 δὲ
1287 1907 1336 1958 οἰ
1362 1904 1503 1976 μετὰ
1533 1904 1700 1960 Δαὸἰδ
1716 1906 1979 1976 τετρακό-

403 2011 548 2058 σιοι,
606 1995 712 2061 obit
768 1993 964 2067 ῆθελον
1027 1997 1416 2069 συμμεριστάς
1473 1997 1661 2062 αὐτοῖς
1708 1999 1806 2052 καὶ
1861 1999 1991 2068 τοὺς

397 2085 713 2150 διακοσίους
765 2086 1049 2155 γενέσθαι.
1085 2088 1407 2161 Ἀρκεῖσθαι
1465 2087 1513 2144 δ’
1567 2089 1756 2160 ἠξίουν
1814 2105 1989 2143 σεσω-

401 2179 633 2248 σμέναις
665 2182 786 2246 ταῖς
804 2181 1018 2236 ἑαυτῶν
1049 2182 1330 2252 γυναιξίν.
1362 2184 1595 2238 ’Ᾱδικον
1631 2183 1690 2238 δὲ
1714 2183 1815 2255 τὴν
1851 2183 1992 2253 γνὼ-

401 2287 512 2341 μην
543 2269 755 2342 ταύτην
795 2272 1017 2345 ἔκρινεν
1055 2273 1084 2326 ό
1113 2274 1303 2340 Δασὶδ,
1345 2275 1444 2330 καὶ
1476 2276 1679 2347 ἐπίσης
1711 2277 1851 2331 πᾶσι
1881 2277 1993 2330 δεῖν

400 2363 737 2436 μερισθῆναι
775 2365 878 2439 τὴν
919 2366 1192 2437 ὠφέλειαν
1213 2368 1560 2440 ἀπεφήνατο.
1604 2368 1664 2422 '0
1696 2368 1794 2422 καὶ
1826 2369 1992 2440 νόμος

397 2454 590 2512 ἔκτοτε
632 2459 850 2529 γέγονε,
887 2461 1273 2533 συμμερίζεινκ
1326 2460 1570 2516 κελεύων
1604 2463 1718 2525 τοῖς
1748 2462 1993 2533 μαχομέ-

395 2565 509 2612 νοις
542 2549 619 2604 τὰ
655 2551 879 2622 λάφυρα
930 2553 1075 2608 κατά
1114 2553 1178 2608 τὸ
1212 2552 1331 2607 ῖσον
1391 2555 1524 2618 τοὺς
1563 2553 1635 2608 τὰ
1675 2553 1848 2626 σκεύη
1882 2572 1991 2623 qm-

395 2639 734 2710 λὰσσοντας.
776 2646 1027 2719 Πολέμου
1071 2647 1128 2701 δέ
1172 2649 1551 2722 συρραγέντος
1578 2650 1693 2713 τοῖς
1719 2648 1994 2720 Ἰσραηλί-

393 2751 522 2801 ταις
552 2739 652 2793 καὶ
679 2742 794 2805 τοῖς
828 2741 1242 2810 Παλαιστινοῖς,
1273 2743 1521 2798 πλεῖστοι
1553 2745 1654 2816 μὲν
1684 2744 1992 2800 κτείνονται

394 2828 506 2883 τῶν
555 2831 831 2903 Ἐϐραίων
853 2876 867 2898 ,
893 2839 989 2890 καὶ
1037 2838 1088 2891 οἰ
1141 2840 1292 2912 τρεῖς
1322 2838 1380 2892 δὲ
1414 2839 1606 2904 παῖδες
1643 2839 1819 2894 Σαοὺλ
1855 2839 1991 2894 ἐπε-

396 2939 514 2990 σον,
553 2924 656 2978 καὶ
682 2927 848 2992 αὐτὸς
879 2931 1059 2985 Σαοὺλ
1091 2932 1364 3006 ἐτέτρωτο
1397 2934 1480 2998 εἰς
1519 2933 1590 2991 τὰ
1631 2934 1989 3006 ὑποχόνδρια.

395 3016 508 3070 Καὶ
545 3021 716 3087 γνοὺς
765 3022 998 3092 καιρίως
1035 3024 1398 3097 βεϐλημένος,
1427 3029 1526 3083 καὶ
1557 3029 1619 3082 οὐ
1659 3027 1993 3098 ζησόμενος,

393 3103 519 3163 εἷπε
570 3110 654 3183 τῷ
702 3113 994 3188 ὁπλοφόρῳ
1049 3119 1242 3185 αὑτοῦ,
1288 3122 1624 3192 ἐκκεντῆσαι
1669 3122 1862 3188 αὑτὸν,
1903 3125 1993 3178 ἵνα

394 3202 474 3275 μὴ
513 3204 632 3270 ζῶν
668 3206 750 3261 ἔτι
779 3212 894 3273 τοῖς
947 3209 1232 3282 πολεμίοις
1269 3210 1483 3284 ληφθῶ.
1525 3212 1631 3267 Τοῦ
1662 3211 1721 3266 δέ
1751 3213 1827 3284 μὴ
1859 3230 1983 3267 πει-

2099 614 2442 686 effugerunt,
2496 630 2833 687 omnemque
2885 617 3124 687 praadam
3177 624 3491 686 recuperat.
3548 615 3697 682 Qua-

2099 707 2380 779 dringenti
2421 707 2666 764 Davidici
2699 708 2931 773 reversi,
2959 709 3249 764 manubias
3279 724 3403 763 cum
3437 706 3698 763 ducentis

2098 802 2294 873 partiri
2337 812 2600 858 recusant
2640 821 2656 858 :
2695 804 2836 860 bene
2879 818 3005 860 cum
3055 803 3164 858 illis
3197 811 3380 858 aetum
3414 802 3692 863 dicentes.

2097 896 2248 966 quod
2293 911 2495 952 uxores
2535 910 2664 950 suas
2702 896 3069 965 recepissent.
3105 895 3313 951 Verum
3355 893 3524 950 David
3567 908 3687 947 eam

2097 987 2429 1044 sententiam
2453 998 2514 1042 ut
2536 987 2795 1059 injustam
2818 988 3077 1042 damnat:
3099 996 3148 1042 et
3172 985 3444 1057 quidquid
3467 994 3688 1056 partum

2094 1089 2264 1144 esset,
2296 1097 2364 1136 ex
2390 1095 2550 1152 aequo
2576 1080 2735 1152 jubet
2757 1079 2951 1136 dividi.
2981 1079 3114 1147 Quae
3151 1079 3239 1134 lex
3258 1093 3327 1135 eo
3351 1093 3418 1134 ex
3442 1087 3693 1148 tempore

2095 1174 2280 1231 adhuc
2324 1175 2525 1239 durat,
2577 1181 2640 1229 ut
2689 1172 2759 1229 ad
2809 1173 3336 1244 impedimentorum
3382 1169 3692 1227 custodiam

2099 1267 2303 1334 relicti,
2335 1269 2388 1322 in
2419 1275 2634 1338 partem
2667 1265 3057 1322 manubiarum
3086 1265 3313 1320 veniant
3335 1259 3464 1320 cum
3491 1263 3601 1334 7o
3625 1262 3692 1316 iis

2095 1361 2188 1431 qui
2219 1374 2552 1430 pugnavere.
2583 1359 2778 1414 Ριαείἰο
2809 1359 2956 1414 inter
2983 1356 3307 1413 Palaestinos
3328 1363 3386 1411 et
3412 1355 3694 1409 lsraelitas

2093 1452 2414 1513 commisso.
2449 1452 2676 1522 plurimi
2704 1467 2771 1507 ex
2798 1449 3047 1506 Hebraeis
3078 1449 3306 1515 eadunt,
3345 1457 3402 1504 et
3443 1457 3558 1504 tres
3597 1447 3694 1501 ﬁlii

2098 1541 2281 1597 Saulis
2309 1559 2324 1598 :
2353 1543 2446 1613 qui
2485 1551 2542 1598 et
2581 1543 2699 1613 ipse
2729 1541 3008 1598 letbaliter
3038 1540 3095 1595 in
3125 1538 3450 1611 praecordiis
3479 1553 3538 1593 se
3568 1537 3693 1590 vul-

2095 1641 2353 1688 neratum
2397 1633 2665 1698 sentiens,
2711 1633 2780 1689 ab
2823 1633 3098 1704 armigero
3138 1647 3198 1688 se
3237 1629 3462 1688 confodi
3508 1628 3690 1701 jubet.

2094 1741 2164 1780 ne
2193 1725 2354 1781 vivus
2390 1725 2448 1780 in
2485 1725 2730 1780 hostium
2768 1733 3096 1796 potestatem
3126 1723 3347 1780 veniat:
3384 1723 3533 1792 quod
3565 1735 3690 1775 cum

2094 1818 2186 1874 ille
2241 1827 2565 1880 recusaret,
2623 1818 2810 1889 gladio
2869 1817 3199 1873 incumbens
3252 1814 3512 1870 moritur.
3569 1812 3696 1880 Quo

2092 1911 2336 1982 armiger
2363 1911 2506 1976 viso,
2533 1919 2591 1967 et
2618 1911 2737 1982 ipse
2769 1927 2962 1967 necem
2995 1910 3103 1967 sibi
3135 1909 3454 1966 consciscit.
3485 1905 3692 1961 Postri-

2091 2005 2183 2061 die
2223 2004 2503 2060 Palaestini
2543 2005 2678 2060 dum
2724 2004 3047 2061 interfectos
3087 2002 3370 2060 lsraelitas
3414 1998 3689 2070 spoliant,

2091 2096 2276 2153 Saulis
2299 2104 2358 2153 et
2391 2097 2695 2153 liberorum
2755 2095 2908 2155 illius
2965 2096 3234 2152 cadavera
3293 2095 3346 2149 in
3404 2094 3692 2148 montibus

2091 2187 2390 2244 Gelboenis
2435 2187 2746 2258 reperiunt,
2787 2202 2852 2242 ac
2884 2196 3098 2244 resecta
3125 2201 3322 2241 eorum
3361 2184 3542 2254 capita
3588 2183 3691 2238 dn-

2092 2293 2243 2334 mum
2275 2277 2525 2344 mittunt,
2554 2277 2764 2348 ubique
2793 2286 3106 2348 spectatum
3138 2283 3480 2347 proponunt,
3509 2273 3690 2327 victo-

2092 2374 2230 2429 riam
2267 2371 2375 2427 sibi
2412 2372 2776 2444 gratulantes,
2815 2372 2988 2426 armis
3024 2385 3221 2426 eorum
3252 2369 3359 2424 diis
3391 2367 3506 2422 suis
3532 2367 3689 2422 dedi-

2093 2467 2255 2524 catis.
2300 2466 2582 2523 Cadavera
2625 2479 2757 2522 vero
2799 2465 2855 2520 in
2899 2480 3096 2521 cruces
3142 2463 3493 2519 sustulerunt
3533 2462 3689 2532 juxta

2094 2560 2298 2617 muenia
2331 2561 2614 2624 Metborae,
2661 2574 2785 2630 qua:
2833 2567 3023 2628 postea
3074 2555 3427 2628 ScythOpolis
3461 2565 3548 2608 est
3592 2569 3691 2624 ap-

2095 2653 2316 2725 pellata.
2382 2651 2565 2709 Saulis
2633 2650 2792 2708 clade
2865 2649 3012 2721 apud
3079 2648 3308 2705 Jabinos
3372 2645 3690 2702 Galaaditas

2092 2747 2377 2818 cognita,
2425 2743 2715 2801 fortissimi
2777 2743 3027 2814 quique,
3092 2741 3291 2797 itinere
3349 2755 3449 2810 per
3515 2747 3696 2792 totam

2094 2849 2314 2896 noctem
2362 2838 2722 2899 continuato,
2776 2836 2960 2892 Saulis
3001 2843 3059 2890 et
3109 2832 3360 2888 Jonalba:
3416 2829 3702 2885 cadavera-

2094 2933 2314 2988 sublata
2377 2930 2558 2986 Jabim
2634 2929 2875 2985 retulere
2928 2945 2942 2980 :
2996 2926 3173 2995 iisque
3221 2923 3516 2987 crematis,
3562 2936 3698 2976 ossa'

2093 3024 2490 3095 Sepeliverunt.
2535 3023 2806 3094 Regnavit
2849 3020 3000 3086 Saul,
3029 3017 3327 3090 superstite
3370 3016 3553 3070 adhuc
3581 3013 3685 3070 Sa-

2095 3118 2316 3184 mnele,
2366 3132 2546 3173 annos
2593 3115 2902 3172 octodecim
2954 3131 2969 3169 :
3018 3129 3087 3170 eo
3138 3111 3448 3187 defuncto,
3489 3108 3686 3180 viginti

2094 3214 2260 3269 duos.

394 3297 634 3366 θομένου
672 3300 899 3371 ποιῆσαι
945 3303 1005 3358 τὸ
1043 3303 1445 3374 κελευόμενον,
1500 3303 1664 3368 αὐτὸς
1713 3305 1990 3360 ἐπέπεσεν
2029 3307 2125 3360 ἐπὶ
2182 3305 2286 3376 τὴν
2348 3302 2630 3376 ῥομφαίαν
2663 3300 2854 3368 αὐτοῦ,
2880 3301 2975 3356 καὶ
3005 3299 3301 3355 ἀπέθανεν.
3325 3296 3439 3350 Kal
3469 3297 3499 3350 δ
3525 3296 3692 3350 ὁπλοο

393 3392 568 3461 φόρος
599 3392 794 3464 αὐτοῦ,
824 3395 901 3460 ὡς
929 3392 1039 3452 εἶδε
1075 3397 1316 3452 πεσόντα
1347 3398 1441 3452 τὸν
1476 3398 1728 3469 βασιλέα,
1793 3401 1890 3455 καὶ
1929 3401 2097 3466 αὐτὸς
2130 3400 2464 3456 ἀπέκτεινεν
2496 3398 2716 3453 ἑαυτόν.
2751 3397 2832 3468 Τῇ
2895 3396 2940 3450 δ’
3002 3395 3272 3466 ἐπαύριον
3333 3390 3689 3452 σκυλεύοντες

390 3492 444 3543 οἱ
477 3492 782 3560 ἀλλόφυλοι
831 3493 962 3557 τοὺς
997 3495 1270 3562 πεσόντας
1304 3496 1415 3551 τῶν
1445 3498 1824 3569 Ἰσραηλιτῶν,
1873 3499 2132 3570 ἐνέτυχον
2199 3500 2316 3561 τοῖς
2384 3498 2600 3566 νεκροῖς
2659 3496 2757 3549 τοῦ
2799 3493 2975 3548 Σαοὺλ
3005 3492 3104 3547 καὶ
3157 3491 3267 3545 τῶν
3295 3489 3502 3546 παίδων
3519 3485 3694 3543 αὑτοῦ

390 3588 452 3639 ἐν
488 3590 606 3652 τοῖς
642 3588 796 3660 δρεσι
822 3590 1081 3659 Γελϐουὲ,
1114 3593 1212 3647 καὶ
1251 3593 1582 3664 ἐκτεμόντες
1615 3593 1718 3659 τὰς
1741 3594 1992 3666 κεφαλὰς
2029 3594 2236 3660 αύτῶν,
2280 3595 2362 3656 εἰς
2439 3593 2538 3664 τὴν
2584 3591 2800 3646 οἰκείαν
2837 3590 3095 3661 ἔπεμψαν
3131 3587 3342 3660 χώραν,
3402 3583 3685 3655 πανταχοῦ

391 3687 788 3757 οεατρίξοντες
836 3687 1088 3754 ταύτας,
1146 3691 1244 3745 καὶ
1286 3690 1804 3762 εὐαγγελιζόμενοι.
1859 3693 1973 3747 Kal
2010 3693 2113 3757 τὰς
2156 3690 2464 3754 πανοπλίας
2501 3690 2684 3744 αὐτῶν
2750 3688 3006 3743 ἀνέθεντο
3057 3688 3173 3750 τοῖς
3243 3685 3468 3748 οἰκείοις
3516 3683 3683 3748 θεοῖς,

389 3782 459 3834 τὰ
490 3781 552 3835 δέ
586 3780 822 3852 σώματα
851 3783 1279 3856 ἀνεσταύρωσαν
1300 3785 1455 3858 παρά
1485 3785 1548 3840 τὸ
1582 3788 1763 3858 τεῖχος
1818 3786 2114 3858 Μεθοράμ,
2147 3785 2184 3856 ἢ
2260 3784 2567 3856 μετέπειτα
2613 3782 2826 3854 ἐκλήθη
2892 3780 3252 3845 Σκυθόπολις,
3288 3778 3412 3833 Τῶν
3485 3779 3543 3832 δὲ
3580 3777 3685 3843 τὴν

391 3877 558 3932 πόλιν
597 3878 803 3944 Ἰαὸεὶς
854 3880 1154 3937 οἰκούντων
1203 3883 1264 3936 ἐν
1305 3882 1528 3938 Γαλαὰδ
1596 3883 1884 3952 μαθόντων
1922 3885 2026 3939 ὃσα
2065 3883 2365 3938 συνέπεσον
2429 3881 2509 3953 τῷ
2555 3880 2754 3948 Σαοὺλ,
2805 3878 3034 3950 ἐξῆλθον
3064 3879 3116 3931 οἰ
3144 3874 3537 3938 δυνατώτατοι,
3586 3875 3684 3925 καὶ

386 3971 460 4026 δι’
495 3971 632 4044 ὅλης
656 3973 762 4044 τῆς
797 3975 995 4038 νυκτὸς
1027 3974 1409 4038 συντείναντες
1457 3975 1558 4046 τὴν
1596 3977 1850 4049 πορείαν.
1916 3976 2171 4031 καθεῖλον
2247 3976 2317 4030 τὰ
2364 3976 2599 4046 σώματα
2651 3971 2828 4028 Σαοὺλ
2897 3972 2996 4026 καὶ
3061 3969 3340 4025 Ἰωνάθαν.
3410 3969 3522 4022 Kal
3572 3969 3684 4022 ἀπ-

388 4068 711 4134 αγαγόντες
750 4067 832 4130 εἰς
865 4067 1085 4134 Ἰαδεὶς,
1125 4067 1368 4122 ἔκαυσαν
1408 4068 1608 4124 ταῦτα.
1645 4071 1756 4123 Kal
1796 4071 1867 4125 τά
1899 4069 2036 4126 ὁστᾶ
2073 4070 2458 4136 συλλέξαντες,
2520 4067 2754 4137 ἔθαψαν.
2787 4063 3143 4121 Ἐὂασίλευσε
3169 4063 3227 4119 δέ
3251 4063 3447 4131 Σαοὺλ,
3480 4061 3683 4129 ζῶντος

385 4158 472 4213 ἐτι
496 4159 598 4214 τοῦ
634 4159 895 4233 Σαμουὴλ
913 4199 931 4227 ,
966 4159 1344 4216 ὀκτωκαίδεκα
1373 4159 1494 4234 ἐτη,
1520 4161 1736 4218 ἐκείνου
1767 4164 1812 4218 δ’
1837 4162 2231 4229 ἀποθανόντος,
2261 4161 2358 4216 δύο
2389 4159 2484 4216 καὶ
2521 4160 2723 4216 εἴκοσι.

3318 4342 3350 4349 δ-
3361 4340 3638 4354 --ηοι-ι-ν--α

1493 4503 1854 4592 LIBER
1933 4499 2608 4593 SECUNDUS.

343 4694 350 4707 ‘
459 4680 548 4735 A’.
577 4675 743 4748 Ἄρτι
764 4674 813 4730 δ’
842 4674 1120 4745 ἐπανῆλθε
1145 4673 1310 4730 Δαὸὶδ
1333 4672 1396 4727 ἐκ
1425 4673 1522 4744 τῆς
1544 4671 1654 4725 τῶν
1679 4669 1992 4742 ἀλλοφύλων

2171 4671 2212 4728 1.
2262 4673 2456 4730 Bavidi
2511 4691 2708 4732 recens
2743 4691 2785 4732 a-
2818 4675 2970 4732 caede
3021 4676 3265 4733 hostium
3314 4690 3561 4745 reverso,
3597 4679 3684 4734 vir

384 4771 603 4840 κοπῆς,
655 4768 750 4822 καί
797 4785 882 4831 τις
932 4768 1076 4838 ἀνὴρ
1108 4766 1422 4837 προσῆλθεν
1449 4765 1602 4836 αὐτῷ
1636 4764 1996 4835 ἐπαγγέλλων

380 4867 488 4939 τὴν
514 4861 700 4937 ἧτταν
729 4863 840 4918 τῶν
872 4864 1252 4936 Ἰσραηλιτῶν,
1320 4863 1417 4916 καὶ
1467 4863 1564 4918 τὸν
1613 4861 1845 4916 θάνατον
1894 4860 1994 4915 τοῦ

382 4959 573 5014 Σαοὺλ
605 4956 819 5013 καὶτοῦ
847 4957 1132 5012 Ἱωνάθαν.
1163 4957 1625 5028 Ἀνακρινόμενος
1654 4955 1712 5010 δέ
1741 4955 1792 5009 εἰ
1815 4955 1993 5027 ἀληθῆ

381 5053 770 5124 ἀπαγγέλλει,
801 5047 922 5106 εἷπε
962 5052 1194 5123 καιρίαν
1235 5051 1516 5121 πληγῆναι
1543 5050 1636 5104 τὸν
1667 5049 1865 5114 Σαοὺλ,
1898 5049 1996 5103 καὶ⁸

386 5148 468 5218 μὴ
500 5142 630 5200 οἶόν
659 5163 720 5200 τε
753 5146 889 5200 δντα
908 5145 978 5200 δι’
1004 5145 1295 5199 ἀσθένειαν
1328 5143 1526 5199 ἐαυτὸν
1556 5143 1792 5210 ἀνελεῖν,
1823 5160 1998 5215 παρα-

384 5239 637 5295 καλέσαι
691 5237 878 5300 αὑτὸν,
931 5239 1022 5290 ῖνα
1059 5237 1136 5309 μὴ
1181 5236 1294 5301 ζῶν
1347 5238 1461 5301 τοῖς
1513 5236 1802 5307 πολεμίοις
1854 5237 1991 5308 ἀλῷ,

382 5330 716 5404 ἐπιρρῶσαι
762 5329 913 5400 αὐτῷ
966 5334 1068 5402 τὴν
1123 5330 1342 5402 πληγὴν
1389 5330 1712 5384 ἐπιπεσόντι
1761 5333 1827 5402 τῇ
1883 5331 1996 5403 ἰδίᾳ

386 5424 679 5496 ῥομφαίᾳ,
716 5427 811 5477 καὶ
855 5425 1083 5495 ποιῆσαι
1130 5423 1274 5478 κατά
1319 5425 1380 5477 τὸ
1411 5424 1699 5495 ἐπίταγμα
1721 5463 1737 5488 ,
1766 5424 1862 5477 καὶ
1901 5424 1994 5478 τὸν

387 5518 642 5588 βασιλέα
671 5517 1133 5589 διαχειρίσασθαι.
1168 5519 1279 5572 Kal
1306 5518 1389 5582 εἰς
1432 5517 1617 5570 πίστιν
1660 5516 1772 5569 τῶν
1809 5515 1986 5585 λόγων

385 5609 696 5682 προέτεινε
739 5607 835 5661 τὸν
881 5610 975 5662 ἐπὶ
1021 5609 1122 5679 τῆς
1169 5609 1418 5678 κεφαλῆς
1452 5607 1664 5663 ἐκείνου
1712 5608 1990 5679 βασίλειον

386 5701 710 5770 στέφανον,
755 5699 854 5752 καὶ
893 5699 987 5753 τὸν
1028 5701 1123 5754 ἐπὶ
1169 5703 1285 5763 τοῖς
1338 5699 1593 5772 βραχίοσι
1640 5698 1864 5770 χρυσὸν,
1897 5697 1994 5752 καὶ

387 5794 574 5848 ἐδίδου
625 5792 812 5848 Δαϐίδ.
871 5793 1210 5865 Ἐθρήνησεν
1264 5790 1359 5847 οὖν
1405 5793 1572 5848 Δαεὶδ
1627 5792 1724 5846 καὶ
1761 5794 1813 5846 οί
1872 5790 1994 5856 μετ’

387 5885 571 5942 αὑτοῦ
627 5883 721 5941 τὸν
754 5887 929 5942 Σαοὺλ
981 5888 1075 5943 καὶ
1128 5887 1221 5943 τὸν
1277 5887 1554 5946 ἰωνέιθαν.
1612 5888 1719 5943 Τὸν
1775 5886 1832 5942 δὲ
1893 5887 1988 5943 τὸν

2093 4764 2319 4836 quidam
2352 4766 2723 4824 lsraelitarum
2757 4779 3022 4841 stragem,
3047 4777 3104 4825 et
3129 4768 3310 4826 Saulis
3341 4787 3404 4826 ac
3433 4771 3688 4828 Jonatbw

2097 4859 2382 4915 interitum
2429 4864 2667 4918 nuntiat.
2705 4863 2971 4934 Rogatus,
3013 4879 3148 4920 num
3194 4879 3323 4920 vera
3375 4866 3681 4929 nuntiaret,

2094 4952 2398 5023 respondet
2435 4971 2450 5009 :
2493 4953 2714 5011 Saulem
2753 4955 2945 5012 letbali
2981 4958 3212 5013 vulnere
3261 4969 3508 5028 accepto,
3554 4973 3691 5013 cum

2094 5045 2214 5114 ipse
2253 5060 2379 5101 sese
2417 5047 2490 5102 ob
2534 5047 2969 5125 imbecillitatem
3016 5048 3272 5105 occidere
3314 5065 3420 5105 non
3471 5058 3680 5120 posset,

2094 5153 2248 5194 suam
2279 5155 2440 5210 Opem
2470 5141 2819 5211 implorasse,
2859 5159 2927 5198 ne
2961 5142 3122 5199 vivus
3160 5143 3215 5198 in
3244 5144 3487 5200 hostium
3528 5153 3682 5214 pote-

2093 5239 2292 5286 statem
2328 5233 2544 5287 veniret
2578 5251 2591 5286 :
2619 5235 2830 5304 juvisse
2871 5235 3058 5306 igitur,
3092 5245 3152 5291 ut
3181 5235 3277 5306 qui
3323 5235 3505 5304 gladio
3549 5252 3678 5306 pro-

2091 5323 2216 5394 prio
2261 5325 2374 5396 jam
2424 5326 2805 5394 incubuisset,
2856 5345 2924 5385 eo
2979 5329 3090 5385 ictu
3143 5327 3510 5385 conficeretur
3565 5347 3577 5382 :
3625 5338 3690 5384 et

2092 5417 2381 5473 sustulisse
2425 5434 2632 5489 regem,
2670 5430 2733 5476 ut
2772 5420 3105 5476 mandasset.
3141 5419 3274 5487 Quae
3307 5428 3367 5474 ut
3398 5435 3524 5475 vera
3557 5434 3682 5474 cre—

2095 5507 2382 5575 derentur,
2416 5511 2549 5581 regii
2584 5513 2782 5582 capitis
2823 5527 3083 5567 coronam
3118 5521 3175 5567 et
3205 5511 3451 5567 armillas
3483 5527 3684 5568 aureas

2097 5599 2290 5656 Davidi
2340 5602 2524 5658 oll'ert.
2583 5603 2804 5659 Saulem
2858 5605 3024 5675 igitur
3067 5611 3125 5660 et
3167 5604 3457 5660 Ionatham
3506 5605 3679 5660 David

2092 5707 2220 5748 cum
2251 5693 2367 5748 suis
2395 5694 2546 5764 luget
2581 5715 2593 5750 :
2629 5697 2723 5751 sed
2757 5697 3036 5752 hominem
3072 5697 3228 5753 illum
3261 5695 3531 5770 supplicio
3561 5697 3679 5752 alli-

2091 5786 2188 5851 cit,
2240 5785 2334 5854 qui
2387 5793 2554 5840 uncto
2602 5787 2820 5842 Domini
2870 5804 3069 5843 manus
3117 5789 3416 5845 attulisset.
3466 5788 3679 5844 Deinde

2088 5877 2244 5949 jussu
2291 5874 2386 5931 Dei
2434 5875 2781 5936 Cbcbronem
2823 5881 3091 5950 ascendit,
3127 5881 3322 5938 urbem
3364 5878 3675 5944 Judaicam,
