4098 6402
396 347 496 412 ῙΠ

1689 346 1930 408 JOANN
1942 347 2012 407 IS
2037 347 2363 411 ΖΟΝΑΗᾹ

3551 336 3660 404 148

392 479 520 520 eum
569 471 802 535 utraque
852 478 1044 529 uxore,
1081 463 1327 520 Acltinoa
1361 471 1416 518 et
1449 461 1690 534 Abigam,
1739 462 1964 532 ejusque

2075 464 2249 520 Σαοὺλ
2289 464 2551 521 ἀνελόντα
2586 465 2868 531 ἐκόλασεν,
2915 466 2999 521 ὅτι
3046 465 3126 536 τῷ
3179 464 3390 538 χριστῷ
3435 466 3649 537 Κυρίου

394 556 597 612 milites
630 571 754 610 cum
798 557 948 612 omni
995 557 1219 612 familia.
1267 557 1345 610 lbi
1376 573 1406 611 a
1440 555 1584 610 tribu
1614 554 1840 610 Judaica
1873 569 1971 609 rex

391 647 728 714 declaratur,
758 658 814 705 et
836 648 1064 704 Jabinos
1091 649 1162 703 ob
1193 649 1391 720 sepulti
1424 647 1606 704 Saulis
1632 659 1691 704 et
1722 648 1970 708 Jonathae

389 739 630 797 eliciunt
653 740 950 796 collaudat.
973 742 1260 798 Abenerus
1282 750 1465 796 autem
1489 741 1668 796 Saulis
1689 741 1819 799 dux.
1843 740 1969 796 reli-

390 849 562 904 quum
597 833 824 889 herilem
861 834 1031 889 tilium
1065 834 1405 899 Jebosthem,
1451 835 1620 891 totius
1654 835 1758 906 71
1793 833 1969 890 Israe-

389 923 528 979 litici
560 923 772 994 populi,
798 924 1023 981 Iudaica
1055 925 1200 982 tribu
1228 937 1474 998 excepta.
1507 942 1691 999 regem
1743 927 1967 992 salutat,

392 1025 512 1071 tum
536 1032 712 1072 annos
736 1017 1096 1088 quadraginta
1119 1029 1332 1080 natum,
1357 1020 1450 1090 qui
1478 1019 1764 1075 biennium
1790 1019 1962 1089 impe-

391 1110 559 1164 ravit.
579 1109 837 1182 Idemque
859 1112 1144 1167 Abenerus
1161 1111 1402 1168 Judaica:
1425 1113 1592 1168 tribui
1612 1113 1684 1169 ob
1705 1113 1966 1168 Davidem

391 1217 573 1272 regem
605 1212 851 1259 creatum
884 1203 1152 1262 infensus.
1185 1203 1388 1258 bellum
1419 1204 1606 1260 infert.
1633 1203 1733 1261 Cui
1762 1205 1969 1261 Joabus

391 1295 614 1352 Davidis
661 1297 962 1367 imperator
1005 1312 1130 1352 eum
1178 1297 1296 1353 suis
1345 1297 1522 1367 copiis
1566 1299 1848 1366 Occurrit,
1901 1315 1968 1355 ac

390 1389 666 1461 principio
713 1390 951 1446 duodeni
1002 1392 1259 1468 utrinque
1306 1400 1648 1446 concurrunt
1699 1410 1715 1448 :
1763 1392 1969 1463 quibus

388 1489 580 1535 mutua
627 1480 775 1537 caede
823 1481 1089 1548 sublatis,
1137 1491 1194 1537 et
1233 1481 1568 1536 exercitibus
1613 1485 1964 1552 congressis,

385 1574 646 1630 Abener‘ri
678 1575 1068 1630 succumbunt.
1102 1575 1261 1632 Joabi
1293 1575 1492 1631 fratres
1517 1585 1678 1632 erant
1702 1577 1880 1633 Abesa
1909 1586 1968 1633 et

385 1663 604 1729 Asabel,
636 1681 873 1736 quorum
904 1667 992 1720 hic
1022 1665 1224 1736 pedum
1273 1666 1555 1722 celeritate
1596 1666 1794 1731 fretus,
1823 1668 1966 1724 Abe-

385 1770 580 1808 uerum
616 1755 1054 1826 persequebatur
1090 1772 1104 1809 :
1137 1763 1324 1810 mouet
1355 1754 1466 1817 ille,
1501 1765 1561 1810 ut
1595 1755 1781 1811 redeat
1809 1775 1823 1812 :
1854 1773 1962 1812 non

385 1847 880 1918 obtemperantem,
908 1864 939 1903 a
967 1857 1118 1919 tergo
1145 1859 1459 1919 opportuno
1490 1849 1602 1904 ictu
1633 1849 1806 1916 illato,
1833 1865 1958 1905 con-

386 1941 523 1997 ficit.
554 1940 692 1996 Tum
732 1942 1002 2012 perempti
1049 1941 1247 1997 fratres
1288 1942 1538 1997 Asahelis
1563 1945 1708 1999 caede
1741 1943 1962 2009 irritati,

385 2032 587 2088 infesto
623 2048 785 2089 cursu
834 2033 1152 2088 Abenerum
1201 2043 1416 2103 petunt.
1446 2034 1516 2088 At
1547 2036 1639 2089 ille
1674 2034 1728 2090 in
1757 2036 1965 2090 vertice

384 2126 541 2180 collis
573 2134 742 2192 stans,
784 2125 1016 2181 Joabum
1061 2125 1322 2181 tnclamat
1349 2126 1467 2182 :Ne.
1513 2128 1651 2181 inter
1679 2126 1965 2197 populares

383 2234 618 2288 pugnam
660 2217 884 2272 concites
927 2233 945 2271 :
985 2235 1113 2272 nam
1159 2224 1209 2272 et
1249 2218 1468 2282 Asaltel,
1514 2237 1704 2290 parum
1744 2220 1966 2290 feliciter

386 2311 693 2380 contemptis
721 2312 848 2366 meis
880 2313 1112 2378 monitis,
1137 2314 1402 2369 occubuit.
1434 2313 1639 2369 Joabus
1667 2314 1754 2370 his
1781 2314 1964 2370 verbis

382 2401 878 2471 obtemperandum
907 2413 1076 2469 ratus,
1109 2404 1350 2474 receptui
1383 2405 1505 2459 cani
1530 2404 1709 2475 jubet.
1739 2421 1804 2460 ac
1835 2422 1964 2476 per-

381 2494 726 2549 scentionem
756 2493 991 2550 inhibet.
1019 2495 1244 2552 Exstitit
1270 2495 1514 2552 Hebraeis
1571 2496 1675 2553 huc
1713 2497 1961 2554 intestini

385 2585 513 2642 belli
545 2586 832 2642 exordium
853 2627 868 2650 ,
903 2588 1050 2658 quod
1086 2588 1406 2658 longissimo
1438 2588 1660 2645 duravit
1691 2598 1961 2662 tempore,

381 2695 507 2735 cum
537 2678 760 2750 quidem
796 2678 1181 2735 Davidieorum
1214 2679 1361 2735 vires
1395 2684 1753 2750 augerentur,
1784 2681 1963 2738 Sauliv

383 2789 576 2828 norum
613 2772 1019 2830 minuerentur.
1056 2771 1246 2827 Davidi
1281 2772 1572 2831 Chebrone
1605 2773 1900 2839 habitanti,
1931 2791 1962 2832 e

381 2863 618 2920 diversis
649 2863 919 2918 uxoribus
959 2878 1055 2919 sex
1081 2862 1196 2917 nati
1236 2871 1364 2918 sunt
1397 2862 1517 2926 filii,
1563 2879 1798 2935 quorum
1830 2875 1960 2922 natu

381 2959 652 3013 maximus
695 2956 802 3014 fuit
850 2957 1106 3012 Ammon.
1157 2957 1439 3014 Jebostbis
1463 2974 1631 3029 porro
1658 2959 1964 3027 indignatio

381 3061 607 3122 propter
634 3051 872 3106 Abeneri
911 3067 1040 3107 cum
1079 3052 1253 3123 patris
1280 3051 1461 3108 Saulis
1502 3053 1699 3123 pellice
1728 3069 1964 3111 consue-

2069 561 2172 630 τὴν
2215 560 2377 630 χεῖρα
2417 559 2716 630 ἐπήνεγκε.
2753 559 2865 614 Καὶ
2911 559 3054 628 μετὰ
3099 557 3312 622 ταῦτα,
3361 557 3460 614 τοῦ
3508 559 3648 613 Θεοῦ

2071 650 2452 718 κελεύσαντος,
2485 653 2566 716 εἰς
2595 651 2822 724 Χεϐρὼν
2855 651 3048 723 ἀνέϐη,
3091 651 3251 707 πόλιν
3293 650 3486 718 Ἰούδα,
3508 653 3650 722 μετά

2069 743 2278 812 ἀμφοῖν
2334 743 2447 797 τῶν
2492 743 2772 811 γυναικῶν
2827 743 3020 810 αὑτοῦ,
3054 743 3317 816 Ἀχινοδμ
3352 745 3451 801 καὶ
3498 744 3649 799 ’Δϐι-

2070 834 2256 901 γαίας,
2286 837 2382 889 καὶ
2413 836 2463 890 οι
2489 835 2685 908 ἄνδρες
2729 837 2780 891 ot
2829 835 2951 907 μετ’
2980 836 3152 892 αὐτοῦ
3199 837 3442 894 πανοικί.
3473 839 3652 893 Ἔνθα

2073 923 2329 994 βασιλεὺς
2349 924 2588 995 αίρεϊται
2626 925 2782 998 παρὰ
2811 928 2912 998 τῆς
2934 927 3110 982 Ἰούδα
3141 928 3339 998 φυλῆς.
3368 927 3652 999 Εύλόγησε

2069 1015 2127 1070 δὲ
2177 1017 2344 1072 Δαϐὶδ
2396 1019 2525 1082 τοὺς
2576 1019 2778 1090 ἄνδρας
2806 1019 3029 1089 Ἰαϐεὶς,
3056 1020 3132 1084 ὡς
3185 1020 3464 1091 θάψαντας
3519 1024 3651 1085 τοὺς

2069 1108 2164 1164 τοῦ
2219 1110 2397 1164 Σαοὺλ
2437 1111 2535 1165 καὶ
2578 1111 2677 1165 τοῦ
2736 1110 3001 1168 Ἰωνάθαν
3053 1111 3312 1182 νεκρούς.
3352 1113 3412 1167 '0
3457 1113 3516 1168 δέ
3551 1113 3649 1168 τοῦ

2070 1200 2244 1256 Σαοὺλ
2282 1203 2728 1274 ἀρχιστράτηγος
2769 1202 3038 1276 Ἀϐεννὴρ
3111 1204 3300 1260 λαϐὼν
3351 1205 3447 1258 τὸν
3487 1205 3648 1276 περί-

2067 1290 2258 1346 λοιπον
2311 1291 2426 1345 υίδν
2465 1291 2562 1346 τοῦ
2615 1293 2810 1363 κυρίου
2861 1292 3029 1348 αὐτοῦ
3083 1294 3179 1348 τδν
3217 1293 3497 1361 Ἰεϐοσθὲ,
3556 1294 3651 1365 βα-

2071 1381 2223 1436 σιλέα
2264 1383 2358 1437 ἐπὶ
2407 1384 2590 1438 πάντα
2630 1385 2724 1438 τὸν
2793 1385 3034 1458 Ἰσραὴλ,
3069 1385 3167 1440 τοῦ
3229 1387 3408 1442 Ἰούδα
3455 1389 3648 1459 χωρὶς,

2067 1474 2460 1547 ἀνηγόρευσεν.
2491 1469 2600 1529 Ἦν
2641 1475 2698 1529 δὲ
2731 1477 3146 1548 τεσσαράκοντα
3179 1477 3340 1543 ἐτῶν,
3378 1479 3468 1532 ὅτε
3519 1479 3633 1531 ἐϐα-

2070 1564 2630 1632 σίλευσενὸ’1εϐοσθὲ,
2668 1570 2763 1622 καὶ
2791 1568 2886 1623 δύο
2917 1569 3014 1640 ἐτη
3043 1571 3145 1640 τῆς
3183 1570 3463 1641 βασιλείας
3483 1572 3650 1642 ἐκράο

2068 1676 2258 1728 τησεν.
2304 1659 2364 1712 '0
2401 1659 2456 1712 δὲ
2494 1658 2758 1731 Ἀϐεννὴρ
2787 1660 2856 1714 δι’
2879 1662 3051 1732 ὀργῆς
3099 1663 3340 1718 ἐποιεῖτο
3396 1662 3498 1733 τὴν
3551 1662 3647 1717 τοῦ

2083 1752 2254 1806 Ἰούδα
2288 1751 2463 1823 φυλὴν
2503 1750 2580 1814 ὡς
2611 1751 3014 1822 βασιλεύσασαν
3054 1753 3147 1807 τὸν
3185 1753 3372 1817 Δαϐὶδ,
3407 1756 3501 1809 καὶ
3533 1753 3647 1828 ὥρ-

2072 1859 2211 1914 μησε
2261 1841 2384 1895 κατ’
2425 1841 2616 1912 αὐτῆς.
2657 1843 2967 1914 Ἀπήντησε
3017 1843 3065 1897 δ’
3105 1844 3258 1917 αὐτῷ
3305 1845 3447 1916 μετά
3485 1846 3648 1902 δυνάο

2070 1953 2218 2006 μεως
2255 1936 2438 2000 Ίωὰϐ,
2484 1936 2544 2000 ὃς
2587 1933 2656 2009 ἦν
2695 1939 2792 1990 τοῦ
2836 1938 3002 1992 Δαϐὶδ
3029 1938 3496 2010 ἀρχιστράτηγος.
3539 1939 3646 1993 Καὶ

2067 2026 2285 2102 πρῶτον
2315 2028 2413 2099 μὲν
2434 2028 2644 2083 δώδεκα
2673 2029 2732 2096 ἐξ
2767 2029 3008 2102 ἑκάστης
3031 2027 3456 2104 ἐμονομάχησαν
3483 2051 3648 2104 στρα-

2065 2124 2208 2187 τιᾶς.
2249 2123 2472 2175 Πάντων
2507 2122 2563 2175 δὲ
2617 2122 2986 2177 πεπτωκότων
3036 2123 3289 2186 ἐκείνων,
3330 2126 3426 2178 καὶ
3476 2126 3645 2197 ἄμφω

2066 2218 2122 2270 αἱ
2158 2215 2416 2286 στρατιαὶ
2458 2199 2718 2286 ἀλλήλαις
2759 2213 3124 2287 προσέϐαλον,
3192 2219 3289 2272 καὶ
3329 2219 3649 2291 ἡττήθησαν

2065 2310 2114 2364 oi
2151 2309 2247 2363 τοῦ
2305 2308 2592 2379 ’Δϐενθήμ
2657 2305 2864 2363 ’Δϐεσὰ
2911 2307 2967 2362 δὲ
3022 2309 3112 2362 καὶ
3168 2309 3373 2381 ’Δσαὴλ
3424 2311 3648 2380 ἀδελφοὶ

2077 2401 2257 2457 Ἰωάϐ.
2277 2401 2336 2455 Ὀ
2364 2401 2422 2456 δὲ
2466 2400 2691 2471 Ἀσαήλ,
2724 2399 2819 2455 ἐπὶ
2880 2400 3058 2454 ποδῶν
3092 2400 3337 2472 ὠκύτητι
3384 2405 3646 2475 σεμνυνό-

2067 2511 2250 2566 μενος,
2291 2492 2514 2546 ἐδίωκεν
2559 2492 2785 2545 ὄπισθεν
2836 2492 3118 2566 Ἀϐεννήρ.
3165 2493 3224 2548 '0
3266 2494 3325 2548 δὲ
3377 2494 3647 2567 ἀναστρέ-

2066 2605 2190 2657 φειν
2221 2585 2474 2658 παρῄνειο
2505 2585 2626 2638 ἐπεὶ
2646 2585 2703 2638 δὲ
2740 2584 2816 2656 μὴ
2845 2585 3056 2648 ἔπειθε,
3086 2585 3296 2656 πλήξας
3325 2587 3489 2642 αὐτὸν
3553 2589 3645 2655 ἐξ·

2063 2679 2291 2733 όπισθεν
2311 2677 2580 2749 καιρίως,
2634 2677 2950 2731 ἀπέκτεινε.
3001 2675 3109 2732 Τοῦ
3136 2677 3432 2741 τεθνεῶτος
3476 2677 3552 2745 δ’,
3594 2678 3646 2732 ot

2066 2769 2320 2839 σύγγονοι
2361 2767 2450 2822 διά
2474 2767 2576 2837 τὴν
2611 2765 2709 2820 τοῦ
2759 2766 2995 2835 ἀδελφοῦ
3038 2767 3256 2838 σφαγὴν
3275 2768 3644 2840 ὀργιζόμενοι,

2067 2860 2322 2932 μετέθεον
2343 2859 2436 2914 τὸν
2476 2858 2759 2928 ’Δϐεννήρ·
2793 2858 3002 2923 ἐκεῖνος
3027 2858 3242 2923 δὲ’στὰς
3272 2862 3366 2914 ἐπὶ
3401 2862 3648 2931 κορυφῆς

2066 2954 2183 3018 ἐνὸς
2216 2953 2327 3008 τῶν
2377 2951 2604 3023 βουνῶν,
2655 2951 2853 3021 ἐϐόησε
2898 2951 3034 3021 πρὸς
3070 2951 3252 3018 Ἰωάϐ,
3283 2953 3482 3021 λέγων,
3540 2953 3644 3021 Μὴ

2065 3045 2372 3116 παρόξυνε
2419 3043 2570 3113 πρός
2609 3044 2822 3114 μάχην
2880 3043 3108 3115 ἄνδρας
3159 3047 3495 3116 ὀμοεθνεῖςο
3547 3047 3648 3102 καὶ

383 3140 662 3201 tudinem.
712 3155 932 3195 causam
983 3141 1062 3196 illi
1110 3141 1346 3211 praebuit
1393 3143 1461 3197 ad
1513 3143 1775 3200 Davidem
1823 3145 1959 3201 defi-

2077 3139 2310 3208 Ἀσαὴλ
2331 3137 2443 3208 γὰρ
2477 3136 2809 3208 ἡμάρτηκε,
2835 3137 2923 3207 μὴ
2955 3141 3228 3206 πεισθείς
3257 3158 3353 3209 μοι
3387 3144 3652 3213 συμϐουο

381 3233 588 3288 cieudi.
613 3232 784 3288 David
816 3233 997 3290 missis
1046 3234 1114 3289 ad
1143 3233 1462 3291 Jebostbem
1488 3237 1684 3309 legatis
1738 3253 1966 3295 uxorem

379 3341 534 3381 suam
575 3324 898 3382 Melcholem
945 3326 1280 3398 repetitum,
1322 3327 1572 3394 obtinet,
1620 3339 1682 3384 ut
1737 3346 1804 3388 ea
1858 3331 1966 3388 sibi

380 3432 420 3471 δ
476 3417 706 3484 marito,
739 3416 828 3472 cui
877 3416 996 3471 viro
1053 3416 1340 3472 exsulante
1393 3431 1425 3472 a
1477 3415 1644 3472 Saule
1695 3417 1968 3490 desponsa

380 3511 594 3575 fuerat.
659 3511 881 3575 avulsa,
930 3509 1331 3565 remitteretur.
1399 3510 1624 3566 [nterim
1675 3510 1968 3569 Abenerus

381 3617 506 3655 cum
563 3601 881 3659 senioribus
933 3601 1124 3672 populi
1164 3609 1222 3655 et
1250 3601 1672 3659 centurionibus
1726 3603 1875 3676 agit,
1906 3613 1968 3659 ut;

383 3695 451 3748 ad
484 3693 777 3764 .Davidem
833 3709 897 3750 se
965 3693 1310 3750 conferrent.
1375 3695 1499 3762 Quo
1556 3696 1705 3752 haud
1762 3713 1964 3768 grava-

382 3785 481 3839 tim
547 3785 616 3840 ab
681 3785 947 3840 omnibus
997 3785 1308 3855 imperato,
1373 3786 1443 3841 ad
1511 3787 1781 3843 Davidem
1858 3789 1965 3846 fide

381 3878 645 3949 utrinque
705 3877 1074 3950 jurejurando
1141 3877 1355 3934 firmata
1419 3880 1745 3950 profectus,
1808 3883 1967 3952 cupi-

381 3971 560 4040 deque
595 3979 893 4040 exceptus,
937 3973 1006 4024 ad
1046 3971 1461 4028 convocandum
1501 3973 1767 4044 pupulum
1808 3975 1962 4044 abit,

381 4073 445 4119 ut
487 4061 657 4118 David
690 4063 760 4117 ab
802 4063 1063 4120 omnibus
1107 4081 1205 4120 rex
1245 4066 1715 4123 consalutaretur.
1756 4067 1965 4127 Joabus

381 4165 566 4212 autem
610 4154 955 4213 Cbebronem
1004 4157 1306 4229 profectus,
1358 4159 1596 4215 Abeneri
1651 4160 1964 4220 defectione

381 4251 622 4320 cognita.
657 4265 783 4306 cum
830 4251 1008 4306 virum
1053 4252 1198 4323 apud
1233 4253 1495 4308 Davidem
1546 4255 1734 4311 multis
1778 4258 1965 4314 crimi-

381 4341 547 4396 nibus
601 4341 838 4410 objectis
892 4341 1095 4397 frustra
1154 4344 1524 4400 calumniatus
1573 4356 1762 4412 esset,
1821 4349 1962 4402 clam

381 4434 604 4493 nomine
637 4433 860 4489 Doridis
898 4434 1302 4490 accersendum
1322 4431 1508 4490 curat.
1548 4437 1876 4504 Reversum,
1908 4449 1961 4496 et

402 4525 604 4597 ungius
632 4540 662 4581 a
690 4527 827 4591 suis,
867 4533 1128 4595 tanquam
1165 4527 1352 4581 arcani
1390 4527 1525 4597 quid
1556 4543 1680 4582 cum
1712 4544 1780 4584 eo
1811 4539 1966 4585 actu-

383 4634 499 4684 rus,
541 4616 854 4679 seductum,
899 4617 1138 4688 pugione
1177 4616 1234 4671 in
1272 4617 1365 4672 ilia
1407 4618 1672 4688 impacto,
1717 4621 1965 4689 perimit.

381 4709 511 4778 Quae
548 4725 640 4765 res
679 4709 885 4778 ingenti
926 4723 1163 4764 maerore
1192 4709 1454 4764 Davidem
1491 4710 1700 4775 aﬂ‘ecit,
1735 4712 1875 4768 adeo
1907 4721 1968 4768 ut

383 4802 531 4858 diras
583 4801 810 4855 ultrices
865 4799 1212 4855 interfectori
1263 4801 1370 4871 72
1418 4802 1851 4872 irnprecarctur,
1907 4814 1963 4860 et

381 4894 584 4951 mortui
611 4893 905 4963 exsequias
927 4908 1123 4962 magno
1141 4908 1270 4948 cum
1296 4893 1447 4948 luctu
1477 4895 1794 4952 honoreficc
1819 4897 1965 4953 cele—

381 4986 594 5040 braret.
627 4985 804 5039 Paulo-
829 4993 951 5054 post
977 4982 1272 5039 Jebostbes
1301 4999 1398 5054 per
1427 4985 1661 5041 insidias
1687 4987 1969 5044 dormiens

380 5079 681 5143 occiditur,
727 5078 957 5149 ejusque
1006 5087 1173 5148 caput
1201 5077 1477 5134 aduobus
1524 5080 1619 5149 qui
1664 5080 1879 5137 facinus
1909 5082 1962 5137 id

380 5177 786 5242 porpetrarant,
825 5167 1012 5222 Davidi
1049 5168 1299 5222 affertur.
1327 5167 1378 5224 Is
1403 5184 1536 5224 vero
1567 5169 1703 5225 adeo
1732 5173 1964 5242 gratiam

381 5266 463 5320 eis
500 5279 612 5318 non
652 5260 963 5317 habendam
999 5275 1122 5315 esse
1160 5261 1400 5323 censuit,
1429 5270 1490 5316 ut
1518 5263 1793 5333 supplicio
1823 5263 1964 5320 affici

381 5356 620 5426 iuberet.
648 5356 720 5411 ob
743 5354 948 5410 ctedem
983 5353 1214 5408 domini.
1242 5353 1451 5409 Deinde
1482 5370 1675 5411 omnes
1704 5355 1964 5413 Israelita

380 5452 450 5510 ad
493 5451 749 5507 Davidem
789 5465 848 5505 se
878 5446 1192 5511 conferunt,
1225 5462 1460 5518 eumque
1496 5463 1679 5520 regem
1711 5449 1959 5505 omnium

383 5542 632 5598 tribuum
681 5547 914 5611 ungunt.
947 5539 1188 5594 Judaicm
1233 5538 1413 5594 tribus
1450 5553 1680 5608 regnum
1719 5540 1964 5610 suscepit

385 5636 557 5694 David
600 5650 746 5691 anno
781 5634 956 5690 aetatis
995 5634 1296 5696 tricesimo,
1334 5633 1498 5703 eique
1534 5631 1636 5687 soli
1671 5631 1962 5689 Cbebrone

388 5744 564 5786 annos
601 5735 810 5796 septem
851 5727 1160 5798 imperavit.
1194 5725 1340 5797 genti
1379 5739 1509 5780 vero
1540 5723 1816 5783 universae
1849 5734 1963 5782 tres

389 5835 442 5881 et
482 5822 724 5890 triginta.

2069 3239 2311 3291 Jedorn
2331 3231 2756 3302 ἀναστρέφειν,
2784 3233 3115 3288 κάντεῦθεν
3147 3233 3428 3303 τέτρωται
3451 3253 3516 3291 τε
3547 3238 3649 3291 καί

2068 3325 2342 3392 τέθνηκε.
2381 3323 2738 3396 Παράκλησιν
2785 3323 2881 3378 οὖν
2926 3327 3054 3390 τοὺς
3104 3326 3299 3395 λόγους
3348 3328 3574 3395 τούτους
3620 3330 3650 3383 6

2081 3418 2241 3473 Ἱωὰϐ
2271 3417 2648 3489 ἡγησάμενος,
2679 3416 3048 3489 ἀνακλητικὸν
3078 3419 3286 3490 ὴχῆσαι
3316 3420 3527 3476 κελεύει
3549 3423 3650 3490 τὴν

2071 3513 2375 3581 σάλπιγγα,
2425 3511 2522 3565 καὶ
2565 3509 2664 3583 τὴν
2709 3507 2892 3576 δίωξιν
2937 3510 3188 3582 ἔστησεν.
3241 3513 3440 3586 Ἀρχὴν
3487 3513 3545 3569 δέ
3589 3510 3652 3580 ἐξ

2068 3604 2280 3661 ἐκείνου
2316 3603 2450 3676 παρ’
2491 3601 2764 3676 Ἑϐραίοις
2798 3602 2991 3658 ἔλασεν
3025 3604 3054 3657 6
3081 3604 3346 3677 ἐμφύλιος
3390 3607 3648 3677 πόλεμος,

2068 3698 2165 3752 καὶ
2191 3681 2467 3766 διέμεινεν
2497 3694 2592 3748 ἐπὶ
2621 3692 2895 3759 πλεῖστον,
2927 3693 3041 3748 τῶν
3074 3693 3174 3764 μὲν
3199 3696 3294 3750 τοῦ
3319 3696 3486 3751 Δαϐὶδ
3508 3713 3648 3766 κρα-

2067 3787 2429 3858 ταιουμένων,
2485 3783 2860 3839 ἀσθενούντων
2909 3783 2968 3839 δέ
3017 3801 3080 3855 γε
3128 3783 3238 3838 τῶν
3302 3784 3400 3838 τοῦ
3453 3785 3646 3842 Σαούλ.

2086 3879 2421 3952 Ἐτέχθησαν
2459 3877 2515 3931 δὲ
2554 3878 2632 3949 τῷ
2655 3877 2830 3931 Δαϐὶδ
2852 3881 2909 3932 ἐν
2944 3876 3173 3950 Χεϐρὼν
3205 3877 3321 3933 δντι
3361 3879 3426 3934 ἐκ
3463 3896 3652 3950 γυναι-

2066 3976 2179 4029 κῦν
2207 3972 2482 4042 διαφόρων
2509 3969 2614 4024 υἱοὶ
2640 3967 2723 4036 ἒξ,
2743 3961 2819 4024 ὧν
2850 3963 2919 4041 ἦν
2955 3969 3303 4041 πρωτότοκος
3327 3973 3356 4024 6
3397 3969 3635 4042 Ἀμνὼν.

2065 4066 2171 4122 Τοῦ
2218 4065 2277 4120 δὲ
2313 4063 2573 4133 Ἀϐεννὴρ
2600 4062 2848 4134 παλλακῇ
2899 4062 3184 4132 μιχθέντος
3215 4063 3411 4129 Σαοὺλ,
3478 4065 3620 4134 ήγα-
3678 4071 3682 4075 ’

2065 4160 2336 4230 νάκτησεν
2399 4155 2633 4210 Ἰεϐοσθέ
2683 4153 2807 4208 κατ’
2838 4153 3150 4220 αύτοῦ,διὰ
3196 4155 3296 4226 τήν
3349 4155 3638 4228 παλλακὴν

2064 4251 2159 4306 τοῦ
2197 4250 2407 4321 πατρὸς
2441 4247 2629 4303 αὐτοῦ.
2663 4248 2837 4301 Τοῦτο
2864 4248 3089 4317 γέγονεν
3124 4249 3300 4302 αἴτιον
3321 4249 3416 4303 τοῦ
3475 4267 3649 4321 προσ-

2070 4344 2266 4417 ρυῆναι
2290 4343 2384 4397 τὸν
2422 4341 2686 4412 Ἀϐεννὴρ
2710 4339 2788 4412 τῷ
2818 4340 3004 4396 Δαϐῖδ.
3039 4341 3100 4394 Ὀ
3125 4340 3182 4393 δὲ
3212 4342 3398 4406 Δαϐὶδ,
3427 4343 3648 4408 στείλας

2069 4436 2206 4506 πρὸς
2245 4437 2336 4489 τὸν
2393 4433 2648 4496 Ἰεϐοσθέ,
2681 4433 2781 4504 τὴν
2820 4432 2959 4487 ἰδίαν
3003 4436 3242 4501 γυναῖκα
3287 4433 3472 4506 ἐζήτει
3501 4437 3644 4489 Μελ-

2068 4525 2186 4596 χόλ.
2237 4524 2296 4579 '0
2339 4525 2398 4578 δὲ
2446 4521 2778 4586 ἀποσπάσας
2825 4523 2997 4591 αὐτὴν
3051 4521 3146 4575 τοῦ
3181 4523 3393 4595 ἀνδρὸς,
3505 4525 3646 4595 μετὰ

2067 4620 2168 4691 τὴν
2219 4619 2397 4690 φυγὴν
2441 4617 2536 4672 τοῦ
2593 4617 2759 4670 Δαϐὶδ
2816 4617 3100 4688 ἡρμόσατο
3154 4617 3327 4690 αὐτὴν
3374 4619 3403 4672 6
3449 4619 3646 4685 Σαοὺλ,

2067 4711 2359 4766 ἀπέστειλε
2391 4710 2470 4779 τῷ
2509 4709 2697 4765 Δαϐίδ.
2715 4709 2984 4780 Ἀϐεννὴρ
3013 4709 3092 4772 δὲ,
3121 4712 3236 4776 τοῖς
3266 4714 3520 4780 γηραιοῖς
3548 4711 3646 4767 τοῦ

2066 4803 2308 4875 πλήθους
2335 4801 2445 4856 τῶν
2488 4799 2846 4872 Ἰσραηλιτῶν
2877 4800 2972 4854 καὶ
3010 4803 3124 4865 τοῖς
3171 4800 3495 4872 ταξιάρχαις
3527 4801 3648 4855 δια-

2066 4896 2301 4964 λεχθεὶς,
2326 4892 2664 4966 μεταθέσθαι
2698 4892 2960 4966 συνῄνεσε
2990 4893 3126 4965 πρὸς
3149 4893 3336 4960 Δαϐὶδ,
3364 4893 3523 4947 τοῦτο
3552 4894 3648 4947 καὶ

2067 4989 2288 5042 πάντων
2348 4987 2843 5057 προθυμουμένων.
2893 4985 3065 5040 Τοῦτο
3110 4987 3168 5040 δὲ
3222 4988 3490 5059 ποιήσας,
3542 4981 3647 5058 ἧκε

2065 5081 2204 5152 πρὸς
2239 5077 2332 5130 τὸν
2364 5076 2551 5140 Δαϐὶδ,
2596 5076 2859 5146 ἐνόρκους
2903 5075 3118 5139 πίστεις
3167 5075 3492 5148 ληψόμενος.
3533 5077 3648 5132 Καὶ

2064 5171 2275 5243 δεχθεὶς
2322 5169 2618 5241 ἀσμένως,
2667 5169 2833 5239 ἀπῄει
2889 5168 3260 5238 συναθροίσων
3305 5170 3369 5224 τὸ
3415 5169 3644 5241 πλῆθος,

2068 5267 2155 5320 ἵνα
2204 5265 2356 5332 παρὰ
2409 5264 2629 5317 πάντων
2678 5261 2971 5334 ἀναῤῥηθῇ
3029 5265 3057 5317 ὁ
3109 5263 3296 5320 Δαϐίδ.
3350 5263 3553 5317 Ἐλθὼν
3586 5265 3647 5318 δὲ

2065 5358 2203 5429 πρὸς
2244 5356 2472 5428 Χεϐρὼν
2509 5356 2689 5421 Ἰωάϐ,
2731 5360 2827 5411 καὶ
2861 5357 3055 5427 μαθὼν
3087 5356 3157 5409 τὰ
3184 5357 3313 5426 περὶ
3358 5355 3643 5427 Ἀϐεννὴρ,

2067 5451 2249 5514 δείσας
2305 5450 2382 5522 μὴ
2437 5448 2694 5520 ὑπερέξει
2750 5451 2960 5511 ἐκεῖνος
3012 5448 3218 5514 αὑτοῦ,
3265 5450 3492 5502 κατεῖπε
3546 5448 3646 5518 μέν

2065 5543 2235 5599 πολλὰ
2264 5542 2360 5596 τοῦ
2411 5539 2605 5612 ἀνδρὸς
2629 5541 2766 5611 πρὸς
2799 5541 2965 5595 Δαϐίδ
2987 5559 3000 5573 ·
3036 5541 3111 5612 μὴ
3145 5540 3349 5594 πείθων
3377 5541 3455 5609 δὲ,
3486 5541 3645 5594 στέλ-

2063 5637 2144 5691 λει
2189 5634 2364 5703 λάθρα
2404 5632 2496 5687 τὸν
2545 5630 2850 5686 καλέσοντα
2880 5632 2971 5686 τὸν
3019 5630 3283 5702 Ἀϐεννὴρ
3321 5632 3398 5693 ὼς
3451 5632 3516 5685 ἐκ
3546 5631 3644 5684 τοῦ

2063 5726 2248 5782 Δαϐίδ.
2292 5726 2562 5786 Κάκεῖνος
2611 5722 2936 5794 ἀνέστρεψε,
2983 5723 3079 5778 καὶ
3123 5722 3445 5793 ὑπαντήσας
3493 5720 3644 5793 αὐτῷ

2075 5819 2254 5887 Ἰωάϐ,
2284 5817 2376 5873 καὶ
2412 5817 2486 5882 ὥς
2513 5833 2564 5870 τι
2606 5816 3014 5889 μυστικώτερα)
3053 5816 3203 5889 αὐτῷ
3235 5816 3636 5887 διαλεξόμενος,
