4098 6400
392 337 488 402 140

1685 333 2096 395 ANNALIUM
2141 333 2288 394 LIB.
2330 335 2412 394 Il.

3539 329 3643 396 1'50

379 450 562 523 πόρρω
577 447 686 501 τῶν
701 445 920 502 οίκείων
946 445 1252 513 ἀπαγαγὼν
1265 444 1427 502 αὑτὸν
1460 444 1683 513 κτείνει,
1718 445 1868 515 ξίφει
1892 443 2140 510 πατάξας
2156 446 2262 499 ὑπὸ
2287 445 2513 515 λαγόνα.
2541 445 2705 500 Δαϐὶδ
2728 445 2806 512 δὲ,
2831 445 2992 501 τοῦτο
3019 447 3229 518 μαθὼν,
3258 448 3467 520 ήλγησε
3509 448 3643 517 σφό-

377 539 494 616 δρα,
515 543 613 598 καὶ
634 541 712 612 τῷ
733 543 827 597 τὸν
849 541 1014 611 ἄνδρα
1029 541 1304 595 κτείναντι
1336 541 1714 613 κατηράσατο,
1739 537 1837 593 καὶ
1863 536 2140 608 ὲθρήνησε
2173 537 2264 592 τὸν
2281 535 2536 605 θανόντα,
2555 540 2652 593 καὶ
2673 538 2976 609 φιλοτίμως
2994 540 3371 610 ὲνεταφίασεν.
3408 540 3656 596 Ἰεϐοσθὲ·

375 640 448 704 δὲ,
469 638 604 710 μετὰ
619 636 817 710 μικρὸν
837 633 1267 700 ἐπιϐουλευθεὶς,
1291 636 1508 706 ἐσφάγη
1529 631 1899 706 κοιμώμενος.
1928 632 2042 687 Kal
2058 632 2109 686 οἱ
2125 631 2315 686 τοῦτον
2338 632 2642 698 ἀνελόντες,
2667 633 2764 688 δύο
2785 633 2962 699 ὄντες,
2985 633 3086 706 τὴν
3107 633 3354 704 κεφαλὴν
3384 634 3644 699 λαϐόντες

373 732 552 800 αὑτοῦ,
581 731 662 802 τῷ
690 731 858 785 Δαϐὶδ
889 731 1260 800 ἀπεκόμισαν.
1307 730 1366 785 Ὀ
1388 729 1445 784 δὲ
1466 730 1528 784 οὐ
1551 730 1714 801 μόνον
1754 726 1830 798 μὴ
1858 726 2238 798 κεχαρισμένα
2258 727 2465 798 πρᾶξαι
2503 727 2655 794 αὑτῷ
2686 727 2813 792 τοὺς
2846 728 3047 795 ἄνδρας
3082 730 3351 797 ἡγήσατο,
3386 728 3527 783 ἀλλά
3547 737 3649 794 καὶ

375 827 720 897 ἀναιρεθῆναι
734 823 1059 898 προσέταξε,
1082 824 1240 888 δίκας
1260 822 1356 877 τοῦ
1376 823 1540 893 φόνου
1569 822 1971 894 πραττόμενος.
2002 814 2136 872 Εῑτα
2153 821 2262 884 πᾶς
2288 819 2505 892 Ἰσραὴλ
2542 821 2839 893 πορεύεται
2874 822 3015 893 πρὸς
3052 822 3241 886 Δαϐὶδ,
3273 821 3369 876 καὶ
3395 824 3644 894 χρίουσιν

373 922 527 978 αὐτὸν
544 923 625 986 είς
640 920 867 992 βασιλέα
882 920 1079 972 πασῶν
1101 918 1208 972 τῶν
1221 912 1540 986 φυλῶν.⁷Ην
1564 917 1622 972 δὲ
1643 911 2074 987 τριακονταέτης
2093 911 2282 974 Δαϐὶδ,
2304 911 2392 968 ὅτε
2413 914 2506 968 ἐπὶ
2522 915 2614 969 τὸν
2629 915 2832 970 Ἰούδαν
2850 915 3227 972 ἐϐασίλευσεν.
3255 915 3365 972 Kal
3386 912 3554 990 ἦρξεν
3585 916 3645 970 ὲν

371 1012 592 1085 Χεϐρὼν
611 1012 716 1081 τῆς
735 1013 828 1067 τοῦ
855 1012 1026 1067 Ἰούδα
1050 1012 1221 1082 μόνης
1243 1010 1419 1082 φυλῆς
1451 1011 1734 1074 ἐνιαυτοὺς
1775 1005 1938 1074 ἑπτὰ,
1967 1003 2268 1077 τριάκοντα
2297 1007 2356 1062 δὲ
2388 1009 2485 1063 καὶ
2517 1010 2668 1080 τρεῖς
2692 1009 2788 1063 τοῦ
2830 1010 3033 1074 παντὸς
3080 1009 3323 1082 Ἰσραήλ.

439 1111 516 1164 B'.
563 1107 782 1178 Ἀπῆρε
811 1106 857 1158 δ’
893 1107 958 1160 ὲκ
986 1105 1218 1178 Χεϐρὼν
1266 1107 1433 1172 αὐτὸς
1472 1106 1568 1162 καὶ
1606 1106 1657 1160 οἱ
1701 1102 1819 1177 μετ’
1844 1103 1944 1160 αὐ-

2119 1098 2182 1156 Il.
2227 1099 2413 1175 Regno
2441 1101 2791 1170 confirmato,
2824 1102 3118 1160 Cbcbrone
3146 1119 3270 1159 cum
3308 1104 3424 1160 suis
3453 1103 3646 1161 Hiero-

367 1198 482 1264 τοῦ,
522 1196 622 1251 καὶ
661 1196 1043 1267 παραγέγονεν
1091 1197 1172 1258 είς
1237 1194 1608 1266 Ἰεροσόλυμα.
1646 1192 1950 1266 Κατῲκουν

366 1290 422 1343 δὲ
450 1287 575 1342 τότε
615 1288 716 1355 τὴν
746 1286 906 1341 πόλιν
941 1287 1036 1340 καὶ
1068 1284 1170 1357 τὴν
1201 1285 1312 1357 γῆν
1348 1285 1569 1356 ἐκείνην
1607 1285 1947 1354 Ἰεϐουσαῖοι,

369 1383 488 1437 ὅθεν
529 1379 734 1444 ’Ῑεϐοὗς
768 1380 1018 1435 ἐκαλεῖτο
1049 1381 1082 1450 ή
1136 1379 1314 1443 πόλις.
1363 1378 1696 1444 Χαναναίοις
1729 1379 1774 1434 δ’
1806 1375 1950 1452 ἦσαν

368 1473 506 1527 κατά
545 1473 705 1542 γένος
739 1473 1136 1542 προσήκοντες,
1171 1471 1245 1539 οἳ,
1284 1471 1411 1536 τοὺς
1451 1471 1690 1542 τυφλοὺς
1724 1472 1817 1526 καὶ
1844 1490 1952 1542 χω-

368 1564 512 1627 λοὺς,
543 1563 640 1616 καὶ
669 1562 850 1626 ἄλλως
887 1562 1334 1634 πεπηρωμένους
1380 1563 1682 1635 στήσαντες
1713 1565 1808 1618 ἐπὶ
1838 1563 1951 1618 τ’ῶν

366 1653 650 1720 ἐπάλξεων
686 1653 780 1707 ἐπὶ
817 1652 1008 1724 χλεύῃ,
1039 1655 1114 1724 μὴ
1147 1655 1504 1726 παραχωρεῖν
1530 1654 1732 1717 αὐτοὺς
1763 1655 1952 1724 ἔλεγον

366 1741 443 1810 τῷ
477 1740 647 1796 Δαϐὶδ
687 1741 788 1810 τῆς
841 1742 920 1806 εἰς
947 1742 1048 1812 τὴν
1092 1743 1250 1796 πόλιν
1279 1743 1514 1799 είσόδου.
1560 1743 1870 1816 Ὀργισθεὶς
1893 1745 1950 1801 δὲ

365 1828 449 1882 διὰ
477 1828 660 1883 ταῦτα
681 1828 870 1894 Δαϐὶδ,
896 1829 1186 1904 πολιορκίᾳ
1209 1831 1308 1901 τὴν
1336 1832 1493 1886 πόλιν
1525 1827 1662 1898 εἷλε,
1692 1835 1786 1886 καὶ
1823 1835 1951 1898 τοὺς

377 1919 742 1984 Ἰεϐουσαίους
781 1921 995 1974 ἐκεῖθεν
1039 1919 1345 1992 ὠσάμενος,
1374 1922 1471 1975 καὶ
1517 1922 1950 1996 ἀνοικοδομήσας

364 2011 554 2081 αὐτὴν,
590 2012 672 2076 είς
704 2011 881 2082 ὄνομα
924 2013 1126 2066 οἰκεῖον
1166 2012 1324 2066 πόλιν
1352 2015 1522 2069 Δαϐὶδ
1567 2018 1948 2088 ἐπωνόμασεν,

364 2105 458 2158 ἐπὶ
498 2103 759 2174 Ἀϐραάμ
791 2103 1014 2174 Σόλυμα
1039 2104 1419 2177 καλουμένην·
1449 2107 1546 2160 καὶ¹
1589 2108 1860 2182 διέτριϐεν
1893 2112 1951 2166 ἐν

364 2195 526 2268 αὐτῇ,
558 2195 818 2267 βασίλεια.
856 2195 1260 2269 δομησάμενος.
1299 2199 1584 2268 Ἐγένοντο
1612 2201 1671 2256 δὲ
1715 2201 1797 2256 ἔτι
1827 2206 1950 2259 παϊ-

364 2289 454 2353 δες
499 2289 656 2360 αὐτῷ
725 2289 793 2344 ὲκ
837 2290 1120 2358 γυναικῶν
1162 2290 1432 2346 πλειόνων
1479 2293 1578 2347 καὶ
1627 2293 1948 2351 παλλακῶν.

366 2382 470 2434 Kal
501 2381 557 2434 οἱ
600 2380 894 2451 ἀλλόφυλοι
933 2381 1312 2453 ἐστράτευσαν
1335 2383 1480 2439 κατὰ
1507 2383 1604 2438 τοῦ
1653 2385 1839 2440 Δαϐίδ.
1891 2386 1951 2440 'O

361 2475 440 2540 δὲ,
458 2474 559 2530 τοῦ
607 2473 744 2529 Θεοῦ
787 2473 1209 2541 ἐπινεύσαντος,
1255 2475 1428 2546 ἔξεισι
1456 2477 1580 2533 κατ’
1598 2479 1782 2534 αὐτῶν
1817 2479 1955 2550 μετά

361 2569 458 2640 τῆς
483 2567 688 2623 ἑαυτοῦ
723 2570 1008 2640 στρατιᾶς,
1039 2570 1134 2626 καὶ
1163 2572 1313 2644 νικᾷ.
1344 2573 1408 2626 Οί
1441 2571 1524 2637 δὲ,
1553 2571 1691 2628 πολῦ
1735 2571 1956 2637 πλείους

366 2659 884 2732 συναθροισθέντες,
945 2660 1113 2716 πάλιν
1141 2660 1406 2734 ἐπῄεσαν.
1458 2662 1751 2734 Ἐρομένου
1778 2663 1836 2717 δὲ
1864 2663 1959 2717 καὶ

367 2747 530 2816 αὖθις
561 2750 657 2806 τὸν
683 2750 822 2805 Θεὸν
844 2749 941 2805 τοῦ
967 2751 1160 2818 Δαϐὶδ,
1183 2753 1241 2806 ὲν
1267 2753 1380 2815 τοῖς
1417 2753 1607 2809 ἄλσεσι
1645 2753 1742 2808 τοῦ
1772 2753 1960 2809 Κλαυ-

357 2841 582 2912 θμῶνος
617 2840 955 2912 προσέταξεν
979 2842 1008 2894 ό
1042 2841 1176 2906 Θεὸς
1207 2841 1526 2908 αὐλίζεσθαι
1560 2843 1661 2898 σὺν
1680 2846 1748 2917 τῇ
1793 2860 1961 2916 στρα-

359 2936 453 3008 τιᾷ
474 2953 488 2966 ·
520 2936 622 2991 καὶ
648 2937 726 3006 μὴ
757 2933 935 2999 άλλως
973 2933 1343 3005 προσϐάλλειν
1363 2938 1479 3000 τοῖς
1508 2936 1799 3005 ἐναντίοις,
1825 2939 1959 3008 πρὶν

361 3029 541 3083 ama
576 3027 720 3099 ἄλση
761 3025 1097 3082 σαλεύεσθαι
1136 3028 1435 3100 ἄρξωνται.
1475 3031 1585 3085 Kal
1617 3029 1764 3086 οὕτω
1797 3035 1959 3104 ποιήε-

360 3141 483 3189 σας,
518 3123 720 3196 τρέπει
763 3124 893 3188 τοὺς
940 3124 1256 3195 πολεμίους.
1299 3126 1410 3179 Kal
1456 3125 1586 3197 ἄχρι
1633 3126 1747 3181 τῶν
1788 3127 1958 3200 ὁρίων

361 3216 550 3270 αὐτῶν
574 3214 797 3270 διώκων
817 3217 1038 3283 αὐτοὺς,
1065 3217 1300 3274 ἔκτεινε.
1333 3219 1491 3274 Μετὰ
1512 3218 1692 3276 ταῦτα
1726 3223 1960 3277 συνεκά-

357 3310 483 3363 λεσε
525 3310 700 3365 Δαϐὶδ
731 3311 855 3375 τοὺς
909 3311 1077 3382 ἱερεῖς
1129 3312 1227 3366 καὶ
1284 3312 1546 3380 Λευίτας,
1589 3314 1688 3368 καὶ
1736 3313 1958 3371 ᾶπαντα

357 3403 451 3457 τὸν
495 3401 636 3456 λαὸν
682 3404 764 3467 είς
801 3403 1239 3476 Καριαθιαρεΐμ.
1285 3405 1395 3460 Kal
1437 3405 1777 3462 ἐπεϐίϐασαν
1804 3409 1854 3462 oi
1884 3411 1958 3463 is-

360 3497 476 3564 ρεῑς
515 3495 622 3567 τὴν
665 3495 902 3551 κιϐωτὸν
941 3495 1153 3568 Κυρίου
1193 3495 1279 3567 ἐφ’
1315 3497 1534 3568 ἅμαξαν
1575 3499 1790 3570 καινὴν,
1821 3518 1955 3556 κατ·

359 3589 596 3657 ἄγοντες
628 3588 805 3658 αὐτὴν
832 3590 914 3653 είς
953 3588 1329 3661 Ἱεροσόλυμα.
1368 3591 1482 3644 Kal
1533 3592 1563 3645 ὀ
1607 3591 1739 3658 λαὸς
1787 3593 1886 3650 καὶ
1928 3594 1958 3647 ὃ

363 3683 630 3754 βασιλεὺς
663 3677 790 3756 ᾖδον
821 3681 1134 3752 ἔμπροσθεν
1157 3683 1329 3754 αὐτῆς
1355 3685 1740 3758 πορευόμενοι.
1792 3689 1956 3742 Ἀνα-

2051 1191 2319 1264 solymam
2345 1193 2740 1263 proﬁciscitur.
2771 1193 3010 1251 Jebusaai
3046 1202 3160 1249 tum
3192 1194 3385 1250 urbem
3416 1195 3562 1252 illam
3588 1204 3646 1251 et

2053 1290 2255 1340 terram
2289 1286 2576 1352 tenebant,
2607 1285 2826 1357 cognati
2855 1271 3204 1351 Chanantels,
3232 1302 3260 1341 a
3287 1287 3496 1357 quibus
3526 1287 3644 1357 ipsa

2051 1377 2217 1432 etiam
2251 1376 2385 1433 urbs
2414 1377 2586 1434 Jebus
2617 1379 3020 1450 appellabatur.
3058 1377 3098 1432 li
3134 1378 3296 1434 czecis
3327 1386 3382 1434 et
3409 1380 3644 1444 claudis.

2051 1469 2285 1540 aliisque
2342 1472 2611 1528 mutilatis
2658 1471 2726 1527 ad
2778 1471 3195 1542 propugnacula
3247 1487 3348 1542 per
3395 1471 3644 1530 derisum

2053 1562 2365 1628 collocatis,
2391 1579 2490 1620 eos
2518 1565 2675 1620 aiunt
2699 1563 2856 1621 urbis
2885 1565 3139 1636 ingressu
3169 1563 3430 1621 Davidem
3459 1567 3648 1636 probi-

2052 1652 2290 1710 bituros.
2339 1655 2460 1724 Quo
2511 1657 2760 1713 ludibrio
2813 1667 3127 1714 commotus
3184 1655 3399 1721 David.
3453 1660 3645 1715 urbem

2053 1746 2346 1803 obsidione
2379 1749 2549 1818 capit,
2581 1758 2638 1804 et
2666 1748 2933 1805 Jebusaeis
2959 1749 3088 1805 inde
3119 1750 3314 1820 pulsis,
3347 1750 3644 1815 instaurat,

2054 1852 2119 1892 ac
2145 1837 2214 1892 de
2243 1853 2346 1894 suo
2375 1840 2600 1895 nomine
2637 1839 2854 1896 Davidis
2887 1839 3080 1895 urbem
3111 1850 3293 1906 vocat,
3322 1856 3446 1897 cum
3473 1843 3648 1898 Abra-

2056 1927 2201 1982 hami
2237 1931 2582 1999 temporibus
2611 1930 2830 2004 Solyma
2861 1931 3142 1987 diceretur
3173 1951 3186 1987 :
3217 1941 3649 2004 constructaque

2057 2018 2206 2089 regia
2244 2019 2318 2074 ibi
2365 2021 2596 2087 habitat,
2639 2031 2694 2077 ct
2727 2023 2867 2078 alios
2909 2021 3120 2078 liberos
3150 2039 3181 2078 e
3222 2024 3476 2092 pluribus
3517 2040 3652 2079 uxo-

2055 2113 2211 2170 ribus
2257 2126 2314 2172 et
2363 2119 2693 2173 concubinis
2737 2119 2989 2190 suscipit.
3040 2119 3394 2192 Alienigenas
3441 2120 3648 2177 bellum

2055 2203 2398 2270 inferentes.
2441 2207 2538 2264 Dei
2585 2222 2724 2264 nutu
2775 2225 2900 2264 cum
2951 2210 3068 2265 suis
3117 2211 3298 2281 copiis
3365 2228 3647 2284 egressus,

2055 2296 2248 2353 vincit.
2297 2297 2399 2364 Qui
2441 2314 2566 2354 cum
2617 2301 2863 2359 exercitu
2903 2301 3065 2372 longe
3120 2303 3313 2374 majori
3368 2313 3660 2387 reparato,

2057 2387 2246 2443 denuo
2283 2389 2572 2459 adessent,
2619 2391 2789 2448 David
2829 2395 3058 2448 oraculo
3099 2394 3373 2459 consulto,
3410 2395 3468 2450 in
3507 2396 3652 2452 lucis

2058 2482 2268 2538 Luctus
2305 2485 2598 2542 considere
2645 2487 2873 2556 jubetur
2922 2501 3048 2543 eum
3123 2488 3410 2552 exercitu,
3468 2505 3652 2562 neque

2062 2575 2220 2644 prius
2250 2573 2441 2634 hostes
2474 2578 2720 2650 aggredi,
2749 2593 2915 2650 quam
2955 2577 3068 2636 luci
3101 2579 3299 2651 agitari
3331 2579 3651 2653 coepissent.

2060 2669 2227 2724 Paret
2264 2671 2456 2736 David,
2488 2671 2678 2728 hostes
2713 2671 2915 2734 fundit,
2945 2681 3003 2730 et
3035 2690 3213 2744 usque
3238 2676 3304 2733 ad
3336 2673 3472 2731 lines
3505 2677 3668 2746 ipso-

2059 2771 2183 2814 rum
2226 2762 2471 2818 caedibus
2504 2763 2878 2834 persequitur.
2915 2767 3046 2822 Post
3077 2767 3195 2823 haec
3238 2766 3556 2822 sacerdotes
3595 2773 3654 2822 et

2058 2847 2256 2910 levitas
2299 2870 2636 2926 omnemque
2659 2859 2923 2928 populum
2945 2857 3336 2915 Cariatbiarim
3361 2868 3649 2922 convocat,

2057 2957 2356 3028 areamque
2396 2945 2451 3000 in
2492 2961 2720 3002 currum
2777 2963 2982 3004 novum
3024 2949 3298 3006 sublatam
3333 2950 3668 3007 sacerdotes-

2061 3033 2439 3108 Hierpsolyma
2481 3039 2787 3105 advehunt,
2829 3041 3032 3112 populo
3063 3049 3119 3098 et
3150 3057 3280 3114 rege
3323 3058 3448 3101 eum
3486 3052 3654 3099 cantu

2059 3127 2522 3184 antecedentibus
2576 3148 2589 3185 :
2638 3145 2762 3202 quae
2811 3145 2939 3186 cum
2987 3132 3042 3188 in
3092 3133 3344 3203 periculo
3391 3142 3537 3189 esset
3584 3147 3669 3188 ne-

2059 3228 2428 3289 everteretur,
2475 3221 2585 3278 Oza
2639 3222 2788 3279 illius
2831 3223 3161 3281 Aminadabi
3211 3234 3435 3281 extenta
3486 3239 3662 3278 manu-

2061 3326 2184 3367 eam
2216 3322 2430 3380 tenens,
2471 3329 2504 3370 a
2541 3314 2696 3386 lapsu
2735 3314 3006 3392 defendit,
3045 3317 3300 3387 iratoque
3333 3315 3466 3380 Deo,
3503 3314 3655 3386 quod

2062 3405 2232 3460 homo
2264 3406 2532 3477 profanus
2555 3421 2678 3462 eam
2709 3414 3135 3475 contrectasset,
3171 3409 3357 3464 statim
3395 3407 3652 3463 moritur.

2062 3496 2223 3556 Unde
2257 3497 2412 3554 locus
2454 3498 2547 3554 ille
2582 3496 2853 3569 Diacopes
2886 3513 3090 3556 nomen
3127 3499 3390 3556 obtinuit.
3431 3498 3655 3556 Veritus

2057 3589 2247 3660 itaque
2267 3589 2435 3644 David
2455 3588 2509 3644 in
2528 3589 2722 3646 urbem
2739 3590 3088 3648 introducere
3103 3591 3470 3658 arcam,domi
3483 3591 3656 3648 Arbed-

2059 3679 2209 3736 darae
2237 3681 2420 3736 levita:
2441 3680 2697 3751 deposuit
2722 3703 2734 3738 :
2759 3681 2904 3754 apud
2927 3697 3089 3753 quem
3118 3693 3230 3740 tres
3245 3697 3465 3740 menses
3502 3698 3658 3738 man-

357 3776 649 3846 τραπῆναι
685 3773 746 3828 δὲ
774 3773 1203 3846 κινδυνευούσης
1238 3777 1338 3848 τῆς
1385 3778 1664 3845 Κιϐωτοῦ,
1710 3779 1877 3845 Ὀζάν
1925 3782 1955 3836 ὁ

2060 3775 2152 3840 sit,
2171 3791 2238 3832 ac
2272 3775 2379 3832 viri
2405 3777 2552 3832 illius
2585 3775 2786 3834 domus
2838 3776 3028 3833 multis
3076 3777 3240 3833 bonis
3295 3776 3491 3833 aﬂ’ecta
3551 3787 3656 3832 est.

358 3869 476 3932 ull;
513 3867 612 3922 τοῦ
659 3866 984 3936 Ἀμιναδὰϐ.
1023 3869 1280 3934 ἐκτείνας
1325 3869 1428 3934 τὴν
1472 3872 1654 3943 χεῖρα,
1685 3873 1953 3945 κατέσχεν

2060 3867 2181 3935 Quo
2219 3867 2390 3923 David
2429 3867 2641 3934 audito,
2671 3883 2792 3924 eam
2850 3869 2906 3926 in
2939 3868 3133 3924 urbem
3164 3883 3319 3924 suam
3374 3867 3659 3942 transfert,

358 3963 562 4032 αὐτὴν,
593 3960 694 4015 καὶ
721 3961 1053 4034 ἑπεστήριζε
1091 3962 1167 4032 μὴ
1203 3965 1411 4016 πεσεῖν.
1445 3963 1683 4036 Θνήσκει
1709 3964 1807 4021 οὖν
1855 3967 1957 4022 αὒ-

2060 3966 2270 4029 septem
2299 3957 2540 4015 ecetibus
2567 3958 3030 4029 praeedentibus,
3056 3959 3339 4030 cinnyram
3384 3958 3490 4029 73
3543 3959 3660 4030 ipse

357 4055 515 4120 τίκα,
546 4053 908 4126 ὀργισθέντος
939 4052 1034 4108 τοῦ
1076 4053 1213 4107 Θεοῦ
1234 4054 1318 4108 ὅτι
1341 4053 1524 4125 ήψατο
1549 4057 1649 4126 τῆς
1693 4056 1956 4125 κιϐωτοῦ,

2060 4051 2304 4123 pulsans,
2325 4060 2383 4107 et
2408 4051 2749 4108 ludibundus
2776 4052 3004 4109 saltans.
3033 4051 3207 4120 Quem
3243 4052 3475 4108 Melehol
3522 4069 3660 4108 eon-

359 4151 486 4203 ἐπεὶ
527 4147 612 4217 μὴ
646 4145 868 4218 ίέρωτο.
890 4147 1002 4202 Kal
1032 4147 1239 4217 ἐκλήθη
1269 4149 1296 4202 ὁ
1320 4147 1489 4213 τόπος
1542 4149 1752 4216 ἐκεῖνος
1779 4151 1959 4206 ἐντεῦ-

2060 4145 2292 4216 spicata,
2313 4154 2376 4200 ut
2406 4144 2671 4200 indecore
2710 4158 2769 4200 se
2823 4153 3104 4213 gerentem
3144 4144 3413 4216 increpat.
3431 4146 3502 4200 At
3539 4149 3658 4216 ipse

363 4242 458 4294 θεν
505 4239 786 4310 Διακοπή.
833 4239 946 4292 Kal
985 4239 1273 4310 ηὐλαϐήθη
1318 4242 1485 4295 Δαϐὶδ
1523 4242 1844 4312 εἰσαγαγεῖν
1874 4245 1958 4308 είς

2060 4237 2179 4307 ejus
2200 4236 2332 4292 facti
2351 4251 2459 4291 non
2484 4235 2692 4307 pudere
2719 4235 2887 4302 seait,
2913 4235 3368 4306 nequeindecora
3400 4252 3520 4293 esse
3542 4237 3658 4298 illa:

357 4334 462 4403 τὴν
493 4332 660 4386 πόλιν
700 4329 803 4401 τὴν
855 4330 1112 4386 κιϐωτόν.
1146 4329 1426 4386 Κατέθετο
1455 4331 1512 4386 δὲ
1540 4331 1713 4404 αὐτὴν
1744 4334 1825 4398 είς
1862 4334 1959 4389 τὸν

2061 4336 2123 4384 ut
2148 4344 2270 4400 qua:
2298 4329 2366 4384 ad
2400 4327 2494 4383 Dei
2523 4327 2790 4384 honorem
2819 4326 3181 4384 referrentur.
3224 4327 3316 4384 Sic
3351 4342 3536 4383 arcam
3562 4329 3654 4384 in-

358 4421 515 4480 οἶκον
557 4423 864 4496 ’Δϐεδδαρά
899 4425 1136 4478 Λευΐτου
1163 4423 1381 4494 ἀνδρὸς,
1413 4424 1511 4478 καὶ
1553 4419 1624 4496 ἦν
1657 4427 1777 4480 ἐκεῖ
1807 4429 1959 4498 τρεῖς

2069 4420 2338 4487 tulerunt,
2356 4428 2413 4476 et
2440 4419 2494 4474 in
2514 4418 2892 4484 tabernaculo,
2909 4418 3057 4490 quod
3081 4416 3252 4475 David
3273 4419 3328 4474 in
3342 4433 3469 4475 eum
3496 4434 3658 4475 usum

363 4519 576 4587 μῆνας.
623 4515 737 4570 Kal
771 4516 1094 4588 ἀπήλαυσεν
1119 4516 1148 4570 6
1180 4511 1329 4582 οἶκος
1367 4517 1466 4571 τοῦ
1517 4518 1711 4588 ἀνδρὸς
1745 4520 1958 4575 ἐκείνου

2063 4521 2342 4581 erexerat,
2391 4513 2758 4570 collocarunt.
2789 4511 3061 4569 Caeterum
3093 4513 3267 4569 aedem
3303 4513 3382 4568 illi
3436 4523 3659 4570 exstru-

363 4607 588 4660 πολλῶν
620 4606 872 4674 ἀγαθῶν.
926 4608 1037 4661 Kal
1067 4606 1310 4670 ἀκούσας
1360 4607 1549 4674 Δαϐὶδ,
1595 4609 1962 4680 μετεκόμισεν

361 4699 586 4753 ἐκεῖθεν
618 4698 722 4770 τὴν
766 4698 1005 4752 κιϐωτὸν
1031 4700 1116 4763 είς
1139 4699 1241 4768 τὴν
1265 4699 1424 4753 πόλιν
1451 4699 1552 4771 τὴν
1575 4699 1800 4766 ἑαυτοῦ,
1821 4699 1963 4756 ἑπτὰ

361 4792 551 4862 χορῶν
583 4790 972 4864 προαγόντων.
991 4791 1102 4845 Kal
1133 4792 1299 4854 αὐτὸς
1325 4793 1425 4862 τὴν
1453 4792 1712 4864 κιννύραν
1740 4793 1964 4866 ἔκρουε,

362 4887 464 4938 καὶ
510 4883 748 4956 ἐχόρευε
794 4883 1032 4948 παίζων.
1076 4883 1285 4938 ’ἰδοῦσα
1315 4884 1373 4938 δὲ
1410 4885 1577 4939 αὑτὸν
1627 4885 1966 4956 ὀρχούμενον

366 4979 464 5031 xal
520 4975 842 5046 σκιρτῶντα
896 4977 931 5045 ή
979 4974 1118 5048 γυνὴ
1172 4976 1342 5030 αὐτοῦ
1387 4976 1627 5048 Μελχὸλ,
1671 4976 1966 5049 ἐμέμψατο

367 5067 524 5140 αὖτῷ
573 5067 653 5131 ὡς
703 5067 1142 5138 ἀσχημονοῦντι·
1180 5068 1210 5120 ὀ
1243 5068 1301 5121 δὲ
1330 5069 1433 5122 οὐκ
1473 5069 1742 5124 αἰδεῖσθαι
1771 5065 1960 5125 εἷπενο

370 5125 506 5213 ἐπεί
527 5158 612 5230 μὴ
633 5125 1001 5229 ἀσχημοσύνη
1029 5155 1228 5224 ταῦτα,
1259 5159 1524 5227 γινόμενα
1551 5159 1634 5223 εἰς
1653 5158 1811 5216 Θεόν.
1840 5160 1968 5214 Είσ-
1991 5125 2045 5186 D

369 5251 626 5318 ἤνεγκαν
671 5248 730 5302 δὲ
775 5247 875 5321 τήν
919 5248 1194 5315 κιϐωτὸν,
1235 5250 1330 5304 καὶ
1397 5250 1693 5304 κατέθεντο
1740 5251 1823 5314 είς
1868 5249 1968 5322 τήν

371 5342 614 5413 σκηνὴν,
656 5340 726 5412 ἢν
767 5339 972 5411 ἔπηξεν
1004 5341 1144 5412 αὐτῇ
1190 5342 1220 5394 ὁ
1254 5339 1444 5396 Δαϐίδ.
1478 5339 1618 5396 Εἶτα
1663 5337 1813 5396 οἷκον
1882 5341 1971 5397 δο-

372 5429 664 5501 μήσασθαι
691 5433 759 5502 τῇ
781 5429 1002 5500 κιϐωτῷ
1030 5429 1334 5502 ἠϐουλήθη.
1368 5432 1480 5485 Kal
1506 5432 1535 5486 ὁ
1569 5431 1702 5496 Θεὸς
1728 5431 1806 5502 τῷ
1835 5449 1971 5504 προ-

371 5526 526 5594 φήτῃ
577 5522 772 5577 Νάθαν
817 5523 1132 5578 ἐντέλλεται
1204 5526 1384 5578 είπετν
1422 5525 1499 5596 τῷ
1540 5525 1728 5593 Δαϐὶδ,
1761 5526 1844 5580 ὅτι
1883 5527 1969 5581 Οὐ

368 5615 451 5670 σὺ
488 5613 915 5684 οἰκοδομήσας
945 5633 1049 5686 μοι
1085 5611 1279 5685 οἷκον,
1309 5617 1449 5673 ἀλλ’
1470 5620 1503 5672 ό
1526 5618 1656 5685 υἱός
1695 5631 1836 5685 σου,
1866 5617 1961 5685 ὃς,

369 5707 492 5760 σοῦ
541 5707 862 5773 θανόντος,
885 5705 1000 5776 τὴν
1040 5707 1372 5773 ,βασιλείαν
1431 5724 1549 5766 σου
1601 5709 1962 5777 διαδέξεται.

369 5797 570 5856 Ταῦτα
599 5798 694 5852 τοῦ
730 5802 1016 5872 προφήτου
1038 5800 1116 5874 τῷ
1135 5803 1301 5858 Δαϐὶδ
1332 5805 1790 5875 ἀπαγγείλαντος,
1820 5807 1965 5877 ἒκείτ

2068 4613 2323 4672 cturum,
2347 4605 2564 4661 Natban
2591 4603 2862 4675 prepbcta
2885 4604 3042 4676 jussu
3067 4603 3166 4660 Dei
3187 4604 3508 4661 deterrens:
3530 4604 3657 4661 Non

2066 4707 2146 4764 tu,
2178 4699 2382 4770 inquit,
2423 4700 2586 4754 cedem
2625 4697 2757 4752 mihi
2783 4705 3077 4762 constructi,
3102 4696 3194 4751 sed
3215 4695 3362 4766 ﬁlius
3397 4705 3536 4762 tuus,
3563 4699 3654 4768 qui

2068 4805 2291 4862 regnum
2321 4799 2371 4843 te
2400 4797 2610 4842 mortuo
2637 4799 2975 4860 suscepturus
3005 4797 3102 4844 est.
3135 4789 3231 4845 His
3267 4787 3437 4844 David
3469 4805 3499 4844 a
3524 4803 3655 4859 pro-

2067 4883 2235 4954 pheta
2258 4880 2548 4949 nuntiatis,
2579 4881 2646 4936 ad
2672 4881 2974 4952 gratiarum
3005 4881 3281 4938 actionem
3321 4895 3650 4947 conversus,

2067 4955 2180 5029 non
2213 4971 2388 5028 multo
2413 4981 2539 5042 post
2557 4972 2902 5042 alienigenas
2933 4987 3240 5044 eorumque
3290 4973 3472 5029 socios
3495 4973 3655 5028 euadit

2069 5066 2362 5136 fugatque,
2391 5073 2450 5120 et
2478 5062 2691 5136 Syriam
2717 5064 2825 5121 sibi
2867 5065 3192 5136 vectigalem
3220 5065 3421 5130 reddit,
3456 5067 3653 5136 praesi-

2071 5155 2165 5211 dio
2218 5155 2467 5212 Damasci
2525 5157 2814 5212 collocato.
2869 5156 2931 5212 lin
2978 5157 3160 5212 reditu
3199 5157 3331 5213 item
3386 5157 3652 5213 ldum-.eos

2067 5248 2292 5312 sternit,
2329 5249 2591 5304 omnibus
2641 5250 2696 5303 in
2748 5249 3074 5304 servitutem
3127 5249 3390 5304 redactis.
3441 5247 3652 5303 Deinde

2065 5341 2393 5397 recordatus
2441 5340 2538 5396 icti
2582 5356 2708 5395 eum
2740 5341 2978 5396 Jonatha
3025 5340 3216 5396 Saulis
3258 5339 3370 5393 ﬁlio
3397 5339 3651 5406 fuederis,

2065 5433 2264 5504 quaerit
2315 5448 2448 5487 num
2493 5433 2618 5503 quis
2661 5448 2728 5487 ex
2779 5433 2901 5502 ejus
2948 5432 3155 5486 familia
3206 5441 3489 5502 superstes
3532 5431 3650 5496 sit,

2066 5525 2418 5597 cognitoque,
2469 5525 2720 5582 Jonatlne
2753 5525 2948 5588 lilium,
3000 5523 3498 5595 Mempbibosthem
3551 5540 3654 5579 no-

2070 5617 2242 5685 mine,
2282 5627 2500 5688 captum
2533 5617 2785 5687 pedibus,
2820 5631 3132 5686 superesse,
3200 5617 3437 5674 accersit
3471 5617 3653 5673 homi-

2068 5706 2220 5777 nem,
2264 5725 2459 5766 omnes
2513 5710 2689 5765 avitas
2738 5723 2874 5781 opes
2922 5709 2972 5765 ei
3024 5710 3216 5779 donat,
3261 5711 3410 5766 victu
3461 5726 3649 5766 secum

2071 5803 2346 5862 communi
2379 5812 2652 5874 perpetuo
2683 5803 2762 5859 uti
2805 5804 2981 5874 jubet,
3001 5805 3259 5880 paternis
3285 5804 3449 5861 etiam
3477 5804 3651 5859 servis
