4098 6402
434 319 531 386 151
1745 313 2072 376 JOANNIS
2109 312 2433 374 ZONARJE
3609 319 3707 382 15g

429 434 481 488 ei
511 430 725 486 traditis
754 448 766 484 :
798 443 1038 500 quorum
1072 441 1241 484 unum
1272 427 1461 484 Sibam
1494 429 1920 497 procuratorem
1944 421 2002 478 τι

2127 439 2218 485 νος
2264 423 2347 486 είς
2398 421 2754 494 εὐχαριστίαν
2813 425 3106 499 ἐτράπετο.
3169 427 3280 482 Καὶ
3339 426 3480 498 μετὰ
3533 429 3705 486 ταῦτα

428 525 528 592 cit,
566 535 627 580 ut
659 533 964 595 proventus
1005 521 1327 585 fundorum,
1369 535 1510 590 quos
1534 519 1705 574 herus
1733 515 1881 573 dono
1920 530 2002 571 ac-

2119 514 2358 580 ἐπάταξε
2400 518 2528 579 τοὺς
2574 517 2932 589 ἀλλοφύλους.
2966 521 3063 576 καὶ
3101 520 3572 589 κατετροπώσατο
3609 527 3702 578 αὐ-

428 625 674 688 eepcrat,
711 616 1015 686 colligeret.
1061 613 1154 670 Sic
1183 612 1658 684 Memphibosthes
1701 609 2002 680 Hierosoly-

2117 609 2243 670 τοὺς
2301 609 2398 662 καὶ
2439 610 2568 674 τοὺς
2620 611 2948 682 συμμάχους
2993 612 3194 679 αὐτῶν,
3241 615 3338 666 καὶ
3367 615 3468 684 τὴν
3501 614 3708 686 Συρίαν

426 711 534 765 mis
559 708 792 771 habitat,
825 721 1124 776 mensaque
1153 705 1300 776 regia
1327 704 1554 759 fruitur.

2121 699 2400 770 ὐπόρορον
2443 701 2762 774 ἐποιήσατο,
2813 705 3064 774 φρουρὰν
3111 705 3170 758 ἐν
3215 704 3500 775 Δαμασκῷ
3539 723 3706 760 κατα-

428 802 657 872 στήσας.
707 799 816 854 Καὶ
854 800 913 853 ἐν
955 799 1034 871 τῷ
1083 797 1586 866 ἐπαναζευγνύειν,
1634 794 1876 862 ἐπάταξε
1914 794 2014 866 τὴν
2061 793 2412 862 Ἰδουμαίαν,
2466 796 2563 850 καὶ
2627 797 2880 866 ἐγένοντο
2929 800 3134 863 πάντες
3185 799 3481 870 Ἰδουμαῖοι
3523 797 3708 854 δοῡλοι

424 895 504 966 τῷ
534 895 716 951 Δαϐίδ.
759 895 1036 967 Μνησοεὶς
1065 896 1173 950 δὲό
1197 895 1362 949 Δαεὶδ
1399 895 1508 949 τῶν
1548 893 1688 964 πρὸς
1741 891 2007 948 ’Ῑωνάθαν
2045 891 2152 945 τῶι
2220 893 2316 950 τοῦ
2383 893 2558 947 Σαοὺλ
2612 894 2922 966 συνθηκῶν,
2973 898 3243 969 ἐζήτησεν
3284 897 3338 953 ετ
3363 915 3451 961 τις
3496 899 3564 952 ἐκ
3603 893 3701 950 τοῦ

425 988 620 1057 γένους
653 988 748 1043 τοῦ
829 989 1011 1042 Σαοὺλ
1055 987 1470 1050 ὑπολέλειπται,
1543 985 1640 1039 καὶ
1713 983 1908 1055 μαθὼν
1952 987 2228 1056 περιεῖναι
2297 985 2388 1040 τοῦ
2431 985 2689 1041 Ἰωνάθαν
2737 988 2852 1040 υίδν
2903 989 3288 1060 βεϐλαμμένον
3333 990 3463 1054 τοὺς
3508 990 3704 1058 πόδας,

424 1079 788 1150 Μεμφιϐοσθέ
816 1077 1177 1150 κεκλημένον,
1221 1077 1629 1148 μετεκαλέσατο
1669 1075 1856 1143 αὐτὸν,
1896 1075 1994 1130 καὶ
2029 1076 2322 1150 ἐχαρίσατο
2358 1079 2457 1149 τὴν
2481 1079 2574 1132 τοῦ
2606 1080 2832 1135 πάππου
2893 1083 3075 1136 πᾶσαν
3104 1082 3342 1156 ὕπαρξιν
3378 1084 3458 1153 τῷ
3507 1085 3687 1156 ἀνδρὶ,

425 1183 521 1234 καὶ
565 1179 876 1250 ὁμοδίαιτον
926 1175 1108 1247 ἐαυτῷ
1157 1174 1334 1230 διόλου
1421 1168 1565 1228 εἶναι
1631 1173 1912 1228 ἐκέλευσε.
1965 1172 2077 1226 Καὶ
2113 1174 2244 1236 τοὺς
2297 1173 2589 1246 πατρῴους
2632 1178 2855 1243 οἰκέτας
2897 1179 3048 1249 αὐτῷ
3095 1181 3582 1254 προσαιιιεένειμεν⁸
3631 1177 3708 1240 ὧν

426 1273 508 1326 ἐιὶ
555 1271 688 1326 Σιϐά
718 1270 1042 1342 καλουμένῳ
1095 1267 1479 1340 ἐπιτροπεύειν
1527 1265 1638 1320 τῶν
1689 1264 2090 1335 δεδωρημένων
2127 1264 2206 1336 τῷ
2268 1267 2435 1320 αὐτοῦ
2502 1269 2678 1340 κυρίῳ
2739 1270 3037 1343 ἐπέτρεψε,
3093 1273 3188 1327 καὶ
3234 1274 3539 1343 προσάγειν
3563 1275 3708 1330 ἐκεί-

425 1381 500 1430 νῳ
552 1363 652 1434 τὴν
707 1362 920 1417 ἐκεῖθεν
963 1361 1254 1430 ὠφέλειαν.
1311 1359 1369 1414 '0
1420 1358 1477 1412 δὲ
1529 1355 1891 1428 Μεμφιϐοσθέ
1950 1359 2009 1409 ἐν
2058 1355 2458 1428 Ἰεροσολύμοις
2486 1358 2647 1430 ᾤκει,
2678 1362 2773 1414 καὶ
2803 1364 3152 1416 συνειστιᾶτο
3178 1363 3256 1432 τῷ
3290 1363 3524 1434 βασιλεῖ.

498 1461 591 1516 lll.
627 1459 743 1517 Sub
789 1459 844 1516 id
877 1469 1095 1530 tempus
1137 1456 1579 1513 Ammanitarum
1628 1471 1745 1519 rex,
1785 1451 2008 1508 Davidis

423 1551 654 1617 amicus,
680 1550 938 1617 moritur,
991 1552 1225 1604 Annone
1263 1549 1376 1604 tilio
1414 1547 1630 1613 relicto,
1663 1545 1824 1616 patrii
1852 1545 2004 1615 regni

422 1658 765 1699 successore.
805 1642 887 1698 Ad
941 1656 1068 1697 eum
1103 1639 1272 1696 David
1307 1640 1512 1710 legatos
1548 1638 1742 1699 mittit.
1780 1635 1874 1706 qui
1915 1635 2002 1690 lu-

419 1749 570 1793 otum
626 1737 746 1808 ejus
790 1734 1236 1798 consolarentur,
1300 1731 1577 1801 simulque
1629 1728 2000 1792 nunciarent,

2183 1455 2258 1508 Γ.
2287 1455 2441 1510 Κατὰ
2473 1455 2530 1509 δὲ
2572 1457 2666 1511 τὸν
2693 1457 2813 1512 τότε
2850 1458 3045 1529 χρόνον
3076 1460 3341 1531 τέθνηκεν
3378 1464 3407 1517 6
3437 1463 3548 1518 τῶν
3568 1464 3706 1534 Ἀμ-

2113 1545 2356 1616 μανιτῶν
2391 1545 2668 1617 βασιλεὺς,
2701 1547 2854 1617 φίλος
2877 1548 2954 1601 ὢν
2978 1549 3070 1603 τοῦ
3104 1549 3291 1616 Δαϐιδ,
3326 1551 3418 1604 ἐπὶ
3447 1551 3550 1620 υἱῷ
3579 1551 3703 1607 Ἀνο

2113 1636 2242 1702 νὼν,
2288 1637 2347 1703 δς
2373 1639 2473 1710 τὴν
2508 1641 2787 1712 πατρικὴν
2825 1641 3004 1714 ἀρχὴν
3060 1641 3352 1708 διεδέξατο.
3408 1643 3704 1713 Ἔπεμψεν

2111 1726 2206 1785 οὖν
2239 1731 2374 1802 πρὸς
2410 1731 2613 1786 Ἀννὼν
2644 1736 2672 1788 6
2696 1733 2862 1789 Δαϐὶδ
2893 1735 3018 1799 τοὺς
3065 1736 3560 1808 παρηγορήσοντας
3601 1737 3705 1808 τὴν
3732 1808 3735 1814 1

422 1827 682 1882 Davidem
716 1825 1018 1881 amicitiam
1049 1839 1179 1895 erga
1211 1823 1364 1878 illum
1391 1835 1613 1892 quoque
1641 1825 2002 1874 conservatu-

2111 1823 2204 1877 ἐπὶ
2230 1824 2308 1894 τῷ
2339 1825 2511 1894 πατρὶ
2563 1823 2742 1896 λύπην
2771 1825 2961 1891 αὐτοῦ,
2999 1828 3095 1881 καὶ
3148 1831 3339 1899 τηρεῖν
3373 1827 3474 1901 τὴν
3518 1827 3704 1899 φιλίαν

423 1935 567 1974 rum.
598 1919 669 1973 At
731 1918 820 1974 ille
845 1916 1225 1987 exploratores
1252 1930 1373 1970 esse
1410 1914 1621 1984 legatos
1670 1911 2004 1982 suspicatus,

423 2012 563 2066 rasis
602 2027 666 2066 ex
699 2018 853 2081 parte
885 2008 1075 2064 barbis
1123 2023 1336 2071 eorum,
1368 2016 1425 2062 et
1454 2005 1683 2060 semisse
1714 2003 2006 2073 palliorum

421 2107 713 2170 praesecto,
742 2097 974 2153 dimittit
1013 2096 1286 2151 homines.
1319 2095 1469 2162 Quos
1495 2107 1623 2148 cum
1653 2092 1734 2147 sic
1775 2091 2008 2146 allectos

421 2191 595 2246 David
644 2189 882 2255 videret,
913 2189 1172 2251 Joabuln.
1220 2187 1419 2243 tradita
1471 2185 1808 2240 validissima
1849 2191 2006 2254 parte

420 2284 730 2354 copiarum,
765 2289 955 2338 contra
979 2281 1321 2336 Ammonitas
1347 2280 1516 2336 mittit
1544 2296 1557 2334 :
1592 2278 1686 2348 qui
1712 2277 2006 2333 commisso

418 2359 633 2446 praelio,
665 2387 722 2432 et
744 2375 894 2445 ipsos
929 2384 986 2431 et
1022 2374 1321 2430 fmderatos
1353 2389 1547 2430 eorum
1593 2372 1760 2444 Syros
1812 2373 2003 2428 vincit.

421 2466 503 2520 llli
538 2476 662 2536 post
693 2466 877 2536 fugam
911 2467 1096 2521 denuo
1121 2465 1310 2521 ascitis
1349 2465 1536 2529 sociis,
1573 2465 1776 2520 bellum
1811 2465 2004 2520 redin-

419 2566 662 2628 tegrant.
688 2557 825 2612 Tum
858 2557 1024 2612 David
1061 2572 1184 2612 cum
1213 2567 1326 2614 toto
1349 2558 1597 2613 exercitu
1628 2571 1726 2612 eos
1751 2556 2002 2622 adortus,

420 2651 627 2707 multos
657 2651 836 2719 caedit,
867 2651 1141 2707 Sobacum
1173 2651 1458 2707 hostilium
1489 2651 1771 2723 legionum
1803 2650 2002 2707 ducem

420 2743 665 2812 graviter
707 2743 1009 2799 vulnerat:
1048 2758 1161 2814 quo
1210 2759 1278 2800 ex
1330 2745 1425 2800 illo
1479 2745 1708 2802 vulnere
1758 2755 2002 2812 mortuo,

419 2833 541 2905 Syri
587 2849 655 2888 ex
705 2834 1095 2906 Mesopotamia
1173 2835 1310 2892 socii
1357 2837 1799 2892 Ammanitarum
1847 2837 2006 2894 dedi-

420 2928 628 2982 tionem
658 2925 891 2984 l’aciunt.
938 2928 1107 2992 David
1150 2929 1385 2985 Joabum
1415 2945 1612 2985 rursus
1641 2938 1832 2986 contra
1872 2930 2005 2985 Am-

420 3019 655 3074 manitas
689 3019 876 3088 mittit,
914 3021 1009 3091 qui
1044 3036 1170 3076 cum
1202 3037 1299 3078 eos
1322 3021 1378 3076 in
1411 3022 1561 3076 illius
1609 3029 1770 3077 teme
1799 3030 2004 3100 mgtro-

420 3109 590 3180 polim
627 3109 735 3182 74
766 3111 1082 3181 compulsos
1103 3111 1406 3178 obsideret,
1458 3112 1575 3182 ipse
1615 3112 1838 3168 interim
1865 3111 2001 3168 llic-

421 3203 714 3274 rosolymis
748 3203 970 3275 degens,
996 3220 1120 3259 cum
1147 3220 1178 3260 e
1214 3205 1358 3275 regia
1399 3205 1709 3268 mulierem,
1775 3207 2000 3262 nomine

420 3293 725 3363 Bersaben,
769 3296 918 3352 domi
957 3297 1232 3353 lavantem
1286 3299 1690 3370 conspexisset,
1728 3314 1856 3354 cum
1909 3298 2001 3353 illa

419 3387 688 3444 accersita
725 3405 840 3445 rem
882 3379 1234 3457 habet.'Qu;e
1275 3405 1402 3447 cum
1451 3405 1510 3447 se
1551 3406 1674 3448 esse
1720 3391 1998 3463 gravidam

421 3481 536 3551 regi
575 3481 898 3548 indicasset,
945 3482 1132 3538 Uriam
1173 3483 1276 3547 (sie
1301 3483 1450 3538 enim
1481 3485 1716 3539 maritus
1750 3484 1872 3554 ejus
1904 3500 2001 3540 vo-

421 3573 675 3642 cabatur)
707 3573 777 3627 ab
817 3573 1107 3629 obsidione
1145 3583 1362 3640 avocat,
1397 3585 1456 3631 et
1487 3574 1557 3631 de
1599 3574 1844 3632 exercitu
1877 3589 2002 3646 per-

423 3675 702 3733 contatus,
732 3667 916 3723 missis
960 3666 1029 3722 de
1059 3680 1214 3721 coena
1251 3666 1497 3733 ferculis,
1543 3666 1768 3723 domum
1796 3668 1876 3724 ire
1909 3667 2000 3736 ju-

423 3757 537 3813 bet.
568 3758 770 3814 Verum
801 3757 892 3812 ille
917 3773 1026 3812 non
1055 3755 1170 3811 abit
1199 3773 1214 3811 :
1245 3772 1424 3828 neque
1447 3758 1596 3814 enim
1619 3758 1838 3825 decere,
1871 3774 1998 3814 cum

423 3851 534 3906 dux
567 3859 623 3906 et
650 3852 1052 3909 commilitones
1083 3852 1137 3907 in
1181 3853 1379 3910 castris
1409 3868 1686 3908 aerumnas
1708 3851 1908 3914 ferant.
1939 3868 1999 3908 se

423 3958 554 3998 cum
594 3957 762 3997 uxore
793 3946 1180 4000 concumbere.
1219 3944 1366 4014 Rege
1401 3943 1600 3998 iterum
1648 3943 1904 3999 hortante
1938 3951 2000 3998 ut

421 4037 650 4092 domum
687 4037 811 4102 iret,
862 4045 917 4092 et
947 4038 1161 4108 poculis
1206 4038 1321 4095 fere
1363 4053 1536 4108 usque
1574 4039 1642 4094 ad
1672 4038 1997 4095 ebrietatem

421 4140 672 4201 urgente,
708 4129 799 4184 ille
832 4145 934 4200 pro
969 4130 1135 4201 regia:
1161 4129 1374 4186 foribus
1412 4145 1661 4186 ssmnum
1687 4133 1852 4203 capit.
1891 4133 1999 4189 Ita-

419 4239 527 4293 que
566 4222 748 4278 Uriam
793 4225 847 4278 in
879 4232 1055 4278 castra
1106 4223 1338 4279 remittit
1382 4239 1500 4291 rex,
1532 4226 1750 4281 traditis
1776 4226 1842 4280 ad
1873 4227 2000 4284 Joa-

417 4317 549 4372 bum
581 4317 804 4382 litteris,
841 4318 1040 4388 quibus
1070 4317 1478 4389 illejubebatur
1501 4327 1746 4376 statuere
1783 4319 1994 4388 Urian,

417 4426 525 4479 qua
557 4427 737 4481 pugna
771 4419 918 4466 esset
959 4412 1286 4482 asperrima,
1337 4411 1632 4482 deserique
1673 4414 1749 4468 ibi
1793 4415 1994 4481 solum,

419 4501 663 4556 reductis
687 4501 922 4565 caeteris,
949 4511 1009 4556 ut
1029 4505 1101 4557 ita
1128 4505 1518 4572 perimeretur.
1548 4503 1715 4560 Fiunt
1736 4505 1890 4576 jussa
1914 4522 1996 4561 re-
2031 4528 2075 4584 υ

419 4595 525 4668 gis,
568 4593 731 4650 Urias
777 4593 1073 4656 occiditur,
1107 4595 1178 4650 ab
1227 4609 1398 4652 uxore
1443 4596 1688 4664 lugetur,
1730 4597 2000 4668 ﬁnitoque

421 4689 573 4741 luctu
603 4686 802 4740 mulier
835 4685 1025 4739 Davidi
1055 4687 1234 4750 nubit,
1272 4701 1338 4741 ac
1371 4687 1545 4742 tilium
1578 4689 1746 4758 parit.
1785 4689 1868 4746 Ob
1895 4690 2000 4745 hoc

420 4779 638 4834 facinus
665 4779 837 4834 iratus
864 4777 1028 4840 Deus,
1065 4777 1368 4834 Nathanem
1395 4778 1462 4835 ad
1511 4779 1771 4835 Davidem
1807 4781 1997 4847 mittit,

419 4875 661 4946 quicum
698 4889 823 4944 rege
848 4888 1202 4944 congressus,
1235 4874 1386 4930 hunc
1432 4875 1486 4930 in
1526 4874 1749 4930 modum
1779 4876 2002 4932 locutus

417 4977 542 5024 cst:
576 4967 692 5022 Duo
727 4967 826 5022 viri
863 4966 1095 5036 Inerant,
1147 4983 1370 5038 quorum
1419 4968 1556 5022 alter
1602 4985 1782 5039 greges
1831 4977 1880 5024 et
1909 4989 2003 5025 ar-

419 5069 598 5115 menta
653 5060 856 5125 habuit,
906 5058 1044 5113 alter
1082 5076 1245 5114 unam
1292 5061 1558 5114 duntaxat
1603 5078 1820 5129 agnam.
1867 5061 2000 5118 Cum

421 5163 601 5208 autem
645 5155 827 5222 hospes
860 5153 1076 5223 quidam
1103 5153 1173 5207 ad
1207 5152 1419 5207 divitem
1452 5153 1763 5217 divertisset,
1795 5171 1900 5209 non
1938 5159 2002 5209 de

419 5246 525 5298 suis
549 5243 862 5305 immolauit.
895 5242 986 5296 sed
1015 5244 1264 5313 pauperis
1287 5260 1484 5314 agnam
1508 5253 1798 5300 mactatam
1829 5247 2000 5300 amico

421 5336 744 5407 epulandum
776 5337 1041 5406 apposuit.
1079 5335 1158 5390 lbi
1191 5335 1360 5390 David
1415 5351 1541 5390 eum
1574 5336 1666 5405 qui
1693 5337 1745 5390 id
1784 5336 2003 5402 fecerit,

423 5430 713 5500 quadrupli
756 5440 813 5485 et
873 5429 1071 5500 capitis
1113 5428 1465 5484 condemnat.
1519 5426 1658 5482 Tum
1713 5428 1928 5484 Nathan
1981 5446 1998 5484 :

423 5521 623 5577 Contra
663 5525 906 5595 teipsum,
954 5523 1156 5592 inquit,
1202 5539 1232 5576 ο
1292 5537 1408 5587 rex,
1439 5523 1758 5576 sententiam
1809 5523 1996 5578 tulisti.

423 5615 497 5671 Tu
551 5617 688 5668 enim
737 5616 792 5668 id
847 5617 1052 5686 facinus
1105 5617 1284 5678 edisti,
1336 5615 1498 5684 eique
1557 5613 1893 5669 adulterium
1944 5625 2002 5669 et

421 5707 624 5760 eadem
672 5716 1083 5765 commemorat.
1125 5719 1181 5763 et
1212 5709 1351 5762 iram
1398 5707 1490 5762 liei
1528 5714 1754 5775 pmpter
1798 5705 1909 5768 illa,
1945 5715 2002 5759 et

422 5797 609 5853 clades
642 5797 993 5853 imminentes
1030 5798 1319 5854 denuntiat
1346 5815 1360 5852 :
1394 5811 1558 5867 atque
1597 5798 1742 5852 inter
1775 5805 1995 5862 caetera,

423 5899 654 5947 mortem
684 5888 782 5951 lilii
819 5904 887 5946 ex
917 5887 1190 5947 adulterio
1216 5889 1407 5961 geniti.
1447 5889 1618 5946 David
1645 5903 1704 5946 sc
1741 5904 1998 5975 peccasse

2111 1913 2562 1983 ἀπαγγελοῦντας
2615 1920 2711 1972 καὶ
2754 1919 2841 1972 ἐπ’
2873 1920 3024 1990 αὐτῴ
3045 1921 3137 1974 τὸν
3169 1920 3354 1976 Δαϐίδ.
3398 1922 3457 1976 Ὀ
3491 1923 3570 1987 δέ,
3600 1939 3704 1976 ata-

2108 2004 2416 2067 τασκόπους
2467 2001 2607 2060 εἶναι
2656 2007 2784 2070 τοὺς
2823 2008 3178 2079 πεμφθέντας
3231 2007 3575 2078 ὑπειληφὼς,
3609 2008 3706 2074 ξυ-

2111 2097 2284 2165 ρήσας
2315 2097 2496 2152 αὐτῶν
2543 2099 2695 2170 παρὰ
2728 2099 2894 2171 μέρος
2928 2100 3059 2163 τοὺς
3096 2097 3388 2168 πώγωνας,
3417 2101 3512 2152 καὶ
3539 2117 3704 2170 περι-

2108 2185 2290 2257 τεμὼν
2317 2187 2384 2240 ea
2415 2188 2592 2260 ἡμίση
2625 2188 2735 2243 τῶν
2785 2189 3078 2259 ἐπωμίδων
3105 2189 3309 2254 αὐτῶν,
3343 2188 3703 2255 ἐξαπέστειλε

2107 2279 2236 2341 τοὺς
2279 2278 2503 2350 ἄνδρας.
2541 2279 2651 2344 Οὓς
2679 2279 2824 2335 οὕτω
2851 2281 3234 2352 διακειμένους
3273 2281 3396 2336 ίδὼν
3425 2284 3454 2336 6
3509 2283 3702 2351 Δαϐὶδ,

2106 2368 2168 2421 τὸ
2190 2369 2290 2438 τῆς
2319 2371 2584 2440 στρατιᾶς
2609 2371 2986 2440 ἀκμαιότατον
3011 2371 3088 2441 τῷ
3115 2372 3548 2444 ἀρχιστρατήγῳ
3575 2373 3705 2436 δοὺς

2119 2459 2315 2525 Ἵωὰϐ,
2373 2461 2518 2516 κατὰ
2574 2463 2685 2516 τῶν
2737 2462 3098 2534 Ἀμμανιτῶν
3153 2451 3535 2531 ἐξαπέστειλε.
3587 2465 3702 2519 Καὶ

2109 2553 2403 2624 συμϐαλὼν
2423 2555 2657 2619 ἐκείνοις
2689 2556 2718 2609 6
2741 2556 2926 2622 Ίωὰϐ,
2964 2556 3161 2621 αὐτούς
3187 2574 3246 2611 τε
3275 2557 3369 2611 καὶ
3399 2559 3526 2622 τοὺς
3561 2575 3702 2629 συμ-

2110 2645 2317 2716 μάχους
2341 2647 2550 2719 Σύρους
2578 2648 2716 2718 ἡττᾷ
2741 2665 2756 2678 ·
2811 2649 2907 2702 καλ⁸
2937 2650 3232 2720 τρέπονται
3267 2651 3348 2714 είς
3375 2652 3578 2721 φυγήν.
3632 2651 3701 2704 Οί

2105 2735 2186 2799 δὲ,
2220 2736 2316 2790 καὶ
2347 2737 2514 2792 πάλιν
2537 2737 2866 2809 συμμάχους
2897 2741 3348 2812 προσειληφότες,
3371 2741 3508 2811 πρὸς
3539 2741 3704 2796 πολε.

2110 2845 2210 2898 μον
2233 2829 2426 2901 ᾔεσαν.
2450 2831 2563 2885 Καὶ
2591 2833 2620 2884 6
2636 2832 2822 2899 Δαϐὶδ,
2849 2833 2948 2886 σὺν
2976 2835 3125 2906 πάσῃ
3147 2837 3212 2906 τῇ
3231 2835 3464 2906 στρατιᾷ
3493 2835 3706 2906 συμϐα-

2106 2920 2216 2975 λὼν
2243 2923 2452 2989 αὐτοῖς,
2503 2924 2733 2989 πολλοὺς
2765 2927 2866 2996 μὲν
2890 2928 3104 2983 ἀνεῖλεν
3131 2944 3146 2960 ⁶
3175 2929 3204 2982 6
3232 2929 3280 2982 δ’
3309 2929 3555 3000 ἐξάρχων
3598 2929 3704 2994 τῆς

2105 3013 2218 3068 τῶν
2247 3015 2510 3070 ἐναντίων
2537 3017 2823 3088 δυνάμεως
2858 3017 3076 3086 Σωϐὰκ,
3102 3019 3337 3090 τρωθεὶς
3373 3021 3608 3092 καιρίως
3639 3021 3702 3074 ἐν

2105 3105 2186 3175 τῷ
2215 3107 2461 3180 πολέμῳ,
2495 3108 2759 3183 τέθνηκεν
2782 3113 2847 3166 ἐκ
2884 3111 2978 3166 τοῦ
3006 3113 3347 3184 τραύματος.
3379 3115 3441 3168 Οί
3471 3114 3701 3185 σύμμασ

2106 3217 2194 3271 χοι
2224 3199 2282 3256 δέ
2309 3201 2420 3256 τῶν
2457 3202 2838 3274 ’Δμμανιτῶν,
2871 3204 3036 3276 Σύροι
3086 3207 3240 3270 δντες
3272 3207 3338 3260 ἐκ
3370 3207 3701 3262 Μεσοποτα-

2110 3293 2263 3363 μίας,
2314 3294 2543 3359 ἐαυτοὺς
2580 3294 2908 3368 παρέδωκαν
2958 3297 3037 3368 τῷ
3093 3299 3282 3354 Δαϐίδ.
3325 3295 3494 3364 Αὖθις
3521 3300 3579 3354 δὲ
3605 3302 3702 3356 τὸν

2123 3387 2282 3442 Ἰωὰϐ
2306 3389 2632 3460 ἐκπέπομφε
2661 3391 2802 3444 κατὰ
2822 3390 2933 3445 τῶν
2951 3391 3328 3464 Ἀμμανιτῶν,
3354 3394 3414 3460 δς
3443 3395 3701 3464 συγκλεί-

2110 3497 2209 3546 σας
2239 3483 2437 3546 αὐτοὺς
2481 3484 2564 3547 είς
2596 3483 2697 3553 τὴν
2728 3483 2830 3554 τῆς
2880 3483 3068 3556 χώρας
3099 3486 3280 3540 αὐτῶν
3330 3489 3699 3560 μητρόπολιν,

2108 3575 2441 3646 ἐπολιόρκει.
2493 3575 2660 3630 Δαϐὶε
2711 3576 2770 3630 δέ
2804 3577 2862 3630 ἐν
2909 3577 3310 3651 Ἰεροσολύμοις
3345 3582 3572 3651 διάγων,
3601 3583 3702 3639 καὶ⁵

2106 3665 2172 3718 ἐκ
2202 3665 2311 3719 τῶν
2359 3665 2648 3736 βασιλείων
2680 3667 2806 3724 ἰδὼν
2836 3671 3072 3738 γυναῖκα
3118 3673 3241 3725 κατ’
3287 3671 3434 3726 οῐκον
3463 3673 3702 3746 λουομέ-

2107 3773 2225 3827 νην,
2261 3757 2546 3830 Βηρσαϐεέ
2578 3760 2945 3832 καλουμένην,
2981 3763 3198 3833 ἠράσθη
3231 3765 3424 3835 αὐτῆς.
3458 3767 3568 3820 Καὶ
3595 3784 3700 3838 με·

2104 3852 2532 3924 ταστειλάμενος
2557 3853 2658 3924 τὴν
2683 3857 2936 3924 γυναῖκα,
2969 3856 3135 3928 ἐμίγη
3161 3858 3323 3930 αὐτῇ.
3351 3859 3699 3916 Συλλαϐοῠσα

2105 3943 2184 4006 δὲ,
2215 3944 2294 4015 τῷ
2325 3943 2540 4016 βασιλεῖ
2584 3945 2645 3999 τὸ
2678 3949 2912 4018 πρᾶγμα
2945 3948 3239 4020 ἐδήλωσεν.
3302 3950 3360 4004 '0
3392 3950 3451 4004 δέ
3485 3951 3576 4006 τὸν
3601 3953 3703 4007 άν-

2104 4037 2205 4108 δρα
2239 4038 2410 4108 αὐτῆς
2442 4040 2506 4092 ἐκ
2528 4039 2626 4108 τῆς
2659 4039 2978 4111 πολιορκίας
3002 4041 3286 4108 ἐκάλεσεν,
3319 4044 3526 4116 Οὐρίαν
3557 4045 3700 4100 ὠνο-

2109 4131 2412 4201 μασμένον.
2439 4132 2549 4186 Καὶ
2577 4133 2862 4204 ἐρωτήσας
2897 4135 3027 4207 περὶ
3074 4135 3177 4206 τῆς
3207 4139 3490 4208 στρατιᾶς,
3514 4139 3609 4193 καὶ
3633 4141 3701 4196 ἐκ

2106 4220 2200 4274 τοῦ
2228 4221 2450 4276 δείπνου
2501 4223 2652 4294 αὐτῷ
2699 4226 3024 4296 παρασχὼν,
3075 4229 3157 4292 είς
3200 4228 3294 4282 τὸν
3328 4225 3478 4285 οἷκον
3528 4232 3697 4286 αὐτοῦ

2106 4314 2396 4368 ἐκέλευσεν
2430 4315 2711 4373 ἀπελθεῖν.
2763 4317 2823 4372 '0
2869 4317 2926 4372 δὲ
2955 4319 3057 4374 οὐκ
3085 4319 3298 4390 ἀπῆλθε
3319 4337 3333 4354 ’
3369 4321 3446 4394 μὴ
3486 4323 3700 4378 δίκαιον

2106 4400 2248 4486 εἶναι
2283 4407 2484 4476 φήσας,
2515 4407 2607 4460 τὸν
2635 4411 2946 4482 στρατηγὸν
2982 4410 3080 4465 καὶ
3124 4412 3250 4476 τοὺς
3279 4415 3699 4484 συστρατιώτας

2104 4496 2574 4568 ταλαιπωρεῖσθαι
2605 4500 2663 4552 ἐν
2689 4503 2756 4571 τῇ
2785 4503 3131 4574 παρεμϐολῇ,
3161 4504 3323 4557 αὐτὸν
3349 4505 3406 4558 δέ
3436 4507 3578 4576 μετὰ
3597 4507 3699 4577 τῆς

2103 4589 2362 4657 γυναικὸς
2416 4593 2864 4658 συνευνάζεσθαι.
2924 4590 3095 4650 Πάλιν
3145 4597 3202 4651 δὲ
3259 4597 3354 4653 τοῦ
3424 4599 3697 4669 βασιλέως

2103 4686 2552 4756 προτρεπομένου
2619 4688 2783 4741 αὐτὸν
2818 4689 3003 4744 οἶκαδε
3053 4689 3331 4758 ἀπελθεῖν,
3374 4692 3470 4745 καὶ
3511 4692 3694 4759 δεξιω-

2105 4775 2344 4845 σαμένου
2372 4778 2538 4832 αὐτὸν
2565 4780 2922 4850 προπόσεσιν,
2961 4782 3037 4846 ὡς
3073 4785 3166 4836 καὶ
3193 4786 3274 4847 είς
3304 4785 3477 4855 μέθην
3505 4786 3695 4855 σχεδον

2105 4867 2476 4938 προαχθῆναι,
2512 4869 2724 4935 ἐκεῖνος
2759 4871 2865 4942 πρὸ
2890 4871 3000 4926 τῶν
3037 4873 3218 4944 θυρῶν
3247 4875 3359 4928 τῶν
3399 4875 3694 4946 βασιλείων

2103 4957 2460 5028 κατέδαρθεν.
2493 4959 2846 5016 ’Δπέστειλεν
2900 4963 2995 5018 οὖν
3023 4965 3188 5019 πάλιν
3240 4969 3321 5029 είς
3364 4967 3427 5020 τὺ
3459 4967 3692 5039 στρατό-

2102 5050 2264 5105 πεδον
2312 5053 2406 5105 τὸν
2453 5051 2658 5123 Οὐρίαν
2711 5056 2738 5107 6
2795 5054 3074 5125 βασιλεὺς,
3132 5057 3228 5112 καὶ
3289 5059 3507 5130 γραφὴν
3541 5059 3693 5132 αὐτῷ

2101 5143 2396 5216 ἐγχειρίζει
2422 5146 2560 5217 πρὸς
2583 5145 2767 5213 Ίωὰϐ,
2809 5147 3202 5219 ἐντελλομένην
3217 5149 3414 5220 στῆσαι
3452 5151 3544 5205 τὸν
3583 5153 3691 5206 Οὐ-

2104 5236 2249 5308 ρίαν,
2279 5237 2408 5294 ἔνθα
2440 5240 2548 5293 τῶν
2579 5240 2856 5312 πολεμίων
2882 5239 2944 5294 τδ
2967 5240 3416 5312 δυσμαχώτατον,
3446 5246 3540 5296 καὶ
3562 5245 3694 5298 ἁπο-

2105 5330 2414 5402 στραφῆναι
2440 5334 2566 5396 τοὺς
2597 5335 2695 5387 σὺν
2725 5333 2897 5404 αὐτῷ,
2941 5335 3104 5405 μόνον
3149 5335 3410 5398 λιπόντας
3451 5337 3590 5400 ἐκεῖ,
3619 5338 3689 5391 ἶν’

2101 5423 2276 5486 οὕτως
2304 5426 2587 5497 ἀναιρεθῇ.
2638 5428 2748 5482 Καὶ
2783 5428 2977 5497 γέγονε
3009 5430 3154 5483 κατὰ
3201 5429 3262 5483 τὸ
3289 5428 3385 5482 τοῦ
3421 5429 3691 5500 βασιλέως
3805 5443 3816 5448 “

2103 5517 2386 5587 ἐπίταγμα
2413 5536 2428 5552 ’
2460 5520 2555 5573 καὶ
2582 5523 2610 5574 6
2646 5520 2853 5592 Οὐρίας
2885 5521 3178 5576 ἀπέθανεν.
3225 5523 3288 5576 Ἦ
3312 5522 3369 5576 δέ
3409 5523 3549 5594 γυνὴ
3589 5523 3690 5576 αὐ-

2101 5607 2196 5662 τοῦ
2252 5610 2556 5682 ἐπένθησεν
2609 5611 2808 5683 ἐπὶτῷ
2861 5614 3040 5685 ἀνδρί.
3092 5613 3463 5684 Παυσαμένην
3505 5615 3562 5668 δέ
3591 5616 3686 5670 τοῦ

2101 5700 2356 5766 πένθους,
2403 5704 2433 5755 6
2475 5703 2641 5757 Aa6‘t6
2698 5705 2894 5758 ἔλαϐεν
2926 5705 3098 5776 αὐτὴν
3143 5708 3224 5770 είς
3277 5708 3554 5774 γυναῖκα’
3591 5724 3688 5760 κα.

2101 5791 2289 5846 ἔτεκεν
2323 5795 2470 5865 αὐτῷ
2511 5797 2644 5851 υἱόν.
2699 5798 2757 5851 Ὀ
2778 5798 2832 5851 δὲ
2857 5798 2988 5861 Θεὸς
3011 5799 3284 5868 ὠργίσθη,
3312 5798 3408 5851 καὶ
3439 5798 3532 5851 τὸν
3569 5800 3684 5853 N6-

2107 5883 2206 5942 οαν
2261 5885 2468 5943 ἔστειλε
2501 5888 2638 5960 πρὸς
2692 5890 2977 5968 ΔαϐίδηὊ
3015 5890 3092 5957 δὲ,
3141 5891 3276 5958 πρὸς
3314 5889 3407 5945 τὸν
3461 5889 3687 5944 Βασιλέα
