4098 6406
328 350 416 412 15⁸)

1607 360 2017 426 ANNALIUM
2062 368 2213 432 LlB.
2258 370 2346 431 Il.

3481 372 3588 440 151

319 461 491 528 ἐλθὼν,
512 458 618 534 ἔφη
639 477 656 493 ο
685 460 804 518 Δύο
819 456 984 534 ἦσαν
1005 461 1244 534 ἇνδρες,
1268 465 1302 520 ό
1323 466 1442 536 μὲν
1463 465 1624 539 ἔχων
1644 470 1876 540 ποίμνια

1996 477 2109 532 Deo
2137 493 2267 534 cum
2293 480 2486 536 dolore
2519 481 2814 538 exclamat.
2840 481 3055 540 Natban
3080 499 3232 551 vero,
3256 485 3431 542 Deum
3461 489 3585 560 ejus

317 558 400 612 καί
420 556 738 624 βουκόλια,
776 559 810 611 ὀ
847 555 918 610 δὲ
939 558 1090 627 μίαν
1114 557 1355 628 ἀμνάδα
1378 559 1691 628 ἐκέκτητο.
1720 563 1888 617 Ξενι-

314 652 543 716 σθέντος
572 648 641 704 δέ
663 665 828 716 τινος
859 650 940 716 τῷ
967 652 1266 717 πλουσίῳ,
1284 654 1396 708 οὐκ
1419 653 1487 707 ἐκ
1512 653 1634 707 τῶν
1657 655 1889 708 οἰκείων

312 743 534 805 ἔθυσεν,
569 741 732 796 ἀλλὰ
765 742 884 810 τὴν
898 743 1043 811 μίαν
1071 743 1275 797 λαϐὼν
1295 744 1536 814 ἀμνάδα
1561 744 1670 799 τοῦ
1700 759 1888 814 πενη-

313 849 420 898 τος,
447 831 701 902 ἔσφαξε,
745 833 844 887 καί
873 834 979 887 τὸν
1006 834 1192 903 φίλον
1223 837 1559 890 εἱστίασεν.
1597 839 1704 892 Καὶ
1727 841 1756 892 6
1781 841 1889 891 Δα-

313 923 389 977 ϐὶδ
412 923 498 978 τὸν
525 924 686 977 τοῦτο
717 927 1024 996 ποιήσαντα
1052 926 1154 997 τὴν
1183 926 1286 997 μὲν
1333 927 1548 998 ἀμνάδα
1575 931 1656 992 εἰς
1689 946 1888 1000 τετρα-

312 1017 461 1072 πλοῦν
491 1018 814 1084 ἀποδοῦναι,
844 1021 1052 1073 ἐκεῖνον
1079 1019 1135 1073 δὲ
1170 1019 1353 1073 θανεῖν
1385 1021 1736 1078 κατεδίκασε.
1771 1023 1888 1079 Νά-

314 1110 401 1164 θαν
419 1110 491 1174 δέ,
513 1109 656 1165 Καθ’
678 1111 900 1166 ἑαυτοῦ
926 1118 1042 1180 τὴν
1061 1112 1296 1182 ψῆφον,
1313 1110 1493 1182 εἶπεν,
1525 1115 1884 1186 ἐξήνεγκας,

305 1198 348 1259 ὦ
372 1204 640 1262 βασιλεῦ.
707 1204 792 1260 Σὺ
832 1205 940 1276 γὰρ
972 1200 1030 1259 εἴ
1063 1208 1097 1259 ό
1159 1206 1556 1276 εἰργασμένος
1593 1208 1762 1264 τουτί
1816 1210 1883 1264 τὸ

305 1299 591 1368 ἁνόμημα.
625 1300 738 1354 Καὶ
766 1300 868 1371 τὴν
911 1300 1162 1371 μοιχείαν
1217 1301 1389 1372 αὐτῷ,
1433 1303 1529 1357 καὶ
1579 1303 1670 1357 τὸν
1723 1302 1885 1374 φόνον

305 1395 575 1462 κατέλεγε,
628 1394 727 1449 καὶ
755 1396 856 1466 τὴν
899 1394 987 1448 διὰ
1023 1395 1200 1449 ταῦτα
1253 1395 1426 1468 ὀργὴν
1454 1395 1550 1451 τοῦ
1595 1397 1754 1462 Θεοῦ,
1788 1397 1886 1451 καὶ

302 1486 394 1541 ὅσα
427 1487 675 1540 πείσεται
729 1487 1189 1558 προκατήγγειλε,
1242 1489 1528 1544 θανεῖσθαι
1559 1489 1618 1544 δὲ
1670 1490 1764 1544 καὶ
1793 1491 1886 1545 τὸν

305 1580 411 1633 υίδν
431 1579 524 1633 τὸν
547 1579 614 1634 ἐκ
639 1581 738 1650 τῆς
774 1582 1026 1652 μοιχείας
1055 1581 1204 1652 αὐτῷ
1230 1581 1582 1654 γεννηθέντα.
1616 1582 1678 1638 '0
1696 1583 1752 1637 δέ
1783 1585 1888 1637 Δα-

301 1671 396 1737 ϐὶδ,
438 1673 772 1745 Ἦμάρτηκα
820 1673 899 1745 τῷ
953 1673 1164 1746 Κυρίῳ,
1217 1675 1546 1746 περιπαθῶς
1595 1676 1883 1748 ἀνεϐόησε.

1991 579 2280 640 peccatum
2321 574 2390 628 ab
2443 573 2537 628 illo
2571 575 2872 630 removisse
2913 576 3230 646 respondet.
3286 578 3415 634 Post
3467 579 3585 636 haec

1989 672 2154 719 natus
2171 681 2236 720 ex
2258 665 2499 722 Bersabe
2524 667 2670 722 [ilius
2690 677 2952 736 mgrotat:
2978 669 3148 723 David
3175 685 3371 741 magno
3392 671 3584 728 dolore

1989 756 2243 820 allectus,
2269 758 2336 812 ad
2368 759 2666 830 septimum
2695 761 2843 816 diem
2870 762 2997 817 cibo
3027 762 3291 828 abstinet,
3322 765 3582 836 pullaque

1989 859 2144 907 veste
2185 849 2436 918 indutus,
2467 861 2524 908 et
2568 853 2624 908 iu
2671 869 2836 910 sacco
2882 855 3096 926 jacens,
3135 857 3305 911 Deum
3336 873 3438 928 pro
3467 859 3580 914 vita

1988 942 2144 1012 pueri
2177 943 2529 1014 deprecatur.
2561 944 2815 1016 Septimo
2856 947 2945 1001 die
2979 962 3118 1017 puer
3146 948 3388 1003 moritur
3417 967 3432 1005 :
3469 965 3581 1020 quo

1989 1035 2082 1090 ille
2120 1036 2345 1108 cognito
2378 1037 2572 1110 surgit,
2598 1037 2766 1105 lavat,
2795 1049 2948 1095 veste
2987 1049 3197 1096 mutata
3222 1041 3428 1111 gratias
3465 1043 3577 1098 Deo

1987 1127 2120 1200 agit,
2153 1139 2210 1185 et
2243 1145 2490 1186 mensam
2527 1132 2709 1201 parari
2753 1132 2860 1188 sibi
2884 1131 3064 1201 jubet.
3099 1133 3232 1200 Quae
3266 1134 3434 1202 regiis
3475 1135 3582 1190 mi-

1988 1221 2181 1277 nistris
2205 1222 2628 1289 admirantibus,
2656 1223 2828 1280 David
2858 1245 2870 1280 :
2922 1223 3157 1292 Vivente,
3182 1227 3384 1296 inquit,
3415 1243 3579 1298 puero

1985 1330 2131 1385 spem
2179 1315 2436 1370 habebam
2485 1317 2742 1372 σπου-αγιάὶ
2801 1317 2916 1383 Dei,
2974 1333 3160 1388 meque
3211 1316 3467 1372 humilem
3516 1334 3580 1372 ac

1984 1405 2274 1479 supplicem
2318 1412 2642 1478 praebebam.
2686 1407 2846 1464 Nunc
2877 1409 2971 1464 illo
3004 1418 3232 1476 mortuo,
3263 1419 3312 1464 et
3355 1426 3572 1475 maeror,

1989 1508 2040 1553 et
2070 1516 2250 1570 preces
2283 1517 2381 1570 pro
2425 1500 2519 1555 illo
2553 1502 2750 1572 fuerint
2791 1503 2972 1560 irrita.
3004 1501 3112 1558 Sed
3140 1501 3374 1558 Bersabe
3408 1501 3579 1556 alium

1985 1590 2187 1646 Davidi
2223 1592 2331 1663 75
2379 1592 2553 1648 tilium
2603 1595 2773 1664 parit,
2804 1609 2968 1664 quem
3007 1594 3357 1651 Salomonem
3391 1594 3576 1649 nomi-

1987 1683 2161 1738 navit.
2190 1683 2408 1740 lnterea
2431 1685 2640 1741 Joabus
2663 1687 3009 1742 Ammanitas
3041 1685 3098 1741 in
3121 1697 3399 1742 extremas
3429 1685 3582 1741 obsi-

300 1763 404 1817 Kal.
426 1765 453 1817 6
481 1765 696 1831 Νάθαν,
733 1766 1216 1837 ωραϐιϐασθῆναι
1259 1768 1413 1839 αύτῷ
1443 1768 1596 1840 παρὰ
1625 1769 1721 1824 τοῦ
1748 1771 1876 1825 Θεοῦ

1989 1772 2171 1829 dionis
2193 1773 2472 1845 angustias
2493 1789 2616 1832 esse
2643 1775 2917 1842 redactos,
2985 1777 3101 1848 regi
3141 1775 3438 1846 significat.
3472 1776 3580 1844 Qui

296 1856 353 1909 τὸ
383 1856 717 1928 ἁμάρτημα,
759 1855 1119 1929 ἀπεκρίνατο.
1154 1858 1366 1915 Ἐνόσει
1420 1862 1722 1933 μετέπειτα
1758 1864 1787 1916 6
1821 1865 1876 1918 ta

1987 1881 2056 1920 eo
2091 1867 2395 1938 profectus,
2436 1869 2628 1923 urbem
2665 1869 2836 1940 capit,
2887 1878 2943 1924 et
2995 1869 3267 1925 militibus
3301 1869 3578 1941 diripien-

294 1947 386 2017 τῆς
433 1948 723 2020 Βηρσαϐεέ
754 1949 1063 2020 γεννηθεὶς,
1098 1952 1195 2004 καὶ
1251 1952 1409 2023 ἤλγει
1442 1953 1650 2025 σφόδρα
1681 1953 1882 2009 Δαϐίδ-

293 2038 607 2111 ἐφ’ήμέραν
629 2057 688 2094 τε
719 2041 959 2114 ἑϐδόμην
1000 2043 1261 2107 ἀπόσιτος
1300 2041 1390 2115 ἦν,
1422 2046 1516 2098 καὶ
1550 2045 1882 2116 μελανειμο-

1985 1958 2113 2015 datu
2159 1959 2375 2015 donat:
2431 1959 2527 2016 sed
2578 1976 2844 2016 coronam
2890 1962 3035 2032 regis
3086 1978 3338 2028 auream,
3384 1964 3579 2020 talenti

1982 2051 2257 2122 pondere,
2295 2069 2512 2125 gemma
2549 2054 2794 2126 pretiosa
2837 2056 3148 2126 praeditam,
3187 2055 3304 2126 ipse
3349 2064 3575 2127 gestan—

291 2137 468 2203 νήσας,
491 2135 594 2188 καὶ⁵
625 2136 719 2188 ἐπὶ
750 2135 961 2190 σάκκου
999 2134 1206 2202 πεσὼν,
1239 2138 1423 2193 ἐδέετο
1458 2138 1554 2193 τοῦ
1575 2139 1714 2194 Θεοῦ
1740 2141 1876 2212 ὑπὲρ

1980 2145 2108 2200 dam
2145 2145 2250 2202 sibi
2287 2146 2477 2215 sumit,
2529 2148 2798 2204 urbanam
2848 2147 3259 2204 multitudinem
3309 2149 3574 2215 trucidat,

289 2224 380 2295 τῆς
419 2224 574 2296 ζωῆς
612 2227 707 2282 τοῦ
733 2228 945 2292 παιδός.
979 2229 1023 2282 Τ
1025 2232 1058 2300 ᾗ
1088 2229 1146 2283 δέ
1190 2231 1398 2304 ἐϐδόμῃ
1423 2231 1690 2304 τέθνηκεν
1715 2233 1743 2288 ό
1777 2235 1876 2305 μὲν

1983 2236 2222 2309 aliisque
2257 2238 2479 2309 oppidis
2530 2239 2728 2295 eodem
2779 2241 2946 2295 modo
2996 2239 3267 2306 tractatis,
3314 2239 3580 2297 Hieroso-

287 2321 438 2383 παῖς·
468 2318 638 2384 αὐτὸς
672 2320 754 2387 δὲ,
791 2321 952 2376 τοῦτο
978 2323 1190 2392 μαθὼν,
1231 2325 1608 2394 ἐξανίσταται,
1640 2328 1738 2382 καὶ
1755 2328 1876 2382 λου-

1985 2333 2134 2404 lyma
2166 2331 2504 2403 regreditur.

288 2413 536 2483 σάμενος,
567 2415 665 2468 καὶ
694 2416 1244 2488 μεταμφιασάμενος,
1284 2417 1362 2488 τῷ
1381 2418 1500 2489 Θεῷ
1531 2420 1930 2495 ηὐχαρίστησε,
1990 2427 2088 2480 καὶ
2145 2425 2428 2496 τράπεζαν
2463 2425 2615 2497 αὐτῷ
2673 2427 3067 2500 ἐτοιμασθῆναι
3095 2430 3403 2486 ἐκέλευσεν.
3487 2428 3578 2494 Ὠς

284 2509 325 2562 δ’
348 2509 662 2582 ἐθαύμαζον
713 2513 809 2566 ἐπὶ
849 2515 961 2574 τοῖς
999 2515 1321 2586 γενομένοις
1364 2515 1416 2570 oi
1461 2515 1558 2570 τοῦ
1599 2516 1871 2588 βασιλέως
1911 2518 2266 2589 θεράποντες,
2339 2522 2549 2585 ἐκεῖνος
2585 2522 2705 2592 μὲν,
2741 2522 2873 2576 Ἔτι
2902 2521 3121 2589 ζῶντος
3187 2523 3297 2578 τοῦ
3337 2523 3577 2588 παιδός.

284 2603 446 2673 εἶπεν,
471 2608 737 2672 ἐλπίζων
785 2611 1372 2682 παρακληθήσεσθαι
1399 2612 1510 2669 τὸν
1566 2605 1740 2680 Θεὸν,
1766 2615 2128 2673 ἐταπείνουν
2199 2617 2424 2673 ἑαυτὸν
2482 2617 2580 2672 καί
2614 2617 2906 2673 ἱκέτευον.
2977 2618 3130 2687 Ἤδη
3162 2619 3232 2672 δὲ
3258 2620 3572 2686 θανόντος,

281 2707 361 2770 είς
375 2704 581 2772 μάτην
626 2704 744 2773 τὴν
788 2705 1000 2772 λύπην
1043 2706 1142 2760 καί
1168 2707 1286 2775 τὴν
1310 2705 1448 2776 περὶ
1504 2707 1746 2766 ἐκείνου
1807 2711 2083 2783 τίνεσθαι
2155 2711 2396 2781 δέησιν.
2440 2711 2564 2765 Ἔτι
2615 2710 2674 2765 δέ
2732 2711 2887 2767 ἐτεκε
2942 2710 3228 2781 Βηρσαϐεέ
3266 2710 3344 2783 τῷ
3409 2713 3575 2767 Δαϐὶδ

282 2801 409 2864 υίὸν,
435 2802 532 2855 καὶ
566 2799 835 2855 ἐκάλεσεν
862 2801 1026 2856 αὐτὸν
1071 2801 1423 2872 Σολομῶντα.
1486 2805 1646 2860 Ἰωὰϐ
1681 2807 1761 2874 δέ,
1805 2809 2114 2882 πολιορκῶν
2144 2809 2274 2874 τοὺς
2333 2807 2701 2880 Ἀμμανίτας,
2748 2807 2810 2861 ἐν
2845 2805 3019 2877 στενῷ
3046 2806 3246 2878 κομιδῇ
3273 2805 3373 2878 τὴν
3425 2806 3572 2862 ἅλω-

280 2917 406 2954 ωσιν
431 2894 549 2973 εῐχε
575 2899 678 2972 τῆς
714 2898 946 2966 πόλεως,
973 2899 1071 2954 καὶ
1109 2901 1262 2972 δηλοῖ
1324 2901 1487 2957 τοῦτο
1512 2903 1592 2975 τῷ
1639 2903 1872 2974 βασιλεῖ.
1925 2905 1988 2959 Ὃ
2041 2907 2100 2961 δὲ
2160 2905 2404 2978 ἀπῆλθεν
2469 2905 2609 2970 ἐκεῖ,
2663 2903 2760 2958 καὶ
2797 2901 2897 2975 τὴν
2955 2901 3114 2956 πόλιν
3143 2901 3445 2974 παρέλαϐε,
3477 2907 3575 2959 καὶ

279 2997 353 3060 είς
375 2995 692 3070 διαρπαγὴν
722 2999 790 3069 τῇ
824 3000 1058 3070 στρατιᾷ
1085 2999 1300 3070 ἀφῆκεν
1321 2998 1516 3069 αὑτήν.
1557 2997 1742 3052 Τὸνδέ
1770 2997 1866 3052 τοῦ
1905 2999 2174 3072 βασιλέως
2239 2999 2412 3070 αὐτῆς
2456 3001 2721 3072 στέφανον
2781 2999 2944 3064 αὐτὸς
3003 3000 3186 3056 λαϐὼν
3235 2999 3443 3070 ἐφόρει,
3485 2998 3576 3052 ἐλο-

278 3108 436 3145 κοντα
467 3091 703 3164 χρυσίου
733 3092 1028 3157 τόιλαντον,
1066 3093 1163 3146 καὶ
1183 3090 1342 3145 λίθον
1393 3090 1590 3161 ἔχοντα
1621 3091 1731 3146 τῶν
1765 3091 2106 3163 πολυτίμων.
2177 3091 2251 3147 Τδ
2315 3091 2375 3147 δὲ
2438 3093 2541 3164 τῆς
2575 3092 2786 3157 πόλεως
2829 3092 3036 3164 πλῆθος
3063 3092 3402 3166 διέφθειραν.
3459 3093 3574 3148 Οὖ-

275 3207 380 3254 τως
416 3188 473 3244 δὲ
500 3188 603 3243 καὶ
621 3191 744 3253 ταῖς
767 3189 960 3254 ἄλλαις
988 3189 1178 3245 πόλεσι
1216 3188 1492 3258 πεποίηκε
1523 3190 1633 3244 τῶν
1655 3188 2017 3261 Ἀμμανιτῶν
2039 3205 2055 3222 ⁶
2094 3187 2190 3246 καὶ
2215 3191 2296 3254 είς
2331 3189 3100 3262 Ἱερουσαλὴμέπανέζευξεν.

345 3283 418 3337 Δ’.
449 3277 564 3335 Ἦν
587 3280 649 3334 δὲ
674 3280 754 3350 τῷ
785 3280 954 3336 Δαϐὶό
979 3281 1233 3352 θυγάτηρ
1250 3281 1451 3352 Θαμαρ
1473 3279 1869 3352 ὠνομασμένη,

2051 3282 2143 3338 IV.
2199 3281 2452 3338 Habebat
2507 3291 2692 3339 autem
2751 3284 2926 3340 David
2994 3283 3163 3339 ﬁliam
3214 3283 3570 3344 Thamarem.

275 3373 614 3445 ὁμομήτριος
665 3373 878 3445 ἀδελφὴ
933 3373 1014 3446 τῷ
1076 3373 1420 3443 Ἀϐεσαλώμ.
1479 3373 1703 3444 Ταύτης
1763 3374 1873 3446 ἦρα

288 3465 499 3537 ⁸Αμνὼν
530 3470 560 3522 6
594 3465 950 3539 πρωτότοκος
983 3466 1100 3531 υίὸς
1125 3466 1218 3520 τοῦ
1240 3467 1426 3522 Δαϐίδ.
1461 3467 1572 3521 Καὶ
1593 3463 1662 3538 ἦν
1686 3469 1713 3521 6
1731 3466 1875 3539 ἔρως

276 3559 460 3626 πολὺς,
522 3561 605 3624 ὼς
643 3561 741 3614 καὶ
763 3561 992 3633 νοσῆσαι
1019 3561 1114 3615 τὸν
1143 3561 1379 3631 ἐρῶντα.
1423 3560 1788 3631 Ἀφικομένου
1816 3560 1874 3615 δὲ

276 3652 363 3704 τοῦ
390 3652 607 3724 πατρὸς
649 3651 787 3724 πρὸς
838 3652 1132 3722 ἐπίσκεψιν
1163 3653 1332 3708 αὑτοῦ
1356 3693 1372 3719 ,
1436 3653 1669 3725 ἠξίωσεν
1708 3652 1873 3707 αὑτὸν

278 3744 693 3816 παραγενέσθαι
750 3744 852 3816 τὴν
908 3745 1109 3816 Θάμαρ
1155 3745 1236 3810 είς
1286 3745 1596 3818 ὑπηρεσίαν
1628 3745 1816 3811 αὑτοῦ,
1844 3748 1873 3800 6

278 3837 332 3891 δὲ
353 3836 710 3893 κατένευσεν.
749 3831 930 3891 Ἧκεν
973 3833 1132 3908 οὖνὴ
1181 3837 1402 3910 Θάμαρ,
1436 3839 1532 3892 καὶ
1570 3838 1873 3910 ἡτοίμασεν

275 3929 420 4001 αὐτῷ
443 3929 796 4000 κολλυρίδας.
845 3930 906 3982 '0
929 3929 987 3983 δὲ
1035 3929 1249 3994 πάντας
1276 3929 1578 4001 ἐξέπεμψε,
1617 3930 1788 4002 μόνην
1814 3930 1873 3984 δὲ

275 4023 371 4092 τὴν
407 4023 660 4092 ἀδελφὴν
719 4022 1179 4095 ὐπηρετήσασθαι
1238 4022 1397 4093 ἠξίου
1437 4021 1610 4093 αὐτῷ.
1651 4022 1764 4093 Τῆς
1813 4022 1872 4076 δὲ

276 4113 444 4184 κόρης
483 4114 663 4186 μόνης
695 4113 1168 4186 περιλειφθείσης,
1229 4113 1478 4184 βιάζεται
1517 4111 1708 4184 αὑτήν.
1759 4111 1874 4168 Καὶ

275 4206 615 4280 διακορήσας
675 4206 872 4278 αὐτὴν,
934 4208 1094 4278 μῖσος
1129 4206 1330 4261 αὐτίκα
1382 4207 1544 4278 ἔσχεν
1588 4207 1872 4262 ἀντίθετον

277 4298 368 4354 τοῦ
397 4301 532 4371 πρὶν
565 4299 799 4370 ἔρωτος.
831 4298 941 4352 Καὶ
993 4298 1218 4353 ἀπιέναι
1245 4299 1594 4370 παραχρῆμα
1623 4299 1871 4365 ἐκέλευε,

276 4393 366 4445 καὶ
416 4391 644 4446 κελεύει
669 4390 747 4461 τῷ
793 4389 979 4463 οἰκέτῃ
1004 4389 1178 4462 αὐτὴν
1227 4389 1506 4445 ἐκϐαλεῖν.
1548 4390 1762 4463 Ἐκείνη
1788 4393 1869 4461 δέ,

273 4483 356 4540 διά
389 4503 450 4539 τε
484 4483 591 4557 τὴν
632 4483 757 4555 βίαν
785 4485 880 4538 καὶ
903 4484 1004 4555 τὴν
1034 4483 1193 4556 ὕϐριν
1232 4482 1682 4556 περιαλγήσασα,
1710 4485 1870 4558 διαρ-

276 4578 502 4648 ρήγνυσι
554 4577 654 4631 τὸν
686 4575 912 4647 χιτῶνα,
945 4577 1038 4630 καὶ
1069 4577 1222 4630 κόνιν
1256 4576 1734 4648 κατασπασαμένη
1769 4577 1869 4645 τῆς

1977 3378 2254 3432 uterinam
2300 3375 2598 3433 Absalonis
2645 3391 2919 3434 sororem.
2974 3378 3109 3433 Eam
3166 3377 3574 3449 primogenitus

1975 3467 2204 3524 Davidis
2235 3467 2383 3523 ﬁlius
2413 3468 2629 3524 Amnon
2665 3469 3028 3526 vehementer
3060 3469 3375 3540 deperibat,
3427 3469 3569 3525 adeo

1977 3569 2038 3616 ut
2067 3575 2135 3615 ex
2162 3574 2351 3615 amore
2387 3560 2441 3614 in
2477 3560 2733 3617 morbum
2785 3560 3076 3617 incideret.
3129 3561 3566 3617 Decumbentem

1974 3659 2134 3722 pater
2180 3651 2372 3706 invisit
2407 3667 2420 3706 :
2455 3661 2580 3708 orat
2621 3652 2715 3708 ille
2747 3660 2809 3707 ut
2838 3652 3169 3708 Thamarem
3211 3652 3419 3719 mittat,
3459 3668 3571 3723 quo

1949 3742 2092 3817 {sibi
2129 3741 2430 3798 ministret.
2479 3742 2690 3798 Annuit
2734 3752 2893 3814 pater
2940 3760 2954 3797 :
2992 3743 3145 3798 venit
3190 3744 3398 3814 puella,
3450 3744 3569 3814 pla-

1975 3842 2166 3890 centas
2190 3833 2240 3889 ei
2275 3843 2458 3904 parat.
2479 3835 2698 3890 Amnon
2725 3850 2918 3890 omnes
2945 3835 3234 3890 discedere
3266 3835 3449 3906 jubet,
3474 3850 3568 3890 so-

1973 3927 2194 4001 lamque
2231 3942 2478 3982 sororem
2515 3928 2621 3984 sibi
2661 3929 3001 3984 ministrare.
3037 3927 3176 3982 Tum
3211 3928 3448 3998 puellam
3475 3942 3570 3982 so-

1973 4019 2084 4074 lam
2115 4029 2334 4084 nactus,
2377 4019 2434 4074 vi
2478 4027 2718 4090 stuprat,
2765 4028 2823 4075 et
2868 4018 3160 4077 confestim
3211 4018 3415 4074 ardens
3468 4019 3565 4075 ille

1974 4127 2134 4168 amor
2166 4113 2222 4167 in
2258 4128 2362 4182 par
2394 4112 2586 4167 odium
2622 4113 2971 4168 convertitur
3013 4130 3028 4166 :
3079 4127 3144 4167 ac
3192 4113 3378 4168 statim
3415 4112 3566 4168 illam

1974 4203 2284 4268 discedere,
2313 4213 2368 4259 et
2396 4219 2427 4258 a
2454 4203 2662 4258 famulo
2691 4203 2817 4275 ejici
2844 4205 3024 4274 jubet.
3057 4205 3153 4260 llla
3185 4213 3242 4260 et
3284 4214 3482 4275 raptus
3507 4215 3565 4260 et

1975 4296 2327 4354 contumeliae
2387 4295 2601 4357 dolore.
2653 4295 2895 4351 tunicam
2947 4298 3176 4366 rumpit,
3232 4305 3290 4353 et
3335 4297 3565 4368 pulvere

1974 4406 2274 4463 consperso
2323 4391 2526 4462 capite,
2560 4390 2785 4462 plorans
2827 4390 2962 4446 abit.
3015 4391 3261 4447 Absalon
3309 4406 3561 4448 sororem

1974 4484 2218 4556 quietam
2249 4498 2372 4539 esse
2393 4483 2571 4554 jubet,
2603 4482 2878 4554 pertinaci
2906 4491 3100 4539 contra
3137 4485 3445 4539 Amnonem
3479 4485 3562 4541 ira

1974 4584 2236 4632 aestuans.
2265 4575 2401 4630 Nam
2435 4591 2532 4630 rex
2561 4576 2667 4631 etsi
2706 4574 2925 4632 facinus
2961 4576 3098 4632 illud
3129 4576 3321 4647 iniquo
3349 4577 3563 4634 ferebat

274 4643 536 4741 κειραλῆς,
569 4643 873 4741 ἐπορεύετο
903 4668 1202 4741 θρηνοῦσα.
1245 4667 1306 4722 '0
1345 4667 1403 4721 δὲ
1429 4643 1658 4740 ἁδελφός
1695 4643 1868 4739 αὐτῆς

1977 4669 2184 4733 animo,
2240 4669 2414 4724 tilium
2467 4677 2651 4724 tamen
2703 4668 2854 4740 quod
2915 4643 3327 4740 primogenitus
3380 4680 3558 4737 esset,

287 4761 636 4832 Ἀϐεσαλὼμ,
671 4762 946 4832 ἡσυχάσαι
977 4762 1119 4834 αὐτῇ
1155 4761 1602 4827 συνεϐούλευσεν,
1635 4761 1870 4835 ἐμηνίθη

276 4853 329 4909 δὲ
379 4854 604 4928 Ἀμνὼν
634 4855 724 4910 διὰ
767 4855 865 4927 τὴν
895 4855 1154 4928 ἀδελφήν.
1192 4855 1255 4909 '0
1281 4856 1338 4910 δὲ
1373 4855 1651 4926 βασιλεὺς,
1682 4853 1873 4925 μαθὼν

276 4946 331 4998 τὸ
360 4946 606 5018 συμϐὰν,
633 4944 835 5018 ἤχθετο
868 4945 991 5016 μὲν,
1020 4946 1264 5016 λυπῆσαι
1299 4945 1358 4999 δὲ
1389 4945 1482 5000 τὸν
1526 4944 1744 5016 Ἀμνὼν
1772 4947 1873 5000 οὐκ

277 5036 483 5109 ἤθελεν,
519 5039 608 5093 ὅτι
635 5037 981 5110 πρωτότοκος
1005 5032 1074 5110 ἦν
1097 5037 1265 5108 αὐτῷ.
1295 5037 1609 5111 Διετηρίδος
1631 5038 1688 5093 δὲ
1721 5056 1870 5110 παρα

277 5130 558 5202 ελθούσης,
593 5129 802 5202 κείρειν
850 5129 1078 5201 ἔμελλεν
1133 5128 1259 5201 ἄρτι
1289 5129 1358 5184 τὰ
1405 5130 1513 5185 ῐδια
1562 5130 1869 5202 πρόϐαταό

288 5221 638 5293 Ἀϐεσαλὼμ,
677 5223 772 5276 καὶ
803 5225 881 5287 είς
913 5223 1078 5277 πότον
1122 5221 1255 5287 τοὺς
1281 5222 1548 5293 ἀδελφοὺς
1570 5223 1865 5278 συνεκάλε-

278 5331 383 5371 σεν.
418 5315 767 5370 Ἐνετείλατο
797 5315 854 5369 δὲ
889 5319 1000 5379 τοῖς
1027 5313 1498 5387 ὑπηρετουμένοις
1523 5316 1694 5387 αὐτῷ,
1725 5333 1864 5387 προ-

1971 4761 2307 4818 contristare
2335 4761 2581 4818 nolebat.
2609 4761 2815 4834 Elapso
2846 4761 3096 4829 biennio,
3130 4776 3258 4818 suas
3280 4777 3413 4818 oves
3435 4770 3562 4818 ton-

1969 4871 2135 4912 surus
2159 4856 2424 4922 Absalon,
2465 4854 2664 4913 fratres
2701 4854 2773 4912 ad
2835 4855 3297 4912 comessationem
3351 4871 3560 4912 convo-

1968 4957 2059 5004 cat
2105 4965 2122 5005 :
2161 4948 2423 5004 mandato
2473 4949 2633 5019 prius
2676 4948 2949 5005 ministris
2997 4948 3151 5016 dato,
3201 4956 3263 5002 ut
3290 4947 3560 5020 gliscente

1969 5042 2405 5113 compotatione,
2439 5041 2748 5098 Amnonem
2799 5041 3165 5098 trucidarent.
3200 5042 3404 5098 Parent
3438 5042 3556 5109 illi;

1967 5148 2080 5204 quo
2102 5133 2225 5189 viso
2256 5133 2455 5204 reliqui
2482 5133 2619 5205 regii
2648 5133 2745 5189 filii
2774 5134 3014 5205 fugiunt,
3039 5143 3275 5205 ortoque
3306 5149 3556 5198 rumore,

1975 5239 2172 5281 omnes
2201 5240 2299 5281 eos
2329 5225 2399 5280 ab
2442 5225 2721 5281 Absalone
2773 5240 2972 5290 caesos,
3001 5225 3175 5281 David
3204 5233 3388 5282 vestes
3425 5241 3556 5282 suas

1973 5316 2204 5383 lacerat,
2236 5324 2293 5372 et
2320 5317 2474 5372 humi
2500 5327 2707 5374 stratus
2724 5319 3088 5374 lamentatur.
3117 5318 3336 5372 Interea
3364 5319 3556 5375 caeteri

276 5407 580 5482 χωροῦντος
635 5408 731 5462 τοῦ
790 5410 981 5474 πότου,
1041 5407 1283 5474 πατάξαι
1337 5409 1431 5463 τὸν
1487 5409 1726 5479 Ἀμνὼν,
1769 5409 1866 5463 καὶ

1977 5409 2220 5476 veniunt,
2261 5403 2540 5466 Amnonis‘
2566 5409 2772 5466 caedem
2807 5410 2989 5466 moesti
3015 5409 3356 5464 nuntiantes.
3374 5410 3556 5467 Absa-

278 5501 620 5556 ἀποκτεῖναι.
673 5501 787 5555 Καὶ
809 5501 1074 5572 ἐποίησαν
1129 5500 1304 5564 οὕτως
1337 5502 1384 5554 οί
1415 5502 1606 5564 παῖδες
1639 5502 1862 5558 Ἀϐεσα-

1977 5515 2048 5557 on
2080 5501 2150 5556 ad
2189 5509 2499 5557 maternum
2534 5516 2696 5556 avum
2729 5500 2918 5556 Gethae
2949 5515 3131 5571 regem
3167 5500 3437 5574 confugit,
3493 5512 3556 5560 et

278 5591 410 5660 λώμ.
441 5595 674 5658 Ἰδόντες
694 5595 750 5648 δὲ
776 5597 825 5649 οί
847 5595 1025 5649 λοιποὶ
1056 5593 1151 5648 τοῦ
1177 5594 1444 5666 βασιλέως
1485 5595 1590 5649 υίοὶ
1621 5595 1680 5650 τὸ
1707 5599 1862 5666 γενό-

1961 5598 2270 5654 triennium
2302 5597 2380 5653 ibi
2425 5605 2823 5653 commoratur.
2867 5596 3032 5668 Regis
3083 5598 3164 5653 ira
3197 5599 3376 5670 spatio
3409 5608 3553 5656 tem-

282 5703 453 5756 μενον,
486 5688 714 5758 ἔφυγον.
765 5689 961 5760 Φήμης
1011 5689 1069 5742 δὲ
1103 5688 1496 5760 προελθούσης,
1534 5689 1610 5754 ῶς
1649 5690 1860 5744 ἔκτεινε

1977 5693 2114 5746 toris
2159 5691 2325 5762 paulo
2367 5689 2684 5745 remissiore
2713 5688 2875 5756 facta,
2921 5689 3130 5747 Joabus
3160 5692 3422 5749 Absaloni
3453 5709 3550 5750 re-

280 5778 479 5846 πάντας
499 5781 634 5844 τοὺς
669 5780 764 5835 τοῦ
826 5780 1093 5852 βασιλέως
1131 5783 1283 5846 υἱοὺς
1325 5781 1672 5854 Ἀϐεσαλὼμ,
1712 5784 1860 5858 διέρ-

1958 5799 2081 5855 gem
2139 5781 2460 5856 huiusmodi
2525 5792 2840 5840 commento
2909 5785 3280 5844 reconciliare
3318 5789 3540 5846 nititur.

284 5869 403 5942 ρηξε
434 5873 538 5946 τὴν
569 5875 776 5946 ἐσθῆτα
805 5875 971 5931 αὑτοῦ
993 5876 1021 5928 6
1054 5876 1240 5945 Δαϐὶδ,
1274 5877 1367 5931 καὶ
1394 5876 1592 5933 ἔπεσεν
1625 5880 1718 5933 ἐπὶ
1747 5879 1852 5950 γῆν

1977 5875 2241 5933 Subornat
2285 5875 2688 5942 mulierculam,
2743 5893 2867 5950 qua:
2893 5879 3114 5952 lugubri
3142 5881 3326 5952 specie
3355 5897 3539 5951 regem
