4098 6398
495 352 600 408 15:)
1801 337 2127 401 JOANNIS
2166 336 2490 398 ZONAR.-E
3656 332 3756 400 156

490 463 672 526 adeat.
704 450 1072 532 conquerens,
1108 457 1250 518 duos
1279 459 1386 518 sibi
1429 458 1602 516 fuisse
1639 459 1804 524 ﬁlios,
1830 471 2072 529 quorum

2190 457 2415 528 δρηνῶν,
2450 454 2541 508 Ἐν
2569 453 2809 525 τοσούτῳ
2841 453 2886 507 δ’
2912 450 3115 523 ﬂuctv
3140 453 3190 507 οί
3211 452 3308 506 τοῦ
3341 451 3609 524 βασιλέως
3637 454 3767 522 υἱοὶ,

492 569 638 610 unus
665 553 898 608 alterum
929 551 1219 608 occiderit.
1247 550 1408 607 Nunc
1427 559 1690 623 cognatos
1721 549 2076 621 superstitem

2190 551 2274 605 καὶ
2310 551 2406 604 τὸν
2433 549 2596 620 φόνον
2641 547 2737 601 τοῦ
2771 547 2987 617 ’Δμνὼν
3019 545 3350 612 πενθοῦντες
3401 546 3768 616 ἀπήγγειλαν.

490 645 559 700 ad
593 643 800 700 caedem
829 657 1101 714 quaerere,
1143 642 1216 698 ob
1261 642 1620 714 parricidium
1652 660 1666 696 :
1699 655 1863 696 orare
1909 639 2076 711 igitur

2193 641 2512 712 Ἀϐεσαλὼμ
2531 641 2588 694 δὲ
2619 640 2832 710 ἀπέδρα
2861 639 3000 710 πρὸς
3021 639 3111 692 τὸν
3129 637 3358 693 πάππον
3384 638 3478 693 τδν
3499 639 3639 710 πρὸς
3661 657 3769 710 μη-

493 752 705 807 regcm,
729 745 799 801 ut
813 737 1044 791 salutem
1075 734 1174 790 ﬁlii
1200 735 1304 790 sibi
1338 735 1632 790 condonet.
1663 735 1757 788 Illa
1789 734 1906 788 haec
1931 731 2077 802 apud

2190 737 2325 808 πρὸς,
2385 735 2478 789 τὸν
2535 733 2763 803 βασιλέα
2796 732 2898 803 τῆς
2934 733 3058 798 Γὲθ,
3119 736 3212 786 καὶ
3270 732 3366 787 ἐπὶ
3411 733 3661 804 τριετίαν
3692 730 3764 805 ἦν

493 843 680 898 regem
710 842 974 896 perquam
1001 826 1254 882 dolenter
1280 829 1526 896 exponit.
1564 827 1678 880 Rex
1706 825 1800 879 filii
1843 826 2077 880 salutem

2190 831 2382 899 Βιάγων
2415 831 2549 882 ἐκεῖ.
2587 830 2699 898 Τῆς
2729 827 2901 899 ὀργῆς
2933 825 2992 880 δὲ
3045 825 3125 896 τῷ
3180 825 3358 896 χρόνῳ
3407 825 3770 896 humum“

493 918 572 972 illi
605 933 664 972 se
693 917 1028 972 donaturum
1062 918 1379 987 pollicetur.
1417 917 1525 988 76
1557 915 1697 971 Tum
1729 916 1928 971 mulier
1957 931 2080 985 gra-

2190 923 2595 993 ιιαταλλαγῆναι
2647 920 2741 976 τὸν
2784 919 3013 990 βασιλέα
3043 919 3122 986 τῷ
3169 918 3496 988 Ἀϐεσαλὼμ
3531 920 3560 972 ό
3606 919 3772 972 Ἶωάϐ

495 1011 599 1065 tias
646 1009 759 1079 agit
792 1027 808 1066 :
843 1007 946 1064 Sed
988 1019 1044 1063 ut
1075 1012 1285 1080 pignus,
1332 1010 1533 1079 inquit,
1565 1009 1792 1064 habeam
1836 1008 2081 1079 promissi

2190 1015 2496 1086 ισοφίσατο.
2529 1013 2757 1067 Γύναιον
2790 1014 2900 1083 γάρ
2931 1029 2986 1066 τι
3034 1011 3481 1083 παρεσκεύασεν,
3529 1011 3606 1076 ὡς
3639 1029 3774 1066 πεν-

495 1100 572 1152 tui
599 1115 618 1153 :
648 1107 704 1152 tu
739 1100 872 1169 ipse,
921 1114 951 1152 ο
976 1115 1091 1166 rex,
1131 1101 1187 1152 in
1213 1100 1400 1171 primis
1449 1108 1540 1152 tuo
1570 1097 1685 1167 ﬁlio
1717 1096 2077 1165 reconciliare,

498 1207 666 1262 neque
687 1208 806 1246 cum
829 1193 970 1247 ccede
992 1192 1028 1260 ﬁ
1038 1192 1095 1246 lii
1121 1200 1169 1246 te
1192 1193 1353 1247 invito
1387 1193 1552 1264 facta,
1580 1191 1946 1247 voluntariam
1963 1207 2082 1245 con-

495 1284 760 1352 iunxeris.
793 1284 1198 1338 Animadvertit
1230 1300 1347 1350 rex,
1391 1291 1763 1339 commentum
1797 1299 1919 1339 esse
1950 1299 2080 1354 pre-

497 1392 591 1430 ces
641 1376 910 1440 mulieris,
951 1375 1126 1431 Joabo
1173 1387 1402 1432 auctore
1451 1377 1821 1448 excogitatum
1868 1379 2082 1448 :eique

496 1466 789 1520 Absalonis
819 1465 1117 1521 reducendi
1155 1467 1250 1521 dat
1294 1476 1644 1537 potestatem.
1678 1468 1886 1524 Joabus
1912 1469 2084 1539 igitur

497 1573 621 1612 eum
654 1557 1026 1629 Hierosolyma
1060 1559 1297 1624 reducit,
1334 1575 1399 1615 ea
1437 1570 1620 1614 tamen
1659 1560 2000 1626 conditione,
2023 1569 2083 1616 ut

496 1663 567 1703 ne
604 1649 657 1702 in
695 1660 1052 1719 conspectum
1101 1649 1284 1719 patris
1314 1650 1550 1718 veniret,
1585 1649 1766 1706 donec
1797 1651 1916 1721 ipse
1963 1659 2086 1706 tan-

498 1737 622 1793 dem
649 1753 777 1794 eum
818 1740 1207 1798 reconciliatus
1254 1748 1437 1809 vocat,
1471 1741 1604 1797 data
1655 1744 1862 1812 petenti
1896 1744 2080 1813 venia,

498 1836 555 1884 et
585 1829 865 1886 oblivione
915 1831 1134 1904 injuriae
1160 1834 1454 1903 promissa.
1483 1833 1800 1890 Restitutus
1832 1834 1887 1889 in
1935 1835 2080 1892 inte-

498 1938 656 1993 grum
684 1923 946 1992 Absalon,
975 1925 1158 1996 equis,
1187 1926 1470 1990 curribus,
1497 1933 1553 1981 et
1598 1927 1792 1983 multis
1822 1927 2084 1983 satelliti-

500 2015 607 2071 bus
632 2017 986 2086 comparatis,
1012 2018 1218 2087 regiam
1243 2017 1496 2087 quotidie
1521 2017 1873 2088 frequentat:
1905 2035 2084 2090 popu-

500 2108 728 2178 lumque
764 2107 982 2163 blandis
1011 2109 1268 2178 alloquiis
1296 2109 1594 2174 deliniens,
1624 2109 1926 2166 multorum
1959 2127 2088 2182 gra-

503 2201 636 2256 tiam
670 2200 901 2274 colligit.
936 2199 1058 2256 Jam
1088 2209 1330 2270 quatuor
1355 2201 1517 2256 annis
1553 2217 1585 2256 a
1629 2200 1813 2256 reditu
1858 2201 2085 2272 elapsis,

444 2313 452 2334 ι
503 2291 661 2362 ﬁngit
687 2307 746 2348 se
790 2292 1077 2364 religionis
1120 2308 1253 2365 ergo
1302 2294 1654 2350 Cbebronem
1706 2295 2084 2366 profecturum

503 2373 572 2438 ad
599 2384 933 2440 exsolvenda
962 2394 1091 2440 vota
1122 2391 1245 2457 quae
1289 2387 1346 2441 in
1378 2387 1576 2443 exsilio
1607 2387 1848 2445 fecisset.
1875 2389 2088 2445 Annuit

503 2482 681 2542 pater.
712 2473 809 2528 Ille
846 2475 1150 2544 digressus,
1179 2477 1384 2546 passim
1415 2477 1648 2533 dimittit
1671 2480 1894 2535 nuntios
1925 2499 1938 2535 :
1965 2481 2089 2551 plu-

506 2563 628 2618 rimi
658 2563 724 2618 ad
759 2564 912 2620 illum
949 2567 1260 2632 conﬂuunt,
1295 2583 1361 2624 ac
1403 2576 1604 2639 praeter
1650 2580 1882 2627 caeteros
1924 2573 2092 2628 Achi-

506 2654 718 2723 tophel,
773 2657 916 2726 patri
968 2657 1090 2728 ejus
1128 2673 1159 2713 a
1191 2658 1460 2716 consiliis.
1492 2659 1573 2716 Ita
1601 2675 1698 2716 rex
1731 2661 1800 2717 ab
1829 2664 2088 2720 omnibus

504 2744 795 2799 salutatur.
828 2746 944 2802 Hoc
970 2748 1141 2802 David
1177 2751 1420 2821 cognito,
1447 2765 1573 2806 cum
1597 2752 1667 2806 iis
1704 2768 1846 2824 quos
1875 2755 2087 2812 circum

503 2852 564 2894 se
597 2836 862 2901 habebat.
899 2838 1275 2912 Hierosolyma
1305 2842 1588 2913 egreditur
1635 2861 1649 2900 :
1694 2846 2090 2905 comitantibus

503 2927 673 2983 etiam
701 2931 976 2986 sexcentis
1007 2931 1138 2998 illis,
1168 2946 1409 3002 quorum
1436 2934 1540 2990 sub
1567 2934 1732 2992 Saule
1761 2952 1930 3007 opera
1955 2954 2091 2997 usus

504 3023 702 3079 fuerat.
763 3023 956 3095 Neque
1003 3026 1113 3081 ulla
1161 3042 1251 3082 res
1283 3041 1576 3082 maerorem
1610 3036 1668 3084 et
1715 3039 1924 3085 metum
1969 3032 2093 3104 ejus

2183 1107 2314 1163 θοῦν
2333 1107 2410 1177 τῷ
2450 1105 2664 1177 βασιλεῖ
2707 1105 3052 1178 προσελθεῖν,
3085 1105 3184 1158 καὶ
3231 1102 3630 1176 ἀποδύρεσθαι,
3661 1105 3773 1170 ὅτι,

2182 1197 2277 1253 δύο
2306 1198 2512 1252 παίδων
2537 1199 2717 1252 ὄντων
2738 1199 2901 1267 αὐτῇ,
2925 1199 3020 1251 καὶ
3040 1198 3272 1269 θατέρου
3301 1198 3394 1250 τὸν
3417 1197 3606 1268 ἕτερον
3625 1198 3774 1250 κτείς

2183 1309 2398 1358 ναντος,
2433 1292 2482 1345 οί
2517 1295 2800 1360 συγγενεῖς
2839 1291 3049 1345 ἀνελεῖν
3103 1290 3327 1362 ζητοῦσι
3384 1290 3478 1344 τὸν
3513 1291 3777 1361 περιόντα

2181 1386 2273 1440 διὰ
2315 1385 2408 1440 τὸν
2438 1384 2600 1454 φόνον
2628 1381 2724 1437 τοῦ
2775 1381 3030 1452 ἀδελφοῦ.
3087 1384 3200 1437 Kal
3231 1381 3452 1437 δέεσθαι
3483 1381 3579 1435 τοῦ
3617 1381 3774 1453 βασι-

2183 1477 2319 1540 λέως
2343 1475 2679 1547 χαρίσασθαι
2717 1476 2855 1546 αὐτῇ
2891 1476 2990 1546 τὴν
3017 1474 3111 1529 τοῦ
3146 1475 3336 1538 παιδὸς
3362 1474 3658 1545 σωτηρίαν.
3708 1474 3777 1527 Ἦ

2188 1569 2289 1640 μὲν
2331 1565 2446 1633 οὖν,
2479 1567 2855 1639 προσελθοῦσα
2901 1567 2979 1636 τῷ
3007 1566 3240 1638 βασιλεῖ,
3294 1566 3617 1638 περιπαθῶς
3650 1560 3779 1618 εἷπε

2184 1662 2384 1717 ταῦτα.
2430 1661 2492 1716 '0
2545 1661 2604 1715 δὲ
2656 1660 2915 1731 βασιλεὺς
2957 1658 3057 1723 τὴν
3104 1659 3247 1730 ζωὴν
3276 1659 3414 1728 αὐτῇ
3443 1657 3780 1729 χαρίσασθαι

2186 1752 2280 1809 τοῦ
2310 1753 2496 1816 παιδὸς
2530 1753 2915 1824 ἐπηγγείλατο.
2941 1753 3051 1806 Kal
3085 1754 3120 1823 ἡ
3145 1752 3284 1824 γυνὴ
3306 1753 3537 1822 χάριτας
3565 1751 3780 1822 ὡμολό-

2187 1862 2276 1915 γει
2304 1843 2456 1914 αὐτῷ
2475 1861 2491 1876 ο
2529 1843 2660 1897 Ἵνα
2693 1842 2744 1896 δ’
2773 1842 3068 1911 ἐχέγγυον
3098 1843 3194 1906 εἴη
3224 1859 3330 1911 μοι
3355 1840 3471 1895 τῶν
3503 1845 3781 1909 ὑπεσχη-

2183 1935 2406 2006 μένων,
2448 1929 2599 1998 εἷπε,
2630 1932 2864 2002 πρῶτος
2902 1934 3087 2000 αὐτὸς
3135 1931 3216 1999 τῷ
3244 1935 3441 2000 οἰκείῳ
3465 1933 3574 2000 υιῷ
3608 1933 3781 1988 διαλ-

2186 2026 2426 2096 λάγηθι,
2459 2027 2557 2080 καί
2579 2025 2667 2096 μὴ
2702 2025 2781 2091 τῷ
2820 2027 2986 2094 φόνῳ
3019 2025 3124 2078 τοῦ
3177 2024 3338 2092 παρὰ
3367 2024 3610 2095 γνώμην
3659 2040 3782 2081 σου

2188 2119 2480 2184 θανόντος
2557 2117 2696 2171 υιοῦ
2759 2115 3134 2186 προσθήσεις
3195 2115 3483 2171 ἑκούσιον
3551 2117 3783 2186 ἕτερον.

2188 2207 2431 2278 Συνῆκεν
2464 2209 2492 2262 6
2543 2207 2808 2277 βασιλεὺς
2858 2206 3060 2277 σκῆψιν
3101 2203 3242 2260 εἶναι
3305 2209 3433 2271 τοὺς
3466 2207 3658 2276 λόγους
3683 2209 3785 2278 τῆς

2189 2299 2471 2369 γυναικὸς,
2529 2301 2624 2353 καὶ
2683 2298 2904 2363 τούτους
2937 2300 3263 2368 σοφισθῆναι
3303 2299 3437 2371 παρ’
3467 2300 3649 2364 Ίωάϐ,
3684 2301 3786 2356 καὶ

2190 2393 2455 2460 κατάγειν
2484 2390 2632 2464 αὐτῷ
2656 2391 2932 2464 δπέτρεψε
2957 2392 3048 2444 τὸν
3075 2391 3418 2462 Ἀϐεσαλώμ.
3444 2393 3556 2446 Kal
3579 2409 3786 2464 πορευ-

2191 2484 2306 2546 θεὶς
2344 2481 2525 2549 Ἰωάϐ,
2567 2483 2776 2553 ἤγαγεν
2807 2482 2972 2536 αὑτὸν
2999 2484 3081 2545 είς
3125 2483 3521 2554 Ἰερουσαλήμ·
3549 2485 3628 2547 είς
3656 2483 3788 2553 ὄψιν

2189 2576 2234 2630 δ’
2267 2576 2442 2630 ἐλθεῖν
2485 2575 2546 2628 οὐ
2581 2573 2974 2647 συγκεχώρητο
3001 2574 3080 2645 τῷ
3109 2575 3300 2644 πατρί.
3333 2577 3489 2632 Μετά
3521 2577 3579 2629 δὲ
3605 2575 3786 2630 ταῦτα

2191 2666 2510 2738 κατηλλάγη
2542 2668 2571 2720 6
2603 2665 2857 2736 βασιλεὺς
2911 2665 2990 2734 τῷ
3021 2667 3346 2738 Ἀϐεσαλὼμ
3371 2685 3384 2696 ·
3419 2668 3515 2721 καὶ
3545 2668 3787 2733 καλέσας

2191 2760 2379 2824 αὑτὸν,
2408 2758 2742 2830 συγγνώμην
2767 2760 3059 2831 αἰτήσαντι
3087 2760 3311 2826 δέδωκε,
3342 2762 3438 2814 καὶ
3469 2760 3787 2832 ἀμνηστίαν

2190 2851 2286 2906 τοῦ
2308 2851 2710 2922 ἁμαρτήματος
2751 2851 3144 2922 ἐπηγγείλατο.
3191 2853 3424 2917 Ἵππους
3453 2853 3510 2906 δὲ
3539 2853 3635 2906 καὶ
3681 2853 3790 2923 ἆρο

2196 2960 2344 3014 ματα
2393 2943 2886 3015 προσκτησάμενος
2934 2945 2963 2996 6
2992 2943 3359 3014 Ἀϐεσαλὼμ,
3416 2945 3513 2998 καὶ
3555 2945 3795 3010 πολλοὺς

2192 3036 2452 3102 ὀπαδοὺς,
2492 3035 2616 3090 καθ’
2645 3035 2886 3107 ἑκάστην
2917 3037 3085 3107 ἀπῄει
3123 3037 3258 3108 πρδς
3283 3037 3351 3090 τά
3386 3036 3654 3107 βασίλεια.
3681 3037 3797 3092 Καὶ

504 3117 680 3188 magis
707 3120 880 3186 auxit,
917 3132 1084 3188 quam
1121 3117 1506 3191 Acbitophelis
1557 3121 1926 3193 transfugium
1961 3125 2088 3181 :ni-

2196 3129 2333 3204 πρὸς
2367 3129 2533 3201 χάριν
2586 3129 2700 3190 τοῖς
2767 3128 3030 3198 πλήθεσιν
3083 3129 3309 3198 ὁμιλῶν,
3368 3129 3578 3183 εὐνοεῖν
3636 3128 3795 3201 αὐτῷ

506 3208 811 3263 hilominus
865 3217 1048 3264 tamen
1094 3209 1268 3264 Deum
1322 3210 1566 3280 invocat,
1620 3221 1677 3269 et
1724 3227 1946 3271 omnem
2009 3217 2088 3274 illi

2195 3222 2431 3286 πολλοὺς
2455 3219 2897 3292 παρεσκεύασεν.
2933 3221 3075 3294 Ἤδη
3121 3219 3178 3274 δὲ
3209 3221 3530 3292 τετραετίας
3562 3222 3791 3293 παραρο

504 3307 764 3354 eventum
814 3299 1107 3370 permittit.
1143 3298 1366 3357 Cbusus
1404 3301 1572 3357 etiam
1601 3303 1826 3361 Davidis
1854 3305 2088 3373 amicus,

506 3389 576 3446 de
610 3390 760 3446 illius
788 3391 1087 3458 sententia,
1127 3391 1444 3449 defectione
1480 3394 1758 3462 simulata,
1790 3411 1850 3453 se
1875 3397 1943 3452 ad
1978 3398 2094 3454 Ab-

509 3481 758 3537 salonem
820 3480 1056 3538 confert.
1120 3482 1272 3539 Inter
1328 3484 1792 3556 proficiscendum
1847 3490 2092 3544 occurrit

509 3573 698 3630 Davidi
717 3573 1177 3646 Mempbibosthis
1201 3591 1391 3634 servus
1413 3577 1564 3645 Siba,
1580 3581 1776 3650 jugum
1801 3580 2091 3637 asinorum

507 3683 702 3739 agens,
727 3678 1097 3724 commeatum
1123 3669 1421 3725 ferentium
1449 3690 1463 3728 :
1490 3682 1547 3729 et
1571 3672 1768 3729 herum
1797 3689 2089 3744 accusans,

507 3761 656 3831 quod
681 3759 1077 3834 Hierosolymis
1110 3772 1382 3831 maneret,
1417 3779 1482 3820 ac
1509 3781 1740 3837 regnum
1765 3767 1954 3838 populi
1978 3767 2095 3824 suf-

507 3853 701 3924 fragiis
732 3853 802 3908 ad
830 3869 890 3910 se
920 3854 1233 3911 rediturum
1285 3871 1410 3912 esse
1451 3867 1814 3928 exspectaret.
1845 3859 1929 3916 Ob
1969 3875 2094 3932 quas

509 3946 831 4018 indignatus
861 3947 1054 4015 David,
1090 3948 1275 4004 omnia
1317 3965 1443 4020 quae
1472 3949 1903 4021 Memphibosthi
1938 3951 2094 4022 prius

503 4039 762 4106 donarat,
793 4039 937 4097 Sibaz
963 4041 1217 4113 largitur.
1247 4041 1379 4098 Post
1410 4043 1464 4098 in
1499 4044 1698 4099 itinere
1733 4043 1945 4100 Semeis
1966 4059 2092 4100 eum

503 4131 847 4204 aggreditur,
905 4135 992 4188 vir
1049 4134 1229 4190 Saulis
1278 4145 1566 4206 cognatus,
1612 4135 1827 4207 lapides
1877 4138 2093 4209 jactans

502 4237 702 4281 contra
724 4241 929 4297 regem,
959 4233 1016 4282 et
1042 4241 1340 4283 exsecrans
1373 4228 1550 4294 illum,
1569 4238 1626 4284 et
1655 4229 1835 4284 virum
1869 4230 2093 4301 sangui-

507 4317 728 4372 narium
759 4326 929 4388 atque
986 4317 1240 4389 iniquum
1291 4321 1568 4376 vocitans.
1605 4320 1688 4375 Ad
1731 4336 1895 4392 quem
1945 4321 2095 4391 peri-

507 4407 772 4463 mendum
795 4408 968 4464 David
1009 4424 1141 4466 suos
1178 4413 1488 4467 concitatos
1531 4413 1795 4478 inhibuit,
1823 4413 2093 4468 divinitus

2195 3313 2422 3384 ρυείσης
2458 3313 2601 3382 μετὰ
2646 3311 2744 3384 τὴν
2776 3309 3029 3377 κάθοδον,
3062 3313 3369 3380 σκήπτεται
3400 3309 3590 3374 θυσίας
3623 3310 3795 3381 χάριν

2193 3407 2271 3469 είς
2301 3402 2529 3476 Χεϐρὼν
2576 3403 2852 3469 ἀπελθεῖν,
2907 3402 2982 3466 ὡς
3014 3403 3184 3473 εὐχὴν
3232 3401 3394 3456 τοῦτο
3439 3402 3789 3473 πεποιηκὼς,

2191 3497 2477 3568 τυγχάνων
2503 3497 2560 3548 ἐν
2581 3499 2647 3567 τῇ
2689 3498 2855 3567 φυγῇ.
2895 3496 3004 3548 Kal
3027 3493 3234 3566 ἀφείθη
3269 3494 3406 3565 πρὸς
3432 3495 3527 3549 τοῦ
3555 3497 3794 3567 πατρός,

2205 3587 2483 3645 Ἀπελθὼν
2504 3589 2584 3656 δὲ,
2607 3589 2746 3660 πρὸς
2775 3587 3006 3652 πολλοὺς
3027 3587 3391 3658 διεπέμψατο,
3411 3591 3507 3641 καὶ
3540 3587 3794 3644 πλεῖστοι

2193 3683 2332 3754 πρὸς
2361 3682 2526 3736 αὐτὸν
2557 3681 2980 3754 συνερρύησαν.ι
3005 3681 3150 3752 Πρὸς
3201 3680 3258 3735 δὲ
3308 3683 3422 3743 τοῖς
3471 3681 3652 3747 ἄλλοις
3690 3684 3795 3736 καὶ

2206 3772 2516 3843 Ἀχιτόφελ,
2545 3771 2574 3824 6
2607 3771 2702 3826 τοῦ
2734 3770 2943 3842 πατρὸς
2977 3770 3144 3825 αὐτοῦ
3197 3768 3528 3842 σύμϐουλος,
3564 3771 3658 3825 καὶ
3683 3771 3797 3824 ὑπὸ

2193 3867 2411 3921 πάντων
2466 3863 2724 3935 βασιλεὺς
2755 3862 3063 3936 ἀνερρήθη.
3106 3862 3280 3918 Τοῦτο
3319 3864 3483 3932 γνοὺς
3516 3865 3545 3917 6
3600 3865 3796 3929 Δαϐὶδ,

2192 3960 2377 4028 ἀπῆρε
2411 3957 2552 4026 μετά
2585 3956 2694 4009 τῶν
2743 3956 2876 4025 περὶ
2927 3956 3093 4010 αὑτὸν
3144 3954 3203 4020 ἐξ
3252 3957 3636 4028 Ἰερουσαλήμ.
3679 3957 3798 4010 Kal

2192 4051 2243 4104 οί
2277 4049 2554 4117 ἑξακόσιοι
2621 4047 2816 4119 ἄνδρες
2865 4048 2914 4101 oi
2966 4048 3058 4100 ἐπὶ
3087 4048 3261 4101 Σαοῦλ
3311 4049 3568 4112 συνόντες
3613 4048 3794 4118 αὐτῷ,

2193 4139 2348 4204 αὖθις
2383 4137 2532 4210 αύτῷ
2583 4137 3037 4208 συνεξώρμησαν.
3085 4137 3327 4208 Ἦγγέλη
3362 4138 3420 4190 δέ
3448 4139 3543 4191 καὶ
3570 4139 3795 4207 Ἀχιτό-

2194 4233 2296 4304 φελ
2319 4231 2621 4302 προσρυεὶς
2654 4231 2730 4302 τῷ
2765 4230 3093 4300 Ἀϐεσαλώμ
3119 4247 3134 4262 ο
3169 4230 3198 4284 6
3227 4232 3322 4284 καὶ
3350 4232 3442 4284 τὸν
3475 4230 3640 4299 φόϐον
3687 4231 3794 4284 αύ-

2192 4323 2270 4396 τῷ
2298 4323 2544 4395 μείζονα,
2571 4321 2666 4376 καὶ
2703 4321 2926 4375 πλείονα
2967 4322 3067 4391 τὴν
3098 4322 3274 4393 λύπην
3301 4322 3580 4392 ἐποίησεν.
3648 4322 3774 4375 Ἐπ-

2194 4416 2448 4470 εκαλείτο
2467 4413 2524 4468 δὲ
2555 4414 2647 4468 τδν
2660 4414 2815 4482 Θεὸν,
2833 4416 2928 4470 καὶ
2951 4415 3051 4486 τὴν
3079 4415 3260 4485 κρίσιν
3285 4414 3377 4467 ἐπὶ
3400 4415 3568 4468 πᾶσιν
3599 4413 3798 4485 ἐκείνῳ

509 4500 592 4554 illi
629 4515 692 4555 ea
724 4500 982 4555 mandata
1024 4516 1148 4556 esse
1192 4516 1468 4567 asserens,
1523 4504 1707 4573 itaque
1741 4503 1975 4559 missum
2009 4503 2088 4558 fa-

2198 4508 2494 4579 ὲπέτρεπε.
2519 4506 2690 4560 Χουσὶ
2718 4506 2762 4560 δ’
2786 4480 3232 4577 ἑταῖρος-ὣνίτοῦ
3265 4506 3453 4570 Δαϐὶδ,
3481 4505 3622 4560 κατά
3645 4480 3800 4573 γνὼξ

507 4591 796 4648 ciendum.
824 4591 908 4646 Ad
937 4592 1233 4648 Iordanem
1263 4593 1568 4664 profectus,
1601 4594 1677 4650 ibi
1719 4610 1851 4652 suos
1896 4594 2088 4651 defati-

2204 4617 2314 4672 μην
2347 4597 2515 4654 αὐτοῦ
2563 4597 2998 4670 ψευδαυτομολεῖ
3025 4598 3164 4668 πρὸς
3212 4597 3566 4669 Ἀϐεσαλὼμ.
3619 4598 3800 4669 Πρόσ·

510 4693 669 4755 gatos
696 4683 909 4739 refecit.

2201 4707 2312 4744 εισι
2352 4690 2412 4744 δὲ
2468 4689 2548 4762 τῷ
2602 4689 2767 4744 Δαϐὶδ
2798 4689 3015 4746 ἀπιόντι
3036 4693 3064 4744 6
3093 4689 3280 4754 δοῦλος
3310 4689 3404 4744 τοῦ
3435 4690 3800 4760 Μεμφιϐοσθὲ

508 4778 669 4844 mea,
725 4777 922 4848 ζεῦγος
957 4778 1110 4849 ἄγων
1159 4778 1299 4834 ὄνων
1336 4780 1617 4850 φερόντων
1653 4780 1720 4834 τά
1779 4782 2088 4854 ἐπιτήδεια,
2130 4783 2225 4838 καὶ
2259 4782 2355 4838 τοῦ
2421 4783 2685 4837 δεσπότου
2736 4782 3084 4854 κατηγορῶν,
3153 4781 3232 4846 ὡς
3285 4783 3568 4854 μείναντος
3593 4787 3650 4837 ἐν
3691 4784 3799 4838 Ἱε-

516 4872 856 4947 ροσολύμοις,
899 4876 994 4930 καὶ
1023 4874 1433 4946 προσδοκῶντος
1481 4877 1632 4949 αὐτῷ
1661 4877 1759 4949 τὴν
1809 4877 2090 4948 βασιλείαν
2131 4880 2606 4953 περιελεύσεσθαι,
2639 4874 2728 4934 οἷα
2754 4879 2850 4934 τοῦ
2909 4879 3150 4952 πλήθους
3176 4880 3544 4952 αίρησορ.ένου
3607 4880 3796 4938 αὐτόν.

454 4946 472 5012 ἶ
517 4946 940 5041 Ἦγανάκτησεν
969 4969 1063 5024 ἐπὶ
1086 4969 1297 5032 τούτοις
1333 4969 1518 5034 Δαϐὶδ,
1548 4946 1644 5026 καὶ
1673 4946 1854 5026 πάντα
1887 4973 1988 5026 ὅσα
2051 4972 2129 5043 τῷ
2167 4946 2529 5044 Μεμφιϐοσθὲ
2597 4973 2728 5043 πρὶν
2777 4946 3126 5044 ἐδωρήσατο,
3181 4946 3260 5044 τῶ
3295 4946 3442 5028 ’Σιϐἀ
3472 4971 3799 5044 ὲχαρίσατοο

513 5063 648 5122 Εἶτα
683 5064 894 5122 ἔπεισιν
944 5066 1096 5139 αύτῷ
1138 5067 1282 5122 κατὰ
1319 5067 1420 5140 τὴν
1451 5068 1569 5123 ὁδὸν
1608 5070 1826 5140 Σεμεεὶ,
1859 5070 1999 5142 ἀνὴρ
2028 5072 2094 5125 ἐκ
2153 5074 2256 5138 τῆς
2325 5070 2650 5140 συγγενείας
2672 5070 2867 5136 Σαοὺλ,
2887 5070 2985 5125 καὶ
3013 5071 3196 5136 λίθους
3231 5069 3374 5126 κατὰ
3393 5069 3488 5124 τοῦ
3522 5071 3798 5143 βασιλέως

515 5159 782 5231 ὴκόντιζε,
833 5159 928 5215 καὶ
981 5161 1264 5231 κατηρᾶτο
1294 5159 1464 5230 αὐτῷ,
1513 5161 1608 5215 καὶ
1673 5162 1847 5236 ἄνδρα
1907 5163 2161 5232 αἱμάτων
2195 5161 2472 5233 ὠνόμαζε,
2502 5163 2600 5216 καὶ
2627 5161 2972 5234 παράνομον.
2998 5161 3120 5216 Τῶν
3151 5161 3208 5215 δὲ
3231 5163 3371 5233 μετά
3397 5163 3563 5216 Δαϐὶδ
3579 5156 3799 5234 ὁρμῶν-

511 5273 621 5309 των
654 5253 864 5308 ἀνελεῖν
891 5252 984 5308 τὸν
1016 5254 1233 5324 Σεμεεὶ,
1269 5256 1298 5308 ό
1338 5253 1589 5325 βασιλεὺς
1616 5255 1717 5309 ούκ
1747 5256 1981 5326 ἀφῆκεν,
2015 5255 2218 5311 εἰπών·
2283 5255 2490 5327 Κύριος
2545 5251 2700 5309 εἶπεν
2738 5254 2891 5326 αὐτῷ
2912 5253 3088 5309 ταῦτα
3129 5257 3328 5320 ποιεῖν,
3365 5255 3532 5324 ἄφετε
3602 5257 3792 5312 αὐτόν·

514 5349 624 5404 Kal
669 5344 840 5401 ἐλθὼν
873 5347 954 5411 είς
987 5348 1080 5401 τὸν
1105 5347 1405 5419 Ἰορδάνην,
1458 5348 1575 5401 ἐκεῖ
1601 5349 1731 5414 τοὺς
1771 5349 1892 5421 μετ’
1932 5349 2098 5404 αὑτοῦ
2125 5348 2529 5412 κεκοπιακότας
2556 5346 2844 5418 ἀνέψυξεν.

585 5439 652 5496 ν.
683 5439 926 5496 Absalon
987 5447 1174 5495 autem
1239 5439 1331 5494 ubi
1383 5440 1762 5514 Hierosolyma
1813 5442 2088 5512 pervenit,

2277 5442 2348 5495 E'.
2388 5438 2714 5511 Ἀϐεσαλὼμ
2747 5440 2828 5506 δὲ,
2893 5438 3342 5508 παραγενόμενος
3403 5440 3486 5502 είς
3557 5439 3796 5512 Ἱεροσό-

515 5531 704 5586 Chuso
730 5544 790 5585 se
817 5531 1097 5586 accedenti
1129 5547 1142 5583 :
1178 5529 1311 5593 Cur,
1340 5531 1545 5602 inquit,
1581 5541 1754 5603 patre,
1785 5534 1867 5587 cui
1895 5534 2088 5588 amicat

2200 5531 2374 5602 λυμα,
2424 5531 2636 5586 ἐλθόντι
2690 5531 2829 5603 πρὸς
2890 5530 3055 5584 αὑτὸν
3105 5529 3184 5600 τῷ
3219 5529 3411 5596 Χουσὶ,
3463 5529 3566 5602 ἔφη
3595 5546 3609 5562 ⁸
3651 5533 3788 5588 Ἵνα

518 5639 594 5684 es.
625 5622 733 5694 77
777 5623 1007 5686 deserto,
1035 5640 1121 5679 me
1151 5627 1397 5679 convenis
1423 5625 1448 5678 .’
1475 5622 1611 5680 Tum
1640 5625 1732 5681 ille
1759 5643 1772 5679 :
1806 5623 2088 5692 Divinitus,

2204 5625 2264 5678 τί
2325 5622 2557 5690 ἑταῖρος
2626 5621 2711 5677 ὢν
2777 5622 2886 5676 τοῦ
2948 5623 3173 5689 πατρός
3236 5640 3396 5692 μου.
3467 5624 3619 5693 πρός
3677 5625 3789 5695 ἐμὲ

521 5713 723 5781 inquit,
762 5710 922 5767 electo
951 5714 1134 5780 adero,
1188 5722 1240 5768 et
1288 5730 1407 5769 eum
1433 5730 1646 5787 sequar,
1695 5715 1788 5785 qui
1815 5717 1974 5770 totius
2005 5733 2088 5785 po.

2205 5713 2371 5782 ἥκεις
2435 5713 2673 5769 ἐκεῖνον
2726 5715 2954 5781 λιπών;
3022 5714 3084 5768 '0
3111 5714 3190 5775 δὲ.
3252 5713 3334 5780 Τῷ
3377 5713 3792 5785 ἐκλελεγμένφ

523 5803 636 5876 puli
654 5819 907 5861 consensa
942 5821 1034 5861 rea:
1063 5814 1140 5861 est
1161 5807 1488 5863 declaratus.
1527 5807 1737 5864 Deinde
1767 5807 1900 5880 quid
1927 5823 2088 5879 agen-

2215 5805 2377 5876 παρὰ
2419 5805 2568 5862 Θεοῦ
2606 5808 2966 5879 συνέσομαι,
2999 5802 3141 5874 εἶπε,
3185 5807 3281 5862 καί
3326 5807 3668 5881 συνέσομαι
3708 5809 3790 5876 τῷ
