4098 6404
293 364 384 428 157
1560 363 1970 425 ANNALIUM
2010 363 2162 424 LIB.
2207 365 2292 426 II.

3422 365 3527 430 158

291 475 632 550 ᾑρετισμένφ
687 471 849 544 παρὰ
903 472 1134 540 παντὸς
1180 473 1288 529 τοῦ
1336 473 1514 530 λαοῦ.
1546 474 1612 529 Τί
1654 475 1712 530 δὲ
1762 475 1834 530 δεῖ

1947 476 2078 531 dum
2108 486 2279 542 esset,
2323 475 2676 548 percontanti
2720 475 3007 539 Absaloni,
3041 476 3342 548 respondet
3365 477 3531 535 Achi-

285 572 525 645 πράττειν
546 565 637 620 τὸν
683 564 970 637 ’Δχιτόφελ
1021 564 1184 636 ἤρετο
1203 565 1232 618 ὁ
1273 563 1616 637 Ἀϐεσαλὼμ.
1643 567 1753 619 Καὶ
1783 565 1842 630 ὃς

287 660 653 719 συνεϐούλευσε
679 661 800 722 ταῖς
832 657 929 712 τοῦ
959 659 1167 730 πατρὸς
1195 657 1486 728 μίσγεσθαι
1514 657 1842 724 παλλακαῖς·

283 757 342 814 ἶν’
360 754 496 812 οὕτω
523 755 700 824 γνοῖεν
724 751 924 816 πάντες
948 751 1216 808 ἄσπονδον
1239 751 1379 807 ειναί
1409 768 1493 806 σοι
1518 750 1618 822 τὴν
1639 749 1844 822 ἔχθραν

283 847 404 920 πρὸς
437 846 526 900 τὸν
551 845 765 916 πατέρα
796 861 916 898 σου.
958 844 1067 898 Καὶ
1107 843 1332 913 ἐποίησε
1375 842 1519 899 κατὰ
1556 845 1658 914 τὴν
1697 859 1838 913 συμ-

283 937 462 1009 ϐουλὴν
480 936 685 1008 ταύτην
719 933 1066 1007 ⁹Δ6εσαλὼμ.
1096 935 1436 1006 Δίτήσαντος
1462 935 1521 990 δὲ
1549 935 1646 990 τοῦ
1691 935 1843 1006 Ἀχι-

280 1029 426 1100 τόφελ
478 1027 707 1098 μυρίους
757 1025 980 1097 ἄνδρας,
1036 1025 1114 1089 ὡς
1159 1023 1228 1081 ἂν
1268 1024 1472 1080 αὐτίκα
1527 1023 1838 1097 καταδιώξῃ

279 1119 485 1176 επισθεν
518 1118 614 1172 τοῦ
648 1118 916 1189 βασιλέως
961 1117 1153 1183 Δαὸὶδ,
1197 1117 1293 1172 καὶ
1329 1116 1441 1174 τῶν
1487 1117 1608 1187 μετ’
1648 1117 1840 1185 αὑτοῦ,

279 1211 638 1282 ἐκλελυμένων
659 1210 830 1264 ὄντων
864 1210 969 1264 ὑπὸ
1000 1209 1096 1264 τοῦ
1125 1209 1320 1276 κόπου,
1353 1211 1447 1264 καὶ
1481 1209 1572 1264 τὸν
1602 1209 1702 1280 μὲν
1733 1227 1842 1262 πα-

274 1305 416 1376 τάξῃ,
443 1305 568 1368 τοὺς
598 1302 656 1356 δὲ
680 1301 1010 1376 ἐπιστρέψῃ,
1044 1301 1073 1356 ὁ
1113 1300 1439 1373 ’Δϐεσαλὼμ
1467 1302 1722 1372 ἠρώτησε
1746 1301 1840 1355 τὸν

274 1397 431 1451 Χουσὶ
485 1397 618 1464 περὶ
673 1394 776 1466 τῆς
811 1393 1140 1465 συμϐουλῆς.
1184 1393 1244 1446 '0
1275 1394 1332 1447 δὲ
1371 1394 1471 1447 οὐκ
1502 1393 1712 1462 ἀγαθὴν
1739 1392 1842 1446 αὐ-

269 1489 358 1558 τὴν
402 1487 756 1557 ἀπεφήνατο,
784 1484 958 1553 λέγων
1007 1484 1083 1548 ὡς
1140 1486 1263 1538 Οὐκ
1310 1483 1606 1553 ἠγνόηται
1645 1499 1745 1538 σοι
1794 1481 1836 1552 ἠ

269 1581 367 1638 τοῦ
411 1583 638 1652 πατρὸς
667 1581 769 1636 καὶ
805 1580 928 1635 τῶν
949 1581 1078 1650 μετ’
1108 1579 1296 1635 αὑτοῦ
1318 1579 1566 1648 ἀνδρεία
1601 1578 1698 1632 καὶ
1732 1577 1836 1647 ἐμ-

267 1674 474 1743 πειρία.
535 1675 676 1728 Δεῖν
721 1672 792 1726 δὲ
835 1671 1048 1742 νομίζω
1101 1672 1172 1726 ἐκ
1213 1671 1420 1739 πάσης
1474 1670 1586 1740 τῆς
1638 1669 1838 1741 χώρας

266 1766 542 1833 στρατιὰν
587 1764 1078 1834 συλλεξάμενον,
1119 1763 1307 1830 οὕτως
1348 1764 1536 1818 αὐτόν
1575 1777 1650 1818 σε
1684 1762 1837 1816 κατὰ

1949 569 2160 640 tophel,
2194 568 2634 639 constuprandas
2660 583 2788 625 esse
2827 577 3085 639 paternas
3142 571 3484 627 concubinas
3509 610 3526 635 ,

1953 671 2018 720 ut
2038 675 2252 728 omnes,
2280 661 2482 732 inquit,
2513 661 2846 732 intelligant,
2887 659 3384 719 irrecunciliabilcs
3406 679 3530 721 esse

1946 763 2071 810 tuas
2099 754 2368 812 adversus
2403 763 2618 824 patrem
2649 754 2994 810 inimicitias.
3039 753 3395 825 Obtemperat
3433 756 3528 812 ille

1937 848 2192 904 consilio.
2254 848 2362 904 Sed
2410 863 2538 904 cum
2589 848 2736 902 idem
2792 847 2986 904 decem
3031 847 3202 903 millia
3271 848 3520 903 virorum

1944 947 2162 1008 peteret
2215 948 2277 993 ut
2332 953 2518 1009 regem
2572 938 2838 994 Davidem
2886 953 3012 994 cum
3060 940 3178 995 suis
3221 955 3253 995 e
3293 941 3527 1010 vestigio

1941 1037 2392 1102 persequeretur,
2431 1027 2754 1098 fatigatione
2776 1038 3095 1091 enervatas,
3124 1028 3370 1089 ac,i|lum
3402 1029 3529 1098 qui-

1945 1121 2071 1178 dem
2102 1121 2342 1188 tolleret,
2383 1120 2486 1176 hos
2515 1130 2700 1176 autem
2731 1121 3031 1178 reduceret
3062 1138 3076 1174 :
3104 1120 3346 1176 Absalon
3372 1119 3528 1176 Chu-

1941 1233 2066 1274 sum
2124 1227 2299 1289 rogat,
2341 1217 2475 1288 quid
2532 1219 2601 1275 de
2653 1232 2722 1273 eo
2771 1217 3006 1272 consilio
3066 1216 3171 1288 ipsi
3232 1215 3527 1270 videatur?

1940 1311 2260 1381 Respondet
2303 1311 2414 1376 ille,
2469 1327 2581 1367 non
2627 1325 2752 1367 esse
2790 1311 2846 1366 id
2876 1301 3098 1365 "bonum
3155 1326 3170 1363 :
3228 1307 3341 1362 Nec
3385 1309 3527 1362 enim

1940 1402 2182 1472 ignoras,
2226 1402 2430 1473 inquit,
2463 1404 2632 1470 patris
2665 1403 2744 1456 tui
2765 1410 2814 1456 et
2851 1401 3082 1456 militum
3111 1400 3225 1470 ejus
3255 1398 3529 1470 fortitudi-

1941 1507 2084 1556 nem,
2113 1501 2273 1562 atque
2317 1493 2394 1546 rei
2440 1492 2692 1546 militaris
2739 1509 2915 1547 usum.
2971 1491 3085 1561 Ego
3135 1507 3258 1546 vero
3312 1505 3522 1554 censeo,

1941 1603 1968 1642 c
2011 1594 2120 1640 tota
2168 1587 2438 1656 provincia
2495 1584 2849 1657 colligendum
2895 1589 3204 1648 exercitum,
3253 1592 3302 1638 et
3366 1585 3526 1638 ductu

1941 1679 2296 1748 auspiciisque
2320 1679 2422 1733 tuis
2457 1686 2665 1749 patrem
2694 1677 3139 1748 persequendum.
3170 1676 3350 1732 Vinces
3375 1676 3528 1730 nimi-

1941 1789 2084 1838 rum,
2139 1790 2260 1826 cum
2298 1773 2478 1828 multis
2510 1774 2563 1827 in
2589 1789 2786 1844 paucos
2832 1773 2972 1842 {acto
3013 1773 3231 1842 impetu.
3283 1768 3526 1825 Absalon

266 1858 361 1913 τοῦ
380 1859 609 1927 πατρὸς
639 1857 925 1928 ὁρμῆσαι,
957 1855 1057 1912 καί
1085 1855 1501 1926 στρατηγῆσαι
1529 1855 1638 1909 τὸν
1665 1857 1834 1910 πόλε-

1951 1865 2270 1935 ειιεῑειίιιυθ.
2307 1865 2394 1920 his
2433 1839 2662 1928 audit-is,
2711 1839 2885 1920 Chu—si
2930 1839 3226 1918 consilium
3271 1861 3522 1927 laudant,

268 1967 396 2018 μον,
427 1950 523 2003 καί
571 1947 815 2016 πάντως
869 1949 1146 2018 νικήσεις
1193 1947 1345 2016 πρὸς
1385 1947 1641 2017 ,βραχεῖς
1686 1947 1839 2016 μετὰ

262 2037 498 2094 πολλῶν
525 2040 1048 2108 συρῤηγγύμενος.
1079 2039 1188 2091 Καὶ
1211 2032 1366 2092 εἶπεν
1399 2035 1720 2106 Ἀϐεσαλὼμ
1742 2038 1839 2090 καὶ

263 2131 307 2182 oi
335 2131 426 2184 σὺν
450 2129 637 2200 αὐτῷ·
676 2129 886 2200 Ἀγαθὴ
912 2131 946 2200 ἡ
976 2128 1141 2200 βουλὴ
1173 2129 1366 2194 Χουσὶ,
1408 2128 1548 2200 ὑπὲρ
1575 2128 1675 2200 τὴν
1707 2127 1837 2198 βουο

259 2223 348 2294 λὴν
386 2223 695 2294 Ἀχιτόφελ.
731 2223 920 2277 Πάντα
970 2223 1027 2278 δὲ
1075 2223 1253 2278 ταῦτα
1300 2223 1473 2277 Χουσὶ
1519 2222 1598 2294 τῷ
1643 2220 1837 2276 Σαδὼκ

259 2317 344 2369 καὶ
376 2317 453 2386 τῷ
490 2315 764 2386 Ἀϐιάθαρ
798 2318 913 2380 τοῖς
941 2315 1150 2388 ἱερεῦσι
1178 2315 1418 2386 δηλῶσαι
1443 2317 1521 2386 τῷ
1551 2314 1717 2368 Δαὸὶδ
1749 2317 1837 2370 ὲν-

257 2406 509 2462 ετείλατο.
540 2409 610 2461 Οἱ
651 2408 710 2462 δὲ
748 2408 1047 2463 ὲστάλκασι
1087 2409 1226 2480 πρὸς
1257 2408 1424 2463 Δαϐὶδ
1460 2409 1664 2479 ἄνδρας
1707 2408 1834 2472 τοὺς

258 2500 625 2568 γνωριοῖωτας
663 2499 816 2571 αὑτῷ
860 2499 926 2555 τά
958 2501 1249 2571 γενόμενα.
1288 2501 1603 2574 Ἀπηγγέλη
1656 2501 1713 2556 δὲ
1757 2500 1836 2573 τῷ

269 2590 588 2662 Ἀόεσαλὼμ
628 2591 760 2664 περὶ
787 2591 899 2646 τῶν
937 2591 1172 2663 ἀνδρῶν,
1216 2595 1313 2648 καὶ
1359 2593 1689 2649 κατεδίωκεν
1735 2595 1836 2648 αὑο

257 2685 390 2748 τούς.
429 2685 494 2738 '0
520 2683 751 2754 γνόντες
785 2685 1008 2753 ἐκεῖνοι,
1041 2685 1480 2756 προσφεύγουσιν
1502 2687 1558 2739 ὲν
1581 2686 1728 2756 οἰκίᾳ
1755 2703 1837 2739 τιο

256 2775 354 2843 νδς,
391 2777 484 2831 καὶ
532 2777 621 2839 είς
669 2775 850 2848 φρέαρ
893 2777 1247 2842 καταδύντες,
1289 2778 1605 2851 ὲκρύσησάν
1647 2797 1708 2833 τε
1739 2781 1836 2834 καὶ

255 2870 452 2937 ἔλαθον,
483 2871 585 2925 καὶ
625 2867 703 2941 τῷ
729 2869 914 2938 Δαὸὶδ,
947 2871 1159 2926 ἐκεῖθεν
1184 2871 1514 2938 ἐξελθόντες,
1550 2871 1619 2926 τὰ
1661 2889 1837 2944 μηνυ-

253 2961 404 3017 θέντα
437 2959 809 3034 ἀπήγγειλαν.
854 2962 912 3016 ’Θ
938 2962 994 3018 δὲ
1018 2950 1218 3028 ’νυκτὸς
1250 2965 1347 3018 σὺν
1373 2966 1488 3028 τοῖς
1514 2966 1632 3035 μετ’
1666 2963 1835 3020 αὐτοῦ

249 3052 390 3126 διέϐη
418 3054 509 3108 τὸν
541 3053 840 3128 Ἰορδάνην.
882 3054 1168 3126 Ἀχιτόφελ
1215 3055 1401 3125 μέντοι
1427 3055 1839 3128 παρευδοκιμη-

251 3143 377 3208 θεὶς,
407 3145 504 3198 καὶ
529 3143 701 3214 γνοὺς
731 3145 814 3200 ὅτι
861 3145 1010 3198 κακὰ
1046 3146 1443 3218 συναντήσεται
1488 3146 1567 3217 τῷ
1610 3146 1837 3200 Ἀὁεσα-

248 3235 383 3306 λὼμ,
411 3235 662 3305 ἀπῆλθεν
717 3235 799 3300 εἰς
839 3235 932 3290 τὸν
965 3232 1114 3291 οἷκον
1154 3236 1342 3305 αὐτοῦ,
1377 3237 1476 3292 καὶ
1521 3237 1831 3309 ἀπήγξατο.

259 3327 600 3399 Ἀριθμήσας
629 3327 688 3382 δὲ
714 3327 844 3391 τοὺς
871 3329 993 3397 μετ’
1018 3329 1188 3385 αὐτοῦ
1209 3331 1236 3383 ὁ
1262 3329 1451 3395 Δαϐὶδ,
1480 3347 1833 3402 τετρακισχι-

249 3419 392 3485 λίους
421 3413 580 3490 εὗρε.
624 3421 736 3474 Καὶ
782 3420 861 3483 εἰς
894 3423 1048 3492 τρεῖς
1086 3421 1253 3476 διεῖλε
1291 3421 1490 3494 μοίρας
1521 3423 1622 3496 τὴν
1661 3439 1833 3494 στραο

246 3513 412 3579 τείαν,
441 3512 664 3586 ἑκάστῃ
687 3529 748 3566 τε
772 3512 1048 3586 ἐπέστησε
1085 3515 1409 3586 στρατηγὸν,
1433 3515 1594 3581 αὐτὸς
1617 3515 1677 3571 δὲ
1705 3533 1832 3572 συν.

251 3606 654 3678 εκστρατεῢσαι
687 3605 840 3679 παρὰ
864 3607 975 3662 τῶν
1005 3607 1174 3678 φίλων
1202 3608 1262 3663 οὐ
1298 3607 1710 3681 συγκεχώρητο,
1744 3607 1832 3664 λε-

247 3694 462 3765 γόντων,
491 3696 582 3760 ὡς
623 3696 673 3750 si
715 3696 836 3768 μετ’
866 3696 1035 3752 αὑτοῦ
1066 3699 1352 3768 τραπεῖεν,
1385 3697 1571 3770 πάσης
1617 3697 1833 3764 ἐλπίδος

247 3789 610 3844 ἐκπίπτουσιν
629 3803 646 3820 ·
677 3788 845 3845 αὐτοῦ
886 3790 946 3844 δὲ
978 3791 1313 3862 σωζομένου,
1341 3790 1424 3846 ἔτι
1457 3791 1643 3862 σφίσιν
1672 3792 1833 3857 ἐλπὶς

248 3879 678 3951 περιλέλειττται.
711 3880 1001 3954 Ἔπεμψεν
1027 3881 1122 3939 οὖν
1163 3883 1257 3938 τὸν
1281 3883 1411 3939 λαὸν
1438 3883 1605 3940 αὐτοῦ
1655 3901 1833 3956 μαχη-

247 3972 464 4044 σόμενον
493 3991 504 4005 ·
539 3975 644 4030 καὶ
673 3975 982 4046 παρεκάλει
1017 3976 1312 4047 φείσασθαι
1340 3975 1439 4033 τοῦ
1487 3977 1829 4050 ⁹Δ6εσαλὼμ,

245 4066 287 4117 εἰ
311 4068 626 4139 νικήσειαν.
664 4068 868 4139 Μάχης
908 4069 968 4122 δὲ
1004 4069 1398 4142 συῤῥαγείσης,
1441 4069 1739 4142 κρατοῦσιν
1781 4073 1831 4126 oi

241 4155 328 4210 τοῦ
379 4158 578 4221 Δαὸὶδ,
608 4157 706 4212 καὶ
748 4160 839 4213 τὸν
883 4159 1208 4232 Ἀϐεσαλὼμ
1255 4161 1482 4217 ἐδίωκον
1533 4164 1829 4233 φεύγοντα.

246 4239 550 4322 ⁴ινιρόμενος
585 4249 631 4303 δ’
665 4251 753 4320 ἐφ’
781 4250 1034 4323 ἡμιόνου,
1065 4254 1160 4307 καὶ
1185 4254 1268 4316 είς
1299 4253 1506 4325 δρυμὸν
1545 4255 1828 4325 εἰσελθὼν,

245 4341 361 4414 δρυῖ
397 4344 622 4416 μεγάλῃ
648 4345 748 4416 τῆς
771 4345 958 4416 τριχὸς
999 4345 1167 4400 αὐτοῦ
1195 4346 1576 4420 ἐμπλακείσης
1609 4348 1830 4420 (ἔτρεφε

242 4435 339 4506 γὰρ
356 4437 455 4507 τὴν
485 4437 673 4508 κόμην
692 4438 897 4508 σφόδρα
919 4438 1168 4512 πολλὴν),
1190 4439 1494 4513 ἀπῃώρητο
1516 4441 1619 4513 τῆς
1641 4442 1824 4514 δρυός⁶

1941 1957 2333 2027 Achitophclis
2381 1957 2719 2027 improbato.
2779 1955 2912 2023 Quze
2945 1954 3168 2012 Chusus
3199 1954 3388 2008 omnia
3427 1968 3526 2023 per

1942 2049 2216 2105 Sadocum
2264 2060 2320 2105 et
2358 2049 2720 2105 Abiatharem
2764 2048 3088 2104 sacerdotes
3129 2046 3324 2102 Davidi
3383 2061 3528 2100 nun‘

1938 2143 2063 2198 tiari
2085 2141 2265 2211 jubet.
2304 2141 2529 2198 Mittunt
2561 2143 2638 2197 illi
2670 2142 2822 2198 viros
2860 2140 2956 2211 qui
3001 2141 3120 2196 haec
3153 2141 3268 2210 regi
3300 2138 3513 2209 signiti-

1937 2242 2086 2289 cent.
2154 2234 2358 2290 Verum
2405 2235 2654 2290 Absalon
2681 2251 2806 2290 cum
2841 2234 2894 2288 id
2932 2233 3214 2298 rescisset,
3259 2246 3358 2286 eos
3395 2245 3526 2301 per-

1936 2327 2212 2396 sequitur.
2257 2328 2328 2383 At
2369 2329 2472 2394 illi,
2511 2329 2903 2385 animadverso
2966 2328 3238 2398 periculo,
3293 2326 3524 2396 domum

1935 2419 2231 2490 quamdam
2265 2420 2522 2492 ingrcssi,
2562 2422 2618 2478 in
2657 2431 2826 2493 puteo
2855 2420 3234 2476 delitescunt:
3271 2429 3327 2475 et
3359 2421 3524 2474 dece-

1934 2515 2044 2585 ptis
2071 2515 2543 2585 persecutoribus,
2577 2531 2694 2572 rem
2724 2530 2944 2571 omnem
2986 2513 3055 2570 ad
3095 2512 3357 2568 Davidem
3399 2527 3526 2582 per-

1934 2606 2140 2662 ferunt.
2207 2607 2301 2661 Ille
2364 2615 2533 2661 noctu
2584 2604 2882 2662 Jordanem
2971 2606 3191 2661 transit.
3246 2603 3522 2662 Caeterum

1942 2699 2277 2769 AchitOphel
2323 2707 2436 2754 tum
2482 2699 2650 2753 alium
2682 2699 2786 2754 sibi
2823 2698 3105 2768 praelatum
3131 2712 3277 2768 aegre
3310 2697 3518 2760 ferens,

1947 2797 2064 2844 tum
2098 2789 2311 2844 cladem
2362 2787 2627 2844 Absaloni
2669 2788 3051 2843 imminentem
3088 2788 3276 2842 animo
3318 2784 3522 2856 praevi-

1939 2883 2099 2948 dens,
2135 2882 2365 2938 domum
2400 2883 2540 2948 abit,
2575 2896 2640 2936 ac
2667 2897 2727 2936 se
2763 2880 3075 2950 suspendit.
3128 2879 3301 2934 David
3330 2893 3525 2934 recen-

1935 2991 2066 3035 sens
2107 2975 2410 3032 exercitum
2457 2985 2696 3046 quatuor
2757 2973 2928 3029 millia
2993 2975 3240 3028 virorum
3285 2969 3520 3037 invenit,

1938 3085 2178 3141 cumque
2211 3069 2482 3124 trifariam
2509 3068 2768 3138 partitur,
2800 3067 3005 3137 cuique
3043 3064 3186 3136 parti
3210 3064 3352 3120 duce
3383 3077 3524 3134 prae-

1938 3164 2144 3234 posito.
2201 3162 2412 3218 Verum
2467 3161 2630 3215 amici
2669 3175 2798 3215 eum
2842 3159 3113 3214 interesse
3162 3171 3358 3228 pugnae
3405 3154 3521 3226 pati

1937 3253 2267 3309 noluerunt.
2294 3249 2453 3317 Quod
2484 3250 2532 3305 si
2564 3265 2690 3304 cum
2716 3249 2811 3304 illo
2842 3248 2899 3302 in
2923 3248 3108 3319 fugam
3137 3253 3520 3310 verterentur,

1936 3345 2089 3400 omni
2122 3359 2221 3414 spe
2256 3343 2512 3399 destituti
2561 3340 2794 3397 forent:
2841 3339 3107 3396 incolumi
3155 3354 3313 3401 vero,
3366 3353 3522 3407 spem

1935 3433 2119 3489 adhuc
2159 3431 2437 3502 reliquam
2481 3431 2736 3486 habituri
2776 3439 2986 3486 essent.
3031 3430 3306 3501 Populum
3355 3429 3522 3500 igitur

1933 3539 2095 3580 suum
2148 3523 2219 3578 ad
2275 3538 2515 3595 pugnam
2577 3523 2770 3589 mittit,
2821 3537 3026 3594 rogans
3101 3529 3162 3576 ut
3224 3525 3522 3591 parcerent

1932 3617 2217 3683 Absaloni,
2259 3616 2307 3672 si
2334 3617 2618 3672 vicissent.
2649 3614 2956 3672 Commisso
3024 3613 3236 3685 proelio,
3272 3609 3522 3667 Davidici

1933 3711 2174 3766 victores
2193 3707 2529 3764 Absalonem
2554 3707 2704 3762 mula
2725 3707 3029 3778 fugientem
3058 3714 3519 3776 persequuntur:

1932 3804 2029 3874 qui
2067 3817 2266 3859 nemus
2314 3802 2622 3873 ingressus,
2678 3815 2861 3868 coma,
2916 3815 3082 3872 quam
3131 3797 3522 3855 densissimam

1931 3895 2135 3961 alebat,
2179 3909 2394 3966 magna;
2440 3893 2681 3964 quercui
2741 3893 3012 3965 implicita
3062 3891 3319 3956 adbasit,
3367 3889 3518 3944 mula

1931 3990 2126 4046 subter
2167 4003 2299 4045 eum
2356 4002 2671 4059 progressa.
2716 3988 2798 4043 lta
2846 3986 3253 4057 dependentem
3290 3983 3517 4055 quidam

1931 4080 2305 4151 conspicatus,
2337 4079 2520 4136 Joabo
2578 4093 2696 4134 rem
2751 4079 2993 4134 nuntiat.
3043 4078 3094 4133 ls
3147 4091 3283 4132 vero
3337 4075 3520 4130 tribus

1933 4171 2166 4241 Spiculis
2199 4171 2258 4226 in
2292 4186 2392 4228 cor
2441 4172 2563 4242 ejus
2605 4171 2894 4242 conjectis,
2931 4171 3042 4242 78
3093 4185 3222 4225 eum
3267 4170 3518 4240 perimit,

1939 4274 1998 4320 ct
2024 4263 2275 4320 victoriae
2307 4263 2566 4319 nuntium
2613 4263 2680 4318 ad
2711 4261 2975 4317 Davidem
3008 4262 3180 4317 mittit
3216 4279 3230 4314 :
3275 4261 3370 4330 qui
3421 4276 3518 4314 au-

1931 4359 2046 4416 dita
2066 4360 2321 4425 victoria,
2358 4375 2492 4414 num
2527 4360 2738 4416 viveret
2769 4359 2918 4413 ﬁlius
2943 4365 3322 4428 percontatur,
3359 4357 3524 4428 ejus-

1931 4468 2042 4524 que
2077 4454 2309 4508 interitu
2340 4453 2587 4524 cognito,
2621 4453 2982 4508 lamentatur.
3021 4449 3128 4506 Sed
3174 4450 3383 4507 Joabus
3428 4464 3522 4505 rec

241 4527 331 4597 ἡδ’
354 4528 591 4599 ἡμίονος
621 4528 984 4599 παρελήλυθε.
1009 4530 1119 4584 Καί
1145 4548 1252 4600 τις,
1276 4532 1657 4605 ἀνηρτημένον
1682 4533 1826 4589 οὕτω

1936 4563 2053 4619 gem
2095 4560 2408 4618 aggressus,
2441 4545 2661 4612 suadet,
2702 4552 2763 4600 ut
2791 4545 2946 4600 finito
2980 4543 3138 4600 luctu
3179 4559 3238 4599 se
3273 4543 3520 4598 militum.

243 4619 323 4674 τὸν
361 4620 701 4694 Ἀϐεσαλὼμ
744 4623 1104 4695 θεασάμενος,
1135 4627 1482 4699 καταμηνύει
1525 4627 1606 4700 τῷ
1642 4629 1824 4684 Ἰωά6.

1920 4637 2244 4707 conspectui
2276 4637 2506 4693 offerret
2531 4653 2544 4691 :
2574 4651 2684 4708 quo
2714 4635 2880 4699 facto,
2905 4650 3030 4691 cum
3061 4650 3160 4691 eos
3192 4634 3506 4690 collaudas-

251 4707 305 4764 '0
325 4711 404 4781 δὲ,
430 4712 655 4784 βέλεσιν
678 4713 841 4768 αὐτὸν
869 4716 1020 4786 τρισὶ
1054 4718 1198 4771 κατά
1226 4718 1328 4789 τῆς
1354 4719 1587 4791 καρδίας
1615 4719 1824 4790 βαλὼν,

1936 4734 2026 4792 tet,
2051 4727 2233 4782 caeteri
2279 4741 2473 4782 omnes
2511 4725 2580 4781 ad
2624 4725 2864 4780 cilicium
2912 4726 3150 4781 rediere.
3191 4723 3514 4796 Hierosoly-

244 4799 573 4867 ἐθανάτωσε,
606 4805 704 4860 καὶ
730 4805 823 4860 τὸν
849 4807 950 4878 τὴν
976 4807 1138 4880 νίκην
1172 4809 1599 4880 ἀπαγγελοῦντα
1622 4812 1700 4882 τῷ
1728 4811 1826 4884 βα-

244 4894 370 4950 σιλεί
417 4897 805 4964 ἐξαπέστειλε.
841 4899 1198 4972 Μηνυθείσης
1234 4902 1292 4956 δὲ
1331 4905 1432 4975 τῆς
1456 4904 1614 4977 νίκης
1646 4906 1823 4978 αὐτῷ,

243 4987 286 5038 εἰ
315 4987 379 5059 ζῇ
406 4990 436 5042 ὁ
465 4991 610 5056 υίὸς,
645 4990 1000 5048 ἐπυνθάνετο.
1051 4993 1317 5060 ’Δκούσας
1353 4996 1410 5050 δὲ
1437 4997 1691 5053 τεθνάναι
1722 4999 1823 5052 αὑο

241 5077 344 5142 τὸν,
368 5081 720 5153 ἀπωδύρετο.
751 5083 954 5138 Ἐλθὼν
985 5084 1043 5139 δὲ
1065 5087 1203 5159 πρὸς
1222 5088 1315 5142 τὸν
1341 5087 1568 5159 βασιλέα
1586 5091 1616 5144 ό
1639 5089 1822 5154 Ἰωὰϐ,

242 5168 447 5226 ἔπεισεν
495 5171 586 5238 οἷς
621 5168 745 5228 εἷπε
774 5175 1093 5232 παύσασθαι
1127 5179 1222 5234 τοῦ
1253 5179 1473 5252 θρηνεῖν
1494 5197 1509 5212 ο
1538 5184 1827 5252 παυσάμε-

1921 4833 2010 4873 ma
2027 4817 2330 4875 revertenti
2353 4818 2574 4874 obviam
2599 4816 2660 4873 ﬁt
2683 4816 2917 4882 Semeis,
2935 4815 3264 4870 delictorum
3292 4815 3510 4870 veniam

1922 4919 2142 4983 petens.
2177 4910 2296 4966 Rex
2317 4918 2375 4965 et
2406 4909 2490 4964 illi
2518 4924 2577 4964 se
2603 4909 2924 4965 condonare
2961 4909 3203 4978 culpam,
3241 4915 3298 4962 et
3325 4907 3510 4962 omni-

1929 5003 2035 5058 bus
2061 5002 2131 5058 iis
2156 5017 2186 5057 a
2206 5002 2409 5071 quibus
2437 5002 2680 5056 violatus
2699 5009 2868 5067 esset,
2890 5001 3061 5072 jurat.
3097 4998 3330 5056 Obviam
3351 5014 3512 5070 egre-

1930 5094 2085 5150 ditur
2128 5102 2186 5149 et
2229 5092 2728 5163 Memphibostbes,
2785 5094 2881 5165 qui
2927 5109 3054 5166 rege
3099 5095 3511 5164 expostulante,

1922 5200 2024 5242 cur
2064 5185 2208 5256 fugae
2252 5187 2439 5242 socius
2493 5202 2606 5242 nou
2665 5187 2881 5252 fuisset,
2930 5189 3148 5259 culpam
3176 5203 3397 5243 omnem
3447 5187 3514 5242 in

240 5261 318 5366 νός
354 5279 414 5366 τε
473 5265 714 5331 καὶτοῖς
743 5269 1110 5338 στρατιώταις
1138 5272 1518 5341 ἐμφανισθεὶς,
1553 5273 1822 5346 ἐπῄνεσεν

1936 5277 2107 5335 Ξὶδαω
2146 5279 2446 5347 transfert,
2479 5279 2575 5350 qui
2614 5280 2723 5336 sibi
2778 5281 2845 5337 ad
2884 5281 2992 5337 iter
3028 5281 3342 5336 necessaria
3391 5293 3516 5334 non

242 5354 446 5448 αὐτούς.
487 5356 712 5448 ΫΠόιντες
748 5356 794 5410 δ’
820 5358 895 5421 ὡς
928 5360 1060 5431 πρὶν
1103 5362 1254 5432 αὐτῷ
1293 5363 1674 5435 ὑπετάγησαν,
1723 5367 1822 5422 καὶ

1936 5385 2166 5432 iarasset
2199 5393 2214 5430 :
2246 5389 2373 5432 cum
2403 5376 2542 5447 ipse,
2573 5377 2814 5448 pedibus
2839 5378 3007 5438 legis.
3040 5377 3195 5446 sequi
3238 5390 3348 5431 non
3371 5390 3502 5446 pos.-

241 5441 572 5541 ἐπελήλυθεν
602 5449 685 5514 εἰς
725 5449 1097 5524 Ἱεροσόλυμα.
1145 5456 1391 5512 ’Δπιόντι
1421 5458 1480 5512 δὲ
1512 5461 1819 5533 συνήντησε

1936 5474 1990 5523 et
2027 5486 2042 5523 :
2074 5483 2180 5524 nec
2211 5467 2296 5524 his
2311 5441 2635 5525 conientu-m
2653 5470 2922 5541 adiecisse
2951 5441 3279 5534 calumnias,
3309 5441 3497 5523 et—ne-

245 5531 446 5640 Eii-cci,-
472 5542 817 5640 ou-nvdip'qv
875 5545 1047 5600 αἰτῶν
1103 5547 1190 5617 ἐφ’
1217 5543 1420 5622 οἷσπερ
1470 5531 1816 5624 ἡμάρτηκεν.

1936 5559 2047 5614 aria
2097 5559 2411 5616 mendacia.
2468 5561 2636 5617 David
2693 5531 2916 5630 accepta
2969 5560 3212 5616 hominis
3265 5531 3512 5617 excusa-

267 5624 369 5732 0ft
385 5631 627 5732 nauci-vui
646 5633 747 5703 τὴν
765 5635 1042 5707 ἁμαρτίαν
1059 5635 1276 5720 ὤμοσεν
1305 5641 1548 5711 ἀφιέναι,
1569 5649 1661 5699 καὶ
1674 5649 1813 5701 πᾶσι

1936 5652 2092 5715 ,ione,
2144 5652 2416 5708 bonorum
2447 5654 2731 5711 semissem
2763 5624 3057 5709 ei—restitui
3087 5653 3269 5724 jubet.

245 5721 465 5824 stic-ei;
495 5721 662 5824 αὐτὸν
706 5724 1194 5824 πλημμελήσασιν.
1232 5730 1541 5805 ’Δπήντησε
1572 5734 1630 5788 δὲ
1661 5735 1754 5789 καὶ
1782 5737 1811 5789 ό
1847 5738 2230 5810 Μεμφιόοσθέ.
2264 5742 2375 5796 Καὶ
2428 5743 2458 5795 ὁ
2507 5743 2781 5814 βασιλεὺς,
2816 5743 2871 5798 τί
2937 5745 3002 5817 δή
3046 5721 3180 5799 ποτε
3233 5743 3309 5816 μὴ
3393 5739 3509 5808 τῆς

247 5815 412 5884 φυγῆς
446 5815 601 5888 αὐτῷ
628 5817 1054 5890 κεκοινώνηκεν,
1087 5821 1272 5894 ἤρετο.
1311 5824 1370 5880 '0
1407 5824 1466 5880 δὲ
1495 5826 1690 5883 τούτου
1757 5828 1852 5886 τὸν
1890 5831 2025 5888 Σιὸὰ
2093 5830 2417 5890 αἰτιώτατον
2444 5833 2622 5906 ἔλεγε,
2659 5834 2736 5906 μὴ
2765 5815 3134 5908 ἑτοιμάσαντά
3178 5838 3229 5892 oi
3270 5815 3339 5892 τά
3363 5833 3514 5906 πρὸς,
