4098 6448
515 392 619 456 159

1810 391 2137 456 JOANNIS
2168 390 2311 452 ZON
2325 393 2496 453 ΑΠᾹΞ

3677 395 3782 460 160

507 509 607 581 τὴν
633 507 812 576 ἔξοδον
837 524 852 540 ·
885 507 1049 562 αὐτὸν
1074 507 1132 562 δέ
1160 507 1259 572 τάς
1294 507 1482 579 βάσεις
1523 507 1654 562 ὂντα
1686 505 2089 578 βεϐλαμμένον,
2134 503 2212 572 μὴ
2258 498 2372 558 οἷόν
2443 507 2491 558 τ’
2541 499 2682 560 εἶναι
2729 507 3080 562 συνέπεσθαι.
3135 508 3239 562 Τὸν
3289 507 3470 563 δὲκαὶ
3518 510 3784 580 προσδια-

511 602 699 655 ϐαλεῖν
727 601 891 656 αὐτὸν
929 601 1280 673 κακούργως,
1307 601 1405 655 καὶ
1444 599 1925 671 καταψεύσασθαι.
1989 595 2136 667 Πρὸς
2201 595 2378 650 ταῦτα
2430 599 2598 654 Δαϐὶδ
2627 601 2724 655 καὶ
2771 599 3108 673 συγγνώμην
3155 600 3308 672 αὐτῷ
3357 603 3625 674 παρεῖχε,
3677 606 3775 657 καὶ

510 693 582 747 τὰ
632 694 812 764 ἡμίση
866 694 967 763 τῆς
1023 694 1380 756 ὑποστάσεως
1438 691 1589 763 αύτῷ
1639 687 2096 758 ἀποκαταστῆναι
2134 683 2413 741 ἐκέλευσε.

588 786 671 842 Vl.
707 787 844 841 Post
881 785 1000 841 haec
1035 801 1162 857 rege
1199 785 1421 856 Galgala
1459 784 1736 856 profecto,
1772 781 1956 838 omnis
1999 793 2101 849 po-

2277 781 2370 845 G'.
2403 780 2866 852 Παραγενομένου
2899 779 2958 834 δέ
2981 779 3076 834 τοῦ
3108 781 3373 852 βασιλέως
3403 783 3482 845 είς
3507 782 3786 852 Γάλγαλα,

515 878 684 948 pulus
707 877 1049 934 lsraeliticus
1071 880 1137 932 ad
1172 892 1301 933 eum
1326 877 1608 944 convenit,
1657 875 1946 934 Judaicam
1999 872 2100 928 tri-

515 969 649 1024 bum
676 985 969 1036 accusans,
1003 970 1152 1040 quod
1178 972 1318 1026 clam
1355 970 1423 1026 ad
1464 971 1620 1025 illum
1646 985 1706 1025 se
1746 968 2097 1024 contulisset.

519 1061 589 1117 At
644 1062 748 1129 illi,
802 1077 916 1118 non
965 1063 1075 1120 hoc
1112 1065 1218 1119 sibi
1269 1063 1405 1118 vitio
1453 1079 1578 1119 esse
1619 1062 1864 1118 dandum
1914 1062 2096 1124 aiunt,

519 1153 666 1222 quod
717 1170 919 1226 genere
982 1155 1269 1226 conjuncti
1324 1163 1515 1211 essent
1578 1155 1713 1226 regi.
1772 1153 1877 1222 Qui
1920 1166 2104 1208 sermo

521 1247 698 1302 durus
731 1247 884 1303 visus
911 1257 998 1304 est
1036 1249 1240 1318 popqu
1284 1263 1298 1301 :
1345 1256 1403 1304 et
1435 1248 1522 1303 vir
1563 1246 1788 1318 quidam
1836 1245 2104 1300 factiosus

520 1349 688 1408 atque
723 1340 1038 1410 improbus,
1071 1341 1298 1396 nomine
1351 1339 1579 1404 Sabeas,
1603 1355 1672 1394 ex
1711 1339 1858 1393 tribu
1908 1337 2105 1408 Benja-

521 1430 736 1496 mitica,
774 1432 1045 1487 exclamat
1076 1448 1092 1494 ;
1129 1431 1294 1486 Nobis
1321 1430 1474 1486 nulla
1519 1434 1574 1486 in
1615 1430 1818 1485 Davide
1849 1447 1975 1500 pars
2004 1437 2103 1493 est,

521 1537 688 1591 neque
748 1521 862 1576 ulla
916 1525 971 1576 in
1019 1523 1200 1578 leucri
1249 1523 1365 1592 ﬁlio
1422 1524 1741 1590 hereditas;
1804 1520 2107 1590 inflatoque

522 1627 723 1676 cornu,
771 1627 968 1667 omnes
1019 1630 1050 1668 a
1107 1615 1311 1670 Davide
1372 1614 1439 1670 ad
1489 1628 1612 1670 sese
1650 1613 1949 1681 abstrahit,
1991 1613 2108 1667 sola

525 1702 672 1758 tribu
703 1703 933 1760 Iudaica
967 1705 1114 1776 apud
1140 1721 1267 1762 eum
1312 1713 1698 1776 permanente.
1743 1705 1862 1760 Rex
1919 1712 2108 1760 autem

523 1796 765 1852 Ahesam
812 1797 1206 1866 imperatorem
1252 1807 1538 1864 creatum,
1583 1796 1654 1852 ad
1699 1795 2040 1867 colligendas
2077 1811 2108 1852 e

524 1883 757 1941 Iudaica
785 1885 934 1940 tribu
965 1887 1155 1956 copias
1177 1887 1418 1958 ablegat,
1465 1898 1524 1942 ut
1547 1888 1693 1941 intra
1726 1887 1970 1942 triduum
2022 1901 2113 1941 re-

525 1984 859 2030 verteretur.
893 1977 1098 2032 Verum
1133 1978 1228 2032 illo
1254 1985 1528 2044 cessante,
1568 1977 1744 2033 Joabo
1769 1976 2017 2040 mandat,
2051 1985 2114 2032 ut

527 2077 653 2116 cum
692 2063 760 2117 iis
801 2064 1072 2120 militibus
1115 2067 1211 2136 qui
1245 2067 1314 2122 ad
1355 2083 1576 2122 manum
1619 2077 1827 2132 essent,
1879 2067 2109 2123 Sabeam

531 2153 822 2210 invaderet
873 2174 887 2210 :
943 2155 1044 2222 Ne,
1099 2157 1304 2226 inquit,
1361 2160 1878 2229 procrastinantibus
1919 2161 2108 2223 nobis,

530 2245 733 2300 inimici
772 2248 906 2302 vires
962 2257 1279 2319 augeantur.
1334 2248 1533 2308 Statim
1589 2251 1658 2306 ad
1705 2251 1910 2307 bellum
1960 2251 2112 2308 vadit

533 2334 763 2405 Joabus,
821 2339 912 2395 cui
963 2356 1091 2396 cum
1130 2342 1347 2412 magnis
1394 2342 1571 2412 copiis
1619 2343 2110 2399 occurritAbesa:

534 2446 647 2501 quo
679 2431 1000 2498 accedente,
1033 2432 1216 2503 gladio
1247 2449 1358 2504 quo
1396 2435 1680 2490 accinctus
1731 2443 1872 2500 erat,
1917 2435 1986 2490 de
2028 2436 2116 2490 in-

536 2522 752 2577 dustria
796 2538 827 2578 e
875 2524 1074 2595 vagina
1120 2524 1275 2580 humi
1323 2526 1596 2596 projecto,
1640 2526 1996 2596 sublatoque,
2044 2526 2114 2580 ad

535 2629 665 2669 eum
694 2614 1045 2672 salutandum
1078 2632 1249 2688 prope
1282 2633 1598 2690 aggressus,
1623 2617 1857 2674 Abesam
1885 2633 2018 2673 ense
2058 2617 2114 2672 in

535 2715 786 2767 ventrem
822 2707 1002 2764 defixo
1044 2709 1270 2775 occidit,
1322 2718 1379 2765 et
1407 2711 1617 2781 populo
1663 2711 1784 2782 ejus
1829 2719 2116 2781 assumpto

536 2797 768 2854 Sabeam
799 2801 1174 2870 persequitur,
1235 2801 1327 2872 qui
1361 2801 1414 2856 in
1453 2801 1648 2860 urbem
1687 2801 1959 2856 munitam
1985 2815 2120 2856 con-

539 2889 780 2960 fugerat.
833 2891 966 2946 Eam
1010 2891 1306 2948 obsidente
1339 2892 1536 2959 Joabo,
1591 2892 1819 2949 cordata
1865 2893 2120 2963 quasdam

540 2983 766 3048 mulier,
802 2983 871 3039 de
904 2999 1066 3040 muro
1096 2986 1342 3042 clamans
1372 3000 1388 3039 :
1433 2983 1567 3051 Cur,
1593 2985 1796 3056 inquit,
1845 3001 2119 3041 eversurus

542 3093 596 3132 es
628 3075 963 3148 metropolim
995 3076 1398 3134 Israeliticam?
1424 3077 1497 3131 Ob
1527 3075 1779 3143 Sabeam,
1819 3077 2123 3148 respondet

547 3171 664 3225 ille.
703 3169 845 3224 Tum
878 3169 972 3224 illa
1010 3169 1228 3225 civibus
1253 3169 1574 3239 persuadet,
1626 3178 1687 3224 ut
1726 3169 1917 3226 Sabea:
1958 3180 2124 3240 caput

548 3260 660 3331 79
686 3267 1033 3330 amputatum
1070 3259 1127 3315 in
1175 3268 1356 3314 castra
1385 3259 1745 3330 projicerent.
1797 3259 1918 3327 Quo
1954 3259 2122 3336 facto,

544 3353 755 3410 Joabns
807 3350 1098 3408 obsidione
1147 3351 1365 3417 soluta,
1421 3349 1802 3423 Hierosolyma
1843 3367 2122 3420 reversus,

2203 870 2447 944 συνήχθη
2493 873 2613 926 ἐκεῖ
2655 875 2764 938 πᾶς
2813 875 2841 927 6
2879 871 3008 936 λαὸς
3045 870 3283 944 Ἰσραὴλ,
3320 872 3638 942 αἰτιώμενοι
3689 877 3790 946 τὴν

2214 965 2389 1020 Ἰούδα
2439 967 2614 1038 φυλὴν
2658 967 2836 1039 λάθρα
2876 967 3015 1038 πρὸς
3058 968 3224 1023 αὑτὸν
3268 968 3552 1024 ἐλθοῦσαν.
3605 972 3668 1024 Ol
3731 971 3790 1026 δὲ

2207 1058 2376 1130 μηδὲν
2409 1059 2661 1124 κακίζειν
2683 1060 2882 1124 αὐτοὺς
2912 1059 3100 1128 ἐλεγον
3128 1059 3217 1114 διὰ
3245 1060 3404 1114 τοῦτο
3444 1062 3680 1127 οἰκείους
3705 1062 3792 1116 6v-

2204 1168 2304 1215 τας
2349 1152 2487 1223 πρὸς
2519 1153 2679 1222 γένος
2715 1151 2794 1224 τῷ
2829 1152 3058 1224 βασιλεῖ.
3103 1152 3194 1223 τῷ
3223 1152 3282 1208 δὲ
3323 1152 3437 1225 λαῷ
3485 1153 3723 1226 σκληρὸς
3764 1157 3794 1210 ό

2205 1243 2365 1313 λόγος
2397 1237 2554 1310 οὗτος
2594 1246 2791 1317 ἐφάνη.
2829 1246 2940 1301 Καί
2982 1263 3068 1310 τις
3105 1246 3244 1318 ἀνὴρ
3285 1247 3616 1317 Βενιαμίτης
3668 1263 3796 1301 στα-

2209 1336 2409 1407 σιώδης
2447 1337 2542 1391 xal
2571 1339 2832 1408 πονηρὸς,
2862 1337 3033 1392 Σασεέ
3063 1339 3405 1411 κεκλημένος
3423 1355 3437 1367 ·
3463 1341 3584 1394 οὐκ
3620 1341 3796 1394 ἐστιν

2208 1427 2356 1497 ἡμῖν
2371 1430 2543 1498 μερὶς
2571 1429 2642 1484 ἐν
2672 1431 2875 1496 Δαόιδ,
2895 1429 3041 1484 οὐδὲ
3074 1431 3448 1501 κληρονομία
3483 1432 3552 1486 ἐν
3582 1431 3664 1498 τῷ
3689 1432 3797 1498 υΙῷ

2221 1521 2473 1585 Ἰεσσαὶ,
2530 1521 2818 1592 ἀνεϐόησε.
2855 1521 2968 1576 Kal
3009 1522 3282 1585 σαλπίσας
3332 1524 3391 1576 ἐν
3429 1522 3642 1592 κέρατι,
3687 1525 3798 1578 άπ-

2209 1611 2407 1684 έστησε
2451 1612 2661 1677 πάντας
2712 1614 2820 1668 ἀπὸ
2850 1613 3036 1678 Δαϐὶδ,
3073 1613 3243 1684 μόνης
3272 1615 3370 1686 τῆς
3407 1614 3580 1668 Ἰούδα
3622 1616 3795 1686 φυλῆς

2210 1705 2639 1776 παραμεινάσης
2675 1704 2845 1774 αὐτῷ.
2876 1705 2935 1758 Ὀ
2971 1705 3228 1775 βασιλεὺς
3259 1705 3337 1772 δέ,
3368 1707 3678 1778 στρατηγὸν
3703 1706 3793 1760 τδν

2222 1796 2423 1851 ’Δϐεσὰ
2497 1796 2958 1867 προϐαλλόμενος.
2987 1796 3238 1862 συλλέξαι
3280 1798 3543 1868 στρατιὰν
3586 1798 3652 1851 ἐκ
3699 1799 3800 1867 τῆς

2223 1887 2393 1942 Ἰούδα
2413 1888 2588 1958 φυλῆς
2611 1887 2983 1954 ἐξαπέστειλε,
3007 1891 3099 1942 καὶ
3127 1891 3265 1959 μετά
3290 1891 3438 1961 τρεῖς
3469 1889 3686 1960 ἡμέρας
3705 1891 3803 1943 ἐπ-

2212 1980 2479 2038 ανελθεῖν.
2506 1981 2863 2053 Χρονίζοντος
2885 1980 2942 2035 δδ
2965 1980 3060 2034 τοῦ
3097 1981 3318 2043 Ἀϐεσά,
3344 1981 3419 2052 τῷ
3461 1982 3620 2035 Ἰωὰσ
3647 1983 3806 2051 ἐγκε-

2213 2073 2433 2127 λεύεται
2453 2074 2552 2144 τὴν
2572 2075 2692 2128 ἐκεῖ
2710 2072 3003 2144 παροῦσαν
3027 2074 3264 2130 λαϐόντα
3291 2074 3545 2145 δύναμιν,
3575 2075 3810 2146 ἐξορμῆ-

2219 2181 2309 2218 σαι
2337 2164 2479 2220 κατὰ
2495 2164 2588 2218 τοῦ
2605 2165 2798 2231 Σαϐεέ,
2820 2166 2957 2223 Ἵνα
2969 2166 3078 2236 μὴ,
3110 2167 3591 2236 ὑπερτιθεμένων
3610 2167 3804 2236 ἡμῶν,

2219 2259 2376 2327 φησὶ,
2427 2255 2669 2328 μᾶλλον
2712 2261 2745 2313 ὀ
2788 2259 3006 2329 ἐχθρὸς
3034 2257 3542 2327 παρασκευασθῇ.
3572 2259 3686 2312 Kal
3713 2261 3811 2312 αὐ-

2219 2351 2348 2405 τίκα
2405 2353 2434 2404 ό
2490 2351 2649 2405 amas
2697 2350 2896 2424 ἐχώρει
2954 2352 3091 2422 πρὸς
3144 2352 3400 2422 πόλεμον.
3455 2352 3701 2405 Ἀπιόντι
3753 2352 3810 2405 δὲ

2225 2445 2362 2514 μετὰ
2399 2445 2645 2516 μεγάλης
2677 2446 2985 2516 δυνάμεως,
3021 2446 3348 2516 συνηντήκει
3379 2446 3532 2517 αὐτῷ
3574 2447 3807 2500 Ἀϐεσά·

2222 2537 2318 2591 καλ⁸
2342 2536 2523 2604 Ἰωάϐ,
2560 2539 2878 2609 προσιόντος
2901 2537 3050 2608 αὺτῷ
3083 2538 3179 2592 τοῦ
3219 2538 3451 2603 Ἀϐεσά,
3478 2541 3539 2593 τὸ
3571 2539 3749 2610 ξίφος,
3784 2539 3813 2593 δ

2224 2631 2586 2701 περιέζωστο,
2627 2631 2899 2703 πεποίηκε
2949 2630 3044 2685 τοῦ
3106 2631 3334 2686 κουλεού
3393 2635 3672 2699 ἐκπεσεῖν,
3721 2635 3815 2688 καὶ

2223 2716 2326 2792 ἦρε
2354 2721 2514 2774 τοῦτο
2566 2721 2674 2775 ἀπὸ
2702 2723 2801 2792 τῆς
2833 2723 2958 2792 γῆς,
2996 2724 3094 2777 καὶ
3116 2723 3467 2778 ἀσπάσασθαι
3518 2727 3814 2798 προσεγγί-

2227 2829 2331 2877 σας
2374 2813 2453 2883 τῷ
2483 2812 2706 2880 ’Δϐεσά,
2738 2807 2845 2868 ὦσε
2889 2815 3031 2869 κατά
3060 2815 3159 2886 τῆς
3187 2817 3426 2888 γαστρὸς
3469 2817 3682 2871 ἐκείνου
3718 2819 3815 2890 τὴν

2231 2906 2532 2977 μάχαιραν,
2565 2909 2660 2961 zeal
2689 2907 3000 2962 ἀπέκτεινε.
3032 2909 3564 2980 Προσλαϐόμενος-δέ
3594 2912 3690 2964 καὶ
3728 2913 3817 2964 τὸν

2229 3000 2442 3054 ἐκείνου
2477 2999 2626 3064 λαὸν,
2653 2999 2745 3054 τὸν
2772 3001 2945 3054 Σαϐεέ
2967 3001 3321 3056 κατεδίωκεν.
3369 3001 3428 3058 '0
3456 3003 3512 3057 δὲ
3543 3004 3624 3066 είς
3659 3004 3817 3058 πόλιν

2229 3092 2540 3162 κατέφυγεν
2561 3092 2787 3163 ὀχυρὰν,
2816 3093 2912 3148 καὶ
2936 3093 3247 3164 ἐπολιόρκει
3274 3094 3375 3165 τὴν
3402 3095 3556 3148 πόλιν
3586 3098 3614 3150 6
3635 3096 3817 3152 Ἰωάϐ.

2232 3185 2342 3240 Kai
2381 3201 2466 3251 τις
2500 3185 2607 3240 ἀπὸ
2645 3185 2740 3239 τοῦ
2777 3185 2994 3256 τείχους
3038 3186 3178 3258 γυνὴ
3219 3189 3416 3258 συνετὴ
3453 3189 3649 3260 ἐϐόησε
3679 3192 3819 3261 πρὸς

2232 3273 2432 3328 αὐτόν·
2492 3274 2619 3329 Ἵνα
2665 3275 2725 3328 τί
2764 3275 3126 3329 καταϐαλεῖν
3162 3275 3394 3344 ἐθέλεις
3439 3281 3823 3348 μητρόπολιν

2233 3367 2514 3436 Ἰσραήλ;
2553 3367 2612 3422 Ὀ
2637 3367 2716 3434 δέ,
2747 3369 2851 3420 Διὰ
2880 3369 2988 3421 τὸν
3018 3368 3224 3434 Σαϐεὲ,
3244 3370 3600 3440 ἀπεκρίνατο.
3638 3371 3704 3424 Ἦ
3744 3373 3821 3439 δέ,

545 3445 796 3500 omnium
849 3443 1136 3513 copiarum
1179 3443 1484 3513 imperator
1523 3443 1768 3515 eligitur.
1835 3443 1970 3502 Post
2011 3447 2117 3502 hau:

2237 3460 2372 3531 πρὸς
2405 3460 2531 3524 τοὺς
2554 3459 2780 3522 πολίτας
2806 3457 3057 3525 ἐλθοῦσα,
3083 3461 3262 3516 πείθει
3289 3463 3558 3531 τεμόντας
3583 3463 3682 3534 τὴν
3718 3482 3814 3517 κε-

546 3551 782 3594 αηηοιιω
831 3535 1066 3607 penuria
1115 3551 1217 3606 per
1264 3534 1566 3590 triennium
1606 3535 1810 3605 pressit
1838 3537 2126 3607 populum,

2235 3551 2410 3624 φαλὴν
2433 3551 2627 3615 Σασεὲ,
2669 3551 2824 3623 ῥίψαι
2857 3551 2937 3607 εἰς
2967 3551 3028 3604 τὸ
3061 3553 3448 3622 στρατόπεδον.
3480 3554 3592 3608 Kal
3624 3554 3822 3608 τούτου

549 3630 710 3702 cujus
741 3643 964 3689 causam
996 3628 1304 3699 requirenti
1337 3627 1473 3700 regi,
1499 3629 1802 3698 respondet
1838 3629 2007 3696 Deus,
2057 3629 2117 3684 oh

2234 3644 2539 3714 γεγονότος,
2570 3645 2599 3698 6
2646 3642 2808 3697 ’Ῑωάϐ
2835 3643 2935 3712 τὴν
2980 3644 3300 3716 πολιορκίαν
3337 3645 3536 3711 λύσας,
3574 3647 3824 3714 ἀπῆλθεν

550 3721 886 3777 Gabaonitas
913 3720 1112 3775 factam
1145 3718 1346 3774 famem
1399 3738 1413 3774 :
1456 3720 1650 3790 eisque
1673 3719 2117 3776 satisfaciendum

2234 3732 2730 3803 εἱςῚερουσαλὴμ,
2774 3733 2870 3786 καὶ
2916 3733 3213 3805 ἀπεδείχθη
3275 3733 3440 3788 πάλιν
3490 3736 3672 3804 πάσης
3725 3735 3823 3805 τῆς

551 3829 676 3869 esse
700 3828 802 3883 pro
828 3811 1164 3882 quibusdam
1193 3827 1409 3878 eorum,
1432 3826 1572 3882 quos
1601 3811 1729 3868 Saul
1752 3821 1944 3868 contra
1968 3813 2117 3868 fidem

2235 3826 2522 3896 δυνάμεως
2553 3824 3020 3896 ἀρχιστράτηγος.
3075 3825 3326 3895 Ἐγένετο
3371 3825 3603 3896 δὲμετά
3647 3828 3826 3879 ταῦτα

552 3922 584 3960 a
609 3905 738 3962 Jesu
773 3916 830 3962 et
859 3904 1215 3960 senatoribus
1245 3904 1326 3960 eis
1355 3903 1562 3971 datam,
1589 3904 1905 3968 occidisset.
1943 3905 2117 3975 ltaqut

2236 3917 2414 3986 λιμὸς,
2440 3918 2536 3969 καὶ
2561 3917 2652 3969 ἐπὶ
2683 3916 2778 3986 ἐτη
2809 3915 2939 3987 τρία
2965 3915 3150 3982 ἐπίεζε
3179 3917 3272 3969 τὸν
3299 3917 3448 3971 λαόν.
3481 3919 3828 3988 Ζητήσαντος

553 4013 650 4052 rex
673 3995 1008 4054 Gabaonitas
1037 3997 1271 4051 accersit
1308 4012 1322 4052 :
1353 4011 1462 4066 qua
1491 4011 1553 4051 re
1587 3994 1848 4051 satisfieri
1894 3995 2001 4051 sibi
2036 4011 2117 4051 ve-

2238 4009 2297 4064 δέ
2329 4008 2424 4063 τοῦ
2452 4008 2720 4078 βασιλέως
2743 4009 2872 4079 περὶ
2901 4007 3118 4074 τούτου,
3151 4008 3457 4080 δεδήλωκεν
3491 4009 3519 4060 6
3547 4009 3703 4072 Θεὸς,
3743 4009 3828 4062 διὰ

563 4090 686 4156 lint,
714 4099 886 4158 rogat.
921 4087 1004 4144 llli
1028 4099 1240 4160 septem
1267 4088 1418 4145 viros
1439 4103 1469 4143 e
1492 4087 1679 4144 Saulia
1710 4086 1916 4143 familia
1939 4097 2137 4158 postu-

553 4183 688 4237 lant.
725 4181 836 4237 Eos
864 4181 1019 4237 dedit
1071 4196 1188 4245 rex,
1233 4191 1298 4236 ut
1341 4180 1642 4252 petierant,
1695 4180 2137 4251 Memphibosthe

554 4285 904 4332 conservato.
947 4275 1164 4344 Quibus
1190 4275 1456 4346 acceptis,
1489 4274 1722 4340 occisis,
1768 4273 2013 4345 pluviam
2042 4274 2141 4331 de-

558 4370 713 4424 misit
749 4369 919 4426 Deus.
967 4369 1177 4424 Deinde
1200 4369 1361 4438 ,bello
1407 4377 1604 4425 contra
1660 4367 1935 4423 Barbaros
1975 4375 2138 4435 orto,

559 4461 728 4516 David
770 4477 897 4516 cum
924 4476 1026 4517 suo
1061 4463 1316 4516 exercitu
1348 4461 1538 4518 hostes
1578 4459 1959 4531 persequitur,
2009 4459 2140 4515 fati-

559 4563 719 4623 gatus
744 4554 906 4624 plane
929 4554 1146 4609 viribus
1172 4553 1519 4609 destituitur.
1567 4553 1743 4620 Quem
1767 4553 1850 4608 sic
1875 4551 2137 4607 allectum

562 4647 785 4717 quidam
815 4662 882 4702 ex
907 4648 1163 4703 hostibus
1196 4646 1574 4716 conspicatus,
1607 4645 1678 4700 ad
1724 4661 1851 4701 eum
1877 4645 2141 4702 occiden-

2239 4103 2368 4168 τοὺς
2391 4102 2744 4166 Γαϐαωνίτας
2765 4101 3010 4170 γίνεσθαι
3035 4103 3127 4157 τὸν
3153 4103 3336 4175 λιμὸν,
3362 4105 3457 4158 καὶ
3484 4105 3596 4158 δεῖν
3625 4105 3826 4169 αὐτοὺς

2241 4195 2483 4260 ἐκδικίας
2514 4197 2720 4267 τυχεῖν,
2753 4195 2872 4250 ἀνθ’
2901 4189 2980 4251 ὧν
3007 4196 3036 4249 6
3070 4197 3242 4250 Σαοὺλ
3269 4196 3594 4251 ἀπέκτεινεν
3626 4197 3688 4264 ἐξ
3727 4199 3828 4253 αὐ-

2242 4288 2377 4354 τῶν,
2411 4286 2487 4360 μὴ
2517 4288 2768 4359 τηρήσας
2801 4288 2928 4352 τοὺς
2965 4287 3122 4360 παρὰ
3151 4287 3329 4359 Ἰησοῦ
3364 4289 3462 4343 καὶ
3497 4289 3597 4359 τῆς
3626 4305 3831 4361 γερου-

2246 4379 2370 4443 σίας
2400 4379 2694 4449 γεγονότας
2735 4379 2936 4451 ὅρκους
2983 4380 3188 4440 αὐτοῖς.
3225 4373 3526 4434 Ἐκάλεσεν
3563 4375 3657 4434 οὖν
3695 4382 3828 4445 τοὺς

2243 4471 2594 4535 Γαϐαωνίτας
2616 4471 2644 4523 6
2666 4469 2941 4542 βασιλεὺς,
2976 4471 3072 4526 καὶ
3094 4472 3145 4524 τί
3167 4470 3234 4525 ἂν
3263 4471 3541 4542 βούλοιντο
3569 4473 3829 4541 γενέσθαι

2245 4565 2432 4628 αὐτοῖς
2474 4563 2707 4618 ἐπύθετο
2760 4565 2842 4628 είς
2885 4563 3177 4633 ἐξίλασμα.
3211 4566 3277 4618 Ol
3321 4564 3380 4619 δέ
3435 4565 3580 4620 ἐπτά
3627 4565 3830 4637 ἄνδρας

2245 4659 2457 4730 ᾔτησαν
2488 4657 2712 4729 δοθῆναι
2733 4658 2918 4722 αὐτοῖς
2946 4659 3014 4712 ἐκ
3047 4657 3142 4711 τοῦ
3163 4659 3313 4712 οἴκου
3345 4658 3536 4716 Σαούλ.
3571 4659 3680 4713 Kal
3707 4659 3834 4712 ἐδω-

560 4741 695 4795 dum
739 4740 1006 4795 accurrit.
1043 4740 1152 4796 Sed
1205 4741 1388 4795 Abesa
1444 4739 1604 4795 Joabi
1659 4737 1852 4805 frater,
1911 4737 2117 4794 defensi

2246 4765 2344 4802 κεν
2371 4749 2553 4812 αὐτοῖς
2582 4748 2610 4801 6
2635 4747 2892 4819 βασιλεὺς
2918 4748 3047 4812 τοὺς
3078 4749 3217 4802 ἑπτὰ
3237 4747 3462 4817 ἄνδρας,
3489 4747 3566 4810 ὡς
3592 4747 3828 4819 ᾔτησαν,

563 4849 714 4905 rege,
751 4833 1052 4888 Barbarum
1080 4832 1368 4889 interficit.
1399 4831 1482 4887 Ob
1519 4831 1574 4887 id
1595 4831 1716 4903 ejus
1753 4831 2021 4886 satellites
2046 4831 2117 4903 ju:

2246 4839 2340 4893 τοῦ
2371 4810 2726 4911 Μεμφιϐόσθέ
2773 4810 3123 4912 φεισάμενος.
3168 4843 3232 4895 Ol
3270 4810 3354 4906 δὲ,
3398 4810 3654 4904 λαϐόντες
3685 4810 3832 4905 σοὺς

510 4998 526 5011 .
564 4934 712 4988 rant.
739 4939 799 4981 se
826 4923 1059 4996 posthac
1094 4941 1205 4980 non
1232 4939 1496 4995 passuros
1537 4939 1668 4979 eum
1721 4923 1866 4978 inire
1908 4922 2142 4978 bellum.

2245 4931 2470 5003 ἄνδρας,
2501 4932 2856 4997 ἀπέκτειναν,
2887 4934 2980 4987 καὶ
3010 4934 3350 5005 κατήνεγκεν
3379 4934 3408 4986 6
3437 4933 3574 4998 Θεὸς
3599 4935 3692 4986 ἐπὶ
3726 4934 3828 5003 τὴν

563 5018 821 5074 Barbaris
865 5018 1052 5073 denuo
1113 5032 1269 5073 arma
1295 5015 1690 5080 inferentibus,
1738 5028 1836 5069 rex
1867 5013 2112 5084 oppositi

2245 5024 2353 5093 γῆν
2381 5023 2557 5079 ὑετόν.
2593 5023 2840 5095 Πολέμου
2871 5023 2928 5078 δέ
2975 5026 3118 5096 μετὰ
3145 5025 3322 5080 ταῦτα
3352 5026 3650 5096 γενομένου
3691 5026 3832 5097 πρὸς

563 5110 681 5166 suis
718 5111 893 5181 copiis
929 5110 1133 5165 multos
1163 5107 1392 5174 occidit,
1418 5107 1664 5178 reliquos
1711 5105 1768 5160 in
1795 5104 1982 5175 fugam
2015 5120 2117 5161 veri

2247 5115 2603 5184 ἀλλοφύλους,
2629 5116 2660 5169 6
2688 5115 2854 5169 Aa6‘t6
2879 5115 3021 5185 μετά
3049 5116 3148 5184 τῆς
3180 5116 3386 5180 οἰκείας
3417 5120 3678 5188 στρατιᾶς
3704 5136 3832 5172 κατ-

566 5211 651 5264 tit.
690 5208 803 5264 Nec
836 5208 1010 5263 multo
1049 5216 1195 5277 post,
1229 5205 1395 5260 iidem
1422 5203 1725 5274 resumptis
1755 5203 1926 5258 armis
1959 5203 2117 5258 incur

2244 5203 2430 5271 εδίωξε
2496 5207 2624 5269 τοὺς
2676 5205 2989 5276 πολεμίους.
3037 5204 3147 5260 Kal
3199 5206 3512 5267 κατάκοπος
3564 5206 3827 5276 γεγονὼς,

563 5303 777 5358 sionem
835 5301 1047 5356 faciunt
1101 5301 1154 5353 in
1207 5313 1369 5369 agros
1443 5297 1842 5362 lsraelitarum,
1905 5294 2117 5351 adducti

2250 5297 2477 5366 παρεῖτο
2498 5295 2767 5360 ἐκλυθείς·
2792 5296 2884 5348 καί
2901 5313 2983 5359 τις
3005 5295 3114 5349 τῶν
3134 5295 3414 5361 ἐναντίων,
3439 5294 3610 5359 οὕτως
3635 5297 3830 5367 ἔχοντα

565 5412 752 5453 secum
788 5396 1056 5467 gigantem
1079 5402 1308 5448 staturae
1350 5391 1493 5455 viro,
1527 5391 1621 5461 qui
1676 5404 1839 5445 senos
1877 5403 2117 5442 manuun

2246 5389 2338 5442 τὸν
2364 5386 2591 5458 βασιλέα
2617 5386 2762 5452 ίδὼν,
2795 5386 3023 5458 ὥρμησε
3056 5385 3298 5453 πατάξαι
3331 5387 3516 5442 αὐτόν.
3538 5385 3740 5441 Ἀϐεσὰ
3771 5387 3829 5440 δέ

567 5500 623 5545 et
654 5489 853 5560 pedum
887 5488 1093 5560 digitos
1127 5485 1368 5541 habebat
1409 5504 1423 5539 :
1468 5499 1578 5555 quo
1613 5482 1884 5539 Jonathas
1924 5480 2113 5535 Davidi

2243 5481 2273 5534 6
2302 5477 2728 5548 ἁδελφὺςἹωάὅ,
2765 5478 3154 5549 ὑπερασπίσας
3178 5477 3272 5530 τοῦ
3304 5477 3588 5548 βασιλέως,
3618 5478 3710 5531 τὸν
3735 5478 3834 5532 άλο

567 5581 758 5637 fratris
820 5581 969 5636 illius
999 5580 1184 5636 occiso
1215 5578 1586 5649 spoliatoque,
1636 5572 2002 5645 p0pularibus
2030 5572 2114 5627 sui

2246 5573 2476 5644 λόφυλον
2504 5572 2731 5627 ἔκτεινε.
2769 5573 2877 5626 Kal
2896 5571 2986 5624 διὰ
3018 5570 3177 5624 τοῦτο
3204 5568 3443 5641 ὥμωσαν
3473 5571 3522 5623 oi
3563 5571 3690 5641 περὶ
3719 5570 3814 5622 Aac

568 5673 859 5728 victoriam
889 5674 1196 5729 faciliorem
1228 5670 1495 5728 reddidit.
1529 5668 1614 5723 Ab
1637 5683 1703 5723 eo
1741 5675 1992 5736 tempore
2024 5665 2111 5720 bel

2251 5664 2356 5728 6l6,
2397 5662 2599 5735 μηκέτι
2643 5663 3054 5733 παραχωρῆσαι
3087 5661 3250 5717 αὑτὸν
3282 5664 3363 5725 εἰς
3409 5661 3646 5731 πόλεμον
3677 5659 3828 5724 ἐξελ-

569 5764 684 5820 lum
713 5763 917 5818 inferre
944 5765 1174 5820 Barbari
1201 5763 1563 5819 destiterunt.

2249 5758 2386 5814 θεῖν.
2413 5760 2526 5812 Kal
2552 5759 2714 5812 πάλιν
2736 5759 2792 5810 δέ
2823 5757 2934 5811 τῶν
2963 5756 3280 5826 ἀλλοφύλων
3313 5758 3827 5827 στρατευσαμένων,

576 5857 791 5924 στείλας
823 5861 850 5911 6
880 5857 1127 5925 βασιλεὺς
1162 5858 1392 5926 στρατὸν
1421 5855 1508 5909 ἐπ’
1536 5854 1752 5918 αὐτοὺς,
1783 5845 2008 5909 πολλοὺς
2044 5846 2142 5915 μὲν
2181 5831 2515 5922 κτανθῆναί
2551 5850 2839 5923 πεποίηκε,
2873 5850 2995 5915 τοὺς
3021 5848 3077 5902 δὲ
3103 5847 3547 5918 περιλειφθέντας
3610 5846 3822 5918 φυγεῖν.
