4098 6400
283 369 371 460 “161
1549 390 1964 453 ANNALIUM
2003 393 2154 454 LIB.
2197 394 2288 455 II.

3408 402 3510 469 162

285 502 597 568 Διαλιπόντες
650 502 710 558 δὲ
773 501 972 575 μικρὸν
1021 500 1071 555 oi
1106 500 1421 572 ἀλλόφυλοι.
1469 500 1705 572 ἐπῆλθον
1743 499 1825 553 ἔτι
1861 500 2004 555 κατά
2070 505 2175 575 τῆς
2241 505 2426 580 χώρας
2457 509 2567 564 τῶν
2593 510 2966 584 Ἰσραηλιτῶν.
3004 514 3112 568 Καὶ
3139 509 3209 588 ἦν
3242 518 3377 590 παρ’
3407 521 3509 574 αό-

284 605 377 664 τοτς
423 598 754 667 γιγαντιαῖος
791 596 952 666 ἀνὴρ,
999 594 1061 660 ἒξ
1105 594 1405 658 δακτύλους
1447 594 1590 666 ἔχων
1630 596 1688 647 ἐν
1757 593 2000 666 ἑκατέρᾳ
2041 599 2210 668 χειρὶ,
2279 603 2374 654 καὶ
2417 602 2621 671 ὁμοίως
2661 604 2720 657 ἐν
2759 608 2874 670 τοῖς
2938 608 3129 662 ποσίν·
3175 602 3219 677 ᾧ
3259 612 3513 682 συμπλα-

283 696 382 758 κεὶς
425 691 679 747 ’Ῑωναθάν
741 691 1062 760 ἀδελφιδοῦς
1119 691 1216 745 τοῦ
1266 690 1451 756 Δαὸὶδ,
1499 689 1802 744 κατέϐαλεν
1863 689 2050 757 αὑτὸν,
2121 696 2215 748 καὶ
2256 696 2578 765 ἐσκύλευσε,
2650 701 2747 754 καὶ
2790 701 2966 773 ῥοπὴν
3019 704 3157 775 πρὸς
3209 705 3368 779 νίκην
3400 709 3512 772 τοῖς

281 785 540 860 ὁμοφύλοις
577 785 911 856 παρέσχετο.
963 783 1165 838 Οὐκέτι
1193 783 1346 852 ’γοῦν
1390 783 1722 855 προσέθεντο
1777 782 1825 835 οί
1864 781 2154 854 ἀλλόφυλοι
2181 791 2295 852 τοῖς
2333 789 2606 860 Ἑϐραίοις
2630 793 2991 864 μαχέσασθαι.

343 881 405 937 Z'.
439 882 675 952 Εἰρήνης
708 880 765 933 δέ
814 879 1004 934 ἔκτοτε
1068 877 1250 949 τυχὼν
1275 881 1303 932 6
1327 878 1511 943 Δαὸὶδ,
1542 877 1686 948 ᾠδὰς
1715 893 1832 930 συν-

2024 879 2132 936 Vll.
2185 880 2368 938 Otium
2420 885 2590 956 igitur
2631 896 2829 942 nactus
2878 888 3071 955 David,
3114 889 3248 946 odas
3286 907 3514 964 compo-

283 978 410 1033 ἔθετο
440 977 578 1044 πρθς
645 971 802 1037 Θεδν,
858 971 954 1025 καὶ
983 969 1196 1040 ὄργανα
1234 970 1682 1035 κατασκευάσας,
1712 965 1834 1038 μετ’

283 1067 435 1124 αὐτῶν
488 1064 700 1130 ἐδίδαξε
753 1065 883 1127 τοὺς
943 1063 1182 1126 Λευϊτας
1224 1063 1352 1127 τοὺς
1401 1060 1611 1133 ὕμνους
1662 1061 1833 1132 ᾅδειν.

281 1155 490 1210 Τοιαῦτα
516 1154 562 1208 δ’
589 1150 734 1226 ἦσαν
763 1154 833 1206 τὰ
858 1152 1086 1222 δργαναο
1120 1154 1152 1222 ἡ
1185 1151 1286 1222 μὲν
1309 1152 1541 1222 κιννύρα
1566 1151 1835 1220 δεκάχορ-

281 1249 355 1309 δος
392 1244 474 1319 ἦν,
522 1247 618 1300 καὶ
653 1245 921 1316 πλήκτρῳ
973 1246 1254 1313 ἐκρούετο.
1295 1243 1360 1295 Ἦ
1389 1243 1447 1295 δὲ
1506 1241 1700 1308 ναῦλα,
1731 1241 1836 1293 δὼ-

277 1342 392 1394 δεκα
416 1338 696 1408 φθόγγους
730 1338 957 1408 ἔχουσα,
1009 1339 1126 1400 τοῖς
1175 1335 1459 1398 δακτύλοις
1513 1334 1832 1403 ἐπλήττετο.

281 1432 533 1502 Κύμδαλά
563 1447 626 1484 τε
659 1431 908 1502 ὑπῆρχον
937 1430 1166 1500 χάλκεα,
1204 1428 1418 1498 μεγάλα
1481 1445 1540 1480 τε
1568 1427 1665 1479 καὶ
1696 1425 1836 1479 πλα-

276 1522 381 1575 τέα.
406 1516 512 1574 Ἦν
551 1521 611 1574 δέ
651 1521 784 1592 περὶ
809 1519 903 1573 τὸν
929 1519 1094 1573 Δαῆὶδ
1123 1519 1220 1572 καὶ
1281 1518 1538 1586 σύστημα
1566 1515 1836 1585 γενναίων

275 1614 481 1687 ἀνδρῶν.
517 1613 657 1667 Οίδὲ
681 1612 891 1666 τούτων
919 1611 1321 1682 ἐπισημότατοι
1341 1610 1641 1681 τριάκοντα
1674 1607 1838 1676 ἐτύγ-

273 1724 416 1777 χανον
440 1709 535 1761 καὶ
558 1705 722 1769 ἑπτὰ,
744 1705 794 1759 ο⁴ί
837 1705 1099 1769 πολλάκις
1153 1703 1516 1776 ἠρίστευσαν.
1564 1701 1674 1755 Καί
1702 1717 1836 1754 ποτε

273 1799 568 1868 ἀλλοφύλων
616 1801 709 1851 ἐπὶ
727 1780 976 1870 Βηθλὶέμ
1014 1793 1625 1868 ἐστρατοπεδευκότων,
1653 1795 1682 1847 6
1735 1792 1836 1864 βα-

274 1891 436 1955 σιλεὺς
461 1892 527 1945 ἐκ
569 1889 664 1944 τοῦ
692 1893 753 1944 ἐν
783 1889 1031 1962 Βηθλεέμ
1064 1889 1302 1961 φρέατος
1335 1887 1480 1958 ὕδωρ
1520 1887 1666 1942 πιεῖν
1704 1887 1837 1938 ἐπε-

272 1983 483 2054 θύμησε.
516 1984 794 2054 Καὶτρεῐς
826 1986 892 2036 ἐκ
915 1982 1024 2036 τῶν
1049 1981 1180 2054 περὶ
1213 1979 1374 2034 αὐτὸν
1404 1979 1688 2050 ἀνδρείων,
1712 1977 1838 2049 δρα-

271 2069 466 2140 μόντες,
511 2071 614 2124 καὶ
670 2070 847 2141 μέσην
901 2069 1002 2141 τήν
1058 2069 1169 2123 τῶν
1222 2067 1483 2123 ἐναντίων
1532 2067 1835 2131 διελθόντες

269 2161 631 2234 παρεμϐολήν,
661 2162 997 2234 ύδρεύσαντο
1049 2162 1110 2228 ἐξ
1142 2161 1356 2216 ἐκείνου
1411 2160 1509 2215 τοῦ
1570 2161 1830 2234 φρέατος.

1941 969 2076 1036 suit,
2119 971 2446 1045 Levitasque
2491 978 2875 1034 instrumentis
2917 980 2986 1035 ad
3026 996 3146 1036 eam
3185 998 3298 1037 rem
3333 985 3512 1052 factis,

1944 1061 2178 1133 hymnos
2235 1079 2438 1122 canere
2487 1069 2697 1124 docuit.
2766 1071 3140 1128 Instrumenta
3197 1075 3515 1145 huiusmodi

1941 1149 2166 1208 fuerunt
2203 1170 2218 1207 :
2253 1156 2502 1226 cyunira,
2531 1157 2718 1213 decem
2750 1167 2944 1215 ornata
2975 1161 3219 1227 chordis,
3249 1163 3462 1233 plectro
3498 1181 3513 1219 :

1940 1243 2166 1298 nablum
2198 1247 2529 1302 chordarum
2573 1249 2887 1315 duodecim,
2936 1252 3124 1323 digitis
3164 1257 3512 1325 pulsabatur.

1941 1333 2138 1390 Parata
2197 1348 2362 1392 erant
2404 1349 2458 1394 et
2495 1341 2744 1412 cymbala
2788 1358 2954 1408 aerea,
3003 1361 3221 1417 magna,
3270 1349 3513 1420 lataque.

1941 1425 2191 1481 Habebat
2233 1444 2400 1498 porro
2450 1430 2597 1486 circa
2641 1447 2700 1487 se
2747 1442 2950 1488 coetum
2990 1435 3234 1490 virorum
3287 1437 3514 1496 fortium

1942 1531 2176 1586 quorum
2211 1518 2572 1576 illustrissimi
2607 1525 2832 1596 triginta
2860 1534 2916 1582 et
2950 1537 3159 1597 septem
3194 1544 3310 1584 rem
3337 1547 3514 1602 saepe-

1941 1623 2176 1665 numero
2229 1611 2370 1667 bene
2417 1623 2722 1684 gesserant.
2769 1617 2838 1671 Et
2885 1635 3011 1673 cum
3045 1620 3234 1676 hostes
3274 1623 3512 1692 quodam

1942 1707 2190 1772 tempore
2219 1703 2365 1759 circa
2395 1706 2769 1763 Bethleemam
2812 1719 2992 1765 castra
3042 1712 3384 1781 posuissent,
3412 1731 3516 1770 rex

1941 1807 1972 1847 e
2005 1802 2194 1863 puteo,
2227 1796 2324 1865 qui
2355 1796 2502 1852 circa
2543 1796 2595 1852 id
2629 1799 2892 1869 oppidum
2940 1811 3080 1864 erat.
3120 1818 3318 1873 aquam
3368 1803 3517 1859 desi-

1942 1884 2180 1940 deravit.
2212 1887 2400 1958 Itaque
2435 1896 2551 1944 tres
2583 1904 2651 1944 ex
2677 1893 2798 1961 ejus
2831 1893 3167 1950 satellitibus
3209 1911 3308 1966 per
3334 1898 3517 1954 media

1943 1976 2186 2034 hostium
2212 1991 2390 2035 castra
2439 1981 2696 2052 profecti,
2739 1999 2936 2056 aquam
2985 1986 3114 2043 inde
3146 1989 3396 2058 petitam,
3421 2005 3515 2046 ea-

1943 2070 2068 2127 dem
2098 2072 2334 2143 regressi
2362 2075 2470 2140 via,
2505 2074 2764 2132 hostibus
2789 2093 2982 2134 eorum
3007 2079 3238 2136 audacia
3271 2091 3518 2138 conster-

1941 2164 2086 2221 natis
2134 2173 2192 2220 et
2240 2166 2682 2236 quiescentibus.
2716 2170 2832 2242 regi
2873 2173 3206 2229 attulerunt.
3247 2174 3320 2230 At
3373 2176 3512 2232 ille:

269 2254 364 2308 Καὶ
395 2254 550 2320 αὖθις
596 2255 690 2309 διὰ
745 2255 856 2308 τῶν
899 2254 1179 2325 πολεμίων
1227 2254 1498 2321 ἐλθόντες,
1550 2253 1832 2308 καταπλα-

1935 2255 2029 2312 Sic
2050 2260 2336 2329 propitius,
2362 2261 2474 2331 80
2499 2260 2703 2332 inquit,
2737 2239 2806 2318 sit
2843 2265 2970 2319 mihi
3001 2264 3165 2331 Deus,
3219 2275 3278 2321 ut
3301 2284 3516 2338 .aquam

267 2345 453 2415 γέντων
485 2348 548 2401 τὸ
582 2348 792 2419 θάρσος
834 2346 1036 2411 αὐτῶν,
1069 2346 1166 2400 καὶ
1190 2346 1570 2419 ἠρεμούντων,
1619 2345 1699 2418 τῷ
1734 2347 1834 2418 βα-

268 2437 394 2492 σιλεί
420 2439 481 2491 τὸ
516 2437 670 2509 ὕδωρ
702 2439 1238 2510 προσκεκομίκοισιν.
1277 2439 1335 2492 '0
1364 2438 1444 2506 δὲ,
1491 2438 1702 2504 Ἵλεώς
1729 2455 1834 2509 μοι

266 2530 480 2599 Κύριος,
511 2526 696 2596 εἶπεν,
729 2533 802 2586 οὐ
831 2531 1042 2601 πίομαι
1078 2530 1286 2596 τοῦτο,
1341 2531 1546 2601 αἵματι
1578 2529 1698 2585 τῶν
1725 2532 1835 2585 ἀν·-

263 2619 406 2689 δρῶν
452 2625 551 2677 καὶ
583 2623 854 2692 κινδύνῳ
883 2621 1003 2677 τῶν
1031 2622 1253 2693 ψυχῶν
1293 2622 1496 2678 αὐτῶν
1521 2621 1832 2692 κομισθέν.

266 2715 366 2768 Οὐκ
403 2715 559 2770 ἔπιεν
613 2715 732 2780 οὖν,
766 2716 885 2769 ἀλλ’
913 2714 1172 2770 ἔσπεισεν
1203 2715 1338 2770 αὗτδ
1395 2715 1476 2787 τῷ
1517 2715 1656 2785 Θεῷ.
1702 2714 1836 2768 ’Arc-

264 2807 562 2880 αριθμῆσαι
592 2808 652 2862 δέ
687 2809 783 2862 τὸν
814 2809 944 2863 λαδν
980 2809 1198 2864 ἅπαντα
1239 2807 1544 2880 βουληθεὶς,
1579 2808 1834 2862 ἐκέλευσε

263 2899 344 2952 τὸν
406 2901 568 2955 Ἰωάσ
604 2901 839 2972 ποιῆσαι
877 2901 980 2970 τὴν
1043 2900 1452 2972 ἀπαρίθμησιν.
1505 2899 1614 2953 Τοῦ
1661 2899 1718 2953 δέ
1759 2898 1836 2970 μὴ

261 2989 642 3057 ἐπαινέσαντος
679 2993 780 3063 τὴν
811 2993 1032 3064 βουλὴν,
1065 2993 1164 3046 καὶ
1193 2992 1295 3064 τὴν
1333 2993 1535 3064 πρᾶξιν
1559 2993 1659 3047 οὐκ
1691 2994 1834 3062 ἀγα-

261 3086 351 3156 θήν
376 3084 653 3155 λέγοντος,
686 3089 714 3140 6
741 3084 994 3156 βασιλεὺς
1037 3084 1139 3138 οὐκ
1164 3084 1432 3139 ἐπείθετο.
1458 3085 1570 3138 Καὶ
1592 3083 1835 3153 ἀπῆλθεν

260 3177 429 3244 Ίωάῆ,
464 3180 562 3233 καὶ
596 3179 878 3250 ἠρίθμησε
904 3178 998 3231 τὸν
1066 3175 1218 3241 λαὸν,
1271 3175 1370 3230 καὶ
1404 3171 1474 3248 ἦν
1521 3176 1552 3228 6
1601 3175 1834 3247 ἀριθμὸς

259 3267 470 3342 Ἰσραήλ
534 3270 884 3324 ὀκτακοσίων
957 3266 1217 3340 χιλιάδων
1270 3267 1483 3338 ἀνδρῶν
1528 3265 1836 3337 δυνάμεως,

262 3365 561 3435 σπωμένων
629 3362 935 3434 ῥομφαίαν,
989 3363 1087 3415 καὶ
1142 3359 1521 3413 πεντακοσίων
1580 3357 1835 3428 χιλιάδων

267 3459 472 3529 ἀνδρῶν
512 3460 782 3531 μαχήτῶν
839 3457 950 3510 τῶν
979 3455 1038 3522 ἐξ
1069 3453 1242 3508 Ἰούδα
1287 3454 1482 3524 φυλῆς.
1514 3446 1650 3506 Εἶτα
1700 3468 1834 3521 μετ-

1934 2349 2072 2403 Ιιαηε
2099 2365 2203 2403 non
2236 2349 2430 2418 bibam,
2465 2355 2729 2423 sanguine
2757 2354 2990 2408 virorum
3029 2363 3080 2409 et
3126 2356 3360 2427 perirqu
3392 2360 3517 2412 ani-

1937 2457 2151 2496 marum
2189 2459 2374 2497 eorum
2417 2442 2669 2500 dilatam.
2698 2445 2892 2518 Neque
2939 2447 3104 2513 bibit,
3158 2451 3256 2506 sed
3315 2451 3516 2506 libavit

1935 2532 2069 2588 Deo.
2123 2533 2253 2588 Post
2302 2533 2476 2589 Joabo
2523 2535 2752 2590 mandat
2799 2545 2859 2592 ut
2911 2538 3176 2608 populum
3231 2548 3513 2596 numeret.

1937 2623 1989 2680 ls
2018 2623 2124 2680 etsi
2162 2625 2217 2680 id
2262 2625 2560 2680 consilium
2591 2625 2960 2697 improbabat,
3013 2638 3070 2683 et
3114 2645 3228 2683 rem
3282 2631 3514 2686 minime

1932 2716 2196 2772 laudabat
2229 2755 2243 2782 ,
2283 2725 2468 2773 tamen
2510 2733 2636 2773 cum
2658 2734 2842 2790 regem
2874 2735 2905 2775 a
2936 2721 3210 2776 sententia
3232 2720 3516 2782 dimovere

1934 2823 2048 2863 non
2080 2816 2287 2878 posset,
2341 2817 2520 2880 paret,
2559 2820 2838 2876 numerat,
2880 2811 3090 2868 invenit
3139 2814 3515 2870 lsraelitarum

1935 2903 2250 2973 octingenta
2279 2904 2449 2958 millia
2483 2904 2880 2960 bellicosorum
2909 2914 2964 2960 et
2985 2905 3212 2961 fortium
3245 2907 3517 2975 virorum,

1940 3003 1998 3050 et
2023 2998 2324 3067 quingenta
2355 2995 2527 3051 millia
2557 2997 2797 3053 Judaicae
2827 2997 3026 3064 tribus,
3061 2998 3191 3052 item
3223 2998 3518 3054 bellicoso.

1935 3103 2081 3144 rum.
2114 3089 2315 3145 Verum
2345 3088 2512 3144 David
2543 3089 2726 3144 statim
2756 3088 2886 3144 facti
2944 3091 3243 3160 paenitens,
3285 3106 3344 3146 se
3389 3107 3518 3162 pec-

1936 3193 2090 3234 casse
2124 3178 2442 3245 conﬂtetur,
2488 3189 2546 3236 et
2577 3179 2690 3236 Gad
2735 3181 3005 3251 prepheta
3050 3197 3175 3236 eum
3211 3183 3368 3253 jussu
3410 3185 3508 3240 Dei

1936 3285 2225 3341 aggressus
2260 3287 2276 3326 :
2316 3270 2522 3334 Trium,
2560 3270 2760 3341 inquit,
2794 3271 2886 3325 tibi
2931 3287 3110 3325 rerum
3139 3274 3282 3344 optio
3315 3273 3502 3339 datur,

1936 3377 2065 3414 num
2089 3359 2244 3415 malis
2277 3369 2334 3414 tu
2373 3369 2424 3416 et
2454 3362 2600 3432 regio
2639 3377 2734 3432 per
2785 3363 3120 3432 septennium
3152 3361 3293 3431 fame
3320 3365 3513 3433 premi,

1938 3469 2009 3508 an
2039 3470 2132 3524 per
2156 3465 2261 3508 tres
2286 3470 2487 3509 menses
2539 3454 2604 3508 ab
2629 3455 2863 3508 hostibus
2896 3457 3076 3525 urgeri
3115 3470 3134 3508 :
3189 3472 3260 3510 an
3293 3467 3517 3512 mortem

259 3551 475 3618 εμέλετο
501 3554 530 3604 6
559 3549 755 3614 Δαὸὶδ,
793 3549 889 3602 καὶ
922 3547 1194 3618 ὡμολόγει
1219 3544 1623 3615 ἡμαρτηκέναι.
1649 3543 1755 3596 Γὰδ
1775 3542 1832 3596 δέ

1939 3561 2033 3615 per
2059 3547 2292 3600 triduum
2317 3547 2558 3616 grassari
2581 3549 2634 3602 in
2673 3547 2885 3617 populo.
2928 3547 3010 3601 Ibi
3066 3547 3236 3604 David
3269 3549 3514 3620 undique

261 3603 600 3711 6.1rpoqiil1rq;
635 3603 999 3699 κελεύσαντος
1045 3603 1141 3688 τοῦ
1173 3603 1307 3686 Θεοῦ
1343 3603 1642 3703 ¹ἐπορεύθη
1700 3620 1832 3702 πρὶς

1942 3652 2000 3693 se
2035 3637 2091 3692 in
2121 3639 2404 3710 angustias
2437 3639 2719 3694 redactum
2753 3653 2876 3694 esse
2922 3640 3200 3709 queritur,
3250 3641 3346 3697 sed
3375 3659 3516 3714 pra:—

262 3731 344 3786 τδν
363 3733 550 3797 Δασὶδ,
586 3731 685 3785 καί
713 3746 902 3801 φησιν·
966 3729 1070 3784 Ἐκ
1113 3725 1293 3796 τριῶν
1330 3727 1560 3780 τούτων
1595 3725 1832 3790 ἐκλεξαι

1941 3737 2087 3784 stare
2131 3730 2237 3784 sibi
2292 3730 2540 3786 incidere
2594 3731 2652 3785 in
2736 3746 2932 3785 manus
3012 3732 3251 3788 Domini.
3326 3734 3515 3805 Itaque

261 3823 459 3894 ὂοπρὸς
497 3822 756 3890 βουλῆς
801 3821 908 3876 σοι
938 3820 1093 3886 ἐστι,
1116 3821 1373 3887 πότερον
1419 3816 1559 3887 αἱρῇ
1583 3817 1683 3871 ἐπὶ
1729 3817 1832 3885 ἐτη

1941 3835 2121 3878 morte
2144 3836 2451 3895 grassante,
2479 3839 2510 3879 a
2535 3823 2782 3878 diluculo
2811 3839 2984 3894 usque
3017 3817 3234 3894 prandii
3276 3835 3514 3898 tempus,

259 3917 398 3972 ἑπτὰ
421 3917 608 3987 λιμὸν
637 3914 898 3970 ἔσεσθαί
941 3929 1042 3968 σοι
1075 3910 1227 3966 κατὰ
1258 3913 1372 3980 τὴν
1393 3909 1616 3980 χώραν,
1655 3909 1695 3979 ἢ
1729 3909 1832 3963 ἐπὶ

1937 3932 2006 3972 ex
2065 3921 2216 3971 omni
2265 3917 2468 3986 populo
2517 3917 2862 3987 septuaginta
2935 3917 3107 3972 millia
3170 3919 3511 3976 ceciderunt.

259 4011 405 4076 τρεῖς
422 4011 632 4079 μῆνας
661 4007 782 4062 ὑπὸ
821 4009 1126 4076 πολεμίων
1155 4003 1498 4068 διώκεσθαι,
1516 4001 1556 4072 ἢ
1576 4001 1832 4056 θάνατον

1939 4009 2078 4065 Tum
2119 4009 2308 4077 David,
2357 4025 2482 4064 cum
2526 4011 2756 4079 angelus
2800 4011 2984 4080 populi
3027 4011 3350 4068 interfector
3391 4028 3512 4068 ma-

257 4101 346 4156 ἐπὶ
372 4102 531 4170 τρεῖς
566 4102 799 4171 ἡμέρας
820 4096 1132 4166 ἐνσκῆψαι
1164 4112 1282 4151 σου
1319 4094 1400 4161 τῷ
1427 4091 1576 4159 λαῷ.
1645 4093 1704 4148 '0
1755 4092 1833 4160 δὲ,

256 4196 421 4250 rma
464 4213 561 4267 μοι
592 4193 890 4260 πάντοθεν,
922 4190 1050 4260 ἔφη,
1085 4188 1222 4243 ἀλλὰ
1248 4187 1461 4259 βέλτιόν
1496 4199 1589 4259 μοι
1608 4188 1688 4251 εἰς
1734 4187 1836 4250 τὰς

257 4292 434 4362 χεῖρας
489 4288 591 4342 τοῦ
640 4283 781 4339 Θεοῦ
834 4284 1122 4354 ἐμπεσεῖν.
1201 4280 1313 4334 Καὶ⁵
1353 4278 1559 4348 ἐπῆλθε
1603 4278 1836 4341 θάνατος

253 4381 324 4452 τῷ
346 4380 461 4452 λαῷ
491 4379 751 4452 πρωῖθεν
796 4376 902 4439 ἕως
935 4373 1089 4446 ὥρας
1132 4373 1382 4444 ἀρίστου,
1417 4370 1514 4424 καὶ
1559 4370 1834 4424 ἀπέθανον

253 4473 312 4526 ἐκ
356 4473 562 4537 παντὸς
613 4469 714 4524 τοῦ
745 4467 876 4523 λαοῦ
937 4466 1178 4538 χιλιάδες
1225 4464 1624 4535 ἐϐδομήκοντα.
1671 4461 1834 4517 Καὶό

254 4566 409 4620 Δαδὶδ
443 4567 667 4619 ἱκέτευε
707 4560 798 4614 τὸν
834 4559 988 4625 Θεὸν,
1024 4559 1119 4612 καὶ
1167 4559 1196 4611 6
1243 4553 1549 4626 ὀλοθρεύων
1601 4553 1835 4623 ἄγγελος

253 4655 325 4728 τῷ
375 4657 516 4723 λαῷ,
547 4655 791 4723 ἐξέτεινε
815 4652 916 4725 τήν
941 4653 1102 4722 χεῖρα
1117 4647 1282 4704 αὑτοῦ
1313 4646 1408 4700 ἐπὶ
1449 4645 1831 4718 Ἰερουσαλήμ.

258 4748 412 4804 Εἶπεν
469 4749 567 4804 οὖν
619 4751 648 4802 6
679 4745 956 4819 βασιλεύςο
990 4742 1142 4814 Ἐγὼ
1181 4740 1519 4812 ἡμάρτηκα,
1550 4741 1748 4808 Κύριε,
1799 4744 1833 4798 ὁ

253 4842 490 4913 ποιμήνν
542 4839 706 4895 τὰδὲ
734 4841 981 4909 ποίμνια
1004 4839 1038 4890 ό
1083 4834 1236 4900 λαὸς
1280 4835 1395 4903 οὐχ
1457 4832 1828 4904 ἠμάρτοσοιν·

1937 4117 2070 4156 num
2120 4117 2289 4172 super
2329 4101 2708 4170 Hierosolyma
2745 4102 3107 4166 extendisset,
3161 4103 3273 4158 Deo
3315 4104 3370 4158 in
3394 4104 3514 4161 haec

1937 4193 2106 4250 verba
2157 4193 2488 4264 supplicavit
2527 4211 2540 4248 :
2573 4192 2689 4264 Ego
2709 4201 2915 4264 pastor,
2944 4209 2974 4246 ο
2997 4194 3233 4260 Domine,
3262 4200 3472 4266 peccavi
3491 4212 3514 4254 :

1933 4285 2026 4340 sed
2050 4284 2296 4356 populus,
2335 4300 2466 4355 grex
2507 4301 2676 4347 meus,
2733 4301 2839 4338 non
2885 4287 3136 4356 peccavit.
3189 4286 3302 4357 Ego
3357 4305 3513 4358 pwna

1935 4379 2124 4450 dignus
2144 4394 2282 4442 sum,
2308 4393 2413 4431 non
2449 4377 2561 4432 isti.
2603 4377 2716 4432 Hac
2766 4377 3030 4433 maestitia
3088 4379 3232 4450 regis
3265 4381 3514 4450 placatus

1934 4471 2102 4537 Deus,
2132 4469 2277 4524 luem
2305 4468 2668 4538 compescuit,
2703 4477 2761 4523 et
2783 4484 2883 4539 per
2921 4468 3125 4524 Gadem
3185 4472 3512 4542 pr0phetam

1936 4559 1993 4615 in
2043 4557 2206 4614 Ornte
2247 4556 2488 4614 ,ἰσουεωὶ
2529 4573 2658 4612 area
2689 4565 3009 4612 constructa
3045 4573 3162 4623 ara,
3205 4575 3361 4615 sacra
3392 4560 3512 4618 fieri

1929 4651 2096 4723 jussit
2144 4667 2158 4706 :
2213 4649 2398 4720 itaque
2445 4647 2578 4704 fecit
2611 4647 2780 4702 David
2819 4656 3002 4718 empta
3040 4649 3110 4703 ab
3161 4649 3308 4705 Orna
3362 4667 3513 4720 area,

1934 4760 2046 4815 quo
2084 4743 2140 4798 in
2171 4743 2318 4809 loco,
2360 4748 2422 4795 ut
2450 4740 2729 4810 Josephus
2759 4740 2948 4805 tradil,
2987 4740 3232 4796 lsaacum
3259 4741 3510 4798 Abraha-

1933 4850 2059 4891 mus
2114 4834 2499 4889 immolaturus
2563 4831 2732 4886 fuisse
2789 4831 3140 4900 perhibetur,
3202 4841 3260 4887 et
3340 4833 3510 4889 David

249 4938 488 5009 ἐλώεῑμι
535 4933 856 5000 κολάσεως
900 4931 1070 4997 ἄξιος
1094 4970 1109 4995 ,
1135 4929 1236 4984 καί
1261 4931 1375 4998 οὐχ
1412 4923 1602 4986 οὗτοι.
1653 4931 1832 4985 Δυσω-

1937 4928 2111 4984 aedem
2151 4933 2574 4982 constructurus
2610 4933 2731 4980 erat
2782 4924 2886 4978 nisi
2942 4939 2972 4978 a
3028 4925 3142 4979 Deo
3190 4925 3512 4995 prohibitus

253 5031 437 5102 πηοεὶς
498 5031 561 5082 δὲ
605 5027 708 5098 τὴν
759 5025 853 5080 τοῦ
902 5023 1173 5095 βασιλέως
1241 5021 1535 5089 κατάνυξιν
1587 5022 1618 5075 6
1669 5021 1826 5088 Θεδς,

251 5123 446 5177 ἔπαυσε
482 5125 590 5193 τὴν
619 5120 852 5190 φθορὰν,
880 5118 976 5171 καὶ
1019 5114 1109 5170 διὰ
1135 5113 1232 5168 τοῦ
1276 5114 1561 5185 προφήτου
1618 5114 1726 5167 Γὰδ
1769 5117 1830 5170 ἐν

250 5223 308 5291 τῇ
338 5219 507 5274 ἀλωνι
537 5217 639 5272 τοῦ
670 5213 1004 5271 Ἰεϐουσαίου
1030 5211 1200 5282 Ὀρνᾶ
1227 5209 1618 5279 θυσιαστήριον
1647 5209 1829 5280 πήξα-

252 5313 366 5365 σθαι
387 5312 683 5372 ἐκέλευσε,
711 5307 808 5360 καὶ
839 5304 1002 5359 θῦσαι
1025 5305 1161 5358 ἐκεῖ.
1195 5302 1308 5356 Καὶ
1339 5301 1600 5372 ἐποίησεν
1650 5299 1826 5364 οὕτως

249 5403 419 5469 Δασιδ,
452 5401 820 5472 ὠνησάμενος
873 5397 972 5470 τὴν
1020 5392 1204 5452 ἅλωνα
1265 5396 1329 5448 ἐκ
1367 5392 1462 5447 τοῦ
1507 5393 1693 5464 Ὀρνᾶ.
1737 5392 1826 5457 Ὠς

250 5497 299 5550 δέ
323 5497 596 5568 Ἰώσηπος
626 5491 892 5564 ἔγραψεν,
947 5493 1008 5546 ἐν
1055 5488 1254 5561 ἐκείνῳ
1279 5487 1358 5560 τῷ
1399 5486 1552 5556 τόπῳ
1608 5485 1830 5554 λέγεται

250 5589 467 5660 ἀγαγεῖν
535 5586 802 5658 ’Δϐραὰμ
845 5584 939 5639 τὸν
977 5583 1189 5648 Ἰσαὰκ,
1253 5581 1395 5636 ὥστε
1451 5577 1830 5634 ὁλοκαυτῶσαι

251 5683 419 5738 αὐτόν.
478 5679 783 5736 Ἥὸούλετο
830 5677 888 5732 δὲ
939 5678 1033 5732 καὶ
1067 5675 1195 5730 ναδν
1250 5673 1604 5744 οἰκοδομῆσαι
1660 5671 1828 5725 Δαδὶδ

253 5775 354 5830 ἐκεῖ
378 5775 459 5847 τῷ
490 5774 644 5846 Θεῷ,
677 5773 796 5826 ἀλλ’
843 5767 1124 5841 ἀπείρχθη
1165 5768 1304 5840 πρὸς
1339 5764 1437 5819 τοῦ
1483 5763 1641 5819 Θεοῦ.
1681 5764 1826 5834 Πρε-

257 5867 438 5940 εεύτής
463 5867 522 5921 δέ
564 5864 868 5936 γενόμενος
893 5861 923 5915 6
944 5859 1111 5915 Aa6‘t6
1141 5859 1368 5932 σφόδρα,
1403 5855 1662 5928 δύσριγος
1717 5854 1824 5910 ὑπὸ

1938 5018 2154 5073 fuisset.
2199 5015 2392 5073 Davidi
2420 5030 2548 5070 cum
2595 5015 2667 5070 ob
2700 5015 2917 5069 senium
2963 5015 3150 5086 algore
3188 5027 3508 5082 vexaretur,

1931 5109 2172 5182 puellam
2241 5108 2534 5177 Abisagcm
2603 5107 3006 5176 adjunxerunt,
3069 5105 3230 5190 cujus
3305 5121 3510 5163 concu-

1929 5204 2052 5258 bitu
2121 5202 2419 5257 foveretur.
2473 5197 2580 5254 Sed
2645 5213 2771 5254 cum
2835 5212 2900 5252 ea
2961 5211 3077 5252 rem
3141 5213 3248 5252 non
3316 5198 3510 5254 habuit

1929 5311 2048 5358 rex,
2096 5300 2258 5349 aetate
2317 5291 2534 5348 effetus.
2577 5289 2819 5345 Adonias
2869 5297 3051 5352 autem
3107 5295 3339 5357 quartus
3389 5287 3510 5354 ejus

1929 5386 2115 5450 filius,
2160 5385 2326 5440 homo
2378 5397 2642 5454 perquam
2701 5381 3009 5444 formosus,
3043 5385 3353 5433 commotus
3409 5393 3509 5447 pa-

1930 5481 2033 5539 tris
2080 5479 2269 5543 senio,
2309 5491 2538 5548 regnum
2583 5475 2688 5529 sibi
2729 5470 3003 5535 vindicat,
3053 5467 3227 5524 Joabo
3273 5469 3511 5539 impera-

1929 5583 2048 5630 tore
2087 5581 2143 5632 et
2185 5569 2484 5627 Abiathare
2526 5565 2784 5637 pontiﬁce
2818 5559 3269 5632 suffragantibus.
3315 5561 3508 5632 Itaque

1927 5665 2100 5723 semel
2147 5662 2436 5736 splendido
2473 5657 2744 5715 sacrificio
2793 5664 3056 5727 apparato
3079 5694 3096 5722 ,
3139 5653 3340 5710 fratres
3373 5670 3509 5710 con-

1927 5762 2124 5820 vocat,
2160 5762 2218 5809 et
2265 5750 2503 5820 Iudaica:
2551 5747 2730 5802 tribus
2779 5745 3090 5817 principes,
3149 5745 3504 5800 Abiatharem

1927 5849 2060 5905 item
2111 5857 2168 5904 et
2227 5844 2517 5903 Joabum:
2572 5837 2828 5910 Salome,
2884 5839 3036 5897 Gade
3090 5838 3400 5910 prOpheta,
3447 5854 3507 5899 et
