4092 6402
583 380 683 447 163

1880 374 2212 441 JOANNIS
2251 374 2576 438 ΖΟΝΑΒιΕ

3745 376 3842 442 itii

580 491 774 546 Banea
808 488 1072 563 praefecto
1116 486 1415 545 satellitum
1452 500 1565 542 non
1597 484 1863 542 invitatis.
1882 486 1975 543 Ait
2001 485 2163 556 igitur

2271 484 2369 540 τοῦ
2458 485 2650 558 γήρως
2708 482 3003 556 ἐτύγχανε.
3081 484 3177 540 Διδ
3242 484 3459 542 νεάνιδα
3539 471 3847 555 ἆξελέξαντο

584 585 840 640 Βετεαὶιε
868 583 1086 639 Nathan
1122 600 1135 637 :
1177 582 1317 637 Num
1350 583 1550 637 audisti
1608 597 1770 651 regno
1804 580 2028 653 potitum
2059 594 2169 634 esse

580 680 898 734 Adoniam?
960 676 1093 744 Quae
1138 675 1208 731 ad
1266 675 1533 731 Davidem
1601 676 1853 747 ingressa
1904 691 1919 729 :
1970 674 2044 730 Tu
2069 674 2168 743 ju-

582 773 736 836 rasti,
791 770 1015 838 inquit,
1066 770 1276 824 domine
1324 770 1397 823 mi
1443 785 1557 837 rex,
1611 768 1951 825 Salomonem
1993 768 2169 837 filium

584 871 733 914 tuum
782 861 888 932 81
946 863 1003 914 in
1048 876 1209 931 regno
1264 862 1355 915 tibi
1392 877 1776 917 successurum.
1817 862 1951 915 Ecce
1990 869 2169 915 autem

581 953 815 1007 Adonias
858 962 908 1007 te
956 953 1237 1024 ignorante
1290 970 1452 1024 regno
1494 955 1722 1024 potitur.
1772 951 1899 1008 Haec
1923 952 2166 1007 nondum

580 1046 795 1103 elocuta
828 1046 1086 1113 muliere,
1112 1046 1325 1100 Natbau
1352 1062 1573 1117 quoque
1633 1046 1898 1117 propheta
1950 1048 2166 1117 ingres-

580 1154 697 1202 sus,
726 1148 900 1209 rogat,
931 1154 1063 1194 num
1089 1139 1157 1194 de
1176 1139 1326 1194 illius
1361 1141 1637 1197 sententia
1670 1156 1897 1211 regnum
1924 1139 2169 1195 Adonias

576 1232 912 1301 occuparet?
950 1229 1020 1286 At
1056 1230 1146 1285 ille
1173 1231 1346 1285 Deum
1402 1238 1633 1286 testatus
1668 1249 1681 1285 :
1715 1230 1907 1296 Hodie,
1962 1228 2163 1297 inquit,

577 1338 672 1376 rex
724 1323 935 1392 futurus
975 1332 1050 1376 est
1076 1321 1356 1377 Salomon.
1394 1322 1712 1392 Vocaloque
1740 1320 1954 1376 Sadoco
1976 1318 2167 1390 ponti-

578 1417 702 1481 iice,
735 1423 790 1469 et
820 1415 1035 1480 Banzea,
1068 1417 1339 1484 propheta
1383 1431 1603 1486 quoque
1628 1415 1902 1480 adhibito,
1935 1424 1992 1469 et
2026 1414 2167 1468 aula:

576 1508 740 1578 regiae
760 1508 1481 1573 satellitibus,‘Salomonem
1507 1510 1563 1565 in
1610 1509 1759 1564 mula
1812 1508 1957 1579 regis
1996 1508 2167 1562 collo-

576 1607 779 1663 catum,
802 1608 856 1653 et
882 1608 1037 1654 extra
1069 1600 1262 1655 urbem
1294 1600 1361 1654 ad
1405 1600 1617 1656 fontem
1678 1598 1902 1653 Sionem
1961 1596 2166 1667 perdu-

573 1700 745 1757 ctum,
796 1706 954 1747 sacro
997 1692 1121 1747 oleo
1157 1693 1498 1765 inaugurari,
1538 1702 1598 1747 et
1642 1694 1910 1747 cornibus
1960 1688 2165 1747 inflatis

576 1799 758 1854 regem
785 1785 1137 1854 proclamari,
1169 1802 1377 1857 perque
1424 1786 1619 1841 urbem
1662 1785 1901 1841 mediam
1951 1784 2154 1841 deduci
2198 1819 2236 1872 Β

569 1874 747 1945 jubet.
780 1873 845 1930 Hi
876 1877 995 1931 sine
1030 1891 1183 1933 mora
1213 1886 1431 1947 parent,
1460 1876 1775 1933 Salomonis
1800 1875 1999 1931 electio
2030 1889 2159 1946 pas-

572 1968 676 2024 sim
708 1968 1040 2039 praadicatur
1072 1985 1088 2023 :
1124 1985 1231 2040 qua
1259 1969 1429 2027 etiam
1465 1968 1613 2041 apud
1648 1968 1919 2023 Adoniam
1950 1976 2008 2023 et
2030 1982 2165 2023 con-

573 2060 729 2117 vivas
756 2061 877 2132 ejus
905 2060 1145 2132 cognita,
1170 2063 1359 2118 caeteri
1391 2078 1519 2120 suas
1548 2063 1785 2134 quisque
1823 2062 2021 2118 domos
2063 2060 2165 2117 ab-

574 2153 997 2209 eunt.Adonias
1047 2166 1231 2211 autem
1280 2156 1491 2227 majore
1535 2155 1829 2226 perculsus
1872 2162 2045 2220 metu,
2091 2153 2162 2209 ad

576 2259 729 2299 aram
755 2244 1006 2317 confugit
1037 2264 1051 2301 :
1088 2256 1146 2302 et
1182 2246 1352 2303 vitam
1379 2262 1446 2303 ea
1468 2247 1788 2304 conditione
1811 2263 1843 2303 a
1866 2248 2162 2304 Salomone

579 2337 860 2408 impetrat,
884 2347 944 2393 ut
971 2338 1018 2394 si
1055 2339 1238 2395 denuo
1270 2339 1327 2396 in
1348 2340 1598 2397 facinore
1621 2340 2158 2411 deprehenderetur,

575 2433 755 2501 capite
784 2446 975 2502 pmnas
995 2432 1460 2490 daret.Caaterum
1488 2434 1662 2490 David
1696 2444 1930 2491 mortem
1955 2435 2161 2491 instare

573 2521 681 2576 sibi
704 2522 921 2588 videns,
946 2523 1299 2581 Salomonem
1338 2526 1617 2582 accersit:
1658 2528 1904 2595 mandat,
1942 2537 2002 2583 ut
2061 2528 2159 2584 Dei

574 2627 850 2686 praecepta
880 2616 1160 2685 observet,
1190 2627 1249 2674 et
1286 2620 1595 2675 secundum
1626 2621 1777 2693 leges
1801 2622 1923 2693 ejus
1963 2623 2155 2678 vivat:

578 2709 715 2773 Quo,
748 2707 947 2779 inquit,
973 2726 1149 2766 semen
1181 2720 1443 2779 nostrum,
1474 2715 1923 2785 quemadmodum
1959 2717 2159 2786 promi-

570 2798 639 2853 sit
674 2799 799 2853 mihi
830 2798 1110 2866 Dominus,
1148 2802 1397 2857 thronum
1442 2820 1613 2859 meum
1647 2814 1907 2861 retentum
1954 2813 2155 2861 teneat.

484 2976 489 2981 Δ
580 2889 782 2962 Adjicit
806 2907 875 2947 ne
912 2891 1147 2948 Joabum
1184 2893 1519 2965 impunitum
1557 2894 1821 2962 dimittat,
1859 2897 1929 2951 ob
1974 2896 2159 2952 Abeu-

574 2984 695 3038 neri
713 2992 768 3038 et
786 2982 1019 3040 Amesiae
1042 2984 1249 3041 caedem
1274 3002 1289 3039 :
1322 3000 1501 3055 neque
1519 2987 1781 3053 Semeim,
1806 2987 1901 3058 qui
1926 2987 2157 3059 fugienti

572 3076 679 3132 sibi
708 3076 857 3131 diras
883 3077 1220 3147 imprecatus
1252 3078 1443 3135 fuerit.
1475 3077 1556 3133 Ac
1588 3087 1793 3149 praeter
1824 3080 1957 3144 alia,
2018 3090 2157 3136 tem-

2268 579 2526 651 (Ἀϐισάκ
2551 579 2725 650 ὄνομα
2756 580 2945 649 αὐτῇ),
2974 580 3074 634 καὶ
3126 575 3197 651 ἦν
3225 580 3259 651 ή
3305 582 3443 653 κόρη
3498 586 3847 651 συγκοιταζοα

2269 670 2406 743 μὲνη
2432 670 2513 742 τῷ
2544 670 2778 742 βασιλεῖ,
2798 673 2894 725 καὶ
2924 671 3209 727 θάλπουσα
3234 672 3418 726 αὐτόν·
3457 672 3555 727 καὶ
3587 675 3689 728 ούκ
3714 674 3850 744 ἔγνω

2266 764 2460 835 αὐτὴν,
2497 765 2916 836 ἀφροδισιάζειν
2947 764 3057 837 γάρ
3116 765 3205 819 διά
3235 765 3418 835 γῆρας
3463 766 3565 819 οὐκ
3600 766 3845 837 ἠδύνατο.

2264 852 2527 919 Ἀδωνίας
2566 856 2623 910 δὲ
2654 856 2917 928 τέταρτος
2944 853 3023 909 ὢν
3055 858 3115 909 ὲν
3143 860 3258 921 τοῖς
3283 856 3378 911 τοῦ
3402 856 3671 927 βασιλέως
3695 859 3846 925 υίοτς,

2266 947 2469 1019 ὡραῖος
2525 948 2690 1013 πάνυ,
2725 948 2868 1018 ὁρῶν
2916 949 3010 1002 τὸν
3054 950 3271 1019 πατέρα
3325 952 3697 1021 γεγηρακότα,
3749 951 3848 1021 τῆς

2269 1039 2549 1111 βασιλείας
2588 1043 2952 1109 ἀντεποιεῖτο,
2996 1042 3647 1114 συναντιλαμϐανομένου
3702 1045 3847 1115 αὐτῷ

2268 1132 2431 1188 Ἰωάϐ
2465 1133 2559 1187 τοῦ
2611 1136 3055 1207 ἀρχιστρατήγου
3091 1176 3106 1199 ,
3160 1136 3257 1190 καὶ
3320 1136 3588 1208 ’Δϐιάθαρ
3629 1136 3724 1191 τοῦ
3753 1138 3848 1207 ἀρε-

2266 1227 2518 1300 χιερέως.
2552 1228 2661 1283 Καί
2699 1244 2835 1282 ποτε
2866 1228 3060 1282 θυσίαν
3092 1228 3293 1299 δαψιλῆ
3352 1230 3850 1300 παρασκευασάμε-

2267 1339 2379 1388 νος,
2406 1323 2532 1384 τοὺς
2560 1322 2829 1391 ἀδελφοὺς
2866 1322 3222 1388 συνεκάλεσε,
3249 1324 3346 1377 καὶ
3376 1323 3505 1387 τοὺς
3521 1322 3845 1393 προέχοντας

2266 1414 2365 1483 τῆς
2393 1413 2567 1467 Ἰούδα
2615 1414 2812 1483 φυλῆς,
2876 1417 2973 1470 καὶ
3009 1413 3280 1485 ’Δϐιάθαρ
3316 1415 3413 1468 καὶ
3462 1414 3644 1468 Ἰωάϐ.
3695 1412 3848 1466 Σολο-

2270 1507 2459 1578 μῶντα
2489 1508 2549 1560 δὲ
2574 1506 2783 1561 καὶτὸν
2808 1507 3099 1578 προφήτην
3128 1508 3339 1573 Νάθαν,
3378 1508 3473 1561 καὶ
3490 1506 3727 1560 Βαναίαν
3758 1505 3845 1559 τὸν

2266 1598 2505 1671 ἄρχοντα
2545 1599 2657 1654 τῶν
2704 1600 3215 1670 σωματοφυλάκων,
3261 1601 3325 1654 ού
3357 1599 3657 1669 κέκληκεν.
3682 1594 3845 1652 Εἶπεν

2264 1691 2361 1747 οῦν
2393 1692 2531 1763 πρὸς
2565 1690 2855 1763 Βηρσαϐεὶ
2919 1691 3131 1746 Νάθανο
3166 1692 3464 1759 Ἀκήκοας
3516 1690 3610 1745 ὅτι
3650 1689 3846 1743 ἐϐασί-

2265 1787 2496 1839 λευσεν
2525 1782 2848 1851 ’Δδωνίας;
2893 1783 2958 1837 Ἢ
2987 1784 3043 1837 δὲ
3076 1770 3214 1854 πρὸς
3264 1784 3357 1838 τὸν
3414 1783 3643 1856 βασιλέα
3678 1782 3845 1837 είσελ-

2269 1875 2462 1940 θοῦσα,
2501 1875 2588 1931 Σὺ
2634 1871 3065 1947 ὥμοσας,εἷπε,
3097 1877 3267 1946 κύριέ
3285 1895 3405 1947 μου
3445 1875 3735 1942 βασιλεῦ,
3770 1876 3845 1942 ὡς

2266 1964 2557 2036 Σολομὼν
2592 1968 2626 2021 ό
2650 1968 2784 2034 υὶός
2836 1982 2956 2021 σου
3001 1967 3373 2032 βασιλεύσει
3402 1965 3556 2038 μετὰ
3606 1967 3705 2033 σὲ,
3750 1965 3844 2019 καί

2268 2058 2400 2114 ίὸοὺ
2420 2060 2829 2114 ἐϐασίλευσεν
2858 2057 3169 2128 Ἄδων-[ας.
3184 2059 3267 2115 σὺ
3282 2058 3351 2114 δὲ
3374 2060 3708 2131 ἠγνόησας.
3731 2058 3846 2111 Ἔτι

2265 2148 2442 2204 ταῦτα
2469 2148 2740 2221 λεγούσης
2768 2149 3077 2222 Βηρσαϐεὲ,
3110 2152 3207 2205 καὶ
3262 2151 3294 2205 ό
3320 2151 3613 2223 προφήτης
3664 2148 3845 2205 Ναθάν

2264 2238 2529 2295 εἰσελθὼν
2588 2238 2781 2313 ἠρώτα
2850 2241 2945 2295 τὸν
3007 2239 3257 2311 βασιλέα,
3326 2242 3378 2294 εἰ
3436 2241 3580 2296 κατά
3625 2238 3845 2311 γνώμην

2264 2331 2433 2388 αὑτοῦ
2478 2331 2871 2403 βεϐασίλευκεν
2899 2333 3165 2393 ’Δδωνίας
3190 2350 3205 2401 ;
3242 2333 3302 2387 '0
3332 2333 3393 2387 δὲ
3422 2332 3515 2387 τὸν
3535 2332 3672 2388 Θεὸν
3697 2331 3843 2403 ὦμο-

2264 2441 2379 2491 σεν,
2411 2422 2487 2488 ὡς
2507 2424 2786 2495 Σήμερον
2805 2424 3111 2493 ,ϐασιλεὺς
3138 2426 3309 2480 ἔσται
3338 2429 3371 2481 ὀ
3402 2425 3714 2495 Σολομῶν.
3746 2425 3846 2477 Καὶ

2264 2517 2500 2581 καλέσας
2529 2516 2621 2572 τὸν
2649 2517 2918 2589 ἀρχιερέα
2956 2516 3148 2573 Σαδώκ
3205 2520 3302 2573 καὶ
3339 2518 3605 2583 Βαναίαν,
3639 2514 3846 2571 κελεύει

2266 2609 2789 2681 συμπαρειληφότας
2852 2610 2947 2664 τὸν
3008 2612 3321 2683 προφήτην,
3400 2610 3498 2665 καὶ
3550 2612 3679 2674 τοὺς
3723 2609 3846 2678 περὶ

2262 2703 2364 2774 τὴν
2418 2703 2592 2775 αὐλὴν
2626 2703 2727 2775 τὴν
2758 2703 3051 2775 βασιλικὴν
3098 2704 3345 2769 ὁπλίτας,
3408 2703 3713 2759 ἀναθέσθαι
3759 2703 3846 2756 τδν

2259 2796 2587 2866 Σολομῶντα
2632 2797 2727 2852 ἐπὶ
2753 2796 2852 2869 τὴν
2891 2796 2987 2851 τοῦ
3043 2796 3310 2869 βασιλέως
3341 2796 3590 2869 ήμίονον·
3620 2798 3717 2853 καὶ
3739 2798 3843 2851 ἀπ-

2261 2889 2578 2959 αγαγόντας
2622 2887 2728 2954 ἔξω
2772 2890 2872 2961 τῆς
2905 2890 3116 2955 πόλεως
3149 2891 3241 2944 ἐπὶ
3271 2890 3371 2961 τὴν
3393 2890 3577 2962 πηγὴν
3622 2890 3723 2964 τὴν
3747 2908 3847 2945 κα·

2261 2982 2535 3054 λουμένην
2594 2981 2757 3048 Σιὼν,
2798 2983 2987 3054 χρίσαι
3007 2984 3086 3055 τῷ
3112 2983 3254 3056 ἀγίῳ
3284 2985 3468 3056 ἐλαίῳ,
3495 2988 3592 3041 καὶ
3626 2985 3847 3057 βασιλέα

2220 3062 2649 3144 ’ἀναγορεῦσαι,
2684 3074 3051 3140 σαλπίζοντας
3089 3078 3147 3131 ὲν
3202 3079 3317 3141 τοῖς
3361 3078 3581 3148 κέρασι,
3628 3080 3725 3133 καὶ
3760 3077 3848 3132 διὰ

575 3168 724 3239 plum
751 3176 1074 3224 construere
1098 3169 1257 3240 jubet
1296 3170 1554 3237 Domino,
1584 3171 1961 3243 descriptione
2010 3174 2161 3230 illius

2268 3167 2448 3237 μέσης
2466 3166 2568 3237 τῆς
2588 3166 2796 3230 πόλεως
2814 3166 3183 3238 παραπέμψαι
3222 3168 3407 3224 αὐτόν.
3454 3170 3519 3223 Oi
3542 3169 3601 3223 δὲ
3628 3170 3845 3235 αὐτίκα,

570 3258 822 3315 exhibita
856 3277 871 3315 :
906 3259 975 3314 ad
1013 3259 1068 3316 id
1098 3275 1237 3330 opus
1263 3269 1319 3316 et
1348 3263 1527 3331 ipsum
1548 3271 1603 3317 et
1626 3263 1910 3335 principes
1953 3275 2011 3321 et
2059 3265 2165 3323 Le—

574 3356 795 3411 viticam
826 3354 1030 3409 tribum
1063 3352 1406 3419 cohortatus,
1425 3354 1573 3424 quod
1602 3355 1774 3409 multa
1798 3356 1866 3411 ad
1892 3370 2012 3411 eam
2042 3372 2159 3413 rem

576 3448 889 3505 necessaria
914 3447 1277 3516 relinqueret,
1323 3448 1584 3503 videlicet
1642 3452 1762 3505 auri
1816 3450 2025 3520 decies,
2069 3467 2163 3506 ar-

572 3541 725 3611 genti
755 3540 965 3597 centies
1013 3540 1166 3596 mille
1234 3540 1465 3603 talenta,
1523 3542 1863 3614 smaragdos,
1913 3542 2163 3614 aliosque

572 3631 786 3703 lapides
846 3631 1141 3702 pretiosos,
1209 3647 1285 3687 tes
1342 3640 1401 3687 et
1465 3633 1674 3689 ferrum
1732 3635 2156 3703 innumerabile,

569 3723 848 3793 aliamque
872 3722 1161 3779 materiam
1189 3722 1495 3793 c0piosam.
1530 3723 1609 3780 Ac
1637 3725 1794 3795 prius
1828 3727 2076 3783 collectis
2098 3741 2158 3783 se

570 3816 813 3887 adjicere
840 3812 960 3871 atiri
994 3816 1116 3886 puri
1139 3816 1257 3886 puti
1285 3826 1368 3871 ter
1400 3816 1549 3872 mille
1572 3817 1779 3872 talenta
1808 3818 1876 3873 ad
1904 3818 2155 3891 adytum,

568 3916 630 3961 et
652 3905 839 3961 decies
856 3905 1005 3961 mille
1033 3894 1290 3970 statores,
1322 3914 1378 3961 et
1407 3908 1622 3977 argenti
1662 3907 1869 3965 talenta
1903 3909 2157 3965 totidem.

572 3996 685 4070 {Ad
720 3998 860 4064 haec,
888 3998 934 4055 si
960 3997 1045 4053 cui
1072 4013 1285 4069 gemma
1309 4007 1451 4061 erat.
1480 4014 1602 4055 eam
1651 3999 1884 4070 quisque
1925 3999 1984 4055 in
2034 4000 2160 4056 the-

567 4107 767 4148 satu-os
794 4090 1172 4163 congerebat.]
1210 4091 1338 4148 Haec
1365 4092 1589 4159 effatus,
1616 4094 1779 4164 paulo
1810 4103 1933 4166 post
1988 4095 2162 4154 mori-

568 4192 683 4250 tur,
715 4185 947 4255 expletis
978 4186 1106 4241 vita:
1139 4188 1300 4241 annis
1328 4186 1696 4257 septuaginta,
1721 4202 1847 4243 cum
1871 4196 2157 4261 regnasset

564 4291 746 4333 annos
776 4276 1067 4333 Chebrone
1102 4286 1335 4347 septem,
1381 4277 1778 4349 Hierosolymis
1816 4288 1926 4334 tres
1958 4289 2015 4335 et
2050 4280 2154 4335 tri-

566 4368 743 4438 ginta,
774 4368 860 4422 vir
890 4369 1149 4425 omnibus
1178 4384 1305 4439 rege
1332 4368 1515 4439 dignis
1544 4369 1845 4425 virtutibus
1892 4369 2148 4426 illustris.

569 4458 847 4515 Mortuum
884 4459 1142 4515 Salomon
1170 4459 1567 4531 Hierosolymis
1613 4460 1871 4531 regaliter
1932 4461 2151 4532 sepelit,

2266 3257 2454 3323 καθὼς
2521 3259 2913 3331 ὲνετάλθησαν,
2998 3261 3360 3330 πεποιήκασισ
3424 3262 3520 3316 καὶ
3594 3262 3845 3334 διεϐοήθη

2269 3351 2547 3423 πανταχοῦ
2606 3354 2641 3423 ἡ
2705 3352 2803 3407 τοῦ
2870 3351 3222 3423 Σολομῶντος
3271 3356 3599 3428 ἀνάῤῥησις.
3651 3356 3744 3423 ’ος
3804 3359 3848 3411 δ’

2265 3444 2515 3517 ἐγνώσθη
2560 3448 2655 3500 καὶ
2708 3446 2787 3518 τῷ
2821 3446 3056 3520 ’Δδωνίᾳ
3080 3448 3178 3501 καὶ
3207 3451 3323 3513 τοῖς
3352 3451 3847 3523 συνευωχουμένοις

2264 3539 2438 3611 αὐτῷ,
2490 3541 2539 3594 oi
2575 3539 2675 3610 μὲν
2720 3540 2871 3594 ἄλλοι
2908 3539 3048 3613 πρὸς
3103 3542 3332 3607 ἑαυτοὺς
3384 3544 3648 3615 ἀπῆλθον’
3687 3545 3847 3599 Ἀδω-

2263 3630 2385 3695 νίας
2430 3631 2489 3685 δὲ
2540 3631 2745 3701 μᾶλλον
2774 3631 2982 3701 δεδιὼς,
3052 3634 3131 3706 τῷ
3181 3634 3558 3709 θυσιαστηρίῳ
3609 3638 3844 3710 προσπέ-

2264 3741 2457 3795 φευγε,
2504 3725 2604 3780 καὶ
2635 3725 2856 3789 πίστεις
2909 3728 3008 3797 τῆς
3056 3730 3335 3801 σωτηρίας
3387 3730 3507 3802 ᾔτει
3548 3732 3706 3803 παρά
3757 3731 3847 3785 τοῦ

2258 3817 2631 3888 Σολομῶντος.
2680 3818 2739 3871 ’0
2760 3818 2817 3872 δὲ
2848 3820 2949 3890 τῆς
2993 3820 3095 3891 μὲν
3143 3821 3268 3875 τότε
3300 3822 3577 3893 ἁμαρτίας
3635 3824 3847 3895 ἀφῆκεν

2258 3908 2447 3964 αὐτόν’
2472 3911 2527 3964 εἰ
2566 3910 2613 3965 δ’
2636 3911 2718 3976 είς
2754 3909 2915 3976 αὖθις
2937 3912 3111 3977 κακόν
3135 3930 3189 3966 τι
3216 3913 3389 3970 ποιῶν
3420 3914 3646 3987 εὑρεθῇ,
3682 3915 3840 3970 θανα-

2256 4002 2594 4073 τωθήσεται.
2663 4003 2842 4075 Ὁρῶν
2871 4004 2929 4058 δὲ
2975 4005 3143 4061 Δαϐὶδ
3194 4005 3491 4076 ἐγγίζοντά
3530 4008 3581 4062 οἱ
3638 4008 3735 4063 τὸν
3764 4008 3846 4063 θά-

2259 4108 2449 4160 νατον,
2492 4093 2886 4163 προσκαλεῖται
2928 4094 3019 4148 τὸν
3047 4096 3405 4167 Σολομῶντα,
3427 4098 3525 4151 καὶ
3544 4097 3846 4152 ἐντέλλεται

2261 4184 2414 4256 αύτῷ
2464 4185 2756 4255 φύλάττειν
2785 4186 2886 4251 τὰς
2927 4187 3024 4241 τοῦ
3066 4188 3208 4243 Θεοῦ
3258 4190 3501 4257 ἐντολὰς,
3549 4193 3643 4247 καὶ
3708 4190 3846 4247 κατὰ

2260 4277 2390 4341 τοὺς
2412 4276 2615 4349 νόμους
2647 4277 2816 4333 αὐτοῦ
2847 4279 3251 4334 πολιτεύεσθαιο
3307 4283 3442 4336 Ἵνα
3488 4282 3558 4336 τὸ
3608 4284 3846 4353 σπέρμα

2260 4367 2453 4440 ἡμῶν,
2518 4370 2673 4440 φησι,
2730 4370 2925 4438 καθὼς
2969 4372 3371 4443 ἐπηττείλατό
3411 4376 3571 4444 μοιό
3607 4376 3842 4443 Κύριος,

2261 4460 2379 4527 ἕως
2409 4460 2515 4515 τοῦ
2554 4460 2779 4528 αἰῶνος
2823 4462 2919 4531 ειη
2971 4461 3071 4517 ἐπὶ
3126 4463 3236 4519 τοῦ
3278 4464 3498 4533 θρόνου
3529 4482 3674 4534 μου.
3740 4467 3846 4519 Καὶ

565 4554 782 4622 magnis
830 4553 1031 4623 Opibus
1057 4569 1182 4608 cum
1204 4568 1273 4609 eo
1298 4553 1658 4623 consepultis.

2263 4552 2594 4626 προστίθησι
2647 4554 2723 4625 μὴ
2758 4554 2918 4608 ἐᾶσαι
2978 4556 3068 4611 τὸν
3096 4555 3259 4610 ἰωάϐ
3304 4556 3681 4630 ἀτιμώρητον,
3722 4559 3844 4613 ἀνε-

563 4646 732 4703 λόντα
759 4649 849 4701 τὸν
895 4647 1181 4719 Ἀϐεννήρ,
1213 4649 1310 4701 καὶ
1366 4648 1457 4703 τὸν
1486 4649 1752 4718 ’Δμεσίαν
1785 4647 1925 4720 (εεγ
1986 4652 2124 4723 μηδὲ
2166 4654 2351 4725 μέντοι
2410 4651 2503 4705 τὸν
2561 4652 2783 4723 Σεμεεὶ,
2816 4650 2876 4716 ὃς
2930 4651 3082 4723 αὐτῷ
3150 4655 3506 4726 κατηράσατο
3561 4636 3839 4727 φεύγοντι.

567 4744 682 4805 Καὶ
724 4742 863 4803 ἀλλα
891 4742 1042 4814 αύτῷ
1072 4744 1481 4815 ἐντειλάμενος,
1532 4744 1630 4798 καὶ
1669 4745 1800 4800 ναδν
1846 4745 2160 4818 ἐπισκήψας
2197 4745 2558 4817 οἰκοδομῆσαι
2626 4746 2840 4818 Κυρίῳ,
2868 4748 2963 4801 καὶ
2999 4748 3098 4820 τὴν
3128 4748 3442 4823 διαγραφὴν
3505 4751 3607 4818 τῆς
3634 4751 3841 4806 οἰκοδο·

570 4841 682 4916 μῆς
716 4838 812 4892 τοῦ
845 4837 975 4892 ναοῦ
1005 4839 1284 4908 παρέσχεν
1330 4836 1500 4907 αὐτῷ,
1532 4837 1629 4891 καὶ
1686 4838 1823 4910 προς
1880 4837 1944 4891 τὸ
1989 4840 2152 4910 ἔργον
2189 4838 2371 4910 λόγοις
2415 4838 2663 4910 διήγειρε
2714 4839 2814 4894 καὶ
2839 4839 3003 4894 αὑτὸν
3064 4840 3163 4895 καὶ
3230 4843 3395 4912 robe:
3425 4846 3696 4916 ἄρχοντας
3748 4844 3844 4899 καὶ

568 4936 671 5004 τὴν
699 4933 876 5003 φυλὴν
912 4930 1008 4985 τοῦ
1058 4928 1212 4994 Λευῒ,
1285 4929 1459 4985 πολλὰ
1507 4930 1689 5001 φήσας
1734 4928 2055 4985 καταλιπεῖν
2110 4932 2191 4996 είς
2229 4933 2330 5003 τὴν
2408 4934 2767 5003 κατασκευὴν
2826 4933 2924 4988 τοῦ
2967 4936 3122 5005 ναοῦ,
3198 4938 3438 4993 τάλαντα
3484 4942 3583 5012 μὲν
3635 4944 3840 5013 χρυσοῦ

566 5033 763 5105 μύρια,
789 5025 1060 5099 μυριάδας
1092 5024 1149 5079 δὲ
1174 5023 1462 5079 παλάντων
1491 5022 1740 5095 ἀργύρου
1794 5023 1955 5091 δέκα,
2007 5025 2327 5098 σμάραγδον
2395 5044 2458 5081 τε
2526 5029 2623 5082 καὶ
2659 5028 2856 5093 ἄλλους
2923 5030 3104 5097 λίθους
3144 5034 3476 5101 πολυτελεῖς,
3536 5023 3742 5109 χαλκῖν
3782 5039 3839 5093 δὲ

564 5127 664 5186 καὶ
698 5121 1169 5195 σίδηρονάριθμδν
1198 5117 1627 5191 ὑπερϐαίνοντα,
1658 5119 1756 5173 καί⁸
1787 5117 1925 5189 ὓλην
1992 5122 2190 5193 ἑτέραν
2228 5120 2488 5192 ἄφθονονο
2524 5123 2621 5177 καὶ
2654 5122 2751 5179 νῦν
2778 5124 2841 5178 δὶ
2866 5126 3217 5199 προστιθέναι
3262 5134 3373 5194 τοῖς
3403 5133 3503 5206 ἥδη
3558 5138 3839 5207 συνειλεγο

567 5222 754 5296 μένοις
773 5216 977 5291 χρυσοῦ
1010 5212 1257 5285 καθαροῦ
1278 5214 1558 5284 τρισχίλια
1581 5213 1827 5269 τάλαντα
1849 5214 1931 5279 είς
1954 5214 2015 5269 τὸ
2052 5215 2268 5281 ἄδυτον,
2303 5217 2399 5271 καὶ
2430 5217 2658 5289 μυρίους
2689 5220 2989 5293 στατῆρας,
3020 5222 3266 5294 ἀργύρου
3293 5225 3350 5279 δὲ
3379 5226 3551 5299 μύρια
3574 5229 3838 5284 τάλαντα.

569 5316 703 5391 ιΚαὶ
733 5315 787 5369 ετ
810 5331 918 5367 τινι
943 5312 1001 5367 δὲ
1023 5310 1171 5373 λίθος
1200 5306 1268 5381 ῆν
1287 5310 1399 5364 τῶν
1424 5309 1644 5382 τιμίων,
1670 5311 1931 5382 ἐκόμισεν
1958 5310 2213 5377 ἕκαστος,
2243 5314 2339 5366 καὶ
2356 5313 2673 5385 παρέδωκεν
2696 5315 2779 5379 είς
2798 5318 2925 5380 τοὺς
2955 5318 3270 5391 θησαυρούς
3304 5320 3467 5395 (55)].
3495 5324 3630 5378 Μετ’
3653 5324 3838 5395 ὀλίγον

568 5414 629 5469 δὲ
663 5410 986 5482 ἐτελεύτησε
1052 5406 1238 5473 Δαϐὶδ,
1294 5405 1503 5478 βιώσας
1562 5405 1851 5467 ἐνιαυτοὺς
1890 5404 2288 5477 ἑϐδομήκοντα,
2336 5407 2668 5478 βασιλεύσας
2705 5409 2765 5462 ὲν
2788 5409 3017 5483 Χεϐρὼν
3076 5414 3177 5485 μὲν
3208 5415 3305 5489 ἐτη
3334 5417 3496 5484 ἑπτὰ,
3532 5419 3593 5472 ὲν
3631 5418 3834 5490 Ἰερου-

1765 5523 1977 5586 Var-im
2007 5522 2325 5588 lectiones
2371 5533 2433 5589 et
2463 5534 2657 5591 notae.

635 5645 753 5716 (52)
793 5649 905 5702 Τὸν
940 5647 1239 5727 Ἀμεᾳιαν.
1274 5647 1357 5703 ita
1386 5661 1520 5704 mss.
1548 5643 1685 5718 Reg.
1716 5652 1776 5701 et
1802 5642 1963 5700 Colb.
1994 5644 2150 5700 ’Δϐε-

2263 5650 2418 5727 ρούς.
2464 5648 2592 5707 Haec
2619 5653 2889 5727 ejusmodi
2920 5653 2939 5727 [
2970 5654 2988 5727 j
3024 5658 3172 5714 notis
3220 5658 3531 5727 interclusi,
3563 5663 3641 5719 ait
3679 5662 3837 5719 Wol-

570 5715 673 5772 σάν
703 5731 870 5786 supra
900 5715 1136 5772 vocavit.
1600 5715 1658 5798 θ’
2247 5715 2388 5785 Ῐὶυε,
2416 5736 2542 5776 cum
2573 5715 2990 5779 ad'instituttini
3028 5715 3254 5787 minime
3299 5715 3639 5815 pertineant;
3677 5715 3832 5800 Quod

642 5788 754 5815 mu
802 5788 898 5815 ι’..ὶ
938 5789 989 5815 ..τι
1019 5805 1131 5815 -..η
1161 5788 1224 5815 »λ
1268 5789 1421 5815 ΗΛ--
1448 5784 1528 5815 Δἵ..
1552 5786 1906 5815 -.ν...-...1,...
1956 5788 2119 5815 1.-..l...
2256 5791 2356 5815 -.-ι
2393 5807 2582 5815 -.....--...
2623 5796 2688 5815 -2.
2754 5794 3027 5815 ι.-ι.--.,μ
3074 5810 3085 5815 -
3599 5806 3634 5815 η
3819 5813 3826 5815 Α

641 5784 901 5874 (55)”_Kal
934 5789 989 5841 sl
1019 5788 1224 5874 ftt't‘eé
1251 5789 1421 5874 1.1095
1448 5784 1675 5874 ἧντ’ὧχ
1698 5786 2150 5874 τιμίῳνιέκόμι-

2263 5784 2375 5874 εις-ζ
2393 5807 2585 5874 verum
2620 5796 2714 5861 sit,
2752 5794 3029 5852 habentur
3071 5784 3254 5857 tamen
3299 5784 3738 5874 iniiiisTiieEJ
3774 5784 3835 5860 et

569 5869 684 5909 σεν
742 5857 1018 5923 ἕκαστος,
1067 5859 1164 5912 καί
1222 5856 1566 5926 παρέδωκεν
1620 5858 1709 5922 είς
1748 5856 1890 5921 τοὺς
1920 5856 2149 5927 θησαυ-
2252 5859 2498 5917 Colbert.
