4092 6408
322 411 406 474 165
1595 405 2011 469 ANNALIUM
2041 407 2193 471 LIB.
2231 404 2320 468 II.

3455 405 3562 469 166

319 525 480 596 σαλημ
540 521 600 577 δι
650 519 778 594 τρία
823 517 961 590 πρὸς
1007 518 1122 582 τοῖς
1159 515 1482 591 τριάκονταο
1516 516 1658 590 ἀνὴρ
1723 521 1908 576 πᾶσαν
1962 520 2167 592 ἀρετὴν
2222 516 2613 591 κατορθωκὼς,
2648 516 3033 590 προσήκουσαν
3097 517 3328 592 βασιλεῖ.
3365 518 3575 591 Ἔθαψε

316 616 589 678 δίαῦτδνό
655 617 790 678 παῖς
851 611 1104 684 Σολομῶν
1145 614 1204 666 ὲν
1276 610 1681 684 Ἱεροσολύμοις
1723 614 2042 686 βασιλικῶς,
2089 618 2185 670 καὶ
2240 614 2472 669 πλοῦτον
2496 613 2730 682 ἄφθονον
2763 613 3360 704 αὐτῶσυνεκήδευσεν.

374 711 462 767 ιιι.
488 707 740 778 Σολομῶν
759 705 836 765 δὲ.
865 706 952 758 ὅτε
981 704 1078 775 τὴν
1106 703 1386 775 βασιλείαν
1418 705 1716 775 παρέλαϐε,
1738 703 1871 758 νεώ-

2044 707 2182 764 Vlll.
2204 706 2466 762 Salomon
2489 715 2748 775 suscepto
2777 703 2947 776 regno
2972 705 3267 760 admodum
3299 706 3404 762 fuit
3436 707 3574 763 ado-

315 820 454 866 τατος
477 797 568 873 ἦν,
595 799 904 852 δωδέκατον
947 796 1068 860 ἔτος
1111 796 1263 866 ἄγων
1289 799 1389 868 τῆς
1423 796 1641 866 ἡλικίας
1683 796 1878 852 αὐτοῦ.

326 898 376 950 '0
409 893 585 964 μέντοι
627 890 889 953 Ἀδωνίας
925 888 1214 961 πορευθεὶς
1260 889 1398 960 πρὸς
1434 889 1722 960 Βηρσαϐεέ
1784 893 1885 960 τὴν

319 989 509 1063 μητέρα
529 985 624 1041 τοῦ
643 985 1015 1055 Σολομῶντος,
1038 980 1238 1051 Οἶδας,
1259 979 1402 1050 εἷπε,
1419 983 1537 1053 τὴν
1555 984 1887 1049 βασιλείαν

317 1080 433 1152 ἐμοὶ
461 1076 823 1148 προσήκειν,
858 1076 957 1129 καί
985 1075 1085 1130 διὰ
1119 1076 1619 1146 πρεσϐυγένειαν,
1655 1074 1755 1130 καί
1786 1074 1886 1130 διὰ

315 1173 414 1240 τὴν
431 1171 669 1239 αἵρεσιν
688 1167 797 1222 τοῦ
818 1169 994 1223 λαοῦ.
1014 1168 1243 1238 Μετέϐη
1266 1168 1335 1221 δέ
1356 1169 1508 1237 πρὸς
1527 1167 1887 1237 Σολομῶντα

315 1263 408 1318 τὸν
426 1261 702 1330 ἀδελφόν
720 1277 866 1330 μου,
901 1260 1001 1314 καί
1035 1277 1139 1330 μοι
1170 1260 1498 1329 στερκτέον
1524 1261 1593 1312 τὸ
1617 1259 1884 1331 γεγονὸς,

312 1355 384 1420 ὡς
411 1351 618 1423 γνώμῃ
655 1352 805 1406 Θεοῦ
839 1352 1298 1422 γεγονός-,ςιιιίαν
1323 1351 1377 1405 δ’
1411 1350 1556 1406 αἰτῶ
1599 1351 1882 1420 αἴτησινο

312 1446 547 1516 δοθῆναι
569 1463 673 1515 μοι
699 1446 851 1514 πρὸς
877 1444 1069 1515 γάμον
1089 1445 1206 1513 τὴν
1231 1445 1311 1512 τῷ
1336 1445 1514 1512 πατρί
1554 1459 1888 1515 συγκοιμω-

307 1538 487 1610 μένην
505 1538 700 1606 κόρην
729 1536 842 1606 τὴν
878 1539 1136 1600 Ἀϐισὰκ,
1158 1538 1287 1590 ἐπεὶ
1307 1536 1449 1606 μηδ’
1480 1537 1635 1606 ἔγνω
1656 1539 1886 1605 ταύτην

313 1634 342 1686 ό
365 1631 554 1699 πατὴρ
577 1629 676 1683 διὰ
709 1627 918 1699 γῆρας,
952 1629 1091 1684 ἀλλ’
1113 1629 1202 1683 ἐτι
1234 1629 1534 1698 παρθένος
1574 1630 1765 1684 ἐστιν.
1817 1629 1886 1684 Ἢ

311 1723 361 1776 δὲ
407 1721 694 1793 Βηρσαϐεέ
749 1722 1000 1790 κομίσειν
1047 1722 1172 1786 τοὺς
1236 1721 1432 1790 λόγους
1489 1722 1759 1792 ὑπέσχετο
1807 1721 1887 1793 τῷ

314 1813 424 1884 υίῷ,
455 1815 552 1867 καὶ
595 1813 1056 1884 καταπράξασθαι
1083 1813 1175 1866 τὸν
1201 1813 1382 1884 γάμον
1405 1814 1557 1883 αὑτῷ
1597 1815 1888 1868 σπουδαιό-

313 1924 440 1960 τατα
468 1905 610 1977 (54).
640 1907 752 1960 Καὶ
779 1906 1109 1977 πορευθεῖσα
1144 1907 1281 1978 πρὸς
1310 1906 1402 1960 τὸν
1433 1908 1570 1973 υἱὸν,
1605 1905 1788 1960 δοῦναι
1809 1906 1887 1978 τῷ

312 1997 515 2067 ἁδελφῷ
547 1995 783 2068 Ἀδωνίᾳ
816 1997 918 2068 τὴν
943 1996 1177 2051 Ἀϐισὰκ
1213 1998 1541 2070 παρεκάλει.
1588 1998 1649 2053 ⁸0
1688 1997 1746 2051 δὲ
1795 1997 1889 2068 ὀρ-

311 2089 512 2159 γισθεὶς
539 2089 640 2143 επὶ
665 2087 746 2160 τῷ
764 2087 929 2159 λόγῳ,
944 2087 1250 2159 θαυμάζειν
1277 2085 1433 2142 εἶπεν
1457 2089 1594 2159 (55).
1622 2091 1672 2144 εί
1704 2087 1778 2160 μὴ
1793 2089 1890 2143 καὶ

314 2181 406 2252 τῆς
432 2180 715 2252 βασιλείας
749 2181 1153 2253 παραχωρῆσαι
1182 2180 1415 2253 ’Δδωνίᾳ
1434 2182 1509 2245 ὠς
1533 2180 1890 2253 πρεσϐυτέρῳ

311 2273 464 2328 αὐτὸν
514 2271 682 2340 ἀξιοῖ.
715 2274 826 2328 Καὶ
864 2273 1066 2328 αὐτίκα
1107 2273 1184 2344 τῷ
1225 2273 1320 2327 ἐπὶ
1351 2273 1462 2328 τῶν
1497 2274 1893 2344 σωματοφυλά-

313 2382 415 2419 κων
442 2363 659 2436 Βαναίᾳ
692 2366 904 2418 κτεῖναι
937 2363 1028 2418 τὸν
1058 2364 1324 2419 Ἀδωνίαν
1352 2365 1679 2437 προσέταξε.
1707 2364 1798 2436 Τῷ
1833 2364 1890 2418 δὲ

321 2456 582 2528 Ἀϐιάθαρ
611 2461 692 2519 είς
717 2456 819 2528 τὴν
848 2459 1226 2530 ένεγκαμένην
1271 2457 1608 2530 πορευθῆναι
1638 2457 1888 2524 ἐπέταξε,

313 2550 404 2603 καὶ
445 2549 664 2618 διάγειν
708 2551 768 2603 ὲν
817 2551 933 2612 τοῖς
981 2550 1198 2619 ἀγροῖς.
1248 2549 1497 2604 Θανάτου
1556 2550 1689 2621 γὰρ,
1732 2553 1889 2621 φησὶ,

312 2641 490 2711 ῥύεταί
524 2659 611 2706 σε,
643 2640 817 2696 ὁπόσα
853 2658 957 2712 μου
996 2642 1309 2711 συνέκαμες
1353 2640 1432 2712 τῷ
1473 2642 1662 2712 πατρί.
1692 2641 1892 2706 Καθὼς

318 2729 408 2787 οὖν
450 2735 530 2805 τῷ
577 2734 734 2788 Ἠλεὶ
784 2734 1119 2806 προείρηκεν
1162 2735 1191 2788 6
1219 2733 1376 2800 Θεὸς,
1411 2732 1666 2806 ἀφῄρητο
1713 2735 1745 2806 ή
1792 2735 1893 2804 τῆς

314 2823 619 2895 ἱερωσύνης
648 2823 786 2897 τιμὴ
822 2825 881 2892 ἐξ
912 2826 1065 2879 οἴκου
1100 2823 1355 2896 Ἰθάμαρ,
1383 2825 1480 2879 καὶ
1520 2826 1658 2896 πρὸς
1701 2825 1892 2880 Σαδὼκ

315 2916 782 2984 μεταπέπτωκεν,
817 2918 882 2970 ὲκ
931 2915 1028 2969 τοῦ
1061 2917 1256 2984 γένους
1277 2915 1408 2970 ὄντα
1438 2915 1534 2970 τοῦ
1580 2917 1790 2982 Φινεές.
1834 2917 1892 2972 '0

309 3007 363 3062 δὲ
385 3008 702 3080 στρατηγὸς
731 3007 914 3073 Ίωὰϐ,
937 3008 1114 3064 ταῦτα
1145 3008 1357 3079 μαθὼν,
1387 3008 1483 3064 καὶ
1506 3009 1764 3081 περιδεὴς
1795 3027 1893 3080 γε-

311 3097 501 3167 γονὼς,
525 3099 609 3170 τῷ
643 3099 1018 3171 θυσιαστηρίῳ
1042 3099 1457 3171 προσπέφευγε·
1485 3101 1581 3155 καὶ
1613 3101 1892 3172 καλούμε-

309 3206 432 3256 νος,
463 3193 570 3247 οὐκ
617 3190 685 3245 ἄν
731 3207 863 3245 ποτε
913 3191 1155 3258 ἐξελθεῖν
1193 3185 1352 3246 εἶπεν
1376 3232 1391 3258 ,
1427 3192 1544 3247 ἀλλ’
1580 3193 1749 3248 αὐτοῦ
1798 3211 1892 3248 τε·-

310 3281 625 3352 θνήξεσθαι,
656 3283 752 3338 καὶ
773 3284 874 3336 οὐκ
892 3283 1137 3338 ἄλλοθεν.
1159 3285 1330 3339 Τοῦτο
1354 3285 1434 3356 τῷ
1461 3284 1674 3354 βασιλεῖ
1689 3286 1892 3356 ἀγγελ-

1987 799 2222 866 lescens,
2258 814 2434 854 annos
2463 797 2765 852 duodecim
2792 807 2977 862 natus,
3013 798 3170 868 cujus
3195 807 3428 853 matrem
3464 801 3575 871 82

1986 892 2266 948 Bersaben
2295 891 2536 946 Adonias
2565 891 2647 945 sic
2671 891 2976 960 alloquitur
3015 906 3031 944 :
3068 889 3228 944 Nosti
3263 909 3483 963 regnum
3507 895 3578 947 ad

1987 1001 2070 1039 me
2098 985 2396 1054 pertinere,
2436 991 2544 1034 tum
2583 983 2642 1036 ob
2667 984 2840 1036 a'latis
2878 984 3309 1053 pra'rogativam,
3359 993 3472 1039 lum
3514 1001 3579 1039 ea:

1987 1092 2242 1130 consensu
2269 1075 2472 1146 populi.
2492 1073 2597 1130 Sed
2619 1076 2672 1129 id
2693 1076 2763 1128 ad
2787 1073 3127 1130 Salomonem
3154 1076 3376 1146 fratrem
3401 1095 3574 1132 meum

1988 1169 2203 1223 transiit
2234 1184 2252 1222 :
2279 1168 2419 1240 quod
2449 1185 2596 1234 aequo
2629 1170 2755 1222 mihi
2784 1169 3060 1239 ferendum
3095 1179 3170 1223 est
3201 1172 3400 1234 animo,
3446 1188 3579 1241 quo-

1992 1261 2138 1314 niam
2163 1259 2270 1314 Deo
2294 1261 2370 1314 ita
2397 1261 2564 1314 visum
2596 1270 2692 1315 est.
2729 1261 2902 1316 Unum
2932 1270 3112 1316 tamen
3143 1270 3283 1333 peto,
3309 1273 3365 1316 ut
3387 1263 3578 1334 Abisag

1988 1354 2160 1420 patris
2182 1353 2283 1406 mei
2303 1353 2614 1416 concubina,
2643 1355 2892 1417 quoniam
2922 1370 3034 1424 pra
3071 1355 3219 1407 senio
3267 1355 3422 1408 illam
3473 1371 3579 1408 non

1989 1445 2183 1514 attigit,
2226 1462 2288 1498 ac
2314 1445 2574 1515 virginem
2601 1444 2840 1516 reliquit,
2904 1447 2960 1498 in
3009 1447 3410 1499 matrimonium
3452 1448 3579 1501 mihi

1987 1534 2162 1589 detur.
2192 1535 2452 1600 Bersabe,
2484 1535 2574 1592 illa
2607 1548 2666 1590 se
2696 1535 2992 1589 relaturam
3023 1535 3091 1589 ad
3119 1535 3316 1601 lilium,
3345 1545 3400 1590 et
3427 1553 3581 1591 sum-

1989 1640 2079 1680 mo
2110 1625 2296 1681 studio
2323 1641 2549 1696 operam
2595 1627 2850 1682 daturam
2894 1627 3214 1697 pollicetur,
3250 1637 3311 1682 ut
3344 1630 3578 1699 nuptias

1989 1718 2068 1772 illi
2106 1719 2384 1774 conﬁciat.
2417 1720 2525 1774 Sed
2556 1735 2616 1775 re
2643 1721 2853 1786 audita,
2887 1736 2980 1774 rex
3028 1721 3221 1787 iratus,
3280 1722 3466 1776 mirari
3518 1738 3578 1778 se

1987 1809 2087 1876 ait,
2113 1810 2261 1880 quod
2293 1819 2354 1866 ut
2395 1812 2621 1866 Adoniaa
2651 1820 2916 1881 tanquam
2973 1823 3104 1867 natu
3163 1816 3355 1884 majori
3409 1830 3578 1885 regno

1989 1901 2234 1966 cederet,
2272 1917 2381 1958 non
2429 1903 2758 1973 postularet.
2808 1904 2887 1959 Ac
2943 1907 3127 1959 statim
3179 1921 3277 1975 per
3324 1905 3576 1960 Banaram

1991 1992 2290 2047 satellitum
2321 1995 2642 2063 pra-fectum
2669 2009 2797 2050 eum
2839 1994 3018 2050 occidi
3052 1996 3233 2066 jubet.
3307 1996 3578 2052 Abiatha-

1993 2097 2108 2136 rem
2134 2097 2356 2152 quoque
2387 2083 2440 2137 in
2468 2085 2701 2152 patriam
2739 2083 2972 2154 relegat,
3008 2093 3068 2138 ut
3117 2085 3192 2140 ibi
3223 2087 3337 2140 ruri
3375 2087 3576 2158 degat:

1992 2188 2118 2228 nam
2141 2173 2194 2228 ei
2225 2174 2394 2229 vitam
2420 2189 2479 2230 se
2509 2177 2850 2241 condonare,
2880 2176 2951 2231 ob
2993 2179 3301 2235 exantlatos
3334 2193 3458 2234 cum
3487 2195 3580 2250 pa-

1991 2274 2074 2321 tre
2104 2281 2208 2323 suo
2232 2267 2474 2334 labores.
2503 2268 2582 2323 Ita
2615 2269 2911 2325 sacerdotii
2967 2269 3166 2336 bonos,
3218 2273 3578 2342 quemadmo-

1992 2358 2124 2414 dum
2179 2358 2336 2416 Helio
2399 2361 2730 2432 praedixerat
2772 2363 2937 2438 Deus,
2999 2363 3311 2421 lthamaria:
3349 2365 3579 2422 familiae

1991 2463 2236 2523 ereptus,
2283 2454 2350 2508 ad
2389 2453 2663 2509 Sadocum
2707 2456 2952 2519 transiit,
3011 2471 3042 2512 e
3099 2473 3302 2529 genere
3350 2458 3578 2516 Phineis

1991 2544 2313 2602 oriundum.
2357 2543 2455 2600 His
2485 2545 2743 2616 cognitis,
2775 2547 2981 2603 Joabus
3011 2547 3314 2618 imperator
3361 2561 3580 2621 perter-

1993 2637 2164 2703 ritus,
2192 2637 2260 2692 ad
2293 2653 2444 2692 aram
2467 2638 2734 2708 confugit.
2766 2639 2924 2696 Unde
2951 2655 3072 2695 cum
3106 2650 3456 2708 avocaretur,
3481 2658 3579 2699 ne-

1992 2730 2139 2800 gavit
2167 2745 2227 2785 se
2269 2729 2670 2798 discessurum,
2706 2732 2803 2787 sed
2830 2732 2929 2799 ibi,
2952 2742 3137 2788 etnon
3165 2735 3298 2789 alibi
3343 2736 3581 2791 moritu-

1993 2836 2144 2880 rum.
2173 2820 2294 2888 Quo
2353 2837 2452 2877 rex
2503 2822 2780 2890 nuntiato,
2836 2823 2915 2878 ibi
2953 2839 3080 2879 eum
3122 2825 3359 2881 interﬁci
3395 2827 3577 2896 jubet.

1995 2912 2135 2968 Tum
2163 2913 2387 2969 Bameas
2403 2914 2573 2970 totius
2601 2915 2880 2970 exercitus
2907 2916 3206 2986 imperator
3231 2918 3576 2989 designatur,

1991 3014 2050 3060 et
2108 3003 2358 3060 Sadocus
2397 3004 2750 3076 pontiﬁcatus
2798 3006 3125 3078 dignitatem
3187 3011 3574 3080 consequitur.

1993 3095 2234 3153 Semeim
2261 3113 2395 3153 vero
2421 3115 2514 3152 rex
2547 3098 2947 3172 Hierosolymis
2975 3101 3128 3156 exire
3169 3103 3369 3168 vetuit,
3423 3118 3576 3158 mor-

1996 3197 2104 3246 tem
2142 3191 2529 3257 comminatus,
2549 3191 2595 3246 si
2620 3207 2779 3247 secus
2804 3193 3021 3248 fecisset
3044 3211 3057 3248 :
3078 3209 3315 3265 eumque
3335 3195 3576 3252 triennio

1993 3293 2120 3355 post
2149 3285 2218 3340 ad
2249 3283 2514 3354 fugitivos
2546 3298 2736 3340 servos
2769 3285 3130 3354 inquirendos
3157 3288 3350 3342 urbem
3385 3304 3576 3358 egres-

309 3376 420 3442 θὲν,
467 3377 712 3430 πέπεικε
771 3375 1001 3441 στεῖλαι,
1056 3377 1218 3430 κάκεῖ
1287 3378 1380 3430 τὸν
1440 3376 1599 3432 Ἰωὰϐ
1654 3379 1888 3434 ἀνελεῖν.

1995 3392 2139 3442 sum,
2165 3377 2404 3434 interﬁci
2448 3379 2622 3449 jubet.
2659 3379 2894 3434 Uxorem
2919 3381 3078 3434 duxit
3125 3379 3388 3436 Salomon
3433 3381 3583 3437 Pha-

309 3469 591 3523 Ἐντεῦθεν
626 3467 866 3530 Βαναίας
898 3469 998 3538 μὲν
1035 3467 1218 3538 πάσης
1249 3468 1347 3539 τῆς
1369 3467 1652 3538 δυνάμεως
1689 3486 1894 3540 προκε-

307 3560 551 3632 χείριστο
599 3561 944 3630 στρατηγὸς,
995 3558 1187 3613 Σαδὼκ
1231 3559 1291 3613 δὲ
1331 3561 1434 3631 τῆς
1479 3562 1894 3634 ἀρχιερωσύνης

307 3653 525 3723 ἠξίωτο.
553 3653 665 3707 Τὸν
697 3651 755 3706 δέ
791 3669 855 3722 γε
881 3651 1079 3722 Σεμεεὶ
1101 3652 1131 3704 6
1153 3651 1409 3722 βασιλεὺς
1435 3655 1495 3708 ὲν
1538 3654 1895 3726 Ἰερουσαλὴμ

309 3745 670 3816 περιώρισεν,
701 3745 844 3799 ὥστε
866 3744 1071 3816 ταύτης
1109 3746 1185 3816 μὴ
1210 3745 1433 3810 έξιέναιο
1457 3747 1506 3800 si
1532 3745 1576 3798 δ’
1608 3745 1694 3813 οὒ,
1731 3746 1897 3802 θάνα-

307 3855 395 3891 τον
423 3838 578 3910 αὐτῷ
613 3838 679 3890 τὸ
720 3837 994 3908 ἐπιτίμιον
1027 3836 1238 3902 ἔταξεν.
1275 3837 1334 3891 '0
1349 3837 1427 3903 δὲ,
1467 3847 1606 3908 μετα
1643 3838 1735 3910 ἔτη
1767 3839 1896 3910 τρία

306 3929 508 3984 δούλων
553 3927 726 3983 αὑτοῦ
758 3929 1066 3998 φυγόντων,
1097 3929 1193 3984 ἐπὶ
1233 3927 1462 4000 ζήτησιν
1492 3929 1674 3983 αὐτῶν
1702 3931 1895 4001 £52“)-

308 4019 450 4072 λυθε.
495 4019 613 4074 Καὶ
649 4019 812 4074 τοῦτο
857 4021 1018 4088 γνοὺς
1068 4019 1350 4090 Σολομῶν,
1401 4020 1757 4094 ἀναιρεθῆναι
1802 4023 1896 4076 τὸν

308 4110 475 4182 ἄνδρα
516 4110 832 4166 ἐκέλευσεν.
868 4113 1101 4179 Ἀγεται
1143 4110 1200 4164 δὲ
1231 4109 1490 4183 Σολομῶν
1537 4114 1618 4177 είς
1659 4118 1896 4182 γυναῖκα

308 4203 590 4272 θυγατέρα
635 4202 858 4274 Φαραὼ,
889 4203 985 4256 καὶ
1029 4203 1100 4258 τὰ
1140 4202 1299 4274 τείχη
1338 4205 1450 4259 τῶν
1505 4205 1896 4277 Ἱεροσολύμων

308 4295 399 4349 ἐπὶ
439 4295 636 4366 μεῖζον
672 4289 800 4364 ἦρε,
832 4293 924 4348 καὶ
952 4292 1272 4364 ὀχυρώτερα
1311 4295 1708 4349 κατεσκεύασε.
1757 4297 1896 4352 Καθ’

306 4389 508 4453 ὕπνους
561 4390 622 4443 δὲ
678 4387 1027 4458 χρηματίσας
1072 4389 1222 4460 αὐτῷ
1265 4390 1294 4442 6
1338 4390 1494 4455 Θεὸς,
1539 4387 1696 4447 εἶπεν
1745 4391 1898 4464 αὒτῷ

303 4483 525 4553 αίτῆσαι
572 4480 603 4533 ὃ
647 4479 914 4549 βούλοιτο.
972 4467 1032 4534 Ὀ
1063 4480 1148 4548 ,δὲ
1205 4481 1574 4551 advectum!
1633 4485 1897 4553 φρόνησιν

301 4574 471 4644 ᾔτησε
503 4573 737 4644 δοθῆναι
767 4571 938 4643 αὐτῷ.
975 4573 1088 4626 Καὶ
1118 4573 1148 4626 6
1187 4573 1319 4638 Θεὸς
1355 4574 1761 4646 ἀποδεξάμενος
1798 4578 1897 4630 αὖ.

300 4667 391 4721 τὸν
409 4667 515 4736 τῆς
545 4666 846 4736 αἰτήσεως,
869 4666 966 4719 καὶ
987 4665 1177 4736 σοφίαν
1199 4665 1394 4720 δώσειν
1421 4667 1573 4739 αὑτῷ
1597 4670 1688 4722 καὶ
1721 4671 1898 4739 μέγαν

301 4760 426 4812 νοῦν
458 4757 860 4827 ἐπηγγείλατο,
893 4757 970 4822 ὡς
1001 4758 1102 4828 οὺχ
1139 4757 1314 4828 ἑτέρῳ
1352 4757 1460 4828 πρὸ
1489 4759 1680 4826 αὐτοῦ,
1711 4761 1745 4832 ἦ
1787 4777 1894 4816 τινι

304 4851 424 4921 μετ’
477 4849 678 4904 αὐτόν.
740 4847 1070 4918 Προσθείναι
1119 4847 1178 4902 δὲ
1227 4849 1324 4902 καὶ
1382 4847 1528 4919 άπερ
1568 4849 1670 4903 οὐκ
1698 4849 1894 4921 ᾔτησε,

301 4943 537 4996 πλοῦτον
583 4941 686 4996 καὶ
732 4940 889 5010 νίκην
934 4941 1031 4995 καὶ
1077 4937 1351 5008 εὔκλειαν,
1396 4941 1446 4994 εί
1488 4939 1747 5010 φυλάξειε
1792 4944 1896 5006 τὰς

302 5036 468 5092 αὑτοῦ
512 5035 750 5098 ἐντολὰς
800 5034 894 5093 καὶ
935 5034 1308 5104 δικαιώματα.
1361 5035 1521 5088 Μετὰ
1571 5033 1745 5088 ταῦτα
1797 5035 1894 5089 δύο

301 5125 622 5196 προσῆλθον
645 5122 797 5192 αὐτῷ
823 5125 1099 5192 γυναῖκες·
1131 5117 1206 5178 ὧν
1227 5125 1261 5194 ἠ
1293 5123 1416 5195 μία,
1439 5123 1892 5196 Βασαιεῦ,,ἐφη,

301 5214 620 5284 ἀλλήλαις
672 5212 848 5284 ἡμεῖς
895 5212 1327 5284 συνφκοῦμεν,
1373 5214 1475 5268 καί
1515 5215 1720 5280 οὐδεὶς
1759 5214 1894 5284 μεθ’

300 5310 491 5380 ἡμῶν.
539 5310 865 5376 Ἐτέκομεν
883 5308 953 5363 δέ
973 5308 1146 5378 ausam
1166 5307 1319 5363 κατὰ
1347 5307 1455 5362 τὸν
1475 5306 1664 5362 αὑτὸν
1684 5305 1896 5376 καιρὸν

301 5403 546 5473 ἄρρενα.
583 5402 696 5458 Kal
733 5401 886 5472 μετὰ
899 5400 1124 5470 μικρὸν
1149 5399 1326 5468 αὕτη,
1356 5397 1438 5464 τῷ
1464 5397 1658 5465 αὐτῆς
1683 5398 1897 5452 ἐπιπε-

301 5497 505 5552 σοῦσα
553 5493 690 5562 υιῷ,
730 5495 952 5562 νεκρὸν
995 5491 1420 5548 διῢπνισθεῖσα
1459 5488 1642 5560 εὗρεν
1684 5491 1894 5548 αὐτόν.

304 5591 406 5644 Kal
437 5591 509 5644 τὸ
526 5589 658 5660 μὲν
694 5587 1005 5656 τεθνηκὸς,
1033 5585 1353 5654 ὺπνούσης
1369 5584 1538 5653 ἐμοῦ,
1567 5585 1891 5653 ὑποτίθησι

1997 3469 2179 3524 raonis
2215 3469 2406 3535 ﬁliam,
2437 3479 2493 3525 et
2515 3471 2718 3526 moenia
2751 3469 3260 3544 Hierosolymorum
3289 3474 3488 3529 altiora
3520 3482 3580 3530 et

1998 3554 2296 3611 munitiora
2328 3556 2479 3612 fecit.
2511 3557 2590 3612 Ac
2606 3557 2662 3613 in
2690 3562 2900 3616 somnis
2929 3576 2960 3615 a
2999 3562 3112 3616 Deo
3135 3563 3325 3632 jussus
3381 3571 3583 3633 optare

1995 3646 2268 3717 quidquid
2301 3649 2487 3715 vellet,
2521 3649 2942 3722 intelligentiam
2966 3662 3021 3707 et
3053 3655 3379 3724 sapientiam
3415 3655 3578 3724 petit:

1995 3755 2102 3811 qua
2131 3741 2399 3810 petitione
2426 3743 2572 3798 Deus
2587 3745 2962 3813 comprobata,
2996 3746 3048 3800 ei
3075 3762 3133 3802 se
3154 3755 3210 3802 et
3252 3749 3582 3818 sapientiam

1996 3844 2054 3890 et
2085 3845 2328 3890 mentem
2361 3845 2720 3904 praestantem
2753 3836 3014 3908 daturum
3063 3839 3378 3908 pollicetur,
3440 3855 3580 3910 qua-

1995 3927 2105 3982 lem
2131 3942 2236 3982 nec
2257 3937 2392 3983 ante
2422 3944 2550 3983 eum
2574 3928 2864 3986 habuisset
2893 3932 3184 4002 quisquam
3209 3948 3309 3989 nec
3329 3945 3453 4003 post
3478 3935 3580 3990 ba-

1998 4021 2218 4076 biturus
2245 4031 2394 4078 esset
2417 4038 2432 4075 :
2462 4021 2810 4091 adjecturum
2841 4041 3008 4095 porro
3029 4042 3092 4081 ea
3129 4027 3294 4082 etiam
3318 4044 3440 4098 quae
3466 4045 3579 4084 non

1997 4114 2272 4184 petiissct,
2303 4131 2459 4186 opes,
2486 4117 2799 4182 victoriam,
2834 4119 3084 4188 gloriam,
3116 4119 3162 4172 si
3191 4120 3450 4175 mandata
3479 4137 3580 4178 sua

1997 4215 2054 4261 et
2077 4207 2203 4278 jura
2228 4217 2606 4265 conservaret.
2647 4209 2778 4265 Post
2807 4211 2945 4276 haec,
2980 4210 3103 4267 dua:
3131 4212 3395 4267 mulieres
3449 4229 3578 4268 eum

1997 4315 2328 4367 convenere,
2361 4317 2599 4372 quarum
2628 4318 2733 4358 una
2772 4319 2787 4356 :
2818 4303 2946 4369 Rex,
2975 4304 3176 4374 inquit,
3203 4322 3298 4360 nos
3319 4307 3372 4360 in
3395 4307 3580 4361 iisdem

1999 4393 2192 4448 adibus
2214 4394 2584 4460 habitavimus,
2607 4411 2774 4465 neque
2799 4396 3076 4467 quisquam
3115 4406 3371 4469 praterea
3403 4400 3580 4454 nobis-

1998 4503 2137 4541 cum.
2179 4486 2377 4542 Accidit
2414 4497 2613 4553 autem,
2672 4496 2729 4540 ut
2786 4497 3010 4560 utraque
3063 4491 3359 4544 masculum
3400 4493 3579 4548 eodem

1999 4588 2231 4651 tempore
2247 4589 2478 4650 pareret.
2503 4579 2676 4633 Paulo
2697 4589 2832 4650 post,
2879 4582 2981 4636 ista
3024 4581 3198 4650 ﬁlium
3247 4599 3403 4637 suum
3451 4585 3578 4638 dor-

1999 4675 2167 4726 miens
2188 4673 2448 4743 oppressit
2487 4685 2507 4726 :
2546 4679 2596 4724 et
2635 4681 2964 4742 experrecta,
2996 4673 3267 4742 infantem
3312 4684 3579 4728 mortuum

2000 4765 2141 4819 ulnis
2163 4763 2612 4818 meisdormientis
2629 4765 2898 4834 supponit,
2929 4766 3191 4819 viventem
3223 4763 3464 4819 ablatum
3483 4767 3581 4821 sili

2001 4855 2254 4910 uindicat.
2291 4853 2408 4920 Quo
2459 4863 2751 4909 commento
2789 4856 3178 4919 animadverso,
3209 4856 3318 4926 83
3357 4873 3578 4926 puerum

2000 4954 2178 5017 repeto
2207 4960 2227 4999 :
2258 4943 2370 5000 illa'
2393 4955 2568 5016 negat.
2611 4945 2817 5010 Altera,
2839 4963 2992 4999 suum
3010 4962 3121 4999 esse
3151 4949 3408 5000 viventem
3453 4963 3585 5013 pue-

1999 5055 2119 5092 rum
2152 5039 2403 5108 afﬁrmat,
2435 5037 2759 5092 adversaria:
2798 5046 3087 5102 mortuum,
3128 5053 3294 5107 neque
3321 5051 3380 5090 eo
3401 5052 3456 5090 se
3487 5038 3586 5090 imo

1999 5128 2279 5200 probitatis
2306 5143 2645 5199 progressam
2700 5143 2811 5180 esse
2845 5128 3022 5196 jurat.
3073 5125 3289 5182 Corona
3342 5127 3586 5180 circum-

2001 5216 2274 5272 stantium
2313 5218 2628 5280 dubitante,
2683 5231 2794 5285 quo
2837 5225 2999 5286 pacto
3046 5230 3242 5270 verum
3284 5213 3579 5285 dijudicari

1999 5315 2208 5378 posset,
2236 5323 2334 5363 rex
2367 5323 2598 5377 puerum
2624 5302 2804 5379 gladio
2840 5308 2895 5362 in
2927 5307 3065 5362 duas
3089 5308 3260 5361 secari
3291 5313 3476 5375 partes
3491 5304 3584 5374 ju.

2004 5399 2122 5462 bet,
2151 5408 2211 5455 et
2237 5399 2462 5470 utrique
2489 5399 2708 5454 mulieri
2743 5401 3030 5454 semissem
3063 5397 3204 5452 dari.
3253 5397 3387 5450 Eam
3445 5409 3577 5450 seu-

2003 5492 2234 5548 tentiam
2261 5507 2392 5552 vera
2420 5491 2644 5548 infantis
2679 5501 2856 5548 mater
2881 5492 3124 5561 graviter
3167 5489 3356 5545 ferens
3409 5495 3579 5560 atque

2002 5583 2327 5654 repudians,
2378 5583 2706 5640 adversaria
2786 5597 3025 5656 puerum
3100 5581 3377 5638 viventem
3434 5580 3578 5639 tradi

1507 5701 1708 5763 Varia:
1729 5695 2040 5761 lectiones
2085 5705 2142 5760 et
2179 5705 2372 5761 notaa.

370 5813 487 5884 (56)
523 5809 1006 5884 Σπουδαιόταςα.
1038 5807 1151 5884 Alii
1175 5807 1337 5884 codd.
1367 5807 1814 5884 σπουδαιότατον.

375 5873 490 5948 (55)
521 5881 862 5947 θαυμάζειν
881 5875 1072 5936 εἴπεν.
1111 5878 1431 5937 Versionem
1461 5879 1552 5936 hic
1581 5873 1891 5936 immutavir

2013 5875 2170 5947 juxta
2199 5874 2498 5931 verborum
2529 5887 2776 5939 sensum,
2805 5881 2861 5930 et
2887 5873 3210 5946 losephum.
