4092 6398
503 362 600 425 lli?

1799 360 2124 425 JUANNIS
2165 359 2488 424 ΖΟΝΑΒᾸΞ

3652 354 3752 418 168

489 489 632 536 orat.
665 477 798 546 Quae
823 491 959 535 vero
983 492 1043 535 se
1072 485 1306 534 matrem
1341 477 1462 550 ejus
1510 475 1652 533 falso
1680 476 2067 549 profitebatur,

2171 477 2302 544 ταῖς
2323 476 2619 547 ἀγκάλαις
2636 491 2778 546 μου.
2813 475 2884 529 Τὸ
2912 473 2981 528 δὲ
3015 472 3126 535 ζῶν
3153 473 3223 539 ἐξ
3241 471 3390 544 ἐμοῦ
3417 473 3754 544 ἀφελοῦσα,

488 572 804 628 collaudato
842 570 1074 643 judicio,
1102 570 1492 626 dissectionem
1537 569 1802 624 maturari
1837 568 2062 640 flagitat.

489 663 570 718 lbi
597 680 690 719 rex
722 678 957 733 puerum
993 663 1270 718 viventem
1302 662 1352 717 ei
1394 662 1536 717 tradi
1570 663 1747 733 jubet,
1775 678 1898 733 qua:
1949 661 2066 717 dis-

489 756 794 811 sectionem
828 755 1232 824 deprecabatur
1268 770 1282 806 :
1314 769 1434 809 eam
1468 755 1617 809 enim
1661 770 1782 810 esse
1814 763 2068 820 matrem,

490 862 613 916 quae
641 846 798 916 pueri
827 846 1032 900 credem
1061 854 1346 916 tantopere
1397 845 1801 901 reformidaret.
1859 845 1918 900 ld
1972 859 2073 915 po-

490 939 621 1009 pulo
642 938 870 993 evidens
897 948 1282 1009 argumentum
1315 938 1419 992 fuit
1448 938 1734 1007 sapientiae
1777 939 1941 1010 regis,
1975 938 2070 1008 qui

490 1029 713 1099 quidem
743 1045 936 1083 onmes
973 1039 1188 1083 veteres
1241 1027 1464 1098 ingenio
1521 1028 1927 1098 prudentiaque
1975 1043 2072 1082 su-

489 1121 739 1192 perabat.
778 1119 1188 1175 Similitudines
1215 1129 1299 1174 ter
1330 1119 1478 1174 mille
1503 1119 1837 1189 composuit,
1891 1121 2071 1174 canti-

489 1213 646 1268 lenas
669 1211 967 1282 quinquies
999 1210 1151 1265 mille
1188 1227 1201 1264 :
1238 1219 1295 1265 et
1335 1224 1366 1264 a
1398 1209 1565 1264 cedro
1597 1209 1919 1278 auspicatus
1976 1223 2073 1263 us-

490 1319 598 1374 que
625 1304 694 1358 ad
728 1303 1050 1374 hyssopum,
1087 1301 1474 1357 describendis
1512 1301 1784 1371 stirpibus
1817 1316 2071 1370 progres-

491 1409 586 1448 sus
606 1402 710 1460 est,
743 1401 1078 1462 naturasque
1106 1391 1426 1447 animalium
1491 1390 1861 1456 terrestrium,
1893 1390 2074 1446 aerio-

489 1503 637 1552 rum,
659 1489 1007 1558 aquatilium,
1035 1504 1099 1544 ac
1125 1489 1492 1558 proprietates
1519 1486 1850 1559 perquisivit
1897 1497 1956 1543 et
1988 1486 2074 1542 in-

488 1581 728 1651 dagavit.
757 1581 972 1637 Invenit
1002 1582 1170 1636 etiam
1206 1581 1274 1638 ad
1308 1582 1606 1637 utilitatem
1627 1580 1940 1646 hominum,
1976 1596 2072 1636 ex-

487 1673 834 1727 cantationes
857 1673 1193 1737 daemonum,
1252 1684 1308 1730 et
1370 1675 1779 1746 adjurationum
1827 1675 2072 1730 rationes

488 1763 736 1833 reliquit,
787 1765 992 1834 quibus
1049 1765 1319 1822 daemonia
1379 1765 1662 1837 fugentur.
1699 1765 1875 1833 Quam
1911 1781 2074 1821 cura-

2169 572 2250 638 ὡς
2280 570 2503 639 ἑαυτῆς
2528 571 2574 636 ᾠ
2596 569 2905 623 κειώσατο.
2936 568 3044 627 Kal
3073 567 3303 637 γνοῦσα
3337 565 3406 619 τὸ
3423 565 3636 637 δρᾶμα,
3663 565 3758 636 ζη-

2168 663 2250 717 τῶ
2277 664 2384 717 τὸν
2418 662 2622 716 παῖδα.
2670 661 2736 716 Ἠ
2756 659 2822 714 δέ
2851 677 2953 730 μοι
2991 661 3064 715 οὐ
3096 659 3363 714 δίδωσιν.
3410 660 3478 714 Ἥ
3503 658 3555 711 δ’
3585 658 3756 728 ἑτέρα

2169 755 2236 808 τὸ
2265 753 2375 815 ζῶν
2391 750 2544 808 εἶναι
2565 753 2630 807 τὸ
2657 751 2880 821 ἑαυτῆς
2907 750 3150 806 παιδίον
3169 750 3612 820 ἀπισχυρίζετο,
3644 749 3756 818 τῆς

2170 846 2224 900 δ’
2254 846 2562 903 ἀντιδίκου
2591 846 2657 899 τὸ
2694 845 2999 913 τεθνηκός.
3027 844 3136 900 Kal
3170 845 3268 899 ἐπὶ
3297 843 3594 898 τοσοῦτον
3614 858 3759 896 κακ-

2171 938 2413 1006 ουργίας
2462 935 2548 1006 μὴ
2597 934 2896 1005 προϐῆναι
2922 935 3234 1004 διώμνυτο.
3289 933 3666 1006 Ἀπορούντων
3697 934 3755 990 δέ

2170 1029 2278 1082 τῶν
2314 1030 2776 1100 περιεστηκότων,
2808 1028 2927 1091 πῶς
2973 1029 3038 1084 ἂν
3082 1028 3394 1099 διακριθείη
3437 1028 3499 1082 τὸ
3529 1029 3752 1100 ἀληθὲς,

2171 1121 2200 1172 ό
2233 1121 2493 1190 βασιλεὺς
2521 1121 2643 1192 διχῆ
2683 1121 2960 1194 τμηθῆναι
3014 1120 3076 1175 τὸ
3120 1122 3230 1186 ζῶν
3259 1121 3471 1175 παιδίον
3505 1123 3756 1192 μαχαίρᾳ

2172 1215 2450 1282 ἐκέλευσε,
2473 1217 2568 1270 καὶ
2591 1217 2694 1271 ἀνά
2722 1217 2887 1288 μέρος
2910 1215 3130 1286 δοθῆναι
3161 1215 3402 1287 ἑκατέρᾳ
3433 1215 3542 1268 τῶν
3565 1231 3757 1284 γυναι·

2171 1309 2308 1362 κῶν.
2340 1309 2511 1363 Τοῦτο
2546 1311 2580 1380 ή
2614 1310 2715 1379 μὲν
2762 1309 2971 1380 ἀληθὴς
3013 1309 3107 1362 τοῦ
3144 1309 3385 1380 βρέφους
3433 1311 3619 1381 μήτηρ
3653 1309 3754 1380 βα-

2173 1401 2314 1472 ρέως
2344 1401 2568 1472 ἢνεγκε,
2595 1401 2691 1453 καὶ
2725 1402 3025 1472 παρῃτεῖτο
3051 1400 3151 1471 τὴν
3177 1400 3380 1471 ψῆφον,
3409 1403 3505 1456 καὶ
3531 1400 3754 1470 δοθῆναι

2172 1491 2284 1557 ζῶν
2314 1492 2374 1544 τὸ
2414 1492 2630 1545 παιδίον
2657 1493 2724 1561 τῇ
2754 1491 3014 1560 ἀντιδίκῳ
3050 1491 3314 1545 ἱκέτευεν.
3357 1493 3423 1545 Ἢ
3455 1491 3512 1546 δὲ
3539 1491 3752 1562 ψευδῶς

2171 1585 2370 1653 ἐαυτὴν
2406 1581 2619 1653 μητέρα
2656 1580 2751 1634 τοῦ
2795 1582 2984 1644 παιδὸς
3027 1583 3392 1652 όνομάζουσα,
3423 1584 3518 1636 καὶ
3559 1582 3752 1654 ἐπῄνει

2169 1675 2270 1746 τήν
2309 1673 2513 1746 κρίσιν,
2541 1675 2638 1727 καὶ
2668 1673 2970 1728 ἐπέσπευδε
3013 1672 3113 1744 τὴν
3143 1673 3430 1744 διαίρεσιν.
3458 1673 3569 1727 Kal
3592 1677 3620 1728 ὁ
3652 1673 3753 1744 βαι-

2175 1769 2358 1832 σιλεὺς
2391 1765 2618 1838 δοθῆναι
2642 1765 2752 1831 ζῶν
2780 1766 2843 1820 τὸ
2873 1766 3086 1820 παιδίον
3116 1766 3422 1835 προσέταξε
3455 1769 3522 1838 τῇ
3550 1783 3755 1838 παραιο

487 1855 694 1910 tionem
723 1855 791 1910 ad
851 1872 1006 1912 suam
1041 1873 1215 1928 usque
1264 1865 1482 1913 aetatem
1525 1857 1754 1914 durasse
1797 1857 2067 1926 Iosephus

2176 1864 2414 1934 τουμένη
2441 1861 2540 1934 τήν
2566 1861 2776 1916 ἐκείνου
2808 1859 3074 1932 διαίρεσιν
3097 1877 3113 1895 ο
3132 1859 3304 1932 Αὕτη,
3331 1862 3532 1932 φήσας,
3557 1862 3592 1932 ή
3627 1860 3754 1914 τού-

487 1947 710 2009 asserit,
739 1956 794 2002 et
821 1947 876 2002 in
903 1948 1022 2018 ejus
1044 1949 1126 2002 rei
1163 1949 1324 2005 fidem
1359 1950 1672 2022 hujusmodi
1715 1949 2069 2021 experimen~

489 2047 606 2093 tum
686 2048 875 2095 narrat
929 2057 943 2094 :
1005 2041 1326 2096 Eleazarum
1385 2042 1679 2113 quemdam
1740 2043 2068 2114 popularem

488 2145 649 2185 suum
676 2131 935 2188 habuisse
968 2133 1259 2200 annulum,
1292 2136 1397 2191 sub
1430 2135 1590 2206 cujus
1615 2135 1737 2206 pala
1787 2136 1942 2200 radix
1979 2151 2070 2193 es-

487 2233 594 2287 set,
633 2225 794 2281 exiis
819 2241 957 2296 quas
979 2225 1320 2282 indicaverat
1363 2225 1648 2295 Salomon,
1706 2229 1800 2299 qui
1840 2229 1886 2284 si
1931 2243 2068 2285 naso

487 2313 814 2369 daemoniaci
849 2316 1259 2384 admoveretur,
1324 2319 1442 2372 solo
1497 2316 1699 2374 olfactu
1752 2335 1853 2390 per
1905 2336 2067 2377 nares

485 2403 807 2459 extraheret
862 2399 1218 2462 daemonium.
1302 2407 1514 2464 Deinde
1573 2408 1884 2467 Salomonis
1921 2411 2065 2468 facta

486 2495 792 2562 mentione,
821 2496 1086 2552 recitasse
1128 2498 1277 2554 illius
1308 2501 1746 2567 excantationes,
1794 2508 1852 2556 et
1909 2500 2067 2572 adju-

485 2629 643 2669 rasse
671 2613 1029 2681 daemonium,
1047 2629 1117 2669 ne
1139 2614 1195 2669 in
1219 2614 1500 2671 hominem
1523 2624 1923 2673 reverteretur.
1949 2616 2065 2674 [loc

487 2706 544 2762 in
571 2707 896 2778 Vespasiani
935 2715 992 2763 et
1029 2706 1271 2762 ﬁliorum
1331 2708 1454 2780 ejus
1509 2718 1810 2780 conspectu
1865 2710 2064 2767 fecisse

487 2798 855 2855 Eleazarum:
891 2807 950 2856 et
993 2808 1054 2854 ut
1101 2800 1212 2854 vim
1263 2808 1457 2855 contra
1513 2799 1794 2857 daemones
1841 2802 2064 2858 insitam

485 2891 770 2960 probaret,
799 2893 1050 2962 posuisse
1095 2892 1356 2962 poculum
1403 2907 1544 2962 aqua
1582 2893 1828 2963 plenum,
1865 2903 1923 2950 et
1949 2895 2067 2966 jus-

486 2983 626 3040 sisse
658 2985 952 3051 daemonio,
995 2993 1058 3039 ut
1088 2999 1371 3054 egressum
1404 2999 1474 3040 ex
1511 2985 1736 3042 homine
1766 2985 1821 3041 id
1850 2997 2068 3043 everte-

487 3085 621 3130 ret:
655 3076 841 3146 itaque
868 3076 1076 3132 factum
1121 3091 1268 3142 esse,
1320 3075 1547 3132 nemine
1608 3085 1869 3134 cernente
1894 3093 1924 3134 a
1954 3093 2065 3149 quo

485 3175 852 3222 everteretur.

2173 1973 2267 2010 του
2297 1957 2482 2028 μήτηρ
2519 1957 2689 2022 ἐστιν,
2723 1954 2758 2028 ἠ
2802 1952 2896 2009 τοῦ
2941 1953 3129 2018 παιδὸς
3155 1953 3432 2024 σφαγῆναι
3463 1953 3752 2023 μέλλοντος

2175 2049 2547 2121 ὑπερήλγησε.
2587 2049 2760 2104 Τοῦτο
2802 2049 2912 2112 πᾶς
2949 2049 2978 2102 ὁ
3005 2047 3133 2113 λαὸς
3176 2047 3406 2120 ἀκριϐὲς
3445 2047 3752 2117 τεκμήριον

2173 2141 2375 2214 ἔσχηκε
2427 2146 2528 2215 τῆς
2577 2141 2672 2198 τοῦ
2719 2141 2986 2213 βασιλέως
3035 2141 3382 2213 φρονήσεως.
3425 2140 3643 2202 Πάντας
3688 2138 3751 2192 δέ

2172 2236 2302 2299 τοὺς
2350 2235 2484 2306 πρὶν
2541 2235 2622 2298 εἰς
2679 2237 2876 2305 σοφίαν
2925 2233 3021 2288 καὶ
3066 2234 3330 2305 φρόνησιν
3377 2231 3747 2303 ὑπερϐέϐηκε.

2173 2326 2442 2394 Συνέταξε
2471 2327 2530 2382 δέ
2557 2326 2866 2398 τρισχιλίας
2906 2325 3242 2397 παραϐολὰς,
3268 2326 3362 2377 καὶ
3387 2338 3751 2394 πεντακισχι-

2171 2423 2291 2488 λίας
2323 2423 2488 2496 ᾠδὰς,
2518 2421 2614 2474 καὶ
2644 2419 2752 2474 ἀπὸ
2780 2417 2883 2489 τῆς
2913 2418 3107 2490 κέδρου
3134 2417 3240 2481 ἓως
3317 2413 3574 2470 ὑσσώπου
3623 2431 3753 2468 συν⁴

2172 2515 2480 2588 εγράψατο,
2506 2515 2603 2568 καὶ
2637 2514 2764 2584 περὶ
2791 2511 3006 2582 φύσεως
3038 2510 3194 2576 ζώων
3222 2509 3332 2563 τῶν
3351 2525 3413 2562 τε
3443 2507 3626 2573 πεζῶν
3657 2506 3752 2560 xal

2172 2609 2398 2682 ἀερίων,
2454 2608 2550 2662 καὶ
2597 2606 2834 2676 νηκτῶν,
2883 2603 2979 2658 καὶ
3025 2602 3136 2657 τῶν
3195 2601 3502 2673 ἰδιωμάτων
3567 2600 3748 2655 αὐτῶν

2171 2707 2403 2778 ἐξήτασε
2434 2705 2530 2760 καὶ
2571 2703 2955 2776 ἐφιλοσόφησε.
2987 2701 3098 2756 Καὶ
3147 2701 3290 2756 κατὰ
3331 2701 3441 2754 τῶν
3477 2697 3753 2769 δαιμόνων

2175 2798 2485 2870 ἐξεύρηκεν.
2526 2797 2765 2868 ἐπῳδὰς,
2803 2797 2884 2859 εἰς
2934 2793 3242 2866 ἀνθρώπων
3291 2790 3603 2862 ὠφέλειαν⁹
3652 2789 3753 2844 καὶ

2171 2891 2409 2962 τρόπους
2445 2889 2735 2945 κατέλιπεν
2779 2887 3174 2960 ἐξορκώσεων,
3223 2884 3312 2951 αἶς
3363 2887 3433 2942 τά
3492 2883 3754 2953 δαιμόνια

2172 2983 2478 3038 ἐδιώκοντο.
2507 2982 2619 3036 Καὶ
2639 2980 2841 3053 ταύτην
2861 2982 2964 3054 τὴν
2986 2980 3358 3054 θεραπείαν(α)
3371 2975 3560 3050 φησίνό
3578 2974 3744 3046 Ἰώση-

2173 3093 2275 3140 πος
2325 3075 2422 3130 καὶ
2453 3074 2648 3147 μέχρις
2694 3075 2908 3128 ἐκείνου
2943 3074 3171 3146 ἰσχύεινο
3211 3073 3307 3126 καί
3353 3090 3406 3126 τι
3453 3070 3748 3141 διηγεῖται,

2171 3170 2418 3225 τοιοῦτον
2436 3167 2598 3237 λόγον
2620 3165 3004 3237 πιστούμενος.
3041 3163 3311 3234 Ἐλεάζαρ
3331 3163 3440 3217 τῶν
3457 3157 3752 3232 ὁμοφύλων

485 3256 638 3326 λέγει
656 3257 960 3328 κεκτῆσθαί
978 3276 1101 3312 τινα
1125 3259 1428 3328 δακτύλιον,
1480 3259 1673 3332 ἔχοντα
1696 3261 1802 3317 ὑπὸ
1829 3261 1932 3332 τὴν
1969 3265 2244 3335 σφραγῖδα
2269 3263 2444 3337 ῥίζαν,
2473 3261 2533 3328 ἐξ
2593 3254 2668 3316 ὢν
2694 3257 2940 3326 ὑπέδειξε
2969 3259 3241 3330 Σολομῶν·
3265 3257 3360 3312 καὶ
3382 3257 3575 3312 τοῦτον
3624 3261 3752 3318 ταῖς

488 3353 605 3424 ῥισὶ
635 3349 729 3404 τοῦ
777 3352 1145 3422 δαιμονῶντος
1177 3353 1535 3424 προσφέρειν,
1607 3357 1704 3408 καὶ
1741 3357 1807 3426 τῇ
1867 3354 2134 3428 ὀσφρήσει
2171 3356 2261 3410 διὰ
2309 3354 2420 3409 τῶν
2471 3354 2769 3426 μυκτήρων
2822 3340 2918 3404 τοῦ
2965 3349 3263 3420 πάσχοντος
3318 3349 3634 3416 ἐξέλκισθαι
3685 3346 3754 3401 τὸ

486 3449 786 3520 δαιμόνιον.
822 3443 956 3504 Εἶτα
991 3451 1086 3504 τοῦ
1119 3450 1466 3522 Σολομῶντος
1507 3450 1878 3520 μεμνημένον,
1941 3452 2160 3523 ἐπῳδάς
2214 3468 2274 3505 τε
2317 3450 2498 3518 λέγειν
2551 3448 2614 3514 ἐξ
2673 3441 2750 3505 ὧν
2777 3449 2988 3510 ἐκεῖνος
3020 3445 3296 3510 συνέθετο,
3341 3447 3438 3500 καὶ
3481 3443 3752 3517 ἐξορκοῦν

487 3545 550 3598 τδ
623 3545 902 3616 δαιμόνιον
952 3547 1152 3618 μηκέτι
1185 3545 1502 3603 ἐπανελθεῖν
1535 3549 1618 3612 εἰς
1645 3547 1738 3602 τὸν
1775 3547 2082 3619 ἄνθρωπον.
2120 3549 2292 3605 Τοῦτο
2347 3549 2442 3603 καὶ
2504 3543 2918 3602 Οὐεσπασιανοῦ
2949 3542 3044 3598 καὶ
3079 3543 3187 3598 τῶν
3211 3543 3344 3598 υἱῶν
3375 3541 3588 3599 ἐκείνου
3659 3546 3753 3599 ἐν-

489 3635 663 3693 ώπιον
688 3639 840 3705 λέγει
864 3639 1091 3710 ποιῆσαι
1121 3641 1215 3693 τὸν
1261 3639 1561 3712 Ἐλεάζαρ
1597 3641 1693 3694 καὶ
1720 3639 1932 3694 διδόντα
1963 3642 2064 3713 τῆς
2103 3642 2247 3698 κατὰ
2316 3641 2426 3695 τῶν
2454 3639 2726 3712 δαιμόνων
2763 3637 2948 3708 ἰσχύος
2993 3635 3289 3702 ἀπόδειξιν,
3341 3637 3549 3692 τιθέναι
3579 3640 3754 3710 ποτή-

491 3749 608 3806 ριον
665 3733 871 3806 πλῆρες
923 3732 1151 3799 ὓδατος,
1202 3736 1297 3787 καὶ
1342 3734 1661 3789 ἐπιτάσσειν
1730 3733 1808 3804 τῷ
1857 3734 2074 3806 δαίμονι
2152 3734 2501 3807 ἐξερχομένῳ
2555 3732 2652 3788 τοῦ
2697 3733 3020 3802 πάσχοντος,
3069 3730 3371 3802 ἀνατρέψαι
3422 3730 3576 3797 αὐτὸ,
3649 3733 3752 3789 καὶ

486 3825 892 3891 ἀνατρέπεσθαι
951 3823 1014 3876 τὸ
1046 3823 1356 3895 -ποτήριον,
1407 3824 1638 3895 μηδενὸς
1685 3823 1926 3896 δρῶντος
1978 3825 2070 3880 τδν
2107 3825 2507 3898 ἀνατρέποντα.

567 3917 1125 3974 lX.AEdiﬁcationem
1173 3916 1362 3988 templi
1404 3918 1719 3989 auspicatus
1759 3925 1843 3974 est
1864 3928 2064 3987 quarto

2235 3917 2313 3974 ϐ’.
2341 3917 2586 3988 Ἤρξατο
2615 3916 2674 3970 δέ
2723 3916 2823 3986 τῆς
2875 3915 3166 3986 οἰκοδομῆς
3217 3913 3312 3970 τοῦ
3339 3915 3470 3971 ναοῦ
3510 3917 3653 3972 κατά
3681 3919 3752 3972 τὸ

487 4028 634 4068 anno
660 4012 816 4083 regni
846 4013 954 4077 sui,
988 4026 1132 4066 anno
1154 4020 1280 4081 post
1306 4012 1513 4066 exitum
1532 4011 1720 4082 populi
1741 4027 1810 4068 ex
1831 4010 2066 4084 Egypto

2170 4011 2426 4080 τέταρτον
2463 4008 2581 4073 ἔτος
2609 4008 2710 4078 τῆς
2735 4007 3012 4079 βασιλείας
3039 4007 3230 4075 αὑτοῦ,
3269 4009 3410 4080 μετὰ
3433 4010 3528 4083 ἔτη
3557 4012 3656 4082 τῆς
3684 4011 3753 4078 ἐξ

487 4105 1034 4176 quadringentesimo
1057 4103 1501 4174 quadragesimo.
1535 4104 1741 4160 Verum
1769 4102 1840 4159 de
1863 4104 2064 4174 spatio,

2170 4102 2453 4174 Αἰγύπτου
2505 4102 2909 4173 ὑποχωρήσεως
2947 4100 3043 4155 τοῦ
3087 4099 3221 4156 λαοῦ
3263 4103 3589 4174 τετρακόσια
3620 4120 3751 4157 τεσ-

488 4195 781 4250 altitudine
813 4204 870 4251 et
899 4195 1267 4266 longitudine,
1301 4194 1591 4266 formaque
1621 4195 1763 4266 ejus,
1793 4209 1902 4250 non
1935 4210 2067 4250 con-

2170 4195 2504 4265 σαράκοντα.
2543 4194 2681 4264 Περὶ
2731 4192 2790 4247 δὲ
2837 4191 2932 4246 τοῦ
2987 4194 3192 4262 μέτρου
3223 4191 3318 4246 τοῦ
3351 4191 3520 4262 ὕψους
3548 4195 3746 4262 αὐτοῦ,

488 4287 738 4342 sentiunt
774 4286 986 4357 Regum
1027 4285 1168 4342 liber
1229 4285 1446 4352 tertius,
1502 4293 1560 4342 et
1611 4285 1886 4356 Iosephus
1923 4285 2066 4340 libro

489 4377 882 4448 Antiquitatum
909 4385 1128 4443 octavo,
1158 4377 1252 4432 ubi
1282 4376 1350 4432 de
1379 4378 1584 4448 templo
1606 4377 1803 4433 scribit
1835 4393 1851 4443 ;
1886 4377 1982 4433 sed
2009 4378 2066 4433 in

490 4467 602 4540 84
625 4469 904 4538 plerisque
936 4469 1270 4538 discrepant.
1305 4468 1478 4534 Quam
1523 4482 1718 4528 eorum
1760 4467 2067 4525 dissensio-

493 4576 641 4625 nem,
675 4568 734 4615 et
761 4561 890 4622 alia,
922 4568 982 4613 ut
1005 4559 1074 4613 de
1102 4559 1321 4614 duobus
1353 4558 1630 4614 Cberubis
1674 4557 1863 4613 aureis
1919 4558 2068 4614 circa

491 4650 652 4718 adyta
683 4648 986 4713 collocatis,
1007 4647 1076 4702 de
1104 4662 1256 4711 arca,
1283 4647 1351 4702 de
1379 4649 1517 4702 mari
1547 4661 1726 4712 aeneo,
1780 4646 1850 4702 de
1894 4647 2070 4718 pelvi-

493 4742 618 4806 bus,
649 4742 717 4796 de
751 4741 1126 4809 magnitudine
1150 4740 1340 4795 altaris
1368 4739 1529 4806 aenei,
1563 4738 1632 4794 de
1664 4739 1842 4795 forma
1885 4755 2068 4796 aureae

493 4849 721 4899 mensae,
749 4841 805 4889 et
823 4849 946 4904 quae
977 4847 1106 4887 vasa
1132 4848 1301 4887 aurea
1330 4841 1387 4888 et
1415 4840 1676 4904 argentea
1725 4832 1931 4902 templo
1969 4832 2068 4887 Sa-

491 4926 678 4982 lomon
695 4924 987 4989 dedicarit,
1020 4925 1115 4994 qui
1155 4925 1426 4979 curiosius
1452 4939 1788 4995 cognoscere
1806 4924 2064 4990 voluerit,

493 5021 541 5075 is
557 5035 622 5075 ea
656 5019 712 5073 in
733 5019 897 5074 tertio
919 5017 1060 5071 libro
1094 5019 1326 5089 Regum,
1356 5027 1413 5073 et
1434 5018 1488 5073 in
1516 5017 1742 5088 Josephi
1764 5019 2071 5089 Antiquita-

496 5113 634 5166 tibus
656 5119 909 5167 accurate
931 5109 1205 5181 descripta
1234 5110 1496 5166 inveniet.
1519 5109 1748 5180 Templo
1766 5127 1893 5166 cum
1916 5111 2066 5166 omni

2169 4287 2264 4342 καὶ
2302 4285 2399 4340 τοῦ
2449 4285 2681 4356 μήκους,
2736 4283 2832 4338 καὶ
2885 4283 2984 4352 τῆς
3018 4282 3212 4336 τούτου
3248 4285 3620 4356 κατασκευῆς,
3644 4289 3749 4361 οὑχ

2168 4377 2547 4449 ὀμοφωνοῦσιν
2589 4377 2642 4449 ἥ,
2667 4392 2727 4429 τε
2748 4376 2906 4448 τρίτη
2945 4375 3055 4429 τῶν
3085 4373 3384 4430 Βασιλειῶν
3431 4379 3526 4431 καὶ
3554 4379 3750 4451 Ἰώση-

2169 4489 2269 4534 πος
2292 4472 2350 4524 ἐν
2373 4469 2452 4541 τῷ
2479 4469 2651 4540 ὀγδόῳ
2674 4468 2820 4540 λόγῳ
2847 4467 2948 4538 τῆς
2973 4468 3440 4539 Ἀρχαιολογίας,
3485 4472 3614 4542 περί
3646 4473 3747 4527 τοῦ

2168 4561 2300 4616 ναοῦ
2327 4561 2803 4633 συγγραφόμενος,
2839 4559 2958 4613 ἀλλ’
2987 4561 3046 4613 ἐν
3074 4562 3190 4624 τοῖς
3213 4559 3427 4613 πλείοσι
3459 4561 3748 4632 διαφέρον-

2166 4671 2280 4708 ται.
2325 4654 2385 4707 ’0
2414 4655 2473 4708 δὲ
2500 4655 2568 4708 τά
2605 4650 2737 4722 περὶ
2773 4650 2872 4721 τῆς
2898 4650 3164 4720 διαφορᾶς
3196 4651 3332 4722 πρὸς
3363 4650 3562 4722 βουλῆς
3585 4655 3748 4727 ἀκρι-

2171 4743 2473 4813 ϐώσασθαι,
2531 4747 2626 4800 καὶ
2683 4751 2813 4821 περὶ
2842 4752 2952 4805 τῶν
2984 4750 3080 4806 δύο
3137 4752 3422 4824 Χερουϐὶμ
3470 4753 3746 4824 ἀχρυσοῦ

2171 4841 2406 4911 ποιήσας
2436 4841 2581 4894 κατά
2605 4839 2665 4894 τὸ
2689 4841 2885 4896 ἀδυτον
2917 4844 3138 4915 ἔστησε,
3177 4845 3274 4898 καὶ
3302 4847 3430 4916 περὶ
3450 4847 3551 4915 τῆς
3577 4849 3745 4902 κιϐω-

2167 4931 2286 4997 τοῦ,
2316 4933 2412 4986 καί
2443 4934 2541 5001 τῆς
2573 4934 2785 5005 χαλκῆς
2835 4935 3134 5006 θαλάσσης,
3191 4936 3288 4990 καὶ
3314 4937 3425 4991 τῶν
3473 4937 3743 5010 λούτρων,

2168 5025 2261 5078 καὶ
2317 5023 2550 5094 πηλίκον
2597 5021 2667 5096 ἦν
2702 5025 2762 5080 τὸ
2794 5027 3026 5096 χάλκεον
3079 5028 3482 5102 θυσιαστήριον,
3518 5032 3608 5086 οἵα
3635 5030 3680 5084 δ’
3708 5034 3743 5103 ή

2167 5116 2421 5188 τράπεζα
2477 5117 2512 5188 ή
2565 5117 2768 5188 χρυσῆ,
2818 5121 2912 5171 καὶ
2949 5119 3050 5173 ὅσα
3075 5123 3245 5189 σκεύη
3277 5120 3528 5193 ἀργύρεά
3555 5139 3615 5175 τε
3645 5125 3744 5177 καὶ

492 5215 692 5260 ornatu
727 5205 888 5260 annis
911 5213 1120 5272 septem
1176 5202 1442 5273 perfecto,
1495 5204 1808 5274 populoque
1847 5219 1878 5258 a
1935 5219 2062 5274 rege

2170 5181 2378 5277 χρύσεα
2405 5181 2658 5278 Σολομῶν
2686 5181 2910 5264 ἀνέθετο
2930 5209 3008 5280 τῷ
3038 5211 3173 5282 ναῷ,
3220 5181 3474 5284 καὶ-περὶ
3499 5212 3608 5268 τῶν
3639 5213 3708 5268 ἀλ

493 5297 867 5369 Hierosolyma
900 5303 1224 5359 convocato,
1260 5294 1574 5350 sacerdotes
1599 5310 1776 5349 arcam
1799 5303 1854 5350 et
1880 5295 2063 5350 taber-

490 5389 752 5443 naculum
780 5403 810 5441 a
841 5386 992 5442 Mose
1027 5385 1190 5450 facta,
1219 5395 1276 5441 et
1305 5399 1461 5440 sacra
1497 5399 1623 5440 vasa
1677 5385 1732 5439 in
1792 5383 2057 5454 templum

493 5483 912 5549 transtulerunt,
957 5495 1086 5552 rege
1127 5489 1186 5536 et
1239 5479 1390 5536 omni
1433 5479 1639 5550 populo
1688 5476 2058 5548 praecedente,

491 5573 673 5629 levitis
703 5573 1002 5630 libantibus
1042 5582 1100 5628 et
1135 5572 1678 5637 suiﬁentibus.Arca,
1699 5572 1755 5626 in
1803 5587 1910 5641 qua
1939 5573 2061 5626 duae

489 5664 719 5734 lapideae
754 5665 950 5720 tabulae
997 5665 1234 5729 inerant,
1299 5665 1354 5720 in
1417 5663 1639 5734 adytum
1688 5663 1928 5731 reposita
1973 5671 2060 5717 est

492 5758 636 5813 inter
659 5757 798 5811 duos
822 5756 1129 5812 Cherubos.
1167 5756 1558 5812 Sacerdotibus
1598 5755 1822 5826 adytum
1869 5770 2058 5825 egres-

491 5847 588 5914 sis,
619 5848 818 5902 domus
849 5849 1021 5919 gloria
1048 5849 1265 5904 Domini
1300 5849 1506 5919 repleta
1529 5857 1634 5914 est,
1660 5856 1717 5902 et
1746 5848 1921 5903 nubes
1958 5847 2058 5904 toti

2168 5297 2275 5352 λων
2294 5339 2309 5364 ,
2339 5300 2372 5367 ή
2398 5298 2557 5370 τρίτη
2583 5299 2695 5353 τῶν
2723 5300 3022 5357 Βασιλειών
3058 5301 3260 5373 βίϐλος,
3299 5305 3394 5357 καὶ
3446 5305 3741 5377 ἀρχαιολο-

2168 5390 2283 5458 γῶν
2312 5392 2341 5444 ὁ
2389 5391 2653 5462 Ἰώσηπος
2682 5393 2976 5465 ἀρκέσουσι
3024 5395 3484 5467 παραστήσασθαι
3519 5399 3620 5468 τὴν
3653 5402 3724 5471 ἐφ

2167 5483 2386 5554 ἐκάστῳ
2421 5483 2732 5554 ἀκρίϐειαν.
2781 5484 2871 5538 Ἐν
2894 5484 3042 5539 ἔτεσι
3090 5486 3149 5540 δὲ
3185 5485 3327 5541 έπτά
3361 5487 3682 5552 συντελέσας
3709 5490 3740 5545 ὁ

2167 5574 2420 5646 βασιλεὺς
2453 5577 2543 5629 τόν
2577 5594 2639 5630 τε
2672 5576 2798 5631 ναὸν
2824 5579 2917 5632 καὶ
2946 5579 3043 5631 ὅσα
3081 5580 3209 5648 περὶ
3239 5580 3475 5644 ἐκεῖνον,
3507 5583 3740 5635 συνεκά-

2165 5668 2289 5721 λεσε
2311 5669 2404 5722 τὸν
2435 5669 2564 5722 λαὸν
2595 5670 2675 5733 εἰς
2715 5666 3087 5742 Ἰεροσόλυμα.
3117 5671 3227 5724 Καὶ
3257 5670 3496 5741 ἀρσντες
3516 5672 3616 5743 τὴν
3650 5691 3739 5728 κι-

2166 5755 2340 5807 ϐωτὸν
2366 5756 2414 5807 οἰ
2449 5755 2636 5827 ἰερεῖς,
2665 5757 2764 5810 καὶ
2788 5757 2886 5828 τὴν
2917 5757 3125 5830 σκηνὴν
3149 5759 3216 5830 ἢν
3244 5751 3486 5830 ἐπήξατο
3506 5761 3736 5832 Μωσῆς,

2164 5847 2261 5900 καὶ
2286 5847 2355 5901 τά
2384 5848 2443 5901 ἐν
2476 5851 2596 5912 ταῖς
2627 5847 2842 5916 θυσίαις
2872 5851 3293 5922 ὑπηρετούμενα
3352 5852 3544 5924 σκεύη,
3595 5854 3734 5924 πρὸς

579 5946 652 6013 (a)
682 5947 757 6000 De
787 5947 864 5999 his
895 5960 1008 6011 qua
1034 5945 1117 5998 hic
1135 5945 1351 5998 Zonaras
1374 5959 1436 5998 ex
1467 5944 1689 6008 Josepho
1711 5952 1876 5997 narrat
1901 5947 2012 5998 vide
2038 5946 2417 6000 Testamentum
2445 5948 2722 6000 Salomonis
2748 5947 3047 6012 Patrologiaa
3069 5951 3188 5999 tom.
3211 5945 3399 5998 CXXII.
