4092 6456
328 395 414 458 Ῑθθ
1598 385 1944 450 ANNALIU

1971 385 2011 444 ιι
2053 385 2204 449 LIB.
2249 385 2327 446 Π.
3452 348 3587 452 ιΐο

325 515 401 564 τὸν
453 509 582 564 ναὸν
631 506 1010 579 μετεκόμιζον,
1064 506 1158 561 τοῦ
1198 506 1463 578 βασιλέως
1521 507 1879 579 προάγοντος,
1908 502 1941 562 Α

1941 521 1956 561 ι
1986 502 2189 572 templo
2219 503 2548 558 circumfusa
2589 517 2602 554 :
2632 502 2778 557 unde
2811 502 3196 569 conjiciebant,
3217 504 3387 560 Deum
3420 516 3557 562 tem-

326 602 406 654 καὶ
437 598 532 651 τοῦ
563 598 802 668 πλήθους
826 597 1048 658 παντὸς,
1085 596 1181 650 καὶ
1210 595 1319 648 τῶν
1349 594 1593 648 Λευῖτῶν
1625 591 1880 645 σπενδόνη

1983 595 2134 663 plum
2171 595 2500 665 ingressum,
2528 603 2694 664 atque
2728 595 2804 649 ibi
2839 595 3218 650 babitaturum
3256 612 3400 653 esse.
3423 599 3556 667 Qui-

326 708 416 744 των
441 690 534 743 καὶ
568 687 913 752 θυμιώντων.
956 688 1066 740 Καὶ
1105 687 1373 758 κατετέθη
1395 688 1431 756 ἡ
1455 685 1689 748 κιϐωτὸς
1715 685 1795 747 είς
1817 685 1881 738 τὸ

1983 685 2088 739 bus
2141 686 2310 739 rebus
2350 685 2568 738 laetatus
2621 701 2737 746 rex,
2789 695 2843 740 et
2896 686 3009 740 Deo
3065 687 3268 757 gratias
3305 689 3438 759 egit,
3500 699 3556 745 et

324 783 498 838 ἄδυτον
556 780 760 850 μεταξὺ
790 779 898 832 τῶν
926 778 1020 832 δύο
1046 765 1351 849 Χερουϐὶμ,
1402 778 1502 840 τὰς
1552 775 1646 830 δύο
1669 775 1880 837 λιθίνας

1983 777 2188 846 populo
2237 776 2376 830 bene
2409 785 2684 847 precatus,
2722 777 2902 832 oravit
2953 786 3012 831 ut
3047 779 3263 833 Numen
3307 781 3552 836 omnium

327 874 524 934 πλάκας
554 872 756 944 ἔχουσα
787 871 1021 925 ἔνδοθεν.
1071 871 1428 935 Ἐξελθόντων
1458 870 1504 923 δ’
1531 872 1597 923 ἐκ
1627 869 1722 922 τοῦ
1756 866 1882 922 ἀδύ-

1982 881 2175 920 eorum
2200 866 2294 936 qui
2322 867 2398 921 ibi
2429 876 2813 937 precarentur,
2844 877 2968 922 vota
3003 870 3312 925 exaudiret.
3347 871 3557 927 Deinde

323 983 403 1019 του
443 966 552 1019 τῶν
609 964 818 1034 ίερέων,
847 963 1004 1032 δόξης
1035 963 1242 1034 Κυρίου
1272 965 1300 1017 ό
1328 960 1475 1026 οἶκος
1499 959 1877 1030 ἐμπέπληστο,

1983 957 2236 1013 victimas
2257 973 2366 1013 arae
2394 958 2658 1022 admovit,
2703 975 2842 1028 quas
2865 960 3009 1015 Deus
3037 976 3095 1016 se
3119 962 3354 1033 benigne
3400 978 3556 1020 acce-

328 1057 408 1111 καὶ
434 1056 633 1126 νεφέλη
664 1055 758 1108 τόν
795 1056 925 1109 ναὸν
955 1055 1077 1108 ὅλον
1109 1056 1473 1125 περιεκέχυτο
1495 1069 1510 1083 '
1552 1051 1612 1117 ἐξ
1661 1047 1730 1123 ἦς
1760 1053 1884 1105 ἐπι-

1982 1051 2128 1120 pisse
2153 1050 2474 1115 declaravit,
2499 1051 2621 1122 igne
2643 1066 2706 1106 ex
2733 1066 2857 1107 aere
2883 1054 3107 1120 emisso,
3139 1055 3257 1125 qui,
3301 1054 3357 1110 in
3403 1071 3555 1112 aram

323 1150 546 1219 δημησαι
576 1147 652 1217 τῷ
676 1146 794 1216 ναῷ
826 1148 917 1200 τὸν
946 1147 1078 1200 Θεὸν
1111 1147 1501 1217 ἐφαντάζοντο,
1522 1146 1881 1216 σκηνώσαντα

1980 1143 2218 1205 delatus.
2272 1159 2467 1198 omnes
2521 1144 2779 1199 victimas
2844 1148 3207 1217 consumpsit.
3253 1148 3350 1204 His
3400 1150 3556 1217 visis,

321 1242 370 1294 ὲν
396 1239 561 1311 αὐτῷ.
604 1241 662 1294 '0
685 1240 740 1293 δὲ
777 1239 1030 1310 βασιλεὺς
1053 1239 1240 1310 ἡσθεὶς
1267 1239 1363 1292 ἐπὶ
1388 1238 1623 1303 τούτοις,
1658 1239 1882 1308 εὐχαρι-

1983 1235 2154 1289 Deum
2186 1235 2374 1289 laudat
2413 1236 2669 1305 populus,
2706 1252 2802 1291 rex
2858 1239 3064 1308 gratias
3112 1241 3243 1309 agit,
3307 1241 3558 1310 festoque

322 1331 460 1383 στίαν
488 1346 550 1382 τε
584 1322 722 1400 πρὸς
749 1330 841 1383 τὸν
869 1328 1002 1382 Θεὸν
1033 1330 1354 1399 ἐποιήσατο,
1385 1328 1482 1382 καὶ
1509 1328 1601 1381 τὸν
1629 1327 1756 1381 λαὸν
1785 1327 1881 1381 εύ-

1981 1325 2271 1396 splendide
2301 1327 2602 1391 celebrato,
2631 1339 2939 1383 conventus
2961 1330 3278 1386 dimittitur.
3310 1331 3408 1387 His
3431 1349 3562 1403 per-

321 1420 535 1488 λόγησε,
592 1420 687 1474 καὶ
737 1419 1014 1474 ἱκέτευσεν
1049 1420 1286 1490 ἐπήκοον
1329 1418 1577 1487 γίνεσθαι
1607 1417 1668 1470 τὸ
1723 1418 1880 1472 Θεϊον

1981 1418 2142 1481 actis,
2193 1434 2289 1472 rex
2327 1419 2569 1473 somniat
2621 1417 2796 1474 Deum
2819 1422 3114 1477 exaudisse
3167 1439 3380 1493 preces,
3417 1433 3561 1480 tem-

319 1514 438 1565 πᾶσι
463 1513 577 1574 τοῖς
601 1513 660 1564 ἐν
688 1511 838 1581 αὐτῷ
857 1511 1198 1581 εὐχομένοις.
1225 1507 1359 1564 Εἶτα
1385 1510 1464 1576 τῷ
1495 1509 1664 1580 βωμῷ
1689 1509 1882 1574 θυσίας

1979 1511 2132 1579 plum
2155 1521 2546 1566 conservatum
2579 1511 2670 1577 iri,
2711 1527 2772 1566 se
2819 1512 2888 1567 ad
2937 1528 3189 1584 magnam
3241 1517 3555 1572 felicitatem

319 1605 650 1672 προσήγαγε.
680 1604 792 1656 Καὶ
817 1606 846 1657 ό
875 1603 1027 1670 Θεὸς,
1067 1604 1283 1667 δεικνὺς
1327 1604 1402 1666 ὡς
1436 1604 1684 1674 εὐμενῶς
1710 1604 1882 1668 αὐτάς

1981 1610 2375 1669 perventurum
2400 1607 2456 1654 et
2477 1600 2686 1670 regioni
2712 1616 2842 1657 suos
2887 1611 3138 1672 posteros
3168 1606 3556 1676 imperaturos,

316 1696 692 1765 προσεδέξατο,
752 1695 864 1768 πῦρ
895 1697 1175 1768 ἐκλάμψαι
1231 1697 1302 1750 δι’
1335 1698 1500 1767 ἀέρος
1554 1699 1879 1770 πεποίηκεν,

1968 1690 2028 1744 εἰ
2066 1705 2166 1745 nec
2188 1691 2323 1761 ipse,
2352 1705 2455 1747 nec
2493 1692 2599 1756 illi,
2655 1708 2760 1748 nec
2792 1696 3030 1764 populus
3059 1697 3245 1752 divina
3287 1709 3561 1770 praecepta

315 1788 670 1858 ἐπενεχθῆναι
729 1805 790 1842 τε
822 1789 901 1860 τῷ
941 1789 1130 1860 βωμῷ,
1165 1789 1260 1844 καὶ
1308 1789 1406 1860 τὴν
1438 1790 1631 1844 θυσίαν
1661 1791 1882 1845 ἃπασαν
1913 1851 1931 1860 _

1947 1856 1951 1860 λ
1981 1780 2292 1846 violarent;
2325 1781 2527 1851 alioqui
2562 1797 2693 1837 vero
2713 1797 2886 1854 genus
2913 1787 3035 1855 ejus
3075 1788 3336 1843 radicitus
3363 1791 3563 1844 exstir-

316 1851 766 1936 καταδαίσασθαι.
821 1851 988 1936 Ταῦθ’
1025 1851 1241 1944 ’δ’λαὸς
1291 1851 1436 1946 ίδῶν,
1496 1883 1760 1954 εὐλόγησε
1788 1851 1932 1938 τὸν1

1943 1855 1954 1904 ί
1985 1877 2264 1940 paturum,
2302 1879 2359 1926 et
2385 1875 2653 1930 servitute
2689 1851 2959 1945 populum
2985 1887 3148 1949 atque
3182 1880 3303 1936 aliis
3327 1883 3559 1938 inﬁnitis

313 1973 457 2029 Θεόν.
502 1974 618 2028 Καὶ
646 1976 674 2028 ό
706 1974 970 2045 βασιλεὺς
1016 1974 1412 2047 ηὐχαρίστησε,
1445 1975 1538 2027 καὶ
1573 1975 1880 2039 πολυτελῶς

1987 1964 2147 2019 malis
2175 1979 2591 2034 oppressurum,
2631 1975 2687 2023 et
2726 1970 2991 2040 templum
3037 1971 3107 2025 ad
3151 1972 3469 2029 incendium
3503 1984 3560 2031 et

309 2066 685 2135 ἐορτάσαντες,
727 2066 821 2120 τὸν
856 2065 1116 2134 σύλλογον
1149 2066 1487 2122 διελύσαντο.
1530 2067 1779 2138 Ὀνειρος
1822 2068 1880 2122 at

1985 2053 2356 2122 direptionem
2387 2054 2672 2122 daturum,
2724 2055 2920 2113 urbem
2950 2059 3120 2114 etiam
3155 2062 3274 2118 solo
3334 2080 3561 2135 aequan-

309 2158 541 2226 γεγονὼς
592 2158 670 2227 τῷ
726 2157 943 2228 βασιλεῖ
999 2157 1305 2212 ἐπακοῦσαι
1357 2159 1458 2228 τῆς
1489 2157 1656 2229 εὐχῆς
1709 2159 1879 2213 αὐτοῦ

1986 2146 2114 2202 dam
2140 2157 2197 2203 et
2227 2148 2590 2216 spoliandam.
2642 2149 2734 2206 Sic
2778 2150 3143 2209 aediﬁcatione
3205 2156 3388 2226 templi
3435 2173 3562 2228 per-

308 2250 393 2302 τὸν
414 2249 549 2303 Θεὸν
583 2249 800 2320 ἐδήλου,
826 2251 922 2302 καὶ
952 2248 1040 2302 τὸν
1065 2251 1191 2304 ναόν
1222 2267 1282 2302 τε
1319 2251 1751 2322 συντηρηθῆναι,
1783 2252 1881 2306 καὶ

1985 2241 2151 2306 tecta,
2185 2241 2290 2296 sibi
2326 2242 2432 2312 ipsi
2463 2243 2724 2298 Salomon
2741 2245 2887 2300 mdes
2911 2246 3184 2301 construit
3211 2260 3566 2319 sumptuosas

308 2340 459 2393 αὐτὸν
486 2340 574 2402 είς
602 2339 774 2410 ἀκρον
797 2339 1144 2411 εὐδαιμονίας
1174 2343 1500 2413 ἀναχθῆναι,
1527 2343 1623 2397 καὶ
1652 2344 1751 2413 τῆς
1774 2347 1883 2414 χώ-

1986 2341 2044 2389 et
2066 2333 2406 2403 splendidas,
2446 2332 2951 2407 Hierosolymorum
3006 2340 3209 2394 moenia
3265 2339 3558 2407 instaurat,

307 2448 404 2500 ρας
434 2432 630 2502 ἄρξειν
663 2433 792 2495 τοὺς
831 2431 892 2497 ἐξ
921 2432 1111 2495 αὐτοῦ,
1133 2434 1183 2485 εί
1217 2433 1381 2497 αὑτός
1403 2451 1463 2487 τε
1498 2435 1741 2488 κάκεῖνοι
1784 2435 1880 2487 καὶ

1986 2425 2124 2481 alias
2167 2426 2333 2481 urbes
2416 2427 2630 2491 condit,
2701 2427 3044 2486 Chananaeos
3106 2433 3310 2487 montis
3367 2433 3562 2490 Libani

305 2524 332 2575 ὁ
362 2524 486 2586 λαὸς
515 2523 588 2576 τὰ
627 2522 748 2578 θεῖα
795 2523 872 2595 μὴ
907 2523 1217 2594 παραϐαῖεν
1249 2525 1592 2593 ἐντάλματα·
1631 2527 1682 2580 εί
1715 2525 1762 2580 δ’
1791 2523 1876 2590 οὒ,

1986 2517 2203 2573 accolas
2233 2516 2511 2573 insuetum
2531 2518 2720 2574 subire
2737 2520 2927 2592 jugum
2959 2523 3110 2594 cogit
3157 2538 3222 2580 ac
3256 2525 3362 2581 sibi
3390 2528 3565 2583 tribu-

309 2614 601 2685 πρόρριζον
627 2614 862 2683 ἐκκόψαι
909 2615 1126 2684 ἠπείλει
1173 2616 1234 2670 τὸ
1262 2617 1418 2685 γένος
1442 2619 1636 2682 αὑτοῦ,
1667 2620 1762 2673 καὶ
1787 2620 1879 2674 τὸν

1987 2612 2155 2666 tarios
2181 2611 2387 2667 reddit.
2419 2610 2692 2668 Praeterea
2721 2614 2964 2685 argutias
3004 2625 3058 2672 et
3103 2616 3330 2687 griphos
3361 2634 3392 2672 a
3430 2619 3562 2676 Chi-

305 2704 423 2757 λαὸν
452 2703 725 2769 δουλείας,
759 2704 855 2757 καὶ
883 2706 1162 2760 κακώσεσι
1188 2709 1414 2779 μυρίαις
1439 2708 1757 2775 ὑποϐαλεῖν,
1784 2711 1878 2764 καὶ

1986 2717 2143 2758 ramo
2173 2701 2466 2775 Tyriorum
2513 2719 2638 2776 rege
2672 2707 2738 2760 ad
2774 2721 2833 2762 se
2864 2708 3062 2764 missos
3115 2711 3368 2766 dissolvit
3395 2721 3561 2784 atque

304 2795 535 2850 tbvwbv
563 2796 913 2867 παραδώσειν
945 2801 1027 2862 τίς
1049 2801 1380 2872 ἐμπρησμὸν
1413 2801 1510 2856 καὶ
1540 2802 1878 2873 διαρπαγὴν,

1987 2795 2226 2864 explicat
2261 2812 2274 2848 :
2313 2810 2548 2864 quorum
2595 2796 2910 2855 meminisse
2952 2809 3168 2857 veteres
3245 2802 3560 2874 historicos,

303 2890 393 2943 καὶ
446 2890 546 2962 τὴν
599 2891 757 2944 πόλιν
790 2892 870 2956 είς
904 2895 1272 2966 κατασκαφήν
1330 2913 1390 2949 τε
1443 2897 1539 2950 καὶ
1573 2897 1877 2968 προνομήν.

1988 2887 2147 2943 Dium
2189 2895 2245 2942 et
2295 2887 2680 2954 Menandrum,
2718 2890 2992 2960 Joseplius
3055 2903 3249 2950 auctor
3313 2905 3421 2953 est.
3450 2898 3560 2968 85

303 2981 454 3036 Οὕτω
490 2981 596 3053 μὲν
625 2977 718 3036 οὖν
750 2984 820 3038 τά
841 2983 935 3037 τοῦ
967 2985 1096 3038 ναοῦ
1127 2985 1207 3057 τῷ
1240 2986 1545 3056 Σολομῶντι
1575 2989 1876 3043 τετέλεστο.

1987 2982 2123 3054 Ejus
2147 2980 2314 3051 igitur
2340 2981 2593 3036 doctrina
2641 2990 2696 3036 ct
2737 2982 3006 3052 sapientia
3059 2985 3263 3054 ubique
3311 2989 3558 3058 gentium

300 3075 449 3129 Μετά
473 3075 533 3128 δὲ
557 3075 736 3130 ταῦτα
767 3075 1014 3146 βασίλεια
1068 3077 1247 3149 ἐαυτῷ
1292 3077 1614 3152 ᾠκοδόμησε
1656 3082 1883 3136 πολυτε-

1987 3076 2288 3143 celebrata,
2321 3076 2510 3147 regina
2561 3076 2812 3146 quaedam
2856 3077 3073 3150 Δίωνι)ιί
3121 3089 3179 3134 et
3216 3080 3560 3151 IEtbiopum,

301 3163 435 3236 λῆτε
463 3167 562 3223 καὶ
583 3167 839 3238 λαμπρὰ,
873 3168 969 3222 καὶ
989 3167 1060 3222 τὰ
1078 3169 1189 3224 τῶν
1221 3169 1609 3243 Ἱεροσολύμων
1636 3173 1694 3228 δὲ
1723 3174 1878 3246 τείχη
1906 3202 1917 3256 ι

1949 3238 1951 3257 _
1987 3168 2272 3239 sapientia:
2309 3167 2560 3223 studiosa
2592 3169 2920 3240 indagatrix,
2972 3172 3350 3249 Hierosolyma
3396 3176 3565 3246 proii-

297 3259 813 3326 προσεπεσκεύασε,
849 3261 943 3314 καὶ
974 3260 1156 3325 πόλεις
1187 3262 1354 3325 ἄλλας
1388 3265 1876 3336 προσῳκοδόμησε,

1946 3255 1950 3259 ’
1983 3255 2234 3311 ciscitur.
2263 3256 2396 3312 Eam
2438 3271 2533 3312 rex
2562 3256 2867 3314 honorifice
2892 3261 3117 3331 excipit,
3146 3264 3478 3333 quae-stiones
3493 3268 3562 3321 ab

298 3349 551 3412 καὶτοὺς
603 3349 666 3401 ἐν
703 3349 781 3420 τῷ
809 3349 1032 3422 Λιϐάνῳ
1077 3350 1195 3424 ὄρει
1243 3354 1354 3407 τῶν
1403 3355 1728 3410 Χαναναίων
1789 3355 1882 3425 ὑφ’

1985 3362 2049 3403 ea
2082 3348 2394 3418 propositas
2421 3348 2580 3403 facile
2602 3349 2792 3416 solvit,
2815 3360 2874 3405 ut
2905 3353 3114 3423 regina.
3137 3356 3561 3426 obstupescens,

294 3437 489 3493 ἐαυτὸν
522 3439 922 3511 ποιησάμενος,
951 3443 1027 3514 μὴ
1059 3445 1192 3514 πρὶν
1241 3445 1636 3515 ὑποταγέντας,
1672 3449 1880 3520 ὑποφό-

1985 3441 2146 3510 plura
2176 3455 2236 3496 se
2268 3440 2458 3498 videre
2497 3442 2710 3498 diceret
2765 3459 2933 3515 quam
2979 3445 3301 3503 audivisset.
3334 3449 3565 3504 Miratur

299 3549 421 3600 ρους
453 3535 796 3605 κατέστησε.
825 3535 1150 3606 Σοφίσματα
1179 3536 1238 3591 δὲ
1269 3540 1365 3593 καὶ
1387 3539 1580 3608 λόγους
1614 3543 1884 3613 αἰνιγμα-

1986 3543 2044 3589 et
2072 3532 2299 3605 regiam,
2323 3543 2379 3590 et
2412 3550 2696 3590 coenarum
2729 3536 3006 3602 lauticias,
3029 3546 3086 3592 et
3107 3539 3292 3594 omnia
3315 3540 3565 3596 ministe-

294 3625 482 3689 τὼδεις
547 3626 774 3694 Χειράμ
799 3629 828 3681 ό
870 3628 980 3681 τῶν
1036 3627 1255 3701 Τυρίων
1315 3631 1574 3702 βασιλεὺς
1603 3635 1755 3706 αὑτῷ
1783 3636 1883 3689 πέ-

1988 3627 2070 3682 ria
2101 3626 2268 3698 regis,
2302 3635 2360 3683 et
2391 3629 2576 3698 templi
2611 3630 2902 3693 sacriﬁcia.
2934 3640 2990 3685 et
3015 3631 3414 3687 immolantium
3463 3648 3559 3688 or-

298 3729 540 3783 πομφεν,
589 3715 763 3780 ἀξιῶν
823 3719 1117 3788 σαφηνίσαι
1154 3720 1332 3778 αὐτά·
1391 3725 1485 3776 καὶ
1511 3724 1746 3792 διέλυσε,
1787 3727 1886 3780 καὶ

1986 3716 2193 3775 dinem.
2243 3721 2447 3792 Regem
2487 3735 2657 3791 porro
2681 3721 2852 3778 donat
2879 3737 3039 3786 auro,
3096 3723 3326 3794 gemmis
3355 3725 3565 3794 pretio—

295 3804 385 3857 τὸν
411 3803 546 3860 νοῦν
573 3806 806 3862 ἐκείνων
835 3808 1127 3878 δεδήλωκε.
1147 3812 1480 3883 Μεμνῆσθαι
1506 3816 1711 3872 τούτων
1733 3821 1883 3873 ίστο-

1989 3820 2086 3885 sis,
2118 3816 2494 3873 ineﬁ‘abilibus
2522 3814 2885 3878 aromatibus.
2916 3822 2970 3868 et
2989 3814 3218 3870 balsami
3249 3815 3563 3873 radicibus:

297 3899 432 3981 ρεῖό
463 3897 744 3968 Ἰώσηπος
802 3902 900 3956 καὶ
948 3908 1292 3975 συγγραφεῖς
1343 3907 1634 3978 ἀρχαίους,
1685 3911 1778 3967 τόν
1821 3929 1881 3966 τε

1990 3913 2138 3968 unde
2167 3913 2236 3967 ab
2261 3926 2328 3966 eo
2361 3919 2608 3980 tempore
2637 3909 2945 3964 balsamum
2973 3907 3028 3962 in
3051 3909 3344 3964 Palaestina
3381 3909 3565 3964 nasci-

292 3989 436 4051 Δίον,
473 3992 576 4043 καὶ
612 3989 754 4060 πρὸς
791 3992 968 4065 τούτῳ
995 3993 1089 4049 τὸν
1126 3996 1461 4068 Μένανδρον.
1484 4000 1884 4074 Διαὸσηθείσης

1989 4021 2103 4062 tur.
2159 4002 2417 4059 Salomon
2438 3999 2683 4056 vicissim
2714 3999 2960 4070 reginam
2987 3999 3214 4055 domum
3263 3997 3562 4054 redituram

290 4078 346 4132 δέ
401 4082 698 4153 πανταχοῦ
750 4084 850 4152 τῆς
896 4086 1092 4155 σοφίας
1142 4087 1238 4141 τοῦ
1269 4089 1616 4163 Σολομῶντος
1645 4094 1744 4147 καὶ
1781 4096 1881 4165 τῆς

1176 4087 1238 4140 οῦ
1269 4089 1616 4163 Σολομῶντος
1645 4094 1744 4147 καὶ
1781 4096 1881 4165 τῆς
1991 4096 2183 4152 multis
2203 4093 2368 4150 bonis
2381 4098 2787 4147 remuneratur.

291 4177 619 4247 φρονήσεως
642 4216 660 4243 ν
711 4176 1002 4247 βασίλισσά
1036 4195 1121 4241 τις
1163 4179 1438 4250 Αἰγύπτου
1486 4187 1582 4240 καὶ
1643 4187 1920 4244 Αἰθιόπων
1959 4191 2156 4260 σοφίαν
2221 4186 2453 4256 φιλοῦσα
2480 4185 2574 4239 καὶ
2605 4182 2935 4254 ἐκζητοῦσα.
2963 4183 3046 4245 είς
3083 4180 3434 4252 Ἱεροσόλυμα
3463 4199 3567 4234 παο

291 4270 587 4337 ραγέγονε.
621 4271 782 4323 Καὶὸ
815 4270 1068 4340 βασιλεὺς
1093 4277 1389 4348 φιλοτίμως
1420 4279 1590 4351 αὐτὴν
1616 4281 2003 4353 προσεδέξατο,
2072 4281 2168 4336 καλ⁹
2234 4279 2305 4334 τὰ
2342 4278 2658 4348 σοφίσματα
2709 4275 2746 4331 ὃ.
2807 4273 3079 4345 προετίθει
3115 4273 3323 4344 ἐκείνη,
3369 4271 3568 4343 ῥᾳδίως

285 4365 546 4433 ἐπέλυεν,
579 4366 660 4429 ὡς
685 4365 1086 4443 ἐκπλήττεσθαι
1107 4373 1206 4443 τὴν
1230 4372 1568 4444 βασίλισσαν,
1597 4378 1692 4431 καὶ
1720 4377 1885 4431 πλέον
1923 4378 2103 4446 λέγειν
2169 4375 2278 4430 τῶν
2339 4372 2699 4444 ὴκουσμένων
2736 4372 2889 4441 όρᾷν.
2922 4368 3232 4438 Ἐθαύμαζε
3276 4369 3333 4422 δὲ
3377 4368 3471 4421 καὶ
3497 4368 3567 4420 τά

292 4461 572 4532 βασίλεια,
606 4465 708 4519 καλ⁸
743 4466 854 4519 τῶν
873 4467 1104 4519 δείπνων
1135 4465 1234 4536 τὴν
1259 4465 1631 4534 πολυτέλειαν,
1692 4471 1786 4524 καὶ
1850 4471 1950 4542 τὴν
1991 4469 2298 4540 ὑπηρεσίαν
2328 4468 2510 4520 πᾶσαν
2539 4462 2638 4534 τὴν
2673 4461 2982 4533 βασιλικὴν,
3011 4461 3107 4516 καὶ
3139 4461 3238 4523 τὰς
3269 4461 3328 4514 ἐν
3353 4460 3432 4531 τῷ
3456 4461 3570 4531 ναῷ

288 4558 509 4623 θυσίας,
557 4560 662 4612 καὶ
691 4558 802 4612 τῶν
849 4559 1086 4613 θυόντων
1115 4557 1175 4612 τὸ
1216 4558 1502 4614 εὔτακτον.
1533 4561 1876 4633 Ἐδωρήσατο
1913 4563 1970 4617 δὲ
2035 4563 2127 4616 τὸν
2189 4561 2415 4632 βασιλέα
2479 4559 2689 4631 χρυσίῳ
2718 4559 2808 4613 καὶ
2857 4555 3027 4620 λίθοις
3060 4556 3170 4609 τῶν
3237 4554 3566 4625 πολυτίμων,

288 4652 381 4702 καὶ
412 4650 735 4721 ἀμυθήτοις
765 4650 1043 4722 ἀρώμασι,
1075 4651 1169 4704 καὶ
1196 4649 1472 4720 βαλσάμου
1541 4651 1743 4722 ῥίζαις,
1773 4653 1848 4718 ῶς
1898 4653 1957 4718 ἐξ
1997 4653 2212 4724 ἐκείνης
2267 4655 2324 4707 ἐν
2387 4650 2723 4720 Παλαιστίνῃ
2762 4648 2964 4719 φυῆναι
3015 4646 3076 4701 τὸ
3107 4644 3404 4715 βάλσαμον.
3452 4646 3564 4700 Καὶ

289 4738 552 4810 Σολομῶν
582 4740 648 4793 δὲ
684 4741 902 4803 πολλοῖς
945 4740 1170 4809 ἀγαθοῖς
1199 4741 1298 4814 τὴν
1357 4741 1680 4809 βασίλισσαν
1712 4742 2115 4814 ἀντημείψατο,
2151 4747 2246 4799 καὶ
2277 4746 2310 4815 ἡ
2338 4745 2436 4815 μὲν
2456 4746 2536 4807 εἰς
2563 4743 2632 4797 τὰ
2651 4743 2852 4812 ἑαυτῆς
2891 4741 3284 4809 ὑπενόστησεν.

355 4836 418 4891 l'.
471 4836 540 4888 '0
572 4834 639 4886 δὲ
667 4833 945 4903 βασιλεὺς,
983 4836 1205 4890 πάντων
1239 4837 1349 4890 τῶν
1383 4838 1490 4907 πρὸ
1539 4838 1706 4892 αὐτοῦ
1735 4839 1882 4906 γενόσ
1921 4844 1965 4897 D

1947 4846 1965 4895 )
2065 4840 2133 4895 Χ.
2169 4839 2284 4895 [lex
2321 4855 2474 4905 vero,
2507 4854 2632 4896 cum
2658 4846 2804 4894 esset
2837 4836 3083 4892 omnium
3118 4843 3245 4890 ante
3279 4848 3337 4888 se
3378 4849 3563 4904 regum

289 4944 452 4995 μενος
485 4924 869 4991 ἐνδοξότατος,
893 4927 988 4994 καὶ
1011 4929 1277 4999 φρονήσει
1312 4929 1404 4982 καὶ
1433 4929 1650 5000 πλούτῳ
1678 4929 1889 4998 διενεγ-

1992 4930 2422 5007 illustrissimus,
2469 4927 2737 4998 sapientia
2795 4933 2852 4981 et
2905 4925 3102 4994 opibus
3161 4932 3458 4993 praestans,
3509 4922 3561 4975 in

287 5019 417 5080 κὼν,
445 5021 557 5072 οὐκ
586 5018 841 5088 ἐνέμεινε
877 5019 990 5080 τοῖς
1016 5017 1180 5081 θείοις
1220 5018 1462 5087 θεσμοῖς.
1501 5020 1800 5091 Ἀκρασίαν
1829 5021 1888 5074 δέ

1991 5018 2194 5072 divinis
2221 5015 2492 5072 institutis
2524 5031 2633 5070 non
2669 5014 2973 5084 permansit
3007 5030 3019 5067 :
3051 5011 3147 5066 scd
3182 5012 3237 5064 in
3267 5010 3561 5065 libidinum

287 5112 531 5180 νοσήσας
566 5111 708 5180 περὶ
747 5110 815 5162 τὰ
854 5108 1166 5180 ἀφροδίσια,
1205 5111 1299 5164 καὶ
1335 5111 1466 5182 περὶ
1503 5114 1769 5180 γυναῖκας
1797 5113 1890 5166 ἐκ·

1991 5107 2472 5175 intemperantiam
2523 5105 2849 5175 prolapsus,
2905 5102 3211 5170 insanoque
3268 5097 3560 5152 mulierum

289 5205 511 5270 μανεὶς,
541 5201 609 5256 οὐ
651 5203 772 5263 ταῖς
804 5201 1123 5271 όμογενέσιν
1153 5203 1400 5272 ἠρκεῖτο,
1427 5204 1565 5256 ἀλλὰ
1591 5205 1685 5256 καὶ
1723 5205 1884 5258 ἀλλο-

1990 5214 2178 5254 amorc
2218 5207 2526 5267 correptus,
2561 5211 2738 5267 neque
2780 5193 3139 5266 popularibus
3173 5190 3287 5247 suis
3329 5196 3561 5243 conten-

286 5292 494 5360 φύλους
556 5290 748 5360 ἔγημε
779 5290 1065 5354 πλείστας,
1099 5291 1194 5343 καὶ
1227 5290 1588 5361 χαριζόμενος
1646 5294 1882 5357 ἐκείναις

1992 5300 2102 5354 tus,
2135 5289 2298 5343 etiam
2335 5289 2668 5358 alienigenas
2693 5286 3004 5356 complures
3035 5283 3226 5347 duxit;
3262 5279 3464 5349 quibus
3494 5293 3562 5330 ex

283 5382 368 5436 διὰ
394 5384 490 5436 τὸν
518 5383 740 5454 ἔρωτα,
781 5381 1120 5452 ἐθρήσκευσε
1164 5390 1259 5434 καὶ
1293 5385 1418 5446 τοὺς
1451 5383 1674 5436 ἐκείνων
1703 5385 1880 5448 θεούς.

1993 5399 2180 5438 amore
2220 5382 2552 5452 obsequens,
2597 5381 2729 5436 deos
2769 5380 2983 5433 illarum
3014 5373 3207 5430 coluit.
3239 5372 3370 5426 Nam
3404 5369 3561 5441 prin-

288 5476 509 5546 Ἐγημε
544 5475 671 5544 γὰρ
695 5475 1004 5541 θυγατέρας
1032 5474 1312 5544 ἀρχόντων
1338 5474 1625 5544 διασήμων
1653 5477 1888 5529 ἑπτακο-

1981 5477 2166 5544 cipum
2224 5472 2525 5540 insignium
2585 5472 2724 5524 tilias
2776 5469 3152 5539 septingentas
3206 5458 3563 5518 matrimonio

287 5567 428 5632 σίας,
459 5571 564 5620 καὶ
620 5565 906 5626 παλλακὰς
952 5565 1294 5636 τριακοσίας,
1352 5566 1444 5619 καὶ
1485 5567 1583 5636 τὴν
1608 5566 1888 5638 θυγατέρα

1985 5569 2090 5623 sibi
2123 5569 2328 5640 junxit.
2379 5565 2707 5620 concubinis
2757 5561 3019 5616 trecentis
3058 5557 3268 5624 ascitis,
3306 5563 3363 5631 et
3394 5553 3563 5609 tiliam

283 5661 373 5712 τοῦ
405 5659 702 5732 βασιλέως
756 5657 863 5711 τῶν
895 5659 1230 5726 Αἰγυπτίων.
1295 5652 1463 5710 Εἶπεν
1485 5656 1580 5710 οὖν
1627 5659 1654 5708 ὁ
1683 5657 1886 5725 Κύριος

1984 5659 2126 5728 regis
2161 5656 2557 5727 Egyptiorum.
2600 5652 2836 5708 Proinde
2883 5649 3159 5705 Salomoni
3193 5649 3330 5704 dixit
3375 5647 3567 5702 Domi-

287 5756 417 5820 πρῦς
451 5747 802 5818 Σολομῶντα
823 5765 836 5778 ·
875 5749 995 5800 Ὅτι
1019 5751 1130 5802 οὐκ
1161 5747 1472 5816 ἐφύλαξας
1507 5746 1623 5799 ὅσα
1672 5746 1886 5800 ἐνετει-

1985 5764 2088 5802 nus
2121 5765 2135 5801 :
2173 5747 2439 5810 Quoniam
2458 5743 2715 5797 "laudata
2740 5759 2855 5795 mea
2877 5757 2981 5794 non
3011 5742 3318 5806 observasti,
3346 5755 3569 5807 regnum

285 5844 485 5917 λὰμην
537 5858 677 5904 σοι,
734 5839 1032 5909 διαρῤήξω
1088 5840 1200 5905 τὴν
1236 5839 1562 5902 βασι..ίειάν
1606 5853 1742 5904 σου,
1786 5840 1886 5894 καὶ

1988 5849 2136 5892 tuum
2187 5838 2539 5907 disrumpunt,
2579 5843 2628 5888 et
2667 5849 2812 5888 servo
2845 5839 2933 5887 tuo
2976 5833 3130 5888 dabo.
3176 5833 3358 5905 Neque
3390 5844 3569 5889 tanien

536 5942 824 6002 ΡΑτιιοι.
869 5937 980 5998 Gn.
1029 5937 1357 6001 CXXXIV.

3219 5933 3251 5994 6
