4092 6404
461 451 464 458 η
512 373 626 436 art
1855 362 2116 426 JOANNI

2220 359 2411 420 ΖΟΝΛ
2424 359 2541 417 ΒΕ
3697 355 3801 420 172

523 491 720 548 uiuenti
751 489 840 542 tibi
875 501 1094 557 regnum
1121 485 1364 555 eripiam,
1396 483 1457 536 ob
1492 491 1698 554 patrem
1732 488 1901 537 tuum.
1927 478 2030 534 Sed
2061 485 2110 531 te

2219 475 2386 530 δώσω
2423 471 2621 541 αὐτὴν
2643 471 2723 536 τῷ
2761 468 2959 536 δούλῳ
2990 485 3129 523 σου.
3164 471 3246 524 Οὐ
3273 469 3348 522 σὲ
3369 469 3437 523 δὲ
3477 467 3664 530 ζῶντα
3689 475 3805 539 τὴν

519 592 757 643 mortuo,
781 581 892 635 haec
911 577 1026 648 ﬁlio
1056 587 1146 630 tuo
1167 586 1424 647 regnante
1441 575 1658 646 faciam.
1685 574 1865 644 Neque
1888 587 2109 642 regnum

2219 567 2412 636 ἀρχὴν
2447 565 2857 634 ἀφαιρήσομαι
2891 564 2989 617 διὰ
3020 563 3128 616 τὸν
3160 562 3388 630 πατέρα
3415 578 3554 617 σου.
3587 565 3808 618 eardu-

515 692 679 730 omne
709 686 885 728 tamen
909 670 1090 725 abillo
1116 670 1383 739 auferam,
1413 668 1505 722 sed
1545 667 1747 721 duabus
1775 665 2005 718 tribubus
2063 671 2113 715 et

531 765 905 836 Hierosolymis
942 761 1023 816 illi
1052 761 1276 825 relictis,
1307 760 1368 812 ob
1411 775 1569 812 avum
1609 756 1885 818 Dauidem,
1934 755 2113 807 decem

527 859 765 930 reliquas
785 871 933 910 seruo
969 853 1084 923 ejus
1125 852 1285 905 dabo.
1335 850 1524 919 Neque
1569 849 1805 903 multum
1849 845 2114 916 temporis

532 947 869 1010 intercessit,
883 961 1008 1001 cum
1027 945 1174 998 Ader
1186 942 1461 998 lsraelitas
1476 941 1620 995 bello
1634 940 1862 994 adortus
1876 946 1961 994 est
1990 937 2114 992 Fuit

530 1045 576 1097 is
605 1043 898 1097 ldumwus.
921 1037 1054 1108 regii
1089 1036 1327 1106 generis,
1349 1033 1470 1103 qui,
1510 1031 1730 1086 Davidis
1771 1030 2116 1100 temporibus

527 1135 764 1189 ldumtea
787 1129 1006 1186 aJoabo
1027 1129 1276 1190 subacta,
1299 1140 1436 1196 puer
1475 1125 1528 1178 in
1553 1122 1848 1194 (Egyptum
1883 1121 2115 1192 aufuge-

530 1234 638 1288 rat,
660 1233 738 1288 et,
764 1238 792 1275 a
816 1221 1104 1276 Pharaone
1121 1216 1356 1286 benigne
1384 1223 1672 1284 susceptus
1697 1222 1861 1282 atque
1891 1213 2116 1266 adama-

531 1329 639 1382 tus,
655 1327 901 1370 sororem
925 1310 1069 1380 regis
1087 1306 1338 1378 conjugis
1350 1320 1576 1361 uxorem
1591 1304 1843 1359 duxerat.
1858 1302 1909 1358 ls
1927 1301 2115 1374 igitur,

530 1409 614 1462 vir
637 1406 834 1469 factus,
867 1401 1090 1456 Davidis
1104 1409 1162 1455 et
1183 1399 1343 1454 Joabi
1369 1397 1524 1452 obitu
1547 1396 1787 1467 cognito,
1807 1394 2042 1462 cupidus
2061 1394 2116 1449 in

533 1498 772 1570 patrium
805 1509 1034 1565 regnum
1055 1490 1350 1551 redeundi.
1377 1505 1408 1544 a
1433 1488 1720 1544 Pharaone
1748 1487 2116 1548 retinebatur.

529 1591 708 1645 donec
726 1585 1056 1651 Salomonis,
1077 1584 1245 1639 rebus
1261 1580 1519 1644 turbatis,
1535 1579 1696 1635 aliine
1711 1579 2116 1646 consentiente,

533 1685 588 1736 in
631 1681 924 1736 ldumasam
956 1691 1217 1733 reversus
1247 1684 1353 1730 est.
1377 1673 1485 1729 Sed
1517 1688 1643 1729 cum
1674 1688 1740 1728 ea
1771 1671 1944 1726 ﬁrmis
1975 1687 2117 1741 pra:-

529 1773 686 1828 sidiis
715 1781 1020 1834 teneretur,
1046 1769 1102 1823 in
1131 1767 1342 1839 Syriam
1370 1780 1429 1821 se
1452 1765 1688 1821 contulit
1711 1781 1726 1832 ;
1754 1772 1811 1819 et
1835 1764 2114 1818 latronum

532 1881 696 1918 manu
730 1871 1074 1932 comparata,
1109 1875 1235 1915 cum
1275 1859 1421 1913 hanc
1449 1867 1708 1927 occupat,
1735 1867 1851 1912 tum
1891 1855 2116 1911 Israeli-

527 1965 710 2008 tarum
735 1968 896 2023 agros
929 1951 1245 2022 populatur.
1277 1949 1670 2005 Jeroboamum
1703 1957 1888 2002 autem
1918 1945 2117 2001 Nabati

533 2045 731 2106 lilium,
753 2044 884 2097 dum
911 2057 1050 2112 puer
1081 2041 1311 2095 inservit
1341 2041 1478 2110 regi,
1499 2040 1612 2110 86
1637 2037 1918 2103 Salomon,
1944 2053 2116 2108 gene-

532 2151 658 2190 rosa
693 2136 814 2206 ejus
863 2134 1048 2188 indole
1096 2132 1505 2194 animadversa,
1541 2147 1668 2186 cum
1705 2131 2119 2202 Hierosolymo-

534 2241 659 2280 rum
688 2225 892 2279 mmnia
919 2223 1203 2290 conderet,
1235 2223 1420 2293 operis
1446 2231 1742 2278 structum
1772 2224 2116 2293 prazfecerat.

545 2319 674 2383 Qui,
716 2331 841 2370 cum
874 2313 1170 2384 aliquando
1197 2315 1300 2368 iter
1333 2314 1616 2383 ingressus
1644 2323 1813 2382 esset,
1839 2314 2032 2369 incidit
2062 2315 2118 2370 in

537 2435 859 2501 prophetam
882 2427 1111 2484 Achiam
1137 2427 1451 2482 Silonitem.
1476 2427 1545 2492 Is,
1569 2442 1636 2481 eo
1652 2428 1720 2483 de
1744 2429 1829 2482 via
1861 2430 2116 2486 nonnihil

515 2524 788 2588 seducto,
808 2530 1073 2591 vesteque
1095 2535 1194 2575 sua
1213 2520 1266 2574 in
1290 2518 1582 2574 duodecim
1604 2521 1832 2576 lacinias
1859 2522 2112 2589 discissa,

533 2619 725 2672 decem
768 2614 845 2668 illi
885 2613 980 2668 dat
1036 2628 1162 2667 cum
1196 2612 1282 2666 his
1309 2612 1493 2667 verbis
1525 2631 1538 2664 :
1578 2610 1665 2666 Sic
1704 2629 1923 2684 regnum
1961 2614 2116 2668 Salo—

515 2710 702 2763 monis
751 2706 1006 2761 discindet
1057 2705 1334 2769 Dominus,
1376 2705 1590 2775 ejusque
1620 2703 1734 2771 ﬁlio
1775 2705 1910 2759 duas
1946 2706 2000 2758 in
2031 2706 2116 2759 avi

513 2803 769 2871 gratiam
825 2799 990 2853 tribus
1041 2798 1322 2868 relinquet.
1370 2807 1417 2850 te
1449 2807 1625 2851 autem
1665 2798 1839 2850 decem
1886 2797 2117 2850 tribuum

525 2909 713 2963 :egem
749 2892 1052 2945 constituet.
1085 2889 1157 2943 Tu
1199 2905 1320 2944 vero
1350 2890 1432 2959 {ac
1472 2889 1607 2959 leges
1661 2889 1872 2942 Domini
1918 2889 2120 2958 ample-

519 2987 693 3040 .cteris
740 2995 789 3038 et
817 2984 1092 3054 justitiam
1137 2982 1302 3036 colas.
1342 2981 1458 3036 Hoc
1481 2981 1708 3035 oraculo
1737 2981 1916 3036 elatus
1955 2981 2118 3037 Jero-

540 3079 790 3140 hoamus,
821 3075 988 3129 novis
1031 3073 1200 3127 rebus
1244 3071 1447 3126 studet.
1492 3071 1598 3126 Sed
1634 3088 1749 3136 rex,
1784 3073 2003 3142 cognita
2035 3088 2118 3136 re,

2213 676 2318 726 τος
2339 658 2408 712 δέ
2430 675 2570 721 σου,
2590 656 2790 712 ’ταῦτα
2823 656 2923 710 ἐπὶ
2960 655 3038 721 τῷ
3069 655 3180 720 υἱῷ
3224 671 3343 710 σου
3382 655 3652 723 ποιήσω’
3703 656 3804 709 καὶ

2215 752 2358 807 οὐδὲ
2387 751 2599 809 πᾶσαν
2625 751 2693 816 ἐξ
2723 751 2911 804 αὐτοῦ
2952 750 3068 816 τὴν
3101 749 3439 814 ,ϐασιλείαν
3470 749 3805 818 ἀφέλωμαι,

2216 845 2327 898 δύο
2351 845 2421 898 δὲ
2459 844 2660 914 φυλὰς
2707 840 2869 906 αὑτῷ
2915 841 3392 908 καταλελοιπὼς,
3418 841 3517 895 καὶ
3544 843 3659 908 τὴν
3703 840 3808 896 Ἰε-

2210 937 2537 1007 ρουσαλὴμ
2566 935 2664 991 διὰ
2722 935 2830 988 τὸν
2875 936 3124 988 πάππον
3180 933 3380 997 Δαόὶδ,
3415 933 3524 1000 τὰς
3558 932 3704 988 δέκα
3725 932 3807 998 τῷ

2216 1031 2420 1096 δούλῳ
2467 1029 2640 1082 δώσω
2694 1025 2904 1081 αὑτοῦ.
2933 1027 3022 1079 Οὑ-
3039 1026 3238 1093 συγνδς
3273 1025 3466 1096 καιρὸς
3498 1025 3805 1095 διελήλυθε,

2216 1127 2313 1176 καὶ
2347 1122 2514 1192 Ἀδερ
2546 1123 2628 1184 εἰς
2659 1121 2894 1190 πόλεμον
2932 1119 3175 1188 κατέστη
3204 1117 3284 1189 τῷ
3317 1117 3566 1187 Ἰσραήλ.
3607 1117 3717 1171 Ἷίν
3748 1117 3808 1170 δὲ

2217 1218 2246 1270 6
2287 1215 2454 1284 ’Ἄδερ
2517 1213 2813 1283 Ἰδουμαῖος
2873 1215 2938 1266 ἐκ
2990 1211 3267 1283 βασιλείου
3309 1211 3542 1281 σπορᾶς,
3590 1210 3671 1276 ὃς,
3707 1208 3806 1261 τοῦ

2229 1308 2388 1362 Ἰωαϐ
2443 1306 2585 1360 κατὰ
2618 1305 2746 1370 τοὺς
2795 1306 3023 1376 χρόνους
3069 1304 3236 1357 Δαϐὶδ
3278 1303 3804 1373 καταστρεψαμένου

2217 1395 2317 1468 τὴν
2347 1395 2680 1464 Ἰδουμαίαν,
2705 1393 2998 1464 παιδάριον
3021 1393 3117 1456 ὢν,
3151 1393 3360 1463 ἀπέδρα
3390 1395 3470 1456 είς
3502 1393 3806 1460 Αἴγυπτον,

2219 1489 2316 1543 καὶ⁵
2351 1487 2694 1560 φιλοφρόνως
2721 1486 2956 1556 δεχθεὶς,
2989 1485 3142 1555 παρὰ
3161 1484 3362 1555 Φαραὼ
3394 1483 3680 1554 ἠγαπήθη,
3706 1482 3807 1536 καὶ

2220 1581 2318 1651 τὴν
2349 1579 2585 1650 ἀδελφὴν
2611 1578 2787 1648 ἔγημε
2819 1579 2918 1646 τῆς
2945 1577 3204 1645 γυναικὸς
3239 1575 3462 1645 Φαραώ.
3495 1571 3666 1638 Οὗτος
3709 1574 3806 1628 οὖν

2219 1672 2545 1744 ἀνδρωθεὶς,
2574 1673 2670 1725 καὶ
2701 1671 2965 1733 θανόντας
3013 1669 3203 1740 μαθὼν
3227 1671 3319 1724 τὸν
3353 1669 3518 1723 Δαϐιδ
3576 1670 3672 1722 καὶ
3713 1671 3805 1722 τὶν

2232 1767 2418 1830 Ἰωὰϐ,
2447 1765 2764 1820 ἐπανελθεῖν
2789 1765 2971 1834 ἐζήτει
3003 1765 3138 1834 πρὸς
3164 1764 3265 1834 τὴν
3297 1763 3556 1834 πατρῴαν
3592 1766 3766 1833 ἀρχήν
3786 1780 3803 1796 ο

2217 1859 2333 1914 ἀλλ’
2372 1860 2432 1912 οὐ
2509 1860 2883 1930 παρεχωρεῖτο
2925 1857 3061 1928 πρὸς
3093 1855 3313 1926 Φαραώ.
3351 1857 3490 1926 Ἤδη
3516 1857 3572 1909 δὲ
3595 1855 3673 1926 τῷ
3704 1857 3806 1908 Σο-

2217 1953 2456 2023 λομῶντι
2500 1951 2608 2004 τῶν
2651 1949 2997 2022 πραγμάτων
3028 1947 3216 2012 κακῶς
3260 1947 3518 2018 ἐχόντων,
3549 1964 3807 2017 παρεχω-

2222 2046 2360 2116 ρήθη
2389 2045 2482 2098 καὶ
2509 2044 2696 2112 Ἀδερ,
2717 2044 2813 2095 καὶ
2840 2044 2919 2104 εἰς
2943 2040 3042 2111 τὴν
3071 2039 3378 2110 Ἰδουμαίαν
3407 2039 3803 2109 ἐπανελήλυθε.

2217 2138 2436 2206 Ταύτης
2491 2137 2534 2190 δ’
2567 2134 2827 2205 ἀσφαλῶς
2877 2133 3314 2204 φρουρουμένης,
3343 2133 3421 2196 είς
3469 2135 3568 2200 τὴν
3600 2133 3804 2202 Συρίαν

2219 2231 2465 2300 ἀφίκετο,
2495 2229 2589 2282 κα)⁸
2629 2227 2885 2298 σύστημὰ
2925 2245 2978 2279 τι
3028 2226 3172 2296 σχὼν
3215 2227 3343 2294 περὶ
3376 2225 3540 2278 αὑτὸν
3577 2224 3805 2295 λῃστρι-

2221 2324 2340 2388 κὸν,
2392 2321 2600 2391 ταύτην
2652 2337 2712 2373 τε
2771 2319 3026 2390 κατέσχε,
3081 2319 3179 2370 καὶ
3231 2317 3330 2388 τὴν
3376 2316 3487 2370 τῶν
3536 2317 3808 2387 Ἐϐραίων

2218 2415 2466 2486 ἐληῖζετο
2488 2414 2701 2485 χώραν.
2731 2411 3014 2482 Ἱεροϐοαμ
3043 2411 3099 2464 δέ
3131 2411 3244 2473 υίὸς
3269 2409 3482 2475 Ναϐὰτ,
3511 2411 3806 2480 παιδάριον

2219 2509 2316 2575 ὢν,
2346 2508 2610 2578 ὑπηρέτει
2662 2505 2742 2576 τῷ
2788 2505 3017 2575 βασιλεῖ.
3060 2503 3205 2556 Ἰδὼν
3237 2503 3294 2556 δὲ
3348 2503 3602 2573 Σολομῶν
3639 2504 3806 2557 αὑτὸν

2219 2602 2467 2670 γενναῖον
2499 2599 2560 2651 τὸ
2593 2600 2874 2670 φρόνημα,
2899 2599 2988 2650 ὅτε
3013 2599 3078 2668 τῇ
3114 2583 3476 2666 Ἰερουσαλὴμ
3516 2595 3807 2668 περίϐολον

2219 2692 2512 2761 ᾠκοδόμει,
2539 2691 2844 2762 ἐπέστησεν
2877 2690 3042 2744 αὐτὸν
3075 2689 3176 2757 τῆς
3212 2687 3504 2758 οἰκοδομῆς
3537 2689 3809 2758 ἐπιμελη-

2221 2786 2343 2853 τήν.
2393 2782 2782 2853 Ἀπερχομένῳ
2808 2782 2865 2835 δέ
2899 2799 2997 2834 που
3032 2781 3109 2850 τῷ
3152 2779 3454 2852 Ἰεροϐοὰμ,
3499 2782 3806 2850 συνήντησε

2223 2874 2515 2943 προφήτης
2564 2875 2592 2926 6
2625 2872 2942 2942 Σηλωνίτης
2996 2873 3173 2941 Ἀχία,
3209 2871 3302 2924 καὶ
3350 2869 3605 2933 ἐκκλίνας
3637 2871 3807 2923 αὐτὸν

2221 2967 2320 3036 τῆς
2349 2966 2494 3032 ὀδοῦ,
2527 2965 2782 3037 διέρρηξε
2830 2965 2889 3018 τὸ
2919 2965 3132 3033 ἱμάτιον
3160 2964 3241 3025 είς
3268 2963 3476 3016 δώδεκα
3523 2963 3804 3034 ῥήγματα,

2225 3059 2320 3111 καὶ
2380 3056 2618 3110 δέδωκεν
2667 3056 2867 3125 ἐκείνῳ
2908 3056 2976 3107 τὰ
3026 3054 3181 3120 δέκα,
3243 3052 3446 3106 εἰπών’
3489 3055 3583 3120 Ὠς
3614 3054 3809 3120 οὕτως

533 3167 608 3222 de
632 3166 729 3220 illo
761 3164 1002 3219 tollendo
1026 3164 1250 3232 cogitat.
1292 3161 1361 3215 At
1406 3161 1495 3216 ille
1537 3161 1592 3214 in
1626 3160 1920 3232 1Egyptum
1978 3161 2116 3233 fugit

2223 3148 2531 3216 διαρῤήξει
2556 3146 2672 3216 τὴν
2695 3147 3026 3211 ,βασιλείαν
3059 3144 3452 3214 Σολομῶντος
3485 3147 3518 3198 ό
3565 3145 3808 3212 Κύριος,

540 3257 730 3324 ibique
764 3253 915 3323 degit
937 3267 1110 3322 usque
1145 3251 1209 3304 ad
1235 3249 1544 3304 Salomonis
1582 3251 1815 3305 obitum.
1846 3251 1996 3306 Obiit
2020 3267 2120 3306 au-

544 3353 652 3399 tem
688 3343 756 3407 is,
789 3354 849 3396 ut
885 3341 1027 3396 liber
1050 3342 1260 3411 Regum
1305 3349 1510 3404 narrat,
1545 3356 1690 3395 anno
1730 3343 1908 3396 aetatis
1950 3343 2117 3413 quin-

527 3434 859 3505 quagesimo
892 3432 1154 3495 secundo,
1207 3446 1330 3485 cum
1385 3431 1674 3486 duodecim
1727 3449 1904 3489 annos
1955 3445 2118 3491 natus

541 3539 770 3596 regnum
817 3524 1128 3593 suscepisse
1173 3532 1535 3587 memoretur,
1569 3537 1626 3578 et
1651 3525 1705 3578 id
1737 3541 1836 3593 per
1873 3528 2116 3595 quadra-

538 3619 690 3688 ginta
719 3617 984 3672 tenuisse.
1033 3616 1305 3686 Josephns
1353 3625 1536 3670 autem
1572 3618 1738 3671 tradit
1782 3636 1908 3674 eum
1941 3635 2118 3676 annos

538 3707 741 3761 vixisse
771 3715 1011 3774 quatuor
1055 3715 1114 3760 et
1154 3707 1474 3775 nonaginta,
1528 3723 1786 3777 regnasse
1812 3711 2112 3779 octoginta.

539 3795 660 3850 Vita
709 3809 841 3848 usus
865 3801 951 3848 est
985 3794 1131 3848 felici
1171 3802 1228 3848 et
1276 3794 1537 3862 gloriosa,
1571 3797 1679 3850 nisi
1721 3796 1776 3850 in
1830 3809 2118 3854 senectute

541 3887 748 3953 patrias
793 3885 946 3956 leges
976 3885 1256 3949 violasset,
1286 3887 1570 3942 amoribus
1605 3889 1876 3958 impulsus
1911 3893 2118 3947 illicitis

2219 3240 2319 3294 καὶ
2341 3240 2420 3306 τῷ
2443 3240 2559 3308 μὲν
2582 3240 2820 3293 ἐκείνου
2840 3237 2944 3302 υἱῷ
2963 3236 3073 3290 δύο
3100 3236 3445 3304 καταλείψει
3474 3237 3675 3304 φυλὰς
3707 3235 3810 3290 διὰ

2218 3335 2326 3388 τὸν
2365 3335 2638 3400 πάππον,
2693 3333 2792 3387 (τοί
2837 3332 2904 3384 δὲ
2941 3332 3048 3396 τὰς
3071 3331 3218 3384 δέκα
3263 3329 3465 3395 δώσει,
3496 3330 3590 3382 καὶ
3616 3330 3811 3394 βασι-

2216 3431 2426 3486 λεύσει
2479 3445 2552 3482 σε
2604 3429 2674 3480 ἐν
2735 3424 2965 3491 αὑταῖς.
3009 3423 3092 3476 Σὺ
3133 3424 3200 3476 δὲ
3247 3423 3408 3476 ἀλλὰ
3454 3420 3573 3476 τῶν
3603 3424 3810 3491 νόμων

2218 3523 2478 3592 ἀντέχου
2503 3521 2746 3589 Κυρίου,
2775 3517 2874 3570 καὶ
2901 3521 3072 3588 γίνου
3099 3516 3350 3580 δίκαιος.
3403 3515 3626 3578 Τούτοις
3657 3515 3808 3584 μέγα

2218 3618 2503 3686 φρονήσας
2553 3611 2869 3683 Ἱεροϐοάμ,
2931 3607 3274 3680 νεωτερίζειν
3320 3606 3623 3678 ἐπεχείρει.
3689 3608 3807 3660 Καὶ

2223 3710 2386 3776 γνοὺς
2415 3709 2475 3760 τὸ
2505 3708 2736 3778 πρᾶγμα
2785 3707 2812 3756 6
2843 3703 3121 3773 βασιλεὺς,
3157 3701 3368 3754 ἀνελεῖν
3398 3703 3580 3770 ἐζήτει
3609 3700 3801 3754 αὐτόν.

2232 3799 2294 3852 '0
2324 3800 2380 3852 δὲ
2412 3797 2606 3866 φεύγει
2639 3798 2718 3859 είς
2743 3795 3038 3863 Αἴγυπτον,
3073 3792 3236 3844 κάκεῖ
3269 3789 3479 3860 διῆγεν,
3513 3789 3616 3851 ἓως
3643 3789 3805 3842 Σολο·

2227 3890 2344 3961 μῶν
2392 3886 2738 3956 ἐτελεύτησε.
2776 3885 3021 3954 Τέθνηκε
3051 3883 3104 3936 δὲ
3161 3885 3190 3936 6
3225 3881 3481 3952 βασιλεὺς
3521 3881 3806 3950 Σολομῶν,

536 3977 958 4047 peregrinarum
1010 3977 1482 4044 muliercularum,
1528 3995 1830 4052 earumque
1875 3994 2116 4040 sectatus

2223 3982 2300 4044 ὡς
2333 3982 2484 4050 μὲνή
2513 3980 2691 4050 βίϐλος
2717 3976 3016 4030 Βασιλειῶν
3039 3974 3151 4047 (56)
3177 3974 3403 4044 ἱστορεῖ,
3430 3975 3600 4044 ζήσας
3618 3974 3808 4028 ἐνιαυο

535 4069 851 4140 religiones.

537 4166 818 4236 βασιλείας
851 4165 1110 4236 ἐπιϐῆναι
1164 4165 1467 4236 ἱστόρηται,
1533 4168 1853 4232 βασιλεῦσαι
1897 4171 1954 4223 δὲ
2015 4172 2110 4242 ἐτη
2150 4167 2586 4238 τεσσαράκοντα.

2225 4074 2351 4136 τοὺς
2407 4073 2752 4141 πεντήκοντα
2807 4069 2945 4138 πρὸς
2993 4068 3134 4121 δυσί.
3179 4066 3529 4136 Δωδεκαέτης
3563 4065 3674 4137 γὰρ
3702 4069 3807 4136 τῆς)

2668 4163 2756 4226 Ὡς
2782 4163 2827 4216 δ’
2894 4163 2922 4216 6
2948 4162 3214 4232 Ἰώσηπος
3255 4162 3656 4231 συνεγράψατο,
3675 4162 3802 4214 τέσσ-

537 4278 710 4332 σαρας
743 4262 844 4330 μὲν
872 4261 1158 4325 ἐνιαυτοὺς
1191 4262 1325 4315 ἐϐίω
1357 4267 1452 4315 καὶ
1495 4265 1863 4334 ἐνενήκονταο
1919 4269 2252 4336 ὀγδοήκοντα
2307 4266 2364 4318 δὲ
2433 4262 2846 4334 βεϐασίλευκεν,
2925 4257 3170 4328 εὐτυχῶς
3209 4258 3307 4326 μέν
3338 4256 3509 4327 ζήσας
3581 4257 3677 4308 καὶ
3712 4255 3806 4308 εὖ-

536 4353 733 4416 κλεῶς,
784 4353 1186 4422 παρανομήσας
1241 4353 1424 4421 μέντοι
1482 4356 1612 4423 περὶ
1662 4355 1722 4407 τὸ
1779 4359 1958 4424 γῆρας
2024 4357 2116 4411 ὑπ’
2158 4357 2381 4429 ἐρώτων
2441 4357 2542 4408 οὐκ
2611 4353 2828 4420 εύαγῶν
2879 4351 3191 4417 ἁλλο,ενέσι
3251 4349 3491 4412 πεισθεὶς
3561 4348 3805 4418 γυναιξὶ,

536 4447 634 4502 καὶ
663 4449 776 4508 τοῖς
809 4445 1039 4497 ἐκείνων
1069 4445 1444 4512 ἀκολουθήσας
1478 4446 1886 4516 θρησκεύμασι.

609 4562 702 4618 XI.
737 4561 1122 4617 Successorem
1154 4563 1207 4616 in
1252 4577 1422 4631 regno
1456 4562 1649 4616 habuit
1675 4564 1847 4618 ﬁlium
1899 4566 2116 4622 Roboa-

2295 4563 2398 4620 lA'.
2433 4562 2690 4632 Διάδοχον
2717 4560 2761 4612 δ’
2795 4560 2921 4631 ἔσχε
2957 4562 3057 4629 τῆς
3103 4558 3383 4628 βασιλείας
3415 4561 3504 4612 τὸν
3531 4563 3647 4615 υἱὸν
3685 4565 3806 4618 Ῥο·

539 4669 711 4716 mum,
745 4651 812 4705 ad
839 4667 1002 4720 quem
1038 4668 1162 4706 cum
1195 4654 1431 4722 p0pulus
1461 4655 1838 4720 conﬂuxisset,
1873 4673 1935 4710 ac
1981 4672 2114 4729 sup-

540 4743 664 4812 plex
692 4741 964 4810 petiisset,
1007 4752 1067 4795 ut
1111 4751 1268 4810 patre
1311 4742 1636 4799 clementior
1710 4747 1993 4803 servitutis
2019 4750 2113 4819 ju-

538 4847 666 4902 gum
715 4847 746 4884 a
792 4831 1086 4886 Salomone
1131 4832 1440 4887 cervicibus
1485 4834 1601 4891 suis
1657 4834 1973 4905 impositum
2028 4855 2116 4894 re-

542 4931 774 4994 laxaret,
802 4929 893 4982 ille
925 4944 984 4984 se
1028 4929 1462 4984 deliberaturum
1504 4931 1600 4999 ait,
1626 4941 1682 4987 et
1711 4945 1834 5003 post
1868 4936 2110 4990 triduum

543 5035 962 5089 responsurum.
1012 5020 1263 5076 Consulit
1296 5022 1483 5091 itaque
1531 5024 1779 5079 seniores
1824 5043 1891 5081 ex
1923 5030 2119 5098 patriis

541 5112 830 5177 ministris,
858 5112 991 5182 quid
1030 5113 1474 5183 respondendum
1507 5125 1654 5171 esset
1683 5135 1697 5171 :
1729 5131 1977 5186 monent,
2008 5122 2119 5176 clc-

542 5211 779 5268 menter,
825 5220 934 5258 non
982 5203 1220 5272 superbe
1253 5211 1310 5258 et
1360 5217 1680 5276 arroganter
1727 5209 2117 5280 alloquendum

540 5310 662 5349 esse
691 5297 980 5365 populum.
1010 5296 1140 5350 Post
1183 5305 1454 5361 senatum,
1504 5314 1562 5352 re
1587 5315 1710 5353 cum
1748 5299 2118 5356 adolescenti-

541 5389 646 5443 hus
675 5405 780 5444 una
814 5405 1000 5444 secum
1048 5389 1299 5443 educatis
1335 5391 1760 5457 communicata,
1793 5402 1849 5446 et
1883 5395 2118 5448 consilio

2223 4661 2385 4731 ϐοάμ.
2411 4659 2522 4711 Καὶ
2547 4658 2574 4708 δ
2603 4655 2733 4718 λαὸς
2766 4651 3010 4724 συνήχθη
3042 4653 3148 4714 πᾶς
3180 4652 3318 4720 πρὸς
3350 4653 3536 4715 αὐτὸν,
3566 4655 3659 4706 καὶ
3691 4656 3803 4708 ἰκέ-

2221 4767 2379 4805 τευον
2432 4747 2740 4818 ἐλαφρῦνλι
2793 4745 2979 4806 αὐτοῖς
3009 4742 3101 4796 τὸν
3133 4743 3231 4810 τῆς
3252 4742 3498 4805 δουλείας
3529 4743 3715 4811 ζυγὸν,
3744 4747 3802 4809 ὃς

2223 4841 2376 4910 παρὰ
2403 4838 2744 4909 Σολομῶντος
2769 4836 2953 4899 αὐτοῖς
2973 4835 3328 4904 ἐπενήνεκτο,
3347 4835 3441 4886 καὶ
3473 4837 3566 4887 τοῦ
3594 4838 3802 4904 πατρὸς

2223 4933 2461 5002 φανῆναι
2507 4929 2896 5000 χρηστότερος.
2960 4926 3019 4977 Ὀ
3051 4925 3109 4976 δὲ
3146 4924 3456 4995 σκέψασθαι
3507 4921 3652 4994 εἷπε,
3705 4929 3805 4981 καὶ

2219 5024 2357 5092 μετὰ
2373 5022 2521 5088 τρεῖς
2553 5019 2766 5090 ἡμέρας
2796 5018 2992 5069 εἰπεῖν.
3029 5016 3280 5077 Καλέσας
3301 5013 3395 5067 οὖν
3416 5015 3545 5078 τοὺς
3567 5031 3801 5085 γηραιο-

2215 5115 2411 5183 τέρυυς
2443 5113 2550 5164 τῶν
2580 5108 2855 5180 πατρῴων
2891 5108 3263 5178 θεραπόντων,
3293 5107 3344 5160 τί
3370 5108 3435 5161 ἂν
3470 5107 3799 5178 ἀποκριθείη

2216 5206 2294 5275 τῷ
2325 5204 2471 5274 λαῷ·
2503 5203 2746 5256 κάκεῖνοι
2774 5201 3126 5271 διαλεχθῆναι
3179 5199 3364 5262 αὐτοῖς
3407 5199 3798 5252 συνεϐούλευον

2213 5298 2547 5367 ἠπιώτερον,
2609 5295 2683 5364 μὴ
2714 5293 2758 5346 δ’
2787 5292 3156 5363 ὑπερηφάνως
3189 5290 3285 5344 καὶ
3330 5291 3606 5361 ὀγκηρῶς.
3641 5290 3801 5344 Μετὰ

2215 5391 2270 5441 te
2301 5389 2398 5457 τήν
2446 5387 2740 5456 γερουσίαν
2791 5388 2904 5448 τοῖς
2958 5383 3362 5454 μειρακίσκοις,
3429 5383 3590 5454 οἵπερ
3647 5379 3800 5452 αὐτῷ

1690 5563 1942 5650 ,νδιπὶω
1977 5564 2291 5628 lectiones
2346 5572 2407 5626 et
2449 5571 2635 5626 notas.

571 5717 728 5794 “(56)
762 5719 977 5794 B_t'_6.£0¢
1029 5721 1384 5794 Βιιαιλειῶν.
1439 5724 1516 5777 Ita
1565 5723 1744 5779 Libros
1799 5723 2120 5794 Regnorum,

539 5786 716 5842 libros
749 5789 840 5842 alii
867 5787 1090 5858 Regum,
1115 5791 1203 5846 hic
1235 5802 1287 5846 et
1325 5794 1455 5848 alibi
1483 5810 1591 5848 non
1625 5797 1795 5851 semel
1817 5786 1971 5849 voveat
2013 5786 2119 5851 Ζοέ

2221 5742 2403 5800 naras,
2439 5728 2718 5795 quomodo
2766 5729 2929 5782 etiam
2965 5728 3258 5800 plerosque
3285 5744 3351 5782 ex
3394 5728 3649 5800 Patribus
3690 5727 3802 5783 La-

2221 5799 2349 5852 tinis
2377 5800 2678 5867 appcélasse
2707 5801 3017 5855 notavimus
3047 5801 3101 5854 in
3123 5799 3301 5857 Gloss.
3330 5802 3474 5856 med.
3502 5799 3623 5855 Lat.
