4092 6452
384 450 479 513 173

1672 440 2089 503 ANNALIUM
2129 441 2283 504 LIB.
2314 442 2393 504 II.

3531 448 3636 518 174

375 558 780 633 συνετρέφοντο,
812 558 910 614 τοῦ
938 559 1260 631 σκέμματος
1297 554 1692 627 κεκοινώνηκε,
1726 558 1821 612 καὶ
1842 554 1944 626 τὴν

2064 556 2334 612 seniorum
2355 556 2631 626 exposito,
2644 557 2722 613 illi
2737 568 2994 617 auctores
3012 570 3161 628 sunt,
3181 564 3640 639 utasperiusagat

371 655 475 710 τῶν
500 651 896 725 πρεσϐυτέρων
925 650 1100 706 εἰπὼν
1125 649 1464 722 συμϐουλήν.
1522 647 1590 705 Oi
1629 648 1690 702 δέ
1732 648 1944 719 τραχύ-

370 763 519 819 τερον
566 744 719 816 αὐτῷ
752 744 1160 815 προσομιλῆσαι
1207 741 1287 814 τῷ
1315 741 1432 812 λαῷ
1488 739 1943 807 συνεϐούλευσαν,

374 839 461 894 καὶ
496 838 630 901 τοὺς
686 837 886 908 λόγους
926 834 1232 905 ἀναλόγους
1281 833 1361 904 τῷ
1412 833 1516 904 τῆς
1564 834 1740 906 ἀρχῆς
1795 833 1947 905 ὄγκῳ

371 930 736 1003 ποιήσασθαι,
802 932 901 984 καὶ
956 927 1036 1000 τῷ
1115 924 1389 998 βασιλικῷ
1444 923 1746 995 ἀξιώματι.
1833 926 1948 980 Καὶ

371 1023 422 1086 ὃς
473 1021 686 1086 τούτοις
751 1019 1079 1083 προσέθετο,
1125 1018 1221 1074 καὶ
1253 1018 1379 1072 ἐπεὶ
1425 1018 1489 1072 τὸ
1519 1016 1732 1088 πλῆθος
1786 1012 1948 1081 αὖθις

372 1113 753 1184 συνεληλύθειο
800 1114 867 1167 El
898 1109 1007 1165 τὸν
1052 1109 1235 1181 ζυγὸν
1283 1109 1430 1180 ὑμῖν
1478 1108 1869 1178 ἐσκλήρυνεν
1915 1111 1948 1163 ὁ

370 1203 561 1275 πατήρ
606 1221 758 1274 μου,
788 1203 918 1273 ἔφη,
982 1201 1207 1256 τοῦτον
1253 1201 1441 1268 αὐτὸς
1504 1198 1710 1265 ἐπάξω
1754 1199 1946 1269 βαρύ·

369 1314 566 1366 τερον·
600 1297 702 1350 καὶ
735 1297 790 1350 ει
837 1292 1133 1365 μάστιξιν
1187 1293 1428 1360 ἐκεῖνος
1473 1293 1771 1363 ἐκέχρητο
1815 1292 1948 1347 καθ’

368 1388 546 1456 ὑμῶν,
600 1386 924 1455 σκορπίοις
981 1385 1142 1452 ὑμᾶς
1174 1383 1422 1439 κολάσω
1454 1385 1672 1451 αὐτός’
1697 1384 1801 1439 καί
1827 1401 1950 1454 μου

368 1479 469 1546 τῆς
531 1479 936 1549 σμικρότητος
995 1479 1341 1547 παχυτέρας
1392 1477 1504 1545 τῆς
1547 1477 1781 1546 ὀσφύος
1841 1475 1950 1531 τοῦ

367 1571 587 1640 πατρὸς
638 1568 1105 1639 πειραθήσεσθε.
1144 1567 1368 1622 Τούτων
1395 1567 1457 1622 τὸ
1507 1566 1718 1639 πλῆθος
1778 1566 1952 1623 ἀκοῦ-

370 1680 481 1726 σαν,
530 1660 634 1729 Τίς
661 1661 810 1731 ἡμῖν
834 1660 1004 1732 μερὶς
1073 1662 1144 1715 ἐν
1198 1660 1398 1726 Δαϐὶδ,
1457 1659 1776 1731 ἐξεϐόησαν.
1839 1662 1959 1737 Καὶ¹

367 1755 942 1825 ἀποδυσπετήσαντες,
966 1751 1241 1825 ἀπῄεσαν.
1263 1751 1592 1822 Πέμψαντος
1620 1751 1676 1805 δὲ
1709 1750 1952 1824 Ῥοϐοὰμ

365 1845 465 1898 τῶν
522 1844 750 1899 οἰκείων
788 1844 887 1899 ἕνα
918 1843 1274 1915 διαλεχθῆναι
1333 1842 1523 1906 αὐτοῖς
1558 1844 1652 1897 καὶ
1682 1844 1949 1916 πραῧναι,

365 1938 611 1992 ἔκτειναν
630 1938 724 1991 ὑπ’
743 1937 918 2010 ὀργῆς
943 1937 1034 1991 τὸν
1061 1936 1230 2007 ἄνδρα
1258 1935 1802 2007 λιθολευστήσαντες.
1834 1937 1954 1991 Ῥο-

365 2032 503 2105 ϐοέιμ
534 2031 595 2087 δέ
622 2031 826 2095 δείσας,
871 2033 952 2094 εἰς
992 2029 1347 2101 Ἰεροσόλυμα
1382 2029 1651 2099 πέφευγε,
1676 2047 1955 2101 παραμει-

362 2127 531 2196 νάσης
579 2124 731 2195 αὐτῷ
777 2124 877 2194 τῆς
931 2122 1109 2177 Ἰούδα
1165 2123 1363 2194 φυλῆς,
1421 2123 1517 2177 καὶ
1550 2123 1648 2177 σὺν
1677 2123 1814 2195 αὐτῇ
1856 2124 1955 2194 τῆς

364 2218 761 2289 Βενιαμίτιδος.
793 2216 859 2272 Ai
882 2216 941 2271 δέ
960 2233 1023 2284 γε
1050 2215 1238 2270 λοιπαὶ
1254 2214 1355 2287 ήδη
1378 2214 1475 2269 τοῦ
1502 2215 1787 2286 Ἰεροϐοὰμ
1817 2216 1956 2270 ἐπα-

362 2309 647 2372 νελθόντος
682 2309 749 2362 ἐκ
768 2307 870 2379 τῆς
894 2306 1202 2377 Αἰγύπτου,
1230 2306 1371 2376 μετὰ
1394 2304 1653 2378 τελευτὴν
1676 2305 1959 2379 Σολομῶν-

363 2422 472 2472 τος,
497 2404 808 2459 καλέσασαι
836 2402 1027 2464 αὐτὸν,
1065 2401 1273 2455 εἵλοντο
1326 2400 1574 2473 βασιλέα.
1630 2399 1869 2471 Ῥοὸοὰμ
1900 2401 1958 2456 δὲ

363 2495 700 2568 ἡτοιμάζετο
755 2494 1104 2567 μαχέσασθαι
1158 2495 1273 2559 τοῖς
1308 2492 1675 2566 Ἰσραηλίταις
1703 2495 1834 2567 περὶ
1858 2494 1958 2564 τῆς

366 2587 673 2660 βασιλείας,
698 2588 796 2641 καὶ
822 2585 903 2657 τῷ
945 2585 1232 2657 Ἰεροϐοάμ
1253 2604 1269 2620 ο
1298 2585 1549 2657 ἐκωλύθη
1597 2585 1656 2640 δέ
1682 2586 1835 2659 παρὰ
1863 2584 1959 2642 τοῦ

362 2678 497 2733 θεοῦ
544 2677 640 2732 διὰ
683 2675 782 2730 τοῦ
822 2677 1106 2748 προφήτου
1136 2674 1376 2747 Σαμαία.
1425 2673 1736 2748 Ἰεροόοὰμ,
1775 2675 1960 2742 δείσας

366 2772 442 2844 μὴ
459 2772 525 2826 τὸ
555 2769 764 2841 πλῆθος
807 2770 888 2834 εἰς
927 2767 1285 2840 Ἰεροσόλυμα
1311 2767 1495 2836 ἀπιὸν,
1550 2769 1648 2824 καὶ
1686 2771 1801 2833 τοῖς
1843 2770 1963 2823 ἐκεῖ

363 2864 941 2936 συναναμιγνύμενον,
1004 2864 1319 2935 ἐπιστραφῇ
1372 2861 1511 2935 πρὸς
1547 2863 1641 2917 τὸν
1689 2860 1960 2933 πρότερον

363 2957 530 3014 αὐτοῦ
567 2956 819 3029 βασιλέα,
852 2957 949 3010 καὶ
991 2954 1298 3026 καταλείψει
1330 2953 1496 3009 αὐτὸν
1520 2996 1536 3020 ,
1566 2952 1661 3009 δύο
1696 2953 1963 3024 δαμάλεις

361 3051 672 3123 εἰργάσατο
700 3051 765 3104 ἐκ
791 3046 1021 3121 χρυσοῦ,
1053 3048 1151 3103 καὶ
1178 3047 1334 3103 ἔθετο
1380 3045 1482 3118 τὴν
1507 3046 1608 3118 μὲν
1635 3049 1693 3102 ἐν
1731 3046 1961 3119 Βαιθὴλ,

360 3143 460 3216 τὴν
484 3143 532 3197 δ’
563 3141 768 3213 ἑτέραν
806 3144 866 3195 ἐν
895 3141 1027 3196 Δάν.
1064 3142 1176 3196 Καὶ
1204 3139 1579 3212 ἐκκλησιάσας
1613 3139 1676 3194 τὸ
1732 3139 1962 3213 πλῆθος,

356 3235 694 3306 Har-taxat?
723 3236 756 3289 ὁ
781 3235 927 3301 Θεός
953 3234 1147 3299 ἐστιν,
1183 3226 1360 3299 εἶπεν,
1393 3250 1442 3288 ω
1467 3230 1706 3301 ἄνδρες,
1730 3233 1871 3289 ἀλλ’
1890 3234 1964 3288 οὺ

356 3334 558 3403 μόνον
584 3332 664 3387 ἐν
705 3331 1173 3401 Ἰεροσολύμοις.
1209 3327 1368 3409 Ἰδοὺ
1401 3322 1516 3385 οὖν
1539 3327 1651 3384 δύο
1675 3328 1966 3399 δαμάλεις

356 3428 678 3498 πεποίηκα
707 3427 795 3494 εις
826 3424 1014 3495 ὄνομα
1070 3422 1179 3478 τοῦ
1221 3421 1391 3489 Θεοῦ,
1437 3420 1541 3477 καὶ
1586 3420 1791 3476 οὐκέτι
1820 3422 1968 3492 ὑμῖν

357 3521 604 3591 ἀνάγκη
652 3519 1017 3589 πορεύεσθαι
1047 3518 1138 3584 εἰς
1165 3517 1571 3585 Ἰεροσόλυμα.
1608 3515 1966 3586 Ἀπερχόμε-

356 3631 457 3670 ros
498 3613 558 3669 δ’
586 3616 681 3680 εις
708 3611 918 3678 αὐτὰς,
947 3609 1347 3680 προσκυνεῖτε
1371 3609 1471 3664 καὶ
1499 3610 1673 3666 θύετε
1700 3625 1715 3640 ’
1765 3608 1865 3664 καὶ
1885 3610 1965 3664 is-

350 3707 487 3777 ρεῖς
513 3707 638 3777 τὰρ
687 3705 758 3771 ἐξ
788 3702 957 3776 ὑμῶν
986 3702 1187 3758 αὐτῶν
1216 3702 1539 3768 ἀποδείξω.
1591 3701 1817 3768 Τούτοις
1844 3701 1968 3768 ἐξα-

356 3795 643 3867 πατηθεὶς
676 3796 706 3850 ὁ
749 3794 899 3861 λαὸς,
943 3793 1013 3847 τά
1064 3809 1123 3847 τε
1154 3791 1365 3862 πάτρια
1425 3790 1808 3863 παραϐέϐηκε,
1872 3793 1968 3846 καὶ

360 3888 702 3963 παρώργισε
740 3888 831 3944 τὸν
857 3886 1015 3955 Θεὸν,
1045 3887 1121 3952 ὡς
1151 3887 1245 3942 καὶ
1267 3886 1347 3951 si;
1372 3886 1755 3958 αἰχμαλωσίαν
1782 3902 1967 3958 παρα-

355 3980 596 4054 eaeam
656 3984 774 4046 τοῖς
823 3979 1144 4051 ἀλλοφύλοις
1187 3978 1280 4033 τὸν
1331 3977 1572 4051 Ἰσραήλ.
1632 3977 1875 4048 Ποιήσας
1908 3976 1968 4031 δὲ

358 4075 536 4144 ἱερεῖς
582 4071 878 4145 Ἱεροσοὰμ
929 4072 1023 4126 καὶ
1062 4071 1474 4142 θυσιαστήριον,
1537 4068 1808 4141 ἐώρτασε,
1870 4068 1968 4122 καὶ

355 4166 536 4239 ἀνέϐη
602 4164 774 4230 αὐτὸς
818 4164 913 4218 ἐπὶ
963 4163 1055 4217 τὸν
1113 4162 1318 4233 βωμὸν,
1390 4164 1485 4217 καὶ
1548 4161 1679 4231 περὶ
1726 4160 1891 4215 αὑτὸν
1916 4160 1967 4214 οι

355 4259 555 4332 ἱερεῖς.
609 4256 727 4312 Καὶ
753 4255 857 4327 ήδη
890 4254 1138 4326 μέλλοντι
1174 4253 1344 4320 θύειν,
1393 4251 1643 4322 παρέστη
1676 4250 1969 4323 προφήτης

352 4350 590 4414 σταλεὶς
610 4351 680 4403 ἐκ
705 4347 868 4413 Θεοῦ,
899 4349 996 4403 καὶ
1025 4342 1149 4400 εἷπε
1168 4363 1182 4377 ·
1224 4344 1371 4400 Τάδε
1399 4345 1564 4415 λέγει
1586 4346 1822 4413 Κύριος
1856 4347 1967 4398 Θυ-

349 4440 762 4510 σιαστήριον,
793 4438 863 4493 ἐκ
895 4437 1077 4492 Δαόὶδ
1103 4436 1313 4491 ἔσεταί
1360 4453 1451 4500 τις
1485 4436 1723 4500 Ἰωσίας
1751 4436 1971 4489 καλού-

342 4548 569 4601 μενος,
597 4528 671 4596 ὃς
696 4529 870 4583 θύσει
907 4526 1053 4593 τοὺς
1076 4526 1249 4596 ἱερεῖς
1273 4542 1391 4581 σου
1423 4526 1523 4580 ἐπὶ
1548 4525 1644 4592 σὲ,
1669 4524 1766 4579 καὶ
1793 4541 1971 4580 κατα-

2048 660 2174 701 cum
2214 646 2518 717 populo,et
2554 662 2658 718 pro
2678 649 3008 706 auctoritate
3037 650 3254 722 imperii
3283 669 3347 710 ac
3375 656 3537 726 regiae
3554 656 3642 712 di-

2047 740 2274 810 gnitatis
2296 739 2521 812 fastigio
2546 739 2713 797 verba
2737 741 2923 798 iaciat.
2953 744 3271 801 Roboamus
3298 747 3495 801 horum
3515 763 3643 804 sen-

2050 832 2222 887 tentia
2239 833 2618 903 comprobata,
2634 849 2758 889 cum
2777 836 3014 905 populus
3030 837 3230 892 iterum
3260 839 3638 895 convenisset:

2047 921 2107 979 Si
2125 937 2279 995 pater
2299 940 2465 989 meus,
2496 926 2700 995 inquit,
2719 927 2909 982 durum
2930 928 3071 982 vobis
3088 928 3272 1000 iugum
3291 930 3568 1000 imposuit,
3586 931 3642 985 id

2048 1017 2159 1088 ipse
2184 1017 2511 1089 exasperabo
2537 1020 2622 1073 :si
2649 1019 2877 1090 ﬂagellis
2906 1018 2998 1074 ille
3023 1037 3112 1075 vos
3141 1022 3346 1087 cecidit,
3373 1039 3466 1094 ego
3498 1039 3646 1077 scor-

2049 1109 2293 1180 pionibus
2322 1110 2375 1164 in
2395 1127 2483 1165 vos
2510 1110 2930 1166 animadvertam
2955 1128 2973 1166 :
2996 1121 3046 1167 et
3070 1113 3207 1184 quod
3230 1114 3286 1168 in
3310 1131 3390 1168 me
3422 1131 3646 1184 parvum

2052 1213 2152 1269 est,
2179 1205 2235 1258 id
2274 1207 2506 1259 crassius
2533 1206 2769 1272 paternis
2795 1203 2984 1260 lumbis
2997 1207 3364 1276 experiemini.
3386 1206 3482 1261 His
3498 1207 3641 1262 mul-

2053 1296 2232 1352 titudo
2262 1296 2502 1352 auditis:
2533 1294 2663 1362 Qure
2683 1297 2828 1351 nobis
2853 1298 2910 1351 in
2930 1296 3130 1352 Davide
3155 1314 3282 1368 pars
3314 1308 3389 1352 est
3413 1298 3647 1354 ?excla-

2053 1404 2233 1455 mans,
2281 1404 2411 1459 rege
2450 1388 2699 1445 fastidito
2746 1388 3004 1445 discedit.
3034 1388 3173 1446 Cum
3209 1399 3393 1446 autem
3424 1390 3647 1445 Boboa-

2053 1497 2179 1537 mus
2212 1481 2510 1552 quemdam
2555 1497 2785 1537 suorum
2827 1481 3184 1537 familiarium
3234 1482 3501 1549 misisset,
3547 1483 3646 1554 qui

2053 1573 2405 1631 mollioribus
2438 1574 2631 1630 verbis
2677 1574 2943 1646 populum
2972 1575 3241 1646 placaret,
3272 1593 3399 1632 eum
3421 1577 3530 1647 87
3563 1577 3647 1631 ira

2052 1668 2319 1724 concitati
2352 1667 2631 1739 lapidibus
2660 1678 3054 1739 peremerunt;
3080 1684 3191 1741 quo
3216 1670 3381 1729 iacto.
3404 1671 3496 1726 ille
3520 1686 3649 1741 per-

2056 1758 2290 1815 territus
2319 1756 2700 1830 Hierosolyma
2723 1760 2994 1830 confugit,
3018 1761 3136 1816 sola
3159 1761 3386 1818 Judaica
3424 1770 3481 1817 et
3503 1762 3648 1817 Ben-

2051 1847 2302 1920 jamitica
2352 1848 2500 1903 tribu
2541 1863 2713 1918 penes
2741 1863 2801 1904 se
2832 1858 3069 1906 retenta.
3101 1851 3346 1921 Reliquae
3377 1851 3649 1907 Jeroboa—

2065 1953 2245 2005 mum,
2270 1938 2532 1996 defuncto
2556 1937 2851 1995 Salomone
2875 1956 2945 1996 ex
2971 1941 3205 2013 Afgypto
3230 1958 3536 2007 reversum,
3565 1960 3654 1999 re-

2060 2047 2183 2103 gem
2218 2040 2498 2089 crearunt.
2534 2031 2706 2103 Cujus
2739 2049 2849 2088 una
2874 2049 2997 2089 cum
3031 2034 3301 2091 lsraelitis
3328 2036 3475 2092 bello
3499 2038 3655 2092 iuva-

2062 2123 2229 2179 dendi
2252 2124 2482 2181 consilia
2503 2125 2803 2195 agitantem
2831 2127 3202 2193 Roboamum,
3229 2128 3376 2184 Deus
3416 2144 3514 2200 per
3553 2128 3655 2184 Sa-

2063 2230 2255 2272 maeam
2284 2226 2465 2273 vatem
2497 2217 2763 2274 inhibuit.
2794 2219 3018 2275 Veritus
3067 2232 3254 2277 autem
3288 2220 3653 2276 Jeroboamus

2064 2325 2137 2365 ne
2158 2310 2480 2379 multitudo,
2513 2310 2892 2382 Hierosolyma
2921 2312 3192 2383 profecta,
3217 2313 3438 2370 illorum
3473 2314 3656 2370 homi-

2065 2416 2199 2456 num
2232 2401 2569 2458 commercio
2588 2401 2659 2457 ad
2680 2402 2923 2473 priorem
2962 2418 3169 2475 regem,
3198 2419 3258 2460 se
3287 2404 3533 2471 deserto,
3565 2420 3656 2461 reo

2065 2493 2558 2562 verteretur,duos
2586 2493 2792 2551 vitulos
2817 2510 3018 2551 aureos
3052 2496 3361 2552 conﬂatiles
3396 2497 3547 2563 facit,
3570 2497 3655 2553 al-

2067 2595 2188 2642 tero
2213 2586 2462 2653 Bethele,
2486 2586 2639 2642 Dane
2687 2587 2864 2642 altero
2926 2586 3237 2655 collocato;
3277 2589 3656 2662 advocataque

2066 2677 2335 2734 concione
2359 2697 2373 2734 :
2396 2677 2558 2746 Deus,
2577 2679 2779 2749 inquit,
2796 2679 2920 2747 viri,
2936 2680 3126 2750 ubique
3157 2690 3255 2748 est,
3274 2698 3380 2737 non
3409 2682 3659 2741 Hieroso-

2070 2770 2225 2843 lymis
2242 2772 2529 2827 duntaa-at.
2578 2772 2692 2843 Ego
2724 2774 2887 2844 igitur
2930 2771 3027 2827 Dei
3065 2775 3278 2830 nomine
3309 2776 3439 2832 duos
3467 2778 3659 2835 vitulos

2069 2867 2188 2937 feci,
2206 2881 2372 2937 neque
2395 2866 2611 2937 posthac
2634 2867 2778 2921 vobis
2807 2881 3013 2923 necesse
3039 2868 3139 2923 erit
3162 2869 3240 2924 ire
3264 2868 3657 2942 Hierosolyma,

2067 2951 2159 3007 sed
2174 2954 2246 3007 ad
2259 2954 2351 3007 hos
2365 2953 2607 3024 profecti,
2627 2954 2850 3010 adorate
2873 2963 2922 3009 et
2935 2955 3235 3024 sacriﬁcate
3251 2973 3271 3011 .·
3297 2974 3425 3012 nam
3443 2975 3471 3013 e
3490 2968 3660 3015 vestro

2071 3063 2293 3103 numero
2318 3048 2618 3103 sacerdotes
2650 3048 2959 3121 designabo.
2994 3048 3091 3104 liis
3122 3051 3362 3121 populus
3395 3051 3662 3109 Israeliti-

2071 3157 2172 3198 cus
2200 3140 2492 3214 deceptus,
2528 3142 2725 3214 patriis
2759 3142 3030 3198 institutis
3073 3143 3316 3212 violatis,
3352 3144 3492 3201 iram
3536 3145 3660 3202 Nu-

1993 3269 2036 3327 ο
2072 3233 2240 3297 minis
2260 3234 2315 3291 in
2340 3250 2401 3291 se
2427 3233 2772 3306 provocavit,
2804 3243 2867 3290 ut
2893 3235 3218 3308 alienigenis
3244 3236 3299 3292 in
3335 3237 3658 3293 servitutem

2073 3328 2408 3386 traderetur.
2428 3326 2791 3384 Jeroboamus
2813 3335 3021 3393 autem,
3047 3325 3433 3383 sacerdotibus
3459 3329 3662 3384 creatis

2070 3437 2278 3493 araque
2315 3428 2618 3485 exstructa,
2660 3418 2865 3475 festum
2911 3418 3196 3487 celebrat;
3245 3434 3661 3491 conscensaque

2069 3528 2186 3581 ara,
2210 3528 2337 3569 cum
2360 3510 2744 3569 sacerdotibus
2773 3510 3088 3567 astantibus
3105 3511 3219 3583 jam
3242 3512 3662 3571 sacriﬁcaturus

2069 3618 2238 3676 esset,
2272 3609 2547 3681 propheta
2593 3624 2625 3664 a
2673 3608 2787 3663 Deo
2816 3607 3020 3664 missus
3055 3625 3070 3662 :
3119 3607 3266 3672 ch,
3297 3608 3502 3680 inquit,
3531 3611 3662 3665 dicit

2070 3701 2330 3756 Dominus
2360 3715 2379 3754 :
2416 3698 2558 3753 Heus
2587 3715 2714 3761 ara,
2743 3698 2843 3753 erit
2873 3699 3092 3768 quidam
3116 3714 3181 3753 ea:
3218 3699 3411 3763 David,
3448 3701 3663 3755 nomine

2067 3792 2266 3859 Josias,
2287 3793 2378 3863 qui
2394 3791 2694 3846 sacerdotes
2724 3798 2842 3845 tuos
2867 3807 3031 3862 supra
3057 3800 3109 3846 te
3129 3790 3444 3858 immolabit,
3468 3800 3517 3846 et
3543 3809 3663 3847 ossa

2069 3898 2253 3938 eorum
2303 3880 2593 3936 comburat.
2649 3879 2714 3936 Ut
2770 3888 2949 3935 autem
2995 3879 3154 3935 verba
3205 3896 3321 3936 mea
3371 3896 3499 3935 vera
3552 3897 3663 3935 esse

2069 3984 2293 4041 constet,
2325 3985 2603 4045 rumpctur
2629 3990 2754 4039 ara,
2781 3981 2832 4026 et
2863 3973 3125 4043 pinguedo
3153 3975 3209 4026 in
3244 3990 3309 4028 ea
3338 3975 3442 4028 sita
3472 3974 3663 4044 funde-

2071 4076 2158 4122 tur
2188 4068 2354 4122 humi.
2409 4064 2605 4120 Statim
2652 4062 2742 4119 bis
2793 4062 2980 4127 dictis,
3014 4070 3073 4118 et
3122 4078 3217 4118 ara
3266 4065 3567 4135 rumpitur,
3601 4073 3661 4119 et

2070 4155 2350 4229 pinguedo
2403 4154 2758 4209 victimarum
2810 4152 3148 4220 eﬂ‘unditur;
3222 4162 3280 4208 et
3334 4152 3659 4211 Jeroboami

2072 4265 2292 4313 manus,
2322 4263 2488 4318 quam
2531 4245 2859 4301 extenderat
2891 4245 3218 4315 prophetam
3262 4247 3663 4316 comprehendi

2067 4342 2293 4416 iubens,
2325 4339 2480 4395 arida
2508 4338 2675 4401 facta,
2704 4336 2909 4392 mansit
2948 4337 3273 4404 immobilis,
3307 4337 3488 4395 donec
3529 4355 3657 4409 pre-

2073 4434 2231 4490 cibus
2259 4448 2289 4487 a
2328 4430 2601 4502 propheta
2645 4427 3002 4498 impetrasset
3035 4433 3099 4482 ut
3155 4427 3213 4484 in
3249 4428 3524 4499 integrum
3572 4446 3663 4485 re-

2073 4526 2420 4580 stitueretur.
2440 4521 2545 4589 Qui
2569 4536 2599 4576 a
2622 4536 2751 4590 rege
2775 4518 2844 4574 ad
2869 4533 3085 4574 orenam
3104 4518 3389 4586 invitatus,
3418 4530 3661 4587 recusat.

349 4626 589 4679 καύσει
616 4622 693 4676 τὰ
722 4620 877 4677 ὀστᾶ
907 4620 1131 4677 αὐτῶν.
1163 4621 1302 4675 Ἵνα
1345 4618 1414 4672 δὲ
1436 4618 1530 4688 ειη
1555 4617 1773 4687 δῆλον,
1813 4620 1894 4686 ὡς
1916 4621 1962 4673 0i

2075 4615 2225 4686 quod
2260 4615 2529 4670 divinitus
2573 4611 2931 4667 interdictum
2978 4609 3086 4666 sibi
3121 4621 3289 4673 esset.
3334 4627 3403 4667 ne
3448 4613 3533 4668 vel
3567 4629 3665 4684 pa-

345 4720 533 4789 λόγοι
564 4734 694 4787 μου
715 4714 1096 4783 ἀληθεύοιεν,
1131 4712 1260 4768 ἰδοὺ
1278 4712 1616 4783 ῥαγήσεται
1650 4712 1716 4766 τὸ
1765 4718 1974 4769 θυσια-

348 4809 656 4878 στήριον,
700 4806 802 4860 καὶ
827 4806 866 4873 ἠ
896 4804 989 4859 ἐπ’
1026 4804 1176 4859 αὐτὸ
1206 4806 1422 4873 πιότης
1455 4802 1791 4874 χυθήσεται
1820 4803 1975 4858 κατὰ

346 4902 493 4974 τῆς.
531 4900 663 4957 Καὶ
716 4899 915 4955 αὐτίκα
945 4897 1006 4952 τό
1034 4915 1092 4951 τε
1124 4897 1513 4967 θυσιαστήριον
1566 4895 1852 4969 διερῤάγη,
1881 4896 1975 4950 καὶ

350 4996 387 5066 ἡ
418 4996 676 5065 ποιότης
705 4992 816 5046 τῶν
842 4991 1104 5062 θυμάτων
1133 4990 1422 5061 ὲκκέχυτο.
1472 4988 1741 5055 Ἐξέτεινε
1774 4988 1832 5042 δὲ
1871 4988 1972 5058 τὴν

348 5089 521 5159 χεῖρα
567 5084 886 5154 Ἰεροϐοὲμ,
919 5080 1248 5152 συσχεθῆναι
1277 5081 1371 5136 τὸν
1395 5081 1683 5152 προφήτην
1714 5078 1969 5148 ἐγκελευ-

346 5181 584 5250 όμενος.
643 5178 715 5231 Ἥ
751 5175 808 5230 δὲ
841 5175 1175 5246 ξηρανθεῖσα
1217 5174 1475 5245 ἀκίνητος
1498 5173 1703 5243 ἔμεινε.
1742 5172 1968 5244 Δεηθεὶς
2014 5196 2021 5203 ο

348 5272 488 5343 γοῦν
505 5269 818 5343 Ἰεροὸοὰμ
838 5268 934 5323 τοῦ
967 5266 1273 5338 προφήτου,
1301 5264 1462 5336 ἔσχεν
1495 5263 1652 5327 αὖθις
1674 5262 1774 5336 τὴν
1808 5265 1968 5335 χεῖρα

350 5366 716 5437 κινουμένην
760 5361 853 5416 καὶ
881 5360 1128 5430 ἐνεργὸν,
1160 5361 1256 5413 καὶ
1277 5355 1430 5427 ἠξίου
1458 5355 1624 5410 αὐτὸν
1652 5354 1971 5423 συνδειπνῆ-

350 5476 448 5514 σαι
480 5455 685 5527 αὐτῷ.
722 5453 782 5507 "J
811 5452 869 5508 δὲ
897 5452 958 5505 ού
984 5450 1302 5513 κατένευσε,
1324 5449 1499 5518 λέγων
1530 5447 1684 5515 παρὰ
1713 5445 1809 5499 τοῦ
1834 5445 1970 5499 Θεοῦ

349 5548 701 5617 κωλυθῆναι
739 5546 903 5615 ἄρτον
930 5544 1148 5614 φαγεῖν,
1185 5541 1218 5613 ἢ
1262 5542 1406 5610 ὓδωρ
1437 5543 1605 5605 πιεῖν,
1639 5539 1672 5609 ἢ
1708 5538 1975 5610 ὑποστρέ-

348 5643 449 5714 ψαι
507 5640 591 5698 δι’
623 5634 705 5714 ἧς
760 5639 880 5695 ὀδοῦ
916 5639 997 5702 εἰς
1028 5639 1127 5712 τὴν
1181 5636 1336 5691 πόλιν
1369 5634 1623 5706 ἐλήλυθε,
1657 5634 1754 5687 καὶ
1780 5633 1971 5705 ἀπῄει,

2074 4723 2200 4763 nem
2228 4705 2440 4772 ederet,
2474 4704 2559 4760 vel
2588 4719 2787 4773 aquam
2820 4702 3061 4768 biberet,
3096 4704 3185 4759 vel
3215 4704 3410 4760 eadem
3450 4705 3538 4759 via
3570 4721 3663 4760 re-

2074 4808 2412 4863 verteretur,
2439 4812 2546 4868 qua
2580 4798 2774 4853 urbem
2818 4798 3103 4869 ingressus
3138 4806 3304 4852 esset.
3336 4797 3528 4866 Itaque
3555 4798 3663 4853 alia.

2073 4893 2158 4947 via
2192 4891 2449 4947 discedit.
2493 4889 2767 4946 Caeterum
2798 4889 2853 4943 in
2887 4905 2953 4944 ea
2990 4889 3126 4944 urbe
3166 4889 3390 4959 quidam
3419 4892 3663 4960 pseudo-

2073 4984 2344 5055 prOpheta
2389 4991 2530 5048 erat,
2580 4982 2676 5052 qui
2725 4981 3121 5037 Jeroboamum
3174 4980 3496 5045 seducebat.
3540 4983 3662 5053 ejus

2076 5077 2306 5148 gratiam
2336 5090 2640 5146 aucupans.
2672 5076 2723 5130 ls
2765 5089 2891 5128 cum
2941 5074 3189 5130 audisset
3228 5090 3352 5145 quae
3394 5074 3490 5129 Dei
3533 5089 3665 5143 pro-

2076 5171 2244 5241 pheta
2273 5179 2330 5225 et
2360 5169 2603 5239 dixisset
2636 5176 2692 5225 et
2736 5167 2982 5232 fecisset,
3027 5167 3322 5223 abeuntem
3367 5168 3663 5237 persequi-

2079 5273 2190 5330 tur,
2237 5272 2296 5319 et
2337 5272 2624 5318 assecutus
2690 5270 2846 5332 rogat
2905 5268 2968 5315 ut
3013 5276 3113 5316 suo
3160 5260 3401 5331 hospitio
3453 5269 3660 5319 utatur.

2077 5352 2235 5421 Quod
2263 5353 2356 5408 illo
2402 5362 2689 5410 recusante
2723 5361 2784 5408 ut
2815 5352 3083 5407 divinitus
3126 5352 3504 5414 interdictum,
3556 5351 3662 5406 im-

2079 5446 2291 5515 probus
2328 5444 2422 5499 ille
2457 5444 2543 5499 vir
2573 5463 2586 5498 :
2624 5445 2787 5515 Atqui
2812 5453 2860 5497 et
2886 5460 2979 5514 ego
3002 5444 3259 5513 propheta
3288 5459 3427 5506 sum,
3453 5443 3658 5512 inquit,

2082 5546 2132 5591 et
2153 5553 2216 5593 ea:
2238 5536 2336 5591 Dei
2358 5536 2611 5591 mandato
2642 5537 2852 5599 adsum,
2877 5544 2932 5588 ut
2969 5534 3042 5587 sis
3087 5547 3280 5588 mensa
3314 5547 3441 5587 mea:
3481 5535 3659 5604 parti-

2082 5645 2222 5701 ceps.
2253 5629 2552 5701 Propheta,
2577 5628 2681 5683 lide
2715 5626 2966 5682 adhibita
3004 5625 3500 5697 pseudoprophela:
3545 5625 3661 5697 88

1587 5791 1797 5853 Variae
1831 5790 2144 5853 lectiones
2189 5796 2250 5851 et
2279 5796 2465 5866 notae.

424 5908 549 5981 (57)
592 5902 727 5960 Τὸν
754 5900 860 5972 τῆς
887 5900 1218 5966 βασιλείας
1245 5897 1446 5971 ζυγόν.
1477 5897 1713 5959 Rectius,
1733 5895 1873 5951 alter
1898 5909 1962 5951 co

2064 5889 2480 5966 :60u15ia;._W.
2520 5887 2603 5945 Ita
2631 5887 2799 5945 etiam
2831 5887 2967 5960 Reg.
3002 5896 3059 5944 et
3085 5886 3328 5946 Coloert.
