4092 6466
442 432 560 498 ‘175

1753 428 2083 490 JOANNIS
2113 427 2437 490 ZONARIE

3604 428 3706 494 176

439 546 843 614 Iverbis,redit:
869 546 968 604 sed
989 546 1119 603 dum
1146 546 1240 602 illo
1253 545 1494 617 hospitio
1515 545 1740 612 fruitur,
1757 545 2007 603 divinitu:

2132 548 2331 618 ἑτέραν
2363 547 2732 618 τραπόμενος.
2764 545 3240 619 Ψευδοπροφήτης
3268 547 3326 602 δέ
3360 566 3443 613 τις
3466 543 3537 621 ἦν
3566 552 3626 606 ὲν
3647 556 3711 624 τῇ

434 644 598 700 audit
621 657 708 710 se,
737 651 1030 713 propterea
1053 640 1203 711 quod
1228 640 1380 711 iussa
1414 648 1711 697 exsecutus
1738 653 1848 696 non
1879 640 1970 702 sit,
1999 654 2032 694 a

2131 638 2287 692 πόλει
2315 635 2523 708 ἐκείνῃ,
2547 637 2638 690 τὸν
2679 635 2964 707 Ἰεριὸοάμ
2994 637 3245 702 ἀπατῶν,
3272 637 3367 691 καὶ
3396 637 3531 709 πρὸς
3560 640 3713 710 χάριν

440 736 612 795 leone
646 734 998 790 interfectum
1055 734 1149 793 iri.
1194 735 1428 790 Domum
1475 732 1786 789 rediturum
1827 731 2005 815 occidi

2130 730 2280 801 αὐτῷ
2294 729 2518 802 ὁμιλῶν.
2539 722 2733 794 Οὗτος,
2763 728 2950 799 μαθὼν
2975 729 3077 783 ὅσα
3113 733 3141 785 6
3165 730 3261 784 τοῦ
3276 731 3412 785 Θεοῦ
3436 735 3714 804 προφήτης

434 831 557 896 deo,
584 837 755 899 atque
803 828 1056 885 assidens
1083 838 1141 883 et
1176 825 1411 883 cadaver
1430 834 1487 881 et
1510 825 1823 898 iumentum
1848 831 2029 880 custo-

440 920 549 977 dit.
620 920 744 988 Quo
781 918 1268 989 pseudopropheta
1304 917 1552 988 cognito,
1588 917 1792 973 mortui
1826 930 2031 987 corpus

441 1012 737 1067 collectum
760 1011 976 1081 sepelit,
1001 1010 1226 1079 suisque
1252 1008 1448 1065 liberis
1470 1005 1694 1062 mandat
1718 1016 1777 1062 ut
1796 1021 1855 1062 se
1874 1021 2027 1061 mor-

436 1115 599 1160 suum
624 1106 779 1177 juxta
816 1105 968 1159 illum
1000 1102 1320 1172 sepelirent,
1345 1117 1412 1156 eo
1442 1102 1632 1172 utique
1652 1099 1910 1163 consilio,
1936 1106 2021 1165 ut,

441 1211 567 1250 cum
592 1195 900 1251 secundum
935 1193 1349 1264 praedictionem
1385 1192 1535 1248 illius
1560 1192 1732 1247 altare
1747 1198 2025 1246 evertere-

440 1299 554 1352 tur,
578 1296 637 1341 et
664 1287 1012 1343 sacerdotum
1038 1301 1104 1341 ac
1126 1284 1736 1356 pseudopropltetarum
1762 1298 1886 1338 ossa
1909 1279 2023 1351 igni

438 1380 815 1444 traderentur,
862 1393 986 1434 eam
1037 1377 1430 1433 contumeliam
1477 1379 1615 1447 ipse,
1654 1379 1809 1447 juxta
1842 1373 2027 1428 homi-

435 1488 566 1529 nem
591 1471 840 1527 divinum
860 1470 1025 1535 situs,
1048 1468 1337 1540 eﬂugeret.
1363 1468 1430 1523 Et
1450 1468 1568 1523 hac
1591 1468 1665 1523 ita
1694 1474 1849 1539 gesta
1873 1476 2022 1522 sunt.

2133 824 2228 877 καὶ
2258 821 2453 894 εἴρηκε
2475 821 2570 875 καὶ
2594 820 2885 891 πεποίηκε,
2919 821 3017 875 καὶ
3037 821 3115 886 ὡς
3142 822 3353 888 ἄπεισι,
3390 822 3713 889 κατεδίωξεν

2130 914 2309 967 ὀπίσω
2338 911 2530 979 αὑτοῦ,
2559 913 2655 966 καὶ¹
2688 913 3015 967 καταλαϐὼν
3042 915 3226 982 αὐτὸν,
3260 916 3417 983 ἡξίου
3448 917 3714 988 ἀναστρέ-

2130 1005 2253 1074 ψαι,
2286 1005 2380 1058 καὶ
2414 1007 2545 1075 παρ’
2579 1004 2731 1074 αὐτῷ
2753 1004 3089 1076 ξενισθῆναι.
3117 1007 3224 1060 Τοῦ
3261 1007 3318 1061 δὲ
3350 1009 3717 1080 ἀπαναινομέ-

2132 1112 2248 1162 νου,
2272 1095 2348 1158 ὡς
2374 1094 2856 1167 ἀπαγορεύσαντος
2878 1096 2974 1150 τοῦ
2994 1096 3158 1163 Θεοῦ,
3182 1098 3373 1152 Ἀλλὰ
3397 1099 3559 1168 κάγὼ
3580 1116 3716 1169 προ-

2130 1187 2329 1257 φήτης
2362 1187 2506 1255 ειμι.
2555 1188 2584 1240 6
2634 1189 2880 1258 πονηρὸς
2937 1191 3149 1254 ἐκεῖνος
3201 1189 3356 1245 εἶπεν
3408 1195 3571 1264 ἀνὴρ,
3618 1194 3713 1248 καὶ

2131 1279 2258 1347 ἥκω
2284 1280 2412 1332 κατ’
2434 1278 2701 1348 ἐντολὴν
2725 1280 2833 1333 τοῦ
2862 1282 3036 1346 Θεοῦ,
3068 1282 3456 1352 ἐπιστρέψων
3483 1301 3558 1338 σε
3584 1302 3714 1353 τρα-

2130 1370 2311 1438 πέζης
2334 1388 2439 1442 μοι
2468 1372 2945 1440 κοινωνήσαντα.
2984 1375 3334 1431 Ἐπίστευσεν
3360 1379 3389 1430 6
3426 1379 3712 1449 προφήτης

2131 1467 2244 1529 τοῖς
2290 1462 2386 1518 τοῦ
2435 1463 2894 1537 ψευδοπροφήτου
2946 1466 3149 1537 λόγοις,
3202 1470 3298 1522 καὶ
3353 1469 3706 1539 ύπενόστησε.

425 1568 745 1625 Ξενισθέντι
778 1566 824 1620 δ’
848 1568 969 1620 ἐκεῖ
1017 1564 1096 1636 τῷ
1146 1567 1404 1636 προφήτῃ
1456 1564 1614 1633 λόγος
1655 1564 1874 1632 ἐγένετο
1914 1558 2156 1631 Κυρίου·
2222 1558 2341 1613 ἀνθ’
2393 1551 2470 1614 ὧν
2490 1559 2592 1613 οὐκ
2620 1561 2859 1632 ἐτήρησε
2899 1561 2969 1614 τὰ
3006 1563 3334 1617 ὲνταλθέντα
3356 1563 3528 1635 αὐτῷ,
3559 1567 3710 1620 ἀναι-

431 1663 765 1737 ρεθήσεσθαι
798 1661 940 1716 κατά
967 1660 1068 1732 τὴν
1103 1660 1223 1715 666v
1275 1659 1430 1731 παρὰ
1465 1658 1701 1721 λέοντος.
1765 1657 1875 1711 Καὶ
1921 1655 2338 1725 ὑποστρέφοντα
2403 1653 2543 1707 λέων
2614 1655 2780 1709 αὐτὸν
2819 1656 3055 1722 ἔκτεινε,
3106 1660 3202 1711 καὶ
3240 1660 3710 1732 παρακαθήμενος

426 1759 705 1829 ἐφύλαττε
729 1755 821 1810 τὸν
847 1755 1044 1825 νεκρὸν
1101 1755 1200 1808 καὶ
1236 1752 1303 1806 τὸ
1348 1750 1667 1820 ὑποζύγιον.
1714 1748 1924 1805 Μαθὼν
1990 1747 2048 1800 δὲ
2090 1747 2148 1801 τὸ
2182 1748 2410 1815 γεγονὸς
2437 1751 2466 1800 6
2510 1746 2994 1820 ψευδοπροφήτης,
3041 1751 3369 1820 συνεκόμισε
3438 1752 3498 1803 τὸ
3548 1750 3710 1821 σῶμα

424 1852 527 1907 τοῦ
557 1851 852 1907 τεθνεῶτος
880 1846 1020 1920 (58),
1052 1847 1149 1901 καὶ
1177 1844 1369 1915 ἔθαψε,
1404 1846 1498 1898 καὶ
1526 1846 1639 1906 τοῖς
1674 1841 1872 1896 ἑαυτοῦ
1925 1839 2119 1894 παισὶν
2184 1839 2494 1893 ἐνετείλατο
2537 1839 2616 1911 τῷ
2655 1843 2911 1913 προφήτῃ
2960 1840 3332 1912 συγκηδεῦσαι
3372 1842 3468 1896 καὶ
3538 1841 3706 1897 αὐτοῦ

419 1950 493 2000 τὸ
516 1946 679 2016 σῶμα
708 1942 962 2004 θανόντος
986 1957 1000 1971 ·
1034 1938 1090 1992 τὶ
1133 1938 1291 1993 τοῦτο
1323 1937 1804 2008 μηχανησάμενος,
1867 1933 1935 1987 ἶν’
1963 1934 2051 1987 ὅτε
2093 1932 2237 1988 κατὰ
2269 1933 2370 2004 τὴν
2409 1932 2621 1987 ἐκείνου
2652 1932 2993 2005 προφητείαν
3032 1937 3358 2006 κατασκαφῇ
3428 1934 3492 1987 τὸ
3520 1934 3711 1991 θυσια-

434 2043 679 2112 στήριον,
714 2038 811 2093 καὶ
848 2036 957 2090 τῶν
1002 2035 1194 2107 ἱερέων
1225 2034 1320 2087 καὶ
1361 2030 1828 2103 ψευδοπροφητῶν
1877 2034 2012 2101 πυρὶ
2050 2030 2331 2102 παραδοθῇ
2391 2029 2460 2083 τὰ
2498 2029 2652 2094 ὀστᾶ,
2691 2029 2856 2095 αὐτὸς
2883 2030 3127 2104 διαφύγῃ
3164 2032 3264 2104 τὴν
3305 2030 3487 2103 ὕϐριν,
3530 2035 3581 2086 εί
3630 2033 3707 2105 τῷ

417 2135 712 2208 ,ἀνθρώπῳ
752 2132 850 2189 τοῦ
900 2130 1040 2186 Θεοῦ
1101 2128 1510 2200 συγκατατεθῇ.
1562 2127 1751 2182 Ταῦτα
1804 2127 1905 2198 μὲν
1933 2126 2031 2181 οὖν
2064 2126 2239 2189 οὕτως
2268 2126 2509 2195 ἐγένετο.

503 2229 623 2287 Xll.
655 2227 1027 2285 Jeroboamus
1072 2236 1257 2280 autem
1285 2239 1443 2280 suam
1489 2224 1832 2294 impietatem
1871 2220 2007 2277 adeo

2189 2221 2289 2275 lB'.
2328 2220 2613 2292 Ἱεροϐοάμ
2632 2221 2689 2276 δὲ
2718 2221 2818 2293 τῆς
2839 2223 3013 2294 αὐτῆς
3034 2224 3212 2294 εἴχετο
3239 2225 3519 2291 ἀσεϐείας,
3551 2225 3587 2298 ἢ
3612 2223 3708 2279 καὶ

414 2339 543 2380 anon
572 2319 886 2387 minuebat,
921 2325 982 2374 ut
1013 2318 1179 2374 etiam
1213 2319 1271 2371 in
1291 2317 1411 2371 dies
1441 2322 1689 2386 augeret,
1722 2313 1919 2369 falsum
1949 2312 2017 2368 il-

420 2415 525 2471 lud
562 2414 844 2469 editorum
872 2410 1122 2465 locorum
1148 2407 1523 2464 sacerdotium
1563 2405 1853 2476 quibusvis
1884 2420 2013 2475 pre-

416 2508 509 2561 sio
537 2503 830 2560 venditans
861 2518 877 2555 :
915 2516 1039 2570 qua:
1071 2514 1159 2555 res
1190 2513 1349 2555 noxa:
1384 2498 1463 2552 illi
1491 2497 1596 2553 fuit
1634 2497 1927 2567 imputata,
1956 2506 2015 2553 et

416 2601 484 2654 in
506 2598 725 2654 familia:
754 2596 873 2667 ejus
897 2592 1208 2665 perniciem
1233 2600 1291 2646 et
1317 2590 1605 2646 interitum
1637 2589 1823 2645 vertit.
1851 2587 2010 2656 Quod

300 2684 305 2687 ’
418 2693 477 2748 si
508 2692 804 2762 profanum
855 2683 992 2741 illud
1040 2682 1414 2739 sacerdotium
1464 2682 1724 2739 addicere
1775 2682 2012 2753 pecunia

420 2784 582 2840 nefas
614 2792 700 2837 est
727 2780 1003 2845 habitum,
1034 2778 1165 2849 quid
1213 2776 1283 2831 de
1316 2776 1387 2831 iis
1423 2775 1676 2832 dicemus
1733 2777 1830 2844 qui
1877 2788 2010 2829 vere

420 2877 678 2934 divinum
712 2875 847 2929 illud
896 2870 1293 2937 sacerdotium,
1324 2885 1437 2940 quo
1476 2866 1793 2923 veneranda
1829 2865 1924 2921 illa
1952 2872 2012 2921 et

424 2972 719 3027 incruenta
746 2965 971 3021 victima
996 2962 1336 3026 immolatur,
1362 2960 1540 3031 pretio
1562 2958 1811 3013 vendunt
1839 2965 2008 3027 atque

422 3059 742 3119 redimunt?
766 3058 904 3114 Cum
932 3067 1120 3111 autem
1146 3054 1315 3109 Abias
1332 3050 1645 3109 Jeroboami
1672 3049 1819 3104 ﬁlius
1841 3063 2010 3119 aegro-

420 3163 590 3222 taret,
626 3168 724 3208 rex
775 3164 1006 3209 uxorem
1050 3162 1231 3213 suam,
1266 3145 1481 3215 plebeia
1515 3152 1671 3199 veste
1728 3141 2004 3205 indutam,

418 3247 493 3303 ad
530 3247 756 3302 Achiam
788 3242 1116 3314 prophetam
1148 3239 1340 3302 mittit,
1365 3244 1815 3307 percontaturam
1869 3248 2004 3288 num

421 3357 562 3414 puer
596 3351 867 3396 evasurus
895 3342 1044 3390 esset
1074 3331 1355 3388 morbum.
1391 3330 1499 3385 Sed
1530 3328 1821 3400 propheta,
1855 3343 2007 3383 com-

419 3441 610 3489 mento
642 3430 828 3502 agnito
855 3444 871 3483 :
905 3426 983 3482 Ne
1016 3436 1084 3491 te,
1127 3424 1329 3495 inquit,
1369 3422 1723 3488 dissimulato,
1750 3421 2007 3477 Jeroboa—

420 3523 495 3578 mi
549 3536 685 3575 uxor
718 3535 737 3573 :
764 3522 856 3574 sed
884 3517 1080 3571 marito
1112 3524 1202 3569 tuo
1247 3516 1427 3577 dicito,
1461 3516 1610 3584 quia,
1649 3514 1758 3567 Deo
1794 3511 2000 3577 relicto,

417 3618 530 3684 ipse
556 3614 655 3669 sibi
682 3613 802 3667 deos
829 3609 1158 3681 conﬂauerit,
1197 3617 1245 3661 et
1277 3606 1423 3677 regni
1453 3607 1791 3659 amissionem
1830 3611 1879 3657 et
1913 3604 2002 3658 in-

420 3711 632 3763 teritum
686 3721 803 3758 cum
850 3704 994 3757 omni
1045 3698 1250 3771 familia
1305 3699 1354 3753 ei
1404 3713 1515 3752 esse
1565 3696 2000 3768 exspectandam.

413 3802 692 3858 Praeterea
733 3816 851 3852 cum
883 3795 1112 3868 populus
1144 3795 1258 3866 ejus
1291 3798 1453 3848 etiam
1483 3794 1810 3864 impietatem
1839 3793 1907 3846 sit
1926 3807 2004 3846 se-

405 3902 591 3957 cutus,
628 3907 694 3945 ne
718 3890 872 3945 illum
902 3888 1110 3960 quidem
1134 3887 1245 3957 [ore
1264 3886 1604 3956 impunitum.
1639 3882 1718 3938 Tu
1738 3900 1862 3939 vero
1891 3885 1997 3950 abi,

410 3985 632 4047 mulier,
680 3982 853 4051 ﬁliam
891 3993 1039 4034 tuum
1084 3986 1356 4032 mortuum
1401 3978 1706 4039 inventura,
1741 3977 1837 4046 qui.
1878 3991 1999 4029 cum

414 4081 543 4152 ﬂetu
587 4075 890 4148 sepelietur.
926 4071 1087 4128 Solus
1119 4070 1360 4137 enimet
1382 4067 1665 4124 Jeroboam
1689 4068 1854 4122 bonus
1878 4066 1997 4137 fuit.

415 4170 637 4236 Mulier,
669 4167 936 4239 digressa,
966 4164 1140 4220 ﬁlium
1185 4171 1464 4218 mortuum
1512 4161 1744 4226 invenit,
1781 4168 1839 4217 et
1870 4176 1998 4231 pros

412 4240 596 4329 pheta:
645 4257 815 4312 verba
865 4256 1087 4311 nuntiat
1130 4253 1331 4309 marito
1363 4268 1378 4306 :
1417 4253 1621 4323 quibus
1643 4252 1757 4318 ille,
1791 4251 1998 4321 quippe

414 4350 581 4404 homo
611 4347 861 4418 corrupti
914 4346 1147 4418 ingenii,
1194 4346 1371 4401 nihilo
1413 4346 1595 4402 iactus
1635 4353 1721 4401 est
1772 4343 1994 4399 melior.

415 4441 550 4505 Sed,
570 4440 851 4496 Roboamo
870 4447 1132 4510 regnante
1157 4437 1573 4507 Hierosolymis,
1600 4437 1882 4494 lsraelitici
1903 4451 1997 4507 ge-

413 4532 567 4587 neris
595 4531 800 4586 Levitae
831 4538 887 4585 et
916 4530 1259 4597 sacerdotes,
1293 4538 1351 4585 et
1376 4530 1469 4597 alii
1499 4545 1568 4585 ex
1592 4529 1820 4599 populo,
1861 4528 1998 4599 quid

413 4626 619 4681 bonum
680 4634 829 4681 esset
870 4625 1269 4697 intelligentes,
1326 4625 1539 4680 relictis
1586 4624 1705 4678 suis
1749 4623 1992 4693 oppidis,

412 4717 790 4788 Hierosolyma
844 4724 1262 4773 concesserunt.
1341 4715 1499 4772 Unde
1566 4714 1837 4771 Roboami
1900 4730 1993 4770 re-

412 4825 581 4880 gnum
630 4809 956 4879 augebatur,
1001 4809 1256 4878 quamvis
1303 4818 1362 4864 et
1406 4807 1525 4878 ipse
1573 4808 1857 4879 impietate
1901 4808 1995 4862 lae-

2115 2313 2385 2376 ἀπεδίδου,
2417 2313 2542 2367 καθ’
2571 2313 2812 2385 ἑκάστην
2852 2317 3212 2387 παρανομῶν,
3246 2319 3340 2372 καὶ
3394 2321 3703 2390 χρημάτων

2112 2406 2212 2477 τήν
2232 2405 2406 2477 ψευδῆ
2437 2406 2547 2460 τῶν
2588 2406 2812 2479 ὑψηλῶν
2848 2408 3153 2479 ίερωσύνην
3185 2412 3419 2480 παρεῖχε
3467 2413 3582 2475 τοῖς
3612 2411 3706 2466 θέ-

2112 2498 2298 2553 λουσιν
2320 2496 2503 2553 ὤνιον.
2530 2499 2643 2552 Καὶ
2672 2501 2754 2564 εἰς
2783 2501 3065 2571 ἁμαρτίαν
3091 2504 3124 2574 ή
3159 2503 3357 2573 πρᾶξις
3407 2503 3548 2573 αὕτη
3585 2505 3706 2557 ἑλο-

2110 2590 2276 2661 γίσθη
2311 2591 2483 2662 αὐτῷ,
2524 2591 2619 2645 καὶ
2680 2594 2763 2656 είς
2818 2594 3129 2664 ἀφανισμὸν
3180 2594 3277 2649 τοῦ
3331 2597 3484 2651 οἴκου
3530 2596 3702 2652 αὐτοῦ

2109 2683 2326 2753 γέγονε,
2358 2684 2454 2737 καὶ
2485 2686 2566 2747 είς
2597 2684 2844 2758 ὖλεθρον.
2899 2686 2961 2740 El
2994 2686 3051 2740 δὲ
3082 2686 3142 2741 τὸ
3179 2687 3280 2760 τήν
3311 2689 3529 2761 ἀνίερον
3557 2691 3704 2745 ὲκεί-

2109 2795 2207 2850 νην
2231 2779 2537 2851 ἱερωσύνην
2558 2780 2907 2835 ἀποδίδοσθαι
2941 2783 3243 2855 χρημάτων
3280 2786 3527 2856 ἁμαρτία
3552 2786 3705 2841 λελό-

2109 2889 2285 2941 γιστο,
2314 2871 2369 2924 τί
2396 2874 2463 2926 ἄν
2490 2890 2576 2937 τις
2599 2874 2744 2927 εῐποι
2763 2875 2893 2945 περὶ
2915 2876 3024 2930 τῶν
3046 2876 3375 2931 πωλούντων
3401 2880 3498 2932 καὶ
3530 2879 3706 2935 ὠνου-

2112 2964 2289 3036 μένων
2319 2964 2418 3036 τὴν
2449 2966 2605 3020 θείαν
2637 2966 2809 3028 ὅντως
2846 2968 3169 3039 ἱερωσύνην,
3198 2970 3298 3040 τὴν
3327 2971 3425 3041 τῆς
3456 2974 3703 3042 φρικτῆς

2108 3058 2201 3108 καὶ
2250 3057 2589 3128 ἀναιμάκτου
2648 3057 2843 3123 θυσίας
2904 3059 3262 3134 τελεστικήν;
3322 3062 3582 3137 Ἐνόσησε
3640 3066 3703 3120 δὲ

2120 3146 2278 3202 Ἀὅιὰ
2309 3150 2339 3202 6
2384 3149 2500 3215 υίὸς
2562 3149 2866 3223 Ἶεροὸοάμ,
2917 3154 3012 3207 καὶ
3057 3154 3269 3209 ἔστειλε
3309 3156 3409 3229 τὴν
3452 3162 3702 3227 γυναῖκα

2105 3240 2272 3295 αὐτοῦ
2292 3243 2322 3296 6
2351 3240 2608 3313 βασιλεὺς
2638 3244 2776 3314 πρὸς
2796 3247 2953 3316 ’Δχιά
2975 3247 3069 3300 τὸν
3111 3248 3420 3319 προφήτην,
3454 3250 3503 3303 εί
3535 3253 3704 3319 ζήσε-

2103 3349 2194 3387 ται
2225 3336 2633 3405 ἑρωτήσουσαν.
2675 3337 2742 3390 Ἥ
2773 3338 2853 3406 δὲ,
2879 3339 3157 3411 ἰδιωτικὴν
3189 3346 3698 3416 μεταμφιεσαμένη

2105 3426 2320 3498 στολήν,
2360 3428 2595 3496 ἀπῆλθε.
2653 3429 2762 3483 Καὶ
2792 3431 2821 3483 6
2850 3432 3139 3504 προφήτης
3179 3433 3241 3487 τὸ
3287 3434 3472 3505 δρᾶμα
3501 3436 3699 3504 γνούςο

2105 3519 2203 3588 Μὴ
2225 3521 2451 3588 κρύπτε
2481 3521 2744 3590 σαυτὴν,
2778 3525 2955 3593 γύναι
2988 3524 3312 3597 Ἰεροόοὸμ,
3342 3527 3471 3597 ἔφη.
3498 3529 3701 3584 Ἄπιθι

2104 3610 2194 3675 δὲ,
2220 3611 2320 3666 καί
2351 3610 2432 3679 τῷ
2461 3613 2638 3683 ἀνδρί
2674 3631 2792 3670 σου
2819 3616 2970 3682 εἰπὲ,
3011 3618 3101 3672 ὅτι
3143 3618 3305 3673 Ἐπεί
3338 3620 3701 3676 καταλιπὼν

2102 3702 2212 3757 τὸν
2235 3704 2406 3771 Θεὸν,
2456 3703 2694 3771 σεαυτῷ
2741 3707 2918 3774 θεοὺς
2969 3709 3267 3777 ἐποίησας
3322 3712 3696 3780 χωνευτοὺς,

2102 3793 2415 3862 προσδόκα
2439 3795 2554 3863 τήν
2580 3812 2644 3850 τε
2669 3796 2999 3860 ,βασιλείαν
3025 3799 3560 3869 ἀφαιρεθήσεσθαι,
3585 3803 3693 3857 καὶ

2101 3885 2286 3952 αὐτὸς
2318 3884 2588 3957 narrem}
2623 3888 3270 3961 ἐξοσιοθρευθήσεσθαι.
3305 3892 3438 3947 Ὀτι
3481 3892 3551 3948 δέ
3584 3912 3696 3949 σοι

2100 3978 2475 4047 ἀσεϐήσαντι
2526 3979 2627 4034 καὶ
2652 3981 2719 4035 τὸ
2743 3981 2978 4052 πλῆθος
3006 3984 3529 4054 ἐπηκολούθησεν,
3557 3987 3695 4041 οὐδ’

2099 4069 2300 4125 ἐκεῖνο
2321 4070 2492 4141 μένει
2518 4072 2910 4143 ἀτιμώρητον.
2942 4073 3026 4128 Σὺ
3055 4074 3126 4129 δὲ
3144 4074 3343 4142 ἄπιθι,
3367 4077 3562 4146 γύναι,
3583 4077 3694 4132 και

2102 4161 2363 4216 θανόντα
2383 4161 2669 4233 εὑρήσεις
2692 4164 2799 4218 τὸν
2819 4164 3004 4219 παῖδὰ
3030 4180 3171 4233 σου,
3200 4166 3266 4232 ὃς
3295 4168 3394 4221 καὶ
3419 4169 3695 4239 ταφήσε-

2099 4271 2195 4308 ται
2213 4256 2554 4324 θρηνηθείς.
2585 4257 2788 4324 Μόνος
2818 4257 2930 4327 τὰρ
2961 4258 3033 4323 ἐξ
3068 4256 3373 4329 ἰεροόοὰμ
3401 4257 3582 4328 οὗτος
3604 4257 3697 4332 ἦν

2099 4346 2339 4416 ἀγαθός.
2384 4347 2720 4403 Ἀπελθοῦσα
2742 4348 2801 4402 δὲ
2834 4351 2868 4420 ή
2903 4348 3061 4420 γυνὴ,
3097 4353 3190 4404 τὸν
3229 4350 3332 4421 μὲν
3361 4348 3527 4407 παῖδα
3552 4345 3692 4425 εὗρε

2101 4440 2365 4494 θανόνταο
2404 4439 2484 4510 τῷ
2513 4440 2572 4494 δὲ
2592 4440 2751 4512 ἀνδρὶ
2779 4441 2848 4494 τὰ
2876 4442 3027 4513 παρά
3056 4442 3152 4495 τοῦ
3184 4445 3469 4516 προφήτου
3501 4446 3693 4519 ἀπήγ-

2098 4532 2302 4600 γειλεν.
2336 4531 2506 4586 Οὐδὲν
2549 4531 2607 4585 δὲ
2659 4531 2720 4598 ἐξ
2774 4532 3001 4588 ἐκείνων
3036 4533 3358 4605 ὲδελτιὼθη,
3394 4539 3692 4607 τυγχάνων

2097 4622 2380 4687 ἀσύνετος.
2423 4622 2662 4695 Ῥοόοάμ
2693 4623 2791 4678 τοῦ
2824 4624 2942 4679 υίοῦ
2972 4625 3319 4697 Σολομῶντος
3367 4627 3693 4698 βασιλεύον-

2095 4731 2188 4778 τος
2216 4716 2275 4769 ὲν
2313 4715 2690 4787 Ἰερουσαλὴμ,
2720 4719 2769 4771 οἱ
2796 4720 2950 4783 παρὰ
2976 4720 3088 4782 τοῖς
3112 4718 3476 4790 Ἰσραηλίταις
3512 4721 3688 4791 ἱερεῖς

2096 4808 2195 4861 καὶ
2232 4805 2479 4875 Λευῖται,
2534 4807 2629 4862 καὶ
2661 4808 2777 4863 ὅσοι
2805 4810 2900 4864 τοῦ
2930 4809 3169 4882 πλήθους
3217 4806 3360 4883 ἦσαν
3404 4812 3689 4878 συνιέντες

412 4900 548 4956 serit
606 4899 815 4963 Deum,
872 4908 928 4955 et
987 4907 1099 4953 tota
1165 4897 1393 4954 Judaica
1451 4899 1649 4955 domus
1716 4899 1813 4955 Dei
1872 4899 1990 4955 eul-

2109 4901 2158 4954 τδ
2189 4899 2417 4971 ἀγαθὸν,
2449 4901 2787 4965 ἀποστάντες
2811 4902 2919 4956 τῶν
2952 4902 3101 4956 ίδίων
3130 4902 3358 4969 πόλεων,
3385 4904 3465 4968 είς
3511 4904 3686 4974 Ἱεροσ-

413 5001 530 5048 tum
560 4991 879 5058 neglexerit.
909 4989 1279 5059 Quamobrem
1323 4991 1564 5046 Susacus
1607 4991 1988 5064 Egyptiorum

2109 4993 2307 5063 ςὸλυμα
2359 4993 2778 5065 παραγίνονται.
2827 4992 3142 5049 Κάντεῦθεν
3192 4996 3226 5064 ή
3278 4993 3529 5065 βασιλεία
3576 4995 3683 5049 τοῦ

410 5100 508 5140 rex
542 5100 666 5140 cum
707 5084 918 5156 magnis
951 5083 1127 5153 copiis
1170 5084 1420 5141 ascendit
1448 5084 1845 5156 Hierosolyma,
1881 5085 1992 5141 Ro-

2102 5085 2338 5155 Ῥοσοάμ
2359 5084 2581 5157 ηὔξητο.
2619 5087 2678 5140 '0
2707 5087 2764 5141 δὲ
2796 5089 2891 5142 καὶ
2917 5089 3082 5152 αὐτὸς
3103 5087 3374 5161 ἠσέϐησεν
3405 5089 3485 5150 είς
3514 5087 3680 5154 Θεὸν,

409 5176 739 5254 ὺοειηοεθ
757 5178 1016 5247 quintum
1036 5176 1150 5247 jam
1178 5191 1385 5231 annum
1413 5185 1715 5249 regnante;
1756 5178 1850 5248 qui
1880 5193 1989 5232 una

2109 5182 2186 5233 ul
2238 5179 2344 5241 πᾶς
2398 5181 2429 5232 ὁ
2466 5179 2616 5244 οἶκος
2640 5179 2813 5234 Ἰούδα
2862 5181 2963 5251 τῆς
3017 5180 3114 5234 τοῦ
3180 5180 3314 5235 Θεοῦ
3371 5179 3683 5251 θρησκείας

402 5285 536 5326 cum
587 5270 792 5341 populo
845 5271 901 5324 in
954 5268 1093 5324 urbe
1137 5270 1472 5341 conclusus,
1529 5268 1762 5324 salutem
1796 5284 1828 5323 a
1874 5269 1987 5324 Deo

2109 5271 2538 5344 ιατωλιγώρησε.
2586 5273 2678 5326 Διὸ
2711 5273 2808 5327 καὶ
2847 5273 3016 5346 ἀνέϐη
3053 5272 3334 5339 Σουσακὶμ
3365 5275 3393 5326 6
3416 5270 3681 5341 βασιλεὺς

404 5362 556 5418 votis
593 5362 999 5432 exposcebant,
1039 5360 1238 5417 delicta
1278 5376 1379 5417 sua
1423 5359 1775 5416 conﬁtentes.
1837 5361 1986 5418 Deus

2109 5364 2364 5433 ιίγύπτου
2399 5366 2492 5420 ἐπὶ
2537 5365 2898 5438 Ἰερουσαλὴμ
2956 5368 3094 5437 μετὰ
3127 5365 3355 5438 βαρείας
3386 5364 3678 5435 δυνάμεως

1606 5495 1814 5558 Varim
1847 5496 2158 5560 lectiones
2199 5505 2261 5560 et
2308 5509 2500 5562 notae.

468 5614 992 5689 ~(_58)_Zvrsndywc
1034 5620 1141 5675 τοῦ
1168 5620 1512 5686 τεθνεῶτος.
1567 5621 1648 5675 Τὰ
1689 5621 1842 5685 ὀστᾶ,
1888 5628 1986 5675 aut

2093 5636 2183 5677 ras
2222 5622 2560 5681 simoniacos
2590 5640 2706 5681 sua:
2748 5626 2949 5690 aetatis,
2996 5624 3140 5694 apud
3186 5637 3426 5687 braecos,
3460 5638 3675 5691 mores,

468 5614 590 5738 (5'8?
622 5620 992 5689 Συνεκόμισε
1034 5620 1141 5703 rei”:
1168 5620 1512 5703 τεθνεῶτος.
1567 5621 1648 5675 Τὰ
1689 5621 1842 5685 ὀστᾶ,
1888 5628 1986 5675 aut
2093 5636 2183 5677 ras
2222 5622 2560 5681 simoniacos
2590 5640 2706 5681 sua:
2748 5626 2949 5690 aetatis,
2996 5624 3140 5694 apud
3186 5637 3426 5687 braecos,
3460 5638 3670 5691 mores,

403 5683 475 5737 τὰ
504 5686 561 5738 λε
588 5687 754 5755 ψανα,
785 5690 976 5746 deesse
1022 5691 1261 5765 videtur,
1302 5700 1483 5761 inquit
1514 5690 1766 5751 Wolﬁus,
1798 5700 1977 5765 quam
2089 5694 2397 5762 cujusmodi
2429 5696 2600 5751 fuisse
2629 5710 2693 5750 ea
2723 5696 2953 5765 ipsamet
2982 5703 3306 5764 tempestate
3339 5694 3483 5765 apud
3511 5694 3670 5748 Lati-

400 5766 736 5823 postremam
782 5775 971 5815 vocem
1031 5762 1260 5816 immisit
1318 5760 1631 5815 intextum
1678 5760 1821 5816 :sed
1852 5762 1979 5816 cod.

398 5825 648 5900 Colbert.
683 5828 847 5900 habet
879 5832 938 5883 τὸ
978 5832 1137 5900 σῶμα
1167 5832 1261 5886 τοῦ
1289 5831 1604 5894 τεθνεῶτος.

478 5897 589 5968 (59)
624 5902 693 5952 Ei
723 5898 792 5953 δὲ
824 5903 935 5969 τὴν
966 5897 1254 5972 σήμερον.
1282 5902 1470 5972 Carpit
1507 5900 1610 5956 hoc
1650 5900 1772 5957 loco
1802 5899 1980 5956 Zona-

2087 5765 2638 5837 nos_observavimus
2668 5768 2722 5819 in
2745 5763 2886 5837 nova
2904 5763 3204 5837 appendice
3226 5765 3293 5819 ad
3328 5763 3670 5819 Glossarium

2088 5832 2232 5887 med.
2260 5833 2378 5889 Lat.
2403 5836 2457 5889 in
2488 5852 2545 5903 v,
2571 5836 2884 5890 I’riz'benda.
