4092 6386
380 453 477 523 177
1681 458 1996 521 ANNALII

2054 458 2093 519 id
2133 458 2284 519 LIB.
2328 457 2409 519 Π.
3543 454 3670 519 178"

375 572 434 624 ὲν
456 569 567 623 ἔτει
597 567 836 641 πέμπτῳ
855 568 953 639 τῆς
982 568 1261 641 βασιλείας
1291 570 1383 625 τοῦ
1413 570 1676 642 Ῥοϐοάμ.
1704 570 1966 639 Συγκλεί-

2068 578 2361 636 exoralus,
2404 584 2463 624 se
2494 583 2605 624 non
2641 564 2955 624 delaturum
2992 566 3115 623 illos
3142 608 3157 632 .
3187 567 3284 623 sed
3330 568 3673 626 dediturum'

376 678 476 725 σας
505 660 564 714 δὲ
612 660 780 714 αὑτὸν
829 660 1071 732 Ῥοὸοὰμ
1104 662 1164 715 ὲν
1197 664 1263 733 τῇ
1320 663 1476 716 πόλει
1511 663 1611 717 καὶ
1666 663 1760 715 τδν
1808 661 1960 727 λαὸν,

2067 662 2322 717 hostibus
2345 703 2360 725 ,
2388 661 2697 731 respondit.
2739 658 2930 730 Itaque
2960 668 3251 730 susceptus
3289 675 3320 715 a
3362 660 3647 717 Roboamo

377 755 555 809 ἐδέετο
588 752 683 806 τοῦ
712 752 850 807 Θεοῦ
874 752 1060 808 δοῦναι
1085 754 1360 824 σωτηρίαν
1379 755 1585 818 αὐτοῖς,
1607 756 1700 808 καὶ
1720 752 1757 809 ἃ
1783 754 1967 824 ἦμαρ-

2065 764 2166 821 per
2195 750 2542 807 conditiones
2564 750 2878 823 Egyptius,
2918 759 3080 820 rupto
3115 750 3344 815 foedere.
3377 760 3433 807 et
3460 766 3659 808 sacros

377 866 468 901 τον
490 850 569 910 είς
596 847 730 901 Θεὸν
756 846 1219 917 ὲξωμολογοῦντο.
1249 847 1635 920 Παρακληθεὶς
1666 848 1723 901 δὲ
1745 849 1774 900 ὁ
1802 846 1961 911 Θεὸς,

2064 852 2121 903 ct
2153 845 2336 915 regios
2377 846 2668 901 thesauros
2690 845 2928 915 spoliat,
2962 855 3019 899 et
3047 858 3215 899 aurea
3254 856 3405 899 arma
3436 859 3466 898 a
3495 844 3653 899 Salo-

377 942 479 995 ούκ
512 939 806 993 ἀπολέσειν
839 941 1061 1005 αὐτοὺς,
1111 941 1248 995 ἀλλὰ
1293 941 1488 996 δώσειν
1538 935 1694 994 εἶπεν
1747 920 1968 1009 ύποχέι-

2066 950 2230 1005 monp
2274 934 2450 996 facta,
2498 943 2555 988 et
2596 949 2796 989 aureas
2840 934 3024 989 hastas
3056 950 3085 988 a
3121 934 3326 988 Davide
3365 934 3659 990 dedicatas

382 1031 532 1101 ρίους
559 1033 673 1093 τοῖς
723 1029 1026 1099 πολεμίοις.
1062 1030 1371 1102 Δεξαμένου
1401 1030 1582 1085 τοίνυν
1620 1032 1679 1086 ὲν
1711 1033 1777 1103 τῇ
1811 1030 1965 1084 πόλει

2067 1042 2261 1083 omnes
2289 1027 2451 1096 rapit.
2488 1025 2726 1081 Moritur
2753 1028 3073 1082 Roboamus
3104 1041 3252 1082 anno
3276 1027 3455 1082 aetatis
3486 1027 3653 1097 quin-

387 1122 631 1191 Ῥοόοὶιμ
676 1121 770 1175 τὸν
797 1122 1099 1190 Αίγύπτιον
1132 1123 1228 1177 ἐπὶ
1258 1122 1592 1192 συνθήκαις,
1647 1139 1968 1192 παρασπον-

2067 1114 2392 1187 quagcsimo
2417 1115 2675 1184 septimo,
2713 1116 2868 1187 regni
2895 1115 3115 1171 decimo
3139 1115 3394 1186 septimo,
3429 1130 3652 1171 succes~

376 1214 545 1283 δήσας
574 1214 803 1276 ἐκεῖνος,
837 1214 962 1276 τοὺς
987 1212 1083 1266 τοῦ
1115 1213 1252 1267 Θεοῦ
1280 1230 1338 1267 τε
1366 1213 1678 1284 θησαυροὺς
1711 1210 1964 1281 ἐσύλησε.

2067 1225 2193 1265 sore
2229 1210 2423 1265 relicto
2451 1209 2570 1265 tilio
2606 1210 2748 1266 Abio
2771 1250 2785 1276 ,
2816 1211 2905 1266 cui
2935 1210 3138 1266 bellum
3172 1210 3360 1267 intulit
3384 1211 3654 1267 Jeroboa-

379 1306 475 1358 καὶ
512 1306 636 1368 τοὺς
663 1303 981 1374 βασιλικοὺς
1005 1304 1329 1371 ἐξεκένωσε,
1357 1304 1451 1359 καὶ⁵
1479 1305 1547 1357 τὰ
1583 1304 1766 1375 χρυσᾶ
1799 1303 1963 1368 ὅπλα,

2068 1315 2212 1364 mus,
2233 1315 2357 1354 cum
2383 1309 2439 1356 et
2460 1301 2808 1357 Roboamum
2830 1306 3099 1372 perpetuo
3118 1303 3289 1358 armis
3310 1303 3647 1359 lacessisset.

377 1399 414 1452 ἃ
433 1397 658 1464 ἐποίησε
685 1396 961 1461 Σολομῶν,
991 1398 1089 1450 καὶ
1109 1398 1177 1451 τὰ
1203 1397 1407 1468 δόρατα
1436 1397 1504 1450 τὰ
1526 1398 1726 1468 χρυσᾶ,
1754 1395 1791 1451 ἃ
1813 1396 1841 1449 6
1864 1396 1971 1448 Δα-

2067 1391 2242 1447 Abius
2273 1400 2459 1447 autem
2490 1393 2698 1464 impetu
2728 1395 2851 1466 ejus
2880 1410 2993 1451 non
3015 1395 3396 1462 reformidato,
3431 1396 3526 1452 sed
3550 1395 3653 1451 doe-

379 1489 465 1543 δὶδ
501 1490 742 1554 ἀνέθετο,
801 1491 980 1543 πάντα
1032 1489 1304 1558 ἀφείλετο.
1340 1490 1695 1560 Ἐτελεύτησε
1735 1489 1793 1543 δὲ
1848 1489 1970 1543 Ῥο-

2068 1483 2313 1538 mesticis
2345 1483 2422 1537 illi
2452 1483 2631 1555 copiis
2678 1486 2983 1556 oppositis,
3035 1488 3315 1543 celebrem
3357 1487 3653 1543 victoriam

379 1582 524 1650 6031p.
559 1581 728 1651 ζήσας
758 1581 857 1652 ἔτη
892 1583 1233 1653 πεντήκοντα
1274 1581 1372 1636 καὶ
1395 1583 1565 1647 ἑπτὰ,
1593 1580 1657 1647 ἐξ
1696 1575 1771 1636 ὧν
1800 1582 1972 1636 ἑπτα-

2069 1576 2424 1645 reportavit,
2475 1587 2534 1633 ut
2581 1576 2947 1635 Jeroboamus
2990 1581 3045 1637 in
3089 1579 3264 1636 aciem
3315 1580 3668 1637 descendere

379 1672 608 1725 καίδεκα
643 1671 1021 1740 βεδασίλευκε,
1071 1671 1319 1742 διάδοχον
1362 1671 1455 1726 τὸν
1485 1673 1600 1727 υίὸν
1648 1673 1968 1728 καταλιπὼν

2066 1675 2257 1738 postea
2293 1684 2405 1723 non
2435 1669 2686 1725 auderet.
2720 1670 2972 1727 Mortuus
2992 1679 3077 1728 est
3099 1670 3292 1739 Abius,
3321 1687 3446 1729 cum
3476 1674 3652 1730 trien-

390 1765 593 1829 ‘Aﬁzob,
630 1764 754 1818 καθ’
783 1757 844 1817 οὗ
898 1763 1187 1834 Ίεροὸοὰμ
1221 1763 1670 1837 ἑξεστρέτευσεν,
1725 1766 1813 1818 ἀεὶ
1870 1766 1968 1818 καὶ

2069 1758 2222 1814 nium
2248 1768 2533 1831 regnasset
2560 1760 2958 1837 Hierosolymis
2979 1804 2994 1829 ,
3029 1763 3199 1820 homo
3231 1764 3289 1819 in
3323 1766 3496 1821 Deum
3544 1766 3654 1822 im-

376 1856 457 1927 τῷ
491 1857 729 1925 Ῥοόοὰμ
763 1856 1041 1926 πολεμῶν.
1069 1856 1252 1911 ’Δΰιοὺ
1271 1856 1329 1910 δὲ
1350 1834 1451 1911 ούκ
1482 1857 1686 1926 ἔπτηξε
1713 1856 1813 1928 τὴν
1841 1856 1969 1927 ἔφο-

2069 1851 2213 1922 pius.
2245 1851 2354 1907 Asa
2389 1867 2545 1920 vero,
2589 1851 2736 1909 lilius
2763 1834 2907 1926 ejus,
2939 1870 3111 1926 regno
3156 1868 3436 1926 suscepto,
3470 1857 3668 1915 divina

377 1950 490 2011 δον,
519 1949 633 2001 ἀλλ’
655 1948 945 2013 ἀντιτάξας
977 1949 1128 2019 αύτῷ
1176 1950 1305 2013 τοὺς
1328 1948 1586 2012 οἰκείους.
1643 1949 1803 2020 νίκην
1842 1951 1969 2020 νικᾷ

2041 1944 2044 1952 ’
2071 1944 2324 2001 instituta
2356 1945 2695 2013 observavit,
2737 1949 2991 2018 exemplo
3016 1948 3240 2003 Daviilis
3271 1949 3540 2019 principis
3575 1950 3657 2004 fa»

380 2041 730 2111 περιϐόητον,
755 2041 829 2105 ὡς
856 2042 1056 2111 μηκέτι
1079 2041 1354 2112 θαρσῆσαι
1373 2041 1466 2096 τὸν
1501 2040 1790 2113 Ἰεροδοὰμ
1820 2042 1970 2094 ἀντι-

2069 2036 2238 2092 miliaa
2268 2050 2404 2094 suae.
2441 2037 2691 2095 Mortuus
2735 2047 2822 2095 est
2853 2047 2908 2095 et
2933 2039 3333 2102 Jeroboamus.
3358 2041 3566 2097 exactis
3597 2040 3665 2096 in

377 2134 819 2205 παρατάξασθαι.
851 2134 1092 2206 Τελευτᾷ
1111 2134 1169 2188 δὲ
1192 2133 1377 2189 Ἀδιοὺ
1408 2134 1740 2205 βασιλεύσας
1773 2135 1834 2188 ὲν
1874 2135 1971 2190 Ἰε-

2071 2127 2307 2199 imperio
2352 2128 2515 2186 annis
2562 2128 2781 2187 duobus
2821 2146 2986 2201 supra
3035 2131 3251 2201 viginti.
3293 2130 3358 2187 Ei
3389 2135 3659 2189 successit

379 2226 669 2296 ρουσαλὴμ
701 2225 798 2296 ἔτη
852 2226 1003 2296 τρία,
1051 2227 1288 2297 ποιήσας
1322 2225 1386 2280 τὸ
1442 2226 1683 2296 πονηρὸν
1738 2223 1970 2280 ἐνώπιον

2068 2221 2248 2277 Nabat
2297 2221 2484 2290 ﬁlius,
2536 2223 2705 2279 homo
2759 2231 2817 2278 et
2864 2223 2984 2294 ipse
3019 2223 3085 2279 ad
3114 2226 3431 2295 exemplum
3479 2227 3662 2296 patris

378 2318 610 2389 Κυρίου.
664 2319 776 2372 Καὶ
826 2318 1181 2372 ἐϐασίλευσεν
1215 2317 1353 2372 ’Δσὰ
1403 2320 1432 2371 ὁ
1465 2317 1580 2381 υίὸς
1608 2316 1798 2379 αὐτοῦ,
1840 2316 1969 2380 τοὺς

2069 2313 2313 2384 impius:
2347 2314 2468 2384 qui,
2503 2314 2637 2370 dum
2667 2315 2917 2371 Gabalon
2944 2317 3137 2372 urbem
3162 2317 3456 2373 barbaram
3477 2333 3656 2389 oppu-

377 2410 559 2474 θείους
611 2410 849 2481 θεσμοὺς
892 2412 1142 2482 τηρήσας
1198 2411 1342 2466 κατὰ
1393 2411 1560 2466 Δαόὶδ
1615 2410 1709 2465 τὸν
1763 2411 1969 2464 οἰκεῖον

2069 2414 2219 2476 gnat,
2248 2422 2348 2476 per
2371 2406 2600 2463 insidias
2626 2408 2810 2465 Baasae
2841 2407 2940 2463 ﬁlii
2968 2408 3157 2465 Achite
3183 2410 3476 2474 occiditur,
3503 2425 3671 2466 anno

383 2504 737 2576 προπάτορα.
771 2504 1016 2575 Τέθνηκε
1051 2506 1109 2560 δὲ
1131 2507 1228 2560 καὶ
1266 2505 1555 2577 Ἱεροσοὰμ
1579 2505 1786 2569 ἀνύσας
1815 2506 1875 2558 ὲν
1898 2508 1967 2578 τῇ

2069 2498 2223 2569 regni
2249 2499 2736 2568 secundo.lBaasas
2753 2515 2911 2566 vero,
2933 2501 3084 2572 regni
3112 2501 3399 2558 lsraelitiei
3423 2502 3672 2572 potitus,.

379 2598 524 2667 ἀρχῇ
560 2596 657 2664 ἐτη
684 2596 779 2650 δύο
805 2597 899 2651 καὶ
925 2598 1118 2653 εἰκοσι.
1149 2598 1260 2652 Καὶ
1284 2596 1558 2663 διεδέξατο
1583 2597 1748 2652 αὑτὸν
1775 2597 1968 2652 Ναὸἆτ

2067 2604 2233 2645 omne
2262 2588 2574 2646 Jeroboami
2596 2606 2772 2661 genus
2802 2591 3129 2659 exstirpavit
3150 2633 3167 2659 ,
3202 2593 3293 2648 vir
3320 2605 3378 2649 et
3403 2594 3520 2663 ipse
3556 2594 3655 2650 Je-

378 2689 409 2740 6
445 2689 561 2752 υίὸς
592 2687 782 2744 αὐτοῦ.
813 2690 1101 2753 Κάκεῖνος,
1123 2689 1324 2759 ἀσεϐὴς
1347 2692 1489 2743 κατὰ
1518 2689 1611 2743 τὸν
1638 2688 1850 2758 πατέρα
1876 2706 1970 2757 γε-

2069 2682 2332 2738 roboamo
2353 2683 2530 2739 nihilo
2562 2684 2952 2740 observantior
2978 2687 3163 2757 legum
3187 2726 3209 2751 ,
3240 2694 3298 2742 et
3325 2686 3528 2756 populo
3555 2685 3655 2743 de-

380 2779 630 2848 νδμενος,
663 2779 724 2843 ὃς
759 2778 917 2833 πόλιν
942 2780 1052 2833 τῶν
1094 2779 1411 2849 ἀλλοφύλων
1441 2778 1750 2852 πολιορκῶν
1789 2779 1969 2833 Γαϐα-

2068 2775 2355 2847 linquendi
2375 2785 2588 2832 auctor.
2615 2776 2796 2846 Quare
2819 2778 2966 2836 Deus
2995 2794 3094 2849 per
3109 2778 3433 2849 prophetam
3455 2778 3675 2837 Jebumv

384 2869 517 2932 θὼν,
578 2869 947 2941 ὲπεδουλεύθη
1002 2871 1154 2941 παρὰ
1186 2871 1408 2925 Βαασὰν
1449 2869 1568 2924 υίοῦ
1623 2870 1800 2941 ’Δχιά.
1856 2868 1969 2924 Καὶ

2069 2867 2122 2923 ei
2153 2868 2526 2924 comminatur
2556 2908 2570 2933 ,
2603 2884 2661 2924 se
2685 2871 2807 2940 ejus
2830 2885 3052 2940 quoque
3083 2869 3369 2935 familiam,
3405 2880 3469 2927 ut
3493 2872 3657 2929 Jero-

387 2957 644 3030 τέθνηκε,
671 2959 768 3013 δύο
802 2958 976 3031 ἄρξας
1009 2959 1314 3024 ἐνιαυτούς.
1349 2961 1576 3014 Βαασὰν
1624 2960 1701 3026 δὲ,
1732 2960 1833 3031 τῆς
1859 2959 1968 3014 τῶν

2067 2958 2276 3023 boami,
2312 2958 2653 3016 excisurum.
2696 2960 2942 3016 Mortuus
2973 2968 3059 3016 est
3086 2969 3143 3016 et
3190 2961 3284 3018 hic
3310 2978 3458 3017 anno
3499 2964 3664 3036 regni

381 3049 519 3104 δέκα
580 3051 767 3120 φυλῶν
833 3050 1111 3120 βασιλείας
1193 3049 1472 3123 ἐγκρατὴς
1529 3050 1805 3119 γεγονὼς,
1859 3053 1969 3107 πᾶν

2067 3048 2335 3106 vicesimo
2366 3059 2591 3121 quarto.
2625 3051 2718 3107 Eia
2748 3051 2861 3107 ﬁlio
2884 3051 3036 3124 regni
3064 3068 3384 3111 successore
3420 3055 3656 3120 relicto,

382 3144 448 3196 τὸ
502 3143 665 3213 γένος
704 3143 797 3195 τοῦ
839 3143 1126 3215 ἰεροϐοὰμ
1182 3143 1574 3215 ἐξωλόθρευσε.
1635 3143 1747 3198 Καὶ
1808 3135 1965 3208 οὗτος

2069 3158 2235 3214 quem
2257 3158 2403 3199 anno
2427 3143 2646 3214 imperii
2678 3144 2925 3201 secundo
2949 3145 3232 3213 Zambres,
3252 3146 3374 3218 ejus
3398 3146 3657 3218 magister

383 3237 482 3301 δὲ,
543 3236 620 3302 ὡς
677 3236 1000 3308 Ἰεροῦοὰμ,
1056 3237 1445 3308 παρενόμησε,
1516 3236 1614 3291 καὶ
1670 3237 1763 3292 τὸν
1839 3236 1999 3292 λαὸνι

2071 3232 2344 3302 equitum,
2383 3232 2587 3288 occidit
2617 3231 2861 3297 ebrium,
2891 3249 3171 3306 regnoque
3201 3245 3504 3306 occupato,
3529 3237 3656 3292 uni-

384 3327 591 3397 ὁμοίως
641 3329 944 3399 πεποίηκεν
1002 3328 1291 3399 ἁμαρτεῖν.
1353 3328 1462 3382 Καὶ
1493 3327 1789 3400 ἠπείλησεν
1819 3325 1970 3399 αὐτῷ

2074 3339 2289 3379 versum
2329 3323 2513 3379 Baasae
2541 3340 2716 3396 genus
2740 3324 2966 3381 delevit.
2997 3325 3273 3383 Caeterum
3305 3326 3657 3385 lsraeliticus

385 3423 415 3472 6
478 3420 613 3481 Θεὸς
665 3418 757 3473 διὰ
814 3419 958 3490 Ἰηοὺ
1017 3419 1113 3473 τοῦ
1171 3421 1454 3492 προφήτου
1507 3419 1821 3490 διαφθερεῖν
1876 3420 1970 3474 τδν

2073 3415 2384 3481 exercitus,
2419 3415 2550 3471 dum
2590 3417 2841 3474 Gabaton
2869 3417 3122 3482 obsidet,
3166 3419 3357 3475 audito
3399 3419 3670 3476 Zambris.

382 3506 536 3564 οἶκον
566 3511 759 3577 αὐτοῦ,
809 3511 887 3576 ὡς
935 3513 1028 3565 τὸν
1066 3507 1216 3565 οἷκον
1260 3511 1565 3583 Ὶεροβοάμ.
1618 3511 1865 3582 Τέθνηκε
1912 3514 1971 3568 δὲ

2074 3509 2318 3566 facinore
2360 3518 2417 3565 et
2465 3510 2833 3581 occupatione
2879 3511 3057 3582 regni,
3108 3512 3398 3568 Zambrcm
3437 3512 3609 3568 alium
3637 3552 3652 3579 ,

387 3606 483 3658 καὶ
512 3598 669 3668 οὗτος
698 3605 793 3659 ἐπὶ
846 3604 938 3658 τὸν
965 3604 1188 3676 Ἰσραὴλ
1219 3604 1547 3675 βασιλεύσας
1589 3603 1687 3676 ἐτη
1723 3606 1818 3659 ἐπὶ
1846 3606 1972 3659 τέσ-

2071 3601 2270 3658 ducem
2301 3618 2465 3658 suum
2486 3643 2503 3668 ,
2541 3619 2616 3674 qu
2679 3604 2733 3659 in
2770 3605 2969 3661 castris
2990 3615 3146 3668 crat.
3177 3620 3361 3678 regem
3395 3606 3602 3662 salutat
3636 3648 3667 3673 ,Α

386 3713 584 3766 σαρσιν
614 3697 810 3751 εἴκοσι.
860 3697 970 3749 Καὶ
1029 3696 1165 3750 Ἠλέι
1211 3697 1241 3750 6
1285 3697 1398 3761 υίὸς
1427 3696 1595 3751 αὐτοῦ
1638 3697 1833 3766 γέγονε
1867 3698 1970 3768 τῆς

2072 3702 2130 3751 ct
2161 3696 2356 3752 urbem
2386 3696 2652 3752 Tbersam
2685 3697 2856 3753 ductu
2888 3697 3038 3753 illius
3059 3709 3385 3770 occupatam
3411 3699 3650 3755 obtinet;

384 3785 668 3857 πατρικῆς
696 3785 976 3855 βασιλείας
1002 3786 1249 3857 διάδοχος
1275 3788 1400 3842 ,Ὃν
1430 3787 1696 3858 Ζαμϐρῆς
1726 3789 1755 3841 6
1787 3788 1975 3859 ἄρχων

2072 3786 2251 3853 Quare
2294 3787 2450 3858 prior
2490 3788 2581 3844 ille
2629 3788 2895 3845 Zambres
2933 3789 2989 3845 in
3025 3789 3273 3846 intimam
3302 3790 3509 3862 regiam
3534 3807 3657 3847 sese

383 3880 486 3949 τῆς
517 3877 688 3932 ἵππου
727 3877 896 3933 αὐτοῦ
945 3879 1218 3950 μεθύοντα
1248 3879 1490 3945 κτείνας,
1527 3880 1621 3935 ἐπὶ
1652 3881 1748 3936 δύο
1790 3883 1974 3936 ἐνιαυο

2074 3879 2293 3951 recipit,
2326 3896 2503 3952 eaque
2531 3881 2782 3947 incensa,
2810 3898 2919 3937 una
2946 3881 3270 3954 conﬂagrat,
3294 3897 3420 3938 cum
3443 3889 3662 3952 septem

383 3974 514 4038 τοὺς
548 3973 971 4045 βασιλεύσαντα,
1003 3975 1103 4046 τήν
1148 3991 1206 4028 τε
1235 3973 1520 4043 βασιλείαν
1569 3976 1849 4046 ἀφείλετο,
1880 3976 1976 4031 καὶ

2077 3972 2198 4030 dies
2230 3972 2526 4045 imperium
2570 3974 2865 4031 tenuisset.
2886 3974 3052 4030 Facta
3081 3984 3207 4046 post
3233 3975 3338 4030 hoc
3360 3976 3549 4047 populi
3573 3990 3659 4030 se-

383 4067 448 4119 τὸ
468 4067 627 4135 γένος
660 4065 805 4121 ἅπαν
836 4065 929 4120 τοῦ
959 4065 1178 4121 Βαασὰν
1203 4067 1629 4138 ὲξωλόθρευσεν.
1694 4069 1759 4121 Ἦ
1785 4068 1841 4122 δὲ
1863 4069 1976 4123 τῶν

2076 4067 2357 4130 cessione,
2405 4066 2500 4123 alii
2549 4066 2841 4123 Zambrcm
2885 4068 3140 4139 eligunt,
3197 4067 3291 4123 alii
3339 4067 3654 4123 Thamnim.

394 4156 755 4229 Ἰσραηλιτῶν
784 4158 1015 4228 στρατιὰ
1047 4157 1414 4228 πολιορκοῦσα
1437 4160 1539 4229 τὴν
1564 4159 1850 4228 Γαϐαθὼν,
1872 4177 1977 4230 μα-

2076 4157 2282 4213 Verum
2336 4157 2608 4214 Zambrea
2650 4157 2818 4215 factio
2855 4159 3069 4215 viribus
3110 4160 3393 4230 superior,»
3422 4159 3659 4215 'l‘bamni

386 4251 560 4303 θοῦσα
590 4251 670 4303 ὅτι
698 4251 960 4322 Ζαμϐρῆς
976 4252 1204 4314 κτείνας
1225 4253 1315 4305 τὸν
1351 4252 1488 4307 Ἣλὰ
1512 4253 1859 4316 ἐϐασίλευσε,
1883 4255 1976 4308 τὸν

2076 4247 2188 4319 90
2215 4248 2435 4303 sublato
2458 4288 2473 4312 ,
2507 4264 2739 4318 regnum
2766 4249 2987 4304 Zambri
3023 4249 3385 4320 tranquillum
3419 4248 3660 4305 tradide-

386 4344 592 4397 οἰκεῖον
620 4343 972 4414 στρατάρχην
998 4344 1264 4415 Ζαμδρῆν
1308 4348 1364 4398 ἐν
1392 4348 1460 4416 τῇ
1486 4345 1816 4417 παρεμϐολῇ
1845 4347 1979 4416 ἀνη-

2079 4351 2228 4397 runt.
2264 4341 2315 4396 ls
2347 4341 2620 4413 principio
2648 4341 2871 4399 Thersite
2908 4342 3182 4415 regnavit.
3212 4341 3421 4398 Deinde
3443 4341 3658 4397 Mareo-

386 4437 648 4507 γόρευσε,
683 4437 780 4490 καὶ
806 4437 906 4508 τὴν
943 4438 1101 4491 πόλιν
1126 4437 1312 4507 Θερσὰ
1345 4440 1463 4510 μετ’
1500 4438 1668 4493 αὑτοῦ
1699 4457 1980 4514 προκατατ

2080 4449 2151 4488 ne
2194 4443 2380 4490 monte
2422 4443 2692 4503 occupato
2717 4473 2733 4500 ,
2769 4435 2960 4490 urbem
3013 4432 3267 4488 condidit
3307 4432 3533 4488 nomine
3563 4430 3661 4487 Sa-

385 4527 655 4594 ).α6οὗσα,
673 4532 867 4599 κρατεῖ
897 4530 1104 4601 ταύτης
1126 4530 1416 4602 ,Ζαμϐρῆς
1444 4530 1525 4596 δὲ,
1549 4533 1578 4586 6
1609 4531 1875 4602 πρότερος
1897 4532 1978 4596 είς

2046 4591 2054 4602 _
2082 4526 2339 4592 mariam,
2375 4541 2498 4582 cum
2518 4527 2635 4598 ipse
2651 4526 2827 4583 monti
2851 4542 3053 4582 nomen
3077 4526 3324 4583 Samarei
3344 4525 3662 4591 indidisset,

383 4622 450 4674 τὸ
475 4623 813 4693 μυχαίτατον
832 4622 942 4676 τῶν
971 4623 1264 4693 βασιλείων
1293 4623 1497 4688 εἰσδὺς,
1535 4624 1631 4678 καὶ
1685 4625 1978 4697 ἐμπρήσας

2048 4617 2058 4636 ’
2087 4618 2156 4675 de
2191 4618 2415 4675 nomine
2455 4618 2669 4676 Semeri
2698 4660 2716 4687 ,
2752 4634 2782 4674 a
2809 4634 2919 4690 quo
2946 4634 3073 4675 eum
3103 4627 3340 4675 emerat.
3386 4617 3534 4673 Vicit
3569 4617 3664 4672 hic

383 4714 544 4776 αὐτὸ,
580 4713 988 4786 συνδιέφθειρεν
1015 4713 1212 4785 ἐκείνῳ
1240 4716 1338 4768 καὶ⁵
1364 4717 1559 4770 ἑαυτὸν
1586 4714 1730 4770 ἑπτὰ
1763 4716 1979 4787 ἡμέρας

2082 4712 2441 4783 improbitate
2463 4715 2788 4784 superiores
2813 4727 2992 4782 reges.
3017 4711 3270 4768 Mortuus
3292 4721 3379 4767 est
3404 4709 3668 4766 Samaria:

381 4803 487 4873 τὴν
503 4803 678 4875 ἀρχὴν
719 4804 1030 4877 κατασχών.
1065 4803 1200 4859 Εἶτα
1229 4805 1519 4876 μερίζεται
1544 4808 1572 4860 6
1602 4806 1754 4872 λαὸς,
1795 4807 1891 4860 καὶ
1916 4806 1982 4860 τὸ

2083 4820 2229 4860 anno
2252 4804 2406 4876 regni
2438 4804 2806 4872 duodecimo,
2842 4805 2992 4875 quod
3016 4803 3085 4860 ad
3114 4803 3402 4861 Achabum
3446 4802 3568 4874 ejus
3601 4802 3666 4858 li-

387 4897 493 4965 μὲν
528 4894 695 4949 αὐτοῦ
732 4897 824 4949 τὸν
874 4897 1139 4969 Ζαμὸρῆν
1192 4899 1413 4970 ᾑρεῖτο,
1473 4899 1532 4952 τὸ
1575 4899 1621 4953 δ’
1661 4899 1848 4970 ἕτερον
1885 4898 1980 4955 τὸν

2082 4901 2220 4955 lium
2264 4899 2509 4955 devenit.
2552 4898 2642 4954 Sic
2684 4898 3058 4954 lsraelitarum
3108 4913 3308 4969 reges,
3355 4896 3499 4952 alius
3542 4904 3671 4966 post

383 4988 640 5057 Θαμνῆν.
686 4988 829 5042 Ἀλλ’
856 4988 1324 5061 ὑπερισχύσαντες
1360 4991 1412 5045 oi
1449 4990 1541 5045 τοῦ
1580 4991 1839 5063 Ζαμόρῆ,
1879 4993 1979 5045 καὶ

2083 4990 2277 5056 alium,
2296 4990 2368 5044 ob
2392 4989 2600 5060 patrias
2626 4989 2775 5060 leges
2807 4989 3059 5057 violatas,
3077 4989 3278 5056 exiguo
3297 4997 3544 5058 tempore
3571 5001 3669 5058 pe-

382 5079 673 5145 ἀνελόντες
715 5081 809 5134 τὸν
852 5081 1102 5154 Θαμνῆν,
1139 5084 1505 5139 ἀστασίαστον
1545 5084 1647 5156 τὴν
1675 5084 1850 5157 ἀρχὴν
1898 5083 1976 5156 τῷ

2087 5085 2321 5141 rierunt.
2340 5083 2451 5140 Asa
2480 5099 2635 5147 vero,
2658 5099 2755 5140 rex
2793 5081 3428 5154 liierosolymorum.Dei
3455 5094 3668 5141 amans,

381 5171 621 5244 Ζαμόρῇ
652 5176 1129 5246 περιεποιήσαντο.
1171 5176 1267 5238 "O;
1294 5176 1561 5249 πρότερον
1584 5177 1683 5249 μὲν
1708 5180 1765 5231 ὲν
1795 5177 1978 5249 Θερσὰ

2086 5192 2273 5247 regem
2304 5174 2627 5247 Ethiopum
2659 5190 2784 5232 cum
2823 5176 3035 5246 magnis
3073 5175 3250 5245 copiis
3284 5174 3662 5237 invadentem,

378 5262 544 5332 διῆγε
604 5261 905 5332 βασιλεύων
930 5304 948 5330 ,
981 5263 1174 5319 ἔπειτα
1213 5264 1257 5319 δ’
1311 5267 1371 5319 ὲν
1416 5267 1693 5341 Μαρεώνῃ
1721 5267 1800 5339 τῷ
1834 5268 1979 5340 ὄρει,

2084 5270 2201 5326 Deo
2229 5269 2486 5341 adjutore
2518 5270 2798 5332 invocato,
2834 5282 3150 5338 aggressus,
3185 5265 3391 5321 multos
3417 5262 3664 5318 hostium

380 5357 450 5408 ὲν
474 5347 520 5423 ᾧ
549 5354 705 5408 πόλιν
732 5356 1061 5427 ὲδομήσατο,
1091 5357 1127 5428 ἢ
1160 5358 1447 5429 Σαμάρεια
1485 5358 1773 5428 κέκληται,
1811 5359 1980 5414 αὑτοῦ

2082 5361 2330 5426 occidit,
2376 5361 2626 5432 reliquos
2672 5360 2729 5415 in
2778 5360 2963 5433 fugam
3019 5374 3215 5415 versos
3265 5357 3662 5428 persequitur,

380 5446 713 5520 Σαμαραιὸν
738 5448 799 5503 τὸ
827 5449 956 5522 ὄρος
1002 5449 1333 5516 καλέσαντος
1362 5452 1442 5517 εἰς
1468 5451 1643 5524 ὄνομα
1668 5453 1980 5525 Σεμειρὼν,

2087 5462 2269 5509 castra
2321 5451 2553 5522 diripit,
2607 5450 2803 5507 multis
2831 5459 2889 5507 et
2931 5448 3049 5520 ipse
3084 5458 3143 5507 et
3186 5447 3426 5520 populus
3473 5445 3664 5519 spoliis

1594 5569 1793 5633 Varie
1823 5568 2143 5634 lectiones
2181 5575 2245 5630 et
2278 5574 2468 5631 notas.

463 5690 580 5782 φῦ)
620 5692 756 5748 Ἐπὶ
787 5693 897 5748 τὸν
938 5693 1199 5763 Ἰσραήλ.
1230 5692 1357 5751 Haec
1395 5694 1714 5752 addidimus
1755 5712 1822 5754 ex
1871 5711 1974 5753 ms.

2091 5692 2273 5782 .16?)
2308 5689 3104 5782 “#9992IE‘EICR‘EPHE‘ES
3155 5705 3242 5782 $3.
3260 5690 3673 5782 _‘1‘§§;P'.‘.’.?f'

381 5764 581 5905 ωἶίόι)
628 5833 740 5889 Τὸν
787 5834 1056 5904 saltv-131'.
1100 5835 1178 5891 Ita
1217 5835 1379 5894 codd.
1424 5852 1554 5895 mss.
1604 5836 1837 5895 Wolﬁus
1874 5838 1983 5894 Θα-

2089 5761 2334 5890 ansam
2375 5761 2464 5890 tuti
2534 5762 2785 5819 ediderat
2817 5761 3087 5818 ’Wolﬁus.
3148 5761 3442 5833 Iosephus
3481 5761 3670 5833 Σάμα-

2093 5851 2185 5906 ρον
2267 5853 2295 5889 a
2338 5852 2366 5889 ρ
2401 5874 2414 5888 .

389 5905 513 5973 puli.
