4092 6464
414 469 521 536 179
1745 467 1991 529 JOANN
2004 468 2074 529 lS
2112 467 2438 528 ZONARIE
3582 468 3686 537 130

409 595 631 641 auctus.
658 583 970 640 Reducenti
993 583 1302 640 exercitum
1333 582 1447 655 regi
1472 582 1744 655 propheta
1769 583 1988 638 Azarias

2098 581 2192 651 ἀφ’
2218 575 2280 635 οὐ
2311 580 2473 635 τοῦτο
2502 580 2751 654 ἐτρίατο.
2803 583 3022 656 Χείρων
3056 584 3166 638 τῶν
3201 581 3310 657 πρὸ
3340 583 3508 639 αὐτοῦ
3537 602 3693 657 γεγο-

409 678 658 733 occurrit
679 718 695 740 ,
725 679 976 733 victoriae
1014 678 1187 732 Deum
1222 686 1280 732 et
1308 677 1413 748 ipsi
1443 686 1498 733 et
1532 676 1738 747 populo
1769 685 1988 746 propter

2101 672 2230 737 νὼς,
2258 674 2355 727 καὶ
2391 675 2731 746 κατέστρεψε
2761 676 2861 749 τὴν
2890 677 3035 749 ζωὴν
3061 679 3120 731 ἐν
3160 678 3449 750 Σαμαρείᾳ
3481 678 3688 735 δώδεκα

405 764 636 836 justitiae
668 765 880 820 cultum
910 774 1198 821 auctorem
1230 766 1509 822 exstitisse
1544 765 1814 822 allirmat:
1848 766 1988 837 quod

2103 765 2431 837 βασιλεύσας
2456 769 2763 833 ἐνιαυτούς.
2800 771 2867 822 Ἡ
2902 771 2960 823 δὲ
2993 771 3243 841 βασιλεία
3272 772 3570 841 περιῆλθεν
3610 774 3690 836 είς

410 855 458 910 si
484 857 746 911 virtutem
789 857 1068 922 colerent,
1102 856 1156 910 in
1196 866 1478 926 posterum
1512 856 1681 911 etiam
1716 856 1837 911 fore
1868 856 1988 911 feli-

2112 858 2320 930 Ἀχαὰϐ
2352 859 2442 913 τὸν
2479 860 2596 914 υίὸν
2626 861 2817 916 αὐτοῦ.
2846 864 2910 917 Οἱ
2939 866 3039 933 μὲν
3070 860 3166 917 οὖν
3193 864 3301 919 τῶν
3331 864 3688 935 Ἰσραηλιτῶν

409 961 536 1002 ces:
569 948 654 1002 sin
677 948 773 1002 Dei
804 948 1059 1003 mandata
1091 947 1480 1019 neglexissent,
1511 948 1702 1003 multis
1731 951 1988 1005 aerumnis

2102 941 2343 1024 βασιλεῖς
2375 954 2464 1009 ἀλ)
2478 972 2538 1018 ος
2591 954 2681 1008 ἐπ’
2713 956 2857 1027 ἄλλῳ
2887 957 2977 1011 διὰ
3002 959 3102 1027 τὴν
3134 960 3485 1028 παρανομίαν
3513 957 3692 1013 αὐτῶν

411 1040 848 1097 conﬂictaturos.
881 1043 987 1097 Asa
1021 1041 1191 1113 igitur
1228 1042 1338 1096 vita
1384 1040 1473 1111 pie
1499 1049 1656 1103 acta,
1695 1048 1751 1096 et
1777 1040 1988 1112 longam

2100 1049 2158 1100 ἐν
2187 1048 2353 1119 ὀλίγῳ
2376 1050 2553 1120 χρόνῳ
2585 1050 2979 1121 διεφθάρησαν.
3002 1051 3138 1105 Ἀσά
3158 1051 3214 1104 δέ
3239 1053 3267 1105 ὁ
3292 1052 3391 1121 τῆς
3427 1051 3695 1122 Ἰερουσα-

408 1145 751 1191 senectutem
787 1137 1041 1202 adeptus,
1065 1135 1202 1190 obiit
1222 1149 1366 1188 anno
1390 1136 1544 1206 regni
1575 1134 1756 1204 primo
1777 1145 1833 1189 et
1855 1152 1988 1206 qua-

2098 1140 2211 1212 λήμ
2246 1141 2504 1212 βασιλεὺς
2566 1144 2823 1214 θεοφιλὴς
2853 1140 2949 1214 ἦν·
2980 1140 3040 1199 οὗ
3070 1145 3148 1215 τῷ
3168 1146 3383 1215 δεκάτῳ
3414 1146 3511 1214 τῆς
3540 1145 3697 1215 βασι-

408 1224 745 1295 dragesimo,
773 1228 885 1283 ﬁlio
914 1228 1214 1298 Josapbato
1245 1227 1439 1281 relicto
1470 1243 1813 1284 successore.

2105 1232 2258 1296 λείας
2287 1235 2397 1289 ἔτει
2438 1237 2465 1289 6
2530 1236 2787 1307 βασιλεὺς
2822 1231 3097 1290 Αίθιόπων
3129 1236 3419 1307 στρατεύει
3452 1236 3575 1290 κατ’
3600 1236 3697 1289 αὐ-

408 1321 505 1375 τοῦ
542 1325 683 1394 μετά
726 1325 954 1397 βαρείας
985 1325 1292 1394 δυνάμεως.
1328 1326 1386 1378 '0
1414 1324 1469 1378 δὲ
1498 1324 1591 1377 τὸν
1656 1325 1791 1380 Θεὸν
1833 1326 2125 1399 σύμμαχον
2154 1331 2512 1400 ἐπεκέκλητο,
2582 1334 2679 1386 καὶ
2736 1332 3087 1403 συμπλακεὶς
3118 1334 3232 1395 τοῖς
3260 1331 3498 1401 Αἰθίοψι,
3568 1330 3697 1382 πολ-

409 1409 534 1476 λοὺς
572 1414 673 1483 μὲν
700 1414 913 1468 ἀνεῖλε’
945 1416 1072 1479 τοὺς
1097 1416 1153 1468 δὲ
1205 1414 1427 1478 λοιποὺς
1492 1415 1770 1483 φυγόντας
1823 1416 2037 1485 ἐδίωξε,
2080 1419 2177 1472 καὶ
2205 1423 2305 1492 τὴν
2335 1422 2693 1493 παρεμϐολὴν
2747 1423 2982 1476 ἐκείνων
3039 1423 3332 1494 διήρπασε,
3359 1423 3455 1476 καὶ
3522 1418 3697 1475 πολλὰ

409 1506 575 1569 αὐτὸς
598 1510 692 1562 καὶ
729 1512 757 1562 6
791 1509 929 1574 λαὸς
959 1511 1290 1581 ἐκομίσαντο
1317 1511 1558 1580 λάφυρα.
1620 1510 2044 1579 ’Λναξευγνύντι
2083 1514 2139 1568 δὲ
2198 1515 2274 1585 τῷ
2301 1515 2517 1585 βασιλεῖ
2549 1517 2643 1570 καὶ
2670 1519 2736 1588 τῇ
2778 1519 3021 1588 στρατιᾷ.
3053 1517 3081 1569 6
3121 1518 3412 1587 προφήτης
3435 1513 3696 1584 Ἀζαρίας

407 1601 752 1673 ὑπαντήσας,
804 1601 904 1672 τῆς
939 1602 1095 1671 νίκης
1130 1604 1224 1655 τὸν
1263 1600 1399 1653 Θεὸν
1426 1598 1569 1655 εἶναι
1600 1602 1750 1671 αὐτῷ
1820 1604 2025 1676 δοτῆρα
2065 1602 2212 1672 εἷπε,
2246 1610 2341 1661 καὶ
2362 1606 2440 1677 τῷ
2474 1606 2610 1678 λαῷ,
2645 1608 2998 1682 δικαιοσύνης
3035 1609 3517 1680 ἐπιμελουμένοις.
3581 1609 3693 1660 Καὶ

410 1692 659 1765 μετιοῦσι
717 1693 819 1763 μὲν
874 1695 1075 1765 ἀρετὴν
1128 1693 1475 1763 εὐδαιμονίας
1532 1694 1628 1748 καὶ
1678 1696 1961 1752 εἱσέπειτα
2030 1699 2438 1770 ἐπηγγείλατοο
2509 1701 2820 1756 τῶνδέτοῦ
2848 1703 2986 1755 θεοῦ
3016 1703 3248 1757 ἐντολῶν
3312 1702 3695 1774 κατολιγωρή-

408 1805 558 1855 σασι,
592 1788 765 1842 πολλὰ
806 1787 1186 1865 συμϐήσεσθαι
1232 1787 1473 1858 λυπηρά.
1511 1788 1645 1841 Ἀσά
1692 1790 1895 1857 τοίνυν,
1936 1793 1993 1846 ἐν
2041 1792 2295 1862 εὐσεϐείᾳ
2326 1793 2426 1865 τὴν
2470 1795 2617 1866 ζωὴν
2662 1794 2894 1861 ἀνύσας,
2941 1795 3039 1849 καὶ
3078 1798 3158 1860 είς
3202 1795 3380 1866 γῆρας
3416 1797 3691 1868 καταντή-

408 1897 513 1946 σας
557 1882 716 1952 βαθὺ,
776 1880 1030 1953 τέθνηκε,
1096 1880 1425 1950 βασιλεύσας
1486 1880 1771 1945 ἐνιαυτοὺς
1835 1883 1922 1952 ἐφ’
1982 1883 2062 1936 ἐνὶ
2112 1885 2547 1956 τεσσαράκοντα,
2601 1886 2872 1956 Ἰωσαφὰτ
2906 1887 3093 1958 οἰκείῳ
3147 1886 3250 1959 υίῷ
3277 1885 3374 1959 τήν
3403 1887 3701 1958 ήγεμονίαν

409 1973 758 2031 καταλιπών.

481 2065 621 2122 ΧΙΙΙ.
658 2063 920 2121 Acbabus
947 2074 1135 2121 autem
1161 2063 1425 2120 Samaria)
1462 2065 1667 2137 regiam
1704 2066 1958 2123 incolens
1980 2107 1994 2130 ,

406 2159 860 2216 antecessoribus
906 2158 1026 2213 suis
1061 2157 1347 2228 impietate
1388 2158 1645 2228 superior
1670 2199 1686 2225 ,
1723 2158 1793 2214 ab
1827 2174 1999 2214 uxore

404 2252 656 2309 Jezabele
681 2251 854 2323 magis
871 2251 1037 2307 etiam
1062 2250 1130 2304 ad
1154 2250 1568 2320 improbitatem
1598 2251 1998 2306 exstimulaba-

409 2355 521 2400 tur.
554 2345 686 2401 Erat
725 2344 816 2399 illa
846 2344 989 2415 regis
1010 2343 1140 2415 Tyri
1169 2352 1226 2397 et
1248 2342 1474 2399 Sidonis
1499 2342 1633 2407 ﬁlia,
1663 2344 1994 2399 muliercula

405 2439 564 2495 ferox
593 2448 652 2494 et
676 2439 853 2493 audax
877 2476 892 2501 ,
930 2452 1055 2507 qua:
1080 2435 1211 2491 Belo
1242 2435 1347 2490 deo
1386 2450 1488 2491 suo
1519 2436 1693 2492 adem
1742 2435 1994 2490 condidit

2179 2066 2277 2120 ll".
2311 2065 2516 2136 Ἀχαὰϐ
2543 2065 2599 2119 δὲ
2632 2068 2690 2120 ἐν
2717 2066 3003 2140 Σαμαρείᾳ
3024 2067 3293 2140 ἐκέκτητο
3325 2068 3391 2123 τά
3418 2067 3699 2140 βασίλεια,

2103 2159 2231 2225 τοὺς
2266 2161 2375 2232 πρὸ
2402 2160 2568 2214 αὐτοῦ
2600 2158 2989 2232 παραδραμὼν
3017 2163 3099 2226 είς
3129 2162 3410 2229 ἀσέϐειαν,
3445 2164 3540 2218 καὶ
3590 2165 3701 2219 ὐπὸ

2102 2252 2207 2323 τῆς
2236 2251 2496 2322 γυναικὸς
2542 2253 2787 2317 Ἰεζάϐελ
2821 2254 3026 2325 μᾶλλον
3065 2256 3145 2319 είς
3177 2256 3380 2310 κακίαν
3431 2257 3702 2327 προϐιϐα-

2104 2340 2278 2407 σθεὶς,
2326 2342 2360 2415 ἢ
2414 2341 2508 2395 τοῦ
2547 2341 2816 2412 βασιλέως
2854 2344 2955 2414 μὲν
2990 2344 3173 2416 Τύρου
3212 2350 3306 2400 καὶ
3332 2346 3566 2411 Σιδῶνος
3600 2349 3699 2402 θυ-

2102 2433 2281 2505 γάτηρ
2316 2430 2404 2505 ἦν,
2459 2434 2654 2505 ίταμὸν
2690 2434 2750 2489 δὲ
2787 2437 2883 2491 καὶ
2913 2436 3190 2508 τολμηρὸν
3241 2438 3487 2505 γύναιον.
3535 2439 3696 2512 Αὕτη

406 2542 464 2588 et
506 2531 691 2587 lucum
719 2529 1090 2594 consecravit,
1125 2528 1513 2584 sacerdotibus
1544 2529 1713 2584 etiam
1747 2537 1803 2584 et
1830 2544 1988 2600 pseu-

2099 2525 2226 2581 ναὺν
2250 2527 2331 2596 τῷ
2369 2526 2558 2598 οίκείῳ
2588 2525 2699 2598 θεῷ
2728 2525 2807 2597 τῷ
2854 2527 2965 2599 Βὴλ
2992 2527 3333 2600 ἐδωρήσατο,
3383 2530 3480 2583 καὶ
3528 2531 3699 2596 ἄλσος

405 2623 771 2694 dopmphetis
799 2622 1091 2680 institutis.
1118 2619 1266 2683 Elias
1291 2630 1475 2677 autem
1495 2620 1633 2677 urbe
1662 2620 1880 2677 Thesba
1898 2636 1993 2676 or-

407 2725 533 2783 tus,
582 2732 901 2788 perversam
946 2718 1094 2789 regis
1131 2729 1188 2775 et
1225 2716 1412 2788 populi
1448 2716 1771 2787 religionem
1807 2714 1993 2769 animo

407 2813 762 2883 iniquissimo
785 2812 971 2869 ferens
992 2856 1007 2880 ,
1043 2814 1270 2869 Acbabo
1295 2813 1373 2868 ait
1402 2831 1415 2867 :
1445 2812 1532 2866 Ita
1556 2811 1679 2865 vivit
1710 2808 1993 2877 Dominus,

408 2914 467 2958 ut
500 2905 681 2975 pluuia
725 2921 831 2959 non
869 2906 1167 2970 descendet,
1209 2906 1311 2960 nisi
1344 2903 1416 2959 ad
1449 2917 1628 2975 preces
1668 2916 1833 2956 meas.
1866 2892 1997 2955 Herc

407 2997 661 3053 elocutus
686 3037 701 3063 ,
749 3013 816 3053 ex
865 2998 1128 3053 mandato
1167 2998 1264 3053 Dei
1294 2996 1361 3051 ad
1416 3002 1722 3050 torrentem
1747 2990 1991 3049 Cborath

408 3089 579 3158 abiit,
609 3090 705 3145 ubi
740 3106 770 3146 a
800 3091 985 3148 corvis
1014 3090 1297 3154 alebatur,
1326 3089 1421 3159 qui
1482 3101 1645 3143 mane.
1679 3100 1871 3156 panes,
1898 3100 1994 3141 ve-

409 3182 559 3252 speri
582 3197 778 3238 carnes
791 3182 867 3238 illi
888 3182 1214 3248 all'erebant;
1230 3190 1421 3253 potum
1440 3178 1721 3252 prmbebat
1745 3188 1992 3233 torrens:

408 3292 521 3347 quo
545 3277 823 3333 exsiccata
842 3317 858 3343 ,
896 3275 1265 3347 Sarephtbam
1295 3276 1410 3331 Deo
1442 3281 1703 3329 monente
1731 3272 1868 3336 abit,
1901 3287 1995 3326 ur-

407 3371 537 3427 bem
570 3372 716 3426 intra
747 3370 952 3442 Tyrum
983 3379 1041 3425 et
1080 3369 1344 3426 Sidonem
1385 3370 1549 3425 sitam
1578 3386 1591 3422 :
1624 3377 1753 3424 ante
1782 3381 1946 3439 quam
1974 3405 1991 3433 ,

407 3479 534 3519 eum
554 3463 607 3518 in
626 3463 915 3518 mulierem
933 3462 1225 3532 quamdam
1245 3462 1549 3527 incidisset,
1571 3468 1694 3516 orat
1716 3469 1775 3515 ut
1793 3474 1992 3530 aquam

407 3557 511 3614 sibi
543 3556 739 3613 aﬂ'erat
767 3576 778 3612 :
813 3572 936 3627 quae
961 3558 1092 3612 dum
1125 3556 1260 3622 abit,
1291 3565 1353 3612 ut
1378 3570 1576 3626 panem
1606 3553 1772 3610 etiam
1799 3553 1995 3609 afferat

408 3651 569 3722 petit.
630 3650 782 3706 Illam
810 3651 1088 3722 jurantem
1124 3649 1230 3705 sibi
1265 3649 1535 3721 pugillum
1563 3647 1834 3703 duntaxat
1859 3645 1994 3700 fari-

408 3759 495 3799 na:
518 3758 690 3799 unum
724 3758 867 3808 esse,
897 3753 954 3798 et
980 3742 1282 3813 pauxillum
1313 3742 1445 3807 olei,
1480 3738 1713 3811 proinde
1740 3753 1801 3793 se
1834 3738 1992 3792 abire

408 3834 478 3890 ad
519 3834 826 3906 colligenda
870 3844 1187 3899 sarmenta,
1236 3843 1299 3888 ut
1347 3833 1609 3904 exiguum
1654 3830 1841 3888 cibum
1883 3827 1991 3884 sibi

2097 2619 2388 2690 ἐφύτευσε,
2423 2623 2520 2674 καὶ
2547 2621 2714 2689 ἱερεῖς
2749 2620 2921 2691 αὐτῷ,
2965 2622 3060 2675 καὶ
3098 2620 3557 2694 ψευδοπροφήτας
3588 2642 3692 2678 κα-

2095 2712 2381 2784 τέστησεν.
2405 2711 2590 2767 Ἠλιού
2620 2714 2679 2768 δὲ
2717 2716 2745 2767 6
2783 2713 3075 2785 προφήτης
3098 2716 3162 2767 ἐκ
3195 2714 3406 2778 πόλεως
3450 2716 3691 2787 Θέσϐης,

2095 2804 2351 2877 ζηλώσας
2382 2805 2476 2859 ἐπὶ
2510 2808 2631 2871 ταῖς
2686 2805 2967 2871 ἀσεϐείαις
3007 2806 3103 2861 τοῦ
3141 2807 3408 2879 βασιλέως
3446 2809 3544 2863 καὶ
3588 2809 3690 2864 τοῦ

2096 2894 2250 2963 λαοῦ,
2269 2891 2393 2949 εἷπε
2418 2898 2557 2968 πρὸς
2573 2897 2782 2968 ’Δχαέιϐ
2805 2916 2819 2931 ·
2848 2901 2895 2952 Ζ
2901 2897 2936 2967 ᾖ
2966 2899 3200 2968 Κύριος,
3225 2904 3276 2956 εί
3304 2901 3478 2957 ἔσται
3500 2903 3701 2971 ὑετὸς,

2094 2989 2147 3041 sl
2179 2986 2266 3057 μὴ
2294 2987 2393 3043 διὰ
2416 2991 2607 3059 λόγου
2658 3007 2800 3060 μου.
2860 2990 2975 3044 Kai
3000 2990 3177 3046 ταῦτα
3204 2990 3397 3056 εἰπὼν,
3447 2993 3702 3064 ἀπῆλθεν

2095 3083 2155 3137 ἐν
2189 3082 2267 3153 τῷ
2291 3082 2582 3155 χειμάρρῳ
2604 3082 2789 3154 Χοράθ
2848 3083 2974 3137 κατ’
3001 3083 3224 3155 ἐντολὴν
3251 3086 3344 3139 τοῦ
3366 3084 3533 3140 Θεοῦ·
3563 3086 3703 3141 ἔνθα

2099 3175 2252 3248 παρά
2281 3175 2542 3247 κοράκων
2592 3176 2876 3247 ἐτρέφετο,
2912 3175 3119 3247 ἄρτους
3170 3176 3320 3248 αὐτῷ
3354 3176 3700 3249 κομιζόντων

2096 3266 2262 3340 πρωῒ,
2303 3267 2398 3322 καὶ
2436 3267 2604 3335 κρέας
2634 3266 2698 3320 τὸ
2748 3266 2974 3322 δειλινόν
3013 3281 3029 3297 ⁸
3067 3268 3168 3338 τήν
3207 3269 3264 3322 δὲ
3319 3269 3478 3323 πόσιν
3538 3270 3698 3341 αὐτῷ

2095 3358 2354 3433 ἐχορήγει
2377 3363 2405 3415 6
2436 3362 2741 3434 χείμαρρος
2761 3378 2777 3395 υ
2810 3354 2872 3417 οὗ
2904 3361 3293 3433 ξηρανθέντος,
3326 3366 3407 3426 είς
3435 3364 3702 3434 Σαρεφθά

2094 3454 2251 3509 πόλιν
2274 3451 2443 3510 οὖσαν
2469 3455 2674 3525 μεταξῦ
2709 3455 2941 3520 Σιδῶνος
2971 3459 3066 3509 καὶ
3100 3455 3281 3526 Τύρου
3312 3455 3391 3527 τῷ
3422 3456 3543 3528 Θεῷ
3571 3474 3703 3512 πει-

2097 3547 2324 3619 θόμενος
2375 3547 2585 3611 ἄπεισι,
2624 3548 2722 3601 καὶ
2774 3547 2883 3620 πρὸ
2914 3550 3013 3616 τῆς
3045 3548 3257 3613 πόλεως
3307 3550 3529 3618 γυναικί
3576 3567 3698 3604 τινι

2094 3639 2358 3711 ἐντυχὼν,
2390 3639 2537 3712 ὕδωρ
2568 3640 2720 3714 αὐτῷ
2758 3641 2988 3714 κομίσαι
3046 3642 3317 3699 ἱκέτευεν.
3363 3642 3450 3707 Ὠς
3485 3644 3531 3697 δ’
3562 3645 3702 3699 ἐπο-

2097 3730 2342 3801 ρεύετοή
2390 3731 2555 3803 γυνὴ,
2589 3734 2683 3786 καί
2707 3732 2876 3804 ἄρτον
2915 3732 3069 3804 αὐτῷ
3124 3734 3377 3803 ἐνεγκεῖν
3411 3735 3584 3803 ἠξίου.
3630 3738 3702 3791 Ἥ

2090 3823 2148 3877 δὲ
2186 3826 2316 3894 μιᾶς
2353 3823 2556 3899 δρακὸς
2601 3824 2837 3896 ἀλεύρου
2891 3825 3178 3896 ἐξώμνυτο
3235 3826 3532 3898 εὐπορεῖν,
3594 3832 3704 3885 καὶ

406 3937 467 3984 et
489 3927 680 3983 liberis
702 3937 899 3998 paret,
942 3943 1053 3998 quo
1081 3927 1376 3999 absumpto
1398 3968 1413 3993 ,
1445 3927 1587 3982 fame
1616 3924 1851 3998 perituri
1878 3923 1988 3979 sint

2095 3914 2439 3986 βραχυτάτου
2472 3916 2679 3982 ἐλαίου,
2711 3917 2807 3970 καὶ
2856 3915 3166 3982 συλλέξασα
3203 3916 3433 3992 ξυλάρια
3466 3920 3700 3976 ἀπιέναι

405 4020 512 4091 91
546 4030 603 4075 et
638 4022 766 4091 ipsi,
812 4020 1079 4092 preplteta
1113 4021 1260 4077 bono
1292 4021 1476 4076 animo
1507 4034 1631 4076 esse
1653 4020 1812 4092 jubet
1846 4037 1859 4073 :
1890 4033 1990 4074 nc-

379 4129 516 4184 _que
538 4113 731 4168 farinae
748 4113 978 4179 cistam,
1002 4129 1183 4185 neque
1205 4114 1312 4170 olei
1333 4114 1630 4186 ampullam
1649 4112 1989 4168 defecturam

404 4221 558 4270 esse,
582 4205 761 4262 donec
788 4207 977 4277 pluvia
1009 4206 1408 4264 descendisset.
1438 4208 1532 4261 Illa
1575 4206 1741 4278 igitur
1771 4215 1828 4261 et
1858 4220 1990 4276 pro-

405 4297 630 4368 phetam
668 4298 967 4371 hospitem,
991 4310 1047 4356 et
1091 4316 1150 4356 se
1190 4310 1247 4357 et
1281 4301 1489 4357 liberos
1510 4315 1642 4356 suos
1663 4299 1861 4370 exigua
1896 4299 1989 4354 illa

402 4386 581 4443 farina
617 4390 734 4455 alit,
759 4390 937 4446 donec
974 4390 1146 4448 iantes
1187 4393 1541 4462 praeterisset.
1567 4389 1836 4445 Caeterum
1877 4387 1990 4443 lilio

405 4492 508 4532 suo
534 4494 603 4533 ex
627 4478 821 4533 morbo
851 4479 1136 4546 defuncto,
1157 4481 1212 4535 in
1248 4481 1570 4551 prophetam
1609 4479 1986 4547 blasphemat;

404 4570 502 4623 sed
533 4570 624 4626 ille
654 4580 936 4627 mortuum
967 4574 1072 4627 sibi
1105 4588 1339 4643 puerum
1359 4575 1477 4628 dari
1503 4572 1661 4643 jubet
1689 4591 1703 4626 :
1732 4586 1897 4643 quem
1931 4573 1987 4627 in

404 4665 752 4719 ccenaculum
777 4704 791 4729 ,
829 4666 884 4719 in
915 4681 1025 4734 quo
1054 4665 1173 4737 ipse
1204 4666 1585 4722 diversabatur
1606 4706 1621 4731 ,
1654 4666 1903 4729 allatum,
1931 4666 1985 4720 in

402 4771 507 4811 suo
530 4756 734 4812 lectulo
761 4757 1020 4824 collocat,
1071 4759 1439 4828 invocatoque
1468 4758 1604 4822 Deo,
1636 4766 1693 4813 et
1719 4757 1987 4813 cadavere

403 4859 489 4904 ter
519 4848 718 4913 alllato,
759 4866 992 4920 puerum
1025 4851 1188 4906 matri
1236 4852 1441 4922 gratias
1485 4851 1663 4920 agenti
1707 4850 1983 4905 viventem

403 4941 668 4997 restituit.
707 4941 837 4997 Post
869 4943 985 4998 haec
1025 4943 1160 4999 Elia:
1194 4941 1421 4998 mandat
1450 4943 1625 5009 Deus,
1655 4950 1715 4996 ut
1760 4941 1986 4995 Acbabo

402 5034 668 5105 prxedicat
718 5033 837 5089 fore
885 5035 1486 5105 pluviam.lnvaluerat
1510 5042 1694 5089 autem
1722 5034 1985 5090 Samaria:

398 5138 458 5183 et
496 5128 552 5182 in
599 5136 711 5183 tota
754 5127 1039 5197 provincia
1082 5127 1275 5183 fames.
1322 5126 1585 5182 Achabus
1630 5126 1815 5196 itaque
1856 5141 1984 5181 cum

398 5220 576 5276 Abdia
610 5234 903 5277 (nconomo
943 5233 1068 5287 suo,
1096 5220 1218 5275 viro
1248 5219 1419 5285 bono,
1453 5219 1643 5274 exibat
1685 5218 1982 5290 quaesitum

398 5314 562 5384 equis
590 5314 708 5369 suis
734 5313 1021 5383 pabulum,
1053 5313 1215 5369 aliam
1243 5313 1359 5383 ipse
1387 5314 1552 5376 viam,
1579 5313 1741 5368 aliam
1772 5312 1982 5368 Abdias

399 5407 738 5476 ingrediens,
771 5407 1167 5478 investigantes
1191 5422 1259 5459 an
1287 5406 1341 5460 in
1366 5406 1615 5461 fontibus
1638 5414 1734 5460 aut
1761 5414 1981 5460 torren-

400 5499 550 5553 tibus
577 5499 780 5555 alicubi
818 5516 1044 5570 gramen
1078 5500 1418 5555 invenirent.
1446 5499 1638 5555 Abdize
1668 5499 1887 5554 obviam
1922 5499 1980 5553 lit

399 5591 579 5657 Elius,
614 5607 783 5661 seque
807 5595 917 5663 regi
944 5594 1170 5648 indicari
1194 5593 1371 5662 jubet.
1409 5593 1477 5647 At
1508 5593 1598 5648 ille
1651 5606 1778 5647 eum
1818 5607 1985 5647 accu-

401 5692 519 5738 rate
543 5684 612 5737 ab
634 5683 859 5738 Acbabo
880 5684 945 5739 ad
960 5685 1163 5740 caulem
1197 5684 1368 5755 quaeri
1401 5683 1732 5754 respondet,
1750 5698 1985 5738 monens

400 5786 463 5829 ut
487 5790 545 5832 se
581 5775 859 5829 occultet:
892 5791 958 5829 ac
990 5786 1216 5831 centum
1250 5777 1552 5847 prophetas
1584 5792 1613 5831 a
1644 5791 1704 5831 se
1732 5776 1873 5831 clam
1905 5775 1981 5831 ali

395 5881 455 5923 et
484 5869 826 5934 conservari,
862 5870 1082 5925 caateris
1116 5871 1375 5924 omnibus
1398 5886 1428 5924 a
1448 5870 1705 5926 chabele
1752 5870 1983 5924 interfe-

298 5959 306 5965 ’
403 5959 525 6018 etis.
566 5958 680 6018 Elia
737 5973 867 6016 vero
896 5958 1136 6029 iurante,
1173 5974 1233 6015 se
1264 5958 1358 6015 illo
1385 5957 1476 6015 die
1510 5959 1567 6016 in
1613 5959 1820 6016 Acbabi
1846 5974 1981 6016 con-

2095 4008 2401 4079 ποιήσουσα
2433 4009 2642 4081 μικρὰν
2671 4009 2881 4082 τροφὴν
2913 4010 3083 4081 ἐαυτῇ
3117 4013 3214 4065 καὶ
3247 4003 3361 4075 το⁸ἲς
3388 4013 3598 4080 παισὶν,
3624 4009 3699 4088 ἦς

2095 4101 2428 4173 ἐκλιπούσης
2460 4103 2555 4156 καὶ
2575 4103 2775 4166 αὐτοὺς
2805 4102 2950 4175 λιμῷ
2984 4104 3255 4159 ἐκλιπεῖν.
3299 4105 3359 4159 '0
3385 4105 3442 4160 δέ
3472 4109 3700 4180 προφή-

2093 4211 2196 4266 της
2223 4194 2450 4267 θαρῤεῖν
2483 4196 2622 4266 αὐτῇ
2650 4195 3003 4264 ἐγκελεύεται
3028 4211 3043 4225 ⁸
3087 4197 3224 4269 μηδὲ
3254 4198 3364 4268 γάρ
3413 4198 3698 4269 ἐκλείψειν

2095 4287 2327 4359 ἄλευρον
2358 4289 2422 4341 ἐκ
2469 4287 2564 4342 τοῦ
2599 4289 2831 4357 ἀγγείου
2889 4289 2985 4344 τοῦ
3039 4291 3204 4345 τοῦτο
3234 4292 3515 4363 φέροντος,
3564 4295 3699 4365 μηδ’

2094 4379 2276 4435 ἐλαιον
2304 4382 2368 4435 ἐκ
2397 4379 2499 4451 τῆς
2527 4381 2787 4451 ληκύθου,
2823 4382 2928 4448 ἓως
2977 4382 3208 4453 γένηται
3267 4384 3443 4448 ὐετός.
3487 4385 3552 4439 Ἡ
3600 4386 3694 4455 δὲ,

2095 4473 2449 4544 πορευθεῖσα,
2490 4474 2581 4528 τόν
2608 4493 2667 4528 τε
2691 4476 2983 4546 προφήτην
3012 4478 3146 4548 παρ’
3176 4478 3316 4550 αὐτῇ
3347 4477 3692 4547 ξενισθέντα,

2094 4565 2190 4620 καὶ
2218 4565 2440 4638 ἑαυτὴν,
2475 4568 2568 4621 καὶ
2600 4568 2665 4622 τὰ
2693 4568 2856 4622 τέκνα
2890 4571 2954 4622 ἐκ
2981 4568 3074 4623 τοῦ
3127 4568 3426 4641 βραχίστου
3464 4571 3688 4626 ἐκείνου

2094 4658 2323 4729 ἀλεύρου
2356 4659 2605 4730 ἔτρεφεν,
2638 4660 2784 4724 ἐωςδ
2816 4660 2974 4730 λιμὸς
3006 4662 3375 4733 παρελήλυθε.
3395 4664 3690 4735 Νοσήσαν·

2091 4766 2185 4812 τος
2217 4750 2275 4804 δὲ
2305 4751 2403 4804 τοῦ
2433 4750 2554 4805 υίοῦ
2585 4755 2685 4822 τῆς
2717 4753 2980 4821 γυναικὸς
3012 4754 3243 4826 ταύτης,
3271 4758 3368 4810 καὶ
3398 4757 3684 4829 θανόντος,

2093 4842 2439 4914 ἐϐλασφήμει
2471 4846 2611 4898 κατά
2637 4844 2732 4898 τοῦ
2766 4847 3051 4916 προφήτου
3089 4848 3297 4919 ἐκείνη.
3341 4850 3401 4903 '0
3440 4850 3498 4903 δὲ
3520 4850 3688 4923 6001’;-

2092 4955 2180 4990 ναι
2213 4937 2363 5007 αὐτῷ
2384 4938 2445 4990 τὸ
2475 4937 2734 5009 τεθνηκὸς
2761 4938 2976 4993 παιδίον
3000 4939 3192 5012 ⁴ᾔτησε.
3222 4942 3335 4997 Καὶ
3360 4942 3565 5012 λαϐὼν,
3597 4948 3687 5011 είς

2091 5030 2152 5084 τὸ
2182 5031 2434 5102 ὑπερῷον
2486 5031 2614 5085 ἔνθα
2643 5030 2778 5102 ᾠκει
2806 5033 3100 5103 ἀνήνεγκε,
3138 5035 3235 5090 καὶ
3265 5036 3420 5092 ἔθετο
3445 5038 3541 5091 ἐπὶ
3572 5038 3685 5109 τῆς

2092 5128 2281 5199 κλίνης
2340 5128 2508 5182 αὐτοῦ
2532 5144 2546 5157 ·
2578 5120 2697 5181 ’καὶ
2721 5129 2816 5182 τον
2849 5129 2984 5183 Θεὸν
3040 5131 3351 5197 ἱκετεύσας,
3384 5133 3683 5204 τρισσάκις

2091 5221 2396 5293 ἐνεφύσησε
2422 5222 2497 5294 τῷ
2542 5221 2740 5295 νεκρῷ,
2799 5222 2892 5276 καὶ
2928 5221 3187 5294 ἀνέζησε,
3219 5225 3316 5278 καὶ
3361 5223 3531 5279 ἔδωκε
3580 5225 3682 5281 τὸν

2089 5313 2258 5367 παῖδα
2288 5313 2469 5377 ζῶντα
2519 5316 2586 5385 τῇ
2637 5314 2939 5388 γειναμένῃ
2965 5331 2980 5347 ο
3033 5316 3067 5385 ή
3100 5315 3146 5369 δ’
3173 5315 3524 5387 ηὐχαρίστει.
3559 5319 3680 5373 Καὶ

2085 5405 2228 5476 μετά
2263 5405 2438 5459 ταῦτα
2470 5405 2777 5460 ἐνετείλατο
2811 5406 2887 5477 τῷ
2929 5407 3113 5462 Ἠλιού
3159 5409 3188 5461 6
3236 5408 3371 5473 Θεὸς
3402 5407 3679 5480 πορευθῇ·

2082 5515 2195 5563 ναι,
2234 5497 2335 5552 καὶ
2366 5501 2656 5569 προειπεῖν
2693 5498 2925 5570 Ἀχαὰϐ,
2967 5499 3045 5563 ὡς
3091 5500 3247 5554 ἔσται
3301 5501 3480 5565 ὐετός.
3525 5503 3582 5554 '0
3610 5502 3675 5555 δὲ

2082 5588 2241 5659 λιμὸς
2268 5589 2362 5641 ἐπὶ
2392 5588 2712 5659 Σαμάρειαν
2734 5589 2831 5642 καὶ
2857 5590 2958 5661 τὴν
2987 5589 3176 5661 χώραν
3211 5591 3432 5645 ἃπασαν
3465 5608 3677 5662 κεκρα-

2082 5679 2305 5734 ταίωτο.
2341 5681 2552 5751 Ἀχαάϐ
2584 5680 2645 5734 δὲ
2686 5680 2779 5734 τὸν
2810 5682 3100 5752 οἰκονόμον
3129 5682 3297 5737 αὐτοῦ
3331 5683 3501 5754 ἄνδρα
3530 5701 3677 5754 χρη-

2092 5774 2217 5828 στὸν
2251 5774 2609 5845 παραλαϐὼν,
2643 5772 2808 5845 ἀπῄει
2836 5775 2886 5827 εἰ
2935 5772 3088 5845 εὖροι
3135 5777 3250 5839 τοῖς
3277 5775 3470 5839 ἵπποις
3496 5775 3672 5846 χιλόν.

2089 5868 2201 5921 Καὶ
2225 5869 2254 5921 ὁ
2284 5868 2384 5937 μὲν
2408 5867 2576 5939 ἄλλην
2607 5865 2930 5938 ἀπῄειδδὸν,
2949 5866 3144 5939 ἐτέραν
3168 5867 3226 5921 δέ
3250 5868 3484 5933 Ἀϐδιού,
3515 5870 3677 5940 ἐρευ-

2090 5959 2290 6025 νῶντες
2326 5949 2426 6014 πού
2454 5960 2521 6015 ἂν
2558 5959 2768 6032 εὐροιεν
2791 5961 2986 6032 χόρτον
3019 5962 3077 6021 ἐν
3114 5963 3318 6033 πηγαῖς
3348 5961 3380 6033 ἢ
3433 5960 3672 6033 χειμαρ-
