4092 6398
347 403 424 466 181
1625 403 2034 466 ANNALIUM
2081 406 2219 465 LIB.
2261 404 2343 468 II.

3474 405 3579 463 182

341 517 461 586 ροις.
490 511 738 580 Συναντᾷ
770 508 948 564 τοίνυν
980 509 1060 581 τῷ
1084 509 1298 564 Ἀϐδιοῦ
1325 511 1351 564 6
1381 510 1594 575 Ἠλίας.
1630 514 1724 564 καὶ
1776 512 1896 583 ᾔτει

2001 521 2248 581 spcctum
2276 520 2602 577 venturum,
2635 510 2981 581 prmsentiam
3015 510 3135 578 eius
3187 509 3300 582 regi
3329 511 3569 566 nuntiat.

339 607 405 678 τῷ
432 604 633 676 βασιλεῖ
657 603 887 672 μηνύειν
915 603 1101 658 αὐτόν.
1140 604 1201 656 ’0
1229 602 1286 656 δὲ
1310 602 1406 657 καὶ
1435 603 1580 674 μάλα
1612 602 1898 673 ζητεῖσθαι

339 695 471 767 παρὰ
500 696 593 749 τοῦ
619 695 829 768 ’Λχαὰϐ
860 696 1045 764 ἔλεγεν
1069 696 1256 762 αὐτὸν,
1291 697 1377 750 ἵνα
1404 697 1607 762 ἀνέλοι,
1644 699 1693 752 εί
1723 696 1896 769 εὖροι.

338 791 434 844 Kal
457 789 800 860 κρύπτεσθαι
854 789 1269 857 συνεϐούλευεν,
1307 791 1461 861 ἔλεγέ
1491 809 1550 844 τε
1584 790 1679 846 καὶ
1735 792 1899 855 αὐτὸς

338 881 515 933 ἑκατὸν
542 882 827 949 προφήτας
868 880 1135 950 κρύπτειν
1179 884 1273 935 καὶ
1305 884 1549 953 τρέφειν,
1574 883 1670 937 καὶ
1703 881 1898 947 σώζειν

335 972 477 1028 οὕτω,
515 969 641 1032 τοὺς
670 970 866 1033 ἄλλους
889 970 1099 1034 πάντας
1128 972 1225 1041 τῆς
1257 971 1496 1035 Ἰεζάϐελ
1530 973 1892 1045 ἀνῃρηκυίας.

347 1063 397 1115 Ὀ
426 1060 477 1112 δὲ
504 1058 687 1129 ὤμοσε
735 1060 858 1115 κατ’
883 1063 1100 1133 ἐκείνην
1150 1063 1488 1135 ὀφθήσεσθαι
1529 1064 1631 1135 τὴν
1682 1063 1896 1135 ἡμέραν

333 1153 401 1223 τῷ
430 1153 651 1223 ’Δχαάϐ.
685 1155 961 1224 ’Δπῆλθεν
1015 1155 1110 1209 οὖν
1165 1157 1403 1222 ’Δϐδιοὺ,
1438 1157 1534 1211 καὶ
1585 1157 1893 1227 ἀπήγγειλε

334 1247 449 1315 περὶ
477 1244 577 1298 τοῦ
610 1245 771 1300 Ἠλία
813 1247 892 1318 τῷ
919 1246 1149 1318 βασιλεῖ.
1182 1250 1293 1303 Kal
1334 1247 1461 1302 ἰδὼν
1488 1248 1580 1301 τὸν
1607 1249 1896 1319 προφήτην

331 1338 546 1400 ἐκεῖνος,
604 1338 675 1391 Et
709 1338 895 1404 αὐτός
942 1338 1147 1403 ἐστιν,
1206 1340 1399 1410 ἧρετο,
1435 1342 1469 1393 ό
1520 1339 1899 1410 διαστρέφων

331 1427 426 1480 τὸν⁵
470 1429 711 1496 Ἰσραήλ
733 1447 751 1494 ;
777 1430 966 1494 Ἠλίας
991 1432 1070 1491 δὲ,
1105 1431 1189 1486 Σὺ
1214 1431 1481 1502 μᾶλλον,
1517 1428 1663 1494 εἶπε,
1688 1434 1785 1487 καὶ
1816 1428 1902 1486 οἷ-

330 1536 428 1585 κος
461 1520 573 1573 τοῦ
603 1523 830 1588 πατρός
859 1535 978 1575 σου
1023 1521 1416 1592 διαστρέφοιντο
1471 1523 1579 1576 τὸν
1617 1523 1773 1577 λαὸν
1795 1540 1899 1577 κα-

329 1611 665 1678 ταλιπόντες
715 1612 827 1666 τὸν
860 1614 1103 1682 Κύριον,
1161 1615 1260 1669 καὶ
1312 1613 1559 1683 ψευδεῖς
1616 1614 1902 1684 τιμῶντες

328 1706 507 1771 θεούς.
574 1704 738 1761 Ἀλλ’
800 1706 1087 1775 ἄθροισον
1123 1709 1210 1773 είς
1261 1708 1331 1763 τὸ
1391 1708 1740 1778 Καρμήλιον
1795 1709 1903 1762 τὸν

324 1797 483 1862 λαόν,
542 1796 643 1851 καὶ
686 1798 833 1863 τοὺς
865 1800 1016 1866 σοὺς
1062 1799 1396 1870 προφήταςν
1435 1800 1535 1855 καὶ
1591 1800 1737 1866 τοὺς
1786 1802 1899 1871 τῆς

329 1884 628 1957 γυναικός.
691 1886 919 1944 Πάντων
968 1886 1025 1942 δὲ
1075 1888 1464 1954 συνελθόντων,
1492 1884 1649 1945 εἶπεν
1689 1892 1901 1961 Ἠλίας,

323 1979 391 2041 ὡς
405 1978 551 2048 Ἐγὼ
566 1981 757 2050 μόνος
774 1981 1208 2052 ὑπολέλειμμαι
1233 1983 1341 2038 τοῦ
1368 1983 1517 2039 Θεοῦ
1545 1985 1865 2055 προφήτης
1887 2002 1901 2018 ·

321 2073 371 2123 οἱ
397 2069 463 2123 δὲ
486 2070 995 2141 ψευδοπροφῆται
1046 2073 1283 2143 σφόδρα
1314 2074 1560 2130 πολλοι.
1617 2076 1760 2130 Δότε
1788 2072 1906 2133 οὖν

316 2180 410 2230 μοι
434 2165 605 2231 μόνῳ
627 2163 810 2228 βοῦν,
846 2165 947 2219 καὶ
998 2165 1208 2232 αὐτοῖς
1253 2167 1487 2222 ἅπασιν
1517 2167 1746 2238 ἕτερον,
1803 2170 1903 2224 καὶ

1998 604 2118 671 Qun
2154 604 2245 659 ille
2272 615 2607 675 conspecto:
2642 603 2786 658 Num
2810 612 2891 669 tu,
2937 602 3156 672 inquit,
3189 603 3234 657 is
3258 620 3332 667 es,
3369 607 3458 675 qui
3483 605 3576 658 de-

2000 704 2194 767 pravat
2225 697 2485 752 Israelem
2506 698 2532 751 ?
2562 696 2662 753 Cui
2688 696 2837 751 Elias
2861 711 2879 750 :
2907 696 2982 750 Tu
3017 696 3219 767 potius,
3253 695 3435 766 inquit
3458 738 3471 759 ,
3527 709 3597 749 er

1997 790 2184 844 domus
2222 791 2390 859 patris
2419 790 2517 855 tui,
2546 787 2799 859 populum
2833 787 3158 858 depravatis.
3184 787 3366 842 relicto
3394 786 3579 842 Domi-

1996 898 2084 946 no,
2119 881 2280 953 falsos
2307 882 2428 936 deos
2458 890 2785 936 venerantes.
2819 880 3011 935 Verum
3040 878 3326 950 populum,
3370 888 3421 932 et
3464 891 3578 933 tuos

1996 975 2276 1041 nxorisque
2299 982 2404 1028 tua?
2423 975 2702 1044 prophetas
2726 975 2782 1028 in
2805 981 3033 1027 montem
3067 970 3373 1028 Carmelum
3392 988 3583 1026 convo-

1996 1072 2137 1119 cato.
2168 1064 2381 1131 Quibus
2429 1066 2691 1121 omnibus
2737 1066 3051 1135 congressis
3071 1105 3085 1131 ,
3118 1065 3267 1121 Elias
3295 1066 3371 1120 ait
3399 1083 3413 1119 :
3464 1065 3587 1136 Ego

1995 1157 2141 1212 solus
2183 1157 2400 1213 Domini
2449 1159 2702 1229 propheta
2760 1165 3059 1227 superstes:
3114 1156 3581 1228 pseudoprophetis

2001 1257 2180 1300 autem
2224 1247 2447 1317 plurimi
2483 1256 2630 1303 sunt.
2684 1246 2788 1302 Sed
2822 1249 2945 1301 date
2970 1246 3072 1301 soli
3114 1248 3242 1301 mihi
3275 1246 3485 1313 liorem,
3530 1250 3581 1301 et

1999 1335 2108 1391 illis
2138 1339 2382 1393 omnibus
2410 1337 2661 1403 alterum,
2694 1338 2884 1409 quibus
2908 1337 3221 1401 immolatis,
3248 1338 3487 1392 uictimas
3520 1337 3586 1390 li-

2000 1432 2117 1500 gnis
2146 1429 2502 1495 imponamus,
2531 1431 2651 1501 igne
2681 1444 2785 1484 non
2810 1430 3069 1493 adhibito,
3094 1445 3158 1482 ae
3177 1445 3335 1483 suum
3360 1429 3584 1499 quisque

2001 1519 2171 1575 Deum
2201 1522 2464 1576 invocato.
2491 1520 2530 1574 Α
2569 1536 2672 1592 quo
2707 1529 2889 1576 autem
2913 1521 3051 1592 ignis
3090 1519 3234 1573 ultro
3285 1518 3537 1591 effulserit
3565 1560 3580 1581 .

2000 1619 2052 1664 et
2095 1610 2241 1683 ligna
2295 1628 2415 1666 eum
2464 1612 2690 1667 victimis
2731 1613 3003 1678 cremarit,
3035 1612 3080 1665 is
3123 1625 3277 1664 verus
3316 1609 3588 1681 iudicetur

2001 1703 2165 1758 Deus.
2187 1702 2303 1759 Hac
2321 1704 2573 1759 oratione
2598 1719 2629 1759 a
2652 1704 2859 1775 populo
2886 1704 3198 1761 collaudata
3217 1743 3233 1769 ,
3263 1717 3389 1759 cum
3422 1702 3580 1773 igno-

2002 1796 2187 1850 miniaa
2214 1796 2531 1853 sacerdotes
2564 1797 2640 1853 ita
2676 1797 2959 1861 fecissent,
2993 1805 3073 1864 et,
3103 1796 3282 1851 vitulo
3337 1804 3589 1851 mactato

2003 1904 2069 1945 ac
2100 1889 2220 1945 sine
2247 1890 2372 1960 igne
2399 1888 2567 1961 lignis
2591 1889 2871 1961 imposito,
2902 1889 3118 1944 Baalem
3145 1904 3176 1943 a
3206 1887 3454 1943 diluculo
3486 1903 3584 1941 us-

2003 1998 2112 2053 que
2147 1982 2215 2039 ad
2255 1983 2541 2039 meridiem
2591 1983 2956 2043 invocassent.
2995 1983 3267 2054 propheta
3303 1997 3402 2052 per
3427 1981 3582 2037 deri-

2004 2091 2128 2133 sum
2154 2090 2251 2131 eos
2292 2075 2587 2142 hortatur,
2622 2087 2684 2131 ut
2713 2090 2971 2146 magnum
3022 2073 3501 2141 vociferarentur,
3536 2074 3583 2128 si

2006 2167 2239 2223 forsitan
2263 2167 2592 2225 dormitaret
2618 2167 2840 2223 illorum
2876 2166 3037 2230 deus,
3069 2174 3164 2221 aut
3202 2166 3326 2222 aliis
3346 2165 3586 2237 negotiis

320 2255 614 2320 θύσαντες
643 2254 789 2323 τοὺς
815 2256 995 2323 βόας,
1044 2255 1343 2328 ἐπιθῶμεν
1373 2257 1587 2326 ξύλοις
1612 2258 1685 2313 τὰ
1713 2260 1899 2330 θύμα-

2001 2269 2484 2332 essetoccupatus.
2504 2260 2642 2317 Cum
2671 2271 2857 2316 autem
2881 2260 3100 2316 assidue
3122 2259 3421 2332 “agitando
3443 2259 3584 2314 nihil

320 2360 419 2398 ια’
452 2345 579 2415 πῦρ
615 2345 685 2399 δέ
721 2363 791 2416 γε
828 2346 915 2416 μὴ
973 2346 1391 2419 ἐπενέγκωμεν
1420 2365 1435 2380 ο
1490 2352 1590 2405 καὶ
1638 2350 1897 2419 ἕκαστος

316 2434 714 2490 ἐπικαλεῖσθαι
744 2437 854 2491 τὸν
878 2437 1105 2491 οἰκεῖον
1130 2437 1301 2504 Θεὸν,
1330 2438 1430 2493 καὶ
1453 2440 1557 2509 ὑφ’
1582 2436 1656 2498 οὗ
1670 2441 1768 2496 -ἆν
1790 2445 1895 2497 αὐ-

319 2527 575 2596 τόματον
598 2527 722 2598 πῦρ
742 2528 1049 2598 ἐκλάμψῃ,
1080 2530 1179 2585 καὶ
1210 2532 1567 2600 καταπαύσῃ
1590 2542 1593 2545 ’
1618 2532 1694 2587 τὰ
1735 2534 1897 2598 «idola

317 2635 378 2672 rs
410 2620 506 2673 καὶ
539 2621 618 2674 τὰ
656 2620 908 2689 θύματα,
932 2620 1163 2687 ἐκεῖνος
1209 2622 1533 2693 λογιζέσθω
1563 2624 1711 2693 Θεὸς
1741 2626 1895 2696 ἀλη-

318 2709 441 2778 θής.
475 2710 748 2782 Ἐπῄνεσε
772 2713 834 2766 τὺ
860 2713 1066 2785 πλῆθος
1095 2713 1220 2779 τοὺς
1249 2714 1466 2784 λόγους,
1503 2718 1598 2772 καὶ
1626 2720 1894 2792 ἐποίησαν

316 2802 481 2867 οὕτως
511 2805 565 2857 οῖ
624 2804 793 2875 ἱερεῖς
847 2804 946 2875 τῆς
979 2805 1281 2878 αἰσχύνης,
1329 2808 1426 2863 καὶ
1475 2808 1739 2877 θύσαντες
1798 2817 1894 2870 τδν

320 2897 533 2968 μόσχον,
575 2897 674 2952 καὶ
711 2896 994 2961 ἐπιθέντες
1029 2900 1209 2966 ξύλοις
1268 2904 1397 2957 ἄνευ
1454 2904 1647 2975 πυρὸς,
1691 2909 1897 2963 ἐπεκα.

317 2986 499 3042 λοῦντο
536 2987 634 3042 τδν
685 2989 837 3043 Βαὰλ
867 2991 1110 3061 πρωῖθεν
1140 2995 1220 3057 εις
1252 2994 1626 3068 μεσημϐρίαν.
1660 2999 1892 3074 Μυκτη-

320 3081 477 3152 ρίζων
503 3082 565 3137 δὲ
625 3084 828 3149 αὐτοὺς
880 3087 909 3139 6
962 3088 1274 3161 προφήτης,
1333 3091 1479 3161 μέγα
1525 3092 1657 3166 βαᾷν
1706 3096 1896 3163 αὐτοῖς

316 3176 692 3241 συνεϐούλευε,
727 3177 803 3248 μή
831 3193 961 3232 ποτε
992 3179 1230 3252 καθεύδῃ
1285 3181 1473 3248 αὐτοῖς
1513 3186 1541 3239 6
1571 3184 1711 3253 θεὸς,
1745 3189 1780 3260 ἦ
1810 3206 1896 3255 τις

314 3267 539 3337 ἀσχολία
568 3266 722 3338 αὐτῷ
756 3269 928 3322 ἐστιν.
964 3268 1058 3333 Ὠς
1089 3270 1136 3323 δ’
1163 3270 1320 3326 οὐδὲν
1349 3272 1583 3339 ἐκείνοις
1614 3276 1894 3348 δεομένοις

315 3360 479 3415 πολλὰ
504 3360 858 3431 ἐπεραίνετο,
894 3364 924 3416 6
949 3364 1237 3435 προφήτης
1266 3364 1477 3421 δώδεκα
1504 3366 1688 3434 λίθους
1714 3370 1895 3425 λαϐὼν

315 3454 433 3509 καθ’
453 3455 698 3524 ἑκάστην
727 3453 926 3526 φυλὴν,
952 3454 1273 3529 ᾠκοδόμησε
1309 3457 1722 3532 θυσιαστήριον,
1746 3463 1894 3535 ὤρυ-

320 3544 376 3609 ξε
423 3543 752 3615 δεξαμενὴν,
783 3544 1069 3598 ἑστοίϐασε
1101 3548 1202 3610 τὰς
1240 3548 1502 3618 σχίδακας
1535 3546 1630 3605 ἐπὶ
1658 3553 1755 3608 τοῦ
1791 3555 1895 3627 βω-

323 3636 443 3708 μοῦ,
597 3636 794 3700 αὐταῖς
820 3634 889 3689 τὰ
926 3636 1100 3708 ἱερεῖα
1147 3614 1493 3709 ἐπενεγκὼν,
1535 3641 1681 3715 ὕδωρ
1706 3614 1898 3719 ἐπίχυ-
1921 3614 1966 3676 C

320 3727 472 3800 θῆναι
524 3726 608 3800 τῷ
662 3726 1035 3799 θυσιαστηρίῳ
1088 3727 1409 3797 ἐκέλευσεν,
1450 3729 1593 3786 ὥστε
1661 3734 1755 3789 xal
1798 3738 1897 3807 τὴν

318 3822 619 3893 δεξαμενὴν
676 3821 1061 3892 πληρωθῆναι.
1096 3822 1206 3876 Καὶ
1255 3824 1350 3877 ἐπὶ
1382 3825 1597 3889 τούτοις
1628 3829 1900 3886 ἐπεκαλέ-

320 3930 443 3969 σατο
467 3915 564 3970 τὸν
603 3911 761 3977 Θεὸν,
820 3913 916 3966 καὶ
954 3912 1066 3984 πῦρ
1110 3913 1406 3985 οὐρανόθεν
1438 3916 1531 3969 ἐπὶ
1577 3915 1671 3970 τὸν
1718 3919 1902 3991 βωμδν

318 4005 709 4077 κατενήνεκτο,
741 4003 962 4061 πάντων
993 4004 1268 4076 ὁρώντων,
1298 4005 1394 4063 καὶ
1420 4005 1520 4082 τὴν
1550 4008 1763 4078 θυσίαν,
1805 4012 1902 4069 καὶ

318 4100 382 4153 τὰ
405 4097 541 4165 ξύλα
570 4098 670 4151 καί
714 4097 843 4159 τοὺς
876 4095 1062 4161 λίθους
1112 4099 1418 4168 κατέφαγε,
1446 4101 1509 4155 τὸ
1539 4100 1688 4174 ὕδωρ
1715 4121 1775 4158 τε
1806 4108 1901 4159 xal

315 4190 405 4245 τδν
435 4190 590 4262 χοῦν.
640 4190 699 4243 '0
724 4188 854 4253 λαὸς
899 4190 947 4245 δ’
976 4190 1273 4260 ἐκπλαγεὶς
1298 4191 1495 4248 ἔπεσεν
1519 4195 1614 4249 ἐπὶ
1650 4194 1750 4268 τὴν
1775 4198 1900 4267 γῆν,

318 4280 415 4336 ἕνα
459 4281 600 4336 Θεὸν
653 4280 831 4352 ἀληθῆ
865 4298 926 4334 τε
986 4281 1081 4336 καὶ
1135 4283 1311 4352 μέγαν
1347 4283 1758 4357 ὁμολογοῦντες.
1793 4290 1904 4344 Kal

318 4374 683 4437 συλλαϐόντες
711 4374 841 4438 τοὺς
877 4373 1357 4445 ψευδοπροφήτας,
1407 4378 1766 4445 ἀπέκτειναν,
1801 4396 1900 4434 του

318 4466 603 4537 προφήτου
639 4464 1024 4529 κελεύσαντος.
1056 4462 1193 4520 Eine
1225 4467 1283 4522 δὲ
1306 4466 1383 4539 τῷ
1409 4468 1639 4540 βασιλεῖ,
1678 4472 1756 4536 ὡς
1782 4470 1903 4529 licet

319 4558 456 4627 μετὰ
492 4555 698 4629 μικρὸν
723 4557 753 4608 6
781 4556 935 4620 Θεός.
976 4557 1086 4611 Kal
1115 4559 1310 4628 γέγονε
1352 4559 1495 4614 κατὰ
1524 4561 1624 4634 τὴν
1653 4563 1904 4639 πρόρρη-

317 4665 400 4701 σιν
451 4647 628 4702 αὖτοῦ
667 4648 923 4719 ῥαγδαῖος
957 4648 1187 4721 δμϐρος.
1247 4650 1655 4725 Ἀπειλησάσης
1697 4655 1755 4710 δὲ
1804 4658 1905 4729 τῆς

325 4738 570 4803 Ἰεζάϐελ
594 4739 813 4793 ἀνελεῖν
836 4740 932 4793 τὸν
956 4740 1150 4793 Ἦλίαν
1174 4780 1189 4805 ,
1223 4741 1492 4813 φοϐηθεὶς
1532 4745 1561 4797 6
1589 4748 1903 4817 προφήτης,

313 4829 511 4902 ἔφυγεν
542 4833 645 4887 καὶ
672 4834 733 4885 ὲν
753 4836 819 4905 τῇ
850 4834 1045 4905 ἐρήμῳ
1078 4833 1372 4904 γενόμενος
1427 4836 1659 4907 ἀθυμῶν
1690 4839 1905 4894 ἀποθα-

2006 2355 2367 2426 proﬁcerent,
2403 2354 2674 2425 propheta
2708 2354 3003 2410 duodecim
3034 2353 3178 2409 saxis
3203 2368 3305 2424 pro
3338 2353 3582 2408 tribuum

2004 2462 2239 2503 numero
2261 2448 2524 2511 sublatis,
2554 2449 2727 2502 altare
2754 2445 2863 2517 92
2883 2447 3119 2513 struxit,
3148 2446 3400 2505 scrobem
3442 2445 3587 2501 etl‘o-

2004 2535 2126 2602 dit,
2172 2535 2320 2607 ligna
2374 2535 2431 2590 in
2481 2534 2641 2590 altari
2684 2534 2953 2605 digessit,
2987 2535 3244 2591 victimas
3269 2534 3536 2605 imposuit
3566 2575 3589 2602 ,

2002 2640 2200 2697 aquam
2235 2627 2291 2681 in
2318 2626 2491 2683 altare
2509 2618 2724 2682 edundi
2744 2627 2934 2699 jussit,
2979 2636 3041 2682 ut
3068 2625 3261 2683 scrobs
3288 2626 3457 2682 etiam
3482 2626 3587 2682 im-

2002 2721 2270 2790 pleretur.
2301 2719 2399 2777 His
2431 2720 2707 2789 peractis,
2741 2719 2999 2775 invocato
3027 2719 3295 2787 Numine,
3329 2719 3473 2791 ignis
3502 2719 3594 2774 vi-

2002 2811 2266 2869 dentibus
2295 2812 2559 2867 omnibus
2585 2811 2653 2867 de
2682 2812 2827 2867 coelo
2855 2811 2909 2866 in
2944 2826 3094 2867 aram
3129 2811 3367 2879 delatus,
3414 2818 3471 2867 et
3498 2810 3586 2866 v'r-

2003 2904 2198 2961 ctimas
2221 2911 2280 2960 et
2307 2902 2521 2974 lapides
2547 2918 2654 2958 una
2685 2917 2811 2957 cum
2836 2917 2979 2972 aqua
3001 2910 3059 2958 et
3086 2902 3313 2974 pulvere
3334 2915 3588 2956 consum-

2001 2999 2131 3069 psit.
2164 2997 2284 3066 Quo
2326 3004 2586 3068 portento
2618 3003 3013 3052 consternatus
3047 2994 3288 3066 populus
3316 3034 3331 3061 ,
3374 3009 3599 3067 pronus

2003 3092 2058 3148 in
2075 3100 2274 3147 terram
2292 3089 2514 3157 cecidit,
2535 3078 2707 3145 unum
2722 3103 2844 3145 esse
2863 3089 3029 3144 Deum
3047 3102 3236 3143 verum
3256 3096 3311 3144 et
3327 3102 3606 3159 magnum-

2001 3182 2368 3241 coniitentes:
2402 3183 2631 3254 etjussu
2677 3181 2984 3253 prophetat,
3023 3180 3283 3236 manibus
3316 3179 3371 3235 in
3404 3180 3584 3250 impo-

2003 3287 2186 3333 stores
2212 3276 2339 3331 illos
2360 3283 2517 3331 vates
2546 3274 2783 3345 injectis,
2806 3289 2999 3329 omnes
3014 3273 3360 3330 occiderunt.
3377 3272 3587 3328 Deinde

2002 3365 2118 3438 regi
2149 3366 2284 3421 dicit
2312 3362 2463 3421 Elia's
2484 3407 2499 3429 ,
2532 3366 2706 3420 Deum
2737 3363 2902 3435 paulo
2934 3372 3062 3434 post
3106 3364 3406 3420 missurum
3460 3363 3599 3434 plu--

2001 3459 2167 3513 viam.
2204 3457 2396 3528 Itaque
2428 3444 2632 3511 factum
2658 3465 2778 3522 est,
2820 3464 2882 3511 ut
2917 3455 3281 3527 prredixerat,
3320 3462 3377 3509 et
3408 3453 3601 3509 imber

2004 3550 2303 3605 vehemens
2332 3549 2535 3618 erupit.
2559 3547 2667 3602 Sed
2694 3547 2947 3603 Jezabele
2978 3556 3213 3602 mortem
3242 3544 3321 3601 illi
3348 3547 3585 3601 commi-

1999 3649 2164 3704 nata,
2201 3640 2471 3709 propheta
2512 3639 2741 3694 territus
2769 3637 2939 3709 fugit,
2977 3648 3034 3694 et
3061 3639 3117 3692 in
3151 3638 3374 3694 deserto
3419 3652 3586 3709 agens
3626 3678 3631 3683 .

1999 3731 2489 3803 desperabundus,
2528 3739 2761 3787 mortem
2784 3747 2814 3787 a
2837 3730 2950 3786 Deo
2974 3730 3215 3801 expetit:
3263 3730 3590 3801 sopitusque

2001 3842 2031 3880 a
2060 3826 2299 3895 quodam
2317 3823 2859 3895 excitatur,juhente
2889 3838 3116 3894 surgere
3141 3830 3199 3878 et
3218 3823 3389 3878 vesci.
3428 3822 3589 3877 Videt

2002 3925 2185 3971 autem
2253 3929 2450 3985 panem
2529 3915 2844 3985 siligineum
2905 3915 3017 3971 illic
3064 3922 3123 3971 et
3182 3930 3406 3986 aquam.
3448 3915 3589 3971 Cum

2000 4010 2232 4071 edisset.
2262 4023 2460 4064 rursus
2492 4007 2816 4063 obdormiit.
2845 4007 3087 4079 Angelus
3111 4007 3299 4063 denuo
3330 4023 3456 4062 eum
3492 4023 3588 4063 ve-

2002 4107 2080 4162 sci
2099 4105 2276 4178 jubet,
2299 4100 2447 4178 quod
2466 4101 2517 4162 ei
2547 4115 2802 4178 magnum
2828 4100 2935 4154 iter
2958 4099 3147 4154 instet.
3185 4099 3398 4155 Rursus
3419 4100 3605 4168 igitur

2003 4198 2129 4253 cibo
2156 4209 2379 4269 sumpto
2399 4238 2415 4263 ,
2446 4210 2504 4255 et
2548 4200 2887 4270 recuperatis
2915 4208 2982 4255 ex
3012 4207 3080 4248 eo
3107 4191 3353 4254 Viribus,
3394 4192 3589 4247 diebus

2003 4289 2367 4360 quadraginta
2425 4290 2713 4355 ambulat,
2767 4292 2911 4347 etin
2967 4290 3287 4348 Chorebum
3347 4293 3587 4345 montem

2004 4381 2310 4452 prolectus,
2341 4393 2561 4440 antrum
2595 4382 2927 4455 ingreditur.
2953 4382 3031 4439 lbi
3057 4400 3192 4439 voce
3219 4385 3443 4441 audita:
3477 4384 3601 4440 Cur

2004 4482 2064 4521 eo
2087 4469 2318 4523 uenisti?
2347 4469 2647 4540 respondet
2672 4487 2687 4525 :
2711 4469 2842 4527 Cum
2871 4471 2965 4527 Dei
2988 4474 3164 4528 studio
3191 4483 3335 4529 vates
3366 4474 3590 4529 Iezabe-

2007 4557 2074 4614 lis
2120 4560 2438 4627 occiderim,
2478 4560 2576 4616 illa
2624 4578 2704 4616 me
2728 4563 2799 4617 ad
2838 4580 3014 4619 necem
3056 4568 3326 4634 quwritat.
3374 4567 3512 4621 Tum
3547 4569 3591 4624 is

2006 4652 2168 4722 cuius
2191 4668 2384 4710 vocem
2408 4653 2666 4710 audierat
2708 4655 2894 4712 denuo
2920 4658 2998 4712 illi
3030 4659 3108 4713 ait
3134 4678 3149 4717 :
3178 4660 3309 4714 Cras
3332 4677 3587 4732 egressus,

2004 4754 2146 4800 stato
2181 4761 2363 4800 coram
2393 4744 2638 4801 Domino.
2659 4747 2798 4802 Cum
2841 4749 2913 4803 ita
2940 4748 3181 4813 fecisset,
3212 4761 3433 4806 ventum
3462 4767 3590 4806 sen-

2010 4840 2079 4893 tit
2115 4847 2171 4893 et
2218 4838 2650 4894 concussiouem
2676 4880 2693 4908 ,
2750 4851 2807 4896 et
2852 4841 3034 4911 ignem
3094 4843 3381 4898 ardentem
3417 4843 3588 4898 videt.

314 4924 419 4975 νεῖν
443 4923 664 4977 ἱκέτευε
685 4922 779 4976 τὸν
805 4922 959 4980 Θεόν.
994 4924 1297 4995 Κοιμηθεὶς
1324 4924 1404 4991 δὲ,
1429 4926 1724 5002 διυπνίσθη
1748 4932 1900 5004 παρά

2006 4929 2219 4986 Deinde
2250 4928 2360 4984 levi
2387 4943 2522 4984 aura
2561 4941 2774 4997 exorta,
2806 4946 2873 4987 ex
2917 4948 2983 4988 ca
3012 4947 3207 4989 vocem
3265 4934 3423 4989 audit
3470 4950 3594 5004 qua:

313 5028 454 5077 τινος
508 5016 839 5085 ἀναστῆναι,
893 5014 991 5070 καὶ
1024 5018 1222 5085 φαγεῖν
1275 5017 1427 5089 αὐτῷ
1485 5019 1898 5092 ἐπιτρέποντος.

2006 5023 2211 5078 reverti
2234 5022 2486 5093 iubebat,
2505 5031 2563 5078 et
2580 5022 2875 5080 Asahelem
2896 5024 3067 5099 Syrias
3092 5042 3275 5099 regem
3299 5027 3590 5097 inungere.

326 5105 454 5176 Ὁρᾷ
495 5105 556 5158 δὲ
588 5106 687 5158 καὶ
721 5105 982 5178 ὀλυρίτην
1031 5107 1199 5178 ἄρτον
1243 5109 1384 5177 ἐκεῖ,
1442 5111 1537 5164 καὶ
1586 5111 1750 5186 ὕδωρ.
1787 5115 1900 5170 Kal

2003 5124 2060 5171 et
2093 5115 2291 5171 Jehum
2326 5129 2508 5186 regem
2539 5114 2782 5179 lsraelis.
2811 5126 2869 5172 ct
2895 5117 3154 5173 Elisamm
3179 5135 3281 5174 suo
3308 5119 3431 5173 loco
3465 5134 3594 5187 pru-

316 5198 522 5264 φαγὼν,
555 5198 830 5270 ἐκοιμήθη
851 5197 1037 5263 πάλιν,
1066 5201 1162 5253 καὶ
1190 5200 1347 5265 αὖθις
1375 5204 1404 5255 6
1430 5202 1663 5271 ἄγγελος
1702 5209 1899 5275 φαγεῖν

2001 5204 2245 5274 phetaiu,
2265 5204 2360 5274 qui
2388 5202 2585 5271 impios
2605 5205 2843 5261 deleturi
2866 5219 3072 5263 essent.
3091 5209 3396 5278 Regressus
3422 5206 3602 5272 Elius,

314 5285 460 5356 αὐτῷ
515 5287 893 5355 ἐγκελεύεται,
933 5288 1012 5352 ὠς
1061 5289 1264 5362 πολλῆς
1317 5291 1469 5361 αύτῷ
1522 5296 1896 5367 προκειμένης

2001 5295 2667 5367 quemadmodumjussus
2690 5298 2890 5365 fuerat,
2918 5300 3171 5354 Elisaeum
3211 5308 3459 5353 arantem
3506 5298 3563 5351 in

314 5378 452 5432 ὁδοῦ.
507 5381 619 5433 Καὶ
653 5379 820 5434 πάλιν
869 5381 927 5435 δὲ
978 5382 1172 5452 φαγὼν
1212 5386 1308 5437 καὶ
1345 5385 1641 5456 ἐνισχύσας
1679 5389 1745 5441 ἐκ
1787 5390 1892 5459 τῆς

2001 5388 2174 5443 venit:
2191 5389 2279 5444 cui
2294 5405 2420 5446 cum
2440 5392 2614 5447 vellus
2630 5407 2791 5447 suum
2812 5391 3111 5462 iniecisset.
3130 5391 3241 5453 ille,
3257 5390 3466 5446 relictis
3479 5407 3596 5445 ou:-

312 5470 519 5541 τρτφῆς
564 5471 808 5542 ικείνης,
860 5473 1134 5545 ἐπορεύθη
1186 5476 1402 5548 ἡμέρας
1449 5478 1886 5548 τεσσαράκοντα.

2001 5478 2183 5534 nibus.
2209 5496 2335 5535 eum
2360 5482 2632 5552 sequitur,
2657 5483 2724 5537 ad
2752 5482 3085 5537 vaticinandi
3120 5498 3322 5538 munus
3342 5492 3587 5538 evectus.

317 5560 420 5615 Kal
453 5562 752 5633 γενόμενος
784 5565 845 5619 ὲν
871 5565 949 5637 τῷ
974 5567 1092 5639 ὄρει
1122 5567 1350 5639 Χωρὴὸ,
1381 5570 1632 5641 εἰσῆλθεν
1698 5575 1776 5636 εἰς
1818 5572 2110 5642 σπήλαιον,
2139 5574 2238 5628 καὶ
2267 5576 2452 5644 φωνῆς
2484 5575 2686 5645 ἤκουσε
2710 5592 2724 5606 ·
2800 5576 2862 5630 Τί
2899 5574 3313 5647 παραγέγονας
3372 5575 3587 5629 ἐνταῦ-

321 5656 423 5719 θίτ
464 5657 528 5708 '0
555 5657 615 5710 δὲ
644 5657 772 5728 ἔφη·
809 5658 940 5713 Ὅτι
967 5658 1244 5728 ζηλώσας
1289 5661 1525 5716 ἔκτεινα
1572 5663 1714 5728 τοὺς
1753 5663 2068 5734 προφήτας
2108 5664 2218 5734 τῆς
2246 5663 2524 5728 Ἰεζὰὅελ,
2556 5666 2592 5733 ἡ
2631 5664 2701 5719 δὲ
2750 5665 2913 5735 ζητεῖ
2929 5682 3007 5737 με
3069 5667 3333 5723 κτανεῖν.
3407 5669 3466 5721 ’0
3527 5668 3588 5720 δὲ

328 5748 672 5819 ιρηματίζων
729 5748 886 5807 εἶπεν
938 5754 1093 5821 αὖθις
1150 5758 1301 5828 αὐτῷ
1329 5774 1347 5791 ⁶
1379 5758 1632 5823 Ἔξελθε
1700 5760 1934 5827 αὔριον,
1978 5763 2078 5814 καὶ
2133 5761 2314 5827 στῆθι
2363 5757 2624 5813 ἐνώπιον
2653 5762 2892 5829 Κυρίου.
2963 5762 3072 5816 Καὶ
3108 5763 3366 5835 ἐποίησεν
3411 5762 3588 5827 οὕτως

331 5845 412 5896 sal
444 5844 769 5901 αἰσθάνεται
816 5849 1131 5919 πνεύματός
1179 5867 1238 5906 τε
1271 5851 1365 5905 καὶ
1411 5852 1767 5923 συσσεισμοῦ,
1839 5854 1934 5908 καὶ
1969 5854 2073 5925 ὁρᾷ
2107 5852 2397 5924 καιόμενον
2437 5852 2567 5926 πῦρ.
2607 5847 2741 5909 Εἶτα
2776 5854 2983 5923 λεπτῆς
3033 5853 3210 5927 αὔρας
3242 5857 3581 5929 γενομένης.
