4092 6410
437 362 540 425 183
1739 369 2002 430 JOANNJ

2109 369 2425 432 ZONAR/E
3586 373 3688 434 184

428 477 619 531 ἀκούει
648 479 831 549 φωνῆς
867 479 1099 543 ἐκεῖθεν,
1127 479 1432 551 ἀνατρέψαι
1477 479 1805 549 κελευούσης
1829 477 1996 546 αύτῷ,
2039 477 2134 530 καὶ
2204 479 2393 550 χρῖσαι
2456 479 2682 548 βασιλέα
2707 479 2806 550 τῆς
2833 479 3036 551 Συρίας
3061 477 3154 533 τδν
3181 479 3405 552 Ἀζαὴλ,
3453 479 3549 534 καὶ
3596 481 3689 536 τὸν

438 574 583 644 Ἰηοὺ
633 573 860 644 βασιλέα
907 575 984 646 τῷ
1020 575 1262 646 Ἰσραὴλ,
1324 576 1418 630 καὶ
1461 575 1555 629 τδν
1619 574 1895 631 Ἐλισσαιέ
1943 573 2024 635 είς
2062 575 2350 646 προφήτην
2393 575 2512 630 ἀνθ’
2570 575 2790 638 ἐαυτοῦ,
2834 576 2884 628 οἳ
2911 577 3036 639 τοὺς
3068 575 3287 638 ἀσεϐεῖς
3334 574 3690 645 ὀλοθρεύσου-

429 687 533 724 σιν.
575 670 954 742 Ὑποστρέψας
991 672 1046 724 δὲ
1082 671 1268 734 Ἠλίας
1298 671 1374 736 ὡς
1420 672 1740 742 ἐκελεύσθη,
1781 664 1910 740 εὗρε
1947 669 2038 721 τὸν
2089 667 2392 723 Ἐλισσαῖον
2439 670 2825 742 ἀροτριοῦντα,
2883 671 2976 725 καὶ
3031 669 3330 743 ἐπέρριψεν
3381 668 3530 738 αὐτῷ
3592 669 3692 741 τὴν

429 764 683 832 μηλωτὴν
710 765 895 819 αὑτοῦ.
945 765 1004 818 '0
1033 765 1109 829 δέ,
1139 767 1459 822 καταλιπὼν
1487 767 1686 829 πάντα,
1714 762 2083 836 ἠκολούθησεν
2115 762 2264 833 αύτῷ
2291 765 2662 836 προφητεύειν
2693 763 2968 830 ἀξιωθείς.

496 856 634 912 XIV.
651 857 873 912 Interim
903 858 1181 925 Achabus,
1220 861 1433 915 vineam
1462 859 1700 915 Nabothi
1727 861 1842 914 suis
1863 855 2002 928 agris

2184 857 2275 913 IA'.
2312 861 2639 927 Ἀμπελῶνα
2669 859 2728 913 δέ
2785 859 3014 930 πλησίον
3043 857 3154 910 τῶν
3194 858 3377 928 ἀρχῶν
3407 859 3499 911 τοῦ
3538 858 3695 928 βασι-

425 947 829 1000 conterminam
882 947 966 1002 vel
1027 964 1212 1004 emere
1256 951 1340 1004 vel
1389 959 1701 1020 permutato
1748 948 2002 1017 accipere

2109 951 2246 1015 λέως
2279 951 2490 1022 Ἀχαάϐ
2543 951 2882 1020 κεκτημένος
2915 952 2941 1003 ὁ
2981 949 3278 1014 Ναϐουθαὶ,
3311 948 3531 1017 ¹Ιγξιοῦτο
3569 966 3656 1001 πω
3677 978 3688 988 -

427 1039 681 1109 cupiens,
715 1052 1008 1098 recusante
1038 1057 1378 1111 possessore,
1414 1043 1468 1096 in
1504 1042 1673 1098 animi
1720 1039 2002 1111 aegritudi-

2109 1043 2268 1113 λῆσαι
2289 1044 2453 1097 αὐτὸν
2479 1043 2555 1114 τῷ
2583 1043 2809 1112 βασιλεῖ,
2834 1041 2866 1112 ἦ
2899 1040 3245 1103 ἀνταλλάξαι.
3281 1041 3340 1092 '0
3360 1040 3416 1092 δέ
3436 1039 3536 1092 οὐκ
3555 1038 3695 1092 ἐπείη

430 1146 552 1186 nem
586 1131 800 1186 incidit.
833 1132 1004 1204 Cujus
1028 1133 1248 1190 Jezabel
1275 1135 1465 1189 edocta
1493 1149 1734 1196 causam,
1773 1135 1875 1186 sub
1901 1147 2002 1186 no-

2109 1135 2252 1199 θετο,
2284 1135 2380 1189 καὶ
2403 1137 2430 1188 ὁ
2460 1134 2712 1204 βασιλεὺς
2741 1133 2828 1187 διὰ
2849 1131 3008 1186 τοῦτο
3025 1131 3314 1200 λελύπητο.
3345 1128 3608 1183 Μαθοῦσα
3631 1129 3689 1182 δέ

431 1222 580 1278 mine
631 1226 776 1296 regis
823 1227 1037 1283 litteras
1069 1227 1136 1282 ad
1177 1243 1436 1297 proceres
1483 1226 1750 1295 regionis,
1793 1225 1845 1278 in
1897 1239 2004 1293 qua

428 1315 715 1373 Nabothus
739 1318 1043 1385 habitabat,
1071 1321 1401 1385 conscribit,
1431 1321 1636 1392 quibus
1663 1321 1816 1375 illum
1842 1335 2004 1374 accu-

429 1423 555 1463 sare
578 1409 958 1479 jubebantur,
994 1421 1054 1466 ut
1092 1413 1145 1467 in
1180 1414 1350 1468 Deum
1389 1422 1445 1468 et
1475 1429 1658 1484 regem
1713 1421 2007 1467 contume-

425 1499 578 1556 liosis
613 1502 794 1557 verbis
834 1520 1014 1571 usum,
1050 1519 1134 1571 ac,
1176 1504 1330 1560 falsis
1381 1505 1614 1561 testibus
1651 1503 2004 1568 subornatis,

2119 1228 2355 1291 Ἰεζάϐελ
2409 1228 2512 1295 τῆς
2561 1226 2740 1295 λύπης
2791 1225 2850 1280 τὸ
2901 1226 3099 1286 αἴτιον,
3133 1223 3354 1294 γραφὴν
3395 1222 3699 1291 ἐποιήσατο

2108 1323 2181 1384 ὡς
2211 1320 2270 1386 ἐξ
2308 1319 2514 1392 Ἀχαάϐ
2569 1320 2650 1382 εἰς
2701 1317 2829 1381 τοὺς
2867 1316 3202 1387 προέχοντας
3254 1314 3352 1384 τῆς
3399 1311 3606 1384 χώρας,
3631 1312 3691 1365 ἐν

2107 1407 2141 1486 ᾖ
2182 1409 2420 1483 κατῴκει
2443 1411 2472 1464 ὁ
2501 1406 2802 1470 Ναϐουθαὶ,
2836 1405 3266 1475 ἐγκελευομένην
3299 1403 3481 1466 αὐτοῖς
3517 1417 3687 1470 κατη-

2109 1505 2342 1575 γορῆσαι
2376 1501 2473 1556 τοῦ
2520 1499 2713 1568 ἀνδρὸς
2757 1499 2832 1562 ὼς
2883 1497 3380 1568 βλασφημήσαντος
3425 1493 3566 1547 κατά
3594 1490 3691 1544 τοῦ

425 1593 693 1662 lapidare.
723 1595 829 1651 Eas
852 1597 1090 1667 litteras,
1109 1597 1259 1668 regio
1281 1598 1461 1669 sigillo
1488 1613 1770 1668 appresso,
1796 1598 2002 1664 adlillo

2109 1595 2245 1650 Θεοῦ
2265 1597 2358 1648 καὶ⁵
2371 1591 2465 1645 τοῦ
2489 1589 2776 1661 βασιλέως·
2793 1589 2885 1642 καί
2909 1605 3059 1650 τινας
3081 1586 3503 1658 παρασκευάσαι
3525 1601 3695 1636 κατα-

425 1687 594 1742 mittit
621 1703 635 1740 :
660 1687 768 1758 93
796 1689 910 1759 qui,
942 1691 1092 1761 jussa
1111 1691 1377 1758 exsecuti,
1398 1690 1712 1746 Nabothum
1731 1691 2002 1761 lapidibus

2112 1688 2462 1758 μαρτυρῆσαι
2513 1682 2703 1744 αὑτοῦ,
2733 1680 2830 1734 καὶ
2859 1679 3223 1751 καταλιθὰσαι
3253 1677 3436 1733 αὐτόν.
3473 1675 3694 1744 Ταύτην

424 1776 755 1834 obruerunt.
789 1781 930 1848 Quo
980 1782 1160 1849 facto,
1214 1782 1435 1838 Jezabel
1487 1782 1728 1840 Nabotlti
1789 1785 2002 1838 vineam

2110 1777 2330 1850 γραφὴν
2386 1779 2452 1846 τῇ
2497 1774 2756 1845 σφραγῖδι
2779 1772 2874 1826 τοῦ
2906 1772 3175 1841 βασιλέως
3204 1767 3690 1839 ἐπισημηναμένη,

423 1884 698 1939 occupare
742 1872 1027 1928 Achabum
1070 1875 1272 1943 jubet:
1313 1874 1432 1945 qui,
1462 1874 1580 1930 etsi.
1621 1874 1827 1930 caedem
1861 1875 2002 1930 illius

2110 1871 2319 1927 ἔστειλε
2345 1869 2484 1940 πρὸς
2499 1870 2625 1931 τοὺς
2649 1866 2873 1936 ἄνδρας.
2921 1865 3209 1918 Κάκείνων
3235 1861 3578 1930 ποιησάντων
3617 1858 3693 1920 ὡς

423 1972 565 2025 aegre
601 1957 831 2023 ferebat,
874 1967 1054 2017 tamen
1086 1961 1260 2017 vineae
1299 1962 1674 2032 haereditatem
1705 1963 1857 2018 adiit.
1889 1963 2002 2017 Ita-

2109 1957 2527 2027 ἐνετάλθησαν,ό
2543 1956 2641 2026 μὲν
2655 1953 2934 2007 Ναϐουθαὶ
2951 1951 3284 2021 κατελεύσθη
3300 1950 3691 2019 καὶτέθνηκενο

425 2065 532 2120 que
565 2050 713 2106 Elias
752 2051 821 2106 ad
870 2052 1024 2108 illum
1076 2054 1278 2110 missus
1323 2070 1353 2109 a
1383 2055 1540 2110 Deo:
1600 2054 1756 2121 Quia,
1807 2055 2002 2126 inquit,

2123 2052 2188 2107 'H
2209 2051 2253 2104 δ’
2297 2049 2534 2112 Ἰεζάϐελ
2565 2047 2974 2118 κληρονομῆσαι
2998 2045 3090 2098 τὸν
3119 2043 3420 2113 ἀμπελῶνα
3452 2041 3546 2094 τοῦ
3574 2041 3693 2094 Να-

428 2143 736 2200 Nabothum
783 2148 1055 2210 occidisti,
1113 2149 1280 2203 vinea:
1329 2149 1476 2204 illius
1531 2150 1828 2206 obtinenda:
1857 2167 2002 2222 ergo.

2111 2144 2306 2200 ϐουθαὶ
2333 2144 2413 2214 τῷ
2437 2141 2644 2213 Ἀχαάϐ
2681 2141 3005 2205 ἐνετέλλετο,
3031 2138 3282 2199 θανόντος
3298 2137 3525 2190 ἐκείνου.
3548 2135 3606 2187 '0
3637 2135 3695 2188 δέ

427 2246 707 2306 propterea
732 2239 806 2292 ait
832 2238 1120 2294 Dominus:
1141 2238 1255 2305 Quo
1288 2243 1343 2296 in
1378 2239 1490 2294 loco
1520 2244 1836 2312 sanguinem
1865 2242 2002 2298 illius

2113 2235 2361 2306 ἐλυπήθη
2383 2234 2470 2287 διά
2499 2233 2591 2286 τὸν
2615 2230 2799 2300 φόνον,
2824 2230 2912 2284 τὸν
2941 2227 3240 2298 ἀμπελῶνα
3268 2227 3322 2280 δέ
3355 2225 3692 2297 ᾠκειώσατο.

429 2326 703 2382 tinxerunt
731 2347 911 2393 canes,
971 2333 1153 2385 eodem
1186 2332 1240 2386 in
1270 2331 1382 2386 loco
1414 2342 1565 2387 tuum
1597 2335 1878 2404 umorisque
1904 2341 2002 2390 tum

2114 2327 2226 2382 Καὶ
2286 2325 2517 2390 Ἠλίας,
2573 2322 2933 2385 κελεύσαντος
2985 2319 3079 2373 τοῦ
3137 2318 3295 2381 Θεοῦ,
3351 2316 3515 2387 ἀπῄει
3561 2314 3697 2384 πρὸς

425 2420 742 2491 sanguinem
775 2421 976 2494 lingent
1020 2441 1200 2490 canes,
1241 2433 1294 2480 et
1339 2426 1636 2481 meretrices
1667 2429 1719 2480 in
1752 2429 2002 2498 sanguine

2111 2418 2341 2491 Ἀχαάϐ,
2377 2419 2576 2486 λέγων,
2607 2417 2737 2470 Ὀτι
2766 2415 3109 2485 ἐφόνευσας
3137 2414 3243 2465 τὸν
3278 2409 3573 2464 Ναϐουθαὶ
3599 2405 3698 2498 διὰ

428 2523 516 2566 tuo
558 2512 814 2568 lavabunt
841 2553 858 2581 ,
901 2517 1170 2586 omnisque
1215 2517 1425 2588 familia
1468 2529 1560 2574 tua
1607 2497 2002 2589 exstirpabitur.

2111 2513 2175 2566 τὸ
2206 2509 2384 2580 σχεῖν
2417 2509 2524 2563 τὸν
2554 2503 2885 2576 ἀμπελῶνα
2907 2505 3116 2570 αὐτοῦ,
3178 2503 3277 2557 διὰ
3326 2502 3502 2556 τοῦτο
3554 2497 3696 2552 τάδε

425 2599 638 2666 Quibus
686 2602 870 2658 verbis
908 2604 1267 2661 vehementer
1321 2608 1682 2668 contristatus
1726 2609 2002 2677 Achabus,

2110 2603 2276 2674 λέγει
2317 2604 2535 2670 Κύριος
2557 2615 2572 2631 °
2610 2602 2798 2655 Ἔνθα
2825 2601 2879 2653 ol
2915 2599 3096 2664 κύνες
3145 2597 3210 2650 τὸ
3263 2595 3501 2649 ἐκείνου
3541 2593 3700 2646 ἕλει-

425 2691 760 2749 lamentatus
783 2703 892 2761 est,
927 2696 1231 2768 indutoque
1258 2715 1418 2756 sacco
1439 2701 1727 2772 jejunavit,
1759 2702 2002 2760 facinora

2112 2699 2230 2764 ξαν
2255 2690 2417 2765 αἷμα,
2451 2693 2581 2748 ἐκεῖ
2605 2693 2708 2747 καί
2735 2692 2802 2746 τὸ
2834 2690 2951 2746 σὸν
2969 2685 3112 2759 αἷμα
3136 2689 3319 2742 καὶτὸ
3349 2685 3460 2753 τῆς
3490 2699 3698 2754 γυναι-

425 2801 524 2839 sua
573 2785 873 2844 detestans.
929 2789 1005 2846 Ea
1060 2792 1206 2862 regis
1239 2793 1562 2862 poenitentia
1607 2805 1810 2861 motus,
1863 2797 2002 2854 Deus

2111 2791 2221 2856 κός
2254 2805 2372 2850 σου
2397 2783 2816 2851 λείξουσι,κιιι
2862 2786 2922 2837 at
2961 2784 3177 2850 πόρναι
3234 2779 3570 2832 λούσονται
3623 2776 3696 2827 ἐν

425 2879 712 2950 prophetae
760 2883 1052 2954 significat,
1107 2901 1165 2940 se
1213 2902 1406 2956 pcenas
1452 2904 1590 2958 quas
1637 2892 2002 2947 comminatus

2111 2879 2192 2946 τῷ
2218 2878 2426 2948 αἵματί
2455 2893 2594 2941 σου,
2624 2877 2749 2929 ’καὶ
2786 2873 2952 2929 ἅπαν
3002 2874 3068 2926 τὸ
3124 2869 3302 2940 γένος
3350 2883 3467 2922 σου
3489 2867 3697 2958 ἐξολο-

427 2980 574 3028 esset
626 2989 732 3027 non
791 2976 860 3030 ab
907 2975 1000 3031 illo
1047 2979 1441 3047 expetiturum,
1474 2957 1484 2958 ί
1522 2980 1618 3036 sed
1667 2982 2002 3051 temporibus

2112 2969 2524 3040 θρευθήσεται.
2570 2965 2778 3035 Ἀχαάϐ
2824 2965 2869 3018 δ’
2922 2963 3016 3016 ἐπὶ
3079 2961 3290 3023 τούτοις
3343 2957 3694 3051 κατανυγεὶς,

432 3060 530 3115 lilii
563 3064 685 3134 ejus
711 3063 803 3118 illa
836 3064 1106 3120 facturum
1137 3081 1280 3122 esse.
1311 3068 1442 3123 Post
1474 3067 1590 3124 haec
1618 3050 1814 3125 Aderis
1840 3069 2002 3136 filius,

2113 3064 2368 3126 ἔκλαυσε,
2401 3059 2500 3115 καὶ
2553 3058 2756 3113 σάκκον
2793 3053 3172 3128 περιεϐάλετο,
3208 3051 3304 3104 καὶ
3343 3050 3693 3118 ἐνήστευσεν,

427 3149 598 3219 Syriae
623 3167 881 3215 rex,cum
905 3153 1116 3224 magnis
1137 3155 1311 3224 copiis
1335 3163 1390 3211 et
1413 3157 1602 3212 multis
1625 3157 2002 3228 auxiliaribus,

2110 3159 2202 3211 ἐπὶ
2235 3159 2346 3218 τοῖς
2379 3151 2797 3226 πεπραγμένοις
2823 3147 3292 3220 μεταμελόμενος.
3336 3143 3445 3197 Καὶ
3477 3143 3503 3194 ό
3562 3139 3696 3202 Θεὸς

428 3239 671 3296 Samaria
703 3243 990 3300 obsidione
1015 3244 1218 3309 cincta,
1246 3247 1456 3318 legatos
1479 3248 1544 3304 ad
1577 3249 1861 3305 Achabum
1885 3251 2008 3308 mit-

427 3334 512 3397 tit,
555 3334 647 3402 qui
696 3333 745 3388 ei
783 3335 1073 3391 dicerent:
1119 3337 1328 3393 Divitiae
1374 3349 1498 3401 tute.
1550 3349 1601 3395 et
1657 3359 1848 3397 uxores
1884 3352 2006 3406 tute,

426 3435 474 3479 et
525 3426 676 3480 liberi
714 3429 791 3481 tui
835 3445 950 3484 mea
993 3440 1113 3485 sunt
1144 3446 1164 3486 :
1201 3431 1334 3488 bello
1384 3436 1520 3488 enim
1567 3451 1630 3488 ea
1681 3439 1912 3504 capiam.
1947 3438 2008 3493 Si

423 3611 580 3665 dione
615 3612 901 3692 discedam.
935 3614 1194 3670 Achabus
1220 3616 1285 3671 ad
1333 3617 1488 3673 hmo:
1535 3619 1607 3673 Et
1640 3637 1757 3690 ego,
1804 3622 2004 3692 inquit,

424 3711 474 3754 et
505 3703 607 3755 mei
630 3687 806 3757 omnes
855 3705 932 3758 tui
955 3722 1174 3761 sumus:
1211 3723 1275 3763 ac
1304 3712 1620 3766 convocatis
1655 3712 1871 3782 imperii
1919 3715 2003 3769 sui

424 3793 764 3857 senioribus,
799 3795 974 3852 hostis
1013 3799 1340 3868 legationem
1375 3803 1626 3871 exponit.
1666 3803 1773 3859 Sed
1800 3807 2004 3876 populo

422 3901 550 3942 eum
587 3903 615 3942 a
648 3887 926 3944 deditione
979 3891 1290 3959 dehortato,
1345 3894 1535 3964 legatis
1582 3898 1900 3965 respondet,
1945 3916 2005 3956 se

423 3995 545 4049 qua:
581 3980 987 4049 postularentur
1032 3983 1212 4039 facere
1243 4000 1350 4040 non
1383 4002 1564 4056 posse.
1603 3988 1681 4043 Eo
1709 3987 1880 4060 Syriae
1910 4007 2003 4047 rex

419 4074 674 4130 nuntiato
701 4074 893 4142 iratus,
925 4076 1067 4132 vallo
1110 4077 1302 4133 urbem
1335 4079 1670 4136 circumdari
1734 4091 1790 4137 et
1839 4098 2004 4155 agge-

421 4169 578 4225 ribus
601 4170 745 4242 cingi
773 4171 952 4242 jubet.
978 4171 1114 4226 Cum
1143 4181 1322 4228 autem
1350 4183 1503 4229 vates
1525 4173 1748 4244 quidam
1779 4177 2003 4234 Achabo

421 4260 689 4332 dixisset,
738 4279 796 4319 se
860 4264 1190 4321 traditurum
1245 4265 1324 4321 illi
1375 4267 1562 4322 hostes
1609 4284 1734 4324 cum
1813 4270 2004 4339 pueris

420 4355 623 4411 ducum
685 4372 784 4413 cos
828 4357 1132 4423 invadenti,
1194 4374 1460 4414 numerus
1504 4375 1696 4415 eorum
1745 4359 2004 4416 inventus

419 4457 506 4503 est
547 4437 1032 4521 ducenti'triginta
1079 4451 1211 4515 duo,
1255 4467 1381 4506 cum
1417 4451 1621 4522 quibus
1653 4453 1798 4508 circa
1833 4454 2002 4508 meri-

420 4539 609 4607 diem,
660 4541 1082 4598 convivantibus
1144 4551 1202 4598 et
1266 4542 1532 4598 nebriatis
1590 4543 1866 4609 hostibus,
1919 4553 2004 4599 est

420 4647 693 4705 egressus.
711 4633 822 4688 Eos
855 4648 977 4686 cum
1004 4632 1172 4704 Syriae
1205 4649 1299 4688 rex
1322 4634 1570 4701 vidisset,
1601 4636 1866 4691 ministris
1889 4638 2005 4691 suis

2109 3251 2200 3304 διὰ
2220 3251 2320 3320 τὴν
2353 3249 2643 3320 μετάνοιαν
2673 3243 2839 3298 αὑτοῦ
2877 3242 2951 3313 μὴ
2997 3239 3222 3304 ἐπάξειν
3258 3235 3409 3307 αὐτῷ
3434 3233 3502 3288 τά
3532 3235 3696 3303 ἠπει-

2110 3344 2321 3415 λημένα
2353 3341 2589 3411 ἐδήλωσε
2615 3337 2694 3408 τῷ
2721 3336 2996 3407 προφήτῃ,
3030 3332 3148 3386 ἀλλ’
3185 3333 3242 3385 ἐν
3279 3331 3401 3390 ταῖς
3456 3327 3695 3397 ἡμέραις

2108 3431 2202 3485 τοῦ
2223 3429 2412 3491 παιδός
2440 3425 2603 3480 αὑτοῦ
2631 3424 2803 3480 ταῦτα
2824 3424 3085 3477 τελέσειν.
3121 3421 3181 3473 '0
3202 3419 3258 3472 δέ
3282 3417 3377 3472 τοῦ
3399 3415 3562 3486 ’Δδερ
3581 3415 3695 3476 υἱὸς

425 3535 546 3572 vero
573 3520 697 3574 mihi
731 3537 1050 3592 quteeuuqve
1073 3523 1281 3578 voluero
1304 3529 1638 3593 concesseris,
1665 3528 1841 3584 solum
1864 3531 2002 3585 obsi-

2115 3520 2372 3590 βασιλεὺς
2402 3517 2606 3588 Συρίας
2638 3513 3005 3586 ἐστράτευσεν
3041 3511 3133 3564 ἐπὶ
3185 3508 3506 3579 Σαμάρειαν
3555 3505 3695 3575 μετὰ

2112 3615 2340 3685 βαρείας
2369 3613 2654 3681 δυνάμεως
2682 3609 2776 3662 καὶ
2813 3605 3118 3677 συμμάχων
3161 3602 3393 3657 πολλῶν.
3449 3600 3564 3654 Καὶ
3592 3615 3692 3652 πο-

2109 3704 2565 3777 λιορκῶναύτὴν,
2597 3701 2812 3772 έπεμψε
2862 3700 2999 3772 πρὸς
3054 3695 3288 3768 Ἀχαάϐ,
3348 3694 3546 3762 λέγων,
3611 3693 3692 3744 ὅτι

2121 3801 2183 3854 '0
2211 3797 2477 3864 πλοῦτός
2523 3812 2641 3851 σου
2684 3795 2874 3848 καὶαι
2930 3789 3215 3860 γυναῖκές
3263 3804 3404 3848 σου,
3471 3785 3569 3838 καὶ
3619 3783 3694 3836 τὰ

2107 3895 2292 3948 τέκνα
2337 3908 2476 3955 σου,
2507 3889 2620 3960 ἐμά
2640 3890 2773 3943 ἐστι
2793 3904 2808 3920 ο
2826 3885 3099 3955 λήψομαι
3123 3883 3231 3953 γὰρ
3250 3883 3492 3948 πολέμῳ
3517 3876 3691 3930 αὑτά.

2112 3988 2213 4041 Ἂν
2237 3986 2287 4034 δ’
2307 3985 2423 4039 ὅσα
2437 3984 2750 4051 βούλωμαι
2772 3975 3334 4048 παραχωρήσῃς.ιιοι
3361 3972 3691 4040 λήψεσθαι,

2107 4083 2280 4135 λύσω
2311 4079 2427 4143 τὴν
2463 4077 2840 4145 πολιορκίαν.
2875 4073 2974 4126 καὶ
3001 4068 3438 4136 ἀπελεύσομαι.
3483 4062 3692 4134 ’Λχαάϐ

2106 4178 2182 4242 δὲ,
2219 4173 2411 4243 Κάγὼ,
2463 4170 2590 4242 ἐφη,
2647 4167 2745 4223 καὶ
2792 4169 2846 4221 οί
2875 4165 3004 4236 ἐμοὶ
3063 4161 3288 4226 πάντες
3341 4158 3444 4213 σοί
3480 4156 3690 4225 ἐσμεν.

2108 4268 2217 4322 Καὶ
2254 4263 2613 4336 συναθροίσας
2648 4261 2776 4324 τοὺς
2803 4257 3217 4330 πρεσϐυτέρους
3251 4251 3351 4321 τῆς
3413 4249 3540 4319 γῆς,
3591 4249 3692 4301 ὅσα

2109 4362 2246 4430 πρὸς
2276 4358 2440 4414 αὑτὸν
2477 4354 2819 4424 διεπέμψατο
2837 4354 2866 4407 ὁ
2895 4350 3155 4420 πολέμιος
3209 4342 3516 4408 ἀνεδίδαξε.
3541 4340 3614 4394 Τὸ
3631 4341 3688 4392 δὲ

2109 4450 2312 4517 πλῆθος
2354 4449 2429 4519 μὴ
2481 4445 2776 4514 πεισθῆναι
2833 4441 2985 4512 αὐτῷ
3035 4436 3481 4492 συνεϐούλευσεν.
3528 4433 3588 4484 Ὀ
3632 4431 3691 4482 δέ

2107 4545 2220 4605 τοῖς
2253 4540 2519 4613 πρέσϐεσι
2536 4537 2644 4592 τῶν
2674 4534 2953 4604 πολεμίων
2970 4529 3112 4598 εῖπε,
3146 4527 3501 4602 μὴδύνασθαι
3525 4525 3689 4596 ποιῆ-

2109 4649 2200 4685 σαι
2221 4632 2283 4684 τὸ
2314 4629 2738 4700 ἀπαιτούμενον.
2793 4624 2966 4678 Τοῦτο
3017 4621 3286 4692 ἀγγελθὲν
3348 4621 3427 4692 τῷ
3476 4621 3694 4691 βασιλεῖ

422 4726 698 4794 imperat,
758 4735 819 4780 ut
863 4724 930 4779 ad
989 4741 1049 4781 se
1103 4725 1316 4781 vinctos
1373 4727 1732 4783 adducerent.
1800 4727 2000 4784 Verum

2109 4724 2207 4792 τῆς
2239 4721 2462 4794 Συρίας,
2487 4723 2568 4785 είς
2598 4717 2769 4791 ὀργὴν
2807 4718 3018 4770 ἐκεῖνον
3036 4717 3278 4786 ἐκίνησε,
3324 4715 3418 4769 καὶ
3467 4715 3691 4786 χάρακα

422 4813 604 4885 pueri,
633 4814 757 4869 illos
791 4815 1056 4884 aggressi,
1083 4815 1284 4870 multos
1314 4815 1642 4871 occiderunt
1665 4834 1679 4870 :
1701 4833 1841 4887 quos
1859 4833 2001 4888 pone

2111 4809 2294 4876 βαλεῖν
2321 4809 2451 4879 περὶ
2472 4807 2570 4878 τὴν
2615 4807 2794 4873 πόλιν,
2841 4804 2938 4858 καὶ
2992 4802 3226 4874 χώματα
3262 4803 3503 4874 ἐγείρειν
3565 4804 3689 4891 ἐκέ-

423 4910 628 4957 δοοιιιιε
656 4901 828 4973 copiae
854 4903 1188 4979 Israeliticae,
1235 4904 1534 4977 derepente
1583 4905 1728 4963 facto
1764 4909 1997 4979 impetu,

2109 4903 2284 4956 λευσε.
2325 4902 2612 4972 Προφήτου
2644 4899 2701 4954 δέ
2732 4917 2877 4963 τινος
2903 4898 2983 4968 τῷ
3011 4897 3217 4968 ’Δχαάϐ
3249 4899 3521 4967 φήσαντος
3578 4914 3689 4951 πα-

425 4994 594 5067 Syros
645 4995 700 5050 in
744 4995 926 5065 fugam
979 4975 1356 5068 c'onjecerunt,
1421 4998 1559 5054 adeo
1612 5008 1673 5055 ut
1727 4998 1844 5070 ipse
1904 5016 2002 5056 rex

2109 4993 2378 5066 ραδιδόναι
2409 4994 2501 5046 τὸν
2528 4992 2661 5047 Θεὸν
2681 4992 2810 5054 τοὺς
2841 4989 3138 5061 πολεμίους
3191 4988 3340 5057 αὐτῷ
3381 4987 3522 5058 μετά
3577 4987 3687 5040 τῶν

421 5102 617 5142 eorum
641 5086 733 5141 vix
769 5085 1100 5142 elaberetur.
1137 5087 1270 5143 lude
1313 5104 1570 5145 reversus
1605 5091 1883 5158 Achabus,
1916 5093 2002 5147 di~

2109 5085 2406 5157 παιδαρίων
2427 5084 2534 5138 τῶν
2559 5084 2846 5156 ἡγεμόνων
2899 5081 3109 5136 ἐπιόντι
3157 5081 3365 5144 αὐτοῖς,
3400 5079 3684 5150 ἠρίθμησε

423 5177 601 5249 reptis
631 5177 875 5234 hostium
918 5179 1133 5246 castris,
1187 5180 1491 5237 Samariam
1523 5183 1687 5239 redit.
1734 5183 1835 5240 Cui
1871 5201 2002 5255 pro-

2109 5180 2170 5234 τά
2198 5179 2483 5249 παιδάρια,
2516 5179 2612 5232 καὶ
2639 5169 2767 5248 εῦρε
2791 5176 3041 5230 διακόσια
3072 5173 3372 5245 τριάκοντα
3399 5171 3512 5226 δύο.
3559 5170 3685 5225 Τῶν

422 5271 588 5340 pheta
620 5271 882 5343 Syrorum
917 5273 1323 5343 aggressionem
1365 5275 1548 5330 denuo
1592 5275 1861 5344 praedicit.
1896 5276 2001 5332 lta-

2109 5273 2154 5325 δὲ
2185 5271 2458 5340 πολεμίων
2483 5269 2895 5340 εὐωχουμένων,
2934 5267 3029 5321 καὶ
3076 5265 3385 5336 μεθυόντων
3410 5263 3553 5317 κατὰ
3587 5280 3687 5332 με·

422 5380 530 5432 quc
566 5365 806 5420 instante
859 5379 1010 5425 vere.
1065 5364 1234 5436 Syrus
1278 5365 1540 5421 lsraelitis
1583 5366 1766 5421 denuo
1797 5367 2000 5424 bellum

2109 5363 2403 5434 σημϐρίαν,
2437 5361 2662 5431 ἐξῆλθεν
2689 5362 2718 5414 ὁ
2755 5357 2964 5430 Ἀχαάϐ
2992 5357 3328 5428 παραλαϐὼν
3363 5357 3432 5409 τὰ
3485 5355 3685 5410 παιδά-

424 5461 610 5525 infert,
668 5465 866 5518 castris
920 5463 974 5516 in
1024 5462 1254 5532 planitie
1311 5464 1531 5532 positis,
1609 5479 1734 5518 cum
1793 5479 1824 5518 e
1879 5464 1995 5519 suis

422 5553 686 5618 audisset,
719 5555 1072 5609 Hebraeorum
1100 5555 1195 5610 Dei
1229 5555 1371 5609 vires
1404 5557 1458 5610 in
1485 5556 1762 5611 montibus
1793 5555 1993 5624 vigere,

427 5643 480 5694 in
514 5643 748 5700 vallibus
778 5660 883 5699 non
919 5646 1071 5700 item.
1120 5646 1320 5700 Verum
1354 5647 1616 5714 prOpheta
1655 5645 1838 5699 denuo
1869 5661 1997 5714 pro—-

425 5733 594 5788 mittit
623 5736 905 5789 victoriam
942 5735 1165 5792 Achabo
1193 5755 1207 5792 :
1254 5736 1342 5799 Ut,
1382 5738 1580 5805 inquit,
1608 5736 1717 5808 94,
1752 5738 1803 5790 in
1835 5737 1990 5790 valli-

2114 5471 2221 5526 ρια.
2240 5456 2298 5509 'O
2324 5453 2576 5525 βασιλεὺς
2603 5453 2661 5507 δέ
2696 5451 2919 5523 Συρίας,
2950 5451 3076 5504 ἰδὼν
3109 5451 3331 5513 αὐτοὺς,
3365 5447 3685 5517 δεδεμένους

2109 5550 2236 5612 τοὺς
2260 5548 2588 5620 προσιόντας
2611 5547 2962 5617 παραστῆσαι
2992 5543 3143 5614 αὐτῷ
3175 5560 3287 5596 τισι
3317 5542 3424 5596 τῶν
3464 5540 3684 5594 οἰκείων

2108 5639 2466 5712 προσέταξεν.
2505 5639 2641 5692 nias
2673 5638 2883 5700 παῖδες,
2919 5638 3034 5699 τοῖς
3068 5634 3285 5688 ἐπιοῦσι
3337 5630 3678 5703 προσμίξαν-

2107 5752 2217 5800 τες,
2258 5733 2483 5795 πολλοὺς
2515 5732 2742 5785 ἀνεῖλον.
2801 5729 3058 5800 Επομένη
3089 5727 3144 5780 δὲ
3169 5725 3392 5780 ὄπισθεν
3423 5723 3530 5776 τῶν
3555 5725 3680 5775 παί-

424 5820 513 5876 bus
537 5825 698 5878 etiam
727 5841 878 5878 suam
905 5826 1193 5898 potentiam
1229 5825 1543 5880 demonstret
1581 5825 1739 5881 Deus.
1771 5824 1994 5882 Cat-teris

2109 5827 2209 5881 δων
2241 5826 2445 5897 ἡπᾶσα
2475 5823 2705 5896 δύναμις
2734 5821 2971 5894 Ἰσραὴλ,
2999 5820 3257 5892 ἐξαίφνης
3280 5818 3420 5874 κατά
3442 5817 3548 5872 τῶν
3575 5817 3680 5870 Σύ-
