4092 6432
366 386 469 452 185

1658 395 2074 462 ANNALIUM
2114 399 2263 461 LIB.
2304 384 2417 462 ης
2470 392 2477 395 ‘

3496 398 3608 468 186

371 515 474 567 ρων
503 498 817 569 ὁρμήσασα,
852 500 932 565 είς
959 502 1139 575 φυγὴν
1170 503 1367 569 αὐτοὺς
1423 504 1675 578 ἔτρεψεν,
1722 508 1798 573 ὡς
1837 524 1907 562 κα

2033 505 2231 563 diebus
2257 507 2536 565 exercitus
2566 509 2827 579 quievere
2863 527 2877 565 :
2909 510 3143 582 septimo
3182 522 3389 578 autem,
3419 514 3606 582 praelio

362 591 451 643 τδν
482 589 705 661 βασιλέα
737 593 888 663 σφῶν
916 595 1071 665 μόλις
1097 597 1340 667 φυγόντα
1368 601 1608 672 σωθῆναι
1637 618 1653 634 ο
1684 602 1778 656 καὶ
1800 603 1929 656 ἁνα-

365 681 600 752 στρέψας
628 685 695 739 ἐκ
718 685 817 754 τῆς
844 685 1078 752 διώξεως
1104 690 1328 759 ’Δχαὰ6,
1349 692 1409 745 τὸ
1435 693 1796 763 στρατόπεδον
1818 692 1930 748 τῶν

365 770 636 840 πολεμίων
664 774 963 844 διήρπασε,
988 779 1083 832 καὶ
1114 780 1386 850 ἐπανῆλθε
1437 784 1575 853 πρὸς
1599 785 1698 856 τὴν
1742 785 1930 854 Σαμά-

361 878 528 934 ρειαν.
575 864 633 918 ’0
661 865 719 921 δὲ
750 869 1039 941 προφήτης
1058 867 1214 936 αὖθις
1237 875 1331 928 τοῦ
1363 874 1537 944 Σύρου
1577 875 1728 947 αὐτῷ
1746 880 1931 948 προεῖ-

362 970 455 1007 πεν
482 956 782 1010 ἑπέλευσιν.
824 959 962 1030 Ἤδη
987 962 1044 1014 δὲ
1077 963 1403 1029 ἐπιστάντος
1430 966 1527 1020 τοῦ
1582 967 1762 1037 ἔαρος,
1799 971 1929 1022 ἐπε-

358 1046 683 1115 στράτευσεν
709 1046 865 1115 αὖθις
890 1053 918 1105 6
946 1052 1119 1125 Σύρος
1149 1057 1292 1111 κατὰ
1329 1057 1426 1113 τοῦ
1470 1057 1821 1131 Ἰσραὴλ,καὶ
1867 1064 1927 1115 ἐν

356 1135 516 1206 πεδίῳ
565 1138 900 1209 ἐσκήνωσεν.
934 1139 1100 1196 Εἶπον
1129 1147 1237 1215 γὰρ
1274 1145 1422 1219 αὐτῷ
1448 1148 1648 1220 οἱπερὶ
1682 1149 1845 1204 αὐτὸν
1867 1153 1926 1207 ὲν

351 1226 496 1297 ὄρεσι
527 1229 619 1281 τὸν
652 1232 787 1284 Θεδν
811 1232 922 1287 τῶν
955 1234 1233 1306 Ἐϐραίων
1255 1237 1355 1309 τὴν
1396 1239 1626 1309 δύναμιν
1668 1240 1838 1313 ἔχειν,
1862 1243 1923 1298 οὐ

351 1319 532 1388 μέντοι
599 1328 692 1375 καὶ
756 1324 815 1376 ὲν
858 1327 1122 1382 κοιλάσιν.
1167 1329 1272 1382 Τοῦ
1324 1329 1382 1384 δὲ
1437 1332 1717 1403 προφήτου
1767 1333 1925 1404 νίκην

346 1412 477 1481 ἐπαγ
497 1413 819 1484 γελλομένου
853 1418 930 1489 τῷ
950 1420 1179 1491 Ἀχαὰ6,
1201 1422 1357 1488 Ἵνα,
1391 1425 1545 1493 φησὶ,
1573 1424 1674 1480 καὶ
1705 1424 1775 1480 ἐν
1803 1444 1926 1481 κοι-

531 1505 645 1574 τὴν
671 1507 858 1578 ἰσχὺν
883 1511 1254 1583 ἐπιδείξηται
1276 1518 1311 1568 ό
1333 1517 1498 1582 Θεός.
1525 1515 1636 1581 Τὰς
1687 1518 1786 1586 μὲν
1826 1519 1923 1572 ἆλ-

342 1596 436 1661 λας
467 1600 686 1672 ἡμέρας
712 1602 990 1673 ἡσύχαζον
1017 1607 1087 1661 τὰ
1120 1610 1481 1679 στρατόπεδα,
1513 1615 1578 1680 τῇ
1621 1612 1668 1666 δ’
1689 1613 1921 1686 ἐϐδόμῃ,

341 1692 522 1761 μάχης
572 1697 1075 1771 συγκροτηθείσης,
1115 1699 1412 1769 φεύγουσιν
1464 1704 1513 1757 ei
1565 1704 1767 1775 Σύροι·
1827 1709 1922 1761 καὶ

337 1781 544 1853 ’Δχαᾶὄ
575 1784 794 1853 ἐδίωκε,
821 1791 917 1842 καὶ
942 1790 1133 1862 ἀνῄρει
1166 1792 1387 1857 αὐτούς.
1419 1794 1613 1849 Πολλοὶ
1653 1797 1733 1864 δὲ,
1765 1815 1923 1869 περι-

339 1876 609 1942 σωθέντες
640 1881 721 1942 είς
756 1881 1007 1951 Ἀφεκκα
1035 1883 1134 1954 τὴν
1171 1887 1347 1952 πόλιν,
1377 1889 1498 1942 ἐκεῖ
1519 1889 1914 1962 διεφθάρησαν,

335 1968 427 2022 τοῦ
457 1970 680 2041 τείχους
706 1973 1062 2042 ἐπιπεσόντος
1122 1981 1331 2043 αὐτοῖς.
1393 1981 1454 2035 Ὀ
1487 1982 1543 2036 δὲ
1603 1984 1696 2037 τοῦ
1751 1985 1916 2055 Ἄδερ

337 2062 449 2126 υίὸς
479 2066 629 2132 μετά
652 2082 818 2120 τινων
846 2068 1041 2137 ὀλίγων
1073 2069 1260 2140 φυγὼν
1293 2073 1535 2145 ἐκρύϐη.’
1577 2077 1640 2129 Ol
1674 2075 1732 2129 δὲ
1789 2077 1917 2152 περὶ

334 2153 566 2219 ἐκεῖνον,
589 2155 832 2222 σάκκους
848 2159 1114 2227 ἐνδύντες,
1128 2165 1222 2218 καὶ
1241 2166 1488 2237 σχοίνους
1506 2170 1623 2231 ταῖς
1650 2169 1916 2238 κεφαλαῖς

339 2246 764 2319 περιδήσαντες,
811 2254 1119 2323 προσῆλθον
1181 2258 1259 2329 τῷ
1289 2260 1519 2331 Ἀχαὰ6,
1566 2264 1661 2317 καὶ
1717 2263 1915 2326 σώζειν

333 2341 422 2395 τὸν
446 2342 633 2399 αὐτῶν
661 2346 905 2401 ἱκέτευον
935 2352 1126 2418 κύριον
1147 2368 1160 2383 ·
1186 2352 1215 2405 ό
1240 2353 1297 2407 δὲ
1316 2355 1632 2410 κατένευσε.
1656 2358 1913 2413 Κάκετνοι

333 2435 694 2505 προσήγαγον
725 2439 819 2491 τὸν
841 2439 1086 2511 ἀρχηγὸν
1108 2442 1322 2498 ἑαυτῶν
1365 2443 1453 2515 ἐφ’
1493 2445 1717 2516 ἅρματι,
1755 2450 1914 2519 ὀχουο

335 2527 477 2598 μένῳ
509 2528 596 2600 τῷ
631 2531 862 2601 Ἀχαάσ.
903 2532 963 2587 '0
993 2534 1050 2587 δὲ
1079 2534 1174 2589 ἐπὶ
1205 2535 1269 2589 τὸ
1309 2535 1464 2609 ἅρμα
1492 2539 1762 2610 λαμϐάνει
1809 2542 1911 2594 αὐ-

332 2620 437 2684 τὸν,
454 2623 554 2677 καὶ
582 2621 918 2689 ἀσπάζεται,
950 2626 1045 2679 καὶ
1075 2626 1300 2699 θαρῤεῖν
1345 2631 1718 2698 ὲγκελεὺεται.
1780 2629 1914 2690 Εἶτα

331 2713 419 2766 ἐπὶ
445 2713 752 2785 συνθήκαις
786 2716 1000 2786 ἀφῆκεν
1021 2719 1181 2773 αὑτὸν
1204 2720 1484 2786 ἀπελθεῖν,
1517 2724 1689 2778 πολλὰ
1730 2724 1912 2797 δωρη-

332 2803 588 2873 σάμενος.
639 2804 699 2857 Ὀ
729 2807 1016 2878 προφήτης
1045 2809 1101 2863 δὲ
1128 2810 1369 2882 Μιχαίας
1413 2813 1535 2867 τινὰ
1572 2815 1913 2891 τῶνηόμοφύ-

328 2896 431 2948 λων
461 2895 624 2967 ἠξίου
652 2897 893 2963 πατάξαι
923 2900 1089 2954 αὑτὸν
1119 2903 1264 2956 κατὰ
1294 2905 1561 2974 κεφαλῆς.
1588 2907 1700 2961 ιΤοῦ
1750 2908 1807 2963 δὲ
1833 2910 1908 2981 μὴ

330 2990 680 3061 πειθομένου,
705 2991 811 3044 ὑπὸ
838 2990 1054 3057 λέοντος
1078 2995 1241 3051 αὑτὸν
1271 2998 1618 3069 παταχθῆναι
1668 3005 1907 3075 προέφη,

327 3083 418 3135 καὶ
450 3082 686 3151 γέγονεν
710 3086 793 3163 είς
830 3083 992 3154 ἔργον
1017 3088 1050 3156 ή
1082 3088 1408 3160 πρόρρησις.
1443 3088 1560 3146 Εἶθ’
1589 3095 1765 3167 ἑτέρῳ
1811 3096 1910 3170 τὴν

2031 602 2345 664 commisso,
2397 609 2549 672 terga
2583 601 2715 657 dant
2747 602 2868 675 Syri
2897 621 2911 658 :
2947 619 3089 673 quos
3132 605 3386 659 Achabas
3419 621 3603 676 perse-

2030 706 2245 759 quens,
2299 693 2503 750 multos
2554 695 2795 760 occidit,
2848 695 3007 751 multi
3072 696 3237 750 etiam
3288 694 3603 763 Apheccam

2029 783 2241 853 elapsi,
2291 784 2387 840 ubi
2431 785 2592 842 ruina
2660 802 2946 842 murorum
2991 786 3241 856 oppressi
3295 790 3602 856 perierunt.

2029 873 2227 931 Aderis
2264 892 2432 947 porro
2459 879 2606 933 illius
2635 895 2761 935 cum
2812 880 3004 950 paucis
3036 880 3090 934 in
3120 879 3243 950 fuga
3271 882 3600 936 occultatur.

2029 966 2161 1038 Ejus
2206 969 2493 1037 satellites,
2556 971 2732 1025 induti
2794 974 2969 1027 saccis
3040 980 3095 1026 et
3146 971 3370 1026 funibus
3424 973 3603 1042 capita

2028 1060 2221 1128 vincti,
2245 1061 2312 1116 ad
2343 1063 2630 1118 Achabum
2676 1080 2984 1128 accessere,
3034 1073 3095 1118 ut
3125 1065 3408 1120 dominum
3440 1080 3600 1120 suum

2026 1162 2381 1207 conservaret
2428 1155 2824 1225 supplicantes.
2887 1155 3092 1211 Annuit
3143 1172 3234 1210 rex
3268 1172 3283 1210 :
3322 1155 3604 1210 adducunt

2027 1243 2107 1299 illi
2141 1245 2337 1301 ducem
2366 1262 2527 1303 suum
2552 1248 2618 1303 ad
2648 1248 2928 1304 Acbahum
2957 1264 3125 1304 curru
3147 1248 3437 1303 vehentem
3462 1266 3476 1302 :
3507 1248 3603 1319 qui

2024 1354 2152 1394 eum
2185 1355 2349 1395 curru
2380 1341 2598 1411 recipit,
2626 1343 2847 1408 salutat,
2875 1342 3023 1396 bono
3048 1340 3232 1398 animo
3266 1357 3388 1397 esse
3419 1341 3600 1412 jubet.

2023 1429 2253 1495 Deinde,
2282 1430 2487 1486 [cedere
2527 1433 2659 1497 icto,
2698 1448 2821 1488 cum
2852 1433 3038 1487 multis
3063 1432 3387 1488 muneribus
3417 1432 3604 1487 dimit-

2025 1516 2112 1570 tit.
2147 1516 2285 1571 Tum
2323 1519 2593 1589 pr0pheta
2630 1521 2885 1578 Michzeas
2914 1537 2945 1576 a
2971 1522 3209 1592 quodam
3242 1522 3602 1592 popularium

2023 1618 2189 1679 caput
2235 1624 2396 1665 suum
2440 1611 2719 1666 verberari
2760 1613 2937 1684 jubet.
2984 1613 3279 1667 Recusanti
3306 1613 3420 1668 illi:
3458 1614 3524 1666 At
3552 1622 3602 1667 te
3664 1600 3671 1605 ’

2025 1697 2125 1765 leo,
2168 1699 2371 1771 inquit,
2421 1700 2736 1759 verberabit.
2779 1706 2963 1776 Itaque
2996 1705 3201 1760 factum
3234 1715 3317 1761 est
3368 1715 3431 1760 ut
3462 1720 3607 1775 prae-

2025 1793 2258 1850 dixerat.
2290 1794 2428 1851 Cum
2452 1796 2598 1852 idem
2629 1797 2795 1852 alium
2823 1798 3094 1868 jussisset,
3136 1798 3291 1870 isque
3317 1813 3443 1853 eum
3474 1812 3599 1853 ver-

2024 1884 2312 1949 berasset,
2374 1886 2613 1955 obligato
2662 1888 2841 1957 capite
2898 1887 3183 1941 Achabum
3237 1888 3507 1941 accessit:
3551 1884 3598 1941 A

2023 1979 2233 2033 tribuno
2268 1977 2520 2044 militum,
2547 1979 2750 2048 inquit,
2782 1980 3021 2051 captiuus
3045 1996 3173 2034 mea:
3212 1980 3462 2035 custodite
3487 1988 3603 2032 tra-

2023 2070 2184 2132 ditus,
2221 2070 2418 2141 effugit,
2466 2069 2527 2123 ob
2557 2069 2699 2140 quod
2747 2069 2839 2124 ille
2870 2086 2952 2124 me
2986 2070 3057 2123 ad
3085 2085 3261 2123 necem
3290 2069 3499 2140 quaerit.
3537 2066 3598 2123 Id

2023 2162 2115 2217 ubi
2137 2162 2346 2233 justum
2377 2177 2499 2217 esse
2527 2161 2785 2217 Achahus
2820 2164 3180 2230 pronuntiat,
3212 2162 3393 2216 soluto
3420 2158 3601 2231 capite

2022 2258 2275 2315 Michteas
2313 2258 2556 2329 agnitus,
2603 2255 2830 2311 Achabo
2857 2255 2965 2311 ait:
3010 2256 3273 2321 Quoniam
3311 2252 3482 2325 Syria:
3511 2269 3602 2306 re-

2018 2368 2158 2420 gem,
2199 2352 2459 2405 hominem
2500 2349 2850 2421 pestilentem,
2905 2350 3119 2420 impune
3164 2347 3431 2411 dimisisti,
3490 2345 3603 2416 ipse

2018 2442 2162 2497 illius
2192 2441 2303 2496 loco
2330 2442 2593 2507 morieris,
2630 2451 2678 2496 et
2706 2440 2929 2513 populus
2955 2450 3076 2494 tuus
3099 2455 3193 2509 pro
3216 2438 3360 2493 illius
3381 2436 3596 2508 populo.

2022 2531 2119 2587 His
2154 2532 2361 2587 auditis
2412 2547 2508 2585 rex
2560 2532 2814 2587 turbatus
2871 2538 2976 2587 est.
3028 2528 3270 2599 Actaque
3325 2542 3458 2598 pace
3499 2542 3601 2597 per

2022 2622 2345 2688 triennium,
2373 2623 2567 2678 urbem
2591 2622 2907 2688 Rcmmath,
2936 2632 2995 2676 ut
3023 2621 3089 2676 ad
3122 2636 3181 2675 se
3205 2620 3595 2690 pertinentem,

2020 2714 2171 2787 Syris
2199 2726 2515 2785 erepturus,
2545 2730 2574 2770 a
2604 2714 2904 2786 Josapbato
2938 2712 3434 2784 iIierosonmitano
3467 2725 3597 2782 rege

2019 2807 2157 2877 petit
2208 2814 2269 2860 ut
2320 2822 2427 2862 una
2470 2806 2690 2861 militet.
2746 2804 2956 2861 Annuit
2998 2805 3131 2870 ille,
3182 2805 3460 2874 Deumque
3497 2814 3597 2873 per

2018 2899 2346 2968 prophetam
2394 2898 2608 2954 consuli
2655 2898 2835 2969 jubet,
2885 2914 2954 2952 an
3007 2897 3414 2967 expeditionem
3444 2896 3595 2951 illam

2017 2991 2241 3063 probet.
2279 2990 2538 3046 Acbabus
2570 2990 2866 3060 prophetas
2893 3004 3025 3044 suos
3064 2996 3351 3054 convocat,
3377 3002 3446 3042 an
3477 2986 3599 3042 bel-

2017 3086 2132 3141 lum
2175 3083 2246 3140 sit
2299 3083 2603 3138 ineundum
2639 3091 2813 3153 rogat.
2854 3082 2969 3136 Illis
2997 3082 3283 3136 victoriam
3329 3080 3597 3150 pollicen-

326 3174 493 3244 αὐτὴν
526 3178 814 3246 προσῆγεν
835 3177 1060 3244 ἀξίωσιν
1085 3196 1101 3212 ο
1126 3180 1431 3253 πλήξαντος
1458 3184 1503 3237 δ’
1540 3185 1774 3254 ἐκείνου,
1807 3205 1908 3243 κα-

2018 3177 2186 3243 tihus,
2211 3174 2542 3245 .Iosapbatus
2573 3175 2739 3229 etiam
2781 3175 3106 3244 prophetam
3136 3171 3350 3227 Domini
3373 3171 3592 3242 quaerit.

323 3262 701 3332 ταδησάμενος
730 3266 831 3333 τὴν
854 3267 1095 3337 κεφαλὴν
1126 3272 1398 3342 προσῆλθε
1425 3275 1504 3346 τῷ
1538 3274 1768 3346 Ἀχαὰσ,
1818 3277 1907 3332 λέ-

323 3370 433 3422 γων
478 3356 575 3409 ἐπὶ
639 3355 855 3427 φυλακῇ
894 3361 1234 3428 παραλαϐεῖν
1274 3365 1428 3436 παρὰ
1481 3366 1574 3420 τοῦ
1610 3369 1906 3440 ταξιάρχου

324 3445 699 3516 αἰχμάλωτον,
725 3449 993 3518 φυγόντος
1021 3453 1066 3506 δ’
1083 3455 1320 3521 ἐκείνου,
1350 3457 1443 3512 τὸν
1472 3460 1767 3534 ταξίαρχον
1812 3465 1909 3535 ζη·

325 3540 435 3590 τεῒν
464 3538 639 3592 αὑτὸν
674 3539 906 3597 ἀνελεῖν.
950 3541 1038 3608 Ὠς
1060 3546 1117 3599 δὲ
1145 3548 1354 3605 δίκαιον
1405 3546 1549 3606 εἶναι
1572 3555 1731 3610 τοῦτο
1751 3553 1908 3615 εἷπεν

325 3627 606 3700 ὁἋχᾱὰσ,
664 3631 833 3697 λύσας
884 3636 1092 3701 ἐκεῖνος
1134 3641 1234 3711 τὴν
1284 3645 1549 3717 κεφαλὴν,
1584 3650 1904 3724 ἐπεγνώσθη

325 3725 395 3787 ὡς
425 3730 453 3781 6
482 3729 780 3800 προφήτης
816 3731 1057 3800 Μιχαίας
1108 3729 1199 3802 ἦν.
1222 3736 1333 3789 Καὶ
1373 3736 1477 3807 ἔφη
1535 3739 1612 3810 τῷ
1673 3742 1903 3813 ’Λχαάϐο

324 3819 482 3874 Ἐπεί
507 3821 619 3875 τὸν
643 3821 913 3885 βασιλέα
935 3824 1157 3893 Συρίας
1210 3826 1401 3898 ἄνδρα
1453 3833 1731 3904 ὀλέθριον
1784 3837 1909 3893 ἀτι-

317 3908 595 3980 μώρητον
624 3911 890 3982 ἀφῆκας,
918 3917 1103 3982 αὐτὸς
1132 3918 1263 3972 ἀντ’
1310 3920 1547 3979 ἐκείνου
1603 3918 1903 3999 ἀποθανῇ,

322 4004 415 4097 καί
444 4006 478 4058 ὀ
508 4006 628 4070 σὸς
649 4007 801 4072 λαὸς
828 4006 964 4062 ἀντὶ
995 4010 1101 4064 τοῦ
1130 4012 1290 4067 ,λαοῦ
1331 4002 1591 4073 ἐκείνου,
1626 4020 1902 4097 Ἐλυπήθη

319 4095 521 4151 τούτων
546 4097 794 4185 ἀκούσας
818 4100 845 4152 6
874 4099 1104 4170 Ἀχαὰ6.
1137 4103 1265 4157 Ἐπὶ
1302 4105 1360 4160 δὲ
1394 4111 1639 4180 τριετίαν
1682 4095 1905 4185 εἰρήνην

318 4187 559 4256 ἀγαγὼν,
591 4184 712 4242 εἶτα
737 4190 1019 4262 βουληθεὶς
1045 4194 1145 4265 τὴν
1188 4196 1342 4253 πόλιν
1388 4197 1635 4272 Ῥεμμάθ
1693 4205 1805 4276 (65)
1829 4206 1905 4270 ώς

318 4280 462 4351 αὐτῷ
498 4282 878 4352 διαφέρουσαν
908 4285 1207 4355 ἀφελέσθαι
1229 4290 1338 4343 τῶν
1362 4290 1573 4362 Σύρων,
1594 4296 1750 4365 ῂξίου
1805 4299 1901 4351 καὶ

317 4368 404 4423 τὸν
439 4369 675 4441 βασιλέα
708 4371 810 4441 τῆς
857 4370 1218 4447 Ἰερουσαλὴμ
1253 4378 1343 4431 τὸν
1391 4381 1661 4452 Ἰωσαφὰθ
1708 4402 1902 4441 συνεκο

318 4463 647 4533 στρατεῦσαι
675 4464 846 4535 αὐτῷζ
882 4467 1147 4529 Κακεῖνος
1180 4469 1493 4534 κατένευσε,
1521 4476 1614 4528 καὶ
1647 4477 1901 4532 συνεϐού-

315 4551 465 4608 λευεν
484 4556 768 4626 ἐρωτῆσαι
800 4557 895 4613 τὸν
934 4558 1067 4612 Θεὸν
1093 4560 1181 4614 διὰ
1228 4560 1325 4614 τοῦ
1363 4567 1668 4637 προφήτου,
1705 4571 1754 4622 εί
1799 4570 1891 4623 εὐ-

315 4644 472 4703 δοκεῖ,
533 4647 747 4718 Ἀχαὰσ
781 4649 859 4716 δὲ,
905 4651 1033 4715 τοὺς
1066 4653 1262 4707 ἑαυτοῦ
1299 4658 1584 4727 προφήτας
1623 4661 1888 4730 συγκαλε-

318 4734 570 4805 σάμενος,
603 4739 654 4791 εί
687 4739 1016 4810 πορεύσεται
1060 4744 1196 4814 πρὸς
1230 4743 1469 4816 πόλεμον
1520 4748 1705 4820 ἤρετο.
1763 4753 1887 4809 Τῶν

315 4826 377 4919 δὲ,
401 4831 563 4904 νίκην
586 4834 1101 4905 ἐπαγγελλομένων,
1125 4841 1153 4893 6
1181 4838 1438 4910 βασιλεὺς
1473 4843 1742 4913 Ἰωσαφὰτ
1761 4863 1897 4919 προ-

318 4918 488 4991 φήτην
535 4923 776 4995 ἐζήτησε
815 4926 910 4980 τοῦ
958 4928 1190 4999 Κυρίου.
1243 4931 1452 5002 Ἀχαὰό
1494 4934 1552 4987 δὲ
1590 4931 1731 4990 εἶναι
1791 4938 1893 5008 μὲν

317 5009 435 5078 ἔφη,
470 5013 918 5083 προσωχθικέναι
939 5015 985 5069 δ’
1014 5018 1212 5088 ἐκείνῳ
1242 5020 1393 5073 κακὰ
1432 5022 1888 5092 προαγορεύοντι.

316 5099 422 5152 Καὶ
444 5102 471 5154 6
518 5102 788 5170 Ἰωσαφὰτ
811 5103 1079 5175 κληθῆναι
1104 5107 1268 5160 αὑτὸν
1292 5108 1465 5178 ἠξίου.
1492 5111 1780 5182 Κληθέντα
1827 5113 1887 5167 δὲ

319 5186 403 5239 τὸν
429 5189 693 5261 Μιχαίαν,
724 5192 915 5261 ἠρώτα
950 5196 979 5248 6
1024 5195 1229 5266 Ἀχαὰσ
1266 5201 1317 5252 εί
1352 5201 1681 5270 μαχήσεται,
1717 5203 1750 5275 ἢ
1788 5205 1885 5275 μή.

328 5275 383 5330 '0
409 5280 485 5333 δέ·
529 5281 800 5351 Ἑώρακα
837 5285 946 5338 τὸν
986 5287 1246 5357 Ἰσραὴλ,
1281 5290 1409 5362 ἔφη,
1442 5292 1890 5363 διεσπαρμένον

318 5367 525 5438 ἐντοῖς
561 5374 769 5441 δίεσιν
808 5376 888 5444 ὡς
944 5380 1225 5450 ποίμνιον
1280 5385 1669 5455 areolam-tor.
1717 5388 1781 5442 Ὃ
1820 5387 1892 5441 δὲ

322 5460 525 5528 Κύριος
561 5461 695 5519 εἶπέ
714 5485 838 5535 μοι,
876 5470 1021 5536 τοὺς
1044 5473 1160 5540 μὲν
1202 5474 1587 5544 σωθήσεσθαι
1610 5476 1708 5530 καὶ
1739 5477 1887 5532 ἀνα-

318 5555 591 5625 στρέψαι,
618 5559 694 5614 σὲ
726 5559 795 5614 δὲ
821 5564 1019 5633 μόνον
1070 5567 1390 5624 πεσεῖσθαι
1474 5569 1546 5623 ἐν
1613 5569 1888 5641 Ῥεμμάθο

2012 3271 2274 3326 Acbabus
2308 3285 2430 3333 esse
2463 3267 2756 3339 quemdam
2786 3266 3122 3336 respondet,
3158 3264 3252 3320 sed
3303 3263 3408 3319 sibi
3446 3262 3593 3316 invi-

2012 3380 2133 3421 sum
2157 3379 2300 3428 esse,
2337 3360 2476 3418 mala
2507 3361 2808 3432 praedicere
2830 3360 3076 3416 solitum.
3107 3357 3588 3428 Josaphatus.eum

2010 3456 2196 3513 vocari
2218 3457 2397 3526 jubet.
2427 3454 2771 3509 Accersitum
2819 3452 3082 3507 Achabus
3119 3459 3294 3520 rogat,
3337 3463 3589 3519 pugnan-

2010 3549 2142 3603 dum
2170 3549 2280 3609 .sit.
2320 3563 2389 3601 an
2426 3562 2561 3600 non.
2601 3545 2921 3616 Respondet
2950 3545 3051 3609 ille
3095 3561 3113 3605 :
3157 3544 3272 3598 Vidi
3315 3539 3593 3597 Israelita:

2009 3646 2064 3700 in
2108 3644 2368 3699 montibus
2403 3642 2664 3712 dispersos
2707 3651 2764 3696 ut
2797 3658 3007 3714 gregem
3047 3641 3164 3695 sine
3210 3647 3439 3711 pastore.
3483 3637 3590 3694 Sed

2012 3737 2264 3792 Dominus
2296 3737 2423 3791 mihi
2461 3737 2614 3802 dixit,
2656 3734 2776 3790 illos
2806 3735 3013 3801 quidem
3060 3730 3347 3787 incolumes
3384 3730 3589 3785 reditu-

2008 3846 2113 3893 ros,
2149 3837 2197 3882 te
2218 3844 2336 3883 vero
2364 3826 2533 3899 solum
2565 3805 2888 3881 Remniatluc
2908 3841 3180 3879 casurum.
3216 3824 3341 3878 I‘Iaac
3362 3821 3585 3876 Michtea

2006 3919 2212 3980 locuto.
2260 3918 2520 3974 Achabas
2563 3916 2905 3986 .Iosaphato:
2963 3915 3151 3969 Nonne
3197 3913 3329 3978 dixi,
3382 3911 3583 3981 inquit,

2006 4027 2122 4065 eum
2161 4010 2288 4064 mihi
2311 4008 2450 4063 male
2489 4009 2851 4062 ominaturum
2876 4007 3029 4061 esse?
3065 4005 3364 4061 Sedechias
3394 4010 3581 4057 autem

2005 4104 2228 4174 quidam
2258 4118 2326 4158 ex
2358 4100 2857 4172 pseudoprophetis
2899 4101 3111 4168 alapam
3143 4098 3294 4153 dedit
3321 4096 3579 4151 Michteae.

2003 4193 2104 4248 Cui
2139 4194 2228 4248 ille
2264 4193 2480 4262 inquit:
2529 4190 2605 4245 Tu
2645 4190 2806 4262 paulo
2840 4200 2955 4260 post
3001 4205 3066 4243 ea:
3107 4189 3213 4242 alio
3260 4187 3497 4242 conclavi
3527 4187 3583 4240 in

2004 4288 2156 4343 aliud
2178 4287 2446 4350 transibis,
2483 4286 2716 4340 latebras
2750 4285 3063 4356 quwritans.
3090 4284 3361 4340 Caeterum
3405 4281 3584 4337 Acha-

1999 4378 2104 4434 bus
2127 4377 2235 4449 95
2279 4376 2558 4431 Michaaam
2607 4376 2663 4430 in
2717 4390 2938 4429 carcere
2986 4373 3252 4428 custodiri
3300 4372 3457 4443 jubet
3511 4372 3578 4426 ad

2002 4471 2239 4529 reditum
2270 4485 2453 4525 suum.
2496 4468 2635 4523 Tum
2690 4468 2821 4523 ille:
2865 4465 2924 4522 Si
2951 4476 3027 4531 tu,
3061 4466 3259 4536 inquit,
3302 4464 3582 4519 incolumis

2003 4564 2245 4627 redieris,
2296 4577 2400 4615 non
2443 4559 2646 4615 locutus
2677 4567 2754 4614 est
2782 4575 2873 4629 per
2902 4575 2984 4613 me
3028 4557 3303 4613 Dominus.
3339 4556 3583 4627 Regibus

1996 4653 2110 4724 jam
2151 4650 2434 4723 profectis,
2477 4650 2644 4706 etiam
2695 4649 2958 4722 Syrorum
2988 4664 3084 4704 rex
3118 4649 3290 4704 aciem
3333 4648 3579 4708 instruit.

1999 4753 2055 4800 et
2084 4744 2199 4799 suis
2226 4741 2449 4797 mandat
2486 4756 2555 4822 ne
2596 4755 2759 4810 quem
2806 4746 2994 4809 petant
3039 4739 3144 4794 nisi
3195 4738 3371 4793 solum
3402 4738 3582 4792 Acha-

1996 4837 2149 4893 bum.
2202 4836 2255 4891 Is
2303 4850 2458 4896 vero,
2489 4834 2681 4891 habitu
2746 4834 2896 4904 regio
2957 4832 3246 4900 deposito,
3300 4831 3574 4901 privatum

1997 4935 2325 4996 sumpserat.
2383 4925 2573 4996 Itaque
2631 4925 2895 4996 Syrorum
2953 4922 3124 4977 duces
3193 4920 3573 4991 Josaphatum,

1996 5018 2256 5089 regaliter
2282 5017 2517 5080 cultum,
2542 5016 2826 5070 Achabum
2857 5030 2980 5070 esse
3026 5020 3383 5082 putaverunt,
3418 5027 3573 5066 eum-

1989 5124 2097 5181 que
2117 5108 2605 5164 circumdederunt
2627 5125 2641 5162 :
2662 5106 2758 5162 scd
2782 5122 2908 5161 cum
2934 5121 3044 5160 non
3066 5119 3188 5160 esse
3209 5119 3391 5175 regem
3406 5103 3578 5158 Israe-

1990 5200 2213 5255 Iitarum
2280 5198 2597 5266 vidissent,
2638 5186 2999 5267 reliquerunt.
3053 5194 3309 5249 Achabas
3366 5202 3572 5259 autem,

1989 5291 2186 5364 sagitta
2231 5290 2394 5354 ictus,
2441 5305 2568 5346 cum
2615 5289 2818 5345 lethale
2864 5304 2988 5344 esse
3043 5287 3245 5341 vulnus
3286 5286 3575 5348 sensisset,

1990 5381 2176 5451 auriga
2198 5395 2423 5435 currum
2474 5396 2506 5437 e
2549 5395 2730 5450 pugna
2766 5378 3006 5434 educere
3046 5376 3227 5445 jussu,
3258 5373 3402 5428 circa
3438 5371 3573 5426 solis

1996 5489 2252 5529 occasum
2285 5473 2537 5528 moritur.
2571 5471 2708 5540 Ejus
2745 5470 2895 5524 ohitu
2926 5469 3044 5540 Syri
3080 5465 3302 5536 cognite
3346 5466 3569 5518 domum

1996 5568 2304 5626 redierunt.
2333 5567 2497 5641 Regis
2522 5575 2705 5622 autem
2741 5565 2975 5622 cadaver
3007 5561 3310 5618 Samariam
3339 5560 3574 5615 relatum

1514 5725 1719 5788 Varia;
1751 5724 2056 5790 lectiones
2103 5733 2165 5788 et
2194 5732 2381 5788 notua.

390 5829 499 5908 (63)
532 5836 803 5913 Ῥεμμάθ.
859 5846 938 5901 Ita
990 5846 1114 5905 cod.
1166 5848 1315 5908 Colb.
1368 5856 1575 5908 ethx.
1614 5849 1887 5915 Iosephus

2012 5849 2286 5920 οάμανοαν
2322 5848 2509 5906 habet.
2545 5847 2778 5906 Wolﬁus
2823 5847 3105 5922 Ῥύεμμαν
3144 5846 3415 5907 ediderat.
