4092 6412
463 392 562 457 187

1791 385 1825 446 J
1831 381 2036 444 OANN
2045 382 2113 443 IS
2150 380 2473 442 ZONARJE

3634 390 3736 454 188

460 510 751 580 sepelitur.
786 509 894 566 Sed
926 523 1151 565 currum
1202 506 1272 563 de
1310 505 1460 564 cede
1500 505 1623 576 ejus
1646 510 1940 559 cruentum
1983 500 2040 554 in

2148 498 2335 553 Ταῦτα
2365 499 2459 552 τοῦ
2495 498 2723 571 Μιχαίου
2756 501 3024 564 εἰπόντος,
3051 504 3080 556 6
3104 501 3317 572 Ἀχαὰδ
3346 504 3486 573 πρθις
3546 506 3739 561 Ἰωσα-

461 600 613 655 lente
655 600 917 655 Samaria;
968 600 1338 655 occultarunt.
1379 596 1474 652 Sic
1519 604 1578 651 et
1606 608 1775 649 canes
1817 590 2044 661 sangui-

458 706 585 747 nem
611 694 730 764 ejus
752 693 1055 757 linxerunt,
1087 701 1145 745 et
1171 698 1354 747 scorta
1393 688 1658 744 fonteillo
1689 684 2041 748 lavabantur,

461 794 518 839 ut
547 786 696 840 Elias
740 787 1071 844 vaticinatus
1122 784 1324 840 fuerat.
1357 782 1610 838 Mortuus
1651 789 1739 837 est
1765 777 2042 841 Achabus,

462 886 524 932 ut
580 877 836 934 Micbzeas
876 879 1223 949 pmdixcrat,
1276 877 1543 937 interitu,
1606 873 1857 945 quamvis
1914 879 2044 924 ante

461 968 728 1033 audisset,
781 986 892 1025 non
935 971 1168 1033 evitato,
1200 985 1323 1025 cum
1373 975 1653 1040 regnasset
1692 980 1868 1021 annos
1905 963 2047 1018 duos

460 1066 518 1113 et
553 1059 767 1130 viginti.
802 1062 1050 1132 Regnum
1083 1063 1323 1131 suscepit
1351 1059 1494 1114 filius
1519 1060 1639 1130 ejus
1684 1056 1975 1111 Ochozias.

2149 594 2257 662 φὰτ
2286 592 2388 661 ἔφη
2408 607 2422 621 ”
2458 595 2580 647 Οὐκ
2607 590 2783 648 εἶπόν
2812 609 2935 661 σοι,
2962 596 3044 662 ὡς
3068 595 3224 650 κακά
3250 614 3347 660 μοι
3380 598 3469 650 ἀεὶ
3504 616 3737 667 προφη-

2147 687 2343 751 τεύεις
2370 686 2624 748 Σεδεκίας
2662 686 2719 740 δέ
2772 704 2859 752 τις
2891 687 3001 742 τῶν
3051 688 3516 759 ψευδοπροφητῶν
3572 692 3736 762 €6.66-

2151 795 2279 832 πισε
2315 780 2415 847 τὴν
2461 778 2686 847 σιαγόνα
2728 779 2986 849 Μιχαίου.
3043 779 3103 832 '0
3155 780 3211 833 δὲ
3263 779 3366 850 ἔφη
3391 780 3561 849 αύτῷ·
3598 784 3736 834 Μετ’

2149 872 2359 940 ὀλίγον
2379 872 2621 938 ταμεῖον
2634 872 2702 924 ἐκ
2725 872 2967 940 ταμείου
2987 871 3262 940 ἀμείψεις
3301 872 3733 941 κρυπτόμενος.

2161 963 2224 1014 ὐ
2256 962 2311 1014 δὲ
2354 961 2609 1032 βασιλεὺς
2640 962 2849 1033 Ἀχαὰϐ
2876 963 3270 1035 καθειρχθῆναι
3302 966 3484 1032 αὑτὸν,
3522 970 3615 1022 καί
3635 986 3737 1037 φυ-

2155 1055 2471 1119 λάττεσθαι,
2508 1058 2701 1126 μέχρις
2747 1056 2814 1111 ἂν
2851 1058 3014 1120 αὐτὸς
3037 1060 3375 1134 ὑποστρέψῃ,
3410 1065 3732 1136 προσέταξε.

461 1153 573 1206 Καὶ
609 1155 637 1204 6
665 1154 928 1223 Mtxatac'
973 1157 1116 1210 Ἐὰν
1148 1152 1541 1222 ὐποστρέψῃς
1575 1153 1646 1206 ἐν
1677 1149 1889 1219 εἰρήνῃ
1931 1148 2035 1215 σὺ,
2077 1142 2254 1209 εἶπεν,
2289 1150 2403 1202 οὐκ
2445 1147 2754 1215 ἐλάλησεν
2777 1150 2848 1203 ἐν
2876 1150 3008 1217 ἐμοὶ
3040 1153 3279 1219 Κύριος.
3356 1155 3494 1227 Ἤδη
3545 1156 3603 1210 δὲ
3640 1175 3738 1211 πο-

462 1244 765 1314 ρευθέντων
795 1245 904 1297 τῶν
936 1245 1225 1313 βασιλέων,
1256 1245 1350 1299 καὶ
1383 1243 1541 1298 ὁτῶν
1567 1241 1756 1313 Σύρων
1791 1238 2045 1310 βασιλεὺς
2084 1238 2269 1301 αὐτοῖς
2334 1237 2825 1307 ἀντιπαρετάξατο,
2898 1240 3276 1308 ἐντειλάμενος
3313 1246 3429 1307 τοῖς
3473 1246 3738 1313 στρατιώ-

458 1354 582 1401 ταις
612 1337 779 1391 αὐτοῦ
829 1339 1022 1410 μηδενὶ
1050 1340 1307 1409 πολεμεῖν
1337 1337 1447 1390 τῶν
1481 1336 1681 1397 ἄλλων,
1722 1336 1772 1387 εί
1816 1333 1891 1404 μὴ
1935 1333 2084 1403 μόνῳ
2135 1331 2214 1402 τῷ
2278 1330 2487 1400 Ἀχαὰὸ
2518 1332 2617 1402 τὴν
2650 1331 2937 1401 βασιλικὴν
3005 1334 3248 1403 ἀμεῖψας
3305 1338 3499 1409 στολὴν
3526 1380 3541 1404 ,
3592 1340 3735 1395 ίδιω-

459 1430 621 1500 τικὴν
648 1431 960 1487 ἐνεδύσατο.
1010 1432 1232 1495 Ἰδόντες
1263 1431 1320 1484 δὲ
1341 1434 1389 1485 oi
1418 1431 1530 1484 τῶν
1588 1429 1779 1500 Σύρων
1844 1425 2186 1497 στρατάρχαι
2215 1424 2308 1477 τὸν
2349 1424 2620 1490 Ἰωσαφὰτ
2683 1427 3098 1493 κεκοσμημένον
3149 1428 3481 1497 βασιλικῶς,
3550 1433 3738 1507 ᾠήθη-

461 1540 566 1576 σαν
598 1518 740 1576 εἶναι
770 1524 863 1577 τὸν
897 1525 1127 1595 Ἀχαὰ6,
1160 1528 1255 1581 καὶ
1288 1524 1610 1579 ἐκύκλωσαν
1640 1521 1829 1576 αὐτόν.
1868 1520 1958 1580 Ὠς
1999 1518 2046 1571 δ’
2086 1518 2335 1585 ἔγνωσαν
2404 1516 2481 1586 μὴ
2510 1517 2639 1569 ὄντα
2670 1518 2760 1570 τὸν
2789 1518 3012 1587 βασιλέα
3066 1520 3161 1573 τοῦ
3234 1521 3474 1595 Ἰσραὴλ,
3530 1527 3739 1597 ἀνεχώ-

459 1629 658 1737 ρησαν.
696 1608 791 1680 Εἷς
818 1615 875 1669 δέ
908 1634 1014 1682 τις,
1049 1616 1111 1669 τὸ
1164 1618 1319 1683 τόξον
1373 1615 1641 1677 ἐντείνας,
1699 1610 1884 1683 βάλλει
1938 1608 2031 1661 τὸν
2071 1606 2301 1676 Ἀχαάσ.
2327 1606 2494 1669 Γνοὺς
2521 1605 2578 1659 δὲ
2636 1606 2870 1677 καιρίως
2901 1607 3201 1680 πληγῆναι,
3235 1612 3313 1681 τῷ
3375 1614 3578 1686 ἡνιόχῳ
3611 1619 3735 1671 ἐκέ-

500 1722 616 1737 ,ηρρ
644 1706 701 1737 ..λ
738 1707 888 1737 2......
923 1709 1022 1737 -:-
1062 1708 1243 1737 μευ..-
1282 1708 1575 1737 :e-..-...r..
1627 1705 1717 1737 νηὶ
1766 1699 1891 1737 peni
1949 1698 2103 1737 κάτω
2163 1697 2315 1737 Mirm
2374 1694 2609 1737 agmen.
2656 1697 2768 1737 Καὶ
2813 1698 2861 1737 ni
2902 1698 3002 1737 ..ἓν
3046 1699 3202 1737 ςῗνῖηυ
3276 1702 3501 1737 mut...”
3539 1706 3698 1737 -.n....

492 1722 618 1759 ευσε
644 1706 703 1759 τὸ
736 1707 890 1778 ἅρμα
923 1709 1022 1778 τῆς
1061 1708 1243 1780 μάχης
1281 1708 1596 1775 ἐξαγαγεῖν.
1627 1705 1723 1758 καὶ
1766 1699 1897 1771 περ)⁸
1949 1698 2103 1752 δύσιν
2163 1697 2315 1767 ἡλίου
2374 1694 2614 1760 ἐξέλιπε.
2656 1697 2769 1750 Καὶ
2813 1698 2863 1751 οἱ
2902 1698 3002 1767 μὲν
3044 1699 3232 1770 Σύροι,
3276 1702 3501 1769 γνόντες
3539 1706 3736 1778 τεθνη-

459 1797 593 1851 κότα
616 1797 709 1852 τὸν
745 1799 979 1872 Ἀχαὰ6,
1011 1802 1256 1871 ἀπῆλθον
1287 1800 1422 1870 πρὸς
1459 1798 1712 1860 ἐαυτούς.
1758 1797 1818 1850 '0
1857 1793 1914 1847 δέ
1943 1791 2037 1846 τοῦ
2081 1790 2344 1862 βασιλέως
2398 1790 2592 1862 νεκρὸς
2656 1791 2945 1863 κομισθεὶς
2979 1794 3058 1856 είς
3090 1794 3411 1866 Σαμάρειαν
3441 1799 3737 1857 θάπτεταιο

461 1888 784 1962 Τὸδὲᾶρμα
829 1891 1264 1963 καθῃμαγμένον
1317 1891 1396 1963 τῷ
1444 1891 1591 1961 φόνῳ
1628 1888 1724 1941 τοῦ
1775 1884 2043 1958 βασιλέως
2083 1881 2413 1954 ἀπέκρυψαν
2447 1883 2507 1936 ἐν
2574 1885 2639 1954 τῇ
2675 1883 2854 1958 κρήνῃ
2914 1886 3014 1956 τῆς
3048 1888 3388 1959 Σαμαρείας,
3442 1892 3539 1946 καὶ
3576 1894 3631 1948 οῖ
3678 1914 3738 1949 τε

460 1983 624 2049 κύνες
654 1986 718 2040 τὸ
750 1982 891 2056 αἷμα
925 1987 1159 2056 ἐλειξαν,
1191 1988 1253 2042 αῖ
1286 2005 1346 2041 τε
1375 1988 1575 2058 πόρναι
1608 1985 1701 2038 ἐπὶ
1738 1987 1804 2055 τῇ
1861 1982 2041 2054 κρήνῃ
2079 1978 2345 2045 ἐλούοντο,
2376 1979 2452 2042 ὡς
2476 1978 2667 2041 Ἠλίας
2696 1982 3053 2053 προείρηκενέ
3080 1984 3348 2042 Ἀπέθανε
3382 1989 3734 2063 καὶἈχαὰό,

461 2082 646 2138 δπουό
675 2083 917 2153 Μιχαίας
958 2082 1357 2154 προηγόρευσε,
1398 2081 1492 2136 τὸν
1542 2080 1763 2150 ὄλεθρον
1827 2077 1903 2148 μὴ
1943 2074 2153 2146 φυγὼν,
2200 2074 2379 2129 καίτοι
2432 2074 2818 2146 προρρηθέντα
2892 2076 3064 2150 αὐτῷ,
3121 2080 3453 2149 βασιλεύσας
3491 2084 3586 2157 ἐτη
3644 2086 3740 2143 δύο

463 2174 559 2230 καὶ
581 2176 775 2229 εῐκοσι.
803 2174 917 2244 Τὴν
944 2174 1002 2228 δέ
1027 2174 1309 2245 βασιλείαν
1336 2176 1366 2229 6
1398 2176 1527 2238 παῖς
1559 2171 1723 2252 αὖτοῦ
1754 2170 2006 2243 Ὀχοσίας
2032 2169 2148 2238 μετ’
2166 2168 2370 2219 ἐκεῖνον
2403 2167 2736 2237 παρέλαϐεν.

536 2266 655 2323 XV.
709 2266 1069 2337 Josapbatum
1112 2281 1294 2338 regem
1357 2264 1914 2337 Hierosolymitanum
1970 2259 2039 2315 ali

2212 2257 2314 2310 IE'.
2346 2256 2618 2326 Ἰωσαφὰτ
2637 2258 2715 2328 τῷ
2732 2257 2943 2330 βασιλεῖ
2965 2261 3327 2336 Ἰερουσαλὴμ
3345 2266 3453 2321 ἀπὸ
3470 2269 3571 2341 τῆς
3595 2272 3739 2344 πρὸς

466 2356 819 2428 expeditione
869 2358 1094 2413 domum
1143 2359 1492 2426 redeuntem,
1540 2357 1714 2414 Jehus
1776 2354 2044 2427 prapheta

2162 2349 2371 2422 Ἀχαὰσ
2416 2350 2736 2423 συμμαχίας
2781 2354 3138 2409 ἐπανελθόντι
3168 2357 3341 2428 Ἰηοῦς
3374 2362 3403 2412 ὅ
3447 2365 3737 2435 προφήτης

468 2445 735 2517 increpat,
766 2448 913 2518 quod
946 2448 1158 2504 homini
1194 2449 1365 2519 impio
1407 2463 1569 2519 opem
1612 2447 1851 2513 tulisset,
1890 2460 2044 2501 eum-

2150 2442 2493 2504 ἐπενεκάλει.
2526 2445 2611 2498 ὅτι
2641 2444 2918 2517 ἀνθρώπῳ
2948 2449 3328 2520 συνεμάχησεν
3355 2452 3545 2508 ἀσεϐεῖ
3575 2472 3589 2487 ⁸
3632 2461 3733 2529 ῥυ-

462 2540 572 2607 que
607 2552 638 2592 a
672 2538 805 2606 Deo,
849 2540 1102 2609 quamvis
1141 2555 1206 2596 ea
1233 2555 1293 2596 re
1329 2539 1542 2595 odenso
1578 2554 1702 2595 esse
1748 2552 2049 2594 conserva-

467 2635 605 2685 tum.
660 2630 777 2686 Rex
807 2631 1010 2703 gratias
1060 2633 1215 2704 agit:
1270 2633 1614 2704 lustrataque
1653 2632 1804 2688 omni
1837 2630 2047 2687 ditione

463 2734 585 2788 sua,
614 2722 762 2795 leges
784 2726 1066 2781 observari
1100 2733 1179 2793 et,
1223 2726 1511 2798 judicibus
1536 2726 1742 2798 passim
1769 2726 2046 2782 constitu-

465 2814 561 2879 tis,
594 2816 698 2871 rite
732 2818 847 2873 ﬁeri
891 2819 1102 2890 judicia
1134 2819 1325 2876 edixit.
1380 2819 1518 2876 Cum
1560 2829 1769 2886 autem,
1794 2819 2050 2874 Moabitis

461 2918 521 2964 et
545 2908 897 2976 Ammanitis,
940 2911 1035 2983 qui
1085 2913 1253 2967 etiam
1301 2912 1511 2969 Arabes
1558 2913 1894 2979 asciverant,
1948 2911 2048 2968 Ju-

462 2998 634 3056 dmam
682 3005 977 3072 aggressis,
1019 3003 1263 3059 divinam
1309 3020 1471 3075 opem
1518 3004 1877 3075 imploraret:
1917 3020 2050 3075 pro-

462 3090 627 3161 pheta
675 3092 900 3162 quidam
951 3095 1124 3149 Deum
1158 3111 1260 3165 pro
1307 3111 1374 3150 eo
1421 3104 1796 3167 pugnaturum
1847 3097 1948 3161 ait,
1981 3111 2047 3152 ac

461 3182 700 3240 educere
721 3186 945 3255 quidem
970 3189 1278 3243 exercitum
1317 3189 1494 3260 jubet,
1522 3204 1633 3244 non
1672 3197 1855 3245 tamen
1888 3190 2046 3247 inva-

464 3274 598 3331 dere
637 3277 845 3344 hostes,
900 3279 995 3334 sed
1027 3288 1237 3336 stantes
1265 3281 1514 3335 divinum
1547 3282 1816 3336 auxilium
1849 3298 2047 3353 exspe-

468 3376 642 3423 ctare.
680 3368 793 3424 Rex
843 3386 1002 3426 mane
1056 3387 1308 3441 egressus
1353 3373 1655 3427 exercitum
1696 3383 1842 3429 stare
1865 3374 2047 3445 jubet,

467 3458 786 3516 sacerdotes
834 3476 960 3517 cum
1001 3462 1151 3518 tubis
1187 3473 1317 3520 ante
1371 3465 1679 3519 exercitum
1716 3465 2043 3531 consistere,

467 3549 691 3607 Levitas
756 3563 813 3608 et
852 3564 1109 3611 cantores
1149 3557 1451 3627 gratiarum
1505 3559 1776 3614 actionem
1820 3568 2043 3614 cantare

465 3640 600 3698 Deo.
644 3644 783 3698 Tum
818 3645 1010 3703 hostes
1055 3648 1315 3703 concitati
1339 3691 1354 3713 ,
1394 3650 1602 3704 mutuis
1649 3665 1769 3705 sese
1803 3649 2044 3705 caedibus

462 3735 846 3803 confecerunt,
878 3749 941 3796 ut
968 3754 1038 3794 ne
1069 3756 1211 3795 unus
1244 3741 1468 3812 quidem
1493 3752 1828 3811 superesset.
1882 3742 2041 3798 Josa-

463 3830 669 3902 phatus
700 3840 878 3887 castra
905 3833 1144 3888 hostium
1186 3834 1456 3890 exercitui
1492 3834 1805 3906 diripienda
1838 3851 2041 3891 conce-

461 3920 563 3977 dit.
591 3923 675 3979 Ab
704 3939 770 3979 eo
801 3932 1047 3995 tempore
1089 3926 1341 3993 Barbari,
1379 3943 1507 3983 eum
1540 3936 1601 3982 ut
1644 3928 1755 3983 Deo
1788 3928 2043 3999 adjutore

463 4012 654 4068 nixum
685 4014 869 4080 veriti,
902 4016 1254 4086 quieverunt.
1288 4017 1560 4074 Ochozias
1598 4027 1806 4084 autem,
1828 4019 2045 4075 Israeli-

465 4110 647 4157 tarum
690 4120 808 4169 rex,
855 4105 1229 4176 improbitatis
1274 4118 1569 4178 parentum
1621 4108 1867 4164 imitator
1917 4109 2041 4166 fuit.

461 4195 596 4267 Ejus
645 4198 800 4268 regni
847 4215 992 4254 anno
1033 4203 1276 4256 secundo
1309 4202 1556 4257 Moabitae
1586 4202 1872 4272 vectigalia
1904 4203 2043 4256 reti-

461 4299 740 4355 nuerunt,
793 4306 914 4360 quae
959 4291 1098 4361 patri
1144 4292 1257 4365 96
1304 4294 1545 4364 pendere
1601 4295 1745 4349 soliti
1803 4293 2042 4350 fuerant.

463 4379 585 4450 Ipse
629 4392 900 4452 aegrotans
930 4384 1023 4446 ,ad
1068 4387 1506 4442 Accaronensem
1560 4386 1754 4449 deam,
1800 4386 2041 4442 Muscam

466 4473 711 4536 nomine,
744 4485 1125 4543 percontatum
1158 4477 1328 4537 misit,
1356 4493 1423 4532 an
1452 4478 1835 4533 convaliturus
1855 4478 2045 4533 esset?

465 4559 684 4631 Legatis
717 4562 771 4616 in
807 4564 1004 4618 itinere
1032 4565 1276 4619 occurrit
1299 4566 1472 4631 Elias,
1496 4581 1561 4620 ac
1592 4565 1816 4620 domum
1840 4568 2042 4621 reverti

457 4647 640 4720 jubet,
677 4649 840 4716 eique
862 4668 892 4705 a
925 4667 1035 4721 quo
1066 4654 1219 4709 missi
1242 4666 1428 4711 essent
1456 4657 1644 4711 dicere
1668 4698 1682 4722 ,
1723 4658 1853 4727 quia
1880 4659 2046 4712 misc-

463 4740 539 4795 rit
572 4739 639 4795 ad
673 4740 1040 4797 Barbarorum
1095 4745 1285 4812 deum,
1334 4747 1492 4816 quasi
1540 4747 1728 4803 lsraeli
1759 4749 1903 4804 Deus
1934 4766 2042 4804 non

461 4841 640 4899 esset,
703 4848 832 4888 eum
886 4850 919 4889 e
983 4836 1128 4892 lecto
1182 4853 1284 4893 suo
1337 4854 1447 4893 non
1502 4852 1906 4895 surrecturum.
1959 4843 2039 4896 Illi

460 4923 696 4993 regressi
725 4923 914 4980 audita
944 4925 1210 4983 referunt.
1239 4928 1480 4986 Ochozia
1513 4940 1739 5001 rogante
1782 4932 2037 5003 quisnam
2073 4955 2114 5008 ι)

460 5015 515 5071 id
548 5016 797 5083 dixisset,
846 5027 1009 5089 atque
1055 5020 1164 5075 illis
1198 5022 1453 5092 ignorare
1510 5038 1568 5078 se
1601 5022 1939 5084 dicentibus,
1971 5024 2041 5080 de

462 5108 640 5164 forma
687 5110 837 5167 illius
884 5112 1126 5169 hominis
1178 5124 1568 5185 percontatur:
1605 5131 1768 5185 quem
1806 5132 1931 5170 cum
1959 5116 2038 5170 illi

461 5196 738 5254 hirsutum
777 5215 899 5255 esse
926 5199 1194 5266 dicerent,
1243 5202 1477 5273 pelliceo
1522 5204 1745 5274 cingulo
1773 5205 2036 5269 cinctum,

459 5287 634 5343 Eliam
665 5306 786 5347 esse
819 5293 1096 5363 intelligit,
1131 5310 1217 5357 ac,
1242 5295 1566 5351 centurione
1594 5312 1720 5351 cum
1766 5296 2040 5367 quinqua-

457 5386 604 5456 ginta
650 5386 894 5443 millibus
928 5389 1118 5449 misso,
1145 5403 1273 5442 eum
1301 5387 1500 5442 adduci
1528 5387 1709 5460 jubet.
1750 5388 1882 5454 Qui,
1909 5403 2036 5442 cum

458 5494 586 5535 eum
623 5479 680 5534 in
732 5482 943 5537 vertice
994 5481 1198 5537 montis
1250 5480 1570 5546 invenisset,
1616 5479 1683 5534 ad
1729 5496 1914 5551 regem
1957 5480 2038 5533 ire

457 5568 634 5641 jubet.
664 5568 864 5625 Verum
891 5571 957 5624 ad
1006 5570 1138 5625 Elia:
1170 5585 1365 5641 preces
1398 5569 1541 5641 ignis
1578 5569 1647 5624 de
1683 5570 1825 5625 cmlo
1884 5568 2039 5624 dela-

461 5676 594 5730 psus
646 5661 798 5716 illum
855 5679 982 5718 cum
1042 5666 1159 5718 suis
1202 5664 1463 5718 omnibus
1510 5662 1874 5732 consumpsit.
1928 5660 2037 5715 Alii

462 5767 628 5821 porro
656 5754 887 5810 totidem
926 5772 955 5809 a
990 5772 1119 5827 rege
1164 5758 1316 5812 missi
1351 5756 1471 5828 pari
1504 5756 1678 5811 exitio
1729 5756 2036 5825 perierunt.

465 5845 686 5904 Tertius
740 5849 1023 5921 ablegatus
1077 5852 1330 5908 centurio
1385 5866 1512 5908 cum
1571 5851 1689 5908 suis
1743 5849 2033 5917 militibus,

2150 2534 2348 2604 σθῆναι
2380 2534 2425 2587 δ’
2465 2534 2631 2587 αὑτὸν
2673 2534 2829 2597 ἐλεγε
2870 2538 3022 2609 παρὰ
3050 2539 3147 2593 τοῦ
3208 2542 3369 2607 Θεοῦ,
3428 2547 3609 2603 καίτοι
3654 2551 3736 2624 τῷ

2148 2624 2297 2695 ἔργῳ
2327 2624 2495 2678 αὐτοῦ
2529 2626 3030 2697 προσωχθίσαντος.
3074 2631 3132 2684 Ὀ
3160 2632 3218 2685 δὲ
3259 2634 3518 2704 βασιλεὺς
3555 2641 3734 2712 ηὐχα-

2153 2719 2349 2788 ρίστει.
2410 2715 2543 2771 Εἶτα
2597 2718 2697 2790 τὴν
2755 2720 2850 2773 ὑπ’
2900 2722 3064 2776 αὐτὸν
3123 2729 3553 2798 περιερχόμενος
3617 2734 3733 2804 χὼ-

2152 2827 2273 2879 ραν,
2305 2810 2433 2873 τοὺς
2456 2811 2657 2881 νόμους
2678 2815 2863 2883 τηρεῖν
2891 2814 3221 2880 ἐνετέλλετο,
3258 2821 3349 2872 καὶ
3378 2821 3570 2892 κριτὰς
3597 2840 3736 2878 παν·

2146 2902 2317 2972 ταχοῦ
2376 2903 2762 2974 καταστήσας,
2825 2905 3051 2968 δικαίως
3100 2909 3309 2981 κρίνειν
3370 2914 3730 2981 προσέταττε.

2152 2995 2436 3050 Μοαοιτῶν
2470 2996 2527 3049 δὲ
2582 2995 2680 3050 καὶ
2726 2996 3083 3066 ’Ᾱμμανιτῶν
3129 3002 3592 3074 προσλαϐομενων
3636 3009 3733 3062 καὶ

2153 3087 2401 3158 ’Δραϐας
2437 3088 2784 3143 ἐπελθόντων
2815 3088 2987 3159 αὐτῷ,
3019 3092 3342 3147 ἐπεκαλεῖτο
3368 3096 3460 3148 τὸν
3492 3097 3626 3150 Θεὸν
3649 3099 3732 3162 εξς

2152 3178 2430 3250 βοήθειαν.
2468 3181 2764 3251 Προφήτης
2803 3181 2859 3234 δέ
2887 3199 2974 3246 τις
3000 3183 3394 3256 ὑπερμαχῆσαι
3427 3187 3593 3241 αὐτοῦ
3639 3190 3733 3243 τὸν

2149 3274 2282 3327 Θεὸν
2309 3268 2455 3340 εἷπε,
2488 3275 2584 3329 καὶ
2618 3274 2831 3329 κελεύει
2856 3274 3147 3345 ἐξαγαγεῖν
3187 3279 3288 3349 μὲν
3314 3280 3413 3349 τὴν
3441 3282 3728 3351 στρατιὰν,

2152 3366 2228 3438 μὴ
2260 3367 2530 3436 συμμίξαι
2566 3370 2751 3437 μέντοι
2778 3371 2893 3432 τοῖς
2930 3368 3229 3439 πολεμίοις,
3261 3371 3503 3435 ἑστῶτας
3528 3373 3574 3425 δ’
3598 3376 3732 3443 έρᾷν

2147 3460 2249 3530 τὴν
2285 3459 2474 3513 θεόθεν
2507 3460 2852 3530 ἐπικουρίαν.
2889 3460 3101 3513 Ἔωθεν
3121 3462 3164 3513 δ’
3194 3462 3426 3526 ἐξελθὼν
3453 3465 3593 3532 μετὰ
3628 3465 3732 3528 τῆς

2152 3553 2417 3621 στρατιᾶς
2450 3554 2478 3604 6
2511 3551 2792 3621 βασιλεὺς,
2841 3554 2907 3621 τῇ
2947 3552 3048 3622 μὲν
3098 3553 3353 3606 ἵστασθαι
3399 3555 3727 3621 ἐνετέλλετο,

2151 3645 2280 3707 τοὺς
2307 3644 2473 3714 ἱερεῖς
2519 3644 2575 3697 δὲ
2624 3646 2954 3714 προεστάναι
3002 3645 3098 3698 τοῦ
3148 3647 3557 3716 στρατεύματος
3592 3651 3732 3717 μετὰ

2144 3734 2255 3787 τῶν
2295 3734 2636 3803 σαλπίγγων,
2681 3735 2777 3788 καλ⁵
2817 3736 2941 3798 τοὺς
2976 3735 3208 3803 Amica;
3251 3739 3344 3793 καὶ
3386 3739 3510 3803 τοὶς
3544 3740 3732 3814 ὕμνῳ-

2145 3826 2273 3887 δοὺς
2311 3825 2461 3897 ᾅδειν
2509 3827 2931 3898 εὐχαριστήριον
2979 3828 3057 3897 τῷ
3105 3830 3237 3901 Θεῷ.
3276 3833 3338 3885 Oi
3370 3832 3447 3894 δὲ.
3482 3835 3732 3904 πολέμιοι

2147 3917 2269 3971 κατ’
2301 3918 2553 3985 ἀλλήλων
2600 3918 2939 3986 κινηθέντες.
2973 3921 3237 3991 ἀλλήλους
3272 3925 3612 3993 ἀπέκτεινον,
3653 3930 3733 3993 ὡς

2150 4009 2356 4077 μηδένα
2396 4008 2663 4077 σωθῆναι.
2706 4010 2977 4080 Ἰωσαφὰτ
3006 4012 3060 4065 δὲ
3086 4015 3167 4077 είς
3201 4016 3514 4091 διαρπαγὴν
3545 4022 3727 4094 ἀφῆκε

2144 4101 2213 4169 τῇ
2244 4101 2476 4171 στρατιᾷ
2505 4103 2605 4171 τὴν
2638 4100 2747 4154 τῶν
2782 4103 3041 4156 ἐναντίων
3081 4109 3471 4181 παρεμϐολήν.
3510 4113 3728 4168 Ἐντεῦ-

2147 4190 2239 4241 θεν
2267 4188 2343 4253 ὡς
2373 4189 2431 4243 τὸ
2455 4190 2614 4243 Θεῖον
2649 4192 2842 4262 ἔχοντα
2882 4195 3198 4268 σύμμαχον,
3237 4200 3515 4267 δείσαντες
3543 4206 3728 4273 αὑτὸν,

2144 4283 2196 4333 οἱ
2222 4282 2507 4351 ἀλλόφυλοι
2540 4284 2806 4353 ἠρέμουν.
2848 4288 3101 4356 ὐχοζίας
3133 4291 3190 4345 δὲ
3235 4293 3264 4345 6
3316 4293 3425 4348 τῶν
3462 4295 3732 4369 Ἰσραηλι-

2145 4374 2255 4425 τῶν
2304 4373 2580 4444 βασιλεὺς,
2643 4379 2759 4442 τοῖς
2814 4379 2981 4433 αὑτοῦ
3041 4383 3294 4448 γονεῦσιν
3345 4390 3428 4451 είς
3465 4393 3732 4462 πονηρίαν

2146 4466 2419 4533 ὡμοίωτο.
2469 4467 2608 4539 Περὶ
2648 4467 2800 4521 δὲτὸ
2835 4469 3092 4544 δεύτερον
3139 4474 3258 4539 ἔτος
3303 4481 3404 4547 τῆς
3452 4480 3733 4551 βασιλείας

2146 4557 2315 4610 αὐτοῦ
2345 4560 2579 4629 ἐπέσχον
2604 4562 2653 4613 οἱ
2677 4562 2951 4615 Μοαεῖται
2979 4565 3104 4628 τοὺς
3135 4568 3353 4636 φόρους,
3382 4570 3476 4634 οὓς
3512 4575 3732 4643 είσέφε-

2148 4666 2240 4718 ρον
2270 4649 2347 4718 τῷ
2394 4651 2561 4722 πατρὶ
2590 4651 2777 4706 αὐτοῦ.
2816 4654 3070 4725 Νοσήσας
3115 4657 3192 4721 δὲ,
3235 4660 3373 4730 πρὸς
3399 4663 3500 4733 τὴν
3532 4664 3734 4719 Ἀκκα..

2147 4740 2259 4810 ρῶν
2300 4741 2443 4804 θεὸν,
2489 4744 2672 4807 Μυῖας
2727 4744 3150 4818 ὠνομασμένην,
3210 4750 3475 4822 ἐπεμψεν,
3513 4757 3732 4826 ἐρωτῶν

2144 4834 2192 4884 εἰ
2214 4833 2723 4904 ἀναῤῥωσοήσεται.
2746 4835 2932 4901 ἹΙλίας
2950 4839 3027 4906 δὲ,
3042 4843 3156 4903 τοῖς
3178 4842 3536 4914 ἐσταλμένοις
3561 4849 3733 4903 ὑπαν-

2146 4930 2340 4999 τήσας,
2367 4932 2733 4999 ἀναστρέφειν
2768 4934 3008 4998 ἐκέλευε,
3036 4938 3130 4990 καὶ
3160 4938 3345 5006 λέγειν
3367 4941 3445 5009 τῷ
3473 4944 3730 5014 πέμψανο

2144 5038 2197 5072 τι
2233 5022 2370 5090 πρδς
2394 5021 2481 5074 τὸν
2508 5024 2615 5074 τῶν
2645 5023 2959 5093 ἀλλοφύλων
3003 5028 3146 5091 θεὸν,
3176 5029 3252 5093 ὡς
3281 5030 3359 5102 τῷ
3392 5034 3611 5106 Ἰσραὴλ
3654 5038 3732 5109 μὴ

2145 5117 2298 5179 ὄντος
2347 5117 2507 5181 θεοῦ,
2561 5119 2644 5171 ὅτι
2690 5120 2754 5172 ἐκ
2800 5121 2898 5189 τῆς
2951 5122 3140 5193 κλίνης
3187 5125 3287 5178 οὐκ
3339 5126 3728 5196 ἀναστήσεται.

2146 5211 2257 5263 Καὶ
2315 5212 2365 5263 οἱ
2422 5211 2639 5281 ἄνδρες,
2678 5213 3106 5279 ἐπανελθόντες,
3169 5212 3323 5270 εἷπον
3372 5217 3408 5271 ἃ.
3461 5220 3728 5290 ἥκουσαν.

2157 5302 2407 5372 Ὀχοζίας
2466 5304 2546 5366 δὲ,
2605 5304 2691 5367 τίς
2747 5305 2775 5356 6
2824 5304 3002 5359 ταῦτα
3057 5308 3297 5377 εἰρηκὼς
3347 5309 3455 5378 εἴη,
3512 5312 3728 5383 ἠρώτα.

2146 5394 2269 5446 Τῶν
2296 5395 2352 5446 δὲ
2387 5394 2462 5464 μὴ
2512 5395 2714 5448 εἰδέναι
2768 5397 3083 5466 φησάντων,
3134 5400 3195 5452 τὸ
3240 5396 3378 5465 εἶδος
3413 5402 3509 5456 τοῦ
3537 5405 3732 5474 ἀνδρὸς

2146 5486 2358 5539 ἐκείνου
2393 5488 2576 5554 λέγειν
2630 5488 2833 5559 ἀπῄτει
2883 5491 3100 5554 αὐτούς.
3158 5492 3437 5547 Εἶπόντων
3472 5495 3527 5547 δὲ
3559 5497 3730 5550 δασὺν

2146 5574 2309 5638 εἶναι,
2345 5579 2440 5630 καὶ
2481 5578 2660 5647 ζώνην
2686 5580 3022 5650 δερματίνην
3066 5583 3457 5655 περιεζῶσθαι,
3497 5588 3731 5657 συνῆκεν

2145 5669 2220 5732 ὡς
2249 5670 2437 5733 Ἠλίας
2463 5666 2551 5740 ἦν.
2592 5671 2699 5723 Καὶ
2726 5671 2949 5741 πέμψας
2980 5675 3456 5746 πεντηκόνταρχον
3488 5679 3585 5732 σὺν
3615 5684 3729 5745 τοῖς

2146 5761 2239 5813 ὑπ’
2274 5761 2461 5824 αὐτὸν,
2518 5762 2752 5831 ἀχθῆναι
2813 5763 2906 5815 τὸν
2961 5766 3252 5836 προφήτην
3305 5768 3581 5823 ἐκέλευσε.
3616 5773 3728 5825 Καὶ

2144 5854 2172 5907 6
2215 5852 2426 5918 σταλεὶς
2459 5853 2552 5908 ἐπὶ
2581 5856 2678 5925 τῆς
2724 5855 2969 5926 κορυφῆς
3002 5857 3097 5913 τοῦ
3129 5858 3309 5930 ὅρους,
3331 5861 3507 5935 εὑρὼν
3542 5866 3726 5932 αὑτὸν,
