4092 6464
332 450 441 515 189

1645 455 2058 518 ANNALIUM
2102 458 2255 519 LIB.
2300 461 2379 524 II.

3502 476 3603 544 190

322 553 489 620 ἥκειν
542 564 767 619 ἐκέλευε
829 569 967 638 πρὸς
1019 568 1111 624 τδν
1173 569 1417 642 βασιλέα.
1483 570 1798 641 Εύξαμένου
1852 567 1901 623 δὲ

2013 581 2138 623 cum
2184 571 2251 625 ad
2298 574 2619 645 prophetam
2677 580 2940 648 venisset,
2997 585 3312 652 procul-uit,
3367 602 3601 657 eumque

322 658 539 724 Ἠλίου,
566 658 704 731 πῦρ,
738 661 1036 731 οὐρανόθεν
1076 664 1223 735 ῥυὲν,
1253 663 1530 736 διέφθειρε
1570 665 1662 718 τὸν
1716 682 1913 735 πεντη-

321 749 630 821 κόνταρχον
658 752 755 804 καὶ
785 752 912 815 τοὺς
939 753 1036 806 σὺν
1065 754 1235 822 αὐτῷ.
1260 755 1370 809 Kal
1393 757 1421 809 6
1450 753 1703 827 βασιλεὺς
1725 754 1912 825 ἕτερον

322 843 541 898 ἔστειλε
606 846 1085 918 πεντηκόνταρχον
1152 850 1293 919 μετά
1360 850 1470 903 τῶν
1526 849 1910 920 πεντήκονταο

325 940 622 1004 κάκείνους
685 941 891 1010 ὁμοίως
950 942 1061 1013 πῦρ
1094 942 1349 1012 οὐράνιον
1414 944 1744 1006 ἐδαπάνησε.
1802 942 1914 995 Kal

328 1027 492 1097 αὖθις
514 1033 697 1103 τρίτος
719 1035 979 1106 ἐπέμφθη
1007 1035 1302 1106 ταξίαρχος
1330 1036 1428 1090 σὺν
1458 1039 1573 1099 τοῖς
1605 1034 1698 1088 ὑπ’
1723 1034 1912 1090 αὐτὸν.

340 1125 465 1186 Ὃς.
498 1127 592 1177 ἐπὶ
620 1125 713 1178 τὸν
744 1130 1037 1198 προφήτην
1063 1126 1255 1193 ἐλθὼν,
1283 1129 1469 1183 πεσὼν
1511 1126 1913 1200 προσεκύνησε,

326 1215 428 1268 καὶ
459 1217 761 1286 παρῃτεῖτο
794 1215 896 1287 τὴν
930 1215 989 1281 ἐξ
1028 1217 1194 1271 αὑτοῦ
1234 1219 1529 1289 τιμωρίαν,
1562 1219 1736 1291 λέγων
1766 1218 1914 1272 ἄκων

320 1309 485 1380 ἥκειν
524 1308 790 1380 βασιλικῷ
837 1312 1203 1381 πεπεισμένος
1240 1312 1594 1382 κελεύσματι,
1643 1314 1737 1366 καὶ
1769 1330 1911 1385 παρ·

318 1401 516 1455 εκάλει
548 1402 711 1454 αὐτὸν
738 1402 994 1456 ἀπελθεῖν
1023 1404 1160 1474 πρὸς
1194 1404 1287 1458 τὸν
1350 1404 1594 1475 βασιλέα.
1622 1405 1805 1459 Ἡλίου
1832 1406 1911 1474 δὲ,

319 1494 561 1561 ἀγγέλου
593 1494 745 1564 αύτῷ
789 1497 1125 1566 πορευθῆναι
1174 1498 1445 1563 είπόντος,
1497 1498 1595 1551 καὶ
1628 1497 1702 1569 μὴ
1731 1501 1918 1571 προεῖ-

325 1586 483 1652 σθαι,
543 1586 813 1656 κατῆλθεν
864 1590 930 1642 ἐκ
976 1587 1070 1642 τοῦ
1124 1589 1308 1660 ὅρους,
1366 1591 1460 1645 καὶ
1514 1590 1787 1655 ἀπελθὼν,
1838 1590 1917 1661 τῷ

323 1676 548 1747 βασιλεῖ
576 1677 679 1748 ἔφη
708 1694 725 1710 ο
774 1679 938 1734 Ἐπεί
980 1680 1133 1747 πρὸς
1170 1681 1498 1749 ἀλλότριον
1534 1679 1675 1734 θεὸν
1716 1680 1914 1734 ἔστειο

322 1772 466 1836 λας,
502 1766 693 1837 ζητῶν
718 1772 773 1825 εί
809 1770 1034 1840 ζήσεις,
1085 1772 1215 1828 ίσθι
1242 1775 1325 1838 ὡς
1354 1775 1466 1828 οὐκ
1495 1773 1818 1843 ἀναστήσῃ
1846 1774 1917 1829 ἐκ

2014 660 2291 727 adoravit,
2337 679 2554 733 poenam
2613 668 2962 739 deprecatus,
3008 674 3156 742 quod
3210 674 3415 731 invitus
3449 680 3596 732 veni-

2014 760 2124 817 τοι,
2166 755 2325 825 jussu
2355 760 2500 829 regis
2527 773 2773 828 coactus,
2822 776 2879 820 et.
2906 767 3086 821 oravit
3117 775 3175 821 ut
3214 768 3329 838 ipse
3360 771 3424 823 ad
3467 786 3595 825 eum

2015 842 2250 897 veniret.
2281 845 2432 902 Elias
2458 848 2527 904 ab
2573 851 2791 921 angelo,
2849 860 3036 908 amoto
3068 866 3239 919 metu,
3279 855 3360 911 ire
3388 858 3601 926 jussus,

2017 934 2088 989 de
2120 948 2307 993 monte
2340 940 2648 1009 descendit,
2694 953 2751 999 et
2780 947 2891 1016 regi
2916 947 3026 1005 ait:
3069 947 3338 1014 Quoniam
3369 953 3439 1005 ad
3468 953 3599 1007 alie-

2016 1045 2143 1083 num
2189 1030 2344 1085 deum
2387 1034 2612 1100 misisti,
2668 1053 2911 1107 quaerens
2959 1056 3086 1094 num
3133 1057 3386 1097 evasurus
3436 1060 3595 1108 esses,

2015 1123 2144 1177 scito
2184 1132 2233 1178 te
2267 1125 2329 1179 de
2361 1127 2538 1182 morbo
2581 1145 2685 1183 non
2721 1142 3111 1198 surrecturum,
3139 1135 3230 1188 sed
3261 1135 3403 1189 brevi
3432 1139 3596 1192 mori-

2014 1226 2214 1273 turum.
2246 1218 2394 1275 Obiit
2441 1221 2607 1291 igitur
2635 1222 2902 1280 Ocltozias
2942 1226 3246 1282 secundum
3288 1228 3421 1282 Elie
3456 1244 3597 1297 pras-

2015 1308 2340 1375 dictionem,
2366 1312 2588 1369 Joramo
2614 1314 2771 1371 fratri
2799 1333 2970 1387 regno
3000 1319 3215 1382 relicto,
3252 1321 3344 1388 qui
3386 1328 3597 1374 statuas

2014 1402 2194 1458 Baulis
2216 1420 2246 1459 a
2285 1414 2444 1474 patre
2470 1406 2694 1462 Achabo
2720 1419 2933 1464 erectas
2957 1411 3308 1476 comminuit,
3347 1412 3437 1466 ille
3474 1413 3597 1481 qui-

2015 1494 2140 1551 dem
2176 1506 2375 1553 caetcra
2415 1497 2619 1568 impius
2647 1508 2703 1553 ct
2741 1500 3050 1569 improbus,
3093 1512 3259 1572 atque
3305 1513 3592 1572 parentum

2014 1588 2232 1645 similis.
2284 1590 2533 1657 Elias,in
2579 1593 2779 1648 caelum
2822 1595 3207 1661 assumendus,
3241 1612 3365 1651 cum
3396 1597 3593 1652 Elis'eo

2012 1683 2300 1754 profectus
2349 1684 2418 1739 ad
2462 1685 2783 1748 Iordanem.
2827 1688 3029 1744 vellere
3081 1705 3275 1759 aquam
3306 1691 3587 1760 percutit:

2015 1791 2078 1830 ea
2101 1791 2358 1846 percussa
2394 1778 2694 1843 dirimitur,
2748 1788 2809 1835 ut
2839 1781 3003 1836 ambo
3044 1798 3144 1851 per
3172 1782 3381 1837 siccum
3409 1792 3589 1838 trans-

321 1861 440 1929 τῆς
464 1865 679 1926 νόσου,
705 1864 869 1918 ἀλλὰ
899 1865 1183 1938 τεθνήξῃ.
1221 1864 1519 1922 Ἀπέθανεν
1549 1861 1643 1921 οὖν
1663 1867 1901 1935 Ὀχοζίας

2017 1866 2184 1923 irent.
2212 1869 2418 1925 Deinde
2467 1870 2724 1927 Elismum
2754 1880 2942 1942 petere
2967 1874 3146 1943 jubet,
3179 1875 3313 1945 quid
3341 1875 3444 1930 sibi
3472 1875 3590 1930 ﬁeri

322 1955 469 2009 κατά
524 1955 626 2025 τὴν
676 1954 771 2008 τοῦ
832 1959 1117 2028 προφήτου
1173 1960 1501 2030 πρόρρησιν,
1569 1958 1644 2029 τῷ
1698 1958 1901 2028 ἀδελφᾷ

2013 1961 2198 2016 vellet.
2236 1961 2375 2016 Tum
2412 1962 2543 2019 ille:
2591 1965 2658 2020 Ut
2694 1968 2872 2036 gratia
2909 1968 3150 2035 spiritus,
3193 1970 3285 2038 qui
3318 1971 3374 2023 in
3399 1977 3448 2022 te
3491 1982 3587 2035 est,

334 2046 548 2118 Ἰωρὰμ
566 2048 665 2118 τὴν
698 2047 982 2117 βασιλείαν
1009 2048 1349 2118 καταλιπὼν,
1377 2051 1434 2115 ὃς
1457 2054 1555 2116 τὰς
1582 2052 1683 2123 μὲν
1708 2053 1901 2125 στήλας

2012 2051 2069 2105 in
2113 2067 2196 2104 me
2244 2052 2662 2124 conduplicctur.
2712 2054 2878 2120 Elius,
2930 2057 3033 2111 etsi
3085 2066 3273 2112 votum
3314 2057 3369 2111 id
3423 2072 3590 2127 grave

319 2138 419 2193 τοῦ
457 2139 626 2202 Βάαλ,
665 2138 733 2202 ἃς
772 2138 1005 2211 ἔστησεν
1054 2142 1262 2213 Ἀχαάϐ
1306 2145 1337 2197 6
1368 2144 1550 2216 πατὴρ
1583 2144 1750 2200 αὐτοῦ
1783 2163 1911 2200 συν-

323 2231 520 2302 ἐτριψε
541 2247 557 2264 ο
593 2231 766 2285 τᾶλλα
798 2231 855 2284 δὲ
891 2233 1097 2301 ἀσεῦὴς
1122 2236 1221 2286 καὶ.
1254 2236 1490 2306 πονηρὸς
1517 2232 1606 2308 ἦν.
1658 2238 1752 2291 καὶ
1797 2241 1910 2301 τοῖς

320 2321 544 2392 γονεῦσι
569 2324 930 2394 προσεοικώς.
954 2325 1134 2379 Ἡλίου
1169 2326 1226 2380 δὲ
1265 2329 1746 2399 ἀναλαμϐάνεσθαι
1776 2330 1909 2399 μὲλ-

319 2416 450 2481 λων,
497 2417 770 2490 ἐπορεύθη
808 2419 947 2487 μετά
1002 2419 1297 2477 Ἐλισσαιέ.
1337 2419 1450 2477 Kal
1495 2422 1663 2477 ἐλθὼν
1701 2425 1780 2486 είς
1813 2423 1907 2476 τὸν

334 2508 631 2580 Ἰορδάνην,
666 2514 732 2582 τῇ
783 2512 1009 2584 μηλωτῇ
1041 2513 1205 2567 αὑτοῦ
1228 2515 1290 2568 τὸ
1326 2514 1472 2585 ὕδωρ
1505 2514 1766 2582 ἐπάταξε,
1812 2518 1906 2572 καὶ

320 2602 553 2674 διῃρέθη
589 2604 650 2657 τὸ
691 2602 859 2676 ὕδωρ,
922 2605 1020 2660 καὶ
1082 2606 1299 2678 διῆλθον
1360 2607 1530 2677 ἄμφω
1585 2611 1676 2662 ἐπὶ
1708 2610 1901 2682 ξηρᾶς.

322 2690 483 2760 Εἶτα,
513 2695 788 2763 Αίτησαι,
821 2692 944 2750 εἷπε
966 2696 1045 2769 τῷ
1074 2697 1367 2763 Ἐλισσαιὲ,
1396 2699 1456 2753 τί
1490 2700 1730 2769 ποιήσω
1758 2717 1857 2756 σοι
1881 2719 1902 2769 ;

334 2786 398 2841 '0
454 2787 512 2841 δὲ
555 2787 751 2859 διπλῆν
780 2787 882 2858 τὴν
928 2790 987 2842 ὲν
1041 2790 1190 2860 αὐτῷ
1224 2790 1320 2845 τοῦ
1381 2808 1693 2860 πνευματος
1741 2793 1902 2866 χάριν

315 2877 580 2945 γενέσθαι
604 2878 809 2949 ᾔτησεν
833 2878 921 2932 ἐπ’
951 2879 1136 2934 αὐτόν.
1164 2879 1356 2942 Ἠλίας
1385 2879 1440 2933 δὲ
1472 2882 1734 2951 φορτικὸν
1759 2877 1900 2937 εἶναι

316 2967 445 3024 εἶπε
467 2970 526 3023 τὸ
549 2970 784 3042 αἴτημα,
831 2970 1005 3039 Πλὴν
1048 2973 1102 3025 εὶ
1138 2971 1274 3040 ὄψει
1299 2972 1898 3043 ἀναλαμϐανόμενον,

314 3062 646 3133 γενήσεταί
691 3078 812 3116 σοι.
854 3062 975 3116 Ἔτι
1019 3062 1075 3115 δὲ
1123 3062 1432 3117 λαλούντων
1486 3062 1690 3129 αὐτῶν,
1741 3063 1899 3136 ἀρμα

313 3156 571 3224 ἔμπυρον
602 3155 699 3208 σὺν
727 3154 915 3215 ἵπποις
939 3154 1146 3224 ὁμοίοις
1174 3154 1402 3224 ἐπέστη,
1443 3157 1536 3208 καὶ
1560 3155 1778 3226 ἥρπασε
1804 3155 1896 3210 τὸν

2011 2155 2133 2197 esse
2166 2141 2419 2198 diceret:
2465 2151 2669 2205 tamen,
2699 2143 2757 2199 Si
2790 2161 2871 2199 me
2910 2146 2967 2199 in
2998 2144 3186 2201 caelum
3218 2148 3418 2201 assumi
3443 2147 3589 2201 vide-

2012 2234 2106 2296 ris,
2139 2249 2370 2304 compos,
2408 2234 2606 2304 inquit,
2639 2252 2754 2305 ejus
2796 2234 2911 2302 ﬁes.
2940 2236 3079 2290 Dum
3118 2235 3235 2290 haec
3263 2236 3584 2305 loquuntur,

2009 2337 2207 2378 currus
2238 2324 2430 2394 igneus
2478 2341 2603 2380 cum
2653 2326 2932 2382 similibus
2968 2326 3127 2396 equis
3155 2326 3329 2381 Etiam
3358 2327 3583 2394 abripit.

2007 2413 2145 2468 Dum
2173 2429 2396 2471 sursum
2433 2416 2694 2485 ferretur,
2725 2418 2905 2472 vellus
2945 2431 3104 2472 suum
3133 2418 3329 2473 Elisaao
3368 2417 3584 2488 injicit:

2006 2523 2119 2578 quo
2144 2508 2232 2564 ille
2255 2518 2501 2579 accepto,
2533 2510 2708 2565 Eliam
2738 2510 2931 2565 videre
2966 2509 3152 2575 desiit,
3197 2524 3261 2564 ac
3291 2511 3357 2563 ad
3387 2508 3583 2564 Jorda-

2006 2614 2133 2655 nem
2167 2614 2446 2665 reversus,
2487 2601 2793 2670 periculum
2834 2601 2966 2657 facit
2996 2601 3180 2671 petitae
3216 2601 3286 2656 ab
3316 2601 3434 2657 Elia
3463 2617 3576 2670 gra-

2005 2689 2118 2753 tias,
2143 2704 2283 2759 aqua
2312 2689 2516 2745 vellere
2544 2690 2836 2747 verberata
2861 2707 2875 2744 :
2915 2706 3039 2760 qua:
3067 2705 3193 2745 cum
3228 2705 3337 2745 non
3365 2689 3549 2744 divide
3567 2720 3582 2732 -

2003 2787 2198 2835 retur:
2244 2779 2340 2835 Ubi
2379 2789 2477 2844 est,
2509 2780 2708 2851 inquit,
2757 2780 2895 2835 Elia:
2926 2780 3116 2836 Deus?
3152 2780 3260 2836 Sed
3302 2797 3428 2836 cum
3467 2780 3577 2851 9'7

2001 2871 2187 2927 denuo
2223 2874 2605 2942 percussisset,
2630 2873 2806 2930 divisa
2847 2890 3011 2945 aqua,
3042 2874 3280 2930 transiit.
3320 2874 3400 2930 Eo
3436 2873 3578 2938 viso,

2000 2964 2397 3036 quinquaginta
2447 2965 2544 3021 ﬁlii
2608 2967 3005 3038 prophetarum
3062 2966 3322 3022 dixerunt
3373 2985 3387 3022 :
3448 2965 3583 3021 Elia:

1998 3058 2217 3120 spiritus
2262 3058 2319 3112 in
2373 3058 2566 3113 Etiswo
2616 3061 2872 3115 consedit.
2920 3061 3171 3130 Eumque
3216 3057 3393 3114 secuti
3421 3064 3574 3121 sunt,

1998 3149 2281 3220 quaesituri
2314 3165 2447 3205 num
2481 3150 2711 3221 spiritus
2736 3151 2955 3206 Domini
2988 3151 3157 3206 Eliam
3205 3149 3486 3205 sublatum
3519 3148 3577 3203 in

326 3247 542 3301 Ἠλίαν.
573 3245 1009 3315 Ἀναφερόμενος
1057 3245 1136 3309 δὲ,
1162 3246 1263 3318 τὴν
1308 3245 1562 3317 μηλωτήν
1600 3246 1765 3300 αὐτοῦ
1797 3251 1899 3301 ἐπ-

2005 3251 2245 3297 montem
2289 3242 2527 3313 aliquem
2573 3242 2881 3313 dejccisset.
2933 3242 2991 3297 Id
3041 3243 3273 3298 Elisaeus
3307 3240 3580 3312 principio

310 3339 511 3411 ιρῥιψε
541 3340 617 3408 τῷ
657 3338 955 3393 Ἐλισσαιέ.
986 3339 1098 3392 Καὶ
1121 3339 1199 3404 ὃς,
1242 3337 1425 3394 λαϐὼν
1477 3341 1668 3412 αὐτὴν,
1702 3341 1900 3413 μηκέτι

2005 3342 2188 3404 negat,
2233 3337 2330 3390 sed
2376 3336 2712 3391 instantibus
2763 3337 3037 3410 concedit.
3079 3336 3257 3404 Quare
3279 3334 3384 3390 viri
3411 3333 3579 3405 quin-

311 3434 410 3485 e?»
462 3430 653 3484 Ἠλίαν
702 3430 868 3500 δρῶν,
921 3428 1230 3500 ὑπέστρεψε
1259 3444 1273 3459 °
1311 3430 1406 3484 καὶ
1461 3429 1633 3483 ἐλθὼν
1686 3433 1764 3494 είς
1810 3432 1901 3485 τὸν

2003 3428 2264 3497 quaginta
2324 3435 2441 3482 toto
2488 3426 2673 3482 triduo
2723 3428 3014 3497 quaesitum
3065 3444 3176 3483 non
3227 3433 3578 3499 repererunt.

324 3523 607 3595 Ἰορδάνην
660 3522 978 3594 ἀπόπειραν
1014 3523 1256 3576 ἐποιεῖτο
1300 3524 1350 3575 εἰ
1391 3521 1549 3575 ἔλαϐε
1595 3522 1692 3594 τήν
1729 3505 1901 3597 ’χάριν

313 3616 393 3680 ὡς
423 3616 618 3687 ᾔτησε,
651 3616 745 3670 καὶ
788 3613 1029 3679 ἐπάταξε
1063 3613 1124 3666 τὺ
1170 3613 1315 3684 ὕδωρ
1345 3617 1414 3685 τῇ
1457 3614 1702 3686 μηλωτῇ.
1745 3617 1818 3669 Τὸ
1841 3615 1901 3671 δὲ

2001 3516 2256 3571 Elisaeum
2304 3516 2663 3573 Hiericbunte
2722 3517 3061 3573 habitantem
3112 3518 3264 3573 cives
3304 3532 3579 3573 convene-

2001 3617 2154 3673 runt,
2188 3617 2444 3680 rogantes
2472 3617 2531 3665 ut
2559 3610 2682 3680 ejus
2726 3610 2834 3665 loci
2866 3624 3038 3680 aquas
3071 3609 3242 3666 malas
3288 3617 3345 3664 et
3373 3608 3580 3664 sterili-

315 3710 378 3763 οὗ
421 3709 667 3779 διῄρητο.
724 3707 835 3761 Kal
894 3704 1040 3768 εἶπε.
1093 3707 1216 3761 Ποῦ
1266 3709 1298 3761 ὀ
1338 3709 1483 3772 Θεὸς
1529 3708 1771 3773 Ἠλιόυ;
1807 3711 1901 3763 καὶ

2002 3710 2168 3758 tatem
2198 3703 2528 3759 inducentes
2574 3711 2835 3758 mutaret.
2872 3703 2970 3758 Ille
3005 3703 3172 3758 salem
3205 3702 3261 3756 in
3290 3716 3435 3756 novo
3470 3699 3577 3756 sibi

316 3801 561 3866 ἐπάταξε
608 3800 811 3854 πάλιν⁹
849 3801 944 3852 καὶ
996 3798 1183 3870 διέστη
1216 3799 1278 3853 τὸ
1321 3798 1487 3871 ὕδωρ,
1532 3803 1625 3854 καὶ
1658 3800 1896 3872 διῆλθεν.

329 3891 556 3953 Ἰδόντες
602 3889 661 3944 δὲ
710 3889 873 3942 αὐτὸν
908 3890 1017 3941 υἱοὶ
1045 3888 1154 3942 τῶν
1190 3890 1487 3961 προφητῶν
1538 3892 1896 3961 πεντήκοντα,

314 3978 476 4035 εἷπον
505 3998 519 4013 ⁸
566 3979 1094 4034 Ἐπαναπέπαυται
1140 3981 1206 4033 τὸ
1252 3981 1491 4050 πνεῦμα
1549 3981 1751 4037 Ἡλίου
1798 3982 1898 4036 ἐπὶ

329 4071 668 4129 Ἐλισσαιέ.
715 4072 826 4124 Kal
864 4069 1245 4142 ἠκολούθησαν
1294 4071 1468 4142 αὐτῷ,
1517 4075 1611 4127 καὶ
1667 4074 1897 4144 ἐζήτουν

311 4164 677 4237 πορευθῆναι,
710 4165 1124 4234 ὲρευνήσοντες,
1161 4162 1236 4235 μή
1266 4183 1397 4218 ποτε
1427 4160 1531 4236 ἦρε
1577 4164 1671 4218 τὸν
1708 4165 1896 4218 Ἠλίαν

313 4256 543 4328 πνεῦμα
596 4256 842 4327 Κυρίου,
895 4254 992 4309 καὶ
1050 4255 1277 4327 ἔρριψεν
1325 4255 1490 4309 αὐτὸν
1542 4257 1628 4325 ἐφ’
1674 4255 1733 4310 ἓν
1788 4256 1895 4310 τῶν

311 4347 547 4420 ὁρέωνῆ
582 4346 691 4399 τῶν
740 4346 968 4417 βουνῶν.
1029 4345 1300 4399 Ἐλισσαιὲ
1348 4345 1406 4399 δὲ
1440 4347 1539 4400 ούκ
1565 4347 1891 4419 ἐπέτρεπεν.

322 4436 699 4509 Ἔγκειμένων
731 4437 777 4489 δ’
816 4436 1065 4502 ἐκείνων,
1091 4435 1406 4491 κατένευσε.
1444 4436 1559 4491 Kal
1590 4437 1894 4509 ἐπορεύθη-

312 4550 415 4586 σαν
440 4532 782 4599 πεντήκοντα
805 4529 1018 4601 ἄνδρες,
1049 4529 1144 4583 καὶ
1175 4529 1452 4600 ἐζήτησαν
1480 4532 1627 4601 τρεῖς
1655 4531 1889 4602 ἡμέρας,

1998 3811 2128 3852 vase
2160 3796 2345 3852 aﬁ‘erri
2374 3797 2570 3868 jubet:
2612 3796 2861 3861 allatum,
2908 3796 3164 3851 invocato
3204 3794 3300 3851 Dei
3325 3795 3575 3859 nomine,

1999 3887 2058 3942 in
2088 3886 2295 3941 fontem
2326 3886 2594 3959 conjicit:
2658 3901 2769 3957 quo
2823 3886 2989 3950 facto,
3039 3899 3306 3955 aquarum
3359 3898 3578 3938 amaror

1998 3980 2054 4035 in
2109 3980 2461 4036 dulcedinem
2521 3987 2608 4035 est
2660 3994 3003 4047 conversus,
3064 3978 3265 4034 amissa
3323 3978 3470 4033 omni
3520 3975 3576 4033 vi

1997 4074 2182 4129 noxia.
2219 4074 2494 4144 Propheta
2517 4076 2775 4143 quopiam
2801 4073 3000 4135 iturus,
3024 4086 3225 4142 parvos
3250 4086 3453 4141 pueros
3476 4083 3597 4141 per.

1996 4163 2318 4229 ludibrium,
2370 4163 2623 4228 Ascende,
2675 4161 2840 4228 calve,
2892 4162 3211 4225 clamantes,
3263 4160 3578 4230 indignatus

1996 4263 2336 4312 exsecratur.
2367 4255 2558 4326 Itaque
2592 4255 2705 4310 ursi
2735 4270 2767 4310 e
2799 4254 3082 4309 montibus
3120 4253 3395 4324 progressi
3437 4267 3576 4322 pue-

1996 4364 2090 4404 ros
2171 4349 2313 4404 duos
2376 4357 2433 4403 et
2488 4347 2849 4418 quadraginta
2919 4346 3263 4402 occiderunt.
3321 4346 3576 4402 Joramus

1994 4439 2204 4494 Achabi
2253 4439 2417 4506 ﬁlius,
2444 4437 2698 4492 Moabitis
2741 4436 2949 4491 bellum
2984 4434 3261 4502 illaturus,
3309 4432 3573 4487 auxilium

1994 4531 2188 4601 petita
2216 4529 2511 4599 Josaphato
2532 4529 2730 4585 Iudaea:
2756 4541 2901 4598 rege.
2955 4527 3052 4582 Ille
3096 4527 3259 4581 etiam
3300 4524 3574 4581 Idumaeo-

308 4621 405 4675 καὶ
441 4619 541 4688 οὐχ
573 4612 753 4687 εὗρον.
818 4616 1091 4671 Ἐλισσαιὲ
1145 4617 1204 4671 δὲ
1263 4619 1324 4671 ὲν
1388 4617 1603 4690 Ἰεριχῷ
1661 4616 1749 4691 ἦν.
1786 4621 1896 4675 Kal

2006 4636 2127 4675 rum
2161 4635 2367 4691 regem,
2394 4620 2488 4690 qui
2528 4619 2634 4675 sibi
2666 4627 2906 4690 pareret,
2939 4634 2998 4674 se
3029 4617 3328 4673 asciturum
3363 4614 3575 4670 socium

309 4707 480 4781 ἦλθον
508 4711 558 4762 οί
592 4709 785 4779 ἄνδρες
819 4708 919 4773 τῆς
964 4710 1176 4773 πόλεως
1226 4709 1365 4780 πρὸς
1411 4711 1595 4778 αὐτὸν,
1648 4712 1893 4782 δεόμενοι

317 4800 735 4873 μεταϐληθῆναι
770 4800 901 4870 παρ’
930 4801 1097 4854 αὐτοῦ
1120 4801 1186 4854 τὰ
1224 4799 1392 4855 ὕδατα
1419 4800 1514 4855 τοῦ
1546 4804 1714 4856 τύπου
1744 4804 1894 4856 ὲκεί-

315 4912 431 4959 νου,
477 4893 692 4963 πονηρὰ
722 4892 853 4946 ὄντα
891 4893 987 4947 καὶ
1016 4893 1368 4948 ἀτεκνοῦντα.
1416 4894 1474 4948 ’0
1504 4896 1559 4949 δὲ
1597 4896 1656 4948 ἐν
1687 4897 1894 4966 ἀγγείῳ

312 4983 490 5053 καινῷ
518 4983 654 5049 ἃλας
696 4983 847 5053 αύτῷ
900 4983 1232 5055 κομισθῆναι
1281 4985 1516 5057 ἐζήτησε
1543 5001 1558 5018 ·
1611 4986 1703 5040 καὶ
1735 5003 1896 5056 κομι-

315 5078 561 5143 σθέντος,
591 5080 673 5142 εἰς
714 5077 813 5148 τὴν
849 5077 1032 5147 πηγὴν
1081 5077 1189 5130 τῶν
1220 5077 1430 5131 ὑδάτων
1472 5077 1716 5148 καθῆκεν
1759 5079 1894 5143 ἅλας

314 5167 752 5240 Ξπικαλούμενος
796 5168 890 5222 τὸν
934 5168 1088 5235 Θεὸν,
1119 5169 1213 5223 καὶ
1244 5170 1313 5223 τὰ
1348 5168 1518 5224 ὕδατα
1563 5171 1627 5224 ὲκ
1668 5170 1894 5243 πικρίας

312 5266 393 5327 εἰς
423 5261 743 5332 γλυκύτητα
775 5261 1211 5332 μετεῦλήθησαν,
1242 5263 1338 5316 καὶ⁵
1367 5262 1521 5316 οὐδὲν
1549 5264 1734 5326 αὐτοῖς
1762 5267 1891 5317 ἐνα-

315 5356 550 5426 πὲμεινε
583 5353 870 5425 βλαϐερόν.
919 5353 1202 5417 Ἀπιόντος
1248 5354 1304 5408 δέ
1351 5372 1454 5408 που
1480 5355 1576 5408 τοῦ
1605 5358 1891 5424 προφήτου

322 5444 644 5510 Ἐλισσαιὲ,
703 5446 967 5516 παιδάρια
1046 5445 1221 5516 μικρᾶ
1286 5446 1619 5510 κατέπαιζον
1688 5447 1889 5511 αὐτοῦ,

314 5541 548 5612 βοῶνταο
570 5538 893 5599 Ἀνάόαιιέ.
917 5538 1207 5607 φαλακρέ.
1235 5538 1506 5610 Ἀλγήσας
1529 5538 1573 5591 δ’
1589 5539 1682 5592 ἐπὶ
1698 5539 1892 5610 τούτῳ,

312 5631 628 5702 κατηύξατο
644 5629 846 5684 αὐτῶν.
865 5632 975 5684 Καὶ
995 5629 1221 5699 ἐξῆλθον
1246 5629 1440 5701 ἀρκτοι
1464 5629 1570 5682 ἀπὸ
1592 5630 1685 5683 τοῦ
1704 5630 1888 5701 ὅρους,

313 5727 409 5780 καὶ
446 5723 781 5777 ἀπέκτειναν
824 5725 889 5775 ὲκ
942 5722 1054 5776 τῶν
1104 5722 1314 5776 παίδων
1361 5721 1455 5775 δύο
1493 5722 1583 5775 καὶ
1620 5722 1893 5792 τεσσαρά-

312 5833 496 5871 ιιοητα.
526 5816 731 5887 Ἰωρὰμ
747 5816 805 5868 δὲ
839 5817 867 5869 6
890 5815 1003 5878 υἱὸς
1023 5815 1252 5887 Ἀχαά6,
1290 5815 1501 5887 μέλλων
1524 5813 1664 5869 κατὰ
1686 5816 1895 5869 Μοαόι-

311 5908 419 5964 τῶν
460 5905 878 5981 ἐκστρατεύειν,
918 5907 1188 5977 Ἰωσαφὰτ
1241 5907 1333 5962 τὸν
1370 5905 1596 5979 βασιλέα
1624 5906 1725 5978 τῆς
1756 5906 1891 5963 ἰου-

1996 4710 2290 4780 promittit.
2334 4710 2411 4764 Ita
2462 4719 2573 4766 tres
2618 4725 2796 4781 reges,
2843 4707 2979 4763 inita
3010 4707 3327 4771 concordia,
3363 4716 3574 4776 septem

1996 4807 2196 4862 diebus
2241 4823 2341 4878 per
2372 4806 2654 4862 desertum
2696 4806 2977 4862 abierunt.
3014 4801 3364 4859 Exercitibus
3391 4808 3575 4855 autem

1994 4913 2137 4970 aqua
2186 4898 2486 4965 destitutis,
2526 4898 2782 4954 Elisaaum
2830 4897 3095 4952 adeuntes
3129 4904 3290 4950 orant
3328 4903 3391 4949 ut
3433 4900 3490 4948 et
3514 4907 3575 4948 se

1994 4999 2050 5044 et
2076 4990 2279 5045 milites
2300 4999 2672 5047 conservaret.
2696 4990 2766 5044 At
2789 4989 2881 5045 ille
2905 4989 3127 5044 Joramo
3152 5004 3166 5041 :
3199 4986 3278 5040 Ad
3305 4986 3472 5056 patris
3497 4984 3574 5037 tui

1995 5090 2045 5135 et
2077 5083 2268 5137 matris
2289 5083 2589 5154 praphetas,
2621 5082 2816 5152 inquit,
2844 5082 3009 5146 abito,
3035 5089 3089 5135 et
3105 5081 3272 5151 jurat,
3293 5080 3339 5133 si
3364 5078 3575 5147 absque

1993 5172 2293 5244 Josaphato
2318 5183 2487 5238 esset,
2509 5189 2567 5228 se
2590 5189 2660 5228 ne
2693 5174 2920 5227 verbum
2941 5171 3164 5242 quidem
3189 5172 3240 5226 ei
3274 5186 3573 5240 responsu-

1995 5279 2118 5318 rum
2151 5263 2571 5319 fuisse.Deinde
2601 5263 2894 5333 quemdam
2911 5261 3095 5316 vocari
3114 5260 3295 5330 jubet,
3314 5260 3407 5328 qui
3433 5258 3574 5328 psal-

1994 5356 2154 5412 leret.
2187 5356 2267 5411 Eo
2291 5357 2579 5423 psallente,
2609 5355 2807 5421 spiritu
2842 5355 3057 5409 Domini
3085 5352 3298 5407 aﬁlatus
3321 5352 3570 5417 Elisaeus,

1990 5448 2147 5519 jubet
2169 5449 2370 5503 multas
2386 5448 2551 5502 eﬁ‘odi
2572 5449 2799 5504 scrobes
2816 5449 2967 5519 juxta
2996 5455 3330 5512 torrentem;
3356 5446 3573 5504 visuros

1993 5540 2142 5594 enim
2177 5548 2474 5594 torrentem
2507 5539 2754 5608 plenum,
2779 5553 2959 5608 neque
2980 5545 3146 5592 vento
3184 5537 3451 5605 spirante,
3476 5553 3573 5592 ne-

1992 5648 2100 5703 que
2134 5631 2308 5687 imbre
2327 5631 2622 5701 depluente
2651 5648 2665 5684 :
2708 5645 2774 5686 ac
2800 5637 3028 5700 poturos
3056 5627 3125 5683 ad
3156 5627 3482 5692 satietatem,
3514 5635 3572 5684 et

1996 5725 2233 5780 hostium
2257 5725 2550 5794 petituros.
2587 5724 2684 5780 His
2707 5723 3006 5794 praedictis,
3037 5731 3265 5794 postero,
3288 5722 3377 5778 die
3408 5737 3570 5778 mane

1993 5825 2050 5872 et
2078 5816 2341 5871 torrentis
2367 5816 2555 5871 alveus
2581 5815 2951 5885 impletusest,
2971 5817 3110 5872 adeo
3144 5822 3204 5871 ut
3232 5814 3570 5872 redundaret

1993 5915 2051 5963 et
2069 5906 2252 5962 omnis
2266 5904 2417 5963 illius
2431 5911 2592 5963 terra:
2606 5905 2928 5978 superﬁcies
2954 5918 3251 5980 stagnaret.
3278 5906 3403 5965 Sole
3420 5916 3564 5975 orto,
