4092 6402
271 360 369 430 193

1527 360 1942 423 ANNALIUM
1982 361 2134 422 LIB.
2179 361 2258 423 Ιῐ.

3443 361 3547 425 194

271 476 397 542 κὼς,
420 472 521 529 καὶ
544 471 753 529 ἔδωκεν
786 472 955 529 αὐτὸν
973 474 1040 544 τῇ
1068 472 1243 544 μητρὶ
1259 471 1427 527 αὖτοῦ
1448 472 1652 539 ζῶντα.
1671 474 1855 528 Ἐκεῖ-

1964 473 2293 543 propbetam
2341 470 2709 527 inclamarunt
2749 481 3010 544 tanquam
3049 475 3318 547 cvestigio
3369 479 3547 533 mori-

270 568 358 623 θεν
384 564 634 638 ἀπῆλθεν
655 566 736 629 είς
766 564 1041 633 Γάλγαλα.
1078 565 1191 619 Kal
1227 560 1296 636 ἦν
1329 565 1508 636 λιμὸς,
1542 567 1639 619 καὶ
1665 568 1715 620 cl
1745 567 1854 620 υἱοὶ

264 659 371 713 τῶν
393 657 702 729 προφητῶν
727 656 900 727 ήκασι
932 656 1069 727 πρὸς
1108 656 1292 711 αὐτόν.
1343 655 1402 710 Ὀ
1429 656 1486 709 δὲ
1517 655 1594 728 τῷ
1621 657 1853 728 διακόνῳ

264 750 432 805 αἱ,τοῦ
459 748 725 813 ἐπέταξεν
773 748 1069 818 ἑτοιμάσαι
1105 748 1289 810 αὐτοῖς
1323 748 1533 819 ἕψημα.
1567 752 1677 804 Καὶ
1724 767 1854 804 συν-

266 842 447 907 έλεξεν
480 842 694 902 ἐκεῖνος
722 842 787 892 ἐκ
814 838 909 892 τοῦ
936 838 1112 910 ἀγροῦ
1144 838 1374 908 λάχανα,
1411 834 1493 903 οἷς
1526 841 1623 894 καὶ
1645 841 1854 913 τολύπη

270 933 731 1002 συνανεμέμικτο.
774 932 842 984 Ἢ
869 932 924 985 δέ
953 932 1153 1003 βοτάνη
1194 934 1312 985 ἐστὶ
1361 933 1707 1004 δηλητήριος.
1744 934 1855 988 Kal

268 1025 478 1094 ἑψήσας
506 1026 829 1094 προσήγαγε
853 1027 968 1088 τοῖς
1001 1026 1262 1096 ἀνδράσιν
1286 1041 1302 1055 ⁶
1333 1027 1607 1091 ἐσθίοντες
1637 1027 1697 1080 δὲ
1721 1028 1854 1081 ἐ.πέ-

268 1132 409 1182 γνων
431 1116 537 1184 τὴν
564 1114 832 1184 τολύπην,
858 1114 952 1167 καὶ
977 1115 1113 1185 πρὸς
1136 1115 1226 1168 τὸν
1255 1116 1545 1185 προφήτην
1565 1115 1637 1177 ὼ,
1660 1116 1855 1186 τεθνη-

268 1205 487 1275 ξόμενοι
514 1206 842 1275 ἐξεϐόησαν.
885 1204 943 1258 Ὀ
965 1205 1023 1258 δὲ
1048 1205 1276 1276 ἄλευρον
1298 1206 1563 1271 κελεύσας
1598 1206 1855 1276 ἐμϐαλεῖν

265 1297 345 1359 είς
397 1296 493 1348 τὸν
546 1295 779 1368 λέϐητα,
838 1296 1110 1368 ἐπέτρεψε
1167 1299 1388 1365 φαγεῖν,
1431 1298 1527 1351 καὶ
1575 1297 1751 1351 οὐδενί
1802 1317 1865 1352 τι.

264 1391 494 1457 γέγονεν
547 1389 614 1442 ὲκ
673 1388 774 1457 τῆς
834 1390 1043 1461 τροφῆς
1093 1390 1353 1459 πονηρόν.
1403 1391 1756 1458 Ἐνεγκόντος
1808 1391 1854 1444 δ’

260 1479 415 1548 αὐτῴ
443 1495 592 1544 τινος
626 1480 829 1551 ἄρτους
859 1480 1057 1543 είκοσι,
1107 1482 1203 1534 καὶ
1235 1479 1510 1546 παλάθας,
1548 1481 1853 1535 ἐνετείλατο

258 1571 341 1640 τῷ
422 1572 682 1644 ὑπηρέτῃ
737 1571 905 1625 αὑτοῦ
977 1574 1306 1643 παραθεῖναι
1358 1573 1439 1644 τῷ
1492 1573 1606 1643 λαῷ
1655 1573 1849 1628 ταῦτα.

262 1662 377 1716 Τοῦ
410 1663 563 1729 δὲ,Τί
593 1662 671 1716 ἂν
697 1664 932 1732 γένοιτο
967 1663 1154 1717 ταῦτα
1180 1664 1333 1731 πρὸς
1363 1662 1589 1731 ἄνδρας
1612 1663 1852 1732 ἑκατὸν,

260 1757 586 1826 εἰρηκότος·
637 1755 771 1821 Δὸς,
820 1750 968 1819 εἶπε,
1024 1754 1234 1820 ταῦτα,
1289 1756 1390 1809 καὶ
1438 1755 1848 1811 ἐσθιέτωσαν·

260 1844 756 1913 κορεσοήσονται
808 1843 943 1915 γὰρ,
999 1843 1098 1898 καί
1138 1846 1583 1914 καταλείψουσι
1647 1860 1856 1915 περισ-
1886 1842 1926 1896 Β

259 1940 558 2007 σεύματα.
617 1939 729 1992 Καὶ
763 1940 847 2001 είς
883 1937 1047 2009 ἔργον
1080 1938 1110 1990 6
1139 1937 1295 2007 λόγος
1329 1938 1568 2007 ἐγένετο.
1629 1939 1853 2011 Νεεμάν

261 2029 345 2094 δὲ,
378 2030 559 2100 μέγας
588 2028 663 2081 ὢν
700 2030 856 2100 παρά
886 2029 964 2099 τῷ
993 2028 1206 2097 βασιλεῖ
1249 2030 1471 2099 Συρίας,
1520 2031 1852 2102 λελέπρωτο.

264 2120 379 2173 Kal
434 2118 674 2182 νεάνιδος
740 2118 1272 2189 αἰχμαλωτισθείσης
1339 2120 1747 2192 ἰσραηλίτιδος,
1814 2123 1849 2193 ἡ

261 2209 407 2281 γυνὴ
442 2209 665 2280 Νεεμὰν
710 2208 910 2281 δούλην
946 2210 1103 2280 ἔσχεν
1131 2211 1323 2282 αὑτήν.
1366 2211 1527 2275 ’ῚΙτις
1561 2213 1665 2282 ἔφη
1715 2212 1853 2284 πρὸς

261 2300 369 2369 τῆν
406 2301 607 2370 κυρίαν
666 2298 863 2370 αὐτῆς,
914 2299 1014 2363 ὼς,
1044 2300 1108 2353 El
1149 2299 1394 2371 ἀπῆλθεν
1430 2301 1458 2354 6
1508 2301 1697 2374 κύριός
1746 2320 1851 2371 μου

265 2392 407 2461 πρὸς
448 2392 542 2443 τὸν
592 2391 884 2462 προφήτην
942 2389 1240 2456 Ἐλισσαιὲ,
1292 2386 1585 2462 ἀπηλλάγη
1633 2391 1700 2445 ἂν
1750 2392 1852 2462 τῆς

264 2484 427 2536 νόσου
460 2481 650 2537 αὐτοῦ.
693 2481 755 2536 'll
795 2482 852 2535 δὲ
886 2481 965 2553 τῷ
992 2481 1146 2551 ἀνδρὶ
1173 2482 1300 2547 τοὺς
1326 2482 1519 2552 λόγους
1545 2484 1851 2555 ἀπήγγειλε

265 2574 369 2642 τῆς
402 2573 664 2639 νεάνιδος,
709 2576 806 2629 καὶ
837 2573 1063 2644 Νεεμὰν
1091 2574 1157 2627 τὰ
1188 2573 1493 2644 λαληθέντα
1526 2573 1607 2645 τῷ
1641 2574 1854 2646 βασιλεί

264 2667 472 2738 Συρίας
506 2667 801 2738 ἀνήνεγκε.
832 2668 941 2719 Kal
971 2669 998 2719 6
1030 2665 1288 2737 βασιλεὺς
1314 2667 1610 2739 ἐπιστολὴν
1635 2667 1850 2722 ἐκτίθε-

268 2776 365 2812 ται
422 2761 554 2831 περὶ
597 2759 693 2813 τοῦ
729 2758 1137 2829 θεραπευθῆναι
1172 2759 1263 2811 τὸν
1303 2754 1528 2829 Νεεμάν
1586 2758 1724 2831 πρὸς
1758 2759 1852 2813 τὸν

270 2850 500 2922 βασιλέα
528 2852 622 2905 τοῦ
668 2851 914 2922 Ἰσραήλ.
961 2850 1183 2921 Νεεμάν
1222 2852 1302 2915 δὲ,
1330 2851 1512 2905 λαϐὼν
1560 2850 1694 2905 δέκα
1750 2853 1850 2907 τά-

265 2943 445 2998 λσιντα
494 2942 767 3015 ἀργύρου,
825 2945 920 2998 καὶ
976 2944 1378 3015 ἑξακισχιλίους
1436 2942 1699 3014 χρυσοῦς,
1758 2944 1852 2997 καὶ

265 3037 408 3093 δέκα
440 3036 850 3108 ἀλλασσομὲνας
886 3037 1081 3100 στολάς
1111 3036 1244 3108 (64),
1286 3036 1560 3108 ἐπορεύθη
1605 3038 1700 3091 ἐπὶ
1744 3037 1852 3091 Σα-

1956 564 2091 620 turi.
2132 564 2231 619 Ille
2268 563 2448 618 farina
2481 564 2796 620 inlebetem
2828 565 3029 637 injecta
3057 581 3153 621 eos
3183 569 3331 624 vesci
3362 570 3545 638 jubet.

1954 656 2077 723 Quo
2105 656 2251 711 facto
2275 695 2291 720 ,
2347 656 2486 710 nihil
2511 671 2578 710 ex
2608 670 2676 710 eo
2700 658 2825 712 cibo
2847 658 3181 712 incommodi
3227 671 3543 717 senserunt.

1954 748 2092 804 Cum
2110 749 2333 818 quidam
2359 748 2409 803 ei
2434 763 2606 819 panes
2635 749 2829 820 viginti
2856 751 3134 805 attulisset
3167 766 3233 807 ac
3273 754 3543 822 palatbas,

1956 846 2273 900 ministrum
2294 862 2359 899 ea
2382 845 2584 915 populo
2612 846 3082 915 apponerejuhet.
3125 846 3237 917 99
3275 847 3377 913 Qui
3418 864 3541 903 cum

1953 937 2191 1003 diceret:
2218 936 2359 1004 Quid
2388 939 2489 992 ista
2521 940 2591 993 ad
2618 949 2825 993 centum
2857 942 2994 994 viros
3019 940 3044 992 ἵ
3075 939 3233 1004 Dato,
3264 940 3461 1010 inquit,
3486 951 3541 995 at

1953 1038 2235 1083 vescantur
2256 1044 2276 1083 :
2299 1046 2427 1083 nam
2450 1037 2500 1082 et
2523 1034 2938 1095 saturabuntur,
2970 1041 3017 1084 et
3042 1029 3245 1100 aliquid
3260 1034 3538 1102 supererit.

1955 1120 2022 1175 Et
2047 1121 2119 1175 ita
2152 1120 2356 1177 factum
2380 1131 2465 1177 est
2497 1131 2557 1176 ut
2597 1122 2689 1177 ille
2710 1122 2946 1177 dixerat.
2972 1124 3104 1178 Erat
3138 1125 3358 1194 quidam
3399 1126 3537 1181 Nee-

1956 1226 2082 1265 man
2123 1213 2371 1277 nomine,
2420 1228 2630 1284 magna;
2660 1214 2804 1283 apud
2836 1214 3005 1286 Syriae
3032 1231 3213 1287 regem
3239 1219 3541 1273 auctorita-

1956 1304 2044 1368 tis,
2088 1303 2241 1374 lepra
2273 1305 2531 1360 inlectus.
2560 1304 2732 1377 Cujus
2770 1307 2927 1361 uxori
2963 1323 3086 1361 cum
3122 1310 3321 1363 mulier
3368 1310 3543 1364 lsrae-

1953 1395 2104 1450 litica
2164 1396 2313 1452 bello
2365 1406 2526 1467 capta
2571 1399 2862 1464 serviens,
2917 1400 3189 1465 dixisset,
3236 1401 3281 1456 si
3306 1402 3372 1455 ad
3421 1402 3539 1456 Eli-

1954 1501 2122 1541 saaum
2151 1487 2477 1557 pr0plretam
2507 1488 2685 1544 abiret
2724 1489 2894 1545 herus
2921 1505 3073 1555 suus,
3124 1494 3376 1548 morbum
3417 1496 3539 1563 ejus

1954 1587 2205 1633 curatum
2251 1579 2343 1646 iri,
2392 1595 2458 1635 ea
2504 1580 2671 1634 verba
2716 1597 2857 1635 uxor
2893 1583 3116 1648 marito,
3146 1583 3379 1639 maritus
3420 1583 3536 1655 regi

1958 1671 2129 1740 Syriae
2176 1669 2364 1726 refert.
2398 1670 2515 1726 Rex
2565 1687 2697 1727 vero
2741 1673 2956 1729 litteras
3000 1675 3195 1730 scribit
3240 1676 3306 1730 ad
3353 1693 3535 1748 regem

1956 1762 2175 1819 lsraelis
2190 1763 2261 1820 de
2285 1765 2574 1819 Net-manis
2596 1766 2903 1822 curatione.
2939 1766 3057 1837 Ipse
3079 1768 3346 1835 Neeman,
3380 1785 3534 1824 sum-

1956 1858 2066 1927 ptis
2093 1857 2286 1912 decem
2325 1857 2540 1927 argenti
2582 1857 2804 1913 talentis
2842 1868 2901 1913 et
2948 1873 3042 1913 sex
3069 1860 3217 1914 mille
3240 1860 3447 1924 aureis,
3480 1868 3536 1915 et

1955 1949 2147 2006 decem
2190 1950 2348 2007 stolis
2395 1950 2744 2012 lautioribus,
2789 1949 3092 2005 Samariam
3134 1952 3533 2022 proficiscitur,

1952 2039 2281 2110 litterasque
2322 2042 2435 2112 regi
2491 2042 2677 2096 tradit.
2720 2040 2934 2109 Quibus
2977 2042 3070 2097 ille
3128 2043 3307 2109 lectis,
3354 2053 3537 2099 vestes

1955 2147 2086 2188 suas
2120 2134 2406 2199 laceravit,
2432 2132 2604 2204 Syria:
2632 2148 2816 2202 regem
2837 2148 3059 2188 causam
3085 2143 3275 2189 contra
3308 2149 3366 2189 se
3390 2150 3538 2204 qua:-

1953 2238 2080 2279 rere
2118 2222 2329 2279 dicens.
2372 2224 2449 2277 Eo
2499 2224 2742 2294 cognito,
2799 2223 3028 2280 Elisaaus
3063 2224 3128 2278 ad
3188 2240 3249 2280 se
3305 2225 3537 2280 Neema-

1954 2332 2083 2372 nem
2136 2315 2278 2371 mitti
2323 2315 2526 2388 jubet:
2575 2317 2671 2387 qui
2737 2332 2864 2372 cum
2911 2316 3171 2383 venisset,
3225 2319 3427 2387 septies
3480 2319 3535 2372 in

1952 2407 2193 2465 Jordane
2219 2406 2515 2462 lavandum
2533 2422 2678 2475 esse,
2712 2422 2807 2477 per
2841 2407 3097 2463 nuntium
3137 2408 3188 2462 ei
3235 2407 3533 2477 signiﬁcat,

1952 2497 2034 2553 sic
2057 2497 2210 2566 lepra
2250 2496 2319 2551 iri
2365 2496 2683 2553 liberatum.
2713 2497 2956 2553 Neeman
2990 2512 3149 2563 vero,
3178 2496 3352 2553 iratus
3387 2498 3533 2567 quod

1953 2587 2059 2643 sibi
2088 2588 2361 2659 propheta
2406 2603 2517 2643 non
2547 2589 2765 2644 obviam
2787 2606 3041 2661 egressus
3092 2600 3238 2644 esset
3267 2606 3331 2645 ac
3361 2591 3537 2645 maui-

1952 2680 2059 2736 hus
2122 2680 2393 2750 impositis
2445 2688 2571 2735 vota
2628 2680 2887 2746 fecisset,
2949 2698 3046 2751 per
3103 2682 3534 2752 indignationem

1954 2756 2192 2825 discedit
2233 2781 2248 2827 :
2311 2767 2469 2838 quasi
2499 2783 2633 2822 vero
2667 2769 2825 2839 Syria
2868 2785 2978 2823 non
3028 2769 3262 2825 haberet
3304 2769 3535 2825 ﬂumina

1951 2857 2196 2914 Jordaue
2226 2857 2477 2922 meliora,
2519 2856 2577 2910 in
2613 2856 2817 2925 quibus
2865 2857 2913 2911 si
2956 2857 3201 2923 lavisset,
3239 2862 3537 2914 mundare-

1955 2957 2066 3006 tur.
2118 2947 2224 3003 Sed
2270 2948 2419 3003 inter
2475 2946 2813 3013 abeundum,
2857 2948 3101 3002 monitus
3143 2964 3173 3001 a
3219 2949 3439 3005 [ωιιυιιε
3476 2961 3537 3005 ut

1954 3039 2239 3111 propheta:
2284 3048 2508 3108 pareret
2532 3037 2779 3103 monitis,
2818 3053 2940 3109 qua:
2972 3039 3111 3093 nihil
3146 3040 3366 3096 dzﬂicile
3386 3057 3534 3096 coui-

268 3134 534 3204 μάρειαν,
566 3134 663 3186 καὶ
690 3130 793 3200 τῆν
822 3129 1113 3203 ἐπιστολήν
1145 3131 1222 3202 τῷ
1253 3131 1465 3203 βασιλεί
1491 3132 1847 3204 ἐνεχείρισεν.

1956 3134 2350 3206 plecterentur,
2409 3132 2792 3202 obtemperat,
2843 3145 2899 3188 et
2942 3134 3149 3203 septies
3194 3137 3245 3189 in
3298 3136 3535 3191 Jordaue

278 3225 342 3279 '0
377 3224 461 3290 δὲ,
484 3224 752 3292 ἀναγνοὺς
790 3221 983 3293 αὐτὴν,
1025 3222 1279 3295 διέρρηξε
1321 3225 1391 3278 τά
1440 3225 1632 3296 ἱμάτια
1662 3226 1852 3293 αὐτοῦ,

263 3319 469 3387 λέγων,
503 3318 588 3371 ὅτι
626 3317 912 3389 Πρόφασιν
956 3316 1083 3371 καθ’
1112 3317 1272 3389 ήμῶν
1305 3318 1334 3371 6
1368 3317 1621 3390 βασιλεὺς
1655 3320 1856 3392 Συρίας

266 3412 453 3483 ζητεῖ.
499 3411 769 3464 Ἐλισσαιέ
800 3410 882 3474 δὲ,
900 3407 1071 3464 ταῦτα
1103 3410 1317 3481 μαθὼν,
1359 3411 1591 3467 Ἐλθέτω
1619 3415 1756 3484 πρός
1786 3430 1855 3484 με

268 3507 301 3559 6
333 3503 582 3574 Νεεμάν,
636 3504 930 3575 μεμήνυκε
967 3504 1046 3574 τῷ
1093 3503 1304 3575 βασιλεῖ
1346 3504 1586 3578 Ἰσραήλ.
1618 3506 1732 3559 Kal
1763 3506 1854 3559 ἐλ-

269 3595 426 3650 θόντι
479 3595 692 3659 στείλας
762 3595 1066 3667 δεδήλωκεν
1153 3597 1410 3652 ἀπελθεῖν
1459 3601 1540 3662 εἰς
1587 3599 1678 3654 τὸν
1723 3599 1858 3670 Ἰορ-

268 3686 468 3757 δάνην,
505 3687 602 3741 καὶ
629 3686 931 3742 λούσασθαι
958 3688 1214 3755 ἑπτάκις,
1240 3690 1335 3744 καὶ
1354 3690 1500 3747 οὓτω
1524 3692 1624 3763 τῆς
1647 3691 1856 3763 λέπρας

270 3778 785 3850 ἀπαλλαγήσεσθαι.
860 3781 1120 3854 Ὦργίσθη
1188 3783 1247 3837 δὲ
1303 3784 1565 3856 Νεεμὰν,
1632 3787 1715 3841 ὅτι
1778 3787 1855 3858 μὴ

270 3873 474 3945 ἐξῆλθε
525 3874 666 3945 πρὸς
717 3874 883 3929 αὐτὸν
916 3878 944 3929 6
972 3877 1284 3948 προφήτης,
1338 3880 1438 3931 καὶ
1486 3874 1713 3950 ηὔξατο,
1759 3880 1857 3933 καὶ

271 3967 514 4021 ἐπέθετο
538 3965 687 4037 αὐτῷ
716 3968 817 4040 τὴν
842 3970 1023 4039 χεῖρα.
1058 3970 1170 4023 Kal
1196 3969 1524 4037 ἀγανακτῶν
1554 3970 1852 4042 ὑπεχώρει,

275 4056 494 4124 λέγων’
528 4056 644 4110 Οὔκ
679 4058 788 4111 sict
818 4057 1059 4130 ποταμοὶ
1086 4057 1220 4129 παρ’
1243 4060 1378 4129 ήμίν
1408 4060 1551 4131 ὑπὲρ
1580 4059 1673 4113 τὸν
1719 4061 1856 4131 Ἰορ-

266 4148 482 4219 δάνηνς
534 4148 833 4220 Πορευθεὶς
870 4147 1138 4219 λούσομαι
1182 4151 1241 4202 ἐν
1288 4150 1497 4215 αὐτοῖς,
1532 4151 1628 4204 καὶ
1681 4151 1856 4205 καθα-

273 4241 637 4315 ρισθήσομαι,
686 4239 1134 4314 ’Υπερχωροῦντι
1157 4240 1215 4295 δὲ
1240 4237 1395 4295 εἶπον
1424 4242 1577 4313 αὺτῷ
1603 4244 1652 4297 οἱ
1689 4243 1856 4315 θεράο

273 4348 505 4395 ποντεςσ
559 4332 793 4404 Ποίησον
838 4332 932 4387 τὸν
973 4332 1067 4387 τοῦ
1122 4334 1404 4406 προφήτου
1436 4334 1615 4405 λόγον,
1673 4336 1857 4407 ῥᾴδιον

266 4428 429 4480 ὄντα.
464 4426 577 4479 Kal
606 4424 818 4496 κατέϐη
846 4425 1093 4498 Νεεμάν,
1129 4427 1225 4480 καὶ
1278 4426 1609 4481 ὲδαπτίσατο
1655 4430 1713 4481 ἐν
1778 4427 1858 4498 τῷ

1957 3241 2174 3283 mersus
2210 3226 2510 3281 mandatur
2547 3243 2561 3279 :
2598 3240 2663 3279 ac
2715 3241 2992 3291 reversus,
3035 3228 3225 3296 gratiis
3256 3230 3535 3298 prophetae

1959 3322 2137 3385 actis,
2194 3320 2494 3375 conﬁtetur
2546 3332 2657 3373 non
2713 3307 2836 3373 esse
2884 3318 3056 3373 alium
3117 3321 3287 3375 Deum
3342 3334 3540 3391 praeter

1962 3411 2351 3476 lsraeliticum,
2385 3419 2579 3480 petens
2602 3418 2662 3464 ut
2684 3410 2933 3465 muneris
2967 3410 3177 3480 aliquid
3230 3414 3534 3483 accipen-t.

1956 3503 2160 3559 Verum
2207 3502 2302 3557 illo
2347 3509 2657 3567 recusante,
2693 3500 2950 3556 discedit.
2982 3500 3163 3557 Giezis
3191 3514 3375 3558 autem
3406 3521 3532 3559 eum

1957 3610 2336 3665 persequens:
2374 3592 2668 3664 Propheta,
2695 3594 2896 3663 inquit,
2930 3610 3014 3647 me
3052 3596 3215 3661 misit,
3248 3605 3306 3649 ut
3330 3602 3536 3666 argenti

1958 3683 2239 3746 talentum,
2272 3691 2323 3737 et
2348 3683 2484 3737 duas
2509 3682 2675 3738 stolas
2706 3686 3024 3754 acciperem,
3062 3702 3182 3756 qua
3219 3690 3305 3741 det
3334 3694 3528 3759 egenti-

1957 3777 2070 3841 bus,
2099 3777 2191 3847 qui
2210 3774 2363 3830 illum
2389 3776 2542 3828 modo
2564 3787 2939 3830 convenerunt.
2977 3777 3051 3833 lis
3076 3781 3336 3849 acceptis,
3356 3781 3536 3837 Ciezis

1956 3870 2024 3926 ad
2068 3869 2329 3925 Elisamm
2378 3868 2545 3924 redit.
2583 3868 2690 3935 Qui
2728 3884 2855 3924 cum
2900 3870 3104 3925 factum
3144 3872 3295 3927 illius
3334 3888 3532 3943 cogno-

1956 3960 2165 4024 visset,
2205 3960 2261 4017 ei
2322 3960 2509 4015 dixit:
2564 3959 2700 4026 Quia
2740 3964 3019 4033 pecuniam
3071 3973 3119 4018 et
3146 3975 3307 4018 vestes
3336 3982 3370 4018 a
3405 3965 3536 4019 Nee-

1958 4069 2118 4109 maue
2147 4055 2417 4125 accepisti,
2448 4053 2600 4124 lepra
2635 4054 2783 4109 illius
2823 4057 2914 4110 tibi
2943 4065 2993 4110 et
3018 4059 3203 4112 semini
3236 4067 3327 4111 tuo
3361 4060 3534 4112 adlim-

1958 4154 2144 4202 τείσει.
2180 4146 2271 4203 Sic
2304 4147 2396 4202 ille
2426 4146 2679 4216 leprosus
2730 4148 2865 4203 exit.
2908 4148 3309 4218 Prophetarum
3354 4160 3533 4205 autem

1958 4236 2090 4291 ﬁliis
2122 4236 2193 4290 ad
2233 4235 2529 4292 Iordanem
2575 4236 2721 4306 ligna
2768 4252 2967 4292 caesum
2996 4237 3290 4307 proiectis,
3336 4248 3397 4293 ut
3434 4240 3537 4295 sibi

1960 4328 2321 4382 tabernacula
2362 4328 2800 4393 constituerent,
2837 4328 3036 4383 Eliszeo
3073 4328 3373 4384 comitante
3396 4369 3412 4392 ,
3442 4346 3539 4384 cu-

1954 4420 2172 4493 jusdam
2208 4421 2421 4475 securis
2446 4421 2630 4489 elapsa
2669 4423 2868 4491 capulo
2915 4421 2971 4476 in
3002 4421 3207 4476 ﬂumen
3231 4423 3459 4478 decidit.
3489 4423 3538 4478 la

282 4517 535 4589 Ἰορδάνῃ
568 4517 827 4583 ἑπτάκις,
857 4518 955 4572 καὶ
976 4516 1343 4589 ἐκαθαρίσθη’
1377 4518 1471 4571 καὶ
1509 4519 1854 4589 ἀναστρέψας

1959 4512 2283 4582 prophetam
2332 4520 2522 4574 vocat.
2562 4520 2620 4565 et
2653 4512 2836 4566 locum
2884 4521 3153 4568 monstrat
3194 4514 3287 4568 ubi
3325 4514 3542 4569 demer-

265 4609 605 4682 ηὐχαρίστει
651 4609 729 4679 τῷ
763 4609 1046 4682 προφήτῃ,
1075 4611 1168 4662 καὶ
1203 4609 1280 4681 μὴ
1312 4604 1457 4664 εἶναι
1502 4609 1635 4663 Θεὸν
1666 4611 1855 4682 ἕτερον

1958 4618 2080 4659 sum
2119 4616 2267 4658 esset
2296 4602 2526 4658 ferrum.
2556 4603 2628 4656 At
2665 4602 2782 4670 ille,
2814 4618 2939 4658 cum
2976 4604 3182 4674 lignum
3216 4605 3499 4674 injecisset
3523 4647 3539 4674 ,

269 4701 557 4773 ὡμολόγει
591 4702 744 4773 παρὰ
770 4700 864 4756 τὸν
893 4702 953 4754 ἐν
985 4703 1065 4772 τῷ
1100 4702 1346 4775 Ἰσραὴλ,
1376 4705 1472 4757 καὶ
1503 4703 1658 4776 ἠξίου
1691 4705 1855 4760 αὐτὸν

1960 4696 2188 4753 emersit
2221 4696 2430 4751 ferrum
2466 4713 2479 4748 :
2527 4695 2693 4765 idque
2726 4705 3089 4766 supernatans
3127 4712 3285 4767 aqua:
3343 4700 3537 4769 recipit

268 4795 467 4849 λαϐεῖν
500 4812 553 4848 τι
603 4794 667 4860 ἐξ
716 4787 792 4849 ὧν
843 4795 1121 4867 ἐκόμιζεν.
1160 4796 1219 4849 '0
1267 4796 1326 4851 δὲ
1368 4797 1713 4869 ἀπήνηνατο,
1760 4798 1855 4852 καὶ

1959 4789 2010 4846 is
2039 4790 2134 4860 qui
2167 4790 2449 4844 amiserat.
2484 4788 2622 4844 Cum
2644 4804 2738 4843 rex
2763 4789 2933 4861 Syriae
2955 4790 3237 4846 Joramum
3270 4791 3533 4847 lsraelita-

268 4886 589 4956 ὑπέστρεφε
622 4884 869 4954 Νεεμάν.
903 4883 944 4937 Γ
950 4884 1053 4947 ιεζὶ
1085 4883 1141 4937 δέ
1185 4884 1514 4950 κατεδίωξεν
1535 4883 1722 4949 αὐτὸν,
1758 4886 1855 4938 καί

1966 4897 2088 4936 rum
2138 4896 2323 4952 regem
2364 4896 2465 4951 per
2507 4880 2739 4936 insidias
2770 4890 3053 4952 captaret.
3110 4883 3271 4953 100
3315 4884 3541 4940 Elisaaus

268 4975 454 5033 εἶπενο
525 4978 589 5031 '0
647 4975 969 5047 προφήτης
1034 4977 1359 5032 ἀπέστειλέ
1406 4994 1502 5046 με*
1543 4976 1855 5046 λήψεσθαι

1968 4971 2141 5025 misso
2182 4970 2382 5025 nuntio
2410 4985 2538 5026 eum
2581 4979 2771 5026 monet
2802 4981 2862 5026 ut
2891 4981 3114 5038 caveat,
3152 4989 3255 5029 nec
3281 4985 3542 5030 venatum

268 5071 395 5126 ἀπὸ
431 5068 551 5124 σοῦ
599 5067 903 5123 τάλαντον
933 5068 1243 5136 ἀργυρίου,
1294 5065 1394 5119 καί
1443 5065 1553 5120 δύο
1601 5066 1854 5132 στολὰς,

1968 5060 2309 5131 egrediatur.
2343 5060 2508 5115 Paret
2531 5060 2641 5116 ille.
2660 5062 2829 5129 Ader,
2845 5063 3142 5118 frustratus
3159 5064 3394 5131 insidiis,
3413 5082 3543 5121 suos

268 5159 660 5229 δοθησόμενα
687 5156 995 5227 δεομένοις
1029 5157 1192 5211 τισὶν
1234 5156 1363 5225 ἄρτι
1397 5153 1855 5225 προσελθοῦσαρ

1967 5152 2304 5224 proditionis
2359 5162 2646 5221 suspectos
2690 5154 2897 5209 habere
2932 5171 2947 5208 :
2991 5154 3075 5210 illi
3120 5155 3389 5211 aﬁirmare
3433 5173 3543 5213 non

267 5250 462 5317 αὐτῷ.
500 5251 608 5303 Kal
656 5248 858 5304 ἔδωκεν
916 5246 1067 5320 αὺτῷ
1106 5248 1364 5318 Νεεμάνο
1415 5245 1515 5300 καὶ
1546 5242 1855 5316 ὑπέστρεψε

1961 5261 2022 5302 se
2043 5286 2059 5310 ,
2091 5244 2186 5300 sed
2216 5244 2476 5301 Elismum
2511 5244 2839 5314 prophetam
2874 5261 3075 5301 arcana
3108 5248 3224 5318 regi
3263 5248 3541 5304 nuntiare.

269 5344 426 5411 Γιεᾷ
462 5344 600 5415 πρὸς
641 5343 942 5402 Ἐλισσαιέ.
988 5344 1170 5413 Ἔγνω
1218 5342 1274 5395 δὲ
1302 5343 1331 5396 6
1360 5340 1649 5412 προφήτης
1677 5337 1706 5391 6
1735 5337 1854 5409 εῐρο

1959 5337 2316 5410 Mittitigitur
2341 5338 2647 5393 exercitum
2672 5338 2931 5395 Dothaim
2958 5339 3027 5396 ad
3083 5339 3412 5410 praphetam
3454 5355 3548 5395 ca-

1443 5496 1643 5559 Varize
1681 5493 1991 5558 lectiones
2046 5498 2108 5558 et
2143 5500 2335 5556 notaa.
2448 5510 2455 5519 ‘

344 5672 462 5742 (si)
492 5669 958 5739 Ἀλασσοιιένας
1008 5669 1261 5734 στολάς.
1315 5646 1488 5725 Verus
1543 5669 1848 5742 Bibliorum

1960 5666 2085 5742 lius.
2115 5670 2246 5742 Vide
2269 5669 2448 5742 Gloss.
2471 5670 2619 5726 med.
2646 5670 2769 5726 Lat.
2802 5671 2859 5727 in
2884 5671 2935 5727 Μ
2945 5674 3256 5742 utatorium,
3285 5683 3342 5732 ct
3362 5673 3543 5732 Gloss.

269 5739 592 5806 translatio,
617 5745 794 5796 decem
818 5743 1106 5795 mutatoria
1135 5743 1587 5795 vestimentorum.
1612 5739 1854 5794 Castalio
1959 5740 2106 5796 med.
2138 5740 2360 5797 Graecit.
2390 5741 2448 5796 in
2468 5742 2809 5798 Ἀλλάσσειν.

270 5816 532 5868 lautiores
571 5824 735 5869 vestes
770 5815 1064 5877 convertit,
1100 5826 1265 5882 quem
1295 5820 1519 5867 secutus
1571 5818 1657 5867 est
1700 5810 1854 5867 Wol-
