4092 6402
525 358 626 426 195

1769 349 2095 412 JOANNIS
2137 345 2460 408 ZONARIE

3676 337 3779 402 196

516 471 820 545 piendum,
855 486 888 525 a
927 483 1039 540 quo
1076 438 1332 524 minister
1375 466 1525 521 illius
1553 464 1748 519 urbem
1790 460 2103 517 circumda-

2232 475 2376 512 .aﬂo
2399 456 2479 528 τῷ
2523 452 2693 520 Γιεζὶ,
2727 453 2822 508 καὶ
2850 449 3005 506 εἷπεν
3038 449 3189 522 αύτῷ
3210 466 3226 484 ο
3283 450 3413 503 Ὀτι
3452 447 3672 514 ἔλαϐες

520 575 631 619 tam
661 565 873 626 videns,
902 560 1253 631 perterritus,
1294 574 1409 612 rem
1450 556 1735 628 prophetae
1770 554 2007 609 nuntiat.
2032 552 2103 607 At

521 656 613 711 ille
653 656 849 711 timere
888 662 1079 717 vetat,
1120 666 1184 705 ac
1231 651 1404 704 Deum
1460 657 1583 703 orat
1643 655 1706 702 ut
1761 645 1966 700 famulo
2012 647 2106 699 de-

524 753 796 800 monstret
870 742 1152 813 quomodo
1211 741 1327 809 ipse
1388 738 1654 794 divinitus
1732 736 2101 792 custodiatur.

524 837 644 902 Quo
673 836 988 904 impetrato,
1015 831 1167 885 videt
1214 829 1453 884 famulus
1485 827 1809 897 prophetam
1847 825 2106 881 curribus

526 937 582 982 et
608 926 765 995 equis
806 923 985 994 igneis
1017 922 1280 975 vallatum
1306 936 1320 972 :
1355 919 1451 989 qui
1481 922 1664 971 denuo
1686 924 1966 987 precatus,
2006 914 2109 968 bo-

528 1019 694 1073 slium
735 1017 929 1071 oculos
966 1012 1307 1084 perstrinxit,
1347 1021 1404 1065 et
1446 1009 1514 1063 ad
1553 1024 1651 1063 eos
1680 1022 1975 1077 egressus:
2020 1006 2108 1060 lle

525 1108 827 1177 sequimini,
889 1104 1090 1173 inquit,
1147 1112 1196 1155 et
1225 1102 1441 1155 tradant
1482 1099 1627 1154 vobis
1678 1098 1956 1153 Elisteum.
2009 1097 2110 1152 Se-

527 1208 776 1269 quuntur
819 1198 895 1250 illi
927 1206 982 1251 et
1021 1195 1199 1250 oculis
1255 1204 1312 1248 et
1352 1194 1552 1247 animis
1599 1191 1914 1247 obcaacatis.
1960 1189 2110 1256 Quos

531 1307 657 1344 cum
692 1289 994 1343 Samariam
1035 1287 1420 1356 perduxisset,
1456 1300 1639 1354 regem
1677 1285 1832 1354 jubet
1867 1298 1964 1336 cos
1993 1282 2111 1337 suis

531 1380 707 1449 copiis
723 1379 1070 1433 circumdare
1103 1387 1198 1432 :et
1222 1379 1392 1431 Deum
1421 1387 1543 1430 orat
1581 1386 1640 1430 ut
1679 1376 1968 1445 caliginem
1991 1375 2112 1428 illo-

533 1487 655 1525 rum
680 1471 857 1524 oculis
879 1479 1182 1525 amoveret.
1229 1469 1351 1535 Quo
1374 1470 1520 1522 facto
1556 1468 1678 1538 Syri
1706 1483 1763 1522 se
1786 1466 1842 1521 in
1868 1467 2112 1521 hostium

533 1562 715 1618 medio
767 1562 975 1616 versari
1018 1564 1225 1615 vident.
1291 1561 1495 1616 Verum
1538 1560 1769 1614 Elisaaus
1833 1558 2112 1612 neminem

532 1669 628 1708 eos
670 1653 870 1707 laedere
916 1653 1251 1723 patiebatur,
1288 1655 1383 1706 sed
1409 1651 1739 1707 consulebat
1791 1656 1854 1704 ut
1900 1646 2111 1717 accepti

536 1746 889 1814 hospitaliter
936 1746 1240 1800 incolumes
1269 1744 1708 1799 dimitterentur.
1730 1743 1990 1797 Joramus
2017 1756 2115 1795 rex

2207 526 2393 619 αργύι
2403 526 2499 603 ιον
2527 547 2626 601 καί
2651 545 2724 600 τὰ
2744 547 2944 614 ἱμάτια
2969 544 3093 599 ἀπὸ
3123 543 3231 596 τοῦ
3252 540 3506 611 Νεεμὰν,
3528 541 3569 609 ἠ
3592 526 3801 609 λέπρα

2208 642 2446 696 ἐκείνου
2473 636 2929 705 κολληθήσεται
2951 651 3050 689 σοι
3078 633 3179 687 καί
3209 631 3290 698 τῷ
3316 631 3618 701 σπέρματί
3644 647 3785 685 σου.

2211 734 2321 786 Kal
2354 731 2544 802 ἐξῆλθε
2578 727 3084 799 λελεπρωμένος.οί
3119 727 3226 779 vlol
3255 725 3310 779 δὲ
3342 726 3451 780 τῶν
3484 724 3788 796 προφητῶν

2210 825 2261 879 oi
2318 825 2459 894 μετά
2513 823 2825 878 Ἐλισσαίου
2863 817 3244 891 ἐπορεύθησαν
3282 818 3362 881 είς
3390 816 3485 871 τὸν
3511 815 3790 887 Ἰορδάνην

2211 918 2400 986 τεμεῖν
2449 915 2620 979 ξύλα,
2673 914 2751 977 ῶς
2799 913 2865 966 ἂν
2911 910 3217 982 ποιήσωσιν
3268 909 3483 973 ἑαυτοῖς
3534 908 3786 979 σκηνάςο

2213 1011 2311 1063 καὶ
2354 1007 2663 1071 Ἐλισσαῖος
2697 1006 2880 1069 αὐτοῖς
2932 1002 3347 1076 συνεπορεύετο.
3380 1001 3700 1070 Τεμνόντων
3734 1001 3793 1054 δὲ

2213 1099 2283 1153 τὰ
2320 1098 2473 1164 ξύλα,
2506 1098 2623 1162 ἐνὸς
2653 1097 2714 1151 τὸ
2758 1100 2859 1168 τῆς
2889 1098 3081 1168 ἀξίνης
3117 1096 3362 1166 σιδήριον
3411 1095 3668 1149 ἐνέπεσεν
3711 1096 3795 1157 είς

2214 1192 2307 1244 τὸν
2351 1190 2621 1259 ποταμόν.
2641 1190 2750 1243 Kal
2771 1191 2800 1242 6
2821 1190 2920 1258 τῆς
2948 1189 3134 1258 ἀξίνη;
3166 1187 3357 1258 κύριος
3387 1187 3478 1239 τὸν
3507 1187 3797 1258 προφήτην

2216 1282 2614 1346 ἐπεκαλέσατο,
2661 1282 2758 1335 καὶ
2804 1283 2897 1335 τὸν
2944 1283 3110 1336 τόπον
3172 1280 3456 1346 ὑπέδειξεν
3485 1281 3633 1351 αὐτῷ
3665 1281 3723 1334 ἐν
3752 1278 3799 1348 ᾧ

2217 1373 2417 1427 κατέδυ
2441 1376 2468 1426 6
2492 1374 2734 1443 σίδηρος.
2770 1372 2832 1427 Ὀ
2858 1374 2939 1440 δέ,
2971 1373 3127 1439 ξύλον
3150 1373 3353 1441 λαϐὼν,
3379 1372 3634 1427 ἐνέϐαλεν
3656 1373 3796 1426 ἐκεῖ.

2219 1466 2331 1518 Kal
2391 1464 2551 1519 ἀνέδυ
2610 1464 2673 1518 τὸ
2723 1467 2988 1536 σιδήριον,
3048 1468 3144 1520 zeal
3203 1465 3547 1520 ἐπιπολάσαν
3603 1463 3800 1519 ἐλαϐεν

2220 1556 2353 1610 αύτδ
2378 1558 2407 1609 6
2438 1556 2713 1619 ἀπολέσας
2745 1558 2897 1614 αὐτό.
2941 1558 3001 1612 '0
3038 1558 3096 1611 δέ
3137 1558 3397 1630 βασιλεὺς
3448 1558 3647 1630 Συρίας
3683 1557 3805 1609 ἐνέ-

2219 1648 2354 1719 δραν
2397 1649 2675 1713 ἐκάθισεν,
2743 1650 2810 1703 ἵν’
2843 1649 2942 1722 ἐλῃ
3005 1652 3099 1705 τὸν
3155 1652 3383 1721 βασιλέα
3429 1650 3522 1704 τὸν
3568 1649 3800 1720 Ἰωράμ.

2221 1738 2539 1794 Ἀπέστειλε
2564 1741 2622 1795 δὲ
2648 1744 2678 1795 6
2711 1744 2998 1815 προφήτης
3025 1743 3162 1814 πρὸς
3196 1743 3403 1815 Ἰωράμ
3436 1740 3804 1813 φυλάττεσθαι

535 1837 820 1905 propheta:
860 1837 1087 1891 monitis
1118 1836 1417 1906 diligenter
1444 1844 1602 1905 paret
1628 1852 1645 1888 :
1691 1835 1771 1887 illi
1802 1832 2116 1887 discedunt.

2232 1833 2373 1903 αὐτῷ
2407 1834 2816 1905 ἐντελλόμενον,
2866 1836 2961 1889 καὶ
3003 1836 3081 1908 μὴ
3131 1836 3355 1891 ἀπιέναι
3410 1835 3550 1907 πρὸς
3601 1835 3804 1906 θήραν.

537 1925 669 1993 Regi
695 1928 827 1995 quid
859 1926 1128 1981 acciderit
1164 1927 1447 1983 nuntiant.
1482 1926 1657 1997 Syrus
1686 1925 1882 1980 audita
1926 1940 1987 1980 re
2018 1924 2117 1980 ob-

2232 1925 2340 1978 Kal
2369 1928 2397 1979 6
2427 1927 2526 1996 μὲν
2552 1928 2653 1981 οὐκ
2679 1926 2851 1999 ἐξῄει.
2874 1929 3041 2000 Ἀδερ
3066 1929 3146 1995 δέ,
3173 1928 3273 1999 τῆς
3300 1928 3594 1999 ἐπιϐουλῆς
3618 1927 3804 1997 ἀμαρ-

537 2018 831 2085 stupescit.
2220 2014 2353 2083 τὼν,
2408 2019 2538 2082 τοὺς
2598 2019 2836 2082 οἰκείους
2892 2018 3188 2073 ὑπώπτευε
3243 2019 3494 2088 γίνεσθαι
3534 2017 3809 2089 προδότας

539 2107 648 2161 τῶν
693 2108 1137 2180 βεϐουλευμένων
1192 2109 1364 2181 αὐτῷ.
1423 2109 1722 2180 Φησάντων
1772 2110 1818 2163 δ’
1871 2108 2097 2165 ἐκείνων
2142 2109 2242 2163 ούκ
2300 2110 2520 2176 αὐτοὺς,
2552 2110 2724 2166 οάλλά
2765 2113 2856 2165 τδν
2916 2113 3205 2184 προφήτην
3243 2112 3547 2167 Ἐλισσαῖον
3578 2109 3811 2184 μηνύειν

541 2199 781 2269 αύτῷτά
827 2201 1119 2273 ἀπόρρητα
1147 2239 1163 2265 ,
1219 2201 1509 2255 στέλλειέν
1556 2201 1751 2256 Δοθατν
1816 2202 2152 2273 στράτευμα,
2196 2201 2264 2254 ἵν’
2296 2201 2459 2256 αὑτὸν
2516 2203 2756 2257 λάϐοιεν.
2821 2203 2967 2258 Ίδὼν
3013 2206 3071 2259 δὲ
3129 2206 3221 2258 τδν
3276 2204 3405 2259 λαὸν
3448 2206 3631 2277 κύκλῳ
3703 2204 3811 2270 τῆς

543 2289 813 2354 πόλεωςὸ
842 2291 938 2344 τοῦ
970 2298 1253 2364 προφήτου
1280 2294 1549 2360 διάκονος,
1616 2293 1877 2365 περιδεὴς
1958 2294 2203 2362 ἐγένετο,
2240 2294 2379 2363 πρὸς
2431 2295 2595 2349 αύτὸν
2651 2296 3002 2365 ἀναγγέλλων
3051 2297 3112 2351 τὸ
3160 2299 3416 2369 πρᾶγμα.
3472 2299 3532 2352 '0
3583 2299 3661 2364 δέ,
3712 2296 3813 2366 Μὴ

542 2382 716 2448 δεῦθι,
750 2383 894 2454 ἔφη·
931 2385 1026 2439 καὶ⁵
1085 2384 1335 2438 ἱκέτευσε
1389 2387 1480 2440 τὸν
1528 2384 1663 2438 Θεὸν
1731 2386 1907 2450 δεῖξαι
1978 2386 2057 2455 τῷ
2124 2383 2361 2455 διακόνῳ
2415 2386 2603 2452 αὐτοῦ,
2677 2387 2829 2451 ὅπως
2881 2388 3213 2457 φυλάττεται
3266 2391 3398 2461 παρ’
3448 2391 3635 2445 αύτοῦ.
3694 2391 3816 2444 Kal

542 2477 775 2531 δέδωκεν
805 2479 834 2530 6
862 2477 995 2541 Θεὸς
1025 2478 1102 2549 τῷ
1125 2478 1420 2548 θεράποντι
1451 2478 1546 2533 τοῦ
1576 2481 1860 2550 προφήτου
1900 2478 2063 2551 χάριν
2105 2479 2236 2533 ίδεῖν
2274 2480 2438 2534 αὐτὸν
2496 2480 2707 2551 ἅρμασι
2749 2481 2844 2536 καὶ
2875 2482 3061 2546 ῖπποις
3088 2481 3337 2550 πυρίνοις
3365 2482 3813 2553 κεκυκλωμένον.

544 2570 880 2642 Ἦμαύρωσε
919 2571 977 2624 δέ
1018 2574 1046 2624 6
1077 2573 1367 2643 προφήτης
1408 2571 1857 2644 προσευξάμενος
1905 2572 2003 2626 καὶ
2049 2570 2120 2626 τὰ
2158 2571 2384 2642 ὄμματα
2451 2572 2560 2625 τῶν
2584 2572 2819 2643 ἐχθρῶν.
2880 2573 2994 2628 Kal
3018 2574 3253 2638 ἐξελθὼν
3273 2574 3410 2644 πρὸς
3435 2574 3631 2636 αὐτοὺς
3663 2572 3814 2644 ἔφη·

557 2664 968 2718 Ἀκολουθεῖτέ
989 2683 1113 2733 μοι,
1141 2666 1237 2719 καί
1266 2665 1437 2719 δώσω
1463 2665 1573 2719 τὸν
1622 2662 1982 2720 Ἐλισσαῖον
2039 2663 2203 2733 ὑμῖν.
2246 2665 2308 2717 0i
2343 2664 2399 2717 δὲ
2429 2664 2666 2729 εἵποντο,
2702 2668 2793 2719 καὶ
2828 2667 2925 2730 τὰς
2970 2667 3120 2737 ὄψεις
3174 2667 3547 2739 βεϐλαμμένοι
3586 2668 3679 2721 καὶ
3710 2670 3822 2739 τὴν

547 2757 805 2812 διάνοιαν.
880 2759 1215 2827 Ἀπαγαγὼν
1268 2760 1324 2813 δέ
1380 2760 1579 2822 αὐτοὺς
1634 2758 1715 2821 εις
1766 2758 2126 2829 Σαμάρειαν,
2172 2758 2504 2828 περιστῆσαι
2546 2760 2734 2823 αὐτοῖς
2796 2760 2894 2831 τὴν
2939 2759 3105 2814 αὑτοῦ
3153 2760 3387 2832 δύναμιν
3465 2762 3545 2833 τῷ
3597 2761 3822 2833 βασιλεῖ

549 2850 875 2904 ἐνετείλατο.
909 2851 1021 2903 Καὶ
1066 2853 1158 2905 τὸν
1216 2850 1348 2903 Θεὸν
1379 2849 1501 2920 ᾔτει
1551 2849 1973 2921 περιαιρεθῆναι
2023 2848 2124 2920 τὴν
2162 2849 2331 2920 ἀχλὺν
2376 2853 2444 2905 ἐκ
2518 2852 2628 2906 τῶν
2674 2852 2940 2923 ὀμμάτων
2978 2853 3179 2909 αὐτῶν.
3245 2855 3699 2927 Περιαιρεθείσης
3727 2857 3810 2923 δὲ,

550 2944 692 3002 εἶδον
739 2946 969 3008 ἑαυτοὺς
1007 2946 1055 2999 οί
1109 2945 1271 3017 Σύροι
1330 2943 1495 3015 μέσον
1550 2942 2129 3014 ἐμπεριειλημμένους
2169 2943 2277 2997 τῶν
2303 2945 2604 3018 πολεμιων.
2666 2946 2973 3011 Ἐλισσαῖος
3034 2946 3091 3000 δέ
3114 2947 3303 3001 οὐδένα
3324 2947 3607 3002 ἐπιθέσθαι
3628 2952 3812 3014 αὐτοῖς

551 3043 892 3116 παρεχώρει,
915 3041 1125 3108 ξενίσαι
1151 3039 1209 3092 δὲ
1236 3039 1461 3109 μᾶλλον,
1484 3038 1579 3093 καὶ
1631 3036 1905 3091 ἀπολῦσαι
1961 3035 2197 3102 ἀπαθεῖς
2238 3041 2619 3096 συνεϐούλευε.
2678 3042 2984 3113 Φιλοτίμως
3039 3040 3134 3096 οὖν
3191 3043 3221 3095 6
3286 3043 3492 3115 Ἰωρὰμ
3551 3046 3815 3111 ἐστιάσας

552 3138 778 3201 αὐτοὺς,
827 3135 973 3188 κατά
1042 3132 1133 3185 τὸν
1165 3131 1260 3184 τοῦ
1313 3133 1596 3202 προφήτου
1662 3129 1822 3199 λόγον
1859 3129 2097 3198 ἀφῆκεν.
2142 3130 2208 3183 οι
2245 3131 2303 3185 δὲ
2346 3133 2611 3204 ἀπῆλθον,
2647 3134 2744 3189 καὶ
2794 3133 2861 3189 τά
2912 3134 3175 3205 γεγονότα
3213 3134 3292 3206 τῷ
3344 3136 3553 3191 ἑαυτῶν
3605 3137 3823 3208 βασιλεῖ

553 3231 887 3301 διηγήσαντο
907 3240 922 3259 ⁸
953 3226 1049 3278 καὶ
1084 3224 1387 3296 ἐξεπλάγη.

625 3318 793 3374 XVII.
826 3318 955 3371 Post
985 3317 1102 3371 haec
1131 3331 1258 3371 eum
1288 3315 1549 3372 omnibus
1580 3316 1696 3373 suis
1729 3320 1903 3392 copiis
1934 3319 2125 3377 Sama-

2307 3314 2405 3368 IZ'.
2441 3314 2595 3367 Μετά
2626 3312 2799 3366 ταῦτα
2830 3313 2889 3366 δὲ
2919 3314 3264 3385 πανστρατιᾷ
3294 3313 3579 3386 παρελθὼν
3604 3316 3684 3380 είς
3710 3318 3824 3371 Σα-

557 3414 697 3471 riam
732 3410 971 3477 obsidet,
1009 3409 1065 3465 ln
1098 3424 1204 3480 qua
1247 3417 1396 3464 tanta
1431 3408 1605 3466 fames
1643 3423 1765 3468 orta
1806 3424 1915 3481 est,
1949 3423 2009 3469 ut
2037 3431 2130 3470 ca-

2239 3407 2477 3478 μάρειαν
2499 3409 2527 3460 6
2556 3406 2813 3477 βασιλεὺς
2841 3406 3070 3475 Συρίας,
3124 3407 3438 3477 ἐπολιόρκει
3472 3408 3665 3480 αύτήν.
3702 3412 3821 3464 Kal

557 3514 659 3577 put
690 3504 829 3560 asini
860 3503 1262 3573 quinquaginta
1291 3504 1536 3556 nummis
1571 3504 1852 3573 argenteis
1878 3506 2131 3572 veniret,

557 3608 618 3654 et
650 3598 922 3652 sextarius
960 3592 1264 3648 columbini
1299 3592 1434 3655 limi,
1473 3593 1726 3647 totidem.
1769 3593 1907 3650 Cum
1950 3604 2135 3651 autem

561 3707 660 3746 rex
686 3690 942 3745 Joramus
968 3686 1171 3741 muenia
1205 3686 1546 3750 circumiret,
1573 3687 1835 3743 inclamat
1854 3703 1982 3743 eum
2017 3703 2138 3743 mu-

560 3780 815 3843 liercula,
838 3775 1163 3833 conservari
1188 3790 1247 3829 se
1273 3784 1501 3844 petens;
1526 3791 1692 3845 quam
1718 3777 1810 3832 ille
1834 3778 2018 3832 cibum
2043 3792 2139 3848 pe-

565 3886 681 3932 tere
713 3872 1024 3943 suspicans,
1056 3884 1185 3924 cum
1214 3869 1593 3940 indignatione
1627 3868 1796 3924 :Mihi
1818 3886 1984 3939 neque
2008 3887 2138 3925 area

564 3981 664 4036 est,
696 3968 899 4039 inquit,
932 3982 1098 4036 neque
1130 3965 1369 4019 torcular
1402 3964 1698 4034 :quomodo
1724 3972 1774 4018 te
1804 3964 2141 4019 conservem.’

567 4062 674 4118 Sed
707 4062 800 4116 illa
819 4059 1089 4131 judicium
1113 4066 1302 4128 petere
1341 4071 1401 4111 se
1436 4057 1679 4123 dicente,
1713 4071 1935 4111 causam
1977 4071 2140 4128 agere

560 4154 744 4225 jubet.
777 4151 858 4206 lbi
892 4148 1091 4204 mulier
1126 4165 1139 4201 ι
1190 4146 1400 4215 Pepigi,
1435 4145 1634 4214 inquit,
1661 4162 1780 4199 cum
1804 4147 1975 4200 vicina
1999 4162 2139 4213 mea,

566 4256 624 4299 ut
656 4244 795 4313 ﬁlios
835 4252 1043 4297 nostros
1078 4249 1391 4301 mactemus,
1428 4246 1477 4290 et
1507 4236 1730 4291 alternis
1751 4237 1930 4291 diebus
1965 4237 2139 4292 altera

568 4336 797 4391 alteram
836 4335 973 4389 alat.
1010 4333 1163 4387 Nunc
1200 4348 1318 4385 cum
1366 4346 1459 4400 ego
1498 4346 1672 4383 meum
1705 4332 2009 4395 maetarim,
2043 4330 2142 4385 illa

570 4446 675 4483 non
711 4437 820 4483 stat
857 4428 1147 4482 conventis.
1179 4424 1276 4478 llis
1307 4440 1401 4477 rex
1436 4423 1661 4488 auditis,
1702 4422 1910 4493 ingenti
1954 4422 2143 4477 dolore

572 4523 825 4585 allectus,
849 4530 907 4574 et
937 4518 1193 4573 laceratis
1234 4516 1483 4569 vestibus
1515 4515 1653 4577 suis,
1712 4515 1994 4584 propheta:
2029 4514 2143 4569 ira-

571 4615 745 4668 scitur
778 4612 923 4681 quod
958 4612 1095 4664 mala
1142 4612 1243 4663 ista
1276 4607 1533 4678 precibus
1592 4623 1703 4661 non
1747 4617 2038 4673 averteret,
2080 4622 2144 4661 ac

2236 3500 2457 3569 ἐγένετο
2475 3498 2632 3569 λιμδς
2667 3497 3031 3569 σφοδρότατος
3074 3500 3134 3551 ἐν
3174 3499 3338 3570 αὐτῇ,
3370 3499 3511 3553 ὥστε
3567 3500 3817 3575 κεφαλὴν

2235 3591 2357 3645 δνου
2406 3592 2747 3661 πεντήκοντα
2797 3591 3154 3661 νομισμάτων
3216 3591 3462 3663 ἀργύρου
3506 3594 3815 3665 πραθῆναι,

2236 3688 2335 3742 καὶ
2368 3686 2565 3757 ξέστην
2611 3687 2823 3757 κόπρου
2874 3685 3221 3756 περιστερῶν
3265 3688 3606 3758 πεντήκοντα
3660 3704 3822 3758 νομι-

2240 3779 2463 3849 σμάτων
2492 3778 2717 3848 ὁμοίιον.
2743 3776 2851 3829 Τοῦ
2875 3777 2931 3830 δέ
2956 3777 3221 3848 βασιλέως
3265 3777 3474 3848 Ἰωράμ
3508 3780 3821 3850 περιιόντος

2237 3871 2299 3924 τὸ
2321 3873 2521 3939 τεῖχος,
2551 3868 2749 3938 ἐϐόησε
2777 3867 3019 3937 γύναιον·
3054 3868 3256 3934 Σῶσον,
3293 3862 3339 3923 ὦ
3367 3869 3618 3939 βασιλεῦ.
3672 3870 3732 3925 '0
3754 3871 3818 3925 δὲ

2237 3963 2470 4032 νομίσας
2520 3961 2729 4033 τροφὴν
2773 3962 2949 4014 αἰτεῖν
3010 3960 3109 4030 τὴν
3160 3962 3398 4027 γυναῖκα
3425 4000 3441 4026 ,
3500 3963 3693 4015 Πόθεν
3739 3975 3821 4016 σε

2239 4053 2440 4119 σώσω,
2472 4051 2939 4122 ,βλασφημήσας
2965 4051 3183 4119 αὐτὴν,
3229 4051 3354 4123 ἔφη,
3391 4053 3544 4123 μήτε
3581 4055 3824 4121 cum-dc

2233 4164 2359 4217 μοι,
2412 4145 2567 4215 μήτε
2599 4144 2793 4212 ληνοῦ
2829 4145 3262 4212 ὑπαρχούσης;
3302 4145 3412 4217 Τῆς
3437 4147 3492 4199 δὲ
3516 4147 3698 4218 κρίσιν
3724 4151 3819 4203 αι-

2240 4241 2356 4292 τεῖν
2378 4238 2664 4309 εἰπούσης,
2696 4236 2880 4304 λέγειν
2916 4235 3211 4308 ἐπέτρεψε.
3244 4239 3352 4291 Kal
3384 4240 3417 4310 ἡ
3456 4241 3627 4308 γυνὴ,
3657 4243 3817 4297 Συν-

2243 4332 2457 4397 θήκας,
2485 4327 2663 4396 εἶπεν,
2709 4329 2933 4399 ἐθέμην
2950 4332 3078 4399 μεθ’
3126 4330 3331 4398 ἐτέρας
3376 4333 3664 4401 γυναικὸς
3704 4351 3822 4402 γει-

2241 4421 2504 4485 τνιώσης
2532 4439 2657 4489 μοι,
2681 4420 2861 4474 θῦσαι
2883 4422 2954 4474 τὰ
2980 4422 3167 4483 τέκνα,
3184 4422 3374 4491 ἡμῶν,
3408 4424 3505 4477 καὶ
3533 4424 3649 4478 ἀνὰ
3670 4427 3822 4495 μίαν

2243 4514 2479 4582 ἡμέραν
2506 4514 2781 4581 ἀλλήλας
2807 4516 3043 4585 θρέψαι.
3065 4516 3237 4587 Κάγὼ
3256 4517 3356 4587 μὲν
3381 4518 3441 4571 τὸ
3467 4519 3599 4589 ἐμὸν
3626 4521 3814 4588 ἔθυσα,

2248 4611 2281 4678 ἡ
2320 4609 2377 4662 δέ
2407 4609 2738 4678 παραϐαίνει
2764 4610 2833 4663 τά
2866 4608 3293 4678 ὡμολογημένα.
3327 4610 3547 4665 Τούτων
3576 4613 3817 4679 ἀκούσας

572 4720 956 4776 percussorem
992 4713 1181 4757 contra
1211 4701 1582 4756 illum'mittit.
1615 4700 1721 4757 Sed
1762 4701 1991 4755 Elismus
2031 4715 2130 4756 cat-

2246 4671 2281 4754 6
2308 4671 2583 4769 βασιλεὺς,
2619 4671 2992 4772 ὑπερήλγησε,
3178 4700 3277 4771 τὴν
3312 4701 3516 4771 ἐσθῆτα
3541 4671 3819 4775 διέρρηξε.

576 4798 654 4851 ιιιί
700 4797 1095 4866 discipulorum
1149 4795 1202 4849 id
1240 4794 1565 4864 praedixerat
1611 4811 1626 4848 :
1672 4792 2003 4856 Homicidte,
2055 4793 2145 4847 in-

573 4889 715 4959 quit.
773 4887 915 4957 ﬁlius
961 4887 1101 4941 misit
1123 4888 1213 4956 qui
1247 4901 1331 4939 me
1378 4887 1635 4954 perimat,
1674 4884 1764 4938 sed
1812 4901 1900 4939 vos
1950 4886 2145 4938 clausis

574 4979 772 5050 foribus
797 4980 945 5033 aditu
975 4992 1331 5046 percussorem
1361 4976 1636 5040 prohibete
1667 4991 1686 5029 :
1716 4985 1965 5046 sequetur
2002 4977 2146 5029 enim

575 5086 669 5124 rex
714 5078 916 5124 mutato
956 5068 1404 5137 consilio.ltaque
1445 5067 1652 5122 factum
1678 5074 1763 5122 est
1790 5085 1802 5122 :
1829 5082 1955 5121 nam
1988 5066 2145 5122 Jora-

575 5177 719 5225 mus,
750 5160 952 5215 omissa
984 5163 1165 5229 priore
1208 5158 1562 5230 cogitatione,
1595 5166 1961 5228 properanter
1988 5156 2142 5225 101

575 5253 642 5307 ad
666 5252 991 5322 prephetam
1016 5249 1188 5312 venit,
1210 5249 1587 5318 expostulans,
1610 5248 1756 5317 quod
1774 5262 2144 5302 mrumnarum

571 5345 953 5415 depulsionem
979 5343 1152 5398 Deum
1181 5356 1292 5396 non
1316 5348 1595 5394 exorat-et.
1621 5338 1687 5392 At
1713 5338 1804 5392 ille
1832 5354 1846 5391 :
1876 5335 2028 5402 Cras,
2059 5337 2147 5391 in-

575 5437 716 5506 quit,
742 5436 845 5489 duo
864 5444 987 5489 sata
1022 5432 1204 5488 hordei
1246 5430 1374 5486 siclo
1405 5429 1716 5495 vendentur,
1744 5437 1794 5482 et
1836 5426 2152 5498 similaginis

574 5538 751 5582 satum
791 5526 1068 5580 tantidem.
1103 5523 1244 5580 Tum
1293 5521 1518 5593 quidam
1552 5536 1619 5576 ex
1652 5521 1795 5591 regis
1818 5519 2147 5576 comitibus:

581 5618 946 5682 Incredibilia,
983 5616 1078 5681 ait,
1112 5618 1390 5687 propheta,
1415 5614 1562 5667 dicis.
1595 5612 1699 5668 Cui
1723 5611 1849 5666 ille:
1883 5609 2012 5675 Qua:
2034 5610 2153 5681 pol-

582 5710 757 5762 licitus
780 5724 918 5774 sum,
945 5709 1148 5778 inquit,
1190 5706 1385 5761 videbis
1411 5722 1429 5760 :
1478 5705 1568 5759 sed
1594 5704 1659 5759 ob
1698 5703 2148 5769 incredulitatem,

580 5802 647 5856 iis
680 5816 783 5855 non
824 5801 1039 5871 frueris.
1080 5802 1158 5856 Ea
1186 5801 1353 5871 igitur
1386 5808 1545 5854 nocte
1576 5800 1817 5854 sonitum
1862 5811 2151 5863 curruum,

2246 4794 2358 4846 Kal
2410 4792 2553 4845 κατά
2599 4789 2695 4844 τοῦ
2727 4793 3013 4862 προφήτου
3072 4791 3398 4864 ἐξεῦργιστο,
3433 4794 3514 4847 ὅτι
3547 4798 3621 4866 μὴ
3649 4797 3822 4850 δέοιτο

2246 4883 2340 4937 τοῦ
2377 4882 2513 4936 Θεοῦ
2544 4883 2706 4936 λῦσαι
2740 4883 2841 4953 τὴν
2889 4883 3154 4948 κάκωσιν,
3192 4885 3285 4937 καὶ
3318 4885 3409 4938 τὸν
3462 4888 3825 4941 ἀποκτενοῦν-

2246 4992 2314 5028 τα
2362 4975 2525 5028 αύτὸν
2582 4973 2849 5042 ἐπεμψεν.
2912 4972 3221 5037 Ἐλισσαῖος
3275 4973 3354 5038 δὲ,
3388 4977 3500 5039 τοῖς
3541 4982 3823 5047 φοιτηταῖς

2246 5065 2473 5137 όμιλῶν,
2507 5068 2769 5137 προεῖπεν
2816 5065 3021 5130 αὐτοῖς,
3073 5067 3156 5119 ὅτι
3218 5065 3282 5119 '0
3304 5067 3412 5121 τοῦ
3440 5070 3667 5137 φονέως
3692 5072 3825 5139 υίὸς

2247 5159 2487 5213 κτανεῖν
2544 5177 2623 5228 με
2658 5157 3052 5212 ἀπέστειλεν·
3093 5157 3234 5212 ἀλλ’
3273 5159 3464 5229 ὑμεῖς,
3496 5161 3612 5230 τὴν
3634 5163 3825 5231 θύραν

2247 5253 2625 5316 κλείσαντες,
2668 5250 2986 5303 κωλύσατε
3007 5248 3123 5316 τὴν
3150 5250 3401 5304 εἴσοδον
3437 5250 3519 5316 τῷ
3566 5253 3821 5322 σφαγεῖ·

2247 5344 2456 5413 ἕψεται
2505 5344 2613 5413 γὰρ
2651 5340 3215 5412 μεταιιεμελημένος
3253 5346 3287 5396 ό
3333 5344 3656 5411 βασιλεύς.
3713 5348 3827 5400 Kal

2244 5436 2296 5489 oi
2344 5434 2444 5504 μὲν
2501 5434 2643 5488 κατὰ
2698 5434 2788 5486 τὸν
2833 5432 2930 5485 τοῦ
2986 5434 3273 5503 προφήτου
3328 5434 3489 5504 λόγον
3523 5438 3821 5508 ἐποίησαν·

2259 5524 2464 5595 Ἰωρὰμ
2518 5523 2607 5588 δὲ,
2673 5521 3292 5592 μεταϐουλευσάμενος,
3375 5526 3622 5578 σπεύδων
3688 5528 3825 5594 πρὸς

2246 5613 2338 5666 τὸν
2376 5612 2671 5682 προφήτην
2740 5610 3007 5678 ἀφίκετο,
3077 5610 3173 5664 καὶ
3220 5612 3410 5681 ήτιᾶτο
3471 5614 3674 5681 αὐτὸν,
3742 5617 3827 5669 ὅτι

2249 5705 2325 5774 μὴ
2351 5703 2521 5755 δέοιτο
2550 5702 2644 5753 τοῦ
2711 5700 2847 5753 Θεοῦ
2895 5700 3055 5753 λῦσαι
3121 5703 3271 5769 σφίσι
3306 5703 3373 5756 τὰ
3437 5704 3696 5775 λυπηράο
3756 5708 3828 5761 ⁸0

2246 5794 2303 5849 δὲ
2326 5833 2343 5861 ,
2369 5793 2610 5863 Αὔριον,
2658 5791 2786 5863 εφη,
2846 5790 2956 5846 δύο
2999 5790 3157 5846 σάτα
3214 5792 3424 5862 κριθῆς
3457 5795 3829 5864 πραθιξσεται
