4092 6404
331 334 441 403 197

1589 334 2002 394 ANNALIUM
2044 333 2194 392 LIB.
2239 334 2320 396 ll.

3488 300 3589 398 193

320 446 576 513 σίκλου,
606 445 707 501 καί
743 446 1115 516 σεμιδάλεως
1150 446 1344 502 σάτον
1374 447 1619 502 σίκλου.
1665 446 1775 499 Καί
1828 461 1913 508 τις

2021 457 2287 512 equorum
2318 449 2375 498 et
2403 456 2708 510 armorum,
2736 451 2793 498 et
2829 444 3198 501 multitudinis
3225 445 3505 501 fremitum
3535 452 3592 501 in

318 539 433 593 τῶν
465 540 757 607 ἑπομένων
789 540 871 613 τῷ
903 541 1143 612 βασιλεῖ,
1175 544 1452 607 "Amata,
1503 543 1636 614 ἔφη,
1689 542 1909 611 λέγεις,

323 629 630 700 προφῆτα.
665 631 728 685 ’θ
761 631 842 699 δὲ,
871 634 1047 701 Ὀψει
1067 632 1206 703 μὲν,
1225 632 1351 704 ἔφη,
1371 634 1445 688 τὰ
1469 633 1911 703 ἐπηγγελμένα,

320 723 441 776 οὐκ
476 722 858 788 ἀπολαύσεις
915 722 986 777 δὲ
1036 723 1239 779 αὐτῶν
1280 724 1380 779 διὰ
1433 725 1549 793 τὴν
1598 725 1912 782 ἀπιστίαν.

326 809 490 863 Κατὰ
526 810 583 864 δὲ
608 811 707 882 τὴν
737 812 912 867 νύκτα
938 814 1157 885 ἐκείνην
1186 813 1396 868 κτύπον
1417 815 1707 886 ἁρμάτων,
1729 815 1914 869 ἵππων

322 917 385 953 τε
423 900 520 953 καὶ
551 900 731 954 ὃπλων
774 904 870 955 καὶ
905 901 1144 973 πλήθους
1178 903 1515 973 ἀλαλαγμῶν
1545 905 1861 976 ἐνεποίησεν
1884 905 1914 957 6

323 989 464 1054 Θεδς
520 991 633 1044 τῶν
668 992 860 1064 Σύρων
910 995 1031 1055 ταῖς
1077 994 1296 1059 ἀκοαῖς.
1363 995 1427 1049 Οἱ
1459 994 1537 1058 δὲ,
1564 995 1915 1065 συμμαχικὸν

327 1082 743 1152 προσλαῦέσθαι
816 1083 953 1137 πολὺ
1020 1084 1114 1138 τὸν
1182 1085 1389 1157 Ἰωρὰμ
1447 1085 1750 1158 οίηθέντες,
1821 1088 1917 1141 καὶ

326 1174 664 1244 ἐπέρχεσθαι
698 1176 879 1245 σφίσι,
929 1176 1181 1241 λιπόντες
1221 1176 1283 1229 τὸ
1318 1177 1701 1247 στρατόπεδον,
1761 1196 1917 1249 περι-

326 1264 463 1328 δεῶς
539 1265 960 1337 ἀπεδίδρασκον,
1011 1267 1223 1338 Λεπρολ⁵
1279 1267 1336 1321 δὲ
1394 1268 1663 1338 τέσσαρες
1726 1267 1918 1337 ἄνδρες

326 1355 436 1419 ἔξω
494 1355 598 1426 τῆς
654 1358 867 1421 πόλεως
907 1353 1069 1429 ἦσαν,
1126 1358 1221 1412 τοῦ
1285 1360 1453 1429 νόμου
1500 1361 1628 1423 τοὺς
1681 1359 1918 1430 λεπροὺς

325 1448 655 1513 κελεύοντος
700 1448 1026 1514 ἐξωθεῖσθαι
1054 1449 1164 1503 τῶν
1215 1450 1446 1505 πόλεων.
1471 1453 1534 1505 Οἱ
1560 1452 1691 1521 γοῦν
1725 1452 1918 1522 λεπροὶ

326 1539 558 1604 ἐκεῖνοι,
590 1540 688 1611 ήδη
723 1540 803 1611 τῷ
865 1539 1010 1611 λιμῷ
1044 1541 1414 1612 φθειρόμενοι,
1474 1541 1795 1613 προσελθεῖν
1850 1545 1915 1614 τῇ

323 1629 443 1683 τῶν
505 1633 695 1702 Σύρων
723 1634 1050 1705 παρεμόολῇ
1085 1634 1505 1698 ἐϐουλεύσαντο,
1544 1633 1796 1703 λέγοντες
1842 1632 1918 1698 ὡς

329 1724 407 1777 Ἦ
439 1723 757 1790 φειῖγονται
814 1724 1006 1796 ἡμῶν,
1068 1726 1166 1781 καὶ
1211 1724 1538 1796 τραφέντες
1600 1725 1913 1796 ζησόμεθα,

2015 532 2281 605 Syrorum
2344 536 2574 591 auribus
2639 536 2903 590 excitavit
2966 538 3130 592 Deus.
3196 537 3323 605 Qui,
3370 555 3595 609 magnas

2013 626 2311 682 auxiliares
2336 627 2521 696 copias
2549 627 2838 683 advenisse
2876 628 3095 683 Joramo
3153 630 3257 684 rati
3309 643 3367 685 et
3404 643 3593 686 contra

2014 731 2075 773 se
2118 716 2223 783 ire,
2269 718 2468 774 castris
2511 718 2720 774 relictis
2752 720 2966 788 trepide
3000 721 3315 791 aulugiunt.
3363 721 3592 791 Leprosi

2013 815 2197 861 autem
2218 817 2460 877 quatuor
2484 816 2639 864 extra
2672 809 2863 864 urbem
2894 821 3054 865 erant
3077 810 3222 881 (nam
3257 811 3324 865 iis
3348 812 3596 866 habitare

2015 898 2073 953 in
2105 899 2340 954 urbibus
2382 899 2503 971 lege
2547 901 2903 955 interdictum
2944 904 3076 969 est),
3113 903 3226 972 qui,
3268 903 3411 958 fame
3454 919 3595 974 pene

2015 991 2220 1053 enecti.
2265 999 2445 1046 castra
2491 990 2754 1063 Syrorum
2790 991 3002 1062 ingredi
3034 993 3420 1048 decreverunt.
3454 995 3591 1049 Nam

2016 1088 2112 1135 aut
2134 1091 2355 1151 parcent
2382 1081 2530 1135 nobis
2552 1080 2676 1152 Syri
2704 1082 3029 1151 (inquiunt),
3052 1082 3266 1153 ciboque
3288 1086 3441 1154 potiti
3466 1088 3598 1140 vive-

2017 1188 2153 1236 mus,
2182 1182 2274 1227 aut
2300 1173 2562 1243 interfecti
2584 1174 2742 1227 malis
2775 1174 3144 1229 liberabimur.
3174 1175 3414 1231 Veniunt
3451 1177 3598 1231 dilu-

2017 1262 2142 1316 culo
2188 1263 2256 1317 ad
2296 1273 2472 1318 castra
2505 1265 2792 1335 Syrorum,
2835 1264 3025 1320 vident
3072 1266 3390 1323 neminem:
3426 1282 3596 1321 unum

2019 1353 2433 1409 tabernaculum
2486 1354 2719 1420 intrant,
2772 1370 3004 1411 vacuum
3052 1356 3105 1410 id
3155 1357 3475 1414 hominibus
3502 1359 3600 1413 dc-

2018 1445 2393 1514 prehendunt.
2445 1445 2525 1499 Ex
2559 1461 2626 1501 eo
2656 1447 2710 1501 in
2744 1448 2892 1502 aliud
2930 1456 3237 1515 transeunt,
3276 1451 3406 1505 illud
3430 1452 3599 1506 etiam

2018 1535 2297 1590 desertum
2349 1536 2680 1592 inveniunt:
2730 1538 2785 1592 in
2828 1538 2985 1608 plura
3030 1541 3330 1609 progressi,
3362 1557 3487 1596 cum
3539 1543 3599 1596 in

2020 1629 2297 1683 neminem
2352 1630 2698 1696 incidissent,
2744 1631 2981 1702 primum
3041 1633 3216 1688 edunt
3265 1644 3323 1690 et
3371 1635 3595 1702 bibunt,

2019 1718 2219 1772 deinde
2237 1735 2457 1785 aurum,
2480 1732 2766 1792 argentum
2785 1763 2800 1789 ,
2820 1731 3030 1778 vestem
3046 1726 3247 1788 ablata,
3280 1727 3594 1782 occultant:

325 1815 369 1880 ἣ
412 1787 870 1884 ἀναιρεθέντες,
914 1787 1034 1873 τῶν·
1088 1787 1291 1874 κακιέν
1320 1787 1916 1889 ⁷ἀπιπλιιίιιγησόὶιεθα.

2021 1815 2074 1861 et
2114 1807 2343 1879 ingressi
2374 1787 2590 1874 urbeni,
2626 1825 2744 1865 rem
2778 1812 3058 1867 nuntiant.
3092 1812 3207 1880 Qua
3247 1830 3342 1869 rex
3386 1816 3593 1881 audita,

324 1900 508 1959 Ἧκον
555 1907 648 1961 οὖν
691 1910 893 1981 ὄρθρου
939 1911 1079 1984 πρὸς
1121 1911 1183 1964 τὸ
1224 1910 1334 1964 τῶν
1379 1910 1571 1980 Σύρων
1618 1910 1919 1981 στρατόπε-

326 1998 443 2063 δ.ν,
480 2003 575 2052 καὶ
634 2001 818 2065 οὐδεὶς
859 2002 1041 2065 αὐτοῖς
1074 2004 1303 2075 ἑωρᾶτο.
1351 2001 1641 2072 Παρῆλθον
1670 2003 1751 2065 εἰς
1789 2002 1920 2071 μίαν

329 2087 566 2159 σκηνὴν,
613 2090 709 2143 καὶ
738 2090 903 2162 κενὴν
957 2091 1263 2164 ἀνθρώπων
1312 2090 1635 2164 κατέλαϐον.
1671 2089 1923 2154 Ἐξὲκεί·

327 2198 430 2250 νης
457 2184 539 2244 εἰς
579 2181 780 2253 ἑτέραν
817 2162 1152 2254 μετέὸησαν,
1201 2182 1466 2253 κάκείνην
1494 2162 1702 2252 ἔρημον
1754 2181 1921 2235 οὖσαν

330 2275 634 2344 εὑρήκασι.
672 2277 785 2330 Καὶ
811 2277 894 2339 είς
928 2274 1148 2339 πλείους
1175 2274 1231 2328 δὲ
1256 2273 1618 2345 μεταϐάντες,
1642 2272 1717 2336 ὡς
1745 2273 1921 2326 οὐδενὶ

329 2364 716 2436 ἐνετύγχανον,
754 2368 976 2440 πρῶτον
1023 2366 1125 2437 μὲν
1155 2365 1363 2434 ἔφαγόν
1385 2382 1443 2417 τε
1474 2364 1567 2419 καὶ
1596 2363 1773 2429 ἔπιον,
1802 2360 1922 2417 εἶτα

330 2459 560 2526 χρυσίον
610 2476 671 2511 τε
697 2464 793 2512 καὶ
828 2458 1095 2531 ἀργύριον
1140 2463 1233 2512 καὶ
1261 2460 1453 2528 ἱμάτια
1483 2456 1745 2521 λαϐόντες
1773 2457 1919 2510 ἐκεῖ·

330 2548 452 2610 θεν,
491 2546 762 2618 ἔκρυψαν·
792 2550 887 2603 καὶ
915 2549 1088 2613 οὕτως
1122 2549 1200 2612 είς
1228 2548 1327 2618 τὴν
1358 2547 1516 2601 πόλιν
1556 2545 1822 2611 ἐλθόντες,
1860 2546 1921 2599 τὸ

330 2638 561 2708 γεγονὸς
598 2642 969 2713 ἀνέκρυπτον.
1010 2642 1069 2695 Ὀ
1094 2641 1149 2695 δὲ
1188 2640 1466 2712 βασιλεὺς,
1500 2641 1764 2705 ἀκούσας,
1800 2639 1911 2692 ἐνί-

333 2734 472 2805 δραν
506 2730 662 2787 εἶπεν
692 2731 837 2789 εἶναι
865 2734 1023 2788 τοῦτο
1056 2735 1164 2786 τῶν
1192 2733 1493 2803 πολεμίων,
1529 2733 1626 2786 καὶ
1674 2732 1749 2804 μὴ
1785 2749 1921 2803 προ-

334 2829 485 2880 ϊέναι
518 2827 884 2893 διεκελεύετο,
916 2829 1042 2890 τοὺς
1075 2826 1130 2880 δὲ
1155 2828 1686 2896 κατασκοπήσοντας
1737 2824 1923 2895 ἐπεμ-

333 2920 462 2988 ψεν.
501 2921 565 2974 Οἳ
592 2919 946 2986 ἀπελθόντες,
991 2920 1251 2990 ἐνέτυχον
1282 2917 1385 2990 μὲν
1430 2917 1607 2971 οὐδενὶ
1642 2917 1792 2986 παρὰ
1823 2921 1923 2987 τήν

334 3012 478 3077 ὁδὸν,
509 3011 699 3083 πλήρη
744 3012 801 3065 δὲ
837 3011 1009 3082 αὐτὴν
1061 3011 1316 3082 ἱματίων,
1366 3009 1460 3063 καὶ
1516 3007 1728 3062 σκευῶν
1776 3008 1925 3081 εὕρι-

338 3122 496 3159 σκον.
555 3104 747 3158 Ταῦτα
814 3102 1004 3174 μαθὼν
1063 3105 1092 3158 6
1149 3101 1403 3174 βασιλεὺς
1477 3101 1778 3168 διαρπάσαι
1822 3100 1991 3198 τὴν(ἶέ

338 3197 704 3272 παρεμεολὴν
738 3198 816 3269 τῷ
860 3196 1060 3270 πλήθει
1090 3195 1423 3279 οὲπέτρεῴεν.
1466 3194 1633 3250 Ὅθεν
1684 3193 1921 3266 τοσαύτη

337 3291 575 3363 ἀφθονία
621 3295 731 3345 τῶν
760 3291 1076 3359 ἀναγκαίων
1107 3292 1347 3358 ἐγένετο,
1375 3287 1449 3350 ὡς
1493 3286 1588 3340 δύο
1635 3287 1774 3341 σάτα
1805 3303 1929 3357 κρι-

341 3386 444 3454 θῆς
475 3384 663 3439 σίκλου
689 3384 1014 3450 πωλεῖσθαι,
1063 3383 1224 3437 σάτον
1251 3383 1308 3436 δὲ
1355 3379 1718 3452 σεμιδάλεως.
1753 3378 1828 3433 Τὸ
1870 3380 1928 3433 δὲ

344 3478 511 3532 σάτον
571 3477 720 3532 ἐστὶν
766 3475 1036 3530 Ἰταλικὸν
1070 3474 1464 3548 ἡμιμέδιμνον.
1504 3475 1693 3543 Μόνης
1721 3473 1776 3527 δὲ
1828 3475 1930 3545 τῆς

342 3569 613 3639 ἀφθονίας
679 3568 899 3639 ἐκείνης
962 3569 1064 3622 οὐκ
1125 3567 1380 3623 ἀπώνατο
1420 3568 1449 3620 6
1503 3565 1602 3619 τοῦ
1661 3565 1928 3636 βασιλέως

2021 1899 2281 1971 Syrorum
2326 1900 2558 1958 insidias
2601 1917 2696 1956 eas
2733 1917 2855 1957 esse
2884 1903 3040 1964 dicit.
3070 1920 3200 1959 suos
3249 1905 3319 1959 ab
3372 1921 3599 1976 egressu

2020 1991 2266 2046 deterret
2295 2009 2306 2044 :
2337 1991 2718 2061 speculatores
2748 1992 2939 2057 mittit,
2972 1994 3065 2063 qui
3099 1994 3154 2048 in
3191 1995 3393 2051 itinere
3422 1998 3477 2051 in
3500 2013 3601 2051 ne-

2020 2078 2227 2134 minem
2250 2079 2586 2147 inciderunt,
2613 2081 2710 2137 sed
2730 2092 2907 2137 castra
2925 2083 3086 2152 plena
3113 2086 3358 2141 vestibus
3378 2096 3435 2141 et
3457 2089 3603 2143 vasis

2021 2178 2371 2237 repererunt.
2398 2169 2538 2224 Tum
2569 2185 2667 2226 rex
2700 2179 2878 2226 castra
2907 2175 3113 2243 populo
3135 2174 3443 2245 diripienda
3469 2177 3596 2234 dat:

2023 2261 2169 2316 unde
2204 2270 2355 2316 tanta
2383 2276 2568 2317 rerum
2601 2262 3040 2317 necessariarum
3081 2266 3238 2335 copia
3268 2267 3499 2333 exstitit,
3542 2277 3604 2323 ut

2022 2352 2135 2407 duo
2162 2359 2279 2408 sata
2307 2353 2497 2408 bordei
2529 2353 2664 2408 siclo
2692 2354 2968 2420 venirent;
3010 2368 3066 2411 et
3112 2365 3291 2412 satum
3339 2357 3604 2429 similagi-

2020 2442 2109 2498 nis
2142 2443 2429 2499 tantidem.
2461 2443 2558 2499 Est
2587 2454 2772 2499 autem
2802 2454 2980 2500 satum
3013 2449 3472 2504 semimedimnus
3492 2450 3605 2505 Ita-

2023 2533 2186 2589 licus.
2227 2535 2362 2607 Ejus
2398 2535 2667 2590 ubertatis
2706 2536 2944 2592 ft-uctum
2980 2553 3091 2592 non
3128 2541 3294 2609 (repit
3335 2539 3480 2611 regis
3506 2541 3600 2596 ille

2023 2629 2263 2689 satelles.
2289 2627 2753 2699 quemadmodum
2779 2630 3048 2699 propheta
3085 2630 3317 2696 dixerat,
3342 2633 3412 2688 ob
3440 2633 3602 2688 abro-

2021 2729 2199 2789 gatam
2222 2720 2408 2776 verbis
2441 2721 2589 2777 illius
2617 2720 2779 2777 ﬁdem
2804 2736 2821 2786 ;
2859 2738 2987 2777 nam
3032 2722 3386 2779 multitudine
3413 2724 3601 2794 populi

2022 2811 2093 2865 ad
2142 2821 2353 2882 portam
2389 2811 2722 2874 conﬂuente,
2759 2813 2999 2868 obtritus
3044 2822 3146 2868 est.
3184 2813 3317 2868 Post
3340 2815 3459 2869 haec
3508 2830 3608 2869 rex

2023 2904 2277 2960 Damasci
2338 2905 2644 2975 aegrotavit.
2698 2905 2930 2959 Elisaeus
2988 2918 3170 2960 autem
3235 2914 3348 2959 tum
3413 2906 3609 2960 Dama-

2025 3012 2178 3053 scum
2202 2997 2360 3053 abiit:
2378 2997 2534 3068 cujus
2556 2998 2788 3053 adventu
2811 3014 2954 3068 a=ger
2969 2997 3177 3062 audito.
3196 2998 3608 3054 missoAzahele

2024 3104 2093 3145 ex
2123 3090 2576 3147 honoratioribus
2592 3090 2882 3155 ministris,
2916 3100 3272 3161 percontatur
3303 3109 3371 3146 an
3426 3095 3606 3146 victu-

2035 3199 2133 3241 rus
2184 3192 2365 3252 esset,
2412 3183 2599 3240 missis
2647 3182 2814 3240 etiam
2854 3182 3180 3239 muneribus
3230 3183 3437 3239 multis.
3504 3182 3609 3239 Be-

2031 3279 2270 3351 spondet
2304 3278 2419 3343 ille,
2464 3280 2631 3349 paulo
2666 3288 2792 3350 post
2820 3277 3152 3333 moriturum
3179 3291 3302 3333 esse
3341 3285 3613 3348 aegrotan-

2032 3380 2165 3437 tem,
2211 3371 2308 3427 sed
2357 3370 2648 3427 ‘Azahelem
2692 3379 2843 3425 vetat
2898 3369 2955 3424 id
2997 3369 3076 3423 illi
3131 3369 3351 3435 dicere,
3383 3378 3439 3424 et
3489 3369 3607 3439 ipse

2030 3465 2232 3535 plorat.
2261 3464 2513 3519 Ploratus
2542 3478 2763 3518 causam
2788 3460 3088 3516 sciscitanti
3115 3460 3362 3523 Azabeli,
3390 3476 3614 3529 respon-

2031 3558 2125 3613 det
2167 3557 2454 3628 deplorare
2496 3571 2556 3611 se
2608 3556 2751 3609 mala
2782 3570 2906 3624 qua:
2943 3555 3035 3609 ille
3057 3554 3318 3609 lsraelitis
3364 3554 3614 3610 illaturus

341 3662 672 3734 τριστάτης,
721 3662 864 3716 κατὰ
915 3662 1007 3715 τὸν
1064 3661 1158 3715 τοῦ
1215 3661 1492 3733 προφήτου
1529 3658 1704 3727 λόγον,
1745 3657 1805 3721 ὃς
1857 3659 1921 3729 τῇ

2039 3651 2196 3721 102
2233 3657 2379 3705 esset
2423 3665 2437 3702 :
2487 3663 2612 3703 eum
2644 3647 2792 3701 enim
2833 3646 3004 3717 Syriae
3059 3662 3230 3717 regno
3281 3646 3609 3716 potiturum.

341 3754 512 3809 αὐτοῦ
543 3758 853 3827 προρρήσει
902 3755 1199 3826 ήπίστησε’
1249 3754 1650 3825 συρρεύσαντος
1692 3752 1801 3822 γὰρ
1834 3750 1921 3804 τοῦ

2035 3743 2264 3809 Azahel,
2278 3743 2347 3797 ad
2360 3741 2643 3797 dominum
2660 3756 2819 3795 suum
2838 3755 3118 3804 reversus,
3138 3740 3357 3794 nuntiat
3376 3739 3614 3808 prephe-

345 3849 592 3920 πλήθους
631 3851 724 3902 ἐπὶ
758 3849 858 3919 τὴν
888 3849 1066 3920 πύλην
1112 3847 1210 3918 τῆς
1272 3847 1506 3910 πόλεως,
1552 3843 1921 3914 συνεπατήθη,

2040 3846 2153 3892 tam
2188 3833 2625 3888 incolumitatem
2662 3830 2739 3884 illi
2770 3830 3043 3900 polliceri.
3074 3827 3347 3884 Postridie
3386 3828 3608 3882 madido

343 3943 442 3993 καὶ
461 3942 749 4012 τέθνηκεν.
784 3939 844 3993 Ὀ
868 3939 928 3993 δὲ
964 3938 1222 4010 βασιλεὺς
1248 3936 1544 4009 Δαμασκοῦ
1598 3937 1737 4006 μετὰ
1759 3937 1921 3988 ταῦτα

2041 3927 2280 3983 reticulo
2326 3924 2532 3996 injecto
2580 3938 2707 3979 eum
2746 3922 3017 3987 sullocat.
3063 3921 3183 3992 ipse
3239 3936 3470 3991 regnum
3525 3921 3585 3975 in

342 4031 601 4101 ἐνόσησε.
636 4033 745 4086 Καὶ
768 4032 797 4082 6
854 4030 1157 4095 Ἐλισσαῖος
1184 4029 1394 4099 ἀπῆλθε
1424 4029 1546 4082 τότε
1566 4018 1708 4098 ’πρὸς
1738 4029 1929 4097 Δαμα-
2039 4018 2213 4074 vadit.
3592 4087 3601 4095 .

342 4131 500 4184 σκόν⁶
546 4131 641 4183 καὶ
661 4131 894 4201 ἦκουσεν
925 4130 952 4183 6
990 4127 1164 4182 νοσῶν
1193 4127 1325 4198 περὶ
1366 4125 1461 4182 τοῦ
1490 4126 1797 4197 προφήτου,
1865 4119 1961 4175 καὶ
1999 4112 2323 4172 ἀπέστειλεν
2355 4109 2559 4181 Ἀσαὴλ
2602 4109 2699 4201 τὸν
2723 4110 3073 4201 ἐντιμότερον
3119 4107 3242 4201 τῶν
3267 4108 3617 4178 θεραπόντων

341 4222 517 4276 αὑτοῦ
549 4199 895 4293 πρὸςταύτὶν,
928 4218 1222 4290 ἐρωτῶντα
1255 4220 1304 4271 εί
1326 4217 1572 4288 ζήσεται.
1597 4213 1852 4285 Ἔπεμψε
1869 4211 1927 4265 δὲ
1964 4207 2114 4277 αὐτῷ
2172 4206 2268 4258 καὶ
2319 4202 2470 4273 δῶρα
2495 4200 2686 4293 πολλὰ.
2719 4200 3077 4293 Ἐρωτηθεὶς-
3110 4199 3169 4252 δὲ
3305 4206 3614 4293 προφήτης,

341 4289 705 4383 τεθνήξεσθαι
757 4312 859 4382 μὲν
894 4289 985 4366 τὸν
1007 4308 1267 4364 νοσοῦντα
1294 4307 1523 4379 βασιλέα
1554 4308 1790 4377 προεῖπε
1820 4318 1836 4334 ⁸
1899 4302 1976 4372 τῷ
2025 4299 2085 4351 δὲ
2119 4291 2721 4391 ΔἈσοιὴλ-ἐνετέλλετοῆ
2762 4291 2929 4391 μηδξν
2958 4289 3155 4391 ξκείνιι)
3191 4289 3418 4391 dtis“:
3452 4292 3616 4391 αὺτξις

340 4407 402 4459 δὲ
457 4378 673 4458 Exime.
732 4378 845 4457 lia!
901 4401 1194 4472 ἐρωτηθεὶς
1229 4378 1382 4471 παρὰ
1438 4397 1535 4452 τοῦ
1588 4394 1793 4467 Ἀζαὴλ
1838 4391 1931 4445 τοῦ
1971 4383 2256 4456 κλαυθμοῦ
2325 4382 2423 4453 τὴν
2453 4380 2657 4487 αἰτίαν,
2696 4379 2920 4487 θρηνεῖν
3094 4378 3361 4487 πρροριῖἰνν
3393 4378 3494 4482 ι’ξσα
3554 4378 3618 4487 εκ

342 4499 444 4553 σοῦ
485 4497 828 4569 συμϐήσεται
882 4468 998 4560 τοῖς
1068 4468 1441 4565 Ἶσραηλίταις
1498 4491 1688 4546 δεινάο
1721 4491 1785 4543 σὺ
1832 4488 1942 4557 γὰρ
1980 4478 2232 4576 βασιλεὺς
2263 4475 2638 4576 ἔσῃ-ξυίίξιςο
2696 4469 3084 4576 ςΥποσῙρέψας
3140 4468 3208 4575 δὲ.
3262 4468 3620 4576 ζλλςαὴέτξρὶδς

339 4592 442 4643 τὸν
468 4562 878 4656 κύριοναύτοῦ,
928 4562 1435 4653 ἀπήγγειλε-φάναι
1489 4583 1582 4634 τὸν
1625 4579 1939 4650 προφήτην,
1977 4575 2054 4638 ὡς
2079 4571 2326 4642 ζήσεται.
2360 4568 2439 4637 Τῇ
2483 4566 2527 4619 δ’
2555 4565 2788 4637 ἐπιούσῃ
2856 4563 3076 4617 δίκτυον
3149 4562 3298 4631 αὐτῷ
3337 4562 3619 4615 ἐπιϐαλὼν

341 4686 663 4755 διάϐροχον,
686 4685 779 4737 τὸν
826 4683 930 4754 μὲν
986 4681 1308 4748 ἀπέπνιξεν,
1340 4677 1506 4741 αὐτὸς
1529 4676 1586 4730 δὲ
1624 4676 1724 4746 τῆς
1766 4671 2049 4746 βασιλείας
2080 4665 2407 4733 ἐπείληπτο.

416 4751 617 4832 ιιίιτο
649 4775 706 4829 δὲ
732 4751 1021 4829 τοῦήίοΰδα
1055 4773 1311 4845 βασιλεὺς
1343 4771 1552 4843 Ἰωρὰμ
1580 4771 1635 4841 (ἡ
1666 4769 1775 4841 γὰρ
1797 4768 1921 4822 αὐτὶ

2112 4758 2299 4814 XVlll.
2356 4762 2426 4810 At
2456 4754 2712 4811 Joramus
2749 4768 2849 4807 rex
2894 4751 3209 4811 Iudaeorum
3249 4753 3416 4824 (idem
3469 4754 3618 4808 enim

343 4870 545 4940 κλῆσις
582 4870 789 4937 ἀμφοῖν
817 4870 935 4922 τοῖν
967 4843 1243 4936 βασιλέοιν
1274 4862 1507 4935 προσῆν)
1566 4864 1647 4925 είς
1676 4859 1921 4914 ἀσέϐειαι

2032 4852 2257 4921 utrique
2292 4847 2408 4917 regi
2429 4861 2628 4901 nomen
2656 4846 2822 4913 erat),
2867 4860 2897 4899 a
2919 4843 3173 4899 Gotholia
3194 4861 3385 4911 uxore,
3410 4844 3619 4899 Achabi

346 4936 857 5030 ἐξεπυλίσθηίπαρὰ
878 4960 974 5026 τῆς
1001 4956 1261 5026 γυναικὸς
1315 4955 1482 5009 αὐτοῦ
1533 4953 1811 5017 Γοθολίας,
1841 4949 1921 5004 θυ-

2037 4945 2168 5007 lilia,
2193 4941 2259 4996 ad
2291 4937 2632 5008 impietatem
2653 4936 2966 5001 devolutus,
3000 4945 3056 4992 et
3072 4937 3273 4992 fratres
3295 4938 3540 5002 sustulit,
3564 4946 3622 4992 et

344 5052 555 5121 γατρδς
587 5028 756 5123 οὔσης
786 5028 890 5103 τοῦ
918 5048 1149 5120 Ἀχαά6,
1191 5049 1288 5102 καὶ
1315 5050 1443 5110 τοὺς
1483 5045 1746 5115 ἀδελφοὺς
1786 5044 1921 5098 ἀνεῖ-

2035 5047 2295 5106 paternos
2351 5029 2658 5094 ministros,
2710 5037 2767 5084 et
2812 5029 3076 5099 populum
3132 5028 3385 5084 eamdem
3455 5028 3616 5099 sequi

346 5120 409 5198 λε
443 5120 582 5214 (65),
618 5120 716 5197 καί
759 5142 887 5204 τοὺς
930 5138 1223 5210 πατρῴους
1273 5136 1637 5210 θεράποντας,
1695 5136 1792 5189 καὶ
1843 5134 1921 5188 τδη

2037 5128 2220 5198 coegit
2281 5122 2638 5193 impietatem.
2684 5120 2786 5176 Cui
2822 5122 2896 5175 ita
2934 5121 3142 5176 viventi
3174 5120 3430 5175 nuntium
3470 5120 3622 5175 misit

346 5234 486 5287 λαὸν
544 5231 865 5286 συνασεὸεῖν
948 5229 1099 5300 αὐτῷ
1155 5226 1598 5297 κατηνάγκαζεν.
1650 5225 1808 5280 Οὕτω
1875 5225 1921 5278 δὲ

2041 5220 2314 5293 propheta
2355 5214 2529 5270 cladis
2558 5215 2921 5278 imminentis,
2970 5220 3028 5270 et
3079 5213 3341 5269 interitus
3384 5226 3621 5267 uxorum

349 5320 567 5388 βιοῦντι
621 5321 648 5372 6
677 5319 970 5390 προφήτης
1029 5316 1338 5383 ἐπέστειλε,
1407 5314 1744 5389 προμηνύων
1780 5313 1921 5385 αὐτῷ

2042 5322 2098 5369 et
2128 5313 2429 5367 liberorum
2461 5309 2602 5380 ejus,
2645 5306 2717 5361 ob
2750 5306 3088 5376 impietatem
3121 5304 3421 5375 populique
3460 5318 3624 5358 vexa-

343 5410 449 5464 πδν
488 5410 750 5480 ἐσόμενον
790 5406 1038 5479 ὄλεθρον,
1062 5407 1154 5460 καὶ
1184 5406 1284 5477 τὴν
1323 5405 1434 5460 τῶν
1466 5404 1742 5475 γυναικῶν
1763 5403 1921 5457 αὑτοῦ

2044 5404 2276 5461 tionem.
2322 5402 2513 5474 Neque
2555 5400 2729 5456 multo
2767 5400 2913 5470 post,
2949 5396 3159 5452 Arabes
3203 5395 3351 5451 bello
3399 5393 3623 5451 Iudaeos

1566 5560 1761 5624 Variis
1792 5560 2099 5624 lectiones
2142 5567 2205 5621 et
2237 5565 2426 5620 notaa.

430 5701 540 5771 (65)
590 5700 902 5768 Θύγατρος
957 5693 1150 5759 οὔσης
1192 5691 1310 5771 ’τοᾷ
1367 5690 1607 5771 ζᾼχαᾴϐ,
1663 5686 1921 5755 καὶτοὺς

2021 5685 2282 5756 δελφοὺς
2329 5682 2516 5738 αὑτοῦ
2556 5679 2780 5736 ἀνεῖλε.
2819 5678 3007 5735 Graeca
3053 5678 3128 5731 ita
3168 5681 3388 5739 sonant,
3459 5672 3620 5742 quasi

350 5759 606 5828 Jorauius
629 5759 834 5825 fratres
864 5759 996 5820 Suos
1033 5762 1340 5820 sustulerit.
1374 5759 1541 5814 Wolf.
