4092 6408
461 347 567 413 199

1695 347 2022 412 JOANNIS
2061 346 2385 408 ΖΟΝΑΒᾸΞ

3623 348 3730 412 200

455 465 788 529 aﬁlixerunt,
819 479 929 519 uno
956 471 1172 519 tantum
1199 464 1444 521 Ochozia
1475 482 1543 523 ex
1577 467 1744 539 regiis
1767 465 1895 520 ﬁliis
1927 480 2038 519 non

2151 463 2239 518 καὶ
2289 462 2402 516 τῶν
2455 460 2667 516 τέκνων
2713 458 2921 533 φθορὰν
2999 459 3087 514 διὰ
3143 458 3243 531 τὴν
3288 460 3571 526 ἀσέϐειαν,
3636 465 3730 517 καὶ

455 580 771 645 interfecto,
817 589 874 635 et
929 578 1188 635 Joramus
1231 582 1432 646 etiam,
1475 591 1536 636 ut
1575 583 1843 653 propheta
1898 596 2038 652 prte-

457 674 692 736 dixerat,
717 688 785 726 ex
809 671 985 725 morbi
1005 672 1272 742 gravitate
1297 673 1510 728 interiit
1527 691 1676 729 anno
1699 675 1878 729 artatis
1898 690 2038 744 qua-

456 764 789 835 dragesimo,
831 763 984 834 regni
1031 775 1224 819 octavo
1247 805 1261 830 ,
1309 764 1545 820 Ochozia
1577 766 1691 820 ﬁlio
1721 781 2041 821 successore

459 866 674 919 relicto.
708 863 928 918 Accidit
963 873 1148 917 autem
1189 875 1249 918 ut
1276 863 1534 919 Joramus
1568 864 1731 929 alter,
1764 863 2040 918 Israelita-

460 975 582 1012 rum
613 973 728 1020 rex,
766 966 1021 1026 suscepta
1046 965 1237 1010 contra
1267 956 1434 1027 Syros
1464 956 1814 1026 expeditione
1849 955 2042 1009 vulne-

462 1059 634 1113 ratus,
677 1048 819 1102 Jehu
851 1049 1068 1102 Amasis
1099 1047 1213 1102 ﬁlio
1251 1048 1394 1117 apud
1431 1048 1736 1102 exercitum
1772 1063 1897 1102 cum
1936 1047 2040 1100 im-

463 1141 617 1208 perio
649 1140 840 1193 relicto
873 1180 886 1203 ,
955 1140 1021 1194 ad
1075 1139 1382 1194 curandum
1443 1139 1612 1194 ictum
1663 1140 1861 1193 abiret.
1931 1138 2038 1192 Sed

469 1233 696 1284 Elisazus
735 1231 1031 1300 quemdam
1076 1247 1142 1286 ex
1191 1231 1478 1300 discipulis
1516 1229 1584 1284 ad
1624 1230 1822 1286 Jeltum
1857 1244 2038 1300 regem

463 1322 842 1391 inungendum
876 1323 1068 1386 mittit,
1121 1332 1180 1377 ut
1228 1323 1503 1376 delectum
1537 1338 1565 1376 a
1595 1323 1726 1378 Deo.
1762 1323 1866 1387 Qui
1902 1321 2041 1377 Jebu

461 1417 726 1478 seducto,
785 1426 842 1468 ut
887 1415 1072 1467 arcani
1115 1415 1322 1484 aliquid
1392 1414 1937 1478 communicaturus,
1987 1421 2043 1467 et

461 1509 718 1560 (τιιιισίιινρ
771 1507 1082 1576 ingressus,
1130 1519 1297 1576 caput
1328 1506 1450 1574 eius
1494 1507 1618 1560 oleo
1669 1503 2038 1575 perfundens,

460 1603 595 1647 eunt
621 1614 647 1649 a
680 1597 788 1648 Deo
824 1597 1000 1649 creari
1033 1612 1216 1666 regem
1256 1599 1354 1662 ait,
1387 1597 1454 1650 ad
1489 1597 1696 1650 Acltabi
1721 1613 1894 1666 genus
1939 1596 2039 1650 de-

466 1689 690 1742 lendum
721 1704 734 1741 :
769 1698 823 1742 et
865 1689 949 1741 his
979 1688 1176 1752 dictis,
1219 1689 1406 1742 subito
1437 1704 1466 1742 e
1501 1689 1748 1742 conclavi
1777 1704 1834 1742 se
1864 1687 2042 1757 prori-

464 1780 555 1846 pit.
593 1780 1050 1832 Percontantibus
1083 1790 1266 1833 autem
1300 1780 1436 1844 suis,
1471 1780 1601 1849 quid
1643 1780 1712 1834 ab
1753 1781 1845 1834 illo
1876 1796 2040 1833 voca-

463 1879 551 1921 tus
573 1879 739 1933 esset,
771 1871 864 1938 qui
885 1869 1109 1938 quidem
1130 1870 1362 1922 furentis
1379 1879 1590 1939 gestum
1622 1886 1732 1938 pra:
1751 1886 1806 1923 sc
1827 1870 2039 1928 ferret:

462 1962 633 2020 lierte,
669 1961 867 2030 inquit.
891 1963 1171 2029 judicatis,
1200 1979 1323 2014 nam
1353 1961 1506 2014 verba
1534 1965 1713 2030 furore
1734 1962 1891 2032 plena
1919 1964 2044 2016 mihi

462 2055 725 2105 nuntiavit
755 2067 773 2104 :
797 2052 934 2105 dixit
963 2055 1101 2105 enim
1135 2069 1215 2106 me
1251 2071 1282 2106 a
1316 2053 1423 2106 Deo
1449 2063 1685 2106 creatum
1713 2070 1821 2106 esse
1844 2070 2040 2124 regem.

461 2143 673 2208 Quibus
702 2145 940 2213 populus
962 2146 1186 2208 auditis,
1212 2146 1409 2199 Jeltum
1449 2146 1595 2201 tubis
1627 2146 1832 2201 inﬂatis
1861 2162 2043 2217 regem

461 2236 686 2289 salutat.
719 2235 838 2301 Quo
867 2236 1037 2302 facto,
1081 2237 1198 2300 ille,
1221 2237 1452 2291 delectis
1491 2240 1773 2308 equitibus
1830 2255 2045 2294 assmu-

461 2327 592 2388 ptis,
631 2325 698 2378 ad
729 2326 1013 2380 Joramum
1050 2329 1236 2382 subito
1273 2330 1699 2398 opprimendum
1741 2330 2046 2399 proﬁcisci-

463 2426 574 2472 tur.
614 2416 753 2472 Cum
799 2429 985 2472 autem
1042 2423 1363 2486 speculator
1399 2422 1622 2477 .Ioramo
1672 2424 1904 2478 dixisset
1945 2423 2044 2477 ad-

462 2516 690 2563 ventare
741 2509 982 2578 equites,
1033 2512 1206 2566 mittit
1250 2515 1544 2582 quemdam
1583 2514 1677 2584 qui
1722 2528 1876 2586 roget
1911 2515 2044 2584 quid

460 2601 657 2654 velint.
692 2601 831 2655 Eum
861 2602 1062 2667 Jehus,
1102 2605 1254 2659 nullo
1287 2605 1416 2661 dato
1464 2619 1752 2676 responso,
1789 2623 1847 2662 se
1879 2607 2046 2677 jussit

461 2695 639 2764 sequi.
695 2695 861 2750 Misso
911 2707 967 2751 et
1023 2699 1240 2764 altero,
1305 2715 1409 2754 nec
1467 2716 1693 2755 reverso
1727 2738 1744 2762 ,
1788 2701 2048 2756 Joramus

464 2787 604 2856 ipse,
660 2804 824 2843 curru
875 2806 1182 2846 conscenso
1226 2809 1350 2847 cum
1390 2793 1629 2848 Ochozia
1678 2795 1886 2849 sororis
1934 2809 2048 2849 sua:

463 2879 598 2960 ﬁlio,
649 2882 743 2949 qui
809 2883 1024 2938 visendi
1065 2889 1186 2954 ejus
1235 2886 1408 2953 gratia
1457 2895 1730 2951 venerat,
1793 2885 1932 2941 Jeho
1990 2885 2048 2938 in

464 2986 594 3041 agro
649 2972 922 3028 Nabutbis
996 2977 1274 3039 occurrit,
1329 2993 1528 3046 rogans
1589 2986 1649 3030 ut
1701 2993 1760 3031 se
1819 2978 2049 3033 haberet

463 3064 784 3119 exercitus?
813 3066 918 3132 Qui
957 3083 1083 3120 cum
1125 3067 1439 3123 maledictis
1481 3084 1608 3123 eum
1658 3069 2048 3137 insectaretur,

2147 553 2246 624 τὴν
2283 552 2379 606 τοῦ
2413 549 2547 605 λαοῦ
2576 552 2844 606 κάκωσιν.
2891 550 2958 602 ’Δ
2993 549 3090 602 καὶ
3123 550 3204 610 εἰς
3235 548 3398 619 ἔργον
3438 549 3728 621 ἐξέϐησαν,

2159 641 2412 711 Ἀράὄων
2464 640 3107 712 ἐπιστρατευσάντωντῇ
3135 638 3388 712 Ἰουδαίᾳ,
3457 641 3576 704 ἐνὸς
3621 641 3732 694 τῶν

2150 736 2284 788 υἱῶν
2315 732 2482 788 αὐτοῦ
2515 731 2917 803 περισωθέντος
2954 731 3049 785 τοῦ
3085 731 3353 802 Ὀχοζίου.
3385 732 3498 786 Καὶ
3527 732 3734 803 Ἰωρὰμ

2149 829 2204 881 δὲ
2251 828 2390 898 μετά
2416 827 2592 882 ταῦτα
2631 829 2890 897 νοσήσας,
2933 825 3008 889 ὡς
3037 826 3066 879 6
3098 827 3386 897 προφήτης
3407 825 3730 896 προείρηκε,

2151 919 2344 990 βιαίως
2417 920 2665 988 ἐξέψυξε,
2719 921 2894 990 ζήσας
2953 919 3054 989 μέν
3118 919 3403 972 ἐνιαυτοὺς
3456 921 3734 991 τεσσαρά-

2151 1029 2340 1070 κοντα.
2385 1011 2711 1080 βασιλεύσας
2767 1013 2823 1064 δέ
2857 1011 3021 1064 ὀκτώ.
3055 1010 3132 1063 Ἠ
3187 1010 3233 1063 δ’
3294 1009 3438 1081 ἀρχὴ
3495 1012 3573 1081 τῷ
3631 1011 3735 1080 υίῴ

2150 1104 2318 1156 αὐτοῦ
2350 1104 2570 1174 Ὀχοζίᾳ
2628 1102 3046 1174 περιελήλυθεν.
3091 1095 3300 1172 Τωράμ
3349 1103 3406 1155 δὲ
3429 1103 3507 1173 τῷ
3558 1104 3734 1174 ἑτέρῳ

2149 1196 2258 1249 τῶν
2293 1195 2644 1265 Ἰσραηλιτῶν
2675 1194 2887 1264 βασιλεί
2913 1197 3057 1248 κατά
3089 1195 3199 1248 τῶν
3235 1195 3426 1266 Σύρων
3472 1195 3736 1265 στρατεύ-

2151 1304 2307 1340 σαντι
2341 1288 2541 1356 συνέϐη
2599 1287 2924 1357 τοξευθῆναι
2964 1290 3022 1342 ἐν
3062 1286 3140 1356 τῷ
3169 1285 3412 1358 πολέμῳ·
3445 1289 3538 1340 καὶ
3572 1289 3599 1340 6
3632 1287 3733 1356 μὲν

2149 1383 2466 1453 ἀνεχώρησε
2545 1382 3098 1452 θεραπευοησόμενος
3167 1381 3266 1453 τὴν
3317 1381 3556 1451 πληγὴν,
3603 1382 3736 1450 ἡγε-

2153 1476 2290 1546 μόνα
2360 1475 2460 1544 τῆς
2523 1476 2786 1542 στρατιᾶς
2851 1473 3190 1544 καταλείψας
3247 1475 3424 1544 Ἰηοῦν
3492 1475 3582 1526 τὸν
3636 1473 3732 1526 τοῦ

2166 1569 2400 1637 Ἀμασῆ.
2440 1566 2744 1629 Ἐλισσαῖος
2797 1565 2842 1619 δ’
2890 1567 2986 1619 ἕνα
3033 1566 3146 1618 τῶν
3179 1566 3440 1635 μαθητῶν
3495 1564 3732 1634 έπεμψε,

2149 1661 2410 1732 χρίσοντα
2447 1662 2528 1722 είς
2561 1659 2788 1729 βασιλέα
2813 1661 2904 1713 τὸν
2938 1658 3132 1729 Ἰηοῦν,
3167 1659 3243 1721 ὡς
3268 1659 3363 1710 τοῦ
3396 1657 3532 1712 Θεοῦ
3566 1657 3734 1710 αὑτὸν

2151 1751 2455 1822 ᾑρημένου.
2514 1751 2582 1804 '0
2607 1750 2651 1803 δ’
2677 1749 2868 1816 ἐλθὼν,
2909 1750 3017 1822 ἰδίᾳ
3049 1749 3158 1803 τῶν
3215 1749 3392 1804 ἄλλων
3439 1745 3734 1800 ἀπολαϐὼν

2075 1836 2126 1898 Β
2153 1847 2244 1897 τὸν
2274 1844 2471 1914 Ἰηοῦν,
2515 1845 2592 1906 ὡς
2630 1845 2695 1914 δὴ
2723 1861 2776 1896 τι
2805 1843 2975 1908 λέξων
3011 1843 3162 1914 αὐτῴ
3198 1841 3626 1912 μυστικῶτερον,
3652 1841 3733 1902 εἰς

2145 1939 2208 1991 τὸ
2239 1940 2488 2007 ταμιεῖον
2521 1937 2725 2001 εἰσδὺς,
2771 1936 2832 1989 τὸ
2881 1937 3062 1990 ἔλαιον
3121 1936 3352 2005 κατέχεε
3407 1934 3509 2004 τῆς
3565 1931 3731 1985 αὑτοῦ

2147 2031 2410 2099 κεφαλῆς,
2475 2031 2654 2099 φήσας
2706 2029 2983 2100 αἱρεῖσθαι
3034 2029 3127 2082 τὸν
3187 2029 3320 2081 Θεον
3371 2028 3451 2090 είς
3506 2025 3732 2097 βασιλέα

2147 2123 2334 2188 αὑτὸν,
2377 2122 2446 2174 ἵν’
2469 2124 2711 2195 ἀφανίσῃ
2732 2125 2793 2176 τὸ
2849 2123 3006 2190 γένος
3035 2121 3128 2175 τοῦ
3154 2119 3384 2191 Ἀχαά6.
3425 2121 3536 2172 Kal
3572 2121 3600 2171 6
3632 2119 3732 2188 μέν

2147 2216 2264 2286 ἅμα
2295 2234 2354 2268 τε
2381 2212 2523 2280 εἷπε,
2585 2219 2676 2270 καὶ
2721 2218 2784 2269 ἐκ
2822 2216 2917 2270 τοῦ
2967 2215 3218 2286 ταμιείου
3276 2214 3584 2276 σπουδαίως
3624 2210 3735 2276 ἐξέ-

2147 2312 2346 2382 δραμε.
2383 2310 2813 2381 Πυνθανομένων
2845 2309 2900 2363 δέ
2927 2309 3035 2362 τῶν
3065 2310 3163 2362 σὺν
3201 2307 3370 2377 αὐτῷ,
3402 2306 3452 2358 τί
3479 2307 3546 2360 ἂν
3610 2305 3735 2375 βού-

2147 2402 2294 2454 λοιτο
2333 2405 2360 2455 ὁ
2394 2403 2638 2465 καλέσας
2665 2403 2962 2465 αὑτὸν,καὶ
2993 2402 3260 2472 μεμηνότι
3289 2399 3734 2470 παρεικαζόντων

2149 2497 2385 2548 ἐκεῖνον·
2439 2492 2653 2562 Ὀρθῶς
2685 2493 2984 2561 ἐκρίνατε,
3023 2493 3149 2563 ἔφη,
3186 2493 3315 2546 ἐπεὶ
3361 2493 3459 2546 καὶ
3509 2495 3734 2562 λόγους

2145 2604 2247 2658 μοι
2299 2588 2570 2655 μεστοὺς
2623 2585 3300 2656 μανίας’ἀπήγγειλεν.
3367 2585 3572 2654 Εἴρηκε
3622 2585 3734 2654 γὰρ

2153 2681 2379 2754 βασιλέα
2415 2697 2482 2750 με
2516 2683 2841 2750 χειροτονεῖν
2878 2679 2970 2732 τὸν
2987 2680 3144 2732 Θεὸν.
3173 2682 3280 2732 Kal.
3305 2682 3332 2731 6
3373 2679 3524 2743 λαὸς,
3565 2675 3734 2732 ἀκούς-

2156 2790 2254 2836 σας
2285 2772 2482 2838 ταῦτα,
2521 2771 2798 2834 σαλπίζων
2827 2773 3131 2842 ἀνηγόρευε
3166 2771 3387 2842 βασιλέα
3413 2771 3504 2823 τὸν
3534 2770 3730 2842 Ἰηοῦν.

2164 2867 2223 2919 '0
2250 2867 2331 2933 δέ,
2370 2866 2573 2919 αὐτίκα
2618 2867 2746 2923 τοὺς
2787 2866 3019 2933 λογάδας
3082 2867 3191 2918 τῶν
3225 2867 3434 2918 ἱππέων
3479 2863 3731 2935 παραλα-

2152 2960 2286 3023 ϐὼν,
2325 2959 2673 3030 ἐξώρμησεν,
2705 2959 2775 3012 ἵν’
2811 2960 3006 3030 ἀθρόον
3058 2959 3263 3030 ἐπέλοῃ
3300 2961 3412 3020 τοῖς
3472 2961 3601 3028 περὶ
3641 2959 3734 3010 τὸ)

2165 3051 2392 3121 Ἰωράμ.
2449 3051 2556 3102 Τοῦ
2588 3052 2644 3102 δέ
2701 3049 2910 3102 σκοποῦ
2964 3049 3282 3118 τῷΊωράμ
3333 3051 3518 3111 ἱππεῖς
3576 3049 3734 3118 ἥκειν

468 3155 624 3226 103
653 3157 907 3212 Joramus
930 3161 1158 3213 territus
1196 3160 1380 3231 fugam
1412 3163 1672 3232 capessit.
1707 3163 1846 3217 Tum
1873 3165 2045 3221 Jehus

2156 3145 2455 3213 φήσαντος,
2509 3142 2719 3195 ἐστειλέ
2775 3157 2900 3194 τινα
2957 3143 3164 3202 ἐκεῖνος
3221 3141 3512 3209 ἐρωτῶντα
3577 3141 3626 3192 τί
3666 3140 3732 3194 ἂν

465 3248 682 3303 intento
714 3265 846 3305 arcu
884 3267 1010 3306 eum
1043 3251 1193 3314 ferit,
1225 3265 1284 3309 ut
1312 3270 1481 3308 curru
1513 3255 1775 3326 delapsus
1802 3274 2046 3314 morere«

467 3349 574 3394 tur.
607 3341 698 3396 Sic
734 3342 787 3395 in
824 3341 1093 3399 Nabuthis
1139 3362 1332 3415 agrum
1366 3357 1453 3403 est
1498 3351 1801 3418 projectus.
1852 3367 2046 3421 quemn

469 3431 768 3487 admodum
843 3435 988 3490 Elius
1041 3437 1267 3493 Achabo
1331 3441 1685 3510 praedixerat.
1749 3441 2048 3498 Ochoziam

465 3522 598 3579 item
631 3525 933 3596 fugientem
970 3530 1166 3600 sagitta
1208 3531 1303 3588 icit
1335 3533 1526 3600 Jebus,
1569 3551 1634 3590 ex
1670 3551 1781 3606 quo
1819 3536 2048 3591 vulnere

465 3614 514 3666 is
546 3628 768 3682 quoque
819 3617 985 3685 paulo
1025 3627 1148 3686 post
1177 3631 1260 3674 est
1297 3632 1572 3687 mortuus,
1603 3639 1728 3679 cum
1764 3640 1933 3678 unum
1962 3640 2049 3679 re-

465 3712 686 3771 gnasset
739 3718 969 3762 annum.
1009 3706 1230 3764 Jezabel
1284 3719 1467 3765 autem
1517 3712 1585 3766 de
1632 3714 1770 3767 turri
1818 3729 2046 3784 prospe-

467 3800 646 3858 ctans,
675 3794 950 3864 exquisite
982 3799 1152 3860 culta.
1190 3810 1249 3854 ut
1291 3802 1589 3872 gratiosior
1620 3816 1766 3860 esset
1799 3822 1814 3858 :
1845 3803 2044 3870 Bonus,

467 3885 673 3955 tnquit,
725 3903 904 3942 seruus
949 3891 1042 3960 qui
1094 3891 1365 3945 dominum
1411 3909 1568 3947 suum
1607 3895 1843 3952 sustulit.
1877 3895 2050 3952 Jebus

466 3986 653 4032 autem
682 3979 954 4033 eunuchis
992 3983 1213 4036 mandat
1257 3995 1316 4038 ut
1359 3999 1480 4039 eam
1516 4001 1756 4056 superne
1790 3991 2051 4060 przecipi-

469 4077 672 4136 tarent,
710 4086 741 4126 e
771 4087 882 4142 quo
913 4089 1040 4128 casu
1080 4079 1385 4133 cruentatis
1407 4079 1716 4149 parietibus
1737 4081 1830 4135 illa
1857 4083 2046 4152 periit.

466 4161 644 4227 Quam
678 4177 804 4216 cum
850 4163 1022 4220 Jehus
1052 4165 1123 4220 ob
1161 4183 1336 4238 genus
1378 4169 1588 4241 regium
1635 4172 1857 4241 sepeliri
1885 4173 2054 4244 jube-

466 4260 571 4317 ret,
603 4252 839 4309 ministri
870 4265 1076 4326 prarter
1123 4274 1248 4314 ossa
1290 4261 1432 4315 nihil
1475 4273 1821 4332 repererunt.
1872 4265 2051 4320 Canes

465 4347 614 4401 enim
640 4363 761 4402 eam
792 4349 1194 4420 dilaceraltant,
1223 4365 1282 4409 ut
1311 4355 1461 4411 Elias
1492 4357 1845 4426 pradixerat.
1877 4358 2052 4416 Erant

465 4441 694 4495 Achabo
755 4443 1016 4501 Samaria:
1069 4449 1418 4519 septuaginta
1475 4449 1595 4505 ﬁlii.
1652 4451 1826 4506 Jeltus
1881 4453 2050 4522 igitur

2153 3236 2449 3308 βούλοιντο.
2517 3234 2689 3303 Ἰηοῦς
2731 3236 2809 3302 δέ,
2872 3236 3038 3306 μηδὲν
3086 3234 3430 3304 ἀποκριθεὶς,
3500 3233 3732 3288 ἕπεσθαι

2149 3332 2302 3400 αὑτῴ
2371 3331 2766 3399 προετρέπετο.
2823 3325 2957 3382 Εἶτα
3013 3330 3107 3382 καὶ
3163 3329 3417 3398 δεύτερον
3469 3329 3730 3382 ἔστειλεν

2147 3425 2256 3477 οὐδ’
2293 3423 2504 3476 ἐκείνου
2529 3423 2586 3475 δὲ
2619 3422 3090 3494 ἀναστρέψαντος,
3125 3422 3285 3484 αὐτὸς
3315 3425 3343 3475 6
3374 3423 3607 3494 Ἰωρὰμ,
3632 3422 3731 3475 τοῦ

2153 3519 2402 3589 ἅρματος
2442 3517 2664 3580 ἐπιϐὰς,
2693 3517 2788 3570 σὺν
2814 3516 3060 3588 Ὀχοζίᾳ,
3095 3516 3304 3568 ἐλθόντι
3337 3517 3471 3585 πρὸς
3503 3519 3733 3568 ἐπίσκε-

2148 3613 2243 3682 ψιν
2287 3611 2456 3664 αὑτοῦ
2514 3610 2754 3680 ἀδελφῆς
2794 3611 2961 3662 αὐτοῦ
2997 3611 3110 3663 ὅντι
3142 3611 3262 3680 υἱῷ,
3300 3613 3632 3682 συνήντησεν
3672 3612 3733 3666 ἐν

2148 3705 2304 3776 ἀγρῷ
2361 3704 2646 3757 Ναϐουθαὶ
2698 3701 2776 3773 τῷ
2839 3701 3004 3772 Ἰηοῦ.
3059 3704 3168 3754 Καὶ
3220 3705 3385 3775 ηρετο
3454 3705 3582 3774 περὶ
3630 3704 3733 3772 τῆς

2157 3800 2440 3868 στρατιᾶς,
2472 3799 2620 3861 ὅπως
2660 3797 2793 3868 ἔχει.
2831 3797 2888 3848 Ὀ
2923 3797 2978 3848 δὲ
3013 3798 3364 3866 βλασφημίας
3397 3796 3564 3850 αὐτοῦ
3596 3813 3735 3849 κατ-

2149 3891 2327 3962 έχεεν.
2354 3890 2561 3960 Ἰωρὰμ
2593 3889 2648 3942 δὲ
2677 3892 2936 3958 στραφεὶς
2963 3887 3329 3956 ἀπεδίδρασκε
3370 3886 3578 3946 δεδιώς.
3618 3888 3734 3939 Καὶ

2167 3983 2365 4054 Ἰηοῦς,
2397 3983 2460 4036 τὸ
2491 3983 2660 4050 ⁶’τόξον
2713 3982 2974 4047 ἐντείνας,
3033 3981 3217 4052 βάλλει
3275 3982 3460 4040 αὐτόν.
3497 3982 3606 4033 Kal
3635 3980 3731 4034 τοῦ

2153 4081 2402 4150 ἅρματος
2433 4074 2688 4130 ἐκπεσὼν
2738 4076 2996 4145 τέθνηκε,
3029 4075 3125 4128 καὶ⁵
3149 4073 3348 4145 ἐρρίφη
3382 4075 3461 4137 εἰς
3517 4074 3607 4128 τὸν
3634 4074 3731 4127 τοῦ

2151 4170 2436 4225 Ναϐουθαὶ
2495 4167 2689 4239 ἀγρὸν,
2731 4165 2878 4221 κατά
2930 4166 3030 4234 τὴν
3075 4167 3382 4235 πρόρρησιν
3417 4163 3624 4231 Ἥλιοῦ,
3665 4166 3734 4234 ἢν

2151 4260 2522 4334 πρδςἊχαὰδ
2558 4260 2876 4330 ἐποιήσατο.
2915 4259 3022 4310 Καὶ
3063 4258 3319 4326 Ὀχοζίαν
3370 4257 3426 4310 δέ
3460 4257 3732 4326 φεύγοντα

2159 4355 2447 4420 ἐτόξευσεν
2483 4353 2682 4424 Ἰηοῦς,
2725 4353 2819 4404 καὶ
2867 4354 2930 4404 ἐκ
2977 4351 3075 4421 τῆς
3110 4348 3324 4420 πληγῆς
3351 4351 3492 4419 μετά
3537 4351 3732 4422 μικρὸν

2154 4449 2533 4518 ἐτελεύτησεν,
2574 4449 2671 4500 ἕνα
2715 4445 3043 4516 βασιλεύσας
3101 4447 3372 4498 ἐνιαυτόν.
3401 4443 3644 4508 Ἰεζάϐελ
3687 4444 3731 4496 δ’

466 4531 879 4600 magistratibus
910 4535 1278 4592 S.tmaritanis
1311 4548 1367 4593 et
1394 4555 1696 4608 puerorum
1723 4542 2045 4596 educatori-

2155 4546 2218 4596 ἐκ
2247 4541 2341 4593 τοῦ
2368 4539 2580 4609 πύργου
2618 4536 3035 4607 προκύπτουσα,
3070 4537 3566 4606 κεκαλλωπισμένη
3595 4535 3734 4605 πρὸς

467 4623 571 4675 bus
599 4625 810 4689 scribit,
849 4627 1190 4695 signiﬁcans,
1241 4640 1301 4684 ut
1351 4634 1873 4699 praestantissimum
1920 4635 2046 4689 illo-

467 4729 590 4769 rum
648 4733 827 4787 regem
887 4729 1162 4776 crearent.
1224 4722 1282 4776 ld
1334 4733 1520 4778 autem
1576 4725 1826 4780 tentandi
1872 4727 2047 4795 gratia

465 4805 724 4861 faciebat.
765 4809 842 4861 Illi
877 4811 1190 4866 rescribunt
1233 4829 1360 4867 eum
1399 4830 1520 4870 esse
1545 4831 1707 4870 suum
1737 4818 2044 4875 dominum.

467 4899 744 4953 Rescribit
792 4901 958 4970 igitur
986 4901 1181 4968 Jchus,
1211 4905 1256 4958 si
1295 4921 1354 4960 se
1390 4923 1578 4962 servos
1605 4924 1737 4965 suos
1762 4926 1882 4966 esse
1913 4911 2049 4967 fate-

467 5001 681 5057 rentur,
720 4997 898 5062 capita
942 4996 1188 5049 omniunt
1234 4996 1473 5052 ﬁliorum
1519 5002 1725 5055 Achabi
1758 5005 2045 5060 allaturos.

467 5085 862 5155 Exscquuntur
911 5089 988 5142 illi
1039 5090 1214 5158 jussa.
1272 5093 1386 5146 Rex
1425 5095 1605 5163 capita
1655 5102 1783 5148 ante
1831 5107 2047 5166 portam

469 5179 622 5232 urbis
671 5177 890 5232 duobus
933 5179 1060 5248 poni
1099 5180 1232 5234 locis
1269 5183 1448 5250 jubet,
1489 5199 1664 5253 eoque
1715 5185 1860 5240 facto
1920 5203 2051 5256 pro-

466 5289 685 5345 gressus
716 5291 730 5326 :
768 5272 898 5343 Ego,
937 5274 1138 5343 inquit,
1175 5291 1346 5344 regem
1380 5277 1569 5330 sustuli
1603 5294 1620 5330 :
1654 5281 1741 5332 isti
1761 5282 2050 5334 secundum

465 5370 729 5439 propheta:
769 5369 1162 5439 prwdictionem
1201 5372 1494 5438 perierunt.
1516 5371 1584 5424 Et
1613 5387 1808 5425 omnes
1840 5372 2049 5426 Acltabi

465 5471 730 5530 cognatos
761 5463 1108 5531 conquisitos
1139 5473 1320 5515 necat.
1366 5463 1670 5516 Samariam
1700 5473 1882 5519 autem
1920 5481 2050 5534 pro-

466 5552 802 5607 ﬁciscentem
853 5553 1052 5607 Jeltum
1103 5553 1448 5617 Jonadabus,
1499 5554 1718 5608 obviam
1768 5570 2047 5625 egressus,

468 5645 744 5699 collaudat
775 5646 845 5699 ob
873 5647 1231 5714 exstirpatam
1259 5647 1464 5699 Achabi
1495 5645 1778 5699 familiam.
1812 5647 1891 5701 Ne
1926 5649 2052 5716 quis

469 5746 654 5790 autem
703 5736 1317 5807 pseudoprOphctarum
1356 5748 1412 5790 ct
1470 5737 1651 5791 Baalis
1693 5740 2046 5794 sacerdotum

469 5829 667 5888 lateret
695 5830 889 5899 Jehus,
919 5846 976 5887 se
1011 5831 1296 5901 magniﬁce
1333 5829 1611 5885 facturum
1663 5847 1785 5888 esse
1819 5848 1936 5889 rem
1966 5832 2052 5888 di-

2152 4635 2212 4687 τὸ
2247 4632 2692 4701 ἐπαγωγότερον,
2747 4629 3020 4700 Ἀγαθός.
3057 4626 3201 4694 εἷπε,
3250 4630 3491 4695 δοῦλος,
3527 4629 3594 4694 ὃς
3624 4631 3732 4682 τὸν

2151 4721 2462 4787 δεσπότην
2508 4719 2772 4773 ἀνεῖλεν.
2800 4717 2978 4782 Ἰηοῦς
3019 4717 3075 4770 δέ
3116 4717 3326 4770 ἀνωθεν
3359 4717 3531 4787 αὐτὴν
3575 4717 3731 4788 ῥίψαι

2151 4815 2263 4875 τςιῖς
2293 4811 2573 4882 εὐνούχοις
2590 4810 2915 4877 προσέταξε.
2945 4809 3518 4879 Καὶκαταφερομένης
3538 4811 3730 4880 αὐτῆς,

2153 4904 2532 4976 περιερρἀθη
2577 4903 2639 4956 τὸ
2671 4906 2848 4973 τεῖχος
2886 4901 2959 4972 τῷ
2997 4903 3212 4972 αἵματι.
3262 4902 3326 4954 Ἦ
3361 4901 3420 4954 δέ
3445 4903 3731 4972 τέθνηκεν.

2168 4995 2313 5066 Ἰηοῦ
2342 4997 2399 5048 δὲ
2447 4999 2686 5065 ταφῆναι
2721 4994 2893 5062 αὐτὴν
2924 4995 3335 5064 προστάξαντος
3367 4993 3454 5045 διὰ
3483 4993 3542 5046 τὸ
3577 4996 3736 5062 γένος

2153 5089 2329 5158 αὐτῆς
2365 5089 2427 5140 τὸ
2461 5088 2752 5156 βασίλειον,
2811 5088 2860 5139 οἱ
2899 5087 3304 5153 προσταγέντες
3368 5083 3518 5136 οὐδὲν
3577 5080 3736 5154 εὖρον

2154 5185 2220 5236 ἐκ
2282 5182 2376 5235 τοῦ
2425 5183 2679 5251 σώματος
2734 5179 2973 5249 αὐτῆςῆ
3029 5180 3165 5249 μόνα
3225 5179 3379 5231 ὀστᾶ.
3446 5177 3584 5231 Ὑπὸ
3624 5179 3736 5248 γὰρ

2153 5273 2332 5328 κυνῶν
2349 5273 2743 5342 διεσπάρακτο,
2765 5271 2841 5334 ὡς
2869 5270 3053 5323 Ἠλιοῦ
3085 5274 3520 5339 προεφήτευσεν.
3548 5265 3736 5322 Ἦσαν

2153 5370 2209 5422 δὲ
2244 5371 2301 5421 ἐν
2326 5366 2615 5438 Σαμαρείᾳ
2654 5365 2730 5435 τῷ
2753 5365 2965 5434 ’Λχαάὗ
2999 5365 3106 5418 υἱοὶ
3161 5364 3563 5432 ἐϐδομήκοντα.
3606 5364 3737 5417 Ἐπ-

2159 5462 2402 5514 έστειλεν
2423 5457 2517 5512 οὖν
2546 5458 2722 5529 Ἰηοῦς
2749 5459 2860 5522 τοῖς
2889 5457 3116 5529 ἄρχουσι
3146 5458 3482 5528 Σαμαρείας,
3503 5457 3596 5510 καὶ
3623 5460 3737 5518 τοῖς

2155 5556 2522 5621 παιδαγωγοῖς
2552 5552 2660 5605 τῶν
2680 5551 2813 5604 υἱῶν
2847 5549 3076 5620 Ἀχαά6,
3125 5549 3302 5619 δηλῶν
3342 5550 3430 5602 τὸν
3499 5548 3738 5618 κρείττω

2154 5649 2363 5701 τούτων
2404 5645 2726 5716 βασιλεῦσαι
2753 5644 2973 5706 αὐτούς.
3011 5643 3358 5712 Πειρώμενος
3411 5642 3467 5695 δὲ
3499 5641 3610 5693 τῶν
3645 5641 3740 5691 ἀνι

2154 5742 2297 5811 δρῶν
2351 5740 2558 5811 ἔγραψε
2601 5739 2800 5794 ταῦτα.
2857 5740 2920 5792 Οί
2965 5739 3021 5791 δέ
3062 5737 3222 5790 αὐτὸν
3270 5736 3415 5805 ἔχειν
3468 5733 3739 5799 δεσπότην

2158 5833 2536 5904 ἀντέγραψαν.
2569 5831 2679 5886 Καὶ
2704 5828 2862 5895 αὖθις
2886 5830 3200 5885 ἐπέστειλεν
3230 5827 3406 5897 Ἰηοῦς
3429 5825 3525 5879 καὶ
3561 5825 3744 5879 εξδου·
