4092 6462
297 517 411 583 ἳθῖ)

1622 510 2025 574 ANNALIUM
2070 511 2216 577 LIB.
2259 512 2343 572 Π.

3469 517 3574 583 206

308 623 800 700 μεγαλοπρεποῦς.
844 624 1053 696 Λῃσταὶ
1088 623 1147 677 δέ
1178 638 1297 674 τινα
1333 620 1635 684 ἀνελόντες,
1678 624 1758 684 εἰς
1802 619 1893 673 τὸν

1999 620 2222 675 litarnm
2257 634 2609 691 congressus,
2652 628 2707 674 ct
2756 629 2842 675 ter
2870 622 3097 680 victoria
3150 626 3381 695 potitus,
3409 642 3569 683 recu-

298 723 475 790 τάφον
503 719 599 773 τοῦ
631 719 925 788 προφήτου
954 716 1117 771 αὐτὸν
1149 715 1405 787 ἐρριψανυ
1438 714 1533 768 καὶ
1567 702 1834 783 ἀνέζησεν
1863 716 1892 766 6

303 816 513 885 ριφεὶς,
545 813 641 864 καὶ
668 812 895 881 ἀνέστη.
941 809 1209 864 Ἀπέθανε
1239 809 1298 863 δὲ
1333 809 1426 862 καὶ
1459 807 1658 879 Ἀζαὴλ
1689 809 1719 861 6
1742 806 1893 877 βασι-

302 902 429 965 ἰεὺς
459 900 682 971 Συρίας,
710 902 806 953 ἐπὶ
827 899 1058 970 διαδόχῳ
1080 898 1158 967 τῷ
1191 898 1291 968 υίῷ
1320 898 1503 969 Ἀδερ·
1527 890 1573 966 ᾧ
1600 897 1894 968 συμϐαλὼν

314 996 493 1060 Ἰωάς,
524 995 554 1046 6
599 993 711 1046 τῶν
763 991 1118 1062 Ἰσραηλιτῶν
1153 989 1427 1061 βασιλεὺς,
1469 989 1563 1042 καὶ
1606 989 1895 1058 τρισσὰκις

303 1092 572 1159 ἡττήσας,
620 1085 1013 1140 ἐπανεσώσατο
1052 1083 1128 1153 τῷ
1182 1081 1401 1153 Ἰσραὴλ
1445 1080 1546 1151 τὴν
1586 1080 1769 1151 χώραν
1800 1080 1895 1134 καὶ

302 1182 402 1241 τὶς
434 1178 622 1243 πόλεις
650 1176 717 1240 ἃς
762 1175 963 1246 Ἀζαὴλ
1000 1173 1259 1244 ἀφείλεῒο
1288 1175 1316 1226 6
1350 1172 1446 1225 τοῦ
1480 1172 1645 1243 Ἀδερ
1682 1174 1890 1241 πατήρ.

320 1273 472 1334 Ἰωάς
504 1272 563 1324 δὲ
613 1272 642 1324 6
685 1270 945 1340 βασιλεὺς
995 1267 1165 1322 Ἰούδα
1203 1266 1341 1319 ἐτῶν
1373 1265 1473 1336 μὲν
1511 1263 1585 1318 ὢν
1617 1265 1778 1330 ἑπτὰ,
1805 1265 1895 1317 ὅτε

304 1366 614 1438 ἀνερρήθη,
641 1364 974 1437 βασιλεύσας
1009 1360 1294 1424 ἐνιαυτοὺς
1325 1360 1759 1431 τεσσαράκοντα,
1781 1362 1896 1413 ἑτε-

303 1459 598 1530 λεύτησεν,
636 1456 947 1526 ἀναιρεθεὶς
985 1456 1138 1524 παρὰ
1176 1453 1286 1506 τῶν
1319 1451 1671 1524 Θερκπὸντων
1707 1453 1893 1508 αὑτοῦ.

303 1554 425 1609 Καὶ
472 1552 575 1624 τὴν
625 1549 906 1621 βασιλείαν
959 1547 1057 1618 τῆς
1100 1545 1460 1617 Ἰερουσαλὴμ
1509 1547 1537 1598 6
1568 1545 1683 1608 υίὸς
1726 1544 1894 1599 αὑτοῦ

313 1643 592 1712 Ἀμεσίας
616 1640 1016 1712 περιεζώσατο,
1050 1636 1284 1707 εὐσεϐὴς
1323 1636 1588 1706 γεγονὼς,
1625 1637 1761 1692 ἐτῶν
1796 1636 1893 1703 ὣν,

299 1736 397 1790 ὅτε
421 1736 522 1802 τῆς
544 1733 724 1804 ἀρχῆς
756 1731 956 1802 ἐπέϐη,
989 1730 1155 1783 πέντε
1188 1729 1284 1782 καὶ
1313 1730 1510 1782 εἰκοσι.
1559 1730 1809 1795 Ἦνυκὼς
1837 1730 1896 1784 δὲ

296 1824 407 1895 τὴν
457 1822 743 1894 βασιλείαν
788 1822 881 1875 ἐπ’
914 1821 1199 1883 ἐνιαυτοὺς
1231 1820 1388 1872 ἐννέα
1425 1821 1520 1873 καὶ
1564 1819 1763 1883 εἴκοσι,
1803 1822 1897 1875 καὶ

299 1918 438 1979 τοὺς
487 1914 784 1977 ἀνελόντας
837 1913 933 1965 τὸν
977 1911 1194 1981 πατέρα
1239 1911 1405 1964 αὑτοῦ
1462 1911 1721 1977 κολάσας,
1768 1914 1895 1975 τοὺς

300 2007 536 2060 ἐκείνων
575 2005 776 2069 παῖδας
806 2003 1022 2066 ἀθὼους
1049 2004 1255 2075 ἀφῆκε,
1295 2002 1440 2058 κατὰ
1478 2003 1570 2056 τὸν
1599 2004 1765 2073 νόμον
1801 2004 1891 2057 λέ-

300 2115 500 2168 γοντα,
538 2098 662 2151 Οὐκ
715 2094 1177 2151 ἀποθανοῦνται
1230 2095 1486 2164 πατέρες
1533 2097 1688 2163 ὑπὲρ
1724 2096 1892 2163 υἱῶν,

295 2187 452 2243 οὐδὲ
496 2189 709 2258 μέντοι
757 2186 858 2241 διὰ
927 2186 1188 2255 πατέρας
1246 2189 1387 2244 υἱοί.
1460 2188 1557 2250 ’⁸ος
1612 2190 1706 2241 καὶ
1755 2187 1897 2244 κατά

302 2289 422 2334 των
456 2277 778 2349 Ἰδουμαίων
795 2277 891 2331 καὶ
931 2276 1326 2347 Ἀμαληκιτῶν
1361 2278 1724 2352 στρατεύσας,
1755 2297 1895 2351 συμα

303 2371 520 2440 μάχους
550 2373 615 2423 ἐκ
651 2371 763 2422 τῶν
804 2368 1155 2440 Ἰσραηλιτῶν
1184 2369 1557 2440 ἐμισθώσατο.
1601 2372 1897 2443 Προφήτης

298 2461 359 2514 δέ
379 2478 462 2523 τις
480 2460 810 2515 καταλιπεῖν
824 2461 954 2524 τοὺς
981 2461 1320 2531 συμμάχους
1341 2462 1493 2533 αύτῷ
1521 2462 1896 2528 συνεϐούλευε,

299 2553 400 2607 καὶ
426 2552 567 2621 μετὰ
602 2551 785 2621 μόνων
824 2551 931 2606 τῶν
954 2552 1178 2607 οἰκείων
1208 2552 1492 2607 διαθέσθαι
1516 2552 1607 2606 τὸν
1632 2553 1896 2627 πόλεμον.

300 2638 376 2715 ’ῼ
402 2643 678 2711 πεισθεὶς,
710 2643 954 2717 ἀπέλυσε
993 2646 1120 2709 τοὺς
1165 2644 1532 2716 Ἰσραηλίτας,
1564 2648 1660 2700 καὶ
1691 2646 1785 2701 τὸν
1812 2665 1902 2718 μι-

302 2734 434 2787 σθὸν
471 2735 663 2799 αὐτοῖς
696 2734 1069 2807 χαρισάμενος
1089 2752 1102 2767 ·
1131 2736 1431 2807 συμϐαλὼν
1459 2736 1555 2791 οὖν
1577 2741 1692 2803 τοῖς
1742 2740 1901 2796 ἀὶλοα

302 2828 497 2897 φύλοις
519 2828 761 2900 ἐνίκησε.
781 2828 907 2885 016‘
926 2830 1292 2894 ἀπολυθέντες
1315 2830 1598 2902 σύμμαχοι
1616 2831 1897 2904 ὀργισθένο

301 2936 418 2985 τες,
442 2922 547 2993 τήν
589 2939 651 2975 τε
694 2920 883 2994 χώραν
925 2923 1036 2977 τῶν
1090 2924 1360 2978 Ἰουδαίων
1399 2926 1765 2998 κατέδραμον,
1800 2930 1895 2983 καὶ

302 3011 546 3076 πολλοὺς
573 3013 808 3067 ἀνεῖλον.
853 3013 1115 3084 Ἀμεσίας
1149 3015 1205 3069 δὲ
1232 3014 1322 3069 διὰ
1352 3014 1414 3069 τδ
1447 3016 1735 3088 εὐτύχημα
1764 3036 1898 3090 φρο-

299 3103 688 3173 υςματισθεὶς,
739 3104 836 3159 καὶ
891 3106 1174 3178 ἀσεϐήσας
1224 3108 1304 3171 είς
1357 3108 1512 3174 Θεὸν,
1558 3108 1897 3180 διεπέμψατο

298 3198 446 3269 πρὸς
490 3199 649 3264 Ἱωὰς
675 3200 770 3253 τὸν
807 3200 1057 3272 βασιλέα,
1084 3200 1334 3258 ἁπαιτῶν
1363 3203 1502 3273 πρὸς
1524 3204 1689 3258 αὑτὸν
1718 3205 1892 3276 ἥξειν,

1997 713 2213 783 peravit
2247 712 2621 767 lsraelitarum
2659 714 2973 783 provincias
3001 724 3057 771 et
3088 717 3291 781 urbes,
3321 734 3458 789 quas
3490 720 3574 777 eis

1994 802 2197 858 Azahel
2230 801 2430 858 Aderis
2467 813 2625 873 pater
2651 803 2957 861 ademerat.
2988 805 3116 863 Joas
3144 816 3329 862 autem
3356 810 3577 866 Judaeoo

1996 911 2120 953 rum
2172 897 2333 968 106
2368 911 2463 952 rex
2506 896 2817 952 declaratus
2846 899 3150 968 septennis,
3182 916 3328 955 anno
3359 900 3578 972 imperii

1996 987 2424 1058 quadragesimo
2473 988 2731 1052 decessit,
2791 1004 2822 1044 a
2877 989 3098 1046 famulis
3145 992 3261 1046 suis
3308 994 3574 1050 occisus:

1996 1081 2156 1151 cujus
2189 1081 2336 1136 filius
2381 1078 2630 1136 Amesias
2670 1080 3170 1155 Hi‘erosolymitano
3213 1084 3446 1155 imperio
3483 1102 3580 1156 po-

2000 1173 2130 1227 titus
2164 1180 2269 1237 est,
2313 1173 2400 1227 vir
2437 1174 2581 1243 pius,
2626 1190 2773 1231 anno
2820 1178 3001 1232 astatis
3034 1179 3301 1234 vicesimo
3352 1179 3574 1249 quinto.

1996 1279 2175 1335 eoque
2208 1264 2432 1321 functus
2462 1280 2658 1320 novem
2687 1277 2744 1322 et
2765 1268 2981 1338 viginti.
3021 1270 3200 1326 Patris
3231 1271 3316 1325 sui
3351 1287 3581 1341 percus-

1998 1372 2154 1412 sores
2201 1357 2476 1428 supplicio
2529 1360 2735 1423 affecit,
2797 1376 2989 1417 eorum
3039 1363 3247 1421 liberos
3288 1364 3581 1422 indemnes

1999 1449 2232 1516 dimisit,
2284 1451 2591 1506 secundum
2619 1453 2816 1522 legem,
2860 1455 3018 1525 cujus
3050 1456 3166 1511 haec
3198 1458 3366 1512 verba
3390 1467 3519 1513 sunt
3562 1477 3577 1512 :

2002 1540 2126 1597 Non
2163 1544 2456 1597 morientur
2506 1551 2684 1615 patres
2731 1562 2827 1617 pro
2865 1546 3016 1615 ﬁliis,
3066 1565 3235 1620 neque
3277 1551 3439 1604 etiam
3474 1551 3581 1619 ﬁlii

1998 1648 2096 1702 pro
2121 1633 2378 1704 patribus.
2418 1634 2588 1702 Idem,
2624 1636 2979 1706 expeditione
3013 1647 3206 1694 contra
3231 1640 3498 1697 Idumaeos
3522 1652 3581 1697 et

1999 1719 2368 1776 Amalechitas
2394 1733 2671 1792 suscepta,
2702 1725 2884 1780 socios
2909 1741 2978 1784 ex
3009 1727 3328 1786 lsraeliticis
3359 1732 3575 1802 stipen-

1999 1812 2094 1867 dio
2120 1812 2403 1869 conduxit.
2426 1814 2533 1870 Sed
2560 1831 2684 1871 cum
2713 1817 2997 1887 propheta:
3012 1821 3308 1892 cujusdam
3340 1824 3577 1894 monitu,

2001 1904 2285 1970 Israelitis,
2317 1908 2630 1962 condonan
2657 1910 2956 1979 stipendio,
2993 1910 3260 1979 dimissis,
3290 1930 3417 1970 cum
3460 1915 3581 1971 suis

1927 1976 1969 2034 Β
2000 1997 2269 2053 duntaxat
2300 1999 2658 2069 popularibus
2686 1976 3072 2059 administrato
3101 1976 3268 2072 bello,
3312 2006 3581 2064 barbaros

1997 2098 2336 2159 superasset,
2385 2092 2534 2147 'socii
2585 2093 2657 2148 ob
2719 2093 3041 2150 missionem
3105 2097 3257 2162 irati,
3315 2109 3372 2154 et
3418 2115 3580 2171 agros

1995 2181 2313 2237 Judaeorum
2386 2184 2788 2251 incursarunt,
2859 2194 2917 2243 et
2962 2188 3168 2245 multos
3229 2190 3577 2253 occiderunt,

1996 2270 2248 2328 Amesias
2298 2288 2464 2343 porro
2507 2289 2765 2331 successu
2804 2278 3006 2343 elatus,
3052 2279 3431 2353 religioneque
3454 2282 3579 2338 vio-

1997 2361 2128 2425 lata,
2161 2362 2228 2417 ad
2288 2362 2447 2419 Joam
2493 2365 2863 2424 lsraelitarum
2894 2383 3078 2440 regem
3119 2372 3433 2439 missitavit,
3478 2389 3578 2444 po-

1998 2453 2213 2508 stulans
2256 2462 2319 2508 ut
2365 2455 2436 2509 ad
2492 2470 2551 2511 se
2600 2459 2839 2525 veniret,
2895 2460 2985 2514 cui
3030 2461 3261 2518 deberet
3306 2463 3578 2539 obedienf

1997 2545 2153 2610 tiam,
2222 2547 2428 2617 quippe
2484 2563 2516 2603 a
2568 2548 2775 2605 Davide
2827 2559 2884 2606 et
2933 2551 3227 2610 Salomone
3280 2554 3576 2627 prognata.

1998 2637 2095 2693 llle
2127 2639 2427 2707 respondet
2474 2640 2542 2696 ad
2591 2641 2742 2697 hunc
2767 2641 2995 2699 modum
3046 2644 3282 2703 :Rubus
3334 2665 3368 2702 a
3420 2650 3577 2704 cedro

1996 2731 2225 2799 petebat,
2283 2738 2340 2786 ut
2379 2731 2615 2799 ipsorum
2660 2732 2808 2787 liberi
2858 2734 3117 2805 aﬂinitate
3143 2737 3503 2809 jungerentur
3556 2755 3577 2795 τ

1995 2821 2088 2879 sed
2106 2822 2317 2877 interea
2348 2822 2508 2877 rubus
2535 2839 2568 2877 a
2608 2823 2735 2893 feris
2766 2826 3104 2882 conculcatus
3131 2833 3308 2900 periit.
3346 2834 3461 2887 Hoc
3482 2832 3581 2894 tibi

1997 2931 2096 2984 pro
2130 2914 2370 2986 exemplo
2407 2918 2476 2970 sit
2522 2918 2678 2981 satis,
2737 2934 2904 2989 neque
2955 2908 3190 2992 efferari;
3245 2927 3307 2979 ob
3354 2924 3581 2996 feliciter

1997 3022 2161 3061 οιιιεοε
2193 3007 2471 3072 barbaros,
2508 3023 2677 3080 neque
2717 3010 2984 3081 populum
3011 3020 3158 3067 tuum
3189 3031 3252 3068 ac
3277 3018 3498 3087 teipsum
3520 3019 3580 3080 in

1997 3099 2237 3169 pericula
2284 3101 2589 3170 conjeceris.
2634 3101 2718 3158 Ob
2763 3104 2881 3158 haec
2931 3106 3106 3164 iratus
3149 3108 3419 3177 Amesias,
3463 3111 3581 3176 10a;

1998 3190 2203 3247 bellum
2253 3190 2445 3249 infert.
2472 3189 2612 3248 'Sed
2665 3195 2944 3252 exercitus
2981 3197 3103 3269 ejus
3129 3208 3279 3255 metu
3322 3211 3579 3259 conster-

287 3289 374 3352 ὡς
400 3291 729 3345 ὑποκεῖσθαι
767 3296 815 3346 oi
850 3294 1155 3362 ὀφείλοντα,
1185 3295 1439 3365 ἀπογόνῳ
1469 3296 1634 3350 Δαϐὶδ
1665 3300 1760 3351 καὶ
1795 3300 1892 3353 Σο-

1999 3289 2182 3348 natus,
2220 3281 2275 3338 in
2308 3282 2493 3354 fugam
2547 3286 2789 3342 vertitur
2817 3303 2838 3353 ς
2874 3288 2992 3358 ipse
3024 3286 3054 3344 a
3091 3289 3211 3347 suis
3255 3291 3577 3363 destitutus,

288 3379 586 3452 λομῶντος
620 3386 969 3455 τυγχάνοντι.
1033 3387 1093 3441 '0
1128 3386 1186 3440 δὲ
1219 3387 1635 3454 ἀνταπέστειλε,
1674 3393 1900 3462 μηνύων

292 3471 475 3543 αὐτῷ,
506 3473 587 3536 ὡς
641 3474 767 3544 Τὴν
812 3477 1027 3546 κέδρον
1063 3478 1102 3545 ἠ
1142 3478 1329 3545 ἄκνος
1363 3479 1544 3547 ἠξίου
1575 3481 1763 3550 κῆδος
1797 3483 1900 3537 ἐπὶ

294 3564 431 3632 τοῖς
454 3567 634 3622 παισὶ
664 3569 794 3636 τοῖς
825 3570 1067 3637 οἰκείοις
1093 3572 1495 3640 ποιήσασθαι’
1523 3573 1595 3627 ἐν
1622 3577 1899 3640 τοσούτῳ

284 3656 370 3712 δέ
393 3664 471 3714 τὰ
493 3663 670 3730 θηρία
695 3663 802 3718 τοῦ
836 3663 1024 3732 ἁπροῦ
1065 3664 1507 3732 παρερχόμενα,
1541 3666 1895 3735 συνεπάτη-

286 3766 426 3805 oar
444 3752 562 3821 τὴν
589 3752 800 3821 ἆκνον,
833 3757 931 3809 καί
962 3755 1258 3813 ἀπώλετο.
1289 3756 1479 3811 Τοῦτό
1508 3774 1609 3813 σοι
1641 3758 1898 3826 ἀρκετὸν

288 3844 388 3909 είς
415 3845 827 3917 παράδειγμα·
860 3848 961 3903 καὶ
982 3847 1071 3918 μὴ
1105 3847 1195 3904 ὅτι
1224 3850 1594 3919 εὐτύχησας,
1621 3852 1898 3920 πατάξας

291 3934 447 4002 τοὺς
466 3936 884 4008 ἀλλοφύλους,
903 3940 1138 4012 μεγάλα
1157 3942 1388 4010 φρόνει,
1411 3941 1573 4011 μηδὲ
1615 3943 1722 3997 τὸν
1741 3945 1898 4000 λαόν

284 4041 419 4080 σου
467 4026 572 4081 καί
615 4028 843 4083 ἑαυτὸν
902 4033 990 4096 είς
1042 4033 1371 4099 κινδύνους
1401 4031 1693 4089 συνώθει.
1750 4036 1896 4106 Πρὸς

290 4117 477 4173 ταῦτα
534 4118 815 4191 ὀργισθείς
881 4123 1181 4191 ’Λμεσίας,
1247 4124 1550 4194 στρατεύει·
1593 4125 1735 4182 κατὰ
1794 4126 1892 4180 τοῦ

321 4209 507 4273 Ιωάςο
552 4210 718 4279 φόϐος
760 4212 807 4266 δ’
842 4215 1112 4284 ἐμπίπτει
1166 4218 1232 4287 τῇ
1278 4217 1446 4269 αὐτοῦ
1491 4217 1749 4286 στρατιᾷ,
1793 4216 1891 4270 καὶ⁵

1997 3374 2214 3445 capitur
2246 3375 2317 3453 ab
2361 3376 2642 3444 hostibus,
2698 3378 2769 3433 ad
2817 3379 2973 3436 Joam
3018 3381 3348 3453 adducitur,
3412 3402 3577 3458 quem

1994 3467 2088 3523 ille
2131 3468 2379 3523 vinctum
2425 3468 2660 3535 ducens,
2712 3471 3092 3546 Hierosolyma
3137 3478 3313 3544 venit,
3366 3490 3577 3550 partem

1992 3562 2138 3617 muri
2170 3561 2365 3629 diruit,
2388 3578 2456 3623 ea
2487 3578 2654 3619 curru
2685 3564 2989 3634 invehitur,
3046 3583 3238 3627 saeros
3266 3572 3580 3641 thesauros,

1984 3664 2049 3711 et
2080 3655 2349 3727 quidquid
2379 3656 2436 3711 in
2463 3656 2611 3725 regia
2640 3659 2945 3727 repositum
2974 3668 3118 3727 erat,
3156 3662 3360 3732 aulert,
3423 3668 3580 3723 solu-

1996 3756 2165 3817 toque
2213 3747 2459 3812 Amesia,
2485 3748 2788 3804 Samariam
2834 3766 3113 3820 reversus,
3167 3754 3385 3812 decimo
3422 3770 3580 3815 sexto

1996 3836 2152 3908 regni
2186 3851 2338 3892 anno
2373 3838 2632 3905 moritur,
2680 3839 2877 3897 relicto
2925 3857 3250 3901 successore
3278 3846 3393 3903 ﬁlio
3420 3848 3580 3906 Jero-

1994 3930 2217 3986 boamo.
2266 3931 2518 3988 Amesias
2570 3941 2757 3988 autem
2818 3944 2947 4008 post
3005 3936 3124 3992 hazc
3184 3953 3284 4009 per
3348 3940 3579 3998 insidias

1994 4023 2314 4089 occiditur,
2368 4039 2518 4080 anno
2581 4025 2759 4080 aetatis
2815 4027 3273 4099 quinquagesimo
3329 4043 3577 4103 quarto,

1993 4117 2146 4189 regni
2179 4117 2462 4173 tricesimo
2489 4132 2659 4172 nouo.
2703 4118 2866 4175 Ozias
2894 4119 3043 4176 illius
3070 4123 3192 4195 ejus
3219 4138 3317 4179 rex
3352 4126 3542 4197 inungi
3561 4160 3579 4170 -

1989 4220 2084 4266 tur
2112 4225 2288 4266 annos
2314 4209 2590 4265 sexdecim
2617 4218 2801 4266 natus.
3204 4204 3205 4207 “

285 4303 565 4372 τρέπεται
588 4302 667 4363 είς
692 4304 895 4372 φυγήν.
927 4304 1207 4368 Μονωθεὶς
1230 4304 1287 4358 δὲ
1323 4304 1599 4376 Ἀμεσίας,
1661 4303 2103 4372 συλλαμϐάνεται
2168 4298 2326 4371 παρὰ
2389 4297 2500 4351 τῶν
2531 4297 2832 4369 πολεμίων,
2860 4302 2955 4354 καὶ
3002 4302 3279 4371 ἀπάγεται
3315 4307 3453 4378 πρὸς
3484 4310 3579 4361 τὸν

299 4396 484 4461 Ἰωάς.
522 4397 584 4452 '0
616 4398 673 4452 δέ
701 4400 927 4470 δέσμιον
960 4402 1111 4469 ἄγων
1140 4401 1326 4468 αὑτὸν,
1350 4397 1516 4473 ἦλθεν
1554 4402 1635 4464 είς
1716 4400 2104 4471 Ἰερουσαλὴμ,
2145 4399 2242 4451 καὶ
2290 4392 2541 4449 καθελὼν
2614 4394 2710 4448 τοῦ
2785 4397 3004 4468 τείχους
3058 4399 3246 4471 μέρος,
3317 4403 3578 4475 εἰσήλασε

285 4486 383 4541 διὰ
401 4485 499 4539 τοῦ
531 4488 959 4559 καθαιρεθέντος
982 4492 1064 4555 είς
1088 4492 1187 4562 τὴν
1211 4492 1368 4547 πόλιν
1416 4492 1506 4560 ἐφ’
1537 4491 1807 4561 ἅρματος,
1833 4491 1930 4545 καὶ
1970 4488 2226 4562 ἀφείλετο
2251 4488 2380 4552 τοὺς
2412 4503 2474 4540 τε
2513 4486 2695 4556 ίεροὺς
2761 4488 3086 4560 θησαυροὺς,
3117 4494 3211 4546 καὶ
3244 4494 3345 4548 ὅσα
3376 4496 3435 4549 ἐν
3465 4499 3579 4558 τοῖς

289 4579 598 4648 βασιλείοις
625 4581 902 4637 ἀπέκειτο.
937 4585 1047 4639 Καὶ
1085 4584 1255 4647 λύσας
1280 4583 1372 4637 τὸν
1412 4583 1700 4654 ’.Δμεσίαν,
1758 4582 2065 4654 ἐπανῆλθεν
2124 4583 2208 4644 είς
2267 4581 2373 4651 τὴν
2435 4576 2771 4653 Σαμάρειαν.
2801 4583 2908 4635 Καὶ
2941 4581 3267 4652 βασιλεύσας
3299 4587 3367 4642 τὰ
3396 4589 3577 4644 πάντα

288 4675 355 4741 ἐξ
392 4677 489 4729 καὶ
511 4676 647 4730 δέκα
676 4678 772 4750 ἐτη
796 4680 1048 4751 τελευτᾷ,
1078 4681 1173 4734 καὶ
1203 4680 1561 4735 ἐϐασίλευσεν
1598 4681 1891 4751 Ίεροϐοάμ
1928 4682 1955 4734 6
1984 4680 2095 4744 υἱὸς
2122 4679 2310 4737 αὑτοῦ.
2355 4677 2615 4748 Ἀμεσίας
2652 4677 2711 4730 δέ
2755 4678 2895 4748 μετά
2921 4680 3094 4735 ταῦτα
3163 4684 3575 4753 ἐπιϐουλευθεὶς

286 4773 565 4844 ἀνῃρέθη,
589 4772 765 4841 ζήσας
808 4775 1084 4847 τέσσαρας
1128 4778 1412 4840 ἐνιαυτοὺς
1453 4779 1548 4830 καὶ
1626 4779 1991 4847 πεντήκοντα,
2055 4776 2385 4847 βασιλεύσας
2430 4774 2489 4830 δὲ
2549 4772 2727 4827 εἰκοσι
2793 4775 2887 4828 καὶ
2952 4776 3127 4833 ἐννέα.
3201 4779 3459 4853 Ἐχρίσθη
3515 4784 3575 4838 δὲ

290 4864 554 4935 βασιλεὺς
585 4865 614 4918 6
656 4866 769 4928 υίὸς
798 4865 966 4920 αὐτοῦ
997 4867 1203 4935 Ὀζίας,
1235 4868 1374 4923 ἐτῶν
1404 4868 1667 4939 ὑπάρχων
1700 4867 2013 4934 ἑξκαίδεκα.

367 4956 505 5013 KA'.
550 4957 835 5030 ἰεροϐοὰμ
877 4959 933 5015 δὲ
965 4963 992 5013 6
1038 4963 1151 5024 υίὸς
1209 4962 1363 5023 Ἰωάς
1407 4963 1614 5032 ἀσεϐὴς
1663 4962 1888 5031 ἐγένετο

2063 4961 2205 5018 XXI.
2257 4961 2619 5019 Jeroboamus
2669 4961 3017 5031 autem_Jo:e
3070 4961 3258 5027 filius,
3319 4968 3576 5036 quamvis

285 5049 390 5101 καὶ
424 5048 771 5119 παράνομος.
810 5051 922 5104 Καὶ
967 5052 1212 5117 τοιοῦτος
1257 5054 1315 5107 δὲ
1345 5052 1444 5118 ὢν,
1473 5054 1570 5108 τοῦ
1615 5053 1753 5106 Θεοῦ
1790 5054 1883 5107 τὸν

1997 5062 2152 5110 esset
2213 5054 2417 5124 impius
2475 5063 2532 5108 et
2581 5053 2718 5123 legis
2764 5063 3131 5125 contemptor,
3211 5063 3418 5125 tamen,
3463 5056 3576 5115 Deo

285 5139 647 5210 Ἰσραηλίτην
692 5141 822 5196 λαὸν
879 5143 1208 5214 ἐλεήσαντος
1264 5147 1717 5213 ταπεινωθέντα,
1772 5150 1887 5212 τοῖς

1992 5144 2274 5200 lsraelitici
2323 5145 2511 5215 populi
2570 5145 2848 5200 submisse
2900 5160 2960 5200 se
3011 5148 3263 5216 gerentis
3320 5151 3571 5216 miserta,

282 5234 493 5302 Σύροις
528 5234 850 5305 πολεμήσας
881 5236 1126 5309 ἐνίκησε,
1158 5238 1254 5293 τοῦ
1285 5240 1572 5311 προφήτου
1595 5240 1761 5295 Ἰωνᾶ
1789 5241 1888 5311 τὴν

282 5326 449 5396 νίκην
482 5326 635 5397 αὐτῷ
666 5329 1198 5401 προιγορεύσαντος.
1235 5330 1441 5385 Τοῦτον
1469 5332 1561 5386 τὸν
1593 5334 1884 5403 προφήτην

287 5417 624 5473 ἀπέστειλεν
655 5420 683 5472 6
708 5419 843 5484 Θεὸς
874 5423 953 5484 είς
984 5422 1177 5479 Νινευῖ
1227 5424 1326 5493 τὴν
1366 5423 1545 5488 πόλιν,
1579 5423 1890 5496 κηρύξαντα

286 5509 687 5582 καταστροφὴν
707 5512 898 5583 αὐτῆς,
912 5514 1007 5567 καὶ
1029 5513 1140 5569 τῶν
1161 5515 1463 5570 Νινευῖτῶν
1484 5514 1886 5587 ἐξολόθρευσιν.

299 5600 364 5655 '0
422 5603 483 5656 δὲ
530 5603 633 5657 οὐκ
692 5605 884 5677 ἀπῄει,
941 5606 1057 5661 ἀλλ’
1111 5607 1512 5679 ἀπεδίδρασκεν
1560 5611 1645 5673 είς
1703 5609 1888 5664 πλοῖον

290 5694 499 5765 ἐμϐάς.
549 5695 835 5761 κλύδωνος
882 5698 938 5753 δέ
966 5699 1278 5767 γεγονότος,
1307 5701 1341 5770 ἡ
1382 5700 1516 5763 ναῦς
1558 5700 1886 5770 ἐκινδύνευε.

292 5785 410 5839 Καὶ
438 5786 632 5857 κλήρῳ
657 5788 768 5843 τῶν
799 5787 1151 5859 ἐμπλεόντων
1175 5790 1540 5861 πειρωμένων
1571 5792 1775 5860 γιῶναι
1798 5793 1890 5845 τὸν

295 5881 501 5943 αἶσιον,
532 5878 833 5950 κληροῦται
857 5884 885 5934 6
916 5881 1125 5947 Ἰωνᾶς,
1174 5884 1268 5935 καὶ
1299 5883 1449 5948 ὅστις
1482 5886 1567 5952 εἴη
1602 5886 1892 5956 ἀνακρινό-

295 5985 498 6052 μενος,
521 5971 731 6036 ἐκεῖνος
775 5974 848 6028 τά
895 5972 1021 6027 καθ’
1056 5975 1253 6029 ἑαυτὸν
1295 5975 1616 6049 διηγήσατο.
1649 5978 1740 6031 καὶ
1788 5980 1889 6052 ἐμ-

1978 5236 2269 5291 victoriam
2321 5244 2516 5291 contra
2571 5235 2743 5306 Syros
2783 5243 2870 5291 est
2916 5236 3170 5307 adeptus,
3204 5254 3233 5294 a
3266 5240 3403 5296 Jona
3441 5258 3573 5312 pro-

1981 5328 2144 5398 pheta
2175 5326 2499 5398 praedictam
2534 5345 2547 5381 :
2588 5342 2753 5397 quem
2775 5328 2926 5382 Deus
2952 5327 3189 5384 Niniven
3217 5332 3390 5397 misit,
3418 5331 3573 5389 urbis

1980 5419 2257 5475 excidium
2295 5426 2351 5474 et
2380 5417 2568 5490 populi
2605 5419 2897 5474 interitum
2931 5421 3415 5477 annumiaturum.
3474 5424 3571 5481 Ille

1982 5527 2116 5567 vero
2135 5526 2248 5566 non
2270 5511 2404 5575 abit,
2430 5511 2525 5565 sed
2551 5526 2853 5567 conscensa
2878 5512 3002 5566 navi
3028 5511 3187 5583 fugit.
3215 5511 3347 5569 Orta
3380 5526 3569 5579 autem

1987 5604 2144 5675 107
2180 5614 2522 5675 tempestate,
2553 5604 2869 5659 vectoribus
2897 5614 3100 5659 sortem
3129 5607 3468 5677 jacientibus
3496 5613 3568 5665 ad

1983 5697 2430 5766 cognoscendam
2477 5711 2700 5750 causam
2734 5695 2902 5762 illius,
2935 5711 3058 5753 sors
3098 5697 3155 5752 in
3185 5699 3379 5755 Jonam
3418 5704 3571 5758 ceci-

1984 5791 2065 5845 dit
2093 5808 2106 5843 :
2137 5791 2233 5861 qui
2284 5800 2506 5861 rogatus
2552 5790 2678 5859 quis
2712 5798 2860 5845 esset
2890 5832 2902 5853 ,
2942 5792 3223 5862 negotium
3271 5810 3432 5850 suum
3473 5812 3570 5850 ex,

1988 5885 2165 5954 ponit,
2194 5899 2363 5954 seque
2386 5884 2440 5937 in
2470 5898 2621 5937 mare
2645 5884 2809 5954 ahjici
2837 5884 3013 5956 jubet,
3035 5901 3215 5957 neque
3236 5890 3384 5944 enim
3409 5890 3571 5945 aliter

1986 5978 2292 6046 periculum
2319 5992 2603 6035 evasuros.
2648 5978 2728 6035 Eo
2764 5979 3004 6043 abiecto,
3051 5991 3345 6043 tempestas
3379 5983 3568 6045 sedata
