4092 6398
334 361 455 453 εν

1616 369 2022 433 ANNALIUM
2064 372 2212 435 LIB.
2248 373 2335 438 II.

3505 382 3612 448 210

333 477 367 528 ὀ
394 476 511 530 τῶν
549 476 910 547 Ἰσραηλιτῶν
941 477 1195 549 βασιλεὺς
1226 479 1405 535 Φακει
1453 483 1923 554 συμπνεύσαντες,

2029 499 2138 540 sorr
2158 485 2384 557 quidem
2419 486 2547 543 aliis
2570 485 2802 545 urbibus
2833 487 3064 561 potitus,
3092 487 3309 547 civibus
3332 490 3610 560 abductis,

334 568 709 640 ἐπολιόρκουν
737 571 904 624 αὐτὸν
928 574 988 626 ὲν
1028 574 1392 645 Ἰερουσαλὴμ
1421 578 1514 629 ἐπὶ
1545 578 1782 648 μακρόν.
1816 578 1927 632 Καὶ

332 660 366 711 ὁ
405 661 509 729 μὲν
553 660 811 717 Ῥαασὼν
842 664 1056 719 πόλεων
1099 666 1308 739 ἑτέρων
1339 670 1640 740 κρατήσας.
1674 671 1800 733 τοὺς
1832 671 1928 723 αύ-

334 753 447 806 τῶν
495 754 797 826 οἰκήτορας
842 756 1076 818 ἀνελὼν.
1118 759 1219 812 καὶ
1269 758 1476 830 Σύρους
1531 762 1927 828 ὲγκατοικέσας

334 845 559 909 αὐταῖς,
589 846 903 917 ἐπανῆλθεν
937 851 1020 913 εἰς
1070 853 1389 922 Δαμασκόν.
1427 853 1606 923 ’Ᾱχαζ
1646 853 1725 916 δὲ,
1762 853 1925 924 μόνου

337 937 797 1006 περιλειφθέντος
832 939 927 994 τοῦ
969 943 1170 1009 Φακεὲ,
1202 944 1486 1015 συμμίξας
1526 944 1675 1016 αύτῷ
1700 946 1926 1017 ἥττητο,

332 1029 548 1083 δώδεκα
583 1031 863 1102 μυριάδας
901 1034 1198 1089 ἀποϐαλὼν
1226 1037 1322 1090 τοῦ
1363 1037 1496 1091 λαοῦ
1517 1078 1531 1103 ,
1566 1040 1659 1092 καὶ
1693 1038 1926 1106 πολλοὺς

334 1121 451 1173 τῶν
499 1124 822 1193 επισήμων,
853 1126 951 1179 καλ⁵
991 1128 1081 1180 τὸν
1133 1128 1272 1183 υἱόν.
1317 1129 1495 1183 Φακεὲ
1539 1129 1596 1183 δὲ
1634 1130 1927 1196 ἀνέζευξεν

336 1214 425 1275 εἰς
453 1213 774 1286 Σαμάρειαν
805 1217 972 1283 αὐτὸς
1010 1220 1107 1273 καὶ
1142 1222 1176 1291 ἡ
1213 1220 1447 1289 στρατιὰ
1492 1220 1681 1286 αὐτοῦ,
1719 1225 1928 1292 αἰχμα-

336 1302 533 1355 λώτων
569 1304 777 1373 πλῆθος
814 1307 950 1362 πολὺ
983 1311 1064 1371 εἰς
1106 1310 1205 1378 τὴν
1237 1311 1450 1364 ἑαυτῶν
1484 1311 1923 1381 μετοικίσαντες.

336 1395 648 1467 Προφήτης
695 1398 755 1453 δέ
814 1417 902 1464 τις
956 1402 1015 1454 ὲν
1059 1403 1351 1476 Σαμαρείᾳ
1407 1404 1517 1475 πρὸ
1567 1405 1676 1459 τῶν
1729 1407 1927 1477 τειχῶν

335 1486 665 1559 ὑπαντήσας
696 1492 908 1559 αὐτοῖς,
930 1494 1006 1558 ὡς
1037 1500 1326 1566 συγγενεῖς
1349 1498 1810 1571 αἰχμαλωτίσασι,
1832 1501 1928 1554 καὶ

333 1577 737 1635 συνεϐούλευεν
760 1582 1134 1654 ἐλευθερῶσαι
1163 1587 1384 1650 αὐτούς.
1406 1589 1474 1642 Οξ
1501 1588 1561 1642 δὲ
1583 1588 1922 1655 πεισθέντες,

332 1665 571 1737 ἀφῆκαν
595 1669 721 1733 τοὺς
747 1673 1159 1742 αἰχμαλώτους.
1184 1677 1364 1748 Ἀχαζ
1386 1678 1445 1732 δι
1472 1680 1583 1735 τῶν
1618 1680 1927 1748 Ἀσσυρίων

334 1757 576 1827 βασιλέα
616 1761 772 1828 ἠξίου
804 1768 1170 1838 συμμαχῆσαι
1203 1769 1356 1842 αὑτῷ
1388 1772 1533 1826 κατὰ
1565 1774 1676 1826 τῶν
1713 1774 1923 1847 Σύρων,

332 1850 437 1940 καὶ
464 1851 576 1904 τῶν
609 1852 992 1927 Ἰσραηλιτῶν.
1035 1859 1093 1913 '0
1136 1861 1184 1914 δ’
1216 1857 1353 1934 ἧκε*
1387 1865 1482 1920 καὶ
1512 1866 1617 1933 τήν
1647 1883 1706 1921 τε
1736 1865 1922 1940 χώραν

331 1938 452 1992 τῶν
483 1940 677 2015 Σύρων
706 1946 1011 2019 ἰπόρθησε,
1055 1951 1153 2004 καὶ
1198 1953 1298 2023 τὴν
1324 1954 1618 2024 Δαμασκὸν
1657 1938 1794 2023 εἷλε,
1822 1938 1925 2013 καὶ

334 2036 437 2090 τὶν
477 2033 731 2092 Ῥαασὼν
769 2039 976 2103 ἀνεῖλε,
1012 2042 1107 2096 καὶ
1133 2042 1235 2113 τὴν
1271 2045 1383 2099 τῶν
1415 2045 1773 2118 Ἰσραηλιτῶν
1807 2050 1920 2121 χώ-

336 2145 447 2200 ραν
468 2130 865 2200 καταδραμὼν,
888 2135 1180 2202 πλείστους
1200 2139 1585 2211 αἰχμαλώτους
1604 2144 1921 2215 ἀπήγαγεν.

343 2221 412 2275 Ὃ
451 2221 508 2275 δὲ
541 2221 718 2294 Ἀχαζ
748 2225 990 2298 ἀμοιϐὴν
1017 2230 1159 2302 ὑπὲρ
1197 2233 1405 2289 τούτων
1434 2235 1512 2308 τῷ
1537 2238 1926 2311 Θαιγλαφαλα-

334 2311 448 2383 σάρ
484 2314 614 2378 τούς
654 2333 716 2369 τε
761 2317 1086 2388 βασιλικοὺς
1114 2322 1321 2378 δέδωκε
1352 2326 1668 2400 θησαυροὺς
1694 2332 1792 2386 καὶ
1822 2334 1929 2388 ὅσα

330 2405 414 2475 τῷ
444 2406 578 2478 ἱερῷ
603 2409 993 2469 ὲναπέκειντο.
1035 2416 1126 2482 Ἐς
1163 2419 1424 2474 τοσοῦτον
1446 2422 1493 2477 δ’
1526 2424 1822 2496 ἠσέϐησεν,
1845 2425 1924 2492 ὡς

339 2499 418 2569 μὴ
452 2501 622 2571 μόνον
659 2504 786 2568 τοὺς
826 2506 936 2561 τῶν
981 2508 1304 2579 ἀλλοφύλων
1344 2514 1531 2570 σέϐειν
1571 2516 1752 2583 θεοὺς,
1784 2519 1925 2576 ἀλλά

336 2593 436 2644 καὶ
456 2593 552 2647 τὸν
576 2596 708 2650 ναὸν
733 2599 1089 2670 ἀποκλεῖσαι,
1118 2606 1211 2659 καὶ
1244 2606 1478 2679 συλῆσαι
1503 2610 1575 2664 τὰ
1600 2612 1769 2667 αὐτοῦ
1792 2615 1926 2671 ἀνα-

336 2682 588 2776 θήματα.
610 2686 767 2743 Οὕτω
782 2690 840 2744 δὲ
870 2690 1022 2760 βιοὺς
1045 2695 1403 2768 ἐτελεύτησεν
1425 2701 1486 2767 ἓξ
1507 2704 1601 2757 καὶ
1622 2704 1925 2776 τριάκοντα

338 2770 548 2872 ζησας-
576 2777 697 2872 ἔτη,
747 2781 1083 2852 βασιλεύσας
1127 2788 1180 2843 δ’
1217 2789 1531 2861 ἑξκαίδεκα,
1577 2770 1798 2871 Ἐξεκίᾳ
1845 2800 1926 2872 τῷ

338 2866 450 2937 υἱῷ
497 2869 600 2938 τὴν
635 2869 923 2942 βασιλειαν
965 2877 1163 2937 λιπών.
1199 2882 1408 2955 Συνέϐη
1450 2886 1509 2940 δὲ
1550 2890 1641 2943 καὶ
1670 2866 1784 2945 τῶν
1822 2866 1922 2947 Ἰσ⁷⁸

336 2961 620 3059 ραηλιτῶν
696 2965 926 3035 βασιλέα
996 2972 1120 3027 τότε
1193 2975 1379 3031 θανεῖν
1439 2981 1563 3034 κατ’
1632 2982 1926 3059 ἐπιϐουλὴν

350 3050 539 3121 Ὠσηέ.
577 3055 684 3108 Καὶ
712 3052 872 3124 οἶτος
901 3062 1141 3133 πονηρὸς
1171 3059 1260 3134 ἦν.
1295 3066 1388 3120 Διὸ
1424 3068 1523 3123 καὶ
1550 3050 1924 3142 στρατεύσαν-

2026 587 2082 633 et
2113 577 2271 649 Syris
2298 578 2355 635 iu
2393 594 2490 637 eas
2509 581 2820 648 collocatis,
2862 582 3191 638 Damascum
3216 582 3400 639 rediit.
3426 584 3610 640 Acha-

2027 687 2126 727 zus
2162 682 2347 729 autem
2391 689 2515 730 cum
2556 675 2677 731 solo
2698 676 2913 732 Phaeca
2942 691 3293 749 congressus,
3337 677 3607 743 vincitur,

2026 773 2246 820 centum
2278 766 2469 837 viginti
2517 768 2765 824 millibus
2806 769 3048 835 amissis,
3101 779 3268 841 atque
3319 770 3464 826 inter
3511 787 3610 827 eos

2027 857 2214 912 multis
2256 858 2387 913 viris
2428 859 2760 927 illustribus,
2811 870 2872 918 et
2920 861 3053 917 tilio.
3102 862 3347 919 Phaceas
3393 864 3613 918 exerci-

2029 956 2141 1002 tum
2186 949 2432 1014 reducit,
2475 961 2531 1008 et
2579 969 2835 1025 maguum
2890 954 3233 1025 captivorum
3289 970 3606 1010 numerum.

2029 1040 2135 1095 Sed
2183 1042 2454 1113 propheta
2503 1043 2730 1116 quidam
2778 1046 3166 1103 Samaritanus
3216 1054 3345 1102 ante
3406 1049 3608 1104 mmuia

2027 1149 2382 1204 progressus,
2418 1138 2501 1194 eis
2541 1139 2861 1209 persuadet,
2908 1148 2968 1195 ut
3003 1140 3252 1211 captivos
3295 1139 3445 1210 quod
3509 1156 3609 1195 co-

2026 1228 2176 1295 gnati
2210 1228 2325 1284 sint
2365 1229 2568 1286 missos
2625 1230 2853 1286 faciant.
2892 1231 3240 1304 Assyriorum
3285 1241 3467 1287 autem
3513 1248 3610 1286 rex

2027 1318 2097 1372 ab
2137 1319 2356 1375 Aehazu
2400 1332 2595 1378 contra
2630 1323 2801 1396 Syros
2826 1335 2885 1380 et
2921 1325 3201 1380 lsraclitas
3234 1325 3289 1379 in
3341 1324 3608 1380 auxilium

2027 1420 2309 1478 evocatus,
2358 1423 2416 1469 et
2455 1414 2669 1487 Syriam
2711 1426 2910 1480 vastat,
2945 1417 3195 1472 Raasone
3236 1431 3401 1479 casso.
3449 1426 3502 1471 et
3554 1415 3611 1470 in

2028 1502 2397 1560 lsraelitarum
2443 1508 2722 1578 regionem
2761 1507 3182 1565 incursionibus
3227 1508 3405 1570 factis,
3439 1508 3613 1579 pluri-

2027 1609 2148 1650 mos
2175 1597 2427 1666 captivos
2458 1598 2705 1655 abducit.
2734 1598 2907 1667 Quem
2941 1600 3194 1655 Aehazus
3224 1608 3611 1654 remuneratus

2026 1694 2112 1742 est
2144 1687 2289 1744 datis
2321 1689 2596 1745 thesauris
2640 1693 2828 1763 regiis,
2865 1699 2923 1747 et
2966 1690 3235 1762 quidquid
3294 1690 3350 1746 in
3404 1690 3610 1760 templo

2028 1781 2333 1850 repositum
2361 1791 2485 1837 erat
2517 1797 2533 1837 :
2566 1799 2634 1839 eo
2664 1798 2994 1855 progressus
3023 1782 3346 1854 impietatis,
3384 1791 3445 1837 ut
3496 1798 3608 1836 non

2031 1880 2242 1929 tantum
2278 1873 2487 1930 alienos
2529 1874 2666 1930 deos
2698 1876 2926 1941 coleret,
2953 1874 3049 1930 sed
3075 1884 3130 1930 et
3163 1875 3426 1944 templum
3458 1875 3611 1929 elau-

2028 1964 2208 2030 deret,
2244 1973 2302 2019 et
2348 1965 2596 2022 donariis
2638 1967 2922 2037 spoliaret.
2971 1966 3123 2023 Obiit
3170 1966 3284 2022 vita
3328 1967 3409 2023 sic
3453 1975 3608 2034 acta,

2033 2071 2182 2112 anno
2213 2056 2391 2112 aetatis
2424 2057 2704 2115 tricesimo
2752 2068 2929 2124 sexto,
2965 2057 3119 2129 regni
3169 2057 3384 2113 decium
3432 2069 3607 2120 sexto,

2033 2149 2226 2204 relicto
2264 2164 2436 2219 regno
2466 2149 2681 2206 Ezcciaz
2728 2149 2860 2206 tilio.
2898 2150 3019 2218 Quo
3057 2160 3304 2221 tempore
3339 2150 3614 2206 Israelita-

2030 2257 2154 2296 rum
2190 2257 2409 2312 quoque
2436 2258 2532 2297 rex
2570 2242 2788 2299 insidiis
2817 2243 2973 2300 θεοῖο
3011 2245 3200 2316 periit,
3243 2243 3343 2315 qui
3380 2258 3505 2297 eum
3552 2251 3612 2299 et

2031 2339 2150 2407 ipse
2205 2338 2494 2409 improbus
2539 2347 2730 2406 esset,
2768 2355 2800 2395 a
2838 2340 3219 2395 Salmanasare
3264 2338 3610 2411 Assyriorum

2029 2443 2162 2500 rege
2229 2430 2529 2497 subactus,
2583 2446 2769 2487 annua
2802 2431 3010 2487 tributa
3052 2432 3334 2503 pensitare
3384 2437 3611 2488 coaetus

2028 2522 2232 2579 fuerat.
2261 2522 2529 2580 Ezechias
2556 2530 2749 2579 autem
2773 2524 2860 2578 vir
2891 2522 3013 2594 pius
3036 2533 3094 2580 et
3115 2525 3319 2594 justus,
3342 2524 3611 2579 concione
3636 2560 3641 2565 -

2029 2615 2317 2682 advocata,
2351 2615 2676 2672 sacerdotes
2715 2624 2778 2672 et
2815 2615 3038 2671 Levitas
3077 2615 3340 2685 templum
3389 2615 3611 2685 aperire

2024 2708 2217 2780 jussit,
2241 2716 2298 2764 et
2327 2707 2396 2764 de
2422 2724 2577 2764 more
2604 2723 2759 2764 sacra
2781 2707 2984 2775 facere,
3015 2708 3390 2779 populumque
3420 2707 3610 2763 divino

2029 2803 2183 2857 cultu
2220 2800 2362 2857 nihil
2395 2800 2603 2857 habere
2652 2800 2958 2872 antiquius.
3005 2801 3153 2856 Misit
3200 2802 3370 2856 etiam
3407 2799 3502 2871 qui
3540 2816 3609 2856 cx

2032 2900 2151 2948 toto
2197 2908 2369 2965 regno
2416 2891 2674 2950 homines
2700 2901 3071 2951 convocarent
3116 2892 3184 2949 ad
3227 2892 3427 2949 festum
3466 2892 3608 2964 Asy-

2030 3000 2248 3042 morum
2286 2985 2449 3058 109
2474 2985 2893 3051 celebrandum,
2935 2988 3098 3058 longo
3145 2996 3392 3057 tempore
3419 2986 3492 3042 ob
3523 3003 3611 3041 re-

2032 3093 2160 3150 gum
2185 3078 2533 3150 iniquitatem
2562 3078 2936 3135 intermissum
2966 3096 2981 3145 ;
3011 3079 3287 3135 lsraelitas
3311 3079 3476 3135 etiam
3512 3093 3611 3134 co-

333 3159 431 3209 τος
457 3149 582 3200 κατ’
613 3149 782 3204 αὑτοῦ
824 3152 921 3206 τοῦ
975 3156 1085 3209 τῶν
1133 3156 1441 3231 Ἀσσυρίων
1481 3161 1746 3231 βασιλέως
1783 3169 1923 3223 Σαλ-

2031 3149 2305 3237 hortatus,
2337 3179 2400 3226 ut
2446 3171 2686 3241 patrium
2738 3171 2910 3227 Deum
2958 3186 3059 3242 pro
3097 3171 3271 3226 veteri
3308 3180 3611 3227 consuetu-

339 3241 625 3330 μανασὰρ,
679 3244 958 3320 ἐδουλώθη
1016 3249 1188 3321 αὐτῷ,
1234 3253 1435 3323 φόρους
1471 3257 1650 3313 τελεῖν
1691 3263 1923 3330 ἐτησίως

334 3326 681 3421 επιταχθείς.
728 3335 978 3401 Ἐζεκίας
1025 3340 1084 3393 δὲ
1135 3342 1369 3416 εὐσεϐὴς
1419 3346 1497 3402 ὢν
1544 3350 1643 3405 καὶ
1688 3326 1921 3421 δίκαιος,

333 3418 723 3491 ἐκκλησιάσας
772 3428 901 3493 τοὺς
939 3431 1107 3503 ἱερεῖς
1164 3436 1262 3490 καὶ
1311 3438 1568 3507 Λευῖτας,
1616 3418 1924 3509 ἀνοῖξαι

338 3513 493 3582 ἱερὸν
535 3516 865 3587 ἐνετείλατο,
912 3522 1010 3578 καὶ
1066 3524 1216 3581 θύειν
1248 3527 1326 3592 ὥς
1374 3531 1540 3602 νόμος
1571 3535 1777 3603 αὐτοῖς,
1827 3543 1924 3594 καὶ

332 3604 432 3701 τὶν
463 3605 593 3701 lae—'1
634 3610 803 3701 μηδὲν
840 3613 940 3683 τῆς
960 3615 1056 3669 τοῦ
1087 3616 1245 3674 Θείου
1273 3625 1441 3694 τιμῆς
1472 3626 1694 3680 ἐκέλευε
1728 3646 1924 3701 προτι-

337 3696 479 3765 μᾷν.
520 3699 774 3795 ᾚστειλε
818 3704 1009 3774 μέντοι
1049 3711 1145 3763 καὶ
1191 3712 1330 3783 πρὸς
1371 3718 1557 3771 πᾶσαν
1582 3720 1684 3791 τὴν
1711 3696 1919 3795 χῶραν,

341 3793 829 3866 μετακαλούμενος
860 3800 1112 3866 ἅπαντας
1144 3804 1245 3877 τὴν
1282 3807 1391 3862 τῶν
1435 3811 1688 3884 Ἀζύμων
1726 3793 1923 3893 ἑορτὴν

333 3881 729 3987 ἑορτάσοντας,
781 3891 874 3944 ἐπὶ
911 3894 1124 3967 μακρὸν
1180 3899 1255 3970 μὴ
1286 3881 1639 3960 τελεσθεῖσαν
1690 3881 1925 3978 διὰ-’ξας

334 3979 836 4072 τῶνᾼκρατούντων
864 3989 1236 4059 παρανομίας.
1270 3992 1383 4047 Καὶ
1413 3998 1525 4060 τοῖς
1556 3998 1924 4072 Ἰσραηλίταις

334 4069 730 4169 προύτρέπετο
770 4075 865 4129 τὸν
908 4080 1168 4169 πατρῷον
1212 4084 1395 4139 σέϐειν
1436 4088 1590 4155 Θεὸν,
1636 4069 1781 4148 κατὰ
1821 4069 1924 4169 τὴν

337 4157 516 4212 πάλαι
548 4162 865 4235 συνήθειαν.
911 4168 978 4221 Oi
1023 4169 1082 4224 δὲ
1118 4172 1219 4226 οὐκ
1248 4173 1607 4248 ἐπείσθησαν,
1655 4182 1792 4239 ἀλλὰ
1827 4157 1924 4243 κᾶι

330 4252 472 4311 τοὺς
535 4255 832 4323 προφήτας
880 4259 1058 4314 ταῦτα
1117 4264 1526 4334 παραινοῦντας
1597 4273 1920 4343 ἐφόνευσαν.

331 4341 503 4406 Τινὲς
546 4345 604 4398 δὲ
649 4350 976 4416 πεισθέντες
1024 4357 1440 4430 μετηνέχθησαν
1481 4364 1563 4428 ei;
1610 4341 1918 4438 εύσέϐειαν,

481 4440 983 4535 εἱςῳἸερουσαλὴμ
1034 4451 1372 4524 συνέδραμον
1416 4459 1499 4521 εἰς
1550 4464 1922 4535 προσκύνησιν

2031 3261 2161 3318 dine
2191 3269 2612 3317 venerarentur.
2643 3260 2747 3329 Qui
2792 3261 2931 3318 adeo
2977 3276 3088 3316 nou
3128 3261 3609 3331 obtemperavere.

2031 3362 2092 3409 ut
2121 3362 2173 3408 et
2198 3353 2519 3425 prophetas,
2551 3370 2585 3411 a
2610 3353 2817 3426 quibus
2839 3354 3229 3418 mouebantur,
3266 3353 3615 3410 occiderent.

2029 3445 2290 3501 Nonnulli
2321 3456 2503 3503 tamen
2539 3447 2607 3502 ad
2641 3462 2826 3501 veram
2855 3446 3178 3518 religionem
3219 3447 3448 3509 reversi,
3477 3446 3610 3500 Ilie-

2032 3539 2305 3610 rosolyma
2353 3538 2421 3594 ad
2472 3539 2649 3595 Deum
2691 3538 3033 3593 adorandum
3069 3544 3454 3593 accurrerunt.
3492 3537 3612 3592 Rex

2031 3645 2156 3688 cum
2189 3631 2374 3703 populi
2401 3630 2754 3703 principibus
2784 3631 3049 3702 templum
3076 3630 3377 3702 ingressus.
3401 3630 3613 3685 hostias

2030 3722 2350 3795 magniﬁcas
2398 3739 2502 3794 per
2549 3722 2869 3780 sacerdotes
2917 3721 3245 3789 immolavit,
3300 3731 3357 3778 et
3401 3722 3612 3793 populo

2031 3815 2233 3872 multas
2261 3815 2500 3887 pecudes
2531 3815 2585 3871 in
2617 3815 3045 3872 viscerationem
3072 3814 3246 3881 dedit,
3267 3822 3325 3870 et
3355 3814 3615 3871 sacerdo-

2032 3909 2183 3966 tibus
2222 3907 2541 3973 mandavit,
2576 3915 2639 3963 ut
2669 3907 2956 3979 regionem
2991 3908 3193 3978 passim
3236 3907 3611 3978 piacularibus

2031 3999 2321 4058 sacriﬂtiis
2367 4001 2691 4056 lustrarent.
2738 3998 2947 4055 Deinde
2984 3998 3254 4055 barbaros
3294 4013 3610 4070 aggressus.

2031 4093 2203 4148 urbes
2255 4107 2450 4147 eorum
2507 4091 2675 4162 cepit.
2743 4091 2913 4148 Oseas
2980 4099 3166 4147 autem
3228 4107 3353 4147 cum
3405 4090 3610 4147 Sobam

2029 4183 2247 4256 Egypti
2276 4198 2459 4255 regem
2503 4191 2695 4238 contra
2725 4182 2979 4255 Assyrios
3007 4181 3074 4238 ad
3115 4183 3242 4238 belli
3287 4182 3608 4238 societatem

2029 4288 2336 4344 cvocasset,
2377 4277 2733 4333 Salmanasar
2768 4291 2833 4332 ea
2869 4292 2929 4331 re
2963 4284 3249 4346 comperta
3288 4277 3481 4342 iratus,
3512 4276 3611 4332 Sa-

2032 4370 2258 4425 mariam
2307 4386 2407 4440 per
2456 4368 2756 4423 triennium
2803 4368 3053 4434 obsedit,
3103 4368 3242 4423 urbe
3283 4369 3491 4439 potitus
3524 4383 3613 4424 rc-

2031 4478 2199 4532 gnum
2247 4460 2486 4525 delevit,
2539 4459 2804 4532 pepulum
2841 4475 2950 4515 una
2985 4475 3109 4515 eum
3169 4476 3295 4532 rege
3347 4460 3490 4517 Osca
3553 4462 3611 4516 in

472 4530 778 4628 Θεοῦζίςαὶ
812 4535 842 4587 δ
885 4538 1138 4607 βασιλεὺς
1175 4543 1428 4610 Ἐζεκίας
1476 4554 1615 4618 μετὰ
1651 4554 1757 4609 τῶν
1784 4530 1921 4628 ἡγε-

2029 4530 2185 4608 suam
2236 4530 2577 4623 provinciam
2618 4530 2906 4622 captivum
2953 4551 3204 4615 abduxit,
3238 4561 3294 4608 ct
3331 4553 3467 4609 alias
3497 4568 3613 4610 suae

336 4616 526 4691 μὸνων
567 4624 664 4677 τοῦ
702 4626 836 4683 λαοῦ
887 4630 1146 4686 ἀπελθὼν
1192 4638 1274 4699 εἰς
1312 4639 1375 4692 τὸ
1424 4616 1599 4711 ἱερὸν,
1636 4616 1921 4706 εθυσέὲιά

334 4716 448 4765 τῶν
480 4715 678 4784 ἱερέων
705 4719 899 4785 θυσίας
921 4724 1260 4795 πολυτελεῖς,
1286 4731 1382 4784 καὶ
1407 4733 1482 4802 τῷ
1504 4734 1617 4805 λαῷ
1649 4740 1921 4807 μετέδωκε

335 4804 504 4867 ζώων
531 4808 670 4879 πρὸς
702 4812 942 4883 εὐωχίαν
970 4815 1181 4871 πολλῶν
1201 4835 1216 4851 ο
1251 4822 1345 4874 καὶ
1375 4825 1486 4888 τοῖς
1522 4804 1761 4897 ἱερεύσω
1781 4830 1924 4896 ἐξελ-

334 4902 457 4955 θεῖν
498 4905 583 4967 εἰς
620 4902 719 4974 τὴν
748 4907 961 4978 χώραν,
994 4910 1091 4962 καὶ
1130 4910 1355 4979 ἁγνίσαι
1394 4916 1565 4989 αὐτὴν
1589 4921 1918 4982 ἐνετείλατο.

336 4993 477 5046 Εξτα
508 4996 655 5049 κατὰ
691 4997 801 5051 τῶν
838 4998 1152 5070 ἀλλοφύλων
1175 5004 1413 5071 πόλεμον
1448 5004 1577 5080 ἦρε,
1608 5012 1707 5067 καὶ
1736 5014 1923 5081 πόλεις

332 5080 489 5139 εἷλεν
518 5089 721 5142 αὐτῶν.
757 5089 819 5144 '0
846 5092 906 5145 δὲ
934 5093 1046 5145 τῶν
1085 5094 1443 5168 Ἰσραηλιτῶν
1475 5101 1729 5172 βασιλεὺς
1758 5107 1921 5180 Ὠσηὲ

332 5180 420 5242 εἰς
463 5181 790 5251 συμμαχίαν
843 5185 1293 5255 προσεκαλέσατο
1342 5189 1500 5243 Σωϐὲι
1546 5191 1639 5245 τὸν
1692 5193 1921 5263 βασιλέα

333 5270 624 5338 Αἰγύπτου
664 5274 805 5328 κατὰ
866 5275 980 5328 τῶν
1024 5276 1353 5350 Ἀσσυρίων.
1393 5283 1461 5335 '0
1501 5285 1661 5350 γνοὺς
1699 5288 1919 5359 Σαλμα-

331 5366 520 5457 νασάρ
546 5364 817 5438 ὠργίσθη.
860 5369 958 5421 καὶ
988 5371 1082 5422 ἐπὶ
1114 5373 1293 5442 τρισὶν
1338 5374 1520 5429 ἔτεσιν
1558 5377 1919 5457 ἐπολιόρκησε

331 5456 438 5526 τὴν
471 5455 819 5526 Σαμάρειαν,
869 5461 966 5512 καὶ
1012 5461 1248 5531 κατέσχε
1296 5463 1396 5533 τὴν
1445 5464 1634 5533 πῦλιν,
1679 5455 1774 5523 καὶ
1818 5469 1921 5539 τὴν

333 5549 628 5621 βασιλείαν
658 5551 918 5620 ἠφάνισε,
949 5557 1044 5608 καὶ
1075 5557 1166 5608 τὸν
1197 5556 1328 5611 λαὸν
1354 5558 1763 5628 αἰχμαλωτίσας
1789 5580 1922 5634 μετ-

330 5642 544 5713 ῴκισεν
589 5642 669 5705 εἰς
715 5645 815 5714 τὴν
855 5646 1065 5701 οἰκείαν
1101 5647 1310 5718 χώραν,
1350 5653 1447 5704 καὶ
1493 5651 1657 5705 αὐτὸν
1694 5654 1789 5707 τὸν
1821 5654 1919 5727 βα-

331 5736 491 5790 σιλέα
531 5734 642 5788 τῶν
679 5736 1037 5808 Ἰσραηλιτῶν
1089 5742 1272 5812 Ὢσηέ.
1320 5743 1433 5795 Καὶ
1475 5745 1921 5814 μεταναστεύσας

342 5831 413 5885 ικ
440 5825 542 5898 τῆς
569 5828 778 5893 οἰκείας
818 5828 1002 5900 χώρας
1036 5831 1200 5904 ἔτερα
1240 5832 1367 5905 ἔθνη
1409 5835 1519 5889 ἀπὸ
1564 5852 1707 5901 τινος
1749 5839 1916 5893 τόπου

2031 4645 2262 4702 ditionis
2306 4655 2525 4716 gentes,
2561 4660 2685 4716 qua:
2712 4660 2742 4699 a
2773 4644 2896 4700 loco
2924 4646 3164 4715 quodam
3194 4645 3376 4702 Chuto
3408 4662 3615 4718 cogno-

2032 4753 2154 4793 men
2183 4736 2412 4801 habent,
2453 4736 2759 4792 Samariam
2793 4746 2849 4792 et
2898 4737 2954 4791 in
2989 4738 3269 4807 regionem
3314 4740 3614 4809 circumia-

2030 4837 2248 4884 ceutcm
2297 4827 2559 4885 traduxit.
2590 4829 2790 4885 Decem
2821 4830 2992 4900 igitur
3043 4830 3359 4887 Israeliticae
3409 4833 3607 4897 tribus,

2029 4919 2189 4974 annis
2216 4921 2512 4992 nongentis
2539 4922 2900 4995 quadraginta
2932 4933 3179 4996 septem,
3229 4935 3354 4997 post
3398 4928 3608 4982 exitum

2027 5028 2094 5068 ex
2125 5011 2377 5084 Egypto,
2444 5013 2699 5071 ducentis
2734 5016 3099 5089 quadraginta
3164 5019 3450 5075 mensibus
3487 5035 3613 5090 sep-

2029 5113 2172 5170 tem,
2226 5118 2520 5177 postquam
2587 5109 2782 5165 relicto
2866 5111 3152 5167 Roboamo
3213 5110 3607 5168 Jeroboamum

2029 5198 2366 5267 peculiarem
2404 5200 2509 5255 sibi
2543 5216 2729 5271 regem
2761 5202 3048 5274 elegerant
3072 5244 3088 5270 ,
3127 5205 3403 5259 translata:
3454 5215 3606 5259 sunt.

2028 5288 2302 5345 Czcterum
2358 5290 2715 5348 Chutaeorum
2775 5295 3023 5364 quinque
3072 5295 3260 5367 populi
3324 5311 3355 5350 a
3406 5296 3609 5351 Persia:

2028 5380 2172 5447 loco,
2204 5381 2257 5436 in
2286 5398 2397 5453 quo
2421 5384 2812 5449 consederant,
2840 5386 2913 5439 ita
2939 5386 3332 5457 cognominati,
3359 5386 3610 5442 Samaria

2028 5483 2319 5543 occupata,
2373 5488 2506 5529 suos
2552 5475 2820 5545 pristinos
2873 5476 3027 5535 deos.
3062 5484 3125 5530 ut
3174 5476 3321 5532 soliti
3365 5476 3605 5543 fuerant,

2029 5564 2345 5620 coluerunt.
2388 5566 2532 5621 Deus
2564 5576 2750 5621 autem
2779 5606 2795 5631 ,
2843 5576 2903 5621 ut
2940 5574 3172 5637 quartus
3217 5567 3360 5623 liber
3399 5569 3608 5642 Regum

2028 5656 2211 5723 docet,
2246 5657 2436 5712 leones
2467 5659 2749 5721 excitavit,
2775 5673 2803 5713 a
2830 5659 3032 5728 quibus
3065 5673 3256 5713 eorum
3284 5661 3441 5714 multi
3474 5676 3610 5731 per-

2031 5749 2235 5814 ierunt,
2283 5758 2380 5804 aut
2415 5749 2500 5820 (ut
2552 5750 2828 5821 Jusephus
2890 5751 3099 5824 narrat)
3130 5736 3449 5824 pestilentia
3477 5770 3611 5811 con-

2030 5841 2321 5907 dit-tantes,
2350 5858 2474 5897 eum
2500 5843 2580 5898 ira
2618 5842 2867 5899 Numinis
2901 5860 2958 5899 se
2981 5846 3158 5917 premi
3186 5832 3607 5918 intellexissent,
