4092 6402
485 334 587 404 211
1787 329 2060 392 JOANNl

2170 324 2461 385 ZONARE
3647 310 3761 377 ΞῙΞ).

490 465 673 525 regem
687 471 848 511 suum
862 464 1111 520 orarunt,
1135 463 1190 511 ut
1205 452 1487 509 Israelitiei
1502 452 1718 524 generis
1739 451 2056 507 sacerdotes

2170 462 2370 516 Χούθου
2391 460 2752 529 καλουμένου,
2785 455 3090 527 μετῴκισεν
3116 456 3194 518 εἰς
3220 451 3539 523 Σαμάρειαν
3563 454 3657 504 καὶ
3677 453 3760 515 εἰς

489 549 596 603 sibi
642 550 907 614 mitteret,
964 564 995 605 a
1056 548 1259 617 quibus
1322 547 1679 602 Hebraeorum
1739 548 2062 617 religionem

2173 557 2276 624 τήν
2304 556 2493 626 χώραν
2527 553 2717 622 αὐτῆς.
2767 548 3145 621 Μετήχθησαν
3176 546 3271 601 οῦν
3320 549 3379 600 αἱ
3414 546 3549 600 δέκα
3590 545 3761 616 φυλαὶ

484 638 875 696 edocerentur.
912 640 1031 707 Quo
1052 642 1218 703 facto,
1252 640 1372 695 lues
1397 640 1484 693 illa
1512 640 1745 710 grassari
1770 640 1951 695 desiit.
1981 640 2064 695 Ab

2171 648 2281 699 τῶν
2331 645 2698 717 Ἰσραηλιτῶν
2764 644 2907 714 μετὰ
2986 640 3283 694 ἐννακόσια
3343 639 3761 707 τεσσαράκοντα

489 722 733 789 Hebrmis
761 733 972 790 Cbutaei
1010 733 1378 803 appellantur,
1409 747 1438 786 a
1467 731 1673 787 Graecis
1706 731 2057 790 Samaritani.

2171 741 2314 794 ἑπτὰ
2342 739 2462 811 ἔτη,
2492 740 2680 805 ὲξότου
2701 737 2801 808 τὴν
2826 736 3105 805 Αἴγυπτον
3130 733 3387 796 λιπόντες
3416 730 3716 802 ὲξήλθοσαν
3739 744 3756 762 ⁸

489 824 632 891 μετά
670 841 729 878 τε
761 825 1015 879 διακόσια
1054 826 1495 897 τεσσαράκοντα.
1527 826 1623 878 καὶ
1673 825 1852 895 μῆνας
1904 827 2068 892 ἑπτὰ,
2105 831 2292 894 ἐξότου
2342 831 2744 892 καταλιπόντες
2785 829 2879 881 τὸν
2956 825 3218 896 Ῥοϐοὰμ,
3263 826 3473 878 εἴλοντο
3540 823 3755 883 ἑαυτοῖς

484 918 567 999 εεις
596 915 822 985 βασιλέα
855 918 946 973 τδν
977 918 1283 989 Ἱεροϐοάμι
1314 921 1374 973 ΟΞ
1404 920 1461 972 δὲ
1496 918 1941 988 μετοικισθέντες
2008 924 2090 986 εἰς
2128 926 2227 995 τὴν
2261 926 2603 996 Σαμάρειαν,
2675 921 2940 977 Χουθαῖοι
2974 919 3330 989 καλούμενοι,
3364 921 3428 970 ἐκ
3459 918 3554 969 τοῦ
3587 917 3757 968 τόπου

482 1004 912 1080 ἐνῷκατῴκουν
942 1011 1002 1064 τὸ
1028 1013 1157 1079 πρὶν
1183 1014 1240 1063 ὲν
1266 1010 1510 1082 Περσίδι,
1537 1010 1701 1065 πέντε
1731 1011 1887 1076 ὄντες
1943 1014 2097 1085 ἔθνη,
2137 1019 2263 1082 τοὺς
2306 1017 2468 1081 ἰδίους
2509 1017 2669 1078 θεοὺς
2729 1014 2825 1067 καὶ⁵
2880 1009 3039 1075 αὖθις
3076 1010 3454 1081 ἐθρήσκευον.
3524 1007 3612 1070 Ὠς
3656 1005 3758 1075 μὲν

481 1101 643 1174 οὖνὴ
693 1103 930 1176 τετάρτη
977 1107 1085 1159 τῶν
1127 1106 1428 1159 Βασιλειῶν
1461 1106 1631 1175 λέγει,
1675 1107 1899 1172 λέοντας
1945 1108 2231 1182 ἐξήγειρεν
2267 1114 2296 1166 ὁ
2362 1112 2518 1177 Θεὸς.
2589 1113 2688 1166 καὶ
2749 1109 3026 1178 διέφθειρε
3058 1106 3293 1169 πολλοὺς
3322 1105 3378 1171 ἐξ
3416 1102 3633 1157 αὐτῶν
3680 1101 3756 1164 ὡς

481 1196 539 1250 δὲ
569 1197 835 1269 Ἰώσηπος
870 1198 1097 1268 ἱστορεῖ,
1126 1198 1317 1268 λοιμὸς
1352 1199 1535 1262 αὐτοῖς
1573 1199 1867 1269 ἐνέσκηψε.
1928 1203 2154 1268 Γνόντες
2218 1204 2275 1258 δὲ
2318 1204 2439 1259 κατ’
2503 1203 2677 1275 ὀργὴν
2734 1201 2826 1255 τοῦ
2852 1199 2990 1255 Θεοῦ
3024 1200 3242 1252 ἐπιέναι
3270 1197 3460 1258 αὐτοῖς
3487 1198 3556 1248 τὰ
3581 1193 3755 1254 κακὰ,

480 1294 577 1347 τοῦ
606 1293 871 1366 σφετέρου
900 1293 1171 1364 βασιλέως
1205 1294 1415 1348 ἐδέοντο
1445 1294 1610 1365 ἱερεῖς
1637 1296 1843 1349 στεῖλαι
1870 1297 2059 1361 αὐτοῖς
2096 1299 2163 1352 ὲκ
2228 1299 2337 1352 τῶν
2391 1296 2765 1370 Ἰσραηλιτῶν,
2817 1297 2885 1349 ἵν’
2920 1295 3119 1357 αὐτοὺς
3156 1293 3258 1362 τὴν
3322 1290 3434 1344 τῶν
3486 1288 3759 1357 Ἐϐραίων

479 1387 780 1458 θρησκείαν
839 1390 1168 1459 μυήσωσιν-
1234 1379 1295 1442 οῦ
1362 1390 1682 1458 γενομένου,
1735 1391 2018 1445 ἐπαύσατο
2069 1394 2101 1464 ή
2180 1393 2380 1465 φθορά.
2434 1392 2748 1447 Καλοῦνται
2823 1390 2882 1444 δὲ
2955 1388 3106 1460 παρὰ
3153 1387 3255 1457 μὲν
3294 1384 3408 1438 τῶν
3469 1379 3755 1453 Ἐϐραίων

484 1478 772 1545 Χουθαῖοι,
820 1484 959 1553 πρὶς
1012 1483 1067 1537 δὲ
1096 1484 1207 1536 τῶν
1257 1484 1529 1555 Ἐλλήνων
1555 1486 1921 1557 Σαμαρεῖται.

549 1573 743 1629 XXIII.
790 1573 951 1629 Anno
986 1574 1196 1630 Ezecia:
1245 1575 1390 1645 regis
1427 1572 1911 1648 Hierosolymitani
1960 1575 2059 1633 de-

2218 1574 2361 1637 _KI".
2411 1574 2503 1629 'Ev
2534 1574 2592 1628 δὲ
2636 1573 2714 1643 τῷ
2747 1569 3347 1643 τεσσαρεσκαιδεκάτη)
3383 1569 3495 1621 ἐτει
3520 1570 3620 1637 τῆς
3656 1566 3761 1637 βαι

477 1667 623 1723 cimo
651 1673 872 1737 quarto,
902 1664 1260 1721 Senaclierim
1288 1682 1382 1721 rex
1415 1665 1763 1738 Assyriorum
1814 1668 2060 1725 Judaeum

2170 1669 2376 1731 σιλείας
2418 1668 2668 1733 Ἐζεκίου
2702 1666 2798 1719 τοῦ
2831 1665 2933 1733 τῆς
2981 1662 3354 1733 Ἰερουσαλὴμ
3404 1660 3699 1730 βασιλείαις,
3728 1663 3758 1713 ὀ

370 1754 381 1763 ’
477 1758 680 1813 invasit
712 1775 726 1811 :
761 1757 858 1827 qui
889 1772 1014 1811 cum
1062 1758 1244 1812 omnia
1284 1757 1487 1828 oppida
1523 1759 1758 1814 duarum
1814 1760 2061 1816 tribuum

2170 1763 2273 1816 τῶν
2332 1760 2646 1830 Ἀσσυρίων
2702 1756 3008 1827 βασιλεύων
3060 1754 3415 1825 Σεναχηρεὶμ
3453 1752 3655 1823 ἐπῆλθε
3688 1755 3755 1823 τῇ

477 1851 739 1920 cepisset,
767 1849 991 1905 Ezecias
1029 1846 1425 1921 Hierosolymis
1452 1859 1726 1917 metuens,
1756 1854 1965 1924 legatos
1993 1854 2062 1910 ad

476 1955 606 2013 eum
634 1939 829 2004 mittit,
855 1955 914 1995 se
950 1940 1218 1995 tributum
1247 1942 1299 1996 ei
1336 1941 1739 2010 pensitaturum
1769 1946 2059 2015 pollicens,

478 2032 631 2103 quod
664 2033 946 2103 jussisset.
998 2031 1431 2088 Senaeherimus
1484 2045 1669 2090 autem
1718 2037 1930 2107 argenti
1977 2029 2063 2093 ta-

477 2119 627 2180 lenta
664 2125 824 2195 ιῐο
855 2133 1121 2191 trecenta,
1172 2126 1294 2181 auri
1348 2126 1542 2199 viginti
1603 2129 1902 2199 postulavit
1948 2147 1961 2183 :
2007 2138 2065 2184 et

478 2226 829 2272 sacramento
863 2216 1216 2287 interposito,
1258 2217 1329 2274 iis
1374 2220 1639 2291 acceptis,
1687 2236 1745 2278 se
1787 2223 2065 2279 discessu-

488 2321 616 2361 rum
675 2306 990 2376 pollicetur.
1043 2306 1256 2374 Quibus
1300 2309 1597 2380 appensis,
1662 2312 1778 2382 ipse
1836 2313 2061 2383 quidem

479 2409 673 2455 contra
704 2397 995 2471 Egyptum
1029 2408 1086 2456 et
1113 2398 1404 2472 Ethiopes
1432 2403 1824 2472 proﬁciscitur,
1860 2407 2065 2477 Rapsa—

479 2507 599 2547 cem
636 2499 821 2546 autem
854 2492 1245 2561 imperatorem
1268 2506 1394 2547 cum
1425 2492 1549 2550 aliis
1574 2494 1793 2552 duobus
1826 2495 2064 2554 ducibus

476 2593 535 2639 et
571 2598 768 2654 magno
801 2582 1052 2638 exercitu
1088 2583 1154 2638 ad
1189 2584 1451 2641 vastanda
1485 2585 1860 2659 Hierosolyma
1890 2590 2059 2645 relin-

2175 1853 2433 1924 Ἰουδαίᾳ.
2463 1852 2559 1906 καὶ⁷
2583 1850 2768 1912 πάσας
2794 1844 2906 1902 εἷλε
2931 1847 3030 1909 τὰς
3063 1847 3249 1911 πόλεις
3272 1846 3382 1900 τῶν
3410 1844 3522 1899 δύω
3547 1840 3753 1912 φυλῶν.

2163 1947 2360 2009 Δείσας
2407 1945 2467 1998 δὲ
2507 1943 2761 2008 Ἐζεκίας
2799 1942 2933 2012 περὶ
2986 1944 3052 2012 τῇ
3096 1937 3486 2009 Ἰερουσαλὴμ,
3514 1937 3757 2003 διαπέμ-

2164 2056 2328 2093 πεται
2366 2038 2504 2110 πρὸς
2531 2038 2721 2102 αὐτὸν,
2760 2034 3200 2106 ὑπισχνούμενος
3226 2032 3434 2086 διδόναι
3469 2030 3658 2101 φόρον,
3687 2027 3753 2082 ὃν

2165 2132 2229 2186 ἂν
2261 2131 2413 2204 αὐτῷ
2458 2131 2784 2199 ἐπενέγκοι·
2832 2128 3185 2198 Σεναχηρεὶμ
3231 2126 3289 2178 δὲ
3328 2122 3623 2195 τριακόσια
3652 2119 3757 2191 μὲν

2164 2222 2717 2294 ἀργύρουτάλαντα,
2753 2221 2965 2292 χρυσοῦ
2998 2221 3052 2274 δὲ
3086 2218 3385 2290 τριάκοντα
3420 2214 3613 2286 ᾔτησε,
3662 2213 3760 2265 καὶ

2165 2317 2379 2381 πίστεις
2436 2317 2731 2384 ὲνομότους
2791 2311 3165 2385 παρέσχεν,ἢ
3212 2311 3320 2381 μὴν
3371 2306 3760 2377 ἀναχωρήσειν

2164 2411 2214 2463 εἰ
2245 2410 2421 2463 ταῦτα
2447 2408 2628 2463 λάϐοι.
2660 2406 2857 2463 Λαϐὼν
2878 2406 2958 2471 δὲ,
2988 2406 3150 2468 αὐτὸς
3179 2403 3284 2474 μὲν
3312 2402 3403 2455 ἐπ’
3427 2397 3762 2469 Αἰγυπτίους

2164 2503 2396 2575 ὥρμησε
2451 2504 2548 2557 καὶ
2593 2501 2890 2563 Αἰθίοπας.
2932 2500 3038 2553 Τὸν
3069 2498 3127 2551 δὲ
3168 2494 3617 2567 ἀρχιστράτηγον
3656 2491 3760 2545 afa-

2162 2596 2260 2651 τοῦ
2301 2594 2587 2665 Ῥαψάκην
2630 2596 2728 2648 σὺν
2758 2594 2883 2647 δυσὶ
2915 2594 3250 2663 στρατηγοῖς
3282 2590 3494 2659 ἑτέροις
3525 2586 3620 2640 καὶ
3659 2584 3759 2637 δυο

476 2678 620 2747 quit.
650 2676 779 2745 Qui,
813 2677 1109 2748 aggeribus
1144 2686 1270 2732 ante
1303 2679 1505 2734 moenia
1537 2681 1815 2746 excitatis,
1847 2681 1914 2736 ad
1950 2683 2065 2738 col-

2170 2686 2329 2757 νάμει
2373 2686 2573 2758 βαρείᾳ
2619 2684 2904 2755 κατέλιπε,
2937 2682 3036 2753 τήν
3074 2678 3448 2751 Ἰερουσαλὴμ
3477 2674 3759 2745 ὲκντοριῑή⁴

474 2770 725 2842 loquium
753 2779 989 2827 evocant
1017 2768 1288 2826 Ezeeiam.
1324 2772 1526 2827 Verum
1558 2774 1605 2830 is
1631 2790 1690 2831 se
1707 2776 2059 2851 committere

2170 2792 2387 2842 σοντας.
2428 2780 2492 2833 Ol
2525 2777 2583 2832 δὲ
2625 2778 2734 2848 πρὸ
2774 2776 2883 2830 τῶν
2933 2774 3139 2845 τειχῶν
3191 2772 3483 2843 βαλόμενοι
3513 2769 3758 2839 χάρακα.

475 2863 590 2920 illis
627 2881 736 2921 non
763 2880 951 2928 ausus,
984 2874 1097 2920 tres
1125 2881 1190 2921 ex
1220 2866 1506 2924 honoratis
1539 2868 1811 2925 ministris
1836 2870 1954 2925 suis
1994 2871 2062 2926 ad

2170 2872 2417 2941 ἐντυχεῖν
2440 2871 2673 2940 ἐζήτουν
2693 2868 2772 2939 τῷ
2792 2868 3039 2939 Ἐζεκίᾳ.
3069 2865 3211 2922 Ἀλλ’
3245 2866 3455 2925 ἐκεῖνος
3490 2860 3592 2932 μὲν
3616 2861 3759 2913 ἀπε-

479 2958 607 3015 illos
645 2959 815 3014 misit.
852 2958 992 3014 Tum
1022 2959 1101 3014 illi
1140 2958 1558 3031 :SiAfgyptiis,
1597 2961 1878 3031 inquiunt,
1924 2961 2061 3019 Eze-

2170 2933 2435 3039 δειλίασεν
2481 2933 2754 3026 έέελθεῖν,
2778 2960 2929 3027 τρεῖς
2963 2933 3020 3009 5's
3068 2957 3195 3018 τοὺς
3227 2953 3378 3023 αὐτῷ
3411 2949 3760 3022 τιμωμένους

477 3052 589 3105 cias
624 3049 789 3120 fretus
834 3058 948 3112 est,
984 3048 1180 3104 delirat
1231 3065 1336 3103 non
1386 3050 1561 3106 minus
1600 3068 1763 3119 quam
1813 3052 1903 3123 qui
1936 3069 2060 3107 con-

2170 3053 2271 3107 τῶν
2299 3053 2392 3106 ὑπ’
2429 3052 2591 3105 αὐτὸν
2629 3051 2867 3121 ἔπεμψε.
2904 3046 3201 3103 Κάκεῖνοι·
3234 3049 3303 3100 El
3343 3045 3443 3099 ἐπὶ
3472 3044 3617 3109 τοὺς
3651 3046 3753 3096 Αἱ.

479 3141 649 3212 fracto
688 3141 987 3195 arundinea
1017 3140 1206 3195 baculo
1236 3142 1509 3205 innititur,
1541 3159 1574 3196 a
1600 3159 1703 3212 quo
1728 3158 1821 3197 nec
1849 3161 1881 3197 a
1908 3144 2059 3215 lapsu

2170 3146 2453 3215 rvntlovc
2488 3143 2781 3198 πέποιθεν
2830 3142 3129 3208 Ἐζεκίας,
3183 3140 3418 3209 ἔφησαν,
3475 3138 3761 3208 μωραίνει

478 3232 799 3300 defenditur,
848 3239 903 3286 et
953 3248 1117 3286 manu
1168 3232 1501 3288 vulneratur.
1539 3233 1685 3289 Talis
1716 3244 1791 3288 est
1842 3233 2060 3291 Pharao

2170 3240 2393 3305 ἐπίσης
2439 3235 2733 3307 ἀνθρώπῳ
2785 3235 3091 3304 καλαμίνῃ
3127 3231 3332 3300 ῥάϐδῳ
3381 3230 3758 3300 ἐρειδομένω,

479 3321 791 3394 {Egi/ptius.
822 3322 950 3378 llaec
979 3323 1257 3394 Rapsaces
1287 3323 1557 3380 Ilebraicc
1580 3339 1704 3379 cum
1732 3324 1926 3395 legatis
1951 3327 2064 3381 eol-

2170 3330 2263 3383 καὶ
2300 3327 2459 3397 αὐτῇ
2498 3326 2909 3396 τεθλασμένῃ,
2945 3324 2983 3393 ἢ
3020 3323 3204 3379 οὐδὲν
3240 3322 3431 3392 ἤμυνε
3473 3321 3553 3387 τῷ
3592 3321 3765 3375 κατέ-

477 3415 811 3486 loquebatur
837 3431 849 3467 :
876 3415 971 3485 qui
999 3431 1125 3470 cum
1153 3425 1429 3486 rogarent,
1460 3425 1521 3470 ut
1547 3417 1774 3489 Assyrio
1807 3432 2062 3472 sermone

2170 3440 2356 3491 κον-τι,
2400 3421 2538 3476 ἀλλ’
2569 3422 2754 3486 αὑτός
2788 3436 2853 3473 τε
2904 3417 3335 3486 συμπέπτωκε,
3370 3414 3469 3468 καὶ
3505 3418 3538 3469 ό
3573 3415 3763 3468 κάλα--

480 3518 759 3573 uteretur,
782 3523 850 3564 ne
876 3509 1114 3579 populus
1133 3522 1195 3562 ea
1221 3523 1342 3579 qua?
1363 3508 1682 3563 dicerentur
1705 3509 2060 3580 intelligeret:

478 3600 574 3656 ille
604 3602 780 3671 magis
812 3599 978 3655 etiam
1004 3601 1218 3656 sublata
1243 3615 1398 3664 voce,
1431 3612 1494 3655 ut
1521 3601 1590 3655 ab
1618 3601 1877 3656 omnibus
1904 3616 2065 3655 exau-

482 3695 594 3757 diri
625 3702 829 3764 posset,
865 3710 1059 3749 rursus
1092 3692 1361 3750 Hebraice
1393 3693 1569 3749 dixit:
1599 3692 1678 3748 Ne
1716 3693 1932 3748 seducat
1978 3711 2064 3749 vos

485 3786 705 3842 Ezecias
730 3787 927 3851 dicens,
960 3786 1218 3841 Dominus
1246 3803 1339 3840 nos
1368 3784 1605 3841 liberabit
1643 3802 1662 3840 :
1701 3786 1937 3857 nunquid
1963 3785 2066 3841 Sa-

483 3881 715 3933 mariam
750 3878 1036 3933 liberavit?
1080 3876 1179 3933 llis
1220 3877 1447 3933 Ezecias
1485 3877 1839 3935 renuntiatus
1868 3878 2066 3932 2vestes

482 3984 614 4026 suas
636 3970 919 4033 laceravit,
955 3980 1011 4026 et
1054 3984 1214 4025 sacco
1249 3968 1495 4033 indutus,
1542 3978 1598 4025 et
1633 3968 1786 4023 humi
1837 3977 2062 4032 stratus,

2160 3531 2277 3582 μσς
2324 3511 2439 3579 τὴν
2493 3511 2685 3565 αὐτοῦ
2742 3509 2910 3579 χεῖρα
2952 3509 3235 3577 διέτρησε
3303 3505 3580 3573 Τοιοῦτός
3623 3507 3759 3560 ἐστι

2167 3607 2378 3676 Φαραὼ
2409 3608 2443 3661 δ
2469 3608 2815 3676 Αἰγύπτιος.
2852 3603 3042 3658 Ταῦτα
3085 3601 3372 3671 Ἐεραῖστὶ
3405 3603 3433 3653 ὁ
3471 3598 3761 3671 Ῥαψάκης

2166 3705 2280 3764 τοῖς
2310 3702 2647 3771 πεμφθεῖσιν
2681 3698 2900 3770 ὡμίλει.
2951 3698 3016 3751 Οἱ
3053 3697 3111 3750 δὲ
3146 3699 3215 3767 τῇ
3258 3695 3367 3748 τῶν
3402 3693 3591 3765 Σύρων
3643 3694 3764 3748 δια⁸

2167 3792 2347 3864 λέκτῳ
2374 3792 2587 3865 ὁμιλεῖν
2618 3792 2807 3855 αὐτοῖς
2844 3790 3036 3860 ἠξίουν
3071 3789 3261 3849 αὑτὸν,
3299 3787 3389 3840 ἵνα
3423 3788 3498 3857 μὴ
3531 3786 3593 3840 τὸ
3624 3787 3762 3855 πλῆ-

2169 3886 2261 3950 θος
2284 3885 2391 3938 τῶν
2430 3884 2749 3954 λεγομένων
2788 3882 3063 3954 συνίησιν.
3106 3882 3165 3933 ὐ
3196 3880 3253 3933 δὲ
3282 3877 3487 3947 μᾶλλον
3515 3876 3617 3949 τὴν
3646 3895 3762 3947 φω·

2168 3980 2267 4050 νὴν
2303 3978 2539 4047 ἐπάρας,
2602 3975 2890 4047 Ἐϐραϊστὶ
2940 3973 3108 4028 πάλιν
3144 3971 3333 4039 ἔλεγεν
3385 3972 3465 4033 είς
3520 3970 3762 4041 ἐπήκοον

484 4057 544 4118 in
575 4062 742 4118 rebus
785 4061 1094 4134 desperatis
1124 4078 1285 4133 opem
1325 4062 1568 4118 divinam
1607 4062 1883 4133 implorat,
1915 4072 1971 4119 et
1996 4062 2063 4117 ad

2171 4069 2391 4122 πάντων
2420 4083 2433 4096 ο
2476 4067 2573 4133 Μὴ
2617 4064 2899 4119 ἀπατάτω
2924 4062 3080 4134 ὑμᾶς
3100 4061 3369 4128 Ἐζεκίας
3393 4061 3610 4130 λέγων,
3643 4060 3763 4113 Κύ-

484 4155 814 4227 prophetam
857 4155 1056 4211 Isaiam
1093 4155 1285 4221 mittit,
1322 4155 1607 4211 obtestans
1643 4165 1704 4211 ut
1743 4157 1841 4212 Dei
1874 4172 2065 4228 pacem

2170 4179 2294 4231 ριος
2319 4161 2574 4229 ῥύσεται
2597 4156 2777 4228 ἡμᾶς’
2802 4156 2889 4226 μὴ
2911 4155 3211 4225 ἐρρύσατο
3233 4151 3612 4222 Σαμάρειαν;
3650 4150 3761 4204 Καὶ

485 4258 679 4305 exoret
708 4248 934 4319 populo.
969 4249 1225 4306 Prasdicit
1268 4249 1379 4312 ille,
1415 4250 1602 4306 hostes
1645 4248 1785 4305 citra
1829 4240 2062 4306 dimica-

2172 4251 2519 4326 ἀπήγγειλαν
2546 4250 2729 4304 ταῦτα
2751 4248 2830 4320 τῷ
2853 4247 3100 4319 Ἐζεκία.
3148 4246 3207 4299 '0
3229 4244 3288 4298 δὲ
3306 4243 3573 4309 ἀκούσας,
3614 4244 3763 4314 διέρ-

484 4342 694 4396 tioncm
735 4348 1055 4409 superatum
1117 4339 1206 4407 iri,
1270 4350 1327 4396 et
1378 4341 1828 4398 Senaeherimum
1880 4358 1941 4397 re
1982 4342 2066 4397 in-

483 4433 628 4489 fecta
672 4449 740 4487 ex
769 4431 1004 4505 Egypto
1036 4448 1354 4497 reversum,
1394 4434 1800 4491 occubiturum.
1839 4433 2072 4506 Scripsit

485 4535 544 4580 et
570 4524 997 4580 Senaeherimns
1027 4525 1092 4579 ad
1124 4525 1373 4580 Ezcciam
1395 4566 1409 4590 ,
1442 4525 1497 4581 in
1526 4526 1668 4580 hanc
1689 4525 2018 4581 sententiam
2055 4544 2068 4579 :

485 4616 566 4670 Ne
598 4616 818 4670 extol'at
852 4625 901 4670 te
932 4616 1100 4680 Deus,
1139 4633 1241 4688 quo
1280 4617 1445 4687 fretus
1482 4633 1556 4684 es,
1596 4633 1699 4688 quo
1731 4618 1903 4670 minus
1942 4616 2072 4671 Hie-

488 4709 758 4779 rosolyma
797 4717 1079 4780 capturum
1109 4725 1217 4763 esse
1253 4724 1333 4763 me
1360 4710 1662 4763 existimes:
1687 4712 1779 4762 sed
1811 4708 1946 4762 illud
1976 4725 2073 4778 po-

490 4801 595 4854 tius
623 4817 743 4854 cum
775 4802 954 4855 animo
981 4814 1072 4854 tuo
1108 4810 1317 4870 reputa,
1349 4800 1438 4854 ubi
1479 4801 1585 4855 sint
1626 4817 1771 4871 reges
1811 4803 2072 4872 gentium,

489 4908 619 4961 quos
648 4890 887 4961 majores
919 4892 1022 4945 mei
1050 4891 1402 4960 confecerunt.
1430 4890 1563 4944 Eam
1610 4890 1898 4961 epistolam
1934 4892 2073 4947 Eze-

490 4983 607 5039 cias
649 4982 852 5038 lectam
877 4983 932 5037 in
958 4983 1161 5053 templo
1189 4984 1456 5053 reposuit,
1489 4992 1541 5038 et
1572 4983 1901 5054 supplicavit
1921 4985 2069 5039 Deo:

504 5074 649 5138 l'ide,
683 5074 883 5146 inquit,
935 5075 1177 5141 Domine,
1217 5085 1264 5130 et
1312 5076 1439 5129 audi
1490 5076 1646 5130 verba
1690 5074 2069 5142 Senaeherimi,

490 5187 608 5242 qua:
647 5171 719 5226 ad
753 5187 835 5224 me
884 5170 1089 5240 scripsit
1121 5171 1175 5223 in
1221 5183 1368 5225 tuam
1405 5170 1816 5237 contumeliam,
1855 5173 2073 5226 viventis

490 5262 609 5329 Dei,
639 5272 686 5316 et
733 5263 875 5331 eripe
902 5277 995 5315 nos
1021 5276 1048 5315 e
1083 5279 1244 5315 manu
1282 5264 1415 5331 ejus.
1454 5264 1619 5319 Isaias
1664 5263 1954 5319 confirmat
1989 5280 2075 5318 rc-

490 5374 637 5429 gem,
678 5372 933 5413 asserens
972 5358 1146 5413 Deum
1176 5345 1466 5414 exaudisse
1501 5375 1694 5429 preces
1722 5359 2073 5430 ejus:eaque

492 5465 657 5511 nocte
705 5470 844 5511 caesa
878 5464 1008 5512 sunt
1053 5455 1122 5510 ab
1158 5458 1351 5528 angelo
1383 5457 1439 5511 in
1488 5459 1686 5513 castris
1719 5458 2071 5529 Assyriorum

491 5558 713 5601 centum
731 5554 787 5601 et
806 5547 1084 5618 octoginta
1106 5546 1564 5617 quinqne'millia.
1586 5563 1822 5619 quorum
1842 5547 2076 5604 cadave—

494 5650 553 5691 ra
575 5638 839 5708 postridie
872 5639 1093 5694 inventa
1117 5649 1265 5695 sunt.
1290 5641 1579 5696 Exercitus
1612 5641 1858 5711 reliquire
1878 5640 2073 5696 Hiero-

495 5727 723 5799 solymis
751 5728 1148 5785 discesserunt.
1181 5729 1418 5788 Coactus
1445 5742 1531 5788 est
1563 5743 1619 5787 et
1642 5731 2070 5788 Senaeherimus

495 5817 840 5878 obsidionem
874 5821 1078 5880 Pelusii
1107 5823 1353 5897 solvere,
1395 5841 1518 5882 cum
1547 5841 1731 5885 mures
1764 5841 1873 5883 una
1908 5836 2071 5886 nocte

2170 4345 2304 4418 ρηξε
2341 4344 2410 4398 τὰ
2444 4345 2640 4415 ἱμάτια
2674 4341 2864 4407 αὐτοῦ,
2892 4341 2989 4394 καὶ
3015 4336 3378 4409 περιεϐάλετο
3410 4336 3639 4400 σάκκον,
3666 4336 3764 4389 καὶ

2168 4439 2377 4505 πεσὼν,
2422 4437 2605 4489 ἐδέετο
2636 4435 2732 4489 τοῦ
2784 4432 2923 4487 Θεοῦ
2978 4431 3235 4504 βοήθειαν
3270 4430 3360 4482 ἐπ’
3409 4428 3763 4489 ἀνελπίστοις

2166 4531 2389 4595 αὐτῶνο
2420 4529 2517 4583 καὶ
2564 4526 2702 4599 πρὸς
2744 4526 2976 4580 Ἡσαΐαν
3024 4524 3117 4578 τὸν
3166 4523 3461 4595 προφήτην
3511 4520 3760 4591 πέμψας,

2172 4622 2480 4696 παρεκάλει
2515 4621 2682 4674 αὑτὸν
2706 4619 2931 4672 δέεσθαι
2963 4616 3059 4671 τοῦ
3093 4615 3253 4681 Θεοῦ,
3288 4617 3354 4670 ἵν’
3390 4614 3554 4678 ἵλεως
3588 4614 3764 4666 ἔσοιτο

2171 4717 2248 4787 τῷ
2282 4715 2422 4786 λαῷ.
2481 4715 2540 4769 '0
2576 4713 2632 4766 δὲ
2681 4712 2934 4783 ἀμαχητὶ
2965 4710 3095 4774 τοὺς
3123 4709 3425 4778 πολεμίους
3459 4707 3764 4778 προέλεγεν

2172 4807 2628 4881 ἡττηθήσεσθαι,
2688 4807 2786 4859 καὶ
2844 4807 2938 4859 τὸν
3006 4802 3363 4873 Σεναχηρε“ιμ
3428 4801 3758 4869 κτανθῆναι,

2170 4907 2459 4974 ἄπρακτον
2502 4902 2595 4955 ἀπ’
2656 4899 2944 4970 Αἰγύπτου
2998 4896 3393 4952 ἐπανελθόντα.
3444 4891 3763 4948 Ἐπέστειλε

2170 4996 2228 5051 δὲ
2256 4997 2352 5051 καὶ
2374 4995 2726 5068 Σεναχηρεὶμ
2747 4993 2827 5064 τῷ
2848 4990 3109 5062 Ἐζεκίαο
3138 4989 3236 5058 Μὴ
3270 4986 3560 5057 ἐπαιρέτω
3608 5001 3684 5041 σε
3729 4988 3765 5041 ὁ

2174 5091 2318 5156 Θεός
2366 5104 2505 5153 σου,
2550 5089 2643 5159 ἐφ’
2667 5081 2716 5155 ᾧ
2743 5087 3037 5150 πέποιθας
3066 5082 3153 5154 μὴ
3180 5080 3600 5150 παραδοθῆναι
3646 5080 3765 5147 τὴν

2186 5181 2577 5251 Ἰερουσαλὴμ
2614 5179 2703 5246 εις
2732 5176 2937 5248 χεῖράς
2960 5193 3103 5247 μου·
3132 5174 3497 5242 ἀναλόγισαι
3528 5172 3649 5226 ποῦ
3679 5174 3765 5227 εί-

2172 5292 2278 5330 σιν
2322 5277 2377 5328 οί
2412 5273 2703 5339 ,βασιλεῖς
2745 5271 2867 5325 τῶν
2911 5268 3106 5324 ἐθνῶν
3131 5309 3144 5333 ,
3191 5266 3300 5332 οὓς
3338 5265 3684 5335 διέφθειραν
3711 5266 3766 5318 ol

2172 5365 2426 5435 πατέρες
2445 5382 2588 5433 μου.
2622 5362 2843 5431 Ταύτην
2865 5361 2964 5431 τὴν
2991 5358 3284 5428 ἐπιστολὴν
3315 5358 3585 5423 ἀναγνοὺς
3616 5356 3769 5419 Ἐξε-

2173 5458 2322 5525 κίας,
2350 5457 2614 5512 κατέθετο
2644 5459 2725 5520 εἰς
2752 5455 2814 5509 τὸ
2863 5455 3033 5525 ἱερὸν,
3068 5453 3162 5506 καὶ
3196 5452 3445 5505 ἱκέτευσε
3476 5449 3569 5502 τὸν
3600 5447 3765 5511 Θεὸν,

2187 5552 2336 5614 Ἴδε,
2378 5551 2577 5619 λέγων,
2620 5551 2816 5618 Κύριε’
2871 5548 2973 5602 καὶ
3029 5547 3303 5601 ἄκουσον
3352 5543 3496 5611 τοὺς
3539 5542 3768 5605 ,λόγους

2180 5645 2575 5714 Σεναχτφεὶμ,
2636 5642 2745 5708 οὓς
2792 5640 3159 5696 ἀπέστειλεν
3192 5634 3496 5696 ὀνειδίζων
3544 5649 3619 5687 σε
3656 5632 3768 5686 τὸν

2178 5734 2365 5795 ζῶντα
2396 5736 2546 5791 Θεὸν
2576 5777 2591 5799 ,
2636 5734 2736 5789 καὶ
2786 5732 3003 5787 σῶσον
3030 5728 3188 5800 ἡμᾶς
3218 5730 3287 5783 ἐκ
3321 5727 3525 5798 χειρὸς
3551 5723 3764 5779 αὑτοῦ.

2192 5827 2421 5895 Ἡσαΐας
2470 5829 2529 5885 δὲ
2578 5826 2967 5899 παρεθάρρυνε
3021 5822 3402 5895 τὸνβασιλέα,
3455 5817 3806 5895 ἐπακοῦσαι.
