4092 6460
368 326 452 392 ῖι3
1610 325 2016 387 ΛΝΝΛΜΠΜ
2056 328 2201 389 LIB.
2242 328 2326 390 II.

3495 318 3603 384 214

366 448 556 517 niaxth
586 438 740 495 αὐτοῦ
772 439 866 492 τδν
892 439 1048 492 θεόν.
1083 439 1193 491 Kal
1220 440 1289 509 τῇ
1331 438 1486 490 νυκτὶ
1550 438 1786 507 ἄγγελος
1841 440 1888 491 ἐκ

2005 454 2168 494 arcus
2189 448 2498 508 cazteraque
2516 436 2866 508 Assyriorum
2886 451 3037 490 arma
3076 436 3467 492 corroxisseut.
3486 436 3603 493 lloc

361 541 413 607 τῇ
462 532 763 605 παρεμϐολῇ
816 532 926 586 τῶν
963 530 1273 600 Ἀσσυρίων
1312 530 1525 584 ἀνεῖλεν
1571 531 1768 583 ἑκατὸν
1799 531 1893 599 ὀγ-

356 632 577 699 δοήκοντα
604 628 758 681 πέντε
791 626 1060 697 χιλιάδας,
1089 626 1186 679 καὶ
1221 625 1342 696 μεθ’
1372 626 1589 695 ἡμέραν
1626 627 1795 697 νεκρά
1823 625 1891 679 τὰ

351 724 521 774 τούτων
547 719 769 787 σώματα
798 717 1126 788 εὑρέθησαν,
1158 735 1253 770 και
1289 719 1473 787 ἀπῆρε
1526 718 1595 771 τὸ
1632 717 1882 789 περιλει-

355 814 463 883 φθὲν
484 812 575 880 τῆς
610 812 878 879 στρατιᾶς
926 810 985 876 ἐξ
1030 809 1413 880 Ἰερουσαλήμ.
1450 810 1800 879 Σεναχηρεὶμ
1833 810 1891 864 δὲ

350 902 615 973 πολιορκῶν
665 902 726 954 τὸ
774 902 1117 973 Πηλούσιον,
1173 902 1336 955 ἔλυσε
1390 902 1489 973 τὴν
1544 902 1887 972 πολιορκίαν,

350 997 475 1065 μυῶν
517 995 571 1047 ὲν
617 994 777 1047 νυκτὶ
836 995 935 1065 μιᾷ
990 994 1424 1062 καταφαγόντων
1478 995 1547 1047 τά
1598 994 1729 1058 τὸξα
1780 993 1890 1047 τῶν

344 1087 631 1155 Ἀσσυρίων,
652 1086 750 1139 καὶ
770 1085 839 1138 τά
868 1085 1033 1139 λοιπά
1055 1086 1166 1139 τῶν
1190 1085 1373 1139 ὅπλων
1399 1085 1599 1139 αὐτῶν.
1631 1084 1805 1139 Τοῦτο
1832 1087 1890 1139 ὲν

343 1180 423 1250 μὲν
443 1185 498 1248 τῇ
511 1178 614 1233 τῶν
635 1178 940 1233 Βασιλειῶν
959 1179 1059 1231 οὐκ
1076 1179 1460 1251 ἀνα-γράφεται
1482 1178 1673 1248 βίϐλῳο
1701 1178 1892 1248 Ἰὡσηο

336 1291 416 1336 πος
443 1274 494 1326 δὲ
521 1273 724 1342 ἱστορεῖ
752 1273 813 1325 ὲν
849 1271 1119 1343 Ἡροδότῳ
1150 1271 1350 1343 εὑρὼν.
1383 1272 1490 1325 Τὸν
1524 1270 1581 1324 δὲ
1626 1270 1889 1340 Βήρωσδν

334 1368 388 1418 τὰ
438 1364 706 1419 Χαλδαῖκά
762 1362 1231 1435 συγγραψάμενον
1287 1362 1520 1431 φάσκειν
1566 1362 1758 1432 φησὶν,
1813 1361 1890 1425 ὡς

330 1456 611 1511 ἐπανελθὼν
656 1458 685 1509 ὁ
710 1456 1058 1526 Σεναχηρεὶμ
1110 1455 1218 1508 ἀπὸ
1253 1453 1350 1508 τοῦ
1406 1452 1517 1507 τῶν
1569 1454 1890 1522 Αἰγυπτίων

328 1550 556 1618 πολέμου,
581 1547 851 1602 κατέλαϐε
880 1548 980 1618 τὴν
1006 1547 1102 1600 σὺν
1126 1546 1205 1618 τῷ
1236 1545 1489 1618 Ῥαψάκῃ
1519 1544 1783 1616 στρατιὰν
1807 1545 1891 1608 εἰς

333 1642 658 1712 Ἰεροσόλυμα
675 1656 695 1674 ο
729 1642 822 1695 καὶ
848 1640 944 1694 τοῦ
968 1639 1106 1693 Θεοῦ
1134 1638 1378 1710 λοιμώδη
1403 1638 1558 1714 νόσον
1580 1636 1889 1704 ἐνσκήψαν-

323 1751 401 1797 τος
429 1736 533 1798 τοῖς
577 1732 913 1805 Ἀσσυρίοις,
966 1737 1023 1786 ὲν
1058 1732 1155 1803 μιᾷ
1184 1731 1344 1784 νυκτὶ
1386 1729 1648 1801 μυριάδες
1707 1728 1888 1781 ὀκτωο

2004 530 2061 584 in
2091 531 2252 587 libris
2279 530 2491 601 Regum
2526 530 2796 601 scriptum
2834 545 2943 584 non
2971 529 3273 599 reperitur,
3298 530 3395 584 sed
3438 530 3599 585 lose-

2005 627 2149 695 phus
2204 627 2359 697 111
2422 626 2491 681 ab
2552 624 2838 681 Herodoto
2899 632 3185 679 mutuatus
3250 623 3420 679 refert
3476 642 3492 680 ε
3542 632 3602 679 et

2003 719 2267 773 Berosum
2293 716 2719 772 Chaldaicarum
2772 730 2959 770 rerum
3008 714 3338 784 ser‘ptorem
3371 729 3601 769 narrare

1999 812 2097 875 ait,
2148 808 2605 865 Senacberimum
2660 808 2730 863 ab
2784 806 3109 878 igyptiaeo
3168 805 3311 861 bello
3362 804 3602 859 redeun—

2001 911 2134 965 tem,
2160 900 2466 956 exercitum
2495 899 2801 971 Rhapsacis
2834 897 3233 969 Hierosolymis
3273 897 3546 966 reperisse
3575 914 3590 950 :

1998 1006 2064 1047 ac
2092 991 2379 1062 pestilenti
2408 991 2604 1046 morbo
2641 990 2911 1046 divinitus
2942 989 2996 1043 in
3027 988 3283 1060 Assyrios
3324 987 3598 1050 immisso,

1998 1093 2221 1139 centum
2290 1092 2349 1139 et
2403 1083 2684 1155 octoginta
2735 1083 2983 1153 quinque
3047 1081 3220 1136 millia
3274 1095 3383 1135 una
3435 1089 3599 1136 recte

2000 1175 2255 1246 periisse,
2304 1190 2430 1231 cum
2462 1176 2701 1232 ducibus
2740 1185 2795 1231 et
2815 1173 3256 1230 centurionibus.
3293 1172 3409 1239 Qua
3442 1171 3600 1228 clade

1997 1267 2382 1338 perterritum,
2409 1277 2465 1322 et
2497 1266 2566 1323 iis
2594 1266 2689 1337 qui
2718 1275 3049 1337 supererant
3077 1274 3440 1328 metuentem,
3469 1278 3598 1319 cum

1998 1359 2249 1429 reliquiis
2276 1358 2511 1415 Niniven
2540 1359 2848 1430 profectum
2884 1376 2899 1415 :
2931 1367 2988 1415 et
3026 1358 3191 1429 paulo
3221 1367 3346 1427 post
3378 1357 3598 1412 insidiis

1998 1449 2269 1520 majorum
2336 1448 2573 1503 ﬁliorum
2624 1449 2902 1505 sublatum
2962 1463 3105 1512 esse,
3166 1447 3597 1518 percussoribus

1998 1539 2124 1611 fuga
2186 1541 2413 1611 elapsis,
2472 1551 2530 1597 et
2602 1540 2966 1596 Nachordane
3021 1540 3136 1595 ﬁlio
3180 1540 3301 1611 ejus
3362 1555 3596 1611 regnum

1995 1632 2214 1704 adepto.
2266 1634 2486 1690 Ezccias
2533 1633 2793 1704 adempto
2842 1640 2994 1688 metu
3043 1631 3248 1703 gratias
3293 1631 3407 1702 agit
3459 1632 3591 1687 Deo.

1996 1726 2199 1782 Verum
2231 1742 2341 1782 non
2377 1727 2551 1782 multo
2582 1736 2706 1797 post
2742 1741 2871 1782 eum
2904 1736 3263 1796 aegretantem
3308 1724 3404 1780 Dei
3434 1725 3594 1796 jussu

323 1827 525 1880 καίδεκα
548 1827 869 1896 φθείρονται
887 1825 984 1879 καὶ
1014 1822 1472 1893 πεντακισχίλιοι,
1505 1821 1604 1875 σὺν
1640 1818 1879 1892 ἡγεμόσι

1993 1819 2247 1874 convenit
2268 1818 2455 1882 Isaias,
2480 1836 2542 1873 ac
2575 1827 2952 1873 testamentum
2998 1823 3173 1889 facere
3193 1818 3365 1886 jubet,
3425 1831 3601 1886 neque

320 1919 402 1971 καὶ
444 1916 782 1988 ταξιάρχαις.
836 1916 1031 1978 Δείσας
1086 1910 1180 1966 οῦν
1234 1913 1444 1974 ἐκεῖνος
1501 1910 1599 1964 καὶ
1651 1908 1783 1979 περὶ
1815 1908 1882 1979 τῇ

319 2009 459 2081 λοιπῇ
491 2009 746 2080 στρατιᾷ,
789 2007 1017 2077 ἀπαίρει
1068 2004 1282 2059 ἐκεῖθεν
1325 2003 1464 2075 μετά
1494 2005 1595 2072 τῆς
1638 1998 1885 2073 περιλειο

317 2103 521 2173 φθείσης
552 2102 864 2172 δυνάμεως,
902 2100 997 2153 καὶ
1027 2098 1247 2153 ἄπεισιν
1273 2099 1355 2158 εἰς
1390 2094 1603 2162 Νινευτ,
1639 2094 1736 2149 καὶ
1765 2093 1884 2164 μετ’

314 2194 474 2263 ὀλίγον
498 2192 913 2257 ἐπιϐουλευθεὶς
931 2192 1084 2264 παρά
1105 2190 1215 2244 τῶν
1250 2188 1526 2263 πρεσϐυτέ
1536 2203 1646 2259 ρων
1674 2185 1884 2240 παίδων

315 2287 565 2358 ἀνηρέθηο
620 2286 736 2339 τῶν
791 2284 893 2355 μὲν
933 2282 1295 2355 ἀνῃρηκότων
1347 2280 1516 2335 αὐτὸν
1576 2278 1880 2349 φυγόντων,

316 2378 589 2450 Ναχωρδάν
616 2376 733 2449 (68)
764 2376 821 2429 δὲ
843 2375 940 2429 τοῦ
970 2373 1088 2428 υίοῦ
1119 2372 1287 2428 αὐτοῦ
1312 2372 1413 2442 τὴν
1434 2370 1612 2443 ἀρχὴν
1640 2366 1885 2434 διαδεξασ

316 2468 479 2537 μένου.
521 2467 776 2533 Ἐζεκίας
805 2466 862 2519 δὲ
894 2466 989 2520 τοῦ
1028 2464 1196 2535 φόϐου
1256 2462 1618 2533 ἀπαλλαγεὶς,
1652 2462 1733 2534 τῷ
1764 2460 1884 2533 Θεῷ

314 2556 636 2627 ηὐχαρίστει.
660 2557 771 2611 Καὶ
803 2553 923 2625 μετ’
952 2554 1136 2623 ὀλίγον
1166 2554 1457 2625 νοσήσαντι
1479 2551 1626 2617 αὐτῷ
1647 2551 1884 2623 προσελ-

314 2648 408 2701 θὼν
434 2649 664 2713 Ἡσαΐας
693 2649 817 2702 κατ’
852 2646 1072 2719 ἐντολὴν
1100 2646 1196 2701 τοῦ
1227 2644 1389 2711 Θεοῦ,
1420 2639 1564 2699 εῐπε·
1596 2644 1775 2711 Τάξαι
1803 2644 1885 2711 τῷ

310 2741 677 2809 οἵκῳσουοού
693 2741 806 2812 γὰρ
825 2740 1006 2810 ζήσῃ.
1032 2739 1124 2812 Τῷ
1151 2740 1209 2795 δὲ
1240 2743 1273 2812 ἡ
1306 2740 1400 2794 τοῦ
1420 2739 1678 2812 θνήσκειν
1702 2738 1880 2803 ἐλπὶς,

311 2832 397 2884 καὶ
413 2833 491 2885 ὅτι
516 2831 721 2894 παῖδας
741 2830 818 2902 μὴ
852 2830 994 2901 ἔχων
1015 2830 1224 2901 ἔρημον
1245 2829 1440 2900 ἔμελλε
1470 2829 1572 2895 τὴν
1602 2827 1883 2900 βασιλείαν

310 2924 617 2977 καταλιπεῖν
649 2922 884 2995 γνησίας
910 2922 1186 2994 διαδοχῆς,
1222 2922 1399 2976 ἐποίει
1420 2922 1594 2994 μείζω
1620 2921 1721 2992 τὴν
1744 2938 1884 2993 συμ-

309 3015 490 3085 φορὰν,
515 3018 612 3070 καὶ
643 3014 876 3087 ἀθυμῶν
918 3015 1012 3068 ἐπὶ
1044 3015 1260 3079 τούτοις
1290 3014 1549 3080 ἔκλαυσε,
1581 3012 1729 3086 ζωὴν
1758 3015 1883 3069 ἑπι-

308 3105 694 3178 δαψιλευθῆναι
723 3106 876 3180 αὐτῷ
914 3105 1305 3177 ἐξαιτούμενος
1358 3105 1453 3160 τὸν
1480 3104 1638 3161 Θεόν.
1681 3104 1884 3160 Ἐλθὼν

304 3199 356 3253 δὲ
381 3172 536 3263 αὖθις
578 3172 1053 3269 ίΗσαῑαςξὺγενίαν
1093 3172 1243 3273 αύτῷ
1277 3199 1417 3270 μετά
1441 3198 1635 3270 τρίτην
1668 3198 1885 3269 ἡμέραν
1913 3172 1956 3233 c

304 3286 739 3356 εὐαγγελίζεται,
767 3288 866 3341 καὶ
904 3287 1223 3359 προσθήκην
1247 3288 1394 3359 ζωῆς
1426 3287 1563 3341 ἐτῶν
1588 3287 1883 3341 πεντεκαί-

300 3377 445 3432 δεκα.
489 3381 550 3435 ’0
592 3380 649 3434 δὲ
679 3380 775 3435 τοῦ
800 3379 1081 3452 θαύματος
1109 3382 1172 3435 τὸ
1202 3380 1481 3451 ὑπερφυὲς
1509 3380 1884 3450 λογιζόμενος,

304 3473 519 3539 σημεῖον
545 3471 785 3543 ⁴ιὶτειτίιν
809 3473 1103 3544 προφήτην
1132 3471 1306 3537 δεῖξαι
1333 3471 1484 3543 αύτῷ
1511 3473 1592 3536 εἰς
1621 3473 1886 3527 πίστωσιν

304 3563 406 3616 τῶν
429 3564 895 3636 ἐπηγγελμένων.
925 3564 1032 3619 Τοῦ
1059 3566 1117 3619 δὲ
1162 3567 1445 3637 προφήτου
1475 3565 1567 3618 τὸν
1602 3565 1735 3619 Θεὸν
1772 3567 1886 3620 ίκε·

302 3655 595 3721 τιύσαντος
654 3661 882 3728 σημεῖον
911 3657 1190 3726 γενέσθαι,
1239 3657 1341 3729 ἤδη
1385 3657 1479 3710 ἰπὶ
1501 3657 1714 3728 δυσμὰς
1752 3657 1888 3713 δέκα

304 3748 547 3821 βαθμοὺς
575 3752 879 3815 ἀποκλίνας
906 3752 935 3805 ὀ
959 3751 1135 3823 ἥλιος,
1176 3752 1271 3805 καὶ
1300 3751 1461 3805 σκιὰν
1503 3752 1757 3820 ποιήσας,
1783 3752 1887 3806 ἐπ-

302 3840 571 3912 έστρεψεν
598 3844 679 3907 είς
703 3842 772 3896 τὰ
803 3842 983 3899 ὀπίσω
1018 3842 1155 3897 δέκα
1189 3842 1567 3913 ἀναϐαθμούς.
1599 3842 1885 3896 Ἐντεῦθεν

311 3931 561 3998 Ἐζεκίας
588 3933 686 4005 τῆς
713 3934 873 3988 νόσου
907 3934 1250 4006 ἀπήλλακτο.
1302 3935 1362 3989 '0
1394 3935 1452 3988 δὲ
1486 3934 1595 3988 τῶν
1624 3935 1887 3988 Βαϐυλω-

301 4023 425 4078 νίων
483 4025 747 4094 βασιλεὺς
797 4024 1046 4080 Βαλαδάν
1100 4027 1239 4096 πρὸς
1281 4023 1533 4092 Ἐζεκίαν
1583 4026 1887 4097 πρεσϐείαν

301 4119 701 4189 ποιησάμενος,
749 4119 844 4172 καὶ
875 4118 1027 4190 δῶρα
1081 4118 1326 4184 στείλας,
1379 4118 1673 4190 σύμμαχον
1721 4118 1885 4173 αὑτὸν

299 4212 390 4264 καὶ
412 4211 577 4280 φίλον
597 4210 743 4281 ἔχειν
776 4209 956 4282 ἠξίου.
1002 4210 1061 4265 '0
1093 4210 1151 4265 δὲ
1188 4212 1303 4273 τοῖς
1340 4210 1605 4281 πρέσϐεσι
1634 4209 1760 4274 τοὺς
1794 4208 1891 4282 θη-

299 4305 545 4375 σαυροίις
581 4304 856 4371 ὑπέδειξε,
888 4302 1072 4358 καὶτὰ
1094 4303 1257 4371 ὅπλα,
1283 4304 1378 4359 καὶ
1408 4305 1588 4357 πᾶσαν
1609 4302 1706 4375 τὴν
1736 4301 1889 4374 βασι-

296 4395 453 4467 λικὴν
486 4396 873 4464 πολυτέλειαν,
895 4398 991 4451 καὶ
1019 4395 1452 4459 ἀνταποστείλας
1490 4393 1642 4465 δῶρα
1668 4394 1746 4463 τῷ
1782 4396 1892 4449 Βα-

1990 1912 2132 1966 enim
2156 1913 2414 1966 victurum
2468 1927 2599 1966 esse.
2664 1911 2735 1966 At
2779 1912 2863 1967 illi
2914 1919 2972 1966 et
3004 1910 3343 1981 exspectatio
3375 1912 3596 1977 mortis,

1993 2011 2050 2060 et
2101 2003 2313 2059 orbitas
2362 2003 2689 2068 liberorum,
2732 2002 2829 2075 qui
2883 2003 2937 2058 in
2977 2018 3153 2073 regno
3194 2000 3592 2068 succederent,

1990 2096 2391 2168 exaggerabant
2429 2097 2656 2151 malum.
2703 2096 2897 2167 Itaque
2943 2096 3140 2152 anxius
3176 2094 3436 2151 ﬂebiliter
3466 2101 3594 2149 orat

1990 2188 2188 2253 Deum,
2217 2197 2279 2243 ut
2300 2188 2413 2244 vita
2442 2188 2549 2245 sibi
2577 2199 2942 2260 prorogetur:
2973 2188 3087 2253 cui,
3114 2202 3369 2244 reversus
3398 2186 3591 2250 Isaias.

1990 2289 2115 2350 post
2136 2279 2382 2335 triduum
2408 2280 2702 2336 sanitatem
2729 2281 3042 2350 pollicetur,
3066 2290 3124 2334 et
3148 2279 3589 2335 additamentum

1990 2372 2309 2442 quindecim
2358 2388 2630 2427 annorum
2656 2371 2802 2428 vitae.
2845 2375 2918 2428 At
2952 2373 3043 2428 ille
3079 2371 3407 2426 miraculum
3439 2370 3591 2441 quod

1989 2464 2108 2519 veri
2150 2463 2311 2519 ﬁdem
2366 2465 2668 2519 excedebat
2718 2473 3006 2535 reputans,
3065 2463 3282 2535 signum
3350 2464 3593 2533 postulat

1991 2559 2047 2614 in
2081 2557 2553 2613 conlirmationem
2599 2557 3080 2628 pollicitationum.
3141 2557 3262 2624 Quo
3307 2557 3591 2627 propheta:

1990 2648 2252 2718 precibus
2323 2649 2662 2718 impetrato,
2723 2649 2917 2703 umbra
2979 2648 3167 2703 solarii
3221 2647 3334 2718 jam
3396 2647 3589 2703 decem

1991 2754 2185 2795 versus
2203 2754 2459 2795 occasum
2489 2754 2775 2811 progressa
2821 2747 3008 2810 partes
3036 2778 3051 2804 ,
3111 2738 3338 2793 totidem
3395 2752 3589 2793 versus

1991 2828 2173 2886 ortum
2203 2846 2451 2902 regressa
2476 2840 2582 2888 est.
2608 2833 2807 2888 Ezecia
2837 2833 3035 2888 morbo
3053 2832 3168 2904 jam
3201 2832 3453 2895 liberato.
3488 2847 3587 2887 rex

1990 2922 2418 2997 Babyloniorum
2453 2924 2684 2981 Baladas
2728 2926 2939 2996 legatos
2970 2940 3098 2981 cum
3142 2925 3469 2980 muneribus
3514 2926 3587 2980 ad

1990 3028 2117 3068 eum
2148 3014 2337 3079 mittit,
2373 3014 2698 3071 societatem
2728 3018 2849 3088 ejus
2870 3026 2926 3072 et
2955 3016 3259 3072 amicitiam
3288 3027 3580 3086 expetens.

1990 3103 2062 3159 At
2096 3105 2189 3161 ille
2234 3106 2526 3163 thesauros
2589 3118 2646 3163 et
2683 3123 2836 3163 arma
2867 3123 3200 3180 omnemque
3229 3110 3434 3180 regiam
3463 3126 3583 3165 ma-

1988 3199 2364 3270 gniﬁcentiam
2398 3200 2593 3270 legatis
2620 3209 2917 3267 monstrat,
2953 3215 3160 3270 eosque
3184 3216 3311 3256 cum
3339 3201 3587 3257 muneri-

1990 3293 2091 3347 bus
2120 3292 2185 3347 ad
2214 3291 2570 3365 Babylonium
2603 3294 2856 3351 remittit.
2888 3294 3027 3349 Tum
3053 3293 3216 3350 Isaias
3239 3295 3445 3350 Ezeefze
3461 3295 3539 3349 ait
3566 3313 3582 3351 :

1993 3383 2219 3455 Tempus
2250 3385 2370 3451 erit,
2394 3400 2512 3439 cum
2541 3386 2737 3442 diuitias
2764 3402 2896 3457 quas
2929 3386 3245 3457 spectandas
3301 3386 3586 3442 exhibitiin

1988 3473 2312 3547 Babylonem
2346 3475 2763 3546 transferentur,
2799 3484 2849 3530 et
2878 3475 2981 3544 ﬁlii
3020 3477 3098 3530 tui
3140 3477 3277 3546 regis
3304 3474 3588 3546 Babylonii

1988 3563 2212 3619 eunucln'
2262 3572 2439 3620 erunt.
2474 3565 2724 3630 Ezecias,
2772 3566 2868 3636 qui
2922 3568 3149 3621 verbum
3205 3567 3423 3622 Domini
3470 3582 3586 3622 non

1990 3654 2210 3711 irritum
2259 3672 2382 3713 esse
2427 3673 2592 3728 posse
2638 3657 2855 3713 sciret:
2895 3658 3035 3725 Pax,
3080 3658 3279 3729 inquit,
3322 3667 3432 3714 esto
3467 3674 3586 3713 mea

1990 3758 2167 3805 etate.
2235 3750 2306 3806 Et
2361 3751 2581 3823 adjecto
2648 3752 2754 3807 sibi
2814 3762 3063 3823 tempore
3120 3761 3317 3823 pacate
3367 3762 3583 3817 exacto,

1990 3847 2228 3902 moritur
2272 3863 2419 3905 anno
2471 3850 2595 3905 vitae
2644 3851 3106 3922 quinquagesimo
3153 3862 3375 3922 quarto,
3427 3854 3585 3925 regni

1990 3951 2139 3993 nono
2199 3945 2257 3993 et
2315 3939 2600 3995 vicesimo.
2662 3940 2941 3996 Manasses
2999 3950 3182 3996 autem
3242 3941 3386 3997 ﬁlius
3439 3942 3583 4013 ejus,

1991 4040 2251 4099 suscepto
2286 4046 2477 4101 regno,
2526 4032 2739 4087 nullum
2768 4032 2960 4104 ﬂagitii
2988 4043 3046 4089 et
3083 4033 3386 4103 impietatis
3409 4048 3587 4104 genus

1992 4120 2367 4190 praetermisit.
2412 4122 2549 4178 Nam
2600 4133 2657 4179 et
2713 4125 2975 4195 templum
3028 4124 3250 4193 polluit,
3306 4140 3371 4179 ac
3424 4139 3494 4179 ne
3552 4139 3591 4179 α

1991 4214 2281 4284 prophetis
2354 4215 2579 4281 quidem
2652 4218 2971 4272 et-cidendis
3045 4217 3153 4272 sibi
3238 4218 3583 4286 temperavit.

1990 4300 2360 4367 Quamobrem
2409 4304 2584 4360 iratus
2626 4304 2773 4361 Deus
2811 4306 3241 4379 Babyloniorum
3271 4307 3593 4362 exercitum

1997 4404 2187 4451 contra
2209 4394 2457 4452 Iudaeam
2480 4398 2705 4462 excivit,
2742 4401 2836 4469 qui
2863 4409 2919 4455 et
2950 4400 3292 4471 provinciam
3325 4401 3582 4465 vastavit,

298 4484 575 4558 ϐυλωνίῳ,
622 4487 895 4540 ἀπέλυσεν
950 4486 1171 4549 αὐτούς.
1250 4485 1483 4549 Ἡσαΐας
1533 4485 1589 4538 δὲ
1636 4480 1761 4538 εἷπε
1813 4484 1888 4556 τῷ

1998 4493 2055 4538 et
2107 4484 2410 4541 Manassem
2441 4488 2608 4557 cepit.
2646 4489 2804 4559 112
2849 4489 2954 4557 Qui
2994 4504 3054 4545 se
3087 4489 3418 4543 calamitatis
3460 4504 3585 4543 esse

309 4576 536 4650 Ἐζεκίᾳ
557 4593 573 4609 ο
618 4578 1013 4632 Ἐλεύσονται
1040 4579 1275 4647 ἡμέραι,
1327 4576 1430 4630 καὶ
1470 4579 1503 4630 ό
1523 4577 1792 4643 πλοῦτος
1821 4575 1888 4630 ὃν

1998 4592 2219 4632 causam
2246 4578 2578 4651 intelligens,
2602 4580 2671 4635 ad
2704 4581 3083 4651 ptenitcntiam
3106 4581 3372 4645 deﬂexus,
3410 4582 3585 4636 Deum

297 4668 653 4738 ἐθεὰτρισας
685 4672 775 4737 εἰς
817 4670 1155 4726 Βαϐυλῶνα
1180 4668 1675 4739 μετατεθήσεται,
1708 4668 1807 4723 καί
1839 4671 1888 4723 cl

1995 4679 2138 4735 orat,
2169 4678 2228 4725 ut
2271 4686 2547 4728 aerumnas
2579 4673 2839 4745 depellat.
2876 4673 2955 4729 Ita
2977 4674 3090 4730 voti
3120 4690 3347 4744 compos
3385 4674 3582 4738 factus,

304 4761 420 4813 υίοι
448 4777 575 4815 σου
604 4760 855 4815 ἔσονται
894 4764 984 4829 εις
1008 4763 1348 4830 εὐνούχους
1389 4761 1470 4828 τῷ
1490 4760 1751 4827 ,βασιλεῖ
1778 4764 1888 4816 Βα-

1993 4772 2051 4818 et
2070 4764 2306 4819 vinculis
2328 4764 2584 4831 solvitur,
2639 4774 2698 4821 et
2735 4766 2792 4821 in
2825 4781 3056 4838 regnum
3103 4767 3412 4830 restitutus,
3456 4782 3584 4821 eum

302 4850 601 4917 ϐυλώνος.
641 4851 892 4917 Ἐζεκίας
914 4853 993 4918 δὲ,
1029 4854 1152 4907 ἐπεὶ
1192 4853 1267 4925 μὴ
1299 4853 1583 4907 διαπεσεῖν
1619 4853 1888 4923 τὸνλόγον

1995 4854 2113 4924 ipse
2136 4855 2457 4927 religionem
2481 4858 2633 4923 colit,
2662 4866 2777 4912 tum
2806 4860 3015 4929 populo
3038 4868 3234 4916 auctor
3257 4871 3341 4915 est
3360 4872 3417 4915 ut
3435 4859 3582 4916 idem

300 4944 392 4996 τοῦ
435 4945 578 4998 Θεοῦ
640 4945 899 5000 δυνατόν·
944 4948 1164 5014 Ἔστω,
1197 4946 1390 5019 φησὶν,
1419 4947 1629 5017 simini
1662 4947 1731 5001 ἐν
1760 4946 1888 5012 ταῖς

1999 4945 2164 5001 faciat
2189 4966 2203 5001 :
2237 4959 2293 5003 et
2314 4949 2625 5019 exemplum
2650 4951 2873 5021 pietatis
2892 4952 3092 5019 factus,
3116 4952 3232 5008 obit
3252 4969 3399 5009 anno
3429 4954 3583 5023 regni

302 5038 556 5106 ἡμέραις
594 5057 728 5108 μου.
775 5040 1056 5107 Ἐπιϐιοὺς
1104 5041 1161 5094 δὲ
1191 5042 1285 5095 τὸν
1331 5041 1705 5115 προστεθέντα
1736 5038 1888 5111 αὐτῷ

1997 5040 2457 5110 quinquagesimo
2475 5042 2693 5112 quinto,
2709 5046 2893 5099 astatis
2914 5046 3255 5112 sexagesimo
3287 5047 3544 5117 septimo.

302 5132 496 5201 χρόνον
514 5132 1610 5204 είρηνικῶς,ονήσκει,πεντηκοστὸνκαὶ
1627 5131 1890 5201 τέταρτον
1928 5130 2047 5194 ἔτος
2116 5130 2324 5194 ἀνύσας
2374 5134 2433 5185 ἐν
2492 5137 2560 5205 τῇ
2590 5134 2727 5207 ζωῇ.
2785 5138 2944 5192 ὲννὲα
3013 5138 3070 5192 δὲ
3112 5138 3440 5208 βασιλεύσας
3481 5137 3580 5192 καὶ

304 5226 502 5281 εἴκοσι.
534 5225 1009 5296 Διαδεξέιμενοςδὲ
1041 5226 1139 5292 τὴν
1161 5225 1391 5296 ἀρχὴνὸ
1426 5224 1542 5286 υίδς
1596 5223 1762 5277 αὐτοῦ
1826 5224 2156 5292 Μανασσῆς,
2226 5225 2335 5277 πᾶν
2405 5221 2548 5290 εἶδος
2602 5229 2800 5290 κακίας
2851 5230 2944 5283 καὶ
2994 5230 3256 5293 ἀσεϐείας
3306 5232 3579 5303 πρότερον

306 5319 648 5387 ἐπεδείξατο,
680 5319 878 5389 μιάνας
906 5335 964 5371 τε
991 5317 1084 5372 τὸν
1115 5318 1263 5385 ναὸν,
1317 5319 1411 5372 καὶ
1448 5318 1585 5388 μηδὲ
1611 5318 1719 5371 τῶν
1783 5318 2080 5387 προφητῶν
2148 5318 2504 5389 φεισάμενος.
2578 5319 2888 5391 Ὀργισθεὶς
2916 5324 2973 5377 δὲ
2995 5324 3086 5377 διὰ
3149 5325 3327 5378 ταῦτα
3362 5327 3390 5378 ὁ
3417 5325 3576 5404 Θεὸς,

303 5411 401 5483 τὴν
427 5412 540 5466 τῶν
592 5410 955 5466 Βαϐυλωνίων
1008 5410 1273 5481 στρατιὰν
1302 5409 1447 5465 κατά
1483 5410 1586 5481 τῆς
1620 5409 1885 5472 Ἰουδαίας
1927 5412 2201 5481 ἐκίνησεν,
2264 5413 2298 5483 ἢ
2328 5414 2425 5482 τήν
2455 5431 2512 5465 τε
2541 5413 2727 5485 χώραν
2751 5416 3029 5485 ἐληΐσατο,
3071 5417 3282 5470 καὶτὸν
3349 5420 3500 5473 Μανο
3517 5435 3584 5473 σ-

1532 5591 1737 5654 Variaa
1772 5589 2080 5654 lectiones
2128 5601 2190 5654 et
2225 5604 2413 5656 notae.

382 5809 496 5880 (68)
532 5807 887 5880 Νιιχωρδάν.
917 5809 1056 5869 Cod.
1077 5809 1585 5885 Colb._l\'1:ojo£iv,
1620 5828 1783 5888 quem
1818 5814 1888 5870 δυ.

1993 5814 2094 5871 ltus
2124 5813 2221 5869 lib.
2258 5831 2313 5883 κ,
2342 5832 2442 5886 cap
2503 5815 2587 5885 ll,
2626 5814 3059 5890 Ἀσςαροκίδδαν
3095 5830 3272 5874 vocat.
