4092 6408
481 290 590 359 215
1762 287 2052 348 ΙΟΛΝΝΙη

2152 288 2448 348 ΕΟΝΑΙΠΞ
3651 291 3756 354 216

483 410 584 480 σῆν
647 408 1000 482 ἐχειρώσατο.
1052 411 1112 463 '0
1150 408 1206 464 δὲ
1247 408 1429 472 συνεὶς
1488 406 1682 462 ἑαυτὸν
1715 406 1816 474 τῆς
1881 407 2170 474 συμφορᾶς
2237 407 2436 468 αἴτιον,
2494 407 2784 461 ἀπέκλινεν
2824 409 2904 472 είς
2936 407 3251 478 μετάνοιαν,
3296 409 3398 461 καὶ
3433 409 3644 464 ίκέτευε
3666 409 3752 462 τὸν

479 505 614 559 Θεὸν
644 505 806 560 λύσαι
863 507 914 561 οί
959 506 1030 560 τὰ
1063 506 1324 578 δυσχερῆ.
1379 507 1490 560 Ka't
1553 507 1581 560 ὁ
1609 504 1744 568 Θεὸς
1781 502 2096 566 ἐπακούσας
2134 502 2324 568 αὑτοῦ,
2353 504 2472 557 λύει
2496 521 2554 558 τε
2603 506 2700 574 τῆς
2734 503 3115 575 αἰχμαλωσίας
3150 503 3333 567 αὐτὸν,
3369 504 3470 558 καὶ
3531 505 3614 566 είς
3651 504 3747 574 τὴν

481 597 764 670 βασιλείαν
819 599 1282 670 ἀποκαθίστησιν.
1323 596 1674 653 Ἐπανελθὼν
1712 596 1772 649 δὲ
1819 597 2049 658 ἐκεῖνος,
2091 593 2379 648 εὐσέϐειαν
2399 597 2560 662 αὑτός
2609 615 2667 652 τε
2719 595 2932 668 μετῄει,
3000 597 3099 652 καὶ
3149 595 3245 648 τὸν
3289 594 3423 648 λαὸν
3497 596 3747 666 μετιέναι

474 689 793 746 ἀνέπειθεν.
835 690 991 745 Οὕτω
1014 691 1071 745 δὲ
1105 692 1299 762 ζήσας,
1327 690 1570 761 ζηλωτὸς
1593 690 1812 760 ἐγένετο
1868 687 1958 741 διά
2023 687 2122 755 τήν
2163 687 2469 755 εὐσέϐειαν,
2536 692 2633 744 καὶ
2683 690 3025 757 ἐτελεύτησε,
3064 688 3394 760 βασιλεύσας
3457 691 3747 752 ἐνιαυτοὺς

475 786 640 837 πέντε
679 782 818 850 πρὸς
865 783 1232 852 πεντήκοντα,
1297 783 1502 853 βιώσας
1551 783 1610 837 δὲ
1662 783 1788 848 τοὺς
1841 781 2053 840 πάντας
2091 776 2358 848 ἐξήκοντα
2390 784 2487 836 καλ⁵
2517 783 2681 838 ἑπτά.

547 874 740 930 XXIV.
775 875 1023 944 Regnum
1051 873 1118 929 ad
1166 875 1338 930 tilium
1369 875 1488 946 ejus
1519 874 1782 930 Amosum
1815 871 2052 927 devolvi-

2231 874 2356 930 KA'.
2412 877 2478 930 Ἦ
2531 877 2780 948 βασιλεία
2813 878 2870 933 δὲ
2915 879 3055 951 πρὸς
3111 878 3292 949 Ἀμὼς
3335 875 3594 948 μετῆλθε,
3650 875 3743 929 τὸν

473 975 587 1031 tur,
623 967 718 1036 qui
751 965 1138 1021 adolescentia:
1174 975 1415 1036 paterna:
1456 967 1718 1029 imitator,
1753 980 1899 1020 anno
1923 971 2052 1018 aeta-

2163 969 2330 1022 παῖδα
2354 970 2546 1034 αὐτοῦ,
2579 971 2964 1042 μιμησάμενον
2993 972 3062 1026 τὰ
3111 972 3210 1040 τῆς
3263 970 3519 1035 νεότητο,
3548 966 3641 1020 τοῦ
3669 969 3746 1019 oi-

472 1059 544 1113 tis
590 1057 855 1114 vicesimo
893 1067 1125 1129 quarto,
1175 1059 1330 1130 regni
1393 1059 1640 1114 secundo
1687 1074 1784 1129 per
1829 1056 2060 1112 insidias

471 1147 782 1203 occiditur:
809 1148 874 1202 de
894 1150 1050 1220 cujus
1070 1150 1490 1220 percussoribus
1522 1150 1796 1220 supplicio
1813 1158 2057 1218 sumpto,

471 1239 712 1310 populus
739 1241 909 1295 tilium
940 1241 1061 1311 ejus
1087 1242 1291 1298 Josiam
1309 1258 1485 1297 annos
1503 1251 1629 1298 octo
1662 1251 1848 1296 natum
1874 1256 2057 1312 regem

471 1332 736 1403 appellat.
773 1332 824 1388 is
863 1333 986 1404 pius
1026 1334 1150 1398 fuit,
1196 1345 1253 1390 et
1283 1336 1544 1404 populum
1594 1335 1661 1388 ad
1713 1335 1808 1390 Dei
1844 1334 2055 1390 cultum

471 1425 814 1492 cohortatus,
842 1435 1205 1497 susceptaque
1236 1426 1426 1497 templi
1471 1426 1794 1492 refectione,
1844 1427 2059 1482 monuit

471 1532 567 1573 eos
593 1517 686 1587 qui
725 1517 975 1583 aderant,
1013 1527 1074 1573 ut
1119 1533 1223 1574 suo
1249 1520 1483 1590 quisque
1515 1519 1788 1574 arbitratu
1821 1518 1888 1574 ad
1915 1534 2058 1589 opus

471 1609 680 1680 aliquid
742 1609 1037 1666 conferret.
1091 1611 1169 1666 Eo
1229 1620 1414 1681 pacto,
1453 1612 1687 1681 pecunia
1735 1619 1943 1674 coacta,
1999 1618 2058 1666 et

474 1701 743 1770 templum
797 1700 1163 1755 instauratum
1215 1710 1323 1767 est,
1355 1713 1412 1758 et
1445 1718 1567 1772 qua:
1602 1701 1968 1772 superfuerat,
2001 1701 2055 1755 in

471 1803 738 1859 crateres,
774 1793 1008 1860 calices,
1034 1803 1091 1848 et
1140 1794 1348 1864 phialas
1383 1795 1579 1850 collata
1607 1835 1622 1858 ,
1662 1794 1882 1850 Cheleia
1920 1809 2055 1863 pon-

471 1886 620 1942 titice
653 1886 1100 1942 administratore
1135 1903 1150 1952 ;
1177 1887 1270 1957 qui
1295 1888 1423 1942 dum
1454 1887 1740 1956 pecuniam
1763 1903 1830 1941 ex
1862 1886 2058 1941 aerario

472 1977 768 2048 depromit,
788 1993 977 2033 sacros
1011 1978 1363 2033 lihrosMosis
1397 1989 1602 2034 temere
1621 1977 1752 2032 illuc
1777 1977 2058 2047 conjectos

473 2071 687 2126 invenit
717 2085 782 2126 ae
811 2086 909 2140 per
931 2071 1167 2126 scribam
1205 2071 1317 2141 regi
1353 2070 1542 2126 mittit.
1573 2070 1703 2137 Qui,
1741 2069 1897 2124 lectis
1925 2068 2056 2135 illis,

472 2171 656 2217 vestes
699 2177 828 2217 suas
860 2162 1085 2226 lacerat,
1120 2169 1178 2216 et
1219 2161 1498 2217 Chelciam
1546 2161 1885 2216 sacerdotem
1931 2175 2057 2215 cum

2159 1063 2311 1116 κείου
2373 1063 2615 1135 πατρόςο
2680 1064 2920 1119 ἀπέθανε
2970 1064 3027 1118 δὲ
3075 1063 3515 1125 ἐπιϐουλευθεὶς.
3570 1059 3746 1129 ζήσας

2158 1155 2440 1219 ἐνιαυτοὺς
2471 1155 2565 1210 ἐπὶ
2593 1157 2888 1227 τέσσαρσιν
2933 1157 3141 1223 είκοσι,
3166 1155 3260 1209 δύο
3294 1155 3351 1208 δὲ
3391 1153 3745 1224 βασιλεύσας.

2159 1246 2298 1307 Τοὺς
2325 1245 2381 1299 δὲ
2410 1247 2576 1300 αύτδν
2599 1247 2892 1311 ἀνελόντας
2915 1247 3300 1317 ἐτιμωρήσατο
3323 1245 3356 1315 ἠ
3392 1242 3632 1312 πληθὺς,
3652 1242 3747 1294 καί

2159 1336 2392 1408 βασιλέα
2419 1337 2513 1391 τὸν
2562 1339 2680 1391 υίὸν
2726 1339 2942 1392 ἐκείνου
2977 1337 3254 1401 ἀνέδειξεν
3288 1334 3529 1396 Ἰωσίαν,
3561 1333 3746 1398 ὃγδοον

2157 1431 2256 1501 τῆς
2283 1430 2501 1500 ἡλικίας
2526 1429 2760 1485 ἀνύοντα
2785 1431 2998 1500 χρόνον,
3032 1430 3090 1494 ὃς
3120 1428 3350 1491 εὐσεϐὴς
3381 1427 3625 1492 ἐγένετο,
3651 1424 3746 1477 καὶ

2156 1527 2250 1578 τὸν
2279 1525 2407 1580 λαὸν
2465 1525 2754 1581 ἀνέπειθεν
2803 1525 3074 1580 εὐσεϐεῖν.
3109 1523 3514 1580 Ἐπισκευάσαι
3537 1522 3594 1574 δὲ
3626 1521 3747 1590 βου-

2157 1617 2344 1688 ληθεὶς
2373 1617 2467 1671 τὸν
2509 1619 2657 1683 ναὸν,
2678 1617 2912 1688 παρῄνει
2936 1619 3048 1680 τοῖς
3084 1617 3190 1670 ὑπὸ
3233 1617 3393 1686 χεῖρα
3423 1612 3629 1664 διδόναι
3669 1611 3747 1672 είς

2158 1711 2256 1782 τὴν
2285 1709 2608 1782 ἐπισκευὴν,
2645 1711 2769 1764 ὅσον
2817 1711 3050 1772 ἕκαστος
3108 1707 3382 1778 βούλεται.
3440 1705 3554 1759 Kal.
3603 1701 3745 1756 οὕτω

2160 1803 2541 1874 συναχθέντων
2564 1803 2889 1874 χρημάτων,
2917 1804 2945 1855 ὂ
2978 1819 3038 1854 τε
3073 1801 3202 1864 ναὸς
3239 1795 3618 1865 ἀνεκαινίσθη,
3651 1797 3746 1848 καὶ

2159 1901 2275 1962 τοῖς
2298 1895 2723 1968 περιττεύσασιν
2753 1896 2832 1957 είς
2863 1895 3167 1965 κρατῆρας,
3205 1893 3300 1946 καλ⁵
3331 1889 3614 1952 σπονδεῖα,
3647 1887 3745 1941 καὶ

2159 1988 2362 2058 φιάλας
2407 1989 2701 2058 ἐχρήσατο,
2759 1986 2852 2040 τοῦ
2903 1984 3205 2057 ἀρχιερέως
3253 1981 3492 2037 Χελκίου
3532 1978 3743 2040 τούτοις

2158 2079 2599 2142 ἐπιστατοῦντος·
2623 2078 2680 2141 ὂς
2700 2076 3021 2146 ἐντυγχάνει
3045 2077 3160 2137 ταῖς
3185 2075 3356 2144 ἱεραῖς
3380 2070 3478 2124 τοῦ
3497 2068 3741 2131 Μωσέως

2091 2219 2132 2272 Β
2163 2174 2367 2246 βίϐλοις
2390 2175 2450 2226 ὲν
2470 2172 2548 2242 τῷ
2565 2171 2784 2240 ἑξάγειν
2815 2170 2909 2224 τοῦ
2938 2168 3086 2240 ἱεροῦ
3109 2166 3334 2236 ταμείου
3366 2164 3429 2218 τὸ
3453 2162 3739 2261 ἀργύριον,

471 2255 597 2309 aliis
621 2255 687 2309 ad
721 2253 913 2310 Oldam
945 2254 1218 2310 fatidicam
1268 2253 1556 2308 mulierem
1589 2251 1795 2308 Selumi
1831 2268 2052 2307 uxorem

2161 2265 2556 2336 ἀποκειμέναις
2610 2265 2749 2328 ἐκεῖ,
2818 2262 2915 2317 κα.)⁵
2972 2261 3182 2315 στέλλει
3240 2257 3454 2322 ταύτας
3507 2255 3597 2308 διὰ
3646 2250 3740 2305 τοῦ

473 2348 686 2411 mittit,
749 2356 944 2417 petens
992 2357 1054 2402 ut
1109 2347 1280 2402 Deum
1329 2345 1527 2415 placet.
1590 2345 1685 2400 llla
1743 2345 2056 2415 respondet,

469 2442 687 2496 Numen
715 2441 828 2512 jam
861 2439 1185 2510 sutl‘ragium
1211 2439 1405 2494 tulisse
1433 2446 1625 2494 contra
1668 2438 1972 2508 regionem,
2003 2447 2060 2493 et

472 2533 736 2604 populum
775 2532 993 2587 violata:
1038 2531 1325 2603 religionis
1374 2545 1554 2595 reum,
1587 2537 1770 2584 tamen
1809 2527 1881 2584 ob
1915 2527 2060 2598 regis

465 2625 733 2697 justitiam
779 2624 964 2680 clades
1013 2638 1123 2679 non
1150 2637 1272 2679 esse
1311 2637 1460 2677 nunc
1505 2620 1922 2676 immissurum:
1960 2619 2057 2675 sed

471 2724 658 2770 amoto
680 2715 794 2777 illo.
821 2723 937 2770 tum
963 2715 1183 2770 demum
1215 2714 1544 2770 sententiam
1574 2714 1739 2768 latam
1760 2719 2057 2767 exsecutu-

471 2825 619 2866 rum.
691 2809 828 2873 Rex,
879 2808 968 2864 his
1043 2808 1270 2872 auditis,
1338 2806 1601 2876 populum
1679 2803 2056 2875 Hierosolyma

471 2910 761 2969 convocat,
821 2911 879 2957 et
926 2917 1113 2958 sacros
1160 2902 1333 2957 libros
1387 2899 1743 2955 audientibus
1798 2897 2057 2952 omnibus

472 2995 790 3050 reeitandos
841 3003 1017 3050 curat.
1085 2993 1293 3050 Deinde
1343 2991 1706 3064 jurejurando
1761 2990 2058 3061 obstringit

470 3102 685 3152 omnes,
721 3095 782 3141 ttt
830 3087 977 3158 leges
1013 3095 1256 3152 servent,
1288 3094 1346 3141 et
1379 3085 1594 3140 Numen
1625 3083 1830 3138 colant.
1876 3083 2056 3149 Quare

468 3180 707 3250 populus
747 3177 1030 3234 sacriﬁciis
1072 3178 1248 3249 placat
1309 3178 1507 3234 Deum.
1544 3177 1674 3232 Post
1727 3175 1843 3231 haec
1881 3175 2056 3231 simu-

468 3274 747 3328 lacrorum
817 3271 1048 3327 donaria
1129 3269 1399 3336 incendit,
1471 3284 1664 3325 eorum
1723 3267 2056 3338 jsacerdotes

470 3366 698 3431 occidit,
759 3373 816 3420 et
867 3363 1482 3434 pseudoprophetarum
1549 3377 1671 3417 ossa
1732 3360 1788 3416 in
1843 3375 1907 3416 ea
1958 3375 2054 3414 ara

469 3467 714 3520 cremat,
775 3472 938 3528 quam
983 3455 1343 3512 Jeroboamus
1400 3461 1746 3510 exstruxerat
1791 3471 1805 3508 :
1856 3467 2053 3524 quem-

2158 2357 2536 2430 γραμματέως
2562 2356 2641 2427 τῷ
2665 2354 2897 2426 βασιλεῖ.
2931 2353 3023 2415 Ὠς
3047 2352 3092 2405 δ’
3117 2349 3547 2419 ἀνεγνώσθησαν
3570 2343 3736 2413 αὐτῷ,

2157 2453 2256 2524 τὴν
2284 2451 2486 2522 ἐσθῆτα
2513 2447 2789 2521 διέρρηξε,
2816 2447 2910 2501 καὶ
2935 2445 3074 2517 πρὸς
3095 2443 3194 2514 τὴν
3213 2443 3510 2515 προφήτην
3551 2437 3741 2492 Ὀλδὶν

2156 2547 2393 2614 γυναῖκα
2427 2543 2658 2612 Σελοὺμ,
2689 2539 2905 2610 ἔπεμψε
2937 2539 3027 2592 τὸν
3077 2537 3344 2610 ἀρχιερέα
3369 2533 3613 2589 Χελκίαν
3645 2528 3740 2582 καὶ

2158 2638 2375 2698 ἄλλους,
2415 2633 2750 2688 ίλεώσασθαι
2780 2633 2872 2684 τὸν
2903 2630 3038 2685 Θεὸν
3067 2628 3236 2694 ἀξιῶν
3262 2627 3460 2696 αὑτήν.
3498 2624 3563 2677 Ἦ
3593 2617 3648 2674 δὲ
3680 2618 3741 2671 τὸ

2161 2732 2258 2803 μὲν
2285 2730 2440 2781 Θεῖον
2463 2727 2566 2798 ήδη
2593 2726 2775 2796 ψῆφον
2801 2719 2956 2777 εἶπεν
2989 2722 3296 2788 ἐξενεγκεῖν
3328 2717 3476 2772 κατὰ
3517 2716 3615 2786 τῆς
3635 2708 3739 2782 χώ-

2157 2839 2279 2895 ρας,
2311 2823 2403 2874 καὶ
2432 2818 2527 2873 τοῦ
2580 2817 2713 2872 λαοῦ
2750 2815 3144 2886 άσεϐήσαντος,
3169 2811 3257 2865 διὰ
3282 2810 3340 2864 δὲ
3368 2809 3464 2863 τὸν
3513 2804 3736 2878 βασιλέα

2155 2915 2364 2968 δίκαιον
2393 2913 2544 2977 ὄντα,
2578 2910 2680 2962 οὐκ
2715 2907 2938 2973 ἐπάξειν
2971 2905 3066 2960 νῦν
3101 2905 3167 2959 τὰ
3197 2902 3367 2960 κακά.
3397 2899 3567 2954 αὐτού
3595 2913 3736 2966 παρ-

2156 3007 2428 3070 ελθόντος,
2463 3005 2762 3073 γενήσεται
2806 3000 2874 3054 τά
2920 2997 3289 3068 ἐψηφισμένα.
3335 2994 3395 3047 '0
3437 2993 3495 3046 δὲ
3533 2989 3734 3044 τούτων

2155 3097 2420 3161 ἀκούσας,
2466 3096 2745 3164 συνήγαγε
2785 3093 2878 3146 τὸν
2931 3090 3064 3146 λαὸν
3113 3091 3192 3152 είς
3231 3086 3612 3158 Ἰεροσόλυμα,
3641 3079 3736 3132 καὶ

2155 3192 2236 3256 είς
2275 3191 2511 3262 ἐπήκοον
2551 3187 2772 3241 πάντων
2801 3184 2899 3246 τὰς
2933 3183 3088 3254 ίεράς
3122 3180 3337 3251 βίϐλους
3379 3171 3737 3243 ἀναγνωσθῆ-

2154 3304 2243 3343 ναι
2293 3283 2618 3353 πεποίηκεν.
2670 3275 2806 3333 Εῐτα
2832 3278 3032 3348 ὅρκους
3085 3275 3152 3327 ἐκ
3195 3274 3420 3326 πάντων
3465 3267 3733 3338 ἀπῄτησε,

2156 3379 2469 3452 φυλάττειν.
2486 3375 2614 3438 τοὺς
2653 3372 2878 3442 νόμους,
2914 3370 3010 3423 καὶ
3042 3366 3298 3420 σέϐεσθαι
3323 3364 3418 3418 τὸν
3449 3362 3604 3416 Θεόν.
3630 3357 3736 3452 Kal

2155 3449 2302 3528 θύων
2328 3474 2357 3525 δ
2404 3469 2534 3533 λαὸς
2567 3466 2842 3534 ὲξιλεοῦτο
2871 3463 2963 3517 τὸν
2993 3462 3148 3516 Θεόν.
3189 3459 3503 3530 Ἑνέπρησε
3551 3455 3607 3508 δὲ
3639 3449 3733 3506 καὶ

469 3549 764 3606 admodum
805 3548 1075 3620 prepheta
1121 3548 1214 3603 ille
1245 3549 1294 3603 ei
1349 3546 1651 3602 immolanti
1701 3545 2049 3616 praedixerat,

2152 3567 2221 3621 τὰ
2246 3564 2576 3634 ἀναθήματα
2609 3561 2717 3614 τῶν
2764 3555 3019 3622 εἰδώλων,
3078 3555 3172 3609 καὶ
3213 3554 3340 3616 τοὺς
3405 3552 3576 3621 ἱερεῖς
3634 3545 3732 3599 αύ-

468 3643 588 3696 fore
632 3641 834 3697 .losiam
862 3640 1153 3711 quemdam
1204 3653 1235 3693 e
1282 3641 1604 3709 posteritate
1646 3637 1924 3702 Davidica,
1955 3637 2048 3708 qui

469 3735 565 3790 illa
622 3733 869 3789 facturus
933 3743 1081 3789 esset
1127 3751 1140 3786 :
1180 3732 1354 3803 idque
1419 3731 1624 3787 factum
1693 3740 1816 3802 post
1877 3746 2053 3786 annos

467 3838 748 3884 trecentos
795 3827 1073 3897 sexaginta
1109 3840 1300 3880 unum.
1346 3824 1492 3881 idem
1536 3825 1702 3880 etiam
1753 3824 2049 3892 lsraelitas,

467 3922 564 3993 qui
616 3923 992 3991 captivitatem
1035 3919 1363 3991 cliugerant.
1422 3917 1659 3983 monuit,
1709 3927 1770 3973 ut
1813 3918 2050 3990 patrium

466 4015 640 4070 Deum
671 4012 936 4074 colerent.
963 4019 1020 4066 et
1041 4011 1189 4080 leges
1217 4010 1576 4066 observarent
1602 4027 1618 4064 :
1643 4018 1698 4064 et
1729 4010 1962 4065 sublatis
1982 4026 2051 4065 ex

467 4107 619 4162 omni
656 4105 938 4178 'provincia
967 4102 1298 4163 simulacris,
1328 4102 1642 4172 populoque
1669 4101 2044 4174 Hierosolyma

471 4201 630 4272 113
665 4205 1016 4269 congregato,
1049 4196 1377 4267 Azymorum
1416 4194 1638 4262 festum,
1669 4194 1815 4264 quod
1842 4193 2051 4249 Pascha

464 4305 688 4359 vocant,
720 4292 1042 4357 celebravit,
1095 4306 1161 4346 ac
1179 4291 1290 4345 vita
1322 4288 1614 4359 tranqttilla
1647 4296 1789 4353 aeta,
1829 4289 2048 4343 tandem

465 4389 825 4461 sagittaictus
862 4385 1018 4440 obiit.
1046 4384 1181 4439 Nam
1215 4398 1311 4438 rex
1335 4380 1718 4452 Egyptiorum
1773 4382 2048 4444 Necltaus,

464 4481 673 4537 bellum
715 4478 886 4535 Medis
919 4477 1195 4542 illaturus,
1235 4490 1362 4530 cum
1405 4474 1640 4530 transitu
1682 4489 1780 4544 per
1803 4473 2048 4530 Iudaeam

464 4590 497 4629 α
563 4571 714 4628 Josia
789 4568 1201 4639 prohiberetur,
1264 4565 1515 4636 quamvis
1589 4566 1711 4622 sine
1778 4565 2050 4622 maleﬁcio

467 4665 827 4720 transiturum
904 4659 1272 4730 promitteret,
1345 4673 1584 4728 pugnam
1645 4659 1914 4724 instruit,
1992 4668 2051 4714 et

465 4755 637 4832 Josia,
675 4753 806 4808 dum
858 4752 1033 4807 aciem
1071 4750 1378 4816 ordinaret,
1407 4750 1606 4820 sagitta
1659 4750 1791 4816 icto,
1839 4750 2048 4806 bellum

466 4847 654 4906 solvit.
707 4846 824 4901 Rex
875 4843 1249 4916 Hierosolyma
1301 4858 1560 4898 reversus
1611 4844 1849 4912 decedit,
1902 4861 2047 4900 anno

467 4940 624 5012 regni
643 4936 923 4993 tricesimo
945 4935 1145 5006 primo,
1165 4935 1309 5004 quod
1325 4950 1500 4990 annos
1523 4945 1648 4991 octo
1667 4947 1832 4990 natus
1855 4953 2044 4992 susce-

469 5040 650 5104 perat.
675 5028 789 5086 Sub
811 5029 918 5083 hoc
951 5027 1055 5081 fuit
1084 5027 1348 5098 propheta
1378 5026 1664 5089 Jeremias.
1711 5028 1805 5096 qui
1831 5028 2042 5083 cladem

467 5121 862 5194 Hierosolymis
891 5119 1270 5176 imminentem
1306 5119 1654 5186 vaticinatus,
1695 5119 1813 5175 fore
1846 5121 2048 5190 praedi-

466 5220 567 5286 xit,
629 5227 690 5273 ut
744 5215 814 5271 ab
844 5214 1078 5285 Assyriis
1100 5223 1451 5283 caperentur.
1494 5213 1683 5282 Neque
1733 5212 1822 5268 hic
1844 5217 2047 5278 solum,

465 5311 565 5370 sed
607 5323 664 5367 et
711 5309 967 5366 Ezechiel
1004 5308 1212 5377 primus
1247 5307 1334 5361 his
1382 5307 1450 5362 de
1494 5307 1658 5360 rebus
1688 5306 1827 5362 duos
1876 5307 2048 5361 libros

467 5404 710 5475 reliquit,
786 5411 1018 5471 uterque
1096 5415 1164 5456 ex
1235 5398 1379 5452 tribu
1465 5398 1815 5453 sacerdotali.
1899 5400 2048 5456 Josia

467 5497 752 5558 defuncto.
807 5496 1110 5551 Joacltasus
1156 5493 1301 5548 ﬁlius
1333 5493 1453 5563 ejus
1501 5507 1675 5548 annos
1702 5493 1891 5563 viginti
1938 5503 2049 5548 tres

466 5597 650 5652 natus,
694 5604 924 5658 regnare
961 5587 1173 5656 incipit,
1215 5586 1382 5641 homo
1430 5585 1654 5655 impius,
1681 5601 1844 5655 quem
1877 5585 2043 5655 Egy-

466 5682 548 5751 pti
593 5698 689 5736 rex
727 5697 756 5736 a
819 5681 962 5735 bello
1005 5695 1277 5744 reversus,
1339 5679 1393 5734 in
1415 5679 1634 5734 vincula
1669 5679 1926 5748 conjeeit,
1981 5693 2044 5733 ae

467 5790 696 5846 regnum
727 5775 927 5831 seniori
968 5774 1119 5830 fratri
1153 5774 1417 5830 Eliacimo
1461 5772 1632 5841 dedit,
1668 5782 1878 5829 mutato
1923 5773 2044 5844 ejus

2151 3659 2262 3713 τῶν
2290 3657 2626 3716 ἐθανάτωσε,
2665 3652 2760 3706 καὶ¹
2807 3650 2879 3704 τὰ
2906 3649 3015 3703 τῶν
3075 3645 3545 3718 ψευδοπροφητῶν
3601 3636 3731 3691 ὀστᾶ.

2151 3752 2287 3824 πυρὶ
2357 3750 2699 3805 κατέκαυσεν
2775 3745 2869 3800 ἐπὶ
2925 3741 3022 3798 τοῦ
3083 3739 3267 3812 βωμοῦ
3302 3780 3317 3805 ,
3377 3737 3439 3792 ὃν
3501 3733 3729 3824 ἀνέστη-

2151 3823 2242 3898 σεν
2301 3839 2611 3913 Ἰεροϐοάμ,
2669 3836 2812 3891 κατά
2860 3835 2962 3907 τὴν
3027 3831 3122 3885 τοῦ
3155 3828 3441 3901 προφήτου
3486 3823 3728 3895 πρόρῤηη

2151 3955 2258 4000 σιν,
2310 3935 2369 3997 ὃς
2418 3933 2738 3996 θυσιάζοντι
2787 3926 3098 3999 προσῆλθεν
3122 3922 3336 3992 ἐκείνῳ,
3369 3921 3469 3974 καὶ
3503 3916 3730 3986 προεῖπε

2149 4031 2326 4085 ταῦτα
2384 4028 2638 4098 ποιήσειν
2695 4023 2966 4093 ἀπόγονον
3016 4019 3110 4072 τοῦ
3143 4014 3306 4070 Δαϐὶδ
3343 4012 3560 4067 Ἰωσίαν
3594 4003 3730 4078 μετά

2151 4122 2442 4194 τριακόσια
2491 4119 2586 4189 ἔτη
2613 4114 2711 4171 καὶ
2737 4114 3003 4185 ἐξήκοντα
3026 4111 3162 4184 πρὸς
3186 4108 3286 4163 ἑνί.
3306 4107 3420 4162 Καὶ
3449 4103 3586 4176 πρὸς
3607 4099 3732 4161 τοὺς

2163 4214 2508 4285 Ἰσραηλίτας
2536 4212 2595 4264 δὲ
2633 4207 2921 4278 πορευθεὶς
2952 4206 3193 4266 Ἰωσίας,
3241 4203 3359 4256 ὅσοι
3393 4200 3494 4270 τὴν
3529 4197 3730 4264 αἰχμα-

2149 4307 2354 4360 λωσίαν
2382 4304 2664 4372 διέφυγον,
2711 4296 2804 4350 τὸν
2846 4296 3078 4366 πάτριον
3133 4291 3367 4364 παρῄνει
3401 4283 3731 4359 θρησκεύειν

2149 4396 2306 4458 Θεὸν,
2337 4393 2432 4447 καὶ
2477 4370 2624 4446 κατά
2672 4390 2874 4460 νόμους
2927 4385 3097 4457 βιοῦν.
3153 4386 3263 4438 Kal.
3300 4384 3358 4448 ἐξ
3385 4383 3606 4448 ἀπάσης
3633 4370 3730 4460 τῆς

2151 4487 2336 4560 χώρας
2374 4483 2648 4554 ἀφανίσας
2699 4459 2770 4536 τά
2826 4481 3047 4547 εἴδωλα,
3105 4479 3188 4539 εἱς
3254 4470 3619 4545 Ἰερουσαλὴμ
3670 4459 3730 4560 τὸ

2151 4558 2359 4651 πλῆθος
2394 4578 2694 4647 συνήγαγε,
2725 4579 2821 4630 καὶ
2849 4575 2949 4646 τὴν
2976 4574 3085 4626 τῶν
3121 4570 3381 4640 Ἀζύμων
3420 4565 3636 4636 ἑορτὴν,
3665 4558 3729 4628 ἢν

2149 4673 2344 4742 Πάσχα
2369 4669 2646 4734 καλοῦσιν,
2675 4667 2942 4740 ὲώρτασε.
2977 4666 3102 4718 Βίον
3131 4663 3189 4716 δὲ
3219 4661 3499 4732 εἰρηνικὸν
3538 4655 3732 4742 διαγῖ⁸

2149 4761 2285 4832 γὼν,
2309 4761 2588 4827 τοξευθεὶς
2617 4760 2710 4812 ἐπὶ
2739 4758 2904 4821 τέλει,
2951 4757 3043 4808 τὸν
3071 4754 3187 4825 βίον
3232 4747 3628 4820 κατέστρεψεν.
3669 4738 3726 4789 '0

2149 4857 2259 4926 γὰρ
2288 4855 2400 4909 τῶν
2426 4851 2743 4920 Αἰγυπτίων
2771 4849 3025 4922 βασιλεὺς
3066 4849 3263 4918 Νεχαὼ
3304 4845 3528 4914 Μήδους
3576 4843 3729 4890 πολε-

2155 4949 2346 5019 μήσων
2369 4946 2556 5018 ἀπῄει,
2585 4944 2736 5016 εἶργε
2773 4944 2832 4997 δὲ
2862 4943 3024 4997 αὐτὸν
3058 4941 3269 5001 Ἰωσίας
3296 4939 3384 4992 διὰ
3413 4939 3514 5009 τῆς
3545 4930 3726 5003 χώρας

2146 5038 2314 5093 αὑτοῦ
2347 5038 2660 5106 παρελθεῖν.
2730 5035 2792 5087 '0
2844 5034 2903 5086 δὲ
2957 5033 3034 5104 μὴ
3067 5032 3154 5085 ἐπ’
3207 5031 3371 5084 αὐτὸν
3409 5023 3724 5098 στρατεύειν

2146 5132 2338 5202 ἐδήλου
2367 5131 2536 5202 αύτῷ.
2566 5129 2780 5193 Ἰωσίας
2811 5129 2869 5181 δὲ
2902 5127 2963 5179 οὐ
3001 5126 3240 5196 μεθίετο.
3289 5124 3429 5192 Ἤδη
3471 5120 3564 5174 οὖν
3593 5128 3727 5181 παρ-

2145 5225 2438 5276 ετάσσοντο
2505 5223 2898 5293 μαχεσόμενοι,
2959 5219 3054 5273 καὶ⁸
3111 5217 3328 5271 Ἰωσίαν
3359 5217 3723 5270 διατάσσοντα

2147 5318 2240 5368 τον
2263 5318 2464 5369 οἰκεῖον
2514 5314 2642 5368 λαὸν
2673 5313 2938 5379 τοξεύσας
2982 5311 3305 5380 Αἰγύπτιος,
3353 5310 3444 5362 τὸν
3491 5304 3723 5372 πόλεμον

2146 5409 2358 5464 ἔλυσεν.
2403 5409 2461 5462 Ὀ
2491 5407 2547 5460 δὲ
2576 5407 2830 5476 βασιλεὺς
2863 5404 3166 5472 ἀναζεύξας
3205 5406 3285 5466 είς
3349 5399 3719 5473 Ἰεροσόλυμα.

2145 5503 2394 5571 τελευτᾷ,
2433 5499 2761 5571 βασιλεύσας
2796 5500 2891 5568 ἔτη
2919 5498 3218 5568 τριάκοντα
3249 5496 3384 5568 πρὸς
3418 5495 3520 5553 ἑνὶ.
3549 5489 3716 5557 ζήσας

2142 5593 2199 5646 δὲ
2231 5593 2335 5662 πρὸ
2371 5593 2470 5659 τῆς
2520 5591 2798 5659 βασιλείας
2846 5591 3010 5644 ὀκτώ.
3063 5591 3186 5642 Ἐπὶ
3216 5590 3409 5642 τούτου
3450 5578 3717 5653 Ἱερεμίας

2141 5677 2207 5755 ἦν
2233 5685 2260 5736 ὁ
2295 5684 2604 5753 προφήτης,
2643 5682 2702 5746 ὃς
2731 5681 2826 5736 καὶ
2847 5683 2916 5736 τε
2944 5681 3328 5753 συμϐήσεσθαι
3359 5679 3619 5751 μέλλοντα
3648 5669 3712 5737 τῇ

2153 5775 2515 5847 Ἰερουσαλὴμ
2543 5774 2693 5829 δεινὰ
2718 5775 3119 5848 προηγόρευσε,
3143 5775 3238 5830 καὶ
3265 5772 3362 5847 τὴν
3390 5770 3496 5827 ὑπὸ
3523 5765 3716 5820 ’Δσσυν-
