4092 6390
357 331 465 403 211

1639 333 2046 398 ANNALIUM
2081 337 2230 399 Lm.
2272 291 2357 400 ιι.

3512 330 3627 399 218

357 453 492 526 ρῗών
525 447 691 519 αὐτῆς
730 446 936 503 ἅλωσιν
974 444 1114 519 (69).
1146 443 1222 500 Οὖ
1266 443 1429 515 μόνος
1477 445 1535 499 δέ
1587 438 1746 510 οὗτος
1801 448 1929 516 περὶ

2036 463 2259 506 normae
2283 467 2336 505 In
2355 448 2733 506 Joacliimum:
2764 449 3141 520 impcratoque
3167 448 3371 521 regioni
3398 459 3620 506 centum

353 546 558 598 τούτων
579 540 952 612 προέγραψεν,
984 539 1121 595 ἀλλὰ
1143 539 1241 593 καὶ
1275 539 1541 610 Ἰεζεκιὴλ
1558 539 1774 610 πρῶτος
1800 556 1868 592 πε
1878 538 1934 609 ρὶ

355 637 561 691 τούτων
600 634 695 688 δύο
748 633 928 705 βιϐλία
965 632 1262 686 κατέλιπεν
1287 646 1302 661 ⁶
1356 629 1500 704 ἦσαν
1538 633 1595 686 δὲ
1637 634 1807 703 ἄμφω
1833 633 1933 702 τῆς

360 731 643 803 ἱερατικῆς
690 728 890 798 φυλῆς.
945 728 1385 798 Τελευτήσαντος
1414 728 1471 781 δὲ
1508 727 1738 792 Ἰωσίου,
1776 726 1932 780 Ἰωά-

356 825 463 893 χαζ
490 823 520 875 ό
543 824 670 884 παῖς
696 819 865 875 αὐτοῦ
892 815 1080 892 ἧρξεν,
1110 822 1315 875 είκοσιν
1343 821 1436 874 ἐπὶ
1458 822 1637 891 τρισὶν
1670 820 1934 874 ἐνιαυτῶν

354 916 450 974 ὣν.
494 914 703 983 ἀσεϐὴς
752 913 1029 981 γεγονώς·
1067 912 1128 965 ὃν
1160 914 1270 966 ἀπὸ
1292 911 1386 966 τοῦ
1423 913 1660 981 πολέμου
1706 909 1934 977 ἀναζευ-

351 1009 482 1077 γνὺς
511 1009 539 1060 ό
562 1004 672 1059 τῶν
701 1006 1017 1074 Αἰγυπτίων
1048 1004 1326 1076 βασιλεὺς,
1354 1007 1534 1076 ἔδησε,
1570 1005 1663 1059 καὶ
1688 1004 1789 1077 τὴν
1830 1005 1933 1074 μὲν

353 1099 633 1172 βασιλείαν
653 1097 732 1170 τῷ
750 1098 1112 1169 πρεσϐυτέρῳ
1130 1098 1346 1171 ἀδελφῷ
1371 1098 1515 1151 Ἒλια
1525 1097 1611 1151 κεὶ
1619 1116 1656 1167 μ
1675 1098 1930 1163 δέδωκεν,

352 1190 608 1259 Ἰωακεὶμ
652 1191 1033 1261 μετονομάσας
1058 1190 1246 1255 αὐτὸν,
1272 1193 1366 1243 καὶ
1397 1190 1660 1261 εἰσφορὰν
1683 1191 1749 1261 τῇ
1775 1188 1933 1260 χώρα

351 1282 612 1349 ἐπιτάξας
665 1282 863 1335 ἐκατδν
915 1283 1187 1353 ἀργυρίου
1219 1282 1483 1350 τάλαντα,
1516 1282 1574 1336 ἓν
1617 1282 1675 1336 δέ
1699 1282 1928 1353 χρυσοῦ.

349 1375 452 1429 Τὸν
473 1375 534 1428 δέ
582 1372 820 1446 Ἰωάχαζ
859 1376 1157 1446 ἀπήγαγεν
1197 1376 1277 1441 είς
1335 1376 1431 1448 τὴν
1463 1377 1760 1443 Αἴγυπτον,
1795 1376 1931 1430 ὅπου

348 1468 443 1521 καὶ
466 1467 850 1537 ἐτελεύτησεν.
894 1467 953 1522 '0
982 1468 1039 1521 δέ
1074 1469 1269 1540 χρόνος
1300 1467 1401 1540 τῆς
1441 1469 1722 1539 βασιλείας
1763 1468 1930 1524 αὑτοῦ

345 1562 491 1629 τρεῖ.
552 1554 699 1631 ἦσαν
755 1558 928 1630 μῆνες
988 1560 1083 1613 ἐπὶ
1121 1560 1257 1614 δέκα
1289 1561 1551 1632 ἡμέραις.
1582 1560 1842 1631 Ἰωακεὶμ
1874 1559 1933 1614 δὲ

344 1650 537 1708 ἀσεϐεῖ
586 1668 649 1704 τε
677 1650 814 1714 όντι,
845 1651 941 1705 καὶ
998 1651 1318 1722 κακούργῳ,
1370 1651 1492 1716 ἔτος
1523 1652 1626 1723 ήδη
1649 1654 1746 1723 τῆς
1777 1652 1933 1723 βασι-

343 1742 494 1807 λείας
524 1744 724 1812 ἠνύετο
745 1743 1027 1815 τέταρτον,
1064 1743 1161 1797 καὶ
1208 1743 1308 1815 τὴν
1345 1736 1708 1799 Βαϐυλωνίων
1751 1745 1928 1817 ἀρχὴν

344 1834 825 1908 Ναϐουχοδονόσορ
856 1835 1257 1907 περιεζώσατο.
1312 1831 1485 1903 Οὗτος
1507 1838 1600 1892 τὸν
1628 1838 1925 1906 Αίγύπτιον

342 1924 540 1996 Νεχαὼ
577 1927 813 1992 νικήσας
864 1928 1000 1981 πολὺ
1038 1927 1208 1999 μέρος
1254 1928 1353 1998 τῆς
1376 1929 1560 2000 χώρας
1587 1929 1754 1984 αὑτοῦ
1787 1947 1929 2002 παρο

341 2016 645 2071 ἐσπάσατο.
685 2016 774 2068 Ἐν
801 2015 972 2085 ὀγδόῳ
1000 2016 1047 2070 δ’
1073 2016 1302 2087 ἐτειτῆς
1332 2017 1610 2081 Βασιλείας
1640 2018 1926 2088 Ἰωακεὶμ,

343 2109 732 2179 ἐπιστρατεύει
786 2108 865 2179 τῷ
893 2109 1130 2182 Ἰουδαίᾳ
1171 2109 1311 2181 μετά
1366 2111 1594 2183 βαρείας
1623 2111 1926 2181 δυνάμεως.

352 2199 613 2273 Ἴωακεὶμ
634 2201 693 2256 δὲ
718 2202 926 2267 δείσας,
959 2202 1236 2275 ὑπόφορον
1290 2204 1445 2257 ἐϐετο
1491 2203 1568 2274 τῷ
1597 2203 1928 2274 Βαϐυλωνίῳ

338 2296 438 2364 τὴν
462 2295 657 2367 χώραν
683 2296 783 2367 τὴν
813 2294 1034 2358 ἑαυτοῦ,
1062 2296 1156 2349 καὶ
1180 2298 1332 2366 τρισὶ
1367 2296 1467 2368 μὲν
1498 2298 1647 2350 ἐτεσι
1678 2300 1927 2369 προσῆγε

337 2387 465 2452 τοὺς
486 2388 728 2456 φόρους.
745 2384 880 2441 Εἶτα
899 2388 1026 2451 τοὺς
1047 2387 1380 2453 Αἰγυπτίους
1400 2389 1640 2453 ἀκούσας
1668 2391 1811 2443 κατὰ
1834 2390 1928 2444 τοῦ

340 2477 697 2531 Βαϐυλωνίου
729 2481 955 2550 χωρεῖν,
981 2482 1182 2552 ἐπέσχε
1215 2481 1315 2552 τὴν
1334 2481 1444 2534 τῶν
1478 2482 1663 2552 φόρων
1689 2482 1931 2539 καταϐο-

338 2569 455 2639 λὴν,
499 2571 691 2624 καίτοι
748 2570 848 2624 τοῦ
897 2572 1181 2644 προφήτου
1245 2574 1516 2646 Ἱερεμίου
1567 2576 1930 2646 προλέγοντος

337 2664 434 2732 τὴν
464 2663 582 2716 ὑπὸ
607 2662 703 2716 τοῦ
735 2663 1082 2719 Βαϐυλωνίου
1105 2666 1206 2735 τῆς
1231 2666 1439 2731 πόλεως
1463 2668 1686 2738 ἅλωσιν,
1713 2675 1809 2724 καὶ
1828 2671 1929 2742 τὴν

337 2753 430 2807 τοῦ
466 2753 748 2824 βασιλέως
779 2753 1041 2823 Ἰωακεὶμ
1071 2756 1378 2829 ἀναίρεσιν,
1427 2759 1523 2813 καὶ
1551 2760 1612 2813 ού
1663 2761 1825 2829 μόνον
1854 2764 1932 2816 εί-

338 2848 564 2911 πόντος,
594 2847 735 2902 ἀλλὰ
764 2848 860 2902 καὶ
902 2848 1237 2919 γράψαντος,
1271 2850 1365 2904 καὶ
1420 2851 1502 2916 είς
1552 2854 1789 2924 ἐπήκοον
1831 2855 1927 2909 τοῦ

337 2939 585 3009 πλήθους
629 2941 960 3011 ἀναγνόντος
1012 2941 1114 3014 τήν
1168 2947 1535 3014 συγγραφήν
1579 2947 1647 3016 ἣν
1668 2947 1929 3012 λαϐόντες

334 3036 381 3088 οί
412 3035 715 3109 ἡγεμόνες,
737 3035 817 3106 τῷ
844 3035 1056 3107 βασιλεῖ
1081 3039 1490 3108 προσήνεγκαν.
1536 3040 1596 3095 Ὀ
1617 3041 1673 3094 δὲ
1701 3042 1793 3095 ἐπὶ
1816 3044 1929 3104 τοῖς

2036 545 2268 614 argenti,
2301 554 2358 600 et
2387 545 2554 599 unius
2579 545 2697 598 auri
2728 544 2993 597 talentum
3020 544 3248 608 tributo,
3285 542 3618 598 Joachasum

2036 637 2090 690 in
2138 636 2431 706 Egyptum
2462 634 2710 697 abduxit,
2744 633 2836 688 ubi
2858 642 2913 688 et
2957 641 3209 687 mortuus
3231 642 3334 687 est.
3379 632 3623 702 Tempus

2036 731 2190 801 regni
2217 730 2337 798 ejus
2368 728 2520 782 fuere
2559 735 2669 781 tres
2692 741 2907 781 menses
2931 735 2988 781 et
3017 724 3206 780 decem
3230 725 3368 780 dies.
3401 726 3624 780 Joachi—

2035 838 2159 877 mus
2193 830 2377 876 autem
2400 820 2485 874 vir
2509 820 2711 890 impius
2729 828 2786 875 et
2813 818 3178 882 facinorosus,
3204 832 3328 873 cum
3354 826 3614 886 quartum

2029 915 2140 986 jam
2173 929 2376 968 annum
2396 913 2706 983 imperaret.
2731 910 3239 966 Nabuchodonosor
3261 908 3618 981 Babylonium

2035 1007 2327 1076 imperium
2379 1006 2627 1076 suscipit.
2712 1002 2993 1058 Nechaum
3051 999 3367 1072 Egyptium
3414 1002 3619 1052 victum

2034 1115 2228 1170 magna
2264 1107 2419 1169 parte
2457 1097 2756 1168 provincia:
2792 1095 2998 1172 .multat
3030 1113 3042 1147 :
3080 1109 3224 1148 anno
3260 1090 3529 1148 Joachimi
3557 1104 3621 1143 o-

2033 1202 2194 1248 ctavo
2244 1205 2368 1246 cum
2423 1189 2635 1261 magnis
2681 1188 2855 1258 copiis
2899 1176 3141 1244 Judaeam
3192 1185 3490 1256 ingressus,
3545 1182 3620 1237 ita

2033 1282 2316 1337 hominem
2338 1280 2737 1350 perterrefacit,
2758 1287 2819 1333 ut
2840 1293 2994 1333 suam
3019 1276 3294 1347 regionem
3323 1273 3620 1344 Babylonio

2035 1373 2385 1428 tribmariam
2457 1370 2736 1434 redderet,
2791 1384 2857 1425 ac
2921 1368 3125 1423 tributa
3159 1381 3256 1435 per
3309 1363 3613 1418 triennium

2031 1466 2216 1521 solvit.
2245 1466 2405 1526 Post,
2465 1479 2591 1518 cum
2651 1462 2920 1517 audiisset
2943 1458 3230 1530 Egyptios
3287 1456 3620 1511 rebellantes

2032 1559 2395 1631 Babylonium
2468 1558 2779 1619 invasuros,
2860 1569 2926 1609 ea
3019 1550 3293 1607 inhibuit:
3365 1546 3618 1618 quamvis

2029 1650 2298 1707 Jeremias
2344 1648 2615 1721 propheta
2646 1645 3014 1718 pnedixisset,
3041 1643 3167 1698 fore
3196 1650 3258 1696 ut
3279 1637 3615 1711 Babylonius

2032 1751 2089 1798 et
2138 1742 2335 1796 urbem
2376 1749 2620 1811 caperet,
2647 1747 2704 1794 et
2745 1737 3090 1793 Joachimum
3126 1735 3392 1789 tolleret:
3437 1746 3618 1800 neque

2032 1835 2377 1907 praedixisset
2416 1834 2619 1896 solum,
2667 1830 2763 1887 sed
2791 1830 2958 1886 etiam
2985 1827 3319 1898 scripsisset,
3372 1825 3616 1894 scriptu-

2031 1942 2260 1998 ramque
2303 1926 2508 1997 populo
2561 1924 2822 1980 audiente
2873 1922 3179 1977 recitasset.
3224 1933 3386 1989 quam
3446 1918 3619 1970 duces

2032 2020 2146 2090 regi
2175 2020 2520 2074 obtulerunt.
2567 2017 2664 2072 ille
2689 2030 2822 2071 vero
2841 2016 3015 2069 iratus
3034 2014 3263 2077 exussit,
3292 2010 3616 2081 prophetam

2029 2122 2087 2171 et
2106 2113 2418 2169 Baruchum
2448 2111 2685 2168 scribam
2710 2112 2833 2180 ejus
2859 2109 2928 2164 ad
2961 2106 3290 2179 supplicium
3318 2120 3569 2175 quarens
3598 2119 3617 2158 :

2029 2207 2125 2263 sed
2183 2207 2259 2262 illi
2310 2205 2434 2277 fuga
2478 2205 2613 2259 iram
2653 2204 2773 2274 ejus
2815 2202 3182 2258 declinarunt.
3222 2199 3410 2269 Neque
3444 2198 3620 2250 multo

2034 2308 2155 2371 post
2190 2300 2393 2355 bellum
2420 2298 2584 2353 infert
2615 2295 2967 2369 Babylonius,
2995 2306 3052 2350 et
3079 2310 3106 2348 a
3131 2293 3414 2351 Joachimo
3439 2293 3616 2345 otiose

2031 2395 2086 2449 in
2109 2393 2304 2449 urbem
2332 2392 2627 2455 admissus,
2680 2399 2737 2446 et
2759 2390 2959 2446 civium
3002 2392 3272 2457 optimum
3315 2397 3612 2455 quemque.

2030 2496 2087 2544 et
2133 2488 2311 2557 ipsum
2346 2500 2529 2556 regem
2576 2483 2803 2546 occidit,
2833 2492 2892 2537 et
2925 2479 3028 2535 tria
3061 2480 3229 2534 millia
3278 2474 3615 2533 formosissi-

2031 2594 2246 2634 morum
2300 2579 2514 2648 captiva
2576 2576 2818 2642 abducit,
2881 2574 3026 2628 inter
3076 2585 3214 2642 quos
3269 2567 3613 2639 etprophcla

2030 2671 2286 2726 Ezechiel
2342 2669 2464 2734 fuit,
2522 2669 2682 2741 114,
2736 2683 2877 2737 puer
2932 2665 3136 2721 adhuc.
3188 2662 3383 2717 Filium
3427 2669 3615 2714 autem

2030 2764 2177 2835 regis
2210 2763 2509 2823 interfecti,
2541 2762 2633 2833 qui
2669 2771 2726 2817 et
2765 2761 2881 2829 ipse
2928 2756 3246 2814 Joachimus
3291 2752 3613 2813 vocabatur,

2027 2856 2342 2913 Iudaeorum
2370 2870 2550 2922 regem
2586 2838 2841 2923 appellat.
2871 2851 2969 2906 Hic
3005 2849 3130 2904 linis
3159 2845 3425 2904 Joachimi
3468 2843 3566 2898 fu't
3597 2882 3613 2907 ,

2034 2962 2158 3003 cum
2178 2946 2405 3001 vixisset
2427 2959 2599 2999 annos
2616 2942 2837 3014 triginta
2857 2958 2973 3002 sex.
2994 2940 3317 3010 imperasset
3335 2935 3612 2989 undecim.

2031 3037 2099 3093 At
2126 3035 2483 3108 Babylonius,
2519 3034 2729 3089 veritus
2768 3048 2835 3088 ne
2864 3032 3010 3086 ﬁlius
3038 3041 3280 3100 paterna:
3302 3026 3469 3082 caulis
3500 3040 3617 3078 mc-

336 3131 758 3202 γεγραμμένοις
813 3132 1094 3201 χολωθεὶς,
1133 3134 1271 3202 πυρὶ
1316 3132 1376 3185 τὸ
1408 3132 1753 3206 σύγγραμμα
1786 3154 1925 3190 κατ-

2031 3146 2152 3185 mor
2205 3129 2559 3192 descisceret,
2621 3126 2807 3181 missis
2859 3124 3035 3194 copiis
3078 3138 3202 3178 eum
3248 3119 3482 3176 obsedit.
3512 3115 3615 3183 Qui

332 3220 620 3294 ῃθάλωσε,
652 3222 745 3274 τὸν
772 3221 831 3276 δέ
859 3224 1149 3293 προφήτην
1188 3226 1283 3279 καὶ
1306 3226 1522 3297 Βαροὺχ
1550 3226 1642 3280 τὸν
1664 3244 1933 3298 γραμμα-

331 3312 428 3365 τέα
478 3310 662 3366 αὑτοῦ
700 3310 933 3367 κολάσαι
971 3314 1198 3384 ἐζήτει·
1231 3314 1349 3369 ἀλλ’
1398 3318 1447 3369 οί
1505 3317 1606 3385 μὲν
1662 3318 1930 3388 φυγόντες

334 3404 628 3471 ἐξέκλιναν
666 3403 767 3475 τὴν
807 3404 980 3477 ὀργὴν
1019 3406 1208 3462 αὐτοῦ.
1256 3408 1395 3462 Μετ’
1440 3410 1503 3462 ού
1540 3409 1676 3465 πολὺ
1709 3411 1766 3464 δὲ
1808 3412 1929 3465 κατ’

334 3498 498 3550 αὐτοῦ
533 3495 838 3566 στρατεύει
866 3499 895 3550 ό
927 3497 1294 3559 Βαϐυλώνιος.
1337 3499 1602 3568 Ἰωακεὶμ
1640 3500 1698 3555 δὲ
1751 3502 1930 3574 ἀπρα-

332 3593 561 3663 γμόνως
592 3591 757 3645 αὑτὸν
811 3592 891 3657 είς
921 3592 1020 3662 τὴν
1050 3592 1207 3647 πόλιν
1236 3593 1561 3665 εἰσδέχεται.
1635 3594 1694 3650 ’0
1721 3596 1778 3649 δὲ
1798 3598 1925 3663 τούς

331 3700 389 3738 τε
422 3685 721 3754 κρείττους
758 3684 869 3737 τῶν
909 3685 1172 3750 πολιτῶν,
1219 3687 1314 3740 καὶ
1365 3687 1533 3741 αὐτὸν
1565 3687 1662 3742 τὸν
1694 3688 1923 3759 βασιλέα

329 3775 628 3843 ἐφόνευσε.
660 3772 1014 3843 Τρισχιλίους
1035 3773 1093 3826 δὲ
1131 3775 1258 3838 τοὺς
1281 3774 1605 3839 καλλίστους
1636 3774 1919 3845 αἰχμαλώ-

2032 3237 2158 3277 cum
2190 3222 2382 3277 urbem
2434 3235 2532 3275 sua
2580 3233 2744 3275 causa
2793 3215 3090 3288 periclitari
3150 3213 3343 3276 nollet,
3375 3225 3434 3264 se
3492 3222 3616 3262 cum

2032 3313 2358 3369 necessariis
2388 3327 2456 3367 eo
2484 3319 2645 3380 pacto
2703 3310 2781 3366 illi
2826 3309 3001 3374 dedit,
3047 3316 3106 3361 ut
3137 3319 3239 3359 nec
3271 3302 3464 3357 urbem
3515 3313 3617 3353 nec

2032 3406 2182 3476 ipsos
2212 3405 2484 3460 violaret:
2525 3420 2635 3475 quo
2660 3418 2769 3457 non
2804 3403 2953 3456 stetit
2994 3398 3170 3452 hostis
3212 3413 3226 3449 :
3260 3394 3354 3450 sed
3396 3404 3614 3445 onmem

2033 3498 2232 3568 pubem
2264 3496 2525 3561 civitatis,
2565 3503 2622 3551 et
2667 3493 2907 3549 artiﬁces
2956 3491 3022 3545 ad
3057 3505 3113 3545 se
3153 3484 3383 3558 perduci
3429 3482 3615 3554 jussit,

2030 3606 2269 3661 quorum
2328 3605 2593 3645 numerus
2639 3588 2898 3643 inventus
2944 3592 3030 3640 est
3083 3582 3153 3637 ad
3204 3580 3394 3635 decem
3464 3574 3618 3628 mille

2032 3684 2346 3754 octingenta
2391 3690 2447 3737 et
2477 3681 2699 3752 triginta
2733 3680 2866 3734 duo.
2916 3674 3258 3733 Joachimum
3287 3684 3412 3726 cum
3443 3673 3617 3720 matre

2029 3783 2087 3831 et
2118 3774 2313 3831 amicis
2341 3776 2394 3829 in
2419 3772 2668 3829 custodia
2697 3770 2914 3827 habuit.

326 3881 453 3941 τους
479 3869 807 3937 ἀπήγαγεν,
841 3871 899 3922 ἐν
925 3861 1008 3931 οἷς
1035 3863 1103 3940 ἦν
1130 3869 1224 3922 καὶ
1244 3871 1272 3922 ὁ
1306 3871 1598 3941 προφήτης
1637 3868 1922 3940 Ἰεξεκιὴλ,
1966 3873 2098 3932 παῖς
2157 3869 2257 3936 ὢν,
2320 3868 2415 3924 τὸν
2458 3869 2517 3924 δέ
2546 3869 2661 3923 υἱὸν
2684 3867 2779 3920 τοῦ
2809 3864 3136 3922 κτανθέντος
3165 3856 3428 3931 βασιλέως
3465 3855 3617 3908 Ἰωα-

327 3960 457 4028 κεὶμ
478 3956 897 4028 ὀνομαζόμενον
926 3960 1020 4012 καὶ
1044 3960 1229 4023 αὐτὸν,
1260 3959 1547 4026 ἀναδείξας
1580 3959 1810 4029 βασιλέα
1864 3961 1965 4030 τῆς

2007 3961 2289 4023 Ἰουδαίας.
2323 3959 2483 4015 Οὕτω
2542 3959 2641 4029 μὲν
2693 3959 2850 4022 τέλος
2893 3957 3053 4027 ἔσχεν
3099 3954 3378 4022 Ἰωακείμ,
3428 3951 3616 4003 ἐνιαυ-

325 4053 451 4115 τοὺς
477 4050 693 4123 βιώσας
720 4050 782 4117 ἐξ
800 4051 897 4104 καὶ
915 4051 1231 4124 τριάκοντα,
1264 4050 1671 4121 βασιλεύσαςδέ
1732 4052 1952 4106 ἕνδεκα.
2003 4053 2063 4107 '0
2125 4053 2184 4106 δὲ
2238 4052 2583 4116 Βαϐυλώνιος
2639 4052 2994 4114 ὑποπτεύσας
3059 4046 3472 4119 μνησικακῆσαι
3523 4044 3617 4096 τὸν

327 4142 440 4196 υίδν
467 4143 716 4209 ἐκείνου,
741 4143 831 4198 διὰ
861 4146 955 4197 τὸν
987 4145 1148 4214 φόνον
1168 4144 1262 4199 τὸν
1294 4144 1389 4198 τοῦ
1423 4145 1651 4216 πατρὸς,
1711 4146 1808 4199 καὶ
1862 4146 2273 4217 άποστατῆσαι,
2331 4146 2559 4216 πέμψας
2587 4145 2899 4217 ἐπολιόρκει
2920 4143 3105 4198 αὐτόν.
3151 4143 3209 4194 '0
3240 4139 3295 4192 δὲ
3336 4139 3411 4208 μὴ
3443 4134 3616 4189 οὲλων

323 4236 422 4307 τὴν
453 4239 621 4292 πόλιν
643 4236 713 4291 δι’
734 4236 899 4292 αὑτὸν
936 4237 1305 4299 κινδυνεῦσαι,
1333 4238 1706 4308 παραδίδωσιν
1726 4239 1922 4293 ἑαυτὸν
1961 4241 2055 4294 καὶ
2111 4241 2239 4303 τοὺς
2300 4242 2686 4312 προσήκοντας
2715 4237 2867 4307 αύτῷ
2891 4240 3002 4298 τοῖς
3031 4234 3338 4304 πολεμίοις,
3368 4233 3462 4285 ἐπὶ
3487 4245 3616 4281 συν-

325 4335 523 4404 θήκαις
557 4338 637 4408 μή
662 4354 715 4390 τι
736 4337 991 4391 κακῶσαι
1008 4336 1107 4406 τὴν
1131 4336 1338 4408 πόλινῆ
1370 4335 1686 4401 αὑτούς·ἃ.ς
1714 4337 1930 4409 παρέϐη
1972 4340 2001 4392 ό
2059 4336 2429 4401 Βαϐυλώνιος,
2488 4335 2756 4400 κελεύσας
2790 4334 2888 4406 τὴν
2916 4335 2975 4386 ἐν
3007 4335 3077 4405 τῇ
3112 4331 3265 4385 πόλει
3291 4330 3475 4382 πᾶσαν
3502 4327 3615 4381 νεό.

321 4445 453 4498 τητα
508 4429 616 4483 καὶ
658 4430 781 4492 τοὺς
809 4428 1060 4499 τεχνίτας
1113 4429 1431 4497 ἀπαγαγεῖν
1461 4429 1599 4500 πρὸς
1639 4429 1825 4496 αὐτὸν,
1872 4428 1923 4482 οἳ
1962 4430 2103 4502 πρὸς
2161 4429 2510 4493 ὀκτακοσίοις
2564 4429 2859 4498 τριάκοντα
2922 4427 3016 4481 δύο
3064 4430 3144 4490 είς
3193 4425 3328 4479 δέκα
3367 4421 3614 4493 χιλιάδας

325 4521 659 4593 ἠρίθμηντο.
686 4518 792 4572 Τὸν
838 4518 1098 4591 ἰωακεὶμ
1135 4519 1192 4573 δέ
1224 4521 1322 4575 καὶ
1353 4521 1454 4592 τὴν
1522 4520 1739 4593 μητέρα
1788 4520 1956 4576 αὐτοῦ
1998 4523 2093 4575 καὶ
2158 4523 2286 4586 τοὺς
2342 4522 2530 4592 φίλους
2581 4521 2877 4590 καθείρξας
2928 4520 3218 4590 ἐφύλαττε,
3263 4517 3439 4589 μῆνας
3464 4518 3614 4589 τρεῖς

329 4615 668 4685 βασιλεύσας
697 4611 794 4665 καὶ
819 4610 1036 4682 ἡμέρας
1072 4610 1228 4666 δέκα.

393 4705 525 4762 κε’.
563 4705 679 4775 Τὴν
708 4704 766 4756 δὲ
811 4702 916 4772 τῆς
953 4703 1319 4775 Ἰερουσαλὴμ
1375 4703 1656 4775 βασιλείαν
1689 4704 1769 4777 τῷ
1816 4704 1911 4759 τοῦ

2089 4703 2258 4761 XXV.
2365 4703 2614 4775 Regnum
2713 4702 3270 4775 Hierosolymitanum
3367 4702 3613 4761 Sedecize

337 4799 553 4853 Ἱωακεὶ
564 4816 606 4867 μ
634 4794 1006 4868 πατραδέλφῳ
1043 4796 1123 4869 τῷ
1157 4799 1389 4870 Σεδεκία
1414 4799 1761 4870 παρέδωκεν,
1785 4800 1919 4871 ὀμό-

2028 4796 2289 4854 ioachimi
2321 4804 2520 4868 patruo
2551 4796 2801 4863 tradidit,
2830 4812 2996 4867 quem
3015 4797 3380 4868 jurejurando
3404 4798 3609 4869 adegit,

330 4905 481 4942 σαντι
510 4888 593 4959 μὴ
625 4888 909 4958 εὐνοήσειν
934 4890 1046 4952 τοῖς
1059 4890 1408 4957 Αἰγυπτίοις,
1436 4889 1555 4943 ἀλλ’
1575 4892 1724 4963 αὐτῷ
1748 4891 1922 4962 φυλά-

332 4980 371 5045 ξ.
392 5000 437 5035 ιν
467 4984 574 5052 τὴν
601 4979 809 5051 χώραν.
844 4981 905 5033 ’0
932 4978 991 5032 δέ
1019 4978 1137 5042 νέος
1170 4979 1249 5035 ὢν
1283 4983 1493 5048 (εἴκοσι
1526 4983 1638 5052 γὰρ
1666 4984 1764 5037 καὶ
1799 4981 1921 5046 ἐνὸς

328 5065 392 5142 ἦν
421 5072 561 5124 ἐτῶν
603 5071 692 5124 ὅτε
743 5069 1025 5141 παρέλαϐε
1069 5070 1171 5142 τὴν
1214 5072 1431 5143 ἀρχὴν)
1466 5074 1560 5125 καὶ
1598 5072 1920 5143 ὑπερόπτης

330 5163 422 5216 τοῦ
456 5163 678 5217 δικαίου
702 5179 761 5216 τε
794 5163 889 5215 καὶ
921 5161 1015 5216 τοῦ
1048 5162 1280 5227 δέοντος,
1317 5164 1675 5235 παραινοῦντι
1702 5163 1781 5235 τῷ
1815 5164 1915 5217 Ἰε-

339 5256 501 5327 ρεμὶᾳ
529 5255 631 5319 τὰς
661 5254 922 5319 ἀσεϐείας
949 5256 1045 5309 καὶ
1073 5255 1173 5318 τὰς
1196 5256 1548 5326 παρανομίας
1572 5257 1772 5321 λιπεῖν,
1814 5257 1916 5309 οὐκ
1960 5245 1972 5253 ’

336 5346 605 5415 ἐπείθετο,
636 5348 746 5401 οὐδ’
778 5346 1036 5401 ἐπίστευε
1069 5347 1283 5416 λέγοντι
1316 5347 1417 5412 τὰς
1463 5348 1763 5418 μελλούσας
1790 5347 1913 5400 ἐσε-

339 5438 460 5492 σθαι
512 5442 800 5512 συμφορὰς
835 5439 986 5512 αὑτῷ
1027 5457 1088 5494 τε
1118 5443 1213 5495 καί⁸
1241 5439 1319 5513 τῷ
1346 5440 1488 5511 λαῷ,
1522 5440 1590 5506 ἃς
1628 5441 1724 5496 ιιι).
1748 5439 1906 5504 Ἰεζε-

2018 4906 2090 4945 ne
2123 4891 2371 4948 studeret
2399 4893 2693 4965 Egyptiis,
2731 4894 2826 4949 sed
2859 4894 3199 4964 provinciam
3251 4894 3353 4964 ipsi
3380 4908 3612 4949 conscr-o

2019 4984 2271 5039 varet.ls
2333 5000 2466 5039 vero
2537 4986 2906 5056 principatum
2960 4985 3212 5057 adeptus,
3289 4986 3612 5041 adolescens

2017 5087 2182 5132 natus
2204 5093 2377 5133 annos
2404 5094 2576 5132 unum
2601 5087 2659 5135 et
2680 5079 2898 5147 viginti,
2934 5078 3073 5134 fastu
3105 5080 3305 5143 elatus,
3333 5078 3612 5150 :eqnitatis

2015 5178 2071 5224 et
2090 5169 2254 5224 oilicii
2283 5171 2431 5226 nulla
2455 5171 2667 5229 ratione
2696 5171 2880 5228 habita
2902 5212 2916 5235 ,
2941 5173 3191 5228 Ieremia:
3225 5173 3295 5227 ab
3329 5171 3612 5242 impietate

2016 5270 2073 5316 ct
2109 5261 2326 5332 injuriis
2356 5263 2670 5319 debortanti
2712 5280 2892 5335 neque
2926 5265 3130 5336 paruit,
3158 5282 3336 5335 neque
3367 5264 3608 5319 credidit

2014 5369 2109 5408 eas
2138 5353 2244 5409 sibi
2270 5362 2326 5409 et
2355 5358 2557 5426 populo
2577 5358 2762 5413 clades
2781 5361 3086 5420 imminere,
3112 5374 3247 5427 quas
3272 5366 3327 5412 et
3352 5358 3606 5416 Ezechiel

2018 5447 2297 5520 Babylone
2321 5450 2648 5519 praedicens.
2681 5451 2884 5506 litteris
2915 5451 3199 5505 mandatas
3231 5450 3605 5524 Hierosolyma

1526 5597 1729 5661 Varias
1766 5598 2073 5663 lectiones
2117 5608 2179 5663 et
2228 5610 2423 5665 noue.

407 5720 516 5790 (69)
554 5723 815 5815 Ιςηξὶτέμς
872 5725 994 5809 ὑπὸ
1052 5724 1368 5815 ἔξωμαῖων
1410 5723 1603 5796 aitij
1659 5725 1910 5782 ἅλωσιν.

2029 5728 2270 5799 gendum
2316 5729 2461 5815 haud
2516 5730 2684 5788 dubie
2747 5731 2853 5785 ὑπὸ
2893 5730 3195 5799 Χαλδαίων,
3239 5739 3334 5788 aut
3400 5729 3599 5784 Ἀσσυο

300 5866 303 5871 γ
340 5789 614 5863 plumam
643 5793 1025 5849 Βαϐυλωνίων.
1052 5794 1143 5854 “'-
