4092 6406
425 304 535 376 219

1743 290 2069 364 jOANNlS
2100 303 2449 364 zemas.
2562 370 2567 379 ,

3601 310 3711 376 £20

424 430 671 485 miserat.
704 423 900 480 Neutri
924 430 1111 478 autem
1149 421 1313 477 fidem
1344 420 1620 484 adhibuit.
1669 421 1922 477 fortassis
1946 421 2016 475 ob

2134 420 2248 490 ιιὴλ
2277 421 2335 473 ἐν
2360 419 2649 475 Βασυλῶνι
2682 421 2971 492 προέλεγε,
2992 426 3088 478 καὶ
3112 422 3334 494 γράψας
3365 425 3713 483 ἀπέσταλκεν

424 518 855 576 dissensionem.
877 516 1015 571 Nam
1047 515 1099 569 in
1129 513 1345 569 caneris
1366 514 1586 583 quidem
1616 514 2014 584 congruebant.

2122 512 2202 572 εἰς
2236 510 2611 580 Ἰεροσόλυμα.
2682 512 2986 582 Ἦπίστησε
3018 514 3076 568 δὲ
3111 516 3319 583 ἀμφοῖν
3353 518 3462 571 τοῖς
3492 520 3712 587 προσρή-

426 614 495 668 de
546 610 776 667 Sedecia
833 617 1015 662 autem
1069 606 1401 660 videbantur
1477 606 1833 676 discrepare,
1890 621 2018 659 ettm

2134 619 2243 664 ταις
2266 603 2293 655 6
2321 602 2594 666 Σεδεκίας,
2629 603 2706 667 ὡς
2738 604 2882 674 τάχα
2904 605 3265 675 διαφωνοῦσι.
3301 607 3438 678 Περὶ
3471 610 3569 676 μὲν
3604 611 3711 679 γὰρ

429 703 687 760 Ezechiel
713 717 840 758 eum
871 700 1200 771 Babylonem
1237 715 1347 753 non
1384 699 1631 753 visurum
1657 698 2017 768 pnedixisset,

430 794 700 852 Jeremias
776 794 1057 863 captivum
1150 791 1451 846 abductum
1539 791 1606 845 iri
1692 790 2021 861 Babylonvm

2121 695 2231 748 τῶν
2284 695 2464 752 ἄλλων
2523 695 2892 766 συνεφώνουν,
2953 699 3084 769 περὶ
3144 698 3202 753 δὲ
3261 700 3428 753 αὐτοῦ
3460 702 3712 756 Σεδεκίου

2125 790 2345 843 ἐδόκουν
2376 789 2779 848 ἐναντιοῦσθαι.
2824 791 3088 864 Ἰεζεκιήλ
3117 793 3216 863 μὲν
3242 794 3353 865 γὰρ
3385 795 3460 866 μὴ
3486 795 3709 865 ὄψεσθαι

430 888 845 943 vaticinaretur.
884 884 990 940 Sed
1010 894 1067 939 et
1086 885 1174 939 illa
1189 884 1334 939 inter
1346 899 1404 939 se
1423 883 1875 938 consentiebant:
1893 896 2022 936 nam

2134 882 2225 953 τὴν
2249 882 2545 936 Βαϐυλῶνα
2567 884 2731 938 αὐτὸν
2769 887 3172 956 προεφήτευεν,
3215 878 3489 958 Ἱερεμίας
3533 889 3590 943 δὲ
3625 890 3710 942 δέη

434 989 671 1035 emeatus
700 979 753 1033 in
790 976 997 1037 Iudaea,
1021 986 1078 1031 et
1094 975 1348 1046 captivus
1378 975 1648 1031 abductus
1685 974 2021 1045 Babylonem

435 1089 547 1127 non
578 1072 738 1125 vidit.
788 1070 890 1125 llic
921 1068 1180 1124 Sedecias
1218 1068 1532 1138 Babyloniis
1562 1083 1660 1136 per
1699 1077 1824 1122 octo
1849 1082 2024 1122 annos

436 1173 653 1219 servata
676 1162 780 1216 fide
794 1164 861 1216 ad
875 1159 1162 1232 Egyptios
1191 1159 1496 1215 inclinavit.
1517 1158 1632 1224 Qua
1654 1157 1720 1212 de
1739 1172 1899 1212 causa
1916 1158 2025 1212 Na-

435 1254 1252 1325 buchodonosorHierosolyma
1265 1253 1508 1315 obsedit,
1541 1251 1847 1322 profligatis
1873 1251 2027 1321 prius

436 1346 728 1417 Egyptiis,
749 1344 843 1415 qui
866 1344 1364 1413 Judmissuppetias
1385 1342 1680 1398 veniebant
1702 1360 1715 1396 :
1738 1356 1878 1410 quos
1893 1340 2024 1395 dum

439 1449 888 1510 persequeretur,
944 1437 1220 1507 negabant
1279 1434 1776 1506 pseudoprophetaa
1836 1433 2027 1489 hostes

442 1530 632 1586 urbem
668 1545 833 1601 porro
854 1530 1197 1585 obsessuros.
1225 1526 1493 1583 Jeremias
1512 1536 1728 1588 contra,
1746 1534 1800 1580 et
1825 1525 2029 1579 reditu-

440 1640 552 1685 ros.
585 1633 922 1694 etcapturos
956 1623 1172 1684 urbem,
1224 1633 1274 1677 et
1297 1636 1592 1677 eversuros
1618 1619 1944 1685 alIirmabat,
1971 1627 2028 1674 et

439 1715 705 1785 templum
735 1716 1082 1780 ineensurus,
1112 1724 1169 1770 et
1194 1713 1379 1785 populi
1409 1712 1675 1783 reliquias
1699 1711 1757 1766 in
1786 1711 2025 1781 captivi-

2128 990 2289 1043 σμιον
2319 976 2482 1027 αὑτὸν
2509 977 2830 1047 ἀπαχθῆναι
2879 977 3018 1047 πρὸς
3059 978 3359 1033 Βαϐυλῶνα
3418 981 3712 1049 προέλεγε.

2126 1065 2347 1136 Συνῳδὶι
2372 1065 2428 1119 δὲ
2453 1068 2568 1130 τοῖς
2595 1068 2913 1138 προφήταις
2936 1068 3033 1123 καὶ
3056 1070 3125 1122 τά
3151 1071 3284 1141 περί
3306 1070 3502 1126 τούτου
3525 1075 3713 1143 προείο

2129 1172 2330 1228 ρηντοο
2386 1157 2692 1224 τυφλωθεὶς
2734 1161 2839 1231 γάρ
2903 1162 2962 1214 ἐν
3020 1162 3276 1235 Ἰουδαίᾳ,
3332 1165 3427 1217 καὶ
3486 1165 3713 1235 δέσμιος

2126 1250 2418 1320 ἀπαχθεὶς,
2446 1251 2546 1320 τήν
2574 1251 2873 1306 Βαϐυλῶνα
2903 1253 3007 1306 οὐκ
3034 1253 3321 1310 ἐθεάσατο.
3358 1249 3529 1319 Οὗτος
3559 1260 3587 1311 6
3617 1259 3713 1311 Σε-

2125 1342 2311 1406 δεκίας
2369 1343 2463 1397 ἐπὶ
2500 1342 2595 1415 ἔτη
2626 1343 2775 1399 ὀκτὼ
2820 1347 3071 1417 τηρήσας
3105 1348 3203 1416 τὴν
3232 1348 3417 1402 πίστιν
3441 1348 3544 1417 τὴν
3576 1350 3713 1419 πρὸς

2127 1434 2218 1488 τὸν
2275 1435 2641 1504 Βαϐυλώνιον,
2706 1436 2845 1506 πρὸς
2889 1439 3021 1502 τοὺς
3051 1439 3387 1508 Αἰγυπτίους
3425 1442 3710 1498 ἀπέκλινε.

2128 1527 2221 1581 Διὸ
2255 1529 2648 1599 στρατεύσαςό
2698 1530 3197 1602 Ναϐουχοδονόσορ,
3252 1533 3567 1605 ἐπολιόρκει
3612 1534 3714 1603 τὴν

2142 1620 2519 1692 Ἰερουσαλήμ.
2578 1623 2701 1678 Τῶν
2747 1624 2793 1678 δ’
2860 1625 3179 1693 Αἰγυπτίων
3237 1626 3319 1689 εἰς
3390 1627 3714 1697 συμμαχίαν

2131 1716 2377 1786 ἡκόντων
2411 1719 2527 1781 τοῖς
2549 1716 2853 1783 Ἰουδαίοις,
2889 1722 3322 1792 προῦπαντήσας
3349 1722 3533 1790 σφίσιν
3558 1726 3585 1776 6
3607 1722 3715 1776 8:1-

440 1816 606 1862 tatem
651 1808 1015 1869 abducturus.
1055 1807 1149 1862 ubi
1188 1807 1495 1861 serviturus
1536 1813 1683 1860 esset
1716 1818 1892 1859 annos
1935 1818 2026 1858 se-

2134 1781 2419 1873 ύυλώνιος,
2480 1811 2575 1864 καὶ
2614 1781 2961 1882 τρεψάμενος
3023 1781 3224 1877 αὐτοὺς
3277 1781 3488 1868 διώκει.
3548 1817 3612 1869 (li
3656 1816 3713 1868 δὲ

440 1901 746 1971 ptuaginta,
776 1902 952 1957 donec
975 1902 1153 1956 Persa
1173 1899 1372 1956 etMedi
1395 1897 1820 1969 Babyloniorum
1852 1896 2029 1965 impe-

446 2000 589 2052 rium
622 1997 1029 2053 dcstruxissent
1050 2017 1063 2052 :
1084 2012 1149 2052 ac
1168 2006 1283 2051 tum
1311 1996 1536 2051 demum
1568 1991 2026 2065 captivosdimis-

442 2106 565 2146 sum
619 2090 710 2154 iri.
738 2099 796 2146 et
839 2089 1103 2159 templum
1158 2098 1324 2159 atque
1374 2087 1567 2143 urbem
1600 2085 2026 2140 instauraturos.

443 2180 738 2236 Jerentiain
772 2181 890 2236 ham
928 2190 1335 2236 asseverantem
1383 2195 1478 2235 rex
1519 2188 1577 2235 et
1622 2178 1788 2236 anlici
1839 2193 2032 2249 procec

447 2288 536 2327 res
593 2273 751 2344 115
798 2272 1234 2329 subsannabant.
1286 2272 1392 2341 Qui
1453 2287 1580 2327 cum
1628 2272 1927 2342 aliquando
1975 2272 2031 2326 in

446 2365 680 2435 patriam
741 2364 1079 2422 Anathotam
1122 2364 1269 2434 iret,
1316 2365 1374 2421 in
1415 2365 1557 2421 viaa
1604 2365 1854 2438 principe
1893 2381 2033 2436 quo-

446 2457 572 2512 dam
605 2472 705 2527 pro
741 2457 1024 2530 transfuga
1063 2458 1530 2530 comprehensus,
1575 2457 1644 2514 ad
1680 2457 2032 2529 magistratus

446 2547 614 2603 addut
633 2548 785 2603 itur:
826 2563 860 2603 a
900 2550 1105 2619 quibus
1143 2549 1527 2614 excruciatus,
1572 2547 1641 2604 ad
1696 2548 2031 2619 supplicium

449 2642 856 2697 asservabatur.
902 2644 1062 2697 Anno
1119 2642 1272 2714 regni
1327 2641 1572 2698 Sedecize
1627 2657 1796 2707 nono,
1840 2657 2033 2698 senun-

448 2731 581 2795 dum
611 2734 926 2805 aggreditur
967 2734 1346 2806 Hierosolyma
1374 2733 1707 2805 Babylonius
1747 2752 1761 2790 :
1795 2750 2031 2806 cumque

450 2821 645 2877 urbem
708 2836 928 2876 menses
978 2822 1287 2879 octodecim
1339 2822 1629 2880 obsidione
1690 2825 2029 2894 pressisset,

446 2915 520 2970 ad
555 2914 813 2971 hostilem
851 2923 1059 2970 metum
1098 2914 1273 2971 fames
1304 2925 1360 2973 et
1388 2917 1559 2988 pestis
1602 2918 1854 2973 accessit.
1891 2919 2032 2974 Tum

442 3007 714 3064 Jeremias
746 3009 815 3068 J'n
867 3024 1090 3066 carcere
1133 3009 1546 3066 multitudinem
1596 3011 1942 3080 adhortatur,
1972 3022 2035 3070 ut

2130 1902 2599 1975 ψευδοπροφῆται,
2621 1906 2822 1976 μηκέτι
2851 1907 2979 1970 τοὺς
3001 1907 3299 1977 πολεμίους
3327 1908 3715 1979 πολιορκήσειν

2132 1996 2332 2060 αὐτοὺς
2393 1995 2619 2065 ελεγον
2680 1998 2958 2070 Ἱερεμίας
2996 1999 3076 2065 δέ,
3112 2000 3210 2055 καὶ
3244 2002 3588 2073 ὑποστρέψαι
3615 2003 3717 2057 αύ-

2130 2089 2281 2153 τοὺς,
2338 2091 2434 2144 καὶ
2459 2089 2561 2162 τήν
2589 2090 2749 2145 πόλιν
2781 2092 3031 2162 αἰρήσειν
3074 2092 3169 2146 καὶ
3188 2094 3589 2164 κατασκάψειν.
3620 2094 3717 2148 καὶ

2132 2180 2224 2235 τὸν
2275 2181 2404 2235 ναδν
2435 2183 2746 2255 ἐμπρήσειν
2768 2224 2783 2247 ,
2825 2185 2923 2237 καὶ
2975 2185 3067 2237 τὸν
3120 2184 3249 2239 λαὸν
3278 2184 3369 2238 τὸν
3394 2187 3535 2248 τέως
3560 2201 3718 2256 περι-

2133 2271 2566 2343 λειφθησόμενον
2620 2273 2858 2339 ἀπάξειν
2928 2275 3273 2346 προηγόρευε
3337 2275 3717 2347 δορυάλωτον,

2132 2364 2220 2419 ἐπ’
2271 2365 2365 2438 ἐτη
2396 2366 2757 2422 δουλεύσοντα
2788 2366 3201 2437 ἐϐδομήκοντα,
3248 2368 3443 2438 μέχρις
3490 2362 3552 2422 οὗ
3578 2368 3712 2439 Πέρ-

2135 2476 2224 2514 σαι
2282 2460 2379 2513 ita).
2452 2459 2628 2531 Μῆδοι
2690 2460 2789 2531 τὴν
2867 2458 3231 2515 Βαϐυλωνίων
3296 2461 3477 2531 ἀρχὴν
3543 2477 3704 2513 κατα-

2133 2551 2376 2605 λύσουσι.
2442 2552 2577 2605 Τότε
2621 2552 2681 2605 δέ
2740 2550 2974 2620 λυθῆναι
3023 2554 3124 2624 τῆς
3181 2551 3566 2622 αἰχμαλωσίας
3622 2553 3718 2607 αύο

2131 2645 2299 2711 τοὺς,
2363 2643 2460 2698 καὶ
2498 2644 2753 2698 τδνναδν
2815 2640 2975 2707 αὖθις
3045 2644 3140 2698 καὶ
3204 2644 3305 2715 τὴν
3365 2643 3522 2696 πόλιν
3567 2644 3718 2697 ἀνοι-

2132 2737 2458 2806 κοδομῆσαι.
2530 2736 2701 2790 Ταῦτ’
2772 2738 2962 2806 ἔλεγεν
3040 2737 3333 2808 Ἱερεμίας.
3413 2737 3473 2791 '0
3520 2737 3576 2789 δὲ
3620 2738 3718 2801 βα-

2135 2830 2318 2893 σιλεὺς
2395 2830 2490 2884 καί
2559 2831 2608 2883 οἰ
2671 2831 2801 2900 περὶ
2870 2828 3034 2884 αὐτὸν
3096 2831 3220 2893 τοὺς
3279 2829 3472 2895 λόγους
3545 2827 3717 2882 αὐτοῦ

2133 2920 2525 2994 ἐμυκτήριζον.
2543 2921 2786 2976 ’Δπιόντι
2814 2920 2871 2975 δέ
2898 2921 2977 2993 τῷ
2999 2922 3258 2994 προφήτῃ
3288 2921 3425 2992 πρὸς
3474 2919 3717 2974 Ἀναθὼθ

2132 3015 2234 3087 τὴν
2287 3015 2544 3087 πατρίδα,
2586 3016 2928 3086 συναντήσας
2987 3032 3071 3078 τις
3114 3014 3224 3068 τῶν
3272 3014 3572 3085 ἀρχόντων,
3624 3011 3721 3067 καὶ

447 3094 807 3167 Babylonium
840 3098 1111 3168 recipiant
1135 3137 1149 3164 ,
1181 3097 1263 3154 sic
1300 3099 1418 3155 fore
1452 3099 1793 3168 incolumes,
1825 3104 2029 3177 alioqui

2144 3107 2455 3178 κατασχὼν,
2505 3107 2581 3169 ὡς
2618 3106 2916 3179 αὐτόμολον
2953 3106 3130 3179 ῆγαγε
3174 3105 3311 3178 πρὸς
3348 3106 3472 3170 τοὺς
3520 3106 3719 3175 ἄρχον-

446 3188 533 3243 vel
594 3188 737 3243 fame
806 3189 892 3245 vel
952 3189 1134 3259 gladio
1186 3191 1463 3261 perituros
1504 3210 1519 3248 :
1558 3195 1655 3265 qui
1713 3204 1897 3252 autem
1962 3198 2029 3255 ad

2134 3218 2254 3267 τας*
2289 3201 2339 3256 οἳ
2368 3201 2717 3272 αἰκισάμενοι
2741 3199 2907 3255 αὑτὸν
2931 3200 3159 3271 ἐτήρουν
3184 3200 3265 3262 εἰς
3285 3199 3527 3252 κόλασιν.
3563 3196 3723 3251 Κατά

449 3279 639 3334 hostes
695 3280 1026 3347 transisset,
1087 3291 1319 3337 mortem
1377 3284 1701 3341 vitaturum.
1758 3287 2034 3347 Caeterum

446 3371 730 3443 propheta:
801 3372 965 3431 [idem
1048 3373 1290 3430 habebat
1359 3391 1567 3445 nemo;
1644 3379 1814 3437 duces
1865 3384 2032 3440 etiam

448 3478 633 3534 regem
673 3475 866 3521 contra
912 3482 1040 3523 eum
1091 3469 1426 3537 instigabant
1459 3488 1472 3525 :
1502 3472 1598 3542 qui
1645 3476 1878 3546 tempori
1912 3492 2033 3533 ser-

449 3559 639 3623 viens,
675 3575 803 3615 eum
852 3560 964 3615 illis
991 3560 1186 3625 tradit,
1219 3570 1283 3617 ut
1310 3578 1410 3620 suo
1438 3564 1709 3621 arbitratu
1746 3575 1983 3624 tractent
2014 3586 2029 3624 :

446 3665 612 3721 quem
665 3651 742 3707 illi
791 3653 846 3707 in
892 3654 1071 3708 lacum
1115 3670 1402 3711 C(BllOSllm
1457 3658 1830 3729 coniecerunt.
1877 3661 2034 3719 Unde

448 3743 708 3799 Sedecias
754 3754 1063 3801 extractum
1102 3756 1159 3803 et
1199 3748 1340 3803 clam
1398 3752 1727 3807 accersitum
1799 3752 2036 3809 interro-

446 3845 558 3908 gat,
591 3837 725 3906 quid
769 3838 838 3893 de
875 3839 1204 3910 urgentibus
1239 3841 1400 3897 malis
1446 3843 1721 3900 sentiret?
1759 3845 2034 3917 Propheta

447 3930 640 3986 urbem
708 3931 1008 4002 Babylonio
1073 3932 1378 3990 dedendam
1449 3945 1683 4003 censet,
1733 3954 2032 4010 regemque

446 4031 657 4077 metum
701 4023 855 4077 exitii
910 4033 1225 4081 eausantem
1272 4025 1603 4093 conﬁrmat,
1646 4029 1692 4084 si
1737 4030 2027 4101 obtempe-

446 4124 663 4181 rasset,
698 4115 836 4169 nihil
884 4116 936 4171 ei
978 4132 1143 4187 grave
1176 4128 1507 4174 eventurum
1551 4139 1565 4176 :
1603 4121 1790 4194 itaque
1844 4124 2033 4180 dimit-

447 4207 603 4261 titur.
658 4206 729 4263 At
782 4207 1117 4280 Babylonius
1160 4225 1359 4281 magna
1405 4212 1459 4266 vi
1513 4213 1709 4269 urbem
1763 4215 2030 4278 adortus,

446 4300 743 4357 undecimo
803 4301 953 4373 regni
994 4301 1237 4358 Sedeciae
1278 4318 1431 4359 anno
1471 4303 1638 4374 capit.
1682 4305 1941 4363 Sedecias
1965 4323 2034 4362 ex

447 4393 585 4448 urbe
616 4394 830 4465 fugiens
856 4434 871 4459 ,
899 4393 968 4449 ab
994 4394 1250 4451 hostibus
1292 4411 1417 4452 cum
1445 4396 1638 4453 liberis
1670 4407 1726 4452 et
1767 4399 2033 4456 uxoribus

2134 3294 2192 3349 δὲ
2234 3299 2295 3349 τδ
2333 3294 2555 3349 ἔννατον
2605 3293 2726 3357 ἐτος
2760 3295 2861 3364 τῆς
2895 3292 3174 3364 βασιλείας
3210 3292 3491 3355 Σεδεκίου,
3540 3291 3722 3346 ἔπεισι

2131 3389 2194 3443 τδ
2226 3388 2479 3460 δεύτερον
2509 3387 2652 3443 κατά
2688 3387 2798 3442 τῶν
2853 3386 3245 3459 Ἰεροσολύμων
3283 3388 3312 3439 6
3348 3385 3718 3450 Βαϐυλώνιος⁸

2134 3485 2230 3535 καὶ
2274 3481 2473 3551 ἐφ’ἐνα
2505 3480 2644 3552 πρὸς
2676 3479 2756 3550 τῷ
2787 3479 2977 3551 ήμίσει
3005 3478 3273 3541 ἐνιαυτὸν,
3314 3476 3588 3549 κραταιῶς
3622 3478 3724 3548 τὴν

2135 3574 2291 3628 πόλιν
2333 3573 2634 3644 πολιορκεῖ.
2680 3571 2759 3643 Τῇ
2803 3572 2860 3625 δέ
2908 3570 3201 3641 πολιορκίᾳ
3249 3570 3346 3624 καὶ
3391 3568 3547 3640 λιμὸς
3591 3586 3721 3622 συν-

2133 3660 2360 3734 ηνέχθη,
2408 3660 2503 3715 καὶ
2544 3660 2640 3714 ἐπὶ
2686 3660 2912 3724 τούτους
2957 3660 3167 3729 λοιμός.
3217 3658 3489 3730 Ἱερεμίας
3525 3657 3580 3711 δὲ
3625 3659 3722 3713 καὶ

2136 3754 2533 3824 καθειργμένος
2576 3753 2833 3819 δέξασθαι
2886 3752 2978 3807 τὸν
3023 3751 3370 3805 Βαϐυλώνιον
3418 3750 3722 3822 παρεκάλει

2134 3844 2195 3897 τδ
2222 3844 2447 3913 πλῆθοςο
2483 3843 2831 3914 σωθήσεσθαι
2860 3843 2970 3910 γὰρ
3001 3841 3165 3896 οὔτω·
3202 3842 3251 3894 εἰ
3287 3838 3431 3905 δὀὒ,
3461 3840 3725 3911 μένοντας

2136 3934 2454 3989 ἀπολεῖσθαι
2506 3936 2539 4007 ἣ
2586 3934 2732 4006 λιμῷ
2777 3935 2809 4006 ἢ
2861 3933 3109 4005 μαχαίρᾳ
3135 3950 3149 3963 ο
3184 3934 3233 3986 εἰ
3262 3932 3319 3985 δέ
3346 3950 3432 3995 τις
3471 3949 3726 4003 προσχω-

2138 4028 2297 4099 ρήσει
2316 4030 2428 4090 τοῖς
2445 4027 2747 4097 πολεμίοις,
2765 4026 2857 4080 τὸν
2874 4026 3127 4088 θάνατον,
3152 4026 3329 4091 ἔλεγε,
3349 4024 3719 4092 διαφεύξεται.

2135 4120 2325 4174 Οὐδενί
2353 4126 2541 4190 μέντοι
2585 4119 2777 4182 πιστὸς
2805 4119 2833 4171 6
2860 4120 3151 4190 προφήτης
3178 4117 3478 4185 λελόγιστο.
3510 4118 3574 4173 Ui
3599 4116 3641 4169 δ’
3664 4118 3725 4186 ή-

2134 4214 2366 4285 γεμόνες
2393 4214 2489 4266 καὶ
2525 4210 2928 4283 προσηρέθιζον
2953 4210 3075 4264 κατ’
3114 4211 3325 4263 ἐκείνου
3356 4212 3446 4262 τὸν
3478 4208 3718 4279 βασιλέα.

2151 4308 2209 4361 '0
2243 4306 2298 4358 δέ
2339 4304 2430 4359 διὰ
2472 4304 2566 4357 τὸν
2603 4303 2800 4373 καιρὸν
2844 4303 3043 4364 αὐτοὺς
3091 4299 3433 4371 θεραπεύων,
3459 4298 3723 4351 ἐνέδωκεν

2136 4398 2335 4461 αὐτοὺς
2382 4395 2696 4467 χρήσασθαι
2741 4393 2819 4464 τῷ
2863 4394 3119 4465 προφήτῃ
3151 4393 3226 4455 ὡς
3260 4391 3563 4463 βούλονται.
3609 4390 3716 4443 Κάν

444 4485 685 4554 capitur,
730 4500 762 4538 a
814 4483 929 4539 suis
978 4484 1217 4539 ducibus
1262 4494 1319 4540 et
1352 4487 1589 4552 amicis,
1618 4488 1743 4543 aliis
1784 4489 1895 4544 alio
1948 4490 2029 4544 di-

2138 4492 2307 4544 κεῖνοι
2347 4489 2514 4543 αὐτὸν
2555 4490 2636 4552 εἰς
2671 4487 2875 4541 λάκκον
2912 4485 3225 4557 βορϐορώδη
3258 4482 3533 4538 ἐνέϐαλον.
3572 4482 3709 4534 Σεδερ

445 4578 658 4647 lapsis,
718 4576 1043 4633 destitutus.
1097 4577 1430 4649 Babylonius
1502 4579 1571 4633 ad
1633 4596 1692 4635 se
1756 4581 2027 4651 perducto

448 4671 726 4740 ingratum
773 4668 1017 4722 animum
1046 4677 1103 4725 et
1142 4669 1425 4739 perﬁdiam
1461 4670 1794 4741 exprobrat,
1824 4672 2030 4728 liberos

444 4771 615 4832 atque
662 4759 872 4815 amicos
922 4761 980 4816 in
1030 4760 1150 4831 ejus
1199 4768 1500 4831 conspectu
1548 4761 1788 4833 iugulari
1830 4763 2028 4832 jubet,

447 4854 631 4926 ipsum
662 4852 883 4909 eﬂ'ossis
931 4853 1109 4909 oculis
1136 4842 1383 4908 vinctum
1415 4853 1745 4925 Babylonem
1780 4855 2029 4910 adducit.

446 4946 588 5004 Tum
641 4946 864 5001 demum
917 4946 1119 5012 sensit,
1168 4955 1461 5017 utrumque
1503 4947 1827 5018 prophetam
1862 4948 2031 5005 fuisse

446 5055 724 5098 veracem.
792 5038 894 5095 Hic
940 5049 1253 5110 postremus
1312 5039 1417 5094 fuit
1482 5039 1704 5095 familiae
1758 5042 2029 5097 Davidica:

448 5149 664 5208 regum,
686 5132 789 5221 qui
822 5146 1057 5187 numero
1088 5130 1285 5202 viginti
1316 5147 1461 5187 unus
1493 5131 1713 5187 fuerant
1746 5133 1986 5190 universi
2014 5152 2026 5190 :

445 5230 688 5300 elapsis,
726 5241 795 5282 ex
816 5240 927 5297 quo
967 5224 1095 5280 Saul
1142 5239 1366 5295 regnum
1398 5224 1599 5280 inierat
1623 5264 1640 5291 ,
1680 5227 1841 5282 annis
1868 5228 2034 5297 quin-

445 5322 629 5393 gentis
682 5328 739 5375 et
795 5316 1249 5389 quatuordecim,
1295 5317 1581 5372 mensibus
1651 5333 1785 5385 sex,
1835 5318 2033 5373 diebus

448 5415 747 5475 sexdecim.
778 5412 1140 5470 Nabuzardan
1166 5409 1723 5466 Nabuchodonosoris
1772 5411 2035 5481 magister

451 5523 797 5579 coquorum,
842 5506 998 5577 jussu
1083 5504 1228 5575 regis
1285 5512 1341 5558 et
1391 5504 1655 5574 templum
1717 5511 1775 5557 et
1824 5504 2032 5573 regiam

452 5599 740 5664 incendit,
784 5608 841 5654 et
889 5597 1081 5653 urbem
1135 5596 1371 5659 evertit,
1404 5596 1556 5650 onmi
1601 5603 1800 5650 ornatu
1844 5596 2032 5664 templi

452 5691 708 5762 Spoliato.
756 5689 1070 5746 Crematum
1121 5694 1206 5743 est
1260 5687 1524 5757 templum
1571 5701 1717 5740 anno
1764 5686 2035 5756 quadrin-

450 5786 759 5856 gentesimo
798 5780 1223 5855 septuagesimo,
1261 5796 1447 5837 mense
1487 5789 1661 5849 sexto,
1692 5780 1783 5837 die
1817 5779 2036 5837 decimo

2139 4585 2264 4647 κίας
2305 4583 2362 4636 δὲ
2404 4582 2565 4635 τοῦτο
2613 4580 2829 4650 μαθὼν,
2860 4578 3262 4648 ἀνελκυσθῆναι
3294 4576 3457 4629 αὑτὸν
3511 4573 3724 4628 ἐκεῖθεν

2141 4677 2395 4729 ἐκέλευσε
2417 4693 2430 4706 ·
2468 4675 2573 4728 καὶ
2607 4674 2783 4744 λάθρα
2816 4675 3071 4736 καλέσας.
3121 4672 3286 4741 ήρετο
3319 4669 3371 4722 τί
3413 4684 3547 4737 φησι
3585 4667 3723 4736 πρὸς

2139 4770 2208 4823 τὰ
2253 4769 2501 4838 παρόντα
2555 4767 2741 4831 δεινάς
2788 4766 2848 4820 '0
2913 4765 2972 4820 δὲ
3026 4762 3366 4835 παραδοῦναι
3415 4761 3515 4832 τὴν
3568 4760 3724 4813 πόλιν

2141 4859 2493 4912 συνεϐούλευε
2538 4856 2616 4929 τῷ
2664 4854 3013 4924 Βαϐυλωνίῳ.
3070 4850 3326 4913 Σεδεκίας
3377 4850 3433 4902 δὲ
3491 4848 3723 4902 δεδιέναι

2140 4948 2295 5018 ἔλεγε
2326 4952 2401 5021 μὴ
2440 4948 2723 5020 ἀναιρεθῇ.
2763 4947 2823 5002 ’0
2864 4947 2920 5000 δὲ
2966 4948 3253 5015 προφήτης
3289 4942 3504 5005 οὐδενός
3557 4941 3725 4994 αὑτὸν

2140 5043 2282 5097 οὕτω
2352 5041 2610 5096 ποιοῦντα
2661 5038 3098 5111 πειραθήσεσθαι
3166 5034 3463 5106 δυσχεροῦς
3517 5032 3727 5104 ἰσχυρί-

2142 5135 2285 5200 ζετο.
2330 5136 2434 5188 Τὸν
2487 5134 2588 5205 μὲν
2635 5132 2729 5187 οὖν
2770 5134 2798 5186 6
2837 5131 3094 5202 βασιλεὺς
3135 5129 3431 5184 ἀπέλυσεν.
3477 5126 3537 5180 '0
3571 5126 3628 5180 δέ
3661 5142 3726 5191 γε

2142 5225 2484 5289 Βαϐυλώνιος
2547 5223 2859 5294 ἐπολιόρκει
2914 5222 3016 5291 τὴν
3074 5220 3230 5274 πόλιν
3287 5218 3424 5289 μετά
3483 5216 3727 5286 σφοδρᾶς

2142 5322 2461 5384 ἐπιθέσεως,
2508 5320 2607 5373 καὶ
2649 5314 2762 5371 εἷλε
2807 5317 3011 5386 ταύτην
3044 5314 3123 5381 τῷ
3170 5313 3445 5382 ἑνδεκάτῳ
3490 5308 3727 5381 ἐνιαυτῷ

2141 5413 2242 5480 τῆς
2285 5412 2459 5483 ἀρχῆς
2497 5408 2773 5464 Σεδεκίου.
2816 5406 3074 5468 Σεδεκίας
3120 5403 3179 5458 δὲ
3229 5402 3368 5474 μετά
3398 5401 3506 5455 τῶν
3536 5416 3729 5469 γυναι-

2144 5504 2277 5569 κῶν,
2332 5504 2428 5556 καὶ
2471 5503 2580 5556 τῶν
2611 5502 2844 5565 τέκνων,
2897 5498 3131 5553 καὶτῶν
3180 5494 3593 5567 προσηκόντων,
3629 5492 3727 5545 καὶ

2143 5596 2252 5648 τῶν
2287 5593 2457 5664 φίλων
2500 5593 2730 5661 ἔφευγεν
2762 5595 2828 5646 ἐκ
2854 5591 2955 5661 τῆς
2988 5589 3218 5652 πόλεως.
3253 5588 3316 5641 Ol
3367 5586 3423 5639 δὲ
3472 5585 3726 5653 πολέμιοι

2144 5686 2477 5751 κατεδίωξαν
2522 5686 2707 5749 αὑτὸν,
2768 5685 2862 5737 καὶ
2904 5680 3213 5736 κατέλαϐον
3270 5675 3605 5749 μονωθέντα.
3659 5673 3727 5726 Oi

2144 5778 2253 5851 γὰρ
2305 5776 2596 5851 ήγεμόνες,
2646 5776 2740 5831 καὶ
2798 5776 2847 5830 οἰ
2901 5773 3046 5845 φίλοι
3101 5771 3270 5826 αὑτοῦ
3324 5768 3726 5839 διεσπάρησαν.
