4092 6394
420 346 533 410 223

1717 330 2043 400 JOANNIS
2079 331 2405 396 ZONAR/E

3583 338 3687 406 225

420 459 681 515 misisset.
731 454 1026 525 Aliquanto
1059 460 1181 523 post
1206 491 1222 516 ,
1266 449 1357 505 ilie
1398 447 1592 505 lsmacl
1641 462 1767 502 eum
1801 446 1925 501 aliis
1966 459 1997 498 a

2110 442 2352 515 λιορκίας
2400 444 2612 515 καιρόν.
2670 444 2875 501 Τοῦτον
2898 418 3265 518 προσελθόντα
3324 447 3402 519 τῷ
3449 448 3685 522 Γαδαλία.

420 548 651 605 Godolia
679 545 920 617 hospitio
944 551 1209 613 exceptus
1236 582 1251 607 ,
1293 548 1408 593 tum
1439 538 1620 608 ipsum
1640 578 1655 601 ,
1693 544 1808 590 tum
1840 542 2006 589 caete-

426 655 518 695 ros
572 637 835 694 convivas
884 632 1114 689 occidit.
1158 630 1366 686 Deinde
1410 628 1740 699 Babylonios
1782 627 1839 680 in
1873 624 2009 679 urbe

427 733 650 789 relictos
674 738 840 786 noctu
872 741 1159 799 aggressus
1185 764 1198 782 .
1230 738 1338 778 una
1366 738 1490 778 cum
1518 720 1775 777 omnibus
1804 716 2008 774 Judaris

426 827 521 899 qui
584 824 659 879 ibi
710 830 869 879 erant
919 818 1161 891 perimit.
1216 815 1488 872 Postridie
1530 812 1679 867 viros
1728 810 2007 880 octoginta

425 918 671 973 liodolia:
713 916 857 970 dona
902 912 1222 973 oblaturos,
1272 907 1463 978 paucis
1496 904 1774 974 exceptis.
1806 901 1902 973 qui
1951 901 2009 956 in

430 1011 574 1081 agris
597 1008 926 1063 occultatam
965 1001 1362 1073 supellectilem
1384 1040 1399 1064 ,
1429 1007 1609 1053 vestes
1649 1005 1709 1052 et
1744 995 1964 1049 frumen
1984 1023 2006 1033 -

433 1110 547 1156 tum
609 1114 668 1154 se
741 1096 792 1153 ei
850 1104 1170 1150 ostensuros
1235 1089 1658 1161 pollicebantur,
1718 1083 2005 1141 trucidat:

433 1195 612 1263 iisque
660 1190 828 1245 rebus
863 1195 920 1243 et
952 1186 1141 1240 multis
1187 1182 1420 1253 captivis
1450 1179 1691 1250 acceptis
1713 1218 1728 1242 ,
1769 1178 2008 1232 reditum

430 1286 497 1342 ad
530 1282 872 1340 Ammanitas
901 1288 1076 1350 parat.
1125 1277 1223 1333 liis
1248 1276 1418 1331 duces
1443 1275 1665 1345 quidam
1692 1271 2008 1328 Iudaeorum

430 1379 671 1452 cognitis
696 1418 712 1443 ,
742 1374 1014 1432 cohortati
1059 1387 1190 1428 suos
1214 1411 1231 1437 ,
1262 1379 1319 1426 et
1361 1368 1645 1424 Ismaelem
1686 1364 1961 1438 persecuti
1988 1402 2005 1427 ,

431 1475 681 1545 captivos
713 1471 1021 1541 recipiunt,
1054 1468 1148 1523 illo
1176 1480 1302 1521 cum
1333 1472 1459 1519 octo
1495 1462 1630 1517 viris
1658 1461 1863 1530 elapso.
1901 1457 2008 1525 Qui

432 1566 574 1622 cladi
602 1565 680 1619 illi
715 1560 1142 1633 superfuerant,
1185 1554 1515 1628 Babylonios
1541 1559 1848 1606 metuentes
1880 1588 1895 1611 .
1940 1547 2010 1601 de

433 1657 669 1730 petenda
707 1655 939 1726 Egypto
984 1649 1383 1706 deliberabant.
1440 1645 1597 1716 117
1627 1642 1763 1699 Cum
1821 1651 2007 1697 autem

430 1748 696 1809 Jeremias
747 1748 832 1804 eis
873 1743 1129 1801 manendi
1180 1749 1374 1795 auctor
1409 1746 1555 1794 esset
1603 1736 1801 1805 (Deum
1855 1732 2006 1787 enim

433 1845 809 1916 provisurum,
830 1856 900 1894 ne
923 1836 1058 1908 quid
1085 1835 1210 1891 mali
1243 1839 1566 1905 paterentur
1590 1847 1604 1883 :
1631 1829 1715 1883 sin
1744 1826 2009 1888 abissent,

432 1939 780 1992 deserturum
812 1932 965 2001 eos),
999 1929 1160 1983 ﬁdem
1192 1927 1476 1998 propheta:
1502 1938 1611 1979 non
1645 1920 1961 1975 habuerunt
1992 1935 2008 1973 :

432 2029 530 2085 sed
583 2027 781 2097 spretis
831 2025 951 2096 ejus
986 2012 1227 2075 ‘monitis
1251 2058 1267 2084 ,
1299 2018 1354 2073 in
1406 2015 1701 2086 Egyptum
1738 2021 1795 2068 et
1829 2012 2009 2082 ipsum

433 2132 490 2177 et
539 2120 849 2176 Baruehum
908 2129 1094 2172 secum
1144 2112 1513 2167 abduxerunt.
1563 2108 1685 2175 Quo
1738 2104 2010 2178 propheta

434 2230 559 2269 cum
606 2211 993 2282 pervenisset,
1042 2205 1175 2278 quid
1235 2204 1481 2259 futurum
1539 2207 1687 2257 esset
1745 2197 2012 2253 divinitus

432 2306 665 2360 edoctus
691 2345 705 2368 ,
735 2300 1091 2372 popularibus
1131 2296 1417 2369 praedicit,
1460 2294 1814 2366 Babylonium
1843 2290 2011 2364 Egy-

338 2464 347 2477 ⁴
436 2398 580 2470 ptios
634 2395 997 2458 invasurum,
1048 2389 1380 2461 Egyptique
1449 2387 1796 2457 potiturum,
1842 2394 2011 2455 atque

430 2488 571 2544 alios
601 2487 933 2547 occisurum,
956 2484 1095 2538 alios
1122 2482 1175 2536 in
1204 2480 1574 2550 captivitatem
1598 2477 1962 2532 abducturum
1991 2493 2007 2531 :

430 2593 606 2650 eaque
637 2577 707 2632 de
741 2592 907 2632 causa
936 2590 967 2629 a
1018 2574 1375 2645 popularibus
1408 2572 1523 2628 suis
1547 2612 1565 2637 ,
1608 2570 1887 2640 lapidibus
1916 2569 2012 2625 ob-

433 2681 592 2727 rutus
651 2669 894 2733 occidit,
939 2667 1033 2723 sed
1100 2682 1220 2737 qua:
1272 2665 1598 2735 praedixerat
1652 2661 1794 2718 facta
1851 2669 2008 2717 sunt.

431 2762 567 2818 Nam
631 2762 826 2831 quinto
892 2768 1017 2830 post
1075 2758 1438 2813 vastationem
1502 2753 2008 2825 Hierosolymorum

431 2869 578 2909 anno
624 2852 1131 2910 Nabuchodonosor
1164 2849 1463 2921 Ctelesyria
1501 2856 1767 2918 occupata
1795 2888 1810 2913 ,
1856 2846 2010 2901 Moa-

432 2946 565 3002 bitis
609 2954 667 3000 et
706 2943 1032 2999 Ammanitis
1087 2941 1367 3003 subactis,
1402 2938 1749 3010 Egyptoque
1806 2939 1862 2993 in
1913 2953 2013 3009 po-

434 3046 686 3094 testatem
729 3036 984 3102 redacta,
1028 3044 1085 3089 et
1115 3048 1243 3104 rege
1289 3032 1639 3098 obtruncato,
1668 3031 1838 3085 alium
1884 3046 2014 3101 pro-

2112 536 2255 601 τινές
2288 536 2666 592 ἐπιϐουλεύειν
2709 540 2860 610 αὐτῷ
2886 539 3098 611 ελεγανο
3143 541 3193 593 εί
3223 541 3564 612 δ’ἐπιτρέψει
3595 544 3689 596 αύ-

2110 630 2228 692 τοῖς
2276 632 2492 685 κτεῖναι
2516 632 2608 685 τὸν
2634 633 2827 704 ἄνδρα,
2858 634 3209 705 διαφεύξεται
3249 634 3348 705 τὴν
3378 636 3685 706 ἐπιϐουλήν.

2123 720 2182 775 ’0
2214 722 2258 776 δ’
2293 721 2536 791 ἠπίστει,
2565 723 2597 795 ἦ
2630 726 2727 779 καὶ
2773 725 2982 796 βέλτιον
3007 726 3195 797 ἔλεγεν
3233 728 3488 799 ἡγεῖσθαι
3531 730 3687 793 αὐτὸς

2110 812 2427 879 ἀποθανεῖν,
2469 815 2502 885 ἢ
2553 816 2843 886 ἄνθρωπον
2886 821 3101 874 κτεῖναι
3143 820 3513 875 πιστεύσαντα
3545 823 3689 894 αὐτῷ

2111 904 2326 958 ἑαυτόν.
2358 906 2515 959 Μετᾶ
2541 908 2734 979 ita:pr
2758 907 2813 961 δὲ
2844 910 2942 962 σὺν
2976 910 3187 981 ἑτέροις
3220 912 3250 963 ό
3287 911 3514 982 Ἰσμαὴλ
3540 904 3689 977 οὗτος

2111 996 2252 1067 πρὸς
2299 996 2555 1051 Γαδαλίαν
2596 999 2792 1068 ἐλθὼν,
2826 1004 2922 1055 καί⁵
2953 1002 3240 1069 ξενισθεὶς,
3271 1004 3558 1058 ἀπέκτεινε
3599 1006 3689 1059 τόν

2110 1104 2169 1141 τε
2202 1087 2453 1142 Γαδαλίαν
2484 1090 2580 1143 καὶ
2629 1092 2754 1153 τοὺς
2809 1094 3309 1163 συμποσιάζοντας.
3345 1091 3477 1149 Εἶτα
3503 1097 3689 1160 νυκτὸς

2110 1181 2440 1252 ἑπιθέμενος
2479 1184 2597 1247 τοῖς
2630 1183 3077 1252 καταλειφθεῖσιν
3109 1188 3167 1240 ὲν
3217 1189 3283 1258 τῇ
3319 1188 3472 1242 πόλει
3522 1189 3691 1242 Βαϐυ-

2109 1271 2347 1336 λωνίοις.
2386 1274 2586 1338 αὐτούς
2644 1292 2704 1327 τε
2747 1277 2948 1340 ἀνεῖλε,
2997 1279 3095 1331 καὶ
3149 1279 3357 1342 πάντας
3404 1281 3530 1344 τοὺς
3581 1282 3691 1334 ἐκεῖ

2122 1365 2435 1427 Ἰουδαίους.
2481 1367 2561 1438 Τῇ
2612 1367 2878 1440 ἐπαύριον
2926 1369 2999 1422 δε
3031 1370 3365 1442 ὀγδοήκοντα
3395 1372 3601 1444 ἀνδρῶν
3629 1376 3691 1427 ἐκ

2110 1457 2209 1525 τῆς
2262 1455 2447 1526 χώρας
2510 1461 2611 1512 σὺν
2650 1458 2849 1531 δώροις
2907 1462 3047 1533 πρὸς
3094 1463 3350 1517 Γαδαλίαν
3410 1465 3691 1530 ἐλθόντων,

2111 1552 2205 1602 καὶ
2240 1550 2466 1614 τούτους
2506 1552 2719 1605 ἀνεῖλεν
2751 1554 2779 1607 ό
2818 1554 3062 1625 Ἰσμαήλ.
3103 1558 3236 1610 ἄνευ
3279 1557 3479 1627 ὀλίγων
3510 1563 3690 1624 τινῶν,

2110 1643 2161 1696 οἳ
2192 1642 2551 1713 κεκρυμμένα
2575 1644 2634 1696 ιν
2683 1647 2795 1709 τοῖς
2846 1646 3036 1716 ἀγροῖς
3069 1647 3281 1701 ἔπιπλά
3316 1665 3375 1700 τε
3412 1649 3508 1702 καὶ
3538 1648 3693 1720 ἐσθῆ-

2110 1751 2209 1796 τας
2260 1737 2353 1787 καὶ
2389 1736 2535 1789 σῖτον
2586 1735 2891 1806 ὑπέσχοντο
2942 1737 3141 1802 δείξειν
3191 1738 3361 1810 αὐτῷ.
3398 1739 3593 1794 Λαϐὼν
3635 1741 3691 1794 δὲ

2045 1791 2084 1845 Β
2115 1791 2211 1878 καῖ.
2251 1826 2637 1896 αίχςιαλωσίαν
2684 1791 2914 1899 πολλὴν,
2942 1791 3109 1901 ἀπῄει
3148 1791 3288 1901 πρδς

2114 1919 2299 1972 Ταῦτα
2331 1920 2388 1973 δὲ
2422 1920 2691 1989 μαθόντες
2721 1922 2995 1993 ἡγεμόνες
3048 1923 3160 1977 τῶν
3205 1924 3482 1979 Ἰουδαίων
3530 1940 3638 1978 τινε
3651 1943 3691 1988 ;,

2118 2013 2215 2066 καὶ
2236 2013 2363 2077 τοὺς
2378 2015 2476 2066 σὺν
2499 2015 2686 2080 αὐτοῖς
2707 2014 3149 2087 παραθήξαντες,
3170 2015 3503 2082 κατεδίωξαν
3517 2017 3691 2071 αὐτόν’

2112 2105 2206 2159 καὶ
2244 2107 2344 2175 τὴν
2373 2106 2474 2177 μὲν
2505 2107 2891 2178 αἰχμαλωσίαν
2918 2107 3367 2173 ὲπανεσὼσαντο,
3398 2109 3620 2181 Ἰσμαὴλ
3641 2109 3695 2162 δὲ

2113 2200 2211 2254 σὺν
2239 2199 2493 2268 ἀνδράσιν
2523 2199 2672 2254 ὀκτὼ
2701 2199 3097 2269 διαπέφευγεν.
3118 2202 3181 2254 Οί
3211 2199 3268 2254 δὲ
3299 2200 3696 2271 περισωθέντες

2110 2288 2240 2353 τοὺς
2281 2288 2663 2354 Βαϐυλωνίους
2722 2289 3047 2356 δεδοικότες,
3088 2292 3311 2346 ἀπιέναι
3347 2293 3488 2363 πρὸς
3531 2291 3696 2362 Αῖγυ-

2117 2397 2257 2434 πταν
2295 2379 2664 2436 εϐουλεύοντα.
2693 2381 2807 2434 Kal
2838 2379 2933 2436 τοῦ
2984 2382 3251 2454 Ἰερεμίου
3296 2383 3488 2454 μένειν
3515 2384 3697 2447 αὐτοῖς

2112 2470 2574 2541 συμϐουλεύοντος
2608 2473 2858 2544 (μένουσι
2897 2474 3008 2546 γὰρ
3053 2474 3116 2527 τὸ
3145 2475 3302 2529 Θείαν
3335 2477 3526 2542 αὐτοῖς
3569 2493 3700 2548 πρα-

2114 2564 2526 2636 μηθεύσεσθαι,
2593 2568 2667 2638 μή
2729 2584 2783 2620 τι
2843 2567 3136 2621 πείσεσθαι
3208 2569 3421 2638 κακόνξ·
3479 2570 3699 2625 ἀπιοῦσι

2109 2657 2190 2721 δὲ,
2249 2658 2324 2729 μὴ
2372 2657 2697 2713 συνέσεσθαι
2757 2659 2964 2731 αὐτοῖς)
3030 2661 3133 2715 οὐκ
3183 2661 3502 2719 ἐπίστευον.
3562 2663 3697 2717 Ἀλλ’

2108 2748 2546 2820 ἀπειθήσαντες,
2623 2750 2849 2822 ἀπῆραν
2924 2753 3007 2815 είς
3085 2754 3400 2822 Αἴγυπτον,
3476 2755 3699 2825 ἄγοντες

2111 2843 2205 2897 καὶ
2254 2844 2347 2897 τὸν
2400 2843 2676 2916 Ἱερεμίαν
2719 2847 2814 2899 καὶ
2866 2846 2958 2900 τὸν
3006 2847 3242 2919 Βαρούχ.
3295 2849 3610 2904 Ἀπελθόντι
3652 2849 3698 2902 δ’

2110 2935 2229 2989 ἐκεῖ
2280 2933 2359 3006 τῷ
2420 2938 2707 3010 προφήτῃ,
2750 2935 2905 3005 δηλοῖ
2955 2936 3019 2991 τδ
3072 2938 3228 2992 Θεῑον
3285 2939 3354 2994 τά
3414 2942 3698 3011 μέλλοντα.

2124 3027 2185 3079 Ὀ
2244 3025 2302 3079 δὲ
2363 3027 2632 3097 προύλεγε
2687 3029 2804 3093 τοῖς
2856 3028 3194 3099 ὁμοφύλοις,
3259 3031 3336 3095 ὡς
3406 3033 3502 3087 ἐπὶ
3573 3033 3697 3095 τοὺς

431 3130 626 3184 vincia:
653 3129 921 3198 praeponit
966 3142 983 3182 :
1019 3126 1237 3182 Judseos
1267 3125 1363 3195 qui
1392 3123 1506 3179 illic
1555 3131 1717 3176 erant
1775 3122 2005 3193 Babylo-

2113 3118 2447 3187 Αἰγυπτίους
2516 3119 2846 3190 στρατεύσει
2904 3121 2934 3173 ὁ
2987 3122 3370 3191 Βαϐυλώνιος,
3443 3127 3539 3181 καὶ
3599 3125 3699 3195 τῆς

432 3233 558 3272 nem
588 3216 844 3272 traducit.
897 3213 1103 3270 Ferunt
1131 3212 1500 3268 Alexandrum
1531 3226 1738 3283 regem,
1772 3209 2010 3283 Δίῃ-βω

434 3310 660 3364 subacta
692 3349 707 3371 ,
744 3323 869 3364 cum
893 3306 1163 3364 Jeremias
1204 3306 1275 3360 ab
1300 3303 1569 3376 Egyptiis
1604 3303 1808 3360 divinis
1832 3303 2009 3359 laudi-

434 3399 538 3453 bus
587 3398 982 3462 celebraretur,
1013 3411 1134 3450 ossa
1176 3395 1297 3465 ejus
1320 3394 1375 3448 in
1409 3392 1602 3448 urbem
1645 3407 1677 3447 a
1716 3407 1777 3449 se
1814 3393 2009 3449 condi-

436 3497 546 3541 tam
610 3487 997 3543 Alexandriam
1059 3485 1426 3540 transtulisse.
1478 3483 1750 3554 PrOpheta
1817 3484 2008 3555 igitur,

436 3591 494 3634 ut
536 3580 648 3651 jam
703 3578 930 3646 exposui
956 3618 971 3637 .
1010 3578 1105 3632 .sic
1155 3593 1243 3632 res
1279 3579 1494 3631 futuras
1540 3575 1837 3646 praedixit:
1876 3590 2012 3646 gens

434 3680 617 3726 autem
658 3669 1015 3724 Hebraeorum
1047 3669 1207 3723 talem
1238 3668 1429 3723 sortita
1458 3677 1544 3724 est
1571 3667 1780 3723 exitum
1809 3708 1825 3733 ,
1866 3669 2009 3723 ultra

435 3762 768 3832 Euphratem
840 3759 1097 3816 abducta.
1177 3761 1312 3816 Nam
1380 3759 1571 3816 decem
1645 3759 1822 3816 tribus
1869 3759 2010 3816 Osca

436 3854 696 3909 Samaria:
739 3862 1002 3924 regnante
1052 3853 1121 3908 ab
1174 3853 1451 3927 Assyriis,
1498 3862 1624 3925 post
1663 3854 1785 3909 dua:
1833 3855 2012 3910 tribus

434 3960 560 4000 cum
609 3945 676 4000 iis
705 3944 798 4014 qui
829 3945 1133 4014 captivitati
1179 3945 1687 4015 Hierosolymorum
1720 3945 2009 4015 superfue-

435 4044 598 4100 rant,
624 4052 656 4091 a
699 4036 1238 4092 Nabuchodonosore
1285 4045 1458 4106 captaa
1502 4036 1748 4091 fuerunt.
1787 4041 1857 4093 At
1887 4037 2010 4093 Sal-

434 4142 685 4183 manasar
721 4128 1072 4184 Chnueorum
1113 4139 1334 4201 gentem
1380 4129 1654 4184 Persicam
1704 4129 2010 4185 Samariam

435 4218 752 4274 transtulit:
796 4219 1306 4277 Nabuchodonosor
1341 4235 1473 4276 vero
1506 4220 1750 4276 Judazam
1798 4230 2009 4276 vastam

431 4310 610 4380 jacere
647 4325 837 4380 passus
867 4318 953 4366 est
972 4350 989 4376 ,
1020 4312 1206 4383 itaque
1232 4311 1433 4367 mansit
1458 4327 1557 4382 per
1584 4327 1761 4367 annos
1790 4319 2014 4383 septua-

433 4404 606 4471 ginta.
642 4402 791 4458 inter
819 4403 1193 4474 captivitatem
1227 4403 1473 4459 tribuum
1505 4402 1766 4459 Samarla:
1786 4402 2007 4469 decem,

2109 3211 2391 3280 Αἰγύπτου
2423 3213 2715 3285 κρατήσει,
2747 3212 2842 3267 καὶ
2868 3212 2945 3277 ὥς
2995 3215 3124 3277 τοὺς
3156 3216 3255 3285 μὲν
3285 3216 3468 3271 αὐτῶν
3498 3222 3695 3283 κτενεῖ,

2109 3303 2235 3368 τοὺς
2263 3304 2319 3359 δὲ
2340 3303 2717 3377 δορυαλώτους
2754 3306 2977 3372 ἀπάξει.
3006 3305 3086 3361 Δι’
3113 3306 3149 3361 ἂ
3180 3308 3275 3362 καὶ
3305 3310 3702 3375 καταλευσθεὶς

2113 3395 2219 3450 ὑπὸ
2246 3395 2357 3451 τῶν
2384 3396 2763 3467 συμφυλετῶν,
2790 3397 3087 3470 τέθνηκεν·
3121 3399 3158 3454 ἀ
3186 3399 3245 3452 δὲ
3274 3402 3575 3473 προείρηκε
3605 3404 3700 3471 γέ-

2109 3503 2259 3555 γονέι⁸
2290 3486 2543 3558 πέμπτον
2567 3488 2678 3559 γὰρ
2707 3487 2827 3552 ἔτος
2861 3491 3001 3559 μετά
3028 3491 3125 3562 τὴν
3155 3492 3265 3545 τῶν
3307 3494 3697 3566 Ἰεροσολύμων

2110 3578 2309 3649 ἠνύετο
2367 3579 2657 3652 πόρθησιν.
2726 3580 2838 3635 Καὶ
2892 3582 3370 3657 Ναϐαυχοδονόσορ
3414 3588 3556 3643 κατὰ
3600 3590 3700 3658 τῆς

2111 3667 2311 3738 Κοίλης
2338 3669 2540 3739 Συρίας
2569 3670 2881 3743 ἐξώρμησε,
2910 3673 3005 3727 καὶ
3031 3675 3321 3745 κατασχὼν
3347 3678 3541 3749 αὐτὴν,
3570 3679 3703 3749 Ἀμ-

2113 3760 2367 3829 μανίταις
2412 3761 2621 3830 ἐπῆλθε
2670 3764 2766 3816 καὶ
2805 3764 3146 3828 Μωαϐίταις.
3196 3767 3471 3823 Κάκεῖθεν
3498 3770 3583 3823 ἐπ’
3612 3773 3704 3824 Αἴ-

2110 3865 2319 3917 γυπτον
2352 3849 2765 3920 ἐξεστράτευσε,
2821 3852 2919 3904 καὶ
2961 3851 3239 3918 ὑποτάξας
3267 3854 3467 3923 αὐτὴν,
3500 3858 3700 3910 κτείνει

2109 3942 2202 3994 τὶν
2234 3940 2612 4009 βασιλεύοντα,
2637 3943 2827 4013 ἕτερον
2851 3944 2897 3998 δ’
2927 3944 3306 4017 ἑγκαθίστησι.
3344 3947 3488 4010 Τοὺς
3517 3948 3562 4002 δ’
3589 3951 3704 4002 ἐκεῖ

2124 4033 2413 4097 Ἰουδαίους
2468 4036 2550 4098 είς
2584 4036 2882 4090 Βαϐυλῶνα
2934 4038 3298 4108 μετήνεγκεν.
3356 4040 3627 4111 Ἱερεμίου
3655 4041 3700 4094 δ’

2112 4125 2172 4179 ἐν
2205 4124 2467 4196 Αἰγύπτῳ
2501 4127 2786 4197 ταφέντος,
2814 4129 3036 4197 λέγεται
3085 4129 3114 4182 ό
3162 4129 3424 4199 βασιλεὺς
3452 4132 3703 4197 Ἀλέξαν-

2110 4216 2261 4287 δρας,
2317 4216 2615 4288 κυριεύσας
2657 4219 2760 4288 τῆς
2790 4219 3071 4289 Αἰγύπτου
3134 4221 3273 4290 μετὰ
3326 4222 3441 4276 τῶν
3503 4225 3699 4287 ἄλλων,

2111 4306 2492 4378 ὲξυμναύντων
2538 4310 2631 4364 τὸν
2664 4310 2957 4381 προφήτην
2989 4312 3099 4365 τῶν
3151 4313 3492 4381 Αἰγυπτίων,
3542 4330 3699 4384 μετε-

2112 4403 2329 4468 νεγκεῖν
2365 4402 2435 4455 τὰ
2462 4400 2598 4455 ὀστᾶ
2617 4401 2829 4456 ἐκείνου
2863 4403 2945 4465 είς
2970 4403 3071 4478 τὴν
3104 4404 3237 4475 παρ’
3262 4405 3434 4460 αὑτοῦ
3462 4407 3701 4460 κτισθεῖ-

432 4501 490 4545 et
536 4493 1036 4565 Hierosolymorum
1088 4494 1355 4560 duarum,
1397 4494 1832 4549 intercesserunt
1881 4493 2009 4548 anni

2119 4509 2220 4546 σαν
2255 4493 2410 4545 πόλιν
2436 4493 2535 4562 τὴν
2576 4493 3013 4566 Ἀλεξάνδρειαν.
3056 4496 3117 4552 Ὀ
3151 4497 3251 4566 μὲν
3286 4494 3380 4552 οὖν
3416 4499 3701 4571 προφήτης

431 4593 651 4639 emtum
678 4585 930 4656 triginta,
964 4599 1181 4640 menses
1214 4592 1520 4655 septem,et
1546 4583 1665 4640 dies
1690 4583 1903 4640 decem.

430 4676 541 4729 τῶν
581 4676 851 4748 Ἐϐραίων
881 4678 1037 4746 γένος
1069 4677 1313 4732 τοιοῦτον
1363 4678 1565 4749 εὕρατο
1613 4677 1790 4743 τέλος,

2119 4584 2407 4654 προεῖπεν,
2448 4583 2524 4647 ὡς
2557 4583 2779 4656 εἴρηταί
2812 4602 2925 4656 μοι,
2973 4588 3043 4641 τὰ
3094 4587 3509 4659 συμϐησόμενα.
3543 4590 3615 4649 Τὸ
3646 4588 3703 4641 δὲ

1867 4677 2048 4748 πέραν
2087 4677 2379 4748 Εὐφράτου
2440 4677 2787 4747 μετενεχθὲν,
2836 4680 2903 4731 At
2980 4678 3083 4749 μὲν
3144 4680 3252 4750 γὰρ
3316 4679 3455 4734 δέκα
3513 4681 3700 4750 φυλαὶ,

444 4768 605 4840 Ὠσηὲ
639 4768 1020 4838 βασιλεύοντος
1050 4771 1132 4834 είς
1168 4769 1487 4839 Σαμάρειαν
1518 4770 1673 4839 παρα
1700 4770 1809 4824 τῶν
1830 4768 2139 4840 Ἀσσυρίων
2201 4769 2725 4841 ⁴ᾐχμαλωτίσθησαν.
2783 4771 2851 4824 Ai
2919 4770 2975 4825 δὲ
3041 4770 3135 4825 δύο
3164 4771 3328 4841 φυλαὶ
3358 4773 3501 4841 μετά
3529 4774 3702 4827 ταῦτα

434 4879 506 4914 πα
517 4861 588 4930 ρά
611 4861 1084 4934 Ναϐουχοδονόσορ
1111 4862 1423 4933 ἐλήφθησαν
1446 4860 1796 4934 δορυάλωτοι,
1817 4862 1911 4916 καὶ
1931 4863 2045 4917 ὅσοι
2088 4862 2231 4932 μετά
2252 4861 2353 4933 τὴν
2417 4860 2525 4915 τῶν
2574 4861 2973 4933 Ἱεροσολύμων
3020 4861 3224 4916 ἅλωσιν
3271 4864 3697 4936 ὑπελείφθησαν.

433 4952 543 5005 Καὶ
579 4951 608 5004 ὁ
651 4951 751 5022 μὲν
782 4952 1148 5025 Σαλμανασάρ
1186 4953 1248 5009 τὸ
1278 4954 1389 5008 τῶν
1420 4954 1707 5008 Χουθαίων
1762 4953 1918 5019 ἔθνος
1946 4955 2009 5007 ὲκ
2049 4952 2313 5025 Περσίδος
2381 4951 2687 5024 μετῴκισεν
2731 4957 2812 5018 εἱς
2872 4954 3209 5025 Σαμάρειαν.
3249 4956 3308 5009 '0
3337 4956 3393 5009 δὲ
3424 4956 3705 5027 Ναϐουχο-

431 5047 655 5121 δονόσορ
679 5047 888 5121 ἔρημον
914 5050 1093 5121 ἀφῆκε
1118 5050 1528 5120 τήνῚουδαίαν,
1560 5052 1652 5106 καὶ
1680 5049 1901 5115 ἔμεινεν
1960 5048 2137 5114 οὕτως
2206 5049 2303 5103 ἐπὶ
2368 5050 2652 5113 ἐνιαυτοὺς
2689 5049 3082 5119 ἑϐδομήκοντα.
3132 5049 3192 5102 '0
3241 5048 3446 5121 μεταξὺ
3489 5052 3546 5104 δὲ
3602 5051 3700 5118 τῆς

432 5144 541 5198 τῶν
571 5144 705 5198 δέκα
754 5143 942 5214 φυλῶν
993 5145 1371 5214 αίχμαλωσίας
1416 5146 1481 5199 ἐκ
1511 5146 1865 5217 Σαμαρείας,
1924 5144 2021 5197 καὶ
2062 5145 2160 5213 τῆς
2222 5143 2333 5196 τῶν
2359 5141 2454 5196 δύο
2501 5141 2560 5209 ἐξ
2626 5141 3013 5213 Ἰερουσαλὴμ,
3067 5141 3263 5213 χρόνος
3312 5143 3510 5197 ἑκατὸν
3548 5145 3704 5215 τριά-

437 5257 604 5295 κοντα
632 5240 749 5312 ἔτη,
785 5240 880 5295 καὶ
935 5241 1107 5311 μῆνες
1139 5240 1220 5309 ἓξ.
1272 5242 1409 5314 πρὸς
1438 5242 1678 5314 ήμέραις
1717 5242 1853 5297 δέκα
1899 5243 2175 5310 ἐγένοντο.

504 5332 568 5387 ll.
606 5330 961 5402 Captivorum
1014 5348 1311 5403 puerorum
1367 5334 1771 5391 nobilissimum
1822 5349 2009 5404 quem-

2185 5329 2262 5386 B'.
2292 5331 2434 5393 Τοὺς
2457 5331 2514 5385 δὲ
2553 5331 2977 5402 εὐγενεστέρους
3031 5331 3142 5386 τῶν
3172 5332 3543 5403 αἰχμαλώτων
3569 5337 3699 5389 παῖ-

433 5441 582 5494 que,
633 5434 690 5480 et
735 5426 848 5497 regi
916 5423 1158 5481 Sedccia:
1215 5434 1550 5492 cognatum,
1610 5434 1667 5481 et
1723 5441 1752 5480 c
1799 5423 2009 5479 cancris

2110 5423 2227 5484 δας,
2262 5423 2359 5476 καὶ
2385 5423 2463 5493 τῷ
2489 5422 2700 5492 βασιλεῖ
2740 5422 2965 5492 Σεδεκία
3013 5425 3415 5495 προσήκοντας,
3448 5428 3541 5478 καὶ
3590 5427 3700 5480 τῶν

440 5516 854 5571 robustissimos
875 5524 931 5570 ct
957 5515 1417 5580 formosissimos,
1448 5516 1781 5588 Babylonius
1811 5524 2009 5570 castra-

2112 5515 2289 5570 ᾶλλων
2320 5516 2723 5585 ἀκμαιοτέραυς
2758 5517 2852 5568 καὶ
2878 5516 3245 5587 ὡραιοτέρους
3262 5518 3522 5586 ἐκτομίας
3544 5518 3701 5588 ποιή-

438 5616 522 5662 tos
554 5605 860 5677 pmdagogis
910 5608 1157 5672 tradidit.
1189 5610 1392 5663 litteris
1438 5618 1494 5663 et
1539 5607 1808 5663 institutis
1854 5607 2009 5661 Chal-

2116 5625 2215 5673 σας
2240 5610 2266 5659 ὁ
2297 5607 2671 5671 Βαϐυλώνιος,
2719 5608 2814 5662 καὶ
2843 5609 3215 5677 παιδαγωγοῖς
3256 5610 3533 5683 παραδοὺς
3567 5649 3583 5672 ,
3630 5607 3698 5662 τά

438 5700 683 5754 da-orum
737 5698 1112 5763 erudiendos,
1167 5703 1313 5755 victu
1368 5701 1436 5754 de
1502 5716 1601 5754 sua
1663 5715 1853 5753 mensa
1909 5698 2009 5751 illis

2113 5717 2171 5753 τε
2203 5699 2312 5753 τῶν
2346 5700 2631 5754 Χαλδαίων
2676 5700 2923 5753 ἐδίδασκε
2956 5701 3261 5772 γράμματα
3322 5703 3415 5757 καὶ
3464 5702 3532 5754 τὰ
3579 5705 3699 5754 ἐπι-

445 5792 767 5848 constituto.
823 5790 1067 5847 Fuerunt
1118 5801 1301 5847 autem
1374 5802 1613 5862 quatuor
1671 5791 1825 5861 pueri
1886 5791 2009 5862 regii

2115 5791 2293 5864 χώρια
2321 5794 2387 5846 ὲκ
2437 5792 2533 5864 τῆς
2566 5790 2704 5856 ἰδίας
2759 5793 3042 5864 τραπέζης
3079 5793 3355 5859 ἀποτάξας
3407 5793 3557 5862 σφίσι
3596 5790 3694 5861 τὴν
