4092 6412
389 381 497 445 2ῗό

1662 381 2072 443 ΔΝΝΛΗΙΙΜ
2117 385 2264 448 LIB.
2311 387 2424 450 ΠΙ.

3557 399 3669 464 ΞΞῚΞ

398 501 629 553 δίαιταν.
666 499 945 570 Τέσσαρες
986 498 1041 551 δὲ
1086 497 1194 550 τῶν
1243 494 1450 551 παίδων
1487 490 1628 569 ἦσαν
1659 499 1724 550 ἑκ
1761 497 1856 551 τοῦ
1883 497 1978 569 βα·-

2089 500 2308 569 gem-ris
2335 544 2349 569 ,
2389 511 2446 555 et
2473 499 2644 556 forma
2687 509 2741 556 et
2778 502 3013 574 ingeniis
3042 516 3394 576 prvstantcs,
3429 524 3665 581 quormn

399 591 602 644 σιλικοῦ
637 591 924 660 γεγονότες
960 593 1175 659 γένους,
1200 590 1357 643 καλοὶ
1388 590 1486 646 τὰς
1519 590 1692 661 ὄψεις,
1724 595 1818 646 καὶ
1843 594 1979 661 ἀγα-

396 681 476 735 θοὶ
506 680 606 745 τὰς
644 680 871 751 φύσειςο
932 678 1009 735 ὧν
1057 682 1152 733 τὸν
1210 681 1309 751 μὲν
1363 680 1565 751 Δανιὴλ
1616 682 1976 752 καλούμενον,

397 773 683 845 Βαλτάσαρ
712 775 741 827 ὁ
771 772 1118 836 Βαϐυλώνιος
1169 772 1526 844 μετωνόμασε
1546 789 1559 804 ·
1596 773 1689 828 τὸν
1735 774 1794 828 δὲ
1820 775 1981 830 Ἀνα-

395 863 512 917 νίαν
549 863 939 934 ὠνομασμένον
987 864 1198 934 Σεδρᾶχ
1223 882 1237 896 ·
1291 864 1513 935 Μισαὴλ
1551 864 1609 918 δὲ
1648 865 1740 919 τὸν
1787 865 1981 938 ἓτερον

394 954 732 1025 κεκλημένον
776 957 1002 1010 Μισάκ·
1035 956 1246 1009 καὶτὸν
1277 955 1461 1009 λοιπὸν
1476 957 1764 1028 Ἀζαρίαν,
1797 959 1984 1012 Ἀϐδε-

398 1046 548 1114 ναγώ
577 1063 590 1076 ·
627 1045 721 1110 οὓς
754 1047 849 1101 καὶ
895 1047 1005 1100 τῶν
1054 1047 1232 1101 ἄλλων
1280 1042 1416 1118 ἦγεν
1467 1050 1876 1119 ἐντιμοτέρους,
1912 1051 1981 1105 δι’

398 1138 627 1208 εὐφυΐαν
676 1138 773 1193 ἐπὶ
826 1138 989 1209 σοφίᾳ
1022 1140 1455 1210 προκόπτοντας.
1510 1134 1673 1194 Οὗτοι
1723 1142 1906 1195 τοίνυν
1931 1145 1980 1196 οἱ

394 1229 608 1283 νεανίαι
629 1228 725 1283 τοῦ
755 1230 1101 1299 προεστῶτος
1130 1231 1311 1284 αὐτῶν
1343 1231 1601 1302 εὐνούχου
1638 1233 1867 1299 ἐδέοντο,
1905 1236 1979 1306 μὴ

391 1325 505 1385 τοῖς
536 1324 602 1375 ὲκ
626 1322 725 1393 τῆς
757 1323 1048 1394 βασιλικῆς
1103 1325 1388 1396 τραπέζης
1427 1328 1860 1396 χορηγουμένοις
1884 1330 1982 1381 αύ-

354 1417 506 1477 -τοῖς
562 1415 779 1486 διαιτᾷν
814 1417 977 1484 σφᾶς,
1031 1415 1149 1469 ἀλλ’
1200 1416 1450 1487 ὀσπρίοις
1499 1417 1596 1470 καὶ
1642 1418 1841 1485 φοίνιξι
1888 1421 1981 1472 καὶ

390 1505 657 1568 τοιούτοις
685 1504 889 1568 ἄλλοις.
936 1508 995 1561 Ὃ
1025 1507 1104 1569 δὲ,
1134 1507 1364 1563 δεδιέναι
1398 1509 1552 1576 ἔλεγε
1588 1510 1685 1581 μὴ,
1716 1511 1981 1573 τοιούτοις

390 1599 748 1669 τρεφόμενοι,
805 1598 1128 1652 λεπτωθὼσι
1172 1601 1241 1653 τὰ
1296 1599 1547 1670 σώματα,
1585 1603 1679 1654 καὶ
1707 1603 1859 1674 παρὰ
1884 1603 1979 1658 τοῦ

394 1690 667 1758 βασιλέως
688 1689 779 1742 διὰ
803 1690 965 1743 τοῦτο
993 1690 1157 1755 αὐτὸς
1182 1692 1436 1763 κακωθῇ.
1468 1692 1533 1745 Οἱ
1563 1692 1619 1746 δὲ
1646 1692 1731 1761 ἐφ’
1762 1692 1980 1763 ἡμέρας

390 1780 528 1832 δέκα
550 1778 695 1833 οὕτω
728 1781 1001 1853 διαιτῆσαι
1030 1782 1229 1847 αὐτοὺς
1261 1784 1630 1855 παρεκάλουν,
1665 1785 1761 1837 καὶ
1805 1787 1855 1839 εί
1882 1785 1980 1852 μὲν

2082 589 2290 643 Dauieli
2377 589 2752 654 Balthasaris,
2800 592 3028 648 Ananiae
3099 595 3401 663 Sedrachi,
3458 600 3667 658 Misacli

2080 679 2266 735 Misaei
2291 721 2305 746 ,
2339 681 2549 736 Azariar.
2580 682 2861 754 Ahdcnagi
2896 700 3094 740 nomen
3122 687 3253 744 fecit
3287 688 3617 761 Babylonius
3647 731 3665 760 ,

2080 786 2137 831 et
2204 792 2317 846 pne
2380 778 2594 832 caeteris
2652 778 2920 832 honorem
2990 779 3224 845 habuit,
3281 782 3353 837 ob
3423 783 3664 840 indolem

2083 867 2500 938 disciplinarum
2559 885 2838 939 capacem.
2893 870 2958 925 Hi
3029 870 3198 940 igitur
3260 874 3422 945 118
3482 876 3671 931 adole-

2088 967 2310 1014 scentes
2345 961 2661 1015 eunuchum
2692 962 2778 1015 cui
2812 962 3112 1031 parebant,
3150 973 3432 1033 rogarunt,
3466 981 3533 1021 ne
3562 966 3667 1021 sibi

2083 1050 2244 1119 regia:
2278 1066 2481 1107 mensa:
2511 1051 2718 1107 fercula
2767 1052 3172 1121 pra-bercntur,
3204 1055 3300 1109 sed
3349 1056 3623 1127 legumina
3646 1096 3664 1124 ,

2082 1141 2305 1212 dactyli,
2331 1154 2388 1196 et
2414 1143 2521 1197 alia
2549 1142 2600 1196 id
2631 1158 2824 1213 genus.
2852 1143 2947 1198 ille
2972 1159 3097 1198 cum
3133 1160 3192 1199 se
3222 1147 3400 1201 vereri
3431 1147 3667 1213 diceret,

2082 1244 2152 1282 ne
2208 1230 2300 1284 illo
2331 1230 2458 1285 cibo
2505 1232 2819 1287 extenuatis
2855 1248 3048 1287 eorum
3085 1235 3409 1304 corporibus
3432 1276 3448 1301 ,
3479 1236 3596 1305 ipse
3635 1253 3667 1292 a

2082 1334 2209 1390 rege
2261 1322 2400 1376 male
2458 1330 3005 1388 tracteturztamen,
3059 1324 3244 1394 pueris
3305 1327 3665 1396 petentibus,

2082 1421 2144 1466 ut
2170 1412 2359 1467 decem
2395 1413 2594 1469 diebus
2637 1415 2711 1469 ita
2743 1425 3123 1485 pascerentur,
3165 1417 3312 1487 quod
3347 1417 3393 1472 si
3433 1433 3667 1489 corpora

2080 1518 2179 1558 sua
2231 1521 2340 1558 non
2393 1516 2762 1573 mutarentur,
2793 1509 2865 1561 ita
2912 1521 3166 1579 pergeret
3214 1512 3346 1564 :sin
3377 1512 3665 1567 extenuari

2081 1595 2315 1661 videret,
2354 1598 2650 1667 pristinum
2684 1599 2890 1654 victum
2937 1601 3233 1671 praeberet,
3297 1601 3664 1674 obtemperat.

2080 1685 2329 1757 Cumque
2377 1704 2486 1743 non
2540 1689 2704 1743 modo
2753 1689 2895 1745 nihil
2933 1690 3016 1745 eis
3044 1691 3345 1758 decedere,
3377 1693 3471 1748 scd
3503 1709 3667 1765 vege-

2084 1776 2254 1831 tiores
2284 1777 2452 1832 etiam
2481 1780 2695 1834 caeteris
2731 1779 2884 1836 reddi
2910 1780 3125 1836 videret
3154 1822 3170 1846 ,
3205 1783 3360 1840 cibos
3397 1785 3669 1841 inanimes

395 1873 469 1943 μὴ
510 1873 900 1943 μεταϐάλλοιτο
942 1876 976 1944 ἡ
1005 1874 1114 1928 τῶν
1141 1874 1411 1946 σωμάτων
1438 1874 1552 1942 ἕξις
1584 1878 1791 1943 αὐτοῖς,
1837 1876 1978 1932 οὕτω

2084 1867 2166 1922 eis
2196 1869 2425 1937 praebet.
2463 1870 2542 1925 lta
2587 1872 2970 1929 subtilioribus
3014 1875 3244 1931 redditis
3283 1876 3516 1946 ingeniis
3544 1917 3559 1940 ,
3610 1877 3667 1934 in

392 1967 613 2038 διαιτᾷν
645 1967 843 2031 αὐτοὺς
883 1968 979 2022 καὶ
1009 1968 1091 2032 είς
1120 1967 1183 2023 τὸ
1214 1968 1342 2039 ἑξῆς
1362 1984 1378 1999 ’
1409 1969 1458 2023 εί
1483 1968 1528 2023 δ’
1566 1971 1666 2024 ῐδοι
1694 1968 1765 2024 τὰ
1794 1968 1986 2039 σώμα-

388 2075 455 2112 τα
487 2058 677 2112 αὐτῶν
725 2059 1132 2130 ίσχναινὸμενα,
1156 2061 1256 2130 τῆς
1275 2060 1548 2132 προτέρας
1575 2059 1795 2132 ἔχεσθαι
1847 2060 1986 2114 διαι-

387 2151 625 2221 τήσεως.
659 2151 916 2205 Πείθεται
934 2150 1148 2216 τούτοις
1180 2153 1209 2205 ὁ
1233 2151 1345 2206 τῶν
1366 2152 1576 2207 παίδων
1601 2150 1981 2224 προεστηκὼς,

387 2242 482 2295 καὶ
518 2241 663 2297 οὕτω
688 2244 943 2313 ποιήσας,
979 2241 1054 2307 ὡς
1076 2242 1229 2296 οὐδὲν
1260 2243 1461 2304 αὐτοὺς
1489 2245 1555 2298 ὲκ
1588 2244 1698 2298 τῶν
1720 2244 1983 2299 τοιούτων

387 2336 613 2406 τροφῶν
643 2335 920 2401 παθόντας
941 2331 1072 2402 εἶδε,
1113 2334 1318 2406 μᾶλλον
1355 2336 1455 2408 μὲν
1480 2333 1576 2392 οὖν
1615 2338 1712 2392 καὶ
1741 2337 1850 2392 τῶν
1883 2336 1981 2390 ἄλ-

388 2426 495 2483 λων
536 2428 946 2500 θαλερωτέρους
976 2428 1295 2497 γεγονότας,
1323 2428 1568 2500 ἀψύχους
1593 2429 1778 2492 αὐτοῖς
1807 2446 1984 2501 προσ-

387 2520 488 2591 ῆγε
553 2521 788 2592 τροφάς.
838 2523 903 2576 Ol
946 2523 1003 2577 δὲ
1042 2523 1432 2588 λεπτυνθέντος
1476 2524 1660 2589 αὐτοῖς
1692 2523 1790 2578 τοῦ
1841 2525 1981 2590 νοὸς,

391 2613 583 2666 πᾶσαν
602 2612 977 2685 κατώρθωσαν
1016 2615 1269 2669 παιδείαν
1310 2614 1631 2686 Χαλδαῖκὴν
1658 2615 1757 2670 καὶ
1787 2614 1984 2669 ’Λσσύ-

390 2719 539 2774 ριον.
585 2703 645 2756 '0
692 2704 752 2757 δέ
802 2719 867 2773 γε
906 2705 1107 2777 Δανιὴλ
1142 2706 1239 2761 καὶ
1300 2709 1433 2778 περὶ
1487 2708 1703 2779 κρίσεις
1756 2707 1982 2779 ὀνείρων

387 2793 677 2847 κατέτεινε
702 2794 802 2866 τὴν
830 2796 1092 2867 σπουδήν.
1123 2795 1257 2852 Εἶτα
1300 2797 1553 2853 ἐνύπνιον
1581 2800 1609 2852 ὁ
1641 2798 1984 2868 Ναϐουχοδοο

387 2887 559 2958 νόσορ
583 2886 820 2952 ἐξαίσιον
870 2887 1232 2960 θεάσαμενος,
1285 2892 1378 2945 καὶ
1418 2891 1519 2960 τὴν
1550 2890 1738 2962 κρίσιν
1789 2889 1981 2943 τούτου

387 2982 542 3034 κατὰ
567 2979 692 3044 τοὺς
726 2978 930 3043 ὕπνους
964 2980 1174 3048 μαθὼν,
1222 2981 1319 3036 τοῦ
1353 2999 1414 3036 τε
1468 2983 1683 3054 ὀνείρου
1738 2982 1833 3035 καὶ
1882 2981 1984 3050 τῆς

389 3071 635 3140 κρίσεως
670 3071 834 3124 αὐτοῦ
865 3071 1188 3129 ἐπελάθετο.
1229 3073 1441 3128 Ἕωθεν
1473 3073 1569 3129 οὖν
1616 3073 1984 3146 μεταπεμψά-

391 3176 564 3229 μενος
589 3163 716 3226 τοὺς
740 3163 1044 3229 Χαλδαίους
1073 3165 1170 3220 καὶ
1208 3165 1338 3230 τοὺς
1370 3165 1594 3237 μάντεις
1626 3169 1719 3222 καὶ
1745 3169 1976 3240 μάγους,

387 3253 600 3324 ἀπῄτει
631 3254 857 3318 τούτους
886 3256 947 3310 τὸ
975 3256 1109 3328 ὄναρ
1138 3274 1200 3312 τε
1225 3259 1404 3312 εἰπεῖν
1426 3258 1599 3329 αὐτῷ,
1623 3261 1719 3314 καὶ
1735 3261 1835 3332 τὴν
1861 3263 1979 3316 τού-

386 3361 480 3399 του
507 3346 776 3416 δήλωσιν.
809 3348 872 3401 0i
904 3348 961 3402 δὲ
994 3349 1157 3403 αὐτὸν
1190 3349 1384 3421 ἤθελον
1414 3351 1683 3423 πρότερον
1715 3352 1891 3407 εἰπεῖν
1916 3354 1981 3409 τὸ

386 3437 670 3504 ἐνύπνιον,
713 3440 810 3493 καὶ
840 3439 1017 3505 οὕτως
1051 3442 1228 3495 αίτεῖν
1254 3441 1314 3507 ἐξ
1360 3443 1587 3497 εκείνων
1617 3442 1678 3496 τὸ
1707 3445 1978 3516 σημαινό-

389 3544 583 3596 μενον.
613 3527 873 3601 Ὠργίσθη
900 3531 995 3584 ἐπὶ
1019 3530 1236 3599 τούτοις
1263 3535 1292 3587 6
1320 3532 1595 3605 βασιλεὺς,
1626 3538 1721 3590 καὶ
1750 3537 1979 3591 θάνατον

384 3621 656 3674 ἁπάντων
682 3622 1117 3693 κατεψηφίσατο,
1154 3625 1230 3697 μὴ
1284 3625 1546 3681 δύνασθαι
1571 3627 1842 3697 λεγόντων
1890 3631 1981 3683 εύ-

388 3713 628 3782 ρηκέναι
655 3714 746 3765 τὸν
774 3713 1288 3785 ὄνειρονμΤούτοις,
1316 3717 1392 3782 ὼς
1438 3719 1615 3788 σοφοὶ,
1660 3721 1754 3774 καὶ
1778 3721 1979 3794 Δανιὴλ

385 3805 478 3857 καὶ
519 3805 580 3859 oi
631 3807 780 3877 τρεῖς
814 3807 1007 3871 παῖδες
1038 3809 1135 3862 καὶ
1167 3807 1576 3880 συνεκλήθησαν
1613 3814 1707 3865 καὶ
1749 3829 1982 3881 συγκατ-

385 3895 714 3965 εκρίθησαν.
763 3897 1020 3969 Ιιρόσεισι
1069 3899 1248 3952 τοίνυν
1271 3900 1301 3952 ὁ
1334 3899 1532 3971 Δανιὴλ
1563 3900 1643 3972 τῷ
1675 3902 1785 3956 τῶν
1823 3903 1980 3969 βασι-

384 3987 565 4042 λικῶν
596 3990 1080 4059 σωματοφυλάκων
1110 3989 1418 4062 ὲξάρχοντι,
1467 3992 1562 4046 καὶ
1599 3991 1836 4064 ἠξίωσεν
1881 3995 1979 4048 ἐπὶ

389 4082 524 4150 μίαν
565 4080 734 4136 νύκτα
762 4084 861 4154 τὴν
903 4084 1186 4154 ἀναίρεσιν
1217 4088 1328 4139 τῶν
1360 4087 1712 4155 κατακρίτων
1749 4087 1981 4159 ὑπερτε-

389 4173 555 4244 θῆναι
570 4187 584 4203 ⁶
604 4174 788 4242 Ἴσως
804 4176 938 4245 γὰρ,
958 4176 1085 4247 ἔφη,
1106 4176 1182 4231 δι’
1212 4178 1406 4245 αὐτῆς
1422 4177 1841 4253 δεηθησόμσθιι
1871 4179 1978 4233 τοῦ

393 4262 543 4316 Θεοῦ
584 4263 685 4315 καί
738 4265 1093 4333 γνωσόμεθα
1128 4267 1197 4320 τὸ
1243 4266 1555 4321 ἐνύπνιον.
1610 4265 1905 4321 Ἐνέεωκεν
1947 4267 1980 4321 δ

392 4351 658 4422 βασιλεὺς
694 4356 832 4425 πρὸς
870 4354 971 4426 τὴν
1018 4357 1257 4428 αῖτησιν.
1294 4356 1408 4411 Καὶ
1447 4359 1900 4429 συμπαραλαϐὼν
1948 4359 1978 4412 ὀ

392 4445 595 4514 Δανιὴλ
619 4448 717 4499 καὶ
748 4446 876 4510 τοὺς
911 4450 1059 4517 τρεῖς
1087 4448 1254 4503 αὑτοῦ
1289 4452 1576 4518 συγγενεῖς
1608 4451 1829 4514 παῖδας,
1860 4449 1976 4503 ίκέ-

2086 1962 2237 2017 omni
2308 1963 2559 2020 doctrina
2617 1966 2911 2024 Chaldaica
2971 1980 3028 2026 et
3080 1972 3371 2043 Assyriaca
3446 1974 3667 2046 egregie

2084 2053 2460 2125 profecerunt.
2515 2059 2704 2114 Danicl
2782 2062 2948 2116 etiam
3023 2064 3254 2119 somniis
3305 2067 3670 2137 conjiciendis

2084 2147 2327 2202 animum
2390 2150 2649 2204 intendit.
2700 2150 2835 2207 Cum
2907 2162 3090 2210 autem
3156 2156 3669 2214 Nabuchodonosor

2084 2239 2337 2295 mirabile
2370 2242 2643 2297 somnium
2677 2245 2906 2299 vidisset
2938 2285 2953 2310 ,
2983 2261 3106 2302 cum
3159 2248 3406 2319 ejusdem
3441 2264 3670 2304 enarra-

2085 2331 2233 2388 tione
2267 2352 2280 2386 :
2320 2333 2610 2404 utriusque
2641 2336 2879 2402 oblitus,
2906 2353 3066 2393 mane
3093 2337 3381 2396 Chaldaeos
3430 2351 3584 2397 vates
3611 2348 3670 2398 et

2084 2438 2271 2495 magos
2297 2426 2528 2479 accersit
2551 2466 2567 2490 ,
2603 2427 2880 2481 somnium
2912 2435 2968 2483 et
2998 2430 3118 2500 ejus
3147 2432 3569 2501 explicationem
3595 2436 3665 2489 ab

2082 2513 2165 2569 eis
2207 2514 2431 2583 ﬂagitat.
2499 2516 2698 2571 Verum
2750 2518 2861 2572 illis
2912 2521 3224 2589 petentibus
3249 2566 3262 2584 ,
3295 2532 3356 2577 ut
3387 2524 3664 2578 somnium

2083 2607 2236 2678 prius
2289 2618 2607 2673 enarraret,
2660 2624 2725 2664 ac
2765 2619 2878 2664 ttun
2932 2610 3160 2666 demum
3214 2613 3665 2685 dijudicationcm

2084 2701 2390 2769 postularet
2426 2718 2440 2756 :
2482 2718 2579 2758 rex
2605 2701 2780 2758 iratus
2803 2744 2817 2769 ,
2847 2702 2994 2775 quod
3024 2707 3297 2760 somnium
3328 2723 3387 2764 se
3418 2710 3665 2779 reperire

2082 2806 2243 2861 posse
2284 2802 2615 2863 negassent,
2655 2809 2848 2851 omnes
2883 2796 3080 2867 capitis
3122 2798 3473 2855 condemnat.
3513 2800 3664 2855 lntcr

2083 2880 2187 2936 hos
2214 2891 2270 2938 et
2318 2884 2506 2939 Daniel
2535 2894 2592 2940 et
2634 2894 2746 2941 tres
2790 2887 2991 2957 pueri,
3038 2888 3378 2947 uthomines
3407 2891 3611 2948 eruditi
3643 2931 3665 2960 ,

2081 2987 2140 3030 et
2171 2975 2348 3030 vocati
2389 2985 2444 3030 et
2492 2991 2602 3032 una
2627 2976 2977 3033 condemnati
3006 2979 3244 3036 fuerant.
3276 2981 3466 3038 Daniel
3498 2983 3667 3056 igitur

2083 3066 2357 3136 regiorum
2402 3068 2700 3122 satellitum
2751 3068 3071 3140 prmfcctum
3128 3083 3295 3138 orat,
3339 3082 3400 3127 ut
3454 3073 3659 3130 caedem

2031 3154 2462 3221 fdamnatorum
2540 3173 2705 3212 unam
2769 3169 2987 3215 noctem
3049 3160 3321 3217 differret.
3389 3161 3664 3221 Fortassis

2079 3248 2252 3312 enim,
2286 3248 2495 3317 inquit,
2521 3250 2723 3318 precati
2757 3249 2922 3305 Deum
2945 3292 2959 3314 ,
2982 3253 3245 3307 somnium
3271 3270 3658 3326 cognoscemus.

2078 3339 2225 3394 Mora
2258 3339 2544 3409 impetrata
2566 3381 2581 3406 ,
2615 3340 2789 3397 tribus
2821 3344 3065 3414 cognatis
3095 3344 3359 3403 adhibitis
3383 3388 3396 3412 ,
3447 3363 3657 3419 pernox

2078 3441 2332 3502 precatus
2362 3433 2532 3487 Deum
2560 3472 2576 3499 ,
2607 3442 2664 3488 et
2696 3434 2975 3490 somnium
3022 3446 3081 3492 et
3122 3438 3243 3509 ejus
3293 3439 3658 3511 signiﬁcatio-

2080 3536 2205 3577 nem
2236 3524 2518 3592 cognoscit
2548 3539 2562 3578 :
2599 3538 2760 3579 mane
2798 3540 2979 3596 regem
3010 3528 3264 3596 accedit,
3292 3532 3566 3588 somnium
3600 3543 3658 3589 et

2079 3612 2200 3684 ejus
2239 3613 2690 3684 signiﬁcationem
2718 3630 2749 3670 a
2793 3615 2906 3673 Deo
2940 3617 3049 3674 sibi
3080 3621 3373 3676 revelatam
3414 3637 3535 3679 esse
3575 3625 3661 3679 in-

2079 3703 2265 3770 dicat,
2297 3705 2526 3761 miserto
2549 3721 2743 3762 eorum
2770 3748 2785 3774 ,
2819 3708 2917 3780 qui
2971 3718 3265 3782 propterea
3308 3712 3556 3770 insontes
3601 3716 3659 3772 in

2077 3793 2276 3864 capitis
2310 3795 2561 3865 periculo
2590 3804 2773 3852 essent
2822 3814 2838 3853 :
2883 3812 2988 3854 nec
3035 3799 3221 3855 minus
3262 3799 3437 3872 ipsius
3473 3802 3616 3874 regis
3639 3843 3658 3871 ,

2078 3896 2173 3964 qui
2221 3903 2302 3951 tot
2339 3896 2627 3951 occisurus
2681 3906 2828 3952 esset
2872 3897 2993 3953 sine
3035 3898 3197 3969 culpa
3225 3940 3241 3966 ,
3274 3914 3305 3954 a
3347 3900 3555 3970 quibus
3590 3916 3657 3957 ea

2078 3986 2450 4055 postulasset,
2484 4002 2608 4057 quae
2657 3987 2787 4043 sciri
2833 3987 2902 4042 ab
2935 3988 3017 4043 eis
3049 4004 3156 4044 non
3201 3989 3549 4059 potuissent,
3594 4005 3660 4045 ac

2079 4078 2181 4133 soli
2223 4089 2434 4134 natura;
2479 4079 2678 4134 divinae
2730 4080 2950 4150 cognita
2997 4091 3204 4136 essent.
3254 4081 3338 4137 Ea
3375 4098 3498 4136 vero
3540 4100 3658 4153 qua:

2076 4168 2284 4234 uidisti,
2347 4168 2561 4238 inquit,
2616 4171 2924 4239 huiusmodi
2973 4179 3121 4226 sunt.
3194 4170 3348 4227 Visus
3393 4190 3446 4228 es
3483 4175 3660 4228 uidere

2076 4268 2311 4312 statuam
2335 4275 2588 4329 magnam
2613 4261 2838 4315 hominis
2868 4270 3095 4315 stantem
3121 4302 3136 4328 ,
3164 4263 3316 4334 cujus
3341 4273 3496 4335 caput
3524 4277 3657 4319 esset

2077 4364 2334 4413 aureum,
2375 4350 2580 4402 humeri
2622 4359 2671 4403 et
2725 4350 2941 4407 brachia
2983 4361 3268 4422 argentea,
3317 4364 3497 4409 uenter
3535 4372 3654 4409 cum

2077 4440 2358 4509 femoribus
2413 4456 2616 4505 tet-cus,
2670 4457 2827 4495 crura
2862 4451 2934 4511 ,ει
3008 4444 3160 4513 pedes
3207 4446 3403 4514 partim
3459 4446 3622 4516 ferrei
3635 4486 3651 4510 .

390 4549 554 4589 τευσε
583 4536 675 4590 διὰ
719 4537 818 4608 τῆς
844 4539 1038 4602 νυκτὸς
1064 4537 1158 4592 τὸν
1186 4539 1342 4593 Θείν.
1396 4537 1665 4604 Δηλοῦται
1693 4538 1789 4593 οὖν
1824 4539 1976 4611 αὐτῷ

2080 4532 2280 4600 partim
2341 4531 2577 4585 testa'cei.
2632 4531 2830 4586 Deinde
2874 4532 3012 4603 lapis
3046 4549 3110 4587 ea:
3153 4546 3328 4589 monte
3365 4540 3652 4609 abruptus,

392 4627 603 4696 θεόθεν,
647 4633 746 4685 καὶ
777 4630 841 4684 τδ
866 4631 1140 4694 ἐνύπνιον,
1173 4633 1270 4685 καὶ
1295 4631 1365 4685 τὰ
1415 4632 1484 4685 δι’
1515 4631 1679 4685 αὐτοῦ
1715 4632 1976 4703 σημαινόο

394 4733 556 4784 μενα,
611 4719 707 4770 καὶ
767 4717 891 4787 μεθ’
920 4717 1133 4789 ἡμέραν
1169 4717 1336 4789 ἀπῄει
1391 4719 1530 4789 πρὸς
1579 4717 1673 4771 τὸν
1725 4718 1975 4788 βασιλέα.

395 4810 505 4863 Καὶ
540 4811 592 4863 oi
627 4810 780 4881 παρά
828 4810 923 4863 τοῦ
958 4810 1093 4864 θεοῦ
1124 4812 1230 4880 ἔφη
1274 4809 1649 4882 γνωρισθῆναι
1696 4810 1830 4864 αὐτὸ
1876 4810 1975 4866 καὶ

390 4905 450 4954 τὸ
488 4903 649 4971 ὄναρ,
693 4904 786 4955 καὶ
814 4901 915 4972 τὴν
965 4903 1131 4956 αὑτοῦ
1161 4902 1421 4972 δήλωσιν,
1482 4902 1807 4971 ἐλεήσαντος
1845 4903 1973 4966 τοὺς

390 4995 600 5057 ἀδίκως
630 4993 721 5048 διὰ
753 4992 911 5047 τοῦτο
933 4995 1230 5049 ἀποθανεῖν
1250 4994 1661 5059 κινδυνεύοντας
1680 5011 1695 5026 ο
1752 4995 1906 5049 οὐδὲν
1924 4995 1972 5047 δ’

392 5078 560 5153 ἧττον
579 5086 676 5139 καὶ
705 5084 766 5138 σε
779 5086 1099 5141 τὸνκτεῖναι
1123 5084 1345 5139 θέλοντα
1371 5085 1628 5150 ἀναιτίως
1659 5086 1885 5148 τούτους
1914 5085 1975 5152 ἐξ

389 5167 465 5228 ὧν
495 5174 729 5245 ἀπῄτεις
760 5174 1023 5238 ἀδύνατα,
1057 5174 1094 5229 ἃ
1130 5175 1268 5248 μόνῃ
1290 5177 1356 5247 τῇ
1379 5174 1499 5245 θείᾳ
1537 5175 1699 5244 φύσει
1728 5174 1969 5243 γνωστὰ.

396 5261 465 5318 Ἀ
501 5265 556 5317 δ’
584 5263 839 5331 ἐθεάσω,
868 5263 1114 5318 τοιαῦτά
1164 5266 1344 5319 εἰσιν.
1384 5262 1652 5329 Ἐδόκεις
1686 5260 1837 5330 όρᾷν
1865 5263 1972 5317 ἀν.

391 5354 645 5424 cpiam:
665 5360 862 5424 μέγαν
887 5352 1139 5421 ἑστῶτα,
1176 5349 1250 5410 οὗ
1272 5351 1475 5423 χρυσῆ
1495 5352 1613 5423 μὲν
1645 5352 1684 5421 ἡ
1708 5349 1968 5421 κεφαλὴ,

392 5450 446 5500 ol
478 5446 550 5500 δὲ
579 5445 722 5515 ὤμοι
752 5447 855 5501 καί
881 5449 937 5500 ol
968 5447 1299 5515 βραχίονες
1327 5444 1598 5515 ἀργυροῖ,
1623 5444 1663 5511 ἡ
1689 5444 1757 5497 δέ
1779 5460 1846 5514 γε
1863 5460 1970 5513 γα-

391 5537 551 5605 στὴρ
570 5539 721 5607 μετὰ
753 5534 874 5590 τῶν
900 5536 1113 5606 μηρῶν
1155 5537 1226 5590 ἐκ
1262 5535 1520 5605 χαλκοῦ,
1551 5537 1611 5590 al
1635 5532 1855 5604 κνῆμαι
1900 5533 1971 5587 δὲ

391 5628 492 5682 καὶ
521 5632 581 5682 οι
626 5629 810 5696 πόδες
836 5623 1004 5700 ἦσαν
1032 5627 1215 5698 μέρος
1234 5627 1352 5696 μέν
1376 5644 1432 5682 τι
1464 5625 1757 5694 σιδήρεοι,
1785 5625 1970 5695 μέρος

390 5719 458 5773 δέ
474 5737 531 5774 τι
559 5720 920 5788 ὀστράκινοι.
942 5717 1084 5778 Εἶτα
1110 5721 1280 5786 λίθος
1297 5720 1365 5785 ἐξ
1389 5719 1565 5789 ὅρους
1583 5718 1966 5787 ἀπορῤαγεὶς,

392 5811 471 5876 τῷ
497 5811 809 5881 ἀνδριάντι
840 5814 1054 5879 ἔδοξεν
1106 5812 1416 5884 ἐμπεσεῖν,
1474 5814 1572 5866 καί
1635 5811 1964 5879 συντρῖψαι

2075 4623 2216 4676 uisus
2245 4621 2385 4676 illidi
2410 4632 2603 4678 statua
2620 4664 2636 4690 ,
2661 4639 2881 4696 eamque
2902 4637 3199 4692 conterere,
3229 4637 3387 4699 atque
3415 4648 3606 4686 aurum
3633 4675 3649 4698 ,

2076 4722 2385 4784 argentum,
2428 4730 2532 4777 (es.
2569 4715 2804 4784 ferrum,
2837 4725 2885 4769 et
2931 4724 3120 4772 testam
3159 4721 3238 4775 ita
3267 4723 3652 4790 comminuere,

2076 4810 2133 4855 ut
2185 4819 2220 4857 a
2274 4812 2425 4857 uento
2487 4802 2888 4875 dissiparentur.
2948 4805 3111 4875 Lapis
3168 4824 3291 4862 uero
3341 4810 3396 4863 in
3444 4817 3651 4865 tantam

2075 4893 2266 4947 molem
2296 4910 2590 4950 excrescere
2609 4937 2623 4961 ,
2649 4905 2706 4950 ut
2733 4912 2942 4952 omnem
2969 4907 3171 4953 terram
3200 4900 3462 4971 impleret.
3492 4902 3656 4971 119

2075 4984 2144 5039 Et
2168 4988 2262 5040 hoc
2288 4989 2554 5042 somnium
2582 4990 2762 5043 vidisti
2778 5033 2794 5055 ,
2839 5006 2958 5044 cum
2983 4991 3048 5044 de
3075 5007 3237 5061 regno
3267 5000 3319 5046 et
3357 5008 3653 5047 successore

2071 5077 2282 5146 imperii
2303 5077 2527 5132 sollicite
2542 5081 2805 5151 cogitares
2826 5098 2845 5137 :
2872 5096 2990 5152 qua:
3015 5097 3137 5136 vero
3165 5097 3224 5136 eo
3247 5083 3647 5154 significantur,

2071 5173 2182 5225 haec
2214 5178 2359 5224 sunt.
2398 5172 2632 5225 Aureum
2663 5181 2822 5242 caput
2851 5182 2908 5227 tu
2948 5188 3035 5241 es,
3073 5183 3124 5227 et
3150 5176 3324 5229 elateri
3350 5191 3494 5244 reges
3531 5174 3645 5228 Ba-

2071 5262 2402 5333 byloniorum
2438 5280 2458 5319 :
2510 5280 2638 5318 nam
2703 5281 2899 5320 aurum
2946 5266 3156 5336 imperii
3200 5267 3279 5320 tui
3334 5266 3645 5336 felicitatem

2068 5355 2264 5409 innuit.
2312 5355 2447 5410 Duce
2489 5371 2609 5411 vero
2655 5372 2845 5411 manus
2887 5366 2938 5411 et
2960 5358 3201 5421 humeri,
3230 5359 3336 5413 duo
3368 5374 3532 5428 regna
3560 5376 3647 5413 re-

2071 5453 2426 5515 prwsentant,
2457 5462 2490 5499 a
2520 5446 2706 5516 quibus
2741 5456 2910 5501 vester
2949 5451 3273 5519 principatus
3316 5450 3642 5511 destruetur.

2081 5534 2267 5589 Venter
2312 5545 2361 5590 et
2401 5536 2604 5605 femora
2639 5552 2778 5593 aerea
2811 5554 2987 5610 regem
3018 5539 3320 5610 signiﬁcant
3343 5557 3451 5597 tere
3483 5544 3644 5597 indu-

2070 5637 2217 5692 tum,
2259 5628 2349 5697 qni
2394 5643 2478 5681 eos
2519 5629 2815 5697 opprimet,
2869 5647 2903 5685 α
2950 5633 3136 5701 quibus
3176 5648 3264 5688 vos
3313 5636 3646 5705 opprimendi

2070 5720 2229 5784 estis;
2260 5718 2408 5773 i!lius
2441 5735 2599 5790 porro
2635 5737 2853 5792 regnum
2892 5723 2956 5777 ab
2985 5723 3090 5778 alio
3119 5729 3409 5792 potentiore
3432 5728 3643 5781 destru-

2068 5821 2206 5868 etur.
2239 5812 2379 5869 Nam
2405 5822 2454 5868 et
2494 5830 2624 5868 auro
2651 5823 2700 5869 et
2735 5824 2953 5887 argento
2976 5828 3022 5873 et
3053 5834 3157 5874 aere
3184 5820 3386 5890 ferrum
3420 5832 3494 5876 est
3523 5823 3638 5877 du-
