4092 6404
385 428 493 492 227

1699 421 2022 484 JOANNIS
2062 421 2251 482 ΖΟΝΛ
2266 420 2384 480 ΠίΕ

3558 415 3668 480 “£23

384 550 517 601 rius.
565 543 771 600 Aurum
827 558 1004 607 enim,
1058 558 1251 611 purum
1298 548 1483 610 putum
1536 539 1871 608 prmertim,
1900 544 1970 588 est

2082 533 2295 599 αὑτὸν,
2330 537 2430 588 καὶ
2454 535 2750 588 λεπτύναι
2790 533 2898 588 τὸν
2923 533 3181 603 χρυσῦν,
3214 549 3314 589 και
3354 532 3464 587 τὸν
3485 532 3671 602 ἄργυ-

382 649 609 710 argeuto
654 638 867 693 mollius
913 654 933 692 :
987 645 1302 707 argentum,
1329 642 1386 689 ut
1435 649 1566 688 auro
1601 634 1847 699 densius,
1886 633 1962 686 ita

380 749 494 788 «a're
544 732 718 784 laxius
752 747 769 784 :
798 729 1000 799 ferrum
1053 743 1212 798 porro
1259 742 1363 780 tere
1399 726 1559 779 etiam
1601 723 1821 777 solidius
1864 731 1962 777 est.

376 819 565 889 ‘Capiti
600 819 766 889 igitur
808 832 1034 886 regnum
1062 815 1409 886 Assyriorum
1442 823 1524 868 est
1550 822 1927 883 comparatum
1949 853 1964 877 ,

389 922 453 967 ut
477 910 757 979 antiquius
797 918 853 963 et
885 909 1152 963 vetustius
1177 907 1409 962 castoris.
1440 907 1645 967 Altero.
1686 905 1965 961 Medorum

381 1010 446 1055 et
490 1001 780 1055 Persarum
828 1014 1053 1067 regnum
1106 997 1453 1065 intelligitur,
1486 997 1578 1066 qui
1615 996 1964 1066 Assyriorum

390 1102 733 1147 everterunt.
791 1091 926 1145 Nam
959 1090 1166 1162 Cyrus,
1205 1100 1264 1143 ut
1287 1100 1409 1158 post
1435 1089 1771 1153 narrabitur,
1803 1089 1967 1143 Persa

390 1197 575 1252 patre,
604 1195 779 1239 matre
811 1184 1017 1238 Medica
1050 1191 1241 1246 natus,
1272 1181 1557 1250 utriusque
1583 1181 1763 1252 gentis
1796 1181 1967 1235 armis

389 1279 645 1350 Assyrios
678 1277 881 1331 devicit
907 1289 1256 1343 ..eorumque
1296 1289 1520 1343 regnum
1558 1272 1778 1328 evertit.
1826 1272 1973 1326 Dua—

392 1369 495 1423 bus
525 1378 706 1422 autem
738 1365 992 1421 manibus
1019 1362 1141 1418 dua:
1170 1374 1359 1433 gentes
1401 1362 1798 1430 significantur.
1837 1361 1971 1416 Ter-

385 1459 529 1512 tium
573 1470 799 1528 regnum
847 1464 932 1510 est
975 1453 1330 1507 Macedonum
1358 1494 1373 1518 ,
1404 1451 1498 1505 aeri
1547 1460 1967 1521 comparatum,

381 1559 581 1619 utpote
631 1547 944 1619 potentius,
993 1548 1136 1616 quod
1191 1545 1473 1599 Persicum
1524 1542 1816 1613 imperium
1871 1543 1970 1597 dc-

380 1642 619 1705 struxit,
652 1656 716 1695 ac
745 1646 939 1694 venter
967 1637 1189 1709 quidem
1223 1637 1588 1691 Alexandrum
1618 1635 1822 1697 refert,
1859 1635 1971 1691 duo

388 1735 598 1790 femora
633 1732 957 1788 divisionem
1009 1730 1161 1800 regni
1202 1739 1326 1799 post
1356 1730 1475 1799 ejus
1512 1729 1748 1783 obitum.
1791 1726 1970 1793 Quar-

2074 643 2213 692 ρον,
2252 627 2357 680 κω
2398 630 2506 682 τὸν
2532 628 2791 696 χαλκὸν,
2828 627 2927 681 καὶ
2960 627 3067 681 τὸν
3099 626 3378 695 σίδηρον,
3416 626 3517 679 καὶ
3560 625 3668 677 τὸν

2074 716 2374 785 ὄστρακον
2396 719 2463 785 ἐς
2492 719 2808 782 τοσοῦτον,
2828 719 2910 785 ὡς
2929 718 3033 775 ὑπ’
3053 717 3279 787 ἀνέμου
3296 713 3668 784 ἑκλικμηθῆ·

2072 832 2169 869 ναι
2199 812 2405 885 (ἹδὲἹᾶ)
2424 811 2596 867 αὐτά.
2638 812 2702 866 '0
2731 811 2799 865 δὲ
2816 815 2989 877 λίθος
3018 809 3215 864 ἐδόκει
3240 807 3530 877 αὐξῆσαι,
3565 804 3667 861 καὶ

2073 909 2160 973 εις
2188 905 2484 960 τοσοῦτον
2511 904 2761 974 μέγεθος
2810 903 3153 974 προελθεῖν,
3191 903 3269 969 ὡς
3319 902 3532 957 πᾶσαν
3561 896 3662 954 ὑπ’

2074 997 2263 1051 αὐτοῦ
2291 996 2717 1065 πεπληρῶσθαι
2747 997 2862 1066 τὴν
2886 995 3024 1067 γῆν.
3057 992 3249 1062 Οὗτος
3280 995 3399 1064 μὲν
3423 989 3539 1048 οὖν
3561 1008 3665 1046 σοι

2077 1092 2110 1143 ό
2143 1090 2395 1157 ὄνειρος.
2439 1091 2507 1145 Ἀ
2539 1089 2608 1143 δὲ
2635 1090 2934 1157 δηλοῦταί
2990 1107 3091 1145 σοι
3120 1089 3197 1143 δι’
3237 1087 3445 1152 αὑτοῦ,
3479 1102 3664 1156 φρον-

2076 1181 2292 1243 τίζοντι
2326 1184 2459 1252 περὶ
2497 1183 2607 1253 τῆς
2628 1184 2977 1250 βασιλείας,
3007 1183 3110 1236 καὶ
3159 1183 3252 1248 τίς
3296 1180 3467 1249 ἄρξει
3512 1176 3663 1247 μετά

2077 1274 2174 1338 σὲ,
2205 1276 2393 1329 ταῦτά
2436 1279 2616 1330 εἰσιν.
2679 1278 2753 1331 Ἡ
2773 1278 2891 1345 μὲν
2939 1275 3142 1345 χρυσῆ
3189 1273 3451 1345 κεφαλὴ,
3484 1274 3566 1328 σύ
3599 1290 3665 1327 τε

2077 1360 2153 1428 εἷ,
2186 1366 2285 1417 καὶ
2321 1366 2375 1418 οι
2418 1364 2619 1419 λοιποὶ
2660 1365 2946 1432 βασιλεῖς
2993 1365 3111 1418 τῶν
3136 1366 3558 1420 Βαϐυλωνίων.
3591 1363 3663 1417 Τὸ

2079 1455 2430 1509 πολύολϐον
2477 1456 2529 1509 δ’
2564 1459 2598 1510 δ
2636 1457 2869 1524 χρυσὸς
2896 1456 3005 1525 τῆς
3029 1457 3218 1526 ἀρχῆς
3248 1474 3367 1512 σου
3398 1455 3664 1525 παραδη-

2077 1546 2195 1601 λοῖ.
2229 1549 2299 1600 Al
2326 1547 2392 1599 δὲ
2429 1546 2539 1601 δύο
2572 1549 2769 1618 χεῖρες
2797 1553 2892 1602 καὶ
2929 1553 2983 1604 οι
3018 1545 3166 1620 ὦμοι
3194 1549 3400 1616 διττὰς
3444 1549 3669 1604 εἰκονί-

2080 1636 2248 1696 (ovat
2269 1637 2620 1705 βασιλείας,
2649 1639 2749 1708 ὑφ’
2781 1633 2869 1692 ὧν
2900 1641 2938 1708 ή
2968 1639 3138 1711 ὑμῶν
3171 1639 3459 1709 ἡγεμονία
3484 1654 3669 1691 κατα-

2078 1729 2410 1795 λυθήσεται
2437 1746 2451 1759 ·
2482 1732 2520 1798 ἡ
2560 1730 2763 1800 χαλκὴ
2795 1731 2864 1785 δὲ
2901 1733 3161 1802 γαστὴρ,
3191 1733 3290 1786 καὶ
3321 1734 3377 1786 οἱ
3410 1730 3668 1788 τοιοῦτοι

385 1839 503 1884 tum
533 1845 760 1900 regnum
786 1837 870 1884 est
898 1827 1270 1880 Romanorum
1293 1864 1307 1884 ,
1353 1823 1441 1877 cui
1474 1822 1681 1877 ferrum
1714 1822 1970 1876 attribuit

2076 1822 2286 1889 μηροὶ,
2328 1821 2597 1885 βασιλέα
2631 1822 2896 1889 δηλοῦσι
2952 1823 3190 1893 χαλκὸν
3239 1821 3668 1891 ἐνδεδυμένον,

384 1924 458 1977 ob
491 1899 824 1979 soliditatem
850 1962 863 1983 ,
893 1930 949 1975 et
988 1918 1151 1973 tibias
1179 1957 1193 1979 ,
1227 1916 1439 1970 ratione
1475 1914 1739 1984 temporis
1761 1955 1776 1980 ,
1823 1913 1970 1984 quod

2080 1910 2149 1977 ὃς
2200 1911 2343 1975 τοὺς
2371 1912 2529 1980 ὑμᾶς
2563 1915 3027 1978 καταλύσαντας
3060 1911 3435 1981 καθαιρήσει.
3469 1912 3588 1978 Τὴν
3615 1911 3669 1964 δ’

382 2015 601 2070 caneris
626 2013 837 2084 magnis
877 2009 1125 2080 imperiis
1162 2008 1235 2064 sit
1276 2007 1578 2078 posterius,
1611 2006 1972 2077 quemadmo-

388 2107 520 2162 dum
551 2121 717 2161 crura
753 2116 810 2160 et
835 2106 1001 2175 pedes
1032 2112 1291 2159 extremae
1324 2108 1453 2155 sunt
1491 2108 1674 2169 partes
1702 2097 1975 2168 corporis.

382 2199 506 2255 Jam
552 2207 688 2252 testa
751 2196 901 2252 ferro
943 2194 1175 2249 admista
1225 2191 1499 2263 significat
1547 2205 1776 2259 regnum
1816 2188 1976 2252 illud,

387 2293 491 2347 etsi
540 2291 828 2345 robustum
877 2288 981 2354 sit,
1017 2296 1198 2341 tamen
1243 2284 1431 2355 fragile
1462 2282 1668 2353 aliquid
1696 2289 1750 2336 et
1800 2280 1976 2337 imbe-

2082 1999 2320 2055 ἐκείνου
2350 1999 2683 2063 βασιλείαν
2710 1996 2883 2067 αὖθις
2924 2000 3098 2069 ἑτέρα
3138 2000 3513 2054 καταπαύσει
3558 2000 3668 2055 δυ·

2069 2088 2388 2156 νατωτέρα.
2438 2087 2554 2144 Τοῦ
2598 2107 2662 2144 τε
2690 2090 2803 2161 γὰρ
2824 2091 3060 2160 χρυσοῦ
3107 2090 3342 2146 καὶτοῦ
3400 2091 3668 2161 ἀργύρου

2072 2185 2173 2237 καὶ
2214 2183 2322 2237 τοῦ
2358 2182 2599 2252 χαλκοῦ
2650 2185 2682 2238 ὁ
2711 2183 2962 2252 σίδηρος
2988 2183 3418 2255 δυνατώτερος.
3466 2184 3529 2238 '0
3552 2182 3674 2254 μὲν

2071 2276 2181 2347 γὰρ
2215 2277 2472 2347 χρυσὸς,
2504 2276 2603 2329 καὶ
2628 2275 2929 2345 μᾶλλονό
2962 2278 3404 2346 καθαρώτατος,
3434 2276 3542 2333 τοῦ
3564 2279 3670 2344 ἀρ-

388 2383 580 2439 cillum
607 2382 813 2438 habere
840 2380 1160 2451 adjunctum
1180 2420 1195 2445 ,
1222 2376 1532 2448 cujusmodi
1562 2385 1649 2431 est
1682 2383 1819 2430 testa
1847 2375 1970 2429 limo

2075 2369 2259 2439 γύρου
2281 2369 2414 2422 ἐστὶ
2437 2366 2889 2437 μαλακώτερος.
2932 2368 2997 2422 '0
3039 2369 3093 2423 δ’
3126 2369 3386 2440 ἄργυρος
3418 2371 3525 2424 τοῦ
3555 2368 3673 2439 μὲν

385 2483 675 2533 constans.
2076 2461 2312 2537 χρυσοῦ
2334 2460 2799 2531 στεγανώτερος,
2831 2460 2941 2516 τοῦ
2982 2462 3052 2516 δὲ
3102 2464 3340 2533 χαλκοῦ
3385 2461 3672 2532 τυγχάνει

383 2566 769 2636 χαυνότερος.
813 2564 875 2618 '0
903 2562 973 2617 δὲ
999 2562 1253 2631 σίδηρος
1277 2557 1453 2628 αὖθις
1479 2560 1578 2615 καὶ
1639 2555 1747 2613 τοῦ
1814 2556 2046 2627 χαλκοῦ
2088 2553 2504 2622 στερεώτερος.
2537 2553 2762 2623 Κεφαλῇ
2825 2554 2924 2623 μὲν
2982 2553 3076 2611 οὖν
3112 2556 3146 2626 ή
3195 2555 3306 2608 τῶν
3356 2553 3665 2622 Ἀσσυρίων

387 2658 635 2731 βασιλεία
664 2656 1019 2722 ἀπείκασται,
1051 2653 1125 2717 ὡς
1157 2652 1564 2726 προγενεστέρα
1611 2652 1721 2705 τῶν
1768 2649 1967 2716 ἄλλων,
2009 2651 2104 2703 καὶ
2161 2645 2241 2717 τῷ
2264 2646 2443 2717 χρόνῳ
2508 2649 2854 2714 προάγουσα.
2888 2647 3161 2718 Δευτέραν
3199 2645 3258 2699 δὲ
3284 2645 3381 2717 τὴν
3411 2643 3523 2697 τῶν
3550 2641 3640 2709 Μή

380 2750 492 2805 δων
531 2750 627 2805 καὶ
653 2749 763 2804 τῶν
800 2748 1026 2821 Περσῶν
1067 2750 1349 2818 ἐκάλεσεν,
1385 2747 1443 2802 αἱ
1516 2748 1617 2818 τὴν
1676 2748 1788 2803 τῶν
1864 2741 2172 2813 Ἀσσυρίων
2231 2741 2407 2813 ἀρχὴν
2467 2741 2872 2813 καθῃρήκασιν.
2917 2743 2978 2796 '0
3036 2742 3145 2812 γὰρ
3191 2743 3398 2809 Κύρος,
3466 2739 3659 2806 ὥσπερ

387 2845 838 2916 ῖστορτιθήσεται,
882 2846 1099 2914 Πέρσης
1156 2845 1254 2914 μὲν
1306 2839 1375 2915 ἦν
1428 2842 1722 2914 πατρόθεν,
1761 2845 1875 2906 τοῖς
1943 2839 2001 2893 δὲ
2042 2837 2252 2909 Μήδοις
2288 2836 2568 2907 προσῆκεν
2601 2839 2665 2891 ὲκ
2692 2838 2790 2908 τῆς
2859 2836 3065 2908 μητρός
3094 2852 3108 2867 ’
3142 2835 3200 2900 ὃς
3230 2835 3398 2906 ἄμφω
3428 2835 3497 2888 τὰ
3525 2833 3657 2905 ἔθνη

386 2937 861 3010 συμπαραλαϐὼν,
899 2940 994 2992 καὶ
1024 2937 1341 3008 πολεμήσας
1368 2940 1479 3001 τοῖς
1532 2935 1868 3007 Ἀσσυρξοις,
1896 2933 1994 3005 τὴν
2034 2933 2217 2988 αὐτῶν
2242 2930 2525 3003 βασιλείαν
2554 2931 2843 2986 κατέλυσε.
2912 2933 2991 3003 Τῇ
3024 2932 3177 2986 δυάδι
3205 2931 3263 2985 δὲ
3302 2929 3413 2983 τῶν
3444 2930 3666 3000 χειρῶν.

386 3031 558 3103 ἡτῶν
589 3031 761 3085 ὲθνῶν
789 3032 998 3086 τούτων
1023 3033 1228 3101 ἀμφοῖν
1278 3030 1411 3094 δυὰς
1450 3030 1801 3094 εἰκονίζεται.
1869 3029 2078 3100 Τρίτην
2155 3026 2215 3080 δὲ
2274 3024 2559 3097 βασιλείαν
2625 3028 2726 3095 τὴν
2771 3026 2880 3080 τῶν
2927 3025 3261 3079 Μακεδόνων
3330 3024 3510 3078 καλεῖ.
3562 3021 3654 3093 Τῷ

387 3123 575 3195 χαλκῷ
610 3123 670 3178 δὶ
719 3125 926 3192 ταύτην
980 3125 1281 3179 ἀπείκασεν
1328 3123 1402 3188 ὡς
1456 3124 1859 3191 δυνατωτέραν,
1915 3118 2007 3176 οἷα
2044 3123 2141 3175 καὶ
2169 3119 2269 3192 τὴν
2326 3120 2603 3193 Περσικὴν
2638 3121 2812 3192 ἀρχὴν
2848 3120 3257 3175 καταλύσασαν.
3296 3120 3405 3172 Καὶ
3430 3118 3521 3172 διὰ
3554 3117 3657 3189 μὶν

385 3219 489 3288 τῆς
519 3218 749 3283 κοιλίας,
796 3220 1211 3292 ήἏλεξάνδρου
1251 3219 1521 3291 μοναρχία
1552 3216 1928 3272 vinetum-31:3:
1953 3233 1965 3247 '
2005 3217 2095 3272 διὰ
2154 3216 2212 3271 δὲ
2242 3215 2349 3270 τῶν
2401 3216 2613 3287 μηρῶν,
2648 3217 2681 3287 ή
2717 3216 2857 3286 μετὰ
2895 3216 3127 3271 θάνατον
3157 3216 3368 3270 ἐκείνου
3402 3214 3504 3286 τῆς
3574 3212 3671 3284 βα-

389 3311 599 3377 σιλείας
627 3312 913 3384 διαίρεσις,
948 3314 1043 3366 καὶ
1072 3315 1101 3367 ὁ
1150 3312 1314 3377 αὐτὸς
1350 3312 1641 3383 μερισμός.
1679 3311 1965 3382 Τετάρτην
2003 3309 2061 3364 δὲ
2091 3308 2375 3378 βασιλείαν
2439 3307 2541 3379 τὴν
2566 3307 2677 3361 τῶν
2722 3307 3012 3378 Ῥωμαίων
3046 3309 3327 3376 ἐκάλεσεν,
3428 3313 3519 3382 τὸν
3581 3311 3666 3364 σί-

388 3404 555 3475 δηρον
584 3407 872 3479 ἀπένειμε,
905 3406 997 3461 διά
1038 3406 1100 3460 τδ
1130 3404 1484 3477 στερέμνιον.
1514 3404 1643 3468 Ταῖς
1673 3404 1732 3458 δὲ
1771 3404 2015 3473 κνήμαις
2052 3402 2226 3474 αὐτὴν
2284 3398 2555 3453 εἰκόνισεν
2588 3399 2677 3454 διά
2709 3400 2772 3453 τὸ
2799 3402 3153 3473 μετάχρονον.
3202 3403 3325 3457 Τῶν
3355 3404 3466 3476 γὰρ
3492 3404 3673 3459 ἄλλων

393 3500 651 3570 μεγάλων
673 3498 965 3570 βασιλειῶν
999 3498 1442 3570 μεταγενεστέρα
1487 3498 1520 3566 ἡ
1557 3495 1663 3550 τῶν
1704 3494 2015 3562 Ῥωμαίων.
2059 3493 2171 3546 Καὶ⁹
2220 3492 2278 3545 αῖ
2314 3491 2526 3562 κνῆμαι
2553 3490 2610 3544 δὲ
2654 3492 2751 3545 καὶ
2781 3492 2833 3544 οῖ
2862 3492 3045 3558 πόδες,
3077 3492 3365 3548 τελευταῖα
3398 3495 3541 3566 μέρη
3571 3493 3670 3549 τοῦ

388 3592 668 3662 σώματος.
698 3593 772 3646 Τὸ
800 3591 859 3645 δὲ
884 3591 961 3662 τῷ
999 3591 1206 3661 σιδήρῳ
1240 3589 1619 3661 ἀναμεμίχθαι
1669 3589 1741 3666 re
1795 3587 2090 3658 ὄστρακον,
2139 3585 2443 3641 αἰνίττεται
2514 3585 2575 3637 τὸ
2643 3586 2869 3657 ἰσχυρὰν
2915 3587 3013 3655 μὲν
3044 3588 3143 3656 τὴν
3169 3587 3447 3659 βασιλείαν
3502 3586 3666 3645 εἶναι.

390 3685 538 3757 εχειν
568 3684 629 3738 δὲ
662 3685 795 3755 παρ’
830 3685 1000 3757 ἑαυτῇ
1033 3684 1129 3738 καὶ
1160 3681 1494 3754 εὔθραυστόν
1522 3700 1575 3736 τι
1602 3681 1700 3736 καὶ
1737 3679 1964 3735 ἀναλκι·
2004 3677 2249 3733 τοιοῦτον
2309 3678 2420 3750 γὰρ
2444 3678 2547 3749 τὴν
2579 3676 2742 3748 φύσιν
2770 3678 2830 3730 τὸ
2856 3676 3148 3749 ὄστρακον,
3176 3682 3540 3750 συγκείμενον
3602 3684 3671 3737 ἐκ

391 3775 590 3850 πηλοῦ.

456 3869 554 3924 Ill.
597 3866 754 3934 Quod
781 3867 826 3923 si
856 3867 982 3938 quis
1015 3867 1157 3925 hanc
1191 3868 1460 3925 visionem
1498 3866 1568 3923 ad
1594 3868 1838 3940 priorem
1870 3866 1970 3926 rei-

2154 3866 2231 3921 p.
2269 3866 2331 3920 Et
2356 3865 2455 3937 μὲν
2482 3860 2575 3920 οὖν
2602 3864 2739 3937 πρὸς
2770 3862 2870 3934 τὴν
2897 3866 3173 3935 προτέραν
3205 3866 3545 3923 κατάστασιν
3571 3870 3670 3940 τῆς

386 3959 625 4030 publicae
668 3965 895 4017 statum.
943 3973 1056 4028 quo
1113 3974 1284 4030 penes
1327 3967 1602 4025 senatum,
1645 3959 1969 4024 dictatores,

2087 3958 2383 4029 Ῥωμαίων
2407 3959 2707 4030 ἡγεμονίας
2730 3960 3032 4026 ἀναγαγεῖν
3046 3976 3127 4021 τις
3152 3958 3443 4030 βουληθείη
3463 3964 3521 4014 τὸ
3542 3964 3671 4032 δρα.

385 4050 666 4114 consules,
709 4049 962 4104 tribunos
996 4057 1051 4104 et
1088 4048 1329 4119 plebem,
1376 4064 1592 4104 summa
1630 4064 1814 4103 rerum
1846 4048 1970 4115 fuit,

2078 4069 2177 4122 μα,
2206 4052 2297 4106 ὅτε
2326 4052 2359 4122 ή
2394 4050 2656 4119 γ’ρουσία
2688 4050 2782 4102 καὶ⁵
2815 4049 2865 4102 οῖ
2902 4048 3219 4122 δικτάτορες
3248 4052 3347 4105 καὶ
3374 4054 3420 4105 οἱ
3447 4051 3667 4122 ὕπατοι,

388 4142 616 4207 referat,
677 4141 890 4197 videbit
936 4142 1150 4213 plebem
1189 4156 1336 4213 saepe
1385 4142 1551 4197 motis
1600 4141 1972 4197 seditionibus

382 4250 417 4290 a
438 4235 689 4306 patribus
714 4235 1062 4301 dissensisse,
1083 4235 1189 4290 alia
1217 4244 1436 4301 senatu,
1469 4235 1576 4290 alia
1597 4236 1756 4306 plebe
1779 4235 1974 4289 decer-

385 4339 573 4383 nente.
604 4326 759 4383 Unde
788 4341 914 4382 cum
952 4327 1099 4383 inter
1136 4342 1257 4383 sese
1289 4335 1620 4398 pugnarent,
1654 4342 1743 4382 res
1775 4342 1971 4382 eorum

384 4435 454 4473 ex
487 4419 763 4474 discordia
798 4433 1199 4488 nonnunquam
1226 4418 1534 4473 deteriores
1560 4428 1618 4473 et
1644 4418 1973 4473 imbecillia-

387 4524 479 4564 res
525 4510 901 4564 exstiterunt:
966 4523 1032 4563 ac
1081 4517 1309 4563 senatus
1359 4524 1491 4564 cum
1523 4509 1674 4564 ferro
1730 4510 1971 4565 conferri

385 4610 578 4673 queat,
629 4602 701 4656 ob
731 4600 902 4655 animi
947 4602 1275 4672 gravitatem
1302 4619 1315 4633 ·
1357 4602 1516 4671 plebs
1554 4601 1973 4671 magistratibus

385 4700 445 4745 et
470 4689 687 4744 senatui
715 4688 973 4753 admista,
1006 4699 1178 4756 testae,
1211 4706 1337 4746 cum
1364 4692 1437 4746 ob
1474 4691 1740 4747 vilitatem
1773 4701 1831 4748 et
1865 4693 1973 4749 bu-

387 4784 702 4849 militatem,
751 4783 1063 4853 cuiusmodi
1116 4783 1283 4837 limus
1311 4791 1416 4848 est,
1454 4783 1600 4838 unde
1629 4792 1768 4839 testa
1801 4783 1975 4838 couti-

384 4877 553 4939 citur,
602 4883 717 4928 tum
764 4873 837 4928 ob
875 4872 1150 4928 levitatem
1197 4882 1255 4928 et
1326 4874 1700 4930 infirmitatem
1730 4875 1969 4930 consilii.

385 4966 486 5023 Est
516 4966 665 5021 enim
698 4965 996 5021 multitudo
1032 4965 1193 5037 120
1223 4965 1330 5020 levi
1381 4967 1680 5032 sententia,
1729 4976 1786 5022 et
1811 4967 1973 5022 facile

383 5058 494 5112 huc
514 5069 682 5127 atque
708 5057 840 5111 illuc
862 5057 1190 5127 impellitur:
1215 5072 1357 5126 quae,
1384 5057 1428 5116 si
1447 5058 1573 5128 quis
1594 5059 1969 5114 Romanorum

2074 4143 2174 4199 καὶ
2206 4144 2257 4198 οἱ
2296 4143 2571 4215 δήμαρχοι
2622 4140 2718 4194 καὶ
2771 4142 2800 4194 ό
2844 4141 3018 4211 δῆμος
3064 4142 3167 4212 τῆς
3203 4142 3315 4197 τῶν
3371 4131 3670 4201 πολιτικῶν

2075 4233 2421 4307 πραγμάτων
2444 4232 2756 4303 ἀντείχοντο
2772 4233 3112 4305 διοικήσεως,
3141 4235 3368 4306 εὑρήσει
3394 4238 3668 4309 πολλαχοῦ

2075 4328 2169 4382 τδν
2196 4327 2368 4397 δῆμον
2407 4329 2474 4399 τῇ
2515 4324 2782 4397 γερουσία
2814 4326 3235 4396 διαφερόμενον,
3295 4329 3391 4382 καὶ
3446 4332 3669 4398 στάσεις

2075 4417 2458 4488 ἐγειρομένας,
2495 4415 2634 4471 ἄλλα
2664 4418 2765 4487 μὲν
2790 4416 2898 4471 τῶν
2933 4418 3035 4487 τῆς
3088 4418 3289 4490 βουλῆς
3314 4420 3669 4493 διαταττομέ-

2074 4526 2201 4575 νων,
2248 4508 2384 4562 ἄλλα
2435 4507 2493 4560 δὲ
2530 4508 2639 4560 τῶν
2669 4507 2765 4561 τοῦ
2808 4508 3047 4580 πλήθους
3097 4512 3558 4581 ἀντεισαγόντων,
3590 4515 3668 4580 ὡς

2073 4603 2140 4655 ὲκ
2170 4599 2362 4654 τούτου
2412 4599 2686 4670 μάχεσθαί
2712 4618 2771 4654 τε
2804 4600 3077 4673 ἀλλήλοις,
3112 4598 3392 4674 καῖ’σφίσι
3419 4607 3488 4659 τὰ
3524 4608 3669 4676 πρά-

2074 4711 2284 4764 γματα,
2316 4694 2405 4748 διὰ
2436 4693 2535 4765 τὴν
2567 4694 2862 4765 διχόνοιαν,
2915 4697 3070 4750 ἔστιν
3120 4689 3183 4750 οὗ
3234 4699 3425 4768 ῥέπειν
3474 4704 3566 4752 επὶ
3607 4704 3667 4754 τὸ

2073 4790 2257 4857 χεῖρον
2289 4789 2382 4840 καὶ
2412 4787 2828 4858 ἀσθενέστερον,
2864 4789 3069 4860 σιδήρῳ
3098 4789 3197 4860 μὲν
3242 4790 3336 4845 οὖν
3377 4790 3444 4845 ἀν
3475 4809 3560 4855 τις
3585 4793 3666 4844 εῖ-

2076 4878 2268 4949 κονίση
2324 4879 2425 4948 τὴν
2461 4878 2792 4950 σύγκλητον,
2856 4881 2945 4937 διὰ
2996 4882 3059 4933 τὸ
3112 4882 3211 4950 τῆς
3268 4883 3496 4952 γνώμης
3542 4900 3667 4937 στε-

2077 4969 2322 5041 ρέμνιον.
2362 4971 2652 5043 Ὀστράκῳ
2681 4970 2729 5026 δ’
2761 4971 2830 5025 ἀν
2859 4973 3145 5044 εἰκασθείη
3204 4975 3264 5027 τὸ
3303 4974 3507 5042 πλῆθος
3536 4976 3669 5029 ἀνα-

2079 5058 2422 5127 μεμιγμένον
2453 5059 2513 5112 ὃν
2548 5063 2662 5125 τοῖς
2697 5062 2757 5115 ὲν
2806 5063 2955 5117 τέλει
2983 5065 3078 5117 καὶ
3123 5066 3192 5137 τῇ
3255 5066 3441 5136 βουλῇ,
3483 5066 3574 5120 διά
3604 5083 3666 5123 τε

383 5158 599 5206 veteres
615 5150 842 5204 annales
866 5149 1102 5214 evolvat,
1127 5149 1177 5203 ei
1202 5149 1348 5220 genti
1380 5149 1681 5219 saepissime
1700 5151 1970 5206 accidisse

2075 5150 2137 5204 τὸ
2172 5151 2521 5220 συρφετῶδες
2553 5154 2645 5206 καὶ
2696 5152 2757 5207 τὸ
2787 5154 3132 5225 χαμαίζηλον
3166 5156 3437 5229 (τοιοῦτον
3483 5158 3594 5228 γὰρ
3637 5159 3669 5214 ὁ

381 5243 646 5312 reperiet.
676 5241 800 5297 Hac
829 5241 996 5311 igitur
1023 5213 1252 5296 diversas
1278 5213 1522 5297 materia:
1553 5241 1866 5296 mistionem
1902 5240 1970 5295 ad

2080 5213 2271 5312 πηλὸς,
2290 5213 2430 5297 ’ὅθεν
2461 5213 2521 5296 ei
2548 5213 2821 5316 ὄστρακον
2852 5213 3110 5318 γίνεται),
3158 5213 3257 5302 καὶ
3284 5247 3372 5302 διὰ
3404 5250 3467 5301 τὸ

383 5335 622 5404 primum
664 5334 986 5406 reipublicae
1034 5344 1239 5390 statum
1288 5335 1573 5401 referenti,
1624 5336 1680 5391 in
1730 5346 1970 5390 mentem

2075 5337 2330 5403 eiﬁolov,
2366 5340 2463 5393 καὶ
2493 5339 2583 5394 διὰ
2608 5341 2708 5412 τὴν
2741 5341 3031 5397 ἀσθένειαν
3055 5344 3148 5397 τοῦ
3169 5344 3541 5417 φρονήματος.
3576 5342 3668 5401 El!-

385 5426 578 5483 venire
624 5436 849 5497 queant.
906 5426 1001 5482 Sin
1043 5427 1403 5497 posteriorem
1443 5426 1662 5497 imperii
1698 5427 1968 5483 rationem

2075 5430 2211 5484 ωθεν
2243 5431 2353 5501 γὰρ
2384 5433 2445 5485 τδ
2473 5432 2678 5503 πλῆθος
2710 5434 2986 5497 ἀστατεῖν,
3012 5436 3214 5507 ῥᾳδίως
3242 5453 3303 5490 τε
3331 5437 3668 5506 μετάγεσθαι

382 5526 625 5586 spectes,
677 5520 959 5591 republica
1005 5536 1073 5575 ex
1109 5520 1458 5575 aristocratia
1500 5520 1558 5573 in
1589 5520 1968 5575 monarchiam

2075 5524 2167 5574 καὶ
2207 5524 2729 5591 μεταϐουλεύεσθαι.
2772 5526 2959 5581 Ταῦτα
2997 5527 3056 5580 δέ
3101 5545 3185 5590 τις
3226 5528 3452 5599 εὑρήσει
3510 5530 3666 5582 πλει-

387 5621 743 5678 commutata,
786 5622 843 5668 et
885 5614 956 5668 ab
998 5614 1426 5684 imperatoribus
1477 5623 1768 5683 occupata,
1799 5613 1965 5667 etiam

2075 5614 2265 5678 στάκις
2293 5617 2359 5686 τῇ
2404 5616 2697 5688 Ῥωμαίων
2725 5619 2973 5692 πολιτεία
3027 5620 3442 5694 συμϐεστικότα,
3486 5622 3666 5679 ἐπιὼν

1574 5767 1776 5829 ναι-ια)
1810 5767 2117 5829 lectiones
2161 5775 2223 5831 et
2256 5778 2447 5833 noue.

468 5886 695 5954 (τε-τι)
732 5865 1225 5959 Ἐκλικμηθῆναι.
1263 5889 1431 5947 Addit
1455 5889 1700 5948 Colbcrt.
1745 5891 1836 5945 καὶ
1866 5891 2249 5964 σκεδασθῆναι.
