  <div class='ocr_page' id='page_1' title='image "/cluster/home/n/w/nwhite01/storage/ocr_20150623/134:no.1/coo.31924054870393/122.png"; bbox 0 0 4092 6398; ppageno 0'>
   <div class='ocr_carea' id='block_1_1' title="bbox 401 407 511 473">
    <p class='ocr_par' dir='ltr' id='par_1_1' title="bbox 401 407 511 473">
     <span class='ocr_line' id='line_1_1' title="bbox 401 407 511 473; baseline 0.045 -5"><span class='ocrx_word' id='word_1_1' title='bbox 401 407 511 473; x_wconf 67' lang='lat'><strong>9‘29</strong></span> 
     </span>
    </p>
   </div>
   <div class='ocr_carea' id='block_1_2' title="bbox 1642 412 2451 476">
    <p class='ocr_par' dir='ltr' id='par_1_2' title="bbox 1642 412 2451 476">
     <span class='ocr_line' id='line_1_2' title="bbox 1642 412 2451 476; baseline 0.001 -2"><span class='ocrx_word' id='word_1_2' title='bbox 1642 412 2090 476; x_wconf 67' lang='grc' dir='ltr'><strong>ΔΛΧΝΛΙᾸΗΜ</strong></span> <span class='ocrx_word' id='word_1_3' title='bbox 2136 415 2285 475; x_wconf 82' lang='lat' dir='ltr'><strong>LlB.</strong></span> <span class='ocrx_word' id='word_1_4' title='bbox 2332 415 2451 475; x_wconf 79' lang='lat' dir='ltr'><strong>lli.</strong></span> 
     </span>
    </p>
   </div>
   <div class='ocr_carea' id='block_1_3' title="bbox 3578 416 3690 479">
    <p class='ocr_par' dir='ltr' id='par_1_3' title="bbox 3578 416 3690 479">
     <span class='ocr_line' id='line_1_3' title="bbox 3578 416 3690 479; baseline 0.009 -1"><span class='ocrx_word' id='word_1_5' title='bbox 3578 416 3690 479; x_wconf 72' lang='lat'><strong>‘230</strong></span> 
     </span>
    </p>
   </div>
   <div class='ocr_carea' id='block_1_4' title="bbox 395 525 1992 602">
    <p class='ocr_par' dir='ltr' id='par_1_4' title="bbox 395 525 1991 602">
     <span class='ocr_line' id='line_1_4' title="bbox 395 525 1991 602; baseline 0 -21"><span class='ocrx_word' id='word_1_6' title='bbox 395 528 468 581; x_wconf 75' lang='grc' dir='ltr'>τὰ</span> <span class='ocrx_word' id='word_1_7' title='bbox 512 525 640 600; x_wconf 66' lang='grc' dir='ltr'>περὶ</span> <span class='ocrx_word' id='word_1_8' title='bbox 669 527 879 600; x_wconf 76' lang='grc' dir='ltr'>ταύτης</span> <span class='ocrx_word' id='word_1_9' title='bbox 935 530 1142 602; x_wconf 80' lang='grc' dir='ltr'>ἀρχαῖα</span> <span class='ocrx_word' id='word_1_10' title='bbox 1180 531 1617 602; x_wconf 75' lang='grc' dir='ltr'>συγγράμματα.</span> <span class='ocrx_word' id='word_1_11' title='bbox 1673 533 1735 585; x_wconf 83' lang='lat' dir='ltr'><strong>Ei</strong></span> <span class='ocrx_word' id='word_1_12' title='bbox 1773 531 1872 601; x_wconf 78' lang='grc' dir='ltr'>μὲν</span> <span class='ocrx_word' id='word_1_13' title='bbox 1898 525 1991 583; x_wconf 76' lang='grc' dir='ltr'><strong>οὖν</strong></span> 
     </span>
    </p>
   </div>
   <div class='ocr_carea' id='block_1_5' title="bbox 2095 525 3693 602">
    <p class='ocr_par' dir='ltr' id='par_1_5' title="bbox 2098 529 3693 596">
     <span class='ocr_line' id='line_1_5' title="bbox 2098 529 3693 596; baseline 0.008 -12"><span class='ocrx_word' id='word_1_14' title='bbox 2098 538 2211 584; x_wconf 92' lang='lat' dir='ltr'><strong>lum</strong></span> <span class='ocrx_word' id='word_1_15' title='bbox 2243 546 2275 584; x_wconf 90' lang='lat' dir='ltr'><strong>e</strong></span> <span class='ocrx_word' id='word_1_16' title='bbox 2306 529 2679 584; x_wconf 80' lang='lat' dir='ltr'><strong>Romanorum</strong></span> <span class='ocrx_word' id='word_1_17' title='bbox 2704 529 3147 587; x_wconf 68' lang='lat' dir='ltr'><strong>dissensionibus</strong></span> <span class='ocrx_word' id='word_1_18' title='bbox 3166 533 3368 591; x_wconf 88' lang='lat' dir='ltr'><strong>multas</strong></span> <span class='ocrx_word' id='word_1_19' title='bbox 3390 546 3543 593; x_wconf 81' lang='lat' dir='ltr'><strong>ortas</strong></span> <span class='ocrx_word' id='word_1_20' title='bbox 3564 554 3693 596; x_wconf 78' lang='lat' dir='ltr'><strong>esse</strong></span> 
     </span>
    </p>
   </div>
   <div class='ocr_carea' id='block_1_6' title="bbox 393 618 1996 691">
    <p class='ocr_par' dir='ltr' id='par_1_6' title="bbox 393 618 1996 691">
     <span class='ocr_line' id='line_1_6' title="bbox 393 618 1996 691; baseline 0.004 -21"><span class='ocrx_word' id='word_1_21' title='bbox 393 621 535 689; x_wconf 73' lang='grc' dir='ltr'>πρὸς</span> <span class='ocrx_word' id='word_1_22' title='bbox 580 618 679 689; x_wconf 84' lang='grc' dir='ltr'>τὴν</span> <span class='ocrx_word' id='word_1_23' title='bbox 714 619 992 690; x_wconf 85' lang='grc' dir='ltr'>προτέραν</span> <span class='ocrx_word' id='word_1_24' title='bbox 1025 621 1364 674; x_wconf 71' lang='grc' dir='ltr'>κατάστασιν</span> <span class='ocrx_word' id='word_1_25' title='bbox 1396 622 1497 690; x_wconf 78' lang='grc' dir='ltr'>τῆς</span> <span class='ocrx_word' id='word_1_26' title='bbox 1541 622 1861 691; x_wconf 70' lang='grc' dir='ltr'><strong>Ῥωμαῖκῆς</strong></span> <span class='ocrx_word' id='word_1_27' title='bbox 1898 637 1996 671; x_wconf 84' lang='grc' dir='ltr'>πο-</span> 
     </span>
    </p>
   </div>
   <div class='ocr_carea' id='block_1_7' title="bbox 392 709 1995 783">
    <p class='ocr_par' dir='ltr' id='par_1_7' title="bbox 392 709 1995 783">
     <span class='ocr_line' id='line_1_7' title="bbox 392 709 1995 783; baseline 0.002 -20"><span class='ocrx_word' id='word_1_28' title='bbox 392 709 603 773; x_wconf 77' lang='grc' dir='ltr'>λιτείας</span> <span class='ocrx_word' id='word_1_29' title='bbox 636 713 901 783; x_wconf 74' lang='grc' dir='ltr'>ἀναφέροι</span> <span class='ocrx_word' id='word_1_30' title='bbox 926 729 1010 775; x_wconf 90' lang='grc' dir='ltr'><strong>τις</strong></span> <span class='ocrx_word' id='word_1_31' title='bbox 1037 712 1135 783; x_wconf 81' lang='grc' dir='ltr'><strong>τὴν</strong></span> <span class='ocrx_word' id='word_1_32' title='bbox 1163 712 1431 783; x_wconf 72' lang='grc' dir='ltr'>διαφορᾶν</span> <span class='ocrx_word' id='word_1_33' title='bbox 1459 715 1567 768; x_wconf 86' lang='grc' dir='ltr'><strong>τῶν</strong></span> <span class='ocrx_word' id='word_1_34' title='bbox 1590 714 1751 774; x_wconf 81' lang='grc' dir='ltr'>ὑλῶν,</span> <span class='ocrx_word' id='word_1_35' title='bbox 1778 714 1870 767; x_wconf 66' lang='grc' dir='ltr'><strong>καὶ</strong></span> <span class='ocrx_word' id='word_1_36' title='bbox 1898 714 1995 783; x_wconf 73' lang='grc' dir='ltr'><strong>τὴν</strong></span> 
     </span>
    </p>
   </div>
   <div class='ocr_carea' id='block_1_8' title="bbox 398 801 1993 876">
    <p class='ocr_par' dir='ltr' id='par_1_8' title="bbox 398 801 1993 876">
     <span class='ocr_line' id='line_1_8' title="bbox 398 801 1993 876; baseline 0.003 -22"><span class='ocrx_word' id='word_1_37' title='bbox 398 801 550 870; x_wconf 80' lang='grc' dir='ltr'>μίξιν</span> <span class='ocrx_word' id='word_1_38' title='bbox 589 804 796 867; x_wconf 73' lang='grc' dir='ltr'>αὐτῶν,</span> <span class='ocrx_word' id='word_1_39' title='bbox 841 802 995 857; x_wconf 84' lang='grc' dir='ltr'>ταῦτ’</span> <span class='ocrx_word' id='word_1_40' title='bbox 1029 804 1099 858; x_wconf 82' lang='grc' dir='ltr'><strong>ἂν</strong></span> <span class='ocrx_word' id='word_1_41' title='bbox 1153 804 1284 868; x_wconf 74' lang='grc' dir='ltr'>ἴσως</span> <span class='ocrx_word' id='word_1_42' title='bbox 1328 805 1630 874; x_wconf 87' lang='grc' dir='ltr'>λογίσαιτο.</span> <span class='ocrx_word' id='word_1_43' title='bbox 1664 808 1723 860; x_wconf 84' lang='grc' dir='ltr'><strong>Εἰ</strong></span> <span class='ocrx_word' id='word_1_44' title='bbox 1757 807 1814 861; x_wconf 73' lang='grc' dir='ltr'><strong>δὲ</strong></span> <span class='ocrx_word' id='word_1_45' title='bbox 1857 807 1993 876; x_wconf 70' lang='grc' dir='ltr'>πρὸς</span> 
     </span>
    </p>
   </div>
   <div class='ocr_carea' id='block_1_9' title="bbox 395 896 1992 969">
    <p class='ocr_par' dir='ltr' id='par_1_9' title="bbox 395 896 1992 969">
     <span class='ocr_line' id='line_1_9' title="bbox 395 896 1992 969; baseline 0.003 -21"><span class='ocrx_word' id='word_1_46' title='bbox 395 897 494 966; x_wconf 61' lang='grc' dir='ltr'><strong>τὴν</strong></span> <span class='ocrx_word' id='word_1_47' title='bbox 526 896 781 967; x_wconf 76' lang='grc' dir='ltr'>ὑστέραν,</span> <span class='ocrx_word' id='word_1_48' title='bbox 816 898 905 950; x_wconf 76' lang='grc' dir='ltr'>ὅτε</span> <span class='ocrx_word' id='word_1_49' title='bbox 939 898 1074 968; x_wconf 75' lang='grc' dir='ltr'>πρὸς</span> <span class='ocrx_word' id='word_1_50' title='bbox 1127 899 1428 968; x_wconf 83' lang='grc' dir='ltr'>μοναρχίαν</span> <span class='ocrx_word' id='word_1_51' title='bbox 1470 900 1528 966; x_wconf 78' lang='grc' dir='ltr'><strong>ἐξ</strong></span> <span class='ocrx_word' id='word_1_52' title='bbox 1561 900 1992 969; x_wconf 71' lang='grc' dir='ltr'><strong>ἀριστοκρατίας</strong></span> 
     </span>
    </p>
   </div>
   <div class='ocr_carea' id='block_1_10' title="bbox 399 989 1993 1064">
    <p class='ocr_par' dir='ltr' id='par_1_10' title="bbox 399 989 1993 1064">
     <span class='ocr_line' id='line_1_10' title="bbox 399 989 1993 1064; baseline 0.004 -24"><span class='ocrx_word' id='word_1_53' title='bbox 399 989 707 1059; x_wconf 85' lang='grc' dir='ltr'>μετήνεκτο</span> <span class='ocrx_word' id='word_1_54' title='bbox 744 989 1041 1058; x_wconf 82' lang='grc' dir='ltr'>Ῥωμαίοις</span> <span class='ocrx_word' id='word_1_55' title='bbox 1074 989 1141 1043; x_wconf 78' lang='grc' dir='ltr'>τὰ</span> <span class='ocrx_word' id='word_1_56' title='bbox 1183 991 1509 1062; x_wconf 79' lang='grc' dir='ltr'>πράγματα,</span> <span class='ocrx_word' id='word_1_57' title='bbox 1534 993 1585 1045; x_wconf 79' lang='grc' dir='ltr'>εἰ</span> <span class='ocrx_word' id='word_1_58' title='bbox 1610 993 1702 1045; x_wconf 79' lang='grc' dir='ltr'><strong>καὶ</strong></span> <span class='ocrx_word' id='word_1_59' title='bbox 1730 993 1867 1062; x_wconf 63' lang='grc' dir='ltr'>πρὸς</span> <span class='ocrx_word' id='word_1_60' title='bbox 1896 996 1993 1064; x_wconf 77' lang='grc' dir='ltr'><strong>τὴν</strong></span> 
     </span>
    </p>
   </div>
   <div class='ocr_carea' id='block_1_11' title="bbox 395 1080 1997 1153">
    <p class='ocr_par' dir='ltr' id='par_1_11' title="bbox 395 1080 1997 1153">
     <span class='ocr_line' id='line_1_11' title="bbox 395 1080 1997 1153; baseline 0.004 -21"><span class='ocrx_word' id='word_1_61' title='bbox 395 1080 684 1134; x_wconf 84' lang='grc' dir='ltr'>εἰσέπειτα</span> <span class='ocrx_word' id='word_1_62' title='bbox 713 1084 812 1151; x_wconf 73' lang='grc' dir='ltr'>τῆς</span> <span class='ocrx_word' id='word_1_63' title='bbox 847 1081 1128 1153; x_wconf 85' lang='grc' dir='ltr'>βασιλείας</span> <span class='ocrx_word' id='word_1_64' title='bbox 1163 1084 1525 1148; x_wconf 82' lang='grc' dir='ltr'>κατάστασιν,</span> <span class='ocrx_word' id='word_1_65' title='bbox 1562 1087 1656 1139; x_wconf 77' lang='grc' dir='ltr'>καὶ</span> <span class='ocrx_word' id='word_1_66' title='bbox 1689 1087 1810 1139; x_wconf 83' lang='grc' dir='ltr'>τότε</span> <span class='ocrx_word' id='word_1_67' title='bbox 1843 1086 1997 1138; x_wconf 82' lang='grc' dir='ltr'>πλεί-</span> 
     </span>
    </p>
   </div>
   <div class='ocr_carea' id='block_1_12' title="bbox 396 1173 1990 1249">
    <p class='ocr_par' dir='ltr' id='par_1_12' title="bbox 396 1173 1990 1249">
     <span class='ocr_line' id='line_1_12' title="bbox 396 1173 1990 1249; baseline 0.003 -24"><span class='ocrx_word' id='word_1_68' title='bbox 396 1190 532 1242; x_wconf 78' lang='grc' dir='ltr'>στην</span> <span class='ocrx_word' id='word_1_69' title='bbox 561 1173 628 1227; x_wconf 83' lang='grc' dir='ltr'><strong>ἂν</strong></span> <span class='ocrx_word' id='word_1_70' title='bbox 659 1175 963 1230; x_wconf 77' lang='grc' dir='ltr'>καταλάϐοι</span> <span class='ocrx_word' id='word_1_71' title='bbox 990 1177 1056 1246; x_wconf 87' lang='grc' dir='ltr'>τῇ</span> <span class='ocrx_word' id='word_1_72' title='bbox 1114 1174 1364 1248; x_wconf 77' lang='grc' dir='ltr'><strong>πολιτείᾳ</strong></span> <span class='ocrx_word' id='word_1_73' title='bbox 1411 1179 1831 1249; x_wconf 79' lang='grc' dir='ltr'>προξενήσασαν</span> <span class='ocrx_word' id='word_1_74' title='bbox 1858 1178 1990 1248; x_wconf 76' lang='grc' dir='ltr'><strong>βλάο</strong></span> 
     </span>
    </p>
   </div>
   <div class='ocr_carea' id='block_1_13' title="bbox 395 1263 1989 1342">
    <p class='ocr_par' dir='ltr' id='par_1_13' title="bbox 395 1263 1989 1342">
     <span class='ocr_line' id='line_1_13' title="bbox 395 1263 1989 1342; baseline 0.006 -26"><span class='ocrx_word' id='word_1_75' title='bbox 395 1263 523 1334; x_wconf 76' lang='grc' dir='ltr'>δην,</span> <span class='ocrx_word' id='word_1_76' title='bbox 572 1265 672 1337; x_wconf 82' lang='grc' dir='ltr'>τὴν</span> <span class='ocrx_word' id='word_1_77' title='bbox 700 1268 837 1338; x_wconf 76' lang='grc' dir='ltr'>πρὸς</span> <span class='ocrx_word' id='word_1_78' title='bbox 892 1268 1159 1340; x_wconf 77' lang='grc' dir='ltr'><strong>ἀλλήλους</strong></span> <span class='ocrx_word' id='word_1_79' title='bbox 1209 1269 1318 1322; x_wconf 69' lang='grc' dir='ltr'>τῶν</span> <span class='ocrx_word' id='word_1_80' title='bbox 1360 1270 1655 1339; x_wconf 86' lang='grc' dir='ltr'>Ῥωμαίων</span> <span class='ocrx_word' id='word_1_81' title='bbox 1695 1271 1989 1342; x_wconf 69' lang='grc' dir='ltr'>διχῦνοιαν.</span> 
     </span>
    </p>
   </div>
   <div class='ocr_carea' id='block_1_14' title="bbox 396 1355 1991 1435">
    <p class='ocr_par' dir='ltr' id='par_1_14' title="bbox 396 1355 1991 1435">
     <span class='ocr_line' id='line_1_14' title="bbox 396 1355 1991 1435; baseline 0.005 -25"><span class='ocrx_word' id='word_1_82' title='bbox 396 1355 532 1411; x_wconf 82' lang='grc' dir='ltr'>Ὅτε</span> <span class='ocrx_word' id='word_1_83' title='bbox 561 1359 671 1430; x_wconf 82' lang='grc' dir='ltr'>γὰρ</span> <span class='ocrx_word' id='word_1_84' title='bbox 712 1361 931 1432; x_wconf 80' lang='grc' dir='ltr'>Καῖσαρ</span> <span class='ocrx_word' id='word_1_85' title='bbox 960 1362 1060 1431; x_wconf 86' lang='grc' dir='ltr'><strong>τῆς</strong></span> <span class='ocrx_word' id='word_1_86' title='bbox 1085 1362 1389 1433; x_wconf 79' lang='grc' dir='ltr'><strong>μοναρχίας</strong></span> <span class='ocrx_word' id='word_1_87' title='bbox 1433 1362 1767 1434; x_wconf 77' lang='grc' dir='ltr'>ὀριγνηθεὶς,</span> <span class='ocrx_word' id='word_1_88' title='bbox 1812 1368 1991 1435; x_wconf 54' lang='grc' dir='ltr'>ἐμφυ-</span> 
     </span>
    </p>
   </div>
   <div class='ocr_carea' id='block_1_15' title="bbox 393 1447 1991 1526">
    <p class='ocr_par' dir='ltr' id='par_1_15' title="bbox 393 1447 1991 1526">
     <span class='ocr_line' id='line_1_15' title="bbox 393 1447 1991 1526; baseline 0.006 -24"><span class='ocrx_word' id='word_1_89' title='bbox 393 1447 543 1514; x_wconf 86' lang='grc' dir='ltr'>λίους</span> <span class='ocrx_word' id='word_1_90' title='bbox 579 1451 852 1522; x_wconf 79' lang='grc' dir='ltr'><strong>πολέμους</strong></span> <span class='ocrx_word' id='word_1_91' title='bbox 910 1454 1047 1523; x_wconf 71' lang='grc' dir='ltr'>πρὸς</span> <span class='ocrx_word' id='word_1_92' title='bbox 1106 1453 1200 1508; x_wconf 74' lang='grc' dir='ltr'><strong>τὸν</strong></span> <span class='ocrx_word' id='word_1_93' title='bbox 1252 1455 1474 1523; x_wconf 82' lang='grc' dir='ltr'>Μάγνον</span> <span class='ocrx_word' id='word_1_94' title='bbox 1529 1456 1839 1526; x_wconf 80' lang='grc' dir='ltr'>Πομπήϊον,</span> <span class='ocrx_word' id='word_1_95' title='bbox 1897 1460 1991 1511; x_wconf 76' lang='grc' dir='ltr'>καὶ</span> 
     </span>
    </p>
   </div>
   <div class='ocr_carea' id='block_1_16' title="bbox 396 1542 1990 1620">
    <p class='ocr_par' dir='ltr' id='par_1_16' title="bbox 396 1542 1990 1620">
     <span class='ocr_line' id='line_1_16' title="bbox 396 1542 1990 1620; baseline 0.003 -25"><span class='ocrx_word' id='word_1_96' title='bbox 396 1542 534 1613; x_wconf 78' lang='grc' dir='ltr'>πρὸς</span> <span class='ocrx_word' id='word_1_97' title='bbox 560 1543 687 1607; x_wconf 82' lang='grc' dir='ltr'>τοὺς</span> <span class='ocrx_word' id='word_1_98' title='bbox 709 1543 904 1608; x_wconf 80' lang='grc' dir='ltr'>ἄλλους</span> <span class='ocrx_word' id='word_1_99' title='bbox 930 1544 979 1598; x_wconf 85' lang='grc' dir='ltr'>οἳ</span> <span class='ocrx_word' id='word_1_100' title='bbox 1014 1545 1114 1615; x_wconf 86' lang='grc' dir='ltr'>τῆς</span> <span class='ocrx_word' id='word_1_101' title='bbox 1139 1545 1457 1617; x_wconf 72' lang='grc' dir='ltr'><strong>ἐλευθερίας</strong></span> <span class='ocrx_word' id='word_1_102' title='bbox 1482 1548 1865 1603; x_wconf 74' lang='grc' dir='ltr'><strong>ἀντεποιοῦντο</strong></span> <span class='ocrx_word' id='word_1_103' title='bbox 1893 1551 1990 1620; x_wconf 74' lang='grc' dir='ltr'>τῆς</span> 
     </span>
    </p>
   </div>
   <div class='ocr_carea' id='block_1_17' title="bbox 395 1637 1989 1712">
    <p class='ocr_par' dir='ltr' id='par_1_17' title="bbox 395 1637 1989 1712">
     <span class='ocr_line' id='line_1_17' title="bbox 395 1637 1989 1712; baseline 0.006 -21"><span class='ocrx_word' id='word_1_104' title='bbox 395 1637 659 1703; x_wconf 81' lang='grc' dir='ltr'>παλαιᾶς,</span> <span class='ocrx_word' id='word_1_105' title='bbox 690 1640 1084 1710; x_wconf 83' lang='grc' dir='ltr'>συνεστήσατο,</span> <span class='ocrx_word' id='word_1_106' title='bbox 1121 1643 1216 1694; x_wconf 68' lang='grc' dir='ltr'>καὶ</span> <span class='ocrx_word' id='word_1_107' title='bbox 1242 1643 1380 1712; x_wconf 67' lang='grc' dir='ltr'>πρὸς</span> <span class='ocrx_word' id='word_1_108' title='bbox 1408 1644 1535 1706; x_wconf 77' lang='grc' dir='ltr'>τοὺς</span> <span class='ocrx_word' id='word_1_109' title='bbox 1567 1644 1857 1708; x_wconf 76' lang='grc' dir='ltr'>ἀνελόντας</span> <span class='ocrx_word' id='word_1_110' title='bbox 1888 1645 1989 1699; x_wconf 81' lang='grc' dir='ltr'>αῦ-</span> 
     </span>
    </p>
   </div>
   <div class='ocr_carea' id='block_1_18' title="bbox 395 1728 1988 1805">
    <p class='ocr_par' dir='ltr' id='par_1_18' title="bbox 395 1728 1988 1805">
     <span class='ocr_line' id='line_1_18' title="bbox 395 1728 1988 1805; baseline 0.006 -23"><span class='ocrx_word' id='word_1_111' title='bbox 395 1728 482 1792; x_wconf 87' lang='grc' dir='ltr'><strong>θις</strong></span> <span class='ocrx_word' id='word_1_112' title='bbox 508 1729 673 1785; x_wconf 73' lang='grc' dir='ltr'>αὐτὸν</span> <span class='ocrx_word' id='word_1_113' title='bbox 702 1731 900 1802; x_wconf 85' lang='grc' dir='ltr'>ὁμοίας</span> <span class='ocrx_word' id='word_1_114' title='bbox 939 1734 1119 1803; x_wconf 80' lang='grc' dir='ltr'><strong>μάχας</strong></span> <span class='ocrx_word' id='word_1_115' title='bbox 1154 1733 1182 1785; x_wconf 85' lang='grc' dir='ltr'>ὁ</span> <span class='ocrx_word' id='word_1_116' title='bbox 1215 1736 1435 1804; x_wconf 80' lang='grc' dir='ltr'>Καίσαρ</span> <span class='ocrx_word' id='word_1_117' title='bbox 1467 1738 1496 1789; x_wconf 75' lang='grc' dir='ltr'>ὁ</span> <span class='ocrx_word' id='word_1_118' title='bbox 1531 1736 1842 1805; x_wconf 77' lang='grc' dir='ltr'>Αὔγουστος</span> <span class='ocrx_word' id='word_1_119' title='bbox 1895 1740 1988 1792; x_wconf 78' lang='grc' dir='ltr'>καὶ</span> 
     </span>
    </p>
   </div>
   <div class='ocr_carea' id='block_1_19' title="bbox 393 1825 1989 1902">
    <p class='ocr_par' dir='ltr' id='par_1_19' title="bbox 393 1825 1989 1902">
     <span class='ocr_line' id='line_1_19' title="bbox 393 1825 1989 1902; baseline 0.005 -24"><span class='ocrx_word' id='word_1_120' title='bbox 393 1826 426 1879; x_wconf 83' lang='grc' dir='ltr'><strong>ὁ</strong></span> <span class='ocrx_word' id='word_1_121' title='bbox 456 1825 746 1891; x_wconf 80' lang='grc' dir='ltr'>Ἀντώνιος</span> <span class='ocrx_word' id='word_1_122' title='bbox 805 1829 1218 1901; x_wconf 84' lang='grc' dir='ltr'>συνεκρότησαν</span> <span class='ocrx_word' id='word_1_123' title='bbox 1241 1846 1257 1862; x_wconf 77' lang='grc' dir='ltr'><strong>ο</strong></span> <span class='ocrx_word' id='word_1_124' title='bbox 1292 1825 1393 1884; x_wconf 81' lang='grc' dir='ltr'>εἶτ’</span> <span class='ocrx_word' id='word_1_125' title='bbox 1444 1830 1600 1895; x_wconf 75' lang='grc' dir='ltr'>αὖθις</span> <span class='ocrx_word' id='word_1_126' title='bbox 1630 1832 1798 1902; x_wconf 75' lang='grc' dir='ltr'><strong>ἄμφω</strong></span> <span class='ocrx_word' id='word_1_127' title='bbox 1850 1835 1989 1900; x_wconf 71' lang='grc' dir='ltr'>πρὸς</span> 
     </span>
    </p>
   </div>
   <div class='ocr_carea' id='block_1_20' title="bbox 394 1915 1987 1996">
    <p class='ocr_par' dir='ltr' id='par_1_20' title="bbox 394 1915 1987 1996">
     <span class='ocr_line' id='line_1_20' title="bbox 394 1915 1987 1996; baseline 0.004 -23"><span class='ocrx_word' id='word_1_128' title='bbox 394 1918 666 1990; x_wconf 82' lang='grc' dir='ltr'>ἀλλήλους</span> <span class='ocrx_word' id='word_1_129' title='bbox 709 1915 858 1976; x_wconf 78' lang='grc' dir='ltr'>οὗτοι</span> <span class='ocrx_word' id='word_1_130' title='bbox 911 1924 1170 1994; x_wconf 78' lang='grc' dir='ltr'>περὶτῆς</span> <span class='ocrx_word' id='word_1_131' title='bbox 1223 1923 1528 1995; x_wconf 84' lang='grc' dir='ltr'>αὐταρχίας</span> <span class='ocrx_word' id='word_1_132' title='bbox 1576 1919 1987 1996; x_wconf 63' lang='grc' dir='ltr'>διαφερόμενοι,</span> 
     </span>
    </p>
   </div>
   <div class='ocr_carea' id='block_1_21' title="bbox 398 2013 1995 2088">
    <p class='ocr_par' dir='ltr' id='par_1_21' title="bbox 398 2013 1995 2088">
     <span class='ocr_line' id='line_1_21' title="bbox 398 2013 1995 2088; baseline 0.006 -22"><span class='ocrx_word' id='word_1_133' title='bbox 398 2013 678 2080; x_wconf 78' lang='grc' dir='ltr'><strong>πολέμους</strong></span> <span class='ocrx_word' id='word_1_134' title='bbox 709 2016 899 2088; x_wconf 82' lang='grc' dir='ltr'>βαρεῖς</span> <span class='ocrx_word' id='word_1_135' title='bbox 927 2018 1312 2088; x_wconf 82' lang='grc' dir='ltr'>κεκινήκασιν,</span> <span class='ocrx_word' id='word_1_136' title='bbox 1350 2019 1747 2088; x_wconf 73' lang='grc' dir='ltr'>ἀμφοτέρωθεν</span> <span class='ocrx_word' id='word_1_137' title='bbox 1794 2023 1853 2073; x_wconf 78' lang='grc' dir='ltr'>ἐν</span> <span class='ocrx_word' id='word_1_138' title='bbox 1889 2021 1995 2075; x_wconf 85' lang='grc' dir='ltr'><strong>πά-</strong></span> 
     </span>
    </p>
   </div>
   <div class='ocr_carea' id='block_1_22' title="bbox 397 2109 1993 2182">
    <p class='ocr_par' dir='ltr' id='par_1_22' title="bbox 397 2109 1993 2182">
     <span class='ocr_line' id='line_1_22' title="bbox 397 2109 1993 2182; baseline 0.007 -24"><span class='ocrx_word' id='word_1_139' title='bbox 397 2123 520 2171; x_wconf 89' lang='grc' dir='ltr'>σαις</span> <span class='ocrx_word' id='word_1_140' title='bbox 552 2110 673 2172; x_wconf 87' lang='grc' dir='ltr'>ταῖς</span> <span class='ocrx_word' id='word_1_141' title='bbox 712 2109 915 2181; x_wconf 78' lang='grc' dir='ltr'><strong>μάχαις</strong></span> <span class='ocrx_word' id='word_1_142' title='bbox 946 2111 1325 2181; x_wconf 79' lang='grc' dir='ltr'><strong>φθειρομένων</strong></span> <span class='ocrx_word' id='word_1_143' title='bbox 1355 2113 1659 2182; x_wconf 77' lang='grc' dir='ltr'>ὁμογενῶν,</span> <span class='ocrx_word' id='word_1_144' title='bbox 1692 2115 1993 2169; x_wconf 72' lang='grc' dir='ltr'>κάντεῦθεν</span> 
     </span>
    </p>
   </div>
   <div class='ocr_carea' id='block_1_23' title="bbox 397 2198 1992 2274">
    <p class='ocr_par' dir='ltr' id='par_1_23' title="bbox 397 2198 1992 2274">
     <span class='ocr_line' id='line_1_23' title="bbox 397 2198 1992 2274; baseline 0.008 -25"><span class='ocrx_word' id='word_1_145' title='bbox 397 2198 498 2266; x_wconf 79' lang='grc' dir='ltr'><strong>τῆς</strong></span> <span class='ocrx_word' id='word_1_146' title='bbox 532 2199 849 2270; x_wconf 79' lang='grc' dir='ltr'><strong>Ῥωμαῖκῆς</strong></span> <span class='ocrx_word' id='word_1_147' title='bbox 879 2200 1286 2272; x_wconf 78' lang='grc' dir='ltr'>ἐλαττουμένης</span> <span class='ocrx_word' id='word_1_148' title='bbox 1315 2202 1625 2274; x_wconf 84' lang='grc' dir='ltr'>δυνάμεως.</span> <span class='ocrx_word' id='word_1_149' title='bbox 1651 2206 1762 2259; x_wconf 72' lang='grc' dir='ltr'><strong>Καὶ</strong></span> <span class='ocrx_word' id='word_1_150' title='bbox 1792 2206 1901 2260; x_wconf 77' lang='grc' dir='ltr'>οὐδ’</span> <span class='ocrx_word' id='word_1_151' title='bbox 1933 2209 1992 2262; x_wconf 80' lang='grc' dir='ltr'>ἐν</span> 
     </span>
    </p>
   </div>
   <div class='ocr_carea' id='block_1_24' title="bbox 397 2290 1990 2364">
    <p class='ocr_par' dir='ltr' id='par_1_24' title="bbox 397 2290 1990 2364">
     <span class='ocr_line' id='line_1_24' title="bbox 397 2290 1990 2364; baseline 0.008 -23"><span class='ocrx_word' id='word_1_152' title='bbox 397 2292 513 2351; x_wconf 80' lang='grc' dir='ltr'>τοῖς</span> <span class='ocrx_word' id='word_1_153' title='bbox 548 2290 848 2359; x_wconf 84' lang='grc' dir='ltr'>μετέπειτα</span> <span class='ocrx_word' id='word_1_154' title='bbox 874 2294 972 2356; x_wconf 71' lang='grc' dir='ltr'><strong>τὰς</strong></span> <span class='ocrx_word' id='word_1_155' title='bbox 1008 2294 1228 2358; x_wconf 72' lang='grc' dir='ltr'>στάσεις</span> <span class='ocrx_word' id='word_1_156' title='bbox 1266 2294 1600 2364; x_wconf 77' lang='grc' dir='ltr'>λωφησὰσας</span> <span class='ocrx_word' id='word_1_157' title='bbox 1642 2296 1740 2350; x_wconf 82' lang='grc' dir='ltr'>ῐδοι</span> <span class='ocrx_word' id='word_1_158' title='bbox 1788 2315 1872 2362; x_wconf 87' lang='grc' dir='ltr'><strong>τις</strong></span> <span class='ocrx_word' id='word_1_159' title='bbox 1902 2299 1990 2354; x_wconf 83' lang='grc' dir='ltr'><strong>ἄν.</strong></span> 
     </span>
    </p>
   </div>
   <div class='ocr_carea' id='block_1_25' title="bbox 402 2381 1997 2463">
    <p class='ocr_par' dir='ltr' id='par_1_25' title="bbox 402 2381 1997 2463">
     <span class='ocr_line' id='line_1_25' title="bbox 402 2381 1997 2463; baseline 0.008 -28"><span class='ocrx_word' id='word_1_160' title='bbox 402 2381 468 2436; x_wconf 77' lang='lat' dir='ltr'><strong>El</strong></span> <span class='ocrx_word' id='word_1_161' title='bbox 503 2382 560 2435; x_wconf 88' lang='grc' dir='ltr'>δέ</span> <span class='ocrx_word' id='word_1_162' title='bbox 588 2399 672 2448; x_wconf 86' lang='grc' dir='ltr'><strong>τις</strong></span> <span class='ocrx_word' id='word_1_163' title='bbox 703 2384 843 2455; x_wconf 72' lang='grc' dir='ltr'>πρὸς</span> <span class='ocrx_word' id='word_1_164' title='bbox 867 2385 966 2449; x_wconf 80' lang='grc' dir='ltr'><strong>τὰς</strong></span> <span class='ocrx_word' id='word_1_165' title='bbox 990 2384 1221 2458; x_wconf 74' lang='grc' dir='ltr'>ὕστερον</span> <span class='ocrx_word' id='word_1_166' title='bbox 1262 2386 1541 2457; x_wconf 84' lang='grc' dir='ltr'>βασιλείας</span> <span class='ocrx_word' id='word_1_167' title='bbox 1589 2390 1689 2462; x_wconf 82' lang='grc' dir='ltr'>τὴν</span> <span class='ocrx_word' id='word_1_168' title='bbox 1720 2391 1814 2444; x_wconf 85' lang='grc' dir='ltr'><strong>τοῦ</strong></span> <span class='ocrx_word' id='word_1_169' title='bbox 1845 2393 1997 2463; x_wconf 86' lang='grc' dir='ltr'>σιδὴ-</span> 
     </span>
    </p>
   </div>
   <div class='ocr_carea' id='block_1_26' title="bbox 405 2473 1991 2558">
    <p class='ocr_par' dir='ltr' id='par_1_26' title="bbox 405 2473 1991 2558">
     <span class='ocr_line' id='line_1_26' title="bbox 405 2473 1991 2558; baseline 0.009 -35"><span class='ocrx_word' id='word_1_170' title='bbox 405 2488 500 2541; x_wconf 88' lang='grc' dir='ltr'><strong>ρου</strong></span> <span class='ocrx_word' id='word_1_171' title='bbox 537 2473 748 2526; x_wconf 74' lang='grc' dir='ltr'>καὶτοῦ</span> <span class='ocrx_word' id='word_1_172' title='bbox 782 2475 1056 2545; x_wconf 71' lang='grc' dir='ltr'>ὀστράκου</span> <span class='ocrx_word' id='word_1_173' title='bbox 1092 2478 1254 2545; x_wconf 77' lang='grc' dir='ltr'>φύσιν</span> <span class='ocrx_word' id='word_1_174' title='bbox 1286 2480 1619 2558; x_wconf 67' lang='grc' dir='ltr'>παραβαλεῖ,</span> <span class='ocrx_word' id='word_1_175' title='bbox 1653 2483 1882 2554; x_wconf 77' lang='grc' dir='ltr'>εὑρήσει</span> <span class='ocrx_word' id='word_1_176' title='bbox 1914 2488 1991 2552; x_wconf 84' lang='grc' dir='ltr'>πῆ</span> 
     </span>
    </p>
   </div>
   <div class='ocr_carea' id='block_1_27' title="bbox 406 2564 1995 2647">
    <p class='ocr_par' dir='ltr' id='par_1_27' title="bbox 406 2564 1995 2647">
     <span class='ocr_line' id='line_1_27' title="bbox 406 2564 1995 2647; baseline 0.011 -30"><span class='ocrx_word' id='word_1_177' title='bbox 406 2564 509 2636; x_wconf 83' lang='grc' dir='ltr'>μὲν</span> <span class='ocrx_word' id='word_1_178' title='bbox 534 2564 764 2637; x_wconf 80' lang='grc' dir='ltr'>ίσχυράν</span> <span class='ocrx_word' id='word_1_179' title='bbox 788 2568 889 2638; x_wconf 82' lang='grc' dir='ltr'>τὴν</span> <span class='ocrx_word' id='word_1_180' title='bbox 917 2569 1028 2622; x_wconf 84' lang='grc' dir='ltr'><strong>τῶν</strong></span> <span class='ocrx_word' id='word_1_181' title='bbox 1067 2570 1356 2640; x_wconf 85' lang='grc' dir='ltr'>Ῥωμαίων</span> <span class='ocrx_word' id='word_1_182' title='bbox 1381 2573 1578 2644; x_wconf 79' lang='grc' dir='ltr'>ἀρχὴν,</span> <span class='ocrx_word' id='word_1_183' title='bbox 1637 2578 1713 2647; x_wconf 82' lang='grc' dir='ltr'>πῆ</span> <span class='ocrx_word' id='word_1_184' title='bbox 1739 2576 1797 2631; x_wconf 78' lang='grc' dir='ltr'><strong>δὲ</strong></span> <span class='ocrx_word' id='word_1_185' title='bbox 1832 2579 1995 2633; x_wconf 82' lang='grc' dir='ltr'>ἀσθε-</span> 
     </span>
    </p>
   </div>
   <div class='ocr_carea' id='block_1_28' title="bbox 403 2657 1994 2744">
    <p class='ocr_par' dir='ltr' id='par_1_28' title="bbox 403 2657 1994 2744">
     <span class='ocr_line' id='line_1_28' title="bbox 403 2657 1994 2744; baseline 0.009 -33"><span class='ocrx_word' id='word_1_186' title='bbox 403 2657 602 2714; x_wconf 83' lang='grc' dir='ltr'>νοῦσαν</span> <span class='ocrx_word' id='word_1_187' title='bbox 628 2659 743 2731; x_wconf 83' lang='lat'><strong>(75)</strong></span> <span class='ocrx_word' id='word_1_188' title='bbox 777 2662 872 2715; x_wconf 78' lang='grc' dir='ltr'>καὶ</span> <span class='ocrx_word' id='word_1_189' title='bbox 904 2662 965 2716; x_wconf 86' lang='grc' dir='ltr'><strong>τὸ</strong></span> <span class='ocrx_word' id='word_1_190' title='bbox 995 2662 1249 2719; x_wconf 78' lang='grc' dir='ltr'>πλεῖστον</span> <span class='ocrx_word' id='word_1_191' title='bbox 1285 2666 1386 2736; x_wconf 70' lang='grc' dir='ltr'>τῆς</span> <span class='ocrx_word' id='word_1_192' title='bbox 1413 2667 1659 2733; x_wconf 68' lang='grc' dir='ltr'>παλαιᾶς</span> <span class='ocrx_word' id='word_1_193' title='bbox 1685 2671 1994 2744; x_wconf 72' lang='grc' dir='ltr'>ἀποϐεϐλη-</span> 
     </span>
    </p>
   </div>
   <div class='ocr_carea' id='block_1_29' title="bbox 406 2752 1995 2832">
    <p class='ocr_par' dir='ltr' id='par_1_29' title="bbox 406 2752 1995 2832">
     <span class='ocr_line' id='line_1_29' title="bbox 406 2752 1995 2832; baseline 0.009 -29"><span class='ocrx_word' id='word_1_194' title='bbox 406 2752 569 2806; x_wconf 87' lang='grc' dir='ltr'>κυῖαν</span> <span class='ocrx_word' id='word_1_195' title='bbox 595 2753 979 2824; x_wconf 73' lang='grc' dir='ltr'>ἐπικρατείας,</span> <span class='ocrx_word' id='word_1_196' title='bbox 1012 2758 1106 2811; x_wconf 78' lang='grc' dir='ltr'><strong>καὶ</strong></span> <span class='ocrx_word' id='word_1_197' title='bbox 1132 2758 1415 2831; x_wconf 80' lang='grc' dir='ltr'>πολλοστῷ</span> <span class='ocrx_word' id='word_1_198' title='bbox 1446 2763 1542 2813; x_wconf 86' lang='grc' dir='ltr'><strong>νῦν</strong></span> <span class='ocrx_word' id='word_1_199' title='bbox 1572 2764 1731 2832; x_wconf 80' lang='grc' dir='ltr'>μέρει</span> <span class='ocrx_word' id='word_1_200' title='bbox 1762 2763 1862 2830; x_wconf 83' lang='grc' dir='ltr'>τῆς</span> <span class='ocrx_word' id='word_1_201' title='bbox 1891 2781 1995 2817; x_wconf 81' lang='grc' dir='ltr'>πα-</span> 
     </span>
    </p>
   </div>
   <div class='ocr_carea' id='block_1_30' title="bbox 405 2843 1993 2926">
    <p class='ocr_par' dir='ltr' id='par_1_30' title="bbox 405 2843 1993 2926">
     <span class='ocr_line' id='line_1_30' title="bbox 405 2843 1993 2926; baseline 0.009 -31"><span class='ocrx_word' id='word_1_202' title='bbox 405 2843 564 2909; x_wconf 66' lang='grc' dir='ltr'>λαιᾶς</span> <span class='ocrx_word' id='word_1_203' title='bbox 594 2845 812 2917; x_wconf 77' lang='grc' dir='ltr'>ἐκείνης</span> <span class='ocrx_word' id='word_1_204' title='bbox 842 2852 1373 2923; x_wconf 79' lang='grc' dir='ltr'>περιγεγραμμένην</span> <span class='ocrx_word' id='word_1_205' title='bbox 1414 2853 1733 2923; x_wconf 80' lang='grc' dir='ltr'>ἡγεμονίας.</span> <span class='ocrx_word' id='word_1_206' title='bbox 1780 2856 1860 2909; x_wconf 63' lang='lat' dir='ltr'><strong>re</strong></span> <span class='ocrx_word' id='word_1_207' title='bbox 1891 2857 1993 2926; x_wconf 81' lang='grc' dir='ltr'>μὲν</span> 
     </span>
    </p>
   </div>
   <div class='ocr_carea' id='block_1_31' title="bbox 406 2935 1991 3021">
    <p class='ocr_par' dir='ltr' id='par_1_31' title="bbox 406 2935 1991 3021">
     <span class='ocr_line' id='line_1_31' title="bbox 406 2935 1991 3021; baseline 0.008 -31"><span class='ocrx_word' id='word_1_208' title='bbox 406 2935 503 2991; x_wconf 83' lang='grc' dir='ltr'><strong>οὖν</strong></span> <span class='ocrx_word' id='word_1_209' title='bbox 526 2937 634 2992; x_wconf 84' lang='grc' dir='ltr'>τῶν</span> <span class='ocrx_word' id='word_1_210' title='bbox 661 2940 945 3011; x_wconf 75' lang='grc' dir='ltr'>τεσσάρων</span> <span class='ocrx_word' id='word_1_211' title='bbox 980 2942 1271 3010; x_wconf 78' lang='grc' dir='ltr'>βασιλειῶν</span> <span class='ocrx_word' id='word_1_212' title='bbox 1293 2947 1352 2998; x_wconf 81' lang='grc' dir='ltr'>ὲν</span> <span class='ocrx_word' id='word_1_213' title='bbox 1372 2944 1605 3010; x_wconf 72' lang='grc' dir='ltr'>τούτοις.</span> <span class='ocrx_word' id='word_1_214' title='bbox 1649 2949 1713 3001; x_wconf 83' lang='grc' dir='ltr'><strong>Ἦ</strong></span> <span class='ocrx_word' id='word_1_215' title='bbox 1745 2948 1800 3002; x_wconf 76' lang='grc' dir='ltr'><strong>δὲ</strong></span> <span class='ocrx_word' id='word_1_216' title='bbox 1831 2948 1991 3021; x_wconf 86' lang='grc' dir='ltr'>λοιπή</span> 
     </span>
    </p>
   </div>
   <div class='ocr_carea' id='block_1_32' title="bbox 404 3032 1992 3108">
    <p class='ocr_par' dir='ltr' id='par_1_32' title="bbox 404 3032 1992 3108">
     <span class='ocr_line' id='line_1_32' title="bbox 404 3032 1992 3108; baseline 0.008 -25"><span class='ocrx_word' id='word_1_217' title='bbox 404 3047 467 3083; x_wconf 83' lang='grc' dir='ltr'><strong>τε</strong></span> <span class='ocrx_word' id='word_1_218' title='bbox 501 3032 597 3085; x_wconf 74' lang='grc' dir='ltr'>καὶ</span> <span class='ocrx_word' id='word_1_219' title='bbox 631 3032 992 3100; x_wconf 77' lang='grc' dir='ltr'>ἀκατάλυτος,</span> <span class='ocrx_word' id='word_1_220' title='bbox 1033 3037 1101 3108; x_wconf 82' lang='grc' dir='ltr'>ἣν</span> <span class='ocrx_word' id='word_1_221' title='bbox 1136 3037 1164 3090; x_wconf 88' lang='grc' dir='ltr'>ὁ</span> <span class='ocrx_word' id='word_1_222' title='bbox 1211 3036 1359 3100; x_wconf 88' lang='grc' dir='ltr'>λίθος</span> <span class='ocrx_word' id='word_1_223' title='bbox 1415 3038 1704 3104; x_wconf 79' lang='grc' dir='ltr'>εἰκόνιζεν,</span> <span class='ocrx_word' id='word_1_224' title='bbox 1755 3040 1815 3105; x_wconf 84' lang='grc' dir='ltr'>ὃς</span> <span class='ocrx_word' id='word_1_225' title='bbox 1860 3042 1992 3096; x_wconf 82' lang='grc' dir='ltr'>ἄνευ</span> 
     </span>
    </p>
   </div>
   <div class='ocr_carea' id='block_1_33' title="bbox 407 3124 1996 3201">
    <p class='ocr_par' dir='ltr' id='par_1_33' title="bbox 407 3124 1996 3201">
     <span class='ocr_line' id='line_1_33' title="bbox 407 3124 1996 3201; baseline 0.009 -27"><span class='ocrx_word' id='word_1_226' title='bbox 407 3124 608 3192; x_wconf 80' lang='grc' dir='ltr'>χειρῶν</span> <span class='ocrx_word' id='word_1_227' title='bbox 630 3125 870 3199; x_wconf 76' lang='grc' dir='ltr'>ἐτμήθη,</span> <span class='ocrx_word' id='word_1_228' title='bbox 910 3131 1004 3182; x_wconf 75' lang='grc' dir='ltr'>καὶ</span> <span class='ocrx_word' id='word_1_229' title='bbox 1032 3130 1131 3194; x_wconf 81' lang='grc' dir='ltr'>τὰς</span> <span class='ocrx_word' id='word_1_230' title='bbox 1163 3128 1299 3195; x_wconf 77' lang='grc' dir='ltr'>ὕλας</span> <span class='ocrx_word' id='word_1_231' title='bbox 1332 3132 1648 3200; x_wconf 85' lang='grc' dir='ltr'>ὲλέπτυνεν,</span> <span class='ocrx_word' id='word_1_232' title='bbox 1677 3134 1736 3201; x_wconf 81' lang='grc' dir='ltr'><strong>ἐξ</strong></span> <span class='ocrx_word' id='word_1_233' title='bbox 1763 3128 1837 3189; x_wconf 84' lang='grc' dir='ltr'>ὧν</span> <span class='ocrx_word' id='word_1_234' title='bbox 1869 3153 1996 3189; x_wconf 79' lang='grc' dir='ltr'>συν-</span> 
     </span>
    </p>
   </div>
   <div class='ocr_carea' id='block_1_34' title="bbox 2103 618 3689 697">
    <p class='ocr_par' dir='ltr' id='par_1_34' title="bbox 2103 618 3689 697">
     <span class='ocr_line' id='line_1_34' title="bbox 2103 618 3689 697; baseline 0.008 -26"><span class='ocrx_word' id='word_1_235' title='bbox 2103 618 2446 674; x_wconf 85' lang='lat' dir='ltr'><strong>calamitates</strong></span> <span class='ocrx_word' id='word_1_236' title='bbox 2477 619 2885 689; x_wconf 81' lang='lat' dir='ltr'><strong>deprehendas.</strong></span> <span class='ocrx_word' id='word_1_237' title='bbox 2925 622 3056 675; x_wconf 84' lang='lat' dir='ltr'><strong>Nam</strong></span> <span class='ocrx_word' id='word_1_238' title='bbox 3089 633 3144 676; x_wconf 89' lang='lat' dir='ltr'><strong>et</strong></span> <span class='ocrx_word' id='word_1_239' title='bbox 3167 623 3350 679; x_wconf 49' lang='lat' dir='ltr'><strong>Caesar</strong></span> <span class='ocrx_word' id='word_1_240' title='bbox 3382 628 3689 697; x_wconf 73' lang='lat' dir='ltr'><strong>cupidilate</strong></span> 
     </span>
    </p>
   </div>
   <div class='ocr_carea' id='block_1_35' title="bbox 2104 707 3692 786">
    <p class='ocr_par' dir='ltr' id='par_1_35' title="bbox 2104 707 3692 786">
     <span class='ocr_line' id='line_1_35' title="bbox 2104 707 3692 786; baseline 0.011 -28"><span class='ocrx_word' id='word_1_241' title='bbox 2104 707 2255 776; x_wconf 80' lang='lat' dir='ltr'><strong>regni</strong></span> <span class='ocrx_word' id='word_1_242' title='bbox 2286 707 2576 776; x_wconf 84' lang='lat' dir='ltr'><strong>impulsus,</strong></span> <span class='ocrx_word' id='word_1_243' title='bbox 2610 708 2813 763; x_wconf 88' lang='lat' dir='ltr'><strong>bellum</strong></span> <span class='ocrx_word' id='word_1_244' title='bbox 2842 709 3005 766; x_wconf 70' lang='lat' dir='ltr'><strong>civile</strong></span> <span class='ocrx_word' id='word_1_245' title='bbox 3045 728 3169 767; x_wconf 88' lang='lat' dir='ltr'><strong>cum</strong></span> <span class='ocrx_word' id='word_1_246' title='bbox 3198 717 3458 786; x_wconf 87' lang='lat' dir='ltr'><strong>Pompeio</strong></span> <span class='ocrx_word' id='word_1_247' title='bbox 3490 729 3546 773; x_wconf 88' lang='lat' dir='ltr'><strong>et</strong></span> <span class='ocrx_word' id='word_1_248' title='bbox 3584 735 3692 774; x_wconf 63' lang='lat' dir='ltr'><strong>cm-</strong></span> 
     </span>
    </p>
   </div>
   <div class='ocr_carea' id='block_1_36' title="bbox 2101 800 3690 886">
    <p class='ocr_par' dir='ltr' id='par_1_36' title="bbox 2101 800 3690 886">
     <span class='ocr_line' id='line_1_36' title="bbox 2101 800 3690 886; baseline 0.008 -35"><span class='ocrx_word' id='word_1_249' title='bbox 2101 801 2236 854; x_wconf 76' lang='lat' dir='ltr'><strong>teris</strong></span> <span class='ocrx_word' id='word_1_250' title='bbox 2294 800 2536 871; x_wconf 75' lang='lat' dir='ltr'><strong>antiqua:</strong></span> <span class='ocrx_word' id='word_1_251' title='bbox 2594 802 2869 856; x_wconf 67' lang='lat' dir='ltr'><strong>libertatis</strong></span> <span class='ocrx_word' id='word_1_252' title='bbox 2927 803 3315 862; x_wconf 78' lang='lat' dir='ltr'><strong>defensoribus</strong></span> <span class='ocrx_word' id='word_1_253' title='bbox 3365 809 3568 886; x_wconf 82' lang='lat' dir='ltr'><strong>gessit.</strong></span> <span class='ocrx_word' id='word_1_254' title='bbox 3633 821 3690 864; x_wconf 89' lang='lat' dir='ltr'><strong>ct</strong></span> 
     </span>
    </p>
   </div>
   <div class='ocr_carea' id='block_1_37' title="bbox 2100 889 3692 972">
    <p class='ocr_par' dir='ltr' id='par_1_37' title="bbox 2100 889 3692 972">
     <span class='ocr_line' id='line_1_37' title="bbox 2100 889 3692 972; baseline 0.007 -26"><span class='ocrx_word' id='word_1_255' title='bbox 2100 889 2282 946; x_wconf 76' lang='lat' dir='ltr'><strong>Carsar</strong></span> <span class='ocrx_word' id='word_1_256' title='bbox 2312 893 2594 962; x_wconf 80' lang='lat' dir='ltr'><strong>Augustus</strong></span> <span class='ocrx_word' id='word_1_257' title='bbox 2619 903 2785 965; x_wconf 84' lang='lat' dir='ltr'><strong>atque</strong></span> <span class='ocrx_word' id='word_1_258' title='bbox 2808 895 3085 958; x_wconf 78' lang='lat' dir='ltr'><strong>Antonius</strong></span> <span class='ocrx_word' id='word_1_259' title='bbox 3114 898 3304 952; x_wconf 89' lang='lat' dir='ltr'><strong>itidem</strong></span> <span class='ocrx_word' id='word_1_260' title='bbox 3335 898 3540 954; x_wconf 85' lang='lat' dir='ltr'><strong>bellum</strong></span> <span class='ocrx_word' id='word_1_261' title='bbox 3570 903 3692 972; x_wconf 87' lang='lat' dir='ltr'><strong>ejus</strong></span> 
     </span>
    </p>
   </div>
   <div class='ocr_carea' id='block_1_38' title="bbox 2102 984 3692 1054">
    <p class='ocr_par' dir='ltr' id='par_1_38' title="bbox 2102 984 3692 1054">
     <span class='ocr_line' id='line_1_38' title="bbox 2102 984 3692 1054; baseline 0.005 -16"><span class='ocrx_word' id='word_1_262' title='bbox 2102 984 2554 1039; x_wconf 80' lang='lat' dir='ltr'><strong>interfectoribus</strong></span> <span class='ocrx_word' id='word_1_263' title='bbox 2600 986 2927 1043; x_wconf 81' lang='lat' dir='ltr'><strong>intulerunt.</strong></span> <span class='ocrx_word' id='word_1_264' title='bbox 2957 987 3060 1054; x_wconf 85' lang='lat' dir='ltr'><strong>Qui</strong></span> <span class='ocrx_word' id='word_1_265' title='bbox 3112 990 3314 1045; x_wconf 90' lang='lat' dir='ltr'><strong>deinde</strong></span> <span class='ocrx_word' id='word_1_266' title='bbox 3346 992 3506 1046; x_wconf 88' lang='lat' dir='ltr'><strong>ambo</strong></span> <span class='ocrx_word' id='word_1_267' title='bbox 3540 988 3692 1049; x_wconf 82' lang='lat' dir='ltr'><strong>inter</strong></span> 
     </span>
    </p>
   </div>
   <div class='ocr_carea' id='block_1_39' title="bbox 2101 1076 3688 1151">
    <p class='ocr_par' dir='ltr' id='par_1_39' title="bbox 2101 1076 3688 1151">
     <span class='ocr_line' id='line_1_39' title="bbox 2101 1076 3688 1151; baseline 0.006 -23"><span class='ocrx_word' id='word_1_268' title='bbox 2101 1090 2244 1140; x_wconf 89' lang='lat' dir='ltr'><strong>sese,</strong></span> <span class='ocrx_word' id='word_1_269' title='bbox 2278 1084 2401 1129; x_wconf 83' lang='lat' dir='ltr'><strong>nter</strong></span> <span class='ocrx_word' id='word_1_270' title='bbox 2433 1076 2583 1130; x_wconf 85' lang='lat' dir='ltr'><strong>solus</strong></span> <span class='ocrx_word' id='word_1_271' title='bbox 2632 1085 2913 1147; x_wconf 79' lang='lat' dir='ltr'><strong>regnaret,</strong></span> <span class='ocrx_word' id='word_1_272' title='bbox 2964 1088 3264 1145; x_wconf 74' lang='lat' dir='ltr'><strong>certantes,</strong></span> <span class='ocrx_word' id='word_1_273' title='bbox 3304 1082 3490 1151; x_wconf 80' lang='lat' dir='ltr'><strong>gravia</strong></span> <span class='ocrx_word' id='word_1_274' title='bbox 3530 1079 3688 1138; x_wconf 43' lang='lat' dir='ltr'><strong>&#39;bell&#39;a</strong></span> 
     </span>
    </p>
   </div>
   <div class='ocr_carea' id='block_1_40' title="bbox 2103 1169 3690 1244">
    <p class='ocr_par' dir='ltr' id='par_1_40' title="bbox 2103 1169 3690 1244">
     <span class='ocr_line' id='line_1_40' title="bbox 2103 1169 3690 1244; baseline 0.007 -23"><span class='ocrx_word' id='word_1_275' title='bbox 2103 1178 2417 1238; x_wconf 78' lang='lat' dir='ltr'><strong>gesserunt,</strong></span> <span class='ocrx_word' id='word_1_276' title='bbox 2443 1170 2598 1224; x_wconf 63' lang='lat' dir='ltr'><strong>censis</strong></span> <span class='ocrx_word' id='word_1_277' title='bbox 2629 1169 2891 1240; x_wconf 88' lang='lat' dir='ltr'><strong>utrinque</strong></span> <span class='ocrx_word' id='word_1_278' title='bbox 2916 1171 3131 1226; x_wconf 81' lang='lat' dir='ltr'><strong>civibus</strong></span> <span class='ocrx_word' id='word_1_279' title='bbox 3165 1172 3219 1227; x_wconf 92' lang='lat' dir='ltr'><strong>in</strong></span> <span class='ocrx_word' id='word_1_280' title='bbox 3250 1176 3472 1244; x_wconf 62' lang='lat' dir='ltr'><strong>praeliis.</strong></span> <span class='ocrx_word' id='word_1_281' title='bbox 3502 1187 3557 1232; x_wconf 91' lang='lat' dir='ltr'><strong>et</strong></span> <span class='ocrx_word' id='word_1_282' title='bbox 3579 1177 3690 1232; x_wconf 80' lang='lat' dir='ltr'><strong>Ro-</strong></span> 
     </span>
    </p>
   </div>
   <div class='ocr_carea' id='block_1_41' title="bbox 2101 1262 3689 1338">
    <p class='ocr_par' dir='ltr' id='par_1_41' title="bbox 2101 1262 3689 1338">
     <span class='ocr_line' id='line_1_41' title="bbox 2101 1262 3689 1338; baseline 0.006 -25"><span class='ocrx_word' id='word_1_283' title='bbox 2101 1276 2390 1314; x_wconf 89' lang='lat' dir='ltr'><strong>manorum</strong></span> <span class='ocrx_word' id='word_1_284' title='bbox 2451 1262 2664 1317; x_wconf 83' lang='lat' dir='ltr'><strong>viribus</strong></span> <span class='ocrx_word' id='word_1_285' title='bbox 2719 1262 3046 1317; x_wconf 87' lang='lat' dir='ltr'><strong>imminutis.</strong></span> <span class='ocrx_word' id='word_1_286' title='bbox 3104 1264 3220 1321; x_wconf 85' lang='lat' dir='ltr'><strong>imo</strong></span> <span class='ocrx_word' id='word_1_287' title='bbox 3276 1283 3379 1322; x_wconf 89' lang='lat' dir='ltr'><strong>nec</strong></span> <span class='ocrx_word' id='word_1_288' title='bbox 3427 1267 3689 1338; x_wconf 84' lang='lat' dir='ltr'><strong>deinceps</strong></span> 
     </span>
    </p>
   </div>
   <div class='ocr_carea' id='block_1_42' title="bbox 2099 1352 3688 1421">
    <p class='ocr_par' dir='ltr' id='par_1_42' title="bbox 2099 1352 3688 1421">
     <span class='ocr_line' id='line_1_42' title="bbox 2099 1352 3688 1421; baseline 0.01 -20"><span class='ocrx_word' id='word_1_289' title='bbox 2099 1352 2378 1421; x_wconf 84' lang='lat' dir='ltr'><strong>quievisse</strong></span> <span class='ocrx_word' id='word_1_290' title='bbox 2430 1353 2734 1410; x_wconf 83' lang='lat' dir='ltr'><strong>seditiones</strong></span> <span class='ocrx_word' id='word_1_291' title='bbox 2768 1354 2978 1410; x_wconf 78' lang='lat' dir='ltr'><strong>videas.</strong></span> <span class='ocrx_word' id='word_1_292' title='bbox 3022 1356 3141 1411; x_wconf 82' lang='lat' dir='ltr'><strong>Jam</strong></span> <span class='ocrx_word' id='word_1_293' title='bbox 3175 1359 3218 1413; x_wconf 91' lang='lat' dir='ltr'><strong>si</strong></span> <span class='ocrx_word' id='word_1_294' title='bbox 3264 1359 3394 1414; x_wconf 81' lang='lat' dir='ltr'><strong>ferri</strong></span> <span class='ocrx_word' id='word_1_295' title='bbox 3444 1371 3499 1414; x_wconf 90' lang='lat' dir='ltr'><strong>et</strong></span> <span class='ocrx_word' id='word_1_296' title='bbox 3534 1371 3688 1417; x_wconf 69' lang='lat' dir='ltr'><strong>testa:</strong></span> 
     </span>
    </p>
   </div>
   <div class='ocr_carea' id='block_1_43' title="bbox 2098 1444 3688 1518">
    <p class='ocr_par' dir='ltr' id='par_1_43' title="bbox 2098 1444 3688 1518">
     <span class='ocr_line' id='line_1_43' title="bbox 2098 1444 3688 1518; baseline 0.01 -24"><span class='ocrx_word' id='word_1_297' title='bbox 2098 1444 2422 1512; x_wconf 81' lang='lat' dir='ltr'><strong>qualitatem</strong></span> <span class='ocrx_word' id='word_1_298' title='bbox 2456 1461 2581 1499; x_wconf 90' lang='lat' dir='ltr'><strong>cum</strong></span> <span class='ocrx_word' id='word_1_299' title='bbox 2623 1447 3023 1515; x_wconf 85' lang='lat' dir='ltr'><strong>posterioribus</strong></span> <span class='ocrx_word' id='word_1_300' title='bbox 3056 1452 3241 1515; x_wconf 83' lang='lat' dir='ltr'><strong>regnis</strong></span> <span class='ocrx_word' id='word_1_301' title='bbox 3275 1452 3547 1518; x_wconf 66' lang='lat' dir='ltr'><strong>conferas,</strong></span> <span class='ocrx_word' id='word_1_302' title='bbox 3576 1454 3688 1509; x_wconf 81' lang='lat' dir='ltr'><strong>Ro-</strong></span> 
     </span>
    </p>
   </div>
   <div class='ocr_carea' id='block_1_44' title="bbox 2098 1536 3688 1611">
    <p class='ocr_par' dir='ltr' id='par_1_44' title="bbox 2098 1536 3688 1611">
     <span class='ocr_line' id='line_1_44' title="bbox 2098 1536 3688 1611; baseline 0.011 -25"><span class='ocrx_word' id='word_1_303' title='bbox 2098 1550 2321 1588; x_wconf 89' lang='lat' dir='ltr'><strong>manum</strong></span> <span class='ocrx_word' id='word_1_304' title='bbox 2351 1536 2642 1606; x_wconf 88' lang='lat' dir='ltr'><strong>imperium</strong></span> <span class='ocrx_word' id='word_1_305' title='bbox 2674 1539 2749 1593; x_wconf 85' lang='lat' dir='ltr'><strong>ibi</strong></span> <span class='ocrx_word' id='word_1_306' title='bbox 2785 1557 3006 1611; x_wconf 88' lang='lat' dir='ltr'><strong>quoque</strong></span> <span class='ocrx_word' id='word_1_307' title='bbox 3044 1544 3241 1611; x_wconf 86' lang='lat' dir='ltr'><strong>partim</strong></span> <span class='ocrx_word' id='word_1_308' title='bbox 3281 1544 3497 1601; x_wconf 89' lang='lat' dir='ltr'><strong>lirmum</strong></span> <span class='ocrx_word' id='word_1_309' title='bbox 3534 1548 3688 1603; x_wconf 81' lang='lat' dir='ltr'><strong>inve-</strong></span> 
     </span>
    </p>
   </div>
   <div class='ocr_carea' id='block_1_45' title="bbox 2098 1624 3686 1706">
    <p class='ocr_par' dir='ltr' id='par_1_45' title="bbox 2098 1624 3686 1706">
     <span class='ocr_line' id='line_1_45' title="bbox 2098 1624 3686 1706; baseline 0.009 -29"><span class='ocrx_word' id='word_1_310' title='bbox 2098 1624 2255 1687; x_wconf 87' lang='lat' dir='ltr'><strong>nies,</strong></span> <span class='ocrx_word' id='word_1_311' title='bbox 2313 1626 2510 1694; x_wconf 85' lang='lat' dir='ltr'><strong>partim</strong></span> <span class='ocrx_word' id='word_1_312' title='bbox 2562 1628 2902 1685; x_wconf 86' lang='lat' dir='ltr'><strong>imbecillum</strong></span> <span class='ocrx_word' id='word_1_313' title='bbox 2932 1672 2945 1691; x_wconf 85' lang='lat'><strong>.</strong></span> <span class='ocrx_word' id='word_1_314' title='bbox 2995 1631 3195 1688; x_wconf 88' lang='lat' dir='ltr'><strong>amissa</strong></span> <span class='ocrx_word' id='word_1_315' title='bbox 3242 1638 3474 1690; x_wconf 75' lang='lat' dir='ltr'><strong>maxima</strong></span> <span class='ocrx_word' id='word_1_316' title='bbox 3529 1646 3686 1706; x_wconf 89' lang='lat' dir='ltr'><strong>parte</strong></span> 
     </span>
    </p>
   </div>
   <div class='ocr_carea' id='block_1_46' title="bbox 2097 1714 3683 1792">
    <p class='ocr_par' dir='ltr' id='par_1_46' title="bbox 2097 1714 3683 1792">
     <span class='ocr_line' id='line_1_46' title="bbox 2097 1714 3683 1792; baseline 0.013 -29"><span class='ocrx_word' id='word_1_317' title='bbox 2097 1714 2357 1780; x_wconf 75' lang='lat' dir='ltr'><strong>potentia:</strong></span> <span class='ocrx_word' id='word_1_318' title='bbox 2393 1721 2619 1783; x_wconf 86' lang='lat' dir='ltr'><strong>veteris,</strong></span> <span class='ocrx_word' id='word_1_319' title='bbox 2662 1718 2750 1773; x_wconf 78' lang='lat' dir='ltr'><strong>vix</strong></span> <span class='ocrx_word' id='word_1_320' title='bbox 2780 1722 3031 1790; x_wconf 88' lang='lat' dir='ltr'><strong>reliquiis</strong></span> <span class='ocrx_word' id='word_1_321' title='bbox 3063 1724 3394 1792; x_wconf 87' lang='lat' dir='ltr'><strong>quibusdam</strong></span> <span class='ocrx_word' id='word_1_322' title='bbox 3431 1729 3683 1784; x_wconf 84' lang='lat' dir='ltr'><strong>retentis.</strong></span> 
     </span>
    </p>
   </div>
   <div class='ocr_carea' id='block_1_47' title="bbox 2097 1802 3684 1887">
    <p class='ocr_par' dir='ltr' id='par_1_47' title="bbox 2097 1802 3684 1887">
     <span class='ocr_line' id='line_1_47' title="bbox 2097 1802 3684 1887; baseline 0.01 -31"><span class='ocrx_word' id='word_1_323' title='bbox 2097 1802 2278 1873; x_wconf 84' lang='lat' dir='ltr'><strong>Atque</strong></span> <span class='ocrx_word' id='word_1_324' title='bbox 2308 1804 2425 1860; x_wconf 76' lang='lat' dir='ltr'><strong>[nec</strong></span> <span class='ocrx_word' id='word_1_325' title='bbox 2473 1807 2539 1860; x_wconf 90' lang='lat' dir='ltr'><strong>de</strong></span> <span class='ocrx_word' id='word_1_326' title='bbox 2572 1817 2812 1877; x_wconf 86' lang='lat' dir='ltr'><strong>quatuor</strong></span> <span class='ocrx_word' id='word_1_327' title='bbox 2857 1812 3059 1881; x_wconf 80' lang='lat' dir='ltr'><strong>regnis.</strong></span> <span class='ocrx_word' id='word_1_328' title='bbox 3105 1813 3296 1868; x_wconf 83' lang='lat' dir='ltr'><strong>Restat</strong></span> <span class='ocrx_word' id='word_1_329' title='bbox 3337 1816 3493 1882; x_wconf 92' lang='lat' dir='ltr'><strong>illud,</strong></span> <span class='ocrx_word' id='word_1_330' title='bbox 3534 1817 3684 1887; x_wconf 90' lang='lat' dir='ltr'><strong>quod</strong></span> 
     </span>
    </p>
   </div>
   <div class='ocr_carea' id='block_1_48' title="bbox 2026 1899 3685 1971">
    <p class='ocr_par' dir='ltr' id='par_1_48' title="bbox 2026 1899 3685 1971">
     <span class='ocr_line' id='line_1_48' title="bbox 2026 1899 3685 1971; baseline 0.009 -22"><span class='ocrx_word' id='word_1_331' title='bbox 2026 1901 2065 1956; x_wconf 78' lang='grc' dir='ltr'><strong>Β</strong></span> <span class='ocrx_word' id='word_1_332' title='bbox 2095 1912 2206 1950; x_wconf 83' lang='lat' dir='ltr'><strong>non</strong></span> <span class='ocrx_word' id='word_1_333' title='bbox 2236 1905 2322 1951; x_wconf 92' lang='lat' dir='ltr'><strong>est</strong></span> <span class='ocrx_word' id='word_1_334' title='bbox 2370 1899 2758 1964; x_wconf 84' lang='lat' dir='ltr'><strong>evertendum,</strong></span> <span class='ocrx_word' id='word_1_335' title='bbox 2809 1901 2994 1971; x_wconf 87' lang='lat' dir='ltr'><strong>lapide</strong></span> <span class='ocrx_word' id='word_1_336' title='bbox 3050 1905 3172 1960; x_wconf 87' lang='lat' dir='ltr'><strong>sine</strong></span> <span class='ocrx_word' id='word_1_337' title='bbox 3204 1908 3459 1962; x_wconf 87' lang='lat' dir='ltr'><strong>manibus</strong></span> <span class='ocrx_word' id='word_1_338' title='bbox 3496 1910 3685 1965; x_wconf 82' lang='lat' dir='ltr'><strong>exciso</strong></span> 
     </span>
    </p>
   </div>
   <div class='ocr_carea' id='block_1_49' title="bbox 2097 1987 3685 2074">
    <p class='ocr_par' dir='ltr' id='par_1_49' title="bbox 2097 1987 3685 2074">
     <span class='ocr_line' id='line_1_49' title="bbox 2097 1987 3685 2074; baseline 0.011 -33"><span class='ocrx_word' id='word_1_339' title='bbox 2097 1987 2507 2055; x_wconf 88' lang='lat' dir='ltr'><strong>adumbratum,</strong></span> <span class='ocrx_word' id='word_1_340' title='bbox 2539 1992 2953 2050; x_wconf 88' lang='lat' dir='ltr'><strong>comminuente</strong></span> <span class='ocrx_word' id='word_1_341' title='bbox 2989 1997 3253 2054; x_wconf 82' lang='lat' dir='ltr'><strong>materias</strong></span> <span class='ocrx_word' id='word_1_342' title='bbox 3275 2001 3478 2069; x_wconf 85' lang='lat' dir='ltr'><strong>quibus</strong></span> <span class='ocrx_word' id='word_1_343' title='bbox 3504 2002 3685 2074; x_wconf 81' lang='lat' dir='ltr'><strong>imago</strong></span> 
     </span>
    </p>
   </div>
   <div class='ocr_carea' id='block_1_50' title="bbox 2098 2080 3686 2166">
    <p class='ocr_par' dir='ltr' id='par_1_50' title="bbox 2098 2080 3686 2166">
     <span class='ocr_line' id='line_1_50' title="bbox 2098 2080 3686 2166; baseline 0.011 -33"><span class='ocrx_word' id='word_1_344' title='bbox 2098 2080 2405 2144; x_wconf 89' lang='lat' dir='ltr'><strong>constabat,</strong></span> <span class='ocrx_word' id='word_1_345' title='bbox 2438 2092 2490 2137; x_wconf 88' lang='lat' dir='ltr'><strong>et</strong></span> <span class='ocrx_word' id='word_1_346' title='bbox 2527 2084 2840 2140; x_wconf 77' lang='lat' dir='ltr'><strong>universam</strong></span> <span class='ocrx_word' id='word_1_347' title='bbox 2872 2095 3072 2143; x_wconf 90' lang='lat' dir='ltr'><strong>terram</strong></span> <span class='ocrx_word' id='word_1_348' title='bbox 3106 2090 3391 2161; x_wconf 86' lang='lat' dir='ltr'><strong>implente.</strong></span> <span class='ocrx_word' id='word_1_349' title='bbox 3420 2096 3686 2166; x_wconf 82' lang='lat' dir='ltr'><strong>quodque</strong></span> 
     </span>
    </p>
   </div>
   <div class='ocr_carea' id='block_1_51' title="bbox 2096 2173 3685 2251">
    <p class='ocr_par' dir='ltr' id='par_1_51' title="bbox 2096 2173 3685 2251">
     <span class='ocr_line' id='line_1_51' title="bbox 2096 2173 3685 2251; baseline 0.011 -26"><span class='ocrx_word' id='word_1_350' title='bbox 2096 2173 2369 2242; x_wconf 80' lang='lat' dir='ltr'><strong>pmpheta</strong></span> <span class='ocrx_word' id='word_1_351' title='bbox 2421 2174 2560 2229; x_wconf 83' lang='lat' dir='ltr'><strong>dixit</strong></span> <span class='ocrx_word' id='word_1_352' title='bbox 2603 2178 2758 2233; x_wconf 90' lang='lat' dir='ltr'><strong>nullo</strong></span> <span class='ocrx_word' id='word_1_353' title='bbox 2803 2194 2920 2234; x_wconf 65' lang='lat' dir='ltr'><strong>aevo</strong></span> <span class='ocrx_word' id='word_1_354' title='bbox 2954 2183 3282 2251; x_wconf 89' lang='lat' dir='ltr'><strong>periturum.</strong></span> <span class='ocrx_word' id='word_1_355' title='bbox 3329 2184 3442 2240; x_wconf 83' lang='lat' dir='ltr'><strong>lloc</strong></span> <span class='ocrx_word' id='word_1_356' title='bbox 3473 2186 3685 2243; x_wconf 70' lang='lat' dir='ltr'><strong>Christi</strong></span> 
     </span>
    </p>
   </div>
   <div class='ocr_carea' id='block_1_52' title="bbox 2096 2265 3678 2350">
    <p class='ocr_par' dir='ltr' id='par_1_52' title="bbox 2096 2265 3678 2350">
     <span class='ocr_line' id='line_1_52' title="bbox 2096 2265 3678 2350; baseline 0.011 -31"><span class='ocrx_word' id='word_1_357' title='bbox 2096 2265 2314 2319; x_wconf 87' lang='lat' dir='ltr'><strong>Domini</strong></span> <span class='ocrx_word' id='word_1_358' title='bbox 2332 2267 2507 2321; x_wconf 90' lang='lat' dir='ltr'><strong>nostri</strong></span> <span class='ocrx_word' id='word_1_359' title='bbox 2529 2268 2827 2325; x_wconf 77' lang='lat' dir='ltr'><strong>adventum</strong></span> <span class='ocrx_word' id='word_1_360' title='bbox 2845 2273 3139 2343; x_wconf 83' lang='lat' dir='ltr'><strong>signiﬁcat,</strong></span> <span class='ocrx_word' id='word_1_361' title='bbox 3162 2278 3279 2345; x_wconf 92' lang='lat' dir='ltr'><strong>qui,</strong></span> <span class='ocrx_word' id='word_1_362' title='bbox 3296 2294 3422 2331; x_wconf 90' lang='lat' dir='ltr'><strong>cum</strong></span> <span class='ocrx_word' id='word_1_363' title='bbox 3448 2295 3678 2350; x_wconf 83' lang='lat' dir='ltr'><strong>regnum</strong></span> 
     </span>
    </p>
   </div>
   <div class='ocr_carea' id='block_1_53' title="bbox 2095 2355 3685 2429">
    <p class='ocr_par' dir='ltr' id='par_1_53' title="bbox 2095 2355 3685 2429">
     <span class='ocr_line' id='line_1_53' title="bbox 2095 2355 3685 2429; baseline 0.013 -19"><span class='ocrx_word' id='word_1_364' title='bbox 2095 2355 2362 2422; x_wconf 80' lang='lat' dir='ltr'><strong>ferreum,</strong></span> <span class='ocrx_word' id='word_1_365' title='bbox 2392 2359 2463 2415; x_wconf 93' lang='lat' dir='ltr'><strong>ob</strong></span> <span class='ocrx_word' id='word_1_366' title='bbox 2514 2369 2669 2416; x_wconf 70' lang='lat' dir='ltr'><strong>testa:</strong></span> <span class='ocrx_word' id='word_1_367' title='bbox 2702 2364 3117 2426; x_wconf 90' lang='lat' dir='ltr'><strong>admistionem.</strong></span> <span class='ocrx_word' id='word_1_368' title='bbox 3152 2368 3356 2424; x_wconf 79' lang='lat' dir='ltr'><strong>factum</strong></span> <span class='ocrx_word' id='word_1_369' title='bbox 3385 2372 3553 2428; x_wconf 82' lang='lat' dir='ltr'><strong>fuerit</strong></span> <span class='ocrx_word' id='word_1_370' title='bbox 3581 2374 3685 2429; x_wconf 80' lang='lat' dir='ltr'><strong>im-</strong></span> 
     </span>
    </p>
   </div>
   <div class='ocr_carea' id='block_1_54' title="bbox 2096 2449 3682 2529">
    <p class='ocr_par' dir='ltr' id='par_1_54' title="bbox 2096 2449 3682 2529">
     <span class='ocr_line' id='line_1_54' title="bbox 2096 2449 3682 2529; baseline 0.011 -24"><span class='ocrx_word' id='word_1_371' title='bbox 2096 2449 2375 2518; x_wconf 88' lang='lat' dir='ltr'><strong>becillius,</strong></span> <span class='ocrx_word' id='word_1_372' title='bbox 2421 2455 2734 2523; x_wconf 81' lang='lat' dir='ltr'><strong>apparebit,</strong></span> <span class='ocrx_word' id='word_1_373' title='bbox 2788 2472 2914 2512; x_wconf 90' lang='lat' dir='ltr'><strong>cum</strong></span> <span class='ocrx_word' id='word_1_374' title='bbox 2959 2458 3011 2512; x_wconf 94' lang='lat' dir='ltr'><strong>ei</strong></span> <span class='ocrx_word' id='word_1_375' title='bbox 3045 2461 3418 2529; x_wconf 72' lang='lat' dir='ltr'><strong>subjicientur</strong></span> <span class='ocrx_word' id='word_1_376' title='bbox 3454 2467 3682 2523; x_wconf 85' lang='lat' dir='ltr'><strong>omnia:</strong></span> 
     </span>
    </p>
   </div>
   <div class='ocr_carea' id='block_1_55' title="bbox 2098 2544 3679 2627">
    <p class='ocr_par' dir='ltr' id='par_1_55' title="bbox 2098 2544 3679 2627">
     <span class='ocr_line' id='line_1_55' title="bbox 2098 2544 3679 2627; baseline 0.012 -29"><span class='ocrx_word' id='word_1_377' title='bbox 2098 2556 2222 2598; x_wconf 90' lang='lat' dir='ltr'><strong>cum</strong></span> <span class='ocrx_word' id='word_1_378' title='bbox 2248 2558 2419 2615; x_wconf 81' lang='lat' dir='ltr'><strong>regno</strong></span> <span class='ocrx_word' id='word_1_379' title='bbox 2449 2544 2663 2602; x_wconf 87' lang='lat' dir='ltr'><strong>inlinilo</strong></span> <span class='ocrx_word' id='word_1_380' title='bbox 2695 2555 2749 2603; x_wconf 91' lang='lat' dir='ltr'><strong>et</strong></span> <span class='ocrx_word' id='word_1_381' title='bbox 2781 2563 2889 2604; x_wconf 93' lang='lat' dir='ltr'><strong>non</strong></span> <span class='ocrx_word' id='word_1_382' title='bbox 2925 2550 3177 2620; x_wconf 90' lang='lat' dir='ltr'><strong>perituro</strong></span> <span class='ocrx_word' id='word_1_383' title='bbox 3210 2553 3530 2625; x_wconf 80' lang='lat' dir='ltr'><strong>dignabitur</strong></span> <span class='ocrx_word' id='word_1_384' title='bbox 3559 2576 3679 2627; x_wconf 87' lang='lat' dir='ltr'><strong>eos,</strong></span> 
     </span>
    </p>
   </div>
   <div class='ocr_carea' id='block_1_56' title="bbox 2096 2640 3684 2728">
    <p class='ocr_par' dir='ltr' id='par_1_56' title="bbox 2096 2640 3684 2728">
     <span class='ocr_line' id='line_1_56' title="bbox 2096 2640 3684 2728; baseline 0.013 -37"><span class='ocrx_word' id='word_1_385' title='bbox 2096 2640 2270 2709; x_wconf 89' lang='lat' dir='ltr'><strong>quise</strong></span> <span class='ocrx_word' id='word_1_386' title='bbox 2298 2641 2390 2695; x_wconf 88' lang='lat' dir='ltr'><strong>illo</strong></span> <span class='ocrx_word' id='word_1_387' title='bbox 2421 2641 2615 2714; x_wconf 80' lang='lat' dir='ltr'><strong>dignos</strong></span> <span class='ocrx_word' id='word_1_388' title='bbox 2636 2645 3009 2714; x_wconf 63' lang='lat' dir='ltr'><strong>praebuerunt.</strong></span> <span class='ocrx_word' id='word_1_389' title='bbox 3037 2648 3298 2720; x_wconf 89' lang='lat' dir='ltr'><strong>Lapidem</strong></span> <span class='ocrx_word' id='word_1_390' title='bbox 3323 2653 3470 2709; x_wconf 90' lang='lat' dir='ltr'><strong>enim</strong></span> <span class='ocrx_word' id='word_1_391' title='bbox 3499 2652 3684 2728; x_wconf 85' lang='lat' dir='ltr'><strong>Scrip-</strong></span> 
     </span>
    </p>
   </div>
   <div class='ocr_carea' id='block_1_57' title="bbox 2097 2732 3677 2821">
    <p class='ocr_par' dir='ltr' id='par_1_57' title="bbox 2097 2732 3677 2821">
     <span class='ocr_line' id='line_1_57' title="bbox 2097 2732 3677 2821; baseline 0.012 -35"><span class='ocrx_word' id='word_1_392' title='bbox 2097 2742 2220 2786; x_wconf 85' lang='lat' dir='ltr'><strong>tura</strong></span> <span class='ocrx_word' id='word_1_393' title='bbox 2259 2732 2540 2791; x_wconf 85' lang='lat' dir='ltr'><strong>Christum</strong></span> <span class='ocrx_word' id='word_1_394' title='bbox 2574 2737 2714 2794; x_wconf 89' lang='lat' dir='ltr'><strong>solet</strong></span> <span class='ocrx_word' id='word_1_395' title='bbox 2747 2738 2956 2798; x_wconf 90' lang='lat' dir='ltr'><strong>dicere.</strong></span> <span class='ocrx_word' id='word_1_396' title='bbox 2995 2741 3130 2797; x_wconf 86' lang='lat' dir='ltr'><strong>Nam</strong></span> <span class='ocrx_word' id='word_1_397' title='bbox 3164 2753 3218 2798; x_wconf 91' lang='lat' dir='ltr'><strong>et</strong></span> <span class='ocrx_word' id='word_1_398' title='bbox 3252 2744 3454 2803; x_wconf 82' lang='lat' dir='ltr'><strong>David:</strong></span> <span class='ocrx_word' id='word_1_399' title='bbox 3498 2748 3677 2821; x_wconf 77' lang='lat' dir='ltr'><strong>Lapis.</strong></span> 
     </span>
    </p>
   </div>
   <div class='ocr_carea' id='block_1_58' title="bbox 2097 2823 3680 2913">
    <p class='ocr_par' dir='ltr' id='par_1_58' title="bbox 2097 2823 3680 2913">
     <span class='ocr_line' id='line_1_58' title="bbox 2097 2823 3680 2913; baseline 0.012 -36"><span class='ocrx_word' id='word_1_400' title='bbox 2097 2823 2300 2895; x_wconf 88' lang='lat' dir='ltr'><strong>inquit,</strong></span> <span class='ocrx_word' id='word_1_401' title='bbox 2328 2843 2480 2898; x_wconf 81' lang='lat' dir='ltr'><strong>quem</strong></span> <span class='ocrx_word' id='word_1_402' title='bbox 2513 2829 2805 2898; x_wconf 84' lang='lat' dir='ltr'><strong>rejecerunt</strong></span> <span class='ocrx_word' id='word_1_403' title='bbox 2835 2832 3182 2902; x_wconf 69' lang='lat' dir='ltr'><strong>rediﬁcanles,</strong></span> <span class='ocrx_word' id='word_1_404' title='bbox 3218 2837 3272 2890; x_wconf 89' lang='lat' dir='ltr'><strong>in</strong></span> <span class='ocrx_word' id='word_1_405' title='bbox 3301 2848 3458 2909; x_wconf 79' lang='lat' dir='ltr'><strong>caput</strong></span> <span class='ocrx_word' id='word_1_406' title='bbox 3491 2843 3680 2913; x_wconf 85' lang='lat' dir='ltr'><strong>anguli</strong></span> 
     </span>
    </p>
   </div>
   <div class='ocr_carea' id='block_1_59' title="bbox 2097 2917 3676 2994">
    <p class='ocr_par' dir='ltr' id='par_1_59' title="bbox 2097 2917 3676 2994">
     <span class='ocr_line' id='line_1_59' title="bbox 2097 2917 3676 2994; baseline 0.013 -25"><span class='ocrx_word' id='word_1_407' title='bbox 2097 2917 2396 2973; x_wconf 71' lang='lat' dir='ltr'><strong>translatus</strong></span> <span class='ocrx_word' id='word_1_408' title='bbox 2440 2931 2515 2975; x_wconf 63' lang='lat' dir='ltr'><strong>est</strong></span> <span class='ocrx_word' id='word_1_409' title='bbox 2555 2923 2591 2973; x_wconf 80' lang='grc'><strong>⁸.</strong></span> <span class='ocrx_word' id='word_1_410' title='bbox 2637 2921 2706 2976; x_wconf 87' lang='grc' dir='ltr'>Ει</span> <span class='ocrx_word' id='word_1_411' title='bbox 2753 2922 2919 2979; x_wconf 87' lang='lat' dir='ltr'><strong>lsaias</strong></span> <span class='ocrx_word' id='word_1_412' title='bbox 2952 2924 3057 2980; x_wconf 87' lang='lat' dir='ltr'><strong>sub</strong></span> <span class='ocrx_word' id='word_1_413' title='bbox 3104 2943 3337 2994; x_wconf 84' lang='lat' dir='ltr'><strong>persona</strong></span> <span class='ocrx_word' id='word_1_414' title='bbox 3372 2930 3467 2987; x_wconf 87' lang='lat' dir='ltr'><strong>Dei</strong></span> <span class='ocrx_word' id='word_1_415' title='bbox 3499 2932 3676 2991; x_wconf 89' lang='lat' dir='ltr'><strong>dicit:</strong></span> 
     </span>
    </p>
   </div>
   <div class='ocr_carea' id='block_1_60' title="bbox 2103 3010 3680 3093">
    <p class='ocr_par' dir='ltr' id='par_1_60' title="bbox 2103 3010 3680 3093">
     <span class='ocr_line' id='line_1_60' title="bbox 2103 3010 3680 3093; baseline 0.011 -29"><span class='ocrx_word' id='word_1_416' title='bbox 2103 3010 2233 3065; x_wconf 87' lang='lat' dir='ltr'><strong>Ecce</strong></span> <span class='ocrx_word' id='word_1_417' title='bbox 2261 3030 2398 3080; x_wconf 85' lang='lat' dir='ltr'><strong>pono</strong></span> <span class='ocrx_word' id='word_1_418' title='bbox 2439 3012 2669 3093; x_wconf 76' lang='lat' dir='ltr'><strong>lapidem</strong></span> <span class='ocrx_word' id='word_1_419' title='bbox 2706 3015 2762 3070; x_wconf 84' lang='lat' dir='ltr'><strong>in</strong></span> <span class='ocrx_word' id='word_1_420' title='bbox 2786 3033 2994 3072; x_wconf 74' lang='lat' dir='ltr'><strong>summa</strong></span> <span class='ocrx_word' id='word_1_421' title='bbox 3024 3019 3224 3089; x_wconf 81' lang='lat' dir='ltr'><strong>angulo</strong></span> <span class='ocrx_word' id='word_1_422' title='bbox 3251 3025 3293 3077; x_wconf 81' lang='grc'><strong>².</strong></span> <span class='ocrx_word' id='word_1_423' title='bbox 3337 3024 3505 3080; x_wconf 89' lang='lat' dir='ltr'><strong>Divus</strong></span> <span class='ocrx_word' id='word_1_424' title='bbox 3531 3026 3680 3082; x_wconf 82' lang='lat' dir='ltr'><strong>Pau-</strong></span> 
     </span>
    </p>
   </div>
   <div class='ocr_carea' id='block_1_61' title="bbox 2095 3104 3681 3180">
    <p class='ocr_par' dir='ltr' id='par_1_61' title="bbox 2095 3104 3681 3180">
     <span class='ocr_line' id='line_1_61' title="bbox 2095 3104 3681 3180; baseline 0.012 -22"><span class='ocrx_word' id='word_1_425' title='bbox 2095 3104 2185 3160; x_wconf 92' lang='lat' dir='ltr'><strong>lus</strong></span> <span class='ocrx_word' id='word_1_426' title='bbox 2220 3106 2348 3160; x_wconf 89' lang='lat' dir='ltr'><strong>item</strong></span> <span class='ocrx_word' id='word_1_427' title='bbox 2401 3110 2718 3177; x_wconf 77' lang='lat' dir='ltr'><strong>angularem</strong></span> <span class='ocrx_word' id='word_1_428' title='bbox 2755 3110 2990 3180; x_wconf 88' lang='lat' dir='ltr'><strong>lapidem</strong></span> <span class='ocrx_word' id='word_1_429' title='bbox 3022 3112 3305 3170; x_wconf 88' lang='lat' dir='ltr'><strong>Christum</strong></span> <span class='ocrx_word' id='word_1_430' title='bbox 3344 3129 3504 3173; x_wconf 85' lang='lat' dir='ltr'><strong>vocat</strong></span> <span class='ocrx_word' id='word_1_431' title='bbox 3534 3141 3541 3169; x_wconf 92' lang='lat'><strong>:</strong></span> <span class='ocrx_word' id='word_1_432' title='bbox 3587 3122 3681 3177; x_wconf 89' lang='lat' dir='ltr'><strong>cui</strong></span> 
     </span>
    </p>
   </div>
   <div class='ocr_carea' id='block_1_62' title="bbox 405 3193 1992 3299">
    <p class='ocr_par' dir='ltr' id='par_1_62' title="bbox 405 3211 1988 3292">
     <span class='ocr_line' id='line_1_62' title="bbox 405 3211 1988 3292; baseline 0.009 -28"><span class='ocrx_word' id='word_1_433' title='bbox 405 3211 653 3268; x_wconf 85' lang='grc' dir='ltr'>ετέθειτο</span> <span class='ocrx_word' id='word_1_434' title='bbox 703 3217 734 3285; x_wconf 84' lang='grc' dir='ltr'>ἡ</span> <span class='ocrx_word' id='word_1_435' title='bbox 768 3215 952 3283; x_wconf 78' lang='grc' dir='ltr'>εἰκὼν,</span> <span class='ocrx_word' id='word_1_436' title='bbox 987 3219 1083 3271; x_wconf 82' lang='grc' dir='ltr'><strong>καὶ</strong></span> <span class='ocrx_word' id='word_1_437' title='bbox 1111 3218 1212 3289; x_wconf 84' lang='grc' dir='ltr'>τὴν</span> <span class='ocrx_word' id='word_1_438' title='bbox 1239 3220 1344 3289; x_wconf 81' lang='grc' dir='ltr'><strong>γῆν</strong></span> <span class='ocrx_word' id='word_1_439' title='bbox 1395 3219 1718 3292; x_wconf 79' lang='grc' dir='ltr'>ἐπλήρωσεν</span> <span class='ocrx_word' id='word_1_440' title='bbox 1746 3223 1988 3292; x_wconf 79' lang='grc' dir='ltr'>ἅπασαν,</span> 
     </span>
    </p>
   </div>
   <div class='ocr_carea' id='block_1_63' title="bbox 2095 3193 3677 3299">
    <p class='ocr_par' dir='ltr' id='par_1_63' title="bbox 2100 3193 3677 3275">
     <span class='ocr_line' id='line_1_63' title="bbox 2100 3193 3677 3275; baseline 0.011 -28"><span class='ocrx_word' id='word_1_441' title='bbox 2100 3193 2458 3252; x_wconf 65' lang='lat' dir='ltr'><strong>inaediﬁcatos</strong></span> <span class='ocrx_word' id='word_1_442' title='bbox 2483 3212 2603 3253; x_wconf 86' lang='lat' dir='ltr'><strong>esse</strong></span> <span class='ocrx_word' id='word_1_443' title='bbox 2626 3198 2917 3255; x_wconf 88' lang='lat' dir='ltr'><strong>credentes</strong></span> <span class='ocrx_word' id='word_1_444' title='bbox 2940 3201 3201 3259; x_wconf 81' lang='lat' dir='ltr'><strong>scribit’.</strong></span> <span class='ocrx_word' id='word_1_445' title='bbox 3231 3205 3409 3275; x_wconf 87' lang='lat' dir='ltr'><strong>Atque</strong></span> <span class='ocrx_word' id='word_1_446' title='bbox 3437 3205 3677 3265; x_wconf 88' lang='lat' dir='ltr'><strong>iterum:</strong></span> 
     </span>
    </p>
   </div>
   <div class='ocr_carea' id='block_1_64' title="bbox 406 3307 1995 3389">
    <p class='ocr_par' dir='ltr' id='par_1_64' title="bbox 406 3307 1995 3389">
     <span class='ocr_line' id='line_1_64' title="bbox 406 3307 1995 3389; baseline 0.01 -31"><span class='ocrx_word' id='word_1_447' title='bbox 406 3307 477 3379; x_wconf 75' lang='grc' dir='ltr'>ἢν</span> <span class='ocrx_word' id='word_1_448' title='bbox 511 3307 591 3372; x_wconf 85' lang='grc' dir='ltr'><strong>είς</strong></span> <span class='ocrx_word' id='word_1_449' title='bbox 620 3307 749 3373; x_wconf 84' lang='grc' dir='ltr'>τοὺς</span> <span class='ocrx_word' id='word_1_450' title='bbox 780 3309 987 3375; x_wconf 82' lang='grc' dir='ltr'>αἰῶνας</span> <span class='ocrx_word' id='word_1_451' title='bbox 1015 3314 1042 3364; x_wconf 84' lang='grc' dir='ltr'>ὁ</span> <span class='ocrx_word' id='word_1_452' title='bbox 1077 3313 1364 3382; x_wconf 62' lang='grc' dir='ltr'>προφήτης</span> <span class='ocrx_word' id='word_1_453' title='bbox 1408 3313 1601 3385; x_wconf 76' lang='grc' dir='ltr'>εἴρηκε</span> <span class='ocrx_word' id='word_1_454' title='bbox 1634 3315 1710 3384; x_wconf 83' lang='grc' dir='ltr'><strong>μὴ</strong></span> <span class='ocrx_word' id='word_1_455' title='bbox 1764 3316 1995 3389; x_wconf 79' lang='grc' dir='ltr'>διαφθα-</span> 
     </span>
    </p>
   </div>
   <div class='ocr_carea' id='block_1_65' title="bbox 406 3399 1991 3483">
    <p class='ocr_par' dir='ltr' id='par_1_65' title="bbox 406 3399 1991 3483">
     <span class='ocr_line' id='line_1_65' title="bbox 406 3399 1991 3483; baseline 0.008 -30"><span class='ocrx_word' id='word_1_456' title='bbox 406 3399 693 3470; x_wconf 79' lang='grc' dir='ltr'>ρήσεσθαι,</span> <span class='ocrx_word' id='word_1_457' title='bbox 726 3404 758 3472; x_wconf 86' lang='grc' dir='ltr'><strong>ή</strong></span> <span class='ocrx_word' id='word_1_458' title='bbox 794 3402 1064 3472; x_wconf 84' lang='grc' dir='ltr'>μέλλουσα</span> <span class='ocrx_word' id='word_1_459' title='bbox 1096 3405 1390 3473; x_wconf 74' lang='grc' dir='ltr'>ἐπιφάνεια</span> <span class='ocrx_word' id='word_1_460' title='bbox 1426 3408 1510 3478; x_wconf 78' lang='grc' dir='ltr'>εἴη</span> <span class='ocrx_word' id='word_1_461' title='bbox 1564 3407 1630 3462; x_wconf 78' lang='grc' dir='ltr'><strong>ἀν</strong></span> <span class='ocrx_word' id='word_1_462' title='bbox 1665 3409 1758 3462; x_wconf 82' lang='grc' dir='ltr'><strong>τοῦ</strong></span> <span class='ocrx_word' id='word_1_463' title='bbox 1787 3412 1991 3483; x_wconf 82' lang='grc' dir='ltr'>Κυρίου</span> 
     </span>
    </p>
   </div>
   <div class='ocr_carea' id='block_1_66' title="bbox 403 3490 1993 3571">
    <p class='ocr_par' dir='ltr' id='par_1_66' title="bbox 403 3490 1993 3571">
     <span class='ocr_line' id='line_1_66' title="bbox 403 3490 1993 3571; baseline 0.01 -29"><span class='ocrx_word' id='word_1_464' title='bbox 403 3490 566 3560; x_wconf 72' lang='grc' dir='ltr'>ἡμῶν</span> <span class='ocrx_word' id='word_1_465' title='bbox 600 3492 778 3563; x_wconf 88' lang='grc' dir='ltr'>Ἰησοῦ</span> <span class='ocrx_word' id='word_1_466' title='bbox 828 3493 1092 3565; x_wconf 69' lang='grc' dir='ltr'>Χριστοῦ,</span> <span class='ocrx_word' id='word_1_467' title='bbox 1131 3496 1258 3564; x_wconf 78' lang='grc' dir='ltr'>ἥτις</span> <span class='ocrx_word' id='word_1_468' title='bbox 1298 3496 1401 3565; x_wconf 80' lang='grc' dir='ltr'><strong>τῆς</strong></span> <span class='ocrx_word' id='word_1_469' title='bbox 1440 3498 1668 3569; x_wconf 73' lang='grc' dir='ltr'>σιδηρᾶς</span> <span class='ocrx_word' id='word_1_470' title='bbox 1714 3500 1993 3571; x_wconf 85' lang='grc' dir='ltr'>βασιλείας</span> 
     </span>
    </p>
   </div>
   <div class='ocr_carea' id='block_1_67' title="bbox 406 3583 1994 3661">
    <p class='ocr_par' dir='ltr' id='par_1_67' title="bbox 406 3583 1994 3661">
     <span class='ocr_line' id='line_1_67' title="bbox 406 3583 1994 3661; baseline 0.009 -26"><span class='ocrx_word' id='word_1_471' title='bbox 406 3583 709 3654; x_wconf 79' lang='grc' dir='ltr'>γενομένης</span> <span class='ocrx_word' id='word_1_472' title='bbox 739 3585 1155 3656; x_wconf 73' lang='grc' dir='ltr'>ἀσθενεστέρας,</span> <span class='ocrx_word' id='word_1_473' title='bbox 1209 3586 1297 3640; x_wconf 84' lang='grc' dir='ltr'><strong>διὰ</strong></span> <span class='ocrx_word' id='word_1_474' title='bbox 1328 3589 1426 3657; x_wconf 79' lang='grc' dir='ltr'><strong>τὴν</strong></span> <span class='ocrx_word' id='word_1_475' title='bbox 1452 3588 1544 3642; x_wconf 85' lang='grc' dir='ltr'><strong>τοῦ</strong></span> <span class='ocrx_word' id='word_1_476' title='bbox 1572 3589 1843 3661; x_wconf 80' lang='grc' dir='ltr'>ὀστράκου</span> <span class='ocrx_word' id='word_1_477' title='bbox 1873 3597 1994 3649; x_wconf 85' lang='grc' dir='ltr'>ὲπι-</span> 
     </span>
    </p>
   </div>
   <div class='ocr_carea' id='block_1_68' title="bbox 411 3675 1995 3750">
    <p class='ocr_par' dir='ltr' id='par_1_68' title="bbox 411 3675 1995 3750">
     <span class='ocr_line' id='line_1_68' title="bbox 411 3675 1995 3750; baseline 0.011 -27"><span class='ocrx_word' id='word_1_478' title='bbox 411 3675 623 3745; x_wconf 79' lang='grc' dir='ltr'>μιξῖαν,</span> <span class='ocrx_word' id='word_1_479' title='bbox 667 3677 1077 3748; x_wconf 79' lang='grc' dir='ltr'>ἀναφανήσεται</span> <span class='ocrx_word' id='word_1_480' title='bbox 1102 3696 1115 3710; x_wconf 91' lang='grc'><strong>·</strong></span> <span class='ocrx_word' id='word_1_481' title='bbox 1152 3680 1241 3731; x_wconf 82' lang='grc' dir='ltr'>ὅτε</span> <span class='ocrx_word' id='word_1_482' title='bbox 1267 3679 1419 3750; x_wconf 85' lang='grc' dir='ltr'>αὐτῷ</span> <span class='ocrx_word' id='word_1_483' title='bbox 1465 3682 1536 3735; x_wconf 75' lang='grc' dir='ltr'>τὰ</span> <span class='ocrx_word' id='word_1_484' title='bbox 1582 3683 1762 3738; x_wconf 87' lang='grc' dir='ltr'>πάντα</span> <span class='ocrx_word' id='word_1_485' title='bbox 1790 3685 1995 3741; x_wconf 70' lang='grc' dir='ltr'>ὑποτα-</span> 
     </span>
    </p>
   </div>
   <div class='ocr_carea' id='block_1_69' title="bbox 406 3768 1992 3841">
    <p class='ocr_par' dir='ltr' id='par_1_69' title="bbox 406 3768 1992 3841">
     <span class='ocr_line' id='line_1_69' title="bbox 406 3768 1992 3841; baseline 0.006 -22"><span class='ocrx_word' id='word_1_486' title='bbox 406 3768 661 3838; x_wconf 80' lang='grc' dir='ltr'>γήσεται,</span> <span class='ocrx_word' id='word_1_487' title='bbox 697 3770 794 3823; x_wconf 71' lang='grc' dir='ltr'>καὶ</span> <span class='ocrx_word' id='word_1_488' title='bbox 832 3769 1111 3838; x_wconf 82' lang='grc' dir='ltr'>βασιλείας</span> <span class='ocrx_word' id='word_1_489' title='bbox 1148 3769 1510 3841; x_wconf 85' lang='grc' dir='ltr'>ἀτελευτήτου</span> <span class='ocrx_word' id='word_1_490' title='bbox 1545 3788 1608 3825; x_wconf 87' lang='grc' dir='ltr'><strong>τε</strong></span> <span class='ocrx_word' id='word_1_491' title='bbox 1657 3775 1992 3840; x_wconf 81' lang='grc' dir='ltr'>καταξιὼσει</span> 
     </span>
    </p>
   </div>
   <div class='ocr_carea' id='block_1_70' title="bbox 407 3859 1993 3934">
    <p class='ocr_par' dir='ltr' id='par_1_70' title="bbox 407 3859 1993 3934">
     <span class='ocr_line' id='line_1_70' title="bbox 407 3859 1993 3934; baseline 0.003 -18"><span class='ocrx_word' id='word_1_492' title='bbox 407 3859 508 3916; x_wconf 72' lang='grc' dir='ltr'><strong>καὶ</strong></span> <span class='ocrx_word' id='word_1_493' title='bbox 539 3860 870 3934; x_wconf 68' lang='grc' dir='ltr'>ἀδιαφθόρου</span> <span class='ocrx_word' id='word_1_494' title='bbox 913 3860 1038 3923; x_wconf 83' lang='grc' dir='ltr'>τοὺς</span> <span class='ocrx_word' id='word_1_495' title='bbox 1070 3859 1276 3931; x_wconf 79' lang='grc' dir='ltr'>ταύτης</span> <span class='ocrx_word' id='word_1_496' title='bbox 1308 3861 1513 3929; x_wconf 65' lang='grc' dir='ltr'>’ἀξίους</span> <span class='ocrx_word' id='word_1_497' title='bbox 1560 3863 1791 3929; x_wconf 78' lang='grc' dir='ltr'>ἑαυτοὺς</span> <span class='ocrx_word' id='word_1_498' title='bbox 1824 3882 1993 3920; x_wconf 84' lang='grc' dir='ltr'>κατα-</span> 
     </span>
    </p>
   </div>
   <div class='ocr_carea' id='block_1_71' title="bbox 409 3953 1993 4026">
    <p class='ocr_par' dir='ltr' id='par_1_71' title="bbox 409 3953 1993 4026">
     <span class='ocr_line' id='line_1_71' title="bbox 409 3953 1993 4026; baseline 0.004 -21"><span class='ocrx_word' id='word_1_499' title='bbox 409 3955 745 4024; x_wconf 76' lang='grc' dir='ltr'>στήσαντας.</span> <span class='ocrx_word' id='word_1_500' title='bbox 775 3953 940 4008; x_wconf 85' lang='grc' dir='ltr'>Λίθον</span> <span class='ocrx_word' id='word_1_501' title='bbox 992 3954 1103 4022; x_wconf 82' lang='grc' dir='ltr'><strong>γὰρ</strong></span> <span class='ocrx_word' id='word_1_502' title='bbox 1138 3954 1328 4009; x_wconf 81' lang='grc' dir='ltr'>εἴωθεν</span> <span class='ocrx_word' id='word_1_503' title='bbox 1369 3957 1400 4023; x_wconf 81' lang='grc' dir='ltr'>ἡ</span> <span class='ocrx_word' id='word_1_504' title='bbox 1438 3955 1631 4026; x_wconf 70' lang='grc' dir='ltr'>Γραφὴ</span> <span class='ocrx_word' id='word_1_505' title='bbox 1668 3957 1854 4010; x_wconf 83' lang='grc' dir='ltr'>καλεῖν</span> <span class='ocrx_word' id='word_1_506' title='bbox 1900 3959 1993 4011; x_wconf 72' lang='grc' dir='ltr'>τὸν</span> 
     </span>
    </p>
   </div>
   <div class='ocr_carea' id='block_1_72' title="bbox 405 4044 1994 4115">
    <p class='ocr_par' dir='ltr' id='par_1_72' title="bbox 405 4044 1994 4115">
     <span class='ocr_line' id='line_1_72' title="bbox 405 4044 1994 4115; baseline 0 -16"><span class='ocrx_word' id='word_1_507' title='bbox 405 4047 666 4114; x_wconf 73' lang='grc' dir='ltr'>Χριστόν.</span> <span class='ocrx_word' id='word_1_508' title='bbox 697 4045 766 4099; x_wconf 77' lang='grc' dir='ltr'><strong>Ὀ</strong></span> <span class='ocrx_word' id='word_1_509' title='bbox 796 4062 857 4099; x_wconf 90' lang='grc' dir='ltr'><strong>τε</strong></span> <span class='ocrx_word' id='word_1_510' title='bbox 883 4045 988 4115; x_wconf 83' lang='grc' dir='ltr'>γὰρ</span> <span class='ocrx_word' id='word_1_511' title='bbox 1000 4044 1187 4110; x_wconf 79' lang='grc' dir='ltr'>Δαϐὶδ,</span> <span class='ocrx_word' id='word_1_512' title='bbox 1214 4046 1399 4099; x_wconf 76' lang='grc' dir='ltr'>Λίθον</span> <span class='ocrx_word' id='word_1_513' title='bbox 1430 4044 1503 4098; x_wconf 82' lang='grc' dir='ltr'><strong>ὃν</strong></span> <span class='ocrx_word' id='word_1_514' title='bbox 1532 4045 1994 4115; x_wconf 77' lang='grc' dir='ltr'>ἀπεδοκίμασαν</span> 
     </span>
    </p>
   </div>
   <div class='ocr_carea' id='block_1_73' title="bbox 405 4132 1995 4206">
    <p class='ocr_par' dir='ltr' id='par_1_73' title="bbox 405 4132 1995 4206">
     <span class='ocr_line' id='line_1_73' title="bbox 405 4132 1995 4206; baseline -0.002 -15"><span class='ocrx_word' id='word_1_515' title='bbox 405 4138 464 4191; x_wconf 82' lang='lat' dir='ltr'><strong>oi</strong></span> <span class='ocrx_word' id='word_1_516' title='bbox 493 4136 980 4206; x_wconf 66' lang='grc' dir='ltr'>οἰκοδομοῦντες,</span> <span class='ocrx_word' id='word_1_517' title='bbox 1012 4136 1138 4204; x_wconf 75' lang='grc' dir='ltr'>ἔφη,</span> <span class='ocrx_word' id='word_1_518' title='bbox 1166 4132 1348 4200; x_wconf 81' lang='grc' dir='ltr'>οὗτος</span> <span class='ocrx_word' id='word_1_519' title='bbox 1371 4135 1666 4205; x_wconf 76' lang='grc' dir='ltr'>ἐγεννήθη</span> <span class='ocrx_word' id='word_1_520' title='bbox 1695 4139 1783 4202; x_wconf 85' lang='grc' dir='ltr'>εἰς</span> <span class='ocrx_word' id='word_1_521' title='bbox 1813 4152 1995 4204; x_wconf 52' lang='lat' dir='ltr'><strong>uaga-</strong></span> 
     </span>
    </p>
   </div>
   <div class='ocr_carea' id='block_1_74' title="bbox 403 4213 1992 4299">
    <p class='ocr_par' dir='ltr' id='par_1_74' title="bbox 403 4213 1992 4299">
     <span class='ocr_line' id='line_1_74' title="bbox 403 4213 1992 4299; baseline -0.001 -14"><span class='ocrx_word' id='word_1_522' title='bbox 403 4229 532 4298; x_wconf 73' lang='grc' dir='ltr'><strong>λὴν</strong></span> <span class='ocrx_word' id='word_1_523' title='bbox 557 4213 797 4298; x_wconf 58' lang='grc' dir='ltr'>γωνίας.</span> <span class='ocrx_word' id='word_1_524' title='bbox 832 4230 941 4282; x_wconf 80' lang='grc' dir='ltr'><strong>Καὶ</strong></span> <span class='ocrx_word' id='word_1_525' title='bbox 967 4230 996 4280; x_wconf 80' lang='grc' dir='ltr'><strong>ὁ</strong></span> <span class='ocrx_word' id='word_1_526' title='bbox 1032 4228 1259 4290; x_wconf 79' lang='grc' dir='ltr'>Ἡσαΐας</span> <span class='ocrx_word' id='word_1_527' title='bbox 1289 4230 1354 4282; x_wconf 73' lang='grc' dir='ltr'><strong>ἐκ</strong></span> <span class='ocrx_word' id='word_1_528' title='bbox 1381 4226 1680 4298; x_wconf 79' lang='grc' dir='ltr'>προσώπου</span> <span class='ocrx_word' id='word_1_529' title='bbox 1732 4230 1867 4299; x_wconf 57' lang='grc' dir='ltr'>φησὶ</span> <span class='ocrx_word' id='word_1_530' title='bbox 1895 4230 1992 4284; x_wconf 81' lang='grc' dir='ltr'><strong>τοῦ</strong></span> 
     </span>
    </p>
   </div>
   <div class='ocr_carea' id='block_1_75' title="bbox 404 4317 1989 4388">
    <p class='ocr_par' dir='ltr' id='par_1_75' title="bbox 404 4317 1989 4388">
     <span class='ocr_line' id='line_1_75' title="bbox 404 4317 1989 4388; baseline 0.002 -16"><span class='ocrx_word' id='word_1_531' title='bbox 404 4319 545 4373; x_wconf 83' lang='grc' dir='ltr'>Θεοῦ</span> <span class='ocrx_word' id='word_1_532' title='bbox 569 4340 583 4354; x_wconf 77' lang='grc' dir='ltr'><strong><em>ο</em></strong></span> <span class='ocrx_word' id='word_1_533' title='bbox 621 4318 779 4374; x_wconf 78' lang='grc' dir='ltr'><strong>ἰδοὺ</strong></span> <span class='ocrx_word' id='word_1_534' title='bbox 813 4321 1007 4388; x_wconf 78' lang='grc' dir='ltr'>τίθημι</span> <span class='ocrx_word' id='word_1_535' title='bbox 1033 4320 1105 4372; x_wconf 76' lang='grc' dir='ltr'><strong>ἐν</strong></span> <span class='ocrx_word' id='word_1_536' title='bbox 1134 4317 1290 4372; x_wconf 84' lang='grc' dir='ltr'><strong>Σιὼν</strong></span> <span class='ocrx_word' id='word_1_537' title='bbox 1335 4319 1512 4373; x_wconf 77' lang='grc' dir='ltr'>λίθον</span> <span class='ocrx_word' id='word_1_538' title='bbox 1538 4318 1989 4388; x_wconf 72' lang='grc' dir='ltr'>ἀιιρογωνιαῑον.</span> 
     </span>
    </p>
   </div>
   <div class='ocr_carea' id='block_1_76' title="bbox 404 4410 1994 4484">
    <p class='ocr_par' dir='ltr' id='par_1_76' title="bbox 404 4410 1994 4484">
     <span class='ocr_line' id='line_1_76' title="bbox 404 4410 1994 4484; baseline -0.003 -16"><span class='ocrx_word' id='word_1_539' title='bbox 404 4416 521 4468; x_wconf 77' lang='grc' dir='ltr'>Καὶ</span> <span class='ocrx_word' id='word_1_540' title='bbox 549 4415 579 4467; x_wconf 84' lang='grc' dir='ltr'>ὁ</span> <span class='ocrx_word' id='word_1_541' title='bbox 635 4413 810 4484; x_wconf 80' lang='grc' dir='ltr'>μέγας</span> <span class='ocrx_word' id='word_1_542' title='bbox 844 4412 1056 4474; x_wconf 78' lang='grc' dir='ltr'>Παῦλος</span> <span class='ocrx_word' id='word_1_543' title='bbox 1102 4412 1504 4481; x_wconf 78' lang='grc' dir='ltr'>ἀκρογωνιαῖον</span> <span class='ocrx_word' id='word_1_544' title='bbox 1545 4410 1703 4464; x_wconf 88' lang='grc' dir='ltr'>καλεί</span> <span class='ocrx_word' id='word_1_545' title='bbox 1738 4413 1830 4464; x_wconf 70' lang='grc' dir='ltr'>τὸν</span> <span class='ocrx_word' id='word_1_546' title='bbox 1861 4413 1994 4481; x_wconf 83' lang='grc' dir='ltr'>Χρι-</span> 
     </span>
    </p>
   </div>
   <div class='ocr_carea' id='block_1_77' title="bbox 408 4497 1992 4574">
    <p class='ocr_par' dir='ltr' id='par_1_77' title="bbox 408 4497 1992 4574">
     <span class='ocr_line' id='line_1_77' title="bbox 408 4497 1992 4574; baseline -0.002 -16"><span class='ocrx_word' id='word_1_547' title='bbox 408 4506 556 4569; x_wconf 74' lang='grc' dir='ltr'>στὸν,</span> <span class='ocrx_word' id='word_1_548' title='bbox 619 4505 704 4574; x_wconf 77' lang='grc' dir='ltr'><strong>ἐφ’</strong></span> <span class='ocrx_word' id='word_1_549' title='bbox 754 4497 798 4572; x_wconf 79' lang='grc' dir='ltr'><strong>ᾧ</strong></span> <span class='ocrx_word' id='word_1_550' title='bbox 855 4501 1350 4572; x_wconf 63' lang='grc' dir='ltr'>ἐποικοδομηθῆναι</span> <span class='ocrx_word' id='word_1_551' title='bbox 1415 4502 1543 4562; x_wconf 78' lang='grc' dir='ltr'>τοὺς</span> <span class='ocrx_word' id='word_1_552' title='bbox 1592 4502 1992 4566; x_wconf 63' lang='grc' dir='ltr'>πιστεύσιντας</span> 
     </span>
    </p>
   </div>
   <div class='ocr_carea' id='block_1_78' title="bbox 2098 3286 3679 3371">
    <p class='ocr_par' dir='ltr' id='par_1_78' title="bbox 2098 3286 3679 3371">
     <span class='ocr_line' id='line_1_78' title="bbox 2098 3286 3679 3371; baseline 0.011 -30"><span class='ocrx_word' id='word_1_553' title='bbox 2098 3286 2281 3351; x_wconf 85' lang='lat' dir='ltr'><strong>Aliud,</strong></span> <span class='ocrx_word' id='word_1_554' title='bbox 2324 3288 2522 3358; x_wconf 91' lang='lat' dir='ltr'><strong>inquit,</strong></span> <span class='ocrx_word' id='word_1_555' title='bbox 2560 3291 2963 3359; x_wconf 72' lang='lat' dir='ltr'><strong>fundamentum</strong></span> <span class='ocrx_word' id='word_1_556' title='bbox 2995 3310 3147 3349; x_wconf 82' lang='lat' dir='ltr'><strong>nemo</strong></span> <span class='ocrx_word' id='word_1_557' title='bbox 3180 3296 3367 3365; x_wconf 81' lang='lat' dir='ltr'><strong>jaciet,</strong></span> <span class='ocrx_word' id='word_1_558' title='bbox 3407 3310 3601 3371; x_wconf 76' lang='lat' dir='ltr'><strong>prazter</strong></span> <span class='ocrx_word' id='word_1_559' title='bbox 3622 3305 3679 3358; x_wconf 82' lang='lat' dir='ltr'><strong>id</strong></span> 
     </span>
    </p>
   </div>
   <div class='ocr_carea' id='block_1_79' title="bbox 2094 3380 3679 3451">
    <p class='ocr_par' dir='ltr' id='par_1_79' title="bbox 2094 3380 3679 3451">
     <span class='ocr_line' id='line_1_79' title="bbox 2094 3380 3679 3451; baseline 0.011 -18"><span class='ocrx_word' id='word_1_560' title='bbox 2094 3380 2455 3451; x_wconf 80' lang='lat' dir='ltr'><strong>quodjactum</strong></span> <span class='ocrx_word' id='word_1_561' title='bbox 2495 3391 2590 3444; x_wconf 81' lang='lat' dir='ltr'><strong>est.</strong></span> <span class='ocrx_word' id='word_1_562' title='bbox 2641 3381 2821 3439; x_wconf 74' lang='lat' dir='ltr'><strong>Iesum</strong></span> <span class='ocrx_word' id='word_1_563' title='bbox 2851 3386 3113 3440; x_wconf 76' lang='lat' dir='ltr'><strong>Christum</strong></span> <span class='ocrx_word' id='word_1_564' title='bbox 3140 3389 3179 3444; x_wconf 69' lang='lat'><strong>‘.</strong></span> <span class='ocrx_word' id='word_1_565' title='bbox 3212 3389 3345 3445; x_wconf 79' lang='lat' dir='ltr'><strong>item</strong></span> <span class='ocrx_word' id='word_1_566' title='bbox 3372 3392 3504 3447; x_wconf 80' lang='lat' dir='ltr'><strong>alibi</strong></span> <span class='ocrx_word' id='word_1_567' title='bbox 3530 3412 3545 3450; x_wconf 90' lang='lat'><strong>:</strong></span> <span class='ocrx_word' id='word_1_568' title='bbox 3585 3395 3679 3450; x_wconf 84' lang='lat' dir='ltr'><strong>Bi-</strong></span> 
     </span>
    </p>
   </div>
   <div class='ocr_carea' id='block_1_80' title="bbox 2096 3476 3676 3554">
    <p class='ocr_par' dir='ltr' id='par_1_80' title="bbox 2096 3476 3676 3554">
     <span class='ocr_line' id='line_1_80' title="bbox 2096 3476 3676 3554; baseline 0.011 -29"><span class='ocrx_word' id='word_1_569' title='bbox 2096 3476 2282 3528; x_wconf 82' lang='lat' dir='ltr'><strong>berunl</strong></span> <span class='ocrx_word' id='word_1_570' title='bbox 2316 3476 2379 3527; x_wconf 86' lang='lat' dir='ltr'><strong>de</strong></span> <span class='ocrx_word' id='word_1_571' title='bbox 2409 3484 2560 3545; x_wconf 73' lang='lat' dir='ltr'><strong>petra</strong></span> <span class='ocrx_word' id='word_1_572' title='bbox 2591 3478 2887 3546; x_wconf 81' lang='lat' dir='ltr'><strong>spirituali,</strong></span> <span class='ocrx_word' id='word_1_573' title='bbox 2923 3495 3007 3534; x_wconf 81' lang='lat' dir='ltr'><strong>eos</strong></span> <span class='ocrx_word' id='word_1_574' title='bbox 3045 3493 3247 3546; x_wconf 75' lang='lat' dir='ltr'><strong>secuta,</strong></span> <span class='ocrx_word' id='word_1_575' title='bbox 3279 3486 3368 3554; x_wconf 86' lang='lat' dir='ltr'><strong>qui</strong></span> <span class='ocrx_word' id='word_1_576' title='bbox 3401 3496 3477 3540; x_wconf 73' lang='lat' dir='ltr'><strong>est</strong></span> <span class='ocrx_word' id='word_1_577' title='bbox 3525 3488 3676 3542; x_wconf 70' lang='lat' dir='ltr'><strong>Clu-i-</strong></span> 
     </span>
    </p>
   </div>
   <div class='ocr_carea' id='block_1_81' title="bbox 2094 3567 3680 3645">
    <p class='ocr_par' dir='ltr' id='par_1_81' title="bbox 2094 3567 3680 3645">
     <span class='ocr_line' id='line_1_81' title="bbox 2094 3567 3680 3645; baseline 0.01 -25"><span class='ocrx_word' id='word_1_578' title='bbox 2094 3578 2206 3621; x_wconf 70' lang='lat' dir='ltr'><strong>ctus</strong></span> <span class='ocrx_word' id='word_1_579' title='bbox 2238 3567 2280 3619; x_wconf 78' lang='grc'><strong>⁸.</strong></span> <span class='ocrx_word' id='word_1_580' title='bbox 2310 3568 2390 3623; x_wconf 81' lang='lat' dir='ltr'><strong>Ad</strong></span> <span class='ocrx_word' id='word_1_581' title='bbox 2429 3568 2546 3624; x_wconf 79' lang='lat' dir='ltr'><strong>lucc</strong></span> <span class='ocrx_word' id='word_1_582' title='bbox 2575 3579 2730 3639; x_wconf 91' lang='lat' dir='ltr'><strong>petra</strong></span> <span class='ocrx_word' id='word_1_583' title='bbox 2764 3571 3031 3636; x_wconf 88' lang='lat' dir='ltr'><strong>scandali,</strong></span> <span class='ocrx_word' id='word_1_584' title='bbox 3079 3585 3134 3627; x_wconf 85' lang='lat' dir='ltr'><strong>et</strong></span> <span class='ocrx_word' id='word_1_585' title='bbox 3166 3576 3305 3645; x_wconf 82' lang='lat' dir='ltr'><strong>lapis</strong></span> <span class='ocrx_word' id='word_1_586' title='bbox 3353 3578 3680 3636; x_wconf 82' lang='lat' dir='ltr'><strong>oﬂ&#39;ensionis</strong></span> 
     </span>
    </p>
   </div>
   <div class='ocr_carea' id='block_1_82' title="bbox 2096 3656 3676 3735">
    <p class='ocr_par' dir='ltr' id='par_1_82' title="bbox 2096 3656 3676 3735">
     <span class='ocr_line' id='line_1_82' title="bbox 2096 3656 3676 3735; baseline 0.01 -25"><span class='ocrx_word' id='word_1_587' title='bbox 2096 3656 2345 3712; x_wconf 85' lang='lat' dir='ltr'><strong>dicitur:</strong></span> <span class='ocrx_word' id='word_1_588' title='bbox 2387 3659 2668 3729; x_wconf 87' lang='lat' dir='ltr'><strong>multaque</strong></span> <span class='ocrx_word' id='word_1_589' title='bbox 2717 3661 2873 3732; x_wconf 73' lang='lat'><strong>121</strong></span> <span class='ocrx_word' id='word_1_590' title='bbox 2925 3676 3191 3732; x_wconf 66' lang='lat' dir='ltr'><strong>praeterea</strong></span> <span class='ocrx_word' id='word_1_591' title='bbox 3241 3668 3362 3722; x_wconf 88' lang='lat' dir='ltr'><strong>loca</strong></span> <span class='ocrx_word' id='word_1_592' title='bbox 3406 3668 3676 3735; x_wconf 87' lang='lat' dir='ltr'><strong>invenias.</strong></span> 
     </span>
    </p>
   </div>
   <div class='ocr_carea' id='block_1_83' title="bbox 2096 3758 3677 3836">
    <p class='ocr_par' dir='ltr' id='par_1_83' title="bbox 2096 3758 3677 3836">
     <span class='ocr_line' id='line_1_83' title="bbox 2096 3758 3677 3836; baseline 0.009 -23"><span class='ocrx_word' id='word_1_593' title='bbox 2096 3758 2189 3813; x_wconf 90' lang='lat' dir='ltr'><strong>ubi</strong></span> <span class='ocrx_word' id='word_1_594' title='bbox 2220 3760 2485 3816; x_wconf 89' lang='lat' dir='ltr'><strong>Dominus</strong></span> <span class='ocrx_word' id='word_1_595' title='bbox 2509 3771 2664 3832; x_wconf 86' lang='lat' dir='ltr'><strong>petra</strong></span> <span class='ocrx_word' id='word_1_596' title='bbox 2690 3773 2747 3817; x_wconf 90' lang='lat' dir='ltr'><strong>ct</strong></span> <span class='ocrx_word' id='word_1_597' title='bbox 2782 3765 2920 3834; x_wconf 87' lang='lat' dir='ltr'><strong>lapis</strong></span> <span class='ocrx_word' id='word_1_598' title='bbox 2947 3767 3275 3836; x_wconf 81' lang='lat' dir='ltr'><strong>appellatur.</strong></span> <span class='ocrx_word' id='word_1_599' title='bbox 3308 3768 3466 3836; x_wconf 85' lang='lat' dir='ltr'><strong>Quod</strong></span> <span class='ocrx_word' id='word_1_600' title='bbox 3490 3783 3677 3829; x_wconf 83' lang='lat' dir='ltr'><strong>autem</strong></span> 
     </span>
    </p>
   </div>
   <div class='ocr_carea' id='block_1_84' title="bbox 2096 3853 3676 3932">
    <p class='ocr_par' dir='ltr' id='par_1_84' title="bbox 2096 3853 3676 3932">
     <span class='ocr_line' id='line_1_84' title="bbox 2096 3853 3676 3932; baseline 0.008 -24"><span class='ocrx_word' id='word_1_601' title='bbox 2096 3854 2143 3909; x_wconf 91' lang='lat' dir='ltr'><strong>is</strong></span> <span class='ocrx_word' id='word_1_602' title='bbox 2166 3853 2284 3908; x_wconf 85' lang='lat' dir='ltr'><strong>sine</strong></span> <span class='ocrx_word' id='word_1_603' title='bbox 2316 3855 2570 3910; x_wconf 87' lang='lat' dir='ltr'><strong>manibus</strong></span> <span class='ocrx_word' id='word_1_604' title='bbox 2598 3855 2817 3912; x_wconf 85' lang='lat' dir='ltr'><strong>excisus</strong></span> <span class='ocrx_word' id='word_1_605' title='bbox 2845 3868 2951 3920; x_wconf 89' lang='lat' dir='ltr'><strong>est,</strong></span> <span class='ocrx_word' id='word_1_606' title='bbox 2981 3858 3033 3914; x_wconf 90' lang='lat' dir='ltr'><strong>id</strong></span> <span class='ocrx_word' id='word_1_607' title='bbox 3070 3873 3251 3914; x_wconf 74' lang='lat' dir='ltr'><strong>ortum</strong></span> <span class='ocrx_word' id='word_1_608' title='bbox 3278 3863 3399 3932; x_wconf 84' lang='lat' dir='ltr'><strong>ejus</strong></span> <span class='ocrx_word' id='word_1_609' title='bbox 3422 3874 3676 3921; x_wconf 88' lang='lat' dir='ltr'><strong>naturam</strong></span> 
     </span>
    </p>
   </div>
   <div class='ocr_carea' id='block_1_85' title="bbox 2095 3948 3675 4025">
    <p class='ocr_par' dir='ltr' id='par_1_85' title="bbox 2095 3948 3675 4025">
     <span class='ocr_line' id='line_1_85' title="bbox 2095 3948 3675 4025; baseline 0.008 -24"><span class='ocrx_word' id='word_1_610' title='bbox 2095 3956 2451 4017; x_wconf 88' lang='lat' dir='ltr'><strong>superantem</strong></span> <span class='ocrx_word' id='word_1_611' title='bbox 2487 3948 2714 4014; x_wconf 88' lang='lat' dir='ltr'><strong>indicat,</strong></span> <span class='ocrx_word' id='word_1_612' title='bbox 2746 3949 2867 4005; x_wconf 89' lang='lat' dir='ltr'><strong>sine</strong></span> <span class='ocrx_word' id='word_1_613' title='bbox 2908 3952 3120 4007; x_wconf 88' lang='lat' dir='ltr'><strong>semine</strong></span> <span class='ocrx_word' id='word_1_614' title='bbox 3145 3965 3202 4009; x_wconf 87' lang='lat' dir='ltr'><strong>et</strong></span> <span class='ocrx_word' id='word_1_615' title='bbox 3240 3956 3512 4025; x_wconf 84' lang='lat' dir='ltr'><strong>conjugali</strong></span> <span class='ocrx_word' id='word_1_616' title='bbox 3536 3972 3675 4013; x_wconf 88' lang='lat' dir='ltr'><strong>con-</strong></span> 
     </span>
    </p>
   </div>
   <div class='ocr_carea' id='block_1_86' title="bbox 2094 4042 3678 4114">
    <p class='ocr_par' dir='ltr' id='par_1_86' title="bbox 2094 4042 3678 4114">
     <span class='ocr_line' id='line_1_86' title="bbox 2094 4042 3678 4114; baseline 0.007 -20"><span class='ocrx_word' id='word_1_617' title='bbox 2094 4055 2310 4111; x_wconf 77' lang='lat' dir='ltr'><strong>gressu.</strong></span> <span class='ocrx_word' id='word_1_618' title='bbox 2353 4042 2492 4095; x_wconf 86' lang='lat' dir='ltr'><strong>Nam</strong></span> <span class='ocrx_word' id='word_1_619' title='bbox 2535 4057 2692 4096; x_wconf 87' lang='lat' dir='ltr'><strong>mons</strong></span> <span class='ocrx_word' id='word_1_620' title='bbox 2715 4042 2897 4111; x_wconf 88' lang='lat' dir='ltr'><strong>putari</strong></span> <span class='ocrx_word' id='word_1_621' title='bbox 2930 4055 3095 4114; x_wconf 87' lang='lat' dir='ltr'><strong>queat</strong></span> <span class='ocrx_word' id='word_1_622' title='bbox 3122 4044 3352 4101; x_wconf 71' lang='lat' dir='ltr'><strong>Iudaica</strong></span> <span class='ocrx_word' id='word_1_623' title='bbox 3400 4047 3600 4114; x_wconf 86' lang='lat' dir='ltr'><strong>tribus,</strong></span> <span class='ocrx_word' id='word_1_624' title='bbox 3644 4064 3678 4105; x_wconf 82' lang='grc' dir='ltr'><strong>ο</strong></span> 
     </span>
    </p>
   </div>
   <div class='ocr_carea' id='block_1_87' title="bbox 2094 4133 3679 4203">
    <p class='ocr_par' dir='ltr' id='par_1_87' title="bbox 2094 4133 3679 4203">
     <span class='ocr_line' id='line_1_87' title="bbox 2094 4133 3679 4203; baseline 0.007 -19"><span class='ocrx_word' id='word_1_625' title='bbox 2094 4147 2203 4202; x_wconf 87' lang='lat' dir='ltr'><strong>qua</strong></span> <span class='ocrx_word' id='word_1_626' title='bbox 2232 4141 2389 4188; x_wconf 86' lang='lat' dir='ltr'><strong>ortus</strong></span> <span class='ocrx_word' id='word_1_627' title='bbox 2411 4133 2515 4187; x_wconf 80' lang='lat' dir='ltr'><strong>fuit</strong></span> <span class='ocrx_word' id='word_1_628' title='bbox 2538 4133 2730 4188; x_wconf 88' lang='lat' dir='ltr'><strong>David.</strong></span> <span class='ocrx_word' id='word_1_629' title='bbox 2760 4134 2925 4203; x_wconf 88' lang='lat' dir='ltr'><strong>Lapis</strong></span> <span class='ocrx_word' id='word_1_630' title='bbox 2947 4142 3154 4198; x_wconf 84' lang='lat' dir='ltr'><strong>autem,</strong></span> <span class='ocrx_word' id='word_1_631' title='bbox 3180 4135 3457 4203; x_wconf 85' lang='lat' dir='ltr'><strong>Christus,</strong></span> <span class='ocrx_word' id='word_1_632' title='bbox 3479 4153 3679 4195; x_wconf 83' lang='lat' dir='ltr'><strong>secun-</strong></span> 
     </span>
    </p>
   </div>
   <div class='ocr_carea' id='block_1_88' title="bbox 2094 4220 3675 4292">
    <p class='ocr_par' dir='ltr' id='par_1_88' title="bbox 2094 4220 3675 4292">
     <span class='ocr_line' id='line_1_88' title="bbox 2094 4220 3675 4292; baseline 0.005 -17"><span class='ocrx_word' id='word_1_633' title='bbox 2094 4220 2226 4275; x_wconf 90' lang='lat' dir='ltr'><strong>dum</strong></span> <span class='ocrx_word' id='word_1_634' title='bbox 2276 4221 2672 4276; x_wconf 73' lang='lat' dir='ltr'><strong>humanitatem</strong></span> <span class='ocrx_word' id='word_1_635' title='bbox 2725 4237 2793 4276; x_wconf 83' lang='lat' dir='ltr'><strong>ex</strong></span> <span class='ocrx_word' id='word_1_636' title='bbox 2844 4237 2909 4277; x_wconf 85' lang='lat' dir='ltr'><strong>ea</strong></span> <span class='ocrx_word' id='word_1_637' title='bbox 2935 4223 3180 4281; x_wconf 80' lang='lat' dir='ltr'><strong>excisus.</strong></span> <span class='ocrx_word' id='word_1_638' title='bbox 3235 4226 3366 4280; x_wconf 86' lang='lat' dir='ltr'><strong>Sine</strong></span> <span class='ocrx_word' id='word_1_639' title='bbox 3398 4226 3675 4292; x_wconf 86' lang='lat' dir='ltr'><strong>manibus,</strong></span> 
     </span>
    </p>
   </div>
   <div class='ocr_carea' id='block_1_89' title="bbox 2095 4309 3677 4380">
    <p class='ocr_par' dir='ltr' id='par_1_89' title="bbox 2095 4309 3677 4380">
     <span class='ocr_line' id='line_1_89' title="bbox 2095 4309 3677 4380; baseline 0.003 -17"><span class='ocrx_word' id='word_1_640' title='bbox 2095 4309 2222 4380; x_wconf 87' lang='lat' dir='ltr'><strong>quia</strong></span> <span class='ocrx_word' id='word_1_641' title='bbox 2273 4324 2380 4363; x_wconf 86' lang='lat' dir='ltr'><strong>non</strong></span> <span class='ocrx_word' id='word_1_642' title='bbox 2423 4309 2545 4378; x_wconf 82' lang='lat' dir='ltr'><strong>lege</strong></span> <span class='ocrx_word' id='word_1_643' title='bbox 2587 4315 2801 4363; x_wconf 66' lang='lat' dir='ltr'><strong>natura:</strong></span> <span class='ocrx_word' id='word_1_644' title='bbox 2851 4310 3078 4378; x_wconf 90' lang='lat' dir='ltr'><strong>prodiit,</strong></span> <span class='ocrx_word' id='word_1_645' title='bbox 3126 4313 3220 4366; x_wconf 91' lang='lat' dir='ltr'><strong>sed</strong></span> <span class='ocrx_word' id='word_1_646' title='bbox 3255 4328 3322 4366; x_wconf 82' lang='lat' dir='ltr'><strong>ex</strong></span> <span class='ocrx_word' id='word_1_647' title='bbox 3365 4321 3524 4366; x_wconf 88' lang='lat' dir='ltr'><strong>utero</strong></span> <span class='ocrx_word' id='word_1_648' title='bbox 3552 4313 3677 4367; x_wconf 89' lang='lat' dir='ltr'><strong>rudi</strong></span> 
     </span>
    </p>
   </div>
   <div class='ocr_carea' id='block_1_90' title="bbox 2094 4400 3677 4473">
    <p class='ocr_par' dir='ltr' id='par_1_90' title="bbox 2094 4400 3677 4473">
     <span class='ocr_line' id='line_1_90' title="bbox 2094 4400 3677 4473; baseline 0.001 -16"><span class='ocrx_word' id='word_1_649' title='bbox 2094 4403 2201 4458; x_wconf 91' lang='lat' dir='ltr'><strong>viri</strong></span> <span class='ocrx_word' id='word_1_650' title='bbox 2247 4414 2305 4458; x_wconf 86' lang='lat' dir='ltr'><strong>et</strong></span> <span class='ocrx_word' id='word_1_651' title='bbox 2351 4412 2582 4458; x_wconf 87' lang='lat' dir='ltr'><strong>sancto:</strong></span> <span class='ocrx_word' id='word_1_652' title='bbox 2624 4400 2717 4473; x_wconf 90' lang='lat' dir='ltr'><strong>qui</strong></span> <span class='ocrx_word' id='word_1_653' title='bbox 2756 4403 2992 4471; x_wconf 89' lang='lat' dir='ltr'><strong>primum</strong></span> <span class='ocrx_word' id='word_1_654' title='bbox 3030 4419 3232 4473; x_wconf 87' lang='lat' dir='ltr'><strong>parvus</strong></span> <span class='ocrx_word' id='word_1_655' title='bbox 3259 4413 3344 4459; x_wconf 90' lang='lat' dir='ltr'><strong>est</strong></span> <span class='ocrx_word' id='word_1_656' title='bbox 3393 4407 3562 4471; x_wconf 70' lang='lat' dir='ltr'><strong>visus,</strong></span> <span class='ocrx_word' id='word_1_657' title='bbox 3604 4405 3677 4459; x_wconf 91' lang='lat' dir='ltr'><strong>ob</strong></span> 
     </span>
    </p>
   </div>
   <div class='ocr_carea' id='block_1_91' title="bbox 2096 4494 3679 4564">
    <p class='ocr_par' dir='ltr' id='par_1_91' title="bbox 2096 4494 3679 4564">
     <span class='ocr_line' id='line_1_91' title="bbox 2096 4494 3679 4564; baseline -0.001 -14"><span class='ocrx_word' id='word_1_658' title='bbox 2096 4505 2349 4550; x_wconf 87' lang='lat' dir='ltr'><strong>naturam</strong></span> <span class='ocrx_word' id='word_1_659' title='bbox 2380 4495 2699 4558; x_wconf 81' lang='lat' dir='ltr'><strong>humanam,</strong></span> <span class='ocrx_word' id='word_1_660' title='bbox 2727 4494 2779 4548; x_wconf 89' lang='lat' dir='ltr'><strong>in</strong></span> <span class='ocrx_word' id='word_1_661' title='bbox 2820 4508 3114 4564; x_wconf 76' lang='lat' dir='ltr'><strong>progressu</strong></span> <span class='ocrx_word' id='word_1_662' title='bbox 3152 4510 3287 4549; x_wconf 88' lang='lat' dir='ltr'><strong>vero</strong></span> <span class='ocrx_word' id='word_1_663' title='bbox 3322 4504 3522 4549; x_wconf 88' lang='lat' dir='ltr'><strong>terram</strong></span> <span class='ocrx_word' id='word_1_664' title='bbox 3555 4510 3679 4549; x_wconf 86' lang='lat' dir='ltr'><strong>om-</strong></span> 
     </span>
    </p>
   </div>
   <div class='ocr_carea' id='block_1_92' title="bbox 404 4585 1992 4690">
    <p class='ocr_par' dir='ltr' id='par_1_92' title="bbox 404 4594 1992 4668">
     <span class='ocr_line' id='line_1_92' title="bbox 404 4594 1992 4668; baseline -0.003 -16"><span class='ocrx_word' id='word_1_665' title='bbox 404 4600 639 4668; x_wconf 62' lang='grc' dir='ltr'>ἔγραψε.</span> <span class='ocrx_word' id='word_1_666' title='bbox 670 4597 778 4650; x_wconf 79' lang='grc' dir='ltr'><strong>Καὶ</strong></span> <span class='ocrx_word' id='word_1_667' title='bbox 808 4595 970 4651; x_wconf 76' lang='grc' dir='ltr'>πάλιν</span> <span class='ocrx_word' id='word_1_668' title='bbox 999 4596 1148 4661; x_wconf 84' lang='grc' dir='ltr'>λέγει</span> <span class='ocrx_word' id='word_1_669' title='bbox 1169 4612 1184 4627; x_wconf 75' lang='grc' dir='ltr'><strong>ο</strong></span> <span class='ocrx_word' id='word_1_670' title='bbox 1233 4594 1521 4663; x_wconf 72' lang='grc' dir='ltr'>Θεμέλιον</span> <span class='ocrx_word' id='word_1_671' title='bbox 1548 4594 1757 4663; x_wconf 81' lang='grc' dir='ltr'>ἕτερον</span> <span class='ocrx_word' id='word_1_672' title='bbox 1787 4594 1992 4662; x_wconf 78' lang='grc' dir='ltr'>οὐδεὶς</span> 
     </span>
    </p>
   </div>
   <div class='ocr_carea' id='block_1_93' title="bbox 2095 4585 3680 4690">
    <p class='ocr_par' dir='ltr' id='par_1_93' title="bbox 2098 4585 3680 4657">
     <span class='ocr_line' id='line_1_93' title="bbox 2098 4585 3680 4657; baseline -0.001 -15"><span class='ocrx_word' id='word_1_673' title='bbox 2098 4604 2225 4643; x_wconf 88' lang='lat' dir='ltr'><strong>nem</strong></span> <span class='ocrx_word' id='word_1_674' title='bbox 2255 4602 2355 4642; x_wconf 87' lang='lat' dir='ltr'><strong>sua</strong></span> <span class='ocrx_word' id='word_1_675' title='bbox 2401 4585 2576 4656; x_wconf 73' lang='lat' dir='ltr'><strong>gloria</strong></span> <span class='ocrx_word' id='word_1_676' title='bbox 2624 4586 2895 4657; x_wconf 83' lang='lat' dir='ltr'><strong>implevit,</strong></span> <span class='ocrx_word' id='word_1_677' title='bbox 2930 4585 3104 4656; x_wconf 79' lang='lat' dir='ltr'><strong>magis</strong></span> <span class='ocrx_word' id='word_1_678' title='bbox 3141 4585 3310 4641; x_wconf 86' lang='lat' dir='ltr'><strong>etiam</strong></span> <span class='ocrx_word' id='word_1_679' title='bbox 3345 4586 3680 4656; x_wconf 88' lang='lat' dir='ltr'><strong>impleturus</strong></span> 
     </span>
    </p>
   </div>
   <div class='ocr_carea' id='block_1_94' title="bbox 404 4677 1992 4755">
    <p class='ocr_par' dir='ltr' id='par_1_94' title="bbox 404 4685 1992 4755">
     <span class='ocr_line' id='line_1_94' title="bbox 404 4685 1992 4755; baseline -0.003 -12"><span class='ocrx_word' id='word_1_680' title='bbox 404 4689 662 4744; x_wconf 77' lang='grc' dir='ltr'>δύναται</span> <span class='ocrx_word' id='word_1_681' title='bbox 696 4687 886 4743; x_wconf 75' lang='grc' dir='ltr'>θεῖναι</span> <span class='ocrx_word' id='word_1_682' title='bbox 912 4687 1073 4755; x_wconf 78' lang='grc' dir='ltr'>παρὰ</span> <span class='ocrx_word' id='word_1_683' title='bbox 1104 4686 1210 4738; x_wconf 83' lang='grc' dir='ltr'><strong>τὸν</strong></span> <span class='ocrx_word' id='word_1_684' title='bbox 1236 4688 1536 4753; x_wconf 68' lang='grc' dir='ltr'>κείμενον,</span> <span class='ocrx_word' id='word_1_685' title='bbox 1567 4685 1636 4744; x_wconf 73' lang='grc' dir='ltr'>ὅς</span> <span class='ocrx_word' id='word_1_686' title='bbox 1665 4686 1839 4739; x_wconf 81' lang='grc' dir='ltr'>ἐστιν</span> <span class='ocrx_word' id='word_1_687' title='bbox 1882 4688 1992 4755; x_wconf 71' lang='grc' dir='ltr'><strong>Ἰιι-</strong></span> 
     </span>
    </p>
   </div>
   <div class='ocr_carea' id='block_1_95' title="bbox 2095 4677 3677 4755">
    <p class='ocr_par' dir='ltr' id='par_1_95' title="bbox 2095 4677 3677 4748">
     <span class='ocr_line' id='line_1_95' title="bbox 2095 4677 3677 4748; baseline -0.003 -13"><span class='ocrx_word' id='word_1_688' title='bbox 2095 4682 2280 4735; x_wconf 80' lang='lat' dir='ltr'><strong>futuro</strong></span> <span class='ocrx_word' id='word_1_689' title='bbox 2323 4693 2424 4734; x_wconf 92' lang='lat' dir='ltr'><strong>suo</strong></span> <span class='ocrx_word' id='word_1_690' title='bbox 2452 4678 2718 4733; x_wconf 88' lang='lat' dir='ltr'><strong>adventu.</strong></span> <span class='ocrx_word' id='word_1_691' title='bbox 2765 4677 3041 4748; x_wconf 86' lang='lat' dir='ltr'><strong>Propheta</strong></span> <span class='ocrx_word' id='word_1_692' title='bbox 3092 4678 3261 4748; x_wconf 80' lang='lat' dir='ltr'><strong>igitur</strong></span> <span class='ocrx_word' id='word_1_693' title='bbox 3305 4686 3359 4733; x_wconf 91' lang='lat' dir='ltr'><strong>et</strong></span> <span class='ocrx_word' id='word_1_694' title='bbox 3399 4677 3677 4733; x_wconf 88' lang='lat' dir='ltr'><strong>somnium</strong></span> 
     </span>
    </p>
   </div>
   <div class='ocr_carea' id='block_1_96' title="bbox 405 4769 1992 4849">
    <p class='ocr_par' dir='ltr' id='par_1_96' title="bbox 405 4774 1992 4849">
     <span class='ocr_line' id='line_1_96' title="bbox 405 4774 1992 4849; baseline -0.002 -13"><span class='ocrx_word' id='word_1_695' title='bbox 405 4782 560 4847; x_wconf 87' lang='grc' dir='ltr'>σοῦς</span> <span class='ocrx_word' id='word_1_696' title='bbox 590 4782 623 4835; x_wconf 83' lang='grc' dir='ltr'><strong>ό</strong></span> <span class='ocrx_word' id='word_1_697' title='bbox 669 4781 948 4849; x_wconf 66' lang='grc' dir='ltr'>Χριστος.</span> <span class='ocrx_word' id='word_1_698' title='bbox 986 4779 1094 4831; x_wconf 78' lang='grc' dir='ltr'><strong>Καὶ</strong></span> <span class='ocrx_word' id='word_1_699' title='bbox 1150 4774 1306 4841; x_wconf 82' lang='grc' dir='ltr'>αὖθις</span> <span class='ocrx_word' id='word_1_700' title='bbox 1342 4776 1595 4847; x_wconf 79' lang='grc' dir='ltr'>ἑτέρωθι·</span> <span class='ocrx_word' id='word_1_701' title='bbox 1634 4776 1890 4831; x_wconf 79' lang='grc' dir='ltr'>Ἔπινον</span> <span class='ocrx_word' id='word_1_702' title='bbox 1924 4779 1992 4834; x_wconf 82' lang='grc' dir='ltr'><strong><em>ἐκ</em></strong></span> 
     </span>
    </p>
   </div>
   <div class='ocr_carea' id='block_1_97' title="bbox 2095 4769 3679 4849">
    <p class='ocr_par' dir='ltr' id='par_1_97' title="bbox 2095 4769 3679 4842">
     <span class='ocr_line' id='line_1_97' title="bbox 2095 4769 3679 4842; baseline -0.001 -13"><span class='ocrx_word' id='word_1_703' title='bbox 2095 4770 2620 4829; x_wconf 77' lang='lat' dir='ltr'><strong>Nabuchodonosori</strong></span> <span class='ocrx_word' id='word_1_704' title='bbox 2657 4769 2931 4839; x_wconf 80' lang='lat' dir='ltr'><strong>exposuit,</strong></span> <span class='ocrx_word' id='word_1_705' title='bbox 2963 4778 3017 4823; x_wconf 90' lang='lat' dir='ltr'><strong>et</strong></span> <span class='ocrx_word' id='word_1_706' title='bbox 3062 4771 3531 4840; x_wconf 75' lang='lat' dir='ltr'><strong>comparationem</strong></span> <span class='ocrx_word' id='word_1_707' title='bbox 3558 4771 3679 4842; x_wconf 77' lang='lat' dir='ltr'><strong>eius</strong></span> 
     </span>
    </p>
   </div>
   <div class='ocr_carea' id='block_1_98' title="bbox 404 4868 1998 4944">
    <p class='ocr_par' dir='ltr' id='par_1_98' title="bbox 404 4868 1998 4944">
     <span class='ocr_line' id='line_1_98' title="bbox 404 4868 1998 4944; baseline -0.003 -16"><span class='ocrx_word' id='word_1_708' title='bbox 404 4872 820 4944; x_wconf 71' lang='grc' dir='ltr'>πνευματικῆς</span> <span class='ocrx_word' id='word_1_709' title='bbox 851 4871 1315 4936; x_wconf 78' lang='grc' dir='ltr'>ἀκολουθούσης</span> <span class='ocrx_word' id='word_1_710' title='bbox 1367 4868 1608 4937; x_wconf 76' lang='grc' dir='ltr'>πέτρας,</span> <span class='ocrx_word' id='word_1_711' title='bbox 1636 4869 1675 4938; x_wconf 79' lang='grc' dir='ltr'>ἡ</span> <span class='ocrx_word' id='word_1_712' title='bbox 1708 4869 1778 4922; x_wconf 73' lang='grc' dir='ltr'><em>δὲ</em></span> <span class='ocrx_word' id='word_1_713' title='bbox 1810 4869 1998 4938; x_wconf 80' lang='grc' dir='ltr'>πέτρα</span> 
     </span>
    </p>
   </div>
   <div class='ocr_carea' id='block_1_99' title="bbox 404 4962 1995 5037">
    <p class='ocr_par' dir='ltr' id='par_1_99' title="bbox 404 4962 1995 5037">
     <span class='ocr_line' id='line_1_99' title="bbox 404 4962 1995 5037; baseline -0.004 -15"><span class='ocrx_word' id='word_1_714' title='bbox 404 4967 490 5037; x_wconf 81' lang='grc' dir='ltr'><strong>ἦν</strong></span> <span class='ocrx_word' id='word_1_715' title='bbox 522 4970 554 5022; x_wconf 87' lang='grc' dir='ltr'><strong><em>ό</em></strong></span> <span class='ocrx_word' id='word_1_716' title='bbox 578 4968 853 5034; x_wconf 68' lang='grc' dir='ltr'>Χρτστός.</span> <span class='ocrx_word' id='word_1_717' title='bbox 892 4965 1001 5019; x_wconf 79' lang='grc' dir='ltr'><strong>Καὶ</strong></span> <span class='ocrx_word' id='word_1_718' title='bbox 1043 4965 1230 5034; x_wconf 38' lang='grc' dir='ltr'>,πέτρα</span> <span class='ocrx_word' id='word_1_719' title='bbox 1259 4963 1318 5016; x_wconf 77' lang='grc' dir='ltr'><strong>δὲ</strong></span> <span class='ocrx_word' id='word_1_720' title='bbox 1346 4962 1678 5026; x_wconf 73' lang='grc' dir='ltr'>σκανδάλου,</span> <span class='ocrx_word' id='word_1_721' title='bbox 1722 4963 1820 5016; x_wconf 75' lang='grc' dir='ltr'><strong>καὶ</strong></span> <span class='ocrx_word' id='word_1_722' title='bbox 1846 4963 1995 5027; x_wconf 71' lang='grc' dir='ltr'>λίθος</span> 
     </span>
    </p>
   </div>
   <div class='ocr_carea' id='block_1_100' title="bbox 405 5053 1991 5131">
    <p class='ocr_par' dir='ltr' id='par_1_100' title="bbox 405 5053 1991 5131">
     <span class='ocr_line' id='line_1_100' title="bbox 405 5053 1991 5131; baseline -0.003 -19"><span class='ocrx_word' id='word_1_723' title='bbox 405 5060 839 5131; x_wconf 81' lang='grc' dir='ltr'>προσκόμματος</span> <span class='ocrx_word' id='word_1_724' title='bbox 879 5057 1119 5124; x_wconf 85' lang='grc' dir='ltr'>λέγεται,</span> <span class='ocrx_word' id='word_1_725' title='bbox 1173 5055 1272 5108; x_wconf 75' lang='grc' dir='ltr'><strong>καὶ</strong></span> <span class='ocrx_word' id='word_1_726' title='bbox 1320 5054 1591 5124; x_wconf 83' lang='grc' dir='ltr'>πολλαχοῦ</span> <span class='ocrx_word' id='word_1_727' title='bbox 1639 5053 1705 5109; x_wconf 85' lang='grc' dir='ltr'>ἂν</span> <span class='ocrx_word' id='word_1_728' title='bbox 1738 5055 1991 5126; x_wconf 73' lang='grc' dir='ltr'>εὑρεθείη</span> 
     </span>
    </p>
   </div>
   <div class='ocr_carea' id='block_1_101' title="bbox 403 5146 1991 5221">
    <p class='ocr_par' dir='ltr' id='par_1_101' title="bbox 403 5146 1991 5221">
     <span class='ocr_line' id='line_1_101' title="bbox 403 5146 1991 5221; baseline -0.003 -16"><span class='ocrx_word' id='word_1_729' title='bbox 403 5153 553 5216; x_wconf 84' lang='grc' dir='ltr'>λίθος</span> <span class='ocrx_word' id='word_1_730' title='bbox 588 5152 682 5205; x_wconf 68' lang='grc' dir='ltr'>καὶ</span> <span class='ocrx_word' id='word_1_731' title='bbox 716 5152 898 5221; x_wconf 86' lang='grc' dir='ltr'>πέτρα</span> <span class='ocrx_word' id='word_1_732' title='bbox 949 5148 1287 5218; x_wconf 78' lang='grc' dir='ltr'>κεκλημένος</span> <span class='ocrx_word' id='word_1_733' title='bbox 1338 5148 1367 5200; x_wconf 82' lang='grc' dir='ltr'>ὁ</span> <span class='ocrx_word' id='word_1_734' title='bbox 1405 5147 1631 5216; x_wconf 82' lang='grc' dir='ltr'>Κύριος.</span> <span class='ocrx_word' id='word_1_735' title='bbox 1663 5148 1735 5201; x_wconf 78' lang='grc' dir='ltr'><strong>Τδ</strong></span> <span class='ocrx_word' id='word_1_736' title='bbox 1774 5146 1821 5200; x_wconf 82' lang='grc' dir='ltr'><strong>δ’</strong></span> <span class='ocrx_word' id='word_1_737' title='bbox 1861 5147 1991 5200; x_wconf 76' lang='grc' dir='ltr'>ἄνευ</span> 
     </span>
    </p>
   </div>
   <div class='ocr_carea' id='block_1_102' title="bbox 404 5237 1992 5319">
    <p class='ocr_par' dir='ltr' id='par_1_102' title="bbox 404 5237 1992 5319">
     <span class='ocr_line' id='line_1_102' title="bbox 404 5237 1992 5319; baseline -0.004 -20"><span class='ocrx_word' id='word_1_738' title='bbox 404 5248 607 5319; x_wconf 77' lang='grc' dir='ltr'>χειρῶν</span> <span class='ocrx_word' id='word_1_739' title='bbox 661 5244 940 5314; x_wconf 84' lang='grc' dir='ltr'>τμηθῆναι</span> <span class='ocrx_word' id='word_1_740' title='bbox 989 5241 1090 5311; x_wconf 82' lang='grc' dir='ltr'><strong>την</strong></span> <span class='ocrx_word' id='word_1_741' title='bbox 1117 5242 1258 5310; x_wconf 80' lang='grc' dir='ltr'>ὑπὲρ</span> <span class='ocrx_word' id='word_1_742' title='bbox 1316 5240 1478 5307; x_wconf 78' lang='grc' dir='ltr'>φύσιν</span> <span class='ocrx_word' id='word_1_743' title='bbox 1509 5237 1678 5293; x_wconf 85' lang='grc' dir='ltr'>αὐτοῦ</span> <span class='ocrx_word' id='word_1_744' title='bbox 1735 5240 1992 5310; x_wconf 83' lang='grc' dir='ltr'>γέννησιν</span> 
     </span>
    </p>
   </div>
   <div class='ocr_carea' id='block_1_103' title="bbox 404 5331 1994 5410">
    <p class='ocr_par' dir='ltr' id='par_1_103' title="bbox 404 5331 1994 5410">
     <span class='ocr_line' id='line_1_103' title="bbox 404 5331 1994 5410; baseline -0.006 -17"><span class='ocrx_word' id='word_1_745' title='bbox 404 5339 730 5410; x_wconf 70' lang='grc' dir='ltr'>προεδήλου,</span> <span class='ocrx_word' id='word_1_746' title='bbox 762 5336 863 5406; x_wconf 82' lang='grc' dir='ltr'>τὴν</span> <span class='ocrx_word' id='word_1_747' title='bbox 892 5334 1021 5388; x_wconf 83' lang='grc' dir='ltr'>ἄνευ</span> <span class='ocrx_word' id='word_1_748' title='bbox 1059 5333 1290 5401; x_wconf 74' lang='grc' dir='ltr'>σπορᾶς,</span> <span class='ocrx_word' id='word_1_749' title='bbox 1325 5331 1424 5400; x_wconf 73' lang='grc' dir='ltr'>τὴν</span> <span class='ocrx_word' id='word_1_750' title='bbox 1476 5331 1726 5405; x_wconf 81' lang='grc' dir='ltr'>γαμικῆς</span> <span class='ocrx_word' id='word_1_751' title='bbox 1770 5331 1994 5400; x_wconf 78' lang='grc' dir='ltr'>ὁμιλίας</span> 
     </span>
    </p>
   </div>
   <div class='ocr_carea' id='block_1_104' title="bbox 405 5421 1991 5504">
    <p class='ocr_par' dir='ltr' id='par_1_104' title="bbox 405 5421 1991 5504">
     <span class='ocr_line' id='line_1_104' title="bbox 405 5421 1991 5504; baseline -0.008 -20"><span class='ocrx_word' id='word_1_752' title='bbox 405 5430 597 5504; x_wconf 79' lang='grc' dir='ltr'>χωρίς.</span> <span class='ocrx_word' id='word_1_753' title='bbox 635 5431 798 5499; x_wconf 84' lang='grc' dir='ltr'>Ὄρος</span> <span class='ocrx_word' id='word_1_754' title='bbox 832 5426 932 5496; x_wconf 83' lang='grc' dir='ltr'><strong>μὲν</strong></span> <span class='ocrx_word' id='word_1_755' title='bbox 961 5424 1070 5496; x_wconf 81' lang='grc' dir='ltr'>γὰρ</span> <span class='ocrx_word' id='word_1_756' title='bbox 1115 5425 1149 5493; x_wconf 86' lang='grc' dir='ltr'>ή</span> <span class='ocrx_word' id='word_1_757' title='bbox 1184 5422 1279 5476; x_wconf 87' lang='grc' dir='ltr'><strong>τοῦ</strong></span> <span class='ocrx_word' id='word_1_758' title='bbox 1312 5421 1486 5476; x_wconf 79' lang='grc' dir='ltr'>’ἰούδα</span> <span class='ocrx_word' id='word_1_759' title='bbox 1511 5421 1795 5492; x_wconf 86' lang='grc' dir='ltr'>νομισθείη</span> <span class='ocrx_word' id='word_1_760' title='bbox 1824 5423 1991 5491; x_wconf 63' lang='grc' dir='ltr'>φυλὴ,</span> 
     </span>
    </p>
   </div>
   <div class='ocr_carea' id='block_1_105' title="bbox 483 5538 1593 5608">
    <p class='ocr_par' dir='ltr' id='par_1_105' title="bbox 483 5538 1593 5608">
     <span class='ocr_line' id='line_1_105' title="bbox 483 5538 1593 5608; baseline -0.005 -10"><span class='ocrx_word' id='word_1_761' title='bbox 483 5545 500 5575; x_wconf 79' lang='grc'><strong>⁸</strong></span> <span class='ocrx_word' id='word_1_762' title='bbox 534 5544 681 5598; x_wconf 83' lang='lat' dir='ltr'><strong>Psal.</strong></span> <span class='ocrx_word' id='word_1_763' title='bbox 710 5558 881 5608; x_wconf 64' lang='lat' dir='ltr'><strong>cur,</strong></span> <span class='ocrx_word' id='word_1_764' title='bbox 909 5544 1002 5597; x_wconf 61' lang='lat'><strong>9.1.</strong></span> <span class='ocrx_word' id='word_1_765' title='bbox 1083 5545 1103 5573; x_wconf 81' lang='lat'><strong>’</strong></span> <span class='ocrx_word' id='word_1_766' title='bbox 1133 5543 1242 5598; x_wconf 85' lang='lat' dir='ltr'><strong>lsa.</strong></span> <span class='ocrx_word' id='word_1_767' title='bbox 1267 5557 1461 5607; x_wconf 74' lang='lat' dir='ltr'><strong>xxviii,</strong></span> <span class='ocrx_word' id='word_1_768' title='bbox 1504 5538 1593 5595; x_wconf 72' lang='grc'><strong>16.</strong></span> 
     </span>
    </p>
   </div>
   <div class='ocr_carea' id='block_1_106' title="bbox 1673 5531 2689 5606">
    <p class='ocr_par' dir='ltr' id='par_1_106' title="bbox 1673 5531 2689 5606">
     <span class='ocr_line' id='line_1_106' title="bbox 1673 5531 2689 5606; baseline -0.007 -16"><span class='ocrx_word' id='word_1_769' title='bbox 1673 5538 1694 5571; x_wconf 83' lang='grc'><em>³</em></span> <span class='ocrx_word' id='word_1_770' title='bbox 1727 5537 1934 5606; x_wconf 81' lang='lat' dir='ltr'><strong>Eplies.</strong></span> <span class='ocrx_word' id='word_1_771' title='bbox 1978 5553 2040 5601; x_wconf 91' lang='grc' dir='ltr'><strong>ιι,</strong></span> <span class='ocrx_word' id='word_1_772' title='bbox 2067 5534 2158 5590; x_wconf 74' lang='grc'><strong>20.</strong></span> <span class='ocrx_word' id='word_1_773' title='bbox 2236 5535 2257 5564; x_wconf 74' lang='grc'>⁸</span> <span class='ocrx_word' id='word_1_774' title='bbox 2288 5533 2454 5586; x_wconf 86' lang='lat' dir='ltr'><strong>lCor.</strong></span> <span class='ocrx_word' id='word_1_775' title='bbox 2489 5548 2570 5593; x_wconf 88' lang='grc' dir='ltr'>ιιι,</span> <span class='ocrx_word' id='word_1_776' title='bbox 2603 5531 2689 5585; x_wconf 83' lang='lat' dir='ltr'><strong>ll.</strong></span> 
     </span>
    </p>
   </div>
   <div class='ocr_carea' id='block_1_107' title="bbox 2096 4861 3680 4933">
    <p class='ocr_par' dir='ltr' id='par_1_107' title="bbox 2096 4861 3680 4933">
     <span class='ocr_line' id='line_1_107' title="bbox 2096 4861 3680 4933; baseline -0.005 -12"><span class='ocrx_word' id='word_1_777' title='bbox 2096 4865 2379 4922; x_wconf 82' lang='lat' dir='ltr'><strong>revelavit.</strong></span> <span class='ocrx_word' id='word_1_778' title='bbox 2408 4863 2510 4931; x_wconf 85' lang='lat' dir='ltr'><strong>Qui</strong></span> <span class='ocrx_word' id='word_1_779' title='bbox 2538 4864 2868 4933; x_wconf 65' lang='lat' dir='ltr'><strong>conjectura:</strong></span> <span class='ocrx_word' id='word_1_780' title='bbox 2892 4861 3172 4917; x_wconf 87' lang='lat' dir='ltr'><strong>solertiam</strong></span> <span class='ocrx_word' id='word_1_781' title='bbox 3205 4862 3531 4926; x_wconf 88' lang='lat' dir='ltr'><strong>admiratus,</strong></span> <span class='ocrx_word' id='word_1_782' title='bbox 3558 4877 3680 4930; x_wconf 86' lang='lat' dir='ltr'><strong>pro-</strong></span> 
     </span>
    </p>
   </div>
   <div class='ocr_carea' id='block_1_108' title="bbox 2095 4953 3678 5023">
    <p class='ocr_par' dir='ltr' id='par_1_108' title="bbox 2095 4953 3678 5023">
     <span class='ocr_line' id='line_1_108' title="bbox 2095 4953 3678 5023; baseline -0.004 -9"><span class='ocrx_word' id='word_1_783' title='bbox 2095 4974 2200 5014; x_wconf 88' lang='lat' dir='ltr'><strong>nus</strong></span> <span class='ocrx_word' id='word_1_784' title='bbox 2232 4958 2286 5011; x_wconf 87' lang='lat' dir='ltr'><strong>in</strong></span> <span class='ocrx_word' id='word_1_785' title='bbox 2318 4956 2513 5011; x_wconf 74' lang='lat' dir='ltr'><strong>faciem</strong></span> <span class='ocrx_word' id='word_1_786' title='bbox 2547 4956 2769 5019; x_wconf 87' lang='lat' dir='ltr'><strong>cecidit,</strong></span> <span class='ocrx_word' id='word_1_787' title='bbox 2823 4961 2880 5009; x_wconf 90' lang='lat' dir='ltr'><strong>et</strong></span> <span class='ocrx_word' id='word_1_788' title='bbox 2913 4954 3215 5009; x_wconf 79' lang='lat' dir='ltr'><strong>sacriﬁcari</strong></span> <span class='ocrx_word' id='word_1_789' title='bbox 3245 4955 3454 5009; x_wconf 84' lang='lat' dir='ltr'><strong>Danieli</strong></span> <span class='ocrx_word' id='word_1_790' title='bbox 3485 4953 3678 5023; x_wconf 82' lang='lat' dir='ltr'><strong>jussit,</strong></span> 
     </span>
    </p>
   </div>
   <div class='ocr_carea' id='block_1_109' title="bbox 2098 5044 3680 5118">
    <p class='ocr_par' dir='ltr' id='par_1_109' title="bbox 2098 5044 3680 5118">
     <span class='ocr_line' id='line_1_109' title="bbox 2098 5044 3680 5118; baseline -0.004 -13"><span class='ocrx_word' id='word_1_791' title='bbox 2098 5065 2210 5105; x_wconf 91' lang='lat' dir='ltr'><strong>non</strong></span> <span class='ocrx_word' id='word_1_792' title='bbox 2268 5049 2371 5118; x_wconf 80' lang='lat' dir='ltr'><strong>ipsi</strong></span> <span class='ocrx_word' id='word_1_793' title='bbox 2421 5062 2640 5102; x_wconf 85' lang='lat' dir='ltr'><strong>onmem</strong></span> <span class='ocrx_word' id='word_1_794' title='bbox 2691 5047 2846 5100; x_wconf 90' lang='lat' dir='ltr'><strong>illum</strong></span> <span class='ocrx_word' id='word_1_795' title='bbox 2885 5044 3149 5102; x_wconf 87' lang='lat' dir='ltr'><strong>honorem</strong></span> <span class='ocrx_word' id='word_1_796' title='bbox 3203 5046 3472 5099; x_wconf 87' lang='lat' dir='ltr'><strong>tribuens.</strong></span> <span class='ocrx_word' id='word_1_797' title='bbox 3513 5045 3680 5098; x_wconf 84' lang='lat' dir='ltr'><strong>homo</strong></span> 
     </span>
    </p>
   </div>
   <div class='ocr_carea' id='block_1_110' title="bbox 2098 5136 3682 5211">
    <p class='ocr_par' dir='ltr' id='par_1_110' title="bbox 2098 5136 3682 5211">
     <span class='ocr_line' id='line_1_110' title="bbox 2098 5136 3682 5211; baseline -0.005 -13"><span class='ocrx_word' id='word_1_798' title='bbox 2098 5142 2376 5211; x_wconf 84' lang='lat' dir='ltr'><strong>superbus</strong></span> <span class='ocrx_word' id='word_1_799' title='bbox 2409 5149 2465 5195; x_wconf 87' lang='lat' dir='ltr'><strong>et</strong></span> <span class='ocrx_word' id='word_1_800' title='bbox 2492 5154 2775 5210; x_wconf 75' lang='lat' dir='ltr'><strong>arrogans,</strong></span> <span class='ocrx_word' id='word_1_801' title='bbox 2806 5137 2904 5192; x_wconf 81' lang='lat' dir='ltr'><strong>sed</strong></span> <span class='ocrx_word' id='word_1_802' title='bbox 2929 5139 3063 5202; x_wconf 89' lang='lat' dir='ltr'><strong>Deo,</strong></span> <span class='ocrx_word' id='word_1_803' title='bbox 3093 5138 3185 5207; x_wconf 90' lang='lat' dir='ltr'><strong>qui</strong></span> <span class='ocrx_word' id='word_1_804' title='bbox 3218 5153 3246 5191; x_wconf 90' lang='lat' dir='ltr'><strong>a</strong></span> <span class='ocrx_word' id='word_1_805' title='bbox 3282 5136 3506 5191; x_wconf 87' lang='lat' dir='ltr'><strong>Daniele</strong></span> <span class='ocrx_word' id='word_1_806' title='bbox 3540 5138 3682 5190; x_wconf 80' lang='lat' dir='ltr'><strong>cole-</strong></span> 
     </span>
    </p>
   </div>
   <div class='ocr_carea' id='block_1_111' title="bbox 2096 5229 3683 5291">
    <p class='ocr_par' dir='ltr' id='par_1_111' title="bbox 2096 5229 3683 5291">
     <span class='ocr_line' id='line_1_111' title="bbox 2096 5229 3683 5291; baseline -0.006 -1"><span class='ocrx_word' id='word_1_807' title='bbox 2096 5236 2280 5291; x_wconf 83' lang='lat' dir='ltr'><strong>batur.</strong></span> <span class='ocrx_word' id='word_1_808' title='bbox 2317 5234 2466 5288; x_wconf 78' lang='lat' dir='ltr'><strong>Dixit</strong></span> <span class='ocrx_word' id='word_1_809' title='bbox 2493 5233 2640 5286; x_wconf 90' lang='lat' dir='ltr'><strong>enim</strong></span> <span class='ocrx_word' id='word_1_810' title='bbox 2676 5250 2689 5285; x_wconf 92' lang='lat'><strong>:</strong></span> <span class='ocrx_word' id='word_1_811' title='bbox 2742 5230 2870 5285; x_wconf 71' lang='lat' dir='ltr'><strong>Vere</strong></span> <span class='ocrx_word' id='word_1_812' title='bbox 2900 5230 3035 5282; x_wconf 81' lang='lat' dir='ltr'><strong>Deus</strong></span> <span class='ocrx_word' id='word_1_813' title='bbox 3067 5240 3235 5283; x_wconf 78' lang='lat' dir='ltr'><strong>vester</strong></span> <span class='ocrx_word' id='word_1_814' title='bbox 3277 5229 3415 5283; x_wconf 82' lang='lat' dir='ltr'><strong>Deus</strong></span> <span class='ocrx_word' id='word_1_815' title='bbox 3454 5236 3527 5281; x_wconf 79' lang='lat' dir='ltr'><strong>est</strong></span> <span class='ocrx_word' id='word_1_816' title='bbox 3556 5229 3683 5281; x_wconf 72' lang='lat' dir='ltr'><strong>dco-</strong></span> 
     </span>
    </p>
   </div>
   <div class='ocr_carea' id='block_1_112' title="bbox 2096 5320 3679 5392">
    <p class='ocr_par' dir='ltr' id='par_1_112' title="bbox 2096 5320 3679 5392">
     <span class='ocr_line' id='line_1_112' title="bbox 2096 5320 3679 5392; baseline -0.004 -13"><span class='ocrx_word' id='word_1_817' title='bbox 2096 5343 2236 5384; x_wconf 88' lang='lat' dir='ltr'><strong>rum.</strong></span> <span class='ocrx_word' id='word_1_818' title='bbox 2282 5335 2329 5379; x_wconf 84' lang='lat' dir='ltr'><strong>et</strong></span> <span class='ocrx_word' id='word_1_819' title='bbox 2379 5325 2631 5377; x_wconf 78' lang='lat' dir='ltr'><strong>Dominus</strong></span> <span class='ocrx_word' id='word_1_820' title='bbox 2675 5338 2877 5392; x_wconf 81' lang='lat' dir='ltr'><strong>regum,</strong></span> <span class='ocrx_word' id='word_1_821' title='bbox 2933 5334 2981 5375; x_wconf 76' lang='lat' dir='ltr'><strong>cl</strong></span> <span class='ocrx_word' id='word_1_822' title='bbox 3021 5336 3339 5375; x_wconf 78' lang='lat' dir='ltr'><strong>arcanorum</strong></span> <span class='ocrx_word' id='word_1_823' title='bbox 3375 5320 3679 5374; x_wconf 82' lang='lat' dir='ltr'><strong>revelalor:</strong></span> 
     </span>
    </p>
   </div>
   <div class='ocr_carea' id='block_1_113' title="bbox 2097 5412 3674 5488">
    <p class='ocr_par' dir='ltr' id='par_1_113' title="bbox 2097 5412 3674 5488">
     <span class='ocr_line' id='line_1_113' title="bbox 2097 5412 3674 5488; baseline -0.004 -14"><span class='ocrx_word' id='word_1_824' title='bbox 2097 5420 2350 5488; x_wconf 75' lang='lat' dir='ltr'><strong>datisque</strong></span> <span class='ocrx_word' id='word_1_825' title='bbox 2379 5417 2567 5471; x_wconf 86' lang='lat' dir='ltr'><strong>multis</strong></span> <span class='ocrx_word' id='word_1_826' title='bbox 2593 5414 2912 5471; x_wconf 84' lang='lat' dir='ltr'><strong>muneribus</strong></span> <span class='ocrx_word' id='word_1_827' title='bbox 2936 5414 3214 5469; x_wconf 76' lang='lat' dir='ltr'><strong>Danielem</strong></span> <span class='ocrx_word' id='word_1_828' title='bbox 3250 5413 3417 5467; x_wconf 90' lang='lat' dir='ltr'><strong>totius</strong></span> <span class='ocrx_word' id='word_1_829' title='bbox 3443 5412 3674 5484; x_wconf 76' lang='lat' dir='ltr'><strong>Babylo-</strong></span> 
     </span>
    </p>
   </div>
   <div class='ocr_carea' id='block_1_114' title="bbox 2765 5527 3167 5593">
    <p class='ocr_par' dir='ltr' id='par_1_114' title="bbox 2765 5527 3167 5593">
     <span class='ocr_line' id='line_1_114' title="bbox 2765 5527 3167 5593; baseline -0.002 -10"><span class='ocrx_word' id='word_1_830' title='bbox 2765 5531 2785 5561; x_wconf 87' lang='grc'><strong><em>⁵</em></strong></span> <span class='ocrx_word' id='word_1_831' title='bbox 2829 5527 3000 5584; x_wconf 83' lang='lat' dir='ltr'><strong>lCor.</strong></span> <span class='ocrx_word' id='word_1_832' title='bbox 3031 5545 3086 5593; x_wconf 77' lang='grc' dir='ltr'><strong>ιι,</strong></span> <span class='ocrx_word' id='word_1_833' title='bbox 3114 5528 3167 5582; x_wconf 72' lang='grc'><strong>4.</strong></span> 
     </span>
    </p>
   </div>
   <div class='ocr_carea' id='block_1_115' title="bbox 1607 5688 2501 5756">
    <p class='ocr_par' dir='ltr' id='par_1_115' title="bbox 1607 5688 2501 5756">
     <span class='ocr_line' id='line_1_115' title="bbox 1607 5688 2501 5756; baseline -0.011 0"><span class='ocrx_word' id='word_1_834' title='bbox 1607 5692 1810 5756; x_wconf 77' lang='lat' dir='ltr'><strong>Varite</strong></span> <span class='ocrx_word' id='word_1_835' title='bbox 1851 5688 2161 5751; x_wconf 79' lang='lat' dir='ltr'><strong>lectiones</strong></span> <span class='ocrx_word' id='word_1_836' title='bbox 2209 5695 2271 5747; x_wconf 88' lang='lat' dir='ltr'><strong>et</strong></span> <span class='ocrx_word' id='word_1_837' title='bbox 2313 5692 2501 5747; x_wconf 75' lang='lat' dir='ltr'><strong>noue.</strong></span> 
     </span>
    </p>
   </div>
   <div class='ocr_carea' id='block_1_116' title="bbox 490 5806 1992 5898">
    <p class='ocr_par' dir='ltr' id='par_1_116' title="bbox 490 5817 1992 5898">
     <span class='ocr_line' id='line_1_116' title="bbox 490 5817 1992 5898; baseline -0.009 -14"><span class='ocrx_word' id='word_1_838' title='bbox 490 5831 608 5897; x_wconf 78' lang='lat'><strong>(75)</strong></span> <span class='ocrx_word' id='word_1_839' title='bbox 642 5828 727 5891; x_wconf 80' lang='grc' dir='ltr'><strong><em>Πῆ</em></strong></span> <span class='ocrx_word' id='word_1_840' title='bbox 759 5828 828 5881; x_wconf 75' lang='grc' dir='ltr'><strong>δὲ</strong></span> <span class='ocrx_word' id='word_1_841' title='bbox 866 5829 1240 5898; x_wconf 72' lang='grc' dir='ltr'>ἀμελςῦσαν.</span> <span class='ocrx_word' id='word_1_842' title='bbox 1281 5827 1393 5882; x_wconf 89' lang='lat' dir='ltr'><strong>lloc</strong></span> <span class='ocrx_word' id='word_1_843' title='bbox 1440 5837 1547 5889; x_wconf 80' lang='lat' dir='ltr'><strong>est,</strong></span> <span class='ocrx_word' id='word_1_844' title='bbox 1600 5823 1798 5895; x_wconf 82' lang='lat' dir='ltr'><strong>partim</strong></span> <span class='ocrx_word' id='word_1_845' title='bbox 1854 5817 1992 5889; x_wconf 80' lang='lat' dir='ltr'><strong>negli</strong></span> 
     </span>
    </p>
   </div>
   <div class='ocr_carea' id='block_1_117' title="bbox 2095 5806 3675 5898">
    <p class='ocr_par' dir='ltr' id='par_1_117' title="bbox 2100 5806 3675 5877">
     <span class='ocr_line' id='line_1_117' title="bbox 2100 5806 3675 5877; baseline -0.005 -8"><span class='ocrx_word' id='word_1_846' title='bbox 2100 5827 2224 5871; x_wconf 84' lang='lat' dir='ltr'><strong>tem.</strong></span> <span class='ocrx_word' id='word_1_847' title='bbox 2266 5814 2597 5869; x_wconf 75' lang='lat' dir='ltr'><strong>Vicnncnsrs</strong></span> <span class='ocrx_word' id='word_1_848' title='bbox 2666 5807 2872 5864; x_wconf 85' lang='lat' dir='ltr'><strong>rectius</strong></span> <span class='ocrx_word' id='word_1_849' title='bbox 2915 5806 3080 5865; x_wconf 65' lang='lat' dir='ltr'><strong>habet</strong></span> <span class='ocrx_word' id='word_1_850' title='bbox 3128 5807 3496 5877; x_wconf 74' lang='grc' dir='ltr'>ἀσθενοῦσαν,</span> <span class='ocrx_word' id='word_1_851' title='bbox 3570 5807 3675 5861; x_wconf 82' lang='lat' dir='ltr'><strong>im-</strong></span> 
     </span>
    </p>
   </div>
   <div class='ocr_carea' id='block_1_118' title="bbox 404 5900 790 5956">
    <p class='ocr_par' dir='ltr' id='par_1_118' title="bbox 404 5900 790 5956">
     <span class='ocr_line' id='line_1_118' title="bbox 404 5900 790 5956; baseline -0.01 0"><span class='ocrx_word' id='word_1_852' title='bbox 404 5902 665 5956; x_wconf 64' lang='lat' dir='ltr'><strong>becillum.</strong></span> <span class='ocrx_word' id='word_1_853' title='bbox 704 5900 763 5954; x_wconf 53' lang='grc' dir='ltr'><strong>ΧΥ</strong></span> <span class='ocrx_word' id='word_1_854' title='bbox 774 5935 790 5952; x_wconf 91' lang='grc'><strong>.</strong></span> 
     </span>
    </p>
   </div>
  </div>
