4092 6394
418 417 523 479 231
1725 402 2055 466 JOANNIS
2093 401 2418 463 ZJNARAZ
3587 396 3696 464 2'2

422 529 512 585 nis
564 530 872 601 ptittcipt‘m
920 526 1244 590 constituit,
1296 521 1519 580 nomine
1568 519 1865 576 Baltasaris
1904 517 1998 590 (sic

2110 516 2171 581 ἑξ
2200 511 2268 585 ἦς
2299 517 2328 569 ὁ
2358 512 2541 567 Δαδίδ.
2577 512 2738 577 Λίθος
2780 512 2835 567 δὲ
2885 514 2914 568 ὀ
2958 514 3215 585 Χριστδλς.
3247 514 3476 586 τμηθεὶς
3509 518 3569 585 ἒξ
3598 524 3697 573 αὑ-

422 621 559 675 deus
587 623 708 691 ejus
743 618 1065 688 vocabatur)
1104 617 1302 673 indito.

2108 608 2210 677 τῆς
2238 607 2379 660 κατα
2411 607 2474 658 τὸ
2529 604 2896 675 ἀνθρώπινον.
2935 606 3104 660 Ἀνευ
3130 607 3190 661 δέ
3219 625 3281 676 γε
3328 609 3553 680 χειρῶν,
3613 612 3696 665 ὅτι

425 715 503 784 μὴ
552 730 693 767 κατι
732 715 858 777 τοὺς
894 712 1159 781 φυσικοὺς
1209 707 1446 780 προῆλθε
1501 705 1761 775 θεσμοὺς,
1801 702 1919 758 ἀλλ’
1983 700 2043 767 ἐξ
2076 701 2444 771 ἀπειράνδρσυ
2505 699 2603 752 καὶ
2678 699 2843 768 ἁγίας
2897 699 3161 771 γαστρός.
3201 702 3299 764 Ὃς
3347 700 3547 771 μικρὸς
3600 701 3697 772 μὲν

422 808 600 862 ἐδόκει
626 806 891 879 πρότερον
933 807 1025 860 διὰ
1053 807 1154 876 τὴν
1208 805 1372 873 φύσιν
1400 804 1503 874 τῆς
1558 800 2007 871 ἀνθρωπότητος,
2054 794 2264 867 προῖὼν
2320 795 2403 860 δὲ,
2436 793 2536 865 τὴν
2568 792 2901 864 οἰκουμένην
2939 796 3122 848 πᾶσαν
3148 793 3247 863 τῆς
3269 794 3479 859 οἰκείας
3541 794 3699 863 δόξης

423 901 734 971 έπλήρωσε,
764 901 860 954 καὶ
887 900 970 953 ἔτι
1000 899 1202 969 μᾶλλον
1233 896 1515 968 πληρώσει
1545 896 1688 949 κατα
1737 894 1839 964 τὴν
1910 889 2213 961 μέλλουσαν
2258 887 2427 941 αὑτοῦ
2487 887 2835 955 ἐπιφάνειαν.
2917 888 2978 942 '0
3031 888 3132 955 μὲν
3155 885 3249 940 οὗν
3288 888 3577 959 προφήτης
3637 887 3700 942 τό

423 1011 483 1050 τε
516 993 767 1046 ἐνύπνιον
795 993 872 1062 τῷ
904 993 1380 1065 Ναϐουχοδονόσορ
1418 989 1756 1060 ἀπήγγειλε,
1784 987 1881 1040 καὶ
1945 985 2045 1056 τὴν
2085 981 2281 1036 τούτου
2310 981 2603 1051 σύγκρισιν
2633 980 2999 1051 ἁνεκάλυψεν.
3046 981 3107 1034 '0
3145 979 3204 1034 δὲ
3253 979 3564 1050 θαυμάσας,
3606 979 3700 1033 ἐπὶ

424 1085 718 1155 πρόσωπον
766 1086 950 1149 ἔπεσε,
982 1085 1075 1139 καὶ
1104 1087 1184 1155 τῷ
1221 1083 1422 1155 Δανιὴλ
1459 1080 1863 1152 προσεκύνησε,
1923 1078 2022 1130 καὶ
2060 1075 2212 1128 θύειν
2236 1071 2387 1143 αύτῷ
2449 1072 2755 1139 διετάξατο,
2791 1073 2892 1127 οὐκ
2930 1072 3130 1143 ἐκείνῳ
3161 1071 3263 1144 τὴν
3303 1072 3528 1127 ἆπσσαν
3559 1072 3699 1126 ἀπο.

425 1177 609 1246 νέμων
662 1176 828 1247 τιμὴν
868 1176 899 1227 ὁ
946 1175 1163 1239 ἀλαζὼν
1217 1175 1425 1235 ἐκεῖνος
1477 1172 1572 1225 καὶ
1632 1170 2004 1240 ὑπερήφανος,
2042 1165 2182 1219 ἀλλὰ
2222 1163 2302 1235 τῷ
2341 1166 2474 1235 παρ’
2506 1165 2720 1217 ἐκείνου
2754 1164 3183 1235 θρησκευομὲνῳ
3207 1164 3349 1235 Θεῷ.
3385 1163 3534 1236 Ἔφη
3566 1167 3695 1234 γὰρ,

434 1272 556 1326 ’.ἐπ’
579 1271 868 1339 ἀληθείας
894 1272 927 1325 ὀ
949 1268 1093 1335 Θεὸς
1117 1269 1284 1338 ὑμῶν
1309 1263 1489 1332 οὗτός
1527 1267 1659 1320 ἐστι
1685 1266 1832 1330 Θεὸς
1852 1262 2028 1327 θεῶν,
2069 1260 2170 1315 καί
2195 1261 2412 1329 Κύριος
2444 1258 2780 1325 ,ϐασι-λέων,
2827 1258 2926 1312 καί
2990 1260 3439 1315 ἀποκαλύπτων
3461 1261 3698 1331 μυστή-

414 1380 538 1430 ρια,
570 1365 792 1434 Δόματά
815 1379 875 1416 τε
905 1363 1056 1433 αὐτῷ
1081 1362 1324 1432 παρέσχε
1342 1352 1548 1423 πολλα,
1575 1359 1669 1412 καὶ⁵
1699 1359 1882 1427 πάσης
1904 1356 2006 1426 τῆς
2041 1354 2362 1416 Βαϐυλῶνος
2392 1355 2732 1426 κατέστησεν
2803 1356 3068 1427 ἄρχοντα,
3124 1358 3221 1411 καὶ
3290 1357 3577 1430 Βιλτάσαρ
3600 1359 3697 1411 αἰ.-

386 1464 393 1479 ’
420 1458 514 1510 τὸν
539 1454 883 1524 ἐπωνόμασε,
909 1452 1010 1525 τὴν
1039 1451 1414 1524 προσηγορίαν
1438 1449 1588 1521 αύτῷ
1636 1450 1866 1520 θέμενος
1892 1448 1989 1501 τοῦ
2031 1448 2236 1500 οἰκείου
2270 1446 2421 1500 θεοῦ.

500 1549 593 1605 ιν.
637 1547 845 1603 Deinde
879 1562 1101 1601 auream
1141 1555 1379 1602 statuam
1414 1545 1633 1599 cubitos
1656 1544 1820 1598 altam
1852 1556 2008 1596 sexa-

422 1641 595 1713 ginta,
628 1641 791 1694 latam
825 1655 921 1694 ses
950 1638 1135 1708 erigit,
1168 1636 1447 1707 principes
1475 1650 1544 1689 ex
1578 1632 1730 1688 omni
1769 1647 1872 1687 suo
1898 1631 2004 1685 im-

423 1735 579 1804 perio
612 1740 902 1796 convocat,
960 1731 1258 1801 auditaque
1307 1727 1464 1793 tuba,
1504 1733 1814 1797 prostratos
1856 1723 2006 1777 illam

422 1824 677 1886 adorare,
705 1822 801 1892 qui
826 1837 938 1875 non
962 1819 1296 1891 paruissent,
1321 1817 1380 1872 in
1400 1815 1680 1872 caminum
1707 1811 1850 1883 ignis
1872 1825 2008 1865 con-

2178 1542 2255 1594 A'.
2288 1535 2421 1594 Εἶτα
2454 1540 2687 1612 χρύσεον
2726 1541 3019 1614 ἀνδριάντα
3064 1547 3293 1613 στήσας,
3345 1548 3569 1617 πήχεων
3601 1548 3699 1618 μὲν

2107 1631 2168 1685 τὸ
2218 1631 2352 1702 ὕψος
2400 1633 2696 1703 ἑξήκοντα,
2747 1636 2952 1700 πλάτος
2999 1636 3058 1691 δί
3108 1635 3188 1704 ἒξ,
3240 1640 3607 1695 συνεκάλεσεν
3641 1641 3700 1707 ἐξ

2106 1722 2323 1794 ἁπάσης
2363 1725 2531 1778 αὑτοῦ
2562 1726 2664 1796 τῆς
2690 1725 2868 1797 ἀρχῆς
2893 1728 3022 1791 τοὺς
3052 1715 3328 1800 πρώτους,
3360 1731 3696 1801 προστάξας,

2106 1813 2239 1867 ὅταν
2267 1814 2548 1869 ἀκούσωσι
2581 1817 2681 1886 τῆς
2710 1817 3035 1887 σάλπιγγος,
3064 1820 3188 1874 τότε
3221 1822 3494 1886 πεσόντας
3530 1842 3699 1894 προσι

418 1915 515 1986 jici
541 1913 719 1985 jubet,
748 1926 912 1983 quem
940 1910 1017 1965 ibi
1044 1924 1301 1980 magnum
1332 1917 1391 1963 et
1410 1907 1793 1963 vehementem
1823 1903 1998 1956 incen-

2111 1908 2294 1961 κυνεῖν
2343 1908 2436 1962 τὸν
2481 1910 2812 1980 ἀνδριάνταο
2863 1913 2991 1976 τοὺς
3055 1913 3103 1966 δ’
3148 1914 3566 1988 ἀπειθήσαντας
3619 1919 3700 1982 είς

424 2005 604 2060 derat.
654 2005 831 2071 Quam
875 2016 1003 2057 cum
1031 2000 1329 2055 adorarent
1370 2011 1587 2063 omnes,
1637 2005 1748 2051 tres
1790 1992 2004 2047 adole-

426 2108 670 2164 scentes,
706 2110 847 2166 quos
875 2093 1107 2149 historia
1126 2098 1390 2160 cognatos
1420 2088 1590 2143 fuisse
1616 2085 1860 2142 Danielis
1893 2092 2006 2137 tra-

424 2190 527 2254 dit,
580 2190 761 2258 patria
809 2185 1063 2246 instituta
1104 2183 1312 2239 violare
1343 2182 1615 2246 nolentes,
1668 2193 1779 2233 non
1812 2175 2004 2231 adora-

420 2291 598 2335 runt:
654 2278 838 2347 itaque
881 2275 1067 2332 statim
1114 2274 1171 2329 in
1217 2272 1496 2329 caminum
1563 2270 1801 2342 conjecti
1850 2274 1999 2323 sunt.

425 2373 628 2427 Verum
644 2371 805 2441 ignis
826 2383 925 2424 eos
958 2382 1068 2421 non
1097 2365 1301 2436 attigit,
1350 2365 1447 2420 sed
1483 2370 1692 2419 stantes
1731 2362 1789 2417 in
1823 2360 2004 2416 medio

433 2464 667 2518 ﬂammae
718 2460 1103 2525 intolerabilis,
1161 2459 1423 2531 hymnum
1482 2457 1807 2513 cecinerunt
1865 2455 1999 2511 Deo.

420 2558 610 2613 Astitit
644 2556 823 2611 tribus
852 2556 959 2610 illis
987 2563 1045 2610 et
1070 2561 1320 2624 quartus,
1349 2553 1445 2623 qui
1477 2568 1585 2607 una
1610 2567 1736 2607 cum
1791 2550 1874 2606 eis
1905 2549 2004 2605 de-

421 2648 804 2710 scenderat,et
830 2645 1284 2701 ardentemillum
1310 2658 1495 2700 aerem
1521 2643 1576 2698 iu
1605 2658 1794 2698 auram
1826 2642 1999 2697 rosci-

421 2742 546 2795 dam
573 2740 969 2796 commutabat.
1009 2738 1135 2794 Hau:
1162 2740 1458 2793 immanem
1490 2745 1547 2793 et
1582 2746 1828 2793 atrocem
1856 2735 2002 2806 regis

420 2836 663 2889 animum
702 2835 775 2889 ita
800 2833 1312 2904 obstupefecerunt,
1345 2844 1407 2888 ut
1450 2830 1696 2901 seposito
1722 2830 1999 2907 fastuoac~

421 2926 653 2992 cedens,
678 2926 1058 2982 adolescentes
1081 2923 1407 2979 nominatim
1436 2931 1684 2988 vocaret,
1713 2932 1771 2978 et
1802 2936 1998 2978 eorum

421 3019 534 3073 Deo
583 3017 917 3081 collaudato,
963 3016 1115 3086 ipsos
1164 3015 1376 3071 honore
1409 3016 1671 3080 alliceret,
1710 3024 1767 3069 et
1801 3013 2001 3085 princi-

421 3125 521 3179 pes
547 3108 793 3163 omnium
820 3106 1138 3164 Judaaorum
1159 3107 1255 3177 qui
1278 3105 1553 3178 Babylone
1576 3115 1737 3162 erant
1757 3113 1995 3162 crearet.

419 3198 538 3252 Non
590 3198 765 3252 multo
811 3205 934 3267 post
1002 3196 1149 3251 idem
1207 3197 1468 3268 Assyrius
1519 3196 1672 3252 aliud
1714 3197 1992 3253 somniqu

2106 2001 2205 2072 τὴν
2234 2000 2329 2055 τοῦ
2362 2001 2534 2074 πυρὸς
2580 2003 2928 2074 ἐμϐληθῆναι
2958 2005 3193 2077 κάμινον
3212 2048 3228 2075 ,
3257 2008 3325 2080 ἢν
3359 2010 3480 2064 ἐκεῖ
3529 2012 3699 2083 μεγά-

2105 2092 2205 2163 λην
2236 2094 2499 2158 ἐξέκαυσε
2531 2098 2624 2150 καὶ
2651 2097 2909 2169 σφοδράν.
2948 2097 3173 2153 Πάντων
3199 2097 3294 2154 οἷον
3327 2103 3701 2173 προσκυνούν-

2105 2199 2237 2250 των,
2279 2186 2329 2239 οί
2363 2188 2512 2258 τρεῖς
2543 2190 2775 2255 νεανίαι,
2829 2188 2924 2252 οὓς
2972 2195 3258 2259 συγγενεῖ;
3300 2193 3397 2246 τοῦ
3429 2194 3631 2263 Δανιὴλ
3664 2196 3697 2267 ή

2107 2277 2319 2348 ἱστορία
2352 2278 2661 2347 παρέδωκε,
2696 2279 2772 2351 μὴ
2810 2282 3127 2350 παραϐῆναι
3159 2283 3229 2336 τά
3274 2285 3486 2357 πάτρια
3516 2286 3702 2343 θέλον-

2103 2386 2218 2436 τες,
2263 2371 2325 2423 οὖ
2357 2370 2800 2443 προσεκύνησαν.
2856 2374 2969 2428 Καὶ
2996 2375 3048 2428 oi
3082 2376 3183 2446 μὲν
3213 2378 3294 2440 είς
3329 2377 3436 2448 τὴν
3470 2380 3701 2449 κάμινον

2104 2462 2304 2517 αὐτίκα
2338 2464 2650 2537 ὲσλήθησαν
2672 2481 2687 2496 ’
2722 2467 2784 2520 τὸ
2841 2465 2900 2520 δὲ
2955 2467 3068 2539 πῦρ
3115 2469 3343 2525 ἐκείνων
3364 2473 3471 2544 οὐχ
3498 2473 3698 2544 ἥψατο,

2103 2555 2220 2608 ἀλλ’
2250 2557 2488 2622 ἑστῶτες
2513 2559 2572 2610 ὲν
2606 2560 2761 2630 μέσῳ
2798 2561 2898 2632 τῆς
2920 2562 3300 2617 ἁνυποστάτου
3324 2565 3531 2634 φλογὸς
3561 2567 3703 2619 ὲκεί-

2102 2666 2221 2719 νης,
2248 2647 2420 2720 ὕμνον
2447 2651 2766 2722 ἀνέπεμπον
2794 2652 2872 2723 τῷ
2910 2654 3048 2726 Θεῷ.
3107 2657 3471 2729 Συνειστήκει
3505 2660 3561 2714 δὲ
3588 2663 3702 2724 τοῖς

2101 2742 2283 2811 τρισὶν
2308 2740 2540 2806 ἐκείνοις
2566 2745 2665 2796 καὶ
2713 2745 2981 2816 τέταρτος
3006 2762 3021 2778 ’
3053 2745 3287 2816 ἄγγελος
3323 2749 3369 2802 δ’
3396 2746 3471 2821 ἦν
3502 2768 3704 2820 συγκα-

2100 2832 2272 2894 ταϐάς
2305 2833 2512 2898 αὐτοῖς,
2538 2835 2634 2888 καὶ
2666 2835 2757 2887 τὸν
2784 2836 3050 2908 φλογερὸν
3083 2840 3294 2894 ἐκεῖνον
3348 2842 3500 2912 ἀέρα
3532 2861 3700 2914 μετα-

2100 2925 2322 2995 τρέπων
2354 2927 2436 2988 είς
2467 2924 2647 2996 αὔραν
2694 2927 2964 3000 δροσώδη.
3010 2929 3203 2984 Ταῦτα
3243 2931 3554 3005 ἐξέστησαν
3602 2934 3699 3007 τὴν

2101 3016 2347 3089 θηριώδη
2384 3017 2566 3088 ψυχὴν
2596 3018 2691 3072 τοῦ
2720 3019 2990 3090 βασιλέως
3026 3023 3238 3078 ἐκείνου
3281 3026 3382 3079 καὶ
3425 3030 3699 3100 ἀτεράμο-

2100 3127 2191 3177 να,
2221 3111 2315 3163 καὶ
2342 3111 2433 3164 τὸν
2484 3111 2655 3182 τύφου
2702 3116 2863 3183 ἀφεὶς
2895 3116 3172 3186 πρόσεισι,
3207 3120 3301 3172 καὶ
3332 3120 3397 3185 ἐξ
3434 3121 3699 3192 ὀνόματος

2098 3204 2222 3267 τοὺς
2253 3202 2472 3267 νεανίας
2502 3206 2680 3270 καλεῖ,
2715 3206 2932 3260 καὶτὸν
2967 3208 3102 3262 Θεὸν
3133 3210 3316 3265 αὐτῶν
3341 3213 3581 3284 εὑλογεῖ,
3602 3212 3698 3268 καὶ

419 3289 571 3345 videt
600 3288 935 3361 hujusmodi.
991 3287 1172 3344 Arbor
1198 3297 1317 3345 erat
1369 3303 1587 3361 magna,
1620 3289 1996 3345 extremitates

2100 3295 2225 3360 τοὺς
2255 3295 2455 3367 ἄνδρας
2488 3297 2732 3362 ἐκείνους
2754 3300 2922 3370 τιμῆς
2962 3300 3126 3369 ἀξιοῖ,
3155 3305 3251 3357 καὶ
3282 3306 3565 3377 ἡγεμόνας
3587 3308 3696 3362 τῶν

422 3392 587 3438 terra:
631 3382 990 3452 amplectens,
1038 3382 1186 3437 foliis
1234 3390 1449 3446 ornata,
1497 3390 1553 3437 et
1581 3381 1764 3438 fructu
1792 3382 1996 3453 gravis,

420 3474 524 3528 sub
554 3488 660 3543 qua
691 3473 850 3544 122
877 3472 1065 3528 bestiae
1085 3482 1327 3543 agrestes
1346 3473 1636 3544 degebant,
1662 3482 1718 3530 et
1745 3475 2001 3531 volucres

421 3564 477 3618 in
503 3564 673 3618 ramis
713 3564 835 3634 ejus
877 3562 1257 3618 nidiﬁcabant.
1300 3563 1510 3620 Deinde
1542 3564 1598 3619 lr
1629 3567 1810 3620 cernit
1861 3566 2002 3621 caelo

419 3673 727 3727 egressum,
786 3658 882 3727 qui
928 3666 1186 3713 contenta
1228 3672 1362 3713 voce
1414 3658 1717 3715 clamaret:
1760 3659 2001 3715 Excidite

422 3750 684 3814 arborem,
717 3757 766 3803 et
795 3764 971 3803 ramos
1015 3749 1129 3820 ejus
1159 3748 1383 3815 evellite,
1416 3760 1467 3803 et
1516 3751 1644 3820 [alia
1672 3751 1917 3818 decutite,
1949 3760 2000 3805 et

420 3843 655 3913 fructum
699 3841 813 3911 ejus
840 3841 1124 3909 dissipate:
1163 3856 1343 3895 verum
1374 3841 1591 3915 stirpem
1622 3842 1860 3900 radicum
1888 3847 2001 3916 ejus

422 3931 724 4001 relinquite,
772 3942 821 3985 et
856 3931 1065 3988 vinculo
1094 3931 1264 4004 ferreo
1294 3934 1491 4005 ligata:
1532 3938 1589 3990 in
1626 3937 1789 3992 herba
1817 3946 1999 4004 teme,

419 4029 467 4077 et
494 4023 549 4078 in
573 4023 904 4080 rare'caelesti
923 4026 1200 4093 habitabit,
1226 4027 1373 4098 deget
1399 4044 1521 4082 cum
1552 4030 1753 4095 bestiis,
1773 4047 1865 4086 cor
1887 4031 2003 4101 ejus

420 4122 485 4175 ab
521 4122 816 4177 hominibus
866 4122 1204 4188 alienabitur,
1251 4130 1302 4178 et
1338 4139 1431 4177 cor
1467 4123 1646 4179 bestia:
1682 4125 1729 4179 ei
1763 4124 1999 4192 dabitur,

421 4225 470 4267 et
506 4223 703 4283 septem
730 4224 968 4284 tempora
989 4231 1148 4287 super
1173 4230 1233 4270 eo
1256 4216 1624 4271 mutabuntur.
1646 4217 1760 4273 Hac
1786 4217 2000 4274 visione

419 4316 731 4374 conspecta,
780 4321 972 4361 rursus
1025 4308 1305 4378 sapientes
1347 4317 1404 4363 et
1449 4324 1637 4381 magos
1672 4308 2001 4382 Babylonios

418 4407 711 4462 convocat,
754 4399 875 4469 ejus
916 4399 1374 4470 signiﬁcationem
1416 4402 1559 4458 scire
1602 4402 1857 4473 cupiens.
1893 4404 2000 4471 Qui

418 4502 543 4541 cum
574 4498 893 4553 aastuarent,
923 4505 1026 4545 nec
1063 4492 1521 4562 signiﬁcationem
1556 4495 1754 4551 somnii
1783 4498 1998 4567 reperi-

420 4588 565 4640 rent.
639 4580 840 4636 iterum
889 4582 954 4637 ad
1008 4583 1287 4640 Danielem
1337 4586 1606 4658 confugit,
1662 4597 1998 4659 narratoque

420 4669 655 4735 somnio,
682 4672 803 4742 ejus
831 4673 1229 4742 expositionem
1267 4675 1533 4745 requirit:
1573 4678 1627 4733 id
1655 4694 1782 4733 eum
1812 4696 1994 4749 posse,

419 4774 546 4814 cum
576 4774 805 4817 sanctus
830 4764 1061 4827 Domini
1092 4765 1334 4836 Spiritus
1376 4767 1430 4822 in
1471 4784 1538 4824 eo
1564 4770 1657 4824 sit.
1690 4770 1829 4825 Tum
1860 4771 1954 4827 ille
1981 4792 1996 4827 :

423 4852 645 4906 Domine
679 4855 750 4908 mi
779 4870 890 4922 rex,
922 4855 1124 4926 inquit,
1156 4859 1422 4913 somnium
1460 4861 1603 4915 istud
1624 4862 1680 4915 in
1706 4877 1794 4917 eos
1824 4873 2001 4919 uerta-

420 4954 529 5010 tur,
559 4948 724 5013 quite
758 4948 1003 5004 oderunt.
1030 4949 1238 5006 Dein’de
1268 4952 1728 5023 signiﬁcationem
1759 4955 1812 5010 ei
1837 4972 1998 5027 οινο-

416 5040 523 5111 ῃὲι.
563 5037 670 5093 hoc
706 5040 911 5095 modo:
965 5042 1137 5096 Arbor
1167 5059 1387 5114 magna,
1437 5062 1598 5113 quam
1641 5048 1836 5115 vidisti,
1878 5064 1994 5112 rex,

418 5139 475 5184 tu
508 5146 583 5195 es,
621 5133 710 5202 qui
756 5150 981 5204 magnus
1031 5145 1081 5188 et
1108 5144 1290 5206 potens
1320 5139 1554 5203 evasisti,
1591 5156 1655 5194 ac
1684 5143 1997 5212 magnitudo

417 5230 513 5275 trra
540 5225 726 5276 ctutum
767 5225 1001 5293 attingit,
1035 5232 1086 5278 et
1131 5224 1432 5280 dominatus
1466 5236 1586 5282 tuus
1617 5230 1687 5284 ad
1716 5239 1875 5286 teme
1900 5248 1994 5286 ea:-

417 5316 707 5370 tremitates
757 5317 1090 5387 protenditur
1130 5317 1586 5390 (magnitudinem
1615 5333 1799 5378 autem
1828 5341 1996 5381 voca-

416 5405 491 5459 vit
521 5407 817 5464 elationem
863 5408 1032 5464 animi
1069 5418 1126 5464 et
1157 5410 1410 5481 fastum).
1460 5412 1519 5468 Ir
1549 5425 1730 5469 autem
1756 5427 1990 5483 sanctus,

417 5499 507 5566 qui
535 5498 597 5550 de
619 5498 745 5553 calo
791 5499 1076 5566 descendit,
1111 5510 1187 5553 est
1216 5502 1422 5557 divinus
1470 5505 1713 5575 angelus.
1757 5506 1899 5562 Nam
1935 5508 1994 5563 Ir

418 5589 614 5643 (irazcis
653 5588 961 5660 vigilantem
1003 5592 1264 5659 declarat,
1317 5610 1418 5665 quo
1453 5606 1649 5650 natura
1680 5600 1988 5671 incorporea

418 5681 698 5737 innuitur;
741 5698 864 5736 nam
888 5687 973 5739 cui
994 5702 1182 5756 corpus
1231 5696 1327 5752 est,
1374 5689 1417 5742 is
1442 5705 1626 5744 somno
1661 5695 1991 5751 succumbit:

420 5770 507 5837 qui
533 5786 658 5834 non,
692 5780 891 5827 natura
924 5784 999 5827 est
1046 5778 1283 5847 corporis
1317 5790 1550 5848 experte.
1593 5780 1859 5848 Quoniam
1890 5788 1991 5857 igi-

423 5868 506 5912 tur
532 5861 840 5943 vigilantem
870 5865 1025 5920 iilum
1051 5866 1371 5924 clamantem
1401 5872 1599 5940 vidisti,
1634 5884 1688 5928 ut
1714 5877 1874 5932 arbor
1905 5895 1992 5934 ea:-

2102 3385 2161 3438 ὲν
2187 3386 2473 3441 Βαϐυλῶνι
2504 3390 2725 3443 πάντων
2759 3389 3034 3446 Ἰουδαίων
3071 3393 3428 3466 καθίστησιν.
3473 3398 3612 3470 Ὁρᾷ
3639 3398 3697 3450 δὲ

2106 3479 2226 3549 μετ’
2246 3479 2427 3548 ὀλίγον
2445 3482 2473 3535 ὁ
2499 3482 2784 3552 ’Δσσύριος
2805 3485 3013 3549 ἐκεῖνος
3036 3486 3295 3541 ἐνύπνιον
3318 3488 3511 3561 ἕτερον
3527 3469 3700 3545 abi-1:

2102 3571 2228 3641 ὅρον
2253 3567 2400 3640 ἑώρα
2432 3572 2579 3643 μέγα
2622 3590 2681 3626 τε
2718 3575 2812 3627 καὶ
2857 3577 2953 3645 τῆς
2979 3577 3085 3647 γῆς
3117 3582 3376 3652 περιέχον
3412 3583 3483 3637 τά
3518 3585 3694 3655 πέρα-

2100 3678 2190 3727 τα,
2225 3661 2444 3731 φύλλοις
2470 3661 2864 3735 ώραῖζόμενον,
2919 3669 3013 3722 καὶ
3071 3669 3255 3742 βρίθον
3296 3676 3522 3747 καρπῷ.
3570 3676 3694 3731 ⁹Υπ’

2101 3754 2234 3808 αὐτὸ
2263 3756 2321 3809 δὲ
2351 3757 2731 3827 κατεσκήνουν
2764 3758 2833 3812 τά
2858 3749 3026 3832 θηρία
3056 3762 3123 3816 τὰ
3150 3763 3344 3835 ἄγρια.
3377 3769 3477 3821 καὶ
3501 3767 3570 3823 τὰ
3598 3786 3696 3823 πε-

2099 3846 2253 3901 τεινά
2285 3849 2342 3901 ὲν
2369 3850 2485 3911 τοῖς
2529 3845 2752 3913 κλάδοις
2782 3849 3025 3923 κατῴκει
3050 3854 3239 3912 αὐτοῦ.
3278 3853 3417 3912 Εἶτα
3452 3859 3532 3932 Ἰρ
3557 3859 3695 3917 εἶδεν

2100 3938 2395 4002 οὐρανόθεν
2429 3940 2676 4009 ἐλθόντα,
2705 3948 2801 3997 καὶ
2834 3947 2895 3998 ἐν
2939 3946 3086 4018 ἰσχύϊ
3124 3945 3695 4021 φωνήσανταοἙκκόέ

2099 4031 2256 4098 ψατε
2284 4031 2350 4085 τὸ
2379 4030 2657 4102 δένδρον,
2714 4037 2817 4092 καί
2845 4039 2988 4108 τοὺς
3015 4044 3281 4114 κλάδους
3317 4050 3509 4107 αὐτοῦ
3535 4052 3693 4107 ἐκτί-

2097 4125 2267 4187 λατε,
2299 4123 2398 4177 καί
2443 4127 2516 4179 τὰ
2541 4127 2750 4196 φύλλα
2789 4131 3161 4204 ἐκτινάξατε,
3196 4141 3296 4195 καί
3341 4142 3697 4214 διασκορπί-

2098 4229 2250 4309 σατε
2277 4216 2385 4270 τὸν
2417 4221 2652 4288 καρπὸν
2681 4225 2893 4290 αὐτοῦ,
2932 4230 3104 4299 πλὴν
3138 4232 3362 4290 ἐάσατε
3391 4239 3508 4309 τὴν
3527 4242 3694 4309 φυὴν

2099 4307 2220 4406 τών
2234 4309 2423 4406 ρίςῶν
2447 4316 2659 4384 αὑτοῦ,
2683 4319 2781 4373 καί
2824 4322 2895 4375 ἐν
2923 4323 3127 4395 δεσμῷ
3152 4329 3381 4401 σιδηρῷ
3406 4307 3507 4389 at
3528 4307 3600 4390 εν
3619 4333 3693 4406 τῇ

2099 4403 2257 4472 κλοῇ
2284 4403 2394 4474 τῆς
2416 4406 2552 4476 γῆς.
2573 4410 2673 4462 καὶ
2700 4411 2771 4466 ἐν
2817 4413 2890 4483 τῇ
2917 4418 3119 4486 δρόσῳ
3142 4420 3246 4475 τοῦ
3276 4426 3544 4493 οὐρανοῦ
3589 4403 3695 4482 αὖ..

2098 4497 2482 4588 λισθιξσεται,
2510 4503 2609 4558 καί
2632 4506 2787 4574 μετὰ
2815 4507 2937 4562 τῶν
2964 4512 3185 4580 θηρίων
3209 4516 3247 4584 ἠ
3275 4520 3454 4588 μερίς
3481 4521 3687 4587 αὐτοῦ,

2100 4586 2203 4641 καί
2224 4590 2261 4657 ἠ
2290 4591 2503 4659 καρδία
2528 4597 2716 4652 αὑτοῦ
2749 4599 2868 4653 ἀπὸ
2906 4601 3029 4656 τῶν
3062 4604 3396 4673 ἀνθρώπων
3430 4586 3690 4667 ἄλλοιωὲ

2102 4678 2375 4749 θήσεται,
2406 4685 2507 4738 καί
2544 4686 2757 4756 καρδία
2794 4694 3007 4760 θηρίου
3036 4695 3358 4768 δοθήσεται
3381 4705 3564 4772 αὐτῷ,
3590 4706 3687 4761 καί

2102 4773 2257 4870 eat-td
2544 4780 3003 4850 ἀλλαγήσονται
3047 4788 3143 4841 ἐπ’
3193 4793 3403 4850 αὐτόν.
3469 4796 3689 4870 Ταύτην

2106 4863 2233 4918 ίδὼν
2262 4867 2361 4937 τὴν
2390 4867 2534 4937 δψιν,
2561 4873 2825 4940 συγκαλεῖ
2853 4874 3018 4930 πάλιν
3046 4880 3171 4944 τοὺς
3203 4882 3417 4952 μάγους
3446 4888 3542 4942 καὶ
3561 4863 3687 4954 τούς

2104 4959 2305 5025 σοφοὺς
2345 4959 2689 5031 Βαϐυλῶνος,
2728 4967 2823 5020 καί¹
2870 4966 3030 5039 ζητεῖ
3062 4973 3256 5042 μαθεῖν
3303 4978 3373 5031 τά
3404 4980 3477 5034 δι’
3517 4982 3686 5051 αὐτῆς

2102 5051 2499 5120 σημαινόμενα.
2531 5055 2809 5127 ἰιπόρουν
2842 5060 2888 5112 δ’
2920 5063 3145 5128 ἐκεῖνοι,
3180 5068 3278 5122 καὶ
3303 5071 3404 5125 οὐκ
3429 5067 3578 5143 εἶχον
3602 5074 3687 5128 λε-

2095 5158 2217 5211 γειν
2247 5143 2342 5197 τοῦ
2380 5147 2635 5204 ἐνυπνίου
2655 5150 2754 5220 τὴν
2780 5152 3034 5223 δήλωσιν.
3067 5154 3198 5212 Εἶτα
3223 5162 3386 5216 πάλιν
3408 5168 3688 5237 καταφεύ-

2098 5252 2187 5303 γει
2213 5237 2308 5289 ἐπὶ
2334 5237 2426 5291 τὸν
2453 5241 2671 5313 Δανιὴλ,
2698 5247 2791 5298 καὶ
2825 5247 3099 5318 διηγεῖται
3133 5254 3284 5325 αὐτῷ
3317 5257 3379 5310 τὸ
3407 5259 3681 5325 ἐνύπνιον,

2096 5330 2195 5423 καὶ
2213 5330 2383 5423 ἐὴξίου
2410 5330 2595 5401 λέγειν
2624 5336 2686 5389 τὸ
2717 5337 3022 5411 σύγκριμα.
3049 5344 3290 5402 Δύνασαι
3322 5351 3432 5421 γὰρ
3457 5393 3472 5416 ,
3524 5355 3681 5423 φησὶ.

2093 5420 2176 5474 ὅτι
2209 5420 2433 5494 Πνεῦμα
2456 5423 2594 5480 Θεοῦ
2626 5427 2784 5497 ἅγιον
2825 5432 2887 5485 εν
2934 5435 3034 5488 σοί.
3083 5437 3142 5491 Ὁ
3187 5439 3268 5506 δὲ,
3321 5420 3501 5513 nepa
3536 5420 3680 5515 po...

2096 5518 2252 5583 φησι,
2273 5514 2565 5583 βασιλεῦ,
2606 5520 2674 5575 τὸ
2724 5521 3018 5579 ἐνύπνιον
3064 5528 3243 5584 τοῦτο
3276 5533 3401 5600 τοῖς
3426 5514 3686 5603 μισοῦσι

2095 5621 2190 5659 σε.
2230 5605 2363 5662 Εἶτα
2395 5611 2495 5681 τὴν
2551 5614 2830 5684 σημασίαν
2855 5619 3135 5689 ἐξηγεῖται
3168 5624 3342 5697 αὐτῷ,
3377 5627 3475 5681 καί
3513 5641 3678 5699 φησιο

2100 5699 2173 5753 Τὸ
2202 5699 2457 5770 δένδρον
2495 5704 2561 5759 τὸ
2583 5708 2741 5776 μέγα
2789 5709 2822 5764 ὃ
2859 5711 3145 5782 ἑώρακας,
3198 5719 3281 5772 σὺ
3309 5715 3386 5784 εἴ,
3426 5713 3473 5773 ὦ
3495 5721 3680 5785 ,βασι-

2093 5790 2227 5857 λεῦ,
2257 5791 2347 5847 ὅτι
2382 5795 2796 5870 easy-salmone-
2824 5808 2923 5858 καί
2964 5807 3252 5877 ισχυσας,
3287 5811 3386 5866 καί
3427 5813 3466 5881 ὴ
3499 5828 3681 5883 μεγα-

2095 5885 2329 5955 λοσύνη
2384 5903 2502 5944 σου
2545 5890 2815 5962 ἔφθασεν
2872 5899 2961 5966 είς
3010 5903 3120 5958 τὸν
3163 5906 3451 5975 οὐρανὸν,
3501 5909 3597 5961 καὶ
3638 5908 3676 5976 ἠ
