4092 6396
299 404 412 469 233

1571 407 1981 472 ANNALIUM
2025 407 2174 470 LIB.
2219 409 2336 499 tu.

3490 407 3596 471 23$

301 515 519 584 κιρρεία
545 533 664 574 σου
691 517 782 584 είς
815 515 888 573 τὰ
908 517 1137 586 πέρατα
1173 516 1286 588 τῆς
1327 514 1462 590 τῆς.
1487 517 1881 590 (Μεγαλοσύνηε

2008 518 2354 585 scinderetur,
2385 525 2435 573 et
2453 518 2610 588 stirps
2637 515 2877 570 radicum
2901 514 3014 585 ejus
3043 515 3450 586 relinqueretur,
3480 528 3594 576 etc.

289 607 348 661 δέ
373 608 475 680 τὴν
507 609 606 663 τοῦ
639 609 759 674 νοὸς
790 609 1051 665 ἐκάλεσεν
1099 609 1356 681 ἐπαρσιν,
1409 611 1508 666 zeal
1554 611 1650 667 τοῦ
1690 614 1898 686 φρονή-

297 716 470 770 ματος
491 699 553 754 τδ
578 698 928 773 ὑπέρογκον.)
950 701 1082 756 ὀτι
1108 700 1178 755 δέ
1204 697 1364 768 εἶδες
1387 701 1475 771 Ἳρ
1498 701 1673 774 ἅγιον
1694 703 1766 758 ἐκ
1791 703 1898 759 τοῦ

292 792 564 860 οὐρανοῦ
605 794 1047 848 καταϐαίνοντα
1070 831 1088 858 ,
1144 793 1428 848 τουτέστιν
1460 793 1692 864 ἄγγελον
1729 795 1896 850 θεῖον.

297 886 373 941 Τὸ
390 885 501 954 γὰρ
521 887 613 954 ’Ῑρ
639 884 1212 954 ἐξελληνιζόμενοντ
1230 884 1304 938 ὸν
1318 883 1682 955 ἐγρηγορότα
1699 883 1896 951 δηλοῖ,

291 973 372 1031 δι’
395 972 466 1033 οὗ
494 978 560 1031 τό
592 975 916 1047 ἀσώματον
965 976 1400 1031 artata-(tntae.
1449 975 1515 1030 '0
1557 975 1668 1046 γὰρ
1715 974 1891 1046 σῶμα

291 1070 709 1140 περικείμενος
760 1069 933 1136 ὕπνῳ
985 1068 1344 1125 δουλοῦται·
1398 1070 1432 1124 ό
1467 1068 1660 1134 τούτῳ
1698 1068 1768 1122 δὲ
1807 1067 1895 1140 μὴ

292 1163 608 1218 δουλεύων
658 1160 982 1232 ἀσώματον
1010 1162 1136 1230 ἔχει
1164 1162 1377 1232 φύσιν.
1403 1161 1532 1215 Ὅτι
1553 1161 1763 1216 τοίνυν
1792 1161 1899 1215 τὸν

292 1257 678 1326 ἐγρηγορότα,
711 1255 1149 1326 φησ“ιν,ἐκεῒνον
1179 1251 1339 1321 εἶδες
1371 1252 1766 1324 φωνήσαντα,
1795 1253 1896 1308 ἐκ·

292 1350 562 1420 κοπῆναι
607 1351 675 1406 τὸ
699 1350 976 1419 δένδρον,
1005 1348 1258 1418 ἐαθῆναι
1294 1347 1364 1402 δὲ
1400 1347 1516 1414 τὴν
1553 1345 1722 1418 φυὴν
1774 1345 1896 1401 τῶν

277 1441 466 1512 ῥιζῶν
487 1442 676 1498 αὑτοῦ
729 1442 848 1516 (καὶ
877 1442 946 1496 τὰ
966 1442 1180 1513 λοιπὰ),
1209 1439 1413 1503 ἔλπιζε
1441 1439 1552 1511 τῆς
1565 1440 1896 1506 βασιλείας

277 1535 406 1606 μὲν
441 1534 750 1601 ἐκπεσεῖν,
787 1533 889 1590 καί
934 1532 1044 1604 τῆς
1084 1533 1234 1604 πρὸς
1279 1531 1636 1604 ἀνθρώπους
1685 1550 1894 1586 κοινω-

283 1626 430 1692 νίας
460 1625 886 1696 ἐκδιωχθῆναι,
914 1627 1150 1696 θηρίοις
1178 1626 1248 1680 δὲ
1282 1621 1892 1691 συναυλίῶσθαι,καί

281 1720 514 1790 χόρτον
567 1719 821 1788 ἐσθίειν,
865 1718 953 1791 μὴ
1011 1718 1226 1788 μέντοι
1278 1717 1478 1786 πάντη
1525 1716 1894 1786 στερηθῆναι

280 1809 400 1879 τῆς
421 1811 774 1878 βασιλείας,
809 1809 1281 1880 ἐπανασωθῆναι
1330 1806 1399 1863 δέ
1427 1822 1530 1863 σοι
1574 1803 1748 1875 αὖθις
1787 1810 1893 1862 αὺ-

280 1905 426 1969 τήν.
461 1904 684 1962 Τούτου
704 1904 816 1976 γὰρ
859 1899 1017 1959 εἶναι
1048 1902 1430 1974 σημαντικὸν
1464 1903 1532 1955 τὸ
1571 1897 1690 1968 τὴν
1720 1899 1892 1970 φυὴν

281 1993 410 2049 τῶν
432 1993 613 2064 ⁴ῥιζῶν
635 1995 889 2066 ἐαθῆναι
922 1995 1030 2052 τοῦ
1047 1994 1328 2063 δένδρου.
1363 1992 1636 2064 Τοιαύτην
1666 1991 1744 2064 τῷ
1772 1991 1888 2046 Να-

281 2086 678 2164 ϐουχοδονόσορ
718 2089 749 2143 6
772 2088 973 2162 Δανιὴλ
1015 2089 1118 2161 τὴν
1155 2088 1424 2161 ἐξήγησιν
1464 2085 1559 2142 τοῦ
1611 2085 1890 2158 ὁράματος

281 2178 608 2251 ἐποιήσατο,
641 2182 736 2238 zeal
768 2182 963 2254 γέγονε
994 2181 1175 2236 πάντα
1203 2179 1344 2235 κατὰ
1370 2179 1461 2234 τὸν
1491 2178 1635 2234 θετον
1667 2193 1890 2250 χρημα-

287 2271 516 2342 τισμόν.
545 2273 658 2329 Kal
690 2274 889 2346 μανίαν
920 2275 1157 2346 νοσήσας
1186 2273 1214 2326 6
1250 2271 1508 2344 βασιλεὺς
1538 2270 1751 2333 ἐκεῖνος
1799 2267 1890 2322 διὰ

2005 613 2247 682 futurum
2280 618 2383 677 est,
2428 618 2487 664 ut
2531 624 2692 682 regno
2722 607 2956 673 excidas,
3005 616 3053 661 et
3078 611 3387 664 commercio
3418 611 3593 664 homi-

2003 720 2130 757 num
2177 702 2384 774 pulsus,
2436 705 2572 756 inter
2611 701 2802 756 bestias
2846 699 3030 770 degas,
3075 702 3320 771 gramine
3361 717 3592 757 vesceris.

2001 794 2241 866 Regnum
2273 802 2455 849 tamen
2482 798 2604 847 non"
2623 793 2830 864 penitus
2858 792 3090 856 amittes,
3127 791 3218 845 sed
3244 792 3298 845 in
3324 794 3589 862 integrant

2002 888 2298 951 restitutus,
2355 885 2610 955 recipies:
2673 885 2727 939 id
2793 885 2934 938 enim
2979 883 3348 953 signiﬁcatur,
3426 887 3595 954 stirpe

2003 979 2243 1034 radicum
2278 977 2482 1034 relicta.
2511 977 2605 1033 Sic
2639 976 2808 1048 igitur
2835 976 3106 1032 visionem
3143 976 3594 1032 Nabuchodono-

1999 1072 2112 1127 sori
2161 1071 2352 1126 Daniel
2399 1070 2679 1142 exposuit,
2711 1071 3007 1140 omniaque
3039 1070 3179 1126 facta
3229 1079 3360 1126 sunt
3389 1085 3591 1126 secun-

1999 1160 2132 1216 dum
2197 1161 2443 1217 divinum
2477 1163 2803 1218 oraculum:
2842 1169 2898 1216 et
2946 1177 3042 1216 rex
3090 1161 3280 1217 furore
3321 1163 3590 1232 percitus,

1998 1255 2071 1310 ob
2112 1255 2483 1325 arrogantiam
2520 1263 2576 1310 et
2623 1254 2966 1326 superbiam,
3014 1262 3138 1324 post
3169 1263 3378 1326 septem
3413 1271 3592 1312 annos

1997 1349 2056 1403 in
2085 1347 2321 1404 desertis
2346 1356 2590 1414 exactos,
2616 1363 2845 1419 regnum
2873 1348 3085 1404 interea
3115 1360 3145 1403 a
3176 1349 3400 1404 nemine
3424 1364 3589 1404 occu-

1997 1450 2183 1512 patum
2241 1441 2461 1511 recipit,
2512 1440 2732 1512 placato
2786 1440 2936 1496 Deo:
2991 1450 3215 1496 etcum
3246 1456 3423 1496 annos
3444 1457 3586 1512 qua-

1996 1532 2249 1603 draginta
2297 1541 2410 1587 tres
2455 1537 2777 1601 regnasset,
2837 1531 3094 1586 moritur.
3152 1529 3328 1602 Hujus
3383 1532 3588 1589 multos

1995 1624 2164 1679 etiam
2196 1639 2263 1678 ex
2297 1623 2581 1679 veteribus
2619 1622 2920 1689 historicis,
2966 1623 3255 1685 Berosum,
3287 1623 3588 1679 Metasthe-

1994 1731 2146 1782 nem,
2195 1713 2440 1770 Dioclem
2481 1723 2539 1768 et
2587 1713 2982 1770 Philostratum
3033 1714 3376 1783 meminisse,
3427 1717 3588 1772 Jose-

1995 1808 2140 1879 phus
2177 1807 2368 1863 refert.
2415 1806 2555 1863 Huic
2601 1806 2883 1872 defuncto,
2925 1807 3073 1864 ﬁlius
3099 1817 3230 1864 natu
3258 1813 3432 1880 major
3459 1809 3587 1864 Evi-

1921 1866 1967 1927 Β
1995 1866 2082 1954 iad
2110 1897 2407 1954 Marochad
2441 1898 2495 1953 in
2525 1897 2762 1968 imperio
2793 1866 3066 1963 succedit,
3095 1897 3190 1969 qui
3241 1866 3425 1968 regem
3456 1897 3586 1954 Joa-

1991 1991 2238 2046 chimum
2281 1991 2454 2060 (idem
2498 2000 2557 2047 et
2611 1990 2908 2048 Jecbonias
2959 1991 3116 2063 123
3166 1992 3520 2062 appellatur),
3555 2008 3586 2047 a

1989 2082 2543 2141 Nabuchodonosore
2593 2081 2651 2138 in
2705 2083 2946 2139 vinculis
2997 2083 3272 2150 habitum,
3310 2083 3494 2150 solvit,
3530 2096 3587 2140 et

1991 2175 2299 2232 honoriﬁce
2330 2184 2552 2239 tractat.
2581 2177 2908 2233 muneribus
2943 2175 3130 2245 allicit,
3165 2186 3223 2234 et
3253 2185 3584 2250 perpetuum

1993 2266 2372 2324 convictorem
2401 2266 2594 2324 habet.

285 2369 354 2422 τὸ
379 2368 702 2433 ἁλαζονικόν
735 2385 798 2423 τε
829 2369 924 2422 zeal
955 2367 1335 2439 ὑπερήφανον,
1371 2365 1469 2421 zeal
1499 2365 1596 2419 tul
1616 2364 1718 2435 τῆς
1772 2361 1988 2434 ἐρήμου
2049 2358 2340 2430 διατρίψας
2404 2360 2724 2427 ἑπταετίαν,
2751 2360 2965 2426 οὐδενὸς
3031 2361 3360 2433 ἐπιθεμένου
3383 2363 3449 2434 τῇ
3487 2359 3590 2432 βαο

283 2463 468 2534 σιλεία
512 2462 706 2529 αὑτοῦ,
737 2461 904 2517 πάλιν
936 2461 1317 2532 ἀπολαμϐάνει
1343 2460 1538 2530 αὐτὴν,
1595 2457 1967 2528 ἱλεωσάμενος
2033 2456 2128 2509 τὸν
2179 2455 2337 2509 Θεόν.
2405 2455 2543 2527 Ἐτη
2567 2455 2623 2510 δὲ
2648 2456 2778 2527 τρία
2814 2456 3146 2527 βασιλεύσας
3174 2457 3272 2512 καὶ
3303 2457 3580 2528 τεσσαρά-

281 2555 733 2628 κοντα,τελευτᾷ.
756 2554 1087 2627 Μεμνῆσθαι
1110 2553 1168 2607 δέ
1195 2550 1363 2607 αὐτοῦ
1388 2549 1699 2623 όἸώσηπος
1760 2548 1911 2618 λέγει
1953 2547 2050 2603 zeal
2094 2547 2326 2611 πολλοὺς
2359 2545 2468 2600 τῶν
2534 2547 2782 2620 ἀρχαίων
2817 2549 3132 2621 ἱστορικῶν,
3172 2549 3265 2603 τόν
3289 2567 3350 2603 τε
3385 2549 3584 2622 Βηρω.

282 2649 412 2712 σὺν,
446 2650 542 2703 zeal
579 2648 672 2704 τὸν
719 2645 1069 2716 Μεγασθένη,
1099 2645 1312 2699 καὶτὸν
1353 2643 1604 2709 Διοκλέα,
1638 2642 1735 2698 καὶ
1783 2642 1874 2696 τὸν
1911 2641 2300 2712 Φιλόστρατον.
2368 2639 2577 2695 Τούτου
2625 2641 2684 2696 δέ
2749 2640 3206 2712 τελευτήσαντος,
3239 2644 3440 2700 Εύῖλὰδ
3461 2647 3586 2700 Μα-

283 2741 472 2812 ρωχάδ
501 2742 529 2794 6
554 2739 669 2804 υίὸς
719 2737 889 2794 αὑτοῦ
917 2737 946 2791 6
1002 2735 1382 2810 πρεσϐύτερος
1419 2734 1522 2806 τὴν
1553 2735 1730 2808 ἀρχὴν
1785 2733 2119 2804 διαδέχεται.
2183 2734 2280 2797 Ὃς
2311 2733 2514 2788 αὐτίκα
2568 2732 2688 2788 λύει
2721 2735 2822 2803 μὲν
2855 2734 2964 2789 τῶν
2989 2735 3208 2807 δεσμων
3231 2737 3326 2792 τὸν
3353 2737 3582 2809 βασιλέα

296 2834 586 2903 ἰωακεὶμ,
625 2831 719 2886 τδν
739 2831 837 2886 καὶ
874 2829 1137 2902 Ἰεχονίαν
1169 2827 1530 2900 καλούμενον,
1591 2827 1652 2882 δν
1715 2825 2120 2897 καθειργμένον
2185 2821 2336 2912 εῖχεν
2385 2828 2414 2881 6
2481 2826 2983 2900 Ναϐουχοδονόσορ,
3034 2830 3132 2884 καὶ
3184 2830 3354 2903 τιμῆς
3388 2833 3576 2897 ἀξιοῖ·

285 2926 477 2982 δίδωσι
525 2925 584 2980 δέ
619 2923 717 2978 καὶ
763 2923 974 2994 δωρεὰς
1007 2923 1179 2992 αὐτῷ,
1235 2921 1333 2976 καὶ
1375 2919 1688 2992 ὁμοδίαιτον
1726 2912 1842 2990 εἶχε
1871 2917 2195 2981 διαπαντός.

375 3017 453 3074 E'.
504 3019 618 3074 Kal
653 3017 844 3072 τούτου
873 3016 930 3070 δὲ
968 3016 1361 3101 παρελθόντος,
1397 3013 1476 3078 είς
1513 3012 1608 3081 τὸν
1655 3011 1881 3081 ἀδελφὸν

2058 3008 2125 3066 ν.
2155 3009 2235 3065 Εο
2267 3025 2488 3081 quoque
2521 3020 2765 3076 mortuo,
2799 3026 3033 3084 regnum
3077 3012 3146 3068 ad
3195 3012 3424 3072 fratrem
3457 3019 3580 3088 eius

282 3110 455 3168 αὐτοῦ
491 3108 764 3181 μετῆλθεν
799 3109 833 3180 ὴ
870 3108 1142 3179 βασιλεία,
1177 3106 1473 3178 Βαλτάσαρ
1501 3102 1838 3176 καλούμενον
1864 3115 1881 3132 ο

1983 3103 2371 3158 Balthasarum
2418 3103 2637 3168 transit,
2684 3105 2782 3177 qui
2826 3105 2957 3179 Cyri
3011 3105 3182 3162 ductu
3216 3117 3273 3163 et
3312 3110 3578 3180 auspiciis

284 3204 411 3259 καθ’
455 3197 519 3258 οῦ
549 3203 733 3273 Κῦρος
767 3201 908 3273 μετὰ
937 3183 1166 3272 Περσῶν
1208 3216 1268 3254 τε
1306 3199 1405 3254 zeal
1443 3197 1645 3270 Μήδων
1680 3197 1879 3270 ἐστρά-

1988 3211 2016 3250 a
2046 3195 2231 3251 Persis
2263 3204 2320 3250 et
2359 3195 2534 3252 Medis
2564 3205 2650 3253 est
2688 3206 3060 3270 oppugnatus.
3113 3198 3212 3255 Hic
3250 3201 3578 3270 proceribus

282 3314 506 3353 τευσεν.
554 3289 725 3360 Οὗτος
759 3294 889 3364 γοῦν
924 3293 1090 3348 πότον
1134 3293 1372 3364 ποιήσας
1397 3291 1513 3354 τοῖς
1556 3290 1881 3362 μεγιστᾶσιν

285 3387 482 3454 αὑτοῦ,
509 3387 605 3441 zeal
639 3386 780 3458 μετὰ
805 3385 916 3440 τῶν
951 3383 1250 3438 παλλακῶν
1265 3381 1669 3453 κατακείμενός
1695 3399 1755 3435 τε
1784 3381 1881 3434 καὶ

290 3478 729 3551 μεθυσκόμενος,
781 3475 1071 3530 ἐκέλευσεν
1129 3473 1415 3546 ἐνεχθῆναι
1469 3473 1540 3528 τὰ
1597 3471 1768 3543 σκεύη
1813 3474 1881 3528 τὰ

286 3568 436 3640 ιερά,
460 3567 499 3622 ἃ
527 3567 590 3633 ἐξ
620 3565 688 3620 Ἰε
697 3564 888 3638 ροσολύ
897 3583 1014 3636 μων
1037 3567 1065 3620 6
1090 3562 1566 3636 Ναϐουχοδονόσορ
1591 3563 1876 3634 ἐσύλησεν,

283 3663 381 3716 zeal
411 3661 527 3724 τοῖς
565 3659 792 3724 οίκείοις
847 3658 992 3724 θεοῖς
1027 3657 1370 3712 ἀνατέθεικε.
1411 3654 1801 3728 Κομισθέντων
1833 3656 1880 3710 δ’

284 3751 538 3818 ἐκείνων,
588 3745 672 3817 οἷς
706 3755 735 3806 6
772 3751 958 3824 πατὴρ
1004 3750 1171 3805 αὐτοῦ
1213 3751 1315 3805 οὐκ
1361 3751 1658 3820 ἐχρήσατο,
1714 3747 1880 3814 αὐτὸς

284 3845 564 3915 ἐκέχρητο
589 3841 828 3905 τούτοις,
887 3844 985 3898 zeal
1047 3843 1258 3913 μεταξὺ
1314 3840 1489 3896 πίνων
1533 3840 1878 3912 ἐϐλασφήμει

281 3935 431 3990 κατά
457 3934 555 3989 τοῦ
586 3933 746 3989 Θεοῦ.
791 3933 927 4006 Ὁρᾷ
949 3934 1134 3989 τοίνυν
1167 3932 1518 4006 ἀστράγαλον
1545 3936 1613 3988 ἐκ
1646 3932 1740 3987 τοῦ
1769 3934 1878 3986 τοί-

279 4044 379 4099 χου
419 4027 684 4098 προϊόντα
714 4026 901 4099 χειρὸς
933 4025 1307 4099 ἀνθρωπίνης,
1343 4026 1442 4082 zeal
1475 4026 1756 4097 γράφοντα
1784 4026 1877 4080 ἐπὶ

277 4119 342 4174 τὸ
372 4119 620 4189 κονίαμα
645 4118 740 4173 τοῦ
772 4119 983 4191 τοίχου,
1038 4119 1133 4174 zeal
1184 4118 1404 4190 ἐξέστη,
1463 4118 1561 4174 zeal
1616 4121 1650 4190 ἡ
1689 4120 1876 4191 μορφὴ

277 4211 454 4267 αὐτοῦ
474 4211 770 4283 ἠλλοιώθη.
793 4213 903 4267 Kal
924 4212 1052 4278 τοὺς
1076 4211 1380 4277 Χαλδαίους
1401 4211 1495 4267 zeal
1514 4212 1642 4277 τοὺς
1665 4211 1876 4283 μάγους

276 4305 550 4370 καλέσας,
590 4304 691 4376 τὴν
723 4301 834 4359 τῶν
863 4305 1214 4377 γραμμάτων
1249 4306 1450 4377 ἀπῄτει
1489 4294 1746 4376 δήλωσιν,
1781 4303 1874 4358 zeal

273 4395 524 4467 ἀμοιϐὰς
560 4397 808 4465 μεγάλας
857 4397 1052 4450 δώσειν
1108 4395 1346 4468 ἐκήρυξε
1395 4397 1477 4469 τῷ
1522 4396 1874 4468 σαφηνίζοντι

271 4491 376 4562 τὴν
409 4489 694 4560 σημασίαν
734 4489 938 4544 αὐτῶν.
986 4487 1129 4542 Ἀλλ’
1168 4484 1310 4561 ἦσαν
1343 4488 1601 4559 ἄγνωστα
1629 4489 1766 4543 πᾶσι
1804 4487 1875 4542 τὰ

1985 3287 2065 3342 ad
2085 3287 2556 3360 compotationem
2602 3288 2873 3352 invitatis,
2921 3306 3045 3346 cum
3094 3292 3424 3350 concubinis
3459 3297 3574 3350 suis

1984 3379 2345 3445 accumbens,
2371 3388 2538 3451 atque
2573 3381 2902 3449 inebriatus,
2947 3399 3102 3440 sacra
3131 3401 3279 3452 vasa,
3311 3401 3434 3457 qua:
3461 3388 3570 3443 Na-

1982 3471 2418 3530 buchodonosor
2452 3475 2850 3548 Hierosolymis
2875 3478 3114 3549 direpta,
3155 3477 3264 3536 diis
3293 3480 3410 3537 suis
3434 3496 3571 3537 con-

1983 3575 2252 3632 secrarat,
2300 3566 2487 3622 afferri
2535 3566 2714 3638 jubet,
2756 3577 2924 3639 atque
2974 3569 3041 3624 iis
3080 3569 3278 3636 utitur,
3331 3587 3570 3642 quorum

1985 3671 2089 3712 usu
2140 3666 2299 3729 pater
2341 3657 2728 3714 abstinuerat:
2764 3659 3009 3731 dumque
3044 3662 3189 3717 inter
3223 3664 3422 3733 pocula
3451 3665 3572 3720 bla-

1982 3748 2235 3818 sphemat
2277 3749 2474 3816 Deum,
2535 3749 2685 3806 videt
2737 3750 2940 3824 digitos
2991 3753 3248 3811 humana:
3300 3771 3499 3814 manus
3541 3775 3573 3816 e

1981 3842 2195 3912 pariete
2249 3845 2592 3916 prodeuntes
2642 3844 2702 3901 in
2749 3847 2980 3903 tectorio
3013 3849 3243 3919 parietis
3279 3853 3570 3911 scribere:

1980 3935 2189 4006 quibus
2265 3939 2585 4009 conspectis
2647 3939 3091 4011 obstupefactus,
3167 3951 3283 4000 toto
3338 3961 3571 4018 corpore

1980 4027 2275 4084 cohorruit
2306 4045 2320 4082 :
2346 4037 2402 4084 et
2422 4025 2694 4086 Chaldaeis
2719 4045 2785 4086 ac
2812 4031 2987 4103 magis
3018 4033 3324 4101 accersitis,
3359 4037 3572 4108 magnis

1983 4119 2281 4189 pr0positis
2308 4120 2658 4185 muneribus,
2685 4121 3022 4176 sententiam
3056 4122 3368 4179 litterarum
3394 4124 3466 4179 ab
3487 4123 3572 4179 eis

1981 4210 2243 4279 requirit.
2285 4209 2392 4267 Sed
2422 4211 2699 4282 scriptura
2747 4211 2840 4267 illa
2890 4213 3074 4284 ignota
3122 4222 3244 4268 erat
3285 4215 3570 4277 omnibus.

1978 4299 2349 4369 Quamobrem
2428 4304 2551 4359 avia
2613 4318 2798 4374 regem
2854 4304 3067 4360 tristem
3119 4307 3458 4376 cODSpicata,
3513 4319 3571 4364 et

1978 4393 2390 4464 perturbatum,
2425 4393 2502 4450 ait
2532 4413 2547 4450 :
2584 4393 2641 4451 Si
2673 4394 2963 4451 Baltassar
2989 4395 3215 4454 Iudaeus
3243 4413 3567 4453 accersere-

1979 4500 2089 4557 tur,
2141 4492 2238 4562 qui
2286 4499 2345 4548 et
2400 4491 2942 4549 Nabuchodonosori
2985 4495 3158 4551 multa
3209 4494 3568 4568 signiﬁcavit,

272 4582 672 4652 γεγραμμένα.
721 4579 1072 4652 ’Δθυμοῦντα
1103 4581 1160 4635 δὲ
1191 4584 1282 4636 τὸν
1321 4579 1549 4652 βασιλέα
1587 4581 1684 4636 zeal
1713 4597 1871 4634 τετα-

1982 4601 2101 4656 qua:
2130 4601 2294 4642 nemo
2341 4586 2486 4643 alius
2529 4587 2808 4658 explicare
2846 4591 3116 4660 potuerit,
3143 4608 3271 4648 eum
3302 4609 3568 4651 arcanum

277 4674 562 4744 ραγμένον
593 4671 834 4746 ίδοῦσαή
882 4675 1086 4747 μάμμη
1131 4674 1321 4741 αὑτοῦ,
1363 4675 1494 4745 ἔφη,
1520 4673 1596 4738 ὡς
1622 4675 1671 4728 εἰ
1705 4689 1872 4745 μεταο

272 4767 510 4838 πεμφθῇ
542 4766 834 4840 Βαλτάσαρ
863 4769 892 4821 6
913 4767 1192 4833 Ἰουδαῖος,
1216 4767 1275 4834 ὃς
1296 4769 1394 4822 καὶ
1423 4767 1503 4840 τῷ
1532 4766 1871 4838 Ναϐουχοδο-

271 4860 444 4932 νόσορ
501 4856 677 4914 πολλὰ
729 4859 1031 4932 ἐσήμανεν,
1062 4859 1099 4915 ἀ
1147 4860 1336 4932 ἕτερος
1365 4862 1641 4932 ἐκφράσαι
1693 4861 1870 4922 οὐδεὶς

270 4949 537 5020 ἠδύνατο,
598 4951 807 5016 ἐκεῖνός
864 4969 950 5006 σοι
1009 4953 1071 5008 τὸ
1125 4955 1441 5026 ἀπόρρητον
1493 4953 1700 5008 τούτων
1757 4951 1868 5007 τῶν

275 5044 566 5098 συλλαῦὦν
597 5048 834 5116 σημανεῖ
864 5060 880 5077 ο
932 5044 1050 5100 ἐστι
1101 5047 1211 5118 γὰρ
1251 5047 1480 5118 Πνεῦμα
1535 5047 1694 5117 ἀγιον
1726 5045 1864 5102 Θεοῦ

274 5136 334 5190 ἐν
353 5135 533 5208 αὐτῷ.
551 5135 760 5191 Αὐτίκα
782 5135 966 5192 τοίνυν
989 5138 1223 5203 καλέσας
1246 5139 1338 5192 τὸν
1357 5139 1556 5212 Δανιὴλ
1574 5143 1602 5194 6
1623 5141 1864 5212 κρατῶν,

271 5228 425 5299 ἠξίου
477 5229 676 5299 δηλοῦν
717 5230 868 5302 αύτῷ
913 5232 1186 5302 περὶτῶν
1215 5233 1590 5305 γραμμάτων,
1637 5235 1734 5289 zeal
1786 5236 1864 5307 μὴ

273 5321 678 5393 ῦποσταλῆναι,
738 5324 844 5378 κᾶν
909 5324 997 5396 εῐη
1053 5325 1383 5397 σκυθρωπὸν
1427 5326 1488 5380 τὸ
1543 5327 1636 5382 ὑπ’
1682 5329 1866 5384 αὐτῶν

276 5414 687 5485 σημαινόμενον
717 5429 733 5445 θ
764 5415 860 5469 zeal
885 5415 1055 5488 γέρας
1079 5416 1276 5472 δώσειν
1301 5417 1451 5490 αὐτῷ
1492 5419 1866 5489 ἐπηγγέλλετο

276 5509 575 5581 πορφύραν
601 5508 934 5579 ἐνδεδύσθαι,
961 5513 1058 5565 zeal
1089 5513 1475 5584 περιαυχένιον
1508 5515 1740 5587 χρύσεον
1771 5515 1867 5570 zeal

270 5603 329 5656 τὸ
353 5603 543 5674 τρίτον
565 5602 664 5671 τῆς
686 5602 865 5674 ἀρχῆς
891 5604 1079 5675 μέρος.
1107 5604 1308 5677 Δανιὴλ
1329 5604 1508 5670 δὲτὰς
1533 5606 1633 5678 μὲν
1652 5607 1866 5678 δωρεὰς

272 5696 595 5767 παρῃτεῖτο,
631 5694 864 5765 μηνύειν
893 5696 938 5749 δ’
984 5695 1173 5766 ἐλεγεν
1225 5697 1376 5769 αὺτῷ
1407 5699 1477 5752 τὰ
1501 5700 1866 5771 γεγραμμένα

271 5785 362 5841 τοῦ
397 5787 521 5856 βίου
549 5786 962 5858 καταστροφὴν,
1008 5788 1092 5841 ὅτι
1125 5788 1252 5859 μηδ’
1284 5783 1368 5852 οἷς
1413 5789 1442 5843 6
1477 5789 1664 5862 πατὴρ
1698 5790 1865 5843 αὑτοῦ

271 5879 337 5934 δι’
364 5879 632 5936 ἀσέϐειαν
663 5878 958 5947 ἐκολάσθη,
981 5878 1361 5952 ἐσωφρονίσθη
1381 5881 1566 5954 αὐτὸς,
1589 5881 1727 5941 ἀλλὰ
1751 5885 1870 5950 τοῖς.

241 5993 245 5995 ·
539 5974 818 6037 ΡΑτιιοι..
866 5974 988 6037 GR.
1036 5975 1372 6042 CXXXIV.

1977 4677 2315 4750 syllabarum
2357 4679 2577 4735 illarum
2608 4680 3019 4737 declaraturum
3055 4701 3069 4737 :
3103 4699 3226 4740 esse
3256 4686 3406 4742 enim
3440 4701 3569 4742 san-

1975 4780 2126 4825 ctum
2160 4771 2258 4826 Dei
2293 4772 2566 4843 Spiritum
2596 4773 2650 4828 in
2685 4789 2775 4830 eo.
2814 4773 3011 4830 Statim
3044 4775 3214 4848 igitur
3237 4793 3332 4834 rex
3361 4778 3566 4835 Danie-

1972 4863 2080 4919 lcm
2113 4866 2325 4922 accersi
2353 4867 2534 4938 jubet.
2576 4867 2832 4940 ﬂagitans
2871 4870 3165 4940 scripturae
3200 4871 3351 4928 illius
3376 4872 3564 4930 decla-

1973 4954 2273 5022 rationem,
2305 4955 2447 5012 citra
2471 4957 2972 5016 dissimulationem
3006 4974 3250 5030 omnem,
3278 4963 3383 5020 etsi
3407 4965 3564 5022 triste
3646 5006 3651 5011 -

1971 5047 2184 5119 aliquid
2225 5049 2626 5119 portenderet:
2678 5054 2939 5108 daturum
2979 5053 3261 5125 pollicitus
3287 5056 3565 5127 gestanda:

1970 5155 2234 5212 purpurae
2264 5153 2322 5200 et
2356 5145 2571 5216 torquis
2599 5145 2757 5202 aurei
2791 5145 2906 5216 jus,
2938 5155 2996 5203 et
3025 5147 3246 5204 tertiam
3289 5148 3443 5220 regni
3470 5150 3560 5206 sui

1969 5245 2204 5307 partem.
2239 5237 2431 5294 Daniel
2461 5253 2595 5295 vero
2621 5239 2952 5296 muneribus
2987 5242 3278 5308 recusatis,
3311 5240 3560 5308 dicebat,

1968 5330 2302 5394 scripturam
2325 5329 2376 5386 ei
2407 5329 2622 5387 obitum
2653 5334 3009 5403 portendere,
3045 5334 3192 5406 quod
3224 5347 3294 5390 ne
3316 5344 3562 5406 pateram

1968 5421 2191 5492 quidem
2250 5422 2554 5494 impietatis
2595 5439 2759 5496 penna
2803 5425 2983 5483 factus
3037 5437 3187 5484 esset
3233 5425 3556 5493 modestior,

1969 5512 2066 5567 sed
2103 5511 2309 5569 divinis
2351 5515 2503 5571 vasis
2547 5529 2675 5572 cum
2704 5517 3037 5574 concubinis
3078 5517 3147 5574 ad
3181 5517 3556 5574 ministerium

1968 5615 2118 5662 esset
2149 5621 2303 5663 usus.
2341 5606 2584 5665 Litteras
2608 5624 2742 5665 vero
2768 5609 2845 5664 ita
2879 5610 3141 5683 legebat:
3169 5609 3344 5674 Mani,
3379 5609 3554 5679 Teket,

1966 5697 2171 5754 Phares
2201 5715 2221 5754 :
2251 5715 2484 5770 quarum
2517 5700 2978 5772 significationem
3027 5704 3109 5758 sic
3153 5703 3558 5775 interpretaba-

1970 5797 2060 5846 tur
2089 5810 2102 5846 :
2145 5789 2460 5847 Numerauit
2497 5791 2639 5847 Deus
2663 5801 2866 5866 tempus
2897 5797 3022 5850 vita:
3047 5804 3176 5863 tua,
3209 5807 3369 5868 atque
3389 5799 3556 5867 impe-

1970 5884 2038 5939 rii
2083 5884 2186 5954 tui,
2229 5885 2380 5956 cujus
2419 5903 2707 5963 perparum
2749 5897 3008 5962 superest.
3046 5887 3183 5945 Nam
3221 5889 3554 5947 vocabulum

3195 5991 3228 6046 8
