4092 6404
492 431 600 495 23.")

1819 425 2148 488 JOANNIS
2185 424 2506 487 ZONAILE

3667 429 3770 493 236

486 544 654 610 Mani,
693 539 904 598 Graecis
948 549 1034 596 est
1074 554 1378 607 numerus;
1417 538 1592 605 Tckel,
1621 539 1895 611 spatium:
1921 537 2072 608 quod

2185 535 2404 589 σκεύεσι
2435 535 2529 589 τοῦ
2565 533 2702 589 Θεοῦ
2736 533 2876 606 μετὰ
2902 535 3011 590 τῶν
3044 536 3344 592 παλλακῶν
3370 537 3450 602 είς
3489 537 3773 592 διακονίαν

491 638 634 692 Deus
669 635 903 690 limitem
931 633 1084 703 regni
1107 633 1226 704 ejus
1250 632 1652 699 constituisset,
1677 631 1825 703 quod
1856 632 2080 702 quidem

489 729 753 784 deorsum
777 733 1034 797 vergeret
1057 735 1114 780 et
1136 725 1512 796 frangeretur.
1539 725 1676 780 Nam
1716 725 1868 780 Tekel
1913 725 2081 780 etiam

490 823 732 894 fragmen
758 818 1034 890 signiﬁcat
1056 818 1243 888 lingua
1273 818 1484 873 Grzeca.
1517 815 1723 874 Phares
1749 817 2080 872 divisionem

490 915 988 985 interpretabatur,
1025 909 1173 982 quod
1207 927 1438 981 regnum
1483 911 1605 982 ejus
1641 911 1785 967 inter
1817 909 2004 966 Medos
2026 921 2084 969 et

495 1005 692 1058 Persas
754 1018 782 1056 a
835 1002 950 1056 Deo
1001 1000 1453 1056 distribuendum
1507 1007 1676 1056 esset.
1736 1000 2082 1071 Scripturam

494 1098 664 1168 igitur
708 1095 938 1166 parietis
991 1094 1066 1148 ita
1107 1093 1260 1165 legit,
1311 1094 1498 1164 itaque
1545 1093 1786 1165 syllabas
1815 1108 1910 1148 eas
1938 1095 2083 1147 inter

492 1204 616 1244 sese
661 1187 1028 1257 comparavit,
1074 1186 1180 1241 hoc
1227 1187 1334 1250 es't,
1387 1185 1786 1256 interpretatus
1811 1193 1916 1248 est,
1953 1199 2082 1254 rege

497 1296 736 1340 mcerore
787 1281 1006 1346 allecto,
1054 1295 1159 1334 nec
1211 1279 1306 1332 diu
1357 1289 1482 1349 post
1541 1278 1826 1348 prophetae
1878 1277 2082 1349 praedi-

495 1377 676 1432 ctione
711 1369 871 1446 124
912 1387 1114 1428 eventu
1149 1374 1530 1443 comprobata,
1580 1387 1704 1426 cum
1737 1370 1912 1442 Cyrus
1944 1371 2082 1426 Per-

494 1485 678 1525 sarqu
718 1486 812 1523 rex
859 1468 1003 1522 bello
1051 1467 1225 1529 illato,
1267 1465 1600 1537 Babylonem
1647 1465 1814 1534 capit,
1864 1464 2082 1519 Baltha-

493 1576 618 1616 sare
681 1559 736 1614 in
809 1559 1131 1629 captivitate
1191 1558 1345 1613 urbis
1398 1557 1712 1612 interfecto.
1781 1557 1922 1612 Sunt
1985 1557 2080 1626 qui

494 1659 766 1716 asserant,
797 1651 990 1706 eadem
1035 1659 1222 1715 nocte,
1251 1667 1359 1720 qua
1393 1651 1494 1706 visi
1526 1657 1713 1704 essent
1745 1647 1900 1719 digiti
1940 1647 2081 1701 scri-

489 1748 708 1810 bentes,
751 1753 808 1798 et
855 1743 1189 1814 Babylonem
1234 1752 1477 1812 captam,
1525 1749 1583 1796 et
1640 1756 1827 1810 regem
1877 1755 2080 1794 casum

491 1856 636 1897 esse.
665 1839 938 1894 Cmterum
987 1845 1112 1907 post
1166 1835 1322 1890 urbis
1365 1835 1768 1905 captivitatem,
1816 1833 2008 1888 Daniel
2049 1847 2080 1886 a

499 1933 662 1987 Dario
707 1930 886 1994 Medo,
928 1930 1023 1998 qui
1072 1937 1129 1984 et
1172 1927 1451 1996 Cyaxarcs
1497 1925 1914 1991 nominabatur,
1951 1923 2080 1996 Cyri

495 2024 830 2088 avunculus,
877 2022 1024 2076 lilius
1076 2019 1328 2092 Astyagis
1369 2018 1654 2074 Medorum
1684 2018 1849 2089 regis,
1879 2019 1935 2074 in
1966 2017 2081 2072 Me-

498 2114 644 2169 diam
679 2112 998 2179 translatus,
1031 2112 1182 2166 omni
1222 2111 1432 2167 honore
1468 2109 1832 2165 aﬂiciebatur.
1865 2108 1984 2174 Qua
2011 2109 2081 2165 de

497 2223 665 2262 causa
715 2200 998 2261 Medorum
1037 2205 1322 2276 principes
1363 2205 1414 2259 ei
1463 2203 1798 2267 invidentes,
1851 2203 2081 2258 insidias

497 2310 692 2372 parant
725 2299 850 2354 vitae
867 2301 1005 2370 ejus.
1043 2297 1175 2351 Nam
1209 2312 1335 2351 cum
1363 2312 1488 2351 eum
1519 2295 1768 2367 quotidie
1804 2306 1886 2351 ter
1906 2295 2078 2349 Deum

496 2394 820 2449 adorantem
863 2389 1145 2455 viderent,
1191 2389 1424 2462 Cyaxari
1465 2390 1582 2445 sive
1620 2389 1786 2444 Dario
1824 2395 2081 2444 auctores

497 2497 627 2543 sunt
675 2483 915 2541 ferendte
959 2484 1117 2555 legis,
1173 2493 1232 2538 ut
1277 2485 1427 2537 intra
1465 2482 1584 2537 dies
1625 2481 1850 2553 triginta
1898 2496 2080 2550 neque

495 2583 630 2636 deos
675 2578 874 2634 adoret
919 2577 1238 2647 quisquam,
1267 2591 1448 2645 neque
1483 2575 1662 2645 ipsum
1696 2589 1880 2644 regem
1913 2583 2079 2628 oret:

495 2690 658 2747 quam
693 2673 868 2744 legem
905 2670 999 2742 qui
1041 2671 1324 2735 violasset,
1359 2670 1413 2723 in
1449 2684 1672 2724 caveam
1701 2669 1924 2723 leonum
1949 2682 2077 2723 con—

489 2764 818 2837 jiciendum.
870 2765 985 2818 Rex
1029 2763 1124 2833 qui
1174 2763 1455 2833 ignoraret
1497 2761 1633 2816 illud
1683 2761 1738 2815 in
1778 2760 2080 2831 perniciem

495 2859 738 2914 Daniclis
784 2857 948 2922 strui,
995 2856 1240 2910 edictum
1293 2855 1610 2926 hujusmodi
1659 2854 1942 2924 proponit.
2001 2853 2081 2908 Ac

495 2952 711 3006 eazteris
756 2949 1060 3005 secundum
1111 2949 1353 3002 edictum
1401 2947 1842 3016 quiescentibus,
1888 2944 2080 3001 Daniel

494 3045 588 3114 qui
625 3044 692 3097 de
726 3057 879 3096 more
925 3041 1038 3096 Deo
1083 3039 1452 3110 supplicabat,
1498 3039 1714 3094 delatus
1743 3055 1772 3092 a
1818 3039 2080 3108 satrapis,

496 3137 691 3190 bestiis
726 3135 1010 3205 objicitur.
1043 3131 1161 3186 Rex
1191 3131 1397 3201 lapide,
1429 3147 1540 3200 quo
1575 3145 1741 3185 cavea
1779 3129 2080 3185 claudeba-

497 3236 606 3293 tur,
641 3227 880 3294 signato,
925 3223 1160 3278 discedit
1189 3241 1202 3276 :
1243 3237 1477 3292 eamque
1509 3233 1730 3277 noctem
1766 3221 2078 3277 insomnem
2110 3250 2156 3313 ο

493 3319 626 3389 agit,
680 3317 948 3372 sollicitus
999 3324 1053 3370 et
1100 3314 1317 3369 dolens.
1361 3313 1497 3368 Nam
1549 3315 1654 3369 etsi
1715 3313 1999 3369 Danielem
2047 3327 2078 3367 a

496 3411 690 3465 bestiis
720 3425 826 3462 non
863 3408 1052 3462 lxsum
1094 3407 1160 3460 iri
1198 3406 1478 3476 Sperabat,
1519 3406 1725 3475 quippe
1761 3421 1925 3474 quem
1955 3403 2096 3460 san-'

493 3514 584 3558 cto
621 3501 713 3555 Dei
743 3500 952 3568 Spiritu
991 3499 1282 3568 praeditum
1318 3497 1510 3562 sciret,
1565 3512 1676 3550 non
1711 3507 1893 3552 tamen
1928 3505 2080 3550 tran-

496 3596 668 3664 quillo
696 3609 814 3647 esse
838 3593 1022 3646 animo
1049 3600 1284 3661 poterat,
1313 3601 1567 3644 metuens
1599 3606 1668 3645 ne
1692 3589 1824 3659 quid
1849 3589 1900 3644 ei
1930 3589 2080 3644 acci-

496 3690 677 3751 deret,
755 3703 858 3740 nec
909 3685 1003 3740 Dei
1059 3686 1388 3755 potentiam,
1451 3693 1510 3738 ut
1567 3683 1734 3737 homo
1788 3683 2076 3748 barbarus,

497 3781 632 3836 satis
689 3779 1026 3848 intelligens.
1082 3777 1279 3830 Statim
1337 3791 1470 3830 vero
1531 3785 1589 3830 ut
1641 3775 1954 3840 diluxerat,
2011 3776 2080 3831 ad

495 3886 718 3926 caveam
748 3870 972 3923 leonum
1013 3865 1250 3930 accedit,
1297 3864 1578 3920 Danielem
1608 3873 1768 3920 Vocat
1800 3884 1812 3921 :
1852 3880 2083 3936 respon-

493 3965 720 4019 dentem
774 3961 988 4017 extrahi
1037 3960 1218 4031 jubet,
1259 3958 1528 4012 intactum
1559 3967 1614 4012 et
1647 3958 1858 4012 salvum
1886 3959 2082 4013 videns

493 4054 864 4126 obstupescit.
916 4052 1024 4107 Sed
1061 4068 1187 4107 cum
1228 4051 1506 4106 delatores
1549 4050 1842 4114 dixissent,
1891 4051 2084 4106 leones

495 4148 570 4203 ob
619 4148 967 4202 saturitatem
1011 4144 1169 4199 illum
1215 4159 1324 4198 non
1368 4143 1660 4213 attigisse:
1713 4141 2084 4212 improbitatis

498 4242 718 4295 illorum
751 4239 902 4303 odio,
944 4238 1229 4292 intellecta
1255 4236 1454 4290 fraude
1479 4244 1646 4305 atque
1680 4235 1919 4302 insidiis,
1948 4252 2085 4306 quas

499 4332 784 4402 prophetae
829 4339 1171 4395 struxerant,
1222 4327 1432 4382 all'atim
1483 4327 1690 4382 bestias
1727 4328 2082 4400 pascijubet,

498 4425 680 4492 iisque
708 4425 819 4492 jam
862 4421 1077 4476 satiatis
1109 4430 1464 4474 accusatores
1509 4421 1749 4475 Danielis
1791 4422 1981 4492 ohjiel,
2026 4430 2087 4476 ut

2111 1895 2160 1956 B

2187 630 2248 700 ἐχ
2259 629 2477 700 ρήσατο.
2503 619 2582 682 Τά
2606 628 2705 700 μὲν
2727 622 2821 683 οὖν
2843 631 3148 701 γράμματα
3173 631 3539 700 ἀνεγίνωσκεν
3562 633 3736 696 οὕτως
3755 651 3770 665 ο

2185 721 2385 792 Mari),
2435 723 2644 791 Θεκὲλ,
2693 724 2904 793 Φαρές.
2962 725 3075 797 Τὴν
3128 725 3185 778 δὲ
3243 725 3451 780 τούτων
3491 726 3772 798 σημασίαν

2187 813 2511 884 ἑρμηνεύων
2531 813 2716 884 ἔλεγεν
2737 831 2753 849 ο
2795 815 3160 886 Ἥριθμησεν
3186 819 3220 871 δ
3247 817 3391 884 Θεὸς
3413 816 3522 872 τὸν
3548 820 3775 887 χρόνον

2185 903 2296 974 τῆς
2332 903 2475 973 ζωῆς
2512 922 2653 973 σου,
2691 908 2787 962 καί
2817 909 2930 978 τῆς
2959 909 3158 979 ἀρχῆς
3183 924 3324 978 σου,
3365 912 3464 966 καί
3494 915 3580 980 εις
3619 913 3776 984 ἄγαν

2178 995 2382 1065 ,βραχὺ
2413 997 2838 1066 περιέστησεν.
2883 999 3373 1074 Ἐξελληνιζομένη
3421 1005 3517 1058 καὶ
3547 1006 3582 1077 ἡ
3628 1005 3774 1072 λέξις

2184 1086 2387 1155 λέγοιτ’
2421 1087 2488 1142 ἂν
2541 1089 2776 1160 ἀριθμός
2803 1105 2820 1123 ⁶
2877 1090 3021 1146 οὕτω
3073 1093 3174 1164 μὲν
3227 1093 3322 1148 οὖν
3355 1096 3671 1166 ἡρμήνευσε
3710 1100 3772 1150 τὸ

2182 1178 2381 1247 Marri.
2426 1181 2500 1234 Τὸ
2545 1181 2604 1236 δέ
2645 1198 2710 1251 γε
2746 1185 2956 1253 Θεκέλ,
2996 1186 3286 1256 σημαίνειν
3341 1188 3447 1258 ἔφη
3505 1189 3770 1260 σταθμόν.

2184 1271 2401 1342 Στησας
2434 1271 2526 1327 οὖν
2555 1275 2648 1328 τὸν
2677 1275 2803 1347 ὅρον
2831 1277 2933 1346 τῆς
2969 1276 3254 1348 βασιλείας
3289 1297 3383 1334 σου
3417 1283 3445 1334 6
3477 1281 3632 1347 Θεδς,
3670 1298 3773 1334 κα-

2183 1366 2523 1440 ταφέρεσθαι
2597 1368 2804 1438 ταύτην
2884 1369 3038 1440 δηλοῖ
3099 1373 3196 1426 καὶ
3261 1372 3605 1426 κεκλᾶσθαιθ
3673 1373 3773 1426 καὶ

2184 1463 2411 1532 κλάσμα
2466 1460 2578 1532 γάρ
2640 1461 2702 1514 τὸ
2761 1462 2951 1516 Θεκὲλ
3017 1463 3278 1534 σημαίνει
3351 1463 3476 1518 καθ’
3547 1464 3774 1518 Ἐλλάδα

2182 1557 2481 1611 διάλεκτον.
2510 1555 2578 1610 Τὸ
2592 1554 2806 1624 Φαρὲς,
2823 1555 3088 1628 διαίρεσιν
3105 1555 3426 1628 ἑρμηνεύων
3444 1559 3471 1611 6
3486 1559 3774 1628 προφήτης

2185 1649 2364 1722 (τοῦτο
2399 1648 2507 1719 γάρ
2539 1651 2618 1714 είς
2650 1647 2885 1718 Ἕλληνα
2925 1649 3169 1721 φωνὴνὴ
3226 1649 3372 1714 λέξις
3419 1650 3769 1720 μεταγομόνη

2182 1740 2356 1811 δηλοῖ)
2387 1740 2732 1812 διαιρεθῆναι
2775 1741 2878 1814 τὴν
2921 1741 3204 1812 βασιλείαν
3256 1740 3425 1797 αὑτοῦ
3467 1739 3654 1810 ἔλεγεν
3687 1743 3770 1804 είς

2183 1833 2404 1906 Πέρσας
2434 1833 2534 1887 καὶ
2575 1833 2799 1906 Μήδους
2843 1834 2998 1906 παρὰ
3039 1833 3199 1888 Θεοῦ.
3241 1833 3324 1887 Τὰ
3363 1833 3461 1905 μὲν
3485 1830 3579 1890 οὖν
3604 1835 3662 1886 ὲν
3690 1833 3770 1903 τῷ

2186 1926 2354 1998 τοίχῳ
2379 1927 2745 1998 γεγραμμένα
2777 1926 2952 1991 οὕτως
2985 1928 3197 1997 ἀνέγνω
3225 1929 3254 1980 6
3282 1925 3502 1999 Δανιὴλ,
3536 1930 3630 1981 καὶ
3655 1936 3769 1978 τοι-

2189 2017 2362 2088 αύτην
2412 2017 2512 2089 τὴν
2563 2019 2671 2072 τῶν
2725 2018 3006 2073 συλλαϐῶν
3040 2018 3268 2073 ἐκείνων
3309 2019 3606 2090 ἐποιήσατο
3640 2017 3771 2085 σύγ-

2188 2127 2396 2181 κρισιν,
2425 2111 2526 2182 τὴν
2555 2112 2858 2182 ἑρμηνείαν
2881 2112 3108 2184 δηλαδή.
3137 2109 3242 2166 Τὸν
3269 2113 3326 2166 δὲ
3363 2112 3590 2182 βασιλέα
3616 2111 3766 2180 λύπη

2189 2203 2443 2272 κατέσχε.
2481 2202 2593 2257 Καὶ
2631 2203 2748 2273 μετ’
2777 2203 2960 2272 ὀλίγον
2995 2205 3028 2275 ὴ
3057 2203 3152 2258 τοῦ
3185 2205 3469 2274 προφήτου
3497 2201 3768 2272 ἐκϐέϐηκε

2189 2297 2525 2370 πρόρρησις,
2560 2296 2748 2367 Κύρου
2776 2295 2869 2349 τοῦ
2901 2295 3128 2365 Περσῶν
3159 2295 3427 2365 βασιλέως
3473 2297 3562 2350 ἐπ’
3605 2296 3775 2348 αύτίν

2187 2391 2504 2460 ἐλάσαντος,
2560 2391 2650 2460 ὑφ’
2705 2385 2766 2445 οὖ
2809 2391 2844 2460 ἦ
2889 2408 2948 2444 τε
3001 2388 3261 2444 Βαϐυλὼν
3310 2386 3544 2462 ἐλήφθη,
3593 2391 3690 2444 καὶ
3743 2392 3776 2444 6

2188 2484 2481 2556 Βαλτάσαρ
2528 2485 2587 2538 ὲν
2627 2487 2694 2555 τῇ
2727 2483 2928 2538 ἁλώσει
2956 2483 3221 2556 ἀνῄρητο.
3274 2483 3395 2538 Εἰσὶ
3438 2483 3483 2537 δ’
3529 2479 3578 2538 οἳ
3628 2484 3777 2537 κατὰ

2187 2580 2288 2651 τὴν
2343 2578 2515 2632 νύκτα
2571 2577 2808 2648 ἐκείνην,
2860 2577 2983 2632 καθ’
3037 2577 3104 2649 ην
3139 2577 3233 2630 τὸν
3283 2577 3631 2648 ἀστράγαλον
3677 2577 3774 2628 τῖιν

2187 2671 2470 2742 γράφοντα
2501 2669 2788 2735 ἐθεάσατο,
2832 2671 2969 2739 φασὶ
2994 2670 3090 2723 καὶ
3117 2669 3218 2740 τὴν
3257 2669 3414 2722 πόλιν
3458 2661 3771 2740 αἱρεθῆναι,

2187 2765 2441 2816 κάκεῖνον
2471 2761 2854 2832 ἀναιρεθῆναι.
2883 2761 3039 2815 Μετὰ
3077 2761 3134 2814 δὲ
3174 2761 3273 2832 τὴν
3308 2761 3408 2829 τῆς
3450 2759 3768 2822 Βαϐυλῶνος

2187 2855 2392 2910 ἅλωσιν
2436 2855 2465 2907 6
2507 2857 2797 2925 προφήτης
2835 2852 3030 2925 Δανιὴλ
3074 2855 3226 2924 παρὰ
3263 2853 3493 2923 Δαρείου
3523 2847 3618 2907 τοῦ
3649 2855 3776 2924 Μή-

2186 2945 2304 3011 δου,
2340 2946 2398 3008 δς
2435 2945 2532 3000 καὶ
2563 2943 2862 3014 Κυαξάρης
2893 2935 3204 3013 ὠνόμαστο,
3247 2942 3343 2996 καὶ
3391 2943 3772 3013 μητράδελφος

2185 3035 2253 3112 ἦν
2281 3039 2376 3094 τοῦ
2412 3039 2622 3110 Κύρου,
2658 3041 2772 3102 υίὸς
2803 3039 2879 3092 ὢν
2907 3039 3243 3106 Ἀστυάγους
3277 3038 3370 3092 τοῦ
3408 3039 3772 3110 βασιλεύσαν-

2186 3150 2278 3196 τος
2307 3129 2509 3204 Μήδων
2556 3131 2693 3202 (78),
2731 3132 2811 3193 είς
2855 3127 3067 3200 Μηδίαν
3101 3133 3422 3202 μετήνεκτο,
3464 3133 3561 3184 καὶ
3587 3132 3772 3202 πάσης

2188 3223 2406 3295 ἠξιοῦτο
2427 3223 2614 3294 τιμῆς.
2648 3221 2804 3276 Οὕτω
2827 3222 2872 3276 δ’
2902 3222 3064 3293 ἔχων,
3096 3221 3371 3294 ἐφθονήθη
3398 3225 3549 3294 παρά
3571 3224 3679 3277 τῶν
3713 3226 3771 3275 ὲν

2187 3317 2397 3388 Μήδοις
2421 3315 2822 3387 ὑπερεχόντων,
2847 3317 2939 3369 καὶ
2966 3316 3318 3387 μηχανῶνται
3339 3317 3541 3387 τρόπον
3563 3317 3686 3372 καθ’
3709 3311 3770 3371 δν

2183 3412 2422 3483 ἧλπισαν
2455 3409 2724 3463 ἀπολέσαι
2751 3409 2939 3464 αὐτόν.
2993 3408 3268 3481 Ὀρῶντες
3305 3411 3416 3481 γάρ
3455 3411 3619 3464 αὐτὸν
3643 3412 3766 3482 τρὶς

2182 3505 2282 3575 τῆς
2326 3502 2544 3574 ὴμέρας
2589 3502 3031 3574 προσευχόμενον
3080 3502 3160 3571 τῷ
3197 3502 3338 3574 Θεῷ,
3380 3503 3642 3575 προσίασι
3688 3504 3768 3575 τῷ

2185 3593 2456 3668 Κυαξάρῃ
2512 3595 2626 3667 (77)
2683 3593 2763 3664 τῷ
2821 3595 2918 3649 καὶ
2977 3595 3212 3669 Δαρείῳ,
3263 3595 3544 3661 ἀξιοῦντες
3599 3597 3765 3649 αὐτὸν

2186 3688 2358 3742 θεῖναι
2398 3689 2584 3758 νόμον,
2621 3687 2710 3741 ἵνα
2745 3687 2838 3740 ἐπὶ
2875 3687 3172 3759 τριάκοντα
3215 3689 3436 3760 ἡμέρας
3481 3689 3556 3760 μή
3597 3696 3680 3752 τις
3731 3687 3766 3760 η

2184 3781 2294 3842 τοῖς
2330 3780 2473 3845 θεοῖς
2513 3779 2958 3851 προσευχόμενος
2982 3780 3093 3851 εἴη,
3125 3780 3254 3852 μήτ’
3284 3781 3453 3835 αὑτοῦ
3478 3781 3571 3834 τοῦ
3608 3781 3766 3851 βασι-

2183 3873 2320 3935 λέως
2346 3872 2622 3942 δεόμενος,
2654 3872 2750 3925 καὶ
2778 3873 2873 3926 τὸν
2903 3872 2978 3944 μὴ
2999 3872 3091 3926 τὸν
3127 3873 3292 3943 νόμον
3329 3873 3640 3944 φυλάξαντα
3689 3876 3769 3937 εἰς

2185 3967 2276 4019 τὸν
2296 3964 2404 4018 τῶν
2431 3964 2660 4018 λεόντων
2682 3965 2890 4020 λάκκον
2920 3965 3310 4035 ἐμϐάλλεσθαι.
3361 3965 3421 4020 '0
3447 3965 3503 4019 δὲ
3536 3968 3597 4020 τὸ
3626 3968 3770 4020 κατὰ

2185 4057 2280 4110 τοῦ
2336 4055 2537 4126 Δανιὴλ
2597 4056 2732 4128 παρ’
2795 4055 2979 4111 αὐτῶν
3043 4057 3414 4128 τυρευόμενον
3469 4058 3769 4127 ἀγνοήσας,

2187 4149 2545 4219 προύτέθεικε
2562 4149 2928 4220 πρόγραμμα,
2951 4151 3020 4202 τὰ
3037 4151 3305 4221 εἰρημένα
3325 4147 3773 4221 διαταττόμενον.

2187 4245 2251 4300 Οἱ
2279 4244 2376 4315 μὲν
2401 4239 2497 4297 οὖν
2523 4243 2677 4297 ἄλλοι
2700 4242 2946 4314 ἠρέμουν
2976 4243 3119 4294 κατὰ
3148 4243 3208 4296 τὸ
3233 4243 3536 4312 θέσπισμαο
3567 4244 3774 4313 Δανιὴλ

2187 4335 2245 4388 δὲ
2300 4334 2442 4387 κατὰ
2504 4333 2566 4387 τὸ
2624 4333 2746 4397 ἔθος
2779 4332 2946 4386 αὑτοῦ
2975 4332 3179 4404 ηὔχετο
3231 4333 3311 4404 τῷ
3359 4334 3502 4406 Θεῷ.
3555 4337 3664 4390 Καὶ
3723 4339 3776 4391 οί

2189 4430 2476 4500 Σατράπαι
2531 4430 2799 4481 κατεῖπον
2829 4428 2997 4481 αύτοῦ
3050 4429 3190 4499 πρὸς
3232 4429 3326 4484 τὸν
3375 4429 3621 4500 βασιλέα,
3675 4435 3776 4486 καὶ

497 4525 950 4584 cognosceretur,
998 4531 1068 4568 an
1114 4515 1302 4568 leones
1336 4515 1407 4567 ob
1447 4514 1791 4568 saturitatem
1829 4515 2083 4568 homines

2192 4520 2336 4575 κατὰ
2360 4520 2454 4572 τὸν
2501 4518 2667 4588 νόμον
2703 4516 2946 4590 ἀπῄτουν
2977 4522 3054 4584 είς
3106 4522 3198 4574 τὸν
3234 4521 3439 4576 λάκκον
3475 4525 3638 4576 αὐτὸν
3665 4525 3775 4577 τῶν

503 4625 612 4662 non
657 4619 964 4676 tangerent.
1001 4607 1140 4659 Tum
1177 4606 1449 4675 improbis
1495 4605 1604 4660 illis
1643 4607 1830 4660 statim
1873 4607 2082 4662 dilace-

2189 4613 2420 4667 λεόντων
2449 4612 2841 4682 ἐμϐάλλεσθαι.
2882 4613 3183 4684 Βληθέντος
3209 4613 3256 4669 δ’
3288 4619 3407 4670 ἐκεῖ
3430 4617 3525 4670 τοῦ
3559 4620 3775 4690 προφή-

503 4700 657 4762 ratis,
691 4699 1046 4768 perspicuum
1089 4699 1192 4751 luit
1221 4697 1502 4758 omnibus,
1525 4699 1591 4750 'vi
1624 4698 1860 4768 quadam
1895 4701 2081 4755 divina

2188 4723 2305 4772 του,
2329 4707 2420 4758 τὸν
2445 4707 2538 4758 ἐπὶ
2557 4705 2651 4758 τοῦ
2691 4705 2914 4776 στομίου
2936 4705 3082 4760 λίθον
3110 4709 3420 4779 σφραγίσας
3443 4711 3471 4763 6
3495 4709 3774 4780 βασιλεὺς,

503 4791 784 4844 Danielem
829 4799 1213 4844 conservatum
1255 4806 1402 4855 esse,
1455 4791 1729 4847 obturatis
1778 4791 2082 4847 bestiarum

2192 4799 2562 4868 ἀνεχώρησεν.
2596 4797 2876 4861 ’Ᾱγωνιῶν
2928 4797 2986 4850 δὲ
3046 4799 3142 4852 καὶ
3191 4799 3393 4867 ἀλγῶν,
3443 4801 3648 4864 ᾶῦπνος
3677 4805 3776 4860 τὴν

503 4882 780 4936 faucibus.
834 4882 1026 4951 Itaque
1081 4897 1176 4937 rex
1241 4883 1526 4952 prOphetze
1597 4884 1764 4938 Deum
1819 4886 2083 4953 celebrat,

2195 4890 2368 4942 νύκτα
2403 4889 2692 4959 διήγαγεν.
2729 4889 2969 4942 ’Ήλπισε
3004 4890 3106 4960 μὲν
3130 4891 3260 4962 γὰρ,
3298 4892 3372 4961 μὴ
3405 4891 3776 4963 βλαϐήσεσθαι

501 4979 665 5046 eique
691 4978 930 5047 majores
958 4977 1124 5029 etiam
1151 4976 1392 5029 honores
1422 4975 1588 5031 habet
1618 4994 1629 5029 :
1655 4986 1710 5031 et
1736 4981 1839 5031 hac
1861 4980 2083 5048 quidem

2195 4983 2288 5035 τὸν
2317 4981 2516 5048 Δανιὴλ
2552 4982 2659 5033 ὑπὸ
2688 4979 2797 5034 τῶν
2821 4980 3048 5050 θηρίων,
3079 4981 3234 5046 σίδὼς
3259 4983 3341 5036 ὅτι
3374 4983 3592 5054 πνεῦμα
3623 4986 3778 5052 ἆγιον

505 5069 778 5140 posterius
817 5069 1036 5125 accidit.

2197 5073 2332 5128 Θεοῦ
2361 5075 2510 5126 ἐστιν
2545 5073 2602 5124 ὲν
2640 5071 2809 5142 αὐτῷ.
2843 5071 2987 5124 Ἀλλ’
3007 5074 3157 5142 ὅμως
3190 5074 3402 5129 δειλιῶν
3430 5075 3668 5146 ἠγωνία,
3699 5075 3775 5145 μή

502 5190 555 5226 τι
606 5172 758 5242 αύτῷ
807 5172 1052 5244 συμϐαίη
1101 5174 1298 5242 κακὸν,
1336 5175 1410 5246 μὴ
1449 5177 1591 5228 πάνυ
1637 5175 1947 5246 γινώσκων,
1998 5175 2086 5233 οἷα
2129 5180 2435 5251 βάρϐαρος,
2495 5180 2596 5248 τὴν
2635 5178 2870 5249 δύναμιν
2917 5175 3012 5230 τοῦ
3061 5173 3220 5228 Θεοῦ.
3265 5174 3426 5242 Ἀρτι
3455 5169 3501 5222 δ’
3564 5169 3779 5241 ἡμέρας

502 5267 926 5339 ἀναλαμψάσης,
975 5269 1052 5339 τῷ
1097 5269 1284 5341 λάκκῳ
1341 5271 1570 5343 ἐπέστη,
1612 5275 1708 5326 καὶ
1758 5275 1942 5328 ἐκάλει
1997 5278 2086 5329 τὸν
2155 5279 2358 5348 Δανιὴλ
2387 5293 2399 5306 '
2437 5279 2466 5330 6
2534 5275 2591 5328 δὲ
2634 5275 3008 5346 ἁπεκρίνατο·
3059 5271 3152 5326 καὶ
3193 5271 3221 5323 6
3258 5270 3515 5341 βασιλεὺς
3550 5267 3776 5324 άνελκυ⁸

505 5366 698 5434 σθῆναι
749 5365 841 5419 τὸν
889 5366 1183 5436 προφήτην
1227 5367 1429 5420 αὐτίκα
1463 5369 1743 5436 ἐκέλευσε,
1785 5376 1879 5424 καὶ
1916 5374 2081 5445 ἀοιγῆ
2122 5374 2313 5426 τοῦτον
2372 5372 2467 5425 καὶ
2525 5370 2665 5422 σῶον
2689 5368 2926 5439 βλέπων,
2951 5366 3228 5433 ἐξίστατο.
3261 5368 3382 5420 Τῶν
3401 5363 3459 5419 δὲ
3483 5363 3776 5418 κατειπόν-

504 5477 612 5512 των
653 5458 840 5520 αὑτοῦ,
877 5463 1087 5532 τροφῆς
1125 5462 1565 5532 κεκορεσμένους
1635 5459 1776 5516 εἶναι
1823 5465 2092 5533 λεγόντων
2132 5468 2258 5530 τοὺς
2321 5465 2565 5528 λέοντας,
2613 5465 2710 5516 καὶ
2758 5463 2848 5516 διὰ
2871 5462 3030 5516 τοῦτο
3079 5461 3155 5533 μὴ
3198 5461 3343 5528 θίξαι
3389 5460 3483 5513 τοῦ
3547 5454 3771 5526 Δανιὴλ,

509 5559 748 5626 μισήσας
799 5559 999 5622 αὐτοὺς
1043 5559 1143 5628 τῆς
1181 5559 1450 5628 πονηρίας
1490 5560 1518 5611 6
1564 5556 1843 5626 βασιλεὺς,
1891 5560 1987 5612 καὶ
2035 5559 2098 5610 τὸ
2140 5556 2280 5611 κατὰ
2304 5556 2396 5609 τοῦ
2439 5555 2720 5626 προφήτου
2754 5555 3061 5628 μηχάνημα
3125 5554 3220 5608 καὶ
3248 5555 3336 5608 τὸν
3367 5555 3517 5608 δόλον
3550 5554 3774 5608 ἐκείνων

1697 5715 1904 5775 Variae
1943 5713 2250 5778 lectiones
2297 5721 2578 5776 et-notaa.

585 5836 694 5907 (76)
725 5837 850 5910 Υίξς
875 5837 987 5910 τοῦί
1014 5838 1378 5908 Ἀστυάγους
1408 5836 1528 5910 τῶν
1552 5839 1776 5908 Μήδων
1795 5838 2093 5905 ,ϐασιλεύ-
2262 5836 2375 5910 (77)
2404 5835 2708 5906 Κυαξάρη.
2735 5836 2874 5894 Cod.
2907 5836 3064 5893 Colb.
3100 5838 3402 5908 Ἀστυάγη.

505 5925 752 5973 σιιντος.
791 5907 915 5964 lleec
942 5909 1143 5963 absunt
1167 5925 1196 5963 a
1227 5907 1355 5965 eod.
1394 5909 1553 5964 Colb.
