4092 6400
398 453 504 516 239

1699 436 2024 501 JOANNIS
2064 435 2386 498 ΖΟΝΑΒιΈ

3553 423 3664 489 240

394 570 643 647 plurimi,
688 575 818 627 sunt
849 584 880 624 a
908 564 1088 624 Persis
1125 559 1420 620 interfecti.
1469 557 1676 615 Eadem
1709 557 1877 614 etiam
1908 555 1977 611 ad

2104 552 2355 616 ῖκύὸαλα,
2385 545 2460 605 ὧν
2493 547 2908 621 ἐνσηπομένων,
2937 542 3093 599 εὐλαί
3124 561 3188 598 τε
3248 543 3346 600 καὶ
3378 541 3666 617 σκώληκες

393 666 779 724 crudelitatem
806 662 984 735 gentis
1011 656 1203 714 referri
1235 662 1460 726 queant.
1486 653 1624 708 Tres
1650 665 1781 707 vero
1807 656 1978 706 costa!

397 761 485 816 vel
520 760 642 824 alae,
674 771 813 828 quas
852 769 948 809 ore
985 749 1231 814 tenebat,
1273 750 1438 802 trium
1485 745 1639 801 orbis
1669 752 1830 798 terra:
1853 756 1979 811 par-

397 853 535 908 tium
590 849 884 918 imperium
943 842 1302 898 denotabant.
1354 838 1492 895 Nam
1543 835 1722 908 Cyrus
1768 830 1979 902 Assyrii

397 941 554 1012 regni
580 955 829 1004 eversor,
875 936 1149 992 orientem
1198 945 1419 988 omnem
1469 941 1646 999 usque
1685 924 1754 980 ad
1795 922 1978 978 Helle-

397 1045 655 1110 spontum
701 1030 938 1102 subegit.
983 1027 1155 1099 Cujus
1197 1025 1342 1080 ﬁlius
1385 1021 1687 1093 Cambyses
1719 1028 1785 1110 et
1818 1014 1982 1087 Egy-

398 1107 553 1202 p—tum
602 1135 659 1181 et
703 1119 1066 1191 A‘JthiOpiam,
1105 1133 1228 1187 qua:
1267 1122 1456 1169 austro
1481 1110 1732 1167 obversa:
1769 1107 1979 1178 jacent,

397 1199 662 1278 obtinuit.
719 1214 918 1271 Darius
961 1217 1145 1265 autem
1193 1205 1477 1279 Hystaspis
1523 1203 1688 1267 ﬁlius,
1747 1199 1982 1271 Scythas

2081 646 2406 711 ἀναζέουσιν
2435 660 2450 676 ο
2482 644 2510 696 6
2550 642 2596 696 δ’
2634 642 3101 710 ἐγκατακείμενος
3137 640 3205 710 τῇ
3241 639 3523 710 ὑγρότητι,
3569 643 3665 694 καὶ

2079 738 2179 802 τὰς
2225 737 2438 808 σάρκας
2480 736 2620 805 αὐτῇ
2662 734 3057 804 ἐνσηπόμενος,
3101 735 3195 786 καὶ
3229 731 3334 786 ὑπὸ
3367 734 3476 786 τῶν
3523 751 3668 787 σκω-

2079 830 2265 898 λήκων
2308 829 2478 891 αὑτὰς
2526 825 2944 896 δαπανώμενος,
2996 823 3172 889 οὕτως
3224 824 3572 896 οἱκτρότερόν
3606 842 3668 878 τε

2081 921 2326 990 θνήσκει,
2373 920 2469 972 καὶ
2511 917 2903 990 χρονιώτερον.
2936 913 3129 987 Ταύτῃ
3153 916 3219 986 τῇ
3253 914 3481 968 κολάσει
3533 916 3668 986 χρή-

2082 1011 2280 1065 σασθαι
2327 1011 2626 1077 ἱστορεῖται
2690 1008 2786 1062 καὶ
2844 1009 2878 1078 ἡ
2918 1004 3234 1076 Παρύσατις
3273 1007 3308 1075 η
3349 1004 3533 1076 Κύρου
3575 1005 3670 1058 καὶ

2092 1101 2319 1172 Ἀρταξέ
2331 1100 2456 1171 ρξου
2482 1100 2686 1173 μήτηρ,
2708 1099 2845 1153 κατὰ
2859 1099 2954 1152 τοῦ
2973 1098 3184 1152 ἀνελεῖν
3199 1097 3289 1150 τὸν
3310 1095 3491 1169 Κῦρον
3507 1097 3674 1168 αὐχή-

2084 1213 2296 1260 σαντος,
2325 1195 2636 1266 μαχόμενον
2689 1193 2817 1264 περὶ
2865 1190 2968 1261 τῆς
3020 1189 3300 1259 βασιλείας
3327 1189 3403 1259 τῷ
3432 1189 3668 1258 ἀδελφῷ,

2081 1287 2175 1340 ἐπὶ
2196 1283 2809 1355 τεσσαρεσκαιδεκάτην
2846 1281 3064 1352 ἡμέραν
3085 1283 3152 1350 τῇ
3178 1279 3420 1350 τιμωρίᾳ
3447 1279 3666 1350 διαρκέ-

400 1407 612 1462 Xerxes
667 1414 836 1473 porro
888 1395 1035 1452 Darii
1093 1395 1240 1448 titius
1289 1389 1644 1460 expeditione
1699 1393 1980 1453 suscepta,

2104 1395 2278 1442 ιαντος
2307 1378 2406 1448 τῆς
2438 1375 2820 1446 σκαφεύσεως.
2869 1375 2935 1428 Ἠ
2969 1373 3070 1445 μὲν
3105 1369 3198 1426 οὖν
3231 1373 3528 1441 σκάφευσις
3557 1369 3668 1442 (79)

399 1507 634 1554 conatus
686 1492 912 1564 quidem
963 1497 1052 1542 est
1109 1486 1386 1554 Europam
1449 1475 1884 1549 subigerezsed
1911 1475 1982 1529 ab

2104 1470 2262 1526 τοιάδε
2292 1488 2378 1534 τις
2421 1465 2564 1524 εἶναι
2625 1467 2936 1542 ἱστόρηται.
2993 1467 3068 1520 T6
3107 1465 3166 1519 δὲ
3213 1464 3487 1529 Ἀνάστα,
3519 1465 3672 1534 φάγε

401 1584 832 1644 Atheniensibus
871 1578 1051 1636 navali
1099 1589 1281 1645 pugna
1323 1573 1526 1638 victus,
1555 1586 1682 1626 eum
1709 1567 1982 1622 dedecore

2104 1561 2340 1631 νάρκας,
2370 1561 2472 1614 οὐκ
2503 1559 2898 1630 ἐπιτρέποντὸς
2928 1561 3101 1624 ἐστιν,
3147 1556 3285 1612 ἀλλὰ
3313 1557 3672 1628 προλέγοντος

402 1682 627 1736 domum
660 1674 842 1730 rediit.
889 1672 1009 1728 Jam
1046 1668 1211 1723 statio
1258 1665 1314 1719 in
1362 1673 1540 1734 parte,
1579 1658 1854 1732 signiﬁcat
1887 1671 1984 1710 eos

2104 1651 2156 1705 τά
2191 1651 2450 1722 ἐσόμενα.
2484 1650 2664 1722 Πολλὴ
2693 1649 2804 1721 γὰρ
2853 1649 3034 1718 φθορά
3086 1649 3196 1701 τῶν
3239 1645 3548 1717 Ἀσσυρίων
3578 1649 3673 1700 καὶ

403 1784 634 1842 regnum
671 1781 782 1821 non
817 1775 1048 1835 prorsus
1076 1758 1402 1822 amissuros,
1455 1753 1551 1809 sed
1584 1753 1705 1823 ejus
1729 1750 1982 1818 exiguam

2104 1744 2196 1798 ιῶν
2267 1743 2702 1815 συμμαχούντων
2751 1741 2982 1805 ἐκείνοις
3024 1739 3131 1793 ὑπὸ
3185 1739 3412 1811 Περσῶν
3463 1755 3521 1791 τε
3579 1737 3675 1792 καὶ

401 1831 614 1936 partem
647 1865 986 1914 retenturos.
1028 1851 1164 1907 Nam
1198 1864 1322 1904 cum
1358 1845 1652 1916 imperium
1691 1841 1826 1896 illud
1851 1839 1982 1893 olim

2104 1839 2292 1909 Μήδων
2315 1839 2555 1906 ἐγένετο.
2588 1836 2749 1889 Εἴποι
2776 1834 2822 1888 δ’
2854 1833 2922 1888 άν
2949 1851 3033 1896 τις
3058 1833 3152 1886 καὶ
3179 1831 3260 1900 τὸ,
3291 1833 3439 1901 Φάγε
3465 1832 3674 1903 σάρκας
3714 1884 3721 1891 ,

394 1923 573 2006 ίοιοηι
617 1948 826 2010 Asiam,
867 1941 1228 2009 rEthiopiam,
1259 1936 1578 2006 lEgyptum,
1613 1931 1982 1994 Palaestinam,

2104 1930 2314 1995 πολλάς,
2348 1931 2450 1997 τῆς
2485 1927 2773 1999 ὠμότητος
2809 1923 2906 1979 τοῦ
2958 1923 3148 1988 ἔθνους
3199 1924 3557 1996 σημαντικόν.
3594 1923 3676 1976 Τὰ

392 2039 771 2101 uPho-niciam,
822 2036 1107 2106 ipsamque
1165 2029 1416 2085 Ciliciam
1475 2034 1710 2090 teneret,
1757 2021 1986 2091 reliquis

2104 2022 2142 2076 ῑέ
2165 2022 2292 2093 τρία
2321 2021 2534 2091 πλευρά
2576 2020 2610 2092 ἢ
2653 2019 2853 2090 πτερά,
2889 2016 2926 2072 ἃ.
2961 2019 3019 2071 ἐν
3061 2017 3140 2088 τῷ
3169 2017 3399 2085 στόματι
3434 2018 3674 2086 κατεῖχε,

403 2132 632 2193 excidit,
682 2103 859 2183 Media
903 2134 961 2181 et
1003 2123 1230 2180 Perside
1263 2119 1519 2175 retentis.
1558 2116 1656 2173 Vel
1691 2114 1858 2170 statio
1895 2113 1986 2167 illa

2104 2117 2187 2187 τὴν
2217 2114 2329 2168 τῶν
2362 2114 2532 2185 τριῶν
2575 2110 2886 2183 τμημάτων
2913 2108 3089 2182 ἀρχὴν
3122 2109 3221 2180 τῆς
3253 2108 3577 2180 οἰκουμένης
3607 2103 3677 2179 ἦν

397 1329 565 1384 vagos
594 1308 811 1366 domuit
845 1321 859 1360 :
894 1304 952 1359 hi
988 1316 1186 1357 versus
1220 1296 1654 1370 septentrionem
1701 1293 1979 1347 habitant.

394 2230 464 2284 ain
500 2235 658 2297 parte
681 2221 885 2277 referri
918 2225 1099 2288 potest
1129 2230 1218 2280 eo,
1253 2213 1402 2284 quod
1434 2211 1726 2266 Persarum
1754 2219 1987 2276 regnum

403 2320 474 2375 ad
514 2327 733 2387 tempus
767 2314 1014 2368 otiosum
1048 2317 1106 2364 et
1141 2309 1399 2379 ignavum
1434 2306 1506 2360 sit
1536 2303 1782 2358 futurum
1813 2317 1828 2354 :
1862 2313 1988 2352 nam

404 2409 722 2468 Alexandro
751 2413 876 2478 post
903 2403 957 2458 id
991 2402 1284 2458 subactum
1327 2407 1572 2462 mortuo,
1614 2397 1734 2467 ejus
1764 2407 1988 2448 monar-

403 2503 616 2561 ehiain
658 2507 895 2571 quatuor
934 2510 1101 2566 regna
1149 2504 1236 2549 est
1279 2492 1564 2546 distracta.
1617 2488 1754 2543 Cum
1804 2494 1990 2541 autem

404 2601 758 2647 successores
795 2587 916 2657 ejus
963 2583 1176 2638 crebris
1219 2581 1363 2635 inter
1415 2594 1536 2635 sese
1585 2577 1791 2649 praeliis
1846 2576 1991 2631 vires

405 2694 538 2738 suas
566 2676 932 2739 attrivissent,
965 2674 1145 2729 Persae
1170 2678 1394 2741 arrepta
1425 2669 1738 2734 occasione,
1774 2681 1992 2722 resum-

409 2782 613 2844 ptaque
652 2767 876 2831 ﬁducia,
926 2765 1158 2820 multum
1196 2763 1265 2818 de
1289 2776 1392 2817 suo
1431 2760 1664 2831 imperio
1693 2774 1994 2829 recupera-

412 2875 560 2920 runt.
591 2860 841 2917 Tertium
865 2858 1067 2916 animal
1093 2855 1376 2931 panthera}
1405 2853 1510 2911 fuit
1531 2851 1735 2919 simile,
1757 2861 1996 2922 quatuor

409 2956 514 3014 alis
540 2952 865 3012 volucribus
891 2954 946 3007 in
982 2952 1149 3006 dorso
1185 2947 1503 3020 praeditum,
1547 2953 1788 3016 quatuor
1826 2943 1996 2996 etiam

411 3052 691 3124 capitibus
738 3049 794 3104 in
844 3063 911 3102 eo
957 3045 1159 3109 enatis,
1204 3040 1295 3097 cui
1336 3038 1615 3110 Propheta
1664 3043 1997 3107 potestatem

411 3160 534 3200 esse
565 3143 748 3198 datam
768 3139 864 3193 ait.
888 3138 1001 3194 Hoc
1025 3133 1226 3189 animal
1257 3131 1552 3202 imperium
1586 3126 1998 3183 Macedonicum

415 3242 796 3308 repraesentat.
822 3230 958 3286 Nam
978 3227 1260 3300 pantherae
1278 3232 1632 3294 comparatus
1650 3229 1736 3278 est
1762 3223 2000 3276 Alexan-

2089 2206 2564 2280 προχαράττοντα.
2591 2203 2775 2276 Κῦρος
2801 2203 2900 2275 μέν
2923 2204 3033 2273 γάρ
3054 2203 3084 2255 6
3109 2201 3211 2272 τὴν
3240 2201 3349 2254 τῶν
3375 2199 3676 2269 Ἀσσυρίων

2092 2300 2369 2371 βασιλείαν
2429 2295 2766 2368 καθῃρηκὼς
2839 2295 2902 2348 τὸ
2969 2294 3109 2364 ἐῷον
3167 2292 3315 2368 ἅπαν
3371 2293 3536 2363 μέχρι
3582 2289 3676 2344 τοῦ

2099 2390 2502 2461 Ἑλλησπόντου
2541 2385 2813 2452 ὑπέταξεν
2849 2402 2865 2418 ο
2899 2390 2928 2440 6
2958 2386 3016 2440 δὲ
3068 2384 3263 2438 τούτου
3290 2385 3418 2448 ,υἰος
3453 2381 3683 2454 Καμϐύ-

2096 2502 2195 2556 σης
2228 2485 2322 2538 καὶ
2352 2485 2450 2554 τὴν
2487 2483 2763 2552 Αἴγυπτον
2803 2481 2900 2537 καὶ
2935 2482 3034 2552 τὴν
3056 2477 3347 2534 Αἰθιοπίαν
3392 2476 3550 2548 ἔσχεν
3591 2475 3683 2545 ὑφ’

2095 2576 2308 2632 ἑαυτόν.
2351 2576 2538 2629 Νότιοι
2577 2573 2624 2628 δ’
2663 2574 2721 2628 αἰ
2759 2573 2940 2646 χῶραι
2974 2565 3138 2627 αὗταί
3178 2572 3308 2623 εἰσι.
3353 2570 3578 2638 Δαρεῖος
3625 2568 3682 2620 δὲ

2093 2671 2122 2723 6
2159 2668 2479 2722 Ὑστάσπου
2505 2665 2602 2722 καὶ
2629 2666 2758 2731 τοὺς
2803 2665 3042 2736 νομάδας
3063 2663 3398 2736 ἐχειρώσατο
3426 2662 3641 2725 Σκύθας
3670 2677 3684 2693 ·

2094 2753 2243 2814 οὗτοι
2271 2759 2316 2813 δ’
2336 2759 2547 2813 οἰκοῦσι
2575 2758 2638 2813 τὸ
2660 2759 2833 2831 κλίμα
2855 2759 2915 2812 τὸ
2942 2757 3178 2831 βόρειον.
3211 2758 3271 2810 '0
3299 2755 3355 2809 δέ
3384 2773 3446 2824 γε
3476 2753 3683 2826 Ξέρξης

2096 2851 2126 2904 6
2181 2849 2275 2905 τοῦ
2337 2853 2591 2922 Δαρείου,
2644 2849 2874 2921 ὥρμησε
2908 2849 3008 2920 μὲν
3041 2847 3185 2902 κατά
3231 2848 3331 2918 τῆς
3391 2843 3682 2916 Εὐρώπης,

2097 2943 2374 3015 κρατῆσαι
2406 2944 2502 2997 καὶ
2541 2943 2748 3015 ταύτης
2789 2940 3132 3013 πειρώμενος
3156 2957 3170 2971 ·
3231 2937 3584 3011 ἀπεκρούσθη
3627 2936 3687 2990 δέ

2099 3053 2162 3106 γε
2183 3037 2465 3108 ναυμαχίᾳ
2499 3035 2640 3108 πρὸς
2674 3035 2982 3105 Ἀθηναίων
3008 3034 3292 3106 ἡττηθεὶς,
3327 3033 3423 3087 καὶ
3451 3031 3687 3095 ἀναζεύ-

2101 3128 2198 3195 ξας
2220 3126 2704 3200 κατῃσχυμμένος.
2729 3125 2804 3178 T6
2827 3126 2871 3178 δ’
2887 3129 2945 3180 ἐν
2971 3126 3127 3196 μέρει
3147 3124 3263 3197 (80)
3295 3124 3489 3194 στῆναι
3511 3123 3571 3175 τὸ
3593 3122 3691 3192 θη-

2118 3222 2233 3291 ρίον
2273 3219 2608 3292 σημαντικὸν
2637 3218 2732 3272 τοῦ
2760 3219 2836 3290 μὴ
2867 3220 3049 3289 πάντη
3082 3217 3182 3287 τῆς
3207 3217 3382 3288 ἀρχῆς
3413 3217 3688 3280 ἐκπεσεῖν,

415 3284 518 3385 de;
548 3327 617 3382 ob
660 3284 1004 3382 celeritatem
1051 3330 1107 3376 et
1159 3319 1486 3390 agilitatem,
1539 3314 1686 3384 quod
1733 3314 1913 3385 ipsum
1946 3321 2003 3368 et

2105 3284 2272 3383 ἀλίγῳ
2299 3284 2361 3366 δέ
2391 3314 2553 3383 μέρει
2601 3284 2836 3380 ταύτης*
2873 3284 3315 3380 περιχραιρῆναιϊ
3341 3284 3554 3377 -Πάσης
3583 3308 3692 3378 γὰρ

417 3423 518 3476 alas
570 3415 895 3481 innuebant,
938 3425 1174 3483 quarum
1213 3405 1504 3478 quaternio
1536 3411 1773 3474 quatuor
1807 3399 2002 3455 mundi

421 3521 610 3584 partes
641 3507 891 3573 notabat,
918 3517 1056 3576 quas
1083 3502 1258 3557 instar
1275 3498 1519 3553 volucris
1543 3502 1627 3551 est
1652 3501 2002 3566 pervagatus,

419 3621 485 3660 ac
521 3615 693 3674 prope
720 3599 969 3654 omnium
1001 3593 1231 3666 potitus.
1268 3591 1514 3658 Quatuor
1541 3588 1743 3658 capita,
1774 3584 2004 3640 divisio-

419 3713 544 3753 nem
578 3691 796 3764 imperii
848 3695 974 3760 post
1019 3688 1140 3758 ejus
1190 3683 1408 3739 obitum
1463 3682 1516 3734 in
1557 3688 1740 3750 partes
1774 3676 2004 3732 totidem

421 3786 798 3843 declararunt.
830 3780 969 3836 Nam
1002 3777 1300 3848 {Egyptum
1331 3773 1662 3828 Ptolemzeus
1693 3768 1824 3839 Lagi
1861 3767 2006 3822 ﬁlius

416 3876 684 3941 obtinuit,
724 3875 955 3946 ejusque
1001 3869 1210 3940 posteri
1260 3881 1437 3936 usqtte
1490 3863 1558 3918 ad
1609 3861 2004 3932 Cleopatram;

417 3971 581 4043 Syria
623 3977 683 4024 et
715 3963 1101 4037 adjacentibus
1137 3958 1462 4031 regionibus
1500 3955 1767 4011 Seleucus
1797 3963 1881 4008 est
1910 3967 2008 4024 po-

413 4066 593 4130 titus;
623 4060 935 4130 Antigonus
963 4057 1148 4112 Asiam
1181 4051 1402 4122 subegit
1427 4067 1442 4117 ;
1492 4047 1825 4104 Macedonia
1851 4046 2008 4101 Anti-

409 4165 579 4226 pater
629 4149 957 4222 imperavitl;
1010 4144 1169 4217 127
1216 4144 1323 4210 Vel,
1377 4152 1436 4198 ut
1482 4141 1707 4212 quidam
1754 4149 2006 4204 narrant,

406 4245 674 4302 .Aridaaus
713 4243 886 4298 frater
932 4237 1227 4295 Alexandri
1286 4251 1353 4290 ex
1405 4247 1561 4306 patre
1586 4232 1862 4302 Philippo.
1919 4230 2010 4286 Ait

404 4341 573 4396 .enim
624 4332 1035 4399 Chaeronensis,
1090 4330 1410 4386 Perdiccam
1467 4325 1705 4381 maxima
1765 4325 2010 4395 potentia

403 4429 744 4502 ,pratditum,
773 4426 959 4481 statim
980 4429 1106 4493 post
1123 4428 1360 4474 mortem
1379 4414 1677 4471 Alexandri
1707 4413 2009 4476 Aridzeum,

425 4534 685 4592 tanquam
721 4517 874 4587 regni
901 4514 1308 4569 munimentum
1343 4509 1655 4570 attraxisse,
1681 4522 1750 4562 ex
1780 4508 2013 4561 muliere

2103 3406 2205 3477 τῆς
2236 3404 2426 3468 Ἀσίας
2460 3403 2654 3475 πρώην
2707 3401 2988 3472 κρατοῦσα
3014 3402 3047 3472 ἡ
3077 3399 3326 3469 βασιλεία
3352 3397 3559 3469 ἐκείνη,
3595 3400 3692 3452 καὶ

2105 3496 2383 3552 Αἰθιόπων
2410 3496 2505 3548 καὶ
2526 3493 2868 3564 Αἰγυπτίων,
2909 3491 3277 3561 Παλαιστίνης
3308 3507 3368 3543 τε
3395 3489 3489 3544 καὶ
3517 3490 3696 3542 ⁴ιθοινί-

2107 3606 2232 3661 κης,
2257 3589 2355 3643 καὶ
2376 3587 2474 3657 τῆς
2497 3584 2705 3656 Αιόύης
2729 3583 2926 3653 αὐτῆς,
2955 3583 3184 3648 ἐξέπεσε
3212 3581 3312 3652 μὲν
3333 3580 3441 3634 τῶν
3463 3579 3694 3645 λοιπῶν,

2107 3679 2464 3752 περιελείφθη
2509 3679 2556 3734 δ’
2589 3678 2730 3749 αὐτῇ
2765 3676 2950 3746 Μηδία
2984 3691 3045 3728 τε
3084 3674 3179 3728 καὶ
3232 3673 3462 3742 Περσίς.
3493 3672 3566 3724 Ἠ
3601 3673 3696 3725 καὶ

2107 3775 2282 3838 ἄλλως
2307 3774 2370 3828 τὸ
2401 3774 2460 3826 ἐν
2495 3772 2654 3843 μέρει
2703 3770 2901 3838 στῆναι
2947 3768 3009 3822 τὸ
3037 3768 3230 3839 θηρίον
3263 3766 3694 3837 ἐκληφθήσεται,

2109 3869 2202 3921 ἐπὶ
2232 3865 2424 3938 καιρόν
2469 3882 2592 3918 τινα
2645 3863 2849 3935 δηλαδὴ
2890 3861 3150 3932 σχολάσαι
3188 3859 3287 3931 τὴν
3331 3859 3442 3913 τῶν
3471 3858 3698 3928 Περσῶν

2111 3961 2413 4033 βασιλείαν,
2449 3957 2546 4013 καὶ
2582 3957 2966 4028 ἀπρακτῆσαι.
3024 3953 3131 4008 Τοῦ
3184 3953 3296 4024 γὰρ
3341 3952 3696 4022 Ἀλεξάνδρου

2110 4049 2496 4124 καθῃρηκότος
2539 4049 2738 4115 αὐτὴν,
2785 4040 2908 4099 εἷτα
2958 4044 3238 4110 θανόντος,
3286 4043 3368 4106 είς
3422 4044 3697 4114 τέσσαρας

2111 4145 2288 4214 ἀρχάς
2325 4144 2358 4212 ἡ
2409 4141 2624 4195 ἐκείνου
2660 4136 2934 4211 μοναρχία
2982 4137 3232 4210 διῄρητο.
3284 4136 3420 4191 Κατ’
3452 4135 3700 4208 ἀλλήλων

2110 4235 2167 4289 δὲ
2198 4233 2309 4288 τῶν
2359 4233 2627 4303 διαδόχων
2682 4231 2849 4286 αὑτοῦ
2900 4231 3297 4302 χωρησάντων,
3349 4227 3445 4281 καὶ
3493 4230 3551 4280 ἐν
3580 4230 3699 4291 ταῖς

2114 4326 2249 4397 πρὸς
2286 4325 2549 4394 ἀλλήλους
2575 4325 2777 4394 μάχαις
2801 4322 3210 4393 ἠσθενηκότων,
3231 4321 3281 4373 oi
3306 4321 3511 4391 Πέρσαι
3539 4319 3700 4374 πάλιν

2114 4414 2314 4484 καιροῦ
2379 4415 2675 4486 λαϐόμενοι
2735 4414 3155 4486 ἀνεθάρσησαν,
3222 4413 3318 4466 καὶ
3379 4411 3551 4466 πολλά
3604 4413 3702 4483 τῆς

2117 4511 2386 4580 σφετέρας
2425 4510 2600 4580 ἀρχῆς
2645 4509 3044 4577 ἀνεκτήσαντο.
3092 4505 3166 4559 Τὸ
3195 4506 3254 4559 δέ
3283 4505 3468 4576 τρίτον
3515 4503 3703 4575 θηρίον

416 4609 654 4682 ignobili
681 4615 738 4661 et
760 4605 973 4675 vulgari
1001 4611 1210 4667 ortum,
1242 4608 1299 4654 et
1327 4599 1530 4653 mentis
1565 4613 1760 4667 parum
1788 4612 2003 4668 compo-

2121 4601 2393 4674 παρδάλει
2454 4597 2525 4672 ἦν
2581 4601 2846 4671 ἐμφερὲς,
2899 4599 2994 4652 καὶ
3055 4598 3231 4668 πτερὰ
3290 4592 3406 4666 εἶχε
3458 4595 3704 4667 τέσσαρα

400 4712 538 4758 -tem
575 4717 589 4753 :
620 4714 725 4753 non
758 4697 979 4767 quidem
1012 4696 1087 4748 ita
1115 4691 1387 4764 genitum,
1409 4689 1508 4746 sed
1535 4688 1806 4744 veneﬁcio
1825 4687 2014 4761 Olym-

403 4793 611 4866 piadis
647 4799 1000 4858 corruptum.

2122 4693 2378 4747 πετεινοῦ
2433 4693 2692 4764 ὑπεράνω
2746 4691 2945 4754 αὐτῆς.
2998 4691 3109 4744 Καὶ
3149 4690 3417 4759 τέσσαρες
3471 4688 3706 4758 κεφαλαὶ

2123 4782 2404 4854 τούτῳτῷ
2457 4783 2634 4855 θηρίῳ
2680 4781 3054 4851 ἐπεφύκεσαν,
3106 4779 3204 4834 καί⁵
3246 4777 3500 4846 ἐξουσίαν
3557 4779 3709 4844 λέγει

414 4892 648 4962 ,δοθῆναι
684 4888 833 4958 αὐτῷ
862 4887 998 4958 (8.1).
1029 4883 1203 4938 Τοῦτο
1228 4879 1285 4935 δέ
1310 4879 1372 4934 τὸ
1407 4877 1600 4951 θηρίον
1626 4877 1729 4947 τὴν
1794 4878 2176 4948 Μακεδονικὴν
2243 4878 2481 4943 εἰκόνιζε
2545 4876 2846 4949 βασιλείαν.
2875 4873 3148 4947 Παρδάλει
3203 4873 3301 4944 μὲν
3353 4871 3462 4942 γάρ
3489 4870 3709 4941 ῂκάσθη

1615 5015 1828 5078 Variae
1863 5014 2177 5078 lectiones
2223 5023 2284 5076 et
2319 5023 2508 5078 noue.

483 5155 618 5224 ,(79)
653 5150 1018 5224 Σκάφευσις.
1045 5144 1231 5224 Persis
1256 5142 1520 5224 usitatum
1557 5141 1912 5224 supplicium,
1945 5139 2016 5194 il-

429 5210 638 5298 ludque
677 5210 1024 5298 praiczeteris
1047 5215 1463 5298 acerbissimum
1489 5228 1554 5268 ac
1583 5210 2014 5298 atrocissimum,

433 5281 753 5355 u—trtEStat'ur
780 5289 1068 5358 Eunapius
1115 5287 1169 5340 in
1204 5285 1461 5358 Maximo,
1490 5299 1612 5358 pag.
1645 5281 1750 5358 1οξ
1779 5299 1791 5335 :
1828 5282 2021 5358 Μικρὰ

595 5369 651 5438 (ἡ
676 5352 1132 5440 συμφοραὶ-καὶ
1172 5358 1206 5427 ἡ
1257 5352 1504 5440 ἰιερσῶνί
1544 5352 1842 5440 λεγομένη..
1873 5353 2024 5440 σκά-

436 5422 542 5510 {pili
554 5422 714 5500 025-1»)
721 5422 807 5489 aut
824 5422 1176 5510 'scjup'ltismnus,
1194 5422 1512 5510 supplicium
1537 5422 1714 5510 Persis
1727 5425 2021 5510 .usita‘t‘um,

436 5492 548 5582 {me
575 5492 846 5582 tormentis
871 5503 988 5582 huic
1018 5499 1200 5582 «illatis
1225 5492 1450 5582 patruum
1482 5495 1664 5574 fuerit.
1700 5493 1840 5548 Hinc
1873 5492 2023 5582 ἦκα-

437 5562 660 5650 ξρεύειν,
705 5576 848 5645 apud
877 5572 1140 5650 Διέεεείιιιιι
1186 5562 1256 5650 in,
1287 5562 1525 5650 Persicis
1563 5563 1924 5650 pag.‘n,rubi
1955 5562 2024 5650 de

440 5634 891 5719 Αεριιιιίίιτιξηυί
924 5641 1162 5719 Xerxem
1207 5648 1264 5719 et
1305 5637 1584 5719 Aridaeum
1648 5634 2021 5719 interfecerat,

439 5705 672 5788 et'apud
727 5705 1083 5788 Plutarchum
1127 5716 1182 5788 l_n
1231 5712 1555 5788 Artaxerxe,
1613 5705 2026 5788 arquo'hau'sit

439 5774 682 5845 Zonaras
726 5801 848 5855 qua:
896 5782 1078 5855 habet
1122 5779 1467 5855 de_huju_sCe
1515 5775 1770 5855 supplicii
1816 5774 2025 5855 Persici
2070 5779 2076 5784 '

419 5844 850 5929 -descriptiobe,_
863 5850 1296 5929 t_antetsi_verbis
1311 5844 1668 5929 aliquantum
1688 5844 2024 5929 immutatis,

443 5915 540 5988 ubi
566 5915 647 5987 de'
667 5915 987 5986 Mithridate
1010 5924 1104 5995 qui
1125 5921 1328 5993 Cyrum
1357 5915 1434 5977 se‘
1448 5916 1794 5977 interfecisse
1821 5915 2027 5986 gloria-

2115 5139 2301 5194 batur.
2336 5137 2473 5192 Vide
2524 5147 2792 5207 prreterea
2845 5135 3047 5190 Baron.
3089 5132 3156 5188 ad
3192 5131 3469 5207 Martyrol.
3506 5131 3576 5185 ‘28
3605 5131 3709 5187 Ju-

2117 5211 2198 5273 lii,
2299 5204 2599 5262 Antonium
2625 5206 2961 5270 Gallonium,
2994 5208 3066 5259 De
3088 5204 3362 5258 cruciatib.
3390 5212 3708 5272 martyrum,

2120 5295 2180 5332 ι).
2287 5319 2298 5332 .

2120 5295 2307 5417 ν’(ἷςῗὺ
2343 5349 2414 5402 Τὸ
2446 5348 2499 5400 δ’
2526 5349 2595 5400 ἐν·
2615 5349 2784 5417 μέρει
2811 5343 3063 5417 στῆναι..
3095 5342 3196 5417 Ἐν
3219 5343 3405 5414 μέρει,
3433 5342 3590 5408 alias,
3619 5357 3714 5412 per

2122 5415 2554 5480 vices,'vicissim.
2584 5415 2804 5471 alternis
2831 5433 2848 5471 :
2880 5415 2976 5471 sed
3011 5415 3105 5469 hic
3130 5415 3293 5469 aliter
3324 5429 3447 5470 esse
3487 5423 3710 5469 verten-

2124 5491 2256 5544 dum
2282 5492 2552 5546 sententia
2585 5490 2770 5545 docet.
2801 5487 2893 5543 W.

2195 5564 2307 5630 (8|)
2339 5562 2448 5614 Καὶ
2497 5561 2791 5623 ἐξουσίαν
2829 5558 2999 5630 λέγει
3028 5554 3285 5623 δοθῆναι
3308 5553 3490 5619 αὐτῷ.
3515 5553 3709 5630 Αέχει,

2123 5623 2336 5686 scilicet
2362 5636 2388 5683 6
2414 5647 2521 5700 προ
2534 5631 2706 5700 ,ρήτης
2731 5623 3013 5700 αὐτίμξτῷ
3048 5629 3226 5696 θηρίῳ
3248 5645 3261 5658 ο
3306 5643 3409 5700 nec
3439 5627 3587 5700 enim
3624 5623 3713 5700 itt-

2135 5695 2513 5770 telligendutit,
2540 5695 2627 5754 ὅτι
2662 5695 2726 5752 τὸ
2753 5695 2944 5769 θηρίον
2977 5695 3136 5765 λέγει
3162 5699 3344 5769 ἐαυτῷ
3377 5695 3718 5770 δοθῆναι-ἐξ-

2115 5764 2340 5836 -ουσίΞν,
2370 5779 2677 5841 potestatem
2707 5764 2940 5824 sibi'csse
2964 5764 3150 5822 datam
3189 5783 3207 5822 .'
3243 5764 3368 5841 nain
3408 5764 3716 5841 in_Danie_l_e

2128 5843 2234 5898 hoc
2263 5833 2476 5899 tantum
2507 5843 2731 5914 legitur,
2759 5843 2908 5911 eique
2944 5841 3132 5894 datum
3173 5848 3246 5894 est
3287 5839 3590 5910 imperium.
3624 5833 3712 5891 W.
