4092 6404
428 365 536 431 241
1692 375 2110 439 ANNALIUM
2154 379 2303 440 LIB;
2346 380 2461 442 I-ll.
3587 392 3720 454 “21:?

445 480 800 551 Ἀλέξανδρος
832 484 920 539 διά
950 485 1012 539 τὸ
1045 485 1351 560 ὀξύρροπον
1383 487 1478 542 καὶ
1522 487 1830 560 εὐκίνητον,
1865 490 1895 544 δ
1956 490 2052 544 καὶ
2124 491 2193 545 τά
2240 493 2418 566 πτερά
2470 495 2714 567 ἐδήλουν.
2765 498 2829 552 'll
2887 499 2952 553 δὲ
3002 501 3210 557 τούτων
3262 506 3586 575 τετρακτὺς,
3635 509 3706 562 τὰ

428 573 676 647 τέσσαρα
730 581 832 650 τῆς
862 581 1194 654 οἰκουμένης
1223 583 1365 655 μέρη
1401 583 1672 655 ᾐνίττετο,
1720 584 1757 640 ά
1810 585 2016 657 πτηνοῦ
2043 584 2227 657 διῆλθε
2264 588 2490 655 τρόπον,
2557 591 2652 646 καί¹
2719 593 2909 662 σχεδὸν
2965 595 3224 650 ἁπάντων
3267 573 3594 668 ἐκράτησεν.
3635 601 3704 654 Δί

429 665 489 718 δέ
523 683 587 734 γε
614 668 882 742 τέσσαρες
945 672 1184 742 κεφαλαὶ
1221 674 1322 745 τὴν
1365 675 1505 745 μετὰ
1542 675 1772 730 θάνατον
1815 677 2028 732 ἐκείνου
2061 678 2332 750 διαίρεσιν
2389 682 2688 753 ἐσήμαινον
2736 685 2835 755 τῆς
2882 685 3078 758 ἀρχῆς.
3133 685 3228 750 Et;
3257 665 3366 758 γάρ
3425 665 3704 763 τέσσαρας

434 758 769 837 βασιλείας-ἡ
800 767 1012 823 ἐκείνου
1041 770 1366 841 ἐπικράτεια
1393 769 1619 843 διῄρητο
1647 789 1662 806 ο
1708 773 1806 827 καὶ
1826 773 1928 843 τῆς
1986 774 2089 845 μὲν
2125 774 2406 843 Αἰγύπτου
2439 777 2773 849 Πτολεμαῖος
2799 781 2828 834 6
2856 781 3042 847 Λάγου
3071 784 3406 854 κεκράτηκε,
3437 785 3534 838 καὶ
3565 758 3614 839 οί
3645 787 3706 852 ἐξ

431 855 643 912 ἐκείνου
692 862 855 931 μέχρι
879 863 982 934 τῆς
1010 865 1372 936 Κλεοπάτρας
1403 884 1416 897 ·
1447 867 1546 935 τῆς
1587 865 1642 919 δέ
1694 882 1758 936 γε
1809 866 2014 938 Συρίας
2049 869 2154 923 καῖ’
2224 869 2337 925 τῶν
2407 872 2546 944 αὐτῇ
2600 874 2888 944 προσεχῶν
2939 876 2967 929 6
3023 874 3286 939 Σέλευκος
3334 877 3655 947 ἐκυρίευσεν
3685 895 3699 908 ·

445 951 753 1020 Ἀντίγονος
781 954 839 1008 δέ
864 953 964 1025 τὴν
987 957 1178 1010 Ἀσίαν
1205 957 1296 1026 ὑφ’
1324 959 1516 1012 ἑαυτὸν
1543 957 1846 1028 ἐποιήσατο
1874 974 1890 991 ο
1921 959 2019 1030 τῆς
2057 959 2116 1014 δέ
2144 962 2484 1027 Μακεδονίας
2503 959 2674 1035 ἦρξεν
2697 965 3077 1035 Ἀντίπατρος,
3138 967 3214 1030 ὡς
3243 967 3320 1021 δέ’·
3340 985 3494 1032 τινες
3553 970 3702 1022 ίστο-

437 1048 648 1115 ροῦσιν,
679 1050 708 1103 6
737 1050 1011 1121 Ἀριδαῖος
1045 1051 1276 1122 ἀδελφὸς
1301 1054 1633 1127 ἐτεροθαλὴς
1685 1056 1752 1109 ἐκ
1799 1056 2013 1126 πατρὸς
2050 1056 2128 1113 ὢν
2164 1058 2542 1132 Ἀλεξάνδρου.
2589 1062 2729 1134 Φησὶ
2772 1065 2880 1133 γὰρ
2951 1065 2979 1116 6
3024 1065 3344 1133 Χαιρωνεὺς
3413 1066 3506 1120 τὸν
3554 1067 3698 1138 Περ-

430 1147 648 1210 δίκκαν,
682 1148 824 1217 μετὰ
850 1147 1088 1204 θάνατον
1127 1151 1486 1223 Ἀλεξάνδρου
1528 1153 1587 1206 ἐν
1650 1152 1886 1222 μεγίστῃ
1952 1152 2182 1224 δυνάμει
2223 1153 2376 1220 ὄντα,
2443 1155 2604 1220 εὐθὺς
2647 1157 2741 1212 τὸν
2789 1159 3059 1230 Ἀριδαῖον
3107 1159 3297 1232 ὥσπερ
3339 1161 3701 1233 δορυφόρημα

433 1241 711 1308 βασιλείας
764 1244 1125 1310 ἐφέλκεσθαι,
1164 1248 1430 1314 γεγονότα
1480 1247 1581 1318 μὲν
1635 1249 1704 1303 ἐκ
1753 1247 2014 1319 γυναικὸς
2054 1249 2245 1316 ἀδόξου
2306 1253 2399 1306 καὶ⁹
2433 1255 2642 1325 κοινῆς,
2681 1255 2846 1326 ἀτελῆ
2899 1255 2957 1309 δὲ
2993 1256 3094 1328 τὴν
3127 1257 3391 1328 φρόνησιν
3416 1257 3570 1325 ὄντα,
3638 1259 3701 1311 οὐ

430 1333 592 1402 φύσει
624 1333 870 1388 τοιοῦτον
918 1337 1286 1407 προαχθέντα,
1337 1339 1475 1394 ἀλλὰ
1529 1339 1632 1411 τῆς
1666 1339 2032 1410 Ὀλυμπιάδος
2071 1342 2386 1412 φαρμάκοις
2415 1345 2812 1416 διαφθειράσης
2846 1346 3116 1418 αὐτῷτὴν
3147 1349 3411 1406 διάνοιαν.

503 1427 579 1485 Ζ’.
620 1429 730 1484 Τοῦ
759 1430 818 1484 δὲ
846 1433 1113 1502 τετάρτου
1160 1433 1354 1504 θηρίου
1382 1434 1522 1500 εἶδος
1552 1437 1651 1508 μὲν
1677 1437 1782 1490 οὐκ
1814 1437 2013 1506 ἐσήμα-

2193 1437 2307 1494 Vll.
2334 1438 2528 1507 Quarti
2552 1440 2810 1498 animalis
2835 1441 3070 1497 formam
3113 1458 3224 1498 non
3261 1445 3534 1514 expressit
3562 1446 3704 1500 Pro-

428 1540 521 1577 νεν
549 1524 578 1576 ὀ
610 1526 919 1595 προφήτης,
959 1527 1196 1599 φοϐερὸν
1224 1527 1272 1582 δ’
1304 1524 1426 1583 εῖπε
1456 1531 1638 1597 τοῦτο,
1671 1531 1766 1585 καὶ
1799 1523 2012 1602 ἐκθαμέ

2120 1529 2310 1600 pheta,
2344 1531 2440 1587 sed
2472 1532 2825 1589 formidabile
2862 1542 2918 1589 et
2949 1534 3198 1589 terribile
3253 1535 3531 1602 nominat,
3589 1551 3708 1592 ma-

426 1615 524 1668 6ον
551 1615 849 1687 περισσῶς,
879 1617 1101 1684 ὀδόντας
1137 1619 1261 1691 ἔχον
1301 1623 1573 1692 μεγάλους
1601 1625 1700 1678 καὶ
1733 1624 2013 1697 σιδηροῦς,

2120 1621 2244 1692 guis
2272 1622 2470 1679 ferreis
2499 1625 2760 1682 dentibus
2786 1641 2990 1682 vorans
3019 1638 3074 1683 et
3103 1628 3508 1696 comminuens,
3527 1637 3583 1683 et
3611 1645 3701 1684 re-

425 1705 610 1760 ἐσθίον
632 1725 692 1760 τε
725 1708 820 1761 καὶ
847 1708 1243 1774 λεπτῦνον,καὶ
1268 1714 1337 1767 τά
1367 1715 1626 1770 ἐπίλοιπα
1663 1720 2009 1788 συμπατοῦν,

425 1799 525 1853 καὶ
551 1799 613 1853 τὸ
640 1799 899 1873 διάφορον
919 1804 1090 1859 αὐτοῦ
1111 1807 1251 1876 πρὸς
1281 1808 1348 1862 τά
1370 1813 1808 1882 προηγησάμενα
1840 1815 2010 1888 θηρία

387 1889 392 1893 ’
426 1891 535 1963 ἔφη
563 1893 855 1964 τυγχάνειν
877 1895 1035 1950 πολύ.
1069 1896 1134 1950 Ἥ
1152 1898 1262 1952 τῶν
1300 1899 1590 1970 Ῥωμαίων
1617 1903 1675 1956 δὲ
1698 1904 1786 1959 διά
1813 1906 2009 1960 τούτου

429 1983 679 2054 βασιλεία
727 1987 1080 2057 σημαίνεται.
1131 1990 1225 2044 Διὸ
1274 1992 1400 2047 οὐδὲ
1446 1990 1588 2060 εἶδος
1629 1996 1661 2050 ὀ
1719 2002 2011 2071 προφήτης

424 2071 634 2128 τούτων
661 2074 770 2128 οὐδ’
789 2075 962 2148 ὄνομα
991 2077 1162 2134 ἔθετο.
1199 2083 1498 2155 Πολυειδὴς
1527 2087 1637 2158 γάρ
1666 2090 1698 2160 ἡ
1735 2091 1844 2144 τῶν
1878 2093 2014 2146 Ῥω-

430 2162 613 2232 μαίων
665 2163 832 2236 ἁρχὴ,
879 2168 1149 2239 πρότερον
1203 2171 1303 2240 μὲν
1351 2171 1669 2243 βασιλεῦσιν
1717 2178 2007 2253 ίθυνομένη

426 2253 537 2305 ἀπὸ
585 2254 868 2324 Ῥωμύλου
894 2257 1059 2329 μέχρι
1097 2259 1207 2314 τῶν
1229 2261 1553 2334 Ταρκυνίων
1577 2282 1591 2297 ·
1623 2266 1727 2338 τῆς
1764 2269 1823 2322 δὲ
1867 2271 2012 2326 ἐκεί-

427 2361 536 2398 νων
593 2349 911 2418 τυραννίδος
955 2351 1383 2425 καταλυθείσης,
1436 2358 2010 2435 ἀριστοκρατουμένη,

425 2435 529 2504 τῆς
580 2437 888 2508 συγκλήτου
942 2439 1036 2493 καὶ
1084 2440 1194 2495 τῶν
1251 2443 1479 2500 ὑπάτων
1532 2445 1882 2505 διοικούντων
1936 2453 2010 2508 τὰ

427 2525 755 2595 πράγματα.
797 2529 955 2583 Ἔστι
1006 2531 1055 2585 δ’
1088 2531 1178 2586 ὅτε
1221 2533 1320 2588 καὶ
1355 2535 1878 2612 δημοκρατουμένη,
1910 2543 2009 2597 τοῦ

426 2618 606 2688 δήμου
640 2619 902 2686 πολλάκις
933 2622 1070 2694 πρὸς
1094 2624 1196 2696 τὴν
1231 2625 1543 2700 σύγκλητον
1574 2625 1971 2699 στασιάσαντος
1991 2653 2005 2670 ·

432 2709 730 2777 μετέπειτα
756 2713 801 2765 δ’
826 2713 985 2778 αὖθις
1013 2715 1095 2780 είς
1127 2717 1441 2790 μοναρχίαν
1467 2721 1875 2792 μεταπεσοῦσα,
1898 2728 2010 2782 κάκ

428 2801 636 2873 ταύτης
668 2804 750 2868 είς
778 2805 1059 2875 βασιλείας
1087 2809 1285 2877 κλῆσιν
1319 2813 1793 2887 ἐπανακάμψασα.
1839 2820 2012 2875 Φοόε-
2041 2799 2085 2855 Β

431 2895 528 2966 ρδν
571 2895 630 2951 δὲ
675 2897 738 2951 τὸ
769 2899 962 2970 θηρίον
997 2901 1092 2955 καὶ
1132 2902 1413 2974 ἐκθαμὸον
1451 2902 1627 2972 εἶπεν,
1659 2909 1743 2963 δτι
1772 2909 2013 2967 δυνατω-

428 2985 567 3057 τέρα
615 2989 726 3042 τῶν
777 2989 956 3045 ἄλλων
990 2991 1282 3063 βασιλειῶν
1326 2995 1467 3069 αῦτη
1520 3001 1855 3072 γεγένηταιο
1916 3008 2013 3062 καὶ

427 3078 533 3133 ὅσα
561 3080 594 3150 ἠ
631 3081 983 3156 Μακεδονικὴ
1014 3089 1089 3159 μὴ
1118 3088 1357 3158 ὑπέταξε
1383 3093 1655 3164 βασιλεία,
1690 3097 1783 3169 ὑφ’
1809 3100 2015 3175 ἑαυτὴν

429 3171 572 3268 αῦτη
612 3178 981 3268 ποιησαμένη,
1012 3180 1114 3251 τὴν
1174 3183 1406 3240 Ἐλλάδα
1454 3187 1656 3264 δηλαδὴ
1683 3193 1887 3260 πᾶσαν,
1912 3171 2013 3268 την

426 3265 760 3360 Καρχηδόνα
795 3269 894 3324 σὺν
919 3273 987 3343 τῇ
1019 3273 1221 3347 Λιϐύῃ,
1254 3275 1354 3348 τὴν
1387 3279 1662 3350 Σικελίαν,
1690 3284 1788 3356 τὴν
1821 3265 2016 3360 Σαρδῶ

423 3373 488 3409 τε
542 3359 636 3412 καὶ
663 3361 882 3452 ῌνήσους
921 3364 1123 3452 Ϋάλλας,
1173 3368 1267 3420 καὶ
1312 3367 1441 3442 ἔθνη
1493 3373 1730 3444 ἑσπέρια
1775 3359 2012 3452 διάφορα

332 3480 347 3492 ο
426 3450 614 3521 ἔτερα,
655 3447 733 3507 ὧν
773 3453 875 3508 οῦκ
914 3451 1083 3527 ἦρξεν
1128 3458 1502 3532 Ἀλέξανδρος.
1549 3465 1730 3538 "Art-sp
1761 3470 1790 3523 6
1820 3447 2015 3541 βουλό-

430 3560 592 3612 μενος
614 3545 840 3613 γνῶναι,
855 3547 955 3612 τὰς
981 3548 1199 3620 βισλοὺς
1223 3551 1320 3606 τοῦ
1347 3554 1624 3627 Ῥωμαίου
1648 3559 1850 3625 Δίωνος
1873 3563 1954 3635 (8|
1969 3565 2011 3638 *)

427 3635 750 3704 ἀναγνώτω,
782 3639 879 3693 καὶ
911 3641 980 3694 τά
1009 3641 1104 3696 τοῦ
1143 3643 1410 3699 Πολυϐίου
1446 3651 1881 3723 συγγράμματα.
1913 3635 2015 3710 ilio;-

427 3726 591 3797 σερδν
634 3729 692 3783 δέ
745 3730 807 3784 τὸ
853 3730 1062 3804 θηρίον,
1107 3736 1204 3788 καὶ
1249 3736 1548 3809 ἔκθαμῦον,
1603 3745 1697 3797 καὶ
1754 3746 2010 3816 σιδηροῦς

427 3819 648 3886 ὀδόντας
682 3821 826 3894 ἔχον,
863 3826 940 3890 ὡς
967 3825 1068 3895 τῆς
1100 3827 1212 3882 τῶν
1255 3827 1548 3902 Ῥωμαίων
1576 3836 1879 3907 ἡγεμονίας
1901 3839 2012 3894 τῶν

425 3912 606 3967 ἄλλων
642 3914 932 3986 βασιλειῶν
963 3920 1192 3976 ἀπασῶν
1222 3928 1672 4000 φρικωδεστέρας
1701 3935 2013 4008 γεγενημέ-

424 4023 551 4102 νης1
591 4009 699 4102 Ka‘t
725 4012 882 4102 ἐνγτῇ
904 4013 1076 4067 εικόνι
1115 4015 1224 4088 γάρ
1255 4021 1322 4091 τῇ
1362 4019 1487 4073 κατ’
1505 4021 1642 4094 ὀναρ
1680 4025 1907 4101 ὀφθείσῃ
1933 4031 2011 4102 τῷ

425 4098 926 4200 ἷίασουχοδονόςορ,
946 4103 1040 4158 τὸν
1089 4105 1312 4178 σίδηρον
1346 4109 1564 4167 τέθεικε
1600 4116 1704 4185 τῆς
1736 4098 2011 4194 τετάρτης
2037 4139 2083 4200 C

427 4188 714 4259 βασιλείας
765 4195 1083 4267 είκόνισμα.
1145 4199 1273 4265 Τοῖς
1332 4201 1427 4256 οῦν
1487 4204 1733 4278 σιδηροῖς
1793 4188 2010 4267 ὀδοῦσιν

423 4280 634 4336 ἐσθίειν
657 4284 718 4337 τὸ
745 4284 938 4357 θηρίον
966 4283 1115 4353 εἷπε,
1144 4293 1241 4346 καλ⁸
1287 4291 1597 4361 λεπτύνειν,
1625 4301 1719 4354 καὶ
1744 4307 1816 4357 τά
1843 4303 2010 4362 λοιπά

426 4371 740 4445 συμπατεῖν
766 4380 883 4442 τοῖς
911 4380 1060 4434 ποσί.
1089 4381 1162 4434 Τὸ
1187 4382 1289 4453 μὲν
1319 4384 1414 4438 οὖν
1444 4387 1656 4442 ἐσθίειν
1682 4394 1777 4447 καὶ
1811 4394 2011 4451 λεπτύ-

423 4477 543 4516 νειν
572 4464 654 4527 είς
699 4464 801 4534 τὴν
845 4467 957 4520 τῶν
991 4467 1218 4539 δασμῶν
1250 4471 1570 4544 ἐξείληπται
1613 4480 1900 4553 είσφορὰν,
1931 4487 2010 4553 ὠς

425 4553 750 4626 βαρυτέρων
793 4560 908 4624 τοῖς
960 4560 1230 4631 ὑπηκόοις
1279 4565 1466 4638 φόρων
1513 4569 1904 4643 ἐπιτεθέντων,
1956 4583 2007 4636 οἳ

421 4647 554 4711 τοὺς
585 4645 972 4717 βασιλεύοντας
1006 4654 1269 4722 τρέφουσι
1309 4660 1406 4711 καὶ
1453 4662 1756 4727 πιαίνουσι,
1789 4669 1920 4734 τοὺς
1949 4672 2008 4726 δὲ

422 4738 931 4811 εἰσπραττομένους
976 4743 1176 4806 αὐτοὺς
1233 4747 1626 4807 ἐκλεπτύνουσι
1681 4760 2012 4829 πενητεύον-

419 4845 546 4892 τας.
578 4831 640 4884 Οἳ
671 4831 727 4884 δὲ
756 4832 1124 4908 δασμοφορεῖν
1155 4838 1258 4892 οῦκ
1299 4840 1604 4912 ἠνείχοντο,
1653 4848 1753 4918 τῆς
1790 4850 2008 4907 ἐλευθε-

426 4922 553 4993 ρίας
579 4925 1043 4996 ἀντιποιούμενοι,
1067 4930 1296 4996 τούτους
1317 4937 1430 4999 τοῖς
1457 4940 1585 4990 ποσὶ
1620 4943 1916 4998 συνεπάτει
1945 4951 2008 5001 τὸ

421 5015 636 5108 θηρίον,
659 5017 755 5108 καί
789 5018 1145 5091 ἐξωλόθρευε.
1172 5025 1274 5078 Διὰ
1307 5025 1418 5079 τῶν
1447 5030 1626 5084 ποδῶν
1658 5031 1716 5085 δὲ
1747 5035 1808 5088 τὸ
1841 5053 2008 5108 στρι-

417 5104 678 5158 τιωτικόν
728 5106 1132 5174 ύπαινίττεται,
1167 5112 1239 5177 ὡς
1289 5116 1348 5167 ἐν
1381 5116 1559 5189 τούτῳ
1586 5120 1690 5190 τῆς
1724 5104 2008 5192 βασιλείας

419 5197 780 5286 ἐρειδομένης
813 5201 909 5254 καὶ
943 5202 1268 5272 βεϐηκυίας,
1297 5208 1391 5261 καὶ
1423 5209 1482 5274 ἐξ
1513 5213 1716 5283 ἐτέρων
1743 5219 2009 5286 μεταϐαι-

420 5285 626 5358 νούσης
672 5290 752 5380 είς
792 5290 978 5362 ἕτερα.
1023 5295 1136 5347 Καὶ
1166 5296 1376 5367 κέρατα
1427 5299 1474 5353 δ’
1509 5297 1652 5368 εἶναι
1695 5285 1775 5374 τῷ
1827 5306 2007 5380 θηρίῳ

419 5376 558 5430 δέκα
591 5379 779 5449 φησιν,
812 5381 1194 5452 ύπεμφαίνων,
1227 5385 1305 5448 ὡς
1351 5391 1433 5450 είς
1469 5391 1672 5456 πολλάς
1703 5376 2007 5466 ἡγεμονίας

2118 1715 2268 1786 liqua
2300 1718 2536 1789 pedibus
2577 1720 2932 1786 conculcans,
2975 1736 3173 1792 magno
3206 1721 3526 1778 discrimine
3555 1723 3704 1777 inter

2117 1809 2254 1865 illud
2287 1820 2342 1866 et
2370 1823 2566 1868 caetera
2590 1814 2920 1869 constituto.
2967 1815 3174 1870 Verum
3227 1813 3280 1867 id
3322 1814 3712 1868 Romanorum

2116 1893 2414 1966 imperium
2439 1899 2824 1971 innuitzquod
2847 1917 2972 1956 cum
3009 1901 3084 1957 sit
3134 1902 3348 1957 varium
3409 1909 3466 1956 et
3509 1901 3707 1958 multia-

2115 1985 2315 2056 l'orme,
2355 1988 2630 2061 Propheta
2659 2007 2839 2064 neque
2856 2009 3057 2049 nomen
3093 1995 3234 2065 ejus,
3267 2009 3445 2064 neque
3469 1993 3710 2050 formam

2117 2082 2322 2152 posuit.
2367 2083 2503 2138 Nam
2536 2099 2568 2138 a
2609 2085 2848 2141 Romulo
2866 2102 3040 2156 usque
3072 2087 3139 2141 ad
3165 2085 3499 2155 Tarquinios
3525 2086 3713 2141 Roma-

2118 2177 2345 2246 regibus
2375 2178 2606 2246 paruit:
2643 2174 2878 2250 quorum
2934 2179 3224 2251 tyrannide
3284 2193 3502 2244 eversa,
3551 2177 3702 2249 optiv-

2117 2275 2316 2333 mates,
2351 2277 2576 2323 senatus
2602 2277 2659 2324 et
2690 2271 2949 2326 consules
3006 2269 3400 2340 rempublicam
3458 2268 3702 2324 admini-

2115 2369 2382 2413 straruut.
2428 2359 2746 2431 Aliquando
2800 2362 2968 2417 etiam
3030 2362 3098 2416 ad
3155 2361 3440 2432 popularis
3479 2359 3711 2430 imperii.

2114 2451 2349 2506 formam
2375 2454 2596 2508 redacta
2625 2463 2732 2520 est,
2770 2455 3044 2511 seditione
3094 2455 3272 2525 plebis
3310 2454 3574 2509 adVersus
3602 2469 3704 2524 pa-

2117 2553 2249 2609 tres,
2281 2553 2404 2614 post
2435 2546 2634 2600 iterum
2667 2546 2832 2602 unius
2875 2555 3150 2618 potestate
3202 2561 3486 2617 oppressa;
3527 2555 3584 2602 et
3626 2545 3696 2601 ad

2116 2635 2254 2706 regii
2278 2636 2517 2691 nominis
2543 2637 2969 2707 appellationem
2993 2653 3232 2693 reversa.
3265 2638 3501 2692 Bestiam
3529 2651 3714 2707 porro;

2115 2725 2264 2780 illam
2301 2727 2606 2782 terribilem
2636 2737 2691 2782 et
2722 2727 3129 2783 formidabilem
3173 2735 3356 2791 vocat,
3393 2726 3542 2798 quod
3589 2727 3698 2781 Ro-

2115 2833 2336 2873 manum
2359 2819 2652 2889 imperium
2678 2821 2895 2874 caeteris
2914 2821 3197 2890 potentius
3224 2819 3458 2882 exstitit,
3484 2827 3540 2874 et
3572 2834 3700 2890 qua:

2113 2910 2440 2967 Macedones
2466 2928 2574 2966 non
2606 2914 2925 2984 attigerant,
2957 2929 3020 2969 ea
3037 2930 3258 2985 quoque
3283 2914 3521 2985 subegit,
3545 2913 3697 2968 Grae—

2113 3003 2256 3058 ciam
2292 3005 2552 3062 videlicet
2604 3008 2942 3076 universam,
2981 3007 3375 3080 Carthaginem
3424 3023 3551 3063 cum
3602 3007 3694 3060 Li.

2113 3092 2227 3161 hia,
2274 3093 2538 3165 Siciliam,
2595 3098 2928 3166 Sardiniam,
2981 3109 3318 3171 caeterasque
3370 3100 3603 3166 insulas,
3636 3109 3707 3156 et"

2113 3189 2428 3258 complures
2459 3200 2650 3261 gentes
2665 3191 3058 3255 occidentales,
3077 3192 3282 3263 quibus
3311 3207 3421 3247 non
3447 3194 3691 3262 impera-

2113 3281 2195 3336 vit
2227 3281 2540 3338 Alexander
2574 3300 2589 3336 :
2623 3301 2745 3353 qua:
2775 3284 2865 3338 cui
2889 3285 3030 3340 scire
3059 3285 3242 3340 studio
3269 3293 3377 3350 est,
3425 3285 3472 3341 is
3503 3285 3695 3341 Dionis

2114 3375 2348 3432 Romani
2381 3377 2666 3450 etPolybii
2717 3379 2862 3449 legat
2888 3379 3168 3436 historias.
3203 3381 3389 3436 Ferrei
3418 3381 3614 3436 dentes
3641 3380 3694 3436 ei

2113 3466 2307 3523 bestiae
2334 3476 2466 3524 sunt
2496 3470 2770 3536 attributi,
2801 3472 2949 3542 quod
2997 3473 3371 3528 Romanorum
3413 3473 3694 3544 principa-

2113 3567 2204 3614 tus
2242 3560 2503 3617 omnibus
2524 3561 2650 3618 aliis
2676 3563 2927 3633 imperiis
2959 3564 3284 3620 horribilior
3312 3565 3419 3620 luit
3458 3581 3473 3619 :
3528 3575 3694 3634 atque

2113 3655 2365 3711 etiamin
2402 3655 2640 3727 imagine
2669 3673 2768 3726 per
2796 3658 3071 3713 somnium
3107 3659 3290 3714 oblata
3323 3659 3694 3714 Nabuchodo-

2113 3748 2323 3815 nosori,
2355 3757 2612 3819 quartum
2638 3765 2866 3821 regnum
2892 3751 3040 3806 ferro
3068 3761 3443 3822 comparatur.
3477 3751 3697 3809 Fert-eis

2111 3857 2280 3912 porro
2299 3841 2560 3898 dentibus
2591 3843 2758 3899 edere
2781 3854 2838 3899 et
2871 3845 3252 3901 comminuere
3280 3846 3512 3902 bestiam
3531 3847 3692 3910 dixit,

2111 3940 2168 3987 et
2194 3933 2407 4003 reliqua
2445 3934 2771 3990 conculcare
2811 3935 3089 4005 pedibus:
3121 3953 3357 4007 quorum
3406 3939 3593 4008 priora
3625 3939 3692 3994 ad

2114 4023 2453 4079 tributorum
2487 4025 2832 4081 exactionem
2872 4027 3211 4092 referuntur,
3247 4029 3557 4098 graviorem
3585 4045 3692 4086 ca:-

2113 4115 2268 4181 teris,
2295 4116 2500 4186 quibus
2525 4133 2682 4188 reges
2709 4119 2954 4184 aluntur,
2977 4131 3032 4173 et
3057 4120 3459 4189 saginantur,et
3486 4122 3695 4177 subditi

2111 4215 2472 4264 attenuantur
2483 4221 2536 4264 et
2554 4210 2622 4264 ad
2640 4217 2938 4281 egestatem
2954 4211 3294 4281 rediguntur.
3315 4210 3418 4278 Qui
3438 4227 3568 4268 vero
3594 4216 3695 4268 tri-

2111 4299 2246 4355 buta
2274 4301 2693 4368 detrectabant,
2732 4311 2789 4357 et
2817 4302 3128 4358 libertatem
3167 4303 3537 4360 defendebant
3557 4345 3572 4372 ,
3600 4322 3697 4361 eos

2112 4389 2474 4447 conculcabat
2486 4391 2686 4455 bestia,
2706 4400 2764 4448 et
2777 4393 3196 4448 exterminabat.
3211 4395 3316 4450 Per
3329 4395 3497 4466 pedes
3512 4407 3691 4453 autem

2112 4481 2498 4552 intelliguntur
2513 4483 2809 4545 exercitus.
2836 4494 2896 4539 ut
2913 4485 3113 4555 quibus
3134 4501 3363 4556 regnum
3395 4487 3612 4545 insistat
3640 4501 3697 4546 et

2111 4571 2401 4637 innitatur,
2423 4583 2477 4628 et
2499 4572 2568 4629 ab
2590 4573 2716 4630 aliis
2729 4574 2798 4630 ad
2829 4577 2933 4630 alia
2962 4577 3121 4647 128
3140 4588 3402 4634 transeat.
3423 4580 3692 4637 Praeterea

2112 4663 2303 4718 decem
2319 4679 2525 4720 cornua
2550 4665 2762 4732 bestiae,
2797 4667 3130 4738 signiﬁcant,
3165 4668 3219 4723 id
3258 4669 3553 4740 imperium
3593 4691 3696 4744 po-

2111 4758 2334 4814 stremis
2353 4759 2692 4828 temporibus
2723 4761 2777 4814 in
2808 4761 2978 4816 multa
3000 4777 3117 4817 esse
3134 4763 3692 4833 regnadivid-endum.

2111 4849 2172 4904 lu
2217 4850 2400 4905 medio
2439 4867 2608 4921 porro
2651 4853 2842 4908 decem
2886 4869 3180 4923 cornuum,
3211 4873 3442 4935 parvum
3468 4862 3693 4929 prodire

2110 4957 2311 5008 cornu,
2339 4958 2450 5014 quo
2480 4945 2582 4998 tria
2604 4945 2709 4999 alia
2747 4961 2954 5002 cornua
2982 4949 3394 5019 exstirpentur‘:
3419 4959 3476 5006 et
3503 4955 3694 5010 oculos

2111 5034 2318 5090 habere
2339 5050 2512 5090 cornu
2542 5035 2702 5101 illud,
2730 5045 2787 5092 et
2811 5053 2878 5092 os
2901 5041 3682 5110 magniloquumet‘inl’estum

2111 5127 2334 5182 sanctis.
2381 5127 2497 5183 Hoc
2517 5143 2690 5184 cornu
2724 5129 2947 5200 quidam
2980 5131 3383 5190 Antichristum
3416 5135 3693 5205 interpre-

2113 5227 2300 5274 tantur
2318 5236 2337 5284 ;
2357 5235 2585 5289 parvum
2617 5230 2800 5276 autem
2819 5231 3072 5288 vocatur,
3096 5225 3243 5294 quod
3272 5241 3348 5281 ex.
3361 5242 3526 5296 parva
3546 5228 3692 5282 tribu

2114 5311 2473 5366 Hebraeorum
2505 5313 2581 5366 sit
2606 5313 2910 5379 oriturum,
2947 5323 3004 5368 et
3028 5323 3140 5371 tres
3164 5316 3234 5372 de
3255 5317 3446 5372 decem
3471 5319 3692 5390 regibus

2111 5415 2460 5454 cversurum.
2483 5402 2589 5456 Per
2613 5403 2828 5467 oculos,
2857 5405 3269 5473 improbitatem
3299 5408 3440 5478 ejus,
3495 5420 3551 5463 et
3583 5411 3694 5465 θείη

418 5468 512 5521 ἐπ’
541 5469 790 5540 ἐσχάτων
833 5473 866 5524 1‘
917 5473 1166 5544 βασιλεία
1218 5477 1650 5551 διαιρεθήσεται.
1711 5485 1800 5540 Ἐν
1855 5488 2007 5559 μέσῳ

2113 5491 2384 5547 liditatcm
2415 5493 2620 5559 innuit,
2651 5493 2858 5563 quibus
2917 5468 3120 5554 multos
3181 5501 3252 5555 sit
3305 5468 3688 5561 seducturum.

1621 5606 1830 5669 Variae
1859 5608 2172 5673 lectiones
2214 5617 2279 5676 et
2317 5619 2510 5676 notae.

494 5693 631 5775 (81:)
669 5697 779 5775 Τάς
827 5699 1088 5775 ,βζᾷιους
1126 5704 1232 5759 τοῦ
1277 5705 1567 5773 Ῥωμαίου
1606 5710 1853 5775 Δίωνος.
1876 5712 2008 5765 Dio-

417 5779 550 5846 nem
588 5763 838 5844 Qassium
883 5763 1124 5846 Nigeu'm
1167 5763 1444 5846 intelligit,
1487 5779 1580 5846 qui
1627 5763 2005 5836 Romanorum

420 5833 724 5893 Historiam
754 5841 1108 5915 conscripsit,
1141 5853 1195 5902 ct
1233 5833 1400 5917 quoin
1434 5833 1680 5910 Zonaras
1703 5833 2008 5923 integrum,

2115 5729 2225 5795 non
2282 5724 2344 5769 ut
2394 5717 2559 5772 hodie
2605 5727 2806 5795 exstat,
2837 5720 3071 5777 maxima
3113 5725 3198 5780 sui
3239 5734 3394 5795 parte
3433 5726 3702 5783 mutilum.

2115 5787 2351 5854 vitlit,.et
2383 5803 2525 5858 srpc
2557 5791 2854 5846 exscrihitr
