4092 6398
393 383 500 446 213
1363 367 1368 370 ⁷
1735 367 2003 432 ΙΟΑΝΝΙ

2109 365 2420 428 ἰΟΝΑΙῖίΕ
3338 394 3346 401 -
3569 359 3676 422 ΞΜ

395 503 499 558 Per
545 514 608 555 os
665 497 1104 567 magniloquum,
1155 494 1276 564 ejus
1335 489 1673 563 arrogantia,
1716 497 1774 545 et
1814 486 1985 543 animi

2109 487 2145 541 ἱέ
2169 485 2277 539 τῶν
2307 485 2443 539 δέκα
2477 483 2674 556 μικρὸν
2702 483 2910 538 ἀνιέναι
2947 488 3140 554 κέρας,
3173 483 3269 535 καὶ
3303 481 3678 554 ἐκριζωθῆ-ιαι

393 591 562 648 elatio
598 591 935 647 declaratur.
969 589 1089 644 Jam
1123 587 1251 643 belli
1274 586 1548 641 adversus
1590 593 1812 640 sanctos
1862 596 1986 638 sus-

2109 582 2197 634 τῶν
2228 581 2479 652 κεράτων
2504 579 2633 650 τρία
2665 579 2796 651 παρ’
2825 576 3013 643 αὐτοῦ,
3047 577 3144 630 καὶ
3169 575 3490 647 ὀφθαλμοὺς
3531 576 3679 646 ἔχειν

393 684 579 755 ceptio
636 682 841 754 arguit,
891 695 1056 735 omne
1111 679 1360 735 studium
1404 678 1784 734 adhibiturum
1841 689 1985 738 esse.

2109 675 2266 727 ικείνο
2319 673 2381 727 τὸ
2431 673 2623 744 κέρας,
2667 674 2762 726 καὶ
2811 671 2993 742 στόμα
3044 669 3245 724 λαλοῦν
3297 670 3534 741 μεγάλα,
3585 671 3681 724 καὶ

397 785 459 830 ιιι
500 789 692 830 omnes
718 773 784 828 ad
808 788 924 828 sua)
959 770 1334 842 improbitatis
1358 778 1416 824 et
1451 767 1807 838 blasphemia:
1836 780 1990 822 com-

2109 766 2350 836 τολεμεῖν
2378 767 2493 830 τοῖς
2525 764 2726 833 ἁγίοις.
2759 763 2933 818 Τοῦτο
2961 765 3024 817 τὸ
3048 763 3218 836 κέρας
3253 765 3335 827 είς
3365 763 3462 817 τὸν
3504 763 3683 818 Ἀντί-

396 869 722 924 muniouem
760 865 1066 938 pertrahat.
1120 865 1524 934 Blasphemiam
1577 878 1745 935 pcrro
1792 873 1988 918 contra

2109 877 2312 932 [ριστον
2353 859 2682 930 ἐξειλήφασί
2742 875 2914 923 τινες.
2964 857 3185 929 Μικρὸν
3244 857 3288 911 δ’
3320 858 3551 928 ἐκλήθη,
3606 857 3684 922 ὡς

399 961 572 1017 Deum
613 960 704 1016 illa
737 968 1000 1030 arguunt,
1034 974 1160 1013 cum
1183 959 1262 1012 ait
1289 977 1300 1011 :
1330 955 1399 1012 In
1439 956 1663 1010 sublime
1694 955 1850 1011 verba
1901 956 1990 1024 fa-

2109 953 2200 1006 ιπδ
2226 955 2431 1024 μικρᾶς
2458 952 2636 1023 φυλῆς
2660 952 2771 1006 τῶν
2812 950 3085 1024 Ἐϐραίων
3111 950 3326 1022 μέλλων
3351 950 3683 1020 φυήσεσθαι,

398 1055 519 1108 ciet.
555 1053 652 1108 liis
677 1054 950 1124 propheta
982 1053 1209 1123 subjicit
1236 1069 1248 1104 :
1285 1051 1624 1122 Spectabam,
1651 1050 1816 1105 donec
1843 1049 1991 1104 sellis

2109 1045 2244 1116 τρεῖς
2284 1042 2343 1096 δέ
2375 1043 2485 1098 τῶν
2527 1043 2662 1098 δέκα
2696 1041 2968 1111 βασιλέων
3003 1041 3327 1096 καταλύσει.
3364 1040 3464 1094 Διά
3490 1041 3547 1093 δέ
3575 1041 3685 1095 τῶν

396 1148 600 1217 positis.
632 1144 898 1216 longaevus
929 1145 1266 1208 consedisset,
1299 1147 1451 1215 cujus
1488 1145 1644 1198 vestis
1683 1152 1801 1197 erat
1837 1143 1990 1197 niveo

2109 1137 2392 1208 λφοαλμῶν
2435 1138 2536 1207 τήν
2586 1136 2859 1206 πονηρίαν
2898 1133 3068 1190 αὑτοῦ
3120 1136 3216 1188 καὶ
3271 1132 3333 1188 τὸ
3367 1133 3685 1204 πανοῦργον

399 1236 648 1300 candore,
673 1235 900 1304 capillus
925 1237 1098 1290 instar
1116 1252 1265 1306 pura:
1287 1234 1449 1302 ίαηιτ,
1489 1235 1634 1289 sedes
1682 1245 1737 1289 ut
1767 1237 1991 1307 ﬂamma

2109 1233 2338 1304 ᾐνίξατο,
2385 1231 2461 1295 ὡς
2510 1230 2600 1286 διά
2632 1229 2843 1284 τούτων
2884 1229 3235 1301 ἐξαπατῆσον
3274 1225 3532 1290 πολλούς.
3585 1227 3686 1280 Διὰ

398 1328 558 1396 ignis,
603 1336 732 1381 rota!
758 1325 869 1395 ejus
896 1327 1031 1396 ignis
1055 1327 1386 1389 comburens,
1410 1327 1599 1398 ﬂuvius
1635 1326 1834 1395 ignitus
1868 1333 1997 1379 ante

2109 1324 2150 1378 Ξὲ
2180 1321 2274 1377 τοῦ
2321 1321 2539 1393 μεγάλα
2564 1319 2858 1383 λαλοῦντος
2893 1319 3190 1390 στόματος,
3233 1317 3332 1389 τὴν
3365 1317 3688 1382 ἀλαζονείαν

402 1433 522 1470 eum
546 1434 774 1472 manans
794 1416 1134 1472 evolvebalttr
1164 1419 1366 1472 :decies
1391 1426 1613 1474 centena
1637 1416 1809 1472 millia
1834 1417 1997 1472 mini—

2109 1418 2261 1473 κὺτοῦ
2286 1418 2382 1472 καὶ
2405 1417 2466 1470 τὸ
2492 1416 2804 1488 ἐπῃρμένον
2835 1413 3148 1484 ὑπενέφηνε
3181 1411 3276 1466 τοῦ
3308 1412 3689 1482 φρονήματος.

397 1507 642 1560 strabanl
659 1509 729 1571 ei,
753 1517 802 1562 et
819 1509 1010 1562 millies
1029 1516 1252 1563 centena
1287 1510 1457 1563 millia
1498 1509 1749 1564 astabant
1764 1509 1834 1576 ei,
1843 1510 1997 1579 judi-

2109 1511 2170 1566 Γὸ
2204 1508 2260 1563 δὲ
2286 1507 2524 1578 πόλεμον
2551 1505 2692 1578 μετὰ
2714 1504 2825 1558 τῶν
2853 1503 3028 1572 ἁγίων
3057 1505 3254 1568 ποιεῖν,
3288 1503 3350 1556 τὸ
3385 1502 3571 1555 πᾶσαν
3603 1502 3693 1554 ἐν-

400 1597 582 1666 cioque
603 1606 781 1651 coacto
800 1597 924 1651 libri
941 1599 1114 1668 aperti
1133 1606 1275 1653 sunt.
1295 1598 1427 1665 Quae
1442 1598 1608 1672 igitur
1625 1613 1798 1654 cornu
1812 1599 1996 1654 facere

2109 1600 2377 1668 Βείξασθαι
2428 1597 2671 1668 σπουδήν
2721 1595 2897 1668 δηλοῖ,
2948 1594 3051 1665 τῆς
3095 1593 3308 1658 οἰκείας
3353 1593 3554 1656 κακίας
3596 1592 3693 1645 καὶ

402 1689 632 1753 dicitur,
657 1704 722 1745 ea
751 1705 859 1746 non
891 1689 985 1746 diu
1019 1705 1141 1746 esse
1162 1690 1454 1757 duratura,
1485 1700 1854 1747 monstratum
1913 1700 1997 1747 est

2109 1691 2460 1764 βλασφημίας
2488 1688 2739 1752 ἅπαντας
2769 1686 2955 1740 λαϐεῖν
2981 1685 3298 1750 κοινωνούς.
3325 1685 3436 1755 Τῆς
3457 1684 3516 1738 δέ
3547 1683 3690 1738 κατὰ

401 1781 613 1836 Dauieli
649 1799 661 1835 :
695 1782 791 1837 sed
833 1782 1012 1839 donec
1065 1783 1348 1854 longmvus
1397 1783 1670 1855 judicium
1724 1785 1990 1855 coegerit,

2109 1783 2196 1838 τοῦ
2237 1781 2374 1837 Θεοῦ
2401 1781 2759 1853 βλασφημίας
2803 1778 3018 1833 ἐκείνου
3057 1776 3416 1847 ἐμφαντικὸν,
3448 1775 3512 1830 τό
3533 1793 3548 1808 ’
3583 1776 3697 1829 Λό-

402 1872 508 1927 huc
537 1882 641 1939 est,
669 1872 865 1945 judicii
899 1883 1117 1946 tempus
1153 1875 1430 1941 Statuerit,
1463 1885 1519 1932 et
1546 1875 1692 1931 laeta
1727 1877 1994 1948 cujusque

2109 1877 2349 1947 Γουςεῐς
2386 1874 2452 1928 τὸ
2484 1871 2946 1946 ὕψοςλαλήσει-
3005 1869 3130 1922 Ἐπὶ
3156 1869 3374 1932 τούτοις
3412 1871 3440 1923 ὁ
3476 1872 3695 1939 προφή-

403 1965 674 2020 memoria
727 1965 1042 2036 repetierit.
1101 1966 1564 2023 Recordationem
1598 1968 1775 2034 enim,
1823 1968 1997 2024 libros

2109 1986 2198 2039 της
2246 1967 2553 2038 ἐπήγαγεν·
2605 1963 2938 2034 Ἐθεώρουν
2980 1963 3093 2029 ἓως
3131 1959 3203 2020 οὗ
3237 1963 3440 2031 θρόνοι
3485 1962 3693 2030 ἐτέθη-

403 2065 567 2111 vocat
604 2075 617 2111 :
652 2065 707 2112 et
725 2057 1058 2128 longaevum,
1083 2074 1209 2114 eum
1233 2059 1327 2130 qui
1353 2068 1598 2115 aeternus
1625 2070 1710 2115 est
1743 2077 1757 2113 :
1789 2061 1998 2116 candor

2109 2077 2243 2126 σαν,
2275 2059 2373 2114 καί
2414 2056 2675 2125 παλαιὸς
2726 2055 2967 2126 ἡμερῶν
3016 2055 3288 2120 ἐκάθισε,
3333 2055 3434 2111 καὶ
3481 2055 3548 2108 τὸ
3599 2053 3698 2107 ἕν-

404 2157 591 2204 autem
623 2150 952 2219 capillorum
987 2159 1043 2205 et
1077 2151 1270 2217 vestis,
1326 2152 1623 2223 puritatem
1655 2155 1777 2225 ejus
1813 2165 1870 2210 et
1912 2154 1999 2210 iu—

2109 2156 2263 2227 δυμα
2315 2152 2506 2210 αὑτοῦ
2558 2151 2787 2208 λευκὸν
2814 2149 2959 2206 ὡσεὶ
2990 2149 3162 2220 χιὼν.
3189 2148 3289 2203 καὶ
3322 2149 3361 2216 ἡ
3415 2147 3547 2218 θρὶξ
3582 2146 3694 2214 τῆς

407 2240 721 2311 tcgrilatem
748 2241 1016 2298 ostendit.
1056 2243 1126 2300 Ut
1155 2254 1342 2300 autem
1377 2245 1652 2316 significet
1692 2261 1756 2303 ea
1784 2263 1906 2320 qua:
1928 2247 1998 2303 ab

2109 2246 2380 2319 κεφαλῆς
2428 2245 2618 2302 αὑτοῦ
2666 2244 2812 2299 ὡσεὶ
2854 2243 3022 2312 ἔριον
3064 2241 3356 2311 καθαρὸν,
3403 2243 3436 2294 ὀ
3481 2240 3696 2308 θρόνος

407 2332 1032 2406 Antichristoageutur,
1067 2335 1180 2391 Deo
1241 2337 1573 2394 counivente
1634 2351 1818 2396 actum
1882 2340 1996 2395 iri:

409 2439 520 2478 non
547 2440 679 2480 vero
705 2424 801 2490 ita,
825 2426 982 2498 quasi
1013 2441 1044 2481 a
1084 2427 1271 2484 divina
1323 2430 1569 2500 potentia
1606 2431 1691 2486 vel
1721 2432 2002 2500 coerceri,

408 2514 494 2569 vel
525 2529 593 2568 ne
623 2530 852 2585 prorsus
881 2532 991 2572 non
1015 2511 1234 2584 tierent,
1266 2520 1550 2589 prohiberi
1581 2538 1691 2576 non
1723 2535 1956 2593 possent
1984 2541 1997 2576 :

409 2609 597 2666 decies
610 2618 843 2666 centena
865 2611 1038 2667 millia
1057 2614 1466 2684 ministrorum,
1488 2617 1754 2673 etmillies
1772 2627 2000 2674 centena

413 2704 584 2758 millia
617 2704 993 2776 apparitorum
1022 2717 1447 2774 commemorat,
1467 2718 1524 2764 et
1551 2711 1742 2766 sellam
1764 2711 2002 2782 igneam,

412 2797 1026 2868 eonsimilesquerotas,
1045 2809 1102 2855 et
1120 2799 1650 2858 ﬂuviumardentem
1671 2821 1685 2858 :
1707 2807 1950 2874 spectavi
1961 2815 2007 2861 t-

413 2903 522 2956 que
538 2887 716 2944 donec
734 2889 911 2945 bestia
932 2891 1240 2961 tolleretur,
1256 2903 1314 2948 et
1332 2909 1534 2964 corpus
1547 2896 1789 2967 ejusigni
1802 2898 2008 2953 conﬂa-

414 2990 621 3050 graret.
643 2982 776 3037 Nam
800 2984 872 3040 ob
890 2985 1130 3041 furorem
1147 2986 1496 3053 Antichristi,
1518 2997 1692 3044 totum
1711 2991 1782 3045 ab
1797 3006 1864 3045 eo
1883 3007 2008 3062 reg-

2103 2340 2292 2398 αὺτοῦ
2322 2340 2403 2406 ὡς
2434 2337 2596 2408 φλὸξ
2619 2337 2834 2406 πυρὸς,
2867 2339 2921 2390 ol
2958 2333 3164 2403 τροχοὶ
3192 2333 3379 2389 αὑτοῦ
3408 2332 3529 2401 πῦρ
3550 2329 3694 2401 φλέ-

2106 2453 2234 2506 τον,
2278 2432 2547 2502 ποταμὸς
2601 2431 2792 2499 πυρὸς
2831 2424 3038 2484 εἷλκεν
3079 2427 3560 2496 ἐκπορευόμενος
3597 2424 3698 2494 ἐμ-

2106 2533 2375 2600 προσθεν
2409 2523 2602 2580 αὐτοῦ
2653 2523 2792 2595 (82),
2840 2522 3030 2592 χίλιαι
3079 2519 3349 2590 χιλιάδες
3397 2516 3698 2584 ἐλειτούρ-

2106 2639 2258 2691 γουν
2277 2617 2462 2684 αὐτῷ,
2493 2617 2593 2671 καί
2620 2617 2828 2686 μύριαι
2859 2612 3153 2684 μυριάδες
3182 2609 3696 2680 παρειστήκεισαν

2107 2715 2289 2782 αὐτῷ.
2329 2713 2632 2784 Κριτήριον
2664 2709 2910 2773 ἐκάθισε,
2947 2708 3040 2762 καὶ
3091 2706 3267 2778 βίϐλοι
3315 2703 3694 2775 ἀνεῴχθησαν.

2115 2813 2184 2866 ’Δ
2217 2811 2316 2879 μὲν
2339 2803 2436 2860 οῦν
2459 2803 2680 2876 εἴρηται
2703 2800 2892 2857 ποιοῦν
2921 2801 2982 2854 τὸ
3007 2801 3197 2870 κέρας,
3224 2799 3325 2852 οὐκ
3351 2797 3447 2850 ἐπὶ
3484 2793 3696 2867 μακρὸν

2110 2898 2426 2970 διαρκέσειν
2479 2891 2694 2964 ἐδείχθη
2747 2889 2828 2961 τῷ
2863 2889 3106 2960 Δανιήλ·
3143 2888 3249 2951 ἕως
3285 2885 3344 2940 δὲ
3392 2887 3423 2940 ό
3474 2883 3696 2946 αἰώνιος

2112 2993 2399 3064 κριτήριον
2417 2986 2697 3051 ἐκάθισεν,
2714 2983 2838 3039 ἀντὶ
2866 2982 2988 3044 τοῦ,
3005 2981 3241 3049 κρίσεως
3263 2978 3455 3048 καιρὸν
3479 2975 3698 3045 ἐστησε,

413 3073 1229 3148 numaul‘ereturznequcipsa
1249 3077 1424 3134 bestia
1449 3079 1559 3150 igni
1595 3081 1867 3148 tradetur,
1911 3082 2006 3139 sed

2115 3086 2212 3141 καὶ
2240 3085 2340 3154 τὴν
2369 3081 2593 3154 μνήμην
2623 3077 2732 3133 τῶν
2762 3076 2980 3146 ἐκάστῳ
3019 3071 3432 3144 πεπραγμένων
3458 3069 3698 3123 ἀνέπτυ-

413 3183 620 3238 corpus
641 3169 782 3238 ejus.
799 3169 934 3225 Nam
949 3186 1076 3226 cum
1090 3171 1266 3228 bestia
1298 3188 1526 3244 regnum
1556 3175 1771 3241 innuat,
1801 3177 2006 3247 proba-

2109 3177 2190 3244 ξε.
2239 3153 2468 3236 Βίὸλους
2497 3171 2608 3240 γὰρ
2643 3167 2747 3233 τὰς
2795 3165 3137 3237 ἀναμνήσεις
3165 3161 3397 3216 ἐκάλεσε
3416 3176 3431 3190 ·
3462 3158 3558 3212 καὶ
3588 3158 3700 3210 Πα-

414 3257 525 3312 bile
547 3268 633 3314 est
649 3258 702 3312 in
725 3274 792 3314 eo
811 3260 929 3316 fore
952 3262 1156 3317 multos
1173 3263 1268 3332 qui
1301 3263 1475 3320 Deum
1497 3267 1703 3333 colant,
1725 3274 1783 3323 et
1811 3267 2006 3322 virtuti

414 3351 696 3408 studeant.
710 3351 830 3408 Non
848 3369 942 3410 eos
959 3356 1118 3428 129
1131 3358 1299 3430 igitur
1315 3358 1652 3428 conﬂagratu
1661 3375 1770 3424 ros,
1785 3359 1880 3415 sed
1894 3375 2012 3415 ma»

416 3443 631 3506 lelicos,
648 3451 706 3498 et
725 3448 976 3516 corporis
994 3448 1374 3518 voluptatibus
1391 3450 1615 3506 assidue
1634 3451 1870 3519 deditos,
1897 3453 2010 3520 spi-

416 3536 558 3590 ritus
572 3552 801 3607 prorsus
819 3539 1178 3611 negligentes.
1197 3541 1330 3597 Post
1347 3541 1628 3598 interitum
1647 3543 1858 3608 bestiae,
1877 3545 2011 3600 Pro-

415 3628 581 3697 pheta
605 3628 704 3695 ait,
735 3645 794 3684 se
822 3631 1117 3702 quemdam
1149 3633 1358 3689 vidisse
1389 3644 1649 3705 tanquam
1671 3635 1872 3693 Filium
1905 3637 2010 3692 he»

419 3720 586 3776 minis
607 3720 665 3776 in
694 3721 938 3780 nubibus
964 3725 1301 3792 venientem,
1324 3737 1380 3783 et
1411 3743 1585 3799 usque
1607 3729 1675 3785 ad
1700 3730 2007 3801 longaevum

418 3827 796 3882 progressum,
819 3817 906 3870 cui
933 3815 1122 3871 datum
1156 3817 1228 3873 sit
1259 3819 1575 3889 imperium,
1607 3821 1788 3877 honos
1819 3831 1876 3878 et
1917 3839 2012 3879 reo

2109 3268 2263 3322 λαιὸν
2318 3263 2570 3337 ἡμερῶν,
2620 3261 2714 3314 τὸν
2767 3257 3012 3314 αἰώνιον.
3061 3257 3126 3310 Ἡ
3177 3254 3238 3308 δέ
3277 3254 3543 3323 λευκότης
3587 3250 3700 3304 τῶν

2109 3358 2316 3432 τριχῶν
2352 3357 2448 3410 καὶ
2490 3353 2587 3408 τοῦ
2612 3351 2937 3423 ἐνδύματος,
2973 3349 3033 3403 τὸ
3081 3347 3325 3418 καθαρὸν
3352 3345 3520 3398 αὐτοῦ
3563 3361 3695 3427 παν·

2110 3453 2343 3525 ταχόθεν
2381 3449 2477 3505 καὶ
2515 3449 2751 3519 ἄμωμον
2790 3444 3091 3500 δείκνυσιν.
3119 3443 3235 3496 Ἵνα
3269 3441 3328 3494 δὲ
3375 3440 3521 3494 κατὰ
3567 3455 3701 3506 συγ·
3760 3480 3767 3485 .

2111 3547 2356 3620 χώρησιν
2390 3542 2528 3597 Θεοῦ
2574 3539 2729 3614 δείξῃ
2769 3536 3102 3609 γενήσεσθαι
3131 3534 3200 3588 τά
3234 3532 3389 3604 παρὰ
3433 3531 3530 3586 τοῦ
3578 3531 3701 3584 ’Δνο

2111 3640 2394 3712 τιχρίστου
2443 3636 2709 3707 ἐσόμενα,
2755 3635 2852 3692 xa‘.
2901 3633 3002 3703 οὐχ
3044 3631 3120 3693 ὼς
3169 3627 3546 3699 ἀδυνατούσης
3599 3626 3701 3694 τῆς

2111 3733 2264 3796 Θείας
2319 3731 2540 3800 φύσεως
2588 3725 2764 3781 ταῦτα
2809 3726 3040 3787 παῦσαι,
3087 3723 3123 3795 ἢ
3177 3722 3316 3794 μηδέ
3359 3721 3464 3792 τὴν
3519 3721 3700 3792 ἀρχὴν

2111 3825 2472 3896 συγχωρῆσαι
2509 3821 2788 3891 γενέσθαι,
2821 3821 2922 3882 τάς
2952 3817 3132 3889 χιλίας
3164 3815 3414 3888 χιλιάδας
3444 3815 3556 3868 τῶν
3594 3814 3707 3867 λει-

417 3919 612 3973 gnum,
675 3907 908 3978 ejusque
974 3909 1233 3965 servituti
1267 3912 1503 3983 subjecti
1559 3915 1746 3985 populi
1789 3930 2008 3983 omnes,

417 3997 623 4068 linguae
646 4007 702 4054 et
728 3999 908 4057 tribus
938 4019 952 4057 :
979 4013 1038 4058 et
1065 4013 1396 4074 potestatem
1427 4008 1549 4078 ejus
1567 4016 1833 4064 aeternam
1867 4010 2007 4078 fore,

418 4104 529 4142 non
561 4091 992 4159 praaterituram,
1031 4109 1135 4149 nec
1181 4110 1413 4168 regnum
1447 4098 1573 4168 ejus
1622 4098 2006 4157 interiturum.

2109 4102 2336 4173 ὁμοίους
2379 4098 2632 4172 τροχοὺς,
2686 4095 2781 4149 καὶ
2824 4091 2916 4147 τὸν
2959 4090 3233 4160 φλέγοντα
3291 4086 3562 4156 ποταμὸν,
3587 4084 3705 4189 ..καὶ

415 4180 545 4237 Ηωο
569 4194 758 4254 aperte
788 4186 1096 4242 secundum
1121 4188 1419 4245 adventum
1470 4190 1788 4249 Servatoris
1832 4195 2006 4252 nos-tri

2109 4195 2343 4264 ἐθεώρει
2387 4191 2495 4253 ἓως
2523 4184 2586 4244 οῦ
2621 4185 2868 4260 ἀνῃρέθη
2921 4187 2983 4238 τὸ
3021 4184 3236 4256 θηρίον,
3292 4181 3390 4236 καὶ
3441 4179 3502 4232 τὸ
3539 4179 3704 4244 σῶμα

415 4273 545 4328 Jesu
588 4276 796 4333 Christi
826 4280 1227 4349 praenuntiant.
1263 4281 1436 4338 Filius
1464 4283 1617 4338 enim
1648 4285 1894 4342 hominis
1927 4287 2006 4342 di-

2110 4285 2282 4341 αὐτοῦ
2315 4285 2398 4346 είς
2443 4281 2639 4336 καῦσιν
2669 4278 2831 4347 ἐδόθη
2861 4275 3056 4346 πυρός.
3091 4276 3193 4327 Διὰ
3219 4273 3329 4344 γάρ
3360 4272 3461 4342 τὴν
3509 4270 3707 4340 μανίαν

417 4367 564 4420 citur
594 4367 665 4424 ob
681 4382 1020 4441 assumptam
1055 4383 1315 4430 natu—ram
1343 4385 1615 4441 nostram,
1644 4387 1916 4436 venturus
1951 4381 2006 4436 in

2115 4376 2212 4434 τοῦ
2256 4373 2638 4444 ’Δντιχρίστου
2683 4370 2718 4441 ἡ
2767 4367 2863 4438 ὅλη
2891 4363 3143 4433 βασιλεία
3191 4359 3706 4466 περιαιρεθήσεται,

421 4459 686 4528 nubibus,
722 4479 797 4519 ex.
813 4467 1089 4535 promisso
1121 4467 1322 4537 ipsius,
1374 4483 1503 4525 cum
1549 4470 1691 4525 dixit
1722 4471 1764 4536 ‘,
1792 4473 2006 4530 visuros

2118 4471 2213 4526 καὶ
2238 4469 2340 4524 οὐκ
2371 4465 2504 4519 αὐτὸ
2527 4464 2589 4517 τὸ
2619 4461 2811 4533 θηρίον
2831 4461 2914 4524 είς
2943 4457 3141 4512 καῦσιν
3160 4453 3474 4524 δοθήσεται,
3490 4450 3627 4504 ἀλλὰ
3643 4450 3707 4501 τὸ

421 4549 624 4604 Filium
656 4554 897 4612 hominis
933 4559 1250 4613 venientem
1283 4559 1339 4614 in
1372 4560 1620 4617 nubibus
1649 4563 1801 4620 cali.

2126 4566 2291 4636 σῶμα
2320 4558 2508 4615 αὐτοῦ.
2534 4555 2642 4610 Τοῦ
2674 4555 2781 4625 γάρ
2813 4551 3006 4623 θηρίου
3031 4549 3130 4620 τὴν
3163 4546 3447 4618 βασιλείαν
3469 4545 3730 4630 αἰνιττο-ὲ

422 4649 613 4718 μένου,
643 4649 794 4714 εἰκός
823 4652 972 4706 ἐστιν
1007 4655 1074 4706 ἐν-
1093 4655 1159 4723 τῇ
1193 4653 1450 4728 βασιλείᾳ,
1486 4657 1723 4723 πολλοὺς
1749 4655 1895 4715 εἶναι
1915 4666 2012 4720 καὶ
2044 4668 2141 4722 τὸν
2168 4661 2306 4717 Θεὸν
2341 4650 2736 4717 σέὸοντας,καὶ
2752 4648 2958 4720 ἀρετὴν
3015 4645 3325 4716 μετιόντας.
3353 4641 3432 4695 Οὐ
3486 4641 3729 4732 ’τούτους¹

421 4740 516 4795 οὖν
545 4757 713 4812 φησιν
747 4746 828 4808 εἰς
853 4745 1051 4799 καῦσιν
1077 4746 1320 4816 δοθῆναι,
1352 4749 1491 4802 ἀλλὰ
1521 4751 1651 4816 τοὺς
1694 4753 1903 4818 κακίας
1945 4758 2212 4828 ἐργάτας,
2283 4751 2381 4806 καὶ
2445 4749 2567 4810 ταῖς
2631 4744 2728 4799 τοῦ
2790 4741 3044 4812 σώματος
3074 4739 3398 4808 ἐπιθυμίαις
3451 4732 3731 4827 ἐγκειμέ-Ξ

421 4851 547 4897 νους
573 4835 886 4901 διαπαντὸς,
915 4837 1014 4890 καὶ
1034 4838 1109 4908 μή
1127 4855 1179 4891 τι
1205 4842 1590 4911 φρονήσαντας
1618 4827 2008 4916 πνευματικόν.
2053 4847 2210 4903 Μετὰ
2239 4845 2298 4900 δέ
2324 4843 2425 4913 τήν
2487 4839 2584 4894 τοῦ
2609 4835 2802 4908 θηρίου
2848 4834 3152 4894 ἀπώλειαν,
3183 4830 3322 4900 ὁρᾷν
3350 4829 3381 4880 ὁ
3411 4827 3704 4897 προφήτης

422 4931 591 5000 φησὶν
618 4931 695 4995 ὡς
719 4931 852 4986 Υίὸν
894 4931 1210 5003 ἀνθρώπου,
1246 4935 1548 5006 ἐρχόμενον
1589 4937 1684 4992 ἐπὶ
1727 4940 1994 5010 νεφελῶν,
2035 4941 2132 4996 καὶ
2163 4941 2269 5004 ἕως
2297 4937 2394 4994 τοῦ
2425 4934 2659 4991 παλαιοῦ
2704 4932 2814 4986 τῶν
2859 4930 3089 5002 ἡμερῶν
3126 4929 3428 4998 φθάσαντα,
3487 4917 3534 4992 ᾧ
3603 4923 3701 4976 καὶ

421 5027 644 5100 δοθῆναι
681 5029 834 5098 λέγει
858 5030 957 5098 τὴν
989 5030 1167 5101 ἀρχὴν
1203 5032 1297 5088 καὶ
1328 5037 1427 5104 τὴν
1458 5035 1634 5105 τιμὴν¹
1657 5037 1750 5091 καὶ
1801 5037 1908 5110 τήν
1969 5038 2273 5108 βασιλείαν.
2340 5036 2438 5091 καὶ
2468 5033 2617 5104 αὐτῷ
2641 5030 2932 5086 δουλεῦσαι
2959 5029 3088 5092 τοὺς
3115 5028 3281 5090 λαοὺς
3311 5025 3542 5087 πάντας,
3613 5021 3710 5075 καὶ

423 5124 524 5188 τὶς
560 5125 814 5192 γλώσσας
833 5126 932 5180 καὶ
949 5127 1048 5191 τὰς
1076 5127 1393 5197 φυλὰς,καὶ
1419 5131 1520 5203 τὴν
1551 5133 1803 5199 ἐξουσίαν
1873 5135 2042 5189 αὐτοῦ
2081 5133 2300 5191 αἰώνιον
2361 5133 2602 5196 ἔσεσθαι,
2654 5131 2749 5183 καὶ
2807 5129 2882 5200 μή
2935 5124 3372 5199 παρελεύσεσθαι
3444 5123 3542 5175 καὶ
3609 5119 3712 5188 τὴν

429 5227 712 5297 βασιλείαν
739 5224 908 5281 αὐτοῦ
937 5223 1014 5296 μὴ
1040 5226 1541 5299 διαφθαρήσεσθαι.
1600 5229 1791 5285 Ταῦτα
1822 5232 2013 5300 σαφῶς
2055 5233 2156 5303 τὴν
2219 5230 2484 5301 δευτέραν
2546 5227 2872 5296 ἐπιφάνειαν
2904 5224 3001 5278 τοῦ
3032 5223 3287 5292 Σωτῆρος
3338 5219 3503 5318 ήμῶν
3535 5216 3710 5322 ἷίησοῦ

427 5321 663 5392 Χριστοῦ
726 5318 1213 5391 προθεσπίζουσιν.
1254 5321 1378 5384 rte;
1438 5321 1538 5393 μὲν
1579 5323 1690 5392 γὰρ
1716 5323 2011 5395 ἀνθρώπου
2052 5323 2304 5377 καλεῖται
2357 5321 2449 5376 διὰ
2515 5317 2620 5391 τὴν
2653 5317 2938 5390 ήμετέραν
2979 5316 3168 5387 φύσιν,
3196 5313 3265 5384 ἣν
3313 5309 3708 5384 προσελάϐετο.

2111 3916 2380 3992 τουργῶν,
2416 3913 2513 3968 καὶ
2547 3913 2648 3976 τὰς
2676 3910 2878 3982 μυρίας
2909 3907 3178 3980 μυριάδας
3203 3907 3313 3960 τῶν
3339 3903 3707 3977 περιισταμέ-

2113 4029 2221 4067 νων
2267 4008 2560 4080 είσήγαγε,
2609 4004 2704 4058 καὶ
2751 4002 2845 4057 τὸν
2899 4000 3131 4072 πύρινον
3177 3998 3394 4069 θρόνον,
3436 3997 3532 4050 καὶ
3578 3995 3706 4059 τοὺς

505 5479 526 5510 ⁶
563 5479 757 5536 Matth.
795 5497 947 5548 sxw,
977 5482 1070 5537 64.

1642 5638 1852 5701 Varia
1890 5637 2207 5702 lectiones
2252 5648 2314 5701 et
2351 5648 2542 5700 notes.

514 5793 623 5862 (8:2)
662 5792 933 5859 Ποταμὸς
961 5790 1154 5862 πυρὸς
1181 5790 1386 5844 εἷλκεν
1413 5789 1896 5862 ἐκπορευόμενον
1961 5791 2006 5862 ἔγ

2109 5793 2302 5845 ιοσθεν
2333 5789 2541 5846 αὐτοῦ.
2611 5782 2808 5846 Είλκεν
2853 5784 2985 5858 poni
3027 5784 3246 5842 videtur
3310 5781 3432 5836 tltsz
3453 5779 3571 5849 τοῦ,
3637 5778 3716 5833 ει·-

442 5859 613 5932 λεῖτο,
643 5863 728 5918 vel
758 5863 1044 5932 ἐκύμαινε,
1073 5859 1402 5932 t-olt-ebatur,
1425 5861 1510 5918 vel
1534 5861 1793 5918 undabat.
1821 5861 1908 5920 W.
