4092 6410
444 343 552 407 247

1747 341 2075 405 JOANNIS
2113 342 2438 404 ZONARE

3608 343 3722 408 248

443 475 572 517 eum
597 457 896 531 imperium
929 460 1178 516 evertit:
1221 474 1348 514 nam
1388 475 1516 517 eum
1558 459 1714 532 prius
1733 460 1900 516 etiam
1953 458 2020 514 ad

2129 458 2186 514 ιν
2221 457 2497 531 θεωρητδν
2521 458 2629 514 ἀνά
2677 458 2844 530 μέσον
2892 459 3005 522 τῶν
3033 458 3334 532 ὀφθαλμῶν
3363 457 3556 515 αὐτοῦ.
3595 461 3714 515 Καὶ

444 555 617 609 Issum
640 552 977 625 proﬂigarat,
1019 554 1140 625 ejus
1194 568 1387 617 uxore,
1446 552 1685 620 ﬁliabus,
1743 568 1910 609 curru
1965 560 2024 608 et

442 661 574 700 arcu
611 645 838 715 potitus,
871 645 1210 716 direptisque
1241 644 1442 700 castris
1485 644 1745 700 Persicis.
1774 643 1882 700 Sed
1914 643 2020 700 Da-

443 738 560 792 rius
589 737 715 809 fuga
746 738 988 808 elapsus,
1022 745 1080 793 et
1109 738 1418 795 recollectis
1445 737 1641 807 copiis,
1684 752 1866 809 pugna
1893 753 2020 793 cum

439 831 753 888 Alexandro
785 847 851 886 ex
875 830 1111 902 Egysto
1140 844 1362 886 reverso
1394 827 1462 883 ad
1480 827 1682 884 Arbela
1705 828 2021 894 commissa,

443 927 644 980 iterum
679 934 995 994 superatus,
1026 923 1079 978 in
1112 923 1236 994 fuga
1269 923 1458 994 periit.
1499 917 1813 992 Spectabile
1857 934 2022 991 porro

441 1032 615 1072 cornu
641 1025 820 1081 vocat,
853 1025 915 1072 ut
963 1017 1178 1088 insigne
1233 1026 1290 1072 et
1343 1018 1730 1088 conspicuum,
1787 1027 2021 1084 regnum

440 1109 735 1164 Alexandri
772 1123 873 1179 per
903 1109 957 1163 id
981 1109 1309 1180 intelligens.
1340 1109 1408 1164 Et
1430 1109 1486 1164 in
1519 1109 1703 1164 medio
1731 1105 2020 1162 oculorum

439 1197 798 1268 ejuscnatum
831 1212 953 1252 esse
975 1211 1146 1251 cornu
1182 1196 1338 1258 dicit,
1376 1198 1448 1252 ob
1483 1195 1769 1252 solertiam
1805 1202 1863 1249 et
1887 1207 2023 1263 pru-

440 1289 708 1353 dentiam,
746 1305 810 1344 ac
840 1303 1172 1360 generosum
1203 1289 1449 1344 animum
1479 1285 1796 1344 Alexandri.
1830 1285 1902 1340 Et
1929 1301 2020 1339 ue-

441 1383 541 1443 nit,
577 1382 778 1454 inquit,
815 1383 994 1436 hircus
1029 1397 1190 1451 usque
1216 1381 1287 1436 ad
1307 1383 1522 1436 arietem
1567 1381 1922 1450 cornigerum,
1973 1383 2022 1430 et

440 1478 546 1532 uidi
571 1494 687 1532 eum
719 1493 1049 1548 progressum
1080 1477 1151 1530 ad
1184 1479 1422 1537 arietem,
1456 1483 1504 1528 et
1538 1473 1809 1543 eﬂ‘eratum
1835 1475 2020 1524 contra

438 1570 591 1625 illum
622 1587 640 1624 :
669 1585 822 1641 quem
847 1586 966 1623 cum
993 1567 1319 1640 perculisset,
1351 1566 1504 1621 ambo
1525 1567 1636 1635 ejus
1668 1579 1867 1617 cornua
1897 1577 2024 1614 con-

440 1662 606 1726 trivit,
632 1669 690 1715 ut
711 1678 891 1716 coram
911 1677 969 1714 eo
999 1661 1284 1715 consistere
1315 1675 1419 1712 non
1447 1664 1636 1726 posset,
1665 1655 1758 1709 sed
1785 1653 1849 1708 ab
1879 1655 2021 1707 hirco

439 1759 734 1823 prostratus
757 1751 905 1806 humi
937 1747 1360 1805 conculcaretur.
1395 1747 1464 1802 Et
1489 1743 1848 1815 sunt,inquit,
1869 1742 2022 1797 ambo

2125 549 2230 614 ἕως
2257 550 2354 604 τοῦ
2389 552 2550 623 κριοῦ
2581 551 2818 622 φθάσας,
2851 551 3166 625 ἐξηγριώθη
3202 551 3339 624 πρὸς
3370 551 3556 616 αὐτὸν,
3615 553 3714 607 καὶ

2125 641 2354 696 ἔπαισεν
2381 644 2564 711 αὑτὸν,
2597 646 2691 700 καὶ
2727 643 3020 715 συνέτριψε
3042 644 3112 698 τά
3143 644 3352 716 κέρατα
3386 644 3578 708 αὐτοῦ,
3620 646 3719 698 καὶ

2126 732 2354 806 ἔρριψεν
2381 734 2551 789 αὑτὸν
2597 736 2693 790 ἐπὶ
2717 735 2822 807 τὴν
2848 735 2978 805 γῆν,
3011 735 3106 790 καὶ
3127 736 3508 806 συνεπάτησεν
3529 734 3717 801 αὐτὸν,

2127 828 2220 880 καὶ
2241 827 2342 881 οὐκ
2365 823 2435 900 ἦν
2456 829 2486 882 ὁ
2522 828 2921 902 ἐξαιρούμενος
2973 828 3068 883 τὸν
3099 829 3256 894 κριὸν
3313 830 3379 884 ὲκ
3407 829 3506 900 τῆς
3533 829 3716 900 χειρὸς

2125 918 2312 975 αὐτοῦ.
2341 919 2850 994 ΤήνΜακεδονικὴν
2868 921 3152 993 βασιλείαν
3199 921 3484 976 ὑπετύπου
3516 923 3545 975 ὁ
3571 921 3711 992 τράο

2124 1026 2242 1078 γος·
2273 1009 2533 1084 ὀξύτερος
2560 1012 2672 1084 γάρ
2700 1011 2796 1067 τοῦ
2821 1013 3005 1086 κριοῦ,
3053 1015 3149 1068 καὶ
3179 1015 3384 1086 μᾶλλον
3411 1013 3718 1083 εὐκίνητος.

2137 1101 2272 1157 Ἀπὸ
2301 1102 2452 1166 λισδς
2495 1103 2540 1156 δ’
2574 1105 2809 1176 ἤρχετο·
2841 1105 2924 1160 ὅτι
2981 1106 3083 1178 τὴν
3122 1105 3402 1175 Δειυπτον
3449 1108 3720 1177 πρότερον

2125 1193 2216 1263 ὑφ’
2247 1194 2441 1248 ἑαυτὸν
2494 1196 2922 1266 ποιησάμενοςὸ
2958 1197 3332 1272 ’Δλέξανδρος,
3385 1197 3529 1252 οὕτω
3574 1198 3716 1269 πρὸς

2125 1289 2354 1359 Δαρεῖον
2389 1287 2451 1341 τὸ
2488 1287 2746 1360 δεύτερον
2771 1289 3026 1360 ὥρμησε,
3061 1292 3158 1345 καὶ
3199 1291 3716 1363 κατατροπωσάμε-

2125 1396 2215 1444 νος
2244 1380 2429 1445 αὑτὸν,
2458 1380 2560 1452 τὴν
2607 1380 2718 1436 τῶν
2766 1382 2997 1453 Περσῶν
3055 1382 3344 1454 βασιλείαν
3390 1383 3713 1438 κατέλυσεν.

2137 1472 2226 1525 Ἐν
2255 1471 2416 1543 Ἰσσῷ
2438 1472 2548 1543 γὰρ
2573 1470 2767 1544 πρώην
2799 1473 2901 1542 τῆς
2923 1474 3179 1538 Κιλικίας
3213 1473 3364 1545 αὐτῷ
3394 1473 3718 1545 συμϐαλὼν,

2122 1562 2359 1634 ἥττησεν
2383 1562 2568 1628 αὑτὸν,
2596 1563 2690 1616 καὶ
2716 1562 2816 1634 τὴν
2849 1564 2950 1636 μὲν
2998 1565 3239 1633 γυναῖκα
3273 1565 3369 1620 καὶ
3402 1564 3504 1630 τὰς
3545 1565 3721 1634 θυγαο

2125 1651 2294 1722 τέρας
2325 1651 2495 1706 αὐτοῦ
2525 1653 2622 1706 καὶ
2660 1653 2722 1707 τὸ
2747 1654 2901 1725 ἀρμα
2923 1655 3020 1709 καὶ
3045 1653 3108 1708 τὸ
3141 1657 3300 1724 τόξον
3328 1656 3590 1726 κατέσχε,
3619 1657 3722 1711 καὶ⁹

2124 1743 2395 1814 διήρπασε
2447 1744 2508 1797 τὸ
2553 1745 2922 1816 στρατόπεδον
2962 1747 3024 1800 τὸ
3072 1748 3368 1818 Περσικόν.
3429 1747 3641 1819 Ἐςρυγε
3671 1748 3723 1804 δ’

440 1821 620 1897 arietis
646 1858 848 1896 cornua
872 1842 1096 1895 contrita
1117 1839 1180 1893 ab
1201 1840 1344 1894 hirco
1371 1878 1386 1902 ,
1415 1839 1616 1907 impetu
1633 1836 1688 1889 in
1719 1851 1837 1888 eum
1859 1835 2018 1904 facto.

2129 1835 2344 1891 ἐκεῖθεν
2374 1839 2402 1892 ὁ
2429 1839 2676 1908 Δαρεῖος,
2713 1839 2810 1893 καὶ
2850 1835 3010 1904 αὖθις
3041 1841 3303 1912 δυνάμεις
3357 1842 3712 1911 συναγαγὼν,

441 1931 557 1988 lloc
599 1941 706 1998 est,
759 1931 936 1986 ambae
989 1930 1110 2002 ejus
1145 1928 1338 1998 copiae,
1384 1927 1619 1982 Persica:
1670 1935 1728 1981 et
1776 1925 2019 1987 Medicar,

442 2026 648 2093 quibus
674 2025 849 2078 fretus
865 2030 1004 2077 erat.
1031 2021 1164 2077 Nam
1190 2021 1482 2075 Persarum
1507 2035 1602 2073 rex
1621 2019 1843 2089 utrique
1867 2017 2018 2088 genti

443 2117 772 2186 imperabat,
815 2115 985 2187 Cyro,
1023 2124 1083 2170 ut
1131 2114 1341 2170 dictum
1399 2120 1508 2177 est,
1563 2111 1824 2179 utrinque
1857 2109 2012 2180 l3],

441 2207 681 2263 ducente
714 2207 1005 2279 originem,
1040 2215 1098 2260 et
1153 2216 1391 2275 utroque
1442 2218 1612 2274 regno
1671 2203 1866 2272 potito,
1899 2217 2022 2272 quae

442 2309 635 2369 gentes
673 2299 847 2355 amba:
875 2299 1223 2370 Assyriorum
1275 2313 1503 2368 regnum
1562 2304 1904 2351 everterunt.
1952 2293 2022 2351 Et

441 2392 616 2446 hircus
637 2390 967 2446 evasitvalde
986 2407 1230 2463 magnus.
1263 2387 1452 2459 Neque
1482 2387 1630 2443 enim
1657 2403 1720 2442 ea
1751 2387 2022 2443 duntaxat

441 2499 565 2554 qua:
608 2483 847 2554 Assyriis
888 2492 1210 2553 paruerant,
1247 2481 1343 2537 sed
1392 2481 1499 2536 alia
1565 2497 1786 2551 quoque
1850 2481 2020 2535 multa

442 2576 681 2648 subegit.
718 2575 930 2631 Indiam
949 2589 1260 2646 aggressus,
1285 2572 1490 2629 Porum
1515 2573 1737 2640 devicit,
1767 2583 1822 2628 et
1859 2572 2020 2628 Taxi-

441 2669 548 2725 lem
577 2668 682 2724 sibi
715 2667 1054 2732 conciliavit,
1088 2679 1146 2724 et
1183 2667 1319 2722 alias
1348 2665 1549 2722 Indicae
1573 2665 1815 2738 regionis
1838 2674 2020 2734 partes

439 2763 752 2832 occupavit.
782 2761 990 2818 Deinde
1026 2775 1136 2816 non
1162 2761 1255 2816 diu
1289 2760 1612 2816 duraturam
1646 2760 1768 2830 ejus
1788 2758 2021 2813 felicita-

443 2865 552 2909 tem
584 2853 859 2924 Pmpbeta
887 2853 1225 2926 signiﬁcans,
1262 2853 1552 2926 subjungit
1586 2871 1600 2909 :
1644 2850 1715 2905 Et
1749 2852 1888 2906 inter
1907 2851 2023 2904 uin-

440 2948 662 3001 cendum
692 2949 1070 3002 comminutum
1096 2957 1172 3001 est
1199 2961 1365 3000 cornu
1389 2945 1528 2999 illud
1548 2959 1826 3014 magnum,
1853 2949 1903 2996 et
1938 2942 2023 2995 in-

440 3037 527 3108 fra
561 3038 733 3107 ipsum
766 3047 998 3108 quatuor
1027 3053 1225 3092 cornua
1248 3044 1372 3091 sunt
1405 3043 1588 3090 enata.
1619 3033 1755 3090 Nam
1785 3033 2020 3088 Alexan-

2125 1929 2440 1999 ἐμαχέσατο
2466 1929 2544 1999 τῷ
2577 1928 2944 2002 Ἀλεξάνδρῳ,
2965 1929 3024 1996 ἐξ
3041 1930 3323 2000 Αἰγύπτου
3345 1931 3483 2002 πρὸς
3506 1935 3646 1987 ὲκεῖι
3657 1950 3720 1986 ον

2126 2021 2462 2091 ὁρμήσαντι,
2482 2021 2575 2074 καὶ
2611 2021 2778 2075 πάλιν
2805 2021 3012 2092 ἡττήθη
3041 2023 3099 2076 ὲν
3121 2022 3432 2095 Ἀρϐήλοις,
3465 2025 3564 2078 καὶ
3583 2025 3718 2094 φεύ-

2125 2124 2238 2177 γιο.ν
2261 2107 2528 2165 ἀπώλετο.
2565 2109 2857 2180 Θεωρητδν
2877 2109 2934 2164 δὲ
2969 2110 3028 2164 τὺ
3054 2112 3223 2183 κέρας
3247 2114 3433 2183 φησὶν,
3465 2115 3588 2167 ἀντὶ
3621 2111 3719 2167 τοῦ

2126 2201 2400 2273 ἐπίσημον
2422 2203 2520 2256 καὶ
2549 2203 2920 2274 περίϐλεπτον
2941 2219 2954 2232 ·
2985 2204 3088 2275 τὴν
3123 2204 3485 2277 Ἀλεξάνδρου
3531 2206 3589 2260 δὲ
3621 2205 3722 2260 καὶ

2125 2293 2213 2347 διά
2248 2294 2438 2348 τούτου
2467 2295 2765 2349 αἰνίττεται
2788 2293 3089 2365 βασιλείαν.
3117 2297 3228 2350 Καὶ
3244 2297 3350 2352 ἀνὰ
3392 2299 3580 2368 μέσων
3608 2298 3720 2352 τῶν

2124 2389 2422 2462 ὀφθαλμῶν
2471 2390 2638 2446 αὐτοῦ
2689 2389 2930 2460 ἐκφῦναι
2977 2390 3037 2444 τὸ
3089 2391 3261 2463 κέρας
3313 2392 3485 2461 λέγει,
3527 2392 3616 2446 διά
3657 2391 3722 2446 τὸ

2125 2485 2386 2555 ἀγχίνουν
2417 2489 2512 2538 καὶ
2536 2485 2638 2556 τὴν
2665 2486 2912 2550 σύνεσιν,
2958 2487 3057 2542 καὶ
3083 2485 3144 2540 τὸ
3178 2488 3430 2556 γενναῖον
3461 2485 3555 2540 τοῦ
3586 2503 3722 2556 φρο-

2126 2579 2372 2649 νήματος
2394 2577 2491 2632 τοῦ
2522 2577 2903 2650 Ἀλεξάνδρου.
2947 2578 2996 2634 Κ
3001 2579 3063 2636 al
3086 2575 3256 2650 ἦλθε,
3280 2577 3472 2649 φησιν,
3524 2581 3558 2634 ὁ
3588 2577 3723 2647 τρά-

2126 2689 2231 2740 γος
2251 2669 2367 2738 ἓως
2416 2670 2524 2725 τοῦ
2567 2671 2738 2741 κριοῦ
2792 2671 2902 2726 τοῦ
2931 2673 3003 2727 τὰ
3049 2672 3266 2741 κέρατα
3311 2672 3582 2741 ἔχοντος.
3619 2669 3722 2725 και

2124 2761 2292 2819 εἶδον
2305 2763 2494 2817 αὐτὸν
2505 2763 2824 2832 φθάσαντα
2841 2763 2952 2831 ἔως
2967 2763 3074 2818 τοῦ
3094 2763 3286 2832 κριοῦ,
3303 2756 3402 2817 καὶ
3421 2763 3492 2828 ἐξ
3497 2781 3533 2833 η
3541 2763 3710 2833 γριώ-

2125 2860 2198 2925 θη
2220 2857 2372 2924 πρὸς
2399 2857 2610 2922 αὐτὸν,
2643 2856 2740 2911 καὶ
2770 2857 2988 2912 ἔπαισε
3035 2857 3145 2912 τὸν
3174 2857 3370 2926 κριὸν,
3426 2857 3528 2912 καὶ
3569 2875 3721 2912 συν-

2125 2947 2376 3018 έτριψεν
2409 2948 2716 3018 ἀμφότερα
2749 2952 2824 3005 τὰ
2871 2951 3093 3019 κέρατα
3127 2949 3336 3016 αὐτοῦ,
3361 2950 3461 3005 καί
3497 2953 3608 3005 οὐκ
3639 2946 3720 3021 ἦν

2128 3041 2311 3112 ισχὺς
2339 3041 2420 3108 τῷ
2447 3041 2591 3112 κριῷ
2623 3044 2735 3098 τοῦ
2780 3045 3004 3111 στῆναι
3059 3043 3320 3099 ἐνώπιον
3375 3043 3588 3110 αὐτοῦ,
3617 3045 3718 3098 καὶ

440 3128 544 3183 dro
572 3127 725 3183 brevi
755 3137 878 3198 post
910 3143 1200 3184 successus
1233 3128 1358 3184 illos
1390 3135 1633 3192 mortuo,
1679 3127 1801 3198 ejus
1853 3126 2024 3195 impe-

2129 3135 2376 3206 ἕρῤιψεν
2447 3137 2638 3191 αὐτὸν
2691 3139 2781 3204 είς
2860 3135 2976 3208 γῆν
3002 3177 3018 3205 ,
3093 3138 3194 3193 καὶ
3285 3137 3721 3205 συνεπάτησεν

440 3222 586 3276 rium
618 3222 672 3275 in
698 3231 884 3292 partes
915 3227 1155 3292 quatuor
1179 3229 1264 3276 est
1283 3219 1520 3276 divisum
1555 3236 1571 3276 :
1605 3229 1666 3274 ut
1689 3220 1800 3291 jam
1833 3219 1888 3274 in
1912 3226 2024 3273 ter-

442 3315 517 3370 tia
545 3314 660 3370 fera
690 3315 898 3369 dictum
920 3322 1026 3380 est,
1059 3329 1182 3384 qua:
1212 3313 1267 3368 in
1307 3313 1515 3369 somnis
1541 3311 1753 3367 Danieli
1793 3312 1910 3366 visa
1941 3319 2028 3365 est

440 3424 472 3462 e
504 3407 908 3478 maricgressa,
936 3416 1175 3477 quatuor
1219 3404 1448 3476 pradita
1498 3403 1796 3475 capitibus.
1845 3403 1916 3458 Et
1964 3417 2028 3456 ea:

442 3517 547 3556 uno
575 3517 740 3555 cornu
776 3503 972 3556 exstitit
997 3516 1159 3554 cornu
1192 3499 1444 3565 terribile,
1491 3497 1649 3568 idque
1697 3498 1754 3551 in
1799 3498 2027 3552 immen-

439 3612 555 3649 sum
591 3604 667 3648 est
692 3603 905 3649 auctum
948 3609 1128 3650 uersus
1181 3600 1448 3658 austrum,
1498 3607 1680 3646 uersus
1743 3593 2024 3656 orientem,

441 3705 621 3743 versus
673 3689 923 3759 africum,
949 3698 998 3741 et
1039 3702 1216 3741 uersus
1268 3685 1584 3740 occidentem
1609 3700 1628 3739 :
1654 3693 1702 3739 et
1730 3683 2031 3754 ampliﬁca-

445 3791 557 3836 tum
578 3789 653 3836 est
685 3797 846 3850 usque
875 3780 945 3835 ad
964 3779 1258 3852 potentiam
1286 3777 1421 3845 caeli,
1451 3787 1502 3832 et
1539 3776 1844 3832 ceciderunt
1859 3777 2029 3831 stellis

441 3875 601 3932 etiam
620 3875 676 3929 in
703 3881 902 3927 terram
928 3889 962 3926 a
1009 3871 1244 3942 potentia
1279 3871 1416 3942 ejus,
1445 3878 1496 3924 et
1529 3869 1850 3924 conculcata:
1879 3878 2026 3924 sunt.

444 3966 542 4021 liis
566 3966 752 4022 verbis
785 3965 977 4021 Daniel
1001 3980 1065 4021 ea
1091 3963 1386 4034 praedocet,
1433 3978 1557 4034 quae
1597 3962 1702 4018 sub
1752 3961 2030 4017 Antiocho

447 4059 740 4132 Epiphane
772 4059 1144 4129 contigerunt,
1169 4055 1429 4111 Antiochi
1460 4055 1642 4126 Magni
1673 4053 1811 4123 ﬁlio,
1859 4069 2028 4124 supe-

444 4151 653 4206 riorum
680 4163 868 4222 regum
907 4147 1212 4220 potentiam
1240 4161 1624 4218 supergresso,
1657 4148 1753 4216 qui
1791 4144 2028 4201 Seleuco

443 4254 849 4300 successerant.
881 4241 933 4298 ls
962 4240 1200 4314 Egypto
1229 4250 1286 4296 et
1309 4240 1433 4296 aliis
1460 4239 1765 4310 provinciis
1793 4239 2027 4309 potitus,

444 4336 702 4406 belloque
728 4333 934 4392 Iudicis
982 4333 1157 4400 illato,
1210 4341 1268 4388 et
1317 4330 1694 4402 Hierosolyma
1759 4339 1816 4384 et
1861 4339 2028 4385 totam

443 4437 663 4500 gentem
703 4425 943 4497 subegit,
966 4424 1255 4496 Templum
1277 4423 1536 4495 spoliavit
1562 4431 1620 4478 et
1649 4421 1866 4492 polluit,
1899 4435 2030 4492 por-

2129 3232 2342 3285 αὑτόν.
2423 3231 2751 3298 Συνετρίϐη
2838 3229 2928 3297 δὲ,
2988 3230 3146 3301 φησὶ,
3231 3230 3331 3285 καί
3414 3230 3591 3300 ἄμφω
3644 3230 3720 3284 τὰ

2131 3322 2352 3391 κέρατα
2415 3321 2524 3377 τοῦ
2610 3321 2783 3392 κριοῦ
2861 3321 3364 3392 προσαράξαντος
3417 3322 3527 3377 τοῦ
3580 3322 3720 3391 τρά-

2132 3431 2243 3484 του
2271 3413 2472 3481 αὐτῷ·
2516 3417 2790 3480 τουτέστι,
2825 3415 2920 3468 καὶ
2959 3415 3130 3485 ἄμφω
3185 3415 3242 3468 αι
3294 3414 3560 3486 δυνάμεις
3618 3415 3718 3468 αὑ-

2130 3505 2226 3559 τοῦ
2279 3499 2367 3569 αἷς
2439 3504 2745 3568 ἐπεποίθει,
2791 3505 2826 3577 ἦ
2889 3521 2950 3558 τε
3019 3503 3267 3576 Περσικὴ
3334 3508 3429 3559 καὶ
3507 3507 3542 3570 ἡ
3598 3504 3716 3576 Mq-

2129 3597 2280 3669 δική.
2367 3597 2597 3670 Περσῶν
2657 3597 2770 3668 γὰρ
2835 3596 2933 3650 καὶ
2985 3596 3187 3666 Μήδων
3273 3591 3444 3668 ἦρχον
3509 3597 3560 3651 oi
3622 3596 3722 3668 βα-

2131 3689 2301 3753 σιλεῖς
2355 3690 2465 3744 τῶν
2530 3689 2782 3760 Περσῶν,
2837 3688 2914 3753 ώς
2969 3687 3067 3742 τοῦ
3129 3688 3316 3756 Κύρου
3377 3687 3439 3754 ἐξ
3490 3687 3712 3758 ἀμφοῖν,

2127 3783 2205 3847 ώς
2229 3784 2466 3855 εἴρηται,
2497 3781 2720 3852 φύντος,
2749 3781 2847 3836 καὶ
2875 3779 2976 3852 τὴν
3009 3781 3216 3852 ἀμφοῖν
3246 3780 3527 3851 βασιλείαν
3552 3780 3714 3851 σχόν-

2129 3893 2221 3941 τος
2279 3877 2373 3948 ὑφ’
2417 3861 2634 3941 ἑαυτδν,
2695 3876 2792 3929 καὶ
2855 3873 3027 3944 ἄμφω
3071 3873 3248 3927 ταῦτα
3294 3873 3362 3926 τά
3418 3872 3550 3944 γένη
3613 3871 3723 3926 τῶν

2131 3968 2441 4040 ’Λσσυρίων
2470 3967 2571 4039 τὴν
2604 3964 2888 4036 βασιλείαν
2923 3964 3255 4019 κατέλυσαν.
3282 3963 3391 4018 Kal
3439 3965 3474 4018 ὁ
3508 3963 3723 4034 τράγος

2129 4062 2511 4132 ἐμεγαλύνθη
2546 4057 2805 4130 σφόδρα.
2839 4058 2916 4110 Οὐ
2953 4057 3064 4128 γὰρ
3095 4056 3236 4127 μόνα
3278 4056 3344 4109 τὰ
3381 4055 3600 4126 ὑπήκοα
3651 4056 3720 4126 τῇ

2131 4155 2243 4209 τῶν
2316 4154 2622 4224 Ἀσσυρίων
2661 4154 2807 4224 ἀρχῇ
2865 4151 2955 4220 ὑφ’
3007 4151 3201 4204 ἑαυτὸν
3239 4150 3551 4219 ἐποιήσατο,
3583 4146 3722 4201 ἀλλά

2111 4241 2232 4302 ’καὶ
2262 4246 2397 4301 ἄλλα
2431 4243 2604 4299 πολλά
2641 4243 3002 4315 ἐχειρώσατο.
3047 4243 3128 4314 Τῇ
3168 4259 3228 4296 τε
3249 4243 3358 4313 γάρ
3396 4241 3562 4312 Ἰνδίᾳ
3585 4257 3724 4312 προ-

2135 4337 2357 4403 σέϐαλε,
2393 4337 2491 4392 καὶ
2537 4337 2631 4390 τὸν
2676 4337 2871 4408 Πῶρον
2929 4335 3174 4407 ἐνίκησε,
3226 4336 3322 4388 καὶ
3362 4335 3454 4388 τὸν
3487 4332 3725 4406 Ταξίλην

2138 4431 2482 4503 ᾠκειώσατο,
2512 4429 2610 4484 καὶ
2633 4428 2771 4482 ἀλλα
2823 4429 2965 4500 μέρη
3012 4428 3114 4497 τῆς
3155 4426 3390 4496 Ἰνδικῆς
3433 4425 3721 4496 κατέσχεν.

445 4523 526 4578 cis
565 4522 620 4576 in
647 4537 715 4576 eo
739 4518 1062 4582 immolatis,
1085 4527 1142 4572 et
1177 4531 1270 4572 ara
1319 4516 1439 4572 ,Ιονί
1493 4523 1796 4580 exstructa,
1851 4529 2024 4585 popu-

2135 4520 2270 4578 Εἶτα
2313 4523 2491 4593 δηλῶν
2521 4523 2551 4575 ὁ
2571 4523 2880 4593 προφήτης,
2910 4522 2993 4574 ὅτι
3024 4519 3120 4574 καὶ
3143 4513 3297 4582 οὗτος
3323 4517 3723 4588 εύδαιμονήσας

446 4617 668 4684 lumque
696 4613 762 4668 ad
792 4611 1171 4684 paganismum
1216 4610 1419 4681 adegit,
1484 4618 1540 4664 et
1589 4623 1790 4680 pueros
1849 4623 2030 4662 mares

445 4706 771 4763 circumcidi
808 4707 1005 4758 vetuit.
1044 4702 1174 4756 Nam
1211 4703 1331 4773 ejus
1361 4703 1603 4757 furorem
1632 4711 1826 4756 contra
1854 4702 2026 4755 Deum

445 4803 539 4857 illa
563 4799 730 4854 verba
769 4799 1007 4852 innuunt
1036 4813 1049 4849 :
1085 4795 1150 4848 Et
1175 4797 1346 4848 elatus
1391 4804 1470 4848 est
1498 4811 1662 4865 usque
1697 4796 1768 4847 ad
1795 4795 1911 4849 εωίὶ
1937 4812 2030 4865 po-

446 4898 693 4950 tentiam.
728 4894 823 4948 llla
863 4907 996 4947 vero
1033 4907 1046 4943 :
1095 4891 1410 4944 Ceciderunt
1446 4907 1478 4942 a
1516 4892 1750 4960 potentia
1809 4889 1924 4958 ejus
1980 4900 2030 4940 et

449 4985 618 5042 stellae
647 4987 701 5039 in
728 4994 949 5048 terram,
987 4981 1380 5034 etconculcavit
1419 4996 1530 5043 eas,
1573 4979 1889 5050 signiﬁcant
1933 4995 2030 5033 eos

445 5094 513 5133 ex
538 5077 772 5135 Iudaico
802 5075 1030 5147 populo,
1075 5073 1169 5142 qui
1210 5072 1280 5126 ab
1317 5072 1409 5126 illo
1469 5071 1644 5125 coacti
1705 5070 2026 5140 religionem

446 5170 748 5234 violarunt,
778 5178 836 5222 et
894 5175 1129 5237 tyranno
1189 5177 1426 5230 cessere,
1463 5162 1706 5233 legitima
1731 5161 2029 5230 divinaque

447 5262 670 5319 vivendi
703 5263 917 5316 ratione
945 5259 1187 5323 deserta,
1217 5257 1286 5312 ab
1305 5271 1484 5326 eoque
1520 5254 1832 5310 conculcati
1874 5264 2026 5308 sunt.

449 5357 634 5412 Stella:
663 5363 848 5410 autem
877 5362 1170 5416 vocantur,
1212 5351 1299 5406 vel
1349 5349 1420 5404 ob
1474 5348 1697 5418 pietatis
1732 5349 2027 5416 puritatem

448 5458 504 5501 et
533 5445 932 5516 splendorem:
977 5443 1062 5498 vel
1121 5441 1268 5511 quod
1327 5438 1642 5494 Abrahamo
1701 5437 2029 5507 promiserat

451 5537 691 5604 Deuste
716 5538 1032 5607 progeniem
1063 5536 1185 5606 ejus
1213 5533 1495 5589 stellarum
1528 5530 1836 5585 caelestium
1858 5529 2030 5583 instar

453 5631 936 5701 ampliﬁcaturum.
973 5631 1042 5685 Et
1069 5645 1231 5700 usque
1252 5628 1321 5682 ad
1342 5629 1632 5697 principem
1665 5625 1935 5694 copiarum
1953 5633 2028 5676 est

453 5723 644 5795 elatus.
676 5723 880 5779 Contra
902 5725 1081 5793 ipsum
1113 5721 1280 5777 Deum
1315 5720 1557 5776 furorem
1590 5718 1856 5780 exercuit,
1883 5718 2030 5786 prin-

456 5817 631 5889 cipem
669 5816 972 5871 cmlestiutn
1027 5813 1332 5885 copiarum.
1371 5812 1439 5868 Et
1484 5810 1803 5879 sacriﬁcium
1834 5813 2023 5864 turba-

2139 4615 2358 4686 μικρὸν,
2374 4612 2800 4685 παρελεύσεται,
2819 4613 3066 4682 ἐπήγαγε
3092 4626 3106 4641 ⁶
3133 4609 3241 4665 Καὶ
3265 4609 3334 4662 ὲν
3361 4605 3442 4674 τῷ
3473 4607 3723 4676 ἰσχῦσαι

2134 4706 2342 4771 αὑτὸν,
2375 4704 2699 4772 συνετρίϐη
2717 4702 2782 4756 τὸ
2814 4701 2994 4769 κέρας
3022 4701 3086 4755 τὸ
3111 4698 3288 4770 μέγα,
3323 4698 3424 4752 καὶ
3455 4699 3724 4765 τέσσαρα

2137 4797 2356 4864 κέρατα
2391 4796 2777 4850 ὑποκάτωθεν
2806 4793 2994 4861 ἐξέφυ
3020 4790 3232 4845 αὑτοῦ.
3259 4789 3368 4842 Τοῦ
3418 4789 3528 4860 γὰρ
3574 4790 3724 4842 Ἀλε-

2138 4887 2366 4959 ξάνδρου
2400 4886 2540 4958 μετά
2592 4887 2689 4956 τὴν
2725 4885 2982 4955 εὐτυχίαν
3029 4884 3249 4954 ἐκείνην
3314 4883 3598 4952 συντόμως
3629 4881 3722 4934 Oa-

2136 4981 2340 5044 νόντος,
2373 4980 2454 5040 είς
2503 4979 2750 5048 τέσσαρα
2784 4979 2817 5046 ἡ
2879 4977 3092 5030 ἐκείνου
3151 4974 3379 5047 διῃρέθη
3421 4975 3586 5044 ἀρχὴ,
3647 4973 3723 5037 ώς

2135 5072 2353 5141 εἴρηται
2387 5069 2488 5141 ἤδη
2516 5071 2575 5122 ὲν
2620 5068 2700 5139 τῷ
2729 5068 2901 5140 τρίτῳ
2948 5067 3144 5138 θηρίῳ,
3174 5067 3202 5120 ὃ
3227 5066 3307 5136 τῷ
3343 5066 3542 5137 Δανιὴλ
3597 5064 3723 5118 καθ’

2137 5163 2342 5225 ὕπνους
2383 5159 2565 5226 ἔδοξεν
2591 5163 2656 5214 ἐκ
2705 5159 2806 5229 τῆς
2859 5159 3138 5228 θαλάσσης
3194 5157 3542 5230 ἐξέρχεσθαι,
3601 5157 3725 5227 ἔχον

2135 5256 2411 5324 τέσσαρας
2441 5253 2705 5322 κεφαλάς.
2744 5251 2852 5306 Καὶ
2899 5253 2968 5305 ἐκ
3000 5251 3107 5305 τοῦ
3124 5250 3264 5316 ἐνὸς
3287 5249 3406 5303 τῶν
3460 5249 3725 5317 κεράτων

2136 5347 2360 5416 ἐξῆλθε
2396 5346 2574 5416 κέρας
2613 5344 2886 5415 φοϐερὸν,
2936 5344 3036 5397 καί
3077 5343 3457 5412 ἐωγαλύνθη
3517 5357 3724 5411 περισ-

2137 5437 2262 5504 σῶς
2312 5437 2464 5505 πρὸς
2493 5437 2677 5491 νότον
2724 5434 2826 5490 καί
2856 5434 3008 5502 πρὸς
3047 5433 3380 5500 ἀνατολὴν,
3413 5432 3511 5487 καὶ
3572 5433 3723 5500 πρὸς

2136 5530 2296 5594 λίϐα,
2325 5528 2426 5582 καὶ
2460 5527 2610 5596 πρὸς
2643 5526 2759 5595 τὴν
2787 5526 2991 5579 δύσιν.
3039 5524 3148 5578 καὶ
3201 5524 3579 5593 ἐμεγαλύνθη
3612 5523 3722 5588 ἕως

2138 5620 2249 5688 τῆς
2275 5618 2586 5688 δυνάμεως
2642 5617 2748 5673 τοῦ
2777 5615 3062 5684 οὐρανοῦ,
3093 5615 3186 5668 καί
3230 5615 3459 5669 ἔπεσον
3485 5614 3584 5666 ἐπὶ
3609 5613 3722 5680 τὴν

2139 5712 2255 5783 γῆν
2294 5713 2413 5768 ἀπὸ
2442 5712 2553 5780 τῆς
2597 5709 2932 5780 δυνάμεως,
2969 5708 3068 5761 καὶ
3097 5708 3218 5762 ἀπὸ
3263 5703 3384 5760 τῶν
3429 5705 3722 5772 ἀστέρων,

2137 5806 2234 5863 καὶ
2268 5804 2702 5874 συνεπάτησεν
2760 5800 3003 5870 αὐτούς.
3064 5799 3146 5856 Τὰ
3177 5798 3310 5868 περὶ
3345 5796 3440 5853 τοῦ
3485 5797 3719 5853 Ἐπιφαο
