  <div class='ocr_page' id='page_1' title='image "/cluster/home/n/w/nwhite01/storage/ocr_20150623/134:no.1/coo.31924054870393/132.png"; bbox 0 0 4092 6408; ppageno 0'>
   <div class='ocr_carea' id='block_1_1' title="bbox 492 337 601 402">
    <p class='ocr_par' dir='ltr' id='par_1_1' title="bbox 492 337 601 402">
     <span class='ocr_line' id='line_1_1' title="bbox 492 337 601 402; baseline 0.009 -1"><span class='ocrx_word' id='word_1_1' title='bbox 492 337 601 402; x_wconf 67' lang='grc'>249</span> 
     </span>
    </p>
   </div>
   <div class='ocr_carea' id='block_1_2' title="bbox 1763 336 2530 404">
    <p class='ocr_par' dir='ltr' id='par_1_2' title="bbox 1763 336 2530 404">
     <span class='ocr_line' id='line_1_2' title="bbox 1763 336 2530 404; baseline 0.009 -7"><span class='ocrx_word' id='word_1_2' title='bbox 1763 336 2176 400; x_wconf 82' lang='lat' dir='ltr'>ANNALIUM</span> <span class='ocrx_word' id='word_1_3' title='bbox 2217 338 2368 402; x_wconf 85' lang='lat' dir='ltr'>LIB.</span> <span class='ocrx_word' id='word_1_4' title='bbox 2406 339 2530 404; x_wconf 82' lang='lat' dir='ltr'>III.</span> 
     </span>
    </p>
   </div>
   <div class='ocr_carea' id='block_1_3' title="bbox 3654 342 3768 417">
    <p class='ocr_par' dir='ltr' id='par_1_3' title="bbox 3654 342 3768 417">
     <span class='ocr_line' id='line_1_3' title="bbox 3654 342 3768 417; baseline 0.018 -13"><span class='ocrx_word' id='word_1_5' title='bbox 3654 342 3768 417; x_wconf 69' lang='lat'>950</span> 
     </span>
    </p>
   </div>
   <div class='ocr_carea' id='block_1_4' title="bbox 486 446 2084 523">
    <p class='ocr_par' dir='ltr' id='par_1_4' title="bbox 486 446 2074 522">
     <span class='ocr_line' id='line_1_4' title="bbox 486 446 2074 522; baseline -0.001 -17"><span class='ocrx_word' id='word_1_6' title='bbox 486 451 614 516; x_wconf 85' lang='grc' dir='ltr'>νοῦς</span> <span class='ocrx_word' id='word_1_7' title='bbox 663 447 948 522; x_wconf 77' lang='grc' dir='ltr'>Ἀντιόχου</span> <span class='ocrx_word' id='word_1_8' title='bbox 1001 446 1092 504; x_wconf 78' lang='grc' dir='ltr'>διὰ</span> <span class='ocrx_word' id='word_1_9' title='bbox 1117 447 1328 504; x_wconf 90' lang='grc' dir='ltr'>τούτων</span> <span class='ocrx_word' id='word_1_10' title='bbox 1356 447 1601 520; x_wconf 82' lang='grc' dir='ltr'>δΔανιὴλ</span> <span class='ocrx_word' id='word_1_11' title='bbox 1631 449 2074 521; x_wconf 77' lang='grc' dir='ltr'>προδιδάσκεται,</span> 
     </span>
    </p>
   </div>
   <div class='ocr_carea' id='block_1_5' title="bbox 2180 446 3776 523">
    <p class='ocr_par' dir='ltr' id='par_1_5' title="bbox 2180 450 3776 523">
     <span class='ocr_line' id='line_1_5' title="bbox 2180 450 3776 523; baseline 0.001 -16"><span class='ocrx_word' id='word_1_12' title='bbox 2180 461 2291 507; x_wconf 84' lang='lat' dir='ltr'>tum</span> <span class='ocrx_word' id='word_1_13' title='bbox 2323 459 2399 506; x_wconf 88' lang='lat' dir='ltr'>est</span> <span class='ocrx_word' id='word_1_14' title='bbox 2441 450 2806 514; x_wconf 83' lang='lat' dir='ltr'><strong>cadaveribus.</strong></span> <span class='ocrx_word' id='word_1_15' title='bbox 2837 459 2887 506; x_wconf 82' lang='lat' dir='ltr'>et</span> <span class='ocrx_word' id='word_1_16' title='bbox 2916 453 3118 523; x_wconf 82' lang='lat' dir='ltr'><strong>factum</strong></span> <span class='ocrx_word' id='word_1_17' title='bbox 3138 463 3237 522; x_wconf 84' lang='lat' dir='ltr'><strong>est,</strong></span> <span class='ocrx_word' id='word_1_18' title='bbox 3265 470 3332 512; x_wconf 90' lang='lat' dir='ltr'>ac</span> <span class='ocrx_word' id='word_1_19' title='bbox 3357 456 3600 512; x_wconf 81' lang='lat' dir='ltr'><strong>secundis</strong></span> <span class='ocrx_word' id='word_1_20' title='bbox 3625 457 3776 511; x_wconf 66' lang='lat' dir='ltr'><strong>rebu‘</strong></span> 
     </span>
    </p>
   </div>
   <div class='ocr_carea' id='block_1_6' title="bbox 485 537 2084 614">
    <p class='ocr_par' dir='ltr' id='par_1_6' title="bbox 485 537 2084 614">
     <span class='ocr_line' id='line_1_6' title="bbox 485 537 2084 614; baseline -0.001 -17"><span class='ocrx_word' id='word_1_21' title='bbox 485 544 547 607; x_wconf 82' lang='grc' dir='ltr'>ὅς</span> <span class='ocrx_word' id='word_1_22' title='bbox 583 542 862 614; x_wconf 75' lang='grc' dir='ltr'>’Δντιόχου</span> <span class='ocrx_word' id='word_1_23' title='bbox 893 541 995 613; x_wconf 81' lang='grc' dir='ltr'>μὲν</span> <span class='ocrx_word' id='word_1_24' title='bbox 1045 539 1140 594; x_wconf 89' lang='grc' dir='ltr'>τοῦ</span> <span class='ocrx_word' id='word_1_25' title='bbox 1186 541 1428 612; x_wconf 76' lang='grc' dir='ltr'>μεγάλου</span> <span class='ocrx_word' id='word_1_26' title='bbox 1471 542 1586 606; x_wconf 75' lang='grc' dir='ltr'>υίὸς</span> <span class='ocrx_word' id='word_1_27' title='bbox 1634 537 1728 614; x_wconf 72' lang='grc' dir='ltr'>ἢν,</span> <span class='ocrx_word' id='word_1_28' title='bbox 1773 541 1978 612; x_wconf 76' lang='grc' dir='ltr'>μᾶλλον</span> <span class='ocrx_word' id='word_1_29' title='bbox 2026 541 2084 595; x_wconf 82' lang='grc' dir='ltr'>δὲ</span> 
     </span>
    </p>
   </div>
   <div class='ocr_carea' id='block_1_7' title="bbox 493 631 2087 705">
    <p class='ocr_par' dir='ltr' id='par_1_7' title="bbox 493 631 2087 705">
     <span class='ocr_line' id='line_1_7' title="bbox 493 631 2087 705; baseline 0.001 -18"><span class='ocrx_word' id='word_1_30' title='bbox 493 634 608 687; x_wconf 90' lang='grc' dir='ltr'>τῶν</span> <span class='ocrx_word' id='word_1_31' title='bbox 649 634 760 705; x_wconf 75' lang='grc' dir='ltr'>πρὸ</span> <span class='ocrx_word' id='word_1_32' title='bbox 789 631 961 686; x_wconf 85' lang='grc' dir='ltr'>αὑτοῦ</span> <span class='ocrx_word' id='word_1_33' title='bbox 983 632 1311 702; x_wconf 72' lang='grc' dir='ltr'>κρατυνθεὶς</span> <span class='ocrx_word' id='word_1_34' title='bbox 1362 633 1653 703; x_wconf 82' lang='grc' dir='ltr'>βασιλέων,</span> <span class='ocrx_word' id='word_1_35' title='bbox 1703 634 1816 686; x_wconf 81' lang='grc' dir='ltr'>τῶν</span> <span class='ocrx_word' id='word_1_36' title='bbox 1849 633 1960 688; x_wconf 83' lang='grc' dir='ltr'>ἀπὸ</span> <span class='ocrx_word' id='word_1_37' title='bbox 1987 634 2087 688; x_wconf 87' lang='grc' dir='ltr'>Σε-</span> 
     </span>
    </p>
   </div>
   <div class='ocr_carea' id='block_1_8' title="bbox 490 721 2086 796">
    <p class='ocr_par' dir='ltr' id='par_1_8' title="bbox 490 721 2086 796">
     <span class='ocr_line' id='line_1_8' title="bbox 490 721 2086 796; baseline 0 -19"><span class='ocrx_word' id='word_1_38' title='bbox 490 724 693 778; x_wconf 86' lang='grc' dir='ltr'>λεύκου</span> <span class='ocrx_word' id='word_1_39' title='bbox 741 721 965 794; x_wconf 80' lang='grc' dir='ltr'>δηλαδή,</span> <span class='ocrx_word' id='word_1_40' title='bbox 1036 724 1132 778; x_wconf 66' lang='grc' dir='ltr'>καὶ</span> <span class='ocrx_word' id='word_1_41' title='bbox 1165 725 1266 793; x_wconf 85' lang='grc' dir='ltr'>τῆς</span> <span class='ocrx_word' id='word_1_42' title='bbox 1312 722 1596 793; x_wconf 76' lang='grc' dir='ltr'>Αἰγύπτου</span> <span class='ocrx_word' id='word_1_43' title='bbox 1640 724 1945 796; x_wconf 76' lang='grc' dir='ltr'>κρατήσας,</span> <span class='ocrx_word' id='word_1_44' title='bbox 1990 724 2086 778; x_wconf 76' lang='grc' dir='ltr'>καὶ</span> 
     </span>
    </p>
   </div>
   <div class='ocr_carea' id='block_1_9' title="bbox 491 814 2086 888">
    <p class='ocr_par' dir='ltr' id='par_1_9' title="bbox 491 814 2086 888">
     <span class='ocr_line' id='line_1_9' title="bbox 491 814 2086 888; baseline 0 -19"><span class='ocrx_word' id='word_1_45' title='bbox 491 816 702 886; x_wconf 66' lang='grc' dir='ltr'>ἑτέρων</span> <span class='ocrx_word' id='word_1_46' title='bbox 736 814 957 887; x_wconf 89' lang='grc' dir='ltr'>χωρῶν,</span> <span class='ocrx_word' id='word_1_47' title='bbox 1013 817 1111 869; x_wconf 73' lang='grc' dir='ltr'>καὶ</span> <span class='ocrx_word' id='word_1_48' title='bbox 1145 816 1240 869; x_wconf 79' lang='grc' dir='ltr'>ἐπὶ</span> <span class='ocrx_word' id='word_1_49' title='bbox 1280 814 1581 880; x_wconf 74' lang='grc' dir='ltr'>Ἰουδαίους</span> <span class='ocrx_word' id='word_1_50' title='bbox 1611 815 1965 888; x_wconf 78' lang='grc' dir='ltr'>ἐστράτευσε,</span> <span class='ocrx_word' id='word_1_51' title='bbox 1989 816 2086 872; x_wconf 65' lang='grc' dir='ltr'>καὶ</span> 
     </span>
    </p>
   </div>
   <div class='ocr_carea' id='block_1_10' title="bbox 488 903 2087 976">
    <p class='ocr_par' dir='ltr' id='par_1_10' title="bbox 488 903 2087 976">
     <span class='ocr_line' id='line_1_10' title="bbox 488 903 2087 976; baseline -0.003 -16"><span class='ocrx_word' id='word_1_52' title='bbox 488 906 590 975; x_wconf 83' lang='grc' dir='ltr'>τῆς</span> <span class='ocrx_word' id='word_1_53' title='bbox 633 905 744 958; x_wconf 88' lang='grc' dir='ltr'>τῶν</span> <span class='ocrx_word' id='word_1_54' title='bbox 784 903 1188 975; x_wconf 83' lang='grc' dir='ltr'>Ἰεροσολύμων</span> <span class='ocrx_word' id='word_1_55' title='bbox 1229 905 1523 976; x_wconf 77' lang='grc' dir='ltr'>ἐκυρίευσε</span> <span class='ocrx_word' id='word_1_56' title='bbox 1562 904 1794 970; x_wconf 75' lang='grc' dir='ltr'>πόλεως,</span> <span class='ocrx_word' id='word_1_57' title='bbox 1825 904 1966 958; x_wconf 84' lang='grc' dir='ltr'>ἀλλά</span> <span class='ocrx_word' id='word_1_58' title='bbox 1990 904 2087 958; x_wconf 62' lang='grc' dir='ltr'>καὶ⁵</span> 
     </span>
    </p>
   </div>
   <div class='ocr_carea' id='block_1_11' title="bbox 489 994 2085 1064">
    <p class='ocr_par' dir='ltr' id='par_1_11' title="bbox 489 994 2085 1064">
     <span class='ocr_line' id='line_1_11' title="bbox 489 994 2085 1064; baseline -0.002 -13"><span class='ocrx_word' id='word_1_59' title='bbox 489 996 584 1051; x_wconf 89' lang='grc' dir='ltr'>τοῦ</span> <span class='ocrx_word' id='word_1_60' title='bbox 622 995 811 1060; x_wconf 67' lang='grc' dir='ltr'>ἔθνους</span> <span class='ocrx_word' id='word_1_61' title='bbox 849 995 1076 1060; x_wconf 86' lang='grc' dir='ltr'>παντός.</span> <span class='ocrx_word' id='word_1_62' title='bbox 1122 994 1234 1050; x_wconf 79' lang='grc' dir='ltr'>Καὶ</span> <span class='ocrx_word' id='word_1_63' title='bbox 1269 996 1360 1049; x_wconf 88' lang='grc' dir='ltr'>τόν</span> <span class='ocrx_word' id='word_1_64' title='bbox 1405 1013 1466 1049; x_wconf 91' lang='grc' dir='ltr'>τε</span> <span class='ocrx_word' id='word_1_65' title='bbox 1522 996 1658 1049; x_wconf 78' lang='grc' dir='ltr'>ναὸν</span> <span class='ocrx_word' id='word_1_66' title='bbox 1719 994 1956 1064; x_wconf 71' lang='grc' dir='ltr'>ἐσύλησε</span> <span class='ocrx_word' id='word_1_67' title='bbox 1989 997 2085 1049; x_wconf 80' lang='grc' dir='ltr'>καὶ</span> 
     </span>
    </p>
   </div>
   <div class='ocr_carea' id='block_1_12' title="bbox 489 1085 2085 1162">
    <p class='ocr_par' dir='ltr' id='par_1_12' title="bbox 489 1085 2085 1162">
     <span class='ocr_line' id='line_1_12' title="bbox 489 1085 2085 1162; baseline 0.003 -21"><span class='ocrx_word' id='word_1_68' title='bbox 489 1089 708 1159; x_wconf 69' lang='grc' dir='ltr'>ἐμίανε,</span> <span class='ocrx_word' id='word_1_69' title='bbox 763 1087 900 1154; x_wconf 87' lang='grc' dir='ltr'>σύας</span> <span class='ocrx_word' id='word_1_70' title='bbox 938 1091 997 1143; x_wconf 80' lang='grc' dir='ltr'>ὲν</span> <span class='ocrx_word' id='word_1_71' title='bbox 1047 1089 1198 1160; x_wconf 82' lang='grc' dir='ltr'>αὐτῷ</span> <span class='ocrx_word' id='word_1_72' title='bbox 1240 1089 1432 1158; x_wconf 79' lang='grc' dir='ltr'>θύσας,</span> <span class='ocrx_word' id='word_1_73' title='bbox 1487 1093 1584 1145; x_wconf 76' lang='grc' dir='ltr'>καὶ</span> <span class='ocrx_word' id='word_1_74' title='bbox 1635 1085 1739 1162; x_wconf 68' lang='grc' dir='ltr'>τῷ</span> <span class='ocrx_word' id='word_1_75' title='bbox 1772 1091 1856 1144; x_wconf 78' lang='grc' dir='ltr'>Διὶ</span> <span class='ocrx_word' id='word_1_76' title='bbox 1900 1091 2085 1162; x_wconf 70' lang='grc' dir='ltr'>βωμὸν</span> 
     </span>
    </p>
   </div>
   <div class='ocr_carea' id='block_1_13' title="bbox 493 1180 2080 1254">
    <p class='ocr_par' dir='ltr' id='par_1_13' title="bbox 493 1180 2080 1254">
     <span class='ocr_line' id='line_1_13' title="bbox 493 1180 2080 1254; baseline 0.002 -21"><span class='ocrx_word' id='word_1_77' title='bbox 493 1180 876 1252; x_wconf 69' lang='grc' dir='ltr'>ἱδρυσάμενος,</span> <span class='ocrx_word' id='word_1_78' title='bbox 934 1181 997 1235; x_wconf 81' lang='grc' dir='ltr'>τὺ</span> <span class='ocrx_word' id='word_1_79' title='bbox 1040 1181 1194 1246; x_wconf 76' lang='grc' dir='ltr'>ἔθνος</span> <span class='ocrx_word' id='word_1_80' title='bbox 1243 1182 1368 1237; x_wconf 83' lang='grc' dir='ltr'>ὅλον</span> <span class='ocrx_word' id='word_1_81' title='bbox 1418 1181 1718 1253; x_wconf 80' lang='grc' dir='ltr'>ἑλληνίζειν</span> <span class='ocrx_word' id='word_1_82' title='bbox 1779 1183 2080 1254; x_wconf 70' lang='grc' dir='ltr'>ἠνάγκαζε,</span> 
     </span>
    </p>
   </div>
   <div class='ocr_carea' id='block_1_14' title="bbox 493 1273 2083 1348">
    <p class='ocr_par' dir='ltr' id='par_1_14' title="bbox 493 1273 2083 1348">
     <span class='ocr_line' id='line_1_14' title="bbox 493 1273 2083 1348; baseline 0.003 -22"><span class='ocrx_word' id='word_1_83' title='bbox 493 1273 720 1326; x_wconf 85' lang='grc' dir='ltr'>κωλύων</span> <span class='ocrx_word' id='word_1_84' title='bbox 771 1273 972 1338; x_wconf 83' lang='grc' dir='ltr'>αὐτοὺς</span> <span class='ocrx_word' id='word_1_85' title='bbox 1013 1274 1366 1346; x_wconf 78' lang='grc' dir='ltr'>περιτέμνειν</span> <span class='ocrx_word' id='word_1_86' title='bbox 1407 1275 1477 1330; x_wconf 87' lang='grc' dir='ltr'>τά</span> <span class='ocrx_word' id='word_1_87' title='bbox 1540 1275 1773 1348; x_wconf 73' lang='grc' dir='ltr'>ἄρρενα.</span> <span class='ocrx_word' id='word_1_88' title='bbox 1819 1275 1932 1346; x_wconf 82' lang='grc' dir='ltr'>Τὴν</span> <span class='ocrx_word' id='word_1_89' title='bbox 1974 1277 2083 1347; x_wconf 83' lang='grc' dir='ltr'>γὰρ</span> 
     </span>
    </p>
   </div>
   <div class='ocr_carea' id='block_1_15' title="bbox 492 1365 2082 1440">
    <p class='ocr_par' dir='ltr' id='par_1_15' title="bbox 492 1365 2082 1440">
     <span class='ocr_line' id='line_1_15' title="bbox 492 1365 2082 1440; baseline 0.004 -21"><span class='ocrx_word' id='word_1_90' title='bbox 492 1365 636 1420; x_wconf 85' lang='grc' dir='ltr'>κατὰ</span> <span class='ocrx_word' id='word_1_91' title='bbox 687 1365 784 1419; x_wconf 90' lang='grc' dir='ltr'>τοῦ</span> <span class='ocrx_word' id='word_1_92' title='bbox 841 1365 978 1418; x_wconf 87' lang='grc' dir='ltr'>Θεοῦ</span> <span class='ocrx_word' id='word_1_93' title='bbox 1037 1366 1240 1437; x_wconf 86' lang='grc' dir='ltr'>μανίαν</span> <span class='ocrx_word' id='word_1_94' title='bbox 1300 1366 1491 1432; x_wconf 84' lang='grc' dir='ltr'>αὐτοῦ,</span> <span class='ocrx_word' id='word_1_95' title='bbox 1551 1369 1613 1422; x_wconf 84' lang='grc' dir='ltr'>τὸ</span> <span class='ocrx_word' id='word_1_96' title='bbox 1663 1367 2082 1440; x_wconf 71' lang='grc' dir='ltr'>Ἐμεγαλύνθη</span> 
     </span>
    </p>
   </div>
   <div class='ocr_carea' id='block_1_16' title="bbox 489 1456 2080 1528">
    <p class='ocr_par' dir='ltr' id='par_1_16' title="bbox 489 1456 2080 1528">
     <span class='ocr_line' id='line_1_16' title="bbox 489 1456 2080 1528; baseline 0.002 -16"><span class='ocrx_word' id='word_1_97' title='bbox 489 1457 604 1524; x_wconf 80' lang='grc' dir='ltr'>ἕως</span> <span class='ocrx_word' id='word_1_98' title='bbox 634 1456 745 1526; x_wconf 81' lang='grc' dir='ltr'>τῆς</span> <span class='ocrx_word' id='word_1_99' title='bbox 795 1456 1108 1528; x_wconf 80' lang='grc' dir='ltr'>δυνάμεως</span> <span class='ocrx_word' id='word_1_100' title='bbox 1157 1457 1266 1513; x_wconf 84' lang='grc' dir='ltr'>τοῦ</span> <span class='ocrx_word' id='word_1_101' title='bbox 1324 1459 1610 1526; x_wconf 70' lang='grc' dir='ltr'>οἰιρανοῦ,</span> <span class='ocrx_word' id='word_1_102' title='bbox 1680 1461 2080 1515; x_wconf 86' lang='grc' dir='ltr'>ὑπαινίττεται.</span> 
     </span>
    </p>
   </div>
   <div class='ocr_carea' id='block_1_17' title="bbox 492 1549 2083 1622">
    <p class='ocr_par' dir='ltr' id='par_1_17' title="bbox 492 1549 2083 1622">
     <span class='ocr_line' id='line_1_17' title="bbox 492 1549 2083 1622; baseline 0.003 -19"><span class='ocrx_word' id='word_1_103' title='bbox 492 1551 566 1603; x_wconf 77' lang='lat' dir='ltr'><strong><em>T6</em></strong></span> <span class='ocrx_word' id='word_1_104' title='bbox 593 1550 674 1616; x_wconf 78' lang='grc' dir='ltr'>δὲ,</span> <span class='ocrx_word' id='word_1_105' title='bbox 709 1551 981 1604; x_wconf 82' lang='grc' dir='ltr'>Ἔπεσον</span> <span class='ocrx_word' id='word_1_106' title='bbox 1007 1549 1129 1604; x_wconf 79' lang='grc' dir='ltr'>ἀπὸ</span> <span class='ocrx_word' id='word_1_107' title='bbox 1180 1549 1292 1619; x_wconf 82' lang='grc' dir='ltr'>τῆς</span> <span class='ocrx_word' id='word_1_108' title='bbox 1336 1549 1646 1622; x_wconf 77' lang='grc' dir='ltr'>δυνάμεως</span> <span class='ocrx_word' id='word_1_109' title='bbox 1673 1552 1773 1606; x_wconf 79' lang='grc' dir='ltr'>καὶ</span> <span class='ocrx_word' id='word_1_110' title='bbox 1813 1553 1932 1608; x_wconf 79' lang='grc' dir='ltr'>ἀπὸ</span> <span class='ocrx_word' id='word_1_111' title='bbox 1964 1551 2083 1607; x_wconf 77' lang='grc' dir='ltr'>τῶν</span> 
     </span>
    </p>
   </div>
   <div class='ocr_carea' id='block_1_18' title="bbox 491 1637 2079 1713">
    <p class='ocr_par' dir='ltr' id='par_1_18' title="bbox 491 1637 2079 1713">
     <span class='ocr_line' id='line_1_18' title="bbox 491 1637 2079 1713; baseline 0.003 -16"><span class='ocrx_word' id='word_1_112' title='bbox 491 1642 766 1712; x_wconf 81' lang='grc' dir='ltr'>ἀστέρων</span> <span class='ocrx_word' id='word_1_113' title='bbox 793 1643 894 1697; x_wconf 71' lang='grc' dir='ltr'>ἐπὶ</span> <span class='ocrx_word' id='word_1_114' title='bbox 921 1642 1040 1712; x_wconf 74' lang='grc' dir='ltr'>τὴν</span> <span class='ocrx_word' id='word_1_115' title='bbox 1069 1641 1211 1713; x_wconf 78' lang='grc' dir='ltr'>γῆν,</span> <span class='ocrx_word' id='word_1_116' title='bbox 1239 1644 1338 1698; x_wconf 83' lang='grc' dir='ltr'>καὶ</span> <span class='ocrx_word' id='word_1_117' title='bbox 1371 1644 1810 1712; x_wconf 77' lang='grc' dir='ltr'>συνεπάτησεν</span> <span class='ocrx_word' id='word_1_118' title='bbox 1833 1637 2079 1712; x_wconf 69' lang='grc' dir='ltr'>αὐτούς’</span> 
     </span>
    </p>
   </div>
   <div class='ocr_carea' id='block_1_19' title="bbox 491 1733 2082 1809">
    <p class='ocr_par' dir='ltr' id='par_1_19' title="bbox 491 1733 2082 1809">
     <span class='ocr_line' id='line_1_19' title="bbox 491 1733 2082 1809; baseline 0.001 -21"><span class='ocrx_word' id='word_1_119' title='bbox 491 1736 618 1796; x_wconf 75' lang='grc' dir='ltr'>τοὺς</span> <span class='ocrx_word' id='word_1_120' title='bbox 648 1737 713 1789; x_wconf 78' lang='grc' dir='ltr'>ὲκ</span> <span class='ocrx_word' id='word_1_121' title='bbox 747 1734 844 1788; x_wconf 89' lang='grc' dir='ltr'>τοῦ</span> <span class='ocrx_word' id='word_1_122' title='bbox 903 1733 1203 1789; x_wconf 82' lang='grc' dir='ltr'>Ἰουδαϊκοῦ</span> <span class='ocrx_word' id='word_1_123' title='bbox 1261 1734 1394 1790; x_wconf 89' lang='grc' dir='ltr'>λαοῦ</span> <span class='ocrx_word' id='word_1_124' title='bbox 1432 1737 1815 1806; x_wconf 72' lang='grc' dir='ltr'>ἀσεϐήσαντας</span> <span class='ocrx_word' id='word_1_125' title='bbox 1867 1737 1956 1791; x_wconf 77' lang='grc' dir='ltr'>διὰ</span> <span class='ocrx_word' id='word_1_126' title='bbox 1981 1737 2082 1809; x_wconf 80' lang='grc' dir='ltr'>τήν</span> 
     </span>
    </p>
   </div>
   <div class='ocr_carea' id='block_1_20' title="bbox 491 1797 2156 1900">
    <p class='ocr_par' dir='ltr' id='par_1_20' title="bbox 491 1797 2156 1900">
     <span class='ocr_line' id='line_1_20' title="bbox 491 1797 2156 1900; baseline 0.001 -20"><span class='ocrx_word' id='word_1_127' title='bbox 491 1827 552 1892; x_wconf 77' lang='grc' dir='ltr'>ἐξ</span> <span class='ocrx_word' id='word_1_128' title='bbox 604 1827 818 1882; x_wconf 74' lang='grc' dir='ltr'>ἐκείνου</span> <span class='ocrx_word' id='word_1_129' title='bbox 870 1828 1223 1899; x_wconf 75' lang='grc' dir='ltr'>ἐπαγομένην</span> <span class='ocrx_word' id='word_1_130' title='bbox 1267 1831 1452 1892; x_wconf 82' lang='grc' dir='ltr'>αὐτοῖς</span> <span class='ocrx_word' id='word_1_131' title='bbox 1503 1797 1756 1900; x_wconf 60' lang='grc' dir='ltr'>ἀνάγκην</span> <span class='ocrx_word' id='word_1_132' title='bbox 1797 1797 1970 1900; x_wconf 84' lang='grc' dir='ltr'>δηλοῖ,</span> <span class='ocrx_word' id='word_1_133' title='bbox 2030 1797 2080 1882; x_wconf 75' lang='grc' dir='ltr'>οἳ</span> <span class='ocrx_word' id='word_1_134' title='bbox 2115 1797 2156 1852; x_wconf 73' lang='grc' dir='ltr'><strong>Β</strong></span> 
     </span>
    </p>
   </div>
   <div class='ocr_carea' id='block_1_21' title="bbox 489 1921 2084 1995">
    <p class='ocr_par' dir='ltr' id='par_1_21' title="bbox 489 1921 2084 1995">
     <span class='ocr_line' id='line_1_21' title="bbox 489 1921 2084 1995; baseline 0.001 -21"><span class='ocrx_word' id='word_1_135' title='bbox 489 1921 590 1992; x_wconf 77' lang='grc' dir='ltr'>τῆς</span> <span class='ocrx_word' id='word_1_136' title='bbox 625 1921 860 1994; x_wconf 80' lang='grc' dir='ltr'>νομίμου</span> <span class='ocrx_word' id='word_1_137' title='bbox 903 1923 996 1977; x_wconf 79' lang='grc' dir='ltr'>καὶ</span> <span class='ocrx_word' id='word_1_138' title='bbox 1020 1922 1174 1985; x_wconf 89' lang='grc' dir='ltr'>θείας</span> <span class='ocrx_word' id='word_1_139' title='bbox 1200 1923 1485 1995; x_wconf 78' lang='grc' dir='ltr'>διαγωγῆς</span> <span class='ocrx_word' id='word_1_140' title='bbox 1542 1925 1962 1986; x_wconf 82' lang='grc' dir='ltr'>ὲκπεπτώκασι,</span> <span class='ocrx_word' id='word_1_141' title='bbox 2003 1921 2084 1995; x_wconf 79' lang='grc' dir='ltr'>τῷ</span> 
     </span>
    </p>
   </div>
   <div class='ocr_carea' id='block_1_22' title="bbox 489 2014 2084 2087">
    <p class='ocr_par' dir='ltr' id='par_1_22' title="bbox 489 2014 2084 2087">
     <span class='ocr_line' id='line_1_22' title="bbox 489 2014 2084 2087; baseline -0.001 -19"><span class='ocrx_word' id='word_1_142' title='bbox 489 2015 742 2087; x_wconf 80' lang='grc' dir='ltr'>τυράννῳ</span> <span class='ocrx_word' id='word_1_143' title='bbox 773 2015 1120 2082; x_wconf 74' lang='grc' dir='ltr'>ὑπείξαντες,</span> <span class='ocrx_word' id='word_1_144' title='bbox 1150 2017 1246 2072; x_wconf 76' lang='grc' dir='ltr'>καὶ</span> <span class='ocrx_word' id='word_1_145' title='bbox 1298 2017 1390 2070; x_wconf 83' lang='grc' dir='ltr'>ὑπ’</span> <span class='ocrx_word' id='word_1_146' title='bbox 1422 2016 1633 2072; x_wconf 78' lang='grc' dir='ltr'>ἐκείνου</span> <span class='ocrx_word' id='word_1_147' title='bbox 1696 2014 2084 2087; x_wconf 83' lang='grc' dir='ltr'>συμπατηθέν-</span> 
     </span>
    </p>
   </div>
   <div class='ocr_carea' id='block_1_23' title="bbox 490 2105 2083 2183">
    <p class='ocr_par' dir='ltr' id='par_1_23' title="bbox 490 2105 2083 2183">
     <span class='ocr_line' id='line_1_23' title="bbox 490 2105 2083 2183; baseline -0.003 -22"><span class='ocrx_word' id='word_1_148' title='bbox 490 2125 606 2172; x_wconf 90' lang='grc' dir='ltr'>τες.</span> <span class='ocrx_word' id='word_1_149' title='bbox 659 2106 922 2176; x_wconf 83' lang='grc' dir='ltr'>Ἀστέρες</span> <span class='ocrx_word' id='word_1_150' title='bbox 957 2107 1004 2161; x_wconf 80' lang='grc' dir='ltr'>δ’</span> <span class='ocrx_word' id='word_1_151' title='bbox 1034 2107 1368 2183; x_wconf 71' lang='grc' dir='ltr'>ἐκλήθησαν,</span> <span class='ocrx_word' id='word_1_152' title='bbox 1403 2108 1492 2162; x_wconf 76' lang='grc' dir='ltr'>διὰ</span> <span class='ocrx_word' id='word_1_153' title='bbox 1530 2108 1593 2161; x_wconf 80' lang='grc' dir='ltr'>τὸ</span> <span class='ocrx_word' id='word_1_154' title='bbox 1647 2107 1750 2176; x_wconf 83' lang='grc' dir='ltr'>τῆς</span> <span class='ocrx_word' id='word_1_155' title='bbox 1799 2105 2083 2170; x_wconf 83' lang='grc' dir='ltr'>εὐσεϐείας</span> 
     </span>
    </p>
   </div>
   <div class='ocr_carea' id='block_1_24' title="bbox 493 2197 2084 2270">
    <p class='ocr_par' dir='ltr' id='par_1_24' title="bbox 493 2197 2084 2270">
     <span class='ocr_line' id='line_1_24' title="bbox 493 2197 2084 2270; baseline 0 -20"><span class='ocrx_word' id='word_1_156' title='bbox 493 2197 739 2268; x_wconf 79' lang='grc' dir='ltr'>καθαρὸν</span> <span class='ocrx_word' id='word_1_157' title='bbox 773 2199 869 2252; x_wconf 70' lang='grc' dir='ltr'>καὶ</span> <span class='ocrx_word' id='word_1_158' title='bbox 903 2198 1327 2270; x_wconf 81' lang='grc' dir='ltr'>ὑπέρλαμπρον·</span> <span class='ocrx_word' id='word_1_159' title='bbox 1366 2201 1399 2270; x_wconf 80' lang='grc' dir='ltr'>ἢ</span> <span class='ocrx_word' id='word_1_160' title='bbox 1427 2201 1510 2253; x_wconf 92' lang='grc' dir='ltr'>ὅτι</span> <span class='ocrx_word' id='word_1_161' title='bbox 1532 2199 1611 2270; x_wconf 82' lang='grc' dir='ltr'>τῷ</span> <span class='ocrx_word' id='word_1_162' title='bbox 1639 2198 2084 2270; x_wconf 65' lang='grc' dir='ltr'>ἈϐραάμόΘεῆις</span> 
     </span>
    </p>
   </div>
   <div class='ocr_carea' id='block_1_25' title="bbox 491 2289 2084 2363">
    <p class='ocr_par' dir='ltr' id='par_1_25' title="bbox 491 2289 2084 2363">
     <span class='ocr_line' id='line_1_25' title="bbox 491 2289 2084 2363; baseline 0.001 -19"><span class='ocrx_word' id='word_1_163' title='bbox 491 2289 868 2361; x_wconf 65' lang='grc' dir='ltr'>ἐπηγγείλατο</span> <span class='ocrx_word' id='word_1_164' title='bbox 898 2290 1172 2361; x_wconf 90' lang='grc' dir='ltr'>πληθῦναι</span> <span class='ocrx_word' id='word_1_165' title='bbox 1201 2291 1262 2346; x_wconf 85' lang='grc' dir='ltr'>τδ</span> <span class='ocrx_word' id='word_1_166' title='bbox 1289 2294 1513 2363; x_wconf 83' lang='grc' dir='ltr'>σπέρμα</span> <span class='ocrx_word' id='word_1_167' title='bbox 1531 2290 1699 2345; x_wconf 82' lang='grc' dir='ltr'>αὐτοῦ</span> <span class='ocrx_word' id='word_1_168' title='bbox 1727 2292 1803 2356; x_wconf 85' lang='grc' dir='ltr'>ὡς</span> <span class='ocrx_word' id='word_1_169' title='bbox 1821 2292 1890 2344; x_wconf 84' lang='grc' dir='ltr'>τὰ</span> <span class='ocrx_word' id='word_1_170' title='bbox 1907 2293 2084 2362; x_wconf 80' lang='grc' dir='ltr'>ἄστρα</span> 
     </span>
    </p>
   </div>
   <div class='ocr_carea' id='block_1_26' title="bbox 489 2381 2084 2453">
    <p class='ocr_par' dir='ltr' id='par_1_26' title="bbox 489 2381 2084 2453">
     <span class='ocr_line' id='line_1_26' title="bbox 489 2381 2084 2453; baseline 0 -17"><span class='ocrx_word' id='word_1_171' title='bbox 489 2382 587 2436; x_wconf 85' lang='grc' dir='ltr'>τοῦ</span> <span class='ocrx_word' id='word_1_172' title='bbox 611 2381 869 2453; x_wconf 83' lang='grc' dir='ltr'>οὐρανοῦ.</span> <span class='ocrx_word' id='word_1_173' title='bbox 893 2383 1001 2439; x_wconf 87' lang='lat' dir='ltr'>Kal</span> <span class='ocrx_word' id='word_1_174' title='bbox 1030 2383 1143 2450; x_wconf 73' lang='grc' dir='ltr'>ἕως</span> <span class='ocrx_word' id='word_1_175' title='bbox 1172 2383 1279 2438; x_wconf 86' lang='grc' dir='ltr'>τοῦ</span> <span class='ocrx_word' id='word_1_176' title='bbox 1297 2384 1606 2452; x_wconf 71' lang='grc' dir='ltr'>ἄρχοντος</span> <span class='ocrx_word' id='word_1_177' title='bbox 1639 2383 1754 2452; x_wconf 84' lang='grc' dir='ltr'>τῆς</span> <span class='ocrx_word' id='word_1_178' title='bbox 1775 2383 2084 2453; x_wconf 79' lang='grc' dir='ltr'>δυνάμεως</span> 
     </span>
    </p>
   </div>
   <div class='ocr_carea' id='block_1_27' title="bbox 491 2475 2080 2548">
    <p class='ocr_par' dir='ltr' id='par_1_27' title="bbox 491 2475 2080 2548">
     <span class='ocr_line' id='line_1_27' title="bbox 491 2475 2080 2548; baseline -0.002 -16"><span class='ocrx_word' id='word_1_179' title='bbox 491 2476 728 2544; x_wconf 82' lang='grc' dir='ltr'>ίδρύθη.</span> <span class='ocrx_word' id='word_1_180' title='bbox 764 2477 875 2530; x_wconf 82' lang='lat' dir='ltr'>Kal</span> <span class='ocrx_word' id='word_1_181' title='bbox 904 2477 1029 2530; x_wconf 86' lang='grc' dir='ltr'>κατ’</span> <span class='ocrx_word' id='word_1_182' title='bbox 1052 2476 1221 2531; x_wconf 82' lang='grc' dir='ltr'>αὐτοῦ</span> <span class='ocrx_word' id='word_1_183' title='bbox 1251 2478 1361 2548; x_wconf 80' lang='grc' dir='ltr'>γὰρ</span> <span class='ocrx_word' id='word_1_184' title='bbox 1392 2477 1484 2531; x_wconf 88' lang='grc' dir='ltr'>τοῦ</span> <span class='ocrx_word' id='word_1_185' title='bbox 1525 2477 1664 2533; x_wconf 83' lang='grc' dir='ltr'>Θεοῦ</span> <span class='ocrx_word' id='word_1_186' title='bbox 1693 2475 1956 2547; x_wconf 67' lang='grc' dir='ltr'>ἱλύττησε</span> <span class='ocrx_word' id='word_1_187' title='bbox 1983 2475 2080 2530; x_wconf 90' lang='grc' dir='ltr'>τοῦ</span> 
     </span>
    </p>
   </div>
   <div class='ocr_carea' id='block_1_28' title="bbox 492 2566 2114 2640">
    <p class='ocr_par' dir='ltr' id='par_1_28' title="bbox 492 2566 2114 2640">
     <span class='ocr_line' id='line_1_28' title="bbox 492 2566 2114 2640; baseline -0.001 -18"><span class='ocrx_word' id='word_1_188' title='bbox 492 2568 758 2639; x_wconf 76' lang='grc' dir='ltr'>ἄρχοντος</span> <span class='ocrx_word' id='word_1_189' title='bbox 813 2569 926 2623; x_wconf 90' lang='grc' dir='ltr'>τῶν</span> <span class='ocrx_word' id='word_1_190' title='bbox 957 2569 1066 2624; x_wconf 80' lang='grc' dir='ltr'>ἀνω</span> <span class='ocrx_word' id='word_1_191' title='bbox 1091 2569 1398 2640; x_wconf 83' lang='grc' dir='ltr'>δυνάμεων.</span> <span class='ocrx_word' id='word_1_192' title='bbox 1471 2568 1581 2624; x_wconf 87' lang='lat' dir='ltr'>Kal</span> <span class='ocrx_word' id='word_1_193' title='bbox 1640 2569 1824 2624; x_wconf 82' lang='grc' dir='ltr'>θυσία</span> <span class='ocrx_word' id='word_1_194' title='bbox 1871 2566 2114 2636; x_wconf 56' lang='grc' dir='ltr'>ἐταράο,</span> 
     </span>
    </p>
   </div>
   <div class='ocr_carea' id='block_1_29' title="bbox 488 2658 2085 2730">
    <p class='ocr_par' dir='ltr' id='par_1_29' title="bbox 488 2658 2085 2730">
     <span class='ocr_line' id='line_1_29' title="bbox 488 2658 2085 2730; baseline -0.001 -16"><span class='ocrx_word' id='word_1_195' title='bbox 488 2664 607 2730; x_wconf 84' lang='grc' dir='ltr'>χθη</span> <span class='ocrx_word' id='word_1_196' title='bbox 649 2661 938 2729; x_wconf 79' lang='grc' dir='ltr'>πτώματι,</span> <span class='ocrx_word' id='word_1_197' title='bbox 991 2661 1087 2714; x_wconf 80' lang='grc' dir='ltr'>καί</span> <span class='ocrx_word' id='word_1_198' title='bbox 1147 2660 1426 2730; x_wconf 75' lang='grc' dir='ltr'>ἐγενήθη,</span> <span class='ocrx_word' id='word_1_199' title='bbox 1480 2660 1580 2714; x_wconf 79' lang='grc' dir='ltr'>καὶ</span> <span class='ocrx_word' id='word_1_200' title='bbox 1628 2659 1924 2726; x_wconf 86' lang='grc' dir='ltr'>εὐωδώθη,</span> <span class='ocrx_word' id='word_1_201' title='bbox 1985 2658 2085 2712; x_wconf 81' lang='grc' dir='ltr'>καί</span> 
     </span>
    </p>
   </div>
   <div class='ocr_carea' id='block_1_30' title="bbox 487 2751 2084 2822">
    <p class='ocr_par' dir='ltr' id='par_1_30' title="bbox 487 2751 2084 2822">
     <span class='ocr_line' id='line_1_30' title="bbox 487 2751 2084 2822; baseline -0.001 -17"><span class='ocrx_word' id='word_1_202' title='bbox 487 2751 666 2820; x_wconf 80' lang='grc' dir='ltr'>ἐδόθη</span> <span class='ocrx_word' id='word_1_203' title='bbox 734 2753 836 2806; x_wconf 78' lang='grc' dir='ltr'>ἐπὶ</span> <span class='ocrx_word' id='word_1_204' title='bbox 887 2751 1004 2821; x_wconf 81' lang='grc' dir='ltr'>τὴν</span> <span class='ocrx_word' id='word_1_205' title='bbox 1093 2753 1318 2808; x_wconf 83' lang='grc' dir='ltr'>θυσίαν</span> <span class='ocrx_word' id='word_1_206' title='bbox 1369 2754 1650 2822; x_wconf 83' lang='grc' dir='ltr'>ἁμαρτία,</span> <span class='ocrx_word' id='word_1_207' title='bbox 1712 2752 1811 2806; x_wconf 80' lang='grc' dir='ltr'>καί</span> <span class='ocrx_word' id='word_1_208' title='bbox 1871 2752 2084 2821; x_wconf 66' lang='grc' dir='ltr'>ἐρρίφη</span> 
     </span>
    </p>
   </div>
   <div class='ocr_carea' id='block_1_31' title="bbox 487 2843 2082 2915">
    <p class='ocr_par' dir='ltr' id='par_1_31' title="bbox 487 2843 2082 2915">
     <span class='ocr_line' id='line_1_31' title="bbox 487 2843 2082 2915; baseline 0.001 -20"><span class='ocrx_word' id='word_1_209' title='bbox 487 2843 673 2914; x_wconf 77' lang='grc' dir='ltr'>χαμαί</span> <span class='ocrx_word' id='word_1_210' title='bbox 750 2845 1137 2913; x_wconf 77' lang='grc' dir='ltr'>δικαιοσύνη.</span> <span class='ocrx_word' id='word_1_211' title='bbox 1204 2843 1662 2915; x_wconf 82' lang='grc' dir='ltr'>Ἀπηγορευμένα</span> <span class='ocrx_word' id='word_1_212' title='bbox 1713 2843 1824 2914; x_wconf 83' lang='grc' dir='ltr'>γὰρ</span> <span class='ocrx_word' id='word_1_213' title='bbox 1889 2844 2082 2908; x_wconf 85' lang='grc' dir='ltr'>θύσας,</span> 
     </span>
    </p>
   </div>
   <div class='ocr_carea' id='block_1_32' title="bbox 2188 543 3778 617">
    <p class='ocr_par' dir='ltr' id='par_1_32' title="bbox 2188 543 3778 617">
     <span class='ocr_line' id='line_1_32' title="bbox 2188 543 3778 617; baseline 0.004 -19"><span class='ocrx_word' id='word_1_214' title='bbox 2188 560 2314 598; x_wconf 82' lang='lat' dir='ltr'><strong>usus</strong></span> <span class='ocrx_word' id='word_1_215' title='bbox 2335 551 2432 609; x_wconf 83' lang='lat' dir='ltr'><strong>est,</strong></span> <span class='ocrx_word' id='word_1_216' title='bbox 2468 551 2516 596; x_wconf 89' lang='lat' dir='ltr'>et</span> <span class='ocrx_word' id='word_1_217' title='bbox 2533 543 2720 597; x_wconf 89' lang='lat' dir='ltr'><strong>datum</strong></span> <span class='ocrx_word' id='word_1_218' title='bbox 2751 551 2828 598; x_wconf 85' lang='lat' dir='ltr'>est</span> <span class='ocrx_word' id='word_1_219' title='bbox 2846 544 2917 598; x_wconf 90' lang='lat' dir='ltr'>ad</span> <span class='ocrx_word' id='word_1_220' title='bbox 2936 547 3205 601; x_wconf 78' lang='lat' dir='ltr'><strong>victimam</strong></span> <span class='ocrx_word' id='word_1_221' title='bbox 3229 558 3524 617; x_wconf 85' lang='lat' dir='ltr'><strong>peccatum,</strong></span> <span class='ocrx_word' id='word_1_222' title='bbox 3555 557 3604 603; x_wconf 89' lang='lat' dir='ltr'>et</span> <span class='ocrx_word' id='word_1_223' title='bbox 3631 550 3778 604; x_wconf 85' lang='lat' dir='ltr'><strong>humi</strong></span> 
     </span>
    </p>
   </div>
   <div class='ocr_carea' id='block_1_33' title="bbox 2187 637 3778 707">
    <p class='ocr_par' dir='ltr' id='par_1_33' title="bbox 2187 637 3778 707">
     <span class='ocr_line' id='line_1_33' title="bbox 2187 637 3778 707; baseline 0.004 -16"><span class='ocrx_word' id='word_1_224' title='bbox 2187 637 2396 707; x_wconf 86' lang='lat' dir='ltr'><strong>abjecta</strong></span> <span class='ocrx_word' id='word_1_225' title='bbox 2435 645 2511 691; x_wconf 89' lang='lat' dir='ltr'>est</span> <span class='ocrx_word' id='word_1_226' title='bbox 2533 637 2771 707; x_wconf 82' lang='lat' dir='ltr'><strong>justitia.</strong></span> <span class='ocrx_word' id='word_1_227' title='bbox 2805 637 2941 692; x_wconf 85' lang='lat' dir='ltr'>Nam</span> <span class='ocrx_word' id='word_1_228' title='bbox 2977 653 3102 693; x_wconf 88' lang='lat' dir='ltr'>cum</span> <span class='ocrx_word' id='word_1_229' title='bbox 3140 641 3434 696; x_wconf 87' lang='lat' dir='ltr'><strong>interdicta</strong></span> <span class='ocrx_word' id='word_1_230' title='bbox 3468 643 3778 698; x_wconf 80' lang='lat' dir='ltr'><strong>sacriﬁcas-</strong></span> 
     </span>
    </p>
   </div>
   <div class='ocr_carea' id='block_1_34' title="bbox 2187 730 3771 804">
    <p class='ocr_par' dir='ltr' id='par_1_34' title="bbox 2187 730 3771 804">
     <span class='ocr_line' id='line_1_34' title="bbox 2187 730 3771 804; baseline 0.001 -17"><span class='ocrx_word' id='word_1_231' title='bbox 2187 739 2292 794; x_wconf 86' lang='lat' dir='ltr'><strong>set.</strong></span> <span class='ocrx_word' id='word_1_232' title='bbox 2327 731 2569 787; x_wconf 97' lang='lat' dir='ltr'><strong>turbavit</strong></span> <span class='ocrx_word' id='word_1_233' title='bbox 2608 730 2965 798; x_wconf 80' lang='lat' dir='ltr'><strong>sacriﬁcium,</strong></span> <span class='ocrx_word' id='word_1_234' title='bbox 3023 732 3128 786; x_wconf 87' lang='lat' dir='ltr'><strong>hoc</strong></span> <span class='ocrx_word' id='word_1_235' title='bbox 3153 741 3259 795; x_wconf 87' lang='lat' dir='ltr'><strong>est,</strong></span> <span class='ocrx_word' id='word_1_236' title='bbox 3301 734 3573 795; x_wconf 82' lang='lat' dir='ltr'><strong>contudit,</strong></span> <span class='ocrx_word' id='word_1_237' title='bbox 3613 735 3771 804; x_wconf 77' lang='lat'>132</span> 
     </span>
    </p>
   </div>
   <div class='ocr_carea' id='block_1_35' title="bbox 2188 822 3770 894">
    <p class='ocr_par' dir='ltr' id='par_1_35' title="bbox 2188 822 3770 894">
     <span class='ocr_line' id='line_1_35' title="bbox 2188 822 3770 894; baseline 0.001 -17"><span class='ocrx_word' id='word_1_238' title='bbox 2188 823 2406 893; x_wconf 93' lang='lat' dir='ltr'><strong>polluit.</strong></span> <span class='ocrx_word' id='word_1_239' title='bbox 2449 822 2729 878; x_wconf 85' lang='lat' dir='ltr'><strong>Cadavera</strong></span> <span class='ocrx_word' id='word_1_240' title='bbox 2771 837 2967 892; x_wconf 89' lang='lat' dir='ltr'><strong>porcos</strong></span> <span class='ocrx_word' id='word_1_241' title='bbox 3017 824 3266 878; x_wconf 85' lang='lat' dir='ltr'><strong>nominat</strong></span> <span class='ocrx_word' id='word_1_242' title='bbox 3307 843 3320 878; x_wconf 90' lang='lat'>:</span> <span class='ocrx_word' id='word_1_243' title='bbox 3379 833 3435 878; x_wconf 94' lang='lat' dir='ltr'>et</span> <span class='ocrx_word' id='word_1_244' title='bbox 3482 837 3770 894; x_wconf 86' lang='lat' dir='ltr'><strong>peceatum</strong></span> 
     </span>
    </p>
   </div>
   <div class='ocr_carea' id='block_1_36' title="bbox 2187 912 3773 987">
    <p class='ocr_par' dir='ltr' id='par_1_36' title="bbox 2187 912 3773 987">
     <span class='ocr_line' id='line_1_36' title="bbox 2187 912 3773 987; baseline 0.002 -18"><span class='ocrx_word' id='word_1_245' title='bbox 2187 913 2243 969; x_wconf 90' lang='lat' dir='ltr'>in</span> <span class='ocrx_word' id='word_1_246' title='bbox 2276 913 2569 976; x_wconf 83' lang='lat' dir='ltr'><strong>sacriﬁcio,</strong></span> <span class='ocrx_word' id='word_1_247' title='bbox 2599 912 2826 968; x_wconf 89' lang='lat' dir='ltr'><strong>violatas</strong></span> <span class='ocrx_word' id='word_1_248' title='bbox 2857 913 2927 970; x_wconf 90' lang='lat' dir='ltr'>ab</span> <span class='ocrx_word' id='word_1_249' title='bbox 2955 930 3022 969; x_wconf 93' lang='lat' dir='ltr'>eo</span> <span class='ocrx_word' id='word_1_250' title='bbox 3055 915 3222 986; x_wconf 90' lang='lat' dir='ltr'><strong>leges.</strong></span> <span class='ocrx_word' id='word_1_251' title='bbox 3251 916 3563 987; x_wconf 86' lang='lat' dir='ltr'><strong>Projeetam</strong></span> <span class='ocrx_word' id='word_1_252' title='bbox 3622 918 3773 972; x_wconf 82' lang='lat' dir='ltr'><strong>humi</strong></span> 
     </span>
    </p>
   </div>
   <div class='ocr_carea' id='block_1_37' title="bbox 2182 1004 3776 1077">
    <p class='ocr_par' dir='ltr' id='par_1_37' title="bbox 2182 1004 3776 1077">
     <span class='ocr_line' id='line_1_37' title="bbox 2182 1004 3776 1077; baseline 0.002 -19"><span class='ocrx_word' id='word_1_253' title='bbox 2182 1004 2452 1076; x_wconf 76' lang='lat' dir='ltr'>justitiam</span> <span class='ocrx_word' id='word_1_254' title='bbox 2478 1004 2634 1071; x_wconf 88' lang='lat' dir='ltr'><strong>dicit,</strong></span> <span class='ocrx_word' id='word_1_255' title='bbox 2665 1005 2737 1058; x_wconf 95' lang='lat' dir='ltr'>ob</span> <span class='ocrx_word' id='word_1_256' title='bbox 2773 1013 3088 1075; x_wconf 84' lang='lat' dir='ltr'><strong>contempta</strong></span> <span class='ocrx_word' id='word_1_257' title='bbox 3138 1006 3392 1062; x_wconf 85' lang='lat' dir='ltr'><strong>instituta</strong></span> <span class='ocrx_word' id='word_1_258' title='bbox 3443 1009 3637 1077; x_wconf 88' lang='lat' dir='ltr'><strong>patria.</strong></span> <span class='ocrx_word' id='word_1_259' title='bbox 3690 1007 3776 1064; x_wconf 92' lang='lat' dir='ltr'>Si-</span> 
     </span>
    </p>
   </div>
   <div class='ocr_carea' id='block_1_38' title="bbox 2185 1096 3775 1170">
    <p class='ocr_par' dir='ltr' id='par_1_38' title="bbox 2185 1096 3775 1170">
     <span class='ocr_line' id='line_1_38' title="bbox 2185 1096 3775 1170; baseline 0.003 -18"><span class='ocrx_word' id='word_1_260' title='bbox 2185 1096 2516 1169; x_wconf 82' lang='lat' dir='ltr'><strong>gniﬁcantur</strong></span> <span class='ocrx_word' id='word_1_261' title='bbox 2546 1099 2712 1152; x_wconf 90' lang='lat' dir='ltr'><strong>etiam</strong></span> <span class='ocrx_word' id='word_1_262' title='bbox 2743 1097 2962 1168; x_wconf 72' lang='lat' dir='ltr'><strong>iniustae</strong></span> <span class='ocrx_word' id='word_1_263' title='bbox 2993 1098 3169 1153; x_wconf 68' lang='lat' dir='ltr'><strong>caedes</strong></span> <span class='ocrx_word' id='word_1_264' title='bbox 3199 1113 3412 1165; x_wconf 88' lang='lat' dir='ltr'><strong>eorum,</strong></span> <span class='ocrx_word' id='word_1_265' title='bbox 3432 1101 3526 1170; x_wconf 90' lang='lat' dir='ltr'>qui</span> <span class='ocrx_word' id='word_1_266' title='bbox 3567 1101 3636 1156; x_wconf 91' lang='lat' dir='ltr'>ab</span> <span class='ocrx_word' id='word_1_267' title='bbox 3667 1101 3775 1156; x_wconf 91' lang='lat' dir='ltr'><strong>im-</strong></span> 
     </span>
    </p>
   </div>
   <div class='ocr_carea' id='block_1_39' title="bbox 2185 1187 3774 1260">
    <p class='ocr_par' dir='ltr' id='par_1_39' title="bbox 2185 1187 3774 1260">
     <span class='ocr_line' id='line_1_39' title="bbox 2185 1187 3774 1260; baseline 0.006 -20"><span class='ocrx_word' id='word_1_268' title='bbox 2185 1188 2390 1256; x_wconf 85' lang='lat' dir='ltr'><strong>pietate</strong></span> <span class='ocrx_word' id='word_1_269' title='bbox 2423 1187 2858 1242; x_wconf 86' lang='lat' dir='ltr'><strong>abhorruerunt.</strong></span> <span class='ocrx_word' id='word_1_270' title='bbox 2909 1187 3017 1243; x_wconf 87' lang='lat' dir='ltr'>Sed</span> <span class='ocrx_word' id='word_1_271' title='bbox 3062 1190 3336 1258; x_wconf 84' lang='lat' dir='ltr'><strong>quamvis,</strong></span> <span class='ocrx_word' id='word_1_272' title='bbox 3402 1191 3604 1260; x_wconf 88' lang='lat' dir='ltr'><strong>inquit,</strong></span> <span class='ocrx_word' id='word_1_273' title='bbox 3655 1193 3774 1250; x_wconf 66' lang='lat' dir='ltr'><strong>haec</strong></span> 
     </span>
    </p>
   </div>
   <div class='ocr_carea' id='block_1_40' title="bbox 2184 1279 3770 1349">
    <p class='ocr_par' dir='ltr' id='par_1_40' title="bbox 2184 1279 3770 1349">
     <span class='ocr_line' id='line_1_40' title="bbox 2184 1279 3770 1349; baseline 0.003 -17"><span class='ocrx_word' id='word_1_274' title='bbox 2184 1285 2393 1349; x_wconf 87' lang='lat' dir='ltr'><strong>ageret,</strong></span> <span class='ocrx_word' id='word_1_275' title='bbox 2437 1286 2653 1348; x_wconf 82' lang='lat' dir='ltr'><strong>tamque</strong></span> <span class='ocrx_word' id='word_1_276' title='bbox 2681 1279 2848 1348; x_wconf 89' lang='lat' dir='ltr'><strong>impie</strong></span> <span class='ocrx_word' id='word_1_277' title='bbox 2876 1294 2934 1334; x_wconf 92' lang='lat' dir='ltr'>se</span> <span class='ocrx_word' id='word_1_278' title='bbox 2956 1289 3178 1349; x_wconf 88' lang='lat' dir='ltr'><strong>gereret</strong></span> <span class='ocrx_word' id='word_1_279' title='bbox 3202 1279 3532 1346; x_wconf 82' lang='lat' dir='ltr'><strong>Antiochus,</strong></span> <span class='ocrx_word' id='word_1_280' title='bbox 3586 1291 3770 1337; x_wconf 92' lang='lat' dir='ltr'><strong>tamen</strong></span> 
     </span>
    </p>
   </div>
   <div class='ocr_carea' id='block_1_41' title="bbox 2184 1369 3769 1443">
    <p class='ocr_par' dir='ltr' id='par_1_41' title="bbox 2184 1369 3769 1443">
     <span class='ocr_line' id='line_1_41' title="bbox 2184 1369 3769 1443; baseline 0.001 -17"><span class='ocrx_word' id='word_1_281' title='bbox 2184 1370 2354 1426; x_wconf 84' lang='lat' dir='ltr'><strong>rebus</strong></span> <span class='ocrx_word' id='word_1_282' title='bbox 2378 1369 2641 1426; x_wconf 87' lang='lat' dir='ltr'><strong>secundis</strong></span> <span class='ocrx_word' id='word_1_283' title='bbox 2670 1385 2804 1424; x_wconf 86' lang='lat' dir='ltr'><strong>usus</strong></span> <span class='ocrx_word' id='word_1_284' title='bbox 2830 1379 2934 1425; x_wconf 90' lang='lat' dir='ltr'><strong>est.</strong></span> <span class='ocrx_word' id='word_1_285' title='bbox 2972 1369 3068 1426; x_wconf 88' lang='lat' dir='ltr'><strong>His</strong></span> <span class='ocrx_word' id='word_1_286' title='bbox 3117 1371 3343 1443; x_wconf 75' lang='lat' dir='ltr'><strong>subiicit</strong></span> <span class='ocrx_word' id='word_1_287' title='bbox 3397 1372 3588 1428; x_wconf 83' lang='lat' dir='ltr'><strong>Daniel</strong></span> <span class='ocrx_word' id='word_1_288' title='bbox 3634 1390 3648 1427; x_wconf 88' lang='lat'><strong>:</strong></span> <span class='ocrx_word' id='word_1_289' title='bbox 3701 1373 3769 1428; x_wconf 85' lang='lat' dir='ltr'><strong>Et</strong></span> 
     </span>
    </p>
   </div>
   <div class='ocr_carea' id='block_1_42' title="bbox 2184 1460 3770 1527">
    <p class='ocr_par' dir='ltr' id='par_1_42' title="bbox 2184 1460 3770 1527">
     <span class='ocr_line' id='line_1_42' title="bbox 2184 1460 3770 1527; baseline 0.002 -11"><span class='ocrx_word' id='word_1_290' title='bbox 2184 1463 2317 1517; x_wconf 76' lang='lat' dir='ltr'><strong>dixit</strong></span> <span class='ocrx_word' id='word_1_291' title='bbox 2349 1478 2482 1517; x_wconf 85' lang='lat' dir='ltr'><strong>unus</strong></span> <span class='ocrx_word' id='word_1_292' title='bbox 2510 1473 2724 1516; x_wconf 87' lang='lat' dir='ltr'><strong>sanctus</strong></span> <span class='ocrx_word' id='word_1_293' title='bbox 2762 1460 3064 1527; x_wconf 83' lang='lat' dir='ltr'><strong>Phelmunl,</strong></span> <span class='ocrx_word' id='word_1_294' title='bbox 3103 1461 3332 1527; x_wconf 82' lang='lat' dir='ltr'><strong>Quando</strong></span> <span class='ocrx_word' id='word_1_295' title='bbox 3391 1465 3605 1519; x_wconf 85' lang='lat' dir='ltr'><strong>tandem</strong></span> <span class='ocrx_word' id='word_1_296' title='bbox 3639 1466 3770 1519; x_wconf 80' lang='lat' dir='ltr'><strong>visio</strong></span> 
     </span>
    </p>
   </div>
   <div class='ocr_carea' id='block_1_43' title="bbox 2184 1553 3773 1628">
    <p class='ocr_par' dir='ltr' id='par_1_43' title="bbox 2184 1553 3773 1628">
     <span class='ocr_line' id='line_1_43' title="bbox 2184 1553 3773 1628; baseline 0.003 -20"><span class='ocrx_word' id='word_1_297' title='bbox 2184 1555 2597 1610; x_wconf 85' lang='lat' dir='ltr'><strong>terminabitur?</strong></span> <span class='ocrx_word' id='word_1_298' title='bbox 2626 1563 2675 1608; x_wconf 86' lang='lat' dir='ltr'>et</span> <span class='ocrx_word' id='word_1_299' title='bbox 2701 1553 2973 1608; x_wconf 78' lang='lat' dir='ltr'><strong>sublatum</strong></span> <span class='ocrx_word' id='word_1_300' title='bbox 3023 1555 3374 1623; x_wconf 78' lang='lat' dir='ltr'><strong>sacriﬁcium,</strong></span> <span class='ocrx_word' id='word_1_301' title='bbox 3406 1565 3456 1610; x_wconf 86' lang='lat' dir='ltr'>et</span> <span class='ocrx_word' id='word_1_302' title='bbox 3498 1568 3773 1628; x_wconf 83' lang='lat' dir='ltr'><strong>peccatum</strong></span> 
     </span>
    </p>
   </div>
   <div class='ocr_carea' id='block_1_44' title="bbox 2181 1643 3773 1718">
    <p class='ocr_par' dir='ltr' id='par_1_44' title="bbox 2181 1643 3773 1718">
     <span class='ocr_line' id='line_1_44' title="bbox 2181 1643 3773 1718; baseline 0.001 -18"><span class='ocrx_word' id='word_1_303' title='bbox 2181 1647 2493 1700; x_wconf 73' lang='lat' dir='ltr'><strong>vastationis</strong></span> <span class='ocrx_word' id='word_1_304' title='bbox 2527 1660 2837 1698; x_wconf 80' lang='lat' dir='ltr'><strong>concessum</strong></span> <span class='ocrx_word' id='word_1_305' title='bbox 2861 1645 2888 1698; x_wconf 81' lang='lat'>.’</span> <span class='ocrx_word' id='word_1_306' title='bbox 2928 1643 2984 1699; x_wconf 84' lang='lat' dir='ltr'><strong>Is</strong></span> <span class='ocrx_word' id='word_1_307' title='bbox 3019 1645 3153 1700; x_wconf 75' lang='lat' dir='ltr'><strong>dixit</strong></span> <span class='ocrx_word' id='word_1_308' title='bbox 3182 1647 3232 1700; x_wconf 88' lang='lat' dir='ltr'>ei</span> <span class='ocrx_word' id='word_1_309' title='bbox 3269 1663 3288 1702; x_wconf 91' lang='lat'><strong><em>:</em></strong></span> <span class='ocrx_word' id='word_1_310' title='bbox 3345 1646 3516 1718; x_wconf 86' lang='lat' dir='ltr'><strong>Usque</strong></span> <span class='ocrx_word' id='word_1_311' title='bbox 3557 1650 3628 1703; x_wconf 88' lang='lat' dir='ltr'>ad</span> <span class='ocrx_word' id='word_1_312' title='bbox 3657 1665 3773 1703; x_wconf 87' lang='lat' dir='ltr'><strong>ves-</strong></span> 
     </span>
    </p>
   </div>
   <div class='ocr_carea' id='block_1_45' title="bbox 2183 1735 3775 1807">
    <p class='ocr_par' dir='ltr' id='par_1_45' title="bbox 2183 1735 3775 1807">
     <span class='ocr_line' id='line_1_45' title="bbox 2183 1735 3775 1807; baseline 0.002 -17"><span class='ocrx_word' id='word_1_313' title='bbox 2183 1752 2366 1807; x_wconf 86' lang='lat' dir='ltr'><strong>peram</strong></span> <span class='ocrx_word' id='word_1_314' title='bbox 2395 1743 2445 1788; x_wconf 87' lang='lat' dir='ltr'>et</span> <span class='ocrx_word' id='word_1_315' title='bbox 2478 1752 2655 1799; x_wconf 87' lang='lat' dir='ltr'><strong>mane,</strong></span> <span class='ocrx_word' id='word_1_316' title='bbox 2684 1736 2794 1790; x_wconf 85' lang='lat' dir='ltr'><strong>dies</strong></span> <span class='ocrx_word' id='word_1_317' title='bbox 2835 1735 2910 1790; x_wconf 85' lang='lat' dir='ltr'><strong>bis</strong></span> <span class='ocrx_word' id='word_1_318' title='bbox 2940 1736 3086 1791; x_wconf 84' lang='lat' dir='ltr'><strong>mille</strong></span> <span class='ocrx_word' id='word_1_319' title='bbox 3117 1746 3166 1791; x_wconf 89' lang='lat' dir='ltr'>et</span> <span class='ocrx_word' id='word_1_320' title='bbox 3201 1739 3443 1806; x_wconf 85' lang='lat' dir='ltr'><strong>trecenti,</strong></span> <span class='ocrx_word' id='word_1_321' title='bbox 3505 1748 3629 1793; x_wconf 86' lang='lat' dir='ltr'><strong>tunc</strong></span> <span class='ocrx_word' id='word_1_322' title='bbox 3689 1755 3775 1793; x_wconf 84' lang='lat' dir='ltr'><strong>re—</strong></span> 
     </span>
    </p>
   </div>
   <div class='ocr_carea' id='block_1_46' title="bbox 2185 1827 3775 1900">
    <p class='ocr_par' dir='ltr' id='par_1_46' title="bbox 2185 1827 3775 1900">
     <span class='ocr_line' id='line_1_46' title="bbox 2185 1827 3775 1900; baseline 0.001 -18"><span class='ocrx_word' id='word_1_323' title='bbox 2185 1827 2501 1900; x_wconf 82' lang='lat' dir='ltr'><strong>purgabitur</strong></span> <span class='ocrx_word' id='word_1_324' title='bbox 2529 1837 2794 1883; x_wconf 87' lang='lat' dir='ltr'><strong>sanctum.</strong></span> <span class='ocrx_word' id='word_1_325' title='bbox 2825 1827 2908 1882; x_wconf 83' lang='lat' dir='ltr'><strong>Ad</strong></span> <span class='ocrx_word' id='word_1_326' title='bbox 2942 1828 3279 1898; x_wconf 87' lang='lat' dir='ltr'><strong>Prophetatu</strong></span> <span class='ocrx_word' id='word_1_327' title='bbox 3306 1845 3373 1885; x_wconf 78' lang='lat' dir='ltr'><strong>ex</strong></span> <span class='ocrx_word' id='word_1_328' title='bbox 3417 1829 3630 1885; x_wconf 88' lang='lat' dir='ltr'><strong>visione</strong></span> <span class='ocrx_word' id='word_1_329' title='bbox 3665 1830 3775 1884; x_wconf 86' lang='lat' dir='ltr'><strong>sol-</strong></span> 
     </span>
    </p>
   </div>
   <div class='ocr_carea' id='block_1_47' title="bbox 2185 1919 3772 1992">
    <p class='ocr_par' dir='ltr' id='par_1_47' title="bbox 2185 1919 3772 1992">
     <span class='ocr_line' id='line_1_47' title="bbox 2185 1919 3772 1992; baseline 0.001 -17"><span class='ocrx_word' id='word_1_330' title='bbox 2185 1920 2398 1975; x_wconf 87' lang='lat' dir='ltr'><strong>licitum</strong></span> <span class='ocrx_word' id='word_1_331' title='bbox 2436 1920 2734 1974; x_wconf 89' lang='lat' dir='ltr'><strong>mittuntur</strong></span> <span class='ocrx_word' id='word_1_332' title='bbox 2766 1919 2970 1990; x_wconf 91' lang='lat' dir='ltr'><strong>angeli,</strong></span> <span class='ocrx_word' id='word_1_333' title='bbox 3003 1921 3098 1991; x_wconf 90' lang='lat' dir='ltr'>qui</span> <span class='ocrx_word' id='word_1_334' title='bbox 3124 1923 3174 1976; x_wconf 89' lang='lat' dir='ltr'>ei</span> <span class='ocrx_word' id='word_1_335' title='bbox 3210 1921 3544 1992; x_wconf 82' lang='lat' dir='ltr'><strong>signiﬁcent,</strong></span> <span class='ocrx_word' id='word_1_336' title='bbox 3607 1921 3772 1976; x_wconf 78' lang='lat' dir='ltr'><strong>tinem</strong></span> 
     </span>
    </p>
   </div>
   <div class='ocr_carea' id='block_1_48' title="bbox 2183 2012 3774 2084">
    <p class='ocr_par' dir='ltr' id='par_1_48' title="bbox 2183 2012 3774 2084">
     <span class='ocr_line' id='line_1_48' title="bbox 2183 2012 3774 2084; baseline 0.001 -17"><span class='ocrx_word' id='word_1_337' title='bbox 2183 2028 2557 2068; x_wconf 74' lang='lat' dir='ltr'><strong>aerumnarum</strong></span> <span class='ocrx_word' id='word_1_338' title='bbox 2612 2012 2756 2079; x_wconf 84' lang='lat' dir='ltr'><strong>fore,</strong></span> <span class='ocrx_word' id='word_1_339' title='bbox 2827 2021 2885 2068; x_wconf 90' lang='lat' dir='ltr'>et</span> <span class='ocrx_word' id='word_1_340' title='bbox 2934 2021 3152 2083; x_wconf 89' lang='lat' dir='ltr'><strong>tempus</strong></span> <span class='ocrx_word' id='word_1_341' title='bbox 3185 2030 3310 2069; x_wconf 90' lang='lat' dir='ltr'>eum</span> <span class='ocrx_word' id='word_1_342' title='bbox 3359 2013 3615 2079; x_wconf 87' lang='lat' dir='ltr'><strong>doceant,</strong></span> <span class='ocrx_word' id='word_1_343' title='bbox 3661 2029 3774 2084; x_wconf 90' lang='lat' dir='ltr'>quo</span> 
     </span>
    </p>
   </div>
   <div class='ocr_carea' id='block_1_49' title="bbox 2185 2103 3768 2175">
    <p class='ocr_par' dir='ltr' id='par_1_49' title="bbox 2185 2103 3768 2175">
     <span class='ocr_line' id='line_1_49' title="bbox 2185 2103 3768 2175; baseline 0 -17"><span class='ocrx_word' id='word_1_344' title='bbox 2185 2105 2446 2160; x_wconf 71' lang='lat' dir='ltr'><strong>desitum</strong></span> <span class='ocrx_word' id='word_1_345' title='bbox 2471 2103 2602 2158; x_wconf 89' lang='lat' dir='ltr'><strong>sint.</strong></span> <span class='ocrx_word' id='word_1_346' title='bbox 2645 2103 2716 2158; x_wconf 89' lang='lat' dir='ltr'><strong>Et</strong></span> <span class='ocrx_word' id='word_1_347' title='bbox 2772 2103 2913 2160; x_wconf 90' lang='lat' dir='ltr'><strong>alius</strong></span> <span class='ocrx_word' id='word_1_348' title='bbox 2966 2104 3135 2159; x_wconf 91' lang='lat' dir='ltr'><strong>alium</strong></span> <span class='ocrx_word' id='word_1_349' title='bbox 3185 2103 3608 2175; x_wconf 78' lang='lat' dir='ltr'><strong>interrogabat:</strong></span> <span class='ocrx_word' id='word_1_350' title='bbox 3643 2120 3768 2159; x_wconf 88' lang='lat' dir='ltr'>nam</span> 
     </span>
    </p>
   </div>
   <div class='ocr_carea' id='block_1_50' title="bbox 2183 2195 3772 2268">
    <p class='ocr_par' dir='ltr' id='par_1_50' title="bbox 2183 2195 3772 2268">
     <span class='ocr_line' id='line_1_50' title="bbox 2183 2195 3772 2268; baseline -0.001 -16"><span class='ocrx_word' id='word_1_351' title='bbox 2183 2197 2501 2263; x_wconf 88' lang='lat' dir='ltr'><strong>Phelmuni,</strong></span> <span class='ocrx_word' id='word_1_352' title='bbox 2533 2195 2776 2266; x_wconf 87' lang='lat' dir='ltr'><strong>aliquem</strong></span> <span class='ocrx_word' id='word_1_353' title='bbox 2818 2196 3114 2267; x_wconf 86' lang='lat' dir='ltr'><strong>signiﬁcat.</strong></span> <span class='ocrx_word' id='word_1_354' title='bbox 3156 2197 3404 2268; x_wconf 86' lang='lat' dir='ltr'><strong>Rogabat</strong></span> <span class='ocrx_word' id='word_1_355' title='bbox 3432 2207 3617 2252; x_wconf 90' lang='lat' dir='ltr'><strong>autem</strong></span> <span class='ocrx_word' id='word_1_356' title='bbox 3660 2211 3772 2250; x_wconf 90' lang='lat' dir='ltr'>non</span> 
     </span>
    </p>
   </div>
   <div class='ocr_carea' id='block_1_51' title="bbox 2185 2289 3776 2361">
    <p class='ocr_par' dir='ltr' id='par_1_51' title="bbox 2185 2289 3776 2361">
     <span class='ocr_line' id='line_1_51' title="bbox 2185 2289 3776 2361; baseline -0.003 -16"><span class='ocrx_word' id='word_1_357' title='bbox 2185 2299 2246 2346; x_wconf 89' lang='lat' dir='ltr'>ut</span> <span class='ocrx_word' id='word_1_358' title='bbox 2276 2291 2522 2361; x_wconf 89' lang='lat' dir='ltr'><strong>ignarus,</strong></span> <span class='ocrx_word' id='word_1_359' title='bbox 2555 2289 2653 2344; x_wconf 90' lang='lat' dir='ltr'>sed</span> <span class='ocrx_word' id='word_1_360' title='bbox 2694 2297 2755 2346; x_wconf 91' lang='lat' dir='ltr'>ut</span> <span class='ocrx_word' id='word_1_361' title='bbox 2801 2289 2992 2344; x_wconf 90' lang='lat' dir='ltr'><strong>Daniel</strong></span> <span class='ocrx_word' id='word_1_362' title='bbox 3027 2299 3407 2359; x_wconf 78' lang='lat' dir='ltr'><strong>cognosceret.</strong></span> <span class='ocrx_word' id='word_1_363' title='bbox 3463 2289 3566 2355; x_wconf 82' lang='lat' dir='ltr'><strong>Qui</strong></span> <span class='ocrx_word' id='word_1_364' title='bbox 3619 2303 3776 2358; x_wconf 75' lang='lat' dir='ltr'><strong>roga-</strong></span> 
     </span>
    </p>
   </div>
   <div class='ocr_carea' id='block_1_52' title="bbox 2182 2373 3771 2450">
    <p class='ocr_par' dir='ltr' id='par_1_52' title="bbox 2182 2373 3771 2450">
     <span class='ocr_line' id='line_1_52' title="bbox 2182 2373 3771 2450; baseline -0.005 -15"><span class='ocrx_word' id='word_1_365' title='bbox 2182 2380 2368 2446; x_wconf 85' lang='lat' dir='ltr'><strong>batur,</strong></span> <span class='ocrx_word' id='word_1_366' title='bbox 2409 2376 2712 2450; x_wconf 91' lang='lat' dir='ltr'><strong>respondet</strong></span> <span class='ocrx_word' id='word_1_367' title='bbox 2739 2394 2755 2433; x_wconf 88' lang='lat'><strong>:</strong></span> <span class='ocrx_word' id='word_1_368' title='bbox 2790 2377 2922 2434; x_wconf 82' lang='lat' dir='ltr'><strong>Dies</strong></span> <span class='ocrx_word' id='word_1_369' title='bbox 2959 2377 3048 2433; x_wconf 89' lang='lat' dir='ltr'>bis</span> <span class='ocrx_word' id='word_1_370' title='bbox 3069 2379 3218 2432; x_wconf 92' lang='lat' dir='ltr'><strong>mille</strong></span> <span class='ocrx_word' id='word_1_371' title='bbox 3247 2377 3478 2432; x_wconf 89' lang='lat' dir='ltr'><strong>trecenti</strong></span> <span class='ocrx_word' id='word_1_372' title='bbox 3506 2390 3679 2445; x_wconf 88' lang='lat' dir='ltr'><strong>usque</strong></span> <span class='ocrx_word' id='word_1_373' title='bbox 3701 2373 3771 2427; x_wconf 89' lang='lat' dir='ltr'>ad</span> 
     </span>
    </p>
   </div>
   <div class='ocr_carea' id='block_1_53' title="bbox 2183 2467 3768 2540">
    <p class='ocr_par' dir='ltr' id='par_1_53' title="bbox 2183 2467 3768 2540">
     <span class='ocr_line' id='line_1_53' title="bbox 2183 2467 3768 2540; baseline -0.003 -18"><span class='ocrx_word' id='word_1_374' title='bbox 2183 2483 2474 2540; x_wconf 86' lang='lat' dir='ltr'><strong>vesperam</strong></span> <span class='ocrx_word' id='word_1_375' title='bbox 2515 2476 2572 2523; x_wconf 90' lang='lat' dir='ltr'>et</span> <span class='ocrx_word' id='word_1_376' title='bbox 2621 2481 2805 2531; x_wconf 90' lang='lat' dir='ltr'><strong>mane,</strong></span> <span class='ocrx_word' id='word_1_377' title='bbox 2872 2476 2989 2522; x_wconf 90' lang='lat' dir='ltr'>tum</span> <span class='ocrx_word' id='word_1_378' title='bbox 3044 2467 3437 2536; x_wconf 88' lang='lat' dir='ltr'><strong>repurgabitur</strong></span> <span class='ocrx_word' id='word_1_379' title='bbox 3493 2472 3768 2519; x_wconf 85' lang='lat' dir='ltr'><strong>sanctum.</strong></span> 
     </span>
    </p>
   </div>
   <div class='ocr_carea' id='block_1_54' title="bbox 2183 2557 3772 2633">
    <p class='ocr_par' dir='ltr' id='par_1_54' title="bbox 2183 2557 3772 2633">
     <span class='ocr_line' id='line_1_54' title="bbox 2183 2557 3772 2633; baseline -0.005 -16"><span class='ocrx_word' id='word_1_380' title='bbox 2183 2561 2486 2631; x_wconf 78' lang='lat' dir='ltr'><strong>Vesperam</strong></span> <span class='ocrx_word' id='word_1_381' title='bbox 2513 2562 2684 2633; x_wconf 89' lang='lat' dir='ltr'><strong>igitur</strong></span> <span class='ocrx_word' id='word_1_382' title='bbox 2735 2561 2957 2617; x_wconf 84' lang='lat' dir='ltr'><strong>vocavit</strong></span> <span class='ocrx_word' id='word_1_383' title='bbox 2991 2560 3324 2631; x_wconf 91' lang='lat' dir='ltr'><strong>principium</strong></span> <span class='ocrx_word' id='word_1_384' title='bbox 3367 2557 3772 2622; x_wconf 89' lang='lat' dir='ltr'><strong>molestiarum,</strong></span> 
     </span>
    </p>
   </div>
   <div class='ocr_carea' id='block_1_55' title="bbox 2184 2647 3775 2726">
    <p class='ocr_par' dir='ltr' id='par_1_55' title="bbox 2184 2647 3775 2726">
     <span class='ocr_line' id='line_1_55' title="bbox 2184 2647 3775 2726; baseline -0.003 -20"><span class='ocrx_word' id='word_1_385' title='bbox 2184 2661 2280 2707; x_wconf 92' lang='lat' dir='ltr'>aut</span> <span class='ocrx_word' id='word_1_386' title='bbox 2314 2661 2503 2708; x_wconf 90' lang='lat' dir='ltr'><strong>totum</strong></span> <span class='ocrx_word' id='word_1_387' title='bbox 2559 2664 2780 2726; x_wconf 88' lang='lat' dir='ltr'><strong>tempus</strong></span> <span class='ocrx_word' id='word_1_388' title='bbox 2799 2667 2990 2710; x_wconf 89' lang='lat' dir='ltr'><strong>earum</strong></span> <span class='ocrx_word' id='word_1_389' title='bbox 3054 2653 3202 2721; x_wconf 87' lang='lat' dir='ltr'><strong>(nam</strong></span> <span class='ocrx_word' id='word_1_390' title='bbox 3245 2649 3513 2704; x_wconf 65' lang='lat' dir='ltr'><strong>molestia:</strong></span> <span class='ocrx_word' id='word_1_391' title='bbox 3540 2647 3688 2702; x_wconf 89' lang='lat' dir='ltr'><strong>nocti</strong></span> <span class='ocrx_word' id='word_1_392' title='bbox 3715 2656 3775 2702; x_wconf 87' lang='lat' dir='ltr'>et</span> 
     </span>
    </p>
   </div>
   <div class='ocr_carea' id='block_1_56' title="bbox 2184 2745 3775 2817">
    <p class='ocr_par' dir='ltr' id='par_1_56' title="bbox 2184 2745 3775 2817">
     <span class='ocr_line' id='line_1_56' title="bbox 2184 2745 3775 2817; baseline -0.003 -18"><span class='ocrx_word' id='word_1_393' title='bbox 2184 2745 2434 2801; x_wconf 83' lang='lat' dir='ltr'><strong>tenebris</strong></span> <span class='ocrx_word' id='word_1_394' title='bbox 2467 2757 2882 2817; x_wconf 89' lang='lat' dir='ltr'><strong>comparantur,</strong></span> <span class='ocrx_word' id='word_1_395' title='bbox 2906 2759 3090 2812; x_wconf 86' lang='lat' dir='ltr'><strong>mane,</strong></span> <span class='ocrx_word' id='word_1_396' title='bbox 3125 2751 3383 2814; x_wconf 88' lang='lat' dir='ltr'><strong>pacatum</strong></span> <span class='ocrx_word' id='word_1_397' title='bbox 3412 2749 3616 2796; x_wconf 89' lang='lat' dir='ltr'><strong>statum</strong></span> <span class='ocrx_word' id='word_1_398' title='bbox 3648 2747 3775 2809; x_wconf 85' lang='lat' dir='ltr'><strong>post</strong></span> 
     </span>
    </p>
   </div>
   <div class='ocr_carea' id='block_1_57' title="bbox 2184 2829 3767 2909">
    <p class='ocr_par' dir='ltr' id='par_1_57' title="bbox 2184 2829 3767 2909">
     <span class='ocr_line' id='line_1_57' title="bbox 2184 2829 3767 2909; baseline -0.006 -17"><span class='ocrx_word' id='word_1_399' title='bbox 2184 2837 2544 2894; x_wconf 86' lang='lat' dir='ltr'><strong>calamitates.</strong></span> <span class='ocrx_word' id='word_1_400' title='bbox 2577 2838 2754 2894; x_wconf 84' lang='lat' dir='ltr'><strong>Verba</strong></span> <span class='ocrx_word' id='word_1_401' title='bbox 2794 2837 2966 2909; x_wconf 87' lang='lat' dir='ltr'><strong>igitur</strong></span> <span class='ocrx_word' id='word_1_402' title='bbox 2988 2836 3081 2891; x_wconf 90' lang='lat' dir='ltr'><strong>illa</strong></span> <span class='ocrx_word' id='word_1_403' title='bbox 3109 2835 3216 2889; x_wconf 85' lang='lat' dir='ltr'><strong>hoc</strong></span> <span class='ocrx_word' id='word_1_404' title='bbox 3239 2833 3452 2888; x_wconf 90' lang='lat' dir='ltr'><strong>volunt.</strong></span> <span class='ocrx_word' id='word_1_405' title='bbox 3479 2833 3518 2884; x_wconf 74' lang='grc' dir='ltr'>Α</span> <span class='ocrx_word' id='word_1_406' title='bbox 3557 2829 3767 2901; x_wconf 83' lang='lat' dir='ltr'><strong>princi-</strong></span> 
     </span>
    </p>
   </div>
   <div class='ocr_carea' id='block_1_58' title="bbox 489 2928 2084 3007">
    <p class='ocr_par' dir='ltr' id='par_1_58' title="bbox 489 2934 2080 3007">
     <span class='ocr_line' id='line_1_58' title="bbox 489 2934 2080 3007; baseline 0.001 -21"><span class='ocrx_word' id='word_1_407' title='bbox 489 2935 726 3006; x_wconf 73' lang='grc' dir='ltr'>ιτὰραξε</span> <span class='ocrx_word' id='word_1_408' title='bbox 779 2935 879 3007; x_wconf 77' lang='grc' dir='ltr'>τήν</span> <span class='ocrx_word' id='word_1_409' title='bbox 932 2934 1147 3004; x_wconf 84' lang='grc' dir='ltr'>θυσίαν,</span> <span class='ocrx_word' id='word_1_410' title='bbox 1211 2936 1330 2990; x_wconf 79' lang='grc' dir='ltr'>ἀντὶ</span> <span class='ocrx_word' id='word_1_411' title='bbox 1381 2935 1502 3002; x_wconf 86' lang='grc' dir='ltr'>τοῦ,</span> <span class='ocrx_word' id='word_1_412' title='bbox 1541 2935 1818 3007; x_wconf 83' lang='grc' dir='ltr'>συνέχεεν,</span> <span class='ocrx_word' id='word_1_413' title='bbox 1867 2936 2080 3006; x_wconf 72' lang='grc' dir='ltr'>ιμίανε.</span> 
     </span>
    </p>
   </div>
   <div class='ocr_carea' id='block_1_59' title="bbox 2180 2928 3775 3007">
    <p class='ocr_par' dir='ltr' id='par_1_59' title="bbox 2185 2928 3775 3001">
     <span class='ocr_line' id='line_1_59' title="bbox 2185 2928 3775 3001; baseline -0.004 -18"><span class='ocrx_word' id='word_1_414' title='bbox 2185 2930 2278 2998; x_wconf 90' lang='lat' dir='ltr'>pio</span> <span class='ocrx_word' id='word_1_415' title='bbox 2298 2930 2572 2985; x_wconf 89' lang='lat' dir='ltr'><strong>malorum</strong></span> <span class='ocrx_word' id='word_1_416' title='bbox 2599 2946 2776 3001; x_wconf 91' lang='lat' dir='ltr'><strong>usque</strong></span> <span class='ocrx_word' id='word_1_417' title='bbox 2793 2931 2860 2985; x_wconf 85' lang='lat' dir='ltr'>ad</span> <span class='ocrx_word' id='word_1_418' title='bbox 2881 2943 3075 2985; x_wconf 90' lang='lat' dir='ltr'><strong>eorum</strong></span> <span class='ocrx_word' id='word_1_419' title='bbox 3103 2928 3289 2993; x_wconf 85' lang='lat' dir='ltr'><strong>linem,</strong></span> <span class='ocrx_word' id='word_1_420' title='bbox 3314 2934 3527 2981; x_wconf 87' lang='lat' dir='ltr'><strong>tantum</strong></span> <span class='ocrx_word' id='word_1_421' title='bbox 3559 2932 3775 2992; x_wconf 86' lang='lat' dir='ltr'><strong>tempo-</strong></span> 
     </span>
    </p>
   </div>
   <div class='ocr_carea' id='block_1_60' title="bbox 495 3018 2084 3099">
    <p class='ocr_par' dir='ltr' id='par_1_60' title="bbox 495 3027 2084 3099">
     <span class='ocr_line' id='line_1_60' title="bbox 495 3027 2084 3099; baseline -0.002 -17"><span class='ocrx_word' id='word_1_422' title='bbox 495 3028 776 3097; x_wconf 87' lang='grc' dir='ltr'>Πτώματα</span> <span class='ocrx_word' id='word_1_423' title='bbox 820 3029 877 3082; x_wconf 81' lang='grc' dir='ltr'>δὲ</span> <span class='ocrx_word' id='word_1_424' title='bbox 926 3028 1054 3092; x_wconf 79' lang='grc' dir='ltr'>τοὺς</span> <span class='ocrx_word' id='word_1_425' title='bbox 1117 3028 1256 3092; x_wconf 84' lang='grc' dir='ltr'>σύας</span> <span class='ocrx_word' id='word_1_426' title='bbox 1301 3029 1474 3097; x_wconf 83' lang='grc' dir='ltr'>λέγει,</span> <span class='ocrx_word' id='word_1_427' title='bbox 1532 3029 1627 3082; x_wconf 74' lang='grc' dir='ltr'>καὶ</span> <span class='ocrx_word' id='word_1_428' title='bbox 1670 3027 1952 3099; x_wconf 77' lang='grc' dir='ltr'>ἁμαρτίαν</span> <span class='ocrx_word' id='word_1_429' title='bbox 1991 3027 2084 3080; x_wconf 73' lang='grc' dir='ltr'>ἐπὶ</span> 
     </span>
    </p>
   </div>
   <div class='ocr_carea' id='block_1_61' title="bbox 2180 3018 3772 3099">
    <p class='ocr_par' dir='ltr' id='par_1_61' title="bbox 2186 3018 3772 3082">
     <span class='ocr_line' id='line_1_61' title="bbox 2186 3018 3772 3082; baseline -0.004 -6"><span class='ocrx_word' id='word_1_430' title='bbox 2186 3022 2267 3078; x_wconf 91' lang='lat' dir='ltr'>ris</span> <span class='ocrx_word' id='word_1_431' title='bbox 2297 3023 2567 3080; x_wconf 90' lang='lat' dir='ltr'><strong>elabetur.</strong></span> <span class='ocrx_word' id='word_1_432' title='bbox 2607 3023 2735 3080; x_wconf 88' lang='lat' dir='ltr'><strong>Dies</strong></span> <span class='ocrx_word' id='word_1_433' title='bbox 2765 3034 2950 3079; x_wconf 88' lang='lat' dir='ltr'><strong>autem</strong></span> <span class='ocrx_word' id='word_1_434' title='bbox 2984 3025 3042 3079; x_wconf 93' lang='lat' dir='ltr'>in</span> <span class='ocrx_word' id='word_1_435' title='bbox 3079 3037 3256 3077; x_wconf 89' lang='lat' dir='ltr'><strong>annos</strong></span> <span class='ocrx_word' id='word_1_436' title='bbox 3310 3019 3542 3082; x_wconf 89' lang='lat' dir='ltr'><strong>redacti,</strong></span> <span class='ocrx_word' id='word_1_437' title='bbox 3591 3018 3772 3073; x_wconf 84' lang='lat' dir='ltr'><strong>conli-</strong></span> 
     </span>
    </p>
   </div>
   <div class='ocr_carea' id='block_1_62' title="bbox 485 3107 2084 3194">
    <p class='ocr_par' dir='ltr' id='par_1_62' title="bbox 485 3114 2082 3190">
     <span class='ocr_line' id='line_1_62' title="bbox 485 3114 2082 3190; baseline -0.001 -20"><span class='ocrx_word' id='word_1_438' title='bbox 485 3117 588 3188; x_wconf 79' lang='grc' dir='ltr'>τήν</span> <span class='ocrx_word' id='word_1_439' title='bbox 626 3117 818 3170; x_wconf 89' lang='grc' dir='ltr'>θυσίαν</span> <span class='ocrx_word' id='word_1_440' title='bbox 881 3117 984 3188; x_wconf 77' lang='grc' dir='ltr'>τήν</span> <span class='ocrx_word' id='word_1_441' title='bbox 1021 3118 1112 3171; x_wconf 78' lang='grc' dir='ltr'>ἐπ’</span> <span class='ocrx_word' id='word_1_442' title='bbox 1151 3120 1290 3190; x_wconf 78' lang='grc' dir='ltr'>αὐτῇ</span> <span class='ocrx_word' id='word_1_443' title='bbox 1348 3117 1720 3189; x_wconf 87' lang='grc' dir='ltr'>παρανομίαν.</span> <span class='ocrx_word' id='word_1_444' title='bbox 1768 3115 1866 3169; x_wconf 82' lang='grc' dir='ltr'>Διὰ</span> <span class='ocrx_word' id='word_1_445' title='bbox 1883 3115 1941 3169; x_wconf 77' lang='grc' dir='ltr'>δὲ</span> <span class='ocrx_word' id='word_1_446' title='bbox 1963 3114 2082 3179; x_wconf 89' lang='grc' dir='ltr'>τοῦ,</span> 
     </span>
    </p>
   </div>
   <div class='ocr_carea' id='block_1_63' title="bbox 2180 3107 3765 3194">
    <p class='ocr_par' dir='ltr' id='par_1_63' title="bbox 2187 3107 3765 3184">
     <span class='ocr_line' id='line_1_63' title="bbox 2187 3107 3765 3184; baseline -0.006 -14"><span class='ocrx_word' id='word_1_447' title='bbox 2187 3114 2343 3170; x_wconf 91' lang='lat' dir='ltr'><strong>ciunt</strong></span> <span class='ocrx_word' id='word_1_448' title='bbox 2373 3131 2470 3171; x_wconf 80' lang='lat' dir='ltr'><strong>sex</strong></span> <span class='ocrx_word' id='word_1_449' title='bbox 2510 3129 2751 3184; x_wconf 79' lang='lat' dir='ltr'><strong>menses,</strong></span> <span class='ocrx_word' id='word_1_450' title='bbox 2803 3125 2861 3172; x_wconf 86' lang='lat' dir='ltr'>et</span> <span class='ocrx_word' id='word_1_451' title='bbox 2913 3130 3090 3172; x_wconf 90' lang='lat' dir='ltr'><strong>annos</strong></span> <span class='ocrx_word' id='word_1_452' title='bbox 3148 3112 3404 3176; x_wconf 91' lang='lat' dir='ltr'><strong>totidem,</strong></span> <span class='ocrx_word' id='word_1_453' title='bbox 3456 3107 3765 3166; x_wconf 90' lang='lat' dir='ltr'><strong>secundum</strong></span> 
     </span>
    </p>
   </div>
   <div class='ocr_carea' id='block_1_64' title="bbox 486 3199 2084 3280">
    <p class='ocr_par' dir='ltr' id='par_1_64' title="bbox 486 3199 2074 3280">
     <span class='ocr_line' id='line_1_64' title="bbox 486 3199 2074 3280; baseline -0.001 -19"><span class='ocrx_word' id='word_1_454' title='bbox 486 3199 726 3280; x_wconf 75' lang='grc' dir='ltr'>Ἐρρίφη</span> <span class='ocrx_word' id='word_1_455' title='bbox 747 3210 926 3279; x_wconf 80' lang='grc' dir='ltr'>χαμαὶ</span> <span class='ocrx_word' id='word_1_456' title='bbox 952 3209 1292 3280; x_wconf 80' lang='grc' dir='ltr'>δικαιοσύνη,</span> <span class='ocrx_word' id='word_1_457' title='bbox 1327 3209 1362 3279; x_wconf 80' lang='grc' dir='ltr'><strong>ἡ</strong></span> <span class='ocrx_word' id='word_1_458' title='bbox 1382 3208 1492 3262; x_wconf 90' lang='grc' dir='ltr'>τῶν</span> <span class='ocrx_word' id='word_1_459' title='bbox 1523 3207 1772 3278; x_wconf 90' lang='grc' dir='ltr'>νομίμων</span> <span class='ocrx_word' id='word_1_460' title='bbox 1797 3207 2074 3278; x_wconf 82' lang='grc' dir='ltr'>ἀθέτησις,</span> 
     </span>
    </p>
   </div>
   <div class='ocr_carea' id='block_1_65' title="bbox 2180 3199 3772 3280">
    <p class='ocr_par' dir='ltr' id='par_1_65' title="bbox 2182 3201 3772 3276">
     <span class='ocr_line' id='line_1_65' title="bbox 2182 3201 3772 3276; baseline -0.005 -12"><span class='ocrx_word' id='word_1_461' title='bbox 2182 3207 2457 3264; x_wconf 90' lang='lat' dir='ltr'><strong>calculum</strong></span> <span class='ocrx_word' id='word_1_462' title='bbox 2481 3207 2856 3264; x_wconf 65' lang='lat' dir='ltr'><strong>Hebraeorum.</strong></span> <span class='ocrx_word' id='word_1_463' title='bbox 2889 3208 3025 3264; x_wconf 90' lang='lat' dir='ltr'><strong>Nam</strong></span> <span class='ocrx_word' id='word_1_464' title='bbox 3066 3206 3258 3262; x_wconf 90' lang='lat' dir='ltr'><strong>tandiu</strong></span> <span class='ocrx_word' id='word_1_465' title='bbox 3287 3201 3772 3276; x_wconf 89' lang='lat' dir='ltr'><strong>viguitcalamitas</strong></span> 
     </span>
    </p>
   </div>
   <div class='ocr_carea' id='block_1_66' title="bbox 490 3293 2084 3370">
    <p class='ocr_par' dir='ltr' id='par_1_66' title="bbox 490 3296 2077 3370">
     <span class='ocr_line' id='line_1_66' title="bbox 490 3296 2077 3370; baseline 0 -19"><span class='ocrx_word' id='word_1_466' title='bbox 490 3300 587 3352; x_wconf 76' lang='grc' dir='ltr'>καὶ</span> <span class='ocrx_word' id='word_1_467' title='bbox 612 3300 662 3352; x_wconf 83' lang='grc' dir='ltr'>οἱ</span> <span class='ocrx_word' id='word_1_468' title='bbox 724 3299 901 3354; x_wconf 74' lang='grc' dir='ltr'>ἄδικοι</span> <span class='ocrx_word' id='word_1_469' title='bbox 965 3298 1121 3370; x_wconf 80' lang='grc' dir='ltr'>φόνοι</span> <span class='ocrx_word' id='word_1_470' title='bbox 1174 3298 1467 3370; x_wconf 83' lang='grc' dir='ltr'>δηλοῦνται</span> <span class='ocrx_word' id='word_1_471' title='bbox 1508 3296 1620 3351; x_wconf 89' lang='grc' dir='ltr'>τῶν</span> <span class='ocrx_word' id='word_1_472' title='bbox 1682 3297 1952 3367; x_wconf 78' lang='grc' dir='ltr'>ἀσεϐῆσαι</span> <span class='ocrx_word' id='word_1_473' title='bbox 1999 3297 2077 3368; x_wconf 76' lang='grc' dir='ltr'>μὴ</span> 
     </span>
    </p>
   </div>
   <div class='ocr_carea' id='block_1_67' title="bbox 2180 3293 3768 3370">
    <p class='ocr_par' dir='ltr' id='par_1_67' title="bbox 2185 3293 3768 3358">
     <span class='ocr_line' id='line_1_67' title="bbox 2185 3293 3768 3358; baseline -0.004 -4"><span class='ocrx_word' id='word_1_474' title='bbox 2185 3298 2393 3355; x_wconf 67' lang='lat' dir='ltr'><strong>Judteis</strong></span> <span class='ocrx_word' id='word_1_475' title='bbox 2447 3299 2515 3355; x_wconf 94' lang='lat' dir='ltr'>ad</span> <span class='ocrx_word' id='word_1_476' title='bbox 2562 3301 2838 3356; x_wconf 83' lang='lat' dir='ltr'><strong>Antiocho</strong></span> <span class='ocrx_word' id='word_1_477' title='bbox 2900 3300 3070 3358; x_wconf 88' lang='lat' dir='ltr'><strong>illata.</strong></span> <span class='ocrx_word' id='word_1_478' title='bbox 3123 3299 3249 3354; x_wconf 67' lang='lat' dir='ltr'><strong>Haec</strong></span> <span class='ocrx_word' id='word_1_479' title='bbox 3295 3296 3507 3352; x_wconf 86' lang='lat' dir='ltr'><strong>Danieli</strong></span> <span class='ocrx_word' id='word_1_480' title='bbox 3558 3293 3768 3350; x_wconf 80' lang='lat' dir='ltr'><strong>intelli-</strong></span> 
     </span>
    </p>
   </div>
   <div class='ocr_carea' id='block_1_68' title="bbox 488 3389 2084 3462">
    <p class='ocr_par' dir='ltr' id='par_1_68' title="bbox 488 3389 2080 3462">
     <span class='ocr_line' id='line_1_68' title="bbox 488 3389 2080 3462; baseline 0.001 -19"><span class='ocrx_word' id='word_1_481' title='bbox 488 3391 974 3462; x_wconf 78' lang='grc' dir='ltr'>καταδεξαμένων.</span> <span class='ocrx_word' id='word_1_482' title='bbox 1050 3391 1216 3447; x_wconf 81' lang='grc' dir='ltr'>Ἀλλά</span> <span class='ocrx_word' id='word_1_483' title='bbox 1276 3394 1374 3446; x_wconf 77' lang='grc' dir='ltr'>καὶ</span> <span class='ocrx_word' id='word_1_484' title='bbox 1425 3390 1599 3446; x_wconf 91' lang='grc' dir='ltr'>ταῦτα</span> <span class='ocrx_word' id='word_1_485' title='bbox 1653 3390 1930 3462; x_wconf 80' lang='grc' dir='ltr'>πράττων,</span> <span class='ocrx_word' id='word_1_486' title='bbox 1983 3389 2080 3445; x_wconf 76' lang='grc' dir='ltr'>καὶ</span> 
     </span>
    </p>
   </div>
   <div class='ocr_carea' id='block_1_69' title="bbox 2180 3389 3770 3462">
    <p class='ocr_par' dir='ltr' id='par_1_69' title="bbox 2184 3390 3770 3462">
     <span class='ocr_line' id='line_1_69' title="bbox 2184 3390 3770 3462; baseline -0.004 -16"><span class='ocrx_word' id='word_1_487' title='bbox 2184 3405 2312 3461; x_wconf 79' lang='lat' dir='ltr'><strong>gere</strong></span> <span class='ocrx_word' id='word_1_488' title='bbox 2334 3391 2606 3462; x_wconf 88' lang='lat' dir='ltr'><strong>cupienti,</strong></span> <span class='ocrx_word' id='word_1_489' title='bbox 2665 3407 2698 3448; x_wconf 88' lang='lat' dir='ltr'>a</span> <span class='ocrx_word' id='word_1_490' title='bbox 2746 3391 3004 3449; x_wconf 87' lang='lat' dir='ltr'><strong>Gabriele</strong></span> <span class='ocrx_word' id='word_1_491' title='bbox 3057 3390 3390 3460; x_wconf 88' lang='lat' dir='ltr'><strong>archangelo</strong></span> <span class='ocrx_word' id='word_1_492' title='bbox 3423 3397 3554 3446; x_wconf 88' lang='lat' dir='ltr'><strong>sunt</strong></span> <span class='ocrx_word' id='word_1_493' title='bbox 3609 3399 3770 3441; x_wconf 87' lang='lat' dir='ltr'><strong>reve-</strong></span> 
     </span>
    </p>
   </div>
   <div class='ocr_carea' id='block_1_70' title="bbox 481 3480 2315 3551">
    <p class='ocr_par' dir='ltr' id='par_1_70' title="bbox 481 3480 2315 3551">
     <span class='ocr_line' id='line_1_70' title="bbox 481 3480 2315 3551; baseline 0.002 -17"><span class='ocrx_word' id='word_1_494' title='bbox 481 3480 661 3545; x_wconf 82' lang='grc' dir='ltr'>οῦτως</span> <span class='ocrx_word' id='word_1_495' title='bbox 716 3482 932 3536; x_wconf 88' lang='grc' dir='ltr'>ἀσεϐῶν</span> <span class='ocrx_word' id='word_1_496' title='bbox 967 3483 997 3536; x_wconf 98' lang='lat'>6</span> <span class='ocrx_word' id='word_1_497' title='bbox 1047 3483 1352 3551; x_wconf 83' lang='grc' dir='ltr'>Ἀντίοχος,</span> <span class='ocrx_word' id='word_1_498' title='bbox 1403 3481 1690 3546; x_wconf 82' lang='grc' dir='ltr'>εὐωδοῦτο,</span> <span class='ocrx_word' id='word_1_499' title='bbox 1717 3481 1906 3550; x_wconf 86' lang='grc' dir='ltr'>φησίν.</span> <span class='ocrx_word' id='word_1_500' title='bbox 1951 3481 2079 3533; x_wconf 73' lang='grc' dir='ltr'>Ἐπὶ</span> <span class='ocrx_word' id='word_1_501' title='bbox 2182 3482 2315 3537; x_wconf 89' lang='lat' dir='ltr'><strong>lata.</strong></span> 
     </span>
    </p>
   </div>
   <div class='ocr_carea' id='block_1_71' title="bbox 481 3568 3768 3649">
    <p class='ocr_par' dir='ltr' id='par_1_71' title="bbox 481 3568 3768 3649">
     <span class='ocr_line' id='line_1_71' title="bbox 481 3568 3768 3649; baseline -0.002 -20"><span class='ocrx_word' id='word_1_502' title='bbox 481 3574 696 3640; x_wconf 87' lang='grc' dir='ltr'>τούτοις</span> <span class='ocrx_word' id='word_1_503' title='bbox 722 3577 920 3646; x_wconf 72' lang='grc' dir='ltr'>ῑπάγει</span> <span class='ocrx_word' id='word_1_504' title='bbox 945 3577 974 3630; x_wconf 90' lang='lat'>6</span> <span class='ocrx_word' id='word_1_505' title='bbox 1007 3576 1229 3649; x_wconf 85' lang='grc' dir='ltr'>Δανιήλ·</span> <span class='ocrx_word' id='word_1_506' title='bbox 1269 3576 1380 3630; x_wconf 88' lang='lat' dir='ltr'>Kal</span> <span class='ocrx_word' id='word_1_507' title='bbox 1417 3571 1590 3629; x_wconf 74' lang='grc' dir='ltr'>εἶπεν</span> <span class='ocrx_word' id='word_1_508' title='bbox 1647 3568 1737 3641; x_wconf 79' lang='grc' dir='ltr'>εἷς</span> <span class='ocrx_word' id='word_1_509' title='bbox 1763 3573 1934 3644; x_wconf 73' lang='grc' dir='ltr'>ἅγιος</span> <span class='ocrx_word' id='word_1_510' title='bbox 1967 3573 2050 3639; x_wconf 82' lang='grc' dir='ltr'>τῷ</span> <span class='ocrx_word' id='word_1_511' title='bbox 2085 3575 2392 3644; x_wconf 68' lang='grc' dir='ltr'>Φελμουνί</span> <span class='ocrx_word' id='word_1_512' title='bbox 2425 3590 2441 3604; x_wconf 75' lang='grc' dir='ltr'><strong><em>ο</em></strong></span> <span class='ocrx_word' id='word_1_513' title='bbox 2477 3575 2631 3640; x_wconf 88' lang='grc' dir='ltr'>Ἕως</span> <span class='ocrx_word' id='word_1_514' title='bbox 2705 3577 2850 3631; x_wconf 82' lang='grc' dir='ltr'>πότε</span> <span class='ocrx_word' id='word_1_515' title='bbox 2882 3576 2922 3646; x_wconf 78' lang='grc' dir='ltr'><strong><em>ἠ</em></strong></span> <span class='ocrx_word' id='word_1_516' title='bbox 2962 3577 3174 3645; x_wconf 86' lang='grc' dir='ltr'>ὅρασις</span> <span class='ocrx_word' id='word_1_517' title='bbox 3211 3573 3530 3642; x_wconf 81' lang='grc' dir='ltr'>στήσεται,</span> <span class='ocrx_word' id='word_1_518' title='bbox 3580 3568 3682 3624; x_wconf 77' lang='grc' dir='ltr'>καί</span> <span class='ocrx_word' id='word_1_519' title='bbox 3729 3571 3768 3639; x_wconf 81' lang='grc' dir='ltr'><strong><em>ἠ</em></strong></span> 
     </span>
    </p>
   </div>
   <div class='ocr_carea' id='block_1_72' title="bbox 482 3659 3768 3739">
    <p class='ocr_par' dir='ltr' id='par_1_72' title="bbox 482 3659 3768 3739">
     <span class='ocr_line' id='line_1_72' title="bbox 482 3659 3768 3739; baseline -0.003 -15"><span class='ocrx_word' id='word_1_520' title='bbox 482 3669 668 3724; x_wconf 81' lang='grc' dir='ltr'>θυσία</span> <span class='ocrx_word' id='word_1_521' title='bbox 698 3671 735 3736; x_wconf 80' lang='grc' dir='ltr'>ή</span> <span class='ocrx_word' id='word_1_522' title='bbox 763 3668 1036 3736; x_wconf 80' lang='grc' dir='ltr'>ἀρθεῖσα,</span> <span class='ocrx_word' id='word_1_523' title='bbox 1085 3668 1186 3724; x_wconf 78' lang='grc' dir='ltr'>καὶ</span> <span class='ocrx_word' id='word_1_524' title='bbox 1219 3669 1258 3739; x_wconf 84' lang='grc' dir='ltr'>ή</span> <span class='ocrx_word' id='word_1_525' title='bbox 1297 3667 1554 3738; x_wconf 78' lang='grc' dir='ltr'>ἁμαρτία</span> <span class='ocrx_word' id='word_1_526' title='bbox 1574 3665 1684 3735; x_wconf 82' lang='grc' dir='ltr'>τῆς</span> <span class='ocrx_word' id='word_1_527' title='bbox 1713 3665 2067 3737; x_wconf 82' lang='grc' dir='ltr'>ἐρημώσεως</span> <span class='ocrx_word' id='word_1_528' title='bbox 2107 3667 2146 3735; x_wconf 78' lang='grc' dir='ltr'><em>ἡ</em></span> <span class='ocrx_word' id='word_1_529' title='bbox 2213 3667 2504 3734; x_wconf 86' lang='grc' dir='ltr'>δοθεῖσα;</span> <span class='ocrx_word' id='word_1_530' title='bbox 2560 3669 2668 3725; x_wconf 87' lang='lat' dir='ltr'><strong>Kal</strong></span> <span class='ocrx_word' id='word_1_531' title='bbox 2694 3666 2867 3723; x_wconf 78' lang='grc' dir='ltr'>εἷπεν</span> <span class='ocrx_word' id='word_1_532' title='bbox 2894 3666 3080 3734; x_wconf 76' lang='grc' dir='ltr'>αὐτῷ’</span> <span class='ocrx_word' id='word_1_533' title='bbox 3124 3664 3282 3732; x_wconf 81' lang='grc' dir='ltr'>Ἕως</span> <span class='ocrx_word' id='word_1_534' title='bbox 3345 3662 3610 3733; x_wconf 82' lang='grc' dir='ltr'>ἑσπέρας</span> <span class='ocrx_word' id='word_1_535' title='bbox 3662 3659 3768 3716; x_wconf 76' lang='grc' dir='ltr'>καί</span> 
     </span>
    </p>
   </div>
   <div class='ocr_carea' id='block_1_73' title="bbox 485 3758 3766 3834">
    <p class='ocr_par' dir='ltr' id='par_1_73' title="bbox 485 3758 3766 3834">
     <span class='ocr_line' id='line_1_73' title="bbox 485 3758 3766 3834; baseline -0.001 -22"><span class='ocrx_word' id='word_1_536' title='bbox 485 3759 662 3827; x_wconf 79' lang='grc' dir='ltr'>πρωῒ,</span> <span class='ocrx_word' id='word_1_537' title='bbox 687 3760 905 3830; x_wconf 75' lang='grc' dir='ltr'>’ἡμέραι</span> <span class='ocrx_word' id='word_1_538' title='bbox 936 3760 1235 3834; x_wconf 67' lang='grc' dir='ltr'>δισχίλιαι</span> <span class='ocrx_word' id='word_1_539' title='bbox 1285 3760 1384 3816; x_wconf 76' lang='grc' dir='ltr'>καί</span> <span class='ocrx_word' id='word_1_540' title='bbox 1421 3761 1778 3830; x_wconf 82' lang='grc' dir='ltr'>τριακόσιαι,</span> <span class='ocrx_word' id='word_1_541' title='bbox 1849 3758 1952 3814; x_wconf 79' lang='grc' dir='ltr'>καὶ</span> <span class='ocrx_word' id='word_1_542' title='bbox 2015 3761 2525 3831; x_wconf 76' lang='grc' dir='ltr'>καθαρισθήσεται</span> <span class='ocrx_word' id='word_1_543' title='bbox 2595 3763 2661 3817; x_wconf 84' lang='grc' dir='ltr'>τὸ</span> <span class='ocrx_word' id='word_1_544' title='bbox 2731 3763 2927 3834; x_wconf 77' lang='grc' dir='ltr'>ἅγιον.</span> <span class='ocrx_word' id='word_1_545' title='bbox 2979 3760 3314 3830; x_wconf 85' lang='grc' dir='ltr'>Ἀγωνιῶντι</span> <span class='ocrx_word' id='word_1_546' title='bbox 3367 3758 3443 3828; x_wconf 84' lang='grc' dir='ltr'>τῷ</span> <span class='ocrx_word' id='word_1_547' title='bbox 3503 3759 3766 3831; x_wconf 78' lang='grc' dir='ltr'>προφήτῃ</span> 
     </span>
    </p>
   </div>
   <div class='ocr_carea' id='block_1_74' title="bbox 485 3847 3764 3926">
    <p class='ocr_par' dir='ltr' id='par_1_74' title="bbox 485 3847 3764 3926">
     <span class='ocr_line' id='line_1_74' title="bbox 485 3847 3764 3926; baseline -0 -22"><span class='ocrx_word' id='word_1_548' title='bbox 485 3849 579 3904; x_wconf 79' lang='grc' dir='ltr'>διὰ</span> <span class='ocrx_word' id='word_1_549' title='bbox 620 3852 690 3904; x_wconf 87' lang='grc' dir='ltr'>τά</span> <span class='ocrx_word' id='word_1_550' title='bbox 721 3851 1000 3925; x_wconf 82' lang='grc' dir='ltr'>δρώμενα,</span> <span class='ocrx_word' id='word_1_551' title='bbox 1065 3851 1475 3926; x_wconf 71' lang='grc' dir='ltr'>ιπιπέμπονται</span> <span class='ocrx_word' id='word_1_552' title='bbox 1509 3851 1734 3922; x_wconf 76' lang='grc' dir='ltr'>ἄγγελοι</span> <span class='ocrx_word' id='word_1_553' title='bbox 1779 3851 2071 3923; x_wconf 84' lang='grc' dir='ltr'>δηλοῦντες</span> <span class='ocrx_word' id='word_1_554' title='bbox 2109 3851 2281 3925; x_wconf 78' lang='grc' dir='ltr'>αὐτῷ,</span> <span class='ocrx_word' id='word_1_555' title='bbox 2346 3852 2430 3908; x_wconf 88' lang='grc' dir='ltr'>ὅτι</span> <span class='ocrx_word' id='word_1_556' title='bbox 2490 3855 2642 3918; x_wconf 81' lang='grc' dir='ltr'>τέλος</span> <span class='ocrx_word' id='word_1_557' title='bbox 2667 3853 2852 3922; x_wconf 74' lang='grc' dir='ltr'>ἕξουσι</span> <span class='ocrx_word' id='word_1_558' title='bbox 2903 3853 2970 3908; x_wconf 90' lang='grc' dir='ltr'>τά</span> <span class='ocrx_word' id='word_1_559' title='bbox 2997 3852 3258 3923; x_wconf 82' lang='grc' dir='ltr'>δυσχερῆ,</span> <span class='ocrx_word' id='word_1_560' title='bbox 3292 3852 3388 3905; x_wconf 70' lang='grc' dir='ltr'>καὶ</span> <span class='ocrx_word' id='word_1_561' title='bbox 3417 3849 3512 3903; x_wconf 76' lang='grc' dir='ltr'>τὸν</span> <span class='ocrx_word' id='word_1_562' title='bbox 3565 3847 3764 3917; x_wconf 78' lang='grc' dir='ltr'>καιρὸν</span> 
     </span>
    </p>
   </div>
   <div class='ocr_carea' id='block_1_75' title="bbox 485 3941 3763 4021">
    <p class='ocr_par' dir='ltr' id='par_1_75' title="bbox 485 3941 3763 4021">
     <span class='ocr_line' id='line_1_75' title="bbox 485 3941 3763 4021; baseline -0.002 -20"><span class='ocrx_word' id='word_1_563' title='bbox 485 3947 838 4013; x_wconf 77' lang='grc' dir='ltr'>διδάσκοντες</span> <span class='ocrx_word' id='word_1_564' title='bbox 887 3947 988 4018; x_wconf 81' lang='grc' dir='ltr'>τῆς</span> <span class='ocrx_word' id='word_1_565' title='bbox 1049 3946 1232 4002; x_wconf 78' lang='grc' dir='ltr'>αὐτῶν</span> <span class='ocrx_word' id='word_1_566' title='bbox 1285 3945 1692 4018; x_wconf 82' lang='grc' dir='ltr'>παρελεύσεως.</span> <span class='ocrx_word' id='word_1_567' title='bbox 1746 3946 1861 4002; x_wconf 78' lang='lat' dir='ltr'>Kal</span> <span class='ocrx_word' id='word_1_568' title='bbox 1927 3945 2120 4018; x_wconf 78' lang='grc' dir='ltr'>ὴρώτα</span> <span class='ocrx_word' id='word_1_569' title='bbox 2157 3947 2346 4020; x_wconf 72' lang='grc' dir='ltr'>ἔτερος</span> <span class='ocrx_word' id='word_1_570' title='bbox 2404 3947 2498 4002; x_wconf 80' lang='grc' dir='ltr'>τὸν</span> <span class='ocrx_word' id='word_1_571' title='bbox 2527 3948 2736 4021; x_wconf 68' lang='grc' dir='ltr'>ἕτερον.</span> <span class='ocrx_word' id='word_1_572' title='bbox 2769 3947 2846 4002; x_wconf 86' lang='lat' dir='ltr'><strong><em>T6</em></strong></span> <span class='ocrx_word' id='word_1_573' title='bbox 2889 3947 3000 4018; x_wconf 85' lang='grc' dir='ltr'>γὰρ</span> <span class='ocrx_word' id='word_1_574' title='bbox 3039 3943 3312 4017; x_wconf 76' lang='grc' dir='ltr'>Φελμουνὶ</span> <span class='ocrx_word' id='word_1_575' title='bbox 3341 3941 3763 4014; x_wconf 76' lang='grc' dir='ltr'>ἐξελληνιζόμε-</span> 
     </span>
    </p>
   </div>
   <div class='ocr_carea' id='block_1_76' title="bbox 481 4035 3756 4114">
    <p class='ocr_par' dir='ltr' id='par_1_76' title="bbox 481 4035 3756 4114">
     <span class='ocr_line' id='line_1_76' title="bbox 481 4035 3756 4114; baseline -0.002 -19"><span class='ocrx_word' id='word_1_576' title='bbox 481 4058 598 4107; x_wconf 92' lang='grc' dir='ltr'>νον,</span> <span class='ocrx_word' id='word_1_577' title='bbox 629 4039 756 4094; x_wconf 74' lang='grc' dir='ltr'>τινὰ</span> <span class='ocrx_word' id='word_1_578' title='bbox 790 4038 1073 4111; x_wconf 85' lang='grc' dir='ltr'>σημαίνει.</span> <span class='ocrx_word' id='word_1_579' title='bbox 1111 4037 1329 4112; x_wconf 86' lang='grc' dir='ltr'>Ἦρώτα</span> <span class='ocrx_word' id='word_1_580' title='bbox 1358 4038 1417 4093; x_wconf 72' lang='grc' dir='ltr'>δὲ</span> <span class='ocrx_word' id='word_1_581' title='bbox 1447 4039 1546 4111; x_wconf 82' lang='grc' dir='ltr'>οὐχ</span> <span class='ocrx_word' id='word_1_582' title='bbox 1569 4039 1645 4104; x_wconf 84' lang='grc' dir='ltr'>ὡς</span> <span class='ocrx_word' id='word_1_583' title='bbox 1673 4037 1910 4108; x_wconf 85' lang='grc' dir='ltr'>ἀγνοῶν,</span> <span class='ocrx_word' id='word_1_584' title='bbox 1944 4039 2064 4094; x_wconf 81' lang='grc' dir='ltr'>ἀλλ’</span> <span class='ocrx_word' id='word_1_585' title='bbox 2105 4038 2194 4093; x_wconf 82' lang='grc' dir='ltr'>ῐνα</span> <span class='ocrx_word' id='word_1_586' title='bbox 2259 4039 2410 4114; x_wconf 81' lang='grc' dir='ltr'>μάθῃ</span> <span class='ocrx_word' id='word_1_587' title='bbox 2469 4041 2498 4094; x_wconf 93' lang='lat'>6</span> <span class='ocrx_word' id='word_1_588' title='bbox 2523 4039 2751 4111; x_wconf 88' lang='grc' dir='ltr'>Δανιήλ.</span> <span class='ocrx_word' id='word_1_589' title='bbox 2813 4039 2872 4092; x_wconf 89' lang='lat'>&#39;0</span> <span class='ocrx_word' id='word_1_590' title='bbox 2899 4037 2946 4092; x_wconf 82' lang='grc' dir='ltr'>δ’</span> <span class='ocrx_word' id='word_1_591' title='bbox 2985 4037 3344 4110; x_wconf 75' lang='grc' dir='ltr'>ἐρωτώμενος</span> <span class='ocrx_word' id='word_1_592' title='bbox 3393 4035 3756 4105; x_wconf 83' lang='grc' dir='ltr'>ἀπεκρίνατο’</span> 
     </span>
    </p>
   </div>
   <div class='ocr_carea' id='block_1_77' title="bbox 490 4127 3758 4205">
    <p class='ocr_par' dir='ltr' id='par_1_77' title="bbox 490 4127 3758 4205">
     <span class='ocr_line' id='line_1_77' title="bbox 490 4127 3758 4205; baseline -0.002 -17"><span class='ocrx_word' id='word_1_593' title='bbox 490 4133 731 4205; x_wconf 82' lang='grc' dir='ltr'>Ἡμέραι</span> <span class='ocrx_word' id='word_1_594' title='bbox 771 4132 1036 4203; x_wconf 87' lang='grc' dir='ltr'>δισχίλιαι</span> <span class='ocrx_word' id='word_1_595' title='bbox 1090 4133 1186 4186; x_wconf 76' lang='grc' dir='ltr'>καὶ</span> <span class='ocrx_word' id='word_1_596' title='bbox 1212 4131 1530 4202; x_wconf 86' lang='grc' dir='ltr'>τριακόσιαι</span> <span class='ocrx_word' id='word_1_597' title='bbox 1559 4132 1666 4197; x_wconf 77' lang='grc' dir='ltr'>ἕως</span> <span class='ocrx_word' id='word_1_598' title='bbox 1701 4133 1944 4203; x_wconf 77' lang='grc' dir='ltr'>ἑσπέρας</span> <span class='ocrx_word' id='word_1_599' title='bbox 2011 4132 2108 4188; x_wconf 75' lang='grc' dir='ltr'>καὶ</span> <span class='ocrx_word' id='word_1_600' title='bbox 2143 4134 2313 4204; x_wconf 73' lang='grc' dir='ltr'>πρωὶ,</span> <span class='ocrx_word' id='word_1_601' title='bbox 2352 4132 2448 4186; x_wconf 79' lang='grc' dir='ltr'>καὶ</span> <span class='ocrx_word' id='word_1_602' title='bbox 2517 4131 2991 4205; x_wconf 87' lang='grc' dir='ltr'>καθαρισθήσεται</span> <span class='ocrx_word' id='word_1_603' title='bbox 3039 4131 3103 4184; x_wconf 82' lang='grc' dir='ltr'>τὸ</span> <span class='ocrx_word' id='word_1_604' title='bbox 3148 4131 3325 4198; x_wconf 72' lang='grc' dir='ltr'>ἅγιον.</span> <span class='ocrx_word' id='word_1_605' title='bbox 3358 4127 3634 4198; x_wconf 82' lang='grc' dir='ltr'>Ἑσπέραν</span> <span class='ocrx_word' id='word_1_606' title='bbox 3655 4127 3758 4197; x_wconf 75' lang='grc' dir='ltr'>μὲν</span> 
     </span>
    </p>
   </div>
   <div class='ocr_carea' id='block_1_78' title="bbox 477 4220 3766 4298">
    <p class='ocr_par' dir='ltr' id='par_1_78' title="bbox 477 4220 3766 4298">
     <span class='ocr_line' id='line_1_78' title="bbox 477 4220 3766 4298; baseline -0.001 -18"><span class='ocrx_word' id='word_1_607' title='bbox 477 4225 576 4280; x_wconf 84' lang='grc' dir='ltr'>οῦν</span> <span class='ocrx_word' id='word_1_608' title='bbox 604 4225 835 4280; x_wconf 72' lang='grc' dir='ltr'>ἐκάλεσε</span> <span class='ocrx_word' id='word_1_609' title='bbox 879 4225 979 4294; x_wconf 84' lang='grc' dir='ltr'>τὴν</span> <span class='ocrx_word' id='word_1_610' title='bbox 1008 4225 1184 4297; x_wconf 79' lang='grc' dir='ltr'>ἀρχὴν</span> <span class='ocrx_word' id='word_1_611' title='bbox 1208 4224 1320 4280; x_wconf 87' lang='grc' dir='ltr'>τῶν</span> <span class='ocrx_word' id='word_1_612' title='bbox 1343 4225 1606 4298; x_wconf 87' lang='grc' dir='ltr'>ἀνιαρῶν,</span> <span class='ocrx_word' id='word_1_613' title='bbox 1643 4225 1798 4297; x_wconf 78' lang='grc' dir='ltr'>ήκαὶ</span> <span class='ocrx_word' id='word_1_614' title='bbox 1853 4225 1975 4280; x_wconf 83' lang='grc' dir='ltr'>ὅλον</span> <span class='ocrx_word' id='word_1_615' title='bbox 2035 4225 2128 4282; x_wconf 72' lang='grc' dir='ltr'>τὸν</span> <span class='ocrx_word' id='word_1_616' title='bbox 2164 4227 2358 4298; x_wconf 81' lang='grc' dir='ltr'>χρόνον</span> <span class='ocrx_word' id='word_1_617' title='bbox 2389 4225 2575 4280; x_wconf 81' lang='grc' dir='ltr'>αὐτῶν</span> <span class='ocrx_word' id='word_1_618' title='bbox 2607 4242 2622 4256; x_wconf 87' lang='grc'><strong>·</strong></span> <span class='ocrx_word' id='word_1_619' title='bbox 2668 4225 2830 4280; x_wconf 77' lang='grc' dir='ltr'>νυκτὶ</span> <span class='ocrx_word' id='word_1_620' title='bbox 2893 4227 3003 4296; x_wconf 81' lang='grc' dir='ltr'>γὰρ</span> <span class='ocrx_word' id='word_1_621' title='bbox 3051 4224 3148 4278; x_wconf 78' lang='grc' dir='ltr'>καὶ</span> <span class='ocrx_word' id='word_1_622' title='bbox 3204 4224 3382 4293; x_wconf 88' lang='grc' dir='ltr'>σκότῳ</span> <span class='ocrx_word' id='word_1_623' title='bbox 3421 4221 3492 4275; x_wconf 86' lang='grc' dir='ltr'>τά</span> <span class='ocrx_word' id='word_1_624' title='bbox 3543 4220 3766 4291; x_wconf 79' lang='grc' dir='ltr'>λυπηρά</span> 
     </span>
    </p>
   </div>
   <div class='ocr_carea' id='block_1_79' title="bbox 478 4311 3757 4392">
    <p class='ocr_par' dir='ltr' id='par_1_79' title="bbox 478 4311 3757 4392">
     <span class='ocr_line' id='line_1_79' title="bbox 478 4311 3757 4392; baseline -0 -19"><span class='ocrx_word' id='word_1_625' title='bbox 478 4321 625 4374; x_wconf 74' lang='grc' dir='ltr'>ἔοικε</span> <span class='ocrx_word' id='word_1_626' title='bbox 656 4337 671 4352; x_wconf 81' lang='grc'><em>’</em></span> <span class='ocrx_word' id='word_1_627' title='bbox 700 4318 851 4391; x_wconf 83' lang='grc' dir='ltr'>πρωῒ</span> <span class='ocrx_word' id='word_1_628' title='bbox 877 4319 936 4374; x_wconf 73' lang='grc' dir='ltr'>δὲ</span> <span class='ocrx_word' id='word_1_629' title='bbox 971 4318 1072 4390; x_wconf 81' lang='grc' dir='ltr'>τὴν</span> <span class='ocrx_word' id='word_1_630' title='bbox 1109 4319 1250 4391; x_wconf 87' lang='grc' dir='ltr'>μετά</span> <span class='ocrx_word' id='word_1_631' title='bbox 1301 4321 1402 4384; x_wconf 90' lang='grc' dir='ltr'>τάς</span> <span class='ocrx_word' id='word_1_632' title='bbox 1435 4321 1724 4392; x_wconf 75' lang='grc' dir='ltr'>συμφορὰς</span> <span class='ocrx_word' id='word_1_633' title='bbox 1777 4321 2064 4392; x_wconf 81' lang='grc' dir='ltr'>εἰρηναίαν</span> <span class='ocrx_word' id='word_1_634' title='bbox 2103 4323 2465 4377; x_wconf 84' lang='grc' dir='ltr'>κατάστασιν.</span> <span class='ocrx_word' id='word_1_635' title='bbox 2515 4321 2688 4375; x_wconf 91' lang='grc' dir='ltr'>Τοῦτο</span> <span class='ocrx_word' id='word_1_636' title='bbox 2725 4320 2911 4374; x_wconf 88' lang='grc' dir='ltr'>τοίνυν</span> <span class='ocrx_word' id='word_1_637' title='bbox 2965 4319 3250 4390; x_wconf 85' lang='grc' dir='ltr'>σημαίνει,</span> <span class='ocrx_word' id='word_1_638' title='bbox 3289 4318 3340 4372; x_wconf 84' lang='grc' dir='ltr'>δί</span> <span class='ocrx_word' id='word_1_639' title='bbox 3407 4311 3484 4373; x_wconf 82' lang='grc' dir='ltr'>ὧν</span> <span class='ocrx_word' id='word_1_640' title='bbox 3565 4335 3757 4388; x_wconf 85' lang='grc' dir='ltr'>φησιν,</span> 
     </span>
    </p>
   </div>
   <div class='ocr_carea' id='block_1_80' title="bbox 475 4411 3761 4488">
    <p class='ocr_par' dir='ltr' id='par_1_80' title="bbox 475 4411 3761 4488">
     <span class='ocr_line' id='line_1_80' title="bbox 475 4411 3761 4488; baseline -0.001 -20"><span class='ocrx_word' id='word_1_641' title='bbox 475 4415 564 4468; x_wconf 85' lang='grc' dir='ltr'>ὅτι</span> <span class='ocrx_word' id='word_1_642' title='bbox 586 4412 694 4468; x_wconf 80' lang='grc' dir='ltr'>ἀπὸ</span> <span class='ocrx_word' id='word_1_643' title='bbox 721 4413 824 4482; x_wconf 80' lang='grc' dir='ltr'>τῆς</span> <span class='ocrx_word' id='word_1_644' title='bbox 865 4412 977 4465; x_wconf 91' lang='grc' dir='ltr'>τῶν</span> <span class='ocrx_word' id='word_1_645' title='bbox 1001 4412 1190 4468; x_wconf 88' lang='grc' dir='ltr'>κακῶν</span> <span class='ocrx_word' id='word_1_646' title='bbox 1218 4415 1395 4486; x_wconf 82' lang='grc' dir='ltr'>ἀρχῆς</span> <span class='ocrx_word' id='word_1_647' title='bbox 1457 4414 1622 4486; x_wconf 84' lang='grc' dir='ltr'>μέχρι</span> <span class='ocrx_word' id='word_1_648' title='bbox 1667 4413 1856 4478; x_wconf 85' lang='grc' dir='ltr'>τέλους</span> <span class='ocrx_word' id='word_1_649' title='bbox 1889 4415 2068 4468; x_wconf 84' lang='grc' dir='ltr'>αὐτῶν</span> <span class='ocrx_word' id='word_1_650' title='bbox 2107 4416 2265 4479; x_wconf 87' lang='grc' dir='ltr'>τόσος</span> <span class='ocrx_word' id='word_1_651' title='bbox 2328 4415 2523 4488; x_wconf 76' lang='grc' dir='ltr'>καιρὸς</span> <span class='ocrx_word' id='word_1_652' title='bbox 2585 4414 3006 4487; x_wconf 80' lang='grc' dir='ltr'>παρελεύσεται.</span> <span class='ocrx_word' id='word_1_653' title='bbox 3037 4411 3549 4485; x_wconf 76' lang='grc' dir='ltr'>Δὶδὲήμέραιπρὸς</span> <span class='ocrx_word' id='word_1_654' title='bbox 3575 4413 3761 4467; x_wconf 79' lang='grc' dir='ltr'>ἐνιαυ-</span> 
     </span>
    </p>
   </div>
   <div class='ocr_carea' id='block_1_81' title="bbox 475 4501 3758 4578">
    <p class='ocr_par' dir='ltr' id='par_1_81' title="bbox 475 4501 3758 4578">
     <span class='ocr_line' id='line_1_81' title="bbox 475 4501 3758 4578; baseline 0 -19"><span class='ocrx_word' id='word_1_655' title='bbox 475 4504 606 4568; x_wconf 75' lang='grc' dir='ltr'>τοὺς</span> <span class='ocrx_word' id='word_1_656' title='bbox 653 4501 1062 4576; x_wconf 80' lang='grc' dir='ltr'>ἀριθμούμεναι</span> <span class='ocrx_word' id='word_1_657' title='bbox 1113 4503 1175 4572; x_wconf 81' lang='grc' dir='ltr'>ἒξ</span> <span class='ocrx_word' id='word_1_658' title='bbox 1212 4505 1540 4561; x_wconf 88' lang='grc' dir='ltr'>ἀποτελοῦσι</span> <span class='ocrx_word' id='word_1_659' title='bbox 1576 4505 1780 4577; x_wconf 83' lang='grc' dir='ltr'>μῆνας,</span> <span class='ocrx_word' id='word_1_660' title='bbox 1821 4507 1917 4560; x_wconf 71' lang='grc' dir='ltr'>καὶ</span> <span class='ocrx_word' id='word_1_661' title='bbox 1950 4506 2276 4578; x_wconf 83' lang='grc' dir='ltr'>ίσαρίθμους</span> <span class='ocrx_word' id='word_1_662' title='bbox 2341 4507 2650 4572; x_wconf 69' lang='grc' dir='ltr'>ἐνιαυτοὺς,</span> <span class='ocrx_word' id='word_1_663' title='bbox 2676 4507 2818 4561; x_wconf 79' lang='grc' dir='ltr'>κατά</span> <span class='ocrx_word' id='word_1_664' title='bbox 2862 4505 2964 4578; x_wconf 82' lang='grc' dir='ltr'>τὴν</span> <span class='ocrx_word' id='word_1_665' title='bbox 3038 4505 3148 4561; x_wconf 88' lang='grc' dir='ltr'>τῶν</span> <span class='ocrx_word' id='word_1_666' title='bbox 3231 4504 3506 4575; x_wconf 86' lang='grc' dir='ltr'>Ἐϐραίων</span> <span class='ocrx_word' id='word_1_667' title='bbox 3552 4503 3758 4574; x_wconf 81' lang='grc' dir='ltr'>ψῆφον.</span> 
     </span>
    </p>
   </div>
   <div class='ocr_carea' id='block_1_82' title="bbox 491 4597 3760 4674">
    <p class='ocr_par' dir='ltr' id='par_1_82' title="bbox 491 4597 3760 4674">
     <span class='ocr_line' id='line_1_82' title="bbox 491 4597 3760 4674; baseline -0.001 -19"><span class='ocrx_word' id='word_1_668' title='bbox 491 4600 618 4655; x_wconf 76' lang='grc' dir='ltr'>Ἐπὶ</span> <span class='ocrx_word' id='word_1_669' title='bbox 648 4597 910 4653; x_wconf 88' lang='grc' dir='ltr'>τοσοῦτον</span> <span class='ocrx_word' id='word_1_670' title='bbox 960 4599 1072 4670; x_wconf 86' lang='grc' dir='ltr'>γάρ</span> <span class='ocrx_word' id='word_1_671' title='bbox 1110 4599 1145 4669; x_wconf 89' lang='grc' dir='ltr'>ή</span> <span class='ocrx_word' id='word_1_672' title='bbox 1195 4600 1284 4652; x_wconf 69' lang='grc' dir='ltr'>ἐπ’</span> <span class='ocrx_word' id='word_1_673' title='bbox 1310 4599 1594 4670; x_wconf 84' lang='grc' dir='ltr'>Ἀντιόχου</span> <span class='ocrx_word' id='word_1_674' title='bbox 1646 4603 1760 4664; x_wconf 87' lang='grc' dir='ltr'>τοῖς</span> <span class='ocrx_word' id='word_1_675' title='bbox 1795 4600 2076 4664; x_wconf 82' lang='grc' dir='ltr'>Ἰουδαίοις</span> <span class='ocrx_word' id='word_1_676' title='bbox 2117 4601 2479 4672; x_wconf 80' lang='grc' dir='ltr'>ὲπενεχθεῖσα</span> <span class='ocrx_word' id='word_1_677' title='bbox 2542 4600 2804 4674; x_wconf 80' lang='grc' dir='ltr'>συμφορά</span> <span class='ocrx_word' id='word_1_678' title='bbox 2825 4598 3196 4672; x_wconf 72' lang='grc' dir='ltr'>ἐπεκράτησε.</span> <span class='ocrx_word' id='word_1_679' title='bbox 3228 4598 3416 4653; x_wconf 80' lang='grc' dir='ltr'>Ταῦτα</span> <span class='ocrx_word' id='word_1_680' title='bbox 3480 4597 3635 4668; x_wconf 81' lang='grc' dir='ltr'>παρὰ</span> <span class='ocrx_word' id='word_1_681' title='bbox 3665 4597 3760 4652; x_wconf 91' lang='grc' dir='ltr'>τοῦ</span> 
     </span>
    </p>
   </div>
   <div class='ocr_carea' id='block_1_83' title="bbox 477 4690 2303 4765">
    <p class='ocr_par' dir='ltr' id='par_1_83' title="bbox 477 4690 2303 4765">
     <span class='ocr_line' id='line_1_83' title="bbox 477 4690 2303 4765; baseline -0.001 -17"><span class='ocrx_word' id='word_1_682' title='bbox 477 4692 827 4764; x_wconf 84' lang='grc' dir='ltr'>ἀρχαγγέλου</span> <span class='ocrx_word' id='word_1_683' title='bbox 869 4691 1113 4764; x_wconf 79' lang='grc' dir='ltr'>Γαϐριὴλ</span> <span class='ocrx_word' id='word_1_684' title='bbox 1133 4690 1212 4760; x_wconf 88' lang='grc' dir='ltr'>τῷ</span> <span class='ocrx_word' id='word_1_685' title='bbox 1247 4692 1505 4764; x_wconf 80' lang='grc' dir='ltr'>προφήτῃ</span> <span class='ocrx_word' id='word_1_686' title='bbox 1533 4691 1788 4765; x_wconf 81' lang='grc' dir='ltr'>ζητοῦντι</span> <span class='ocrx_word' id='word_1_687' title='bbox 1806 4691 2024 4747; x_wconf 89' lang='grc' dir='ltr'>σύνεσιν</span> <span class='ocrx_word' id='word_1_688' title='bbox 2062 4693 2303 4765; x_wconf 76' lang='grc' dir='ltr'>ἐμυήθη.</span> 
     </span>
    </p>
   </div>
   <div class='ocr_carea' id='block_1_84' title="bbox 550 4781 2084 4857">
    <p class='ocr_par' dir='ltr' id='par_1_84' title="bbox 550 4782 2066 4857">
     <span class='ocr_line' id='line_1_84' title="bbox 550 4782 2066 4857; baseline 0 -17"><span class='ocrx_word' id='word_1_689' title='bbox 550 4785 630 4840; x_wconf 74' lang='grc' dir='ltr'>εν.</span> <span class='ocrx_word' id='word_1_690' title='bbox 666 4782 805 4840; x_wconf 80' lang='grc' dir='ltr'>Εἶτα</span> <span class='ocrx_word' id='word_1_691' title='bbox 843 4784 934 4839; x_wconf 81' lang='grc' dir='ltr'>διὰ</span> <span class='ocrx_word' id='word_1_692' title='bbox 992 4785 1094 4857; x_wconf 82' lang='grc' dir='ltr'>τήν</span> <span class='ocrx_word' id='word_1_693' title='bbox 1155 4785 1265 4840; x_wconf 88' lang='grc' dir='ltr'>τῶν</span> <span class='ocrx_word' id='word_1_694' title='bbox 1327 4784 1622 4857; x_wconf 82' lang='grc' dir='ltr'>ὁμοφύλων</span> <span class='ocrx_word' id='word_1_695' title='bbox 1665 4785 2066 4857; x_wconf 71' lang='grc' dir='ltr'>αἰχμαλωσίαν,</span> 
     </span>
    </p>
   </div>
   <div class='ocr_carea' id='block_1_85' title="bbox 2180 4781 3755 4857">
    <p class='ocr_par' dir='ltr' id='par_1_85' title="bbox 2245 4781 3755 4854">
     <span class='ocr_line' id='line_1_85' title="bbox 2245 4781 3755 4854; baseline -0.001 -12"><span class='ocrx_word' id='word_1_696' title='bbox 2245 4785 2340 4842; x_wconf 83' lang='lat' dir='ltr'>1X.</span> <span class='ocrx_word' id='word_1_697' title='bbox 2369 4785 2577 4842; x_wconf 88' lang='lat' dir='ltr'><strong>Deinde</strong></span> <span class='ocrx_word' id='word_1_698' title='bbox 2597 4785 2800 4842; x_wconf 91' lang='lat' dir='ltr'><strong>iterum</strong></span> <span class='ocrx_word' id='word_1_699' title='bbox 2827 4783 2932 4840; x_wconf 88' lang='lat' dir='ltr'>sub</span> <span class='ocrx_word' id='word_1_700' title='bbox 2960 4783 3124 4840; x_wconf 89' lang='lat' dir='ltr'><strong>Dario</strong></span> <span class='ocrx_word' id='word_1_701' title='bbox 3156 4783 3439 4840; x_wconf 79' lang='lat' dir='ltr'><strong>Medorum</strong></span> <span class='ocrx_word' id='word_1_702' title='bbox 3478 4781 3755 4854; x_wconf 82' lang='lat' dir='ltr'><strong>principe.</strong></span> 
     </span>
    </p>
   </div>
   <div class='ocr_carea' id='block_1_86' title="bbox 478 4877 2084 4955">
    <p class='ocr_par' dir='ltr' id='par_1_86' title="bbox 478 4877 2076 4951">
     <span class='ocr_line' id='line_1_86' title="bbox 478 4877 2076 4951; baseline 0.001 -19"><span class='ocrx_word' id='word_1_703' title='bbox 478 4877 576 4933; x_wconf 73' lang='grc' dir='ltr'>ἐπὶ</span> <span class='ocrx_word' id='word_1_704' title='bbox 618 4877 851 4948; x_wconf 81' lang='grc' dir='ltr'>Δαρείου</span> <span class='ocrx_word' id='word_1_705' title='bbox 890 4877 1057 4933; x_wconf 81' lang='grc' dir='ltr'>πάλιν</span> <span class='ocrx_word' id='word_1_706' title='bbox 1117 4877 1214 4932; x_wconf 89' lang='grc' dir='ltr'>τοῦ</span> <span class='ocrx_word' id='word_1_707' title='bbox 1269 4879 1475 4951; x_wconf 84' lang='grc' dir='ltr'>Μήδων</span> <span class='ocrx_word' id='word_1_708' title='bbox 1538 4880 1823 4951; x_wconf 74' lang='grc' dir='ltr'>ἄρχοντος,</span> <span class='ocrx_word' id='word_1_709' title='bbox 1860 4880 1920 4944; x_wconf 83' lang='grc' dir='ltr'>ὅς</span> <span class='ocrx_word' id='word_1_710' title='bbox 1977 4881 2076 4934; x_wconf 75' lang='grc' dir='ltr'>καὶ</span> 
     </span>
    </p>
   </div>
   <div class='ocr_carea' id='block_1_87' title="bbox 2180 4877 3756 4955">
    <p class='ocr_par' dir='ltr' id='par_1_87' title="bbox 2180 4877 3756 4955">
     <span class='ocr_line' id='line_1_87' title="bbox 2180 4877 3756 4955; baseline -0.003 -20"><span class='ocrx_word' id='word_1_711' title='bbox 2180 4879 2292 4955; x_wconf 87' lang='lat' dir='ltr'><strong>(qui</strong></span> <span class='ocrx_word' id='word_1_712' title='bbox 2317 4889 2374 4936; x_wconf 90' lang='lat' dir='ltr'>et</span> <span class='ocrx_word' id='word_1_713' title='bbox 2406 4878 2683 4952; x_wconf 80' lang='lat' dir='ltr'><strong>Cyaxares</strong></span> <span class='ocrx_word' id='word_1_714' title='bbox 2707 4888 2766 4935; x_wconf 90' lang='lat' dir='ltr'>et</span> <span class='ocrx_word' id='word_1_715' title='bbox 2803 4877 3129 4948; x_wconf 80' lang='lat' dir='ltr'><strong>Assuerus,)</strong></span> <span class='ocrx_word' id='word_1_716' title='bbox 3157 4877 3411 4948; x_wconf 80' lang='lat' dir='ltr'><strong>Astyagis</strong></span> <span class='ocrx_word' id='word_1_717' title='bbox 3447 4877 3584 4939; x_wconf 82' lang='lat' dir='ltr'><strong>lilio,</strong></span> <span class='ocrx_word' id='word_1_718' title='bbox 3616 4877 3756 4932; x_wconf 90' lang='lat' dir='ltr'><strong>Pro-</strong></span> 
     </span>
    </p>
   </div>
   <div class='ocr_carea' id='block_1_88' title="bbox 484 4967 2084 5043">
    <p class='ocr_par' dir='ltr' id='par_1_88' title="bbox 484 4967 2076 5041">
     <span class='ocr_line' id='line_1_88' title="bbox 484 4967 2076 5041; baseline 0.001 -19"><span class='ocrx_word' id='word_1_719' title='bbox 484 4967 786 5038; x_wconf 79' lang='grc' dir='ltr'>Κυαξάρης</span> <span class='ocrx_word' id='word_1_720' title='bbox 839 4968 1149 5038; x_wconf 87' lang='grc' dir='ltr'>ώνόμαστο,</span> <span class='ocrx_word' id='word_1_721' title='bbox 1195 4969 1317 5023; x_wconf 68' lang='grc' dir='ltr'>καὶ.¹</span> <span class='ocrx_word' id='word_1_722' title='bbox 1355 4967 1680 5041; x_wconf 79' lang='grc' dir='ltr'>Ἀσούηρος,</span> <span class='ocrx_word' id='word_1_723' title='bbox 1743 4970 2076 5040; x_wconf 80' lang='grc' dir='ltr'>Ἀστυάγους</span> 
     </span>
    </p>
   </div>
   <div class='ocr_carea' id='block_1_89' title="bbox 2180 4967 3753 5043">
    <p class='ocr_par' dir='ltr' id='par_1_89' title="bbox 2180 4969 3753 5043">
     <span class='ocr_line' id='line_1_89' title="bbox 2180 4969 3753 5043; baseline -0.001 -16"><span class='ocrx_word' id='word_1_724' title='bbox 2180 4972 2396 5043; x_wconf 88' lang='lat' dir='ltr'><strong>phetam</strong></span> <span class='ocrx_word' id='word_1_725' title='bbox 2427 4971 2777 5043; x_wconf 87' lang='lat' dir='ltr'><strong>popularium</strong></span> <span class='ocrx_word' id='word_1_726' title='bbox 2823 4985 3052 5026; x_wconf 86' lang='lat' dir='ltr'><strong>suorum</strong></span> <span class='ocrx_word' id='word_1_727' title='bbox 3111 4969 3488 5040; x_wconf 86' lang='lat' dir='ltr'><strong>captivitatem</strong></span> <span class='ocrx_word' id='word_1_728' title='bbox 3539 4970 3753 5025; x_wconf 89' lang='lat' dir='ltr'><strong>lamen-</strong></span> 
     </span>
    </p>
   </div>
   <div class='ocr_carea' id='block_1_90' title="bbox 479 5055 2084 5133">
    <p class='ocr_par' dir='ltr' id='par_1_90' title="bbox 479 5055 2072 5130">
     <span class='ocr_line' id='line_1_90' title="bbox 479 5055 2072 5130; baseline 0.002 -18"><span class='ocrx_word' id='word_1_729' title='bbox 479 5058 557 5112; x_wconf 84' lang='grc' dir='ltr'>ὢν</span> <span class='ocrx_word' id='word_1_730' title='bbox 593 5059 733 5123; x_wconf 77' lang='grc' dir='ltr'>υἱὸς,</span> <span class='ocrx_word' id='word_1_731' title='bbox 759 5055 856 5110; x_wconf 88' lang='grc' dir='ltr'>τοῦ</span> <span class='ocrx_word' id='word_1_732' title='bbox 907 5057 1195 5128; x_wconf 80' lang='grc' dir='ltr'>προφήτου</span> <span class='ocrx_word' id='word_1_733' title='bbox 1258 5057 1614 5130; x_wconf 83' lang='grc' dir='ltr'>θρηνοῦντος,</span> <span class='ocrx_word' id='word_1_734' title='bbox 1673 5059 1772 5114; x_wconf 85' lang='grc' dir='ltr'>καὶ</span> <span class='ocrx_word' id='word_1_735' title='bbox 1803 5060 1900 5114; x_wconf 88' lang='grc' dir='ltr'>τοῦ</span> <span class='ocrx_word' id='word_1_736' title='bbox 1934 5061 2072 5115; x_wconf 89' lang='grc' dir='ltr'>Θεοῦ</span> 
     </span>
    </p>
   </div>
   <div class='ocr_carea' id='block_1_91' title="bbox 2180 5055 3752 5133">
    <p class='ocr_par' dir='ltr' id='par_1_91' title="bbox 2180 5060 3752 5133">
     <span class='ocr_line' id='line_1_91' title="bbox 2180 5060 3752 5133; baseline -0.002 -14"><span class='ocrx_word' id='word_1_737' title='bbox 2180 5073 2403 5130; x_wconf 81' lang='lat' dir='ltr'><strong>tantem,</strong></span> <span class='ocrx_word' id='word_1_738' title='bbox 2457 5073 2515 5119; x_wconf 91' lang='lat' dir='ltr'>et</span> <span class='ocrx_word' id='word_1_739' title='bbox 2541 5064 2720 5119; x_wconf 89' lang='lat' dir='ltr'><strong>Deum</strong></span> <span class='ocrx_word' id='word_1_740' title='bbox 2767 5061 3180 5133; x_wconf 90' lang='lat' dir='ltr'><strong>deprecantem,</strong></span> <span class='ocrx_word' id='word_1_741' title='bbox 3211 5061 3394 5132; x_wconf 80' lang='lat' dir='ltr'><strong>attigit</strong></span> <span class='ocrx_word' id='word_1_742' title='bbox 3419 5061 3502 5115; x_wconf 91' lang='lat' dir='ltr'>vir</span> <span class='ocrx_word' id='word_1_743' title='bbox 3527 5060 3752 5130; x_wconf 90' lang='lat' dir='ltr'><strong>quidam</strong></span> 
     </span>
    </p>
   </div>
   <div class='ocr_carea' id='block_1_92' title="bbox 477 5142 2084 5226">
    <p class='ocr_par' dir='ltr' id='par_1_92' title="bbox 477 5142 2074 5223">
     <span class='ocr_line' id='line_1_92' title="bbox 477 5142 2074 5223; baseline 0.002 -19"><span class='ocrx_word' id='word_1_744' title='bbox 477 5149 768 5221; x_wconf 83' lang='grc' dir='ltr'>δεομένου,</span> <span class='ocrx_word' id='word_1_745' title='bbox 796 5149 979 5220; x_wconf 77' lang='grc' dir='ltr'>ἣψατό</span> <span class='ocrx_word' id='word_1_746' title='bbox 997 5167 1085 5214; x_wconf 89' lang='grc' dir='ltr'>τις</span> <span class='ocrx_word' id='word_1_747' title='bbox 1107 5149 1271 5221; x_wconf 84' lang='grc' dir='ltr'>ἀνήρ,</span> <span class='ocrx_word' id='word_1_748' title='bbox 1290 5142 1334 5219; x_wconf 83' lang='grc' dir='ltr'>ᾧ</span> <span class='ocrx_word' id='word_1_749' title='bbox 1351 5150 1523 5222; x_wconf 79' lang='grc' dir='ltr'>ὄνομα</span> <span class='ocrx_word' id='word_1_750' title='bbox 1559 5151 1824 5222; x_wconf 85' lang='grc' dir='ltr'>Γαϐριήλ.</span> <span class='ocrx_word' id='word_1_751' title='bbox 1857 5151 2074 5223; x_wconf 80' lang='grc' dir='ltr'>Ἥψατο</span> 
     </span>
    </p>
   </div>
   <div class='ocr_carea' id='block_1_93' title="bbox 2180 5142 3751 5226">
    <p class='ocr_par' dir='ltr' id='par_1_93' title="bbox 2180 5150 3751 5226">
     <span class='ocr_line' id='line_1_93' title="bbox 2180 5150 3751 5226; baseline -0.004 -16"><span class='ocrx_word' id='word_1_752' title='bbox 2180 5157 2391 5211; x_wconf 78' lang='lat' dir='ltr'><strong>nomine</strong></span> <span class='ocrx_word' id='word_1_753' title='bbox 2424 5154 2670 5210; x_wconf 88' lang='lat' dir='ltr'><strong>Gabriel.</strong></span> <span class='ocrx_word' id='word_1_754' title='bbox 2710 5154 2912 5226; x_wconf 78' lang='lat' dir='ltr'><strong>Attigit</strong></span> <span class='ocrx_word' id='word_1_755' title='bbox 2947 5160 3133 5208; x_wconf 90' lang='lat' dir='ltr'><strong>autem</strong></span> <span class='ocrx_word' id='word_1_756' title='bbox 3161 5151 3266 5206; x_wconf 89' lang='lat' dir='ltr'>sub</span> <span class='ocrx_word' id='word_1_757' title='bbox 3297 5161 3514 5219; x_wconf 86' lang='lat' dir='ltr'><strong>tempus</strong></span> <span class='ocrx_word' id='word_1_758' title='bbox 3539 5150 3751 5205; x_wconf 77' lang='lat' dir='ltr'><strong>sacriﬁ-</strong></span> 
     </span>
    </p>
   </div>
   <div class='ocr_carea' id='block_1_94' title="bbox 477 5239 2068 5314">
    <p class='ocr_par' dir='ltr' id='par_1_94' title="bbox 477 5239 2068 5314">
     <span class='ocr_line' id='line_1_94' title="bbox 477 5239 2068 5314; baseline 0.001 -17"><span class='ocrx_word' id='word_1_759' title='bbox 477 5242 537 5297; x_wconf 73' lang='grc' dir='ltr'>δὶ</span> <span class='ocrx_word' id='word_1_760' title='bbox 568 5240 740 5296; x_wconf 86' lang='grc' dir='ltr'>αὐτοῦ</span> <span class='ocrx_word' id='word_1_761' title='bbox 771 5241 910 5295; x_wconf 71' lang='grc' dir='ltr'>ὡσεὶ⁵</span> <span class='ocrx_word' id='word_1_762' title='bbox 949 5242 1104 5312; x_wconf 87' lang='grc' dir='ltr'>ῶραν</span> <span class='ocrx_word' id='word_1_763' title='bbox 1133 5239 1328 5305; x_wconf 85' lang='grc' dir='ltr'>θυσίας</span> <span class='ocrx_word' id='word_1_764' title='bbox 1349 5242 1664 5313; x_wconf 80' lang='grc' dir='ltr'>ἐσπερινῆς,</span> <span class='ocrx_word' id='word_1_765' title='bbox 1697 5242 1731 5314; x_wconf 80' lang='grc' dir='ltr'>ἢ</span> <span class='ocrx_word' id='word_1_766' title='bbox 1782 5243 1926 5297; x_wconf 84' lang='grc' dir='ltr'>κατὰ</span> <span class='ocrx_word' id='word_1_767' title='bbox 1973 5243 2068 5298; x_wconf 84' lang='grc' dir='ltr'>τὸν</span> 
     </span>
    </p>
   </div>
   <div class='ocr_carea' id='block_1_95' title="bbox 479 5334 2070 5407">
    <p class='ocr_par' dir='ltr' id='par_1_95' title="bbox 479 5334 2070 5407">
     <span class='ocr_line' id='line_1_95' title="bbox 479 5334 2070 5407; baseline 0.002 -19"><span class='ocrx_word' id='word_1_768' title='bbox 479 5335 677 5407; x_wconf 79' lang='grc' dir='ltr'>καιρὸν</span> <span class='ocrx_word' id='word_1_769' title='bbox 713 5335 813 5403; x_wconf 78' lang='grc' dir='ltr'>τῆς</span> <span class='ocrx_word' id='word_1_770' title='bbox 858 5336 918 5388; x_wconf 79' lang='grc' dir='ltr'>ὲν</span> <span class='ocrx_word' id='word_1_771' title='bbox 970 5334 1185 5405; x_wconf 77' lang='grc' dir='ltr'>ἑσπέρᾳ</span> <span class='ocrx_word' id='word_1_772' title='bbox 1237 5334 1519 5406; x_wconf 88' lang='grc' dir='ltr'>λατρείας,</span> <span class='ocrx_word' id='word_1_773' title='bbox 1563 5335 1596 5402; x_wconf 83' lang='grc' dir='ltr'><strong>ἢ</strong></span> <span class='ocrx_word' id='word_1_774' title='bbox 1656 5335 1752 5388; x_wconf 75' lang='grc' dir='ltr'>ἐπὶ</span> <span class='ocrx_word' id='word_1_775' title='bbox 1792 5335 2070 5407; x_wconf 85' lang='grc' dir='ltr'>τοσαύτην</span> 
     </span>
    </p>
   </div>
   <div class='ocr_carea' id='block_1_96' title="bbox 475 5425 2069 5498">
    <p class='ocr_par' dir='ltr' id='par_1_96' title="bbox 475 5425 2069 5498">
     <span class='ocr_line' id='line_1_96' title="bbox 475 5425 2069 5498; baseline 0.003 -19"><span class='ocrx_word' id='word_1_776' title='bbox 475 5425 628 5498; x_wconf 81' lang='grc' dir='ltr'>ῶραν</span> <span class='ocrx_word' id='word_1_777' title='bbox 661 5425 747 5496; x_wconf 75' lang='grc' dir='ltr'>ἐφ’</span> <span class='ocrx_word' id='word_1_778' title='bbox 792 5427 927 5494; x_wconf 84' lang='grc' dir='ltr'>ὅσην</span> <span class='ocrx_word' id='word_1_779' title='bbox 979 5427 1013 5496; x_wconf 87' lang='grc' dir='ltr'>ή</span> <span class='ocrx_word' id='word_1_780' title='bbox 1057 5425 1326 5497; x_wconf 82' lang='grc' dir='ltr'>ὲσπερινή</span> <span class='ocrx_word' id='word_1_781' title='bbox 1372 5425 1612 5480; x_wconf 75' lang='grc' dir='ltr'>ἐτελεῖτο</span> <span class='ocrx_word' id='word_1_782' title='bbox 1656 5426 1926 5498; x_wconf 65' lang='grc' dir='ltr'>λατρεία.ξ</span> <span class='ocrx_word' id='word_1_783' title='bbox 1956 5429 2069 5482; x_wconf 81' lang='lat' dir='ltr'>Kal</span> 
     </span>
    </p>
   </div>
   <div class='ocr_carea' id='block_1_97' title="bbox 475 5512 2072 5587">
    <p class='ocr_par' dir='ltr' id='par_1_97' title="bbox 475 5512 2072 5587">
     <span class='ocr_line' id='line_1_97' title="bbox 475 5512 2072 5587; baseline 0.001 -16"><span class='ocrx_word' id='word_1_784' title='bbox 475 5512 599 5571; x_wconf 77' lang='grc' dir='ltr'>εἷπε</span> <span class='ocrx_word' id='word_1_785' title='bbox 624 5517 704 5587; x_wconf 85' lang='grc' dir='ltr'>τῷ</span> <span class='ocrx_word' id='word_1_786' title='bbox 720 5517 944 5585; x_wconf 82' lang='grc' dir='ltr'>Δανιὴλ·</span> <span class='ocrx_word' id='word_1_787' title='bbox 972 5517 1105 5571; x_wconf 75' lang='grc' dir='ltr'>Νῦν</span> <span class='ocrx_word' id='word_1_788' title='bbox 1126 5517 1391 5585; x_wconf 74' lang='grc' dir='ltr'>ἐξῆλθον</span> <span class='ocrx_word' id='word_1_789' title='bbox 1408 5517 1777 5586; x_wconf 79' lang='grc' dir='ltr'>συμϐιϐάσαι</span> <span class='ocrx_word' id='word_1_790' title='bbox 1795 5533 1893 5573; x_wconf 89' lang='grc' dir='ltr'>σοι</span> <span class='ocrx_word' id='word_1_791' title='bbox 1921 5520 2072 5573; x_wconf 80' lang='grc' dir='ltr'>σύν-</span> 
     </span>
    </p>
   </div>
   <div class='ocr_carea' id='block_1_98' title="bbox 471 5607 2079 5681">
    <p class='ocr_par' dir='ltr' id='par_1_98' title="bbox 471 5607 2079 5681">
     <span class='ocr_line' id='line_1_98' title="bbox 471 5607 2079 5681; baseline 0.002 -17"><span class='ocrx_word' id='word_1_792' title='bbox 471 5626 633 5676; x_wconf 76' lang='grc' dir='ltr'>εσιν,</span> <span class='ocrx_word' id='word_1_793' title='bbox 664 5611 764 5664; x_wconf 73' lang='grc' dir='ltr'>καὶ</span> <span class='ocrx_word' id='word_1_794' title='bbox 787 5610 1141 5681; x_wconf 76' lang='grc' dir='ltr'>ἀναγγεῖλαί</span> <span class='ocrx_word' id='word_1_795' title='bbox 1173 5627 1295 5676; x_wconf 91' lang='grc' dir='ltr'>σοι,</span> <span class='ocrx_word' id='word_1_796' title='bbox 1321 5609 1414 5665; x_wconf 81' lang='grc' dir='ltr'>ὅτι</span> <span class='ocrx_word' id='word_1_797' title='bbox 1457 5611 1616 5680; x_wconf 77' lang='grc' dir='ltr'>ἀνὴρ</span> <span class='ocrx_word' id='word_1_798' title='bbox 1656 5610 1985 5681; x_wconf 79' lang='grc' dir='ltr'>ἐπιθυμιῶν</span> <span class='ocrx_word' id='word_1_799' title='bbox 2017 5607 2079 5667; x_wconf 77' lang='grc' dir='ltr'>εἴ</span> 
     </span>
    </p>
   </div>
   <div class='ocr_carea' id='block_1_99' title="bbox 473 5700 2070 5772">
    <p class='ocr_par' dir='ltr' id='par_1_99' title="bbox 473 5700 2070 5772">
     <span class='ocr_line' id='line_1_99' title="bbox 473 5700 2070 5772; baseline 0.001 -18"><span class='ocrx_word' id='word_1_800' title='bbox 473 5701 578 5754; x_wconf 82' lang='grc' dir='ltr'>σύ.</span> <span class='ocrx_word' id='word_1_801' title='bbox 604 5700 719 5756; x_wconf 88' lang='lat' dir='ltr'>Kal</span> <span class='ocrx_word' id='word_1_802' title='bbox 746 5701 1070 5768; x_wconf 79' lang='grc' dir='ltr'>ἐννοήθητι</span> <span class='ocrx_word' id='word_1_803' title='bbox 1089 5700 1254 5767; x_wconf 78' lang='grc' dir='ltr'>ἐντῷ</span> <span class='ocrx_word' id='word_1_804' title='bbox 1269 5701 1510 5772; x_wconf 78' lang='grc' dir='ltr'>ῥήματι,</span> <span class='ocrx_word' id='word_1_805' title='bbox 1533 5701 1630 5756; x_wconf 76' lang='grc' dir='ltr'>καί</span> <span class='ocrx_word' id='word_1_806' title='bbox 1649 5703 1839 5768; x_wconf 56' lang='lat' dir='ltr'>mm;</span> <span class='ocrx_word' id='word_1_807' title='bbox 1880 5703 1952 5756; x_wconf 81' lang='grc' dir='ltr'>ὲν</span> <span class='ocrx_word' id='word_1_808' title='bbox 1994 5702 2070 5770; x_wconf 79' lang='grc' dir='ltr'>τῇ</span> 
     </span>
    </p>
   </div>
   <div class='ocr_carea' id='block_1_100' title="bbox 471 5791 2072 5866">
    <p class='ocr_par' dir='ltr' id='par_1_100' title="bbox 471 5791 2072 5866">
     <span class='ocr_line' id='line_1_100' title="bbox 471 5791 2072 5866; baseline 0.001 -20"><span class='ocrx_word' id='word_1_809' title='bbox 471 5791 900 5859; x_wconf 77' lang='grc' dir='ltr'>ὀπτασίᾳοάντὶ</span> <span class='ocrx_word' id='word_1_810' title='bbox 925 5791 1038 5858; x_wconf 86' lang='grc' dir='ltr'>τοῦ,</span> <span class='ocrx_word' id='word_1_811' title='bbox 1080 5792 1353 5865; x_wconf 83' lang='grc' dir='ltr'>Ἀκριϐῶς</span> <span class='ocrx_word' id='word_1_812' title='bbox 1379 5793 1616 5865; x_wconf 84' lang='grc' dir='ltr'>πρόσχες</span> <span class='ocrx_word' id='word_1_813' title='bbox 1668 5795 1782 5860; x_wconf 76' lang='grc' dir='ltr'>τοῖς</span> <span class='ocrx_word' id='word_1_814' title='bbox 1840 5794 2072 5866; x_wconf 78' lang='grc' dir='ltr'>λεγομέσι</span> 
     </span>
    </p>
   </div>
   <div class='ocr_carea' id='block_1_101' title="bbox 2167 5241 3750 5318">
    <p class='ocr_par' dir='ltr' id='par_1_101' title="bbox 2167 5241 3750 5318">
     <span class='ocr_line' id='line_1_101' title="bbox 2167 5241 3750 5318; baseline -0.003 -16"><span class='ocrx_word' id='word_1_815' title='bbox 2167 5247 2238 5302; x_wconf 90' lang='lat' dir='ltr'>cii</span> <span class='ocrx_word' id='word_1_816' title='bbox 2283 5246 2605 5318; x_wconf 77' lang='lat' dir='ltr'><strong>vespertini,</strong></span> <span class='ocrx_word' id='word_1_817' title='bbox 2630 5245 2749 5303; x_wconf 91' lang='lat' dir='ltr'><strong>sive</strong></span> <span class='ocrx_word' id='word_1_818' title='bbox 2785 5254 3006 5315; x_wconf 88' lang='lat' dir='ltr'><strong>tempus</strong></span> <span class='ocrx_word' id='word_1_819' title='bbox 3044 5242 3349 5314; x_wconf 91' lang='lat' dir='ltr'><strong>vespertini</strong></span> <span class='ocrx_word' id='word_1_820' title='bbox 3378 5241 3561 5296; x_wconf 89' lang='lat' dir='ltr'><strong>cultus</strong></span> <span class='ocrx_word' id='word_1_821' title='bbox 3583 5241 3750 5297; x_wconf 73' lang='lat' dir='ltr'><strong>intel-</strong></span> 
     </span>
    </p>
   </div>
   <div class='ocr_carea' id='block_1_102' title="bbox 2165 5333 3747 5411">
    <p class='ocr_par' dir='ltr' id='par_1_102' title="bbox 2165 5333 3747 5411">
     <span class='ocr_line' id='line_1_102' title="bbox 2165 5333 3747 5411; baseline -0.004 -16"><span class='ocrx_word' id='word_1_822' title='bbox 2165 5340 2388 5411; x_wconf 88' lang='lat' dir='ltr'><strong>ligatur,</strong></span> <span class='ocrx_word' id='word_1_823' title='bbox 2431 5340 2550 5395; x_wconf 83' lang='lat' dir='ltr'><strong>sive</strong></span> <span class='ocrx_word' id='word_1_824' title='bbox 2597 5348 2811 5394; x_wconf 86' lang='lat' dir='ltr'><strong>tantum</strong></span> <span class='ocrx_word' id='word_1_825' title='bbox 2850 5337 3112 5407; x_wconf 88' lang='lat' dir='ltr'><strong>spatium,</strong></span> <span class='ocrx_word' id='word_1_826' title='bbox 3168 5342 3376 5404; x_wconf 92' lang='lat' dir='ltr'><strong>quanto</strong></span> <span class='ocrx_word' id='word_1_827' title='bbox 3407 5333 3747 5388; x_wconf 80' lang='lat' dir='ltr'><strong>sacriﬁcium</strong></span> 
     </span>
    </p>
   </div>
   <div class='ocr_carea' id='block_1_103' title="bbox 2166 5425 3748 5502">
    <p class='ocr_par' dir='ltr' id='par_1_103' title="bbox 2166 5425 3748 5502">
     <span class='ocr_line' id='line_1_103' title="bbox 2166 5425 3748 5502; baseline -0.004 -15"><span class='ocrx_word' id='word_1_828' title='bbox 2166 5433 2546 5502; x_wconf 85' lang='lat' dir='ltr'><strong>vespertinum</strong></span> <span class='ocrx_word' id='word_1_829' title='bbox 2616 5430 2904 5502; x_wconf 85' lang='lat' dir='ltr'><strong>peragitur</strong></span> <span class='ocrx_word' id='word_1_830' title='bbox 2959 5446 2973 5484; x_wconf 90' lang='lat'><strong>:</strong></span> <span class='ocrx_word' id='word_1_831' title='bbox 3019 5438 3077 5483; x_wconf 90' lang='lat' dir='ltr'>et</span> <span class='ocrx_word' id='word_1_832' title='bbox 3139 5427 3216 5480; x_wconf 90' lang='lat' dir='ltr'>ait</span> <span class='ocrx_word' id='word_1_833' title='bbox 3270 5425 3481 5480; x_wconf 89' lang='lat' dir='ltr'><strong>Danieli</strong></span> <span class='ocrx_word' id='word_1_834' title='bbox 3528 5442 3543 5480; x_wconf 89' lang='lat'><strong>:</strong></span> <span class='ocrx_word' id='word_1_835' title='bbox 3593 5425 3748 5481; x_wconf 84' lang='lat' dir='ltr'><strong>Nunc</strong></span> 
     </span>
    </p>
   </div>
   <div class='ocr_carea' id='block_1_104' title="bbox 2165 5516 3745 5592">
    <p class='ocr_par' dir='ltr' id='par_1_104' title="bbox 2165 5516 3745 5592">
     <span class='ocr_line' id='line_1_104' title="bbox 2165 5516 3745 5592; baseline -0.004 -16"><span class='ocrx_word' id='word_1_836' title='bbox 2165 5538 2396 5592; x_wconf 84' lang='lat' dir='ltr'><strong>egressus</strong></span> <span class='ocrx_word' id='word_1_837' title='bbox 2428 5540 2548 5576; x_wconf 88' lang='lat' dir='ltr'>sum</span> <span class='ocrx_word' id='word_1_838' title='bbox 2589 5523 2658 5576; x_wconf 88' lang='lat' dir='ltr'>ad</span> <span class='ocrx_word' id='word_1_839' title='bbox 2716 5519 3050 5575; x_wconf 82' lang='lat' dir='ltr'><strong>tribuendam</strong></span> <span class='ocrx_word' id='word_1_840' title='bbox 3079 5517 3175 5571; x_wconf 84' lang='lat' dir='ltr'><strong>tibi</strong></span> <span class='ocrx_word' id='word_1_841' title='bbox 3200 5516 3636 5586; x_wconf 81' lang='lat' dir='ltr'><strong>intelligentiam,</strong></span> <span class='ocrx_word' id='word_1_842' title='bbox 3694 5526 3745 5570; x_wconf 88' lang='lat' dir='ltr'>ct</span> 
     </span>
    </p>
   </div>
   <div class='ocr_carea' id='block_1_105' title="bbox 2167 5606 3746 5680">
    <p class='ocr_par' dir='ltr' id='par_1_105' title="bbox 2167 5606 3746 5680">
     <span class='ocr_line' id='line_1_105' title="bbox 2167 5606 3746 5680; baseline -0.002 -16"><span class='ocrx_word' id='word_1_843' title='bbox 2167 5611 2238 5664; x_wconf 87' lang='lat' dir='ltr'>ad</span> <span class='ocrx_word' id='word_1_844' title='bbox 2267 5611 2718 5675; x_wconf 77' lang='lat' dir='ltr'><strong>annuntiandum,</strong></span> <span class='ocrx_word' id='word_1_845' title='bbox 2750 5611 2878 5680; x_wconf 87' lang='lat' dir='ltr'><strong>quia</strong></span> <span class='ocrx_word' id='word_1_846' title='bbox 2923 5610 3003 5664; x_wconf 86' lang='lat' dir='ltr'><strong>vir</strong></span> <span class='ocrx_word' id='word_1_847' title='bbox 3046 5607 3423 5661; x_wconf 86' lang='lat' dir='ltr'><strong>desideriorum</strong></span> <span class='ocrx_word' id='word_1_848' title='bbox 3464 5624 3536 5663; x_wconf 84' lang='lat' dir='ltr'><strong>cs.</strong></span> <span class='ocrx_word' id='word_1_849' title='bbox 3567 5606 3746 5673; x_wconf 84' lang='lat' dir='ltr'><strong>Quare</strong></span> 
     </span>
    </p>
   </div>
   <div class='ocr_carea' id='block_1_106' title="bbox 2168 5699 3743 5773">
    <p class='ocr_par' dir='ltr' id='par_1_106' title="bbox 2168 5699 3743 5773">
     <span class='ocr_line' id='line_1_106' title="bbox 2168 5699 3743 5773; baseline 0.001 -17"><span class='ocrx_word' id='word_1_850' title='bbox 2168 5703 2445 5758; x_wconf 82' lang='lat' dir='ltr'><strong>considera</strong></span> <span class='ocrx_word' id='word_1_851' title='bbox 2494 5717 2614 5773; x_wconf 82' lang='lat' dir='ltr'><strong>qua:</strong></span> <span class='ocrx_word' id='word_1_852' title='bbox 2646 5703 2918 5766; x_wconf 87' lang='lat' dir='ltr'><strong>dicuntur,</strong></span> <span class='ocrx_word' id='word_1_853' title='bbox 2954 5711 3004 5755; x_wconf 89' lang='lat' dir='ltr'>et</span> <span class='ocrx_word' id='word_1_854' title='bbox 3048 5701 3296 5755; x_wconf 83' lang='lat' dir='ltr'><strong>visionem</strong></span> <span class='ocrx_word' id='word_1_855' title='bbox 3333 5699 3566 5772; x_wconf 77' lang='lat' dir='ltr'><strong>inlellige</strong></span> <span class='ocrx_word' id='word_1_856' title='bbox 3593 5715 3610 5755; x_wconf 67' lang='grc' dir='ltr'>ρ·</span> <span class='ocrx_word' id='word_1_857' title='bbox 3635 5701 3743 5757; x_wconf 87' lang='lat' dir='ltr'><strong>hoc</strong></span> 
     </span>
    </p>
   </div>
   <div class='ocr_carea' id='block_1_107' title="bbox 2165 5792 3739 5864">
    <p class='ocr_par' dir='ltr' id='par_1_107' title="bbox 2165 5792 3739 5864">
     <span class='ocr_line' id='line_1_107' title="bbox 2165 5792 3739 5864; baseline -0.004 -11"><span class='ocrx_word' id='word_1_858' title='bbox 2165 5804 2272 5864; x_wconf 85' lang='lat' dir='ltr'><strong>est,</strong></span> <span class='ocrx_word' id='word_1_859' title='bbox 2303 5804 2513 5855; x_wconf 90' lang='lat' dir='ltr'><strong>attente</strong></span> <span class='ocrx_word' id='word_1_860' title='bbox 2567 5795 2840 5855; x_wconf 85' lang='lat' dir='ltr'><strong>ausculta.</strong></span> <span class='ocrx_word' id='word_1_861' title='bbox 2899 5793 3039 5852; x_wconf 86' lang='lat' dir='ltr'><strong>Nam</strong></span> <span class='ocrx_word' id='word_1_862' title='bbox 3076 5792 3243 5851; x_wconf 82' lang='lat' dir='ltr'><strong>verba</strong></span> <span class='ocrx_word' id='word_1_863' title='bbox 3295 5792 3535 5852; x_wconf 85' lang='lat' dir='ltr'><strong>obscura</strong></span> <span class='ocrx_word' id='word_1_864' title='bbox 3581 5799 3739 5859; x_wconf 80' lang='lat' dir='ltr'><strong>sunt,</strong></span> 
     </span>
    </p>
   </div>
  </div>
