4092 6402
353 301 454 364 ‘251

1676 300 2004 364 JOANNIS
2045 303 2364 364 ZONARA?

3523 308 3634 373 259.

355 415 765 488 maximamque
829 412 1113 482 postulant
1185 412 1574 468 attentionem.
1635 411 1945 482 Aliquando

2053 429 2186 476 νοις,
2220 410 2682 481 αίνιγματώδεσιν
2736 404 2878 476 οὖσι,
2917 417 3011 468 καὶ
3060 414 3305 480 πλείονος
3356 417 3636 490 δεομένοις

355 517 536 564 autem
570 522 660 562 res
693 505 894 560 divinae
916 521 1014 575 per
1054 505 1312 575 ambages
1348 505 1679 571 innuuntur,
1720 522 1788 561 ne
1819 521 1938 561 om—

359 603 512 657 nium
546 601 923 671 intelligentia
965 599 1122 674 133
1163 599 1428 668 exposita:
1488 609 1941 654 contemnantur.

359 696 454 749 Vir
489 703 670 749 autem
703 693 1110 748 desideriorum
1140 695 1447 762 appellatus
1463 703 1546 747 est
1582 695 1796 755 Daniel,
1829 696 1944 749 sive

357 787 505 855 quod
533 785 718 858 pravis
752 785 1046 839 desideriis
1111 785 1333 840 fortiter
1379 795 1435 840 et
1490 803 1756 857 generose
1803 789 1943 840 resi-

360 889 551 942 steret,
595 882 709 933 sive
734 880 881 948 quod
939 879 1085 933 scire
1146 879 1513 943 desideraret,
1564 881 1697 950 quid
1740 881 1944 952 populo

359 981 418 1028 et
457 973 757 1027 tribulibus
791 973 906 1028 suis
933 984 1264 1028 eventurum
1318 985 1467 1030 esset
1491 1015 1504 1038 ,
1542 976 1660 1030 sive
1685 975 1833 1045 quod
1873 975 1944 1030 ob

361 1063 608 1120 studium
640 1065 860 1118 virtutis
888 1065 1280 1121 desiderabilis
1299 1076 1448 1122 esset
1479 1076 1647 1137 atque
1668 1067 1941 1122 amabilis.

361 1156 568 1213 Deinde
603 1159 825 1228 subjicit
870 1161 1099 1229 angelus
1143 1180 1155 1215 :
1190 1159 1544 1231 Septuaginta
1593 1162 1944 1216 hebdomadas

359 1259 646 1306 contracti:
671 1260 792 1309 sunt
808 1268 967 1319 super
995 1253 1246 1322 populum
1262 1265 1434 1314 tuum.
1452 1262 1501 1307 et
1523 1271 1682 1325 super
1698 1264 1943 1308 sanctam

361 1345 540 1398 urbem
564 1351 731 1408 tuam,
751 1346 913 1402 donec
925 1347 1278 1400 inveterascut
1293 1347 1544 1402 delictum
1567 1357 1614 1401 et
1629 1347 1946 1418 perﬁciatur

363 1446 656 1506 peccatum.
677 1445 726 1490 et
740 1437 1036 1506 obsignetur
1049 1451 1318 1508 peccatum
1333 1450 1381 1493 et
1398 1444 1636 1507 expietur
1655 1442 1943 1511 injustitia,

363 1539 634 1583 etwterna
658 1530 875 1600 justitia
917 1531 1256 1592 adducatur,
1299 1541 1347 1586 et
1387 1533 1690 1602 obsignetur
1719 1535 1846 1587 visio
1898 1542 1946 1586 et

364 1619 664 1687 prap'ietia,
687 1627 736 1671 et
768 1629 1000 1688 ungatur
1029 1618 1256 1675 Sanctus
1292 1631 1624 1678 sanctorum.
1653 1622 1732 1676 Ad
1773 1623 1945 1677 Deum

364 1709 634 1778 Propheta
667 1709 807 1764 inter
839 1712 1110 1768 orandum
1146 1712 1406 1768 dixerat:
1449 1713 1685 1780 POpqus
1739 1725 1862 1770 tuus
1899 1725 1948 1768 et

363 1801 484 1856 urbs
511 1811 603 1856 tua
649 1804 893 1873 Angelus
918 1815 1103 1859 autem
1137 1805 1347 1862 Danieli
1394 1806 1470 1862 ait
1505 1822 1519 1860 :
1557 1806 1790 1876 Populus
1824 1817 1946 1862 tuus

363 1905 412 1949 et
471 1896 594 1950 urbs
629 1903 767 1960 tua;
833 1896 990 1966 quasi
1044 1897 1306 1968 indignus
1351 1906 1519 1961 esset,
1565 1899 1660 1968 qui
1711 1901 1948 1968 populus

365 1988 459 2043 Dei
490 1997 802 2046 vocaretur.
847 1989 1050 2046 Eadem
1084 1989 1346 2060 loquendi
1397 1991 1538 2047 ratio
1578 2000 1633 2045 et
1688 1993 1740 2045 in
1797 1993 1947 2048 Blose

365 2079 664 2147 reperitur,
702 2095 827 2138 cum
865 2079 1130 2137 Israelita;
1172 2082 1347 2134 vitulo
1389 2098 1417 2138 a
1466 2098 1525 2138 se
1562 2082 1707 2138 facto
1737 2083 1948 2137 sacriti-

361 2178 570 2226 carent.
641 2171 774 2226 Nam
843 2181 959 2227 tum
1014 2173 1182 2226 etiam
1221 2173 1515 2243 Propheta:
1561 2177 1811 2244 precanti
1867 2175 1948 2230 sic

365 2265 664 2334 respondet
695 2267 860 2321 Deus.
893 2267 983 2324 Ait
1011 2267 1180 2338 igitur
1202 2270 1431 2340 angelus
1457 2270 1693 2333 Danieli.
1725 2280 1785 2326 et
1818 2271 1947 2326 Hie-

369 2358 640 2426 rosolyma
682 2359 1049 2418 instauratum
1097 2363 1188 2426 iri,
1232 2374 1285 2419 et
1315 2364 1580 2433 populum
1612 2380 1732 2419 esse
1763 2381 1948 2422 rever-

361 2464 578 2514 surum,
615 2460 670 2504 et
698 2452 764 2505 ad
801 2469 976 2508 annos
1012 2455 1446 2526 quadringentos
1496 2457 1792 2526 nonaginta
1824 2473 1949 2526 per-

361 2557 706 2598 mansurum.
777 2544 912 2600 Nam
973 2549 1323 2618 septuaginta
1389 2549 1767 2605 hebdomalcs
1821 2559 1948 2604 tan--

363 2644 478 2689 tum
552 2636 904 2705 coniiciunt,
966 2638 1200 2709 singulis
1273 2640 1476 2697 diebus
1544 2658 1645 2711 pro
1714 2641 1947 2711 singulis

359 2730 519 2790 annis
589 2733 918 2800 snpputatis.
1015 2733 1368 2801 Contracta},
1449 2735 1557 2790 hoc
1639 2744 1772 2796 est.
1845 2734 1947 2790 de-

362 2830 524 2874 creta:
564 2836 627 2875 ac
673 2823 956 2891 prmﬁnitae
1011 2835 1162 2880 sunt.
1196 2825 1383 2882 Donec
1417 2826 1786 2882 inveterascat
1847 2827 1945 2882 de-

359 2911 575 2978 lictum,
607 2923 662 2969 et
690 2927 977 2985 peccatum
1011 2930 1454 2986 consummetur,
1508 2920 1615 2976 hoc
1631 2929 1737 2985 est,
1773 2919 1950 2975 donec

364 3005 580 3063 durarit
609 3017 669 3062 et
711 3018 935 3065 auctutn
971 3010 1140 3066 fuerit
1181 3021 1507 3080 peccatum;
1557 3013 1664 3068 hoc
1693 3013 1842 3068 enim
1875 3014 1948 3068 si-

2049 505 2306 572 σπουδῆς.
2393 504 2600 560 Ἐνίοτε
2675 505 2732 558 δὲ
2795 505 2865 557 δι’
2939 508 3286 575 αἰνιγμάτων
3373 512 3443 567 τὰ
3513 514 3638 568 θεῖα

2047 597 2328 667 δηλοῦται,
2391 597 2476 650 ἵνα
2537 599 2613 668 μὴ
2678 599 2812 651 πᾶσι
2873 599 3111 668 γίνοιντο
3167 601 3336 672 δῆλα,
3401 605 3496 658 καὶ
3547 605 3639 660 διὰ

2047 691 2207 744 τοῦτο
2267 691 2742 764 εὐκαταφρόνητα.
2790 691 2959 762 Ἀνὴρ
2990 693 3036 746 δ’
3075 695 3382 763 ἐπιθυμιῶν
3424 698 3632 769 ἐκλήθη

2047 786 2075 838 ὁ
2103 785 2326 854 Δανιὴλ,
2361 783 2393 853 ἦ
2425 783 2500 846 ὠς
2539 784 2681 836 κατὰ
2707 784 2816 837 τῶν
2850 785 3132 855 σαρκικῶν
3169 788 3358 841 παθῶν
3387 791 3639 860 ἀνδριζόο

2052 894 2234 946 μενος,
2291 877 2388 930 καὶ
2441 877 2709 944 γενναίως
2761 877 2949 942 αὐτοῖς
3004 879 3438 950 ἀνθιστάμενοςο
3484 883 3516 955 ἢ
3559 884 3637 949 ὡς

2051 968 2344 1038 ἐπιθυμῶν
2377 968 2574 1039 μαθεῖν
2613 971 2679 1024 τὰ
2705 969 2783 1041 τῷ
2808 970 2923 1040 λαῷ
2959 971 3053 1025 καὶ
3079 973 3190 1036 τοῖς
3217 973 3386 1026 αὑτοῦ
3424 991 3639 1045 συμφυ-

2048 1062 2234 1125 λέταις
2260 1063 2525 1133 ἐσόμενα·
2553 1063 2586 1132 ἢ
2613 1065 2696 1117 ὅτι
2727 1065 3069 1136 ἐπιθυμητὸς
3097 1062 3164 1137 ἦν
3188 1069 3281 1120 καὶ
3309 1067 3634 1139 ἐπέραστος,

2051 1156 2119 1208 δι’
2150 1156 2218 1225 ἢν
2257 1158 2566 1228 μετήρχετο
2609 1159 2835 1229 ἀρετήν.
2875 1157 3012 1216 Εἶτα
3049 1162 3248 1231 ἐπάγει
3299 1165 3328 1216 ὁ
3366 1164 3635 1233 ἄγγελος·

2061 1249 2508 1316 Ἑϐδομήκογτα
2536 1250 2864 1320 ἐϐδομάδες
2894 1255 3373 1324 συνετμήθησαν
3400 1257 3500 1311 ἐπὶ
3531 1258 3639 1312 τὸν

2049 1342 2204 1394 λαόν
2229 1357 2367 1405 σου,
2395 1341 2494 1396 καί
2524 1343 2619 1396 ἐπὶ
2650 1343 2765 1410 τὴν
2798 1347 2984 1399 πόλιν
3009 1344 3123 1412 τὴν
3151 1348 3331 1416 ἁγίαν
3360 1363 3502 1410 σου,
3528 1347 3640 1414 ἕως

2051 1433 2159 1486 τοῦ
2199 1432 2614 1504 πα.1αιωθῆναι
2654 1435 2723 1488 τὸ
2757 1438 3149 1506 παράπτωμα,
3191 1439 3288 1496 καί
3334 1439 3441 1494 τοῦ
3472 1444 3639 1496 τελε-

2051 1526 2275 1594 σθῆναι
2316 1527 2432 1595 τὴν
2461 1530 2777 1596 ἁμαρτίαν,
2812 1530 2913 1584 καί
2942 1530 3050 1585 τοῦ
3085 1534 3420 1602 σφραγίσαι
3455 1535 3639 1602 ἀμαρ-

2051 1619 2210 1683 star,
2257 1621 2370 1672 'uai
2428 1620 2534 1674 τοῦ
2585 1621 2994 1685 ἐξιλάσασθαι
3049 1625 3312 1690 ἀδικίαν,
3375 1626 3476 1680 καί
3530 1627 3639 1681 τοῦ

2053 1711 2300 1779 ἀγαγεῖν
2322 1711 2725 1781 δικαιοσύνην
2753 1715 3016 1783 αἰώνιον,
3046 1717 3146 1770 καί
3180 1718 3285 1771 τοῦ
3306 1720 3640 1788 σφραγίσαι

2053 1802 2268 1868 ὅρασιν
2323 1804 2420 1856 καί
2465 1807 2807 1874 προφήτην,
2861 1809 2960 1862 καί
3020 1810 3128 1863 τοῦ
3180 1812 3388 1879 χρῖσαι
3437 1813 3635 1882 "Aram!

2050 1896 2253 1964 ἁγίων,
2298 1897 2359 1950 Ὅ
2399 1898 2498 1966 μὲν
2542 1901 2830 1970 προφήτης
2881 1903 3339 1972 προσευχόμενος,
3391 1903 3446 1958 Ὀ
3487 1907 3639 1972 λαός

2050 2007 2189 2052 σου,
2246 1992 2381 2060 πρὶς
2427 1991 2518 2048 τον
2563 1993 2697 2046 Θεὸν
2748 1994 2930 2061 ἔλεγε,
2977 1996 3076 2049 καί
3124 1995 3161 2062 ἡ
3195 1997 3374 2062 πόλις
3409 2011 3528 2052 σου
3555 2013 3568 2026 ·
3612 2000 3640 2052 ὁ

2050 2083 2106 2134 δὲ
2162 2083 2397 2150 ἄγγελος
2458 2083 2596 2153 πρὸς
2641 2084 2732 2137 τὸν
2766 2088 2968 2156 Δανιήλ
3010 2065 3208 2156 φησιν·
3250 2089 3312 2142 '0
3340 2091 3495 2156 λαός
3523 2105 3640 2144 σου

2051 2176 2145 2228 καί
2182 2175 2219 2240 ἡ
2249 2175 2428 2242 πόλις
2466 2193 2605 2241 σου,
2632 2177 2706 2240 ὡς
2739 2179 2814 2250 μὴ
2850 2179 3005 2243 ἀξίου
3031 2180 3184 2245 ὄντος
3231 2181 3327 2236 τοῦ
3363 2181 3494 2236 λαοῦ
3543 2182 3639 2236 τοῦ

2051 2267 2186 2320 Θεοῦ
2233 2268 2544 2323 καλεῖσθαι.
2590 2271 2838 2342 Εὕρηται
2876 2273 2934 2324 δέ
2972 2273 3178 2343 ὁμοίως
3217 2275 3316 2328 καὶ
3350 2276 3444 2330 ἐπὶ
3477 2277 3644 2332 Moti)—

2054 2361 2212 2425 σέως,
2237 2361 2325 2413 ὅτε
2358 2361 2448 2414 τὸν
2477 2362 2678 2432 μόσχον
2711 2364 3041 2433 ποιήσαντες
3075 2366 3124 2418 οι
3148 2364 3513 2437 Ἰσραηλῖται,
3552 2367 3644 2421 θυ-

2053 2453 2177 2505 σίαν
2229 2453 2379 2523 αὑτῷ
2415 2456 2821 2524 προσήνεγκαν.
2851 2459 2961 2510 Καὶ
2987 2459 3110 2514 τότε
3142 2459 3252 2528 γὰρ
3293 2459 3388 2513 τοῦ
3430 2461 3644 2530 προφήο

2049 2563 2146 2604 του
2196 2545 2482 2615 δεομένου,
2535 2551 2563 2600 ὁ
2606 2548 2740 2612 Θεὸς
2787 2549 2890 2622 ἔφη
2947 2551 3236 2617 ὡσαύτως.
3280 2554 3452 2622 Φησὶν
3485 2553 3582 2608 οὖν
3611 2555 3642 2607 ὁ

2051 2639 2308 2708 ἄγγελος,
2352 2641 2436 2694 ὅτι
2477 2642 2574 2696 καὶ
2619 2643 2651 2712 ἡ
2701 2643 3070 2714 Ἰερουσαλὴμ
3120 2644 3639 2718 οίκοδομηθήσεται,

2051 2733 2145 2785 καὶ
2168 2735 2195 2786 ὁ
2222 2733 2351 2795 λαός
2382 2751 2476 2786 σου
2517 2735 2964 2802 ἐπανελεύσεται,
3000 2738 3096 2790 καὶ
3122 2738 3218 2792 ἐπὶ
3252 2738 3346 2810 ἐτη
3376 2741 3643 2809 τετρακό-

2053 2840 2146 2876 σια
2194 2825 2524 2894 ἐνενήκοντα
2571 2825 2948 2896 διαμενοῦσιν.
2986 2830 3051 2886 Δί
3099 2829 3211 2900 γὰρ
3255 2829 3640 2900 ἐϐδομήκοντα

2052 2915 2350 2986 ἐϐδομάδες
2405 2918 2485 2978 είς
2534 2916 2794 2972 τοσοῦτον
2860 2920 3311 2989 συμψηφίζονται
3377 2922 3637 2993 ἀριθμὸν,

2052 3008 2295 3079 ἑκάστην
2344 3008 2389 3064 δ’
2431 3009 2646 3080 ἡμέραν
2698 3013 2779 3074 είς
2828 3012 3076 3066 ἐνιαυτὸν
3121 3011 3432 3082 ἐλογίσατο.
3466 3013 3540 3068 Τὸ
3583 3016 3641 3070 δὲ

365 3099 586 3166 gniﬁcat
611 3102 1049 3158 inveterascere:
1089 3103 1159 3156 iis
1175 3103 1357 3159 verbis
1381 3103 1632 3174 designat
1657 3105 1943 3162 audaciam

2054 3101 2501 3171 συνετμήθησαν,
2523 3103 2644 3156 ἀντὶ
2679 3103 2795 3168 τοῦ,
2834 3104 3138 3175 ἐκρίθησαν
3169 3107 3263 3160 καὶ
3293 3106 3636 3177 ὡρίσθησαν,

363 3191 702 3256 indecorum,
739 3202 796 3247 et
831 3193 1037 3252 rabiem
1070 3205 1261 3252 contra
1290 3195 1604 3252 Dominum.
1636 3197 1771 3253 Nam
1794 3200 1948 3269 prius

361 3285 532 3338 etiam
568 3285 742 3340 multa
789 3287 1003 3342 scelera
1039 3297 1448 3356 perpetrarent,
1487 3306 1797 3361 eorumque
1833 3308 1948 3361 pm-

365 3391 463 3429 nas
480 3374 772 3437 dederant.
808 3377 903 3434 sed
938 3381 1178 3436 revocati
1235 3380 1482 3436 fuerunt.
1521 3383 1818 3452 Postquam
1844 3401 1946 3440 au-

366 3480 477 3524 tem
524 3480 714 3527 contra
769 3473 1120 3528 Servatorem
1174 3476 1542 3543 insanierunt,
1576 3488 1634 3532 et
1669 3480 1737 3533 ad
1788 3495 1947 3534 sum-

365 3579 513 3617 mum
540 3564 910 3633 improbitatis
950 3577 1346 3636 pervenerunt,
1381 3581 1785 3642 peccatumque
1812 3588 1946 3628 con-

363 3666 732 3721 summarunt,
768 3673 880 3712 non
915 3660 1155 3728 amplius
1197 3662 1444 3716 revocati
1475 3672 1627 3718 sunt.
1651 3665 1947 3735 Obsignari

365 3756 676 3814 peccatum,
706 3756 762 3802 et
789 3749 1005 3816 expiari
1044 3751 1370 3820 injustitiam
1391 3793 1405 3818 ,
1442 3753 1719 3824 signiﬁcat
1753 3757 1949 3811 remis-

362 3839 579 3894 sionem
603 3840 933 3895 delictorum
981 3859 1014 3902 a
1045 3843 1278 3900 Domino
1317 3845 1388 3902 iis
1435 3845 1718 3913 donatam,
1755 3849 1851 3918 qui
1893 3849 1949 3904 ei

361 3933 617 3988 credunt.
654 3933 756 3994 llic
787 3936 936 3992 enim
965 3945 1071 4002 est,
1093 3938 1188 4008 qui
1229 3939 1374 3993 tollit
1418 3949 1705 4009 peccatum
1731 3941 1946 3997 mundi.

362 4024 499 4080 Nam
525 4026 808 4096 obsignari
843 4029 990 4084 idem
1019 4039 1125 4091 est,
1161 4031 1308 4100 quod
1339 4031 1617 4088 desinere.
1658 4034 1950 4090 Adducere

357 4118 633 4188 justitiam
661 4129 952 4189 asternam,
993 4132 1080 4176 est
1121 4123 1302 4193 ipsum
1337 4125 1532 4179 venire
1565 4125 1622 4180 in
1652 4125 1948 4193 mundum,

364 4211 460 4279 qui
490 4221 578 4266 est
607 4213 840 4281 iustitia,
886 4216 1201 4284 redemptio
1231 4223 1289 4271 et
1340 4217 1734 4274 sanctificatio.
1785 4218 1948 4274 Obsi-

363 4305 523 4373 διιοτὶ
573 4306 840 4363 visionem
879 4316 939 4363 et
969 4310 1338 4378 prophetiam,
1372 4311 1664 4380 signiﬁcat,
1712 4311 1950 4382 prophes

367 4397 496 4454 tiam
527 4397 806 4456 desiisse:
836 4400 958 4458 sive
1007 4402 1158 4471 quod
1212 4417 1424 4473 eaquae
1465 4421 1497 4460 ε
1549 4406 1842 4478 prophetis
1880 4405 1950 4460 de

2051 3195 2255 3250 usitati.
2291 3194 2438 3258 Ἕως
2475 3193 2570 3249 τοῦ
2607 3195 2991 3268 παλαιωθῆναι
3021 3198 3081 3250 τὸ
3117 3199 3501 3269 παράπτωμα,
3543 3201 3639 3253 καὶ

2055 3285 2151 3339 τοῦ
2195 3287 2520 3357 τελεσθῆναι
2561 3287 2660 3360 τὴν
2704 3289 3006 3359 ἁμαρτίαν,
3029 3291 3337 3357 τουτέστιν,
3389 3292 3497 3356 ἕως
3543 3292 3638 3345 τοῦ

2051 3377 2302 3448 χρονίσαι
2332 3379 2429 3433 καὶ
2454 3379 2781 3453 αὐξηθῆναι.
2813 3383 2984 3437 Τοῦτο
3007 3383 3117 3453 γὰρ
3141 3383 3292 3454 δηλοῖ
3313 3385 3373 3438 τὸ
3397 3385 3643 3438 παλαιω-

2053 3466 2237 3537 θῆναι,
2266 3470 2361 3522 καὶ
2386 3471 2606 3524 τελείαν
2638 3472 2896 3540 γενέσθαι
2927 3473 3026 3544 τὴν
3061 3474 3363 3546 ἁμαρτίαν.
3395 3476 3494 3529 Διὰ
3519 3477 3644 3529 τού-

2050 3581 2160 3616 των
2197 3562 2254 3616 δὲ
2279 3562 2379 3632 τὴν
2403 3565 2544 3618 κατὰ
2576 3564 2670 3618 τοῦ
2698 3567 2906 3636 Κυρίου
2941 3568 3150 3638 τόλμαν
3179 3569 3275 3644 καὶ
3303 3569 3504 3630 λύτταν
3529 3570 3641 3623 τῶν

2052 3656 2330 3710 Ἰουδαίων
2362 3659 2722 3728 παρίστησιν.
2761 3659 2938 3714 Πολλὰ
2969 3659 3070 3730 μὲν
3101 3659 3212 3729 γὰρ
3243 3661 3340 3715 καὶ
3373 3664 3483 3733 πρὸ
3517 3662 3643 3716 τού-

2051 3766 2144 3802 του
2177 3751 2524 3821 ήμάρτοσαν,
2554 3750 2656 3806 καὶ
2695 3752 2852 3816 δίκας
2878 3753 3089 3818 ἔτισαν,
3113 3754 3233 3808 ἀλλ’
3255 3755 3640 3827 ἁνεκλήθησαν

2052 3837 2234 3904 αὖθις.
2281 3841 2439 3896 Ἐπεὶ
2481 3842 2540 3896 δέ
2594 3842 2735 3897 κατὰ
2781 3842 2877 3896 τοῦ
2912 3844 3167 3914 Σωτῆρος
3207 3845 3511 3916 ἐμάνησαν,
3541 3847 3642 3916 τὴν

2051 3931 2131 3993 εἰς
2171 3931 2400 4002 ἔσχατον
2425 3933 2629 3995 κακίας
2657 3931 2946 4001 ἀφίκοντο.
2980 3936 3076 3992 καὶ
3103 3936 3290 4005 ἐντελῆ
3321 3936 3422 4007 τὴν
3457 3936 3643 4005 ἁμαρ-

2051 4023 2173 4082 τίαν
2207 4024 2560 4093 εἰργάσαντο,
2593 4023 2785 4084 οὐκέτι
2829 4025 3184 4094 ἀνακλήσεως
3223 4025 3441 4096 ἔτυχον-
3479 4027 3552 4081 Τὸ
3584 4026 3640 4080 δὲ

2055 4116 2363 4187 σφραγίσας
2403 4116 2682 4188 ἁμαρτίαν
2735 4118 2830 4177 καὶ
2863 4117 3224 4184 ἐξιλάσασθαι
3265 4119 3508 4181 ἀδικίαν,
3541 4119 3640 4190 τὴν

2051 4210 2251 4279 ἄφεσιν
2283 4210 2438 4280 δηλοῖ
2463 4211 2574 4270 τῶν
2608 4212 2999 4282 πταισμάτων,
3031 4212 3133 4284 τὴν
3177 4213 3331 4281 παρὰ
3377 4213 3472 4265 τοῦ
3527 4213 3639 4265 Κυ-

2054 4305 2177 4373 ρίου
2220 4304 2610 4376 δεδωρημένην
2627 4307 2743 4368 τοῖς
2771 4304 3128 4364 πιστεύουσιν
3155 4307 3236 4367 είς
3266 4305 3454 4358 αὐτόν.
3473 4299 3640 4367 Οὗτος

2053 4397 2164 4469 γάρ
2194 4397 2347 4450 ἐστιν
2389 4396 2420 4449 ὁ
2473 4396 2653 4467 αίρων
2699 4396 2801 4466 τὴν
2843 4393 3127 4466 ἁμαρτίαν
3167 4393 3265 4456 τοῦ
3298 4395 3531 4464 κόσμου.
3566 4395 3640 4447 Τὸ

361 4488 586 4545 Christo
641 4492 900 4560 praedicta
949 4493 1218 4560 fuerunt,
1267 4498 1580 4562 evenerint,
1627 4497 1745 4552 sive
1796 4496 1945 4568 quod

2055 4493 2165 4563 γὰρ
2210 4491 2514 4562 σφραγίσαι
2577 4489 2674 4548 τοῦ
2727 4491 3007 4548 παυθῆναι
3055 4491 3424 4563 σημαντικόν.
3471 4491 3545 4545 Τὸ
3581 4491 3640 4548 δὲ

362 4582 669 4651 prophetiae
719 4585 926 4640 donum
995 4588 1141 4656 apud
1198 4588 1420 4644 Iudaeos
1489 4589 1768 4652 desierit.
1829 4590 1950 4645 sive

365 4682 690 4744 utrumque.
729 4677 888 4749 134
915 4679 1051 4734 Nam
1083 4679 1340 4736 Christus
1360 4697 1486 4736 cum
1522 4683 1784 4748 venisset,
1816 4699 1948 4754 prov

363 4767 583 4836 phetias
605 4767 935 4840 obsignavit,
966 4772 1072 4827 hoc
1117 4782 1222 4840 est,
1253 4774 1507 4843 implevit
1539 4785 1598 4832 et
1640 4777 1948 4832 conﬁrma-

363 4860 464 4923 vit,
503 4869 669 4930 atque
696 4863 866 4918 etiam
903 4864 1243 4922 terminavit.
1271 4867 1464 4937 Neque
1482 4869 1631 4924 enim
1659 4869 1773 4939 iam
1797 4868 1945 4938 apud

353 4967 460 5010 eos
485 4951 746 5023 princeps
767 4962 872 5022 est,
903 4954 1174 5030 propheta
1204 4969 1299 5016 aut
1333 4958 1468 5016 dux.
1521 4960 1592 5016 Et
1621 4960 1825 5015 adduci
1848 4960 1942 5029 ju-

363 5045 573 5101 stitiam
601 5054 892 5109 aeternam,
935 5058 1022 5104 est
1054 5048 1231 5119 ipsius
1261 5051 1479 5108 Domini
1529 5061 1585 5110 et
1632 5052 1946 5110 Servatoris

359 5139 540 5196 incuri
584 5140 857 5196 adventus
881 5182 897 5208 ,
931 5144 1044 5213 qui,
1103 5151 1164 5197 ut
1192 5143 1496 5215 Apostolus
1527 5144 1624 5207 ait,
1658 5145 1816 5200 datus
1867 5152 1945 5200 est

361 5237 509 5290 nobis
532 5237 797 5307 sapientia
827 5253 861 5291 a
902 5236 1038 5294 Deo.
1083 5238 1299 5309 iustitia
1323 5279 1340 5304 ,
1389 5239 1746 5307 candiﬁin
1786 5247 1836 5293 et
1865 5256 1946 5294 re-

365 5327 594 5398 demptio
634 5328 674 5381 ⁷.
737 5329 918 5399 Atque
976 5329 1108 5386 alibi
1173 5331 1241 5385 de
1288 5330 1585 5400 Evangelia
1641 5331 1941 5386 scribens:

361 5419 603 5485 Iustitia,
643 5421 849 5492 inquit,
908 5423 964 5475 in
995 5438 1053 5476 eo
1103 5421 1371 5477 revelatur
1387 5422 1430 5476 ⁸.
1463 5422 1730 5482 Dominus
1773 5437 1943 5492 porro

359 5511 550 5577 docet,
597 5529 827 5583 regnum
879 5515 975 5569 Dei
1029 5515 1331 5585 petendum
1359 5530 1504 5580 esse,
1559 5525 1621 5569 et
1668 5516 1943 5586 justitiam

361 5602 503 5670 ejus,
539 5617 702 5670 quam
737 5603 856 5672 ipse
883 5603 1134 5670 adduxit,
1161 5619 1374 5674 suaque
1413 5605 1668 5662 doctrina
1698 5606 1936 5677 aperuit.

439 5805 458 5838 '
498 5804 516 5858 l
549 5805 676 5860 Cor.
711 5820 750 5867 ι.
784 5807 876 5863 50.
950 5810 972 5841 '
1000 5806 1160 5865 Rom.
1200 5825 1240 5872 ι,
1265 5810 1353 5865 17.

2051 4586 2286 4653 ἀγαγεῖν
2316 4583 2672 4654 δικαιοσύνην
2708 4583 2931 4642 αἰώνιον
2969 4589 3033 4638 τὸ
3075 4585 3247 4642 αὐτὸν
3288 4586 3372 4648 είς
3415 4585 3510 4644 τὸν
3551 4585 3644 4644 κό-

2053 4695 2192 4748 σμον
2231 4677 2436 4742 ἐλθεῖν,
2486 4677 2546 4740 ὅς
2598 4678 2716 4734 ἐστι
2751 4675 3071 4746 δικαιοσύνη
3116 4677 3212 4735 καὶ
3257 4675 3639 4747 ἀπολύτρωσις

2047 4773 2144 4831 καὶ
2173 4769 2471 4841 ἁγιασμὸς.
2501 4769 2575 4824 Τὸ
2611 4770 2798 4840 μέντοι
2827 4769 3132 4840 σφραγίσαι
3169 4769 3359 4838 ὅρασιν
3390 4770 3482 4824 καὶ
3506 4787 3639 4838 προ-

2048 4867 2229 4936 φήτην
2267 4866 2330 4924 τὸ
2357 4864 2516 4926 τέλος
2541 4862 2844 4933 ἐσχηκέναι
2895 4864 2994 4925 τὰς
3027 4863 3368 4934 προφητείας
3399 4863 3570 4933 δηλοῖ,
3602 4864 3634 4934 ἢ

2049 4961 2136 5015 ὅτι
2181 4959 2250 5014 τὰ
2295 4957 2428 5028 παρ’
2460 4957 2673 5014 ἐκείνου
2728 4956 2860 5028 περὶ
2909 4955 3004 5016 τοῦ
3047 4957 3289 5026 Χριστοῦ
3333 4955 3638 5027 λαληθέντα

2049 5052 2380 5124 ἐκϐέϐηκεν,
2417 5051 2450 5122 ἢ
2483 5051 2567 5106 ὅτι
2603 5049 2665 5103 τὸ
2703 5048 2803 5118 τῆς
2848 5047 3192 5118 προφητείας
3238 5047 3490 5117 χάρισμα
3523 5048 3638 5110 τοῖς

2051 5143 2333 5204 Ἰουδαίοις
2373 5140 2714 5205 ἐκλέλοιπεν,
2745 5139 2778 5211 ἢ
2820 5142 2916 5198 καὶ
2941 5139 3252 5210 ἀμφότερα.
3285 5137 3490 5194 Ἐλθὼν
3527 5137 3639 5208 γὰρ

2053 5238 2083 5290 ὁ
2130 5233 2368 5306 Χριστὸς
2409 5233 2508 5300 τὰς
2553 5232 2892 5304 προφητείας
2941 5232 3301 5301 ἐσφράγισεν,
3341 5230 3636 5301 ἐπλήρωσε

2053 5326 2277 5397 δηλαδὴ,
2324 5325 2420 5380 καὶ
2475 5323 2795 5390 ἐδεσαίωσε,
2849 5322 2946 5378 καὶ
2992 5323 3181 5391 μέντοι
3229 5323 3324 5377 καὶ
3373 5321 3638 5378 ἔπαυσεν.

2055 5419 2255 5474 Οὐκέτι
2296 5418 2406 5487 γὰρ
2439 5414 2570 5486 παρ’
2594 5415 2782 5478 αὐτοῖς
2811 5415 3020 5488 ἄρχων,
3063 5415 3160 5469 καὶ
3196 5414 3506 5486 προφήτης,
3541 5415 3637 5467 καὶ

2053 5511 2384 5582 ἡγούμενος.
2426 5509 2538 5563 Καὶ
2595 5509 2824 5576 ἀγαγεῖν
2855 5507 3206 5578 δικαιοσύνην
3237 5507 3477 5571 αἰώνιον,
3512 5505 3634 5576 ἥτις

2053 5604 2217 5668 αὐτὸς
2243 5605 2395 5664 ἐστιν
2421 5603 2450 5656 ὁ
2478 5599 2684 5674 Κύριος
2712 5601 2875 5673 ήμῶν
2912 5603 3013 5658 καὶ
3049 5602 3264 5674 Σωτήρ.
3303 5600 3364 5656 '0
3396 5601 3497 5672 μὲν
3527 5599 3636 5669 γὰρ
