  <div class='ocr_page' id='page_1' title='image "/cluster/home/n/w/nwhite01/storage/ocr_20150623/134:no.1/coo.31924054870393/135.png"; bbox 0 0 4092 6426; ppageno 0'>
   <div class='ocr_carea' id='block_1_1' title="bbox 401 361 1983 428">
    <p class='ocr_par' dir='ltr' id='par_1_1' title="bbox 401 361 1983 428">
     <span class='ocr_line' id='line_1_1' title="bbox 401 361 1983 428; baseline -0.001 -2"><span class='ocrx_word' id='word_1_1' title='bbox 401 365 514 428; x_wconf 73' lang='lat'>255</span> <span class='ocrx_word' id='word_1_2' title='bbox 1675 361 1983 426; x_wconf 79' lang='lat' dir='ltr'>JOANNIS</span> 
     </span>
    </p>
   </div>
   <div class='ocr_carea' id='block_1_2' title="bbox 2086 361 2364 428">
    <p class='ocr_par' dir='ltr' id='par_1_2' title="bbox 2086 363 2364 424">
     <span class='ocr_line' id='line_1_2' title="bbox 2086 363 2364 424; baseline -0.004 0"><span class='ocrx_word' id='word_1_3' title='bbox 2086 363 2364 424; x_wconf 71' lang='grc' dir='ltr'>ΟΝΑΙΗΞ</span> 
     </span>
    </p>
   </div>
   <div class='ocr_carea' id='block_1_3' title="bbox 3559 368 3670 433">
    <p class='ocr_par' dir='ltr' id='par_1_3' title="bbox 3559 368 3670 433">
     <span class='ocr_line' id='line_1_3' title="bbox 3559 368 3670 433; baseline 0.036 -4"><span class='ocrx_word' id='word_1_4' title='bbox 3559 368 3670 433; x_wconf 72' lang='grc'>256</span> 
     </span>
    </p>
   </div>
   <div class='ocr_carea' id='block_1_4' title="bbox 412 476 3672 554">
    <p class='ocr_par' dir='ltr' id='par_1_4' title="bbox 412 476 3672 554">
     <span class='ocr_line' id='line_1_4' title="bbox 412 476 3672 554; baseline 0.001 -19"><span class='ocrx_word' id='word_1_5' title='bbox 412 480 772 554; x_wconf 82' lang='grc' dir='ltr'>Ἰερουσαλὴμ</span> <span class='ocrx_word' id='word_1_6' title='bbox 806 477 1145 552; x_wconf 75' lang='grc' dir='ltr'>ἐπανῆλθεν·</span> <span class='ocrx_word' id='word_1_7' title='bbox 1181 478 1218 534; x_wconf 74' lang='grc' dir='ltr'>ἀ</span> <span class='ocrx_word' id='word_1_8' title='bbox 1253 478 1523 550; x_wconf 86' lang='grc' dir='ltr'>προϊοῦσα</span> <span class='ocrx_word' id='word_1_9' title='bbox 1553 477 1680 534; x_wconf 85' lang='grc' dir='ltr'>καθ’</span> <span class='ocrx_word' id='word_1_10' title='bbox 1711 479 1904 551; x_wconf 79' lang='grc' dir='ltr'>εἱρμὸν</span> <span class='ocrx_word' id='word_1_11' title='bbox 1942 481 1976 551; x_wconf 82' lang='grc' dir='ltr'>ἠ</span> <span class='ocrx_word' id='word_1_12' title='bbox 2013 479 2228 550; x_wconf 78' lang='grc' dir='ltr'>ἱστορία</span> <span class='ocrx_word' id='word_1_13' title='bbox 2268 476 2609 548; x_wconf 75' lang='grc' dir='ltr'>πλατύτερον</span> <span class='ocrx_word' id='word_1_14' title='bbox 2645 477 2996 549; x_wconf 73' lang='grc' dir='ltr'>διηγήσεται.</span> <span class='ocrx_word' id='word_1_15' title='bbox 3061 480 3159 533; x_wconf 88' lang='grc' dir='ltr'><strong>Ὃν</strong></span> <span class='ocrx_word' id='word_1_16' title='bbox 3193 479 3250 534; x_wconf 78' lang='grc' dir='ltr'>δέ</span> <span class='ocrx_word' id='word_1_17' title='bbox 3293 479 3456 550; x_wconf 76' lang='grc' dir='ltr'>ἀγιον</span> <span class='ocrx_word' id='word_1_18' title='bbox 3517 477 3672 538; x_wconf 73' lang='grc' dir='ltr'>εἶπεν</span> 
     </span>
    </p>
   </div>
   <div class='ocr_carea' id='block_1_5' title="bbox 400 567 3674 644">
    <p class='ocr_par' dir='ltr' id='par_1_5' title="bbox 400 567 3674 644">
     <span class='ocr_line' id='line_1_5' title="bbox 400 567 3674 644; baseline 0 -18"><span class='ocrx_word' id='word_1_19' title='bbox 400 573 673 644; x_wconf 78' lang='grc' dir='ltr'>ἀνώτερον</span> <span class='ocrx_word' id='word_1_20' title='bbox 720 573 916 642; x_wconf 83' lang='grc' dir='ltr'>ἀγίων,</span> <span class='ocrx_word' id='word_1_21' title='bbox 966 571 1160 626; x_wconf 89' lang='grc' dir='ltr'>τοῦτον</span> <span class='ocrx_word' id='word_1_22' title='bbox 1199 570 1358 635; x_wconf 80' lang='grc' dir='ltr'>αὖθις</span> <span class='ocrx_word' id='word_1_23' title='bbox 1394 571 1630 642; x_wconf 80' lang='grc' dir='ltr'>Χριστὸν</span> <span class='ocrx_word' id='word_1_24' title='bbox 1677 572 1986 643; x_wconf 75' lang='grc' dir='ltr'>ἡγούμενον</span> <span class='ocrx_word' id='word_1_25' title='bbox 2024 570 2273 643; x_wconf 72' lang='grc' dir='ltr'>εἴρηκεν,</span> <span class='ocrx_word' id='word_1_26' title='bbox 2343 567 2628 640; x_wconf 78' lang='grc' dir='ltr'>ὀνομάζων</span> <span class='ocrx_word' id='word_1_27' title='bbox 2689 567 2855 623; x_wconf 76' lang='grc' dir='ltr'>αὑτὸν</span> <span class='ocrx_word' id='word_1_28' title='bbox 2893 569 3038 624; x_wconf 83' lang='grc' dir='ltr'>κατὰ</span> <span class='ocrx_word' id='word_1_29' title='bbox 3077 571 3138 624; x_wconf 79' lang='grc' dir='ltr'>τὸ</span> <span class='ocrx_word' id='word_1_30' title='bbox 3170 571 3537 642; x_wconf 84' lang='grc' dir='ltr'>ἀνθρώπινον.</span> <span class='ocrx_word' id='word_1_31' title='bbox 3583 575 3674 640; x_wconf 86' lang='grc' dir='ltr'>Ὦς</span> 
     </span>
    </p>
   </div>
   <div class='ocr_carea' id='block_1_6' title="bbox 399 666 3676 742">
    <p class='ocr_par' dir='ltr' id='par_1_6' title="bbox 399 666 3676 742">
     <span class='ocr_line' id='line_1_6' title="bbox 399 666 3676 742; baseline 0.002 -22"><span class='ocrx_word' id='word_1_32' title='bbox 399 669 510 738; x_wconf 73' lang='grc' dir='ltr'>γὰρ</span> <span class='ocrx_word' id='word_1_33' title='bbox 547 666 895 736; x_wconf 88' lang='grc' dir='ltr'>πρωτότοκος</span> <span class='ocrx_word' id='word_1_34' title='bbox 921 667 1020 738; x_wconf 83' lang='grc' dir='ltr'>τῆς</span> <span class='ocrx_word' id='word_1_35' title='bbox 1057 671 1295 732; x_wconf 80' lang='grc' dir='ltr'>κτίσεως</span> <span class='ocrx_word' id='word_1_36' title='bbox 1329 668 1429 737; x_wconf 86' lang='grc' dir='ltr'>τῆς</span> <span class='ocrx_word' id='word_1_37' title='bbox 1458 669 1674 741; x_wconf 84' lang='grc' dir='ltr'>καινῆς,</span> <span class='ocrx_word' id='word_1_38' title='bbox 1710 670 1804 723; x_wconf 83' lang='grc' dir='ltr'>καὶ</span> <span class='ocrx_word' id='word_1_39' title='bbox 1831 668 2188 742; x_wconf 86' lang='grc' dir='ltr'>πρωτότοκος</span> <span class='ocrx_word' id='word_1_40' title='bbox 2226 668 2291 720; x_wconf 88' lang='grc' dir='ltr'>ἐκ</span> <span class='ocrx_word' id='word_1_41' title='bbox 2325 666 2537 737; x_wconf 79' lang='grc' dir='ltr'><strong>νεκρῶν</strong></span> <span class='ocrx_word' id='word_1_42' title='bbox 2565 666 2810 735; x_wconf 79' lang='grc' dir='ltr'>λέγεται,</span> <span class='ocrx_word' id='word_1_43' title='bbox 2838 666 2982 720; x_wconf 74' lang='grc' dir='ltr'>οὕτω</span> <span class='ocrx_word' id='word_1_44' title='bbox 3017 669 3114 722; x_wconf 81' lang='grc' dir='ltr'>καὶ</span> <span class='ocrx_word' id='word_1_45' title='bbox 3155 668 3464 740; x_wconf 74' lang='grc' dir='ltr'>ἡγούμενος</span> <span class='ocrx_word' id='word_1_46' title='bbox 3505 689 3676 742; x_wconf 88' lang='grc' dir='ltr'>προσ-</span> 
     </span>
    </p>
   </div>
   <div class='ocr_carea' id='block_1_7' title="bbox 400 762 3672 839">
    <p class='ocr_par' dir='ltr' id='par_1_7' title="bbox 400 762 3672 839">
     <span class='ocr_line' id='line_1_7' title="bbox 400 762 3672 839; baseline 0.003 -23"><span class='ocrx_word' id='word_1_47' title='bbox 400 763 722 833; x_wconf 87' lang='grc' dir='ltr'>ηγόρευται.</span> <span class='ocrx_word' id='word_1_48' title='bbox 748 765 860 818; x_wconf 77' lang='grc' dir='ltr'>Καὶ</span> <span class='ocrx_word' id='word_1_49' title='bbox 888 766 916 816; x_wconf 99' lang='lat'>6</span> <span class='ocrx_word' id='word_1_50' title='bbox 937 763 1079 826; x_wconf 83' lang='grc' dir='ltr'>θεῖος</span> <span class='ocrx_word' id='word_1_51' title='bbox 1099 764 1157 818; x_wconf 73' lang='grc' dir='ltr'>δὲ</span> <span class='ocrx_word' id='word_1_52' title='bbox 1181 765 1480 830; x_wconf 79' lang='grc' dir='ltr'>ἀπόστολος</span> <span class='ocrx_word' id='word_1_53' title='bbox 1509 765 1718 837; x_wconf 81' lang='grc' dir='ltr'>Πέτρος</span> <span class='ocrx_word' id='word_1_54' title='bbox 1739 766 1984 839; x_wconf 80' lang='grc' dir='ltr'>ἀρχηγὸν</span> <span class='ocrx_word' id='word_1_55' title='bbox 2022 764 2125 836; x_wconf 82' lang='grc' dir='ltr'>τῆς</span> <span class='ocrx_word' id='word_1_56' title='bbox 2189 763 2335 834; x_wconf 79' lang='grc' dir='ltr'>ζωῆς</span> <span class='ocrx_word' id='word_1_57' title='bbox 2370 762 2626 833; x_wconf 87' lang='grc' dir='ltr'>ὠνόμασε</span> <span class='ocrx_word' id='word_1_58' title='bbox 2656 764 2750 818; x_wconf 87' lang='grc' dir='ltr'>τδν</span> <span class='ocrx_word' id='word_1_59' title='bbox 2786 764 3038 835; x_wconf 82' lang='grc' dir='ltr'>Σωτῆρα,</span> <span class='ocrx_word' id='word_1_60' title='bbox 3080 767 3193 830; x_wconf 80' lang='grc' dir='ltr'>τοῖς</span> <span class='ocrx_word' id='word_1_61' title='bbox 3224 765 3502 834; x_wconf 75' lang='grc' dir='ltr'>Ἰουδαίοις</span> <span class='ocrx_word' id='word_1_62' title='bbox 3557 771 3672 826; x_wconf 87' lang='grc' dir='ltr'>δια-</span> 
     </span>
    </p>
   </div>
   <div class='ocr_carea' id='block_1_8' title="bbox 402 856 3670 938">
    <p class='ocr_par' dir='ltr' id='par_1_8' title="bbox 402 856 3670 938">
     <span class='ocr_line' id='line_1_8' title="bbox 402 856 3670 938; baseline 0.003 -28"><span class='ocrx_word' id='word_1_63' title='bbox 402 856 714 927; x_wconf 82' lang='grc' dir='ltr'>λεγόμενος,</span> <span class='ocrx_word' id='word_1_64' title='bbox 745 858 820 922; x_wconf 86' lang='grc' dir='ltr'>ὼς</span> <span class='ocrx_word' id='word_1_65' title='bbox 845 859 903 911; x_wconf 85' lang='grc' dir='ltr'>ἐν</span> <span class='ocrx_word' id='word_1_66' title='bbox 931 860 1052 921; x_wconf 76' lang='grc' dir='ltr'>ταῖς</span> <span class='ocrx_word' id='word_1_67' title='bbox 1083 859 1357 929; x_wconf 77' lang='grc' dir='ltr'>Πράξεσιν</span> <span class='ocrx_word' id='word_1_68' title='bbox 1389 863 1418 915; x_wconf 89' lang='lat'>6</span> <span class='ocrx_word' id='word_1_69' title='bbox 1447 860 1593 924; x_wconf 85' lang='grc' dir='ltr'>θεῖος</span> <span class='ocrx_word' id='word_1_70' title='bbox 1619 862 1838 925; x_wconf 78' lang='grc' dir='ltr'>Λουκᾶς</span> <span class='ocrx_word' id='word_1_71' title='bbox 1896 859 2304 931; x_wconf 76' lang='grc' dir='ltr'>συνεγράψατο.</span> <span class='ocrx_word' id='word_1_72' title='bbox 2381 859 2594 928; x_wconf 83' lang='grc' dir='ltr'>Ὥσπερ</span> <span class='ocrx_word' id='word_1_73' title='bbox 2648 859 2705 914; x_wconf 78' lang='grc' dir='ltr'>δὲ</span> <span class='ocrx_word' id='word_1_74' title='bbox 2744 860 3103 932; x_wconf 79' lang='grc' dir='ltr'>πρωτότοκος</span> <span class='ocrx_word' id='word_1_75' title='bbox 3133 861 3296 934; x_wconf 78' lang='grc' dir='ltr'>ήμῶν</span> <span class='ocrx_word' id='word_1_76' title='bbox 3355 865 3450 918; x_wconf 74' lang='grc' dir='ltr'>καὶ</span> <span class='ocrx_word' id='word_1_77' title='bbox 3519 883 3670 938; x_wconf 87' lang='grc' dir='ltr'>πρω-</span> 
     </span>
    </p>
   </div>
   <div class='ocr_carea' id='block_1_9' title="bbox 399 953 3668 1034">
    <p class='ocr_par' dir='ltr' id='par_1_9' title="bbox 399 953 3668 1034">
     <span class='ocr_line' id='line_1_9' title="bbox 399 953 3668 1034; baseline 0.001 -26"><span class='ocrx_word' id='word_1_78' title='bbox 399 954 577 1008; x_wconf 85' lang='grc' dir='ltr'>τεύων</span> <span class='ocrx_word' id='word_1_79' title='bbox 641 954 786 1009; x_wconf 87' lang='grc' dir='ltr'>κατά</span> <span class='ocrx_word' id='word_1_80' title='bbox 827 955 918 1009; x_wconf 76' lang='grc' dir='ltr'>τὸν</span> <span class='ocrx_word' id='word_1_81' title='bbox 979 956 1154 1028; x_wconf 84' lang='grc' dir='ltr'>μέγαν</span> <span class='ocrx_word' id='word_1_82' title='bbox 1202 956 1416 1011; x_wconf 83' lang='grc' dir='ltr'>Παῦλον</span> <span class='ocrx_word' id='word_1_83' title='bbox 1466 957 1684 1029; x_wconf 75' lang='grc' dir='ltr'>εἴρηται</span> <span class='ocrx_word' id='word_1_84' title='bbox 1730 956 1875 1012; x_wconf 89' lang='grc' dir='ltr'>κατά</span> <span class='ocrx_word' id='word_1_85' title='bbox 1921 956 1985 1010; x_wconf 79' lang='grc' dir='ltr'>τὸ</span> <span class='ocrx_word' id='word_1_86' title='bbox 2022 953 2389 1028; x_wconf 81' lang='grc' dir='ltr'>ἀνθρώπινον,</span> <span class='ocrx_word' id='word_1_87' title='bbox 2448 953 2594 1009; x_wconf 76' lang='grc' dir='ltr'>οὕτω</span> <span class='ocrx_word' id='word_1_88' title='bbox 2628 953 2693 1025; x_wconf 80' lang='grc' dir='ltr'>δὴ</span> <span class='ocrx_word' id='word_1_89' title='bbox 2761 953 2853 1008; x_wconf 74' lang='grc' dir='ltr'>καὶ</span> <span class='ocrx_word' id='word_1_90' title='bbox 2880 954 3184 1026; x_wconf 77' lang='grc' dir='ltr'>ἡγούμενος</span> <span class='ocrx_word' id='word_1_91' title='bbox 3221 955 3301 1028; x_wconf 84' lang='grc' dir='ltr'>τῷ</span> <span class='ocrx_word' id='word_1_92' title='bbox 3337 959 3668 1034; x_wconf 73' lang='grc' dir='ltr'>ἀρχαγγέλῳ</span> 
     </span>
    </p>
   </div>
   <div class='ocr_carea' id='block_1_10' title="bbox 402 1048 1153 1122">
    <p class='ocr_par' dir='ltr' id='par_1_10' title="bbox 402 1048 1153 1122">
     <span class='ocr_line' id='line_1_10' title="bbox 402 1048 1153 1122; baseline 0.003 -19"><span class='ocrx_word' id='word_1_93' title='bbox 402 1048 650 1119; x_wconf 84' lang='grc' dir='ltr'>Γαϐριὴλ</span> <span class='ocrx_word' id='word_1_94' title='bbox 689 1052 1153 1122; x_wconf 83' lang='grc' dir='ltr'>προσηγόρευται.</span> 
     </span>
    </p>
   </div>
   <div class='ocr_carea' id='block_1_11' title="bbox 471 1140 1983 1219">
    <p class='ocr_par' dir='ltr' id='par_1_11' title="bbox 471 1143 1983 1219">
     <span class='ocr_line' id='line_1_11' title="bbox 471 1143 1983 1219; baseline 0.004 -20"><span class='ocrx_word' id='word_1_95' title='bbox 471 1143 539 1199; x_wconf 80' lang='grc' dir='ltr'>Χ.</span> <span class='ocrx_word' id='word_1_96' title='bbox 579 1146 683 1201; x_wconf 92' lang='lat' dir='ltr'><strong>Sed</strong></span> <span class='ocrx_word' id='word_1_97' title='bbox 711 1146 950 1202; x_wconf 89' lang='lat' dir='ltr'><strong>dubitari</strong></span> <span class='ocrx_word' id='word_1_98' title='bbox 985 1157 1173 1217; x_wconf 80' lang='lat' dir='ltr'>queat,</span> <span class='ocrx_word' id='word_1_99' title='bbox 1207 1163 1315 1218; x_wconf 91' lang='lat' dir='ltr'>qua</span> <span class='ocrx_word' id='word_1_100' title='bbox 1349 1147 1528 1219; x_wconf 87' lang='lat' dir='ltr'><strong>gratia</strong></span> <span class='ocrx_word' id='word_1_101' title='bbox 1570 1147 1894 1219; x_wconf 87' lang='lat' dir='ltr'><strong>separatim,</strong></span> <span class='ocrx_word' id='word_1_102' title='bbox 1926 1157 1983 1205; x_wconf 90' lang='lat' dir='ltr'>et</span> 
     </span>
    </p>
   </div>
   <div class='ocr_carea' id='block_1_12' title="bbox 2086 1140 3666 1219">
    <p class='ocr_par' dir='ltr' id='par_1_12' title="bbox 2157 1140 3666 1218">
     <span class='ocr_line' id='line_1_12' title="bbox 2157 1140 3666 1218; baseline 0.009 -20"><span class='ocrx_word' id='word_1_103' title='bbox 2157 1145 2217 1198; x_wconf 77' lang='grc' dir='ltr'>ι’.</span> <span class='ocrx_word' id='word_1_104' title='bbox 2254 1140 2584 1214; x_wconf 80' lang='grc' dir='ltr'>Ἀπορήσειε</span> <span class='ocrx_word' id='word_1_105' title='bbox 2612 1141 2661 1196; x_wconf 87' lang='grc' dir='ltr'>δ’</span> <span class='ocrx_word' id='word_1_106' title='bbox 2694 1141 2760 1197; x_wconf 77' lang='grc' dir='ltr'>ἄν</span> <span class='ocrx_word' id='word_1_107' title='bbox 2802 1159 2912 1208; x_wconf 86' lang='grc' dir='ltr'>τις,</span> <span class='ocrx_word' id='word_1_108' title='bbox 2943 1142 3066 1196; x_wconf 82' lang='grc' dir='ltr'>ὅτου</span> <span class='ocrx_word' id='word_1_109' title='bbox 3099 1143 3260 1214; x_wconf 82' lang='grc' dir='ltr'>χάριν</span> <span class='ocrx_word' id='word_1_110' title='bbox 3289 1144 3666 1218; x_wconf 72' lang='grc' dir='ltr'>διῃρημένωςο</span> 
     </span>
    </p>
   </div>
   <div class='ocr_carea' id='block_1_13' title="bbox 401 1239 1983 1310">
    <p class='ocr_par' dir='ltr' id='par_1_13' title="bbox 401 1239 1983 1310">
     <span class='ocr_line' id='line_1_13' title="bbox 401 1239 1983 1310; baseline 0.003 -19"><span class='ocrx_word' id='word_1_111' title='bbox 401 1251 512 1291; x_wconf 91' lang='lat' dir='ltr'>non</span> <span class='ocrx_word' id='word_1_112' title='bbox 575 1239 916 1310; x_wconf 87' lang='lat' dir='ltr'><strong>conjunctim</strong></span> <span class='ocrx_word' id='word_1_113' title='bbox 950 1251 1314 1296; x_wconf 83' lang='lat' dir='ltr'><strong>numerentur</strong></span> <span class='ocrx_word' id='word_1_114' title='bbox 1348 1239 1744 1305; x_wconf 85' lang='lat' dir='ltr'><strong>bebdomades,</strong></span> <span class='ocrx_word' id='word_1_115' title='bbox 1803 1240 1860 1294; x_wconf 92' lang='lat' dir='ltr'>in</span> <span class='ocrx_word' id='word_1_116' title='bbox 1895 1254 1983 1295; x_wconf 86' lang='lat' dir='ltr'><strong>se-</strong></span> 
     </span>
    </p>
   </div>
   <div class='ocr_carea' id='block_1_14' title="bbox 402 1327 1984 1401">
    <p class='ocr_par' dir='ltr' id='par_1_14' title="bbox 402 1327 1984 1401">
     <span class='ocr_line' id='line_1_14' title="bbox 402 1327 1984 1401; baseline 0.001 -20"><span class='ocrx_word' id='word_1_117' title='bbox 402 1337 550 1397; x_wconf 91' lang='lat' dir='ltr'><strong>ptem</strong></span> <span class='ocrx_word' id='word_1_118' title='bbox 585 1330 868 1401; x_wconf 75' lang='lat' dir='ltr'>sexaginta</span> <span class='ocrx_word' id='word_1_119' title='bbox 914 1329 1073 1396; x_wconf 91' lang='lat' dir='ltr'><strong>duas,</strong></span> <span class='ocrx_word' id='word_1_120' title='bbox 1106 1339 1162 1384; x_wconf 90' lang='lat' dir='ltr'>et</span> <span class='ocrx_word' id='word_1_121' title='bbox 1183 1345 1346 1384; x_wconf 89' lang='lat' dir='ltr'><strong>unam</strong></span> <span class='ocrx_word' id='word_1_122' title='bbox 1381 1329 1700 1384; x_wconf 58' lang='lat' dir='ltr'><strong>distinctae?</strong></span> <span class='ocrx_word' id='word_1_123' title='bbox 1730 1329 1851 1384; x_wconf 87' lang='lat' dir='ltr'><strong>Non</strong></span> <span class='ocrx_word' id='word_1_124' title='bbox 1877 1327 1984 1383; x_wconf 87' lang='lat' dir='ltr'><strong>hoc</strong></span> 
     </span>
    </p>
   </div>
   <div class='ocr_carea' id='block_1_15' title="bbox 403 1422 1982 1494">
    <p class='ocr_par' dir='ltr' id='par_1_15' title="bbox 403 1422 1982 1494">
     <span class='ocr_line' id='line_1_15' title="bbox 403 1422 1982 1494; baseline 0 -18"><span class='ocrx_word' id='word_1_125' title='bbox 403 1430 614 1477; x_wconf 90' lang='lat' dir='ltr'><strong>temere</strong></span> <span class='ocrx_word' id='word_1_126' title='bbox 648 1422 709 1477; x_wconf 91' lang='lat' dir='ltr'>ﬁt</span> <span class='ocrx_word' id='word_1_127' title='bbox 743 1423 811 1478; x_wconf 92' lang='lat' dir='ltr'>ab</span> <span class='ocrx_word' id='word_1_128' title='bbox 842 1423 1178 1494; x_wconf 88' lang='lat' dir='ltr'><strong>archangelo</strong></span> <span class='ocrx_word' id='word_1_129' title='bbox 1204 1439 1218 1478; x_wconf 92' lang='lat'>:</span> <span class='ocrx_word' id='word_1_130' title='bbox 1257 1423 1353 1478; x_wconf 89' lang='lat' dir='ltr'>sed</span> <span class='ocrx_word' id='word_1_131' title='bbox 1379 1437 1478 1493; x_wconf 90' lang='lat' dir='ltr'>per</span> <span class='ocrx_word' id='word_1_132' title='bbox 1517 1422 1634 1477; x_wconf 71' lang='lat' dir='ltr'><strong>haec</strong></span> <span class='ocrx_word' id='word_1_133' title='bbox 1663 1437 1804 1476; x_wconf 90' lang='lat' dir='ltr'><strong>nova</strong></span> <span class='ocrx_word' id='word_1_134' title='bbox 1831 1436 1982 1492; x_wconf 71' lang='lat' dir='ltr'><strong>quae-</strong></span> 
     </span>
    </p>
   </div>
   <div class='ocr_carea' id='block_1_16' title="bbox 399 1513 1976 1585">
    <p class='ocr_par' dir='ltr' id='par_1_16' title="bbox 399 1513 1976 1585">
     <span class='ocr_line' id='line_1_16' title="bbox 399 1513 1976 1585; baseline 0.003 -19"><span class='ocrx_word' id='word_1_135' title='bbox 399 1513 525 1567; x_wconf 90' lang='lat' dir='ltr'>dam</span> <span class='ocrx_word' id='word_1_136' title='bbox 553 1513 734 1582; x_wconf 90' lang='lat' dir='ltr'><strong>docet,</strong></span> <span class='ocrx_word' id='word_1_137' title='bbox 800 1516 853 1569; x_wconf 91' lang='lat' dir='ltr'>in</span> <span class='ocrx_word' id='word_1_138' title='bbox 910 1523 1222 1585; x_wconf 75' lang='lat' dir='ltr'><strong>temporum</strong></span> <span class='ocrx_word' id='word_1_139' title='bbox 1277 1514 1652 1570; x_wconf 84' lang='lat' dir='ltr'>divisionibus</span> <span class='ocrx_word' id='word_1_140' title='bbox 1684 1524 1976 1571; x_wconf 76' lang='lat' dir='ltr'><strong>eventura.</strong></span> 
     </span>
    </p>
   </div>
   <div class='ocr_carea' id='block_1_17' title="bbox 401 1601 1984 1677">
    <p class='ocr_par' dir='ltr' id='par_1_17' title="bbox 401 1601 1984 1677">
     <span class='ocr_line' id='line_1_17' title="bbox 401 1601 1984 1677; baseline 0.002 -21"><span class='ocrx_word' id='word_1_141' title='bbox 401 1601 539 1656; x_wconf 88' lang='lat' dir='ltr'><strong>Nam</strong></span> <span class='ocrx_word' id='word_1_142' title='bbox 605 1604 651 1658; x_wconf 89' lang='lat' dir='ltr'>si</span> <span class='ocrx_word' id='word_1_143' title='bbox 707 1604 778 1658; x_wconf 88' lang='lat' dir='ltr'>ab</span> <span class='ocrx_word' id='word_1_144' title='bbox 836 1604 1241 1660; x_wconf 87' lang='lat' dir='ltr'><strong>instauratione</strong></span> <span class='ocrx_word' id='word_1_145' title='bbox 1296 1603 1828 1677; x_wconf 84' lang='lat' dir='ltr'><strong>Hierosolymorum,</strong></span> <span class='ocrx_word' id='word_1_146' title='bbox 1879 1603 1984 1660; x_wconf 90' lang='lat' dir='ltr'>sub</span> 
     </span>
    </p>
   </div>
   <div class='ocr_carea' id='block_1_18' title="bbox 397 1693 1980 1768">
    <p class='ocr_par' dir='ltr' id='par_1_18' title="bbox 397 1693 1980 1768">
     <span class='ocr_line' id='line_1_18' title="bbox 397 1693 1980 1768; baseline 0.003 -20"><span class='ocrx_word' id='word_1_147' title='bbox 397 1693 620 1750; x_wconf 85' lang='lat' dir='ltr'><strong>Neemia</strong></span> <span class='ocrx_word' id='word_1_148' title='bbox 662 1695 826 1763; x_wconf 85' lang='lat' dir='ltr'><strong>facta,</strong></span> <span class='ocrx_word' id='word_1_149' title='bbox 875 1705 936 1751; x_wconf 88' lang='lat' dir='ltr'>ut</span> <span class='ocrx_word' id='word_1_150' title='bbox 977 1697 1191 1752; x_wconf 90' lang='lat' dir='ltr'><strong>dictum</strong></span> <span class='ocrx_word' id='word_1_151' title='bbox 1231 1705 1338 1762; x_wconf 89' lang='lat' dir='ltr'><strong>est,</strong></span> <span class='ocrx_word' id='word_1_152' title='bbox 1393 1706 1648 1768; x_wconf 88' lang='lat' dir='ltr'><strong>tempora</strong></span> <span class='ocrx_word' id='word_1_153' title='bbox 1683 1713 1860 1767; x_wconf 91' lang='lat' dir='ltr'><strong>usque</strong></span> <span class='ocrx_word' id='word_1_154' title='bbox 1909 1696 1980 1752; x_wconf 90' lang='lat' dir='ltr'>ad</span> 
     </span>
    </p>
   </div>
   <div class='ocr_carea' id='block_1_19' title="bbox 401 1786 1984 1861">
    <p class='ocr_par' dir='ltr' id='par_1_19' title="bbox 401 1786 1984 1861">
     <span class='ocr_line' id='line_1_19' title="bbox 401 1786 1984 1861; baseline 0.004 -21"><span class='ocrx_word' id='word_1_155' title='bbox 401 1786 697 1843; x_wconf 83' lang='lat' dir='ltr'><strong>Hircanum</strong></span> <span class='ocrx_word' id='word_1_156' title='bbox 730 1789 1053 1860; x_wconf 87' lang='lat' dir='ltr'><strong>pontiﬁcem</strong></span> <span class='ocrx_word' id='word_1_157' title='bbox 1105 1799 1497 1854; x_wconf 90' lang='lat' dir='ltr'><strong>numerentur,</strong></span> <span class='ocrx_word' id='word_1_158' title='bbox 1536 1791 1640 1846; x_wconf 87' lang='lat' dir='ltr'>sub</span> <span class='ocrx_word' id='word_1_159' title='bbox 1691 1806 1804 1861; x_wconf 90' lang='lat' dir='ltr'>quo</span> <span class='ocrx_word' id='word_1_160' title='bbox 1847 1790 1984 1846; x_wconf 83' lang='lat' dir='ltr'><strong>Asa-</strong></span> 
     </span>
    </p>
   </div>
   <div class='ocr_carea' id='block_1_20' title="bbox 401 1881 1981 1954">
    <p class='ocr_par' dir='ltr' id='par_1_20' title="bbox 401 1881 1981 1954">
     <span class='ocr_line' id='line_1_20' title="bbox 401 1881 1981 1954; baseline 0.003 -22"><span class='ocrx_word' id='word_1_161' title='bbox 401 1894 736 1934; x_wconf 71' lang='lat' dir='ltr'><strong>monaeorum</strong></span> <span class='ocrx_word' id='word_1_162' title='bbox 791 1897 966 1952; x_wconf 88' lang='lat' dir='ltr'><strong>genus</strong></span> <span class='ocrx_word' id='word_1_163' title='bbox 995 1881 1151 1954; x_wconf 82' lang='lat' dir='ltr'><strong>fungi</strong></span> <span class='ocrx_word' id='word_1_164' title='bbox 1186 1881 1358 1937; x_wconf 90' lang='lat' dir='ltr'><strong>sacris</strong></span> <span class='ocrx_word' id='word_1_165' title='bbox 1401 1881 1660 1936; x_wconf 82' lang='lat' dir='ltr'><strong>destitit:</strong></span> <span class='ocrx_word' id='word_1_166' title='bbox 1697 1882 1981 1953; x_wconf 87' lang='lat' dir='ltr'><strong>sexaginta</strong></span> 
     </span>
    </p>
   </div>
   <div class='ocr_carea' id='block_1_21' title="bbox 399 1968 1983 2046">
    <p class='ocr_par' dir='ltr' id='par_1_21' title="bbox 399 1968 1983 2046">
     <span class='ocr_line' id='line_1_21' title="bbox 399 1968 1983 2046; baseline 0.005 -23"><span class='ocrx_word' id='word_1_167' title='bbox 399 1968 635 2024; x_wconf 89' lang='lat' dir='ltr'><strong>duarum</strong></span> <span class='ocrx_word' id='word_1_168' title='bbox 671 1971 1090 2028; x_wconf 90' lang='lat' dir='ltr'><strong>bebdomadum</strong></span> <span class='ocrx_word' id='word_1_169' title='bbox 1139 1991 1408 2030; x_wconf 88' lang='lat' dir='ltr'><strong>numerus</strong></span> <span class='ocrx_word' id='word_1_170' title='bbox 1439 1976 1719 2046; x_wconf 84' lang='lat' dir='ltr'><strong>expletur.</strong></span> <span class='ocrx_word' id='word_1_171' title='bbox 1780 1977 1916 2031; x_wconf 87' lang='lat' dir='ltr'><strong>Nam</strong></span> <span class='ocrx_word' id='word_1_172' title='bbox 1951 1991 1983 2031; x_wconf 87' lang='lat' dir='ltr'>a</span> 
     </span>
    </p>
   </div>
   <div class='ocr_carea' id='block_1_22' title="bbox 404 2061 1982 2138">
    <p class='ocr_par' dir='ltr' id='par_1_22' title="bbox 404 2061 1982 2138">
     <span class='ocr_line' id='line_1_22' title="bbox 404 2061 1982 2138; baseline 0.005 -23"><span class='ocrx_word' id='word_1_173' title='bbox 404 2061 669 2117; x_wconf 89' lang='lat' dir='ltr'><strong>vicesimo</strong></span> <span class='ocrx_word' id='word_1_174' title='bbox 698 2079 848 2118; x_wconf 91' lang='lat' dir='ltr'><strong>anno</strong></span> <span class='ocrx_word' id='word_1_175' title='bbox 899 2067 1055 2135; x_wconf 90' lang='lat' dir='ltr'><strong>regni</strong></span> <span class='ocrx_word' id='word_1_176' title='bbox 1104 2066 1451 2130; x_wconf 83' lang='lat' dir='ltr'><strong>Artaxerxis,</strong></span> <span class='ocrx_word' id='word_1_177' title='bbox 1480 2067 1574 2138; x_wconf 89' lang='lat' dir='ltr'>qui</span> <span class='ocrx_word' id='word_1_178' title='bbox 1619 2067 1858 2124; x_wconf 73' lang='lat' dir='ltr'><strong>Neemize</strong></span> <span class='ocrx_word' id='word_1_179' title='bbox 1891 2083 1982 2123; x_wconf 84' lang='lat' dir='ltr'><strong>re-</strong></span> 
     </span>
    </p>
   </div>
   <div class='ocr_carea' id='block_1_23' title="bbox 401 2152 1984 2230">
    <p class='ocr_par' dir='ltr' id='par_1_23' title="bbox 401 2152 1984 2230">
     <span class='ocr_line' id='line_1_23' title="bbox 401 2152 1984 2230; baseline 0.005 -23"><span class='ocrx_word' id='word_1_180' title='bbox 401 2152 612 2209; x_wconf 81' lang='lat' dir='ltr'><strong>deundi</strong></span> <span class='ocrx_word' id='word_1_181' title='bbox 661 2155 1038 2229; x_wconf 85' lang='lat' dir='ltr'><strong>Hierosolyma</strong></span> <span class='ocrx_word' id='word_1_182' title='bbox 1071 2168 1401 2229; x_wconf 88' lang='lat' dir='ltr'><strong>potestatem</strong></span> <span class='ocrx_word' id='word_1_183' title='bbox 1434 2159 1608 2226; x_wconf 87' lang='lat' dir='ltr'><strong>dedit,</strong></span> <span class='ocrx_word' id='word_1_184' title='bbox 1651 2176 1681 2214; x_wconf 93' lang='lat' dir='ltr'>a</span> <span class='ocrx_word' id='word_1_185' title='bbox 1716 2176 1827 2230; x_wconf 92' lang='lat' dir='ltr'>quo</span> <span class='ocrx_word' id='word_1_186' title='bbox 1851 2160 1984 2215; x_wconf 86' lang='lat' dir='ltr'><strong>urbs</strong></span> 
     </span>
    </p>
   </div>
   <div class='ocr_carea' id='block_1_24' title="bbox 402 2246 1984 2320">
    <p class='ocr_par' dir='ltr' id='par_1_24' title="bbox 402 2246 1984 2320">
     <span class='ocr_line' id='line_1_24' title="bbox 402 2246 1984 2320; baseline 0.006 -21"><span class='ocrx_word' id='word_1_187' title='bbox 402 2246 681 2301; x_wconf 61' lang='lat' dir='ltr'><strong>moenibus</strong></span> <span class='ocrx_word' id='word_1_188' title='bbox 713 2248 980 2304; x_wconf 90' lang='lat' dir='ltr'><strong>adornata</strong></span> <span class='ocrx_word' id='word_1_189' title='bbox 1011 2259 1117 2314; x_wconf 86' lang='lat' dir='ltr'><strong>est,</strong></span> <span class='ocrx_word' id='word_1_190' title='bbox 1160 2266 1334 2320; x_wconf 90' lang='lat' dir='ltr'><strong>usque</strong></span> <span class='ocrx_word' id='word_1_191' title='bbox 1365 2251 1433 2305; x_wconf 89' lang='lat' dir='ltr'>ad</span> <span class='ocrx_word' id='word_1_192' title='bbox 1470 2251 1694 2306; x_wconf 87' lang='lat' dir='ltr'><strong>Darium</strong></span> <span class='ocrx_word' id='word_1_193' title='bbox 1737 2253 1984 2308; x_wconf 83' lang='lat' dir='ltr'><strong>Arsamis</strong></span> 
     </span>
    </p>
   </div>
   <div class='ocr_carea' id='block_1_25' title="bbox 402 2337 1980 2410">
    <p class='ocr_par' dir='ltr' id='par_1_25' title="bbox 402 2337 1980 2410">
     <span class='ocr_line' id='line_1_25' title="bbox 402 2337 1980 2410; baseline 0.005 -18"><span class='ocrx_word' id='word_1_194' title='bbox 402 2337 598 2405; x_wconf 86' lang='lat' dir='ltr'><strong>ﬁlium,</strong></span> <span class='ocrx_word' id='word_1_195' title='bbox 630 2356 797 2410; x_wconf 88' lang='lat' dir='ltr'><strong>quem</strong></span> <span class='ocrx_word' id='word_1_196' title='bbox 825 2342 1027 2398; x_wconf 87' lang='lat' dir='ltr'><strong>delevit</strong></span> <span class='ocrx_word' id='word_1_197' title='bbox 1058 2343 1392 2409; x_wconf 81' lang='lat' dir='ltr'><strong>Alexander,</strong></span> <span class='ocrx_word' id='word_1_198' title='bbox 1429 2345 1556 2399; x_wconf 92' lang='lat' dir='ltr'><strong>anni</strong></span> <span class='ocrx_word' id='word_1_199' title='bbox 1592 2354 1723 2400; x_wconf 88' lang='lat' dir='ltr'><strong>sunt</strong></span> <span class='ocrx_word' id='word_1_200' title='bbox 1757 2355 1980 2400; x_wconf 89' lang='lat' dir='ltr'><strong>centum</strong></span> 
     </span>
    </p>
   </div>
   <div class='ocr_carea' id='block_1_26' title="bbox 401 2433 1982 2509">
    <p class='ocr_par' dir='ltr' id='par_1_26' title="bbox 401 2433 1982 2509">
     <span class='ocr_line' id='line_1_26' title="bbox 401 2433 1982 2509; baseline 0.005 -23"><span class='ocrx_word' id='word_1_201' title='bbox 401 2440 459 2486; x_wconf 87' lang='lat' dir='ltr'>et</span> <span class='ocrx_word' id='word_1_202' title='bbox 483 2433 931 2501; x_wconf 89' lang='lat' dir='ltr'><strong>quatuordecim.</strong></span> <span class='ocrx_word' id='word_1_203' title='bbox 968 2436 1051 2491; x_wconf 85' lang='lat' dir='ltr'>Ab</span> <span class='ocrx_word' id='word_1_204' title='bbox 1087 2437 1377 2492; x_wconf 85' lang='lat' dir='ltr'><strong>eversione</strong></span> <span class='ocrx_word' id='word_1_205' title='bbox 1401 2453 1568 2508; x_wconf 92' lang='lat' dir='ltr'><strong>porro</strong></span> <span class='ocrx_word' id='word_1_206' title='bbox 1601 2439 1817 2509; x_wconf 84' lang='lat' dir='ltr'><strong>imperii</strong></span> <span class='ocrx_word' id='word_1_207' title='bbox 1851 2439 1982 2494; x_wconf 84' lang='lat' dir='ltr'><strong>Per-</strong></span> 
     </span>
    </p>
   </div>
   <div class='ocr_carea' id='block_1_27' title="bbox 403 2523 1981 2599">
    <p class='ocr_par' dir='ltr' id='par_1_27' title="bbox 403 2523 1981 2599">
     <span class='ocr_line' id='line_1_27' title="bbox 403 2523 1981 2599; baseline 0.006 -21"><span class='ocrx_word' id='word_1_208' title='bbox 403 2523 526 2588; x_wconf 88' lang='lat' dir='ltr'><strong>sici,</strong></span> <span class='ocrx_word' id='word_1_209' title='bbox 548 2540 670 2594; x_wconf 68' lang='lat' dir='ltr'><strong>qua:</strong></span> <span class='ocrx_word' id='word_1_210' title='bbox 706 2541 853 2582; x_wconf 89' lang='lat' dir='ltr'><strong>anno</strong></span> <span class='ocrx_word' id='word_1_211' title='bbox 883 2539 1039 2584; x_wconf 83' lang='lat' dir='ltr'><strong>sexto</strong></span> <span class='ocrx_word' id='word_1_212' title='bbox 1064 2529 1319 2585; x_wconf 71' lang='lat' dir='ltr'><strong>Asiaticae</strong></span> <span class='ocrx_word' id='word_1_213' title='bbox 1343 2531 1713 2599; x_wconf 85' lang='lat' dir='ltr'><strong>expeditionis</strong></span> <span class='ocrx_word' id='word_1_214' title='bbox 1743 2531 1981 2587; x_wconf 82' lang='lat' dir='ltr'><strong>Alexan-</strong></span> 
     </span>
    </p>
   </div>
   <div class='ocr_carea' id='block_1_28' title="bbox 403 2615 1984 2694">
    <p class='ocr_par' dir='ltr' id='par_1_28' title="bbox 403 2615 1984 2694">
     <span class='ocr_line' id='line_1_28' title="bbox 403 2615 1984 2694; baseline 0.006 -25"><span class='ocrx_word' id='word_1_215' title='bbox 403 2615 487 2670; x_wconf 88' lang='lat' dir='ltr'>dri</span> <span class='ocrx_word' id='word_1_216' title='bbox 514 2619 764 2690; x_wconf 76' lang='lat' dir='ltr'><strong>contigit,</strong></span> <span class='ocrx_word' id='word_1_217' title='bbox 793 2635 970 2690; x_wconf 88' lang='lat' dir='ltr'><strong>usque</strong></span> <span class='ocrx_word' id='word_1_218' title='bbox 997 2623 1064 2676; x_wconf 87' lang='lat' dir='ltr'>ad</span> <span class='ocrx_word' id='word_1_219' title='bbox 1095 2621 1288 2676; x_wconf 82' lang='lat' dir='ltr'><strong>Caium</strong></span> <span class='ocrx_word' id='word_1_220' title='bbox 1320 2621 1528 2677; x_wconf 84' lang='lat' dir='ltr'><strong>Julium</strong></span> <span class='ocrx_word' id='word_1_221' title='bbox 1551 2621 1847 2685; x_wconf 67' lang='lat' dir='ltr'><strong>Caesarem,</strong></span> <span class='ocrx_word' id='word_1_222' title='bbox 1888 2624 1984 2694; x_wconf 92' lang='lat' dir='ltr'>qui</span> 
     </span>
    </p>
   </div>
   <div class='ocr_carea' id='block_1_29' title="bbox 402 2707 1985 2784">
    <p class='ocr_par' dir='ltr' id='par_1_29' title="bbox 402 2707 1985 2784">
     <span class='ocr_line' id='line_1_29' title="bbox 402 2707 1985 2784; baseline 0.005 -22"><span class='ocrx_word' id='word_1_223' title='bbox 402 2707 616 2778; x_wconf 80' lang='lat' dir='ltr'><strong>primus</strong></span> <span class='ocrx_word' id='word_1_224' title='bbox 650 2710 1025 2767; x_wconf 84' lang='lat' dir='ltr'><strong>Romanorum</strong></span> <span class='ocrx_word' id='word_1_225' title='bbox 1055 2713 1434 2768; x_wconf 90' lang='lat' dir='ltr'><strong>monarchiam</strong></span> <span class='ocrx_word' id='word_1_226' title='bbox 1463 2715 1756 2784; x_wconf 85' lang='lat' dir='ltr'><strong>occupavit</strong></span> <span class='ocrx_word' id='word_1_227' title='bbox 1802 2733 1816 2770; x_wconf 93' lang='lat'>:</span> <span class='ocrx_word' id='word_1_228' title='bbox 1852 2715 1985 2770; x_wconf 90' lang='lat' dir='ltr'><strong>anni</strong></span> 
     </span>
    </p>
   </div>
   <div class='ocr_carea' id='block_1_30' title="bbox 400 2803 1981 2879">
    <p class='ocr_par' dir='ltr' id='par_1_30' title="bbox 400 2803 1981 2879">
     <span class='ocr_line' id='line_1_30' title="bbox 400 2803 1981 2879; baseline 0.006 -25"><span class='ocrx_word' id='word_1_229' title='bbox 400 2803 790 2870; x_wconf 77' lang='lat' dir='ltr'><strong>praeterierunt</strong></span> <span class='ocrx_word' id='word_1_230' title='bbox 827 2804 1059 2861; x_wconf 88' lang='lat' dir='ltr'><strong>ducenti</strong></span> <span class='ocrx_word' id='word_1_231' title='bbox 1113 2807 1394 2878; x_wconf 86' lang='lat' dir='ltr'><strong>octoginta</strong></span> <span class='ocrx_word' id='word_1_232' title='bbox 1436 2807 1570 2863; x_wconf 91' lang='lat' dir='ltr'><strong>duo.</strong></span> <span class='ocrx_word' id='word_1_233' title='bbox 1602 2809 1689 2863; x_wconf 86' lang='lat' dir='ltr'><strong>Ab</strong></span> <span class='ocrx_word' id='word_1_234' title='bbox 1728 2809 1981 2879; x_wconf 80' lang='lat' dir='ltr'><strong>ejusdem</strong></span> 
     </span>
    </p>
   </div>
   <div class='ocr_carea' id='block_1_31' title="bbox 397 2891 1981 2968">
    <p class='ocr_par' dir='ltr' id='par_1_31' title="bbox 397 2891 1981 2968">
     <span class='ocr_line' id='line_1_31' title="bbox 397 2891 1981 2968; baseline 0.005 -21"><span class='ocrx_word' id='word_1_235' title='bbox 397 2891 632 2950; x_wconf 70' lang='lat' dir='ltr'><strong>Caesaris</strong></span> <span class='ocrx_word' id='word_1_236' title='bbox 691 2895 1009 2968; x_wconf 88' lang='lat' dir='ltr'><strong>principatu</strong></span> <span class='ocrx_word' id='word_1_237' title='bbox 1057 2913 1233 2968; x_wconf 91' lang='lat' dir='ltr'><strong>usque</strong></span> <span class='ocrx_word' id='word_1_238' title='bbox 1302 2898 1371 2953; x_wconf 91' lang='lat' dir='ltr'>ad</span> <span class='ocrx_word' id='word_1_239' title='bbox 1427 2915 1633 2954; x_wconf 84' lang='lat' dir='ltr'><strong>annum</strong></span> <span class='ocrx_word' id='word_1_240' title='bbox 1701 2899 1981 2955; x_wconf 90' lang='lat' dir='ltr'><strong>decimum</strong></span> 
     </span>
    </p>
   </div>
   <div class='ocr_carea' id='block_1_32' title="bbox 397 2985 1982 3060">
    <p class='ocr_par' dir='ltr' id='par_1_32' title="bbox 397 2985 1982 3060">
     <span class='ocr_line' id='line_1_32' title="bbox 397 2985 1982 3060; baseline 0.006 -23"><span class='ocrx_word' id='word_1_241' title='bbox 397 2985 654 3054; x_wconf 90' lang='lat' dir='ltr'><strong>quintum</strong></span> <span class='ocrx_word' id='word_1_242' title='bbox 687 2987 895 3043; x_wconf 85' lang='lat' dir='ltr'><strong>Tiberii</strong></span> <span class='ocrx_word' id='word_1_243' title='bbox 945 2988 1201 3056; x_wconf 66' lang='lat' dir='ltr'><strong>Caesaris,</strong></span> <span class='ocrx_word' id='word_1_244' title='bbox 1231 3006 1343 3060; x_wconf 92' lang='lat' dir='ltr'>quo</span> <span class='ocrx_word' id='word_1_245' title='bbox 1392 2989 1652 3046; x_wconf 88' lang='lat' dir='ltr'><strong>Christus</strong></span> <span class='ocrx_word' id='word_1_246' title='bbox 1686 3006 1717 3046; x_wconf 85' lang='lat' dir='ltr'>a</span> <span class='ocrx_word' id='word_1_247' title='bbox 1769 2992 1982 3048; x_wconf 82' lang='lat' dir='ltr'><strong>Joanne</strong></span> 
     </span>
    </p>
   </div>
   <div class='ocr_carea' id='block_1_33' title="bbox 399 3075 1983 3152">
    <p class='ocr_par' dir='ltr' id='par_1_33' title="bbox 399 3075 1983 3152">
     <span class='ocr_line' id='line_1_33' title="bbox 399 3075 1983 3152; baseline 0.006 -23"><span class='ocrx_word' id='word_1_248' title='bbox 399 3075 646 3142; x_wconf 88' lang='lat' dir='ltr'><strong>Baptista</strong></span> <span class='ocrx_word' id='word_1_249' title='bbox 690 3079 1026 3150; x_wconf 87' lang='lat' dir='ltr'><strong>baptizatus,</strong></span> <span class='ocrx_word' id='word_1_250' title='bbox 1083 3082 1350 3138; x_wconf 90' lang='lat' dir='ltr'><strong>miracula</strong></span> <span class='ocrx_word' id='word_1_251' title='bbox 1381 3082 1551 3152; x_wconf 71' lang='lat' dir='ltr'><strong>coepit</strong></span> <span class='ocrx_word' id='word_1_252' title='bbox 1597 3082 1804 3146; x_wconf 87' lang='lat' dir='ltr'><strong>edere,</strong></span> <span class='ocrx_word' id='word_1_253' title='bbox 1850 3084 1983 3138; x_wconf 92' lang='lat' dir='ltr'><strong>anni</strong></span> 
     </span>
    </p>
   </div>
   <div class='ocr_carea' id='block_1_34' title="bbox 400 3168 1984 3243">
    <p class='ocr_par' dir='ltr' id='par_1_34' title="bbox 400 3168 1984 3243">
     <span class='ocr_line' id='line_1_34' title="bbox 400 3168 1984 3243; baseline 0.005 -20"><span class='ocrx_word' id='word_1_254' title='bbox 400 3168 633 3225; x_wconf 77' lang='lat' dir='ltr'><strong>fuerunt</strong></span> <span class='ocrx_word' id='word_1_255' title='bbox 665 3174 1014 3243; x_wconf 85' lang='lat' dir='ltr'><strong>septuaginta</strong></span> <span class='ocrx_word' id='word_1_256' title='bbox 1048 3182 1162 3230; x_wconf 90' lang='lat' dir='ltr'><strong>tres</strong></span> <span class='ocrx_word' id='word_1_257' title='bbox 1196 3192 1210 3229; x_wconf 94' lang='lat'>:</span> <span class='ocrx_word' id='word_1_258' title='bbox 1243 3183 1305 3229; x_wconf 91' lang='lat' dir='ltr'>ut</span> <span class='ocrx_word' id='word_1_259' title='bbox 1332 3174 1451 3230; x_wconf 64' lang='lat' dir='ltr'><strong>haec</strong></span> <span class='ocrx_word' id='word_1_260' title='bbox 1478 3191 1695 3230; x_wconf 86' lang='lat' dir='ltr'><strong>summa</strong></span> <span class='ocrx_word' id='word_1_261' title='bbox 1725 3177 1984 3233; x_wconf 86' lang='lat' dir='ltr'><strong>conﬁciat</strong></span> 
     </span>
    </p>
   </div>
   <div class='ocr_carea' id='block_1_35' title="bbox 403 3261 1984 3339">
    <p class='ocr_par' dir='ltr' id='par_1_35' title="bbox 403 3261 1984 3339">
     <span class='ocr_line' id='line_1_35' title="bbox 403 3261 1984 3339; baseline 0.007 -27"><span class='ocrx_word' id='word_1_262' title='bbox 403 3273 579 3316; x_wconf 87' lang='lat' dir='ltr'><strong>annos</strong></span> <span class='ocrx_word' id='word_1_263' title='bbox 640 3261 1078 3334; x_wconf 86' lang='lat' dir='ltr'><strong>quadringentos</strong></span> <span class='ocrx_word' id='word_1_264' title='bbox 1141 3273 1200 3320; x_wconf 84' lang='lat' dir='ltr'>et</span> <span class='ocrx_word' id='word_1_265' title='bbox 1250 3266 1534 3336; x_wconf 82' lang='lat' dir='ltr'><strong>sexaginta</strong></span> <span class='ocrx_word' id='word_1_266' title='bbox 1585 3282 1836 3323; x_wconf 91' lang='lat' dir='ltr'><strong>novem:</strong></span> <span class='ocrx_word' id='word_1_267' title='bbox 1887 3267 1984 3339; x_wconf 91' lang='lat' dir='ltr'>qui</span> 
     </span>
    </p>
   </div>
   <div class='ocr_carea' id='block_1_36' title="bbox 402 3350 1982 3431">
    <p class='ocr_par' dir='ltr' id='par_1_36' title="bbox 402 3350 1982 3431">
     <span class='ocr_line' id='line_1_36' title="bbox 402 3350 1982 3431; baseline 0.008 -27"><span class='ocrx_word' id='word_1_268' title='bbox 402 3350 632 3421; x_wconf 90' lang='lat' dir='ltr'><strong>quidem</strong></span> <span class='ocrx_word' id='word_1_269' title='bbox 683 3353 952 3410; x_wconf 88' lang='lat' dir='ltr'><strong>Hebraica</strong></span> <span class='ocrx_word' id='word_1_270' title='bbox 1017 3357 1413 3427; x_wconf 87' lang='lat' dir='ltr'><strong>supputatione</strong></span> <span class='ocrx_word' id='word_1_271' title='bbox 1487 3359 1648 3431; x_wconf 78' lang='lat'>136</span> <span class='ocrx_word' id='word_1_272' title='bbox 1705 3375 1982 3416; x_wconf 89' lang='lat' dir='ltr'><strong>annorum</strong></span> 
     </span>
    </p>
   </div>
   <div class='ocr_carea' id='block_1_37' title="bbox 403 3443 1985 3525">
    <p class='ocr_par' dir='ltr' id='par_1_37' title="bbox 403 3443 1985 3525">
     <span class='ocr_line' id='line_1_37' title="bbox 403 3443 1985 3525; baseline 0.008 -27"><span class='ocrx_word' id='word_1_273' title='bbox 403 3443 708 3501; x_wconf 91' lang='lat' dir='ltr'><strong>conﬁciunt</strong></span> <span class='ocrx_word' id='word_1_274' title='bbox 729 3462 903 3503; x_wconf 92' lang='lat' dir='ltr'><strong>annos</strong></span> <span class='ocrx_word' id='word_1_275' title='bbox 935 3450 1375 3521; x_wconf 87' lang='lat' dir='ltr'><strong>quadringentos</strong></span> <span class='ocrx_word' id='word_1_276' title='bbox 1401 3455 1683 3525; x_wconf 84' lang='lat' dir='ltr'><strong>octoginta</strong></span> <span class='ocrx_word' id='word_1_277' title='bbox 1714 3462 1848 3509; x_wconf 88' lang='lat' dir='ltr'><strong>tres.</strong></span> <span class='ocrx_word' id='word_1_278' title='bbox 1878 3455 1985 3511; x_wconf 89' lang='lat' dir='ltr'>Ne-</span> 
     </span>
    </p>
   </div>
   <div class='ocr_carea' id='block_1_38' title="bbox 398 3537 1981 3609">
    <p class='ocr_par' dir='ltr' id='par_1_38' title="bbox 398 3537 1981 3609">
     <span class='ocr_line' id='line_1_38' title="bbox 398 3537 1981 3609; baseline 0.008 -19"><span class='ocrx_word' id='word_1_279' title='bbox 398 3552 508 3607; x_wconf 88' lang='lat' dir='ltr'>que</span> <span class='ocrx_word' id='word_1_280' title='bbox 531 3537 679 3593; x_wconf 91' lang='lat' dir='ltr'><strong>enim</strong></span> <span class='ocrx_word' id='word_1_281' title='bbox 709 3540 1176 3609; x_wconf 87' lang='lat' dir='ltr'><strong>quemadmodum</strong></span> <span class='ocrx_word' id='word_1_282' title='bbox 1200 3559 1322 3608; x_wconf 89' lang='lat' dir='ltr'><strong>nos,</strong></span> <span class='ocrx_word' id='word_1_283' title='bbox 1371 3545 1449 3599; x_wconf 88' lang='lat' dir='ltr'>ita</span> <span class='ocrx_word' id='word_1_284' title='bbox 1471 3554 1528 3600; x_wconf 88' lang='lat' dir='ltr'>et</span> <span class='ocrx_word' id='word_1_285' title='bbox 1557 3544 1774 3601; x_wconf 69' lang='lat' dir='ltr'><strong>Hebraei</strong></span> <span class='ocrx_word' id='word_1_286' title='bbox 1805 3562 1981 3603; x_wconf 88' lang='lat' dir='ltr'><strong>annos</strong></span> 
     </span>
    </p>
   </div>
   <div class='ocr_carea' id='block_1_39' title="bbox 399 3629 1986 3698">
    <p class='ocr_par' dir='ltr' id='par_1_39' title="bbox 399 3629 1986 3698">
     <span class='ocr_line' id='line_1_39' title="bbox 399 3629 1986 3698; baseline 0.007 -17"><span class='ocrx_word' id='word_1_287' title='bbox 399 3636 726 3698; x_wconf 88' lang='lat' dir='ltr'><strong>supputant,</strong></span> <span class='ocrx_word' id='word_1_288' title='bbox 759 3629 855 3686; x_wconf 88' lang='lat' dir='ltr'>sed</span> <span class='ocrx_word' id='word_1_289' title='bbox 888 3631 956 3685; x_wconf 90' lang='lat' dir='ltr'>ad</span> <span class='ocrx_word' id='word_1_290' title='bbox 1002 3646 1226 3686; x_wconf 88' lang='lat' dir='ltr'><strong>cursum</strong></span> <span class='ocrx_word' id='word_1_291' title='bbox 1256 3633 1507 3688; x_wconf 91' lang='lat' dir='ltr'><strong>lunarem</strong></span> <span class='ocrx_word' id='word_1_292' title='bbox 1541 3635 1738 3691; x_wconf 90' lang='lat' dir='ltr'><strong>diebus</strong></span> <span class='ocrx_word' id='word_1_293' title='bbox 1767 3645 1986 3692; x_wconf 91' lang='lat' dir='ltr'><strong>trecen-</strong></span> 
     </span>
    </p>
   </div>
   <div class='ocr_carea' id='block_1_40' title="bbox 401 3718 1985 3797">
    <p class='ocr_par' dir='ltr' id='par_1_40' title="bbox 401 3718 1985 3797">
     <span class='ocr_line' id='line_1_40' title="bbox 401 3718 1985 3797; baseline 0.006 -24"><span class='ocrx_word' id='word_1_294' title='bbox 401 3718 474 3774; x_wconf 83' lang='lat' dir='ltr'>tis</span> <span class='ocrx_word' id='word_1_295' title='bbox 505 3729 562 3775; x_wconf 92' lang='lat' dir='ltr'>et</span> <span class='ocrx_word' id='word_1_296' title='bbox 591 3721 992 3793; x_wconf 88' lang='lat' dir='ltr'><strong>quinquaginta</strong></span> <span class='ocrx_word' id='word_1_297' title='bbox 1040 3722 1352 3788; x_wconf 89' lang='lat' dir='ltr'><strong>absolvunt,</strong></span> <span class='ocrx_word' id='word_1_298' title='bbox 1391 3734 1451 3779; x_wconf 91' lang='lat' dir='ltr'>ut</span> <span class='ocrx_word' id='word_1_299' title='bbox 1483 3725 1550 3780; x_wconf 91' lang='lat' dir='ltr'>de</span> <span class='ocrx_word' id='word_1_300' title='bbox 1577 3726 1831 3797; x_wconf 87' lang='lat' dir='ltr'><strong>quolibet</strong></span> <span class='ocrx_word' id='word_1_301' title='bbox 1883 3742 1985 3782; x_wconf 89' lang='lat' dir='ltr'><strong>no-</strong></span> 
     </span>
    </p>
   </div>
   <div class='ocr_carea' id='block_1_41' title="bbox 2083 1235 3666 1307">
    <p class='ocr_par' dir='ltr' id='par_1_41' title="bbox 2083 1235 3666 1307">
     <span class='ocr_line' id='line_1_41' title="bbox 2083 1235 3666 1307; baseline 0.001 -16"><span class='ocrx_word' id='word_1_302' title='bbox 2083 1235 2200 1291; x_wconf 83' lang='grc' dir='ltr'>ἀλλ’</span> <span class='ocrx_word' id='word_1_303' title='bbox 2241 1235 2337 1306; x_wconf 85' lang='grc' dir='ltr'>οὐχ</span> <span class='ocrx_word' id='word_1_304' title='bbox 2367 1235 2504 1306; x_wconf 89' lang='grc' dir='ltr'>όμοῦ</span> <span class='ocrx_word' id='word_1_305' title='bbox 2536 1236 2592 1290; x_wconf 88' lang='grc' dir='ltr'>αἱ</span> <span class='ocrx_word' id='word_1_306' title='bbox 2646 1235 2942 1304; x_wconf 88' lang='grc' dir='ltr'>ἐϐδομάδες</span> <span class='ocrx_word' id='word_1_307' title='bbox 2991 1236 3350 1307; x_wconf 78' lang='grc' dir='ltr'>ἠρίθμηνται.</span> <span class='ocrx_word' id='word_1_308' title='bbox 3381 1239 3474 1303; x_wconf 72' lang='lat' dir='ltr'>Et;</span> <span class='ocrx_word' id='word_1_309' title='bbox 3524 1240 3666 1293; x_wconf 71' lang='grc' dir='ltr'>ἐπτά</span> 
     </span>
    </p>
   </div>
   <div class='ocr_carea' id='block_1_42' title="bbox 2083 1327 3660 1402">
    <p class='ocr_par' dir='ltr' id='par_1_42' title="bbox 2083 1327 3660 1402">
     <span class='ocr_line' id='line_1_42' title="bbox 2083 1327 3660 1402; baseline 0.001 -19"><span class='ocrx_word' id='word_1_310' title='bbox 2083 1329 2141 1383; x_wconf 82' lang='grc' dir='ltr'>δὲ</span> <span class='ocrx_word' id='word_1_311' title='bbox 2174 1332 2268 1383; x_wconf 82' lang='grc' dir='ltr'>καὶ</span> <span class='ocrx_word' id='word_1_312' title='bbox 2299 1327 2673 1399; x_wconf 79' lang='grc' dir='ltr'>ἑξηκονταδύο</span> <span class='ocrx_word' id='word_1_313' title='bbox 2700 1328 3008 1401; x_wconf 77' lang='grc' dir='ltr'>διῄρηνται,</span> <span class='ocrx_word' id='word_1_314' title='bbox 3041 1330 3136 1382; x_wconf 86' lang='grc' dir='ltr'>καὶ</span> <span class='ocrx_word' id='word_1_315' title='bbox 3161 1333 3243 1394; x_wconf 90' lang='grc' dir='ltr'>είς</span> <span class='ocrx_word' id='word_1_316' title='bbox 3273 1332 3405 1402; x_wconf 89' lang='grc' dir='ltr'>μίαν</span> <span class='ocrx_word' id='word_1_317' title='bbox 3435 1332 3660 1402; x_wconf 84' lang='grc' dir='ltr'>ἐτέραν;</span> 
     </span>
    </p>
   </div>
   <div class='ocr_carea' id='block_1_43' title="bbox 2085 1419 3664 1494">
    <p class='ocr_par' dir='ltr' id='par_1_43' title="bbox 2085 1419 3664 1494">
     <span class='ocr_line' id='line_1_43' title="bbox 2085 1419 3664 1494; baseline 0.015 -30"><span class='ocrx_word' id='word_1_318' title='bbox 2085 1421 2198 1490; x_wconf 60' lang='grc' dir='ltr'>οὐχ</span> <span class='ocrx_word' id='word_1_319' title='bbox 2236 1421 2313 1484; x_wconf 83' lang='grc' dir='ltr'>ὼς</span> <span class='ocrx_word' id='word_1_320' title='bbox 2349 1421 2509 1491; x_wconf 83' lang='grc' dir='ltr'>ἐτυχε</span> <span class='ocrx_word' id='word_1_321' title='bbox 2537 1419 2621 1474; x_wconf 71' lang='grc' dir='ltr'>’δὲ</span> <span class='ocrx_word' id='word_1_322' title='bbox 2671 1419 2830 1475; x_wconf 90' lang='grc' dir='ltr'>τοῦτο</span> <span class='ocrx_word' id='word_1_323' title='bbox 2892 1419 3195 1490; x_wconf 86' lang='grc' dir='ltr'>πεποίηκεν</span> <span class='ocrx_word' id='word_1_324' title='bbox 3225 1423 3254 1475; x_wconf 89' lang='lat'>6</span> <span class='ocrx_word' id='word_1_325' title='bbox 3304 1423 3664 1494; x_wconf 63' lang='grc' dir='ltr'>ἀρχάγγελος.</span> 
     </span>
    </p>
   </div>
   <div class='ocr_carea' id='block_1_44' title="bbox 2085 1510 3666 1574">
    <p class='ocr_par' dir='ltr' id='par_1_44' title="bbox 2085 1510 3666 1574">
     <span class='ocr_line' id='line_1_44' title="bbox 2085 1510 3666 1574; baseline 0.001 -9"><span class='ocrx_word' id='word_1_326' title='bbox 2085 1511 2226 1566; x_wconf 88' lang='grc' dir='ltr'>ἀλλά</span> <span class='ocrx_word' id='word_1_327' title='bbox 2269 1529 2391 1565; x_wconf 90' lang='grc' dir='ltr'>τινα</span> <span class='ocrx_word' id='word_1_328' title='bbox 2443 1510 2607 1565; x_wconf 90' lang='grc' dir='ltr'>καινά</span> <span class='ocrx_word' id='word_1_329' title='bbox 2645 1511 2734 1565; x_wconf 75' lang='grc' dir='ltr'>διὰ</span> <span class='ocrx_word' id='word_1_330' title='bbox 2765 1511 2973 1565; x_wconf 89' lang='grc' dir='ltr'>τούτων</span> <span class='ocrx_word' id='word_1_331' title='bbox 3012 1513 3282 1567; x_wconf 81' lang='grc' dir='ltr'>διδάσκων</span> <span class='ocrx_word' id='word_1_332' title='bbox 3319 1515 3375 1566; x_wconf 83' lang='grc' dir='ltr'>ἐν</span> <span class='ocrx_word' id='word_1_333' title='bbox 3405 1517 3526 1574; x_wconf 85' lang='grc' dir='ltr'>ταῖς</span> <span class='ocrx_word' id='word_1_334' title='bbox 3558 1513 3666 1566; x_wconf 81' lang='grc' dir='ltr'>τῶν</span> 
     </span>
    </p>
   </div>
   <div class='ocr_carea' id='block_1_45' title="bbox 2085 1603 3664 1676">
    <p class='ocr_par' dir='ltr' id='par_1_45' title="bbox 2085 1603 3664 1676">
     <span class='ocr_line' id='line_1_45' title="bbox 2085 1603 3664 1676; baseline 0.004 -21"><span class='ocrx_word' id='word_1_335' title='bbox 2085 1606 2296 1675; x_wconf 80' lang='grc' dir='ltr'>χρόνων</span> <span class='ocrx_word' id='word_1_336' title='bbox 2330 1603 2634 1673; x_wconf 80' lang='grc' dir='ltr'>διαιρέσεσι</span> <span class='ocrx_word' id='word_1_337' title='bbox 2685 1603 3101 1674; x_wconf 88' lang='grc' dir='ltr'>συμϐησόμενα.</span> <span class='ocrx_word' id='word_1_338' title='bbox 3145 1606 3208 1658; x_wconf 81' lang='lat' dir='ltr'><strong>El</strong></span> <span class='ocrx_word' id='word_1_339' title='bbox 3244 1605 3352 1676; x_wconf 85' lang='grc' dir='ltr'>γάρ</span> <span class='ocrx_word' id='word_1_340' title='bbox 3409 1606 3519 1659; x_wconf 85' lang='grc' dir='ltr'>ἀπὸ</span> <span class='ocrx_word' id='word_1_341' title='bbox 3567 1607 3664 1676; x_wconf 74' lang='grc' dir='ltr'>τῆς</span> 
     </span>
    </p>
   </div>
   <div class='ocr_carea' id='block_1_46' title="bbox 2084 1695 3667 1769">
    <p class='ocr_par' dir='ltr' id='par_1_46' title="bbox 2084 1695 3667 1769">
     <span class='ocr_line' id='line_1_46' title="bbox 2084 1695 3667 1769; baseline 0.003 -22"><span class='ocrx_word' id='word_1_342' title='bbox 2084 1695 2194 1750; x_wconf 86' lang='grc' dir='ltr'>τῶν</span> <span class='ocrx_word' id='word_1_343' title='bbox 2242 1695 2635 1766; x_wconf 87' lang='grc' dir='ltr'>Ἰεροσολύμων</span> <span class='ocrx_word' id='word_1_344' title='bbox 2689 1696 2984 1766; x_wconf 81' lang='grc' dir='ltr'>οἰκοδομῆς</span> <span class='ocrx_word' id='word_1_345' title='bbox 3029 1697 3130 1769; x_wconf 80' lang='grc' dir='ltr'>τῆς</span> <span class='ocrx_word' id='word_1_346' title='bbox 3177 1697 3271 1752; x_wconf 75' lang='grc' dir='ltr'>ἐπὶ</span> <span class='ocrx_word' id='word_1_347' title='bbox 3302 1698 3562 1768; x_wconf 77' lang='grc' dir='ltr'>Νεεμίου,</span> <span class='ocrx_word' id='word_1_348' title='bbox 3593 1699 3667 1763; x_wconf 85' lang='grc' dir='ltr'>ὡς</span> 
     </span>
    </p>
   </div>
   <div class='ocr_carea' id='block_1_47' title="bbox 2085 1786 3666 1860">
    <p class='ocr_par' dir='ltr' id='par_1_47' title="bbox 2085 1786 3666 1860">
     <span class='ocr_line' id='line_1_47' title="bbox 2085 1786 3666 1860; baseline 0.002 -21"><span class='ocrx_word' id='word_1_349' title='bbox 2085 1787 2324 1857; x_wconf 77' lang='grc' dir='ltr'>εἴρηται,</span> <span class='ocrx_word' id='word_1_350' title='bbox 2386 1787 2690 1858; x_wconf 81' lang='grc' dir='ltr'>γενομένης</span> <span class='ocrx_word' id='word_1_351' title='bbox 2749 1786 3070 1858; x_wconf 86' lang='grc' dir='ltr'>ἀριθμοῖντο</span> <span class='ocrx_word' id='word_1_352' title='bbox 3122 1789 3172 1842; x_wconf 79' lang='grc' dir='ltr'>οἱ</span> <span class='ocrx_word' id='word_1_353' title='bbox 3228 1789 3411 1859; x_wconf 85' lang='grc' dir='ltr'>χρόνοι</span> <span class='ocrx_word' id='word_1_354' title='bbox 3469 1789 3666 1860; x_wconf 80' lang='grc' dir='ltr'>μέχρις</span> 
     </span>
    </p>
   </div>
   <div class='ocr_carea' id='block_1_48' title="bbox 2098 1872 3668 1951">
    <p class='ocr_par' dir='ltr' id='par_1_48' title="bbox 2098 1872 3668 1951">
     <span class='ocr_line' id='line_1_48' title="bbox 2098 1872 3668 1951; baseline 0.001 -19"><span class='ocrx_word' id='word_1_355' title='bbox 2098 1878 2370 1951; x_wconf 74' lang='grc' dir='ltr'>’Υρκανσῦ</span> <span class='ocrx_word' id='word_1_356' title='bbox 2426 1877 2521 1932; x_wconf 91' lang='grc' dir='ltr'>τοῦ</span> <span class='ocrx_word' id='word_1_357' title='bbox 2565 1880 2892 1950; x_wconf 84' lang='grc' dir='ltr'>ἀρχιερέως,</span> <span class='ocrx_word' id='word_1_358' title='bbox 2940 1880 3025 1948; x_wconf 84' lang='grc' dir='ltr'>ἐφ’</span> <span class='ocrx_word' id='word_1_359' title='bbox 3051 1872 3114 1934; x_wconf 76' lang='grc' dir='ltr'>οὗ</span> <span class='ocrx_word' id='word_1_360' title='bbox 3169 1879 3229 1932; x_wconf 76' lang='grc' dir='ltr'>τὸ</span> <span class='ocrx_word' id='word_1_361' title='bbox 3259 1880 3370 1932; x_wconf 84' lang='grc' dir='ltr'>τῶν</span> <span class='ocrx_word' id='word_1_362' title='bbox 3417 1883 3668 1950; x_wconf 79' lang='grc' dir='ltr'>Ἀσαμω-</span> 
     </span>
    </p>
   </div>
   <div class='ocr_carea' id='block_1_49' title="bbox 2087 1972 3666 2045">
    <p class='ocr_par' dir='ltr' id='par_1_49' title="bbox 2087 1972 3666 2045">
     <span class='ocr_line' id='line_1_49' title="bbox 2087 1972 3666 2045; baseline 0 -19"><span class='ocrx_word' id='word_1_363' title='bbox 2087 1975 2254 2028; x_wconf 78' lang='grc' dir='ltr'>ναίων</span> <span class='ocrx_word' id='word_1_364' title='bbox 2294 1972 2451 2040; x_wconf 69' lang='grc' dir='ltr'>γένος</span> <span class='ocrx_word' id='word_1_365' title='bbox 2481 1973 2698 2040; x_wconf 86' lang='grc' dir='ltr'>ἐπαύθη</span> <span class='ocrx_word' id='word_1_366' title='bbox 2727 1972 2822 2026; x_wconf 90' lang='grc' dir='ltr'>τοῦ</span> <span class='ocrx_word' id='word_1_367' title='bbox 2857 1973 3132 2043; x_wconf 81' lang='grc' dir='ltr'>ἱερᾶσθαι,</span> <span class='ocrx_word' id='word_1_368' title='bbox 3166 1976 3193 2027; x_wconf 88' lang='lat'>6</span> <span class='ocrx_word' id='word_1_369' title='bbox 3221 1974 3331 2027; x_wconf 81' lang='grc' dir='ltr'>τῶν</span> <span class='ocrx_word' id='word_1_370' title='bbox 3375 1973 3666 2045; x_wconf 78' lang='grc' dir='ltr'>ἑξηκοντα-</span> 
     </span>
    </p>
   </div>
   <div class='ocr_carea' id='block_1_50' title="bbox 2087 2063 3665 2136">
    <p class='ocr_par' dir='ltr' id='par_1_50' title="bbox 2087 2063 3665 2136">
     <span class='ocr_line' id='line_1_50' title="bbox 2087 2063 3665 2136; baseline 0.001 -18"><span class='ocrx_word' id='word_1_371' title='bbox 2087 2064 2184 2118; x_wconf 85' lang='grc' dir='ltr'>δύο</span> <span class='ocrx_word' id='word_1_372' title='bbox 2229 2063 2546 2133; x_wconf 83' lang='grc' dir='ltr'>ὲϐδομάδων</span> <span class='ocrx_word' id='word_1_373' title='bbox 2591 2063 2826 2134; x_wconf 74' lang='grc' dir='ltr'>ἀριθμὸς</span> <span class='ocrx_word' id='word_1_374' title='bbox 2884 2065 3342 2135; x_wconf 83' lang='grc' dir='ltr'>συμπεραίνεται.</span> <span class='ocrx_word' id='word_1_375' title='bbox 3395 2066 3531 2118; x_wconf 75' lang='grc' dir='ltr'>Ἀπὸ</span> <span class='ocrx_word' id='word_1_376' title='bbox 3567 2067 3665 2136; x_wconf 82' lang='grc' dir='ltr'>μὲν</span> 
     </span>
    </p>
   </div>
   <div class='ocr_carea' id='block_1_51' title="bbox 2086 2155 3664 2230">
    <p class='ocr_par' dir='ltr' id='par_1_51' title="bbox 2086 2155 3664 2230">
     <span class='ocr_line' id='line_1_51' title="bbox 2086 2155 3664 2230; baseline 0.001 -20"><span class='ocrx_word' id='word_1_377' title='bbox 2086 2157 2200 2230; x_wconf 78' lang='grc' dir='ltr'>γάρ</span> <span class='ocrx_word' id='word_1_378' title='bbox 2223 2156 2317 2210; x_wconf 90' lang='grc' dir='ltr'>τοῦ</span> <span class='ocrx_word' id='word_1_379' title='bbox 2351 2155 2599 2209; x_wconf 79' lang='grc' dir='ltr'>εἰκοστοῦ</span> <span class='ocrx_word' id='word_1_380' title='bbox 2631 2156 2787 2220; x_wconf 83' lang='grc' dir='ltr'>ἐτους</span> <span class='ocrx_word' id='word_1_381' title='bbox 2823 2156 2924 2226; x_wconf 80' lang='grc' dir='ltr'>τῆς</span> <span class='ocrx_word' id='word_1_382' title='bbox 2961 2157 3242 2228; x_wconf 75' lang='grc' dir='ltr'>βασιλείας</span> <span class='ocrx_word' id='word_1_383' title='bbox 3272 2159 3664 2228; x_wconf 80' lang='grc' dir='ltr'>Ἀρταξέρξου,</span> 
     </span>
    </p>
   </div>
   <div class='ocr_carea' id='block_1_52' title="bbox 2081 2247 3664 2321">
    <p class='ocr_par' dir='ltr' id='par_1_52' title="bbox 2081 2247 3664 2321">
     <span class='ocr_line' id='line_1_52' title="bbox 2081 2247 3664 2321; baseline 0.001 -18"><span class='ocrx_word' id='word_1_384' title='bbox 2081 2249 2140 2312; x_wconf 81' lang='grc' dir='ltr'>ὃς</span> <span class='ocrx_word' id='word_1_385' title='bbox 2173 2249 2252 2318; x_wconf 84' lang='grc' dir='ltr'>τῷ</span> <span class='ocrx_word' id='word_1_386' title='bbox 2282 2247 2494 2321; x_wconf 81' lang='grc' dir='ltr'>Νεεμίᾳ</span> <span class='ocrx_word' id='word_1_387' title='bbox 2535 2248 2637 2320; x_wconf 81' lang='grc' dir='ltr'>τὴν</span> <span class='ocrx_word' id='word_1_388' title='bbox 2676 2251 2756 2312; x_wconf 88' lang='grc' dir='ltr'>είς</span> <span class='ocrx_word' id='word_1_389' title='bbox 2800 2249 3168 2321; x_wconf 78' lang='grc' dir='ltr'>Ἰερουσαλὴμ</span> <span class='ocrx_word' id='word_1_390' title='bbox 3205 2250 3467 2304; x_wconf 77' lang='grc' dir='ltr'>ἐπάνοδον</span> <span class='ocrx_word' id='word_1_391' title='bbox 3497 2251 3664 2305; x_wconf 77' lang='grc' dir='ltr'>ἔδωκε</span> 
     </span>
    </p>
   </div>
   <div class='ocr_carea' id='block_1_53' title="bbox 2086 2339 3662 2414">
    <p class='ocr_par' dir='ltr' id='par_1_53' title="bbox 2086 2339 3662 2414">
     <span class='ocr_line' id='line_1_53' title="bbox 2086 2339 3662 2414; baseline 0.003 -22"><span class='ocrx_word' id='word_1_392' title='bbox 2086 2340 2168 2411; x_wconf 87' lang='grc' dir='ltr'>τῷ</span> <span class='ocrx_word' id='word_1_393' title='bbox 2198 2339 2403 2410; x_wconf 90' lang='grc' dir='ltr'>ταύτην</span> <span class='ocrx_word' id='word_1_394' title='bbox 2451 2341 2779 2410; x_wconf 82' lang='grc' dir='ltr'>τειχίσαντι,</span> <span class='ocrx_word' id='word_1_395' title='bbox 2812 2340 2914 2404; x_wconf 83' lang='grc' dir='ltr'>ἐως</span> <span class='ocrx_word' id='word_1_396' title='bbox 2951 2342 3181 2412; x_wconf 81' lang='grc' dir='ltr'>Δαρείου</span> <span class='ocrx_word' id='word_1_397' title='bbox 3233 2341 3328 2395; x_wconf 90' lang='grc' dir='ltr'>τοῦ</span> <span class='ocrx_word' id='word_1_398' title='bbox 3362 2343 3662 2414; x_wconf 80' lang='grc' dir='ltr'>Ἀρσάμου,</span> 
     </span>
    </p>
   </div>
   <div class='ocr_carea' id='block_1_54' title="bbox 2085 2431 3667 2504">
    <p class='ocr_par' dir='ltr' id='par_1_54' title="bbox 2085 2431 3667 2504">
     <span class='ocr_line' id='line_1_54' title="bbox 2085 2431 3667 2504; baseline 0.001 -18"><span class='ocrx_word' id='word_1_399' title='bbox 2085 2431 2144 2486; x_wconf 81' lang='grc' dir='ltr'>ὃν</span> <span class='ocrx_word' id='word_1_400' title='bbox 2179 2431 2430 2485; x_wconf 78' lang='grc' dir='ltr'>καθεῖλεν</span> <span class='ocrx_word' id='word_1_401' title='bbox 2455 2431 2830 2502; x_wconf 82' lang='grc' dir='ltr'>Ἀλέξανδρος,</span> <span class='ocrx_word' id='word_1_402' title='bbox 2859 2433 3053 2486; x_wconf 86' lang='grc' dir='ltr'>ἐκατὸν</span> <span class='ocrx_word' id='word_1_403' title='bbox 3095 2434 3192 2504; x_wconf 75' lang='grc' dir='ltr'>ἔτη</span> <span class='ocrx_word' id='word_1_404' title='bbox 3219 2435 3327 2488; x_wconf 78' lang='grc' dir='ltr'>είσὶ</span> <span class='ocrx_word' id='word_1_405' title='bbox 3357 2437 3452 2489; x_wconf 77' lang='grc' dir='ltr'>καὶ</span> <span class='ocrx_word' id='word_1_406' title='bbox 3473 2453 3667 2488; x_wconf 70' lang='grc' dir='ltr'>τεσσα-</span> 
     </span>
    </p>
   </div>
   <div class='ocr_carea' id='block_1_55' title="bbox 2090 2521 3664 2598">
    <p class='ocr_par' dir='ltr' id='par_1_55' title="bbox 2090 2521 3664 2598">
     <span class='ocr_line' id='line_1_55' title="bbox 2090 2521 3664 2598; baseline 0.003 -24"><span class='ocrx_word' id='word_1_407' title='bbox 2090 2521 2438 2592; x_wconf 86' lang='grc' dir='ltr'>ρεσκαίδεκα.</span> <span class='ocrx_word' id='word_1_408' title='bbox 2474 2521 2572 2575; x_wconf 89' lang='grc' dir='ltr'>Ἐκ</span> <span class='ocrx_word' id='word_1_409' title='bbox 2601 2521 2656 2575; x_wconf 81' lang='grc' dir='ltr'>δὲ</span> <span class='ocrx_word' id='word_1_410' title='bbox 2690 2522 2792 2592; x_wconf 78' lang='grc' dir='ltr'>τῆς</span> <span class='ocrx_word' id='word_1_411' title='bbox 2851 2524 3225 2593; x_wconf 79' lang='grc' dir='ltr'>καθαιρέσεως</span> <span class='ocrx_word' id='word_1_412' title='bbox 3256 2525 3356 2594; x_wconf 80' lang='grc' dir='ltr'>τῆς</span> <span class='ocrx_word' id='word_1_413' title='bbox 3383 2526 3492 2579; x_wconf 84' lang='grc' dir='ltr'>τῶν</span> <span class='ocrx_word' id='word_1_414' title='bbox 3523 2527 3664 2598; x_wconf 88' lang='grc' dir='ltr'>Περ-</span> 
     </span>
    </p>
   </div>
   <div class='ocr_carea' id='block_1_56' title="bbox 2087 2613 3665 2688">
    <p class='ocr_par' dir='ltr' id='par_1_56' title="bbox 2087 2613 3665 2688">
     <span class='ocr_line' id='line_1_56' title="bbox 2087 2613 3665 2688; baseline 0.004 -22"><span class='ocrx_word' id='word_1_415' title='bbox 2087 2613 2198 2667; x_wconf 76' lang='grc' dir='ltr'>σῶν</span> <span class='ocrx_word' id='word_1_416' title='bbox 2233 2613 2512 2681; x_wconf 81' lang='grc' dir='ltr'>βασιλείας</span> <span class='ocrx_word' id='word_1_417' title='bbox 2543 2615 2600 2668; x_wconf 80' lang='grc' dir='ltr'>ἐν</span> <span class='ocrx_word' id='word_1_418' title='bbox 2627 2614 2772 2684; x_wconf 83' lang='grc' dir='ltr'>ἐκτῳ</span> <span class='ocrx_word' id='word_1_419' title='bbox 2801 2617 3104 2686; x_wconf 86' lang='grc' dir='ltr'>γενομένης</span> <span class='ocrx_word' id='word_1_420' title='bbox 3142 2615 3254 2670; x_wconf 79' lang='grc' dir='ltr'>ἔτει</span> <span class='ocrx_word' id='word_1_421' title='bbox 3285 2618 3383 2688; x_wconf 83' lang='grc' dir='ltr'>τῆς</span> <span class='ocrx_word' id='word_1_422' title='bbox 3414 2617 3665 2684; x_wconf 79' lang='grc' dir='ltr'>Ἀλεξάν-</span> 
     </span>
    </p>
   </div>
   <div class='ocr_carea' id='block_1_57' title="bbox 2085 2708 3662 2784">
    <p class='ocr_par' dir='ltr' id='par_1_57' title="bbox 2085 2708 3662 2784">
     <span class='ocr_line' id='line_1_57' title="bbox 2085 2708 3662 2784; baseline 0.004 -22"><span class='ocrx_word' id='word_1_423' title='bbox 2085 2708 2214 2780; x_wconf 91' lang='grc' dir='ltr'>δρου</span> <span class='ocrx_word' id='word_1_424' title='bbox 2279 2709 2415 2780; x_wconf 82' lang='grc' dir='ltr'>πρὸς</span> <span class='ocrx_word' id='word_1_425' title='bbox 2455 2709 2553 2776; x_wconf 83' lang='grc' dir='ltr'>τὴν</span> <span class='ocrx_word' id='word_1_426' title='bbox 2601 2708 2793 2763; x_wconf 79' lang='grc' dir='ltr'>Ἀσίαν</span> <span class='ocrx_word' id='word_1_427' title='bbox 2844 2711 3137 2780; x_wconf 85' lang='grc' dir='ltr'>στρατείας</span> <span class='ocrx_word' id='word_1_428' title='bbox 3189 2712 3386 2784; x_wconf 89' lang='grc' dir='ltr'>μέχρις</span> <span class='ocrx_word' id='word_1_429' title='bbox 3438 2715 3662 2769; x_wconf 82' lang='grc' dir='ltr'>Ἰουλίου</span> 
     </span>
    </p>
   </div>
   <div class='ocr_carea' id='block_1_58' title="bbox 2085 2801 3664 2876">
    <p class='ocr_par' dir='ltr' id='par_1_58' title="bbox 2085 2801 3664 2876">
     <span class='ocr_line' id='line_1_58' title="bbox 2085 2801 3664 2876; baseline 0.004 -22"><span class='ocrx_word' id='word_1_430' title='bbox 2085 2801 2366 2872; x_wconf 77' lang='grc' dir='ltr'>Καίσαρος</span> <span class='ocrx_word' id='word_1_431' title='bbox 2400 2801 2586 2864; x_wconf 81' lang='grc' dir='ltr'>Γαΐου,</span> <span class='ocrx_word' id='word_1_432' title='bbox 2621 2801 2680 2865; x_wconf 82' lang='grc' dir='ltr'>ὃς</span> <span class='ocrx_word' id='word_1_433' title='bbox 2716 2801 2934 2873; x_wconf 82' lang='grc' dir='ltr'>πρῶτος</span> <span class='ocrx_word' id='word_1_434' title='bbox 2969 2806 3034 2872; x_wconf 82' lang='grc' dir='ltr'>τῆ</span> <span class='ocrx_word' id='word_1_435' title='bbox 3069 2807 3343 2876; x_wconf 86' lang='grc' dir='ltr'>μοναρχίᾳ</span> <span class='ocrx_word' id='word_1_436' title='bbox 3373 2804 3483 2859; x_wconf 85' lang='grc' dir='ltr'>τῶν</span> <span class='ocrx_word' id='word_1_437' title='bbox 3525 2807 3664 2860; x_wconf 81' lang='grc' dir='ltr'>Ῥω-</span> 
     </span>
    </p>
   </div>
   <div class='ocr_carea' id='block_1_59' title="bbox 2087 2890 3664 2964">
    <p class='ocr_par' dir='ltr' id='par_1_59' title="bbox 2087 2890 3664 2964">
     <span class='ocr_line' id='line_1_59' title="bbox 2087 2890 3664 2964; baseline 0.004 -21"><span class='ocrx_word' id='word_1_438' title='bbox 2087 2892 2265 2960; x_wconf 84' lang='grc' dir='ltr'>μαίων</span> <span class='ocrx_word' id='word_1_439' title='bbox 2324 2890 2773 2960; x_wconf 77' lang='grc' dir='ltr'>ἐπικεχείρηκεν,</span> <span class='ocrx_word' id='word_1_440' title='bbox 2833 2891 2929 2964; x_wconf 84' lang='grc' dir='ltr'>έτη</span> <span class='ocrx_word' id='word_1_441' title='bbox 2991 2893 3350 2964; x_wconf 85' lang='grc' dir='ltr'>παρήλθοσαν</span> <span class='ocrx_word' id='word_1_442' title='bbox 3410 2896 3664 2950; x_wconf 86' lang='grc' dir='ltr'>διακόσια</span> 
     </span>
    </p>
   </div>
   <div class='ocr_carea' id='block_1_60' title="bbox 2083 2983 3662 3058">
    <p class='ocr_par' dir='ltr' id='par_1_60' title="bbox 2083 2983 3662 3058">
     <span class='ocr_line' id='line_1_60' title="bbox 2083 2983 3662 3058; baseline 0.005 -23"><span class='ocrx_word' id='word_1_443' title='bbox 2083 2983 2419 3054; x_wconf 79' lang='grc' dir='ltr'>ὀγδοήκοντα</span> <span class='ocrx_word' id='word_1_444' title='bbox 2477 2983 2575 3036; x_wconf 76' lang='grc' dir='ltr'>καὶ</span> <span class='ocrx_word' id='word_1_445' title='bbox 2631 2983 2745 3038; x_wconf 87' lang='grc' dir='ltr'>δύο.</span> <span class='ocrx_word' id='word_1_446' title='bbox 2796 2985 2893 3038; x_wconf 86' lang='grc' dir='ltr'>Ἐκ</span> <span class='ocrx_word' id='word_1_447' title='bbox 2943 2985 3002 3038; x_wconf 86' lang='grc' dir='ltr'>δέ</span> <span class='ocrx_word' id='word_1_448' title='bbox 3055 2988 3154 3057; x_wconf 80' lang='grc' dir='ltr'>τῆς</span> <span class='ocrx_word' id='word_1_449' title='bbox 3209 2988 3512 3058; x_wconf 84' lang='grc' dir='ltr'>αὑταρχίας</span> <span class='ocrx_word' id='word_1_450' title='bbox 3567 2988 3662 3043; x_wconf 90' lang='grc' dir='ltr'>τοῦ</span> 
     </span>
    </p>
   </div>
   <div class='ocr_carea' id='block_1_61' title="bbox 2084 3074 3661 3150">
    <p class='ocr_par' dir='ltr' id='par_1_61' title="bbox 2084 3074 3661 3150">
     <span class='ocr_line' id='line_1_61' title="bbox 2084 3074 3661 3150; baseline 0.003 -21"><span class='ocrx_word' id='word_1_451' title='bbox 2084 3077 2363 3146; x_wconf 81' lang='grc' dir='ltr'>Καίσαρος</span> <span class='ocrx_word' id='word_1_452' title='bbox 2392 3075 2497 3138; x_wconf 76' lang='grc' dir='ltr'>ἕως</span> <span class='ocrx_word' id='word_1_453' title='bbox 2529 3074 2682 3140; x_wconf 76' lang='grc' dir='ltr'>ἔτους</span> <span class='ocrx_word' id='word_1_454' title='bbox 2713 3077 3204 3132; x_wconf 79' lang='grc' dir='ltr'>πεντεκαιδεκάτου</span> <span class='ocrx_word' id='word_1_455' title='bbox 3242 3078 3493 3150; x_wconf 86' lang='grc' dir='ltr'>Τιϐερίου</span> <span class='ocrx_word' id='word_1_456' title='bbox 3524 3081 3661 3134; x_wconf 87' lang='grc' dir='ltr'>Καί-</span> 
     </span>
    </p>
   </div>
   <div class='ocr_carea' id='block_1_62' title="bbox 2086 3167 3656 3242">
    <p class='ocr_par' dir='ltr' id='par_1_62' title="bbox 2086 3167 3656 3242">
     <span class='ocr_line' id='line_1_62' title="bbox 2086 3167 3656 3242; baseline 0.003 -22"><span class='ocrx_word' id='word_1_457' title='bbox 2086 3183 2277 3239; x_wconf 89' lang='grc' dir='ltr'>σαρος,</span> <span class='ocrx_word' id='word_1_458' title='bbox 2321 3167 2486 3236; x_wconf 80' lang='grc' dir='ltr'>ἡνίκα</span> <span class='ocrx_word' id='word_1_459' title='bbox 2518 3168 2545 3220; x_wconf 92' lang='lat'>6</span> <span class='ocrx_word' id='word_1_460' title='bbox 2585 3167 2819 3236; x_wconf 83' lang='grc' dir='ltr'>Χριστὸς</span> <span class='ocrx_word' id='word_1_461' title='bbox 2876 3167 2981 3222; x_wconf 77' lang='grc' dir='ltr'>ὑπὸ</span> <span class='ocrx_word' id='word_1_462' title='bbox 3019 3168 3270 3223; x_wconf 85' lang='grc' dir='ltr'>Ἰωάννου</span> <span class='ocrx_word' id='word_1_463' title='bbox 3327 3171 3656 3242; x_wconf 80' lang='grc' dir='ltr'>ἐϐαπτίσθη,</span> 
     </span>
    </p>
   </div>
   <div class='ocr_carea' id='block_1_63' title="bbox 2083 3256 3665 3332">
    <p class='ocr_par' dir='ltr' id='par_1_63' title="bbox 2083 3256 3665 3332">
     <span class='ocr_line' id='line_1_63' title="bbox 2083 3256 3665 3332; baseline 0.004 -22"><span class='ocrx_word' id='word_1_464' title='bbox 2083 3257 2181 3310; x_wconf 78' lang='grc' dir='ltr'>καὶ</span> <span class='ocrx_word' id='word_1_465' title='bbox 2231 3256 2338 3310; x_wconf 83' lang='grc' dir='ltr'>τῶν</span> <span class='ocrx_word' id='word_1_466' title='bbox 2378 3256 2625 3328; x_wconf 84' lang='grc' dir='ltr'>σημείων</span> <span class='ocrx_word' id='word_1_467' title='bbox 2663 3257 2974 3328; x_wconf 77' lang='grc' dir='ltr'>ἀπήρξατο,</span> <span class='ocrx_word' id='word_1_468' title='bbox 3025 3258 3119 3331; x_wconf 85' lang='grc' dir='ltr'>ἐτη</span> <span class='ocrx_word' id='word_1_469' title='bbox 3153 3260 3526 3332; x_wconf 85' lang='grc' dir='ltr'>ἐϐδομήκοντα</span> <span class='ocrx_word' id='word_1_470' title='bbox 3571 3263 3665 3317; x_wconf 76' lang='grc' dir='ltr'>καὶ</span> 
     </span>
    </p>
   </div>
   <div class='ocr_carea' id='block_1_64' title="bbox 2082 3347 3666 3420">
    <p class='ocr_par' dir='ltr' id='par_1_64' title="bbox 2082 3347 3666 3420">
     <span class='ocr_line' id='line_1_64' title="bbox 2082 3347 3666 3420; baseline 0.002 -16"><span class='ocrx_word' id='word_1_471' title='bbox 2082 3348 2251 3420; x_wconf 86' lang='grc' dir='ltr'>τρία·</span> <span class='ocrx_word' id='word_1_472' title='bbox 2297 3350 2373 3412; x_wconf 84' lang='grc' dir='ltr'>ὼς</span> <span class='ocrx_word' id='word_1_473' title='bbox 2427 3347 2848 3419; x_wconf 77' lang='grc' dir='ltr'>συμποσοῦσθαι</span> <span class='ocrx_word' id='word_1_474' title='bbox 2898 3349 3070 3406; x_wconf 87' lang='grc' dir='ltr'>ταῦτα</span> <span class='ocrx_word' id='word_1_475' title='bbox 3105 3353 3184 3415; x_wconf 79' lang='grc' dir='ltr'>είς</span> <span class='ocrx_word' id='word_1_476' title='bbox 3232 3355 3518 3418; x_wconf 73' lang='grc' dir='ltr'>ἐνιαυτοὺς</span> <span class='ocrx_word' id='word_1_477' title='bbox 3569 3356 3666 3408; x_wconf 74' lang='grc' dir='ltr'>ἐπὶ</span> 
     </span>
    </p>
   </div>
   <div class='ocr_carea' id='block_1_65' title="bbox 2081 3440 3663 3512">
    <p class='ocr_par' dir='ltr' id='par_1_65' title="bbox 2081 3440 3663 3512">
     <span class='ocr_line' id='line_1_65' title="bbox 2081 3440 3663 3512; baseline 0.002 -18"><span class='ocrx_word' id='word_1_478' title='bbox 2081 3441 2462 3512; x_wconf 84' lang='grc' dir='ltr'>τετρακοσίοις</span> <span class='ocrx_word' id='word_1_479' title='bbox 2505 3440 2774 3510; x_wconf 79' lang='grc' dir='ltr'>ἐξήκοντα</span> <span class='ocrx_word' id='word_1_480' title='bbox 2819 3441 2914 3496; x_wconf 77' lang='grc' dir='ltr'>καὶ</span> <span class='ocrx_word' id='word_1_481' title='bbox 2967 3444 3146 3496; x_wconf 84' lang='grc' dir='ltr'>ἐννέα.</span> <span class='ocrx_word' id='word_1_482' title='bbox 3196 3444 3258 3496; x_wconf 80' lang='grc' dir='ltr'><strong>Οἱ</strong></span> <span class='ocrx_word' id='word_1_483' title='bbox 3303 3443 3362 3497; x_wconf 86' lang='grc' dir='ltr'>δὲ</span> <span class='ocrx_word' id='word_1_484' title='bbox 3414 3444 3663 3499; x_wconf 62' lang='grc' dir='ltr'>τοσοῦτοι</span> 
     </span>
    </p>
   </div>
   <div class='ocr_carea' id='block_1_66' title="bbox 2084 3531 3664 3608">
    <p class='ocr_par' dir='ltr' id='par_1_66' title="bbox 2084 3531 3664 3608">
     <span class='ocr_line' id='line_1_66' title="bbox 2084 3531 3664 3608; baseline 0.003 -21"><span class='ocrx_word' id='word_1_485' title='bbox 2084 3534 2326 3587; x_wconf 71' lang='grc' dir='ltr'>ἐνιαυτοὶ</span> <span class='ocrx_word' id='word_1_486' title='bbox 2384 3531 2746 3586; x_wconf 70' lang='grc' dir='ltr'>ἀποτελοῦσιν</span> <span class='ocrx_word' id='word_1_487' title='bbox 2803 3532 2898 3604; x_wconf 80' lang='grc' dir='ltr'>ἐτη</span> <span class='ocrx_word' id='word_1_488' title='bbox 2947 3535 3282 3606; x_wconf 89' lang='grc' dir='ltr'>τετρακόσια</span> <span class='ocrx_word' id='word_1_489' title='bbox 3329 3536 3664 3608; x_wconf 83' lang='grc' dir='ltr'>ὀγδοήκοντα</span> 
     </span>
    </p>
   </div>
   <div class='ocr_carea' id='block_1_67' title="bbox 2082 3620 3663 3696">
    <p class='ocr_par' dir='ltr' id='par_1_67' title="bbox 2082 3620 3663 3696">
     <span class='ocr_line' id='line_1_67' title="bbox 2082 3620 3663 3696; baseline 0.008 -23"><span class='ocrx_word' id='word_1_490' title='bbox 2082 3620 2232 3693; x_wconf 86' lang='grc' dir='ltr'>τρία,</span> <span class='ocrx_word' id='word_1_491' title='bbox 2263 3623 2408 3677; x_wconf 86' lang='grc' dir='ltr'>κατά</span> <span class='ocrx_word' id='word_1_492' title='bbox 2435 3622 2534 3692; x_wconf 74' lang='grc' dir='ltr'>τὴν</span> <span class='ocrx_word' id='word_1_493' title='bbox 2580 3622 2881 3695; x_wconf 75' lang='grc' dir='ltr'>Ἐϐραῖκὴν</span> <span class='ocrx_word' id='word_1_494' title='bbox 2907 3625 3209 3696; x_wconf 86' lang='grc' dir='ltr'>ἀρίθμησιν</span> <span class='ocrx_word' id='word_1_495' title='bbox 3257 3627 3366 3682; x_wconf 84' lang='grc' dir='ltr'>τῶν</span> <span class='ocrx_word' id='word_1_496' title='bbox 3400 3628 3558 3684; x_wconf 82' lang='grc' dir='ltr'>ἐτῶν.</span> <span class='ocrx_word' id='word_1_497' title='bbox 3589 3631 3663 3684; x_wconf 84' lang='grc' dir='ltr'>Ού</span> 
     </span>
    </p>
   </div>
   <div class='ocr_carea' id='block_1_68' title="bbox 2084 3714 3662 3788">
    <p class='ocr_par' dir='ltr' id='par_1_68' title="bbox 2084 3714 3662 3788">
     <span class='ocr_line' id='line_1_68' title="bbox 2084 3714 3662 3788; baseline 0.005 -20"><span class='ocrx_word' id='word_1_498' title='bbox 2084 3714 2300 3787; x_wconf 82' lang='grc' dir='ltr'>γὰρ’ὡς</span> <span class='ocrx_word' id='word_1_499' title='bbox 2337 3717 2498 3787; x_wconf 80' lang='grc' dir='ltr'>ἡμεῖς</span> <span class='ocrx_word' id='word_1_500' title='bbox 2529 3716 2580 3770; x_wconf 80' lang='grc' dir='ltr'>οἱ</span> <span class='ocrx_word' id='word_1_501' title='bbox 2623 3715 2867 3788; x_wconf 85' lang='grc' dir='ltr'>Ἑϐραῖοι</span> <span class='ocrx_word' id='word_1_502' title='bbox 2908 3717 3214 3788; x_wconf 75' lang='grc' dir='ltr'>ψηφίζουσι</span> <span class='ocrx_word' id='word_1_503' title='bbox 3259 3720 3351 3775; x_wconf 79' lang='grc' dir='ltr'>τὸν</span> <span class='ocrx_word' id='word_1_504' title='bbox 3393 3722 3662 3788; x_wconf 75' lang='grc' dir='ltr'>ἐνιαυτὸν,</span> 
     </span>
    </p>
   </div>
   <div class='ocr_carea' id='block_1_69' title="bbox 401 3807 1983 3895">
    <p class='ocr_par' dir='ltr' id='par_1_69' title="bbox 401 3812 1981 3887">
     <span class='ocr_line' id='line_1_69' title="bbox 401 3812 1981 3887; baseline 0.007 -24"><span class='ocrx_word' id='word_1_505' title='bbox 401 3819 520 3864; x_wconf 88' lang='lat' dir='ltr'><strong>stro</strong></span> <span class='ocrx_word' id='word_1_506' title='bbox 545 3825 692 3866; x_wconf 89' lang='lat' dir='ltr'><strong>anno</strong></span> <span class='ocrx_word' id='word_1_507' title='bbox 738 3812 860 3867; x_wconf 90' lang='lat' dir='ltr'><strong>dies</strong></span> <span class='ocrx_word' id='word_1_508' title='bbox 914 3813 1172 3869; x_wconf 91' lang='lat' dir='ltr'><strong>undecim</strong></span> <span class='ocrx_word' id='word_1_509' title='bbox 1206 3815 1559 3871; x_wconf 83' lang='lat' dir='ltr'><strong>redundent:</strong></span> <span class='ocrx_word' id='word_1_510' title='bbox 1587 3817 1683 3887; x_wconf 92' lang='lat' dir='ltr'>qui</span> <span class='ocrx_word' id='word_1_511' title='bbox 1723 3817 1845 3874; x_wconf 89' lang='lat' dir='ltr'><strong>dies</strong></span> <span class='ocrx_word' id='word_1_512' title='bbox 1891 3834 1981 3874; x_wconf 89' lang='lat' dir='ltr'><strong>re-</strong></span> 
     </span>
    </p>
   </div>
   <div class='ocr_carea' id='block_1_70' title="bbox 2086 3807 3668 3895">
    <p class='ocr_par' dir='ltr' id='par_1_70' title="bbox 2086 3807 3668 3882">
     <span class='ocr_line' id='line_1_70' title="bbox 2086 3807 3668 3882; baseline 0.003 -21"><span class='ocrx_word' id='word_1_513' title='bbox 2086 3807 2222 3861; x_wconf 88' lang='grc' dir='ltr'>ἀλλά</span> <span class='ocrx_word' id='word_1_514' title='bbox 2255 3807 2398 3862; x_wconf 89' lang='grc' dir='ltr'>κατά</span> <span class='ocrx_word' id='word_1_515' title='bbox 2450 3808 2774 3879; x_wconf 81' lang='grc' dir='ltr'>σεληνιακὸν</span> <span class='ocrx_word' id='word_1_516' title='bbox 2829 3809 3032 3881; x_wconf 88' lang='grc' dir='ltr'>δρόμον</span> <span class='ocrx_word' id='word_1_517' title='bbox 3083 3811 3452 3882; x_wconf 79' lang='grc' dir='ltr'>ἀριθμοῦντες</span> <span class='ocrx_word' id='word_1_518' title='bbox 3502 3815 3668 3868; x_wconf 81' lang='grc' dir='ltr'>αὑτὸν</span> 
     </span>
    </p>
   </div>
   <div class='ocr_carea' id='block_1_71' title="bbox 401 3900 1980 3979">
    <p class='ocr_par' dir='ltr' id='par_1_71' title="bbox 401 3900 1980 3979">
     <span class='ocr_line' id='line_1_71' title="bbox 401 3900 1980 3979; baseline 0.007 -23"><span class='ocrx_word' id='word_1_519' title='bbox 401 3900 718 3960; x_wconf 90' lang='lat' dir='ltr'><strong>dundantes</strong></span> <span class='ocrx_word' id='word_1_520' title='bbox 764 3903 821 3958; x_wconf 90' lang='lat' dir='ltr'>in</span> <span class='ocrx_word' id='word_1_521' title='bbox 877 3920 1057 3962; x_wconf 88' lang='lat' dir='ltr'><strong>annos</strong></span> <span class='ocrx_word' id='word_1_522' title='bbox 1109 3906 1344 3973; x_wconf 89' lang='lat' dir='ltr'><strong>redacti,</strong></span> <span class='ocrx_word' id='word_1_523' title='bbox 1401 3909 1628 3979; x_wconf 84' lang='lat' dir='ltr'><strong>explent</strong></span> <span class='ocrx_word' id='word_1_524' title='bbox 1683 3926 1980 3967; x_wconf 88' lang='lat' dir='ltr'><strong>numerum</strong></span> 
     </span>
    </p>
   </div>
   <div class='ocr_carea' id='block_1_72' title="bbox 401 3995 1985 4070">
    <p class='ocr_par' dir='ltr' id='par_1_72' title="bbox 401 3995 1985 4070">
     <span class='ocr_line' id='line_1_72' title="bbox 401 3995 1985 4070; baseline 0.008 -21"><span class='ocrx_word' id='word_1_525' title='bbox 401 3995 937 4068; x_wconf 87' lang='lat' dir='ltr'><strong>quadringentorum</strong></span> <span class='ocrx_word' id='word_1_526' title='bbox 998 4000 1280 4070; x_wconf 89' lang='lat' dir='ltr'><strong>octoginta</strong></span> <span class='ocrx_word' id='word_1_527' title='bbox 1331 4004 1497 4056; x_wconf 81' lang='lat' dir='ltr'><strong>trium</strong></span> <span class='ocrx_word' id='word_1_528' title='bbox 1559 4012 1856 4060; x_wconf 81' lang='lat' dir='ltr'><strong>annorum‘</strong></span> <span class='ocrx_word' id='word_1_529' title='bbox 1885 4005 1985 4061; x_wconf 84' lang='lat' dir='ltr'><strong>lle-</strong></span> 
     </span>
    </p>
   </div>
   <div class='ocr_carea' id='block_1_73' title="bbox 403 4078 1985 4155">
    <p class='ocr_par' dir='ltr' id='par_1_73' title="bbox 403 4078 1985 4155">
     <span class='ocr_line' id='line_1_73' title="bbox 403 4078 1985 4155; baseline 0.006 -15"><span class='ocrx_word' id='word_1_530' title='bbox 403 4087 741 4142; x_wconf 89' lang='lat' dir='ltr'><strong>braicorum.</strong></span> <span class='ocrx_word' id='word_1_531' title='bbox 773 4088 913 4155; x_wconf 82' lang='lat' dir='ltr'><strong>Quia</strong></span> <span class='ocrx_word' id='word_1_532' title='bbox 947 4105 1080 4145; x_wconf 87' lang='lat' dir='ltr'><strong>vero</strong></span> <span class='ocrx_word' id='word_1_533' title='bbox 1121 4105 1247 4146; x_wconf 90' lang='lat' dir='ltr'>cum</span> <span class='ocrx_word' id='word_1_534' title='bbox 1278 4091 1506 4148; x_wconf 90' lang='lat' dir='ltr'><strong>Daniele</strong></span> <span class='ocrx_word' id='word_1_535' title='bbox 1541 4078 1775 4149; x_wconf 55' lang='lat' dir='ltr'><strong>lle-bran</strong></span> <span class='ocrx_word' id='word_1_536' title='bbox 1811 4095 1985 4151; x_wconf 78' lang='lat' dir='ltr'><strong>collo-</strong></span> 
     </span>
    </p>
   </div>
   <div class='ocr_carea' id='block_1_74' title="bbox 401 4179 1985 4255">
    <p class='ocr_par' dir='ltr' id='par_1_74' title="bbox 401 4179 1985 4255">
     <span class='ocr_line' id='line_1_74' title="bbox 401 4179 1985 4255; baseline 0.006 -22"><span class='ocrx_word' id='word_1_537' title='bbox 401 4179 676 4250; x_wconf 86' lang='lat' dir='ltr'><strong>quebatur</strong></span> <span class='ocrx_word' id='word_1_538' title='bbox 705 4181 959 4252; x_wconf 89' lang='lat' dir='ltr'><strong>angelus,</strong></span> <span class='ocrx_word' id='word_1_539' title='bbox 989 4197 1166 4238; x_wconf 91' lang='lat' dir='ltr'><strong>annos</strong></span> <span class='ocrx_word' id='word_1_540' title='bbox 1198 4184 1391 4255; x_wconf 86' lang='lat' dir='ltr'><strong>utique</strong></span> <span class='ocrx_word' id='word_1_541' title='bbox 1421 4183 1502 4239; x_wconf 92' lang='lat' dir='ltr'><strong>illi</strong></span> <span class='ocrx_word' id='word_1_542' title='bbox 1533 4195 1696 4241; x_wconf 88' lang='lat' dir='ltr'><strong>notos</strong></span> <span class='ocrx_word' id='word_1_543' title='bbox 1737 4188 1985 4242; x_wconf 88' lang='lat' dir='ltr'><strong>nomina-</strong></span> 
     </span>
    </p>
   </div>
   <div class='ocr_carea' id='block_1_75' title="bbox 403 4270 1981 4348">
    <p class='ocr_par' dir='ltr' id='par_1_75' title="bbox 403 4270 1981 4348">
     <span class='ocr_line' id='line_1_75' title="bbox 403 4270 1981 4348; baseline 0.005 -24"><span class='ocrx_word' id='word_1_544' title='bbox 403 4270 502 4325; x_wconf 90' lang='lat' dir='ltr'><strong>vit.</strong></span> <span class='ocrx_word' id='word_1_545' title='bbox 536 4270 775 4327; x_wconf 88' lang='lat' dir='ltr'><strong>Proinde</strong></span> <span class='ocrx_word' id='word_1_546' title='bbox 806 4289 984 4343; x_wconf 88' lang='lat' dir='ltr'><strong>usque</strong></span> <span class='ocrx_word' id='word_1_547' title='bbox 1013 4273 1082 4328; x_wconf 88' lang='lat' dir='ltr'>ad</span> <span class='ocrx_word' id='word_1_548' title='bbox 1122 4273 1406 4330; x_wconf 87' lang='lat' dir='ltr'><strong>interitum</strong></span> <span class='ocrx_word' id='word_1_549' title='bbox 1434 4274 1658 4330; x_wconf 86' lang='lat' dir='ltr'><strong>Hircani</strong></span> <span class='ocrx_word' id='word_1_550' title='bbox 1683 4276 1981 4348; x_wconf 88' lang='lat' dir='ltr'><strong>pontiﬁcis,</strong></span> 
     </span>
    </p>
   </div>
   <div class='ocr_carea' id='block_1_76' title="bbox 401 4361 1986 4435">
    <p class='ocr_par' dir='ltr' id='par_1_76' title="bbox 401 4361 1986 4435">
     <span class='ocr_line' id='line_1_76' title="bbox 401 4361 1986 4435; baseline 0.002 -18"><span class='ocrx_word' id='word_1_551' title='bbox 401 4378 569 4432; x_wconf 85' lang='lat' dir='ltr'><strong>quem</strong></span> <span class='ocrx_word' id='word_1_552' title='bbox 602 4379 702 4418; x_wconf 80' lang='lat' dir='ltr'>rex</span> <span class='ocrx_word' id='word_1_553' title='bbox 736 4361 987 4420; x_wconf 80' lang='lat' dir='ltr'><strong>Herodes</strong></span> <span class='ocrx_word' id='word_1_554' title='bbox 1035 4365 1262 4420; x_wconf 81' lang='lat' dir='ltr'><strong>sustulit</strong></span> <span class='ocrx_word' id='word_1_555' title='bbox 1317 4364 1451 4435; x_wconf 89' lang='lat' dir='ltr'><strong>(qua</strong></span> <span class='ocrx_word' id='word_1_556' title='bbox 1483 4365 1553 4420; x_wconf 89' lang='lat' dir='ltr'>de</span> <span class='ocrx_word' id='word_1_557' title='bbox 1601 4379 1661 4420; x_wconf 93' lang='lat' dir='ltr'>re</span> <span class='ocrx_word' id='word_1_558' title='bbox 1704 4365 1986 4435; x_wconf 89' lang='lat' dir='ltr'><strong>copiosius</strong></span> 
     </span>
    </p>
   </div>
   <div class='ocr_carea' id='block_1_77' title="bbox 403 4454 1987 4526">
    <p class='ocr_par' dir='ltr' id='par_1_77' title="bbox 403 4454 1987 4526">
     <span class='ocr_line' id='line_1_77' title="bbox 403 4454 1987 4526; baseline 0.001 -18"><span class='ocrx_word' id='word_1_559' title='bbox 403 4454 679 4525; x_wconf 87' lang='lat' dir='ltr'><strong>agendum</strong></span> <span class='ocrx_word' id='word_1_560' title='bbox 716 4455 872 4522; x_wconf 89' lang='lat' dir='ltr'><strong>erit),</strong></span> <span class='ocrx_word' id='word_1_561' title='bbox 921 4456 1204 4526; x_wconf 79' lang='lat' dir='ltr'><strong>sexaginta</strong></span> <span class='ocrx_word' id='word_1_562' title='bbox 1253 4456 1379 4511; x_wconf 66' lang='lat' dir='ltr'><strong>dua:</strong></span> <span class='ocrx_word' id='word_1_563' title='bbox 1432 4455 1812 4511; x_wconf 87' lang='lat' dir='ltr'><strong>hebdomades</strong></span> <span class='ocrx_word' id='word_1_564' title='bbox 1855 4464 1987 4510; x_wconf 88' lang='lat' dir='ltr'><strong>sunt</strong></span> 
     </span>
    </p>
   </div>
   <div class='ocr_carea' id='block_1_78' title="bbox 403 4546 1987 4618">
    <p class='ocr_par' dir='ltr' id='par_1_78' title="bbox 403 4546 1987 4618">
     <span class='ocr_line' id='line_1_78' title="bbox 403 4546 1987 4618; baseline 0.001 -18"><span class='ocrx_word' id='word_1_565' title='bbox 403 4547 657 4616; x_wconf 62' lang='lat' dir='ltr'><strong>expleta.</strong></span> <span class='ocrx_word' id='word_1_566' title='bbox 688 4546 772 4601; x_wconf 84' lang='lat' dir='ltr'><strong>Ab</strong></span> <span class='ocrx_word' id='word_1_567' title='bbox 807 4562 876 4602; x_wconf 90' lang='lat' dir='ltr'>eo</span> <span class='ocrx_word' id='word_1_568' title='bbox 915 4554 1167 4617; x_wconf 89' lang='lat' dir='ltr'><strong>tempore</strong></span> <span class='ocrx_word' id='word_1_569' title='bbox 1201 4562 1328 4602; x_wconf 91' lang='lat' dir='ltr'>cum</span> <span class='ocrx_word' id='word_1_570' title='bbox 1365 4548 1724 4604; x_wconf 85' lang='lat' dir='ltr'><strong>Pontiﬁcatus</strong></span> <span class='ocrx_word' id='word_1_571' title='bbox 1747 4563 1860 4603; x_wconf 90' lang='lat' dir='ltr'>non</span> <span class='ocrx_word' id='word_1_572' title='bbox 1888 4563 1987 4618; x_wconf 91' lang='lat' dir='ltr'>per</span> 
     </span>
    </p>
   </div>
   <div class='ocr_carea' id='block_1_79' title="bbox 405 4637 1986 4710">
    <p class='ocr_par' dir='ltr' id='par_1_79' title="bbox 405 4637 1986 4710">
     <span class='ocr_line' id='line_1_79' title="bbox 405 4637 1986 4710; baseline 0.001 -18"><span class='ocrx_word' id='word_1_573' title='bbox 405 4652 625 4694; x_wconf 89' lang='lat' dir='ltr'><strong>omnem</strong></span> <span class='ocrx_word' id='word_1_574' title='bbox 683 4645 903 4694; x_wconf 71' lang='lat' dir='ltr'><strong>aetatem</strong></span> <span class='ocrx_word' id='word_1_575' title='bbox 946 4639 998 4694; x_wconf 85' lang='lat' dir='ltr'>ei</span> <span class='ocrx_word' id='word_1_576' title='bbox 1051 4648 1320 4705; x_wconf 87' lang='lat' dir='ltr'><strong>maneret,</strong></span> <span class='ocrx_word' id='word_1_577' title='bbox 1367 4639 1457 4694; x_wconf 92' lang='lat' dir='ltr'>cui</span> <span class='ocrx_word' id='word_1_578' title='bbox 1510 4641 1843 4710; x_wconf 86' lang='lat' dir='ltr'><strong>contigerat,</strong></span> <span class='ocrx_word' id='word_1_579' title='bbox 1889 4637 1986 4694; x_wconf 89' lang='lat' dir='ltr'>sed</span> 
     </span>
    </p>
   </div>
   <div class='ocr_carea' id='block_1_80' title="bbox 408 4731 1988 4801">
    <p class='ocr_par' dir='ltr' id='par_1_80' title="bbox 408 4731 1988 4801">
     <span class='ocr_line' id='line_1_80' title="bbox 408 4731 1988 4801; baseline 0 -17"><span class='ocrx_word' id='word_1_580' title='bbox 408 4745 594 4785; x_wconf 88' lang='lat' dir='ltr'><strong>annuo</strong></span> <span class='ocrx_word' id='word_1_581' title='bbox 642 4737 740 4784; x_wconf 90' lang='lat' dir='ltr'>aut</span> <span class='ocrx_word' id='word_1_582' title='bbox 785 4732 956 4786; x_wconf 88' lang='lat' dir='ltr'><strong>etiam</strong></span> <span class='ocrx_word' id='word_1_583' title='bbox 995 4731 1252 4787; x_wconf 87' lang='lat' dir='ltr'><strong>breviore</strong></span> <span class='ocrx_word' id='word_1_584' title='bbox 1293 4731 1473 4801; x_wconf 90' lang='lat' dir='ltr'><strong>spatio</strong></span> <span class='ocrx_word' id='word_1_585' title='bbox 1505 4741 1697 4786; x_wconf 89' lang='lat' dir='ltr'><strong>contra</strong></span> <span class='ocrx_word' id='word_1_586' title='bbox 1733 4731 1988 4785; x_wconf 88' lang='lat' dir='ltr'><strong>instituta</strong></span> 
     </span>
    </p>
   </div>
   <div class='ocr_carea' id='block_1_81' title="bbox 407 4820 1990 4892">
    <p class='ocr_par' dir='ltr' id='par_1_81' title="bbox 407 4820 1990 4892">
     <span class='ocr_line' id='line_1_81' title="bbox 407 4820 1990 4892; baseline 0 -18"><span class='ocrx_word' id='word_1_587' title='bbox 407 4822 678 4892; x_wconf 77' lang='lat' dir='ltr'><strong>majorum</strong></span> <span class='ocrx_word' id='word_1_588' title='bbox 734 4820 1317 4888; x_wconf 71' lang='lat' dir='ltr'><strong>circumscribi-retur,</strong></span> <span class='ocrx_word' id='word_1_589' title='bbox 1368 4832 1426 4878; x_wconf 92' lang='lat' dir='ltr'>et</span> <span class='ocrx_word' id='word_1_590' title='bbox 1473 4823 1708 4892; x_wconf 90' lang='lat' dir='ltr'><strong>pecunia</strong></span> <span class='ocrx_word' id='word_1_591' title='bbox 1756 4821 1990 4877; x_wconf 89' lang='lat' dir='ltr'><strong>cuilibet</strong></span> 
     </span>
    </p>
   </div>
   <div class='ocr_carea' id='block_1_82' title="bbox 406 4912 1985 4987">
    <p class='ocr_par' dir='ltr' id='par_1_82' title="bbox 406 4912 1985 4987">
     <span class='ocr_line' id='line_1_82' title="bbox 406 4912 1985 4987; baseline 0.003 -22"><span class='ocrx_word' id='word_1_592' title='bbox 406 4912 620 4967; x_wconf 86' lang='lat' dir='ltr'><strong>venalis</strong></span> <span class='ocrx_word' id='word_1_593' title='bbox 644 4922 813 4976; x_wconf 88' lang='lat' dir='ltr'><strong>esset,</strong></span> <span class='ocrx_word' id='word_1_594' title='bbox 852 4913 906 4969; x_wconf 91' lang='lat' dir='ltr'>id</span> <span class='ocrx_word' id='word_1_595' title='bbox 931 4915 1078 4985; x_wconf 91' lang='lat' dir='ltr'><strong>quod</strong></span> <span class='ocrx_word' id='word_1_596' title='bbox 1111 4930 1140 4970; x_wconf 90' lang='lat' dir='ltr'>a</span> <span class='ocrx_word' id='word_1_597' title='bbox 1171 4915 1415 4987; x_wconf 85' lang='lat' dir='ltr'><strong>Josepho</strong></span> <span class='ocrx_word' id='word_1_598' title='bbox 1459 4915 1726 4980; x_wconf 84' lang='lat' dir='ltr'><strong>refertur,</strong></span> <span class='ocrx_word' id='word_1_599' title='bbox 1763 4924 1985 4985; x_wconf 88' lang='lat' dir='ltr'><strong>septem</strong></span> 
     </span>
    </p>
   </div>
   <div class='ocr_carea' id='block_1_83' title="bbox 2085 3899 3662 3975">
    <p class='ocr_par' dir='ltr' id='par_1_83' title="bbox 2085 3899 3662 3975">
     <span class='ocr_line' id='line_1_83' title="bbox 2085 3899 3662 3975; baseline 0.004 -22"><span class='ocrx_word' id='word_1_600' title='bbox 2085 3899 2414 3970; x_wconf 89' lang='grc' dir='ltr'>τριακοσίων</span> <span class='ocrx_word' id='word_1_601' title='bbox 2452 3900 2800 3972; x_wconf 84' lang='grc' dir='ltr'>πεντήκοντα</span> <span class='ocrx_word' id='word_1_602' title='bbox 2834 3901 2930 3954; x_wconf 80' lang='grc' dir='ltr'>καὶ</span> <span class='ocrx_word' id='word_1_603' title='bbox 2975 3903 3264 3972; x_wconf 82' lang='grc' dir='ltr'>τεσσάρων</span> <span class='ocrx_word' id='word_1_604' title='bbox 3299 3905 3548 3975; x_wconf 80' lang='grc' dir='ltr'>ἡμερῶν,</span> <span class='ocrx_word' id='word_1_605' title='bbox 3585 3905 3662 3970; x_wconf 87' lang='grc' dir='ltr'>ὡς</span> 
     </span>
    </p>
   </div>
   <div class='ocr_carea' id='block_1_84' title="bbox 2086 3991 3662 4070">
    <p class='ocr_par' dir='ltr' id='par_1_84' title="bbox 2086 3991 3662 4070">
     <span class='ocr_line' id='line_1_84' title="bbox 2086 3991 3662 4070; baseline 0.008 -26"><span class='ocrx_word' id='word_1_606' title='bbox 2086 3992 2433 4063; x_wconf 84' lang='grc' dir='ltr'>περιττεύειν</span> <span class='ocrx_word' id='word_1_607' title='bbox 2455 3992 2548 4060; x_wconf 81' lang='grc' dir='ltr'>ἀφ’</span> <span class='ocrx_word' id='word_1_608' title='bbox 2567 3991 2799 4046; x_wconf 81' lang='grc' dir='ltr'>ἑκάστου</span> <span class='ocrx_word' id='word_1_609' title='bbox 2818 3992 3064 4046; x_wconf 80' lang='grc' dir='ltr'>ἐνιαυτοῦ</span> <span class='ocrx_word' id='word_1_610' title='bbox 3089 3995 3302 4065; x_wconf 75' lang='grc' dir='ltr'>ἡμέρας</span> <span class='ocrx_word' id='word_1_611' title='bbox 3320 3997 3512 4051; x_wconf 76' lang='grc' dir='ltr'>ἕνδεκα</span> <span class='ocrx_word' id='word_1_612' title='bbox 3529 3997 3662 4070; x_wconf 84' lang='grc'>(85).</span> 
     </span>
    </p>
   </div>
   <div class='ocr_carea' id='block_1_85' title="bbox 2085 4083 3666 4164">
    <p class='ocr_par' dir='ltr' id='par_1_85' title="bbox 2085 4083 3666 4164">
     <span class='ocr_line' id='line_1_85' title="bbox 2085 4083 3666 4164; baseline 0.005 -26"><span class='ocrx_word' id='word_1_613' title='bbox 2085 4085 2196 4138; x_wconf 79' lang='grc' dir='ltr'>Καὶ</span> <span class='ocrx_word' id='word_1_614' title='bbox 2240 4084 2448 4138; x_wconf 90' lang='grc' dir='ltr'>τούτων</span> <span class='ocrx_word' id='word_1_615' title='bbox 2477 4083 2610 4155; x_wconf 70' lang='grc' dir='ltr'>γοῦν</span> <span class='ocrx_word' id='word_1_616' title='bbox 2658 4085 2770 4141; x_wconf 86' lang='grc' dir='ltr'>τῶν</span> <span class='ocrx_word' id='word_1_617' title='bbox 2821 4087 3099 4158; x_wconf 84' lang='grc' dir='ltr'>περιττῶν</span> <span class='ocrx_word' id='word_1_618' title='bbox 3157 4089 3387 4160; x_wconf 71' lang='grc' dir='ltr'>ἡμερῶν</span> <span class='ocrx_word' id='word_1_619' title='bbox 3437 4093 3519 4156; x_wconf 81' lang='grc' dir='ltr'>είς</span> <span class='ocrx_word' id='word_1_620' title='bbox 3571 4092 3666 4164; x_wconf 81' lang='grc' dir='ltr'>ἐτη</span> 
     </span>
    </p>
   </div>
   <div class='ocr_carea' id='block_1_86' title="bbox 2087 4177 3668 4254">
    <p class='ocr_par' dir='ltr' id='par_1_86' title="bbox 2087 4177 3668 4254">
     <span class='ocr_line' id='line_1_86' title="bbox 2087 4177 3668 4254; baseline 0.005 -24"><span class='ocrx_word' id='word_1_621' title='bbox 2087 4177 2558 4248; x_wconf 85' lang='grc' dir='ltr'>συμποσουμένων</span> <span class='ocrx_word' id='word_1_622' title='bbox 2629 4177 2699 4233; x_wconf 87' lang='grc' dir='ltr'>τά</span> <span class='ocrx_word' id='word_1_623' title='bbox 2771 4179 3103 4250; x_wconf 86' lang='grc' dir='ltr'>τετρακόσια</span> <span class='ocrx_word' id='word_1_624' title='bbox 3172 4180 3507 4254; x_wconf 77' lang='grc' dir='ltr'>ὁγδοήκοντα</span> <span class='ocrx_word' id='word_1_625' title='bbox 3577 4184 3668 4238; x_wconf 80' lang='grc' dir='ltr'>καὶ</span> 
     </span>
    </p>
   </div>
   <div class='ocr_carea' id='block_1_87' title="bbox 2084 4268 3670 4348">
    <p class='ocr_par' dir='ltr' id='par_1_87' title="bbox 2084 4268 3670 4348">
     <span class='ocr_line' id='line_1_87' title="bbox 2084 4268 3670 4348; baseline 0.004 -26"><span class='ocrx_word' id='word_1_626' title='bbox 2084 4270 2212 4343; x_wconf 87' lang='grc' dir='ltr'>τρία</span> <span class='ocrx_word' id='word_1_627' title='bbox 2275 4268 2544 4341; x_wconf 82' lang='grc' dir='ltr'>Ἐϐραῖκά</span> <span class='ocrx_word' id='word_1_628' title='bbox 2603 4270 2953 4324; x_wconf 87' lang='grc' dir='ltr'>συνίστανται</span> <span class='ocrx_word' id='word_1_629' title='bbox 3002 4271 3123 4340; x_wconf 86' lang='grc' dir='ltr'>ἐτη.</span> <span class='ocrx_word' id='word_1_630' title='bbox 3191 4272 3430 4344; x_wconf 85' lang='grc' dir='ltr'>Ἑϐραίῳ</span> <span class='ocrx_word' id='word_1_631' title='bbox 3480 4275 3538 4329; x_wconf 80' lang='grc' dir='ltr'>δέ</span> <span class='ocrx_word' id='word_1_632' title='bbox 3591 4275 3670 4348; x_wconf 84' lang='grc' dir='ltr'>τῷ</span> 
     </span>
    </p>
   </div>
   <div class='ocr_carea' id='block_1_88' title="bbox 2085 4362 3669 4438">
    <p class='ocr_par' dir='ltr' id='par_1_88' title="bbox 2085 4362 3669 4438">
     <span class='ocr_line' id='line_1_88' title="bbox 2085 4362 3669 4438; baseline 0.003 -22"><span class='ocrx_word' id='word_1_633' title='bbox 2085 4363 2285 4434; x_wconf 81' lang='grc' dir='ltr'>Δανιὴλ</span> <span class='ocrx_word' id='word_1_634' title='bbox 2316 4364 2345 4416; x_wconf 87' lang='lat'>6</span> <span class='ocrx_word' id='word_1_635' title='bbox 2375 4363 2608 4431; x_wconf 75' lang='grc' dir='ltr'>ἄγγελος</span> <span class='ocrx_word' id='word_1_636' title='bbox 2637 4362 2866 4432; x_wconf 83' lang='grc' dir='ltr'>ὁμιλῶν,</span> <span class='ocrx_word' id='word_1_637' title='bbox 2897 4362 3117 4427; x_wconf 89' lang='grc' dir='ltr'>πάντως</span> <span class='ocrx_word' id='word_1_638' title='bbox 3145 4362 3214 4417; x_wconf 83' lang='grc' dir='ltr'>τά</span> <span class='ocrx_word' id='word_1_639' title='bbox 3240 4363 3389 4435; x_wconf 83' lang='grc' dir='ltr'>αὐτῷ</span> <span class='ocrx_word' id='word_1_640' title='bbox 3416 4365 3669 4438; x_wconf 85' lang='grc' dir='ltr'>γνώριμα</span> 
     </span>
    </p>
   </div>
   <div class='ocr_carea' id='block_1_89' title="bbox 2086 4452 3670 4529">
    <p class='ocr_par' dir='ltr' id='par_1_89' title="bbox 2086 4452 3670 4529">
     <span class='ocr_line' id='line_1_89' title="bbox 2086 4452 3670 4529; baseline 0.003 -20"><span class='ocrx_word' id='word_1_641' title='bbox 2086 4457 2272 4526; x_wconf 72' lang='grc' dir='ltr'>ἔλεγεν</span> <span class='ocrx_word' id='word_1_642' title='bbox 2343 4455 2464 4526; x_wconf 79' lang='grc' dir='ltr'>ἐτη.</span> <span class='ocrx_word' id='word_1_643' title='bbox 2519 4457 2685 4526; x_wconf 79' lang='grc' dir='ltr'>Ἀχρι</span> <span class='ocrx_word' id='word_1_644' title='bbox 2740 4455 2840 4525; x_wconf 83' lang='grc' dir='ltr'>μὲν</span> <span class='ocrx_word' id='word_1_645' title='bbox 2891 4452 2986 4508; x_wconf 86' lang='grc' dir='ltr'>οῦν</span> <span class='ocrx_word' id='word_1_646' title='bbox 3036 4457 3136 4527; x_wconf 80' lang='grc' dir='ltr'>τῆς</span> <span class='ocrx_word' id='word_1_647' title='bbox 3197 4457 3294 4511; x_wconf 91' lang='grc' dir='ltr'>τοῦ</span> <span class='ocrx_word' id='word_1_648' title='bbox 3355 4460 3670 4529; x_wconf 83' lang='grc' dir='ltr'>ἀρχιερέως</span> 
     </span>
    </p>
   </div>
   <div class='ocr_carea' id='block_1_90' title="bbox 2096 4547 3669 4623">
    <p class='ocr_par' dir='ltr' id='par_1_90' title="bbox 2096 4547 3669 4623">
     <span class='ocr_line' id='line_1_90' title="bbox 2096 4547 3669 4623; baseline 0.001 -20"><span class='ocrx_word' id='word_1_649' title='bbox 2096 4547 2375 4618; x_wconf 84' lang='grc' dir='ltr'>Ὑρκανοῦ</span> <span class='ocrx_word' id='word_1_650' title='bbox 2409 4547 2772 4618; x_wconf 88' lang='grc' dir='ltr'>ἀναιρέσεως,</span> <span class='ocrx_word' id='word_1_651' title='bbox 2803 4547 2863 4601; x_wconf 79' lang='grc' dir='ltr'>ὃν</span> <span class='ocrx_word' id='word_1_652' title='bbox 2889 4550 2918 4601; x_wconf 91' lang='lat'>6</span> <span class='ocrx_word' id='word_1_653' title='bbox 2949 4547 3206 4617; x_wconf 80' lang='grc' dir='ltr'>βασιλεὺς</span> <span class='ocrx_word' id='word_1_654' title='bbox 3241 4550 3453 4604; x_wconf 85' lang='grc' dir='ltr'>ἀνεῖλεν</span> <span class='ocrx_word' id='word_1_655' title='bbox 3489 4551 3669 4623; x_wconf 83' lang='grc' dir='ltr'>Ἠρώ-</span> 
     </span>
    </p>
   </div>
   <div class='ocr_carea' id='block_1_91' title="bbox 2087 4637 3719 4710">
    <p class='ocr_par' dir='ltr' id='par_1_91' title="bbox 2087 4637 3719 4710">
     <span class='ocr_line' id='line_1_91' title="bbox 2087 4637 3719 4710; baseline -0.001 -17"><span class='ocrx_word' id='word_1_656' title='bbox 2087 4639 2188 4710; x_wconf 88' lang='grc' dir='ltr'>δης</span> <span class='ocrx_word' id='word_1_657' title='bbox 2214 4639 2526 4708; x_wconf 81' lang='grc' dir='ltr'>(εἰρήσεται</span> <span class='ocrx_word' id='word_1_658' title='bbox 2558 4637 2616 4690; x_wconf 81' lang='grc' dir='ltr'>δὲ</span> <span class='ocrx_word' id='word_1_659' title='bbox 2645 4637 2716 4691; x_wconf 74' lang='grc' dir='ltr'>τά</span> <span class='ocrx_word' id='word_1_660' title='bbox 2761 4639 2894 4709; x_wconf 79' lang='grc' dir='ltr'>περὶ</span> <span class='ocrx_word' id='word_1_661' title='bbox 2946 4639 3144 4694; x_wconf 78' lang='grc' dir='ltr'>τούτου</span> <span class='ocrx_word' id='word_1_662' title='bbox 3201 4642 3560 4710; x_wconf 84' lang='grc' dir='ltr'>πλατύτερον)</span> <span class='ocrx_word' id='word_1_663' title='bbox 3615 4644 3668 4696; x_wconf 81' lang='grc' dir='ltr'>αἱ</span> <span class='ocrx_word' id='word_1_664' title='bbox 3712 4689 3719 4691; x_wconf 83' lang='grc'>,,</span> 
     </span>
    </p>
   </div>
   <div class='ocr_carea' id='block_1_92' title="bbox 2090 4727 3668 4803">
    <p class='ocr_par' dir='ltr' id='par_1_92' title="bbox 2090 4727 3668 4803">
     <span class='ocr_line' id='line_1_92' title="bbox 2090 4727 3668 4803; baseline 0.002 -18"><span class='ocrx_word' id='word_1_665' title='bbox 2090 4730 2456 4802; x_wconf 80' lang='grc' dir='ltr'>ἑξηκονταδύο</span> <span class='ocrx_word' id='word_1_666' title='bbox 2486 4727 2782 4800; x_wconf 89' lang='grc' dir='ltr'>ἐϐδομάδες</span> <span class='ocrx_word' id='word_1_667' title='bbox 2813 4729 3290 4803; x_wconf 83' lang='grc' dir='ltr'>ἐξεμετρήθησαν.</span> <span class='ocrx_word' id='word_1_668' title='bbox 3335 4735 3567 4787; x_wconf 86' lang='grc' dir='ltr'>Ἔκτοτε</span> <span class='ocrx_word' id='word_1_669' title='bbox 3613 4733 3668 4787; x_wconf 79' lang='grc' dir='ltr'>δέ</span> 
     </span>
    </p>
   </div>
   <div class='ocr_carea' id='block_1_93' title="bbox 2087 4825 3672 4898">
    <p class='ocr_par' dir='ltr' id='par_1_93' title="bbox 2087 4825 3672 4898">
     <span class='ocr_line' id='line_1_93' title="bbox 2087 4825 3672 4898; baseline 0 -19"><span class='ocrx_word' id='word_1_670' title='bbox 2087 4825 2190 4894; x_wconf 83' lang='grc' dir='ltr'>τῆς</span> <span class='ocrx_word' id='word_1_671' title='bbox 2217 4826 2637 4898; x_wconf 85' lang='grc' dir='ltr'>ἀρχιερωσύνης</span> <span class='ocrx_word' id='word_1_672' title='bbox 2665 4827 2726 4880; x_wconf 83' lang='grc' dir='ltr'>οὐ</span> <span class='ocrx_word' id='word_1_673' title='bbox 2757 4827 2846 4880; x_wconf 88' lang='grc' dir='ltr'>διά</span> <span class='ocrx_word' id='word_1_674' title='bbox 2893 4827 3008 4898; x_wconf 83' lang='grc' dir='ltr'>βίου</span> <span class='ocrx_word' id='word_1_675' title='bbox 3039 4827 3500 4896; x_wconf 84' lang='grc' dir='ltr'>προσπεπηγυίας</span> <span class='ocrx_word' id='word_1_676' title='bbox 3528 4827 3672 4880; x_wconf 83' lang='grc' dir='ltr'>κατά</span> 
     </span>
    </p>
   </div>
   <div class='ocr_carea' id='block_1_94' title="bbox 2088 4916 3670 4989">
    <p class='ocr_par' dir='ltr' id='par_1_94' title="bbox 2088 4916 3670 4989">
     <span class='ocr_line' id='line_1_94' title="bbox 2088 4916 3670 4989; baseline 0.001 -19"><span class='ocrx_word' id='word_1_677' title='bbox 2088 4917 2183 4970; x_wconf 81' lang='grc' dir='ltr'>τὸν</span> <span class='ocrx_word' id='word_1_678' title='bbox 2217 4918 2385 4988; x_wconf 86' lang='grc' dir='ltr'>νόμον</span> <span class='ocrx_word' id='word_1_679' title='bbox 2417 4920 2531 4983; x_wconf 81' lang='grc' dir='ltr'>τοῖς</span> <span class='ocrx_word' id='word_1_680' title='bbox 2570 4916 2776 4985; x_wconf 90' lang='grc' dir='ltr'>ταύτης</span> <span class='ocrx_word' id='word_1_681' title='bbox 2803 4918 3168 4989; x_wconf 81' lang='grc' dir='ltr'>ἀξιουμένοις,</span> <span class='ocrx_word' id='word_1_682' title='bbox 3189 4918 3306 4972; x_wconf 81' lang='grc' dir='ltr'>ἀλλ’</span> <span class='ocrx_word' id='word_1_683' title='bbox 3331 4919 3670 4982; x_wconf 82' lang='grc' dir='ltr'>ἐνιαυσιαίας</span> 
     </span>
    </p>
   </div>
   <div class='ocr_carea' id='block_1_95' title="bbox 409 5003 1983 5080">
    <p class='ocr_par' dir='ltr' id='par_1_95' title="bbox 409 5003 1983 5078">
     <span class='ocr_line' id='line_1_95' title="bbox 409 5003 1983 5078; baseline 0.003 -22"><span class='ocrx_word' id='word_1_684' title='bbox 409 5003 794 5073; x_wconf 83' lang='lat' dir='ltr'><strong>praeterieram</strong></span> <span class='ocrx_word' id='word_1_685' title='bbox 829 5005 1228 5071; x_wconf 85' lang='lat' dir='ltr'><strong>bebdomades.</strong></span> <span class='ocrx_word' id='word_1_686' title='bbox 1261 5008 1417 5074; x_wconf 89' lang='lat' dir='ltr'><strong>Quod</strong></span> <span class='ocrx_word' id='word_1_687' title='bbox 1479 5007 1851 5078; x_wconf 84' lang='lat' dir='ltr'><strong>archangelus</strong></span> <span class='ocrx_word' id='word_1_688' title='bbox 1903 5007 1983 5061; x_wconf 77' lang='lat' dir='ltr'>bis</span> 
     </span>
    </p>
   </div>
   <div class='ocr_carea' id='block_1_96' title="bbox 2086 5003 3665 5080">
    <p class='ocr_par' dir='ltr' id='par_1_96' title="bbox 2091 5009 3665 5080">
     <span class='ocr_line' id='line_1_96' title="bbox 2091 5009 3665 5080; baseline 0 -18"><span class='ocrx_word' id='word_1_689' title='bbox 2091 5009 2426 5080; x_wconf 81' lang='grc' dir='ltr'>παρανόμως</span> <span class='ocrx_word' id='word_1_690' title='bbox 2452 5009 2818 5080; x_wconf 62' lang='grc' dir='ltr'>διδομένηςδῆ</span> <span class='ocrx_word' id='word_1_691' title='bbox 2853 5009 3174 5080; x_wconf 84' lang='grc' dir='ltr'>βραχυτέρῳ</span> <span class='ocrx_word' id='word_1_692' title='bbox 3199 5009 3377 5080; x_wconf 86' lang='grc' dir='ltr'>χρόνῳ</span> <span class='ocrx_word' id='word_1_693' title='bbox 3411 5025 3665 5080; x_wconf 86' lang='grc' dir='ltr'>περιορι-</span> 
     </span>
    </p>
   </div>
   <div class='ocr_carea' id='block_1_97' title="bbox 405 5095 1989 5170">
    <p class='ocr_par' dir='ltr' id='par_1_97' title="bbox 405 5095 1989 5170">
     <span class='ocr_line' id='line_1_97' title="bbox 405 5095 1989 5170; baseline 0.003 -22"><span class='ocrx_word' id='word_1_694' title='bbox 405 5095 593 5152; x_wconf 85' lang='lat' dir='ltr'><strong>verbis</strong></span> <span class='ocrx_word' id='word_1_695' title='bbox 623 5096 848 5153; x_wconf 90' lang='lat' dir='ltr'><strong>innuit:</strong></span> <span class='ocrx_word' id='word_1_696' title='bbox 882 5096 950 5152; x_wconf 84' lang='lat' dir='ltr'><strong>Et</strong></span> <span class='ocrx_word' id='word_1_697' title='bbox 988 5106 1105 5169; x_wconf 71' lang='lat' dir='ltr'><strong>post</strong></span> <span class='ocrx_word' id='word_1_698' title='bbox 1136 5100 1483 5153; x_wconf 69' lang='lat' dir='ltr'><strong>hebdomade:</strong></span> <span class='ocrx_word' id='word_1_699' title='bbox 1528 5101 1812 5170; x_wconf 75' lang='lat' dir='ltr'><strong>sexaginta</strong></span> <span class='ocrx_word' id='word_1_700' title='bbox 1852 5099 1989 5153; x_wconf 77' lang='lat' dir='ltr'><strong>duas</strong></span> 
     </span>
    </p>
   </div>
   <div class='ocr_carea' id='block_1_98' title="bbox 2095 5098 3673 5172">
    <p class='ocr_par' dir='ltr' id='par_1_98' title="bbox 2095 5098 3673 5172">
     <span class='ocr_line' id='line_1_98' title="bbox 2095 5098 3673 5172; baseline 0.002 -21"><span class='ocrx_word' id='word_1_701' title='bbox 2095 5098 2356 5169; x_wconf 83' lang='grc' dir='ltr'>ζομένης,</span> <span class='ocrx_word' id='word_1_702' title='bbox 2384 5100 2477 5153; x_wconf 76' lang='grc' dir='ltr'>καὶ</span> <span class='ocrx_word' id='word_1_703' title='bbox 2521 5102 2822 5171; x_wconf 84' lang='grc' dir='ltr'>χρημάτων</span> <span class='ocrx_word' id='word_1_704' title='bbox 2852 5101 3025 5172; x_wconf 79' lang='grc' dir='ltr'>αὐτὴν</span> <span class='ocrx_word' id='word_1_705' title='bbox 3051 5101 3380 5170; x_wconf 85' lang='grc' dir='ltr'>ὠνουμένων</span> <span class='ocrx_word' id='word_1_706' title='bbox 3408 5100 3516 5154; x_wconf 85' lang='grc' dir='ltr'>τῶν</span> <span class='ocrx_word' id='word_1_707' title='bbox 3546 5101 3673 5171; x_wconf 80' lang='grc' dir='ltr'>βου-</span> 
     </span>
    </p>
   </div>
   <div class='ocr_carea' id='block_1_99' title="bbox 407 5179 1983 5263">
    <p class='ocr_par' dir='ltr' id='par_1_99' title="bbox 407 5191 1982 5263">
     <span class='ocr_line' id='line_1_99' title="bbox 407 5191 1982 5263; baseline 0.002 -21"><span class='ocrx_word' id='word_1_708' title='bbox 407 5191 784 5261; x_wconf 70' lang='lat' dir='ltr'><strong>exstirpabitur</strong></span> <span class='ocrx_word' id='word_1_709' title='bbox 811 5193 1007 5258; x_wconf 83' lang='lat' dir='ltr'><strong>unctio,</strong></span> <span class='ocrx_word' id='word_1_710' title='bbox 1039 5209 1131 5246; x_wconf 82' lang='lat' dir='ltr'>nec</span> <span class='ocrx_word' id='word_1_711' title='bbox 1159 5191 1399 5256; x_wconf 82' lang='lat' dir='ltr'><strong>futurum</strong></span> <span class='ocrx_word' id='word_1_712' title='bbox 1429 5200 1506 5246; x_wconf 79' lang='lat' dir='ltr'>est</span> <span class='ocrx_word' id='word_1_713' title='bbox 1534 5194 1590 5247; x_wconf 80' lang='lat' dir='ltr'>in</span> <span class='ocrx_word' id='word_1_714' title='bbox 1615 5208 1678 5246; x_wconf 87' lang='lat' dir='ltr'>ea</span> <span class='ocrx_word' id='word_1_715' title='bbox 1698 5193 1982 5263; x_wconf 79' lang='lat' dir='ltr'><strong>judicium,</strong></span> 
     </span>
    </p>
   </div>
   <div class='ocr_carea' id='block_1_100' title="bbox 2086 5179 3677 5263">
    <p class='ocr_par' dir='ltr' id='par_1_100' title="bbox 2090 5191 3677 5262">
     <span class='ocr_line' id='line_1_100' title="bbox 2090 5191 3677 5262; baseline -0.001 -17"><span class='ocrx_word' id='word_1_716' title='bbox 2090 5191 2355 5261; x_wconf 81' lang='grc' dir='ltr'>λομένων.</span> <span class='ocrx_word' id='word_1_717' title='bbox 2386 5191 2416 5244; x_wconf 77' lang='grc' dir='ltr'><strong>ὃ</strong></span> <span class='ocrx_word' id='word_1_718' title='bbox 2445 5194 2541 5246; x_wconf 76' lang='grc' dir='ltr'>καὶ</span> <span class='ocrx_word' id='word_1_719' title='bbox 2563 5193 2592 5246; x_wconf 89' lang='lat'>6</span> <span class='ocrx_word' id='word_1_720' title='bbox 2621 5192 2885 5262; x_wconf 82' lang='grc' dir='ltr'>Ἰώσηπος</span> <span class='ocrx_word' id='word_1_721' title='bbox 2923 5193 3151 5260; x_wconf 83' lang='grc' dir='ltr'>ἱστορεῖ,</span> <span class='ocrx_word' id='word_1_722' title='bbox 3183 5193 3243 5245; x_wconf 78' lang='grc' dir='ltr'>αἱ</span> <span class='ocrx_word' id='word_1_723' title='bbox 3288 5191 3430 5244; x_wconf 85' lang='grc' dir='ltr'>ἐπτά</span> <span class='ocrx_word' id='word_1_724' title='bbox 3464 5191 3677 5262; x_wconf 78' lang='grc' dir='ltr'>παρήλ-</span> 
     </span>
    </p>
   </div>
   <div class='ocr_carea' id='block_1_101' title="bbox 411 5283 1986 5357">
    <p class='ocr_par' dir='ltr' id='par_1_101' title="bbox 411 5283 1986 5357">
     <span class='ocr_line' id='line_1_101' title="bbox 411 5283 1986 5357; baseline 0.001 -19"><span class='ocrx_word' id='word_1_725' title='bbox 411 5283 516 5340; x_wconf 87' lang='lat' dir='ltr'>hoc</span> <span class='ocrx_word' id='word_1_726' title='bbox 537 5293 639 5352; x_wconf 89' lang='lat' dir='ltr'><strong>est,</strong></span> <span class='ocrx_word' id='word_1_727' title='bbox 676 5286 870 5342; x_wconf 89' lang='lat' dir='ltr'><strong>unctio</strong></span> <span class='ocrx_word' id='word_1_728' title='bbox 895 5285 1257 5357; x_wconf 83' lang='lat' dir='ltr'><strong>pontiﬁcatus</strong></span> <span class='ocrx_word' id='word_1_729' title='bbox 1295 5285 1522 5356; x_wconf 90' lang='lat' dir='ltr'><strong>peribit,</strong></span> <span class='ocrx_word' id='word_1_730' title='bbox 1567 5300 1694 5340; x_wconf 89' lang='lat' dir='ltr'>cum</span> <span class='ocrx_word' id='word_1_731' title='bbox 1726 5284 1763 5339; x_wconf 92' lang='lat' dir='ltr'>ii</span> <span class='ocrx_word' id='word_1_732' title='bbox 1793 5293 1986 5340; x_wconf 90' lang='lat' dir='ltr'><strong>contra</strong></span> 
     </span>
    </p>
   </div>
   <div class='ocr_carea' id='block_1_102' title="bbox 2095 5279 3672 5352">
    <p class='ocr_par' dir='ltr' id='par_1_102' title="bbox 2095 5279 3672 5352">
     <span class='ocr_line' id='line_1_102' title="bbox 2095 5279 3672 5352; baseline -0.001 -18"><span class='ocrx_word' id='word_1_733' title='bbox 2095 5281 2259 5336; x_wconf 86' lang='grc' dir='ltr'>θοσαν</span> <span class='ocrx_word' id='word_1_734' title='bbox 2289 5280 2608 5352; x_wconf 79' lang='grc' dir='ltr'>ἐϐδομάδες.</span> <span class='ocrx_word' id='word_1_735' title='bbox 2641 5280 2814 5334; x_wconf 86' lang='grc' dir='ltr'>Τοῦτο</span> <span class='ocrx_word' id='word_1_736' title='bbox 2854 5280 2909 5333; x_wconf 80' lang='grc' dir='ltr'>δὲ</span> <span class='ocrx_word' id='word_1_737' title='bbox 2937 5280 3117 5350; x_wconf 84' lang='grc' dir='ltr'>δηλῶν</span> <span class='ocrx_word' id='word_1_738' title='bbox 3168 5284 3197 5334; x_wconf 93' lang='lat'>6</span> <span class='ocrx_word' id='word_1_739' title='bbox 3217 5279 3362 5346; x_wconf 88' lang='grc' dir='ltr'>θεῖος</span> <span class='ocrx_word' id='word_1_740' title='bbox 3394 5281 3672 5351; x_wconf 79' lang='grc' dir='ltr'>ἀρχάγγε-</span> 
     </span>
    </p>
   </div>
   <div class='ocr_carea' id='block_1_103' title="bbox 1615 5515 2474 5579">
    <p class='ocr_par' dir='ltr' id='par_1_103' title="bbox 1615 5515 2474 5579">
     <span class='ocr_line' id='line_1_103' title="bbox 1615 5515 2474 5579; baseline 0.002 -3"><span class='ocrx_word' id='word_1_741' title='bbox 1615 5515 1818 5577; x_wconf 67' lang='lat' dir='ltr'><strong>Varia:</strong></span> <span class='ocrx_word' id='word_1_742' title='bbox 1839 5515 2149 5579; x_wconf 88' lang='lat' dir='ltr'><strong>lectiones</strong></span> <span class='ocrx_word' id='word_1_743' title='bbox 2193 5521 2254 5578; x_wconf 85' lang='lat' dir='ltr'>et</span> <span class='ocrx_word' id='word_1_744' title='bbox 2285 5521 2474 5578; x_wconf 58' lang='lat' dir='ltr'><strong>notae.</strong></span> 
     </span>
    </p>
   </div>
   <div class='ocr_carea' id='block_1_104' title="bbox 487 5749 1988 5822">
    <p class='ocr_par' dir='ltr' id='par_1_104' title="bbox 487 5749 1988 5822">
     <span class='ocr_line' id='line_1_104' title="bbox 487 5749 1988 5822; baseline 0 -16"><span class='ocrx_word' id='word_1_745' title='bbox 487 5752 600 5822; x_wconf 74' lang='lat'>(85)</span> <span class='ocrx_word' id='word_1_746' title='bbox 653 5753 752 5818; x_wconf 83' lang='grc' dir='ltr'>Ὠς</span> <span class='ocrx_word' id='word_1_747' title='bbox 803 5752 1168 5820; x_wconf 82' lang='grc' dir='ltr'>περιττεύειν</span> <span class='ocrx_word' id='word_1_748' title='bbox 1225 5751 1326 5820; x_wconf 66' lang='grc' dir='ltr'>ἀφ’</span> <span class='ocrx_word' id='word_1_749' title='bbox 1382 5749 1643 5822; x_wconf 80' lang='grc' dir='ltr'>ἑκάστου</span> <span class='ocrx_word' id='word_1_750' title='bbox 1705 5750 1988 5806; x_wconf 75' lang='grc' dir='ltr'>ἐνιαυτοῦ</span> 
     </span>
    </p>
   </div>
   <div class='ocr_carea' id='block_1_105' title="bbox 416 5821 1988 5894">
    <p class='ocr_par' dir='ltr' id='par_1_105' title="bbox 416 5821 1988 5894">
     <span class='ocr_line' id='line_1_105' title="bbox 416 5821 1988 5894; baseline 0.001 -17"><span class='ocrx_word' id='word_1_751' title='bbox 416 5822 641 5894; x_wconf 75' lang='grc' dir='ltr'>ἡμέρας</span> <span class='ocrx_word' id='word_1_752' title='bbox 683 5823 919 5878; x_wconf 75' lang='grc' dir='ltr'>ἕνδεκα.</span> <span class='ocrx_word' id='word_1_753' title='bbox 951 5823 1125 5890; x_wconf 80' lang='lat' dir='ltr'><strong>Quam</strong></span> <span class='ocrx_word' id='word_1_754' title='bbox 1170 5824 1440 5878; x_wconf 77' lang='lat' dir='ltr'><strong>rationem</strong></span> <span class='ocrx_word' id='word_1_755' title='bbox 1481 5821 1612 5878; x_wconf 86' lang='lat' dir='ltr'><strong>anni</strong></span> <span class='ocrx_word' id='word_1_756' title='bbox 1653 5832 1875 5880; x_wconf 85' lang='lat' dir='ltr'><strong>secutus</strong></span> <span class='ocrx_word' id='word_1_757' title='bbox 1914 5821 1988 5878; x_wconf 90' lang='lat' dir='ltr'>sit</span> 
     </span>
    </p>
   </div>
   <div class='ocr_carea' id='block_1_106' title="bbox 2096 5751 3673 5825">
    <p class='ocr_par' dir='ltr' id='par_1_106' title="bbox 2096 5751 3673 5825">
     <span class='ocr_line' id='line_1_106' title="bbox 2096 5751 3673 5825; baseline 0.004 -20"><span class='ocrx_word' id='word_1_758' title='bbox 2096 5751 2596 5825; x_wconf 73' lang='lat' dir='ltr'><strong>Zonaras,ignoro.</strong></span> <span class='ocrx_word' id='word_1_759' title='bbox 2615 5751 2854 5825; x_wconf 64' lang='lat' dir='ltr'><strong>Batione</strong></span> <span class='ocrx_word' id='word_1_760' title='bbox 2876 5768 3023 5810; x_wconf 89' lang='lat' dir='ltr'><strong>nunc</strong></span> <span class='ocrx_word' id='word_1_761' title='bbox 3045 5754 3271 5825; x_wconf 81' lang='lat' dir='ltr'><strong>usitata,</strong></span> <span class='ocrx_word' id='word_1_762' title='bbox 3295 5755 3673 5814; x_wconf 81' lang='lat' dir='ltr'><strong>redundarent</strong></span> 
     </span>
    </p>
   </div>
   <div class='ocr_carea' id='block_1_107' title="bbox 2094 5821 2782 5895">
    <p class='ocr_par' dir='ltr' id='par_1_107' title="bbox 2094 5821 2782 5895">
     <span class='ocr_line' id='line_1_107' title="bbox 2094 5821 2782 5895; baseline 0.003 -17"><span class='ocrx_word' id='word_1_763' title='bbox 2094 5822 2214 5879; x_wconf 78' lang='lat' dir='ltr'><strong>dies</strong></span> <span class='ocrx_word' id='word_1_764' title='bbox 2242 5821 2475 5892; x_wconf 82' lang='lat' dir='ltr'><strong>amplius</strong></span> <span class='ocrx_word' id='word_1_765' title='bbox 2505 5821 2782 5895; x_wconf 80' lang='lat' dir='ltr'><strong>xv._Wolf.</strong></span> 
     </span>
    </p>
   </div>
  </div>
