  <div class='ocr_page' id='page_1' title='image "/cluster/home/n/w/nwhite01/storage/ocr_20150623/134:no.1/coo.31924054870393/136.png"; bbox 0 0 4092 6394; ppageno 0'>
   <div class='ocr_carea' id='block_1_1' title="bbox 380 405 486 473">
    <p class='ocr_par' dir='ltr' id='par_1_1' title="bbox 380 405 486 473">
     <span class='ocr_line' id='line_1_1' title="bbox 380 405 486 473; baseline 0.047 -5"><span class='ocrx_word' id='word_1_1' title='bbox 380 405 486 473; x_wconf 72' lang='lat'><strong>257</strong></span> 
     </span>
    </p>
   </div>
   <div class='ocr_carea' id='block_1_2' title="bbox 1628 412 2397 479">
    <p class='ocr_par' dir='ltr' id='par_1_2' title="bbox 1628 412 2397 479">
     <span class='ocr_line' id='line_1_2' title="bbox 1628 412 2397 479; baseline 0.008 -7"><span class='ocrx_word' id='word_1_2' title='bbox 1628 412 2042 476; x_wconf 84' lang='lat' dir='ltr'><strong>ANNALIUM</strong></span> <span class='ocrx_word' id='word_1_3' title='bbox 2084 415 2234 476; x_wconf 86' lang='lat' dir='ltr'><strong>LIB.</strong></span> <span class='ocrx_word' id='word_1_4' title='bbox 2279 417 2397 479; x_wconf 93' lang='lat' dir='ltr'>III.</span> 
     </span>
    </p>
   </div>
   <div class='ocr_carea' id='block_1_3' title="bbox 3522 433 3636 496">
    <p class='ocr_par' dir='ltr' id='par_1_3' title="bbox 3522 433 3636 496">
     <span class='ocr_line' id='line_1_3' title="bbox 3522 433 3636 496; baseline 0.018 -2"><span class='ocrx_word' id='word_1_5' title='bbox 3522 433 3636 496; x_wconf 78' lang='lat'><strong>258</strong></span> 
     </span>
    </p>
   </div>
   <div class='ocr_carea' id='block_1_4' title="bbox 373 516 1953 612">
    <p class='ocr_par' dir='ltr' id='par_1_4' title="bbox 373 516 1953 594">
     <span class='ocr_line' id='line_1_4' title="bbox 373 516 1953 594; baseline 0.003 -20"><span class='ocrx_word' id='word_1_6' title='bbox 373 521 466 584; x_wconf 83' lang='grc' dir='ltr'><strong>λος</strong></span> <span class='ocrx_word' id='word_1_7' title='bbox 492 517 670 588; x_wconf 74' lang='grc' dir='ltr'>ἔλεγε,</span> <span class='ocrx_word' id='word_1_8' title='bbox 696 517 805 575; x_wconf 84' lang='grc' dir='ltr'>Καί</span> <span class='ocrx_word' id='word_1_9' title='bbox 827 516 983 589; x_wconf 83' lang='grc' dir='ltr'>μετὰ</span> <span class='ocrx_word' id='word_1_10' title='bbox 1011 518 1121 588; x_wconf 87' lang='grc' dir='ltr'>τὰς</span> <span class='ocrx_word' id='word_1_11' title='bbox 1145 519 1486 592; x_wconf 79' lang='grc' dir='ltr'>ἑϐδομάδας</span> <span class='ocrx_word' id='word_1_12' title='bbox 1515 521 1624 590; x_wconf 82' lang='grc' dir='ltr'>τὰς</span> <span class='ocrx_word' id='word_1_13' title='bbox 1651 524 1953 594; x_wconf 77' lang='grc' dir='ltr'>ἐξηκοντα</span> 
     </span>
    </p>
   </div>
   <div class='ocr_carea' id='block_1_5' title="bbox 2051 516 3643 612">
    <p class='ocr_par' dir='ltr' id='par_1_5' title="bbox 2077 529 3643 612">
     <span class='ocr_line' id='line_1_5' title="bbox 2077 529 3643 612; baseline 0.01 -29"><span class='ocrx_word' id='word_1_14' title='bbox 2077 529 2256 599; x_wconf 98' lang='lat' dir='ltr'><strong>legem</strong></span> <span class='ocrx_word' id='word_1_15' title='bbox 2299 535 2602 598; x_wconf 88' lang='lat' dir='ltr'><strong>ungentur,</strong></span> <span class='ocrx_word' id='word_1_16' title='bbox 2651 529 2745 600; x_wconf 88' lang='lat' dir='ltr'><strong>qui</strong></span> <span class='ocrx_word' id='word_1_17' title='bbox 2800 529 2962 602; x_wconf 88' lang='lat' dir='ltr'><strong>potiti</strong></span> <span class='ocrx_word' id='word_1_18' title='bbox 3017 532 3113 588; x_wconf 92' lang='lat' dir='ltr'><strong>illo</strong></span> <span class='ocrx_word' id='word_1_19' title='bbox 3162 533 3390 592; x_wconf 80' lang='lat' dir='ltr'><strong>fuerint.</strong></span> <span class='ocrx_word' id='word_1_20' title='bbox 3451 540 3643 612; x_wconf 81' lang='lat' dir='ltr'><strong>Neque</strong></span> 
     </span>
    </p>
   </div>
   <div class='ocr_carea' id='block_1_6' title="bbox 371 611 1960 686">
    <p class='ocr_par' dir='ltr' id='par_1_6' title="bbox 371 611 1960 686">
     <span class='ocr_line' id='line_1_6' title="bbox 371 611 1960 686; baseline 0.004 -19"><span class='ocrx_word' id='word_1_21' title='bbox 371 613 486 668; x_wconf 87' lang='grc' dir='ltr'>δύο</span> <span class='ocrx_word' id='word_1_22' title='bbox 537 611 1118 680; x_wconf 81' lang='grc' dir='ltr'>ἐξολοθρευθήσεται</span> <span class='ocrx_word' id='word_1_23' title='bbox 1156 615 1410 684; x_wconf 79' lang='grc' dir='ltr'>χρίσμα,</span> <span class='ocrx_word' id='word_1_24' title='bbox 1465 616 1565 670; x_wconf 82' lang='grc' dir='ltr'><strong>καί</strong></span> <span class='ocrx_word' id='word_1_25' title='bbox 1616 617 1798 686; x_wconf 82' lang='grc' dir='ltr'>κρῖμα</span> <span class='ocrx_word' id='word_1_26' title='bbox 1847 620 1960 673; x_wconf 82' lang='grc' dir='ltr'>οὐκ</span> 
     </span>
    </p>
   </div>
   <div class='ocr_carea' id='block_1_7' title="bbox 372 704 1960 782">
    <p class='ocr_par' dir='ltr' id='par_1_7' title="bbox 372 704 1960 782">
     <span class='ocr_line' id='line_1_7' title="bbox 372 704 1960 782; baseline 0.003 -22"><span class='ocrx_word' id='word_1_27' title='bbox 372 706 548 760; x_wconf 75' lang='grc' dir='ltr'>ἐστιν</span> <span class='ocrx_word' id='word_1_28' title='bbox 579 705 652 759; x_wconf 72' lang='grc' dir='ltr'><strong>ἐν</strong></span> <span class='ocrx_word' id='word_1_29' title='bbox 676 704 856 770; x_wconf 85' lang='grc' dir='ltr'>αὐτῷ.</span> <span class='ocrx_word' id='word_1_30' title='bbox 883 705 1032 760; x_wconf 77' lang='grc' dir='ltr'><strong>Ἀντὶ</strong></span> <span class='ocrx_word' id='word_1_31' title='bbox 1057 707 1174 768; x_wconf 81' lang='grc' dir='ltr'>τοῦ,</span> <span class='ocrx_word' id='word_1_32' title='bbox 1194 708 1640 780; x_wconf 83' lang='grc' dir='ltr'>Διαφθαρήσεται</span> <span class='ocrx_word' id='word_1_33' title='bbox 1669 709 1729 762; x_wconf 83' lang='grc' dir='ltr'>τὸ</span> <span class='ocrx_word' id='word_1_34' title='bbox 1749 711 1960 782; x_wconf 87' lang='grc' dir='ltr'>χρίσμα</span> 
     </span>
    </p>
   </div>
   <div class='ocr_carea' id='block_1_8' title="bbox 370 795 1960 869">
    <p class='ocr_par' dir='ltr' id='par_1_8' title="bbox 370 795 1960 869">
     <span class='ocr_line' id='line_1_8' title="bbox 370 795 1960 869; baseline 0.003 -20"><span class='ocrx_word' id='word_1_35' title='bbox 370 799 472 868; x_wconf 82' lang='grc' dir='ltr'>τῆς</span> <span class='ocrx_word' id='word_1_36' title='bbox 505 795 948 867; x_wconf 61' lang='grc' dir='ltr'>ἀρχιερωσύνης.</span> <span class='ocrx_word' id='word_1_37' title='bbox 984 797 1330 868; x_wconf 87' lang='grc' dir='ltr'>Παρανόμως</span> <span class='ocrx_word' id='word_1_38' title='bbox 1368 799 1478 868; x_wconf 84' lang='grc' dir='ltr'><strong>γὰρ</strong></span> <span class='ocrx_word' id='word_1_39' title='bbox 1500 801 1817 869; x_wconf 77' lang='grc' dir='ltr'><strong>χρωμένων</strong></span> <span class='ocrx_word' id='word_1_40' title='bbox 1848 802 1960 855; x_wconf 85' lang='grc' dir='ltr'>τῶν</span> 
     </span>
    </p>
   </div>
   <div class='ocr_carea' id='block_1_9' title="bbox 371 887 1959 965">
    <p class='ocr_par' dir='ltr' id='par_1_9' title="bbox 371 887 1959 965">
     <span class='ocr_line' id='line_1_9' title="bbox 371 887 1959 965; baseline 0.005 -25"><span class='ocrx_word' id='word_1_41' title='bbox 371 890 452 953; x_wconf 86' lang='grc' dir='ltr'><strong>είς</strong></span> <span class='ocrx_word' id='word_1_42' title='bbox 489 888 664 958; x_wconf 75' lang='grc' dir='ltr'>αὐτὴν</span> <span class='ocrx_word' id='word_1_43' title='bbox 718 887 1236 960; x_wconf 79' lang='grc' dir='ltr'>προϐιϐαζομένων,</span> <span class='ocrx_word' id='word_1_44' title='bbox 1294 891 1419 945; x_wconf 82' lang='grc' dir='ltr'>οὐδὲ</span> <span class='ocrx_word' id='word_1_45' title='bbox 1468 891 1531 945; x_wconf 80' lang='grc' dir='ltr'>τὸ</span> <span class='ocrx_word' id='word_1_46' title='bbox 1583 893 1794 964; x_wconf 81' lang='grc' dir='ltr'>χρίσμα</span> <span class='ocrx_word' id='word_1_47' title='bbox 1855 894 1959 965; x_wconf 80' lang='grc' dir='ltr'><strong>τῆν</strong></span> 
     </span>
    </p>
   </div>
   <div class='ocr_carea' id='block_1_10' title="bbox 370 975 1956 1057">
    <p class='ocr_par' dir='ltr' id='par_1_10' title="bbox 370 975 1956 1057">
     <span class='ocr_line' id='line_1_10' title="bbox 370 975 1956 1057; baseline 0.003 -23"><span class='ocrx_word' id='word_1_48' title='bbox 370 981 580 1034; x_wconf 78' lang='grc' dir='ltr'>οἰκείαν</span> <span class='ocrx_word' id='word_1_49' title='bbox 600 975 748 1050; x_wconf 81' lang='grc' dir='ltr'>εἶχεν</span> <span class='ocrx_word' id='word_1_50' title='bbox 779 979 956 1051; x_wconf 76' lang='grc' dir='ltr'>ἰσχὺν,</span> <span class='ocrx_word' id='word_1_51' title='bbox 982 979 1121 1034; x_wconf 82' lang='grc' dir='ltr'>ἀλλὰ</span> <span class='ocrx_word' id='word_1_52' title='bbox 1149 981 1611 1053; x_wconf 82' lang='grc' dir='ltr'>παρεφθαρμένον</span> <span class='ocrx_word' id='word_1_53' title='bbox 1639 983 1698 1036; x_wconf 82' lang='grc' dir='ltr'><strong>ὃν</strong></span> <span class='ocrx_word' id='word_1_54' title='bbox 1735 985 1956 1057; x_wconf 78' lang='grc' dir='ltr'>ἠμοίρει</span> 
     </span>
    </p>
   </div>
   <div class='ocr_carea' id='block_1_11' title="bbox 369 1070 1957 1147">
    <p class='ocr_par' dir='ltr' id='par_1_11' title="bbox 369 1070 1957 1147">
     <span class='ocr_line' id='line_1_11' title="bbox 369 1070 1957 1147; baseline 0.003 -23"><span class='ocrx_word' id='word_1_55' title='bbox 369 1071 470 1141; x_wconf 82' lang='grc' dir='ltr'>τῆς</span> <span class='ocrx_word' id='word_1_56' title='bbox 507 1070 658 1135; x_wconf 83' lang='grc' dir='ltr'>θείας</span> <span class='ocrx_word' id='word_1_57' title='bbox 705 1072 952 1142; x_wconf 85' lang='grc' dir='ltr'>χάριτος.</span> <span class='ocrx_word' id='word_1_58' title='bbox 1000 1071 1095 1124; x_wconf 81' lang='grc' dir='ltr'><strong>Διὸ</strong></span> <span class='ocrx_word' id='word_1_59' title='bbox 1146 1075 1241 1125; x_wconf 77' lang='grc' dir='ltr'>καὶ</span> <span class='ocrx_word' id='word_1_60' title='bbox 1289 1074 1541 1143; x_wconf 74' lang='grc' dir='ltr'>ἐπήγαγε</span> <span class='ocrx_word' id='word_1_61' title='bbox 1578 1075 1733 1128; x_wconf 78' lang='grc' dir='ltr'><strong>’Καὶ</strong></span> <span class='ocrx_word' id='word_1_62' title='bbox 1782 1077 1957 1147; x_wconf 80' lang='grc' dir='ltr'>κρῖμα</span> 
     </span>
    </p>
   </div>
   <div class='ocr_carea' id='block_1_12' title="bbox 371 1161 1957 1236">
    <p class='ocr_par' dir='ltr' id='par_1_12' title="bbox 371 1161 1957 1236">
     <span class='ocr_line' id='line_1_12' title="bbox 371 1161 1957 1236; baseline 0.003 -21"><span class='ocrx_word' id='word_1_63' title='bbox 371 1166 474 1216; x_wconf 82' lang='grc' dir='ltr'><strong>οὐκ</strong></span> <span class='ocrx_word' id='word_1_64' title='bbox 502 1161 653 1216; x_wconf 77' lang='grc' dir='ltr'>ἐστιν</span> <span class='ocrx_word' id='word_1_65' title='bbox 689 1164 748 1216; x_wconf 90' lang='grc' dir='ltr'>ἑν</span> <span class='ocrx_word' id='word_1_66' title='bbox 782 1161 956 1231; x_wconf 83' lang='grc' dir='ltr'>αὐτῷ,</span> <span class='ocrx_word' id='word_1_67' title='bbox 1012 1162 1315 1230; x_wconf 76' lang='grc' dir='ltr'><strong>τουτέστιν,</strong></span> <span class='ocrx_word' id='word_1_68' title='bbox 1348 1163 1410 1217; x_wconf 82' lang='grc' dir='ltr'><strong>οὐ</strong></span> <span class='ocrx_word' id='word_1_69' title='bbox 1441 1164 1584 1218; x_wconf 82' lang='grc' dir='ltr'>κατὰ</span> <span class='ocrx_word' id='word_1_70' title='bbox 1632 1164 1816 1236; x_wconf 83' lang='grc' dir='ltr'>κρίσιν</span> <span class='ocrx_word' id='word_1_71' title='bbox 1862 1167 1957 1220; x_wconf 77' lang='grc' dir='ltr'>καὶ</span> 
     </span>
    </p>
   </div>
   <div class='ocr_carea' id='block_1_13' title="bbox 370 1253 1957 1328">
    <p class='ocr_par' dir='ltr' id='par_1_13' title="bbox 370 1253 1957 1328">
     <span class='ocr_line' id='line_1_13' title="bbox 370 1253 1957 1328; baseline 0.002 -20"><span class='ocrx_word' id='word_1_72' title='bbox 370 1254 700 1324; x_wconf 77' lang='grc' dir='ltr'><strong>δοκιμασίαν</strong></span> <span class='ocrx_word' id='word_1_73' title='bbox 741 1255 1019 1326; x_wconf 76' lang='grc' dir='ltr'><strong>γινόμενοι</strong></span> <span class='ocrx_word' id='word_1_74' title='bbox 1054 1253 1310 1323; x_wconf 79' lang='grc' dir='ltr'>-εσονται,</span> <span class='ocrx_word' id='word_1_75' title='bbox 1343 1255 1464 1310; x_wconf 82' lang='grc' dir='ltr'>ἀλλ’</span> <span class='ocrx_word' id='word_1_76' title='bbox 1505 1256 1765 1328; x_wconf 79' lang='grc' dir='ltr'>ἀκρίτως,</span> <span class='ocrx_word' id='word_1_77' title='bbox 1806 1256 1957 1328; x_wconf 75' lang='grc' dir='ltr'><strong>ἢδιά</strong></span> 
     </span>
    </p>
   </div>
   <div class='ocr_carea' id='block_1_14' title="bbox 372 1344 1952 1418">
    <p class='ocr_par' dir='ltr' id='par_1_14' title="bbox 372 1344 1952 1418">
     <span class='ocr_line' id='line_1_14' title="bbox 372 1344 1952 1418; baseline -0.001 -17"><span class='ocrx_word' id='word_1_78' title='bbox 372 1348 558 1417; x_wconf 77' lang='grc' dir='ltr'>χάριν,</span> <span class='ocrx_word' id='word_1_79' title='bbox 587 1345 620 1414; x_wconf 80' lang='grc' dir='ltr'>ἢ</span> <span class='ocrx_word' id='word_1_80' title='bbox 647 1346 735 1400; x_wconf 86' lang='grc' dir='ltr'>διὰ</span> <span class='ocrx_word' id='word_1_81' title='bbox 764 1350 1050 1417; x_wconf 79' lang='grc' dir='ltr'>χρήματα.</span> <span class='ocrx_word' id='word_1_82' title='bbox 1087 1346 1311 1399; x_wconf 87' lang='grc' dir='ltr'>Τούτων</span> <span class='ocrx_word' id='word_1_83' title='bbox 1355 1345 1402 1398; x_wconf 82' lang='grc' dir='ltr'>δ’</span> <span class='ocrx_word' id='word_1_84' title='bbox 1454 1344 1598 1400; x_wconf 79' lang='grc' dir='ltr'>οὕτω</span> <span class='ocrx_word' id='word_1_85' title='bbox 1626 1347 1952 1418; x_wconf 79' lang='grc' dir='ltr'>γινομένων,</span> 
     </span>
    </p>
   </div>
   <div class='ocr_carea' id='block_1_15' title="bbox 369 1437 1953 1510">
    <p class='ocr_par' dir='ltr' id='par_1_15' title="bbox 369 1437 1953 1510">
     <span class='ocr_line' id='line_1_15' title="bbox 369 1437 1953 1510; baseline 0.001 -18"><span class='ocrx_word' id='word_1_86' title='bbox 369 1440 466 1492; x_wconf 73' lang='grc' dir='ltr'>καὶ</span> <span class='ocrx_word' id='word_1_87' title='bbox 491 1439 546 1490; x_wconf 81' lang='grc' dir='ltr'>αἱ</span> <span class='ocrx_word' id='word_1_88' title='bbox 573 1438 715 1490; x_wconf 79' lang='grc' dir='ltr'>ἑπτά</span> <span class='ocrx_word' id='word_1_89' title='bbox 761 1437 1161 1508; x_wconf 76' lang='grc' dir='ltr'>παρερρύησαν</span> <span class='ocrx_word' id='word_1_90' title='bbox 1205 1437 1523 1508; x_wconf 85' lang='grc' dir='ltr'>ἑϐδομάδες,</span> <span class='ocrx_word' id='word_1_91' title='bbox 1553 1440 1716 1510; x_wconf 83' lang='grc' dir='ltr'>μέχρι</span> <span class='ocrx_word' id='word_1_92' title='bbox 1742 1439 1840 1510; x_wconf 83' lang='grc' dir='ltr'>τῆς</span> <span class='ocrx_word' id='word_1_93' title='bbox 1858 1440 1953 1494; x_wconf 82' lang='grc' dir='ltr'><strong>τοῦ</strong></span> 
     </span>
    </p>
   </div>
   <div class='ocr_carea' id='block_1_16' title="bbox 369 1529 1952 1603">
    <p class='ocr_par' dir='ltr' id='par_1_16' title="bbox 369 1529 1952 1603">
     <span class='ocr_line' id='line_1_16' title="bbox 369 1529 1952 1603; baseline 0.002 -20"><span class='ocrx_word' id='word_1_94' title='bbox 369 1531 578 1600; x_wconf 79' lang='grc' dir='ltr'>Κυρίου</span> <span class='ocrx_word' id='word_1_95' title='bbox 609 1532 935 1600; x_wconf 81' lang='grc' dir='ltr'>ἐπιφανείας</span> <span class='ocrx_word' id='word_1_96' title='bbox 969 1530 1170 1603; x_wconf 78' lang='grc' dir='ltr'>δηλαδὴ</span> <span class='ocrx_word' id='word_1_97' title='bbox 1194 1531 1580 1600; x_wconf 81' lang='grc' dir='ltr'>διαρκέσασαι.</span> <span class='ocrx_word' id='word_1_98' title='bbox 1621 1531 1684 1584; x_wconf 85' lang='lat' dir='ltr'><strong>&#39;H</strong></span> <span class='ocrx_word' id='word_1_99' title='bbox 1715 1533 1817 1600; x_wconf 84' lang='grc' dir='ltr'><strong>μὲν</strong></span> <span class='ocrx_word' id='word_1_100' title='bbox 1856 1529 1952 1586; x_wconf 83' lang='grc' dir='ltr'><strong>οὖν</strong></span> 
     </span>
    </p>
   </div>
   <div class='ocr_carea' id='block_1_17' title="bbox 362 1623 1956 1695">
    <p class='ocr_par' dir='ltr' id='par_1_17' title="bbox 362 1623 1956 1695">
     <span class='ocr_line' id='line_1_17' title="bbox 362 1623 1956 1695; baseline 0.004 -20"><span class='ocrx_word' id='word_1_101' title='bbox 362 1623 628 1695; x_wconf 81' lang='grc' dir='ltr'>διαίρεσις</span> <span class='ocrx_word' id='word_1_102' title='bbox 656 1623 767 1677; x_wconf 87' lang='grc' dir='ltr'>τῶν</span> <span class='ocrx_word' id='word_1_103' title='bbox 792 1625 1157 1695; x_wconf 79' lang='grc' dir='ltr'><strong>ἑξηκονταδύο</strong></span> <span class='ocrx_word' id='word_1_104' title='bbox 1205 1625 1516 1694; x_wconf 86' lang='grc' dir='ltr'>ἑϐδομάδων</span> <span class='ocrx_word' id='word_1_105' title='bbox 1563 1625 1657 1678; x_wconf 78' lang='grc' dir='ltr'>καὶ</span> <span class='ocrx_word' id='word_1_106' title='bbox 1681 1626 1791 1680; x_wconf 84' lang='grc' dir='ltr'><strong>τῶν</strong></span> <span class='ocrx_word' id='word_1_107' title='bbox 1814 1626 1956 1680; x_wconf 82' lang='grc' dir='ltr'>ἑπτὰ.</span> 
     </span>
    </p>
   </div>
   <div class='ocr_carea' id='block_1_18' title="bbox 361 1715 1953 1790">
    <p class='ocr_par' dir='ltr' id='par_1_18' title="bbox 361 1715 1953 1790">
     <span class='ocr_line' id='line_1_18' title="bbox 361 1715 1953 1790; baseline 0.004 -21"><span class='ocrx_word' id='word_1_108' title='bbox 361 1715 453 1770; x_wconf 72' lang='grc' dir='ltr'>διὰ</span> <span class='ocrx_word' id='word_1_109' title='bbox 498 1715 673 1769; x_wconf 84' lang='grc' dir='ltr'>ταῦτα</span> <span class='ocrx_word' id='word_1_110' title='bbox 736 1717 985 1786; x_wconf 83' lang='grc' dir='ltr'>γέγονεν.</span> <span class='ocrx_word' id='word_1_111' title='bbox 1018 1716 1174 1770; x_wconf 70' lang='grc' dir='ltr'>Ἐπεὶ</span> <span class='ocrx_word' id='word_1_112' title='bbox 1232 1716 1289 1769; x_wconf 74' lang='grc' dir='ltr'>δὲ</span> <span class='ocrx_word' id='word_1_113' title='bbox 1340 1715 1476 1788; x_wconf 77' lang='grc' dir='ltr'>πρὸς</span> <span class='ocrx_word' id='word_1_114' title='bbox 1524 1717 1623 1782; x_wconf 81' lang='grc' dir='ltr'>τὰς</span> <span class='ocrx_word' id='word_1_115' title='bbox 1669 1718 1729 1783; x_wconf 82' lang='grc' dir='ltr'><strong>ἑξ</strong></span> <span class='ocrx_word' id='word_1_116' title='bbox 1776 1720 1953 1790; x_wconf 81' lang='grc' dir='ltr'>ἀρχῆς</span> 
     </span>
    </p>
   </div>
   <div class='ocr_carea' id='block_1_19' title="bbox 360 1810 1950 1884">
    <p class='ocr_par' dir='ltr' id='par_1_19' title="bbox 360 1810 1950 1884">
     <span class='ocr_line' id='line_1_19' title="bbox 360 1810 1950 1884; baseline -0.001 -18"><span class='ocrx_word' id='word_1_117' title='bbox 360 1812 666 1884; x_wconf 73' lang='grc' dir='ltr'><strong>εἰρημένας</strong></span> <span class='ocrx_word' id='word_1_118' title='bbox 723 1810 1097 1882; x_wconf 81' lang='grc' dir='ltr'>ἑϐδομήκοντα</span> <span class='ocrx_word' id='word_1_119' title='bbox 1150 1811 1454 1881; x_wconf 83' lang='grc' dir='ltr'>ἑϐδομάδας</span> <span class='ocrx_word' id='word_1_120' title='bbox 1513 1810 1595 1866; x_wconf 79' lang='grc' dir='ltr'>ἔτι</span> <span class='ocrx_word' id='word_1_121' title='bbox 1641 1812 1740 1883; x_wconf 89' lang='grc' dir='ltr'><strong>μία</strong></span> <span class='ocrx_word' id='word_1_122' title='bbox 1787 1813 1950 1882; x_wconf 83' lang='grc' dir='ltr'>λοιπὴ</span> 
     </span>
    </p>
   </div>
   <div class='ocr_carea' id='block_1_20' title="bbox 360 1879 2026 1975">
    <p class='ocr_par' dir='ltr' id='par_1_20' title="bbox 360 1879 2026 1975">
     <span class='ocr_line' id='line_1_20' title="bbox 360 1879 2026 1975; baseline 0.001 -19"><span class='ocrx_word' id='word_1_123' title='bbox 360 1879 801 1975; x_wconf 75' lang='grc' dir='ltr'>περιλελειπται,</span> <span class='ocrx_word' id='word_1_124' title='bbox 819 1879 1062 1974; x_wconf 78' lang='grc' dir='ltr'>καὶπερὶ</span> <span class='ocrx_word' id='word_1_125' title='bbox 1081 1879 1301 1972; x_wconf 73' lang='grc' dir='ltr'>ἐκείνης</span> <span class='ocrx_word' id='word_1_126' title='bbox 1319 1902 1545 1972; x_wconf 81' lang='grc' dir='ltr'>είρηκεν</span> <span class='ocrx_word' id='word_1_127' title='bbox 1561 1903 1592 1957; x_wconf 82' lang='lat'><strong>6</strong></span> <span class='ocrx_word' id='word_1_128' title='bbox 1610 1879 1950 1974; x_wconf 71' lang='grc' dir='ltr'><strong>ἀρχάγγελος</strong></span> <span class='ocrx_word' id='word_1_129' title='bbox 1982 1879 2026 1938; x_wconf 69' lang='grc' dir='ltr'><strong>θ</strong></span> 
     </span>
    </p>
   </div>
   <div class='ocr_carea' id='block_1_21' title="bbox 357 1994 1952 2064">
    <p class='ocr_par' dir='ltr' id='par_1_21' title="bbox 357 1994 1952 2064">
     <span class='ocr_line' id='line_1_21' title="bbox 357 1994 1952 2064; baseline 0.001 -15"><span class='ocrx_word' id='word_1_130' title='bbox 357 1995 572 2049; x_wconf 85' lang='grc' dir='ltr'>ταῦτα·</span> <span class='ocrx_word' id='word_1_131' title='bbox 613 1995 724 2049; x_wconf 79' lang='lat' dir='ltr'><strong>Kal</strong></span> <span class='ocrx_word' id='word_1_132' title='bbox 787 1994 1130 2064; x_wconf 80' lang='grc' dir='ltr'>δυναμώσει</span> <span class='ocrx_word' id='word_1_133' title='bbox 1185 1995 1302 2064; x_wconf 80' lang='grc' dir='ltr'><strong>τὴν</strong></span> <span class='ocrx_word' id='word_1_134' title='bbox 1355 1994 1653 2063; x_wconf 76' lang='grc' dir='ltr'><strong>διαθήκην</strong></span> <span class='ocrx_word' id='word_1_135' title='bbox 1698 1997 1952 2064; x_wconf 75' lang='grc' dir='ltr'><strong>πολλοῖς</strong></span> 
     </span>
    </p>
   </div>
   <div class='ocr_carea' id='block_1_22' title="bbox 357 2086 1952 2159">
    <p class='ocr_par' dir='ltr' id='par_1_22' title="bbox 357 2086 1952 2159">
     <span class='ocr_line' id='line_1_22' title="bbox 357 2086 1952 2159; baseline 0.003 -18"><span class='ocrx_word' id='word_1_136' title='bbox 357 2088 619 2158; x_wconf 77' lang='grc' dir='ltr'>ἑϐδομὰς</span> <span class='ocrx_word' id='word_1_137' title='bbox 665 2088 797 2158; x_wconf 84' lang='grc' dir='ltr'>μία,</span> <span class='ocrx_word' id='word_1_138' title='bbox 845 2087 947 2143; x_wconf 79' lang='grc' dir='ltr'><strong>καὶ</strong></span> <span class='ocrx_word' id='word_1_139' title='bbox 989 2088 1059 2142; x_wconf 84' lang='grc' dir='ltr'><strong>ἐν</strong></span> <span class='ocrx_word' id='word_1_140' title='bbox 1101 2086 1181 2154; x_wconf 85' lang='grc' dir='ltr'>τῷ</span> <span class='ocrx_word' id='word_1_141' title='bbox 1219 2089 1427 2158; x_wconf 72' lang='grc' dir='ltr'>ἡμίσει</span> <span class='ocrx_word' id='word_1_142' title='bbox 1468 2086 1580 2157; x_wconf 83' lang='grc' dir='ltr'>τῆς</span> <span class='ocrx_word' id='word_1_143' title='bbox 1621 2088 1952 2159; x_wconf 79' lang='grc' dir='ltr'>ἑϐδομάδος</span> 
     </span>
    </p>
   </div>
   <div class='ocr_carea' id='block_1_23' title="bbox 355 2181 1951 2252">
    <p class='ocr_par' dir='ltr' id='par_1_23' title="bbox 355 2181 1951 2252">
     <span class='ocr_line' id='line_1_23' title="bbox 355 2181 1951 2252; baseline 0.001 -15"><span class='ocrx_word' id='word_1_144' title='bbox 355 2182 688 2252; x_wconf 64' lang='grc' dir='ltr'>ἀρθήσεται</span> <span class='ocrx_word' id='word_1_145' title='bbox 719 2182 926 2247; x_wconf 81' lang='grc' dir='ltr'><strong>θυσία,</strong></span> <span class='ocrx_word' id='word_1_146' title='bbox 967 2183 1069 2237; x_wconf 78' lang='grc' dir='ltr'>καὶ</span> <span class='ocrx_word' id='word_1_147' title='bbox 1115 2181 1384 2252; x_wconf 78' lang='grc' dir='ltr'>σπονδὴ,</span> <span class='ocrx_word' id='word_1_148' title='bbox 1433 2185 1529 2239; x_wconf 77' lang='grc' dir='ltr'><strong>καί</strong></span> <span class='ocrx_word' id='word_1_149' title='bbox 1574 2185 1673 2238; x_wconf 78' lang='grc' dir='ltr'>ἐπί</span> <span class='ocrx_word' id='word_1_150' title='bbox 1715 2186 1951 2252; x_wconf 84' lang='grc' dir='ltr'><strong>τούτοις</strong></span> 
     </span>
    </p>
   </div>
   <div class='ocr_carea' id='block_1_24' title="bbox 355 2274 1952 2346">
    <p class='ocr_par' dir='ltr' id='par_1_24' title="bbox 355 2274 1952 2346">
     <span class='ocr_line' id='line_1_24' title="bbox 355 2274 1952 2346; baseline 0.002 -18"><span class='ocrx_word' id='word_1_151' title='bbox 355 2274 458 2328; x_wconf 74' lang='grc' dir='ltr'><strong>ἐπὶ</strong></span> <span class='ocrx_word' id='word_1_152' title='bbox 506 2276 572 2328; x_wconf 83' lang='grc' dir='ltr'>τὸ</span> <span class='ocrx_word' id='word_1_153' title='bbox 615 2275 780 2344; x_wconf 73' lang='grc' dir='ltr'>ἱερὸν</span> <span class='ocrx_word' id='word_1_154' title='bbox 801 2275 1122 2346; x_wconf 75' lang='grc' dir='ltr'><strong>,Βδέλυγμα</strong></span> <span class='ocrx_word' id='word_1_155' title='bbox 1155 2274 1262 2343; x_wconf 83' lang='grc' dir='ltr'>τῆς</span> <span class='ocrx_word' id='word_1_156' title='bbox 1293 2275 1668 2345; x_wconf 80' lang='grc' dir='ltr'><strong>ἐρημώσεως,</strong></span> <span class='ocrx_word' id='word_1_157' title='bbox 1701 2276 1802 2330; x_wconf 82' lang='grc' dir='ltr'>καί</span> <span class='ocrx_word' id='word_1_158' title='bbox 1837 2276 1952 2344; x_wconf 78' lang='grc' dir='ltr'>ἕως</span> 
     </span>
    </p>
   </div>
   <div class='ocr_carea' id='block_1_25' title="bbox 355 2366 1952 2440">
    <p class='ocr_par' dir='ltr' id='par_1_25' title="bbox 355 2366 1952 2440">
     <span class='ocr_line' id='line_1_25' title="bbox 355 2366 1952 2440; baseline 0.001 -18"><span class='ocrx_word' id='word_1_159' title='bbox 355 2369 720 2435; x_wconf 72' lang='grc' dir='ltr'>συντελείας</span> <span class='ocrx_word' id='word_1_160' title='bbox 746 2368 952 2437; x_wconf 80' lang='grc' dir='ltr'>καιροῦ</span> <span class='ocrx_word' id='word_1_161' title='bbox 982 2366 1308 2424; x_wconf 76' lang='grc' dir='ltr'>συντέλεια</span> <span class='ocrx_word' id='word_1_162' title='bbox 1359 2368 1682 2436; x_wconf 80' lang='grc' dir='ltr'>δοθήσεται</span> <span class='ocrx_word' id='word_1_163' title='bbox 1710 2369 1810 2423; x_wconf 79' lang='grc' dir='ltr'>ἐπί</span> <span class='ocrx_word' id='word_1_164' title='bbox 1834 2371 1952 2440; x_wconf 75' lang='grc' dir='ltr'><strong>τὴν</strong></span> 
     </span>
    </p>
   </div>
   <div class='ocr_carea' id='block_1_26' title="bbox 355 2461 1949 2534">
    <p class='ocr_par' dir='ltr' id='par_1_26' title="bbox 355 2461 1949 2534">
     <span class='ocr_line' id='line_1_26' title="bbox 355 2461 1949 2534; baseline 0.001 -19"><span class='ocrx_word' id='word_1_165' title='bbox 355 2462 686 2532; x_wconf 81' lang='grc' dir='ltr'><strong>ἐρήμωσιν.</strong></span> <span class='ocrx_word' id='word_1_166' title='bbox 736 2461 802 2516; x_wconf 87' lang='grc' dir='ltr'><strong><em>Ἦ</em></strong></span> <span class='ocrx_word' id='word_1_167' title='bbox 851 2461 1038 2534; x_wconf 86' lang='grc' dir='ltr'>λοιπὴ,</span> <span class='ocrx_word' id='word_1_168' title='bbox 1069 2463 1258 2533; x_wconf 84' lang='grc' dir='ltr'>φησὶν,</span> <span class='ocrx_word' id='word_1_169' title='bbox 1287 2461 1546 2533; x_wconf 83' lang='grc' dir='ltr'>ἑϐδομὰς,</span> <span class='ocrx_word' id='word_1_170' title='bbox 1587 2464 1620 2534; x_wconf 85' lang='grc' dir='ltr'><strong>ή</strong></span> <span class='ocrx_word' id='word_1_171' title='bbox 1667 2463 1807 2533; x_wconf 81' lang='grc' dir='ltr'>μετὰ</span> <span class='ocrx_word' id='word_1_172' title='bbox 1848 2463 1949 2527; x_wconf 85' lang='grc' dir='ltr'><strong>τὰς</strong></span> 
     </span>
    </p>
   </div>
   <div class='ocr_carea' id='block_1_27' title="bbox 357 2552 1951 2626">
    <p class='ocr_par' dir='ltr' id='par_1_27' title="bbox 357 2552 1951 2626">
     <span class='ocr_line' id='line_1_27' title="bbox 357 2552 1951 2626; baseline 0.001 -18"><span class='ocrx_word' id='word_1_173' title='bbox 357 2555 633 2624; x_wconf 85' lang='grc' dir='ltr'>ἑξήκοντα</span> <span class='ocrx_word' id='word_1_174' title='bbox 677 2555 778 2609; x_wconf 85' lang='grc' dir='ltr'>καὶ</span> <span class='ocrx_word' id='word_1_175' title='bbox 829 2555 1011 2620; x_wconf 82' lang='grc' dir='ltr'>ἑννέα,</span> <span class='ocrx_word' id='word_1_176' title='bbox 1057 2554 1156 2624; x_wconf 80' lang='grc' dir='ltr'><strong>τὴν</strong></span> <span class='ocrx_word' id='word_1_177' title='bbox 1199 2552 1396 2624; x_wconf 77' lang='grc' dir='ltr'>καινὴν</span> <span class='ocrx_word' id='word_1_178' title='bbox 1440 2553 1708 2626; x_wconf 80' lang='grc' dir='ltr'>διαθήκην</span> <span class='ocrx_word' id='word_1_179' title='bbox 1741 2554 1951 2622; x_wconf 79' lang='grc' dir='ltr'>εἰσάξει</span> 
     </span>
    </p>
   </div>
   <div class='ocr_carea' id='block_1_28' title="bbox 361 2645 1950 2719">
    <p class='ocr_par' dir='ltr' id='par_1_28' title="bbox 361 2645 1950 2719">
     <span class='ocr_line' id='line_1_28' title="bbox 361 2645 1950 2719; baseline -0.001 -18"><span class='ocrx_word' id='word_1_180' title='bbox 361 2648 595 2719; x_wconf 70' lang='grc' dir='ltr'>ἰσχυρὰν</span> <span class='ocrx_word' id='word_1_181' title='bbox 623 2647 821 2713; x_wconf 80' lang='grc' dir='ltr'>οὕτως,</span> <span class='ocrx_word' id='word_1_182' title='bbox 849 2647 925 2712; x_wconf 86' lang='grc' dir='ltr'>ὼς</span> <span class='ocrx_word' id='word_1_183' title='bbox 954 2645 1023 2702; x_wconf 86' lang='grc' dir='ltr'>δι’</span> <span class='ocrx_word' id='word_1_184' title='bbox 1054 2647 1227 2718; x_wconf 84' lang='grc' dir='ltr'>αὐτῆς</span> <span class='ocrx_word' id='word_1_185' title='bbox 1260 2647 1514 2716; x_wconf 80' lang='grc' dir='ltr'>ἀρθῆναι,</span> <span class='ocrx_word' id='word_1_186' title='bbox 1545 2646 1852 2710; x_wconf 79' lang='grc' dir='ltr'>τουτέστιν,</span> <span class='ocrx_word' id='word_1_187' title='bbox 1885 2647 1950 2700; x_wconf 80' lang='grc' dir='ltr'><strong>ἑκ</strong></span> 
     </span>
    </p>
   </div>
   <div class='ocr_carea' id='block_1_29' title="bbox 361 2738 1950 2810">
    <p class='ocr_par' dir='ltr' id='par_1_29' title="bbox 361 2738 1950 2810">
     <span class='ocr_line' id='line_1_29' title="bbox 361 2738 1950 2810; baseline 0.001 -19"><span class='ocrx_word' id='word_1_188' title='bbox 361 2740 532 2810; x_wconf 84' lang='grc' dir='ltr'>μέσου</span> <span class='ocrx_word' id='word_1_189' title='bbox 561 2739 820 2807; x_wconf 82' lang='grc' dir='ltr'>γενέσθαι</span> <span class='ocrx_word' id='word_1_190' title='bbox 847 2740 946 2802; x_wconf 79' lang='grc' dir='ltr'>τὰς</span> <span class='ocrx_word' id='word_1_191' title='bbox 989 2738 1205 2805; x_wconf 83' lang='grc' dir='ltr'>θυσίας,</span> <span class='ocrx_word' id='word_1_192' title='bbox 1248 2739 1344 2792; x_wconf 81' lang='grc' dir='ltr'>καὶ</span> <span class='ocrx_word' id='word_1_193' title='bbox 1371 2738 1470 2802; x_wconf 82' lang='grc' dir='ltr'>τὰς</span> <span class='ocrx_word' id='word_1_194' title='bbox 1506 2738 1742 2804; x_wconf 74' lang='grc' dir='ltr'>σπονδὰς</span> <span class='ocrx_word' id='word_1_195' title='bbox 1780 2741 1839 2794; x_wconf 87' lang='grc' dir='ltr'><strong>ἑν</strong></span> <span class='ocrx_word' id='word_1_196' title='bbox 1869 2739 1950 2809; x_wconf 82' lang='grc' dir='ltr'><strong>τῷ</strong></span> 
     </span>
    </p>
   </div>
   <div class='ocr_carea' id='block_1_30' title="bbox 356 2827 1950 2902">
    <p class='ocr_par' dir='ltr' id='par_1_30' title="bbox 356 2827 1950 2902">
     <span class='ocr_line' id='line_1_30' title="bbox 356 2827 1950 2902; baseline -0.001 -20"><span class='ocrx_word' id='word_1_197' title='bbox 356 2832 393 2902; x_wconf 87' lang='grc' dir='ltr'><strong>ή</strong></span> <span class='ocrx_word' id='word_1_198' title='bbox 403 2829 554 2901; x_wconf 88' lang='grc' dir='ltr'>μίσει</span> <span class='ocrx_word' id='word_1_199' title='bbox 585 2830 684 2901; x_wconf 85' lang='grc' dir='ltr'>τῆς</span> <span class='ocrx_word' id='word_1_200' title='bbox 710 2829 1028 2900; x_wconf 86' lang='grc' dir='ltr'>ἑϐδομάδος.</span> <span class='ocrx_word' id='word_1_201' title='bbox 1053 2829 1212 2884; x_wconf 84' lang='grc' dir='ltr'>Μετὰ</span> <span class='ocrx_word' id='word_1_202' title='bbox 1235 2827 1345 2898; x_wconf 75' lang='grc' dir='ltr'><strong>γὰρ</strong></span> <span class='ocrx_word' id='word_1_203' title='bbox 1366 2828 1428 2882; x_wconf 82' lang='grc' dir='ltr'>τὸ</span> <span class='ocrx_word' id='word_1_204' title='bbox 1458 2828 1742 2899; x_wconf 80' lang='grc' dir='ltr'>βάπτισμα</span> <span class='ocrx_word' id='word_1_205' title='bbox 1765 2829 1794 2881; x_wconf 98' lang='lat'><strong>6</strong></span> <span class='ocrx_word' id='word_1_206' title='bbox 1814 2830 1950 2901; x_wconf 87' lang='grc' dir='ltr'><strong>Χρι-</strong></span> 
     </span>
    </p>
   </div>
   <div class='ocr_carea' id='block_1_31' title="bbox 359 2917 1947 2991">
    <p class='ocr_par' dir='ltr' id='par_1_31' title="bbox 359 2917 1947 2991">
     <span class='ocr_line' id='line_1_31' title="bbox 359 2917 1947 2991; baseline 0.001 -20"><span class='ocrx_word' id='word_1_207' title='bbox 359 2920 510 2985; x_wconf 81' lang='grc' dir='ltr'>στὸς,</span> <span class='ocrx_word' id='word_1_208' title='bbox 539 2920 633 2973; x_wconf 77' lang='grc' dir='ltr'>ἐπὶ</span> <span class='ocrx_word' id='word_1_209' title='bbox 658 2920 903 2991; x_wconf 81' lang='grc' dir='ltr'>τριετίαν</span> <span class='ocrx_word' id='word_1_210' title='bbox 937 2919 1034 2973; x_wconf 77' lang='grc' dir='ltr'>καὶ</span> <span class='ocrx_word' id='word_1_211' title='bbox 1068 2920 1325 2973; x_wconf 83' lang='grc' dir='ltr'>ἑπὲκεινα</span> <span class='ocrx_word' id='word_1_212' title='bbox 1357 2917 1600 2985; x_wconf 78' lang='grc' dir='ltr'>διδάξας,</span> <span class='ocrx_word' id='word_1_213' title='bbox 1619 2917 1715 2973; x_wconf 80' lang='grc' dir='ltr'>καὶ</span> <span class='ocrx_word' id='word_1_214' title='bbox 1742 2922 1947 2990; x_wconf 74' lang='grc' dir='ltr'>σημεῖα</span> 
     </span>
    </p>
   </div>
   <div class='ocr_carea' id='block_1_32' title="bbox 356 3006 1942 3082">
    <p class='ocr_par' dir='ltr' id='par_1_32' title="bbox 356 3006 1942 3082">
     <span class='ocr_line' id='line_1_32' title="bbox 356 3006 1942 3082; baseline 0.001 -19"><span class='ocrx_word' id='word_1_215' title='bbox 356 3011 798 3082; x_wconf 77' lang='grc' dir='ltr'>ἐπιδειξάμενος,</span> <span class='ocrx_word' id='word_1_216' title='bbox 829 3010 1004 3075; x_wconf 79' lang='grc' dir='ltr'>οὕτως</span> <span class='ocrx_word' id='word_1_217' title='bbox 1036 3012 1131 3064; x_wconf 63' lang='lat' dir='ltr'><strong>sui.</strong></span> <span class='ocrx_word' id='word_1_218' title='bbox 1161 3011 1222 3065; x_wconf 83' lang='grc' dir='ltr'>τὸ</span> <span class='ocrx_word' id='word_1_219' title='bbox 1257 3010 1428 3073; x_wconf 81' lang='grc' dir='ltr'>πᾶθος</span> <span class='ocrx_word' id='word_1_220' title='bbox 1453 3006 1609 3081; x_wconf 81' lang='grc' dir='ltr'>ἦλθε,</span> <span class='ocrx_word' id='word_1_221' title='bbox 1644 3013 1740 3063; x_wconf 79' lang='grc' dir='ltr'>καὶ</span> <span class='ocrx_word' id='word_1_222' title='bbox 1773 3012 1942 3066; x_wconf 80' lang='grc' dir='ltr'>αὐτοῦ</span> 
     </span>
    </p>
   </div>
   <div class='ocr_carea' id='block_1_33' title="bbox 356 3103 1943 3175">
    <p class='ocr_par' dir='ltr' id='par_1_33' title="bbox 356 3103 1943 3175">
     <span class='ocr_line' id='line_1_33' title="bbox 356 3103 1943 3175; baseline -0.001 -17"><span class='ocrx_word' id='word_1_223' title='bbox 356 3103 617 3167; x_wconf 75' lang='grc' dir='ltr'>τυθέντας</span> <span class='ocrx_word' id='word_1_224' title='bbox 642 3103 783 3174; x_wconf 83' lang='grc' dir='ltr'>ὑπὲρ</span> <span class='ocrx_word' id='word_1_225' title='bbox 818 3103 914 3157; x_wconf 82' lang='grc' dir='ltr'>τοῦ</span> <span class='ocrx_word' id='word_1_226' title='bbox 951 3103 1158 3175; x_wconf 83' lang='grc' dir='ltr'>κόσμου</span> <span class='ocrx_word' id='word_1_227' title='bbox 1205 3103 1432 3169; x_wconf 87' lang='grc' dir='ltr'>παντὸς,</span> <span class='ocrx_word' id='word_1_228' title='bbox 1459 3103 1555 3156; x_wconf 80' lang='grc' dir='ltr'><strong>τοῦ</strong></span> <span class='ocrx_word' id='word_1_229' title='bbox 1599 3104 1799 3174; x_wconf 82' lang='grc' dir='ltr'>Ἀμνοῦ</span> <span class='ocrx_word' id='word_1_230' title='bbox 1845 3104 1943 3157; x_wconf 80' lang='grc' dir='ltr'>τοῦ</span> 
     </span>
    </p>
   </div>
   <div class='ocr_carea' id='block_1_34' title="bbox 359 3195 2015 3277">
    <p class='ocr_par' dir='ltr' id='par_1_34' title="bbox 359 3195 2015 3277">
     <span class='ocr_line' id='line_1_34' title="bbox 359 3195 2015 3277; baseline 0 -27"><span class='ocrx_word' id='word_1_231' title='bbox 359 3195 502 3250; x_wconf 81' lang='grc' dir='ltr'>Θεοῦ</span> <span class='ocrx_word' id='word_1_232' title='bbox 528 3196 624 3249; x_wconf 84' lang='grc' dir='ltr'><strong>τοῦ</strong></span> <span class='ocrx_word' id='word_1_233' title='bbox 655 3197 907 3267; x_wconf 74' lang='grc' dir='ltr'>αἴροντος</span> <span class='ocrx_word' id='word_1_234' title='bbox 935 3197 1036 3268; x_wconf 83' lang='grc' dir='ltr'><strong>τὴν</strong></span> <span class='ocrx_word' id='word_1_235' title='bbox 1071 3195 1352 3267; x_wconf 79' lang='grc' dir='ltr'>ἁμαρτίαν</span> <span class='ocrx_word' id='word_1_236' title='bbox 1374 3195 1469 3249; x_wconf 82' lang='grc' dir='ltr'>τοῦ</span> <span class='ocrx_word' id='word_1_237' title='bbox 1495 3196 1772 3267; x_wconf 86' lang='grc' dir='ltr'>κόσμου,ή</span> <span class='ocrx_word' id='word_1_238' title='bbox 1803 3197 1944 3250; x_wconf 81' lang='grc' dir='ltr'>κατὰ</span> <span class='ocrx_word' id='word_1_239' title='bbox 1968 3213 2015 3277; x_wconf 78' lang='lat' dir='ltr'>C</span> 
     </span>
    </p>
   </div>
   <div class='ocr_carea' id='block_1_35' title="bbox 359 3287 1950 3360">
    <p class='ocr_par' dir='ltr' id='par_1_35' title="bbox 359 3287 1950 3360">
     <span class='ocr_line' id='line_1_35' title="bbox 359 3287 1950 3360; baseline -0.001 -17"><span class='ocrx_word' id='word_1_240' title='bbox 359 3288 530 3358; x_wconf 87' lang='grc' dir='ltr'>νόμον</span> <span class='ocrx_word' id='word_1_241' title='bbox 562 3288 723 3342; x_wconf 87' lang='grc' dir='ltr'>θυσία</span> <span class='ocrx_word' id='word_1_242' title='bbox 761 3288 1001 3360; x_wconf 82' lang='grc' dir='ltr'>ἐπαύθη,</span> <span class='ocrx_word' id='word_1_243' title='bbox 1032 3289 1130 3343; x_wconf 78' lang='grc' dir='ltr'>καὶ</span> <span class='ocrx_word' id='word_1_244' title='bbox 1171 3290 1204 3360; x_wconf 85' lang='grc' dir='ltr'>ἠ</span> <span class='ocrx_word' id='word_1_245' title='bbox 1258 3288 1483 3360; x_wconf 86' lang='grc' dir='ltr'>σπονδή.</span> <span class='ocrx_word' id='word_1_246' title='bbox 1522 3289 1635 3342; x_wconf 80' lang='grc' dir='ltr'><strong>Καὶ</strong></span> <span class='ocrx_word' id='word_1_247' title='bbox 1659 3287 1816 3342; x_wconf 78' lang='grc' dir='ltr'>ἔθυον</span> <span class='ocrx_word' id='word_1_248' title='bbox 1857 3289 1950 3342; x_wconf 82' lang='grc' dir='ltr'>ἑκ-</span> 
     </span>
    </p>
   </div>
   <div class='ocr_carea' id='block_1_36' title="bbox 354 3380 1942 3451">
    <p class='ocr_par' dir='ltr' id='par_1_36' title="bbox 354 3380 1942 3451">
     <span class='ocr_line' id='line_1_36' title="bbox 354 3380 1942 3451; baseline 0.013 -17"><span class='ocrx_word' id='word_1_249' title='bbox 354 3397 481 3434; x_wconf 78' lang='grc' dir='ltr'>τοτε</span> <span class='ocrx_word' id='word_1_250' title='bbox 515 3381 565 3434; x_wconf 82' lang='lat' dir='ltr'><strong>ei</strong></span> <span class='ocrx_word' id='word_1_251' title='bbox 613 3381 885 3447; x_wconf 77' lang='grc' dir='ltr'>Ἰουδαῖοι,</span> <span class='ocrx_word' id='word_1_252' title='bbox 919 3381 1043 3434; x_wconf 76' lang='grc' dir='ltr'>ἐπεὶ</span> <span class='ocrx_word' id='word_1_253' title='bbox 1080 3382 1175 3434; x_wconf 69' lang='grc' dir='ltr'>καὶ</span> <span class='ocrx_word' id='word_1_254' title='bbox 1220 3380 1302 3434; x_wconf 78' lang='grc' dir='ltr'><strong>ἔτι</strong></span> <span class='ocrx_word' id='word_1_255' title='bbox 1343 3381 1537 3434; x_wconf 83' lang='grc' dir='ltr'>θύουσι</span> <span class='ocrx_word' id='word_1_256' title='bbox 1585 3382 1942 3451; x_wconf 65' lang='grc' dir='ltr'>παρανόμως,</span> 
     </span>
    </p>
   </div>
   <div class='ocr_carea' id='block_1_37' title="bbox 355 3467 1944 3544">
    <p class='ocr_par' dir='ltr' id='par_1_37' title="bbox 355 3467 1944 3544">
     <span class='ocr_line' id='line_1_37' title="bbox 355 3467 1944 3544; baseline -0.001 -17"><span class='ocrx_word' id='word_1_257' title='bbox 355 3472 478 3527; x_wconf 76' lang='grc' dir='ltr'>ἀλλ’</span> <span class='ocrx_word' id='word_1_258' title='bbox 500 3473 872 3544; x_wconf 82' lang='grc' dir='ltr'>ἅπρόσδεκτος</span> <span class='ocrx_word' id='word_1_259' title='bbox 907 3467 977 3544; x_wconf 74' lang='grc' dir='ltr'><strong>ἦν</strong></span> <span class='ocrx_word' id='word_1_260' title='bbox 1010 3473 1043 3544; x_wconf 92' lang='grc' dir='ltr'><strong>ή</strong></span> <span class='ocrx_word' id='word_1_261' title='bbox 1070 3472 1298 3526; x_wconf 77' lang='grc' dir='ltr'>ἐκείνων</span> <span class='ocrx_word' id='word_1_262' title='bbox 1328 3471 1491 3526; x_wconf 87' lang='grc' dir='ltr'>θυσία</span> <span class='ocrx_word' id='word_1_263' title='bbox 1527 3474 1625 3527; x_wconf 78' lang='grc' dir='ltr'>καὶ</span> <span class='ocrx_word' id='word_1_264' title='bbox 1650 3473 1684 3544; x_wconf 90' lang='grc' dir='ltr'><strong>ή</strong></span> <span class='ocrx_word' id='word_1_265' title='bbox 1721 3472 1944 3543; x_wconf 85' lang='grc' dir='ltr'>σπονδή.</span> 
     </span>
    </p>
   </div>
   <div class='ocr_carea' id='block_1_38' title="bbox 357 3562 1946 3636">
    <p class='ocr_par' dir='ltr' id='par_1_38' title="bbox 357 3562 1946 3636">
     <span class='ocr_line' id='line_1_38' title="bbox 357 3562 1946 3636; baseline -0.001 -18"><span class='ocrx_word' id='word_1_266' title='bbox 357 3567 470 3618; x_wconf 77' lang='grc' dir='ltr'><strong>Καὶ</strong></span> <span class='ocrx_word' id='word_1_267' title='bbox 523 3564 700 3628; x_wconf 79' lang='grc' dir='ltr'>ἄλλως</span> <span class='ocrx_word' id='word_1_268' title='bbox 749 3565 810 3620; x_wconf 81' lang='grc' dir='ltr'>δὲ</span> <span class='ocrx_word' id='word_1_269' title='bbox 857 3568 940 3632; x_wconf 72' lang='grc' dir='ltr'><strong>τὸ,</strong></span> <span class='ocrx_word' id='word_1_270' title='bbox 998 3562 1328 3636; x_wconf 81' lang='grc' dir='ltr'>Δυναμώσει</span> <span class='ocrx_word' id='word_1_271' title='bbox 1377 3563 1649 3636; x_wconf 83' lang='grc' dir='ltr'>διαθήκην</span> <span class='ocrx_word' id='word_1_272' title='bbox 1704 3563 1946 3630; x_wconf 81' lang='grc' dir='ltr'>πολλοῖς,</span> 
     </span>
    </p>
   </div>
   <div class='ocr_carea' id='block_1_39' title="bbox 355 3655 1948 3729">
    <p class='ocr_par' dir='ltr' id='par_1_39' title="bbox 355 3655 1948 3729">
     <span class='ocr_line' id='line_1_39' title="bbox 355 3655 1948 3729; baseline -0.003 -17"><span class='ocrx_word' id='word_1_273' title='bbox 355 3657 768 3729; x_wconf 77' lang='grc' dir='ltr'>ἑκληφθήσεται</span> <span class='ocrx_word' id='word_1_274' title='bbox 804 3657 930 3712; x_wconf 79' lang='grc' dir='ltr'>ἀντὶ</span> <span class='ocrx_word' id='word_1_275' title='bbox 973 3655 1094 3722; x_wconf 84' lang='grc' dir='ltr'>τοῦ,</span> <span class='ocrx_word' id='word_1_276' title='bbox 1122 3655 1399 3720; x_wconf 82' lang='grc' dir='ltr'>Δυνατοὺς</span> <span class='ocrx_word' id='word_1_277' title='bbox 1435 3656 1562 3719; x_wconf 79' lang='grc' dir='ltr'>τοὺς</span> <span class='ocrx_word' id='word_1_278' title='bbox 1593 3655 1776 3728; x_wconf 74' lang='grc' dir='ltr'>ἱεροὺς</span> <span class='ocrx_word' id='word_1_279' title='bbox 1804 3655 1948 3709; x_wconf 83' lang='grc' dir='ltr'>ἀπο-</span> 
     </span>
    </p>
   </div>
   <div class='ocr_carea' id='block_1_40' title="bbox 357 3747 1947 3821">
    <p class='ocr_par' dir='ltr' id='par_1_40' title="bbox 357 3747 1947 3821">
     <span class='ocr_line' id='line_1_40' title="bbox 357 3747 1947 3821; baseline -0.001 -17"><span class='ocrx_word' id='word_1_280' title='bbox 357 3751 583 3813; x_wconf 83' lang='grc' dir='ltr'>στόλους</span> <span class='ocrx_word' id='word_1_281' title='bbox 621 3750 704 3814; x_wconf 80' lang='grc' dir='ltr'><strong>είς</strong></span> <span class='ocrx_word' id='word_1_282' title='bbox 750 3750 814 3804; x_wconf 80' lang='grc' dir='ltr'>τὸ</span> <span class='ocrx_word' id='word_1_283' title='bbox 841 3749 1114 3821; x_wconf 83' lang='grc' dir='ltr'>κήρυγμα</span> <span class='ocrx_word' id='word_1_284' title='bbox 1152 3749 1187 3820; x_wconf 81' lang='grc' dir='ltr'><strong>ή</strong></span> <span class='ocrx_word' id='word_1_285' title='bbox 1229 3747 1468 3820; x_wconf 78' lang='grc' dir='ltr'>ἑϐδομὰς</span> <span class='ocrx_word' id='word_1_286' title='bbox 1495 3748 1682 3818; x_wconf 85' lang='grc' dir='ltr'>ἑκείνη</span> <span class='ocrx_word' id='word_1_287' title='bbox 1708 3749 1947 3820; x_wconf 75' lang='grc' dir='ltr'>ἐργάσε-</span> 
     </span>
    </p>
   </div>
   <div class='ocr_carea' id='block_1_41' title="bbox 356 3840 1948 3914">
    <p class='ocr_par' dir='ltr' id='par_1_41' title="bbox 356 3840 1948 3914">
     <span class='ocr_line' id='line_1_41' title="bbox 356 3840 1948 3914; baseline -0.001 -16"><span class='ocrx_word' id='word_1_288' title='bbox 356 3861 470 3900; x_wconf 87' lang='grc' dir='ltr'>ται.</span> <span class='ocrx_word' id='word_1_289' title='bbox 505 3844 601 3907; x_wconf 79' lang='lat' dir='ltr'><strong>El;</strong></span> <span class='ocrx_word' id='word_1_290' title='bbox 635 3841 730 3896; x_wconf 84' lang='grc' dir='ltr'><strong>δύο</strong></span> <span class='ocrx_word' id='word_1_291' title='bbox 759 3841 869 3914; x_wconf 86' lang='grc' dir='ltr'>γὰρ</span> <span class='ocrx_word' id='word_1_292' title='bbox 907 3842 1006 3913; x_wconf 80' lang='grc' dir='ltr'>τὴν</span> <span class='ocrx_word' id='word_1_293' title='bbox 1041 3841 1314 3912; x_wconf 86' lang='grc' dir='ltr'>ἑϐδομάδα</span> <span class='ocrx_word' id='word_1_294' title='bbox 1358 3840 1613 3911; x_wconf 81' lang='grc' dir='ltr'>φαίνεται</span> <span class='ocrx_word' id='word_1_295' title='bbox 1645 3841 1873 3913; x_wconf 87' lang='grc' dir='ltr'>διαιρῶν</span> <span class='ocrx_word' id='word_1_296' title='bbox 1918 3843 1948 3896; x_wconf 89' lang='lat'><strong>6</strong></span> 
     </span>
    </p>
   </div>
   <div class='ocr_carea' id='block_1_42' title="bbox 361 3933 1948 4009">
    <p class='ocr_par' dir='ltr' id='par_1_42' title="bbox 361 3933 1948 4009">
     <span class='ocr_line' id='line_1_42' title="bbox 361 3933 1948 4009; baseline -0.002 -17"><span class='ocrx_word' id='word_1_297' title='bbox 361 3935 736 4009; x_wconf 78' lang='grc' dir='ltr'>ἀρχάγγελος,</span> <span class='ocrx_word' id='word_1_298' title='bbox 773 3935 852 4000; x_wconf 84' lang='grc' dir='ltr'><strong>είς</strong></span> <span class='ocrx_word' id='word_1_299' title='bbox 905 3935 1000 3990; x_wconf 80' lang='grc' dir='ltr'>τὸν</span> <span class='ocrx_word' id='word_1_300' title='bbox 1059 3934 1212 4006; x_wconf 84' lang='grc' dir='ltr'>παρὰ</span> <span class='ocrx_word' id='word_1_301' title='bbox 1269 3933 1361 3989; x_wconf 82' lang='grc' dir='ltr'><strong>τοῦ</strong></span> <span class='ocrx_word' id='word_1_302' title='bbox 1413 3934 1650 4002; x_wconf 86' lang='grc' dir='ltr'>Πάθους,</span> <span class='ocrx_word' id='word_1_303' title='bbox 1700 3935 1797 3988; x_wconf 66' lang='grc' dir='ltr'><strong>καλ⁵</strong></span> <span class='ocrx_word' id='word_1_304' title='bbox 1855 3935 1948 3990; x_wconf 81' lang='grc' dir='ltr'>τὸν</span> 
     </span>
    </p>
   </div>
   <div class='ocr_carea' id='block_1_43' title="bbox 358 4026 1948 4102">
    <p class='ocr_par' dir='ltr' id='par_1_43' title="bbox 358 4026 1948 4102">
     <span class='ocr_line' id='line_1_43' title="bbox 358 4026 1948 4102; baseline -0.002 -18"><span class='ocrx_word' id='word_1_305' title='bbox 358 4032 506 4102; x_wconf 84' lang='grc' dir='ltr'>μετά</span> <span class='ocrx_word' id='word_1_306' title='bbox 533 4031 595 4083; x_wconf 77' lang='grc' dir='ltr'>τὸ</span> <span class='ocrx_word' id='word_1_307' title='bbox 631 4029 811 4090; x_wconf 84' lang='grc' dir='ltr'>Πάθος</span> <span class='ocrx_word' id='word_1_308' title='bbox 851 4028 1070 4098; x_wconf 90' lang='grc' dir='ltr'>καιρόν.</span> <span class='ocrx_word' id='word_1_309' title='bbox 1120 4028 1256 4098; x_wconf 60' lang='grc' dir='ltr'><strong>Περὶ⁸</strong></span> <span class='ocrx_word' id='word_1_310' title='bbox 1283 4029 1395 4100; x_wconf 87' lang='grc' dir='ltr'><strong>γὰρ</strong></span> <span class='ocrx_word' id='word_1_311' title='bbox 1422 4029 1490 4082; x_wconf 80' lang='grc' dir='ltr'>τὰ</span> <span class='ocrx_word' id='word_1_312' title='bbox 1519 4027 1647 4102; x_wconf 86' lang='grc' dir='ltr'>τρία</span> <span class='ocrx_word' id='word_1_313' title='bbox 1678 4026 1776 4099; x_wconf 79' lang='grc' dir='ltr'><strong>ἑτη</strong></span> <span class='ocrx_word' id='word_1_314' title='bbox 1808 4027 1948 4100; x_wconf 87' lang='grc' dir='ltr'>πρὸς</span> 
     </span>
    </p>
   </div>
   <div class='ocr_carea' id='block_1_44' title="bbox 356 4118 1948 4194">
    <p class='ocr_par' dir='ltr' id='par_1_44' title="bbox 356 4118 1948 4194">
     <span class='ocr_line' id='line_1_44' title="bbox 356 4118 1948 4194; baseline -0.003 -16"><span class='ocrx_word' id='word_1_315' title='bbox 356 4122 437 4194; x_wconf 79' lang='grc' dir='ltr'><strong>τῷ</strong></span> <span class='ocrx_word' id='word_1_316' title='bbox 465 4122 657 4194; x_wconf 77' lang='grc' dir='ltr'>ἡμίσει</span> <span class='ocrx_word' id='word_1_317' title='bbox 690 4119 939 4192; x_wconf 81' lang='grc' dir='ltr'>κηρύξας</span> <span class='ocrx_word' id='word_1_318' title='bbox 963 4121 992 4174; x_wconf 89' lang='lat'><strong>6</strong></span> <span class='ocrx_word' id='word_1_319' title='bbox 1033 4119 1241 4190; x_wconf 83' lang='grc' dir='ltr'>Κύριος</span> <span class='ocrx_word' id='word_1_320' title='bbox 1271 4121 1417 4174; x_wconf 77' lang='grc' dir='ltr'>κατὰ</span> <span class='ocrx_word' id='word_1_321' title='bbox 1449 4119 1511 4173; x_wconf 83' lang='grc' dir='ltr'>τὸ</span> <span class='ocrx_word' id='word_1_322' title='bbox 1559 4119 1659 4173; x_wconf 77' lang='grc' dir='ltr'>τοῦ</span> <span class='ocrx_word' id='word_1_323' title='bbox 1699 4118 1820 4173; x_wconf 85' lang='grc' dir='ltr'>υίοῦ</span> <span class='ocrx_word' id='word_1_324' title='bbox 1847 4120 1948 4190; x_wconf 83' lang='grc' dir='ltr'>τῆς</span> 
     </span>
    </p>
   </div>
   <div class='ocr_carea' id='block_1_45' title="bbox 356 4212 1946 4286">
    <p class='ocr_par' dir='ltr' id='par_1_45' title="bbox 356 4212 1946 4286">
     <span class='ocr_line' id='line_1_45' title="bbox 356 4212 1946 4286; baseline 0.001 -18"><span class='ocrx_word' id='word_1_325' title='bbox 356 4214 596 4286; x_wconf 80' lang='grc' dir='ltr'>βροντῆς</span> <span class='ocrx_word' id='word_1_326' title='bbox 653 4212 1013 4282; x_wconf 82' lang='grc' dir='ltr'>Εὑαγγὲλιον,</span> <span class='ocrx_word' id='word_1_327' title='bbox 1051 4213 1148 4266; x_wconf 78' lang='grc' dir='ltr'>καὶ</span> <span class='ocrx_word' id='word_1_328' title='bbox 1187 4212 1454 4284; x_wconf 83' lang='grc' dir='ltr'>στηρίξας</span> <span class='ocrx_word' id='word_1_329' title='bbox 1491 4213 1574 4277; x_wconf 86' lang='grc' dir='ltr'><strong>είς</strong></span> <span class='ocrx_word' id='word_1_330' title='bbox 1630 4213 1731 4285; x_wconf 88' lang='grc' dir='ltr'><strong>τὴν</strong></span> <span class='ocrx_word' id='word_1_331' title='bbox 1776 4213 1946 4269; x_wconf 80' lang='grc' dir='ltr'>αὑτοῦ</span> 
     </span>
    </p>
   </div>
   <div class='ocr_carea' id='block_1_46' title="bbox 355 4300 1948 4375">
    <p class='ocr_par' dir='ltr' id='par_1_46' title="bbox 355 4300 1948 4375">
     <span class='ocr_line' id='line_1_46' title="bbox 355 4300 1948 4375; baseline -0.002 -16"><span class='ocrx_word' id='word_1_332' title='bbox 355 4307 543 4360; x_wconf 84' lang='grc' dir='ltr'>πίστιν</span> <span class='ocrx_word' id='word_1_333' title='bbox 584 4304 712 4368; x_wconf 76' lang='grc' dir='ltr'>τοὺς</span> <span class='ocrx_word' id='word_1_334' title='bbox 746 4303 927 4368; x_wconf 85' lang='grc' dir='ltr'>θείους</span> <span class='ocrx_word' id='word_1_335' title='bbox 956 4300 1124 4356; x_wconf 83' lang='grc' dir='ltr'>αὐτοῦ</span> <span class='ocrx_word' id='word_1_336' title='bbox 1166 4302 1507 4367; x_wconf 79' lang='grc' dir='ltr'>ἀποστόλους</span> <span class='ocrx_word' id='word_1_337' title='bbox 1535 4304 1603 4375; x_wconf 81' lang='grc' dir='ltr'>τῇ</span> <span class='ocrx_word' id='word_1_338' title='bbox 1630 4301 1743 4356; x_wconf 87' lang='grc' dir='ltr'>τῶν</span> <span class='ocrx_word' id='word_1_339' title='bbox 1771 4301 1948 4372; x_wconf 90' lang='grc' dir='ltr'>λόγων</span> 
     </span>
    </p>
   </div>
   <div class='ocr_carea' id='block_1_47' title="bbox 352 4393 1944 4469">
    <p class='ocr_par' dir='ltr' id='par_1_47' title="bbox 352 4393 1944 4469">
     <span class='ocr_line' id='line_1_47' title="bbox 352 4393 1944 4469; baseline -0.003 -18"><span class='ocrx_word' id='word_1_340' title='bbox 352 4396 587 4469; x_wconf 79' lang='grc' dir='ltr'>ἀληθείᾳ</span> <span class='ocrx_word' id='word_1_341' title='bbox 638 4395 736 4451; x_wconf 76' lang='grc' dir='ltr'>καὶ</span> <span class='ocrx_word' id='word_1_342' title='bbox 779 4397 849 4466; x_wconf 80' lang='grc' dir='ltr'>τῇ</span> <span class='ocrx_word' id='word_1_343' title='bbox 895 4394 1007 4448; x_wconf 86' lang='grc' dir='ltr'>τῶν</span> <span class='ocrx_word' id='word_1_344' title='bbox 1054 4393 1378 4464; x_wconf 87' lang='grc' dir='ltr'>θαυμασίων</span> <span class='ocrx_word' id='word_1_345' title='bbox 1423 4393 1603 4465; x_wconf 74' lang='grc' dir='ltr'>ἔργων</span> <span class='ocrx_word' id='word_1_346' title='bbox 1649 4393 1944 4460; x_wconf 78' lang='grc' dir='ltr'>ἐπιδείξειο</span> 
     </span>
    </p>
   </div>
   <div class='ocr_carea' id='block_1_48' title="bbox 353 4488 1946 4563">
    <p class='ocr_par' dir='ltr' id='par_1_48' title="bbox 353 4488 1946 4563">
     <span class='ocr_line' id='line_1_48' title="bbox 353 4488 1946 4563; baseline -0.002 -17"><span class='ocrx_word' id='word_1_347' title='bbox 353 4493 500 4547; x_wconf 77' lang='grc' dir='ltr'>οὕτω</span> <span class='ocrx_word' id='word_1_348' title='bbox 533 4491 669 4563; x_wconf 74' lang='grc' dir='ltr'>πρὸς</span> <span class='ocrx_word' id='word_1_349' title='bbox 700 4491 762 4546; x_wconf 79' lang='grc' dir='ltr'>τὸ</span> <span class='ocrx_word' id='word_1_350' title='bbox 795 4488 976 4554; x_wconf 86' lang='grc' dir='ltr'>Πάθος</span> <span class='ocrx_word' id='word_1_351' title='bbox 1009 4488 1282 4561; x_wconf 79' lang='grc' dir='ltr'>ἐχώρησε,</span> <span class='ocrx_word' id='word_1_352' title='bbox 1317 4489 1414 4543; x_wconf 82' lang='grc' dir='ltr'>καὶ</span> <span class='ocrx_word' id='word_1_353' title='bbox 1441 4488 1535 4543; x_wconf 82' lang='grc' dir='ltr'><strong>τὸν</strong></span> <span class='ocrx_word' id='word_1_354' title='bbox 1566 4488 1804 4559; x_wconf 77' lang='grc' dir='ltr'>σταυρὸν</span> <span class='ocrx_word' id='word_1_355' title='bbox 1842 4505 1946 4544; x_wconf 70' lang='grc' dir='ltr'>καε-</span> 
     </span>
    </p>
   </div>
   <div class='ocr_carea' id='block_1_49' title="bbox 2061 617 3638 701">
    <p class='ocr_par' dir='ltr' id='par_1_49' title="bbox 2061 617 3638 701">
     <span class='ocr_line' id='line_1_49' title="bbox 2061 617 3638 701; baseline 0.008 -27"><span class='ocrx_word' id='word_1_356' title='bbox 2061 621 2208 674; x_wconf 90' lang='lat' dir='ltr'><strong>enim</strong></span> <span class='ocrx_word' id='word_1_357' title='bbox 2240 617 2425 671; x_wconf 79' lang='lat' dir='ltr'><strong>unctio</strong></span> <span class='ocrx_word' id='word_1_358' title='bbox 2465 619 2576 672; x_wconf 86' lang='lat' dir='ltr'><strong>vim</strong></span> <span class='ocrx_word' id='word_1_359' title='bbox 2617 635 2772 674; x_wconf 90' lang='lat' dir='ltr'><strong>suam</strong></span> <span class='ocrx_word' id='word_1_360' title='bbox 2812 623 3108 686; x_wconf 80' lang='lat' dir='ltr'><strong>retinebat,</strong></span> <span class='ocrx_word' id='word_1_361' title='bbox 3141 625 3239 680; x_wconf 91' lang='lat' dir='ltr'><strong>sed</strong></span> <span class='ocrx_word' id='word_1_362' title='bbox 3272 637 3638 701; x_wconf 90' lang='lat' dir='ltr'><strong>utcorrupta,</strong></span> 
     </span>
    </p>
   </div>
   <div class='ocr_carea' id='block_1_50' title="bbox 2045 707 3636 788">
    <p class='ocr_par' dir='ltr' id='par_1_50' title="bbox 2045 707 3636 788">
     <span class='ocr_line' id='line_1_50' title="bbox 2045 707 3636 788; baseline 0.009 -28"><span class='ocrx_word' id='word_1_363' title='bbox 2045 709 2249 780; x_wconf 63' lang='lat' dir='ltr'><strong>.gratitc</strong></span> <span class='ocrx_word' id='word_1_364' title='bbox 2279 707 2479 762; x_wconf 73' lang='lat' dir='ltr'><strong>divina:</strong></span> <span class='ocrx_word' id='word_1_365' title='bbox 2509 718 2628 764; x_wconf 89' lang='lat' dir='ltr'><strong>erat</strong></span> <span class='ocrx_word' id='word_1_366' title='bbox 2657 725 2878 780; x_wconf 81' lang='lat' dir='ltr'><strong>expers.</strong></span> <span class='ocrx_word' id='word_1_367' title='bbox 2913 713 3094 778; x_wconf 84' lang='lat' dir='ltr'><strong>Quare</strong></span> <span class='ocrx_word' id='word_1_368' title='bbox 3128 715 3338 786; x_wconf 89' lang='lat' dir='ltr'><strong>adjicit,</strong></span> <span class='ocrx_word' id='word_1_369' title='bbox 3366 719 3636 788; x_wconf 84' lang='lat' dir='ltr'><strong>judicium</strong></span> 
     </span>
    </p>
   </div>
   <div class='ocr_carea' id='block_1_51' title="bbox 2060 800 3641 881">
    <p class='ocr_par' dir='ltr' id='par_1_51' title="bbox 2060 800 3641 881">
     <span class='ocr_line' id='line_1_51' title="bbox 2060 800 3641 881; baseline 0.009 -27"><span class='ocrx_word' id='word_1_370' title='bbox 2060 816 2169 854; x_wconf 91' lang='lat' dir='ltr'><strong>non</strong></span> <span class='ocrx_word' id='word_1_371' title='bbox 2221 816 2356 857; x_wconf 76' lang='lat' dir='ltr'><strong>esse,</strong></span> <span class='ocrx_word' id='word_1_372' title='bbox 2395 800 2449 853; x_wconf 91' lang='lat' dir='ltr'><strong>in</strong></span> <span class='ocrx_word' id='word_1_373' title='bbox 2472 816 2579 854; x_wconf 91' lang='lat' dir='ltr'><strong>ea:</strong></span> <span class='ocrx_word' id='word_1_374' title='bbox 2620 805 2722 856; x_wconf 82' lang='lat' dir='ltr'><strong>hoc</strong></span> <span class='ocrx_word' id='word_1_375' title='bbox 2766 813 2851 858; x_wconf 92' lang='lat' dir='ltr'><strong>est</strong></span> <span class='ocrx_word' id='word_1_376' title='bbox 2879 805 3032 858; x_wconf 88' lang='lat' dir='ltr'><strong>nullo</strong></span> <span class='ocrx_word' id='word_1_377' title='bbox 3076 806 3322 875; x_wconf 88' lang='lat' dir='ltr'><strong>judicio,</strong></span> <span class='ocrx_word' id='word_1_378' title='bbox 3375 811 3641 881; x_wconf 86' lang='lat' dir='ltr'><strong>nullaque</strong></span> 
     </span>
    </p>
   </div>
   <div class='ocr_carea' id='block_1_52' title="bbox 2058 893 3640 969">
    <p class='ocr_par' dir='ltr' id='par_1_52' title="bbox 2058 893 3640 969">
     <span class='ocr_line' id='line_1_52' title="bbox 2058 893 3640 969; baseline 0.007 -22"><span class='ocrx_word' id='word_1_379' title='bbox 2058 893 2440 962; x_wconf 78' lang='lat' dir='ltr'><strong>exploratione</strong></span> <span class='ocrx_word' id='word_1_380' title='bbox 2493 893 2743 948; x_wconf 80' lang='lat' dir='ltr'><strong>adhibita</strong></span> <span class='ocrx_word' id='word_1_381' title='bbox 2790 897 3086 965; x_wconf 83' lang='lat' dir='ltr'><strong>pontiﬁces</strong></span> <span class='ocrx_word' id='word_1_382' title='bbox 3137 910 3384 954; x_wconf 87' lang='lat' dir='ltr'><strong>creatum</strong></span> <span class='ocrx_word' id='word_1_383' title='bbox 3420 902 3512 969; x_wconf 86' lang='lat' dir='ltr'><strong>iri,</strong></span> <span class='ocrx_word' id='word_1_384' title='bbox 3541 906 3640 958; x_wconf 90' lang='lat' dir='ltr'><strong>sed</strong></span> 
     </span>
    </p>
   </div>
   <div class='ocr_carea' id='block_1_53' title="bbox 2058 981 3642 1059">
    <p class='ocr_par' dir='ltr' id='par_1_53' title="bbox 2058 981 3642 1059">
     <span class='ocr_line' id='line_1_53' title="bbox 2058 981 3642 1059; baseline 0.01 -23"><span class='ocrx_word' id='word_1_385' title='bbox 2058 981 2195 1036; x_wconf 86' lang='lat' dir='ltr'><strong>citra</strong></span> <span class='ocrx_word' id='word_1_386' title='bbox 2229 983 2502 1037; x_wconf 60' lang='lat' dir='ltr'><strong>delectum</strong></span> <span class='ocrx_word' id='word_1_387' title='bbox 2535 985 2618 1038; x_wconf 83' lang='lat' dir='ltr'><strong>vel</strong></span> <span class='ocrx_word' id='word_1_388' title='bbox 2678 987 2916 1051; x_wconf 88' lang='lat' dir='ltr'><strong>ambitu,</strong></span> <span class='ocrx_word' id='word_1_389' title='bbox 2965 989 3050 1042; x_wconf 90' lang='lat' dir='ltr'><strong>vel</strong></span> <span class='ocrx_word' id='word_1_390' title='bbox 3089 991 3284 1059; x_wconf 85' lang='lat' dir='ltr'><strong>gratia.</strong></span> <span class='ocrx_word' id='word_1_391' title='bbox 3334 994 3474 1049; x_wconf 90' lang='lat' dir='ltr'><strong>Dum</strong></span> <span class='ocrx_word' id='word_1_392' title='bbox 3525 995 3642 1052; x_wconf 80' lang='lat' dir='ltr'><strong>hn-c</strong></span> 
     </span>
    </p>
   </div>
   <div class='ocr_carea' id='block_1_54' title="bbox 2059 1073 3638 1158">
    <p class='ocr_par' dir='ltr' id='par_1_54' title="bbox 2059 1073 3638 1158">
     <span class='ocr_line' id='line_1_54' title="bbox 2059 1073 3638 1158; baseline 0.011 -30"><span class='ocrx_word' id='word_1_393' title='bbox 2059 1073 2278 1140; x_wconf 85' lang='lat' dir='ltr'><strong>ﬁerent,</strong></span> <span class='ocrx_word' id='word_1_394' title='bbox 2327 1077 2493 1130; x_wconf 89' lang='lat' dir='ltr'><strong>etiam</strong></span> <span class='ocrx_word' id='word_1_395' title='bbox 2549 1086 2763 1146; x_wconf 89' lang='lat' dir='ltr'><strong>septem</strong></span> <span class='ocrx_word' id='word_1_396' title='bbox 2815 1079 3190 1139; x_wconf 84' lang='lat' dir='ltr'><strong>hebdomades</strong></span> <span class='ocrx_word' id='word_1_397' title='bbox 3237 1096 3370 1141; x_wconf 88' lang='lat' dir='ltr'><strong>sunt</strong></span> <span class='ocrx_word' id='word_1_398' title='bbox 3402 1088 3638 1158; x_wconf 70' lang='lat' dir='ltr'><strong>elapsae,</strong></span> 
     </span>
    </p>
   </div>
   <div class='ocr_carea' id='block_1_55' title="bbox 2057 1167 3641 1236">
    <p class='ocr_par' dir='ltr' id='par_1_55' title="bbox 2057 1167 3641 1236">
     <span class='ocr_line' id='line_1_55' title="bbox 2057 1167 3641 1236; baseline 0.011 -17"><span class='ocrx_word' id='word_1_399' title='bbox 2057 1180 2184 1220; x_wconf 91' lang='lat' dir='ltr'><strong>cum</strong></span> <span class='ocrx_word' id='word_1_400' title='bbox 2231 1182 2404 1236; x_wconf 91' lang='lat' dir='ltr'><strong>usque</strong></span> <span class='ocrx_word' id='word_1_401' title='bbox 2453 1167 2522 1221; x_wconf 88' lang='lat' dir='ltr'><strong>ad</strong></span> <span class='ocrx_word' id='word_1_402' title='bbox 2576 1167 2786 1223; x_wconf 87' lang='lat' dir='ltr'><strong>Christi</strong></span> <span class='ocrx_word' id='word_1_403' title='bbox 2833 1171 3134 1226; x_wconf 79' lang='lat' dir='ltr'><strong>adventum</strong></span> <span class='ocrx_word' id='word_1_404' title='bbox 3190 1174 3502 1232; x_wconf 86' lang='lat' dir='ltr'><strong>durassent.</strong></span> <span class='ocrx_word' id='word_1_405' title='bbox 3561 1181 3641 1236; x_wconf 84' lang='lat' dir='ltr'><strong>Ac</strong></span> 
     </span>
    </p>
   </div>
   <div class='ocr_carea' id='block_1_56' title="bbox 2056 1256 3640 1329">
    <p class='ocr_par' dir='ltr' id='par_1_56' title="bbox 2056 1256 3640 1329">
     <span class='ocr_line' id='line_1_56' title="bbox 2056 1256 3640 1329; baseline 0.008 -19"><span class='ocrx_word' id='word_1_406' title='bbox 2056 1257 2339 1325; x_wconf 82' lang='lat' dir='ltr'><strong>sexaginta</strong></span> <span class='ocrx_word' id='word_1_407' title='bbox 2366 1256 2604 1310; x_wconf 89' lang='lat' dir='ltr'><strong>duarum</strong></span> <span class='ocrx_word' id='word_1_408' title='bbox 2640 1265 2697 1312; x_wconf 86' lang='lat' dir='ltr'><strong>et</strong></span> <span class='ocrx_word' id='word_1_409' title='bbox 2731 1269 2944 1329; x_wconf 87' lang='lat' dir='ltr'><strong>septem</strong></span> <span class='ocrx_word' id='word_1_410' title='bbox 2986 1261 3398 1319; x_wconf 84' lang='lat' dir='ltr'><strong>hebdomadum</strong></span> <span class='ocrx_word' id='word_1_411' title='bbox 3436 1267 3640 1324; x_wconf 91' lang='lat' dir='ltr'><strong>divisio</strong></span> 
     </span>
    </p>
   </div>
   <div class='ocr_carea' id='block_1_57' title="bbox 2055 1346 3641 1430">
    <p class='ocr_par' dir='ltr' id='par_1_57' title="bbox 2055 1346 3641 1430">
     <span class='ocr_line' id='line_1_57' title="bbox 2055 1346 3641 1430; baseline 0.009 -30"><span class='ocrx_word' id='word_1_412' title='bbox 2055 1346 2160 1402; x_wconf 90' lang='lat' dir='ltr'><strong>hac</strong></span> <span class='ocrx_word' id='word_1_413' title='bbox 2202 1351 2268 1402; x_wconf 88' lang='lat' dir='ltr'><strong>de</strong></span> <span class='ocrx_word' id='word_1_414' title='bbox 2321 1364 2486 1402; x_wconf 89' lang='lat' dir='ltr'><strong>causa</strong></span> <span class='ocrx_word' id='word_1_415' title='bbox 2541 1349 2792 1406; x_wconf 87' lang='lat' dir='ltr'><strong>instituta</strong></span> <span class='ocrx_word' id='word_1_416' title='bbox 2827 1360 2932 1406; x_wconf 90' lang='lat' dir='ltr'><strong>est.</strong></span> <span class='ocrx_word' id='word_1_417' title='bbox 2981 1352 3120 1408; x_wconf 89' lang='lat' dir='ltr'><strong>Cum</strong></span> <span class='ocrx_word' id='word_1_418' title='bbox 3191 1366 3378 1412; x_wconf 89' lang='lat' dir='ltr'><strong>autem</strong></span> <span class='ocrx_word' id='word_1_419' title='bbox 3433 1371 3641 1430; x_wconf 83' lang='lat' dir='ltr'><strong>praeter</strong></span> 
     </span>
    </p>
   </div>
   <div class='ocr_carea' id='block_1_58' title="bbox 2054 1439 3640 1511">
    <p class='ocr_par' dir='ltr' id='par_1_58' title="bbox 2054 1439 3640 1511">
     <span class='ocr_line' id='line_1_58' title="bbox 2054 1439 3640 1511; baseline 0.008 -20"><span class='ocrx_word' id='word_1_420' title='bbox 2054 1453 2149 1491; x_wconf 84' lang='lat' dir='ltr'><strong>eas</strong></span> <span class='ocrx_word' id='word_1_421' title='bbox 2185 1454 2309 1508; x_wconf 70' lang='lat' dir='ltr'><strong>quae</strong></span> <span class='ocrx_word' id='word_1_422' title='bbox 2352 1439 2512 1493; x_wconf 88' lang='lat' dir='ltr'><strong>initio</strong></span> <span class='ocrx_word' id='word_1_423' title='bbox 2565 1449 2695 1494; x_wconf 90' lang='lat' dir='ltr'><strong>sunt</strong></span> <span class='ocrx_word' id='word_1_424' title='bbox 2740 1444 3026 1511; x_wconf 64' lang='lat' dir='ltr'><strong>expositae,</strong></span> <span class='ocrx_word' id='word_1_425' title='bbox 3065 1445 3250 1502; x_wconf 82' lang='lat' dir='ltr'><strong>adhuc</strong></span> <span class='ocrx_word' id='word_1_426' title='bbox 3299 1463 3410 1502; x_wconf 89' lang='lat' dir='ltr'><strong>una</strong></span> <span class='ocrx_word' id='word_1_427' title='bbox 3467 1460 3640 1506; x_wconf 83' lang='lat' dir='ltr'><strong>restet</strong></span> 
     </span>
    </p>
   </div>
   <div class='ocr_carea' id='block_1_59' title="bbox 2056 1530 3639 1606">
    <p class='ocr_par' dir='ltr' id='par_1_59' title="bbox 2056 1530 3639 1606">
     <span class='ocr_line' id='line_1_59' title="bbox 2056 1530 3639 1606; baseline 0.009 -24"><span class='ocrx_word' id='word_1_428' title='bbox 2056 1530 2382 1595; x_wconf 79' lang='lat' dir='ltr'><strong>hebdomas,</strong></span> <span class='ocrx_word' id='word_1_429' title='bbox 2425 1531 2492 1585; x_wconf 90' lang='lat' dir='ltr'><strong>de</strong></span> <span class='ocrx_word' id='word_1_430' title='bbox 2538 1532 2610 1585; x_wconf 83' lang='lat' dir='ltr'><strong>ea</strong></span> <span class='ocrx_word' id='word_1_431' title='bbox 2629 1548 2851 1603; x_wconf 90' lang='lat' dir='ltr'><strong>quoque</strong></span> <span class='ocrx_word' id='word_1_432' title='bbox 2896 1536 3270 1606; x_wconf 86' lang='lat' dir='ltr'><strong>archangelus</strong></span> <span class='ocrx_word' id='word_1_433' title='bbox 3309 1540 3390 1594; x_wconf 89' lang='lat' dir='ltr'><strong>sic</strong></span> <span class='ocrx_word' id='word_1_434' title='bbox 3414 1540 3534 1594; x_wconf 91' lang='lat' dir='ltr'><strong>ait:</strong></span> <span class='ocrx_word' id='word_1_435' title='bbox 3567 1543 3639 1596; x_wconf 85' lang='lat' dir='ltr'><strong>Et</strong></span> 
     </span>
    </p>
   </div>
   <div class='ocr_carea' id='block_1_60' title="bbox 2053 1621 3638 1697">
    <p class='ocr_par' dir='ltr' id='par_1_60' title="bbox 2053 1621 3638 1697">
     <span class='ocr_line' id='line_1_60' title="bbox 2053 1621 3638 1697; baseline 0.008 -23"><span class='ocrx_word' id='word_1_436' title='bbox 2053 1621 2385 1690; x_wconf 80' lang='lat' dir='ltr'><strong>conﬁrmabit</strong></span> <span class='ocrx_word' id='word_1_437' title='bbox 2429 1632 2796 1678; x_wconf 78' lang='lat' dir='ltr'><strong>testamentum</strong></span> <span class='ocrx_word' id='word_1_438' title='bbox 2849 1626 3029 1682; x_wconf 76' lang='lat' dir='ltr'><strong>multis</strong></span> <span class='ocrx_word' id='word_1_439' title='bbox 3061 1629 3343 1684; x_wconf 72' lang='lat' dir='ltr'><strong>hebdomas</strong></span> <span class='ocrx_word' id='word_1_440' title='bbox 3401 1649 3530 1697; x_wconf 83' lang='lat' dir='ltr'><strong>una,</strong></span> <span class='ocrx_word' id='word_1_441' title='bbox 3587 1643 3638 1689; x_wconf 75' lang='lat' dir='ltr'><strong>et</strong></span> 
     </span>
    </p>
   </div>
   <div class='ocr_carea' id='block_1_61' title="bbox 2053 1713 3636 1789">
    <p class='ocr_par' dir='ltr' id='par_1_61' title="bbox 2053 1713 3636 1789">
     <span class='ocr_line' id='line_1_61' title="bbox 2053 1713 3636 1789; baseline 0.009 -23"><span class='ocrx_word' id='word_1_442' title='bbox 2053 1713 2108 1766; x_wconf 82' lang='lat' dir='ltr'><strong>in</strong></span> <span class='ocrx_word' id='word_1_443' title='bbox 2159 1716 2374 1767; x_wconf 75' lang='lat' dir='ltr'><strong>semisse</strong></span> <span class='ocrx_word' id='word_1_444' title='bbox 2413 1715 2756 1770; x_wconf 77' lang='lat' dir='ltr'><strong>hebdomadis</strong></span> <span class='ocrx_word' id='word_1_445' title='bbox 2789 1717 3006 1771; x_wconf 81' lang='lat' dir='ltr'><strong>tolletur</strong></span> <span class='ocrx_word' id='word_1_446' title='bbox 3029 1722 3352 1789; x_wconf 79' lang='lat' dir='ltr'><strong>sacriﬁcium</strong></span> <span class='ocrx_word' id='word_1_447' title='bbox 3393 1733 3444 1779; x_wconf 87' lang='lat' dir='ltr'><strong>et</strong></span> <span class='ocrx_word' id='word_1_448' title='bbox 3495 1726 3636 1780; x_wconf 84' lang='lat' dir='ltr'><strong>liba-</strong></span> 
     </span>
    </p>
   </div>
   <div class='ocr_carea' id='block_1_62' title="bbox 2054 1807 3640 1888">
    <p class='ocr_par' dir='ltr' id='par_1_62' title="bbox 2054 1807 3640 1888">
     <span class='ocr_line' id='line_1_62' title="bbox 2054 1807 3640 1888; baseline 0.009 -31"><span class='ocrx_word' id='word_1_449' title='bbox 2054 1807 2146 1870; x_wconf 88' lang='lat' dir='ltr'><strong>tio,</strong></span> <span class='ocrx_word' id='word_1_450' title='bbox 2187 1813 2236 1858; x_wconf 87' lang='lat' dir='ltr'><strong>et</strong></span> <span class='ocrx_word' id='word_1_451' title='bbox 2279 1817 2474 1876; x_wconf 63' lang='lat' dir='ltr'><strong>prater</strong></span> <span class='ocrx_word' id='word_1_452' title='bbox 2521 1808 2634 1860; x_wconf 68' lang='lat' dir='ltr'><strong>hac</strong></span> <span class='ocrx_word' id='word_1_453' title='bbox 2676 1809 2996 1865; x_wconf 86' lang='lat' dir='ltr'><strong>abominatie</strong></span> <span class='ocrx_word' id='word_1_454' title='bbox 3018 1814 3294 1870; x_wconf 64' lang='lat' dir='ltr'><strong>vastitatis</strong></span> <span class='ocrx_word' id='word_1_455' title='bbox 3320 1833 3479 1888; x_wconf 73' lang='lat' dir='ltr'><strong>super</strong></span> <span class='ocrx_word' id='word_1_456' title='bbox 3505 1827 3640 1870; x_wconf 63' lang='lat' dir='ltr'><strong>temo</strong></span> 
     </span>
    </p>
   </div>
   <div class='ocr_carea' id='block_1_63' title="bbox 2051 1893 3641 1974">
    <p class='ocr_par' dir='ltr' id='par_1_63' title="bbox 2051 1893 3641 1974">
     <span class='ocr_line' id='line_1_63' title="bbox 2051 1893 3641 1974; baseline 0.009 -28"><span class='ocrx_word' id='word_1_457' title='bbox 2051 1893 2199 1962; x_wconf 85' lang='lat' dir='ltr'><strong>plum</strong></span> <span class='ocrx_word' id='word_1_458' title='bbox 2229 1913 2250 1951; x_wconf 90' lang='lat'><strong><em>:</em></strong></span> <span class='ocrx_word' id='word_1_459' title='bbox 2286 1903 2335 1949; x_wconf 87' lang='lat' dir='ltr'><strong>et</strong></span> <span class='ocrx_word' id='word_1_460' title='bbox 2373 1911 2535 1963; x_wconf 80' lang='lat' dir='ltr'><strong>usque</strong></span> <span class='ocrx_word' id='word_1_461' title='bbox 2579 1897 2650 1950; x_wconf 82' lang='lat' dir='ltr'><strong>ad</strong></span> <span class='ocrx_word' id='word_1_462' title='bbox 2703 1900 3140 1967; x_wconf 78' lang='lat' dir='ltr'><strong>complementum</strong></span> <span class='ocrx_word' id='word_1_463' title='bbox 3174 1906 3450 1974; x_wconf 71' lang='lat' dir='ltr'><strong>temporis,</strong></span> <span class='ocrx_word' id='word_1_464' title='bbox 3498 1922 3641 1960; x_wconf 81' lang='lat' dir='ltr'><strong>com—</strong></span> 
     </span>
    </p>
   </div>
   <div class='ocr_carea' id='block_1_64' title="bbox 2050 1985 3640 2066">
    <p class='ocr_par' dir='ltr' id='par_1_64' title="bbox 2050 1985 3640 2066">
     <span class='ocr_line' id='line_1_64' title="bbox 2050 1985 3640 2066; baseline 0.009 -28"><span class='ocrx_word' id='word_1_465' title='bbox 2050 1985 2373 2056; x_wconf 85' lang='lat' dir='ltr'><strong>plementum</strong></span> <span class='ocrx_word' id='word_1_466' title='bbox 2399 1989 2612 2044; x_wconf 85' lang='lat' dir='ltr'><strong>dabitur</strong></span> <span class='ocrx_word' id='word_1_467' title='bbox 2643 2005 2803 2060; x_wconf 79' lang='lat' dir='ltr'><strong>super</strong></span> <span class='ocrx_word' id='word_1_468' title='bbox 2827 1994 3205 2048; x_wconf 78' lang='lat' dir='ltr'><strong>vastationem.</strong></span> <span class='ocrx_word' id='word_1_469' title='bbox 3240 1994 3474 2066; x_wconf 85' lang='lat' dir='ltr'><strong>Reliqua</strong></span> <span class='ocrx_word' id='word_1_470' title='bbox 3502 2037 3517 2062; x_wconf 95' lang='lat'><strong>,</strong></span> <span class='ocrx_word' id='word_1_471' title='bbox 3555 1998 3640 2053; x_wconf 87' lang='lat' dir='ltr'><strong>in-</strong></span> 
     </span>
    </p>
   </div>
   <div class='ocr_carea' id='block_1_65' title="bbox 2051 2077 3638 2156">
    <p class='ocr_par' dir='ltr' id='par_1_65' title="bbox 2051 2077 3638 2156">
     <span class='ocr_line' id='line_1_65' title="bbox 2051 2077 3638 2156; baseline 0.009 -25"><span class='ocrx_word' id='word_1_472' title='bbox 2051 2078 2194 2148; x_wconf 89' lang='lat' dir='ltr'><strong>quit,</strong></span> <span class='ocrx_word' id='word_1_473' title='bbox 2230 2077 2561 2144; x_wconf 85' lang='lat' dir='ltr'><strong>bebdomas,</strong></span> <span class='ocrx_word' id='word_1_474' title='bbox 2587 2082 2874 2152; x_wconf 75' lang='lat' dir='ltr'><strong>sexaginta</strong></span> <span class='ocrx_word' id='word_1_475' title='bbox 2905 2097 3103 2138; x_wconf 89' lang='lat' dir='ltr'><strong>novem</strong></span> <span class='ocrx_word' id='word_1_476' title='bbox 3127 2097 3410 2156; x_wconf 87' lang='lat' dir='ltr'><strong>secutura,</strong></span> <span class='ocrx_word' id='word_1_477' title='bbox 3434 2105 3638 2146; x_wconf 82' lang='lat' dir='ltr'><strong>novum</strong></span> 
     </span>
    </p>
   </div>
   <div class='ocr_carea' id='block_1_66' title="bbox 2053 2174 3638 2252">
    <p class='ocr_par' dir='ltr' id='par_1_66' title="bbox 2053 2174 3638 2252">
     <span class='ocr_line' id='line_1_66' title="bbox 2053 2174 3638 2252; baseline 0.01 -29"><span class='ocrx_word' id='word_1_478' title='bbox 2053 2177 2456 2227; x_wconf 81' lang='lat' dir='ltr'><strong>testamentum</strong></span> <span class='ocrx_word' id='word_1_479' title='bbox 2491 2174 2813 2230; x_wconf 86' lang='lat' dir='ltr'><strong>introducet</strong></span> <span class='ocrx_word' id='word_1_480' title='bbox 2859 2176 3000 2232; x_wconf 90' lang='lat' dir='ltr'><strong>adeo</strong></span> <span class='ocrx_word' id='word_1_481' title='bbox 3042 2179 3312 2246; x_wconf 88' lang='lat' dir='ltr'><strong>validum,</strong></span> <span class='ocrx_word' id='word_1_482' title='bbox 3338 2191 3398 2236; x_wconf 93' lang='lat' dir='ltr'><strong>ut</strong></span> <span class='ocrx_word' id='word_1_483' title='bbox 3439 2198 3540 2252; x_wconf 88' lang='lat' dir='ltr'><strong>per</strong></span> <span class='ocrx_word' id='word_1_484' title='bbox 3582 2185 3638 2240; x_wconf 91' lang='lat' dir='ltr'><strong>id</strong></span> 
     </span>
    </p>
   </div>
   <div class='ocr_carea' id='block_1_67' title="bbox 2051 2263 3640 2332">
    <p class='ocr_par' dir='ltr' id='par_1_67' title="bbox 2051 2263 3640 2332">
     <span class='ocr_line' id='line_1_67' title="bbox 2051 2263 3640 2332; baseline 0.01 -16"><span class='ocrx_word' id='word_1_485' title='bbox 2051 2263 2286 2318; x_wconf 91' lang='lat' dir='ltr'><strong>tollatur</strong></span> <span class='ocrx_word' id='word_1_486' title='bbox 2311 2279 2343 2319; x_wconf 90' lang='lat' dir='ltr'><strong>e</strong></span> <span class='ocrx_word' id='word_1_487' title='bbox 2373 2265 2558 2320; x_wconf 91' lang='lat' dir='ltr'><strong>medio</strong></span> <span class='ocrx_word' id='word_1_488' title='bbox 2589 2267 2923 2323; x_wconf 86' lang='lat' dir='ltr'><strong>sacriﬁcium</strong></span> <span class='ocrx_word' id='word_1_489' title='bbox 2969 2277 3026 2324; x_wconf 90' lang='lat' dir='ltr'><strong>et</strong></span> <span class='ocrx_word' id='word_1_490' title='bbox 3072 2270 3271 2328; x_wconf 90' lang='lat' dir='ltr'><strong>libatio</strong></span> <span class='ocrx_word' id='word_1_491' title='bbox 3317 2273 3371 2328; x_wconf 91' lang='lat' dir='ltr'><strong>in</strong></span> <span class='ocrx_word' id='word_1_492' title='bbox 3407 2276 3640 2332; x_wconf 79' lang='lat' dir='ltr'><strong>semisse</strong></span> 
     </span>
    </p>
   </div>
   <div class='ocr_carea' id='block_1_68' title="bbox 2051 2354 3640 2433">
    <p class='ocr_par' dir='ltr' id='par_1_68' title="bbox 2051 2354 3640 2433">
     <span class='ocr_line' id='line_1_68' title="bbox 2051 2354 3640 2433; baseline 0.009 -24"><span class='ocrx_word' id='word_1_493' title='bbox 2051 2354 2438 2412; x_wconf 86' lang='lat' dir='ltr'><strong>hebdomadis.</strong></span> <span class='ocrx_word' id='word_1_494' title='bbox 2471 2356 2606 2413; x_wconf 83' lang='lat' dir='ltr'><strong>Nam</strong></span> <span class='ocrx_word' id='word_1_495' title='bbox 2648 2375 2775 2415; x_wconf 91' lang='lat' dir='ltr'><strong>cum</strong></span> <span class='ocrx_word' id='word_1_496' title='bbox 2827 2375 2952 2433; x_wconf 88' lang='lat' dir='ltr'><strong>post</strong></span> <span class='ocrx_word' id='word_1_497' title='bbox 2997 2363 3334 2433; x_wconf 86' lang='lat' dir='ltr'><strong>baptismum</strong></span> <span class='ocrx_word' id='word_1_498' title='bbox 3381 2364 3640 2424; x_wconf 86' lang='lat' dir='ltr'><strong>Christus</strong></span> 
     </span>
    </p>
   </div>
   <div class='ocr_carea' id='block_1_69' title="bbox 2045 2447 3635 2530">
    <p class='ocr_par' dir='ltr' id='par_1_69' title="bbox 2045 2447 3635 2530">
     <span class='ocr_line' id='line_1_69' title="bbox 2045 2447 3635 2530; baseline 0.006 -28"><span class='ocrx_word' id='word_1_499' title='bbox 2045 2447 2351 2502; x_wconf 87' lang='lat' dir='ltr'><strong>triennium</strong></span> <span class='ocrx_word' id='word_1_500' title='bbox 2406 2457 2463 2506; x_wconf 82' lang='lat' dir='ltr'><strong>et</strong></span> <span class='ocrx_word' id='word_1_501' title='bbox 2529 2451 2675 2506; x_wconf 91' lang='lat' dir='ltr'><strong>ultra</strong></span> <span class='ocrx_word' id='word_1_502' title='bbox 2711 2453 3015 2519; x_wconf 87' lang='lat' dir='ltr'><strong>docuisset,</strong></span> <span class='ocrx_word' id='word_1_503' title='bbox 3073 2465 3130 2510; x_wconf 88' lang='lat' dir='ltr'><strong>et</strong></span> <span class='ocrx_word' id='word_1_504' title='bbox 3179 2457 3448 2512; x_wconf 89' lang='lat' dir='ltr'><strong>miracula</strong></span> <span class='ocrx_word' id='word_1_505' title='bbox 3477 2460 3635 2530; x_wconf 76' lang='lat'><strong>137</strong></span> 
     </span>
    </p>
   </div>
   <div class='ocr_carea' id='block_1_70' title="bbox 2051 2539 3637 2620">
    <p class='ocr_par' dir='ltr' id='par_1_70' title="bbox 2051 2539 3637 2620">
     <span class='ocr_line' id='line_1_70' title="bbox 2051 2539 3637 2620; baseline 0.009 -27"><span class='ocrx_word' id='word_1_506' title='bbox 2051 2539 2361 2606; x_wconf 86' lang='lat' dir='ltr'><strong>edidisset,</strong></span> <span class='ocrx_word' id='word_1_507' title='bbox 2421 2543 2487 2597; x_wconf 89' lang='lat' dir='ltr'><strong>ad</strong></span> <span class='ocrx_word' id='word_1_508' title='bbox 2533 2545 2870 2614; x_wconf 85' lang='lat' dir='ltr'><strong>supplicium</strong></span> <span class='ocrx_word' id='word_1_509' title='bbox 2907 2550 3094 2613; x_wconf 86' lang='lat' dir='ltr'><strong>venit,</strong></span> <span class='ocrx_word' id='word_1_510' title='bbox 3133 2563 3313 2618; x_wconf 89' lang='lat' dir='ltr'><strong>eoque</strong></span> <span class='ocrx_word' id='word_1_511' title='bbox 3371 2567 3472 2620; x_wconf 91' lang='lat' dir='ltr'><strong>pro</strong></span> <span class='ocrx_word' id='word_1_512' title='bbox 3521 2561 3637 2607; x_wconf 91' lang='lat' dir='ltr'><strong>toto</strong></span> 
     </span>
    </p>
   </div>
   <div class='ocr_carea' id='block_1_71' title="bbox 2052 2633 3638 2714">
    <p class='ocr_par' dir='ltr' id='par_1_71' title="bbox 2052 2633 3638 2714">
     <span class='ocr_line' id='line_1_71' title="bbox 2052 2633 3638 2714; baseline 0.01 -30"><span class='ocrx_word' id='word_1_513' title='bbox 2052 2633 2261 2687; x_wconf 89' lang='lat' dir='ltr'><strong>mundo</strong></span> <span class='ocrx_word' id='word_1_514' title='bbox 2305 2633 2612 2700; x_wconf 88' lang='lat' dir='ltr'><strong>immolato,</strong></span> <span class='ocrx_word' id='word_1_515' title='bbox 2641 2637 2738 2706; x_wconf 90' lang='lat' dir='ltr'><strong>qui</strong></span> <span class='ocrx_word' id='word_1_516' title='bbox 2767 2649 2854 2694; x_wconf 90' lang='lat' dir='ltr'><strong>est</strong></span> <span class='ocrx_word' id='word_1_517' title='bbox 2885 2639 3077 2708; x_wconf 85' lang='lat' dir='ltr'><strong>Agnus</strong></span> <span class='ocrx_word' id='word_1_518' title='bbox 3103 2641 3223 2707; x_wconf 87' lang='lat' dir='ltr'><strong>Dei,</strong></span> <span class='ocrx_word' id='word_1_519' title='bbox 3274 2642 3478 2697; x_wconf 88' lang='lat' dir='ltr'><strong>tollens</strong></span> <span class='ocrx_word' id='word_1_520' title='bbox 3507 2659 3638 2714; x_wconf 89' lang='lat' dir='ltr'><strong>pec-</strong></span> 
     </span>
    </p>
   </div>
   <div class='ocr_carea' id='block_1_72' title="bbox 2049 2725 3636 2806">
    <p class='ocr_par' dir='ltr' id='par_1_72' title="bbox 2049 2725 3636 2806">
     <span class='ocr_line' id='line_1_72' title="bbox 2049 2725 3636 2806; baseline 0.007 -28"><span class='ocrx_word' id='word_1_521' title='bbox 2049 2735 2170 2779; x_wconf 86' lang='lat' dir='ltr'><strong>cata</strong></span> <span class='ocrx_word' id='word_1_522' title='bbox 2202 2725 2418 2790; x_wconf 91' lang='lat' dir='ltr'><strong>mundi,</strong></span> <span class='ocrx_word' id='word_1_523' title='bbox 2461 2727 2796 2783; x_wconf 88' lang='lat' dir='ltr'><strong>sacriﬁcium</strong></span> <span class='ocrx_word' id='word_1_524' title='bbox 2823 2738 2880 2784; x_wconf 88' lang='lat' dir='ltr'><strong>et</strong></span> <span class='ocrx_word' id='word_1_525' title='bbox 2906 2729 3122 2797; x_wconf 88' lang='lat' dir='ltr'><strong>libatio,</strong></span> <span class='ocrx_word' id='word_1_526' title='bbox 3163 2732 3463 2788; x_wconf 88' lang='lat' dir='ltr'><strong>constituta</strong></span> <span class='ocrx_word' id='word_1_527' title='bbox 3494 2735 3636 2806; x_wconf 84' lang='lat' dir='ltr'><strong>lege,</strong></span> 
     </span>
    </p>
   </div>
   <div class='ocr_carea' id='block_1_73' title="bbox 2051 2813 3695 2892">
    <p class='ocr_par' dir='ltr' id='par_1_73' title="bbox 2051 2813 3695 2892">
     <span class='ocr_line' id='line_1_73' title="bbox 2051 2813 3695 2892; baseline 0.008 -24"><span class='ocrx_word' id='word_1_528' title='bbox 2051 2813 2238 2869; x_wconf 79' lang='lat' dir='ltr'><strong>desiit.</strong></span> <span class='ocrx_word' id='word_1_529' title='bbox 2300 2817 2381 2871; x_wconf 84' lang='lat' dir='ltr'><strong>Ac</strong></span> <span class='ocrx_word' id='word_1_530' title='bbox 2422 2818 2806 2874; x_wconf 87' lang='lat' dir='ltr'><strong>sacriﬁcarunt</strong></span> <span class='ocrx_word' id='word_1_531' title='bbox 2831 2830 2947 2876; x_wconf 91' lang='lat' dir='ltr'><strong>tum</strong></span> <span class='ocrx_word' id='word_1_532' title='bbox 3002 2821 3212 2889; x_wconf 69' lang='lat' dir='ltr'><strong>Judaei,</strong></span> <span class='ocrx_word' id='word_1_533' title='bbox 3247 2831 3308 2877; x_wconf 87' lang='lat' dir='ltr'><strong>ut</strong></span> <span class='ocrx_word' id='word_1_534' title='bbox 3352 2833 3409 2878; x_wconf 91' lang='lat' dir='ltr'><strong>et</strong></span> <span class='ocrx_word' id='word_1_535' title='bbox 3455 2841 3636 2892; x_wconf 90' lang='lat' dir='ltr'><strong>nunc,</strong></span> <span class='ocrx_word' id='word_1_536' title='bbox 3681 2881 3695 2892; x_wconf 77' lang='grc'><em>,</em></span> 
     </span>
    </p>
   </div>
   <div class='ocr_carea' id='block_1_74' title="bbox 2049 2906 3634 2978">
    <p class='ocr_par' dir='ltr' id='par_1_74' title="bbox 2049 2906 3634 2978">
     <span class='ocr_line' id='line_1_74' title="bbox 2049 2906 3634 2978; baseline 0.009 -20"><span class='ocrx_word' id='word_1_537' title='bbox 2049 2915 2242 2960; x_wconf 88' lang='lat' dir='ltr'><strong>contra</strong></span> <span class='ocrx_word' id='word_1_538' title='bbox 2269 2906 2469 2977; x_wconf 82' lang='lat' dir='ltr'><strong>legem,</strong></span> <span class='ocrx_word' id='word_1_539' title='bbox 2499 2924 2679 2978; x_wconf 87' lang='lat' dir='ltr'><strong>neque</strong></span> <span class='ocrx_word' id='word_1_540' title='bbox 2713 2927 2907 2966; x_wconf 89' lang='lat' dir='ltr'><strong>eorum</strong></span> <span class='ocrx_word' id='word_1_541' title='bbox 2941 2913 3212 2968; x_wconf 88' lang='lat' dir='ltr'><strong>sacriﬁcia</strong></span> <span class='ocrx_word' id='word_1_542' title='bbox 3249 2923 3306 2969; x_wconf 90' lang='lat' dir='ltr'><strong>et</strong></span> <span class='ocrx_word' id='word_1_543' title='bbox 3333 2915 3634 2972; x_wconf 88' lang='lat' dir='ltr'><strong>libationes</strong></span> 
     </span>
    </p>
   </div>
   <div class='ocr_carea' id='block_1_75' title="bbox 2049 3001 3640 3077">
    <p class='ocr_par' dir='ltr' id='par_1_75' title="bbox 2049 3001 3640 3077">
     <span class='ocr_line' id='line_1_75' title="bbox 2049 3001 3640 3077; baseline 0.009 -24"><span class='ocrx_word' id='word_1_544' title='bbox 2049 3011 2288 3067; x_wconf 75' lang='lat' dir='ltr'><strong>accepta:</strong></span> <span class='ocrx_word' id='word_1_545' title='bbox 2309 3001 2534 3057; x_wconf 83' lang='lat' dir='ltr'><strong>fuerunt</strong></span> <span class='ocrx_word' id='word_1_546' title='bbox 2561 3005 2694 3059; x_wconf 91' lang='lat' dir='ltr'><strong>Deo.</strong></span> <span class='ocrx_word' id='word_1_547' title='bbox 2720 3006 2856 3060; x_wconf 89' lang='lat' dir='ltr'><strong>Illud</strong></span> <span class='ocrx_word' id='word_1_548' title='bbox 2884 3023 3070 3077; x_wconf 89' lang='lat' dir='ltr'><strong>porro,</strong></span> <span class='ocrx_word' id='word_1_549' title='bbox 3091 3009 3454 3066; x_wconf 81' lang='lat' dir='ltr'><strong>Conﬁrmabit</strong></span> <span class='ocrx_word' id='word_1_550' title='bbox 3481 3020 3640 3067; x_wconf 84' lang='lat' dir='ltr'><strong>testa-</strong></span> 
     </span>
    </p>
   </div>
   <div class='ocr_carea' id='block_1_76' title="bbox 2049 3095 3636 3174">
    <p class='ocr_par' dir='ltr' id='par_1_76' title="bbox 2049 3095 3636 3174">
     <span class='ocr_line' id='line_1_76' title="bbox 2049 3095 3636 3174; baseline 0.009 -30"><span class='ocrx_word' id='word_1_551' title='bbox 2049 3100 2296 3146; x_wconf 89' lang='lat' dir='ltr'><strong>mentum</strong></span> <span class='ocrx_word' id='word_1_552' title='bbox 2344 3095 2559 3161; x_wconf 91' lang='lat' dir='ltr'><strong>multis,</strong></span> <span class='ocrx_word' id='word_1_553' title='bbox 2600 3097 2768 3150; x_wconf 90' lang='lat' dir='ltr'><strong>etiam</strong></span> <span class='ocrx_word' id='word_1_554' title='bbox 2810 3098 2971 3154; x_wconf 88' lang='lat' dir='ltr'><strong>aliter</strong></span> <span class='ocrx_word' id='word_1_555' title='bbox 3013 3100 3214 3170; x_wconf 74' lang='lat' dir='ltr'><strong>eXponi</strong></span> <span class='ocrx_word' id='word_1_556' title='bbox 3260 3112 3460 3170; x_wconf 84' lang='lat' dir='ltr'><strong>potest,</strong></span> <span class='ocrx_word' id='word_1_557' title='bbox 3487 3102 3636 3174; x_wconf 88' lang='lat' dir='ltr'><strong>quod</strong></span> 
     </span>
    </p>
   </div>
   <div class='ocr_carea' id='block_1_77' title="bbox 2047 3187 3636 3262">
    <p class='ocr_par' dir='ltr' id='par_1_77' title="bbox 2047 3187 3636 3262">
     <span class='ocr_line' id='line_1_77' title="bbox 2047 3187 3636 3262; baseline 0.008 -24"><span class='ocrx_word' id='word_1_558' title='bbox 2047 3193 2268 3238; x_wconf 83' lang='lat' dir='ltr'><strong>sanctos</strong></span> <span class='ocrx_word' id='word_1_559' title='bbox 2299 3187 2583 3256; x_wconf 84' lang='lat' dir='ltr'><strong>apostolos</strong></span> <span class='ocrx_word' id='word_1_560' title='bbox 2609 3188 2698 3242; x_wconf 90' lang='lat' dir='ltr'><strong>illa</strong></span> <span class='ocrx_word' id='word_1_561' title='bbox 2733 3188 3040 3245; x_wconf 89' lang='lat' dir='ltr'><strong>hebdomas</strong></span> <span class='ocrx_word' id='word_1_562' title='bbox 3072 3201 3330 3262; x_wconf 86' lang='lat' dir='ltr'><strong>potentes</strong></span> <span class='ocrx_word' id='word_1_563' title='bbox 3362 3194 3636 3250; x_wconf 79' lang='lat' dir='ltr'><strong>etl&#39;ectura</strong></span> 
     </span>
    </p>
   </div>
   <div class='ocr_carea' id='block_1_78' title="bbox 2051 3276 3640 3353">
    <p class='ocr_par' dir='ltr' id='par_1_78' title="bbox 2051 3276 3640 3353">
     <span class='ocr_line' id='line_1_78' title="bbox 2051 3276 3640 3353; baseline 0.008 -23"><span class='ocrx_word' id='word_1_564' title='bbox 2051 3276 2122 3330; x_wconf 92' lang='lat' dir='ltr'><strong>sit</strong></span> <span class='ocrx_word' id='word_1_565' title='bbox 2140 3276 2207 3330; x_wconf 92' lang='lat' dir='ltr'><strong>ad</strong></span> <span class='ocrx_word' id='word_1_566' title='bbox 2238 3279 2690 3347; x_wconf 66' lang='lat' dir='ltr'><strong>praedicationem</strong></span> <span class='ocrx_word' id='word_1_567' title='bbox 2740 3283 3046 3353; x_wconf 84' lang='lat' dir='ltr'><strong>Evangelii.</strong></span> <span class='ocrx_word' id='word_1_568' title='bbox 3074 3285 3216 3339; x_wconf 88' lang='lat' dir='ltr'><strong>Nam</strong></span> <span class='ocrx_word' id='word_1_569' title='bbox 3261 3299 3383 3338; x_wconf 83' lang='lat' dir='ltr'><strong>eam</strong></span> <span class='ocrx_word' id='word_1_570' title='bbox 3427 3287 3640 3341; x_wconf 82' lang='lat' dir='ltr'><strong>hebdo-</strong></span> 
     </span>
    </p>
   </div>
   <div class='ocr_carea' id='block_1_79' title="bbox 2050 3367 3639 3447">
    <p class='ocr_par' dir='ltr' id='par_1_79' title="bbox 2050 3367 3639 3447">
     <span class='ocr_line' id='line_1_79' title="bbox 2050 3367 3639 3447; baseline 0.007 -26"><span class='ocrx_word' id='word_1_571' title='bbox 2050 3367 2269 3423; x_wconf 87' lang='lat' dir='ltr'><strong>madem</strong></span> <span class='ocrx_word' id='word_1_572' title='bbox 2292 3368 2546 3438; x_wconf 78' lang='lat' dir='ltr'><strong>bipertiti</strong></span> <span class='ocrx_word' id='word_1_573' title='bbox 2578 3373 2805 3429; x_wconf 88' lang='lat' dir='ltr'><strong>videtur</strong></span> <span class='ocrx_word' id='word_1_574' title='bbox 2834 3376 3225 3446; x_wconf 87' lang='lat' dir='ltr'><strong>archangelus,</strong></span> <span class='ocrx_word' id='word_1_575' title='bbox 3247 3376 3303 3430; x_wconf 93' lang='lat' dir='ltr'><strong>in</strong></span> <span class='ocrx_word' id='word_1_576' title='bbox 3333 3376 3389 3430; x_wconf 91' lang='lat' dir='ltr'><strong>id</strong></span> <span class='ocrx_word' id='word_1_577' title='bbox 3420 3385 3639 3447; x_wconf 87' lang='lat' dir='ltr'><strong>tempus</strong></span> 
     </span>
    </p>
   </div>
   <div class='ocr_carea' id='block_1_80' title="bbox 2049 3459 3632 3538">
    <p class='ocr_par' dir='ltr' id='par_1_80' title="bbox 2049 3459 3632 3538">
     <span class='ocr_line' id='line_1_80' title="bbox 2049 3459 3632 3538; baseline 0.008 -25"><span class='ocrx_word' id='word_1_578' title='bbox 2049 3459 2199 3529; x_wconf 92' lang='lat' dir='ltr'><strong>quod</strong></span> <span class='ocrx_word' id='word_1_579' title='bbox 2251 3461 2578 3518; x_wconf 89' lang='lat' dir='ltr'><strong>Passionem</strong></span> <span class='ocrx_word' id='word_1_580' title='bbox 2634 3473 2692 3520; x_wconf 91' lang='lat' dir='ltr'><strong>et</strong></span> <span class='ocrx_word' id='word_1_581' title='bbox 2739 3467 3108 3522; x_wconf 62' lang='lat' dir='ltr'><strong>anteet-uitet</strong></span> <span class='ocrx_word' id='word_1_582' title='bbox 3159 3469 3433 3538; x_wconf 86' lang='lat' dir='ltr'><strong>sequitur.</strong></span> <span class='ocrx_word' id='word_1_583' title='bbox 3493 3469 3632 3524; x_wconf 86' lang='lat' dir='ltr'><strong>Nam</strong></span> 
     </span>
    </p>
   </div>
   <div class='ocr_carea' id='block_1_81' title="bbox 2049 3552 3636 3628">
    <p class='ocr_par' dir='ltr' id='par_1_81' title="bbox 2049 3552 3636 3628">
     <span class='ocr_line' id='line_1_81' title="bbox 2049 3552 3636 3628; baseline 0.006 -22"><span class='ocrx_word' id='word_1_584' title='bbox 2049 3565 2178 3606; x_wconf 90' lang='lat' dir='ltr'><strong>cum</strong></span> <span class='ocrx_word' id='word_1_585' title='bbox 2235 3552 2508 3609; x_wconf 90' lang='lat' dir='ltr'><strong>Dominus</strong></span> <span class='ocrx_word' id='word_1_586' title='bbox 2559 3557 2792 3611; x_wconf 89' lang='lat' dir='ltr'><strong>circiter</strong></span> <span class='ocrx_word' id='word_1_587' title='bbox 2826 3564 2942 3613; x_wconf 91' lang='lat' dir='ltr'><strong>tres</strong></span> <span class='ocrx_word' id='word_1_588' title='bbox 2977 3572 3154 3614; x_wconf 90' lang='lat' dir='ltr'><strong>annos</strong></span> <span class='ocrx_word' id='word_1_589' title='bbox 3199 3566 3257 3614; x_wconf 92' lang='lat' dir='ltr'><strong>et</strong></span> <span class='ocrx_word' id='word_1_590' title='bbox 3303 3559 3636 3628; x_wconf 87' lang='lat' dir='ltr'><strong>dimidium,</strong></span> 
     </span>
    </p>
   </div>
   <div class='ocr_carea' id='block_1_82' title="bbox 2049 3643 3637 3722">
    <p class='ocr_par' dir='ltr' id='par_1_82' title="bbox 2049 3643 3637 3722">
     <span class='ocr_line' id='line_1_82' title="bbox 2049 3643 3637 3722; baseline 0.007 -25"><span class='ocrx_word' id='word_1_591' title='bbox 2049 3643 2361 3699; x_wconf 88' lang='lat' dir='ltr'><strong>secundum</strong></span> <span class='ocrx_word' id='word_1_592' title='bbox 2392 3646 2764 3718; x_wconf 87' lang='lat' dir='ltr'><strong>Evangelium</strong></span> <span class='ocrx_word' id='word_1_593' title='bbox 2817 3647 2916 3703; x_wconf 85' lang='lat' dir='ltr'><strong>ﬁlii</strong></span> <span class='ocrx_word' id='word_1_594' title='bbox 2949 3651 3182 3706; x_wconf 88' lang='lat' dir='ltr'><strong>tonitrui</strong></span> <span class='ocrx_word' id='word_1_595' title='bbox 3205 3690 3220 3714; x_wconf 94' lang='lat'><strong>,</strong></span> <span class='ocrx_word' id='word_1_596' title='bbox 3251 3652 3637 3722; x_wconf 66' lang='lat' dir='ltr'><strong>praedicasset,</strong></span> 
     </span>
    </p>
   </div>
   <div class='ocr_carea' id='block_1_83' title="bbox 2047 3737 3638 3812">
    <p class='ocr_par' dir='ltr' id='par_1_83' title="bbox 2047 3737 3638 3812">
     <span class='ocr_line' id='line_1_83' title="bbox 2047 3737 3638 3812; baseline 0.008 -25"><span class='ocrx_word' id='word_1_597' title='bbox 2047 3743 2215 3805; x_wconf 89' lang='lat' dir='ltr'><strong>atque</strong></span> <span class='ocrx_word' id='word_1_598' title='bbox 2255 3737 2402 3806; x_wconf 86' lang='lat' dir='ltr'><strong>apud</strong></span> <span class='ocrx_word' id='word_1_599' title='bbox 2460 3747 2684 3794; x_wconf 89' lang='lat' dir='ltr'><strong>sanctos</strong></span> <span class='ocrx_word' id='word_1_600' title='bbox 2705 3756 2836 3796; x_wconf 92' lang='lat' dir='ltr'><strong>suos</strong></span> <span class='ocrx_word' id='word_1_601' title='bbox 2887 3743 3169 3812; x_wconf 83' lang='lat' dir='ltr'><strong>apostolos</strong></span> <span class='ocrx_word' id='word_1_602' title='bbox 3212 3753 3270 3797; x_wconf 92' lang='lat' dir='ltr'><strong>et</strong></span> <span class='ocrx_word' id='word_1_603' title='bbox 3321 3761 3638 3800; x_wconf 89' lang='lat' dir='ltr'><strong>sermonum</strong></span> 
     </span>
    </p>
   </div>
   <div class='ocr_carea' id='block_1_84' title="bbox 2046 3827 3638 3905">
    <p class='ocr_par' dir='ltr' id='par_1_84' title="bbox 2046 3827 3638 3905">
     <span class='ocr_line' id='line_1_84' title="bbox 2046 3827 3638 3905; baseline 0.007 -24"><span class='ocrx_word' id='word_1_604' title='bbox 2046 3827 2306 3896; x_wconf 87' lang='lat' dir='ltr'><strong>veritate,</strong></span> <span class='ocrx_word' id='word_1_605' title='bbox 2367 3839 2424 3885; x_wconf 90' lang='lat' dir='ltr'><strong>et</strong></span> <span class='ocrx_word' id='word_1_606' title='bbox 2476 3831 2816 3888; x_wconf 90' lang='lat' dir='ltr'><strong>mirabilium</strong></span> <span class='ocrx_word' id='word_1_607' title='bbox 2892 3848 3123 3905; x_wconf 88' lang='lat' dir='ltr'><strong>operum</strong></span> <span class='ocrx_word' id='word_1_608' title='bbox 3169 3835 3470 3892; x_wconf 81' lang='lat' dir='ltr'><strong>eﬂ‘ectione</strong></span> <span class='ocrx_word' id='word_1_609' title='bbox 3531 3838 3638 3893; x_wconf 88' lang='lat' dir='ltr'><strong>sibi</strong></span> 
     </span>
    </p>
   </div>
   <div class='ocr_carea' id='block_1_85' title="bbox 2047 3920 3636 4005">
    <p class='ocr_par' dir='ltr' id='par_1_85' title="bbox 2047 3920 3636 4005">
     <span class='ocr_line' id='line_1_85' title="bbox 2047 3920 3636 4005; baseline 0.009 -31"><span class='ocrx_word' id='word_1_610' title='bbox 2047 3920 2214 4005; x_wconf 72' lang='lat' dir='ltr'><strong>ﬁdem</strong></span> <span class='ocrx_word' id='word_1_611' title='bbox 2239 3922 2627 3993; x_wconf 80' lang='lat' dir='ltr'><strong>conciliasset;</strong></span> <span class='ocrx_word' id='word_1_612' title='bbox 2674 3925 2757 3982; x_wconf 90' lang='lat' dir='ltr'><strong>sic</strong></span> <span class='ocrx_word' id='word_1_613' title='bbox 2784 3925 2853 3981; x_wconf 91' lang='lat' dir='ltr'><strong>ad</strong></span> <span class='ocrx_word' id='word_1_614' title='bbox 2878 3927 3197 3984; x_wconf 87' lang='lat' dir='ltr'><strong>Passionem</strong></span> <span class='ocrx_word' id='word_1_615' title='bbox 3222 3928 3507 4000; x_wconf 83' lang='lat' dir='ltr'><strong>profectus</strong></span> <span class='ocrx_word' id='word_1_616' title='bbox 3529 3941 3636 3992; x_wconf 87' lang='lat' dir='ltr'><strong>est.</strong></span> 
     </span>
    </p>
   </div>
   <div class='ocr_carea' id='block_1_86' title="bbox 2047 4018 3638 4091">
    <p class='ocr_par' dir='ltr' id='par_1_86' title="bbox 2047 4018 3638 4091">
     <span class='ocr_line' id='line_1_86' title="bbox 2047 4018 3638 4091; baseline 0.006 -23"><span class='ocrx_word' id='word_1_617' title='bbox 2047 4021 2100 4068; x_wconf 90' lang='lat' dir='ltr'><strong>et</strong></span> <span class='ocrx_word' id='word_1_618' title='bbox 2127 4028 2350 4070; x_wconf 91' lang='lat' dir='ltr'><strong>crucem</strong></span> <span class='ocrx_word' id='word_1_619' title='bbox 2379 4018 2645 4088; x_wconf 90' lang='lat' dir='ltr'><strong>suscepit,</strong></span> <span class='ocrx_word' id='word_1_620' title='bbox 2680 4027 3029 4089; x_wconf 85' lang='lat' dir='ltr'><strong>mortemque</strong></span> <span class='ocrx_word' id='word_1_621' title='bbox 3051 4033 3353 4091; x_wconf 87' lang='lat' dir='ltr'><strong>perpessus</strong></span> <span class='ocrx_word' id='word_1_622' title='bbox 3385 4032 3491 4080; x_wconf 88' lang='lat' dir='ltr'><strong>est.</strong></span> <span class='ocrx_word' id='word_1_623' title='bbox 3531 4023 3638 4078; x_wconf 85' lang='lat' dir='ltr'><strong>Re-</strong></span> 
     </span>
    </p>
   </div>
   <div class='ocr_carea' id='block_1_87' title="bbox 2046 4109 3637 4184">
    <p class='ocr_par' dir='ltr' id='par_1_87' title="bbox 2046 4109 3637 4184">
     <span class='ocr_line' id='line_1_87' title="bbox 2046 4109 3637 4184; baseline 0.005 -20"><span class='ocrx_word' id='word_1_624' title='bbox 2046 4109 2204 4180; x_wconf 91' lang='lat' dir='ltr'><strong>liquo</strong></span> <span class='ocrx_word' id='word_1_625' title='bbox 2239 4111 2607 4168; x_wconf 84' lang='lat' dir='ltr'><strong>hebdomadis</strong></span> <span class='ocrx_word' id='word_1_626' title='bbox 2639 4121 2890 4182; x_wconf 88' lang='lat' dir='ltr'><strong>tempore</strong></span> <span class='ocrx_word' id='word_1_627' title='bbox 2936 4123 3064 4184; x_wconf 89' lang='lat' dir='ltr'><strong>post</strong></span> <span class='ocrx_word' id='word_1_628' title='bbox 3111 4115 3579 4172; x_wconf 88' lang='lat' dir='ltr'><strong>resurrectionem</strong></span> <span class='ocrx_word' id='word_1_629' title='bbox 3607 4133 3637 4172; x_wconf 86' lang='lat' dir='ltr'><strong>a</strong></span> 
     </span>
    </p>
   </div>
   <div class='ocr_carea' id='block_1_88' title="bbox 2047 4202 3637 4278">
    <p class='ocr_par' dir='ltr' id='par_1_88' title="bbox 2047 4202 3637 4278">
     <span class='ocr_line' id='line_1_88' title="bbox 2047 4202 3637 4278; baseline 0.004 -23"><span class='ocrx_word' id='word_1_630' title='bbox 2047 4202 2308 4268; x_wconf 87' lang='lat' dir='ltr'><strong>mortuis,</strong></span> <span class='ocrx_word' id='word_1_631' title='bbox 2339 4211 2397 4258; x_wconf 90' lang='lat' dir='ltr'><strong>et</strong></span> <span class='ocrx_word' id='word_1_632' title='bbox 2427 4219 2720 4259; x_wconf 84' lang='lat' dir='ltr'><strong>ascensum</strong></span> <span class='ocrx_word' id='word_1_633' title='bbox 2754 4205 2812 4259; x_wconf 92' lang='lat' dir='ltr'><strong>in</strong></span> <span class='ocrx_word' id='word_1_634' title='bbox 2857 4205 3046 4261; x_wconf 86' lang='lat' dir='ltr'><strong>sinum</strong></span> <span class='ocrx_word' id='word_1_635' title='bbox 3087 4202 3408 4270; x_wconf 87' lang='lat' dir='ltr'><strong>Paternum,</strong></span> <span class='ocrx_word' id='word_1_636' title='bbox 3459 4223 3490 4262; x_wconf 90' lang='lat' dir='ltr'><strong>a</strong></span> <span class='ocrx_word' id='word_1_637' title='bbox 3527 4223 3637 4278; x_wconf 90' lang='lat' dir='ltr'><strong>quo</strong></span> 
     </span>
    </p>
   </div>
   <div class='ocr_carea' id='block_1_89' title="bbox 2057 4295 3637 4368">
    <p class='ocr_par' dir='ltr' id='par_1_89' title="bbox 2057 4295 3637 4368">
     <span class='ocr_line' id='line_1_89' title="bbox 2057 4295 3637 4368; baseline 0.004 -20"><span class='ocrx_word' id='word_1_638' title='bbox 2057 4309 2343 4364; x_wconf 87' lang='lat' dir='ltr'><strong>nunquam</strong></span> <span class='ocrx_word' id='word_1_639' title='bbox 2367 4304 2659 4364; x_wconf 89' lang='lat' dir='ltr'><strong>separatus</strong></span> <span class='ocrx_word' id='word_1_640' title='bbox 2685 4295 2814 4356; x_wconf 79' lang='lat' dir='ltr'><strong>fuit.</strong></span> <span class='ocrx_word' id='word_1_641' title='bbox 2843 4303 2900 4352; x_wconf 91' lang='lat' dir='ltr'><strong>et</strong></span> <span class='ocrx_word' id='word_1_642' title='bbox 2926 4295 3194 4351; x_wconf 87' lang='lat' dir='ltr'><strong>Paracleti</strong></span> <span class='ocrx_word' id='word_1_643' title='bbox 3235 4296 3637 4368; x_wconf 87' lang='lat' dir='ltr'><strong>visitationem,</strong></span> 
     </span>
    </p>
   </div>
   <div class='ocr_carea' id='block_1_90' title="bbox 2047 4386 3637 4461">
    <p class='ocr_par' dir='ltr' id='par_1_90' title="bbox 2047 4386 3637 4461">
     <span class='ocr_line' id='line_1_90' title="bbox 2047 4386 3637 4461; baseline 0.004 -19"><span class='ocrx_word' id='word_1_644' title='bbox 2047 4386 2296 4442; x_wconf 90' lang='lat' dir='ltr'><strong>divinum</strong></span> <span class='ocrx_word' id='word_1_645' title='bbox 2333 4387 2578 4443; x_wconf 84' lang='lat' dir='ltr'><strong>aﬂlatum</strong></span> <span class='ocrx_word' id='word_1_646' title='bbox 2601 4429 2617 4455; x_wconf 96' lang='lat'><strong>,</strong></span> <span class='ocrx_word' id='word_1_647' title='bbox 2649 4388 2832 4444; x_wconf 87' lang='lat' dir='ltr'><strong>sancti</strong></span> <span class='ocrx_word' id='word_1_648' title='bbox 2863 4391 2986 4461; x_wconf 87' lang='lat' dir='ltr'><strong>ejus</strong></span> <span class='ocrx_word' id='word_1_649' title='bbox 3011 4389 3301 4460; x_wconf 88' lang='lat' dir='ltr'><strong>discipuli,</strong></span> <span class='ocrx_word' id='word_1_650' title='bbox 3339 4407 3468 4445; x_wconf 90' lang='lat' dir='ltr'><strong>cum</strong></span> <span class='ocrx_word' id='word_1_651' title='bbox 3491 4392 3637 4448; x_wconf 83' lang='lat' dir='ltr'><strong>divi-</strong></span> 
     </span>
    </p>
   </div>
   <div class='ocr_carea' id='block_1_91' title="bbox 2047 4481 3638 4555">
    <p class='ocr_par' dir='ltr' id='par_1_91' title="bbox 2047 4481 3638 4555">
     <span class='ocr_line' id='line_1_91' title="bbox 2047 4481 3638 4555; baseline 0.004 -21"><span class='ocrx_word' id='word_1_652' title='bbox 2047 4495 2184 4535; x_wconf 91' lang='lat' dir='ltr'><strong>num</strong></span> <span class='ocrx_word' id='word_1_653' title='bbox 2228 4481 2591 4553; x_wconf 86' lang='lat' dir='ltr'><strong>Evangelium</strong></span> <span class='ocrx_word' id='word_1_654' title='bbox 2641 4481 3041 4555; x_wconf 80' lang='lat' dir='ltr'><strong>Hierosolymis</strong></span> <span class='ocrx_word' id='word_1_655' title='bbox 3088 4484 3546 4550; x_wconf 84' lang='lat' dir='ltr'><strong>annuntiassent,</strong></span> <span class='ocrx_word' id='word_1_656' title='bbox 3580 4497 3638 4542; x_wconf 90' lang='lat' dir='ltr'><strong>et</strong></span> 
     </span>
    </p>
   </div>
   <div class='ocr_carea' id='block_1_92' title="bbox 357 4574 1953 4653">
    <p class='ocr_par' dir='ltr' id='par_1_92' title="bbox 357 4575 1944 4653">
     <span class='ocr_line' id='line_1_92' title="bbox 357 4575 1944 4653; baseline -0.003 -15"><span class='ocrx_word' id='word_1_657' title='bbox 357 4585 632 4650; x_wconf 83' lang='grc' dir='ltr'>τεδέξατο,</span> <span class='ocrx_word' id='word_1_658' title='bbox 685 4584 780 4637; x_wconf 75' lang='grc' dir='ltr'>καὶ</span> <span class='ocrx_word' id='word_1_659' title='bbox 834 4581 1101 4653; x_wconf 81' lang='grc' dir='ltr'>ὑπέμεινε</span> <span class='ocrx_word' id='word_1_660' title='bbox 1136 4580 1393 4635; x_wconf 83' lang='grc' dir='ltr'>θάνατον.</span> <span class='ocrx_word' id='word_1_661' title='bbox 1446 4575 1584 4636; x_wconf 78' lang='grc' dir='ltr'>Εἶτα</span> <span class='ocrx_word' id='word_1_662' title='bbox 1623 4580 1717 4634; x_wconf 84' lang='grc' dir='ltr'>τὸν</span> <span class='ocrx_word' id='word_1_663' title='bbox 1757 4579 1944 4634; x_wconf 82' lang='grc' dir='ltr'>λοιπὸν</span> 
     </span>
    </p>
   </div>
   <div class='ocr_carea' id='block_1_93' title="bbox 2051 4574 3642 4653">
    <p class='ocr_par' dir='ltr' id='par_1_93' title="bbox 2051 4574 3642 4646">
     <span class='ocr_line' id='line_1_93' title="bbox 2051 4574 3642 4646; baseline 0.004 -18"><span class='ocrx_word' id='word_1_664' title='bbox 2051 4574 2504 4646; x_wconf 63' lang='lat' dir='ltr'><strong>praedicationem</strong></span> <span class='ocrx_word' id='word_1_665' title='bbox 2543 4577 2830 4632; x_wconf 90' lang='lat' dir='ltr'><strong>miraculis</strong></span> <span class='ocrx_word' id='word_1_666' title='bbox 2855 4576 3307 4643; x_wconf 89' lang='lat' dir='ltr'><strong>conﬁrmassent,</strong></span> <span class='ocrx_word' id='word_1_667' title='bbox 3356 4588 3412 4633; x_wconf 91' lang='lat' dir='ltr'><strong>et</strong></span> <span class='ocrx_word' id='word_1_668' title='bbox 3446 4579 3642 4634; x_wconf 90' lang='lat' dir='ltr'><strong>turbas</strong></span> 
     </span>
    </p>
   </div>
   <div class='ocr_carea' id='block_1_94' title="bbox 353 4672 1948 4752">
    <p class='ocr_par' dir='ltr' id='par_1_94' title="bbox 353 4672 1948 4752">
     <span class='ocr_line' id='line_1_94' title="bbox 353 4672 1948 4752; baseline -0.004 -19"><span class='ocrx_word' id='word_1_669' title='bbox 353 4680 460 4750; x_wconf 81' lang='grc' dir='ltr'>τῆς</span> <span class='ocrx_word' id='word_1_670' title='bbox 487 4677 787 4752; x_wconf 71' lang='grc' dir='ltr'>ἑϐδομάδος</span> <span class='ocrx_word' id='word_1_671' title='bbox 827 4675 1022 4747; x_wconf 88' lang='grc' dir='ltr'>χρόνον</span> <span class='ocrx_word' id='word_1_672' title='bbox 1076 4674 1216 4746; x_wconf 82' lang='grc' dir='ltr'>μετὰ</span> <span class='ocrx_word' id='word_1_673' title='bbox 1253 4672 1354 4746; x_wconf 84' lang='grc' dir='ltr'><strong>τὴν</strong></span> <span class='ocrx_word' id='word_1_674' title='bbox 1377 4676 1444 4728; x_wconf 86' lang='grc' dir='ltr'><strong>ἑκ</strong></span> <span class='ocrx_word' id='word_1_675' title='bbox 1472 4673 1685 4745; x_wconf 85' lang='grc' dir='ltr'>νεκρῶν</span> <span class='ocrx_word' id='word_1_676' title='bbox 1707 4673 1948 4727; x_wconf 82' lang='grc' dir='ltr'>ἀνάστα-</span> 
     </span>
    </p>
   </div>
   <div class='ocr_carea' id='block_1_95' title="bbox 358 4765 1950 4840">
    <p class='ocr_par' dir='ltr' id='par_1_95' title="bbox 358 4765 1950 4840">
     <span class='ocr_line' id='line_1_95' title="bbox 358 4765 1950 4840; baseline -0.004 -16"><span class='ocrx_word' id='word_1_677' title='bbox 358 4769 585 4825; x_wconf 75' lang='grc' dir='ltr'>σιν’καὶ</span> <span class='ocrx_word' id='word_1_678' title='bbox 635 4769 735 4840; x_wconf 77' lang='grc' dir='ltr'>τὴν</span> <span class='ocrx_word' id='word_1_679' title='bbox 785 4767 925 4838; x_wconf 81' lang='grc' dir='ltr'>πρὸς</span> <span class='ocrx_word' id='word_1_680' title='bbox 977 4768 1106 4830; x_wconf 85' lang='grc' dir='ltr'>τοὺς</span> <span class='ocrx_word' id='word_1_681' title='bbox 1153 4765 1393 4830; x_wconf 81' lang='grc' dir='ltr'>κόλπους</span> <span class='ocrx_word' id='word_1_682' title='bbox 1455 4766 1585 4829; x_wconf 77' lang='grc' dir='ltr'>τοὺς</span> <span class='ocrx_word' id='word_1_683' title='bbox 1626 4765 1950 4836; x_wconf 80' lang='grc' dir='ltr'>Πατρικοὺς</span> 
     </span>
    </p>
   </div>
   <div class='ocr_carea' id='block_1_96' title="bbox 357 4855 1948 4930">
    <p class='ocr_par' dir='ltr' id='par_1_96' title="bbox 357 4855 1948 4930">
     <span class='ocr_line' id='line_1_96' title="bbox 357 4855 1948 4930; baseline -0.006 -11"><span class='ocrx_word' id='word_1_684' title='bbox 357 4862 568 4928; x_wconf 74' lang='grc' dir='ltr'>ἄνοδον,</span> <span class='ocrx_word' id='word_1_685' title='bbox 603 4855 680 4916; x_wconf 85' lang='grc' dir='ltr'><strong>ὧν</strong></span> <span class='ocrx_word' id='word_1_686' title='bbox 713 4860 775 4914; x_wconf 80' lang='grc' dir='ltr'>οὐ</span> <span class='ocrx_word' id='word_1_687' title='bbox 818 4857 1125 4930; x_wconf 81' lang='grc' dir='ltr'>κεχώριστο</span> <span class='ocrx_word' id='word_1_688' title='bbox 1155 4856 1402 4923; x_wconf 81' lang='grc' dir='ltr'>πώποτε,</span> <span class='ocrx_word' id='word_1_689' title='bbox 1434 4856 1532 4912; x_wconf 78' lang='grc' dir='ltr'>καὶ</span> <span class='ocrx_word' id='word_1_690' title='bbox 1561 4858 1664 4928; x_wconf 83' lang='grc' dir='ltr'>τὴν</span> <span class='ocrx_word' id='word_1_691' title='bbox 1699 4858 1793 4911; x_wconf 83' lang='grc' dir='ltr'>τοῦ</span> <span class='ocrx_word' id='word_1_692' title='bbox 1833 4858 1948 4911; x_wconf 84' lang='grc' dir='ltr'><strong>Πα-</strong></span> 
     </span>
    </p>
   </div>
   <div class='ocr_carea' id='block_1_97' title="bbox 363 4944 1951 5025">
    <p class='ocr_par' dir='ltr' id='par_1_97' title="bbox 363 4944 1951 5025">
     <span class='ocr_line' id='line_1_97' title="bbox 363 4944 1951 5025; baseline -0.004 -21"><span class='ocrx_word' id='word_1_693' title='bbox 363 4951 636 5025; x_wconf 82' lang='grc' dir='ltr'>ρακλήτου</span> <span class='ocrx_word' id='word_1_694' title='bbox 671 4949 1046 5020; x_wconf 79' lang='grc' dir='ltr'>ὲπιφοίτησιν,</span> <span class='ocrx_word' id='word_1_695' title='bbox 1077 4949 1174 5003; x_wconf 62' lang='grc' dir='ltr'><strong>καὶ⁵</strong></span> <span class='ocrx_word' id='word_1_696' title='bbox 1204 4948 1358 5002; x_wconf 87' lang='grc' dir='ltr'>θείαν</span> <span class='ocrx_word' id='word_1_697' title='bbox 1381 4947 1696 5013; x_wconf 77' lang='grc' dir='ltr'>ἐπίπνοιαν,</span> <span class='ocrx_word' id='word_1_698' title='bbox 1727 4947 1778 5000; x_wconf 86' lang='lat' dir='ltr'><strong>ei</strong></span> <span class='ocrx_word' id='word_1_699' title='bbox 1812 4944 1951 5018; x_wconf 78' lang='grc' dir='ltr'>ἱεροὶ</span> 
     </span>
    </p>
   </div>
   <div class='ocr_carea' id='block_1_98' title="bbox 358 5037 1950 5113">
    <p class='ocr_par' dir='ltr' id='par_1_98' title="bbox 358 5037 1950 5113">
     <span class='ocr_line' id='line_1_98' title="bbox 358 5037 1950 5113; baseline -0.003 -17"><span class='ocrx_word' id='word_1_700' title='bbox 358 5042 529 5097; x_wconf 79' lang='grc' dir='ltr'>αὑτοῦ</span> <span class='ocrx_word' id='word_1_701' title='bbox 573 5041 817 5113; x_wconf 78' lang='grc' dir='ltr'>μαθηταὶ</span> <span class='ocrx_word' id='word_1_702' title='bbox 844 5042 904 5094; x_wconf 83' lang='grc' dir='ltr'><strong>ἑν</strong></span> <span class='ocrx_word' id='word_1_703' title='bbox 945 5039 1310 5111; x_wconf 84' lang='grc' dir='ltr'>Ἰερουσαλὴμ</span> <span class='ocrx_word' id='word_1_704' title='bbox 1341 5039 1407 5092; x_wconf 81' lang='grc' dir='ltr'><strong>τὺ</strong></span> <span class='ocrx_word' id='word_1_705' title='bbox 1437 5038 1582 5092; x_wconf 81' lang='grc' dir='ltr'>θετον</span> <span class='ocrx_word' id='word_1_706' title='bbox 1602 5037 1950 5106; x_wconf 81' lang='grc' dir='ltr'>διαγγέλλον-</span> 
     </span>
    </p>
   </div>
   <div class='ocr_carea' id='block_1_99' title="bbox 357 5128 1952 5202">
    <p class='ocr_par' dir='ltr' id='par_1_99' title="bbox 357 5128 1952 5202">
     <span class='ocr_line' id='line_1_99' title="bbox 357 5128 1952 5202; baseline -0.004 -14"><span class='ocrx_word' id='word_1_707' title='bbox 357 5151 452 5198; x_wconf 77' lang='grc' dir='ltr'><strong>τες</strong></span> <span class='ocrx_word' id='word_1_708' title='bbox 497 5133 854 5202; x_wconf 79' lang='grc' dir='ltr'>Εὐαγγὲλιον,</span> <span class='ocrx_word' id='word_1_709' title='bbox 883 5130 980 5185; x_wconf 73' lang='grc' dir='ltr'>καὶ</span> <span class='ocrx_word' id='word_1_710' title='bbox 1013 5131 1076 5184; x_wconf 83' lang='grc' dir='ltr'>τὸ</span> <span class='ocrx_word' id='word_1_711' title='bbox 1109 5131 1376 5202; x_wconf 86' lang='grc' dir='ltr'>κήρυγμα</span> <span class='ocrx_word' id='word_1_712' title='bbox 1409 5128 1772 5199; x_wconf 83' lang='grc' dir='ltr'>πιστούμενοι</span> <span class='ocrx_word' id='word_1_713' title='bbox 1815 5128 1952 5184; x_wconf 86' lang='grc' dir='ltr'>θαύ-</span> 
     </span>
    </p>
   </div>
   <div class='ocr_carea' id='block_1_100' title="bbox 361 5221 1952 5300">
    <p class='ocr_par' dir='ltr' id='par_1_100' title="bbox 361 5221 1952 5300">
     <span class='ocr_line' id='line_1_100' title="bbox 361 5221 1952 5300; baseline -0.003 -20"><span class='ocrx_word' id='word_1_714' title='bbox 361 5243 522 5300; x_wconf 84' lang='grc' dir='ltr'>μασι,</span> <span class='ocrx_word' id='word_1_715' title='bbox 553 5225 649 5279; x_wconf 70' lang='lat' dir='ltr'><strong>mi.</strong></span> <span class='ocrx_word' id='word_1_716' title='bbox 686 5224 874 5294; x_wconf 84' lang='grc' dir='ltr'>πλήθη</span> <span class='ocrx_word' id='word_1_717' title='bbox 902 5222 1210 5293; x_wconf 78' lang='grc' dir='ltr'>ἀνθρώπιον</span> <span class='ocrx_word' id='word_1_718' title='bbox 1249 5221 1632 5293; x_wconf 78' lang='grc' dir='ltr'>ἐπισπώμενοι</span> <span class='ocrx_word' id='word_1_719' title='bbox 1668 5221 1808 5293; x_wconf 79' lang='grc' dir='ltr'>πρὸς</span> <span class='ocrx_word' id='word_1_720' title='bbox 1851 5221 1952 5294; x_wconf 78' lang='grc' dir='ltr'>τὴν</span> 
     </span>
    </p>
   </div>
   <div class='ocr_carea' id='block_1_101' title="bbox 358 5315 1953 5389">
    <p class='ocr_par' dir='ltr' id='par_1_101' title="bbox 358 5315 1953 5389">
     <span class='ocr_line' id='line_1_101' title="bbox 358 5315 1953 5389; baseline -0.002 -15"><span class='ocrx_word' id='word_1_721' title='bbox 358 5322 659 5389; x_wconf 73' lang='grc' dir='ltr'>ἐπίγνωσιν</span> <span class='ocrx_word' id='word_1_722' title='bbox 699 5317 796 5371; x_wconf 81' lang='grc' dir='ltr'>τοῦ</span> <span class='ocrx_word' id='word_1_723' title='bbox 845 5317 1017 5380; x_wconf 80' lang='grc' dir='ltr'>ὅντως</span> <span class='ocrx_word' id='word_1_724' title='bbox 1069 5315 1208 5370; x_wconf 82' lang='grc' dir='ltr'>Θεοῦ</span> <span class='ocrx_word' id='word_1_725' title='bbox 1239 5355 1256 5380; x_wconf 93' lang='grc'><strong>,</strong></span> <span class='ocrx_word' id='word_1_726' title='bbox 1307 5315 1694 5388; x_wconf 84' lang='grc' dir='ltr'>διεσπάρησαν</span> <span class='ocrx_word' id='word_1_727' title='bbox 1744 5317 1828 5378; x_wconf 82' lang='grc' dir='ltr'><strong>είς</strong></span> <span class='ocrx_word' id='word_1_728' title='bbox 1881 5315 1953 5371; x_wconf 79' lang='grc' dir='ltr'><strong>τὰ</strong></span> 
     </span>
    </p>
   </div>
   <div class='ocr_carea' id='block_1_102' title="bbox 360 5409 1952 5488">
    <p class='ocr_par' dir='ltr' id='par_1_102' title="bbox 360 5409 1952 5488">
     <span class='ocr_line' id='line_1_102' title="bbox 360 5409 1952 5488; baseline -0.005 -18"><span class='ocrx_word' id='word_1_729' title='bbox 360 5417 515 5488; x_wconf 75' lang='grc' dir='ltr'>ἔθνη,</span> <span class='ocrx_word' id='word_1_730' title='bbox 546 5419 640 5468; x_wconf 81' lang='grc' dir='ltr'>καὶ</span> <span class='ocrx_word' id='word_1_731' title='bbox 682 5413 860 5469; x_wconf 83' lang='grc' dir='ltr'>ταῦτα</span> <span class='ocrx_word' id='word_1_732' title='bbox 893 5412 1193 5482; x_wconf 77' lang='grc' dir='ltr'>ἑφώτισαν.</span> <span class='ocrx_word' id='word_1_733' title='bbox 1239 5410 1414 5465; x_wconf 86' lang='grc' dir='ltr'>Τοῦτο</span> <span class='ocrx_word' id='word_1_734' title='bbox 1457 5410 1644 5464; x_wconf 87' lang='grc' dir='ltr'>τοίνυν</span> <span class='ocrx_word' id='word_1_735' title='bbox 1673 5410 1702 5463; x_wconf 89' lang='lat'><strong>6</strong></span> <span class='ocrx_word' id='word_1_736' title='bbox 1733 5409 1952 5481; x_wconf 79' lang='grc' dir='ltr'>ἀρχάγ-</span> 
     </span>
    </p>
   </div>
   <div class='ocr_carea' id='block_1_103' title="bbox 359 5501 1952 5580">
    <p class='ocr_par' dir='ltr' id='par_1_103' title="bbox 359 5501 1952 5580">
     <span class='ocr_line' id='line_1_103' title="bbox 359 5501 1952 5580; baseline -0.005 -17"><span class='ocrx_word' id='word_1_737' title='bbox 359 5510 519 5580; x_wconf 77' lang='grc' dir='ltr'>γελος</span> <span class='ocrx_word' id='word_1_738' title='bbox 557 5508 845 5579; x_wconf 85' lang='grc' dir='ltr'>προδηλῶν</span> <span class='ocrx_word' id='word_1_739' title='bbox 881 5507 959 5579; x_wconf 83' lang='grc' dir='ltr'>τῷ</span> <span class='ocrx_word' id='word_1_740' title='bbox 985 5506 1247 5579; x_wconf 80' lang='grc' dir='ltr'>προφήτῃ</span> <span class='ocrx_word' id='word_1_741' title='bbox 1285 5502 1510 5574; x_wconf 83' lang='grc' dir='ltr'>Δανιὴλ,</span> <span class='ocrx_word' id='word_1_742' title='bbox 1539 5501 1695 5570; x_wconf 83' lang='grc' dir='ltr'>ἑλεγε</span> <span class='ocrx_word' id='word_1_743' title='bbox 1714 5516 1731 5533; x_wconf 88' lang='grc'>⁶</span> <span class='ocrx_word' id='word_1_744' title='bbox 1759 5501 1952 5555; x_wconf 77' lang='grc' dir='ltr'>Δυνα-</span> 
     </span>
    </p>
   </div>
   <div class='ocr_carea' id='block_1_104' title="bbox 352 5585 1950 5671">
    <p class='ocr_par' dir='ltr' id='par_1_104' title="bbox 352 5585 1950 5671">
     <span class='ocr_line' id='line_1_104' title="bbox 352 5585 1950 5671; baseline -0.009 -16"><span class='ocrx_word' id='word_1_745' title='bbox 352 5600 549 5671; x_wconf 82' lang='grc' dir='ltr'>μώσει</span> <span class='ocrx_word' id='word_1_746' title='bbox 583 5598 885 5668; x_wconf 80' lang='grc' dir='ltr'>διαθήκην</span> <span class='ocrx_word' id='word_1_747' title='bbox 906 5595 1164 5661; x_wconf 82' lang='grc' dir='ltr'>πολλοῖς</span> <span class='ocrx_word' id='word_1_748' title='bbox 1198 5592 1455 5663; x_wconf 80' lang='grc' dir='ltr'>ἑϐδομὰς</span> <span class='ocrx_word' id='word_1_749' title='bbox 1482 5591 1594 5663; x_wconf 89' lang='grc' dir='ltr'><strong>μία</strong></span> <span class='ocrx_word' id='word_1_750' title='bbox 1615 5605 1630 5619; x_wconf 81' lang='lat'><strong><em>°</em></strong></span> <span class='ocrx_word' id='word_1_751' title='bbox 1670 5589 1792 5644; x_wconf 75' lang='grc' dir='ltr'><strong>ἀντὶ</strong></span> <span class='ocrx_word' id='word_1_752' title='bbox 1831 5585 1950 5653; x_wconf 84' lang='grc' dir='ltr'>τοῦ,</span> 
     </span>
    </p>
   </div>
   <div class='ocr_carea' id='block_1_105' title="bbox 358 5679 1950 5764">
    <p class='ocr_par' dir='ltr' id='par_1_105' title="bbox 358 5679 1950 5764">
     <span class='ocr_line' id='line_1_105' title="bbox 358 5679 1950 5764; baseline -0.01 -16"><span class='ocrx_word' id='word_1_753' title='bbox 358 5693 604 5764; x_wconf 79' lang='grc' dir='ltr'>Δύναμιν</span> <span class='ocrx_word' id='word_1_754' title='bbox 633 5689 938 5760; x_wconf 76' lang='grc' dir='ltr'>περιζώσει</span> <span class='ocrx_word' id='word_1_755' title='bbox 971 5689 1225 5754; x_wconf 74' lang='grc' dir='ltr'>πολλοὺς,</span> <span class='ocrx_word' id='word_1_756' title='bbox 1265 5688 1393 5751; x_wconf 77' lang='grc' dir='ltr'>τοὺς</span> <span class='ocrx_word' id='word_1_757' title='bbox 1437 5683 1686 5755; x_wconf 85' lang='grc' dir='ltr'>μαθητὰς</span> <span class='ocrx_word' id='word_1_758' title='bbox 1722 5679 1950 5752; x_wconf 80' lang='grc' dir='ltr'>δηλαδὴ,</span> 
     </span>
    </p>
   </div>
   <div class='ocr_carea' id='block_1_106' title="bbox 356 5768 1953 5856">
    <p class='ocr_par' dir='ltr' id='par_1_106' title="bbox 356 5768 1953 5856">
     <span class='ocr_line' id='line_1_106' title="bbox 356 5768 1953 5856; baseline -0.011 -15"><span class='ocrx_word' id='word_1_759' title='bbox 356 5787 454 5842; x_wconf 84' lang='grc' dir='ltr'><strong>τόν</strong></span> <span class='ocrx_word' id='word_1_760' title='bbox 481 5802 542 5838; x_wconf 85' lang='grc' dir='ltr'><strong>τε</strong></span> <span class='ocrx_word' id='word_1_761' title='bbox 579 5782 689 5856; x_wconf 81' lang='grc' dir='ltr'>πρὸ</span> <span class='ocrx_word' id='word_1_762' title='bbox 719 5783 818 5837; x_wconf 82' lang='grc' dir='ltr'>τοῦ</span> <span class='ocrx_word' id='word_1_763' title='bbox 852 5781 1066 5844; x_wconf 81' lang='grc' dir='ltr'>[Ιὰθους</span> <span class='ocrx_word' id='word_1_764' title='bbox 1105 5779 1201 5834; x_wconf 83' lang='grc' dir='ltr'>τοῦ</span> <span class='ocrx_word' id='word_1_765' title='bbox 1235 5777 1444 5851; x_wconf 82' lang='grc' dir='ltr'>Κυρίου</span> <span class='ocrx_word' id='word_1_766' title='bbox 1472 5775 1691 5847; x_wconf 86' lang='grc' dir='ltr'>χρόνον,</span> <span class='ocrx_word' id='word_1_767' title='bbox 1731 5771 1830 5825; x_wconf 82' lang='grc' dir='ltr'>καὶ</span> <span class='ocrx_word' id='word_1_768' title='bbox 1857 5768 1953 5825; x_wconf 79' lang='grc' dir='ltr'>τὸν</span> 
     </span>
    </p>
   </div>
   <div class='ocr_carea' id='block_1_107' title="bbox 361 5865 1950 5954">
    <p class='ocr_par' dir='ltr' id='par_1_107' title="bbox 361 5865 1950 5954">
     <span class='ocr_line' id='line_1_107' title="bbox 361 5865 1950 5954; baseline -0.011 -18"><span class='ocrx_word' id='word_1_769' title='bbox 361 5878 510 5954; x_wconf 74' lang='grc' dir='ltr'>μετὰ</span> <span class='ocrx_word' id='word_1_770' title='bbox 537 5877 600 5934; x_wconf 85' lang='grc' dir='ltr'><strong>τδ</strong></span> <span class='ocrx_word' id='word_1_771' title='bbox 644 5876 848 5944; x_wconf 83' lang='grc' dir='ltr'>Πὰθος,</span> <span class='ocrx_word' id='word_1_772' title='bbox 881 5872 1004 5932; x_wconf 86' lang='grc' dir='ltr'>καθ’</span> <span class='ocrx_word' id='word_1_773' title='bbox 1033 5872 1096 5932; x_wconf 81' lang='grc' dir='ltr'><strong>δν</strong></span> <span class='ocrx_word' id='word_1_774' title='bbox 1117 5873 1390 5946; x_wconf 87' lang='grc' dir='ltr'>πρότερον</span> <span class='ocrx_word' id='word_1_775' title='bbox 1431 5869 1530 5942; x_wconf 77' lang='grc' dir='ltr'>μὲν</span> <span class='ocrx_word' id='word_1_776' title='bbox 1560 5869 1618 5924; x_wconf 78' lang='grc' dir='ltr'><strong>ὲν</strong></span> <span class='ocrx_word' id='word_1_777' title='bbox 1666 5865 1950 5937; x_wconf 76' lang='grc' dir='ltr'>Ἰτρουσα·</span> 
     </span>
    </p>
   </div>
   <div class='ocr_carea' id='block_1_108' title="bbox 2051 4664 3640 4738">
    <p class='ocr_par' dir='ltr' id='par_1_108' title="bbox 2051 4664 3640 4738">
     <span class='ocr_line' id='line_1_108' title="bbox 2051 4664 3640 4738; baseline 0.005 -20"><span class='ocrx_word' id='word_1_778' title='bbox 2051 4664 2338 4721; x_wconf 89' lang='lat' dir='ltr'><strong>hominum</strong></span> <span class='ocrx_word' id='word_1_779' title='bbox 2370 4665 2438 4721; x_wconf 90' lang='lat' dir='ltr'><strong>ad</strong></span> <span class='ocrx_word' id='word_1_780' title='bbox 2475 4667 2594 4722; x_wconf 85' lang='lat' dir='ltr'><strong>veri</strong></span> <span class='ocrx_word' id='word_1_781' title='bbox 2640 4667 2738 4722; x_wconf 89' lang='lat' dir='ltr'><strong>Dei</strong></span> <span class='ocrx_word' id='word_1_782' title='bbox 2786 4669 3130 4738; x_wconf 76' lang='lat' dir='ltr'><strong>agnitionem</strong></span> <span class='ocrx_word' id='word_1_783' title='bbox 3170 4669 3554 4730; x_wconf 83' lang='lat' dir='ltr'><strong>attraxissent.</strong></span> <span class='ocrx_word' id='word_1_784' title='bbox 3583 4674 3640 4727; x_wconf 91' lang='lat' dir='ltr'><strong>in</strong></span> 
     </span>
    </p>
   </div>
   <div class='ocr_carea' id='block_1_109' title="bbox 2047 4759 3641 4831">
    <p class='ocr_par' dir='ltr' id='par_1_109' title="bbox 2047 4759 3641 4831">
     <span class='ocr_line' id='line_1_109' title="bbox 2047 4759 3641 4831; baseline 0.004 -18"><span class='ocrx_word' id='word_1_785' title='bbox 2047 4767 2242 4828; x_wconf 86' lang='lat' dir='ltr'><strong>gentes</strong></span> <span class='ocrx_word' id='word_1_786' title='bbox 2290 4759 2527 4828; x_wconf 88' lang='lat' dir='ltr'><strong>dispersi</strong></span> <span class='ocrx_word' id='word_1_787' title='bbox 2579 4768 2746 4825; x_wconf 90' lang='lat' dir='ltr'><strong>sunt,</strong></span> <span class='ocrx_word' id='word_1_788' title='bbox 2798 4775 3007 4831; x_wconf 84' lang='lat' dir='ltr'><strong>easque</strong></span> <span class='ocrx_word' id='word_1_789' title='bbox 3055 4761 3464 4817; x_wconf 90' lang='lat' dir='ltr'><strong>illuminarunt.</strong></span> <span class='ocrx_word' id='word_1_790' title='bbox 3523 4763 3641 4819; x_wconf 83' lang='lat' dir='ltr'><strong>Hoc</strong></span> 
     </span>
    </p>
   </div>
   <div class='ocr_carea' id='block_1_110' title="bbox 2047 4851 3640 4925">
    <p class='ocr_par' dir='ltr' id='par_1_110' title="bbox 2047 4851 3640 4925">
     <span class='ocr_line' id='line_1_110' title="bbox 2047 4851 3640 4925; baseline 0.003 -19"><span class='ocrx_word' id='word_1_791' title='bbox 2047 4851 2218 4922; x_wconf 85' lang='lat' dir='ltr'><strong>igitur</strong></span> <span class='ocrx_word' id='word_1_792' title='bbox 2235 4851 2604 4923; x_wconf 85' lang='lat' dir='ltr'><strong>archangelus</strong></span> <span class='ocrx_word' id='word_1_793' title='bbox 2628 4852 3073 4924; x_wconf 69' lang='lat' dir='ltr'><strong>prmsigniﬁcans</strong></span> <span class='ocrx_word' id='word_1_794' title='bbox 3103 4854 3320 4908; x_wconf 92' lang='lat' dir='ltr'><strong>Danieli</strong></span> <span class='ocrx_word' id='word_1_795' title='bbox 3350 4855 3640 4925; x_wconf 67' lang='lat' dir='ltr'><strong>prophetae</strong></span> 
     </span>
    </p>
   </div>
   <div class='ocr_carea' id='block_1_111' title="bbox 2049 4941 3643 5015">
    <p class='ocr_par' dir='ltr' id='par_1_111' title="bbox 2049 4941 3643 5015">
     <span class='ocr_line' id='line_1_111' title="bbox 2049 4941 3643 5015; baseline 0.002 -18"><span class='ocrx_word' id='word_1_796' title='bbox 2049 4943 2166 4997; x_wconf 88' lang='lat' dir='ltr'><strong>ait:</strong></span> <span class='ocrx_word' id='word_1_797' title='bbox 2197 4941 2545 5011; x_wconf 83' lang='lat' dir='ltr'><strong>Conﬁrmabit</strong></span> <span class='ocrx_word' id='word_1_798' title='bbox 2577 4952 2953 4998; x_wconf 80' lang='lat' dir='ltr'><strong>testamentum</strong></span> <span class='ocrx_word' id='word_1_799' title='bbox 2977 4945 3158 4999; x_wconf 80' lang='lat' dir='ltr'><strong>multis</strong></span> <span class='ocrx_word' id='word_1_800' title='bbox 3196 4945 3477 5000; x_wconf 75' lang='lat' dir='ltr'><strong>hebdomas</strong></span> <span class='ocrx_word' id='word_1_801' title='bbox 3509 4963 3643 5015; x_wconf 84' lang='lat' dir='ltr'><strong>una,</strong></span> 
     </span>
    </p>
   </div>
   <div class='ocr_carea' id='block_1_112' title="bbox 2049 5034 3640 5109">
    <p class='ocr_par' dir='ltr' id='par_1_112' title="bbox 2049 5034 3640 5109">
     <span class='ocr_line' id='line_1_112' title="bbox 2049 5034 3640 5109; baseline 0.002 -19"><span class='ocrx_word' id='word_1_802' title='bbox 2049 5034 2157 5092; x_wconf 88' lang='lat' dir='ltr'><strong>hoc</strong></span> <span class='ocrx_word' id='word_1_803' title='bbox 2177 5046 2282 5102; x_wconf 83' lang='lat' dir='ltr'><strong>est,</strong></span> <span class='ocrx_word' id='word_1_804' title='bbox 2307 5037 2454 5093; x_wconf 89' lang='lat' dir='ltr'><strong>vires</strong></span> <span class='ocrx_word' id='word_1_805' title='bbox 2477 5047 2734 5109; x_wconf 86' lang='lat' dir='ltr'><strong>suggeret</strong></span> <span class='ocrx_word' id='word_1_806' title='bbox 2768 5038 2988 5106; x_wconf 90' lang='lat' dir='ltr'><strong>multis,</strong></span> <span class='ocrx_word' id='word_1_807' title='bbox 3022 5039 3318 5109; x_wconf 86' lang='lat' dir='ltr'><strong>discipulis</strong></span> <span class='ocrx_word' id='word_1_808' title='bbox 3349 5040 3640 5106; x_wconf 88' lang='lat' dir='ltr'><strong>nimirum,</strong></span> 
     </span>
    </p>
   </div>
   <div class='ocr_carea' id='block_1_113' title="bbox 2054 5133 3640 5201">
    <p class='ocr_par' dir='ltr' id='par_1_113' title="bbox 2054 5133 3640 5201">
     <span class='ocr_line' id='line_1_113' title="bbox 2054 5133 3640 5201; baseline 0.001 -17"><span class='ocrx_word' id='word_1_809' title='bbox 2054 5137 2278 5199; x_wconf 87' lang='lat' dir='ltr'><strong>tempus</strong></span> <span class='ocrx_word' id='word_1_810' title='bbox 2309 5137 2365 5184; x_wconf 93' lang='lat' dir='ltr'><strong>et</strong></span> <span class='ocrx_word' id='word_1_811' title='bbox 2389 5139 2772 5197; x_wconf 78' lang='lat' dir='ltr'><strong>antegressum</strong></span> <span class='ocrx_word' id='word_1_812' title='bbox 2816 5141 2875 5187; x_wconf 89' lang='lat' dir='ltr'><strong>et</strong></span> <span class='ocrx_word' id='word_1_813' title='bbox 2917 5141 3282 5187; x_wconf 87' lang='lat' dir='ltr'><strong>consecutum</strong></span> <span class='ocrx_word' id='word_1_814' title='bbox 3326 5133 3640 5201; x_wconf 88' lang='lat' dir='ltr'><strong>passionem</strong></span> 
     </span>
    </p>
   </div>
   <div class='ocr_carea' id='block_1_114' title="bbox 2048 5219 3641 5293">
    <p class='ocr_par' dir='ltr' id='par_1_114' title="bbox 2048 5219 3641 5293">
     <span class='ocr_line' id='line_1_114' title="bbox 2048 5219 3641 5293; baseline 0.001 -19"><span class='ocrx_word' id='word_1_815' title='bbox 2048 5219 2268 5274; x_wconf 91' lang='lat' dir='ltr'><strong>Domini</strong></span> <span class='ocrx_word' id='word_1_816' title='bbox 2295 5221 2637 5291; x_wconf 78' lang='lat' dir='ltr'><strong>complexus,</strong></span> <span class='ocrx_word' id='word_1_817' title='bbox 2679 5237 2792 5292; x_wconf 93' lang='lat' dir='ltr'><strong>quo</strong></span> <span class='ocrx_word' id='word_1_818' title='bbox 2820 5222 2976 5293; x_wconf 88' lang='lat' dir='ltr'><strong>prius</strong></span> <span class='ocrx_word' id='word_1_819' title='bbox 3012 5221 3408 5292; x_wconf 80' lang='lat' dir='ltr'><strong>Hierosolymis</strong></span> <span class='ocrx_word' id='word_1_820' title='bbox 3439 5222 3641 5290; x_wconf 67' lang='lat' dir='ltr'><strong>praedi-</strong></span> 
     </span>
    </p>
   </div>
   <div class='ocr_carea' id='block_1_115' title="bbox 2052 5311 3644 5383">
    <p class='ocr_par' dir='ltr' id='par_1_115' title="bbox 2052 5311 3644 5383">
     <span class='ocr_line' id='line_1_115' title="bbox 2052 5311 3644 5383; baseline -0.001 -17"><span class='ocrx_word' id='word_1_821' title='bbox 2052 5311 2526 5382; x_wconf 85' lang='lat' dir='ltr'><strong>cabantapostoli,</strong></span> <span class='ocrx_word' id='word_1_822' title='bbox 2551 5325 2678 5383; x_wconf 90' lang='lat' dir='ltr'><strong>post</strong></span> <span class='ocrx_word' id='word_1_823' title='bbox 2710 5315 2880 5369; x_wconf 89' lang='lat' dir='ltr'><strong>etiam</strong></span> <span class='ocrx_word' id='word_1_824' title='bbox 2900 5314 3054 5369; x_wconf 89' lang='lat' dir='ltr'><strong>orbis</strong></span> <span class='ocrx_word' id='word_1_825' title='bbox 3078 5321 3355 5368; x_wconf 87' lang='lat' dir='ltr'><strong>terrarum</strong></span> <span class='ocrx_word' id='word_1_826' title='bbox 3378 5313 3644 5366; x_wconf 79' lang='lat' dir='ltr'><strong>extremi-</strong></span> 
     </span>
    </p>
   </div>
   <div class='ocr_carea' id='block_1_116' title="bbox 2054 5402 3641 5462">
    <p class='ocr_par' dir='ltr' id='par_1_116' title="bbox 2054 5402 3641 5462">
     <span class='ocr_line' id='line_1_116' title="bbox 2054 5402 3641 5462; baseline -0.001 -4"><span class='ocrx_word' id='word_1_827' title='bbox 2054 5410 2194 5459; x_wconf 85' lang='lat' dir='ltr'><strong>tates</strong></span> <span class='ocrx_word' id='word_1_828' title='bbox 2230 5404 2501 5460; x_wconf 87' lang='lat' dir='ltr'><strong>obeuntes</strong></span> <span class='ocrx_word' id='word_1_829' title='bbox 2556 5405 2850 5462; x_wconf 85' lang='lat' dir='ltr'><strong>docebant.</strong></span> <span class='ocrx_word' id='word_1_830' title='bbox 2893 5405 3017 5459; x_wconf 83' lang='lat' dir='ltr'><strong>Mox</strong></span> <span class='ocrx_word' id='word_1_831' title='bbox 3049 5403 3302 5458; x_wconf 89' lang='lat' dir='ltr'><strong>eamdem</strong></span> <span class='ocrx_word' id='word_1_832' title='bbox 3335 5402 3641 5457; x_wconf 85' lang='lat' dir='ltr'><strong>hebdoma-</strong></span> 
     </span>
    </p>
   </div>
   <div class='ocr_carea' id='block_1_117' title="bbox 2051 5491 3642 5549">
    <p class='ocr_par' dir='ltr' id='par_1_117' title="bbox 2051 5491 3642 5549">
     <span class='ocr_line' id='line_1_117' title="bbox 2051 5491 3642 5549; baseline -0.003 -1"><span class='ocrx_word' id='word_1_833' title='bbox 2051 5493 2176 5548; x_wconf 91' lang='lat' dir='ltr'><strong>dem</strong></span> <span class='ocrx_word' id='word_1_834' title='bbox 2224 5492 2424 5548; x_wconf 87' lang='lat' dir='ltr'><strong>dividit</strong></span> <span class='ocrx_word' id='word_1_835' title='bbox 2479 5493 2567 5549; x_wconf 88' lang='lat' dir='ltr'><strong>his</strong></span> <span class='ocrx_word' id='word_1_836' title='bbox 2617 5493 2808 5548; x_wconf 89' lang='lat' dir='ltr'><strong>verbis</strong></span> <span class='ocrx_word' id='word_1_837' title='bbox 2860 5510 2874 5547; x_wconf 88' lang='lat'><strong>:</strong></span> <span class='ocrx_word' id='word_1_838' title='bbox 2923 5493 2990 5548; x_wconf 86' lang='lat' dir='ltr'><strong>In</strong></span> <span class='ocrx_word' id='word_1_839' title='bbox 3044 5495 3261 5546; x_wconf 67' lang='lat' dir='ltr'><strong>semisse</strong></span> <span class='ocrx_word' id='word_1_840' title='bbox 3300 5491 3642 5545; x_wconf 77' lang='lat' dir='ltr'><strong>hebdomadis</strong></span> 
     </span>
    </p>
   </div>
   <div class='ocr_carea' id='block_1_118' title="bbox 2052 5583 3639 5654">
    <p class='ocr_par' dir='ltr' id='par_1_118' title="bbox 2052 5583 3639 5654">
     <span class='ocr_line' id='line_1_118' title="bbox 2052 5583 3639 5654; baseline 0.001 -18"><span class='ocrx_word' id='word_1_841' title='bbox 2052 5583 2272 5638; x_wconf 83' lang='lat' dir='ltr'><strong>tolletur</strong></span> <span class='ocrx_word' id='word_1_842' title='bbox 2298 5585 2630 5654; x_wconf 79' lang='lat' dir='ltr'><strong>sacriﬁcium</strong></span> <span class='ocrx_word' id='word_1_843' title='bbox 2668 5596 2717 5638; x_wconf 85' lang='lat' dir='ltr'><strong>et</strong></span> <span class='ocrx_word' id='word_1_844' title='bbox 2769 5583 2978 5639; x_wconf 86' lang='lat' dir='ltr'><strong>libatio.</strong></span> <span class='ocrx_word' id='word_1_845' title='bbox 3013 5586 3136 5652; x_wconf 88' lang='lat' dir='ltr'><strong>Quo</strong></span> <span class='ocrx_word' id='word_1_846' title='bbox 3180 5584 3430 5640; x_wconf 83' lang='lat' dir='ltr'><strong>declarat</strong></span> <span class='ocrx_word' id='word_1_847' title='bbox 3473 5585 3639 5638; x_wconf 84' lang='lat' dir='ltr'><strong>linem</strong></span> 
     </span>
    </p>
   </div>
   <div class='ocr_carea' id='block_1_119' title="bbox 2051 5677 3642 5750">
    <p class='ocr_par' dir='ltr' id='par_1_119' title="bbox 2051 5677 3642 5750">
     <span class='ocr_line' id='line_1_119' title="bbox 2051 5677 3642 5750; baseline -0.001 -18"><span class='ocrx_word' id='word_1_848' title='bbox 2051 5677 2267 5732; x_wconf 66' lang='lat' dir='ltr'><strong>umbrae</strong></span> <span class='ocrx_word' id='word_1_849' title='bbox 2315 5679 2476 5749; x_wconf 85' lang='lat' dir='ltr'><strong>legis.</strong></span> <span class='ocrx_word' id='word_1_850' title='bbox 2526 5679 2739 5735; x_wconf 86' lang='lat' dir='ltr'><strong>Deinde</strong></span> <span class='ocrx_word' id='word_1_851' title='bbox 2774 5679 3040 5750; x_wconf 81' lang='lat' dir='ltr'><strong>subjicit:</strong></span> <span class='ocrx_word' id='word_1_852' title='bbox 3075 5678 3144 5733; x_wconf 84' lang='lat' dir='ltr'><strong>Et</strong></span> <span class='ocrx_word' id='word_1_853' title='bbox 3190 5694 3352 5749; x_wconf 76' lang='lat' dir='ltr'><strong>super</strong></span> <span class='ocrx_word' id='word_1_854' title='bbox 3385 5677 3642 5748; x_wconf 84' lang='lat' dir='ltr'><strong>templum</strong></span> 
     </span>
    </p>
   </div>
   <div class='ocr_carea' id='block_1_120' title="bbox 2055 5771 3646 5833">
    <p class='ocr_par' dir='ltr' id='par_1_120' title="bbox 2055 5771 3646 5833">
     <span class='ocr_line' id='line_1_120' title="bbox 2055 5771 3646 5833; baseline -0.002 -6"><span class='ocrx_word' id='word_1_855' title='bbox 2055 5773 2385 5828; x_wconf 84' lang='lat' dir='ltr'><strong>abeminatio</strong></span> <span class='ocrx_word' id='word_1_856' title='bbox 2431 5774 2696 5829; x_wconf 76' lang='lat' dir='ltr'><strong>vastitatis</strong></span> <span class='ocrx_word' id='word_1_857' title='bbox 2733 5791 2752 5830; x_wconf 71' lang='grc' dir='ltr'><strong>ε</strong></span> <span class='ocrx_word' id='word_1_858' title='bbox 2784 5788 2912 5828; x_wconf 86' lang='lat' dir='ltr'><strong>nam</strong></span> <span class='ocrx_word' id='word_1_859' title='bbox 2955 5788 3084 5828; x_wconf 91' lang='lat' dir='ltr'><strong>cum</strong></span> <span class='ocrx_word' id='word_1_860' title='bbox 3140 5772 3257 5828; x_wconf 68' lang='lat' dir='ltr'><strong>haec</strong></span> <span class='ocrx_word' id='word_1_861' title='bbox 3307 5771 3462 5833; x_wconf 86' lang='lat' dir='ltr'><strong>ﬁent,</strong></span> <span class='ocrx_word' id='word_1_862' title='bbox 3505 5781 3646 5826; x_wconf 80' lang='lat' dir='ltr'><strong>tem-</strong></span> 
     </span>
    </p>
   </div>
   <div class='ocr_carea' id='block_1_121' title="bbox 2053 5863 3646 5937">
    <p class='ocr_par' dir='ltr' id='par_1_121' title="bbox 2053 5863 3646 5937">
     <span class='ocr_line' id='line_1_121' title="bbox 2053 5863 3646 5937; baseline -0.001 -16"><span class='ocrx_word' id='word_1_863' title='bbox 2053 5865 2210 5936; x_wconf 85' lang='lat' dir='ltr'><strong>plum</strong></span> <span class='ocrx_word' id='word_1_864' title='bbox 2249 5863 2468 5937; x_wconf 85' lang='lat' dir='ltr'><strong>pridem</strong></span> <span class='ocrx_word' id='word_1_865' title='bbox 2511 5875 2772 5923; x_wconf 84' lang='lat' dir='ltr'><strong>sanctum</strong></span> <span class='ocrx_word' id='word_1_866' title='bbox 2802 5873 2860 5925; x_wconf 89' lang='lat' dir='ltr'><strong>et</strong></span> <span class='ocrx_word' id='word_1_867' title='bbox 2896 5865 3239 5934; x_wconf 88' lang='lat' dir='ltr'><strong>venerabile,</strong></span> <span class='ocrx_word' id='word_1_868' title='bbox 3301 5863 3646 5921; x_wconf 81' lang='lat' dir='ltr'><strong>abominatio</strong></span> 
     </span>
    </p>
   </div>
  </div>
