4092 6404
441 418 548 480 259

1711 412 2036 474 JOANNIS
2075 410 2398 472 ZONARIE

3593 419 3704 482 260

433 533 800 606 Judicabitur;
859 531 1011 605 quod
1067 540 1194 603 post
1247 533 2017 591 hebdomademhancextre—

2125 531 2237 602 λὴμ
2265 530 2628 602 προσέμενον,
2664 531 2760 586 καὶ
2803 532 3117 604 ἐκήρυσσον
3142 533 3188 584 οξ
3221 532 3535 589 ἀπόστολοι.
3573 531 3705 590 Εἶτα

440 641 586 681 mam
611 625 823 696 aliquid
846 625 1221 681 abominabile
1245 627 1583 698 in'templum
1613 625 2016 688 introducetur,

439 716 498 769 in
549 715 767 786 signum
820 716 1146 771 vastationis
1205 719 1326 789 ejus
1376 726 1432 772 et
1476 717 1676 772 urbis:
1717 717 1865 787 quod
1916 717 2020 771 sub

445 809 620 863 Pilato
648 807 874 870 accidit,
918 809 1012 878 qui
1043 819 1210 864 noctu
1245 809 1446 865 vexilla
1495 808 1550 862 in
1598 823 1666 862 eo
1709 809 2020 872 collocavit,

439 915 567 955 cum
628 899 868 970 imagine
933 900 1289 969 imperatoris
1337 915 1506 970 :quae
1558 899 1761 955 Judaeis
1811 899 2022 952 abomi-

439 990 622 1044 nanda
667 999 856 1056 erant,
905 1005 1031 1044 cum
1098 989 1458 1045 interdictum
1513 999 1683 1051 esset,
1746 1005 1815 1044 ne
1856 1005 2018 1058 quam

439 1083 732 1152 imaginem
767 1082 883 1135 sive
915 1082 1212 1135 humanam
1247 1082 1362 1136 sive
1413 1081 1673 1136 animalis
1710 1082 1874 1152 138
1915 1082 2020 1136 ali-

438 1175 596 1242 cujus
625 1172 912 1235 haberent,
953 1182 1047 1226 aut
1077 1172 1346 1228 colerent.
1383 1173 1654 1228 Dominus
1687 1173 1820 1228 item
1851 1195 1861 1228 :
1901 1174 2018 1238 Ubi,

440 1263 658 1330 inquit,
713 1262 1166 1316 abominationem
1234 1264 1500 1317 vastitatis
1553 1265 1608 1316 in
1679 1263 1792 1318 loco
1835 1273 2020 1319 sancto

435 1363 664 1408 stantem
718 1356 950 1408 videritis
980 1396 996 1421 ,
1052 1355 1234 1408 scitote
1285 1354 1486 1408 instare
1537 1357 1836 1410 vastitatem
1883 1356 2020 1427 ejus,

438 1446 592 1501 urbis
651 1445 1154 1517 Hierosolymorum
1207 1446 1443 1502 scilicet.
1490 1447 1632 1501 Alibi
1670 1463 1893 1518 quoque
1946 1449 2022 1502 ait

437 1537 702 1591 Dominus
734 1556 745 1589 :
780 1537 912 1590 Ecce
939 1538 1126 1590 domus
1156 1549 1332 1592 vestra
1361 1536 1694 1607 relinquetur
1721 1540 1930 1593 deserta
1954 1539 2017 1593 ".

437 1629 560 1682 ll:ec
601 1629 883 1683 Danielem
918 1644 1274 1698 praemonens
1304 1628 1697 1700 archangelus,
1733 1645 1857 1686 cum
1883 1647 2022 1701 prte-

434 1717 665 1771 dixisset
690 1717 922 1787 legalem
953 1718 1164 1770 cultum
1191 1733 1221 1771 e
1249 1719 1432 1775 medio
1457 1719 1738 1775 sublatum
1771 1718 1860 1781 iri,
1893 1719 2023 1774 sub-

435 1812 554 1881 jici;
585 1833 596 1868 :
631 1812 703 1865 Et
745 1825 907 1881 super
939 1811 1195 1883 templum
1243 1813 1574 1868 abominatio
1621 1814 1907 1868 vastitatis.
1941 1813 2021 1867 Ne

2128 625 2223 678 καὶ
2270 626 2350 686 εἰς
2385 623 2453 677 τά
2480 626 2580 694 τῆς
2609 625 2939 695 οἰκουμένης
2971 625 3278 697 περιῄεσαν
3306 628 3580 697 τέρματα,
3615 630 3710 683 καὶ

2128 715 2429 780 ἐδίδασκον,
2463 715 2752 786 συνάψας,
2799 715 2959 780 αὖθις
3017 717 3219 786 διαιρεῖ
3271 719 3372 784 τὴν
3435 719 3708 789 ἑϐδομάδα

2127 805 2356 874 ταύτην,
2389 805 2567 875 λέγων
2588 824 2604 839 ·
2642 807 2752 861 Kal
2781 808 2850 861 ἐν
2884 806 2963 872 τῷ
2989 808 3194 876 ἡμίσει
3235 807 3346 876 τῆς
3384 809 3712 879 ἑϐδομάδος

2129 897 2456 965 ἀρθήσεται
2485 899 2668 953 θυσία
2715 900 2813 954 καί
2842 900 3086 967 σπονδή
3113 918 3128 934 ο
3154 901 3244 955 δ;ἀ
3275 904 3467 957 τούτου
3499 920 3711 975 προση-

2135 991 2342 1060 μαίνων
2398 990 2497 1061 τὴν
2553 991 2768 1046 παῦλαν
2822 995 2922 1064 τῆς
2971 992 3068 1048 τοῦ
3123 995 3289 1064 νόμον
3345 998 3524 1060 σκιᾶς.
3575 994 3710 1052 Εἶτα

2129 1081 2324 1149 ἐπάγει
2346 1096 2359 1111 ·
2392 1082 2505 1136 Καὶ
2537 1083 2636 1137 ἐπὶ
2688 1083 2755 1137 τὸ
2788 1084 2942 1154 ἱερὸν
2965 1063 3286 1157 ,βδέλυγμα
3332 1086 3443 1156 τῆς
3485 1063 3712 1157 ἐρημώ-

2127 1186 2302 1239 σεως.
2339 1173 2559 1228 Τούτων
2588 1175 2716 1246 γὰρ,
2749 1177 2902 1246 φησὶ,
2929 1179 3260 1246 γινομένων,
3292 1179 3353 1233 τὸ
3390 1181 3524 1252 πρὶν
3553 1179 3709 1248 ἀγιον

2127 1265 2222 1316 καὶ
2276 1264 2577 1336 σεϐάσμιον
2627 1267 2773 1336 ἱερὸν
2814 1268 3095 1339 βδέλυγμα
3143 1269 3534 1342 λογισθήσεται
3573 1272 3706 1343 (86),

2128 1357 2160 1426 ἥ
2205 1357 2285 1410 ὅτι
2338 1359 2474 1428 μετὰ
2521 1359 2620 1429 τὴν
2671 1361 2994 1414 τελευταίαν
3031 1362 3308 1434 ἑϐδομάδα
3356 1365 3563 1436 ταύτην
3593 1367 3712 1436 βδέ-

2127 1448 2313 1518 λυγμά
2344 1468 2395 1504 τι
2441 1451 2536 1504 ἐπὶ
2588 1452 2648 1504 τὺ
2700 1453 2847 1523 ἱερὸν
2898 1455 3314 1527 εἰσαχθήσεται,
3351 1460 3578 1527 σημεῖον
3608 1457 3708 1527 τῆς

2128 1540 2296 1593 αὑτοῦ
2324 1558 2385 1594 τε
2419 1543 2514 1594 καὶ
2546 1543 2643 1613 τῆς
2679 1544 2891 1608 πόλεως
2921 1547 3284 1617 ἐρημώσεως,
3305 1547 3333 1601 δ
3359 1549 3451 1602 ἐπὶ
3473 1549 3709 1604 Πιλάτου

2127 1631 2340 1698 γέγονε,
2400 1633 2646 1702 σημαίας
2699 1633 2920 1705 νύκτωρ
2981 1638 3376 1706 εἰσαγαγόντος
3407 1677 3422 1701 ,
3488 1640 3708 1703 εἰκόνας

2126 1722 2357 1793 ἐχούσας
2390 1723 2702 1794 βασιλικάς,
2735 1728 2792 1780 αἳ
2822 1729 2937 1792 τοῖς
2981 1729 3254 1793 Ἰουδαίοις
3283 1731 3562 1802 βδέλυγμα
3586 1733 3703 1786 ὲλοο

2129 1817 2364 1884 γίζοντο·
2400 1819 2672 1890 ἀπείρητο
2694 1820 2804 1892 γὰρ
2833 1822 3020 1884 αὖτοῖς
3051 1823 3404 1894 ἀνθρωπίνην
3433 1825 3620 1879 εἰκόνα
3673 1827 3706 1898 ἢ

435 1916 568 1956 vero
597 1901 771 1957 Judaei
805 1903 1460 1971 putarent,"vastitatcml
1499 1902 1568 1956 ad
1615 1910 1833 1971 tempus
1857 1901 2017 1956 dura-

2127 1908 2268 1973 ζώου
2299 1910 2446 1973 τινὸς
2472 1911 2796 1980 κεκτῆσθαι,
2822 1913 2854 1983 ἢ
2889 1915 2982 1969 καὶ
3008 1915 3358 1978 σεϐάζεσθαι.
3392 1918 3504 1971 Καὶ
3533 1921 3560 1973 ό
3596 1919 3708 1973 Κύ-

437 2000 638 2054 turam,
667 1999 724 2043 et
756 1990 947 2043 urbem
985 1990 1427 2055 instaurandam,
1485 2005 1550 2045 ac
1581 1991 1848 2060 templum
1875 2005 2014 2046 reae-

434 2080 772 2134 dilicandum
830 2096 974 2145 esse,
1029 2081 1341 2152 cujusmodi
1386 2093 1442 2136 et
1501 2083 1607 2136 alia
1673 2081 2017 2138 creberrime

437 2171 561 2224 urbi
591 2181 646 2224 et
673 2173 875 2240 templo
925 2173 1286 2239 acciderant,
1327 2174 1552 2243 subjicit
1585 2191 1600 2226 :
1628 2172 1698 2226 Et
1744 2190 1906 2242 usque
1945 2174 2018 2227 ad

434 2262 875 2330 complementum
901 2265 1167 2329 temporis,
1224 2263 1668 2334 complementum
1695 2265 1912 2318 dabitur
1929 2281 2017 2319 su-

436 2389 532 2443 per
560 2375 905 2439 vastitatem;
957 2373 1062 2428 hoc
1108 2383 1212 2439 est,
1270 2375 1448 2430 donec
1501 2390 1678 2430 aevum
1735 2377 2015 2446 expletum

433 2465 625 2529 fuerit,
680 2479 939 2519 mansura
987 2474 1073 2519 est
1105 2465 1272 2520 etiam
1307 2466 1554 2520 vastitas.
1605 2465 1744 2520 Tum
1794 2482 1926 2521 vero
1959 2476 2017 2522 et

435 2556 604 2625 hujus
661 2554 786 2610 linis
819 2555 946 2619 erit,
1007 2571 1130 2610 cum
1182 2571 1292 2610 non
1340 2558 1448 2612 erit
1488 2566 1705 2629 tempus
1737 2559 1823 2614 vel
1862 2559 2016 2616 urbis

435 2649 520 2701 vel
561 2647 745 2716 templi
801 2648 1168 2702 instaurandi.
1205 2648 1330 2703 Hac
1371 2649 1582 2704 Danieli
1624 2650 1692 2704 de
1734 2651 2017 2720 p0pu|ari-

433 2739 540 2793 bus
591 2739 710 2793 suis
753 2754 852 2808 per
908 2740 1177 2794 visionem
1210 2741 1394 2796 oblata
1455 2750 1511 2796 et
1564 2743 1804 2798 revelata
1864 2756 2012 2800 sunt.

434 2830 584 2884 Idem
617 2830 740 2884 aliis
789 2845 1012 2900 quoque
1042 2830 1356 2886 visionibus
1386 2840 1444 2886 et
1489 2834 1720 2887 somniis
1750 2833 2016 2888 divinitus

436 2921 696 2976 eruditus
723 2931 808 2975 est
841 2922 908 2976 de
941 2922 1147 2976 futuris
1193 2938 1380 2976 rerum
1413 2923 1780 2978 humanarum
1838 2935 2017 2980 muta-

437 3011 721 3079 tionibus,
761 3027 866 3067 nec
919 3013 988 3068 de
1039 3013 1444 3067 mutationibus
1491 3028 1675 3067 rerum
1727 3013 2012 3080 duntaxat,

437 3104 534 3158 sed
592 3113 650 3158 et
701 3107 769 3159 de
832 3105 1176 3174 temporibus
1221 3105 1428 3176 quibus
1461 3120 1694 3176 quzeque
1733 3115 2015 3161 eventura:

432 3205 616 3250 essent
650 3213 661 3246 :
695 3214 816 3266 quae
852 3198 1035 3267 quivis
1068 3199 1376 3253 absolutius
1408 3213 1745 3268 cognoscere
1775 3201 2010 3269 poterit,

2126 2019 2243 2071 ριος
2267 2002 2346 2055 δέ·
2386 2003 2572 2058 Ὅταν
2595 2005 2782 2073 ἴδητε,
2813 2001 2958 2073 εἶπε,
2990 2007 3058 2061 τὸ
3076 2007 3398 2078 ,βδέλυγμα
3420 2010 3528 2080 τῆς
3564 2012 3705 2081 ἐρηο

2120 2091 2388 2160 μώσεως,
2423 2095 2615 2162 ἑστὼς
2640 2098 2712 2152 ἐν
2733 2100 2899 2163 τόπῳ
2933 2101 3098 2169 ἁγίῳ,
3132 2101 3456 2170 γινώσκετε
3483 2104 3576 2157 ὅτι
3604 2103 3709 2174 ἤτι-

2123 2203 2292 2256 τικεν
2317 2188 2354 2256 ri
2388 2187 2686 2258 ἐρήμωσις
2717 2191 2928 2260 αὐτῆς,
2952 2193 3054 2262 τῆς
3097 2192 3453 2265 Ἰερουσαλὴμ
3481 2196 3704 2268 δηλαδή.

2125 2280 2236 2334 Καὶ
2260 2280 2496 2350 ἀλλαχοῦ
2543 2283 2590 2336 δ’
2617 2283 2720 2354 ἔφη
2747 2285 2776 2336 ό
2812 2284 3036 2356 Κύριος*
3075 2287 3232 2341 Ἰδοὺ
3261 2288 3500 2357 ἀφίεται
3549 2293 3584 2344 ό
3623 2285 3707 2344 οῖ-

2123 2385 2222 2435 κος
2267 2370 2438 2439 ήμῶν
2468 2371 2707 2440 ἕρημος.
2749 2374 2933 2428 Ταῦτα
2971 2375 3349 2446 προδιδάσκων
3378 2379 3471 2432 τὸν
3506 2379 3706 2452 Δανιὴλ

2123 2461 2152 2512 ὁ
2173 2460 2534 2531 ἀρχάγγελος,
2565 2465 2820 2535 ἐπιφέρει
2848 2465 2989 2534 μετά
3021 2467 3083 2520 τὸ
3113 2467 3502 2538 προθεσπίσαι,
3533 2471 3609 2535 ώς
3641 2474 3705 2525 ὲκ

2127 2552 2294 2620 μέσου
2330 2559 2624 2624 γενήσεται
2654 2558 2686 2627 ή
2719 2560 2920 2628 νομικὴ
2946 2559 3194 2632 λατρεία,
3226 2563 3288 2615 τό
3314 2578 3328 2592 ·
3355 2564 3464 2617 Καί
3499 2562 3600 2618 ἐπὶ
3636 2563 3705 2619 τὸ

2123 2646 2632 2732 ἱερὸν-’,βδέλυγμα
2664 2646 2768 2717 τῆς
2799 2649 3179 2720 ἐρημώσεως.
3216 2654 3334 2708 Ἵνα
3361 2655 3418 2709 δὲ
3454 2655 3530 2728 μὴ
3553 2657 3709 2728 νομί-

2124 2737 2285 2808 ζηται
2332 2741 2444 2804 τοῖς
2502 2741 2780 2807 Ἰουδαίοις
2823 2746 3166 2816 πρόσκαιρος
3209 2749 3242 2817 ἠ
3284 2749 3587 2820 ἐρήμωσις,
3631 2751 3707 2814 ὡς

2123 2827 2282 2893 αὖθις
2310 2833 2408 2900 τῆς
2448 2833 2659 2898 πόλεως
2704 2835 2876 2906 αὐτῆς
2907 2837 3576 2912 ἀνοικοδομηθησομένης,
3611 2842 3706 2897 καὶ

2120 2920 2214 2974 τοῦ
2243 2923 2390 2993 ἱεροῦ
2429 2923 2960 2996 ἀνεγερθησομένου,
2985 2923 3074 2982 οἰα
3103 2931 3197 2983 καὶ
3223 2930 3413 2986 ἄλλοτε
3445 2928 3703 2986 πλειστά-

2122 3029 2208 3075 κις
2239 3014 2592 3084 συμϐέϐηκεν
2631 3015 2725 3070 ὲπί
2782 3035 2840 3071 τε
2874 3019 2953 3089 τῷ
3004 3021 3118 3089 ναῷ
3169 3025 3262 3076 καὶ
3291 3026 3358 3094 τῇ
3399 3024 3574 3088 πόλει,
3608 3025 3706 3078 έπ-

2122 3105 2296 3174 ήγαγε
2317 3123 2330 3135 ο
2369 3107 2477 3160 Καὶ
2507 3107 2618 3173 ἕως
2638 3113 2999 3179 συντελείας
3017 3115 3227 3182 καιροῦ
3252 3118 3574 3170 συντέλεια
3607 3117 3706 3172 δο-

2123 3195 2373 3264 θήσεται
2405 3198 2502 3252 ὲπί
2544 3200 2662 3270 τὴν
2680 3201 3016 3271 ἐρήμωσιν·
3052 3207 3354 3272 τουτέστιν,
3380 3208 3485 3272 ἓως
3516 3225 3706 3262 συντε-

430 3289 576 3343 lecto
606 3290 881 3344 visionum
909 3289 1196 3359 PrOphelm
1221 3291 1365 3345 libro
1399 3305 1411 3339 :
1443 3302 1709 3360 certoque
1745 3300 2010 3358 statuere,

2125 3257 2281 3357 ego,
2330 3289 2358 3340 ὁ
2402 3286 2560 3357 αἰὼν,
2600 3257 2884 3359 ξιενὲιῖιαι
2929 3257 3704 3366 ήιρῆμῴζτιξ,’ξιᾷἷξόεξδξᾷι

431 3381 568 3436 nihil
619 3382 870 3437 accidere
947 3399 1120 3447 casu,
1182 3398 1362 3452 neque
1428 3383 1661 3437 fortuito
1703 3391 1759 3438 et
1810 3392 2016 3438 temere

2125 3379 2285 3448 ταύτῃ
2329 3380 2482 3444 τέλος
2533 3380 2706 3449 ἔσται,
2746 3383 2836 3437 ὅτε
2879 3385 3065 3440 οὐκέτι
3091 3389 3283 3458 καιρὸς
3338 3388 3504 3460 ῆτὴν
3545 3389 3702 3443 πόλιν

432 3476 734 3544 quidquam
767 3475 902 3545 geri,
955 3476 1048 3529 sed
1081 3473 1432 3544 providentia
1480 3475 1670 3529 divina
1715 3476 2017 3545 gubernari

2125 3469 2439 3540 ἀναστῆναι,
2483 3471 2516 3542 ἦ
2561 3473 2653 3526 τὸν
2705 3476 2851 3528 vada.
2903 3478 3072 3532 Ταῦθ’
3100 3480 3129 3532 ὁ
3172 3481 3372 3553 Δανιὴλ
3419 3483 3549 3554 περί
3593 3483 3700 3536 τῶν

433 3571 646 3632 omnia,
681 3578 738 3622 et
775 3567 1004 3636 produci
1035 3567 1103 3621 ad
1129 3568 1362 3621 exitum.
1394 3568 1574 3635 Atque
1595 3567 1710 3621 hac
1739 3567 1814 3621 ita
1840 3582 1898 3620 se
1923 3566 2017 3620 ba-

2125 3561 2408 3630 ὁμοφύλων
2437 3563 2604 3616 αὑτοῦ
2647 3566 2904 3621 τεθέαται
2945 3571 3042 3623 καὶ
3090 3572 3391 3643 μεμύηται,
3418 3573 3559 3628 ἀλλά
3601 3574 3698 3628 καὶ

432 3657 587 3721 bent,
627 3667 684 3710 et
710 3657 814 3726 piis
849 3656 1167 3711 hominibus
1197 3671 1459 3726 persuasa
1489 3664 1638 3711 sunt.

2125 3653 2312 3723 ἑτέρας
2339 3656 2605 3720 ὀπτασίας
2640 3658 2876 3730 ἑώρακεν
2911 3663 3006 3716 καὶ
3040 3665 3292 3728 ἐνύπνια,
3329 3666 3516 3722 θεόθεν
3549 3666 3700 3734 αὐτῷ

431 3747 876 3818 προδηλουμένης
938 3748 1006 3800 δι’
1038 3748 1221 3800 αὐτῶν
1279 3749 1373 3817 τῆς
1429 3746 1732 3818 μελλούσης
1784 3744 2005 3800 ἔσεσθαι
2044 3746 2154 3802 τῶν
2228 3749 2515 3819 κοσμικῶν
2588 3753 2932 3821 πραγμάτων
2978 3755 3318 3828 μεταϐολῆς·
3360 3761 3455 3812 καὶ
3495 3759 3558 3812 οὐ
3600 3761 3702 3830 τῆς

433 3843 776 3908 ἀλλοιώσεως
817 3846 983 3916 μόνης
1011 3845 1227 3914 ἐμυεῖτο
1255 3844 1354 3914 τὴν
1387 3845 1718 3914 πρόγνωσιν,
1743 3841 1881 3896 ἀλλά
1946 3842 2041 3895 καὶ
2079 3845 2207 3907 τοὺς
2264 3846 2491 3916 καιροὺς
2525 3846 2648 3900 καθ’
2685 3846 2781 3910 οὓς
2804 3850 3310 3923 ἀποτελεσθήσεται
3339 3853 3570 3910 ἕκαστον
3599 3861 3696 3911 a6-

436 3944 569 4005 τῶν,
601 3940 931 4005 ἑδιδάσκετο,
966 3938 1001 3993 θ.
1030 3939 1300 4006 γνώσεται
1340 3937 1556 3999 πάντωέ
1599 3940 1626 3989 ὁ
1677 3936 2002 4008 βουλόμενος
2063 3936 2416 4010 τελεώτερον,
2459 3939 2634 3994 ἐπιὼν
2702 3940 2804 4012 τὴν
2871 3942 3056 4012 βίϐλον
3100 3946 3208 4000 τῶν
3258 3947 3354 4001 τοῦ
3407 3951 3691 4019 προφήτου

423 4037 698 4106 ὁράσεων,
718 4034 812 4086 καὶ
849 4031 1075 4102 βεϐαίαν
1102 4029 1253 4100 σχοίη
1287 4026 1594 4098 κατάληψιν
1663 4026 1937 4091 ἐντεῦθεν,
2009 4025 2087 4089 ὡς
2127 4027 2280 4080 οὐδὲν
2310 4029 2666 4100 ἀπρονόητον,
2714 4030 2824 4083 οὐδ’
2851 4033 2972 4100 εἰκῇ
3005 4033 3326 4105 φερόμενον,
3359 4039 3452 4091 καί
3477 4039 3554 4102 ώς
3575 4040 3700 4096 Ero.

427 4149 542 4207 χεν,
576 4129 712 4184 ἀλλὰ
755 4129 933 4180 πάντα
977 4126 1042 4195 τῇ
1085 4124 1207 4194 θείᾳ
1243 4122 1474 4194 προνοίᾳ
1505 4121 1600 4175 καὶ
1667 4119 2043 4192 κυϐερνῶνται
2082 4121 2178 4175 καὶ
2247 4120 2615 4191 διεξάγονται.
2648 4122 2838 4178 Ταῦτα
2872 4123 2973 4194 μὲν
3002 4121 3096 4179 οὗν
3141 4125 3318 4192 οὕτως
3347 4130 3552 4202 έχουσι,
3603 4135 3698 4190 καὶ

430 4228 543 4288 τοῖς
577 4223 826 4278 εὐσεϐέσι
856 4221 1194 4284 δοξάζονται.

499 4318 594 4372 Χι.
628 4316 797 4370 Nobis
814 4325 998 4369 autem
1017 4327 1119 4366 nec
1148 4309 1414 4381 viraginis
1439 4308 1676 4364 Juditlue
1707 4323 1795 4362 res
1846 4315 2014 4378 gestae

2192 4306 2296 4359 lA'.
2333 4304 2496 4374 Ἡμῖν
2525 4303 2582 4358 δὲ
2615 4305 2753 4376 μηδὲ
2781 4305 2850 4359 τὰ
2882 4307 3025 4362 κατά
3056 4308 3155 4380 τὴν
3181 4313 3554 4383 ὸρρενόςερονα
3584 4332 3693 4368 πα-

420 4420 557 4466 sunt
575 4406 966 4478 praetereunda
987 4403 1232 4466 silentio,
1250 4419 1372 4472 quae
1397 4402 1744 4471 llolopberne
1771 4400 2009 4464 sublato,

2125 4395 2440 4467 ραλειπτέον
2469 4397 2708 4464 γυναῖκα
2746 4397 2972 4468 Ἰουδὴθ,
3015 4400 3158 4470 ἢτὸν
3199 4401 3529 4474 Ὀλοφέρνην
3559 4403 3695 4457 ώλο-

420 4513 484 4556 et
512 4501 702 4554 urbem
739 4510 795 4552 et
840 4506 1060 4567 gentem
1100 4511 1254 4550 suam
1303 4495 1673 4550 conservavit.
1715 4493 1826 4548 Res
1874 4507 2010 4546 vero

2125 4487 2338 4558 θρευσε,
2377 4491 2472 4540 καὶ
2506 4485 2606 4557 τὴν
2667 4487 2824 4540 πόλιν
2881 4489 3056 4558 αὐτῆς
3108 4492 3202 4544 καὶ
3250 4492 3312 4546 τὸ
3357 4493 3509 4560 ἔθνος
3551 4497 3695 4551 ἅπαν

425 4597 504 4649 ita
536 4610 594 4647 se
619 4592 820 4646 habet:
844 4587 1351 4644 Nabuchodonosor
1373 4586 1720 4657 Assyriorum
1751 4601 1848 4638 rex
1869 4584 2009 4640 duo-

2125 4581 2402 4634 Βιέσωσεν.
2435 4579 2590 4650 Ἔχει
2626 4580 2817 4634 δὀὓτω
2843 4583 2912 4636 τά
2951 4583 3074 4636 κατ’
3104 4584 3298 4654 αὑτήν.
3340 4587 3428 4641 Ἐν
3458 4589 3570 4643 ἔτει
3595 4590 3695 4643 δωο

425 4685 649 4739 decimo
697 4682 850 4751 regni
887 4679 974 4734 sui
1026 4694 1171 4732 anno
1218 4677 1418 4732 bellum
1465 4677 1709 4745 suscepit
1745 4675 2011 4729 adversus

2125 4671 2331 4742 δεκάτῳ
2357 4672 2456 4742 τῆς
2487 4671 2772 4742 βασιλείας
2806 4672 2976 4727 αὑτοῦ
3015 4676 3044 4728 ό
3067 4675 3179 4729 τῶν
3219 4677 3523 4749 Ἀσσυρίων
3561 4681 3696 4751 ἀρχ-

427 4773 820 4844 Arphaxadum
873 4787 1052 4840 regem
1086 4771 1405 4835 Medorum,
1456 4769 1704 4824 ﬁnitimis
1743 4769 2000 4838 gentibus

2125 4765 2243 4834 τιγδς
2295 4763 2771 4836 Ναϐουχοδονόσορ
2811 4765 2949 4835 πρὸς
2994 4765 3271 4838 ’Δρεραξάδ
3313 4769 3405 4823 τὸν
3468 4771 3692 4841 βασιλέα

426 4869 485 4923 in
515 4865 778 4919 auxilium
809 4863 1054 4917 evocatis
1088 4882 1100 4917 :
1131 4864 1274 4932 quod
1303 4877 1428 4916 cum
1461 4868 1519 4914 et
1556 4861 1676 4915 alia:
1721 4861 1909 4930 plures
1955 4868 2014 4915 et

2125 4857 2304 4927 Μῆδον
2336 4856 2508 4927 ἤρατο
2541 4855 2800 4926 πόλεμον,
2831 4857 3018 4910 καὶτὰ
3047 4858 3207 4927 πέριξ
3234 4860 3360 4931 ἔθνη
3393 4863 3530 4932 πρὸς
3551 4879 3690 4934 συμ.

425 4961 598 5016 ειυόωί
643 4963 952 5026 negassent,
1007 4962 1258 5008 recusata
1308 4951 1438 5008 belli
1491 4951 1776 5016 societate,
1821 4951 2013 5005 Nabu-

2125 4945 2322 5015 μαχίαν
2357 4943 2525 4997 αὑτοῦ
2577 4944 2971 5015 μετεκέκλητο.
3005 4946 3227 5001 Πολλῶν
3259 4947 3304 5001 δ’
3341 4949 3566 5020 ἑτέρων,
3596 4953 3694 5004 καὶ

426 5049 783 5106 chodonosor
827 5047 1025 5109 iratus,
1066 5043 1276 5115 juravit
1319 5059 1377 5098 se
1409 5041 1668 5098 confecto
1710 5041 1854 5096 bello
1902 5041 2017 5096 Me-

2125 5035 2298 5088 ιύτῶν
2344 5034 2612 5089 Ἰουδαίων
2658 5037 2758 5106 τὴν
2797 5037 3136 5108 πρόσκλησιν
3185 5041 3262 5110 μὴ
3317 5041 3693 5113 καταδεξαμέ-

423 5145 552 5198 ilico
585 5142 906 5194 invasurum
941 5136 1210 5201 (Siciliam,
1245 5135 1603 5198 Damascum,
1637 5133 1848 5204 Syriam
1869 5171 1886 5197 ,
1915 5131 2016 5187 Ju-

2125 5143 2242 5192 νων,
2270 5125 2366 5178 καὶ
2405 5126 2466 5178 τὺ
2497 5129 2861 5198 συμμαχῆσαι
2884 5130 2933 5182 οἰ
2971 5132 3389 5200 ἀπειπαμένων,
3418 5135 3446 5187 ὁ
3479 5134 3694 5189 Ναϐου-

427 5237 598 5290 diram
621 5242 679 5286 et
703 5230 1017 5301 :Egyptum,
1048 5228 1306 5295 ferroque
1344 5234 1402 5280 et
1433 5226 1558 5296 igne
1585 5232 1927 5277 vastaturum
1959 5228 2014 5275 et

2125 5218 2400 5289 (σδονύσορ
2439 5217 2762 5291 ὲξώργιστο,
2803 5214 2906 5274 καί
2939 5221 3174 5293 ὤμοσεν,
3211 5219 3400 5296 ἦμὴν,
3433 5227 3524 5279 τὺν
3553 5229 3692 5301 πρὸς

427 5339 777 5382 eversurum.
806 5323 979 5392 Igitur
1025 5319 1355 5390 Arphaxado
1381 5317 1539 5372 Medo
1586 5316 1702 5371 acie
1751 5322 2012 5382 superato

2125 5309 2232 5371 τοὺς
2273 5308 2488 5378 Μήδους
2508 5310 2715 5373 ἀνύσας
2747 5311 3009 5383 πόλεμον,
3038 5315 3288 5370 ἐπελθεῖν
3319 5319 3458 5372 κατά
3492 5335 3551 5372 τε
3584 5322 3686 5378 Κι-

426 5428 482 5472 ct
520 5424 679 5485 capto
722 5424 888 5484 atque
937 5412 1249 5477 interfecto,
1299 5424 1424 5465 cum
1476 5407 1690 5465 ueteris
1730 5405 2006 5468 urbibus,

2125 5401 2286 5464 ιικίας
2320 5400 2416 5455 καὶ
2440 5402 2756 5472 Δαμασκοῦ,
2785 5405 2879 5458 καὶ
2902 5405 3125 5476 Συρίας,
3155 5408 3248 5462 καὶ
3288 5409 3571 5480 Ἰουδαίας,
3589 5413 3682 5466 καὶ

500 5528 545 5559 ⁸³
567 5527 700 5581 Luc.
728 5541 850 5591 xm,
881 5524 971 5579 55.

1617 5651 1817 5714 Variae
1851 5648 2160 5712 lectiones
2204 5653 2267 5710 et
2299 5652 2496 5710 notae.

502 5789 610 5862 (86)
651 5787 963 5852 Βδέλυγμα
989 5785 1440 5857 λογισθήσεται,
1459 5781 1497 5849 ἢ
1524 5781 1636 5834 ὅτι.
1674 5774 2017 5833 ’Λνανταπόδι

503 5878 590 5916 um
623 5861 796 5914 deest.
827 5859 920 5916 W.

2125 5792 2139 5832 ν
2185 5783 2300 5844 est,
2333 5783 2429 5830 aut
2463 5775 2548 5842 τὸ,
2603 5774 2662 5844 ἢ,
2735 5773 3029 5845 redundat,
3068 5785 3164 5832 aut
3232 5776 3466 5834 alterum
3512 5793 3689 5834 mem-

431 5862 590 5918 brum
623 5862 796 5914 deest.
827 5862 920 5916 W.
