4092 6422
404 443 513 510 261
1673 430 2089 500 ANNALIUM
2128 436 2279 502 LIB.
2325 430 2477 500 111..
3572 447 3682 513 262

408 558 515 628 τῆς
541 553 850 626 Αἰγύπτου,
883 551 982 607 καὶ
1012 549 1223 625 δῃῶσαι
1261 548 1453 616 αὑτὰς,
1496 550 1593 604 καὶ
1629 548 1995 621 ἐκωρθῆσαι,

2117 558 2222 605 tum
2259 547 2395 620 ipsis
2421 544 2721 606 Ecbatanis
2758 548 2907 622 regia
2954 546 3103 607 illius
3130 551 3359 623 potitus,
3397 556 3682 627 copiarum

405 649 505 704 καὶ
533 651 617 714 εἰς
648 649 930 721 ἐρήμωσιν
958 644 1213 716 ἀγαγεῖν.
1246 642 1714 714 ’Δντιταξάμενος
1743 636 1838 697 οὖν
1855 643 1993 714 πρὸς

2117 656 2322 698 suarum
2355 641 2751 713 imperatorem
2773 642 3187 716 Holophernem
3206 646 3383 717 jubet,
3402 650 3685 724 sejureju-

421 738 700 814 Ἀρφαξάδ
716 738 805 792 τὸν
825 734 1030 807 Μῆδον,
1050 735 1147 789 καὶ
1173 735 1315 788 κατὰ
1335 734 1539 805 κράτος
1553 731 1749 786 τούτου
1772 746 1997 803 περιγε-

2117 735 2272 790 'ando
2312 728 2473 806 139
2499 750 2610 806 quo
2644 736 2762 804 ipse
2793 750 2913 792 sese
2956 737 3372 806 obstrinxerat,
3414 742 3627 799 solvere
3667 763 3683 799 :

407 832 657 903 νόμενος,
691 828 800 881 τῶν
831 827 1012 882 ἄλλων
1030 842 1089 879 τε
1122 824 1333 879 πόλεων
1358 824 1526 878 αὐτοῦ
1559 823 1864 895 κρατήσας,
1902 821 1997 876 καὶ

2117 834 2155 882 ιι
2184 838 2307 882 cum
2340 828 2555 900 magnis
2581 829 2758 900 copiis
2785 829 2854 886 iis
2885 830 3090 887 inferre
3115 831 3342 899 bellum,
3371 835 3464 904 qui
3489 835 3685 891 Medici

408 921 521 976 τῶν
562 918 912 974 Ἐκϐατάνων
942 914 1145 984 αὐτῶν,
1186 915 1315 971 ἔνθα
1340 912 1483 988 ἦσαν
1511 915 1594 987 τῷ
1634 913 1910 986 ’Δρφαξὰδ
1929 912 1999 967 τὰ

2117 917 2234 972 ιοΙΙί
2264 918 2584 975 societatem
2621 920 3057 989 detrectassent,
3100 925 3448 980 conservatis
3480 927 3545 982 iis
3588 929 3685 998 qui

415 1011 688 1081 βασίλεια,
708 1010 962 1073 κᾴκεῖνον
975 1008 1191 1085 ἐλώιιτε
1216 1009 1310 1062 καὶ
1333 1006 1563 1074 ἀνελὼν,
1577 1006 1669 1061 τὸν
1698 1005 2002 1079 ἀρχιστρά-

2117 1020 2161 1063 se
2190 1006 2480 1075 dederent,
2505 1022 2811 1080 eorumque
2847 1011 3079 1067 urbibus
3106 1013 3311 1080 illaesis,
3343 1015 3692 1071 contumaci-

411 1121 585 1177 τηγον
616 1104 719 1174 τῆς
737 1103 947 1167 οἰκείας
971 1102 1257 1172 δυνάμεως
1280 1099 1521 1164 καλέσας
1543 1097 1891 1171 Ὀλοιρέρνην,
1917 1100 2003 1152 ἐν·

2117 1101 2208 1153 bus
2239 1112 2372 1154 vero
2400 1115 2511 1154 non
2536 1101 2899 1171 parcendum,
2933 1103 3030 1158 sed
3079 1114 3136 1159 et
3183 1105 3334 1176 ipsos
3367 1107 3685 1175 caedendos,

413 1197 663 1252 ετεξλατό
683 1198 733 1250 ot
747 1196 838 1250 τὸν
854 1196 1018 1267 ὅρκον
1032 1192 1092 1248 δν
1109 1193 1325 1266 ὤμοσεν
1347 1192 1726 1265 ἐκπληρῶσαι,
1752 1195 1849 1247 καὶ
1861 1192 2003 1247 κατὰ

2117 1199 2160 1245 at
2193 1190 2360 1246 urbes
2397 1205 2588 1247 eorum
2619 1192 2959 1264 diripiendas
2987 1211 3051 1251 ac
3080 1198 3380 1253 vastandas
3412 1210 3555 1255 esse.
3594 1197 3691 1257 His

412 1289 528 1342 τῶν
566 1287 645 1360 μὴ
668 1285 1016 1358 θελησάντων
1038 1285 1402 1357 συμμαχῆσαι
1430 1283 1583 1355 αὑτῷ
1619 1284 1829 1339 ἐπιόντι
1863 1282 2004 1338 κατὰ

2117 1283 2381 1339 mandatis
2405 1285 2667 1356 acceptis,
2687 1284 3072 1358 Relaphernes
3095 1298 3323 1347 caeteras
3339 1302 3533 1364 gentes
3576 1302 3689 1349 tra-

416 1379 528 1433 τῶν
558 1379 781 1450 Μήδων,
812 1376 1213 1450 ἐκστρατεῦσαι
1265 1376 1403 1449 μετὰ
1435 1376 1663 1447 βαρείας
1699 1377 2002 1447 δυνάμεως,

2117 1374 2276 1428 ctavit
2308 1383 2370 1429 ut
2411 1376 2599 1446 jussus
2641 1385 2781 1433 erat.
2814 1378 3092 1435 lsraelitas
3141 1390 3328 1434 autem
3378 1382 3549 1438 armis
3596 1397 3692 1453 ag-

419 1470 666 1534 καὶτοὺς
709 1470 809 1541 μὲν
845 1470 961 1523 ὅσοι
996 1468 1226 1531 ἑαυτοὺς
1252 1466 1407 1539 αὐτῷ
1446 1467 1837 1536 ὑποτάσσουσι,
1890 1468 2006 1522 δια-

2117 1480 2404 1536 gressurus
2478 1467 2681 1538 (neque
2746 1470 2897 1525 enim
2950 1471 3102 1526 illius
3126 1472 3253 1528 ﬁdei
3296 1474 3576 1544 supplices
3631 1489 3692 1531 se

417 1561 684 1634 τηρῆσαι,
715 1562 813 1616 καὶ¹
841 1561 943 1626 τὰς
985 1560 1176 1625 πόλεις
1215 1560 1398 1614 αὐτῶν
1447 1559 1791 1634 ἀπορθήτους
1820 1561 2004 1627 ἐάσαι,

2117 1557 2551 1630 committebant)
2582 1562 2829 1633 rogabat,
2859 1564 3084 1632 quinam
3118 1564 3199 1619 illi
3232 1576 3422 1621 essent
3447 1607 3461 1632 ,
3498 1576 3555 1622 et
3584 1582 3694 1638 qua

418 1654 532 1707 τῶν
560 1653 607 1708 δ’
647 1652 1022 1708 ἀπειθούντων
1069 1653 1144 1725 μὴ
1178 1652 1493 1723 φείσασθαι,
1552 1653 1690 1710 ἀλλὰ
1740 1654 1865 1719 τοὺς
1909 1655 2010 1727 μὲν

2117 1659 2172 1704 re
2226 1646 2352 1705 freti
2402 1650 2765 1709 resisterent?
2812 1652 2952 1709 Tum
3002 1657 3207 1713 Acbior
3256 1657 3691 1718 Ammanitarum

421 1743 757 1817 ἀνθρώπους
776 1743 855 1815 τῷ
898 1744 1045 1814 ξίφει
1060 1744 1392 1815 ὑπαγαγεῖν,
1414 1745 1515 1810 τὰς
1535 1746 1593 1800 δὲ
1624 1746 1809 1812 πόλεις
1830 1746 2012 1804 αὐτῶν

2117 1740 2394 1812 princeps,
2443 1750 2501 1798 et
2543 1745 2810 1816 originem
2840 1760 3034 1804 eorum
3068 1749 3185 1817 illi,
3221 1759 3277 1805 et
3305 1765 3415 1821 qua
3472 1752 3693 1808 ratione

420 1837 675 1892 ἐκδοῦναι
712 1836 794 1900 είς
817 1834 1132 1909 διαρπαγὴν
1190 1838 1288 1892 καὶ
1317 1840 1396 1903 είς
1420 1836 1663 1910 ὄλεθρον.
1709 1840 1768 1894 '0
1801 1841 1901 1911 μὲν
1916 1836 2011 1895 οὖν

2117 1832 2285 1889 urbes
2316 1835 2440 1891 illas
2472 1836 2634 1892 initio
2664 1850 3048 1910 occupassent,
3080 1852 3136 1897 et
3159 1842 3309 1899 vires
3335 1843 3430 1899 Dei
3470 1844 3695 1899 illorum

418 1904 923 2000 Ναϐουχοδονόσορ
958 1904 1189 1983 τοιαύτα
1254 1922 1338 2001 τῷ
1403 1904 1814 2005 ἀρχισατράπη
1840 1931 2007 1988 αὐτοῦ

2117 1936 2385 1984 recenset.
2406 1927 2505 1985 His
2530 1930 2755 2003 subjicit
2779 1904 2969 1988 :iVunc
2985 1904 3152 2006 igitur
3171 1934 3569 1991 deliberandum
3593 1945 3692 2014 est.

419 2022 753 2077 ἐνετείλατο.
789 2020 1126 2093 Ὀλοφέρνης
1158 2018 1218 2075 δὲ
1262 2021 1692 2093 ἐκστρατεύσας,
1742 2027 1838 2079 καὶ
1894 2028 2009 2090 τοῖς

2117 2018 2253 2075 Nam
2272 2022 2320 2076 si
2349 2018 2459 2077 Deo
2483 2039 2579 2077 suo
2604 2035 2971 2095 peccaverunt,
3002 2028 3365 2095 ascendemus,
3384 2046 3573 2100 eosque
3603 2034 3697 2085 de-

418 2113 606 2169 ἔθνεσι
637 2113 762 2169 καθ’
791 2107 869 2169 ὧν
891 2112 1206 2169 ἀπέσταλτο
1224 2111 1493 2182 ἐπελθὼν,
1520 2116 1646 2180 τοὺς
1678 2115 1779 2187 μὲν
1814 2116 2010 2182 ἄλλους

2117 2111 2428 2169 bellabimus
2453 2129 2472 2169 :
2497 2116 2581 2170 sin
2604 2117 2802 2187 minus,
2835 2127 3118 2190 praetereat
3147 2119 3403 2177 Dominus
3435 2139 3600 2187 meus,
3633 2139 3700 2178 ne

420 2206 570 2261 κατὰ
606 2208 677 2261 τὰ
702 2205 1076 2278 ἐντεταλμένα
1102 2202 1340 2262 διέθετο.
1377 2206 1506 2261 ’Ettl
1533 2206 1593 2263 δέ
1619 2208 1750 2273 τοὺς
1789 2209 2010 2282 Ἰσραη-

2117 2205 2249 2276 forte
2278 2205 2386 2262 illis
2437 2225 2469 2263 a
2505 2206 2613 2263 Deo
2649 2221 2745 2264 suo
2785 2211 3033 2281 defensis,
3069 2229 3162 2268 nos
3197 2230 3530 2284 caperemur.
3567 2215 3700 2283 Quae

419 2297 580 2361 λιτας
620 2295 840 2368 μέλλων
873 2295 1216 2366 στρατεύειν,
1248 2296 1347 2352 καὶ
1370 2297 1512 2353 ὅπλα
1559 2302 1682 2354 κατ’
1710 2299 1889 2355 αὐτῶν
1921 2302 2009 2355 at-

2117 2306 2236 2353 oum
2263 2298 2469 2357 Achior
2489 2299 2739 2368 dixisset,
2769 2304 3150 2375 Holopliernes
3172 2306 3251 2359 ira
3269 2307 3513 2376 percitus
3534 2308 3701 2363 satel-

424 2406 544 2461 ρειν
597 2392 682 2462 (ού
736 2389 846 2461 γὰρ
909 2389 1228 2463 προσῄεσαν
1287 2390 1439 2463 αὐτῷ
1498 2391 1612 2447 οὐδ’
1640 2392 2007 2463 ὑπέκυπτον),

421 2482 593 2554 ἡρετο
624 2481 772 2546 τίνες
803 2476 973 2551 οὗτοι,
1002 2485 1098 2538 καὶ
1124 2482 1235 2555 ὔτῳ
1270 2482 1602 2556 θαρροῦντες
1633 2483 2008 2552 ἀνθίστανται;

423 2575 525 2630 καὶ
551 2568 710 2631 εἶπεν
742 2576 891 2647 αύτῷ
929 2574 1134 2650 ’Δχιὼρ
1158 2579 1186 2632 ὁ
1208 2572 1319 2632 τῶν
1348 2579 1485 2633 υἱῶν
1517 2575 1747 2649 ’Δμμὼν
1767 2578 2012 2649 ἀρχηγὸς

421 2668 525 2738 τήν
551 2684 612 2721 τε
648 2669 1004 2738 γενεαλογίαν
1031 2669 1238 2738 αὐτῶν,
1268 2671 1364 2724 καὶ
1393 2670 1545 2734 ὅπως
1580 2671 1661 2733 είς
1700 2670 1799 2733 τὰς
1824 2669 2011 2734 πόλεις

423 2761 645 2825 ὲκείνας
692 2760 755 2827 ἐξ
809 2762 988 2833 ἀρχῆς
1066 2763 1511 2836 κατῳκίσθησαν,
1559 2764 1654 2817 καὶ
1700 2762 1793 2816 τοῦ
1858 2762 2011 2834 σφῶν

423 2848 564 2908 Θεοῦ
600 2854 700 2925 τὴν
721 2854 895 2925 ἰσχύν.
931 2851 1068 2911 Εἶτα
1093 2857 1364 2927 ἐπήγαγεν
1393 2856 1524 2911 Νῦν
1552 2851 1668 2911 οὖν
1686 2855 2010 2922 σκεπτέον,

423 2940 525 3001 καὶ
553 2951 608 3001 ει
637 2946 757 3017 μὲν
806 2949 897 3013 εις
926 2947 1036 3015 Δτὸν
1079 2949 1231 3003 Θεὸν
1284 2946 1486 3004 αὐτῶν
1539 2947 2010 3020 ἁμαρτάνουσιν,

421 3039 877 3109 ἀναϐησόῃεθὲι,
926 3039 1026 3096 καὶ
1087 3040 1591 3112 ἐκπολεμήσομεν
1636 3040 1863 3108 αὐτούς
1894 3054 1910 3073 ’
1959 3043 2012 3095 sl

422 3132 478 3187 δ’
511 3135 588 3189 οὐ
644 3134 850 3201 τοῦτο,
881 3134 1225 3204 παρελθέτω
1253 3136 1287 3189 ὁ
1310 3134 1529 3203 Κύριός
1561 3150 1701 3205 μου,
1735 3133 1822 3204 μή
1867 3146 2016 3187 ποτε

2110 2388 2238 2447 lites
2264 2391 2423 2463 jubet
2450 2393 2745 2449 Acbiorem
2785 2395 3033 2451 vinctum
3068 2397 3286 2454 tradere
3320 2398 3606 2463 Israelitis,
3637 2407 3700 2455 ut

2112 2497 2240 2538 cum
2266 2483 2376 2539 illis
2389 2495 2582 2555 captus
2598 2487 2871 2557 supplicio
2893 2488 3225 2546 alliceretur.
3254 2490 3563 2547 Bethuliam
3595 2491 3698 2547 ita-

2112 2592 2221 2646 que
2246 2576 2561 2648 perducunt
2604 2574 2908 2644 hominem,
2939 2590 2996 2637 et
3028 2597 3153 2636 cum
3186 2581 3256 2637 ab
3287 2581 3580 2652 oppidanis
3610 2599 3702 2638 sa-

2112 2669 2266 2740 gittis
2295 2678 2352 2725 et
2384 2669 2572 2726 fundis
2601 2678 2945 2741 peterentur,
2978 2673 3218 2729 Acbiore
3248 2674 3433 2730 vincto
3456 2674 3512 2729 in
3541 2691 3699 2729 mon-

2116 2762 2185 2816 tis
2221 2760 2500 2818 radicibus
2542 2763 2780 2835 abiecto,
2822 2765 3128 2822 redierunt.
3161 2766 3300 2822 Eum
3331 2766 3596 2838 oppidani
3641 2768 3697 2822 in

2114 2853 2308 2909 urbem
2337 2854 2766 2911 introduxerunt
2806 2875 2820 2910 :
2853 2865 2907 2912 et
2930 2859 3147 2929 cognita
3177 2874 3245 2914 ex
3271 2875 3340 2915 eo
3382 2860 3532 2915 illius
3565 2860 3700 2916 facti

2115 2958 2301 3010 causa,
2337 2945 2512 3001 Deum
2547 2945 2824 3003 vindicem
2855 2947 3210 3005 invocarunt.
3233 2949 3506 3006 Postridie
3530 2951 3700 3006 Holo-

2114 3035 2356 3106 phernes
2377 3035 2554 3107 copiis
2568 3036 2636 3091 ad
2663 3036 2972 3094 Bethuliam
3003 3040 3275 3107 adductis,
3301 3040 3549 3112 peditum
3572 3058 3703 3098 cen-

2118 3134 2233 3182 tum
2257 3136 2313 3183 et
2332 3132 2702 3200 septuaginta,
2735 3139 2791 3185 et
2816 3130 3066 3202 equitum
3107 3130 3401 3187 duodecim
3432 3132 3699 3201 millibus,

422 3230 821 3296 ὐπερασπίσῃ
846 3226 1049 3282 αὐτῶν
1083 3231 1116 3282 ό
1144 3226 1288 3294 Θεὸς
1319 3225 1543 3289 αὐτῶν.
1605 3226 1708 3282 καὶ
1748 3225 2015 3310 ἡττηθῶ-

2117 3227 2297 3273 castra
2325 3219 2493 3275 locat.
2530 3220 2738 3275 Deinde
2762 3222 2956 3277 statuit
2983 3235 3094 3278 non
3125 3234 3319 3294 gerere
3343 3223 3570 3289 bellum,
3601 3224 3701 3280 sed

417 3336 558 3389 μεν.
587 3319 775 3374 Ταῦτα
805 3319 902 3373 τοῦ
930 3320 1137 3391 Ἀχιὼρ
1168 3318 1438 3386 εἰπόντος,
1461 3319 1491 3372 ὁ
1512 3318 1841 3392 Ὀλοφέρνης
1853 3317 2015 3391 θυμῷ

424 3411 657 3484 ληφθεὶς
686 3410 943 3466 ἐκέλευσε
979 3411 1100 3476 τοῖς
1146 3410 1501 3483 παρεστῶσιν
1538 3412 1690 3483 αὐτῷ
1726 3411 1895 3483 δῆσαι
1924 3415 2015 3467 τὸν

435 3503 663 3575 ’Δχιὼρ,
690 3505 786 3558 καὶ
827 3506 1166 3574 ἀπαγαγεῢο,
1189 3504 1287 3557 καὶ
1319 3503 1663 3573 παραδοῦναι
1716 3506 1832 3569 τοῖς
1879 3506 2018 3568 υἱοῖς

436 3596 675 3668 Ἰσραὴλ,
710 3596 799 3649 ἶνα
824 3594 922 3649 σὺν
979 3596 1214 3660 ἐκείνοις
1242 3593 1473 3667 ληφθεὶς
1538 3595 1806 3669 κολασθῇ.
1842 3596 1908 3651 οι
1961 3596 2018 3650 δὲ

428 3686 791 3753 συλλαϐόντες
822 3686 916 3741 τδν
940 3686 1110 3758 ἄνδρα
1143 3687 1440 3760 ἀπήγαγον
1506 3688 1589 3752 είς
1653 3682 2014 3746 Βαιτουλουά.

426 3783 543 3838 Kal
576 3782 628 3836 οἱ
652 3782 752 3851 τῆς
784 3779 996 3845 πόλεως
1037 3780 1360 3851 σφενδόναις
1390 3782 1523 3846 τοὺς
1554 3782 1886 3855 προσιόντας
1919 3782 2019 3835 καὶ

428 3875 648 3947 βέλεσιν
678 3874 926 3932 ἔϐαλλον.
994 3876 1259 3929 Κάκεῖνοι
1312 3875 1407 3930 τὸν
1468 3875 1675 3947 Ἀχιὼρ
1734 3875 2020 3947 δεδεμένον

427 3967 661 4042 ἔρριψαν
688 3968 797 4023 ὑπὸ
857 3968 958 4041 τὴν
1006 3967 1311 4039 ὑπώρειαν,
1357 3966 1455 4022 καὶ
1526 3967 1901 4040 ὑπέστρεψαν.
1953 3968 2018 4023 Gl

427 4060 486 4115 δὲ
540 4060 642 4131 τῆς
690 4059 903 4123 πόλεως
974 4058 1170 4130 ἄνδρες
1236 4059 1606 4126 καταϐάντες,
1676 4059 1875 4113 ἔλυσαν
1926 4060 2020 4114 τὸν

440 4148 669 4223 ’Δχιὼρ,
706 4150 802 4205 καὶ
828 4153 910 4215 εἰς
927 4149 1026 4222 τὴν
1068 4149 1340 4221 σφετέραν
1380 4150 1539 4205 πόλιν
1559 4151 1877 4221 ἀπήγαγον,
1921 4149 2021 4203 καὶ

424 4244 481 4298 τί
501 4248 563 4300 τὸ
592 4263 654 4300 συ
663 4244 945 4318 μδεϐηκὺς
977 4236 1364 4310 ἐπυνθάνοντο,
1377 4244 1472 4298 καὶ
1488 4243 1545 4307 δς
1572 4245 1761 4307 αὐτοῖς
1792 4240 2010 4298 ἅπαντα

2116 3306 2300 3365 fontes
2328 3323 2626 3381 occupare,
2666 3309 2815 3367 unde
2852 3324 3216 3382 aquarentur,
3244 3322 3308 3369 ut
3337 3322 3434 3368 aut
3472 3313 3565 3369 siti
3603 3329 3701 3384 pe-

2114 3401 2314 3468 rirent,
2358 3410 2455 3457 aut
2487 3402 2682 3458 urbem
2713 3404 2995 3461 traderent
3025 3422 3039 3460 :
3070 3417 3395 3478 partemque
3424 3409 3704 3463 exercitus

2114 3498 2183 3554 ad
2212 3497 2521 3555 custodiam
2555 3513 2827 3569 aquarum
2860 3499 3051 3556 mittit.
3082 3499 3163 3555 Ita
3202 3514 3325 3555 cum
3362 3499 3563 3556 diebus
3597 3501 3701 3555 tri—

2115 3591 2268 3663 ginta
2302 3601 2546 3663 quatuor
2585 3592 2656 3649 ab
2686 3592 2942 3649 hosﬁbus
2969 3593 3525 3661 circumsiderentur,
3557 3606 3701 3664 aqua

2117 3684 2370 3740 destituti
2406 3685 2576 3752 cives,
2603 3686 2957 3756 magistratus
2979 3686 3207 3754 adeunt,
3233 3694 3489 3757 petentes
3513 3695 3573 3741 ut
3605 3702 3702 3741 ur-

2116 3776 2243 3833 bem
2282 3786 2339 3832 et
2370 3790 2493 3834 sese
2517 3776 2805 3846 dederent,
2848 3787 2909 3834 ut
2949 3786 3044 3834 aut
3086 3778 3397 3835 conservati
3427 3780 3708 3834 servirent

2116 3867 2393 3937 hostibus,
2426 3879 2521 3925 aut
2552 3870 2724 3927 occisi
2767 3872 2931 3927 malis
2982 3871 3381 3927 liberarentur.
3411 3872 3572 3929 Ozias
3600 3887 3704 3928 au-

2118 3970 2228 4018 tem
2261 3964 2503 4019 civitatis
2533 3963 2794 4036 princeps
2830 3979 2845 4016 :
2881 3962 3128 4030 Fratres,
3163 3966 3365 4035 inquit,
3395 3967 3506 4021 dies
3534 3966 3707 4021 adhuc

2115 4061 2349 4131 quinque
2405 4066 2760 4130 exspectemus
2799 4074 2818 4112 :
2862 4058 3003 4128 quod
3045 4058 3093 4112 si
3140 4058 3387 4113 divinitus
3438 4056 3705 4113 auxilium

2117 4149 2267 4205 nobis
2294 4148 2529 4203 oblatum
2559 4143 2741 4218 fuerit,
2773 4149 2901 4204 bene
2928 4151 3066 4216 erit;
3089 4149 3174 4203 sin
3207 4150 3401 4218 minus,
3426 4148 3705 4204 consilium

2118 4250 2352 4297 oestrum
2391 4252 2670 4312 exsequar.

425 4337 755 4410 διηγήσατο.
809 4339 874 4392 Οἱ
930 4338 991 4393 δὲ
1012 4338 1105 4392 τὸν
1138 4340 1275 4394 Θεὸν
1301 4339 1534 4395 ἐκάλουν
1552 4341 1632 4406 εἰς
1658 4341 1901 4408 ἄμυναν.
1929 4334 2009 4410 Τῇ
2043 4332 2243 4407 δ’,ἐξῆς
2272 4334 2605 4407 Ὀλοφέρνης
2640 4326 2779 4407 ἦγεν
2802 4336 2897 4389 ἐπὶ
2927 4334 3266 4390 Βαιτουλουὰ
3293 4335 3394 4407 τὴν
3416 4334 3704 4407 στρατιὰν,

426 4434 677 4506 χιλιάδας
705 4428 873 4489 οὖσαν
903 4432 1086 4499 πεζῶν
1117 4433 1318 4489 ἐκατδν
1354 4433 1754 4506 ἐϐδομήκοντα,
1786 4433 1884 4488 καὶ
1917 4433 2133 4488 ἱππέων
2158 4432 2412 4506 χιλιάδας
2440 4429 2676 4499 δώδεκα,
2715 4431 2889 4503 χωρὶς
2921 4431 3032 4486 τῶν
3065 4431 3166 4502 τῆς
3213 4431 3554 4505 ἀποσκευῆς,
3613 4434 3706 4487 καὶ

426 4531 977 4600 ἐστρατοπεδεύσατο
1028 4530 1161 4600 παρ’
1182 4528 1346 4601 αὐτῇ.
1398 4524 1535 4584 Εῐτα
1574 4527 1718 4599 ἔγνω
1768 4528 1845 4601 μὴ
1877 4529 2163 4601 πολεμεῖν,
2196 4528 2334 4582 ἀλλὰ
2381 4529 2452 4583 τά
2507 4526 2681 4583 ὕδατα
2712 4527 3181 4601 προκαταλαϐεῖν,
3211 4527 3337 4583 ὅθεν
3394 4526 3705 4600 ὑδρεύοντο,

431 4625 501 4677 ἶν’
522 4622 841 4687 ἐκλιπόντες
872 4627 938 4696 τῇ
972 4623 1104 4697 δίψῃ
1152 4620 1558 4694 διαφθαρῶσιν,
1582 4624 1616 4696 ἢ
1637 4622 1737 4695 τὴν
1759 4624 1918 4678 πόλιν
1944 4624 2098 4695 αὐτῷ
2128 4622 2544 4698 παραδώσουσι.
2588 4623 2699 4676 Καὶ
2726 4623 3064 4696 περιέστησε
3097 4623 3267 4696 μέρος
3314 4622 3412 4695 τῆς
3444 4625 3706 4695 στρατιᾶς

426 4720 544 4782 τοῖς
575 4717 731 4773 ὕδασι
761 4717 1033 4790 φύλακας.
1056 4714 1190 4771 Ἐπὶ
1237 4717 1295 4771 δὲ
1319 4716 1588 4789 τέσσαρσι
1622 4719 1718 4772 καὶ
1744 4718 2046 4791 τριάκοντα
2072 4718 2315 4791 ἡμέραις
2354 4716 2851 4789 παρακαθημένων
2891 4719 3004 4773 τῶν
3032 4720 3292 4775 ἐναντίων
3322 4720 3546 4786 αὐτοὺς,
3585 4718 3707 4785 ἐξέ-

427 4810 557 4862 λιπε
584 4810 739 4880 σφίσι
762 4811 823 4864 τὸ
859 4809 1029 4881 ὕδωρ,
1066 4810 1164 4863 καὶ
1194 4807 1463 4880 ἡθροίσθη
1494 4809 1633 4881 πρὸς
1661 4810 1792 4873 τοὺς
1832 4811 2103 4883 ἄρχοντας
2132 4811 2161 4862 ὁ
2186 4809 2337 4875 λαὸς,
2354 4811 2448 4864 καὶ
2480 4806 2669 4879 ἠξίουν
2708 4810 2967 4867 ἐκδοῦναι
2983 4813 3081 4884 τὴν
3103 4813 3261 4867 πόλιν
3283 4817 3397 4877 τοῖς
3416 4814 3707 4876 ἐναντίοις,
3767 4827 3775 4837 ‘

427 4907 529 4959 καὶ
561 4906 812 4970 ἑαυτοὺς,
841 4903 907 4958 ἶν’
940 4904 975 4976 ἢ
1005 4903 1372 4958 δουλεύσωσιν
1409 4904 1665 4969 ἐκείνοις,
1698 4902 1795 4959 καὶ
1822 4902 2125 4975 ζήσωνται,
2176 4905 2209 4972 ἢ
2235 4905 2691 4975 κατασφαγέντες
2725 4906 3085 4976 ἀπαλλαγῶσι
3116 4909 3226 4962 τῶν
3259 4905 3487 4962 ὀδυνῶν.
3521 4906 3709 4971 Ὀζίας

428 4999 488 5054 δὲ
509 4999 538 5052 ὁ
569 4998 679 5051 τῶν
713 4999 815 5067 τῆς
845 4999 1055 5062 πόλεως
1086 4997 1406 5070 πρόκριτος,
1430 4996 1582 5064 Ἔτι,
1611 4994 1788 5064 εἶπεν,
1821 4999 2077 5069 ἀδελφοὶ
2114 5001 2418 5070 μείνωμεν
2440 4999 2623 5055 πέντε
2650 5000 2899 5070 ἡμέρας,
2937 5001 3039 5056 καὶ
3068 5002 3122 5055 εὶ
3140 4999 3262 5071 μὲν
3290 5000 3425 5070 ἣξει
3449 4999 3709 5071 ,ϐοήθεια

428 5095 500 5147 ἐκ
533 5092 688 5147 Θεοῦ
714 5090 880 5164 ἡμῖν*
902 5094 956 5147 sl
979 5092 1035 5146 δ’
1057 5088 1154 5156 οὒ,
1181 5089 1420 5160 ποιήσω
1448 5094 1600 5146 κατὰ
1616 5086 1733 5161 τὴν
1761 5093 2151 5162 συμϐουλίαν
2163 5090 2353 5160 ὑμῶν.

501 5186 739 5245 ΙΒἏἾῘν
783 5188 840 5243 δὲ
871 5190 931 5242 ἐν
986 5189 1056 5259 τῇ
1095 5189 1254 5242 πόλει
1324 5189 1515 5263 ἐκείνῃ
1572 5180 1781 5267 γυνὴῇ
1842 5190 2015 5261 ὄνομα

2201 5187 2318 5243 XII.
2350 5187 2484 5243 Erat
2508 5197 2693 5243 autem
2728 5205 2784 5244 ιιι
2812 5204 2878 5244 ea
2919 5188 3056 5244 urbe
3094 5188 3260 5243 vidua
3294 5189 3520 5245 nomine
3547 5187 3710 5244 Judi-

429 5281 661 5354 ἰουδὴθ,
717 5281 814 5335 καὶ
876 5280 913 5350 ἠ
980 5280 1121 5351 γυνὴ
1179 5286 1346 5353 χήρα,
1398 5284 1497 5336 καὶ
1556 5282 1699 5353 αὕτη
1755 5281 2016 5354 σώφρων,

432 5377 530 5431 καὶ
570 5372 790 5445 συνετὴ,
844 5372 942 5425 καὶ
996 5371 1176 5445 ὡραία
1233 5374 1300 5445 τῇ
1351 5373 1493 5443 ὄψει.
1532 5373 1848 5431 Ἀκούσασα
1903 5378 2019 5431 τοί-

433 5484 527 5522 νυν
598 5465 670 5520 τὰ
717 5465 1022 5535 δεδογμένα
1093 5464 1173 5537 τῷ
1232 5464 1349 5534 λαῷ
1427 5464 1523 5520 καὶ
1574 5469 1690 5532 τοῖς
1762 5467 2017 5540 ἄρχουσι,

433 5559 825 5633 μετεπέμψατο
853 5557 947 5612 τὸν
994 5557 1206 5627 Ὀζίαν,
1241 5560 1337 5612 καὶ
1363 5561 1491 5624 τοὺς
1523 5558 1747 5623 λοιποὺς
1774 5560 1878 5632 τῆς
1910 5561 2015 5615 πό-

433 5656 573 5717 λεως
611 5653 904 5724 ἄρχοντας.
949 5652 1064 5706 Καὶ
1102 5651 1392 5724 ἐμέμψατο
1423 5653 1632 5717 αὐτοῖς,
1681 5652 1759 5718 ὡς
1817 5655 2018 5726 πειρά-

434 5749 588 5813 ζουσι
616 5747 710 5801 τὸν
742 5746 899 5812 Θεὸν,
930 5745 1011 5798 ὅτι
1037 5741 1194 5799 εἷπον
1227 5738 1579 5816 παραδώσειν
1603 5747 1702 5818 τὴν
1727 5746 1884 5800 πόλιν
1906 5749 2023 5813 τοῖς

434 5841 702 5902 ἐναντίοις
743 5839 884 5910 μετὰ
918 5839 1080 5892 πέντε
1125 5837 1362 5911 ἡμέρας,
1391 5843 1439 5893 εί
1475 5838 1552 5912 μὴ
1586 5840 1645 5893 ἐν
1678 5840 1873 5905 αὐταῖς
1898 5842 2020 5912 ἥξει

426 5952 519 5997 ,τις
551 5934 737 5998 αὐτοῖς
768 5931 993 6004 βοήθεια
1025 5934 1088 5987 ἐκ
1120 5932 1278 5988 Θεοῦ.
1313 5933 1377 5985 0t
1410 5931 1466 5986 6";
1502 5932 1685 5998 καλῶς
1714 5931 1815 6005 μὲν
1845 5931 2018 6004 αὐτὴν

2128 5280 2245 5348 tha,
2281 5281 2482 5335 mulier
2515 5280 2784 5346 modesta,
2811 5281 3036 5337 cordata
3070 5288 3128 5336 et
3157 5281 3420 5347 formosa,
3446 5297 3570 5352 qute
3600 5283 3702 5338 de-

2125 5381 2279 5428 creto
2313 5371 2502 5443 populi
2533 5382 2593 5427 et
2616 5372 3037 5443 magistratuum
3081 5373 3294 5435 audito,
3334 5372 3493 5446 ιω
3520 5373 3706 5431 Oziam

2124 5474 2464 5534 czeterosque
2497 5466 2849 5536 magistratus
2879 5465 3177 5519 accersitos
3210 5464 3489 5538 objurgat,
3522 5474 3583 5521 ut
3607 5469 3704 5534 qui

2119 5561 2292 5615 Deum
2320 5568 2616 5625 tentarent,
2646 5575 2772 5614 eum
2794 5558 3067 5624 dicerent,
3096 5559 3202 5614 nisi
3230 5559 3375 5615 intra
3398 5561 3517 5618 dies
3539 5563 3704 5633 quino

2117 5671 2228 5726 que
2259 5656 2523 5710 auxilium
2557 5653 2823 5709 divinitus
2860 5653 3177 5722 olferretur,
3212 5670 3270 5712 se
3303 5659 3499 5715 urbem
3526 5658 3705 5714 hosti-

2121 5747 2227 5803 bus
2261 5748 2580 5803 tradituros.
2621 5746 2701 5802 llli
2734 5748 2989 5819 quamvis
3021 5764 3144 5805 eam
3175 5760 3324 5807 recte
3355 5751 3544 5809 dicere
3569 5768 3707 5808 con-

2122 5841 2407 5907 cederent,
2461 5849 2643 5897 tamen
2676 5842 2867 5913 populi
2913 5842 3065 5899 sitim
3098 5852 3155 5899 et
3182 5844 3499 5901 violentiam
3528 5859 3706 5915 oppo-

2124 5933 2353 5991 nebant.
2383 5933 2523 5990 Tum
2565 5934 2655 5988 illa
2678 5973 2695 6002 ,
2726 5950 2821 5991 eos
2849 5951 2948 6007 per
2973 5946 3191 5993 noctem
3218 5937 3369 5993 illam
3408 5936 3477 5993 ad
3513 5944 3706 6006 portas
