4092 6404
357 403 468 468 263

1599 398 1957 488 .JOANNIS
1997 398 2328 461 ZONARIE

3524 403 3638 466 ρει

363 515 521 572 urbis
545 514 849 587 praestolari
881 515 1041 588 jubet
1079 529 1096 570 :
1129 529 1188 572 se
1219 529 1348 571 cum
1382 512 1584 570 ancilla
1636 527 1737 569 sua
1767 511 1950 567 exitu-

2062 511 2348 565 συνέθεντο
2402 510 2603 581 λέγειν,
2646 510 2936 564 ἀντέθεντο
2978 511 3034 565 δέ
3074 514 3174 584 τήν
3205 511 3370 583 δίψαν
3408 518 3510 585 τήν
3541 515 3636 570 τοῦ

361 623 503 672 ram,
531 623 710 678 neque
742 609 1016 666 dicturam
1047 607 1204 677 prius
1233 606 1364 677 quid
1412 605 1677 674 cmpisset
1707 602 1948 668 consilii,

361 717 528 772 quam
559 717 675 756 rem
703 700 878 771 ipsam
909 708 1304 771 perpetrasset.
1337 697 1501 754 Exitu
1534 698 1846 767 impetrato,
1869 695 1955 750 di-

361 793 567 862 gressis
601 791 730 854 illis,
755 791 822 844 ad
856 805 1051 861 preces
1083 790 1428 844 convertitur
1455 804 1468 840 :
1497 795 1556 842 et
1585 785 1835 857 deposita
1865 785 1952 838 lu-

362 885 522 954 gubri
557 899 626 937 ex
659 883 925 937 viduitate
954 883 1183 947 vestitu,
1216 881 1326 936 lota
1350 921 1363 947 ,
1397 889 1454 935 et
1487 869 1784 950 unguentis
1814 875 1954 930 deli-

364 975 536 1038 buta,
576 975 840 1030 amictum
871 975 1100 1028 hilarem
1139 971 1338 1038 induit,
1371 977 1700 1026 ornamenta
1742 967 1951 1030 sumit,

363 1077 421 1124 et
450 1075 718 1122 exornata
755 1066 822 1121 ad
869 1066 1076 1121 amoris
1113 1065 1406 1121 illecebras
1452 1061 1666 1118 ancilla:
1707 1059 1761 1114 in
1806 1059 1954 1114 vasis

361 1160 655 1215 ferendum
689 1158 784 1214 dat
814 1158 1006 1213 vinum
1053 1168 1110 1214 et
1150 1158 1366 1224 oleum,
1399 1163 1457 1212 et
1501 1169 1689 1225 peram
1734 1151 1910 1206 farina
1936 1190 1950 1212 ,

366 1251 583 1307 ficulnus
619 1261 676 1307 et
723 1251 957 1322 panibus
1004 1252 1218 1321 plenam
1260 1266 1274 1304 :
1308 1258 1366 1304 et
1411 1263 1474 1302 ea
1510 1247 1715 1303 comite
1757 1245 1951 1300 urbem

362 1357 607 1412 egressa,
650 1341 705 1396 in
754 1350 932 1396 castra
977 1339 1328 1411 Assyriorum
1367 1335 1586 1392 tendit:
1623 1335 1693 1390 ab
1724 1333 1955 1390 excubi-

366 1436 584 1490 toribus
611 1435 1035 1504 comprehensa,
1088 1431 1156 1486 ad
1182 1431 1590 1501 llolophernem
1637 1427 1952 1490 adducitur,

365 1529 460 1596 qui
505 1527 626 1596 ejus
656 1527 885 1580 formam
921 1523 1250 1585 admiratus,
1297 1537 1552 1578 securam
1599 1535 1722 1576 esse
1749 1519 1952 1591 jussit,

362 1619 503 1674 nihil
532 1619 679 1674 enim
709 1633 998 1688 passuram
1030 1617 1181 1672 mali.
1209 1615 1348 1670 Tum
1381 1615 1471 1669 illa
1503 1629 1518 1668 :
1552 1613 1713 1677 Audi,
1750 1611 1950 1682 inquit,

361 1711 571 1764 domine
597 1751 611 1775 ,
642 1711 798 1764 verba
831 1727 981 1773 mea,
1023 1719 1072 1763 et
1099 1725 1218 1780 quae
1241 1709 1433 1764 Achior
1459 1709 1614 1769 dixit,
1657 1707 1837 1760 animo
1864 1714 1952 1758 tuo

365 1817 472 1855 non
506 1802 777 1856 excidunt.
813 1801 1005 1856 Verum
1038 1804 1179 1855 enim
1207 1808 1282 1854 est
1308 1841 1322 1864 ,
1360 1799 1658 1865 Israelitas,
1691 1799 1746 1852 ni
1771 1812 1955 1866 pecea-

359 1894 550 1956 verint,
582 1894 763 1964 gladio
789 1910 895 1947 non
925 1900 1240 1962 superatum
1263 1892 1352 1944 iri.
1385 1890 1536 1945 Nunc
1573 1899 1782 1952 autem,
1817 1887 1944 1957 quia
1983 1869 2026 1926 Β

361 1983 491 2037 cibis
517 1993 565 2036 et
607 2000 749 2053 aqua
792 1983 1175 2047 destituuntur,
1207 1983 1316 2052 tege
1348 1979 1642 2034 interdictis
1697 1977 1857 2042 vesci,
1898 1983 1950 2030 et

362 2075 632 2142 primitias
665 2075 953 2143 frumenti,
979 2074 1192 2144 vinique
1221 2073 1453 2126 decimas
1475 2109 1489 2132 ,
1521 2085 1637 2139 qua:
1663 2067 1952 2122 sacerdoti-

364 2165 458 2218 bus
498 2164 794 2230 attributa,
829 2179 892 2218 ne
934 2165 1125 2234 attingi
1177 2165 1394 2234 quidem
1431 2163 1494 2216 ab
1535 2160 1655 2214 aliis
1709 2160 1790 2229 fus
1832 2166 1947 2223 est,

362 2259 634 2312 absumere
669 2258 1028 2314 decreverunt.
1067 2255 1198 2322 Qua
1235 2258 1361 2310 dum
1395 2265 1443 2309 et
1483 2251 1951 2324 Hierosolymitani

361 2350 673 2414 statuerint,
710 2349 919 2420 legatos
961 2365 1022 2403 eo
1057 2350 1267 2411 misere,
1303 2350 1509 2402 veniam
1553 2347 1668 2416 ejus
1699 2344 1825 2415 [acti
1861 2358 1951 2412 pe-

365 2450 551 2496 tentes.
593 2439 682 2496 Sic
706 2443 870 2511 igitur
901 2441 1010 2512 lege
1035 2440 1258 2502 violata,
1292 2457 1395 2494 non
1426 2438 1626 2507 defensi
1663 2455 1696 2491 a
1740 2435 1871 2496 Deo,
1893 2436 1950 2488 in

363 2534 587 2587 exitium
628 2541 804 2588 ruent.
835 2531 1036 2597 Quibus
1069 2548 1161 2603 ego
1189 2533 1432 2602 cognitis,
1461 2547 1524 2585 ex
1550 2530 1680 2584 urbe
1711 2524 1946 2600 profugi.

365 2633 422 2677 ut
452 2626 721 2679 interitum
745 2627 922 2688 vitem,
949 2635 997 2678 et
1028 2641 1168 2679 nunc
1191 2627 1337 2695 apud
1361 2633 1411 2677 te
1438 2625 1676 2688 manebo,
1696 2625 1906 2680 domine
1926 2643 1946 2681 :

365 2727 414 2770 et
447 2733 654 2787 egressa
681 2727 836 2772 noctu
867 2718 923 2772 in
960 2717 1153 2772 vallem
1179 2759 1194 2780 ,
1223 2717 1459 2771 adorabo
1497 2716 1666 2771 Deum
1690 2757 1705 2781 ,
1733 2728 1788 2773 ut
1826 2735 1948 2773 cum

363 2809 411 2863 is
445 2811 569 2863 mihi
594 2809 812 2874 dixerit,
833 2810 1046 2880 quando
1065 2809 1357 2876 peccarint,
1389 2824 1483 2880 ego
1507 2808 1601 2862 tibi
1624 2811 1944 2875 renuntiem,

365 2911 413 2956 et
447 2911 496 2956 te
545 2919 639 2972 per
694 2901 946 2957 Judwam
999 2900 1370 2972 Hierosolyma
1420 2915 1586 2968 usque
1628 2901 1946 2970 perducam,

364 2993 825 3064 soliumquetuum
842 2995 896 3048 in
913 2994 1058 3047 urbis
1077 2993 1248 3047 medio
1269 2990 1542 3046 collocem.
1567 2989 1949 3060 Holophernes

368 3086 473 3140 hac
512 3088 767 3140 oratione
812 3086 1146 3149 delectatus,
1185 3083 1469 3140 introduci
1519 3098 1642 3138 eam
1696 3084 1857 3155 jubet
1891 3083 1948 3138 in

369 3178 563 3234 cellam
595 3178 875 3233 conclavis
899 3178 1006 3241 sui,
1041 3188 1098 3233 et
1130 3178 1248 3233 dari
1281 3177 1427 3248 quod
1466 3177 1614 3233 edat.
1643 3175 1714 3231 At
1743 3177 1858 3242 illa,
1890 3193 1948 3232 se

369 3281 534 3340 negat
563 3271 784 3325 illorum
813 3271 958 3326 cibis
990 3286 1238 3337 usuram,
1269 3287 1339 3326 ne
1365 3270 1470 3326 sibi
1502 3269 1682 3325 fraudi
1708 3278 1896 3325 essent
1935 3287 1949 3324 :

371 3365 470 3421 scd
512 3365 579 3422 iis
612 3381 754 3435 quos
804 3381 990 3420 secum
1037 3365 1339 3430 attulisset,
1381 3363 1776 3420 victitaturam.
1813 3363 1952 3420 Cum

373 3456 753 3527 Holophernes
773 3467 1011 3527 rogaret,
1032 3457 1123 3511 ubi
1146 3457 1181 3510 ii
1216 3456 1570 3520 defecissent,
1611 3472 1722 3528 quo
1741 3457 1955 3512 victura

373 3556 543 3614 esset,
593 3548 892 3618 respondet
934 3547 1013 3602 illi
1049 3565 1062 3601 :
1093 3549 1178 3603 Ita
1203 3557 1258 3602 tu
1284 3550 1448 3612 vivas,
1479 3549 1722 3615 Domine,
1756 3561 1811 3603 ut
1850 3567 1952 3606 non

371 3641 520 3711 prius
547 3640 646 3694 cibi
671 3641 724 3694 hi
756 3658 838 3695 me
867 3642 1126 3711 deﬁcient,
1157 3661 1319 3715 quam
1360 3643 1498 3699 Deus
1537 3662 1651 3699 mea
1687 3663 1852 3700 manu
1899 3648 1954 3701 id

373 3732 650 3800 peregerit.
687 3732 826 3802 quod
858 3732 1101 3788 decrevit.
1129 3733 1302 3789 Media
1332 3743 1494 3790 nocte
1524 3737 1706 3806 petiit,
1753 3745 1812 3791 ut
1845 3737 1952 3793 sibi

373 3823 430 3876 in
461 3822 654 3876 vallem
689 3823 873 3894 egredi
925 3825 1122 3880 liceret
1152 3825 1219 3880 ad
1261 3826 1602 3896 precandum
1641 3843 1656 3880 :
1695 3829 1954 3884 concedit

370 3911 765 3984 Holophcrnes.
801 3913 938 3970 Cum
961 3916 1115 3988 141
1136 3927 1319 3972 autem
1355 3918 1443 3974 illa
1482 3918 1726 3973 triduum
1759 3919 1836 3976 ita
1867 3920 1952 3976 fe-

369 4005 557 4072 cisset,
606 4018 806 4079 quarto
847 4009 938 4064 die
985 4011 1302 4068 convivium
1349 4007 1638 4082 apparat,
1668 4022 1725 4069 et
1759 4013 1952 4086 Bagoa

366 4103 646 4172 eunucho,
669 4104 763 4174 qui
779 4105 1035 4162 omnibus
1060 4106 1182 4178 ejus
1207 4106 1408 4178 opibus
1427 4117 1680 4178 praeerat,
1702 4107 1948 4176 mandat,

367 4203 431 4248 ut
460 4193 701 4252 Hebraea:
731 4198 950 4253 mulieri
979 4199 1370 4270 persuaderet,
1406 4209 1467 4255 ut
1503 4199 1574 4255 ad
1616 4215 1676 4256 se
1709 4201 1946 4256 veniret.

367 4283 482 4341 Sibi
520 4289 668 4344 cnim
705 4300 862 4360 turpe
893 4291 1032 4357 fore,
1065 4292 1110 4346 si
1137 4291 1302 4347 talem
1327 4291 1589 4347 feminam
1619 4291 1948 4358 dimisisset,

365 4379 516 4433 nulla
550 4383 954 4439 consuetudine
985 4399 1112 4439 cum
1140 4400 1204 4440 ea
1233 4384 1444 4440 habita.
1469 4385 1677 4456 Bagoas
1705 4383 1949 4441 Juditha:

364 4472 490 4524 ait:
537 4469 669 4526 Veni
703 4473 772 4526 ad
813 4473 1098 4528 Dominum
1132 4492 1326 4541 meum,
1375 4483 1434 4530 ut
1489 4475 1721 4548 gloriosa
1767 4479 1841 4531 sis
1891 4479 1948 4534 in

2054 602 2209 669 λαοῦ,
2259 604 2354 658 ual
2387 603 2490 676 τὴν
2531 603 2655 675 βίαν
2686 603 2786 674 τὴν
2817 602 2877 670 ἐξ
2923 603 3114 659 αὐτοῦ.
3158 606 3404 678 Κάκείνη
3444 607 3639 676 στῆναι

2053 693 2255 756 αὐτοὺς
2281 694 2380 764 τὴν
2411 694 2586 748 νύκτα
2623 695 2715 748 ἐπὶ
2747 691 2846 764 τὴν
2875 692 3052 764 πύλην
3072 694 3170 764 τῆς
3194 695 3401 757 πόλεως
3428 696 3640 751 ἐνετέλ-

2051 786 2196 838 λετο.
2235 784 2385 856 Αὐτὴ
2426 787 2482 839 δὲ
2513 786 2700 855 ἔλεγεν
2733 787 3118 854 ἐξελεύσεσθαι
3154 787 3298 856 μετὰ
3334 786 3432 857 τῆς
3461 788 3640 858 ἅϐρας

2055 881 2248 951 αὐτῆς,
2286 881 2362 951 μή
2394 881 2580 951 μέντοι
2608 881 2793 946 αὐτοῖς
2818 883 2968 953 ἐρεῖν
2999 882 3061 934 τὸ
3090 880 3224 952 παρ’
3262 881 3438 950 αὐτῆς
3471 881 3638 951 μελε-

2052 969 2316 1040 τώμενον,
2383 971 2488 1034 ἕως
2524 966 2586 1026 οὗ
2623 972 2760 1042 πρὸς
2790 972 2990 1044 πρᾶξιν
3016 971 3380 1043 κατευθυνθῇ.
3413 973 3525 1025 Kal
3561 967 3640 1025 εἶ-

2056 1080 2158 1116 πον
2183 1063 2348 1134 αὐτῇ,
2371 1065 2613 1135 Πορεύου
2638 1083 2654 1097 ο
2686 1064 2782 1120 ual
2808 1066 2859 1119 οί
2893 1066 2994 1136 μὲν
3013 1065 3282 1136 ἀπῆλθον.
3329 1063 3395 1118 Ἠ
3421 1064 3478 1118 δὲ
3501 1065 3640 1135 πρὸς

2055 1157 2414 1228 παράκλησιν
2452 1156 2668 1228 ἐτράπη
2705 1157 2805 1229 τὴν
2838 1156 2977 1227 πρὸς
3005 1156 3159 1210 Θεόν.
3196 1151 3329 1209 Εἶτα
3361 1153 3640 1225 ἀποθεμέ-

2054 1266 2120 1319 νη
2150 1250 2250 1321 τὴν
2277 1249 2526 1319 πενθήρη
2556 1248 2754 1318 στολὴν
2783 1248 2884 1318 τῆς
2907 1248 3249 1320 χηρεύσεως,
3282 1245 3460 1300 καὶτὸ
3478 1247 3641 1316 σῶμα

2054 1340 2442 1412 περικλύσασα
2487 1340 2662 1406 ὕδατι,
2720 1341 2817 1394 ual
2863 1339 3021 1411 μύρῳ
3063 1339 3397 1409 χρισαμένη,
3446 1337 3640 1407 στολὴν

2059 1433 2318 1504 μετενέδυ
2354 1433 2716 1501 εὖφρόσυνον,
2763 1433 2862 1486 ual
2887 1432 3096 1501 κόσμον
3129 1431 3296 1501 ἑαυτῇ
3324 1428 3635 1501 περιέθετο.

2055 1529 2168 1584 Kal
2212 1527 2662 1583 καλλωπισθεῖσα
2707 1525 2846 1597 πρὸς
2891 1525 2953 1579 τδ
2981 1524 3427 1594 ἐπαγωγότερον,
3467 1523 3639 1577 ἔδωκε

2054 1627 2124 1694 τῇ
2149 1619 2454 1691 θερατιαίνῃ
2505 1620 2694 1690 φέρειν
2740 1619 2800 1672 ἐν
2840 1617 3091 1686 ἀγγείοις
3132 1611 3278 1670 οἶνον
3308 1614 3404 1668 καὶ
3437 1613 3637 1676 ἔλαιον,

2056 1717 2151 1765 καὶ
2180 1714 2366 1781 πήραν
2395 1709 2644 1777 ἀλφίτων
2693 1710 2902 1780 πλήρη,
2950 1707 3048 1762 ual
3078 1707 3355 1777 παλάθης,
3393 1706 3487 1758 καὶ
3539 1705 3640 1776 ἆρ-

2054 1818 2186 1865 των,
2227 1800 2323 1853 καὶ
2361 1799 2556 1867 ἐξῆλθε
2592 1799 2692 1869 τῆς
2726 1798 2934 1862 πόλεως
2964 1796 3106 1868 αὑτὴ
3164 1797 3260 1851 ual
3306 1798 3340 1868 ή
3379 1795 3638 1864 παιδίσκη

2059 1892 2248 1962 αὐτῆς.
2291 1889 2559 1944 Ἀπιοῦσα
2590 1890 2727 1962 πρὸς
2753 1889 2852 1960 τὴν
2879 1889 2988 1944 τῶν
3021 1887 3325 1959 ’Δσσυρίων
3356 1887 3642 1958 παρεμϐο-

2058 1983 2180 2054 λὴν,
2217 1983 2314 2036 ual
2361 1982 2663 2055 ἐντυχοῦσα
2695 1985 2763 2055 τῇ
2805 1981 2918 2036 τῶν
2969 1982 3233 2035 ἐναντίων
3291 1979 3640 2052 προφυλακῇ,

2058 2073 2386 2146 κατεσχέθη,
2418 2077 2515 2128 ual
2540 2073 2684 2146 ἢχθη
2716 2073 2856 2145 πρὸς
2895 2071 3248 2145 Ὀλοφέρνην.
3291 2070 3352 2127 ὀ
3379 2070 3437 2124 δὲ
3465 2069 3639 2139 αὐτῆς

2028 2167 2118 2221 -τδ
2153 2167 2350 2231 κάλλος
2383 2166 2687 2239 ἐθαύμασε,
2726 2167 2822 2221 καὶ
2864 2161 3020 2220 εἷπεν
3053 2166 3230 2237 αὑτῇο
3266 2161 3364 2233 Μὴ
3414 2163 3635 2234 φοϐοῦ,

2058 2260 2228 2328 ἥκεις
2265 2261 2379 2330 τὰρ
2407 2261 2496 2328 είς
2525 2262 2848 2329 σωτηρίαν.
2882 2260 3035 2328 Ἔφη
3067 2258 3138 2312 δὲ
3165 2255 3328 2323 αὐτῷ
3373 2257 3410 2326 ἠ
3445 2255 3599 2326 τυνή
3619 2269 3635 2286 °

2056 2355 2233 2420 Δέξαι
2262 2354 2406 2422 τοὺς
2435 2354 2663 2424 λόγους
2682 2371 2822 2424 μου,
2856 2354 3054 2421 Κύριε,
3124 2349 3226 2406 καί
3267 2353 3301 2405 ό
3341 2351 3528 2419 λόγος
3566 2346 3640 2402 ὃν

2055 2449 2367 2516 ἐλάλησεν
2454 2447 2686 2517 Ἀχιὼρ,
2746 2446 2870 2516 ἤτω
2944 2447 3016 2500 ἐν
3066 2445 3141 2514 τῇ
3190 2442 3405 2512 καρδίᾳ
3483 2451 3637 2496 σου⁶

2055 2541 2188 2595 ἐστι
2240 2539 2351 2610 γὰρ
2409 2539 2674 2607 ἀληθὲς,
2735 2538 2826 2593 ὅτι
2872 2537 2985 2592 ἐὰν
3052 2535 3139 2608 μὴ
3184 2533 3528 2606 ἁμάρτωσιν
3581 2533 3638 2587 οί

2056 2634 2174 2688 υίοι
2259 2630 2532 2701 Ἰσραὴλ,
2631 2632 2704 2686 οὐ
2771 2631 3131 2700 κατισχύσει
3211 2629 3476 2700 ῥομφαία
3529 2626 3634 2679 ai:-

2054 2720 2194 2774 τῶν.
2221 2720 2354 2776 Νῦν
2397 2719 2468 2773 δὲ
2486 2720 2618 2774 ἐπεὶ
2670 2720 2952 2784 ἐξέλιπεν
2984 2718 3209 2786 αὐτοὺς
3235 2719 3307 2773 τὰ
3328 2717 3635 2787 βρώματα,

2056 2812 2157 2868 καί
2183 2812 2248 2866 τὸ
2271 2813 2446 2882 ὕδωρ,
2472 2813 2941 2877 ἐϐουλεύσαντο,
2971 2811 3212 2867 καὶτῶν
3233 2811 3313 2877 τῷ
3336 2811 3498 2882 νόμῳ
3519 2808 3637 2864 ἁπ-

2055 2904 2476 2976 ηγορευμένων
2496 2905 2788 2974 ἅψασθαι,
2820 2905 2917 2958 καί
2943 2904 3051 2971 τὰς
3083 2901 3360 2974 ἀπαρχὰς
3382 2899 3491 2956 τοῦ
3536 2899 3636 2955 σί-

2055 3016 2188 3067 του,
2219 2997 2320 3052 καὶ
2347 2997 2456 3064 τὰς
2477 2996 2734 3064 δεκάτας
2762 2996 2868 3051 τοῦ
2901 2997 3070 3051 οἴνου
3097 2997 3206 3062 τὰς
3243 2994 3368 3061 τοῖς
3413 2991 3636 3061 ἱερεῦσι

2056 3088 2487 3158 τετηρημένας,
2539 3083 2628 3143 ὧν
2683 3089 2824 3144 οὐδὲ
2861 3089 3098 3158 ψαῦσαι
3145 3089 3386 3158 θεμιτὸν
3432 3085 3634 3154 ἑτέρῳ,

2057 3179 2408 3250 δαπανῆσαι
2459 3181 2794 3249 κεκρίκασι.
2853 3180 3043 3236 Ταῦτα
3089 3179 3177 3246 δὲ,
3226 3179 3324 3234 καὶ
3362 3177 3484 3232 τῶν
3521 3174 3638 3243 τὴν

2071 3273 2462 3342 Ἰερουσαλὴμ
2489 3275 2820 3328 οίκούντων
2849 3271 3371 3341 βεϐουλευμένων.
3412 3267 3634 3322 ἐστάλ-

2058 3383 2204 3420 κασι
2235 3368 2388 3438 πρὸς
2415 3363 2531 3435 τὴν
2555 3365 2688 3422 ἐκεῖ
2714 3367 3060 3437 γερουσίαν,
3102 3365 3324 3434 ἄφεσιν
3356 3361 3455 3416 ἐπὶ
3499 3359 3632 3414 τού-

2056 3476 2200 3526 τους
2222 3461 2584 3529 αίτούμενοι.
2611 3459 2740 3515 Κᾶν
2769 3455 2922 3513 οὕτω
2949 3455 3487 3528 παρανομήσωσιν,
3523 3453 3637 3506 οὐκ

2055 3553 2229 3607 ἔσται
2262 3554 2482 3623 σφίσιν
2507 3553 2706 3622 ἁμυνα
2729 3553 2797 3606 ἐκ
2821 3550 2992 3614 Θεοῦ,
3027 3549 3125 3605 καὶ
3149 3552 3238 3614 είς
3270 3548 3520 3614 ὄλεθρον
3541 3543 3638 3598 ἐκ·

2055 3643 2446 3713 δοθήσονται.
2484 3642 2672 3711 ’Δπερ
2709 3643 2862 3710 αὑτὴ
2915 3639 3274 3712 ἐπιγνοῦσα,
3317 3634 3637 3704 ἀποδιδρά-

2055 3751 2184 3790 σκω
2226 3735 2337 3805 τῆς
2381 3736 2636 3804 πόλεως,
2681 3735 2759 3790 ἵν’
2788 3736 3030 3805 ἐκφύγω
3069 3734 3178 3788 τὸν
3218 3732 3490 3800 ὄλεθρον.
3525 3727 3634 3784 Καὶ

2054 3827 2173 3882 νῦν
2196 3827 2361 3897 μενῶ
2391 3827 2552 3896 παρά
2583 3845 2704 3891 σοι,
2748 3827 3037 3892 δέσποτα,
3088 3824 3187 3880 καί
3234 3823 3636 3890 ἐξελεύσομαι

2055 3921 2208 3974 κατὰ
2233 3919 2350 3988 τὴν
2367 3921 2562 3974 νύκτα
2590 3922 2678 3986 είς
2708 3920 2822 3987 τὴν
2849 3918 3144 3988 φάραγγα,
3173 3917 3272 3971 καὶ
3300 3913 3635 3984 προσεύξο-

2050 4030 2158 4083 μαι
2189 4013 2340 4082 πρὸς
2367 4012 2476 4067 τὸν
2503 4013 2672 4076 Θεὸν,
2704 4012 2804 4066 καί
2827 4011 2953 4079 ἐρεῖ
2964 4028 3066 4081 μοι
3088 4011 3234 4064 πότε
3257 4007 3630 4078 ἠμάρτοσαν,

2052 4104 2214 4175 κάγώ
2231 4121 2330 4160 σοι
2356 4105 2686 4176 aram-8.16),
2709 4104 2808 4159 καὶ
2834 4105 2957 4168 ἇεω
2982 4119 3056 4158 σε
3075 4100 3173 4157 διὰ
3189 4099 3300 4170 τῆς
3337 4097 3635 4162 ἰουδαίας

2050 4196 2162 4264 ἕως
2205 4195 2619 4266 Ἰερουσαλὴμ,
2654 4195 2753 4250 καί
2789 4194 2956 4262 θήσω
3001 4193 3110 4248 τὸν
3149 4192 3369 4260 θρόνον
3406 4205 3525 4244 σου
3563 4186 3635 4240 ἐν

2046 4289 2218 4358 μέσῳ
2242 4286 2452 4358 αὐτῆς.
2487 4290 2598 4342 Kal
2623 4289 2829 4360 ἤρεσαν
2858 4286 3158 4358 Ὀλοφέρνῃ
3183 4285 3235 4339 οί
3259 4283 3407 4353 λόγοι
3437 4279 3628 4350 αὐτῆς.

2051 4383 2148 4435 καὶ
2177 4381 2467 4436 ἐκέλευσεν
2496 4380 2817 4452 εἰσαχθῆναι
2851 4381 3025 4449 αὐτὴν
3065 4381 3146 4443 είς
3175 4377 3276 4448 τήν
3300 4375 3508 4446 σκηνήν
3533 4370 3630 4425 τοῦ

2051 4475 2287 4542 ταμείου
2326 4473 2518 4540 αὐτοῦ,
2544 4472 2643 4528 ual
2671 4473 2893 4542 δοθῆναι
2925 4473 3061 4543 αὐτῇ
3097 4473 3314 4542 φαγεῖν.
3353 4467 3418 4521 Ἥ
3447 4467 3527 4532 δὲ,
3549 4465 3633 4519 Οὐ

364 4573 641 4631 conspectu
680 4564 816 4633 ejus,
866 4574 913 4618 et
948 4567 1210 4620 nobiscum
1252 4577 1572 4638 compotato,
1605 4583 1666 4620 eo
1713 4567 1826 4622 loco
1868 4568 1948 4639 fu-

2052 4565 2335 4636 ςράγομαι,
2386 4564 2514 4635 ἔφη,
2551 4564 2622 4618 ἐκ
2668 4565 2788 4620 τῶν
2816 4562 3161 4633 ἐδεσμάτων
3204 4559 3391 4631 ὑμῶν,
3419 4561 3504 4629 μή
3531 4573 3635 4627 μοι

373 4659 522 4713 tura,
553 4668 655 4721 quo
698 4669 772 4707 ea'
800 4665 954 4720 sunt,
985 4672 1104 4724 qua:
1131 4660 1326 4728 degunt
1356 4659 1410 4712 in
1436 4656 1636 4712 aedibus
1665 4656 1946 4712 Nabucho-

364 4742 658 4799 donosoris.
700 4744 927 4800 Judilha
960 4749 1126 4818 igitur
1154 4759 1418 4805 exornata
1444 4749 1512 4804 ad
1537 4749 1946 4820 Holophernem

365 4835 694 4905 ingreditur,
736 4840 1034 4902 accumbit.
1065 4856 1128 4896 ea
1159 4840 1277 4896 edit
1309 4851 1366 4897 et
1394 4840 1558 4908 bibit,
1600 4857 1724 4912 quae
1743 4841 1812 4896 ab
1841 4858 1945 4898 an-

365 4926 492 4982 cilla
522 4944 619 4982 sua
651 4929 756 4985 sibi
786 4941 973 5000 parata
991 4941 1172 4988 erant.
1207 4933 1586 5004 Holopbernes
1623 4935 1947 5004 obstupefa-

362 5030 505 5078 ctus.
533 5037 721 5078 amure
750 5024 898 5078 illius
931 5024 1302 5081 inﬂammatur
1339 5042 1353 5080 :
1391 5027 1773 5097 productoque
1815 5042 1948 5082 con-

363 5112 535 5177 vivio,
561 5123 617 5169 et
640 5115 878 5185 plurimo
901 5118 1032 5173 vino
1062 5119 1262 5176 hausto
1295 5121 1628 5185 inebriatus,
1651 5121 1707 5174 in
1744 5119 1947 5175 lectulo

367 5219 426 5260 sc
467 5207 720 5270 reclinat,
763 5225 916 5265 inero
959 5221 1184 5281 gravato
1214 5212 1434 5282 capite;
1466 5211 1731 5283 digressis
1761 5210 1944 5266 omni-

362 5298 485 5360 bus.
519 5301 728 5372 Bagoas
767 5305 1066 5358 tentorium
1097 5305 1328 5367 claudit,
1377 5307 1492 5361 sola
1521 5306 1746 5362 Juditha
1784 5307 1839 5362 in
1874 5319 1943 5361 co

367 5393 579 5448 relicta.
639 5396 922 5454 Mandarat
967 5409 1150 5453 autem
1212 5400 1304 5455 illa
1355 5402 1588 5466 ancillae,
1632 5412 1694 5458 ut
1733 5404 1942 5460 exitum

363 5499 525 5539 suum
570 5488 908 5557 observaret,
939 5508 1285 5563 egressuram
1326 5495 1473 5549 enim
1504 5511 1628 5551 esse
1661 5497 1729 5551 ad
1773 5513 1944 5553 oran-

361 5573 516 5630 dum.
567 5578 674 5633 Sed
719 5598 843 5637 cum
904 5585 1308 5655 Holopbernem
1331 5588 1460 5644 vino
1495 5587 1832 5654 demersum,
1885 5599 1944 5646 et

365 5667 794 5736 profundissimo
828 5691 1021 5734 somno
1051 5673 1378 5749 oppressum
1416 5681 1652 5744 videret,
1684 5683 1940 5739 invocato

363 5757 498 5820 Deo.
527 5763 718 5818 stricto
749 5767 994 5834 acinace,
1028 5771 1176 5828 illius
1210 5783 1378 5844 caput
1416 5783 1661 5842 resecat;
1695 5775 1940 5846 egresSa.

357 5851 572 5910 ancilla
603 5855 772 5913 tradit
809 5875 824 5914 :
851 5859 968 5918 abit
995 5871 1055 5919 ut
1079 5863 1148 5920 de
1170 5879 1323 5922 more
1345 5875 1659 5937 precatura.
1685 5866 1938 5940 Cumque

2052 4657 2296 4727 γένηται
2329 4655 2708 4721 σκάνδαλον,
2733 4655 2871 4710 ἀλλ’
2896 4655 2964 4720 ἐξ
2995 4648 3083 4710 ὧν
3106 4652 3458 4722 ἐπιφέρομαι
3500 4663 3634 4717 τραο

2051 4751 2349 4821 φήσομαι.
2375 4749 2486 4804 Kal
2511 4745 2669 4804 εἶπεν
2698 4749 2834 4820 αὐτῇ
2877 4747 3206 4820 Ὀλοφέρνης
3224 4762 3240 4778 °
3275 4748 3345 4800 Εί
3373 4744 3442 4798 δὲ
3469 4742 3632 4797 ἐκλί-

2049 4860 2152 4898 ποι
2183 4844 2391 4909 ταῦτα,
2419 4843 2605 4898 πόθεν
2623 4858 2725 4898 σοι
2749 4841 2994 4896 τοιαῦτα
3009 4838 3526 4910 χορηγηθήσεταυ
3563 4830 3630 4885 Ἦ

2049 4936 2239 5007 δέ,Ζῇ
2280 4941 2318 5008 ἡ
2355 4936 2528 5006 ψυχή
2575 4952 2718 5003 σου,
2764 4935 2942 5004 Κύριέ
2979 4952 3120 5005 μου,
3164 4927 3631 4999 ἀνταπεκρίνατο,

2049 5031 2140 5086 ὅτι
2163 5034 2235 5087 οὐ
2261 5032 2554 5102 πρότερον
2571 5031 2845 5099 ἐκλείψει
2865 5046 2968 5099 μοι
2997 5027 3068 5082 τὰ
3087 5024 3363 5092 ἐδώδιμα,
3387 5020 3531 5090 πρὶν
3552 5018 3630 5073 ἂν

2049 5126 2082 5178 ὁ
2115 5123 2261 5190 Θεὸς
2296 5123 2369 5178 ἐν
2397 5123 2552 5192 χειρί
2580 5140 2702 5194 μου
2741 5126 2970 5190 ποιήσῃ
3002 5119 3039 5172 d
3062 5117 3487 5172 ἐϐουλεύσατο.
3518 5111 3632 5166 lli.-

2049 5215 2252 5286 σούσης
2280 5214 2338 5268 δὲ
2373 5217 2588 5280 νυκτὸς,
2636 5216 2879 5287 ᾐτήσατο
2927 5215 3020 5268 ἐπὶ
3063 5213 3162 5282 τὴν
3197 5209 3461 5280 φάραγγα
3493 5203 3630 5274 πρὸς

2048 5311 2361 5381 προσευχήν
2407 5306 2667 5374 ἐξελθεῖν,
2711 5307 2806 5362 ual
2843 5307 3172 5377 Ὀλοφέρνης
3207 5301 3504 5373 ἐπέτρεψε,
3533 5297 3630 5352 ual

2045 5401 2140 5455 ἐπὶ
2180 5404 2332 5472 τρεῖς
2368 5401 2582 5473 ἡμέρας
2629 5399 2806 5463 οὕτως
2857 5397 3053 5453 ἐποίει.
3110 5396 3219 5451 Kal
3268 5396 3335 5466 τῇ
3387 5392 3627 5464 τετάρτῃ

2045 5496 2230 5568 ἡμέρᾳ
2279 5496 2444 5548 πότον
2493 5493 2792 5565 ἡτοίμασεν
2841 5492 3193 5564 Ὀλοφέρνης.
3243 5488 3356 5543 Kal
3401 5481 3522 5541 εἷπε
3547 5486 3627 5554 τῷ

2045 5591 2290 5661 εὐνούχῳ
2324 5588 2545 5660 Βαγώᾳ,
2575 5588 2634 5652 ὃς
2667 5582 2735 5660 ἦν
2777 5586 3100 5657 ἐφεστηκὼς
3146 5584 3239 5637 ἐπὶ
3268 5584 3490 5638 πάντων
3517 5579 3626 5631 τῶν

2043 5679 2230 5735 αὐτοῦ’
2267 5679 2489 5735 Πεῖσον
2517 5677 2594 5746 δὴ
2625 5677 2742 5745 τὴν
2775 5675 3030 5747 γυναῖκα
3053 5675 3170 5742 τὴν
3207 5673 3483 5741 Ἐὄραΐαν
3518 5669 3626 5724 τοῦ

2041 5771 2244 5828 ἐλθεῖν
2281 5771 2434 5840 πρὸς
2456 5770 2614 5841 ἡμᾶς
2636 5787 2651 5803 ο
2677 5770 2934 5837 αἰσχρὸν
2962 5768 3074 5838 γὰρ
3100 5766 3265 5837 ἡμῖν,
3289 5767 3343 5820 εί
3371 5763 3628 5835 γυναῖκα

2043 5864 2336 5932 τοιαύτην
2391 5861 2772 5935 παρήσομεν,
2827 5861 2915 5934 μὴ
2970 5859 3127 5930 αὐτῇ
3189 5857 3623 5931 ὁμιλήσαντες.
