4092 6460
416 441 528 504 ἓθὸ

1657 413 2070 504 ΑΝΝΑΪΛΗΜ
2117 443 2266 503 un.
2312 443 2431 535 ιιι.

3581 447 3688 510 266

411 562 521 613 Καὶ
565 560 594 612 6
626 555 855 624 Βαγώας
888 551 1010 610 εἰπε
1044 555 1180 627 πρὸς
1211 555 1346 609 ’1ουδ
1363 555 1416 626 ⁷,θ
1441 571 1452 583 ·
1493 555 1669 610 Ἐλθέ
1712 557 1864 626 πρὸς
1895 558 1998 612 τὸν

2108 557 2234 614 urbi
2260 531 2374 614 sua:
2397 523 2843 630 propinquasset,
2873 565 3155 629 portarum
3185 559 3444 618 custodes
3471 565 3687 633 aperire

409 652 623 720 κύριόν
655 667 791 718 μου,
841 647 1221 715 (Scaeua-ﬁrm
1260 649 1412 703 κατὰ
1435 649 1770 717 πρόσωπον
1791 651 2004 718 αὐτοῦ,

409 747 511 802 καί
567 749 777 800 πίεσαι
815 743 946 815 μεθ’
998 744 1167 815 ἡμῶν
1205 738 1394 808 οἶνον,
1443 743 1542 798 καὶ
1583 745 1890 815 γενηθήση
1926 747 2006 815 ὡς

404 841 515 909 μία
540 839 664 892 τῶν
693 837 1158 906 παρεστηκυιῶν
1196 835 1266 890 ἐν
1309 836 1389 902 τῷ
1426 839 1570 904 οἴκῳ
1621 837 2007 908 Ναϐουχοδο.

410 933 622 1000 νόσορ.
664 931 777 984 Καὶ
810 930 1017 1000 Ἰουδὴθ
1049 932 1394 1001 κοσμηθεῖσα
1437 929 1670 1000 ἀπῆλθε,
1701 933 1794 984 καὶ
1825 933 2004 986 εἰσελ-

414 1021 581 1075 θοῦσα
629 1023 770 1092 πρὸς
821 1022 1158 1093 Ὀλοφέρνην
1220 1021 1476 1083 ἀνέπεσε,
1535 1021 1630 1074 καὶ
1690 1022 1863 1093 ἔφαγε
1909 1025 2006 1079 καὶ⁹

411 1114 566 1166 ἔπιεν
597 1113 634 1168 ἃ.
666 1114 967 1185 ἡτοίμασεν
995 1113 1136 1184 αὐτῇ
1169 1114 1204 1184 η
1257 1112 1519 1183 παιδίσκη
1571 1113 1767 1183 αὐτῆς.
1827 1115 1893 1168 Ἦ
1949 1115 2006 1168 δὲ

411 1205 610 1273 καρδία
660 1205 989 1274 Ὀλοφέρνου
1052 1207 1270 1277 ἐξέστη,
1327 1207 1425 1260 καὶ
1479 1207 1617 1278 πρὸς
1669 1208 1848 1278 ἔρωτα
1904 1210 2006 1280 τῆς

405 1297 667 1363 γυναικὸς
701 1297 1055 1362 ἐξεκέκαυτο.
1105 1299 1214 1351 Καὶ
1241 1297 1336 1351 τοῦ
1369 1299 1536 1351 πότου
1568 1301 2007 1371 παραταθέντος,

2098 651 2260 722 jubet
2318 667 2333 705 :
2391 652 2747 718 intromissa,
2801 667 2925 722 qua
2977 651 3248 708 miracula
3312 655 3460 711 Deus
3512 655 3690 728 ipsius

2103 758 2274 815 opera
2317 742 2602 810 edidisset,
2645 753 3079 806 commemorat;
3119 745 3484 816 llolophernis
3524 759 3691 818 caput

2105 835 2341 906 profert,
2413 835 2468 890 id
2513 852 2543 891 e
2586 836 3014 908 propugnaculis
3054 837 3506 907 suspendendum
3567 855 3690 896 esse

2108 937 2317 986 monet.
2344 936 2404 982 et
2427 937 2669 983 armatos
2699 943 2858 983 mane
2889 929 3079 999 egredi
3117 946 3132 982 :
3171 929 3333 994 Nam,
3363 931 3449 986 ubi
3477 948 3584 992 vos.
3607 932 3694 986 in—

2104 1019 2248 1089 quit,
2277 1019 2505 1074 viderint
2538 1019 2760 1088 Assyrii,
2787 1020 2858 1074 ad
2891 1021 3230 1090 imperatoris
3252 1024 3334 1076 sui
3373 1024 3694 1078 tabernacu-

2107 1112 2221 1166 lum
2255 1123 2605 1185 concurrent,
2638 1121 2686 1166 et
2734 1117 2854 1186 ejus
2904 1116 3044 1169 cwde
3082 1116 3470 1186 perterrefacti,
3509 1119 3693 1188 fugam

2103 1205 2320 1274 facient.
2376 1204 2472 1260 Vos
2498 1222 2583 1260 eos
2617 1207 2840 1261 insecuti
2871 1208 2946 1261 ita
2971 1209 3202 1271 credetis,
3231 1218 3290 1262 ut
3322 1211 3498 1280 campi
3525 1210 3661 1264 cada
3681 1240 3694 1250 -

2106 1296 2312 1351 veribus
2348 1297 2696 1369 impleantur.
2715 1299 2846 1367 Quae
2875 1315 2999 1354 cum
3025 1301 3174 1354 cives
3206 1315 3336 1356 suos
3365 1302 3692 1362 monuisset.

405 1389 575 1470 Emsv.
602 1392 814 1456 ἐκεῖνος
861 1387 1007 1445 οἶνον
1062 1392 1273 1464 σφόδρα
1322 1391 1514 1458 πολὺν,
1552 1393 1647 1446 καὶ
1701 1393 1998 1467 ἐμεθύσθη.

2106 1387 2333 1443 Achiori
2363 1390 2635 1445 accersito
2653 1401 2820 1461 caput
2847 1391 3216 1462 llolophernis
3239 1403 3510 1448 monstrat
3543 1409 3557 1447 :
3583 1410 3694 1463 quo

405 1482 519 1534 Καὶ
560 1483 588 1534 6
622 1483 723 1554 μὲν
755 1485 850 1537 ἐπὶ
871 1484 972 1553 τῆς
1005 1482 1198 1553 κλίνης
1233 1483 1403 1536 αὐτοῦ
1444 1484 1787 1556 καρτβαρῶν
1814 1486 1878 1539 ἐκ
1904 1491 1998 1560 τῆς

2104 1479 2197 1534 ille
2231 1491 2531 1552 conspecto
2568 1521 2583 1547 ,
2615 1483 2885 1538 attonitus
2932 1484 3174 1552 petebat,
3200 1491 3259 1537 ut
3287 1483 3422 1554 quid
3455 1485 3692 1554 egisset,

404 1572 582 1643 μέθης
615 1575 938 1628 κατέκειτο·
978 1574 1183 1637 πάντες
1237 1574 1294 1627 δὲ
1343 1572 1574 1644 ᾤχοντο,
1637 1579 1732 1629 καὶ
1774 1577 1998 1646 Βαγώας

2101 1572 2210 1627 sibi
2241 1584 2580 1629 recenseret.
2606 1574 2743 1630 Cum
2774 1585 2961 1630 autem
2991 1575 3082 1630 illa
3113 1577 3168 1629 in
3190 1586 3494 1647 conspectu
3523 1580 3694 1632 totius

404 1665 724 1718 συνέκλεισε
763 1667 863 1738 τὴν
916 1667 1147 1736 σκηνὴν,
1206 1666 1374 1736 μόνην
1438 1668 1539 1738 τὴν
1593 1666 1798 1741 Ἰουδὴθ
1851 1672 1998 1738 ἐντὸς

2105 1665 2292 1735 populi
2329 1679 2452 1736 qum
2479 1665 2626 1720 Deus
2664 1680 2765 1736 per
2807 1665 2979 1736 ipsam
3013 1666 3263 1731 fecisset,
3296 1677 3569 1730 narraret,
3606 1676 3696 1722 ut-

403 1757 845 1822 καταλελοιπώς.
884 1759 944 1811 ῚΙ
973 1758 1028 1812 δέ
1051 1761 1118 1830 τῇ
1145 1757 1455 1830 θεραπαίνῃ
1479 1759 1652 1831 αὐτῆς
1673 1762 1998 1828 ἐνετείλατο,

2101 1771 2210 1827 quc
2239 1757 2548 1812 castitatem
2581 1765 2636 1812 et
2656 1757 2982 1813 viduitatem
3020 1774 3176 1813 suam
3210 1758 3533 1814 inviolatam
3561 1774 3696 1814 con-

400 1848 503 1920 τὴν
535 1850 717 1915 ἔξοδον
764 1850 937 1922 αὐτῆς
985 1855 1296 1923 ἐπιτηρεῖν,
1342 1851 1736 1925 Ἐξελεύσομαι
1768 1855 1877 1929 γὰρ
1907 1858 1998 1911 ἐπὶ

2103 1859 2403 1916 servasset,
2435 1850 2674 1906 credidit
2700 1849 2904 1907 Acbior
2937 1851 3072 1916 Deo,
3101 1859 3158 1906 et
3181 1850 3551 1906 circumcisus
3585 1858 3692 1907 est.

399 1915 504 2013 την
557 1915 906 2014 προσευχήν..
967 1944 1010 1997 0
1067 1915 1170 2014 μὲν
1201 1915 1296 1998 οὖν
1351 1915 1686 2018 Ὀλοφέρνης
1737 1915 1804 2019 si}
1845 1915 1997 2023 ’μέθῃ

2103 1941 2451 2013 Magistratus
2465 1959 2598 1999 vero
2623 1951 2678 1999 et
2699 1944 2935 2014 p0pulus
2969 1915 3143 2009 urbis,
3170 1946 3350 2014 capite
3380 1943 3696 2014 Holopher-

403 2033 994 2105 καταόεὸαπτισμένος
1028 2036 1356 2101 κατέκειτο,
1413 2039 1507 2089 καὶ
1565 2036 1734 2092 ὕπνον
1765 2039 1998 2095 θανάτου

2103 2033 2191 2088 nis
2226 2033 2296 2090 de
2327 2035 2628 2103 pinnaculo
2655 2051 2946 2106 suspenso,
2985 2045 3294 2106 czctcraquc
3340 2037 3408 2091 de
3454 2035 3696 2091 Juditlia:

400 2123 686 2178 ὔπνωττεν
714 2124 969 2194 ἀδελφόν.
1014 2125 1081 2178 Ἢ
1127 2124 1188 2178 δὲ
1235 2125 1326 2178 τὸν
1355 2124 1492 2178 Θεὸν
1525 2126 1998 2200 ἐπικαλεσαμένη,

2101 2126 2338 2180 consilio
2367 2127 2611 2182 exsecrati
2633 2166 2649 2193 ,
2677 2127 2932 2199 Assyrios
2963 2128 3138 2184 instar
3169 2127 3434 2199 graminis
3472 2127 3692 2182 cecide-

400 2219 498 2272 καὶ
553 2219 647 2273 τὸν
703 2219 977 2290 ἀκινάκην
1034 2217 1201 2272 αὑτοῦ
1257 2219 1612 2289 σπασαμένη,
1666 2220 1767 2292 τὴν
1831 2222 1998 2276 αὑτοῦ

2102 2228 2278 2284 runt;
2346 2235 2654 2292 magnaque
2687 2221 2840 2291 copia
2875 2223 3179 2292 spoliorum
3225 2223 3418 2293 potiti,
3457 2221 3698 2277 Juditlne

399 2311 643 2380 ἐπέτεμε
706 2309 973 2381 κεφαλὴν,
1031 2310 1126 2363 καὶ
1193 2307 1494 2373 ἐξελθοῦσα
1554 2312 1622 2380 τῇ
1685 2309 1997 2384 θεραπαίνῃ

2101 2311 2521 2368 tabernaculum
2564 2314 2929 2384 llolnphcrnis
2969 2315 3346 2370 attribuerunt
3388 2315 3571 2385 :quod
3604 2313 3696 2367 illa

400 2401 684 2472 παρέσχεν
735 2404 930 2472 αὐτὴν,
992 2401 1087 2456 καὶ
1139 2401 1308 2474 ἀπῄει
1345 2401 1418 2463 ὡς
1471 2400 1536 2473 δὴ
1585 2403 1998 2476 προσευξομένη

2112 2402 2491 2477 Hierosolyma
2524 2405 2795 2476 profecta,
2823 2407 2935 2462 Deo
2967 2407 3337 2471 consecravit,
3365 2408 3532 2478 eique
3565 2421 3692 2462 cum

403 2492 549 2546 κατᾶ
599 2493 664 2547 τὸ
714 2493 965 2565 σύνηθες.
1033 2492 1336 2563 Ἐγγίσασα
1378 2491 1436 2545 δὲ
1495 2495 1560 2564 τῇ
1606 2492 1761 2546 πόλει
1803 2494 1998 2562 αὐτῆς,

2107 2496 2369 2551 omnibus
2389 2497 2650 2553 lsraelitis
2675 2499 2953 2554 canticum
2989 2499 3227 2564 cecinit,
3262 2498 3419 2571 142
3442 2498 3697 2568 oleagina

401 2587 600 2657 ἐϐόησε
656 2591 774 2650 τοῖς
835 2587 929 2640 ἐπὶ
984 2586 1094 2640 τῶν
1162 2585 1350 2640 πυλῶν
1401 2586 1617 2651 ἀνοῖξαι
1670 2587 1832 2657 αὐτῇ.
1890 2589 1998 2643 Καὶ

2111 2601 2264 2643 ramo
2315 2573 2579 2644 coronata
2609 2606 2624 2644 :
2659 2597 2717 2645 et
2759 2605 2979 2647 reversa
3029 2591 3279 2658 domum,
3331 2593 3384 2646 in
3441 2591 3696 2645 castitate

400 2679 720 2733 εἰσελθοῦσα
749 2679 1072 2752 διηγήσατο,
1099 2679 1202 2733 ὅσα
1231 2679 1301 2733 δι’
1328 2679 1500 2748 αὐτῆς
1524 2678 1998 2750 ἐθαυμάστωσενᾶ

2109 2681 2428 2746 consenuit,
2455 2689 2674 2736 mortua
2704 2697 2831 2737 cum
2871 2682 3099 2739 vixisset
3143 2698 3319 2738 annos
3355 2684 3601 2754 quinque
3639 2690 3697 2736 ct

400 2771 556 2836 Θεὸς,
605 2776 699 2826 καὶ
745 2773 844 2844 τὴν
885 2772 1132 2844 κεφαλὴν
1164 2769 1494 2843 ὐλοφέρνου
1539 2774 1850 2844 προήγαγε.
1907 2774 1998 2827 καὶ

2107 2781 2353 2829 centum.
2390 2773 2459 2829 Et
2481 2773 2572 2828 hic
2607 2783 2843 2830 eventus
2875 2774 2980 2830 fuit
3009 2775 3275 2832 Judithae.

407 2868 833 2922 συνεϐούλευσεν
856 2868 1213 2939 ἀπαιωρῆσαι
1239 2867 1449 2938 ταύτην
1476 2869 1540 2920 ἐκ
1567 2867 1679 2921 τῶν
1739 2868 2038 2935 ἐπάλξεων,
2077 2868 2274 2933 αὐτοὺς
2323 2869 2382 2925 δὲ
2422 2871 2523 2934 τὰς
2591 2869 2896 2934 πανοπλίας
2929 2870 3330 2942 ἐνδυσαμένους
3379 2870 3495 2939 ἅμα
3545 2880 3697 2942 πρωϊ

404 2961 663 3025 ἐξελθεῖν.
711 2963 961 3026 Ἰδόντες
991 2961 1122 3032 γὰρ,
1161 2961 1351 3032 φησὶν,
1387 2958 1546 3030 ἡμᾶς
1573 2962 1628 3015 οί
1671 2961 2002 3030 Ἀσσύριοι,
2043 2959 2412 3031 δραμοῦνται
2478 2962 2578 3016 ἐπὶ
2616 2961 2735 3031 τὴν
2790 2962 2900 3017 τοῦ
2956 2961 3135 3033 σφῶν
3204 2962 3696 3032 ἀρχιστρατήγου

401 3056 650 3124 σκηνὴν
677 3096 692 3118 ,
758 3056 858 3109 καί
914 3055 1196 3122 εὑρόντες
1253 3055 1444 3108 αὐτὸν
1485 3051 1925 3122 ἀνῃρημένον.
1967 3054 2396 3121 ἐκστήσονται,
2447 3053 2548 3109 καί
2600 3056 2786 3125 φόϐος
2838 3053 3211 3109 ἐπιπεσεῖται
3283 3054 3510 3121 αὐτοῖς,
3597 3053 3698 3107 καί

400 3148 814 3218 τραπήσονται
848 3151 935 3214 εἰς
955 3148 1182 3219 φυγὴν,
1209 3147 1310 3200 καί
1339 3149 1504 3216 ὑμεῖς
1537 3148 1764 3216 ἒψεσθε
1799 3148 1993 3201 ὀπίσω
2032 3147 2256 3210 αὐτῶν,
2283 3146 2386 3201 καί
2447 3150 2796 3218 συγ-κόψετε
2840 3147 3084 3216 αὐτοὺς,
3133 3147 3236 3203 καί
3263 3148 3696 3218 πληρωθήσετε

404 3245 480 3298 τὰ
532 3244 713 3298 πεδία
773 3243 1028 3314 νεκρῶν.
1107 3242 1293 3297 Ταῦτα
1349 3245 1464 3307 τοῖς
1519 3243 1770 3307 πολίταις
1826 3243 2000 3306 αὐτῆς
2042 3241 2527 3313 συμϐουλεύσασα,
2577 3242 2869 3297 Καλέσατέ
2942 3260 3033 3315 μοι
3097 3243 3189 3298 τὸν
3243 3242 3467 3316 Ἀχιὼρ,
3515 3237 3694 3297 εἶπεν.

410 3339 524 3391 Καὶ
558 3339 768 3393 ἐλθόντι
804 3338 904 3408 τὴν
939 3337 1180 3410 κεφαλὴν
1224 3337 1321 3391 τοῦ
1366 3337 1689 3412 Ὀλοφέρνου
1721 3337 1995 3404 ὑπέδειξε,
2036 3339 2131 3392 καὶ
2173 3338 2367 3410 ἐξέστη
2406 3339 2436 3393 6
2478 3337 2788 3411 ἄνθρωπος,
2815 3341 2912 3393 καὶ
2957 3339 3341 3410 Ἀνὰγγειλόν
3362 3355 3488 3410 μοι,
3563 3339 3693 3408 ἔφη,

400 3433 523 3486 ὅσα
542 3433 875 3500 ἐποίησαςς
899 3430 1144 3503 Κάκείνη
1172 3431 1393 3486 πάντων
1419 3430 1654 3485 ἐνώπιον
1708 3432 2033 3504 διηγήσατο,
2073 3430 2111 3486 ἃ
2136 3433 2164 3485 6
2211 3431 2346 3496 Θεὸς
2379 3434 2655 3506 πεποίηκε
2683 3433 2752 3487 δι’
2781 3435 2979 3505 αὐτῆς,
3029 3435 3124 3488 καὶ
3164 3433 3240 3498 ὡς
3286 3433 3549 3505 ἀμίαντον
3584 3435 3686 3508 τὴν

400 3525 578 3596 αὐτῆς
639 3523 998 3595 σωφροσύνην
1045 3526 1141 3578 καὶ
1200 3523 1433 3596 χηρείαν
1485 3525 1745 3597 ἐτήρησε.
1797 3526 1906 3578 Καὶ
1961 3525 1990 3578 ὁ
2041 3523 2245 3597 Ἀχιὼρ
2308 3525 2598 3579 ἐπίστευσε
2637 3525 2714 3598 τῷ
2763 3527 2905 3597 Θεῷ,
2955 3527 3048 3581 καὶ
3099 3526 3469 3599 περιετμήθη.
3535 3529 3599 3581 OE
3630 3506 3695 3582 δδ

400 3620 509 3689 τῆς
561 3620 773 3682 πόλεως
829 3619 1112 3690 ἄρχοντες,
1158 3619 1346 3675 καὶτὸ
1387 3618 1591 3689 πλῆθος
1647 3617 1842 3686 αὐτῆς,
1897 3617 1999 3688 τὴν
2029 3620 2274 3691 κεφαλὴν
2335 3618 2664 3693 Ὀλοφέρνου
2711 3619 2808 3675 τοῦ
2865 3620 3078 3692 τείχους
3124 3620 3520 3692 ἀπῃωρήκασι,
3595 3623 3694 3677 καὶ

398 3712 570 3766 τᾶλλα
608 3712 750 3766 κατά
779 3711 880 3782 τὴν
903 3711 1219 3784 συμϐουλὴν
1247 3713 1458 3784 ἰουδὴθ
1497 3713 1857 3784 πεποιήκασι.
1927 3713 2038 3767 Καὶ
2074 3716 2202 3779 τοὺς
2231 3715 2558 3788 Ἀσσυρίους
2590 3716 2666 3779 ὡς
2701 3715 2896 3787 χόρτον
2928 3715 3254 3787 συνέκοψαν,
3290 3715 3385 3769 καὶ
3415 3714 3515 3787 τὴν
3548 3733 3693 3788 παρα

400 3808 646 3880 εμὸολὴν
702 3808 887 3861 αὐτῶν
940 3809 1370 3880 διαρπάσαντες,
1417 3807 1678 3881 λαφύρων
1755 3808 1971 3862 πολλῶν
2052 3809 2491 3883 ἐνεπλήσθησαν.
2567 3810 2646 3882 Τῇ
2687 3811 2744 3864 δὲ
2787 3810 2991 3882 Ἰουδὴθ
3058 3811 3093 3882 ἡ
3144 3811 3321 3882 σκηνὴ
3365 3811 3692 3883 Ὀλοφέρνου

400 3905 664 3976 ἐξῄρητο.
695 3905 791 3958 καὶ
827 3903 1008 3958 πάντα
1036 3905 1104 3958 τά
1139 3907 1197 3958 ἐν
1227 3906 1392 3976 αὐτῇ,
1427 3903 1464 3958 ἃ
1491 3903 1588 3958 καὶ
1619 3902 1883 3974 ἀνάθημα
1953 3902 2032 3974 τῷ
2069 3902 2190 3974 Θεῷ
2225 3907 2284 3960 ἐν
2369 3905 2726 3977 Ἰερουσαλὴμ
2751 3904 3064 3960 ἀπελθοῦσα
3115 3905 3359 3970 ἀνέθετο,
3417 3908 3513 3960 καὶ
3556 3901 3692 3980 ᾖσεν

401 3998 555 4067 αύτῷ
580 3997 745 4070 ᾠδὴν,
798 3996 1226 4066 ἐστεφανωμένη
1273 3995 1463 4061 ἐλαίας
1513 3995 1715 4067 θαλλῷ,
1764 3997 1861 4049 καὶ
1888 3995 1998 4058 πᾶς
2048 3997 2292 4070 Ἰσραὴλ,
2364 3999 2458 4053 καὶ
2500 3998 2844 4070 ὑπέστρεψεν
2873 3999 2954 4062 είς
3016 3998 3110 4052 τὸν
3143 3993 3295 4052 οἷκον
3335 3999 3530 4073 αὐτῆς,
3592 4002 3693 4056 καὶ

401 4094 788 4162 κατεγήρασεν
839 4095 897 4146 ἐν
950 4088 1299 4161 σωφροσύνῃ,
1344 4092 1440 4144 καὶ
1487 4089 1740 4161 τέθνηκε,
1773 4086 1988 4158 ζήσασα
2027 4087 2122 4160 ἔτη
2189 4091 2359 4146 πέντε
2389 4092 2484 4146 καὶ
2512 4091 2728 4146 ἑκατόν.
2762 4091 2843 4145 Τά
2875 4091 2975 4162 μὲν
3005 4088 3100 4146 οὖν
3135 4093 3280 4147 κατὰ
3309 4093 3409 4164 τὴν
3479 4094 3690 4168 Ἰουδὴο

401 4189 463 4239 ἐν
491 4185 725 4248 τούτοις.

479 4275 574 4331 Il".
617 4276 780 4346 Ἑξῆς
822 4276 865 4330 δ’
903 4277 1215 4348 ἱστορητέον
1262 4273 1738 4345 ἐπιτετμημένως,
1783 4273 1879 4328 καὶ
1927 4271 1996 4326 τὰ

2179 4269 2318 4324 ΧῙΙΙ.
2349 4267 2509 4324 Nunc
2542 4269 2717 4324 series
2746 4269 3081 4325 narrationis
3116 4269 3381 4339 postulat,
3413 4279 3553 4325 utet
3581 4272 3694 4326 To-

401 4371 548 4423 κατὶ
595 4370 688 4424 τὸν
738 4370 942 4425 Τωόίτ.
991 4372 1172 4424 Tum;
1215 4369 1398 4423 τοίνυν
1427 4370 1492 4422 ἐκ
1525 4366 1627 4437 τῆς
1675 4364 1850 4436 φυλῆς
1894 4365 1995 4436 μὲν

401 4462 677 4533 κατήγετο
722 4461 1036 4533 Νεφθαλίμ,
1095 4461 1484 4534 ᾐχμαλώτιστο
1526 4459 1585 4512 δὲ
1643 4459 1702 4509 ἐν
1752 4457 1994 4527 ἡμέραις

413 4553 723 4626 Ἐνεμεσὶρ
772 4553 1038 4624 βασιλέως
1086 4554 1198 4607 τῶν
1263 4551 1592 4622 ’Λσςυρίων.
1648 4545 1758 4602 Ἦν
1813 4549 1869 4603 δέ
1926 4552 1997 4604 τὰ

403 4646 543 4716 πρὸς
564 4646 699 4699 Θεδν
729 4647 985 4718 εὐσεϐὴς,
1021 4648 1122 4702 καὶ
1151 4648 1223 4701 τὰ
1257 4648 1396 4722 πρὸς
1419 4646 1743 4716 ἀνθρώπους
1762 4645 1994 4720 δίκαιος,

403 4738 499 4789 καὶ
525 4737 634 4790 τῶν
666 4739 1027 4807 συμφυλετῶν
1055 4739 1223 4793 αὑτοῦ
1257 4739 1494 4794 θυόντων
1523 4744 1588 4812 τῇ
1621 4741 1788 4802 Βάαλ,
1831 4739 1998 4802 αύτδς

406 4829 534 4882 ἔθυε
557 4829 631 4900 τῷ
665 4830 787 4901 Θεῷ
822 4833 1193 4905 πορευόμενος
1225 4831 1704 4903 είςἹερουσαλὴμ,
1736 4833 1829 4885 καὶ
1854 4830 1997 4885 κατά

403 4926 502 4985 τὰς
518 4924 614 4977 τοῦ
635 4925 802 4993 νόμου
830 4924 1092 4992 διαταγὰς
1127 4927 1227 4992 τὴν
1255 4923 1401 4996 ζωὴν
1426 4924 1758 4997 ἐρρύθμιζεν
1774 4924 1992 4989 ἑαυτοῦ,

405 5013 502 5066 καὶ
524 5015 1015 5086 αίχμαλωτισθεὶς,
1041 5015 1142 5068 οὐκ
1163 5016 1402 5086 ἐκράνθη
1427 5015 1716 5087 βρώμασιν
1737 5015 1993 5079 ἐθνικοῖς.

405 5105 602 5174 Γέγονε
633 5107 690 5160 δὲ
720 5107 798 5177 τῷ
823 5106 1130 5178 Ἐνεμεσὰρ
1164 5105 1516 5178 ἐντιμος,καὶ
1541 5109 1814 5178 ἐκτήσατο
1837 5124 1995 5178 περι-

403 5195 594 5249 ουσίαν
623 5197 849 5268 πολλὴν,
894 5197 992 5251 καί¹
1039 5196 1249 5268 ταύτης
1310 5197 1592 5268 μετεδίδου
1639 5196 1749 5250 τῶν
1780 5197 1997 5250 οἰκείων

402 5287 498 5339 τοῦ
556 5287 748 5356 γένους
802 5292 918 5352 τοῖς
997 5288 1283 5360 χρήζουσι.
1353 5289 1735 5359 Πορευόμενος
1791 5289 1848 5342 δὲ
1914 5290 1995 5352 είς

403 5378 620 5448 Μηδίαν
650 5378 922 5451 παρέθετο
949 5379 1030 5433 ἐνὶ
1063 5379 1173 5432 τῶν
1227 5383 1348 5434 ἐκεῖ
1405 5382 1809 5434 κατοικούντων
1860 5383 1992 5451 ὀμο-

407 5467 575 5521 εθνῶν
627 5467 707 5539 τῷ
766 5469 806 5521 Γ
808 5468 998 5539 αμαὴλ
1057 5469 1328 5541 ἀργυρίου
1387 5469 1521 5522 δέκα
1572 5470 1833 5525 τάλαντα.
1885 5470 1994 5524 Καὶ

407 5555 588 5610 λαϐὼν
615 5563 853 5625 γυναῖκα
875 5560 985 5613 τῶν
1011 5560 1302 5630 ὁμοφύλων
1333 5562 1557 5630 Ἀνναν,
1588 5562 1704 5614 υίὸν
1730 5561 1789 5628 ἐξ
1818 5561 1991 5630 αὐτῆς

2100 4363 2200 4418 biti
2240 4363 2527 4418 historiam
2567 4362 2822 4420 breviter
2867 4377 3279 4433 percurramus.
3331 4361 3381 4418 Is
3416 4362 3584 4434 igitur
3624 4379 3681 4419 c'.

2100 4455 2249 4510 tribu
2283 4454 2616 4524 Nephtbalia
2649 4455 2939 4516 oriundus.
2973 4461 3168 4525 captus
3201 4453 3385 4510 fuerat
3417 4455 3686 4526 tempori-

2101 4547 2204 4602 bus
2234 4547 2581 4601 Enemesaris
2607 4547 2752 4618 regis
2773 4545 3126 4618 Assyriorum
3157 4562 3171 4601 :
3206 4544 3374 4601 homo
3405 4547 3531 4616 pius
3556 4561 3688 4617 erga

2101 4642 2307 4708 Deum,
2345 4650 2402 4698 et
2439 4643 2621 4712 justus
2657 4641 2923 4697 adversus
2967 4640 3222 4696 homines
3262 4657 3276 4694 :
3310 4655 3548 4710 cumque
3583 4641 3689 4696 tri-

2101 4734 2259 4789 bules
2284 4734 2404 4805 ejus
2432 4731 2580 4786 Baali
2613 4731 2980 4794 immolarent,
3011 4729 3128 4799 ipse
3153 4728 3531 4800 Hierosolyma
3561 4743 3692 4798 pro—

2105 4826 2358 4880 Iiciscens
2407 4820 2757 4877 sacriﬁcabat
2803 4819 2937 4884 Deo,
2990 4818 3102 4872 vita
3131 4832 3201 4873 ex
3239 4816 3374 4886 legis
3417 4815 3694 4870 mandatis

2106 4915 2381 4974 instiluta.
2412 4913 2472 4968 In
2497 4910 2820 4982 captivitate
2847 4924 2958 4964 non
2984 4908 3398 4964 contaminatus
3423 4906 3526 4962 fuit
3548 4906 3694 4960 cibis

2099 5005 2405 5078 gentilibus
2440 5021 2452 5054 :
2495 5002 2901 5071 conciliataque
2946 4999 3054 5054 sibi
3102 4998 3455 5054 Enemesaris
3495 4999 3692 5069 gratia,

2097 5097 2166 5151 de
2195 5095 2414 5166 opibus,
2440 5110 2580 5165 quas
2603 5109 2828 5162 magnas
2857 5099 3102 5163 pararat,
3124 5091 3476 5161 impertiebat
3496 5091 3686 5160 egenis

2097 5187 2444 5257 popularium
2475 5200 2727 5241 suorum.
2759 5182 2898 5239 Cum
2938 5191 3125 5238 autem
3168 5183 3222 5237 in
3253 5181 3485 5237 Mediam
3517 5179 3687 5250 proli-

2097 5280 2424 5344 cisceretur,
2475 5279 2734 5350 deposuit
2785 5277 2935 5348 apud
2985 5275 3280 5347 quemdam
3339 5271 3688 5344 popularium

2097 5388 2325 5427 suorum
2360 5370 2682 5428 Gamaelum
2713 5371 2902 5436 decem
2952 5369 3165 5441 argenti
3221 5367 3423 5422 talenta
3455 5364 3688 5419 :ducta-

2096 5480 2207 5536 que
2249 5479 2420 5519 uxore
2469 5481 2582 5520 suae
2608 5461 2790 5533 gentis
2818 5460 3010 5524 Anna,
3039 5458 3270 5515 Tobiam
3305 5457 3477 5511 lilium
3518 5470 3583 5522 ex
3622 5469 3688 5508 ea

2098 5559 2364 5630 suscepit.
2405 5559 2738 5615 Enemesare
2779 5564 3023 5620 mortuo,
3064 5549 3494 5609 Senacherimus
3539 5548 3687 5603 titius

404 5646 656 5715 ἐγείνατο
684 5649 921 5704 Ἰωσίαν.
973 5649 1280 5724 Ἐνεμεσάρ
1329 5652 1388 5708 δὲ
1445 5652 1719 5716 θανόντος,
1767 5651 1989 5706 καὶτοῦ

2102 5651 2253 5722 regni
2293 5649 2644 5720 Assyriorum
2679 5660 2989 5711 successor,
3025 5658 3154 5699 cum
3198 5641 3346 5697 bello
3375 5638 3581 5695 Iudaeis
3623 5639 3687 5694 il-

409 5737 532 5792 υἱοῦ
560 5739 728 5792 αὑτοῦ
754 5741 1104 5815 Σεναχηρεὶμ
1133 5743 1234 5814 τὴν
1265 5743 1441 5816 ἀρχὴν
1467 5743 1858 5813 διαδεξαμένου
1882 5744 1992 5796 τῶν

2101 5744 2231 5810 lato,
2268 5743 2414 5799 finde
2439 5740 2761 5812 proﬂigatus
2797 5745 2975 5802 esset,
3022 5735 3249 5792 domum
3276 5745 3556 5793 reversus,
3592 5744 3690 5800 per

418 5831 749 5900 Ἀσσυρίων,
797 5836 892 5886 καὶ
920 5835 1064 5887 κατὰ
1097 5835 1195 5904 τῆς
1235 5835 1502 5900 Ἰουδαίας
1534 5835 1991 5906 στρατεύσαντος,

2101 5835 2438 5892 iracundiam
2481 5849 2546 5889 ex
2592 5833 2787 5888 dolore
2829 5830 3005 5887 cladis
3054 5827 3260 5883 multos
3307 5822 3684 5882 lsraelitarum

409 5926 507 5980 καὶ
531 5923 775 5996 αἰσχρῶς
808 5926 1075 5993 φυγόντος
1126 5929 1364 5994 ἐκεῖθεν,
1398 5929 1788 5995 ἐπανελθόντος
1819 5946 1879 5983 τε
1913 5931 1994 5994 είς

2101 5927 2319 5985 occidit.
2357 5927 2466 5984 Eos
2491 5925 2722 5981 Tobitus
2753 5933 2918 5981 noctu
2954 5920 3280 5994 sepeliebat.
3311 5913 3678 5985 Quamobrem

664 6020 936 6080 PATROL.
975 6025 1092 6086 Gn.
1125 6026 1475 6090 CXXXIV.
3275 6010 3312 6073 9
