4092 6416
430 389 531 451 τιὓῖ

1691 380 2020 444 JOANNIS
2045 380 2366 439 ZONABJE

3587 382 3701 444 €f8

428 504 642 558 delatus
694 496 835 568 apud
879 496 1060 566 regem
1084 537 1097 560 ,
1134 510 1258 548 eum
1289 501 1652 563 quaereretur,
1685 492 1801 562 ipse
1827 491 2007 561 fugam

2113 492 2179 542 τὰ
2232 490 2429 554 οἰκεῖα,
2480 490 2576 543 καὶ
2627 488 2781 559 θυμῷ
2823 487 2912 541 διὰ
2939 488 3040 557 τὴν
3066 482 3237 559 ἧτταν
3270 490 3693 557 ἀποκτιννύντος

430 598 611 667 capit,
644 604 701 647 et
745 593 1033 645 facultates
1068 591 1190 661 ejus
1232 603 1426 643 omnes
1475 587 1834 656 diripiuntur.
1870 586 2009 639 Nee-

431 692 563 742 dum
596 687 716 739 dies
746 683 1147 754 quinquaginta
1174 681 1441 742 exierant,
1465 694 1592 733 cum
1615 676 2009 733 Senacberimo

430 798 459 834 α
493 780 609 834 suis
638 777 765 831 (iliis
802 775 1007 837 occiso,
1039 772 1326 843 parricida:
1366 771 1642 840 perterriti
1678 771 1732 825 in
1755 770 2008 825 exsilium

433 870 788 942 profugiunt:
816 876 872 922 et
901 867 1043 921 alius
1088 869 1209 935 ejus
1242 865 1387 918 lilius
1418 864 1746 918 Nacbordan
1782 880 2008 933 regnum

431 970 719 1031 paternum
741 957 995 1026 suscipit,
1028 957 1123 1025 qui
1148 955 1330 1010 Tobiti
1356 964 1674 1024 cognatum,
1706 954 2012 1009 Acbiacha—

431 1069 552 1107 rum
589 1052 845 1114 nomine,
874 1063 1098 1103 suarum
1136 1063 1318 1100 rerum
1354 1054 1766 1115 procuratorem
1802 1050 2008 1100 consti-

434 1142 559 1206 tuit,
600 1142 759 1213 cujus
792 1138 1192 1194 intercessione
1226 1136 1458 1192 Tobitus
1487 1152 1612 1206 rege
1649 1144 1877 1190 exorato
1915 1135 2012 1189 Μ-

432 1250 594 1290 ιι.γοη
635 1234 954 1288 revertitur.
989 1232 1151 1299 Festo
1184 1231 1559 1289 Pentecostes.
1590 1231 1737 1298 quod
1769 1231 2011 1297 septenis

433 1323 876 1380 hebdomadibus
926 1321 1098 1377 Judaei
1140 1319 1532 1382 celebrabant,
1582 1318 1816 1372 Tobitus
1859 1320 2010 1372 lauto

435 1417 664 1488 prandio
715 1423 1002 1486 apparate,
1049 1413 1162 1467 lilio
1206 1412 1472 1476 mandat,
1519 1419 1581 1465 ut
1620 1426 2010 1480 quemcunque

433 1514 661 1564 fratrum
699 1507 916 1576 inopem
941 1514 995 1560 et
1030 1504 1248 1559 Domini
1285 1518 1584 1560 memorem
1621 1503 1850 1565 videret,
1882 1518 2008 1557 eum

432 1603 499 1657 ad
544 1602 737 1672 epulas
778 1600 1105 1656 adduceret.
1133 1598 1336 1653 Tobias
1375 1610 1637 1667 egressus
1681 1597 2003 1656 revertitur.

436 1694 571 1762 patri
604 1693 884 1754 nuntians,
913 1689 1261 1761 pepnlarium
1292 1687 1586 1758 quemdam
1607 1688 2009 1757 strangulatum

435 1789 488 1841 in
546 1786 664 1841 l‘nro
704 1787 909 1856 jacere.
951 1782 1143 1838 Statim
1192 1781 1309 1834 abit
1353 1779 1604 1840 Tobitus.
1646 1779 1880 1833 cadaver
1919 1795 2011 1834 su-

436 1880 644 1932 blatum
698 1878 921 1930 domum
984 1881 1209 1943 portat,
1262 1878 1319 1927 et
1383 1882 1510 1941 post
1566 1870 1701 1925 solis
1750 1883 2008 1925 occasum

424 1969 653 2038 sepelit.
725 1967 771 2022 A
856 1965 1139 2035 sepultura
1208 1976 1501 2026 reversus,
1590 1961 1813 2015 domum
1898 1976 2008 2016 non

438 2056 744 2127 ingreditur
789 2072 802 2108 :
850 2062 910 2108 ut
944 2054 1038 2122 qui
1082 2068 1149 2107 ex
1196 2051 1315 2121 lege
1360 2051 1611 2120 impurus
1659 2060 1830 2115 esset,
1885 2066 2010 2105 con-

438 2156 580 2202 tacto
614 2146 900 2200 cadavere.
948 2143 1054 2197 Sed
1094 2145 1249 2212 juxta
1301 2143 1562 2212 parietem
1606 2143 1660 2197 in
1701 2142 1845 2198 atrio
1881 2143 1983 2197 dor

436 2238 555 2301 mit,
599 2252 651 2289 m
684 2250 792 2305 quo
826 2233 1122 2303 passerculi
1155 2230 1412 2294 nidulati,
1440 2242 1786 2285 excrementa
1813 2231 1918 2284 alvi
1952 2229 2009 2283 in

439 2327 594 2400 143
630 2327 820 2381 oculos
858 2326 1202 2396 dejccerunt.
1251 2322 1407 2380 Unde
1450 2332 1686 2378 caecatus
1728 2323 1961 2377 Tobitus
1990 2362 2005 2389 ,

432 2434 489 2476 et
512 2423 577 2476 ad
607 2428 906 2491 egestatem
931 2418 1207 2481 redactus,
1236 2416 1306 2469 ab
1342 2431 1511 2469 uxore
1536 2425 1701 2470 nente
1720 2417 2005 2470 ali-batur:

432 2529 555 2583 quae
584 2508 879 2580 aliquando
915 2507 1167 2563 mercede
1193 2518 1449 2577 accepta,
1486 2509 1714 2563 auctarii
1746 2510 1863 2563 vice
1888 2511 2006 2563 Ine-

432 2607 563 2659 dum
587 2602 755 2658 etiam
784 2600 1069 2665 retulerat,
1103 2601 1262 2671 cujus
1294 2599 1477 2654 balatu
1510 2599 1724 2662 audito,
1757 2602 2006 2671 rogabat,

432 2714 563 2752 num
597 2696 746 2750 furto
773 2693 1026 2748 sublatus
1059 2692 1245 2746 esset?
1279 2689 1667 2762 Respondente
1704 2693 1796 2748 illa
1861 2694 2011 2749 dono

434 2791 537 2845 Sibi
560 2789 746 2865 datum
781 2801 930 2852 esse,
976 2784 1241 2847 instabat,
1270 2784 1314 2839 si
1343 2784 1584 2840 furtivus
1609 2795 1779 2851 esset,
1807 2794 1867 2839 ut
1895 2788 2011 2842 suis

435 2880 675 2933 dominis
709 2877 1121 2932 restitueretur.
1158 2875 1353 2930 Mulier
1378 2874 1569 2930 dolore
1599 2887 1875 2931 commota
1901 2918 1916 2941 ,
1956 2888 2011 2932 ct

436 2972 692 3026 maritum
727 2968 799 3022 ob
829 2967 1062 3021 nitnium
1106 2963 1336 3035 justitiaa
1381 2963 1624 3017 studium
1656 2964 1822 3017 veluti
1873 2964 2011 3017 sub-

436 3078 674 3119 sannans
702 3080 713 3113 :
753 3058 883 3122 Ubi,
910 3057 1089 3128 inquit
1109 3098 1121 3119 ,
1148 3064 1273 3110 sunt
1304 3053 1646 3127 eleemosyme
1685 3065 1809 3121 une,
1844 3068 1891 3108 et
1918 3059 2007 3125 ju-

432 3157 583 3210 stitiu
606 3165 699 3208 tua
726 3152 750 3205 ἵ
783 3152 853 3207 iis
887 3149 1071 3204 verbis
1099 3146 1334 3202 Tobitus
1365 3148 1719 3216 perturbatus
1745 3156 1801 3201 et
1832 3148 2008 3218 lacry-
2037 3181 2079 3237 ο

438 3261 616 3311 mans,
645 3253 875 3300 mortem
899 3257 929 3295 a
966 3241 1077 3295 Deo
1099 3247 1344 3309 exoptat.
1376 3237 1647 3293 Caeterum
1677 3238 1920 3303 accidit,
1955 3247 2013 3292 ut

435 3339 632 3396 eodem
671 3336 762 3392 die
805 3332 1101 3390 Ecbatanis
1144 3330 1334 3385 Mediae
1370 3330 1504 3385 Sara
1543 3331 1655 3384 lilia
1690 3330 1949 3401 Raguelis
1982 3346 2012 3385 a

440 3427 685 3501 paternis
714 3424 930 3481 ancillis
960 3420 1269 3476 maledictis
1292 3421 1682 3482 lacesseretur,
1711 3423 1868 3489 quasi
1901 3436 2014 3474 ma-

439 3522 577 3576 ritos
597 3534 729 3574 suos
761 3514 1081 3577 sull'ocaret,
1114 3527 1239 3566 cum
1272 3514 1476 3581 septies
1505 3511 1800 3581 desponsa,
1833 3528 2011 3581 neque

441 3615 534 3669 ulli
567 3626 737 3681 nupta
776 3609 991 3664 fuisset.
1024 3605 1159 3660 Nam
1187 3605 1518 3660 daemonium
1548 3605 1824 3675 quoddam
1853 3646 1867 3670 ,
1910 3621 2013 3658 no-

441 3705 582 3759 mine
617 3698 971 3761 Asmodaaus,
1010 3696 1135 3750 illos
1173 3696 1239 3750 ad
1272 3712 1392 3749 eam
1432 3695 1840 3765 ingredientes,
1892 3696 2012 3751 suf-

423 3797 575 3849 focai
597 3801 670 3846 at.
697 3791 769 3843 Ea
788 3786 1133 3844 contumelia:
1152 3785 1549 3854 impatiens,dc
1578 3785 1878 3855 suspendio
1908 3786 2009 3840 de-

436 3885 726 3942 liberabat.
752 3880 860 3937 Sed
884 3895 963 3939 ne,
988 3878 1135 3950 patri
1156 3894 1258 3935 suo
1280 3878 1455 3933 luctui
1479 3885 1535 3933 et
1556 3877 1817 3933 dedecori
1842 3885 2011 3944 esset,

437 3979 505 4034 ab
538 3991 605 4032 eo
632 3974 737 4031 sibi
768 3980 1079 4042 temperat;
1112 3979 1170 4025 et
1198 3968 1267 4024 ad
1304 3984 1502 4040 preces
1522 3983 1813 4035 conversa,
1841 3969 2012 4025 Deum

438 4070 686 4134 invocat,
710 4072 947 4120 mortem
971 4070 1192 4132 optans,
1219 4068 1276 4116 et
1297 4060 1689 4115 liberationem
1711 4059 1781 4114 ab
1802 4076 2012 4130 oppro-

440 4161 596 4227 briis,
627 4168 725 4214 aut
759 4157 1085 4212 clementem
1108 4151 1356 4208 melioris
1373 4151 1609 4206 fortuna:
1636 4151 2012 4224 adeptionem,

435 4270 543 4326 qua
572 4259 629 4308 et
655 4251 773 4322 ipsa
794 4245 1149 4321 ignominiam
1178 4243 1473 4316 ellugeret.
1502 4244 1801 4315 Utriusque
1826 4253 2010 4300 autem

440 4361 630 4419 preces
679 4342 953 4400 exaudita:
999 4348 1167 4396 sunt:
1204 4340 1517 4408 missusque
1553 4354 1582 4393 a
1618 4339 1730 4393 Deo
1769 4338 2012 4409 Raphael

440 4435 837 4506 archangelus,
879 4432 975 4505 qui
1023 4441 1078 4487 et
1109 4430 1293 4485 Tobiti
1330 4434 1632 4487 cmeitatcm
1668 4439 1923 4497 curaret,
1958 4438 2015 4485 et

2110 584 2397 646 πλείστους
2429 583 2539 635 τῶν
2587 581 2968 653 Ἰσραηλιτῶν,
3006 582 3240 635 ἔθαπτεν
3268 582 3469 647 αὐτοὺς
3498 587 3694 649 νυκτὸς

2108 678 2137 728 6
2158 676 2357 729 Τωὸίτ.
2386 673 2656 736 Γνωσοεὶς
2697 674 2754 727 δὲ
2783 674 2944 728 τοῦτο
2975 673 3166 738 ποιῶν,
3208 673 3302 728 καὶ
3333 675 3691 745 ζητούμενος,

2108 767 2299 834 ἐνξυγε,
2325 768 2419 820 καὶ
2441 766 2510 819 τὰ
2530 767 2629 835 τῆς
2650 765 2826 826 οἰκίας
2852 765 3018 819 αὐτοῦ
3043 765 3354 834 διήρπαστο
3376 766 3691 835 ξύμπαντα.

2073 859 2276 912 -Οὕπω
2304 858 2360 911 δὲ
2405 860 2748 929 πεντήκοντα
2804 857 3187 926 παρελθουσῶν
3243 859 3486 929 ἡμερῶν,
3529 863 3556 911 6
3592 860 3692 928 μὲν

2109 950 2454 1019 Σεναχηρεὶμ
2505 949 2610 1001 ὑπὸ
2641 949 2751 1001 τῶν
2801 949 2965 1000 υἱέων
3001 946 3268 1017 ἀνῄρητο,
3331 948 3423 1013 καὶ
3477 950 3527 1000 οἱ
3591 950 3691 1016 μὲν

2112 1040 2475 1109 πατροκτόνοι
2528 1040 2806 1101 δείσαντες
2865 1039 3087 1106 ἓξυγον.
3163 1038 3388 1112 Ἐτερος
3447 1038 3505 1092 δὲ
3560 1042 3690 1101 παῖς

2112 1132 2324 1185 ἐκείνου
2372 1133 2662 1202 Ναχορδᾶν
2709 1134 2811 1202 τὴν
2848 1131 3131 1201 βασιλείαν
3163 1134 3262 1202 τὴν
3293 1132 3570 1202 πατρικὴν
3608 1132 3690 1185 δι-

2112 1223 2351 1288 εδέξατο,
2375 1224 2433 1287 ὃς
2458 1225 2697 1293 συγγενῆ
2721 1226 2815 1277 τοῦ
2846 1225 3028 1278 Τωδὶτ
3054 1225 3357 1292 κατέστησε
3382 1225 3493 1276 τῶν
3517 1225 3683 1277 αὐτοῦ

2112 1318 2454 1386 πραγμάτων
2498 1317 2797 1386 διοικητὴν,
2844 1316 3112 1387 ’Λχιάχαρ
3157 1317 3513 1386 καλούμενον.
3570 1318 3688 1368 Ka-

2112 1411 2288 1473 κεῖνος
2322 1409 2516 1479 ἐδεήθη
2557 1410 2652 1463 τοῦ
2684 1410 2949 1481 βασιλεως
2984 1411 3111 1479 περὶ
3154 1409 3356 1473 Τωῦιτ,
3395 1410 3487 1461 καὶ
3518 1410 3623 1460 ἐπα
3658 1435 3687 1449 -

2110 1500 2274 1569 ἦλθεν
2328 1504 2410 1565 εἰς
2460 1502 2670 1554 Νινευῖ.
2723 1502 3027 1570 Ἐνστάσης
3058 1502 3115 1555 δὲ
3173 1500 3577 1570 Πεντηκοστῆς,
3619 1501 3690 1570 ἢν

2112 1592 2236 1646 καθ’
2291 1596 2433 1648 ἐπτά
2481 1595 2785 1664 ἑϐδομάδας
2813 1594 3088 1663 ἑώρταζον
3138 1595 3413 1656 Ἰουδαῖοι,
3466 1596 3689 1663 ἄριστον

2111 1689 2413 1761 ἡτοίμαστο
2455 1686 2533 1756 τῷ
2560 1688 2738 1739 Τωὸὶτ
2773 1686 3016 1757 δαψιλές.
3048 1687 3212 1753 Λέγει
3245 1685 3338 1739 οὖν
3360 1685 3439 1755 τῷ
3466 1685 3566 1754 υἱῷ
3590 1687 3688 1738 αἰ-

2111 1780 2206 1834 τοῦ
2236 1779 2460 1848 Τωϐία·
2510 1778 2837 1849 Πορεύθητι,
2895 1779 3107 1842 τέκνον,
3146 1779 3242 1830 καὶ
3289 1778 3465 1845 ἄγαγε
3511 1776 3571 1828 ὃν
3622 1777 3689 1828 ἂν

2113 1873 2283 1945 εὕρῃς
2328 1872 2438 1925 τῶν
2496 1871 2743 1940 ἀδελφῶν
2801 1871 2958 1940 ἡμῶν
3002 1870 3156 1940 ἐνδεῆ
3198 1872 3544 1941 μεμνημένον
3592 1867 3687 1921 τοῦ

2112 1964 2341 2033 Κυρίου,
2373 1961 2670 2031 μεθέξοντα
2695 1964 2976 2033 τραπέζης
3008 1966 3160 2031 ἡμῖν.
3200 1963 3260 2016 Ὀ
3287 1963 3344 2016 δὲ
3376 1962 3690 2032 πορευθείς,

2111 2056 2460 2127 ἀντέστρεφε,
2491 2055 2664 2123 λέγων
2690 2074 2703 2088 ι
2734 2050 2829 2118 Εἷς
2853 2058 2916 2106 ὲκ
2940 2055 3031 2106 τοῦ
3052 2057 3244 2123 γένους·
3265 2054 3425 2124 ἡμῶν
3450 2055 3690 2124 ἐστραγ-

2112 2149 2426 2219 γαλωμένος
2446 2148 2702 2221 ἔρριπται
2735 2150 2793 2200 ὲν
2825 2151 2890 2218 τῇ
2919 2149 3115 2218 ἀγορᾷ.
3150 2149 3257 2200 Καὶ
3275 2151 3303 2200 6
3324 2147 3503 2200 Τωδὶτ
3525 2146 3690 2208 εὐθὺς

2112 2240 2348 2309 ἀπῆλθε,
2411 2241 2509 2293 καὶ
2536 2239 2863 2310 ἀνελόμενος
2889 2240 2980 2292 τὸν
3010 2238 3227 2308 νεκρὸν,
3255 2241 3336 2302 εἰς
3364 2238 3465 2308 τὴν
3505 2237 3688 2292 οἰκίαν

2111 2334 2359 2402 ἐκόμισε.
2380 2334 2575 2396 Δύντος
2598 2332 2655 2386 δὲ
2678 2330 2775 2385 τοῦ
2798 2331 2952 2401 ἡλίου
2975 2330 3177 2400 ἔθαψεν
3205 2331 3392 2397 αὐτὸν,
3412 2332 3504 2384 καὶ
3521 2332 3690 2385 ἐπαν-

2111 2424 2307 2491 ελθὼν,
2357 2424 2458 2477 οὐκ
2501 2421 2753 2494 εἰσῆλθεν
2785 2423 2865 2484 εἰς
2891 2422 2990 2489 τὴν
3022 2422 3220 2486 οἰκίαν,
3266 2415 3353 2473 οἷα
3407 2420 3550 2475 κατά
3595 2421 3688 2473 τὸν

2118 2517 2281 2588 νόμον
2337 2516 2670 2584 ἀκάθαρτος,
2696 2515 2770 2577 ὡς
2828 2513 3105 2584 ἁψάμενος
3155 2513 3251 2567 τοῦ
3306 2512 3523 2584 νεκροῦ,
3569 2510 3692 2567 ἀλλ’

2111 2608 2383 2680 ἐκοιμήθη
2440 2607 2593 2677 παρά
2653 2606 2745 2659 τὸν
2782 2609 2968 2676 ,τοῖχον
3022 2608 3081 2657 ὲν
3114 2600 3180 2677 τῇ
3210 2606 3367 2677 αὐλῇ.
3424 2604 3689 2675 Στρουθία

2110 2692 2169 2747 δὲ
2217 2696 2278 2749 ὲν
2321 2693 2399 2766 τῷ
2450 2695 2617 2766 τοίχῳ
2669 2693 3182 2764 διανυκτερεύοντα,
3238 2695 3559 2765 ἀφώόευσαν
3606 2697 3687 2756 ei;

2109 2788 2237 2850 τοὺς
2272 2785 2585 2858 ὀφθαλμοὺς
2606 2785 2795 2849 αὐτοῦ,
2847 2786 2922 2854 ἐξ
2950 2779 3026 2841 ὧν
3078 2784 3413 2857 λευκώματα
3461 2784 3689 2855 συνέϐη-

2113 2896 2211 2933 σαν
2235 2881 2293 2932 ὲν
2322 2879 2529 2943 αὐτοῖς,
2567 2880 2677 2933 κάκ
2706 2879 2912 2932 τούτων
2962 2880 3309 2950 πεπήρωτοό
3360 2877 3558 2932 Τωόἰτ.
3598 2877 3686 2929 Ἐν

2113 2971 2291 3044 ἐνδείᾳ
2312 2972 2369 3025 δὲ
2398 2970 2663 3041 γεγονὼς,
2699 2972 2804 3025 ὑπὸ
2826 2972 2923 3041 τῆς
2960 2974 3219 3040 γυναικὸς
3282 2971 3458 3042 μισθῷ
3492 2967 3688 3039 νηθούο

2114 3082 2214 3134 σης
2248 3062 2523 3134 ἐτρέφετο.
2570 3064 2678 3117 Καί
2730 3080 2861 3117 ποτε
2921 3065 3113 3133 μισθὸν
3160 3064 3422 3129 λαϐοῦσα,
3461 3064 3554 3116 καὶ
3599 3058 3690 3115 ἐπ’

2113 3155 2260 3226 αὐτῷ
2294 3155 2688 3225 προσειληφυῖα
2717 3156 2811 3207 καὶ
2831 3155 3040 3226 ἔριφον,
3072 3152 3167 3229 ἧκε
3194 3155 3330 3225 πρὸς
3361 3157 3453 3209 τὸν
3480 3154 3689 3210 Τωὸίτο

2118 3248 2225 3300 Kal
2258 3246 2495 3309 ἀκούσας
2533 3246 2632 3317 τῆς
2668 3247 2918 3317 κραυγῆς
2959 3247 3052 3300 τοῦ
3098 3249 3310 3318 ἐρίφου,
3372 3246 3564 3319 ηρώτα
3612 3248 3689 3317 μή

2117 3353 2245 3389 ποτε
2276 3335 2600 3407 κλοπιμαῖος
2628 3337 2738 3408 εἴη.
2775 3338 2839 3390 Ἠ
2869 3340 2944 3403 δὲ,
2979 3338 3200 3406 Δῶρον,
3230 3337 3376 3402 εἰπέ,
3396 3355 3498 3407 μοι
3518 3335 3689 3389 δέδο-

2114 3447 2208 3483 ται
2236 3430 2333 3483 ἐπὶ
2366 3428 2446 3496 τῷ
2465 3430 2681 3499 μισθῷ.
2714 3433 2825 3485 Kal
2863 3432 2921 3495 ὃς
2950 3434 3192 3486 ἐνέκειτο
3229 3432 3422 3501 λέγων,
3451 3435 3521 3485 El
3552 3435 3695 3483 κλο-

2115 3520 2359 3589 πιμαῖόν
2393 3522 2581 3587 ἐστιν,
2629 3522 2980 3589 ἁποδοθήτω
3025 3523 3150 3590 τοῖς
3202 3526 3429 3591 κυρίοις
3477 3521 3688 3602 αὐτοῦ.

2117 3612 2545 3683 Περιαλγήσασα
2580 3613 2636 3667 δὲ
2665 3617 2880 3684 ήγυνὴ,
2905 3618 2998 3668 καὶ
3021 3616 3187 3668 οἱονεὶ
3232 3619 3324 3669 τὸν
3381 3616 3552 3684 ἄνδρα
3594 3616 3687 3666 ἐπὶ

2114 3707 2180 3776 τῇ
2205 3705 2463 3776 ἀκριὸεία
2502 3704 2595 3758 τοῦ
2631 3706 2841 3760 δ;καίου
2870 3707 3323 3779 ἐπχλευάζουσα,
3367 3707 3491 3761 Ποῦ
3531 3708 3688 3760 εἰσιν

2114 3796 2175 3849 αι
2227 3794 2630 3864 ἐλεημοσύναι
2685 3812 2824 3861 σου,
2869 3798 2969 3849 καὶ
3010 3799 3071 3850 αἱ
3099 3797 3477 3852 δικαιοσύναι
3533 3809 3687 3857 cev;

2115 3887 2241 3959 ἔφη.
2275 3889 2385 3941 Καὶ
2414 3891 2441 3941 ὁ
2475 3888 2654 3942 Τωόὶτ
2713 3890 2981 3960 ἐδάκρυσε
3043 3891 3354 3962 συγχυθεὶς,
3419 3893 3517 3945 καὶ
3565 3891 3686 3961 ⁴ᾔτει

2115 3979 2204 4031 τὸν
2231 3977 2364 4031 Θεὸν
2392 3977 2774 4049 ἀπαλλαγῆναι
2801 3979 2895 4032 τοῦ
2931 3981 3051 4050 ζῇν.
3082 3982 3192 4034 Καὶ
3237 3982 3358 4035 κατ’
3391 3980 3559 4053 αὐτὴν
3587 3981 3687 4051 τὴν

2115 4074 2330 4143 ἡμέραν
2361 4076 2418 4127 ἐν
2448 4070 2798 4137 Ἐκϐατάνοις
2838 4075 2936 4144 τῆς
2965 4074 3176 4145 Μηδίας
3200 4075 3493 4129 συνέπεσεν
3545 4075 3689 4128 ὀνει-

2113 4166 2362 4239 δισθῆναι
2390 4168 2604 4239 Σάρραν
2631 4169 2732 4238 τὴν
2768 4167 3047 4238 θυγατέρα
3104 4169 3372 4237 Ῥαγουὴλ
3407 4170 3510 4223 ὑπὸ
3563 4188 3691 4225 παι-

2114 4245 2318 4313 δισκῶν
2342 4259 2436 4313 τοῦ
2479 4261 2683 4330 πατρὸς
2729 4261 2924 4332 αὐτῆς,
2959 4261 3037 4325 ὼς
3086 4263 3214 4325 τοὺς
3265 4262 3464 4334 ἄνδρας
3517 4263 3691 4330 αὐτῆς

2116 4352 2555 4419 ἀποπνίγουσαν,
2586 4355 2679 4405 καὶ
2712 4354 2852 4406 ἑπτά
2884 4353 2982 4424 μὲν
3056 4352 3465 4425 συζευχθεῖσαν,
3510 4354 3688 4409 οὐδενὶ

2115 4442 2171 4494 δὲ
2201 4443 2378 4495 αὐτῶν
2406 4444 2727 4515 γενομένην.
2782 4445 3069 4515 Δαιμόνιον
3096 4446 3205 4515 γάρ
3249 4463 3326 4510 τι,
3369 4444 3688 4516 Ἀσμοδαῖος

440 4533 627 4586 Saram
661 4525 850 4581 Tobiae
884 4524 1293 4594 desponderet,
1332 4533 1390 4577 et
1421 4522 1770 4577 Asmodaeum
1803 4523 2009 4576 malum

2117 4526 2477 4602 καλούμενον,
2499 4534 2761 4588 ὲθανάτου
2796 4536 2995 4599 αὐτοὺς
3020 4537 3154 4604 πρὸς
3190 4537 3359 4607 αὐτὴν
3396 4538 3687 4599 εἰσιόντας.

440 4621 772 4676 daemonium
802 4617 1079 4679 vinciret,
1113 4631 1182 4670 ne
1213 4614 1347 4685 quid
1378 4613 1566 4669 Tobiae
1592 4626 1839 4679 noceret,
1878 4614 2010 4670 Sara

439 4715 626 4768 ducta.
662 4709 895 4764 Tobitus
934 4708 1101 4778 igitur
1134 4707 1305 4761 lilium
1346 4706 1575 4762 Tobiam
1606 4717 1804 4771 vocat,
1840 4710 2013 4761 multa

440 4813 662 4869 monet,
697 4801 937 4870 denique
974 4799 1204 4869 exponit
1245 4816 1257 4853 :
1295 4814 1354 4854 se
1381 4798 1521 4868 apud
1549 4797 1866 4853 Gamaelum
1903 4798 2014 4854 Go-

438 4899 572 4955 briae
596 4882 768 4952 lilium
796 4893 893 4966 qui
923 4892 1089 4963 Ragis
1111 4890 1342 4946 Medicis
1365 4890 1548 4960 degat,
1574 4888 1766 4945 decem
1798 4890 2014 4962 argenti

439 4991 648 5046 talenta
670 4986 1022 5057 deposuisse,
1037 4982 1198 5055 jubet
1229 4991 1290 5036 ut
1306 4996 1371 5036 ea
1389 4981 1643 5051 recipiat,
1660 4981 1879 5039 reddito
1893 4981 2014 5037 chi-

437 5079 736 5153 rographo,
758 5086 813 5134 et
831 5076 1090 5132 comitem
1110 5074 1365 5129 mercede
1387 5071 1679 5128 conducat.
1699 5074 1749 5129 ls
1768 5072 1898 5128 dum
1917 5087 2015 5128 co-

437 5178 626 5230 mitem
651 5171 869 5243 quaerit,
905 5170 960 5224 in
992 5165 1326 5237 Rapbaelem
1357 5163 1747 5235 archangelum
1782 5164 2011 5229 incidit,

436 5267 529 5336 qui
565 5264 708 5320 virili
740 5260 922 5333 specie
961 5258 1038 5314 illi
1079 5256 1326 5321 oblatus,
1372 5254 1734 5325 proﬁtebatur
1772 5270 1830 5310 se
1868 5255 2014 5310 scire

442 5358 579 5411 viam
627 5367 683 5412 et
735 5354 881 5410 aedes
906 5350 1172 5413 Gamaeli,
1199 5355 1255 5403 et
1280 5347 1399 5418 ejus
1439 5347 1555 5400 fore
1607 5347 1887 5402 comitem.
1933 5346 2015 5403 Eo

437 5448 605 5517 igitur
634 5445 906 5511 adhibito,
934 5442 1093 5515 quaSi
1123 5441 1290 5494 homo
1310 5449 1475 5503 esset,
1511 5439 1736 5494 Azarias
1764 5438 2010 5505 nomine,

438 5535 541 5589 iter
573 5534 912 5605 ingreditur:
937 5535 1095 5605 juxta
1135 5529 1343 5602 Tigrim
1379 5527 1610 5583 ﬂuvium
1656 5538 2006 5598 pernoctant.

435 5625 572 5680 Cum
623 5637 808 5679 autem
837 5622 1040 5680 Tobias
1081 5623 1308 5678 lluvmm
1357 5622 1639 5692 ingressus
1675 5628 1823 5676 esset
1857 5630 1917 5676 ut
1953 5637 2011 5678 se

438 5715 707 5779 ablueret,
729 5714 918 5769 exsilit
942 5715 1068 5770 inde
1108 5715 1295 5784 piscis,
1330 5713 1739 5768 adolescentem
1777 5712 2013 5767 devora-

441 5813 616 5860 turus.
638 5805 706 5859 At
734 5805 958 5878 angelus
987 5817 1045 5861 ut
1062 5808 1264 5877 piscem
1291 5800 1686 5875 apprehendat,
1711 5814 1768 5859 et
1796 5814 2010 5874 pertra-

2125 4618 2192 4675 Ἦ
2212 4622 2266 4677 δὲ
2294 4625 2373 4696 μὴ
2403 4626 2643 4693 φέρουσα
2675 4626 2769 4681 τὸν
2797 4629 3125 4697 ὀνειδισμὸν,
3148 4628 3498 4697 ἀπάγξασθαι
3532 4630 3688 4684 ἐϐου-

2114 4714 2367 4770 λεύσατο.
2406 4716 2548 4769 Ἀλλ’
2577 4718 2665 4771 ἵνα
2690 4719 2764 4790 μὴ
2799 4719 2995 4782 πένθος
3030 4723 3125 4774 καὶ
3154 4721 3356 4785 ὄνειδος
3376 4722 3449 4792 δῷ
3478 4722 3556 4792 τῷ
3585 4739 3691 4774 πα·

2112 4808 2203 4879 τρὶ
2232 4810 2423 4878 αὐτῆς,
2446 4808 2605 4864 τοῦτο
2649 4811 2749 4879 μὲν
2813 4812 2914 4865 οὐκ
2972 4792 3297 4884 εποίησεν(
3329 4817 3411 4878 εἰς
3465 4831 3691 4885 προσευ·

2115 4899 2217 4969 χὴν
2245 4899 2302 4952 δὲ
2346 4901 2540 4967 στᾶσα,
2590 4901 2961 4957 ἐπεκαλέσατο
3013 4904 3104 4957 τὸν
3163 4904 3297 4957 Θεὸν
3324 4944 3340 4971 ,
3397 4905 3687 4974 αἰτουμένη

2119 4990 2326 5058 θανεῖν,
2351 4989 2446 5045 καὶ
2466 4990 2846 5060 ἀπαλλαγῆναι
2872 4994 2980 5048 τῶν
3002 4995 3343 5064 ὀνειδισμῶν,
3362 4994 3393 5065 ἦ
3417 4997 3691 5065 οἰκτειρη-

2116 5082 2297 5151 θῆναι,
2338 5086 2431 5136 καὶ
2460 5083 2633 5148 οὕτως
2662 5080 2817 5149 αὖθις
2864 5087 2923 5139 τὸ
2966 5087 3168 5151 ὄνειδος
3231 5090 3509 5154 ἐκφυγεῖν.
3571 5088 3692 5139 Eic-

2116 5172 2362 5245 ηκούσθη
2391 5169 2483 5229 οὖν
2506 5176 2539 5248 ἡ
2580 5177 2858 5248 προσευχὴ
2885 5181 2979 5232 καὶ
3005 5180 3228 5247 ἀμφοῖν.
3250 5179 3357 5232 Kal
3409 5181 3689 5250 ἀπεστάλη

2117 5263 2254 5331 πρὸς
2280 5265 2374 5318 τοῦ
2440 5264 2579 5318 Θεοῦ
2649 5267 2891 5336 Ῥαφαὴλ
2941 5268 2970 5320 6
3023 5270 3382 5340 ἀρχάγγελος,
3439 5272 3691 5323 ἰάσασθαι

2120 5359 2223 5424 μὲν
2254 5356 2352 5426 τὴν
2411 5358 2660 5428 πήρωσιν
2681 5360 2759 5429 τῷ
2778 5359 2980 5425 Τωϐιτ,
3010 5363 3111 5430 τὴν
3143 5360 3359 5432 Σάρραν
3384 5361 3440 5413 δὲ
3473 5361 3550 5431 τῷ
3580 5360 3692 5413 Τω-

2117 5446 2213 5517 6ἱᾳ
2244 5447 2714 5517 μνηστεύσασθαι,
2745 5450 2840 5503 καὶ
2868 5450 3028 5519 δῆσαι
3052 5451 3141 5504 τὸν
3182 5450 3497 5520 ’Δσμοδατον
3513 5451 3574 5502 τὸ
3600 5464 3691 5500 πο-

2117 5535 2282 5606 νηρὸν
2317 5536 2616 5606 δαιμόνιον,
2643 5535 2786 5590 ὥστε
2820 5539 2893 5609 μή
2929 5555 2983 5590 τι
3011 5541 3180 5591 κακὸν
3204 5539 3282 5608 τῷ
3313 5536 3499 5608 Τωϐία
3523 5537 3689 5606 ἐργά-

2118 5627 2339 5691 σασθαι,
2367 5630 2416 5680 εἰ
2442 5629 2540 5701 τὴν
2569 5629 2784 5700 Σάρραν
2816 5631 3096 5699 ἀγάγοιτο.
3134 5629 3383 5690 Καλέσας
3413 5627 3470 5680 δὲ
3511 5628 3538 5678 ὁ
3569 5625 3690 5677 Τω-

2118 5720 2204 5773 ϐὶτ
2238 5719 2329 5773 τὸν
2348 5719 2563 5774 Τωσῐαν
2613 5723 2705 5774 τὸν
2757 5723 2922 5775 παῖδα
2963 5722 3151 5785 αὑτοῦ,
3200 5723 3295 5775 καὶ
3350 5718 3691 5788 παραινέσας

2118 5811 2309 5880 πολλὰ,
2332 5811 2482 5877 τέλος
2501 5813 2605 5883 ἔφη
2626 5813 2772 5884 αὐτῷ
2788 5830 2800 5844 ·
2829 5816 2972 5869 Δέκα
2988 5815 3227 5868 τάλαντα
3252 5809 3519 5881 ἀργυρίου
3552 5825 3693 5878 παρ·
