4092 6422
338 359 434 424 971

1608 353 1933 417 JOANNIS
1973 353 2293 415 ΖΟΝΑΒΑΞ

3490 358 3600 424 212

334 485 432 531 est.
467 471 700 527 Tol-itus
735 486 870 526 vero
903 471 968 526 ad
1001 473 1226 542 januam
1258 469 1452 525 exiens
1483 469 1770 541 impingit;
1815 468 1907 523 sed

2019 466 2229 520 θουσῶν
2251 465 2363 520 τῶν
2393 465 2488 520 τοῦ
2513 465 2692 537 γάμου
2718 465 2966 538 ἡμερῶν,
3027 467 3447 534 Ἐξαῖπόστειλόν
3505 493 3600 546 με,

336 569 539 624 Tobias
575 581 642 622 eo
672 565 1018 636 apprehenso
1041 607 1054 628 ,
1105 564 1231 620 felle
1265 563 1484 617 inunsit
1522 563 1644 633 ejus
1673 565 1865 620 oculos
1895 583 1908 619 :

333 677 474 732 quos
516 659 614 714 ubi
645 659 737 714 ille
785 667 1151 728 compunctos
1198 655 1496 720 defricuit,
1547 656 1750 728 albugo
1785 654 1914 718 inde

333 768 690 824 squamarum
721 751 901 805 instar
925 749 1156 805 decidit.
1189 747 1317 802 Viso
1355 747 1524 818 igitur
1565 747 1680 802 ﬁlio
1724 748 1915 803 laudat

332 846 537 900 Deum:
571 857 808 912 cumque
841 841 1106 900 audisset.
1133 840 1268 910 quid
1300 841 1350 895 ei
1382 839 1529 910 apud
1559 840 1744 895 Medos
1772 841 1916 895 acci-

332 937 536 999 disset,
568 948 822 1006 egressus
854 940 940 988 est
974 946 1190 1002 sponsae
1221 931 1479 994 obviam,
1513 941 1570 984 et
1601 931 1740 986 bene
1780 946 1912 1001 pre-

332 1037 508 1084 catus.
531 1025 787 1082 Ninivita:
813 1033 997 1080 autem
1021 1064 1035 1088 ,
1063 1039 1188 1078 cum
1212 1038 1339 1078 eum
1363 1022 1551 1078 videre
1580 1033 1875 1079 cernerent
1895 1062 1910 1086 ,

331 1131 388 1174 et
420 1117 708 1190 magniﬁca
732 1115 826 1171 Dei
858 1130 1026 1184 opera
1054 1115 1345 1177 audirent,
1373 1114 1741 1169 mirabantur.
1766 1115 1915 1169 Dixit

331 1220 516 1266 autem
553 1208 787 1264 Tobitus
815 1207 928 1263 ﬁlio
948 1247 964 1273 ,
995 1215 1058 1261 ut
1098 1221 1201 1261 suo
1230 1206 1419 1261 comiti
1449 1206 1760 1261 mercedem
1786 1221 1912 1262 cum

330 1303 584 1358 auctario
635 1301 809 1356 daret.
875 1299 1076 1354 Verum
1139 1297 1382 1351 Tobias:
1438 1296 1638 1360 Pater,
1687 1297 1911 1367 inquit,

329 1408 538 1464 (equum
562 1400 637 1444 est
667 1406 781 1444 eum
809 1389 1078 1442 semissem
1103 1403 1281 1441 eorum
1304 1387 1540 1440 omnium
1563 1403 1682 1457 quia
1706 1386 1911 1453 attulit,

327 1485 586 1554 accipere.
623 1482 692 1536 Et
723 1479 989 1550 Raphaeli
1023 1478 1100 1533 ait
1129 1496 1143 1532 :
1177 1477 1251 1532 Hi
1277 1481 1449 1549 [ratcr
1494 1479 1692 1533 Azaria
1718 1519 1732 1544 ,
1765 1494 1913 1533 sume

327 1574 608 1628 dimidium
643 1587 824 1626 eorum
854 1569 1093 1623 omnium
1116 1584 1233 1638 qua:
1271 1567 1536 1636 attulisti,
1569 1578 1618 1622 et
1640 1569 1767 1623 bene
1795 1586 1914 1624 am-

327 1665 474 1719 bula.
505 1664 643 1719 Tum
678 1661 907 1734 angelus
937 1668 1239 1730 utrumque
1284 1659 1521 1725 seducit,
1545 1666 1601 1714 et
1633 1659 1716 1714 eis
1744 1674 1912 1730 opera

326 1757 422 1812 Dei
456 1755 740 1827 magniﬁca
782 1767 1112 1816 recensens,
1157 1765 1218 1807 se
1253 1751 1590 1822 Rapbaelem
1630 1767 1751 1807 esse
1784 1750 1862 1806 ait
1893 1769 1908 1806 :

2015 554 2094 624 τῷ
2132 554 2412 626 Ῥαγουὴλ
2440 557 2469 609 ό
2499 553 2718 618 Ταὸίας
2738 556 2897 626 φησι.
2949 557 3060 610 Καὶ
3116 557 3298 613 λαϐὼν
3355 562 3458 632 τὴν
3505 581 3604 631 γυ-

2016 649 2179 700 ναῖκα
2209 646 2399 712 αὑτοῦ,
2425 647 2518 700 καί
2545 647 2606 700 τὸ
2639 648 2816 719 ἥμισυ
2847 648 2957 702 τῶν
2979 649 3335 721 ὑπαρχόντων
3369 653 3449 724 τῷ
3478 655 3605 708 Ῥα-

2015 739 2206 810 γουὴλ,
2233 739 2425 812 ἀπῄει.
2464 741 2625 811 "Apri
2658 741 2712 793 δὲ
2741 740 2970 809 πλησίον
3009 744 3322 814 γενομένων
3365 749 3464 816 τῆς
3504 747 3604 800 Νι-

2017 829 2151 890 νευῒ,
2182 834 2350 900 φησιν
2377 833 2405 884 ό
2428 830 2660 899 ἄγγελος
2714 831 2853 902 πρὸς
2908 831 3072 886 αὐτόν
3091 847 3107 864 ⁸
3166 834 3605 906 Προδράμωμεν

2016 922 2383 990 ἔμπροσθεν,
2405 922 2814 992 ἑτοιμάσωμεν
2829 923 2944 992 τὴν
2961 925 3176 980 οικΙαν.
3203 926 3358 981 Λάϐε
3374 929 3442 982 δὲ
3452 932 3604 997 μετὰ

2016 1012 2220 1080 χεῖρας
2241 1011 2358 1081 τὴν
2381 1014 2578 1081 χολὴν
2621 1013 2730 1066 τοῦ
2761 1016 2986 1082 ἰχθύος,
3031 1017 3127 1070 καὶ
3177 1018 3404 1083 ἀνοίξει
3457 1021 3601 1086 τοὺς

2016 1104 2364 1173 ὀφθαλμοὺς
2385 1105 2574 1162 αὑτοῦ
2601 1108 2634 1159 ὁ
2677 1105 2874 1175 πατήρ
2910 1123 3052 1161 σουο
3089 1108 3172 1161 σὺ
3208 1109 3274 1162 δὲ
3314 1111 3603 1179 ἐγχρισον

2015 1195 2239 1262 αὐτοὺς
2253 1196 2326 1265 τῇ
2343 1196 2522 1265 χολῇ,
2542 1199 2638 1251 καὶ
2662 1198 2909 1267 δηχθεὶς
2923 1199 3216 1270 διατρίψει
3236 1202 3478 1269 αὐτοὺς,
3501 1203 3602 1257 καὶ

2014 1287 2316 1342 ἀποϐαλεῖ
2343 1291 2414 1342 τὰ
2446 1288 2822 1358 λευκώματα.
2855 1291 2997 1344 Ἡδὲ
3048 1293 3233 1363 μήτηρ
3267 1294 3433 1346 αὑτοῦ
3464 1295 3600 1349 ἐκά-

2015 1379 2148 1449 θητο
2173 1383 2419 1450 τηροῦσα
2452 1381 2552 1452 την
2605 1383 2726 1435 ὀδόν
2751 1399 2767 1414 ⁸
2799 1384 2895 1438 καὶ
2931 1383 3006 1447 ὼς
3041 1384 3185 1454 ἔγνω
3213 1385 3305 1438 τὸν
3354 1386 3468 1439 υῑὶν
3501 1388 3602 1439 αὑ.

2014 1473 2114 1540 τῆς
2141 1472 2460 1543 ἐρχόμενον,
2499 1473 2811 1538 σπεύσασα,
2840 1478 2975 1544 φησὶ
2995 1476 3074 1544 τῷ
3106 1477 3310 1530 Τωϐίτο
3341 1478 3600 1548 Ἔρχεται

2014 1565 2044 1618 ὁ
2076 1565 2189 1630 υἱός
2213 1582 2331 1619 σου.
2374 1567 2486 1619 Καὶ
2516 1568 2974 1639 πρεσδραμοῦσα,
3010 1572 3382 1640 κατεφίλησεν
3410 1572 3598 1638 αὑτὸν,

2015 1656 2111 1710 καὶ
2141 1652 2296 1710 εἶπεν
2316 1674 2330 1689 ο
2357 1655 2543 1713 Εἷδόν
2574 1675 2674 1723 σε,
2710 1658 2838 1726 παῖ,
2867 1660 2964 1714 καὶ
2996 1659 3147 1725 νῦν,
3195 1663 3248 1714 ει
3283 1661 3598 1732 θανοῦμαι,

2016 1751 2090 1804 οὐ
2125 1749 2320 1819 μέλον
2359 1769 2483 1821 μοι.
2552 1751 2737 1806 Tum:
2781 1753 2837 1805 δὲ
2899 1752 3047 1823 ἐξῄει
3089 1754 3228 1826 πρὸς
3273 1755 3374 1827 τὴν
3425 1756 3600 1828 θύραν

326 1863 430 1904 nec
477 1863 577 1902 sua
627 1854 821 1916 spo-ite
853 1844 1072 1900 venisse
1093 1884 1108 1910 ,
1140 1842 1237 1899 sed
1263 1857 1294 1896 a
1325 1842 1436 1897 Deo
1468 1857 1594 1898 esse
1633 1841 1862 1897 missum
1892 1858 1906 1894 :

2019 1842 2407 1913 προσκύπτων,
2453 1846 2547 1897 καὶ
2576 1846 2605 1898 ό
2633 1844 2851 1909 Τωϐίας
2898 1846 3067 1900 αὐτοῦ
3124 1847 3447 1909 ἐπελάϐετο,
3500 1849 3600 1902 καὶ

327 1952 514 1996 monet
547 1949 611 1994 ut
639 1939 816 1993 Deum
863 1936 1181 2002 celebrent,
1218 1934 1450 2006 ejusque
1499 1935 1552 1988 in
1589 1949 1649 1990 se
1688 1933 1906 1989 beneﬁ-

208 2018 214 2023 l
327 2033 564 2089 centiam
616 2029 940 2102 praedicent.
995 2026 1138 2082 Nam
1178 2042 1478 2092 arcanum,
1521 2025 1736 2096 inquit,
1770 2027 1909 2096 regis

331 2124 519 2179 uelare
541 2123 732 2177 bonum
755 2130 829 2174 est
856 2135 874 2185 ;
915 2117 1011 2172 Dei
1037 2125 1216 2172 autem
1241 2133 1400 2188 opera
1428 2125 1552 2170 sunt
1587 2115 1908 2171 celebranda

335 2215 726 2270 ztextollenda.
769 2213 852 2268 llli
886 2210 974 2266 bis
999 2209 1237 2274 auditis,
1285 2208 1351 2263 ad
1396 2209 1565 2278 pedes
1611 2209 1734 2279 ejus
1779 2217 1910 2264 sunt

325 2307 566 2379 prolapsi
595 2324 609 2361 :
639 2305 736 2361 sed
769 2319 896 2358 cum
925 2302 1321 2367 surrexissent,
1348 2315 1478 2356 eum
1507 2316 1616 2356 non
1644 2300 1910 2356 viderunt

324 2400 587 2471 amplius,
618 2407 675 2454 et
712 2396 1091 2469 praedicarunt
1137 2392 1403 2449 miracula
1447 2393 1716 2448 divinitus
1754 2393 1810 2448 in
1847 2408 1907 2448 se

323 2493 493 2550 edita.
521 2492 694 2548 Natus
733 2499 855 2545 erat
887 2487 1157 2552 Tobitus,
1203 2500 1330 2541 cum
1361 2487 1543 2542 visum
1577 2486 1860 2542 amitteret
1889 2525 1905 2552 ,

323 2601 500 2643 annos
524 2581 924 2657 quinquaginta
951 2588 1077 2635 octo
1097 2619 1113 2645 ,
1145 2593 1385 2648 eumque
1409 2586 1535 2649 post
1570 2592 1747 2632 annos
1779 2585 1907 2633 octo

324 2677 700 2750 recuperavit,
730 2683 789 2732 et
813 2675 882 2730 ab
906 2688 974 2729 eo
1001 2680 1252 2742 tempore
1285 2670 1462 2742 magis
1484 2669 1655 2726 etiam
1694 2671 1910 2726 veritus

322 2782 411 2828 est
436 2771 609 2827 Deum
639 2810 654 2836 ,
692 2775 749 2823 et
774 2767 951 2838 majus
981 2762 1209 2818 virtutis
1243 2760 1486 2818 studium
1517 2759 1734 2816 habuit.
1769 2759 1907 2816 Cum

325 2865 485 2934 plane
515 2859 936 2922 consenuisset,
965 2855 1157 2911 Tobiae
1187 2854 1326 2911 dixit
1357 2871 1371 2908 :
1405 2852 1521 2925 Ego
1547 2894 1562 2920 ,
1594 2853 1677 2922 ﬁli
1704 2894 1719 2919 ,
1747 2853 1910 2920 plane

321 2955 591 3014 toasenui,
607 2951 843 3022 jamiam
867 2950 1180 3002 moriturus.
1208 2945 1283 3001 Tu
1308 2959 1430 2999 vero
1455 2960 1575 2997 cum
1600 2941 1778 2995 liberis
1803 2942 1908 2994 tuis

321 3047 652 3118 proﬁciscere
682 3045 739 3097 in
775 3041 1031 3095 Mediam.
1075 3037 1401 3094 Persuasum
1427 3037 1568 3088 enim
1599 3033 1763 3087 habeo
1793 3071 1807 3095 ,
1844 3047 1907 3085 ea

319 3157 438 3214 qua:
457 3140 624 3195 Jonas
648 3136 712 3191 de
740 3135 785 3188 Ν
795 3135 956 3189 inives
978 3131 1178 3187 excidio
1203 3129 1470 3200 prwdixit,
1495 3135 1744 3180 euentura
1773 3139 1904 3179 esse.

321 3229 691 3302 Hierosolyma
726 3229 851 3282 item
893 3226 1004 3296 fore
1030 3223 1238 3276 deserta
1264 3260 1280 3285 ,
1312 3229 1362 3274 et
1397 3217 1651 3288 templum
1687 3217 1902 3272 combu-

319 3335 460 3381 stum
503 3324 610 3378 iri:
637 3320 728 3375 sed
756 3319 861 3372 Deo
887 3316 1002 3370 urbi
1025 3311 1390 3374 reconciliata,
1430 3309 1688 3381 populum
1723 3324 1907 3363 rever-

317 3433 527 3480 surum,
549 3421 598 3468 et
636 3429 755 3467 eam
777 3411 1236 3465 instauraturum.
1273 3403 1352 3458 Tu
1379 3419 1499 3457 vero
1530 3402 1697 3473 legem
1727 3401 1908 3454 obser-

320 3520 464 3575 vato,
503 3515 552 3561 et
581 3505 877 3560 misericors
912 3509 1021 3554 esto
1047 3506 1094 3552 et
1109 3498 1319 3568 justus.
1352 3493 1448 3550 His
1476 3493 1588 3548 filio
1633 3491 1909 3547 mandatis

321 3595 648 3668 exspiravit,
675 3607 851 3648 annos
877 3599 1101 3644 centum
1134 3585 1532 3657 quinquaginta
1568 3591 1693 3638 octo
1723 3591 1903 3636 natus.

319 3691 400 3745 Eo
427 3687 630 3743 Tobias
667 3700 777 3739 una
809 3696 936 3737 cum
962 3687 1136 3734 matre
1169 3676 1478 3731 honoriﬁce
1503 3675 1744 3746 sepulto,
1778 3687 1905 3728 cum

321 3796 492 3838 uxore
518 3779 794 3835 Ecbatana
823 3772 1012 3829 Media:
1055 3772 1124 3826 ad
1154 3783 1408 3826 socerum
1443 3767 1740 3837 ltaguvlem
1773 3780 1905 3834 pro-

2009 1931 2275 2002 ὲπέχρισε
2315 1933 2416 2002 τὴν
2448 1931 2612 2004 χολὴν
2645 1933 2739 1986 ἐπὶ
2767 1936 2894 1998 τοὺς
2925 1934 3242 2005 ὀφθαλμοὺς
3275 1937 3464 2001 αὑτοῦ,
3501 1938 3598 1990 καὶ

2010 2022 2439 2095 συνεδήχθησαν,
2485 2027 2584 2080 καὶ
2626 2025 2907 2097 διέτριψεν
2941 2027 3163 2095 αὐτοὺς,
3208 2031 3302 2082 καὶ
3334 2029 3598 2100 ὲλεπίσθη

2007 2116 2105 2171 ἀπ’
2138 2117 2326 2172 αὐτῶν
2361 2119 2430 2170 τὰ
2457 2115 2816 2185 λευκώματα.
2845 2119 2956 2173 Καὶ
2983 2120 3107 2173 ἰδὼν
3137 2121 3229 2174 τὸν
3259 2122 3373 2174 υἱὸν
3404 2123 3595 2186 αὐτοῦ,

2008 2206 2272 2274 εὐλόγησε
2303 2209 2396 2260 τὸν
2435 2206 2591 2260 Θεόν.
2636 2209 2744 2261 Καὶ
2771 2208 2846 2272 ὡς
2878 2210 3172 2281 ἀπηγγέλη
3207 2211 3283 2282 τῷ
3309 2212 3490 2266 Τωόὶτ
3525 2213 3598 2266 τὰ

2009 2299 2275 2366 γεγονότα
2312 2298 2392 2369 τῷ
2440 2299 2630 2371 Τωϐία
2687 2301 2747 2353 ὲν
2799 2301 3006 2373 Μηδίᾳ,
3044 2302 3238 2373 ἐξῆλθε
3281 2304 3461 2357 Τωὸὶτ
3514 2307 3597 2368 εις

2010 2392 2341 2462 συνάντησιν
2367 2391 2469 2463 τῆς
2503 2391 2727 2464 νύμὲρης
2757 2393 2946 2448 αὑτοῦ.
2977 2395 3086 2447 Ka‘t
3125 2395 3250 2448 ἰδὼν
3279 2396 3474 2466 αὐτὴν,
3503 2399 3598 2448 εὖ-

2009 2485 2249 2556 λόγησεν
2304 2485 2494 2556 αὑτήν.
2542 2487 2607 2539 Οἱ
2645 2486 2703 2540 δὲ
2752 2488 2809 2541 ὲν
2840 2490 2906 2557 τῇ
2942 2489 3132 2542 Νινευτ
3159 2490 3394 2561 ὁρῶντες
3431 2473 3621 2545 αὐτὶνκ

2012 2575 2306 2647 βλέποντα,
2350 2577 2447 2630 καὶ
2487 2577 2794 2646 ἀκηκοότες
2832 2581 2933 2634 ὅσα
2966 2581 3229 2652 ἐποίησεν
3267 2583 3296 2635 ό
3329 2583 3460 2647 Θεὸς
3499 2601 3592 2653 με·

2008 2669 2225 2739 γαλεῖα,
2263 2667 2604 2739 ἐθαύμαζον.
2642 2667 2780 2725 Εἶπε
2824 2673 2883 2726 δὲ
2914 2674 3098 2728 Τωὸὶτ
3137 2674 3215 2746 τῷ
3259 2676 3361 2746 υἱῷ
3403 2676 3592 2730 αὑτοῦ·

2015 2759 2116 2824 Δὸς
2145 2759 2235 2832 δὴ,
2275 2761 2492 2824 τέκνον,
2524 2762 2617 2814 τὸν
2660 2763 2853 2833 μισθὸν
2879 2765 2956 2836 τῷ
2984 2765 3261 2838 ἀνθρώπῳ
3299 2768 3376 2839 τῷ
3407 2769 3594 2820 συνελε-

2010 2851 2156 2906 θόντι
2209 2870 2317 2920 σοι,
2374 2855 2578 2924 μᾶλλον
2611 2857 2798 2925 μέντοι
2835 2858 2928 2910 καὶ
2967 2860 3286 2928 προσθεῖναι
3309 2861 3460 2929 αὑτῴ
3489 2859 3591 2914 δεῖ.

2020 2944 2080 2998 '0
2121 2945 2200 3009 δὲ,
2229 2945 2442 3016 Πάτερ,
2477 2950 2602 3018 ἔφη,
2634 2953 2705 3004 τὰ
2741 2949 2934 3019 ἡμίση
2989 2951 3200 3004 λαϐεῖν
3247 2945 3334 3004 ὧν
3377 2953 3594 3018 ἐνήνο-

2011 3053 2104 3106 χε,
2156 3037 2392 3105 δίκαιός
2443 3043 2598 3096 ἐστι.
2659 3043 2770 3095 Καὶ
2806 3026 2932 3094 ἐἷπε
2996 3041 3075 3112 τῷ
3115 3043 3386 3114 Ῥαφαὴλ·
3438 3047 3596 3098 Λάϐε

2004 3145 2130 3198 μοι,
2157 3127 2386 3200 ἀδελφέ
2420 3131 2662 3202 Ἀζαρία,
2692 3133 2759 3187 τὸ
2790 3132 2980 3203 ἥμισυ
3006 3133 3250 3188 πάντων
3274 3129 3361 3189 ὧν
3384 3136 3598 3204 ἐνηνο-

2010 3239 2222 3293 χαμεν,
2253 3225 2352 3278 καὶ
2387 3226 2648 3294 πορεύου
2679 3227 2986 3296 ὑγιαίνων.
3023 3226 3158 3282 Τότε
3181 3230 3418 3291 καλέσας
3448 3231 3592 3283 κατὰ

2012 3314 2182 3384 μόνας
2215 3317 2340 3379 τοὺς
2371 3315 2466 3370 δύο
2488 3317 2516 3370 ό
2546 3318 2780 3386 ἄγγελος
2798 3319 3134 3391 ἀπήγγειλεν
3156 3320 3303 3374 ἅπαν
3331 3325 3390 3374 τὸ
3420 3339 3594 3392 μεγα-

2007 3404 2170 3471 λεῖον,
2199 3407 2226 3461 ὃ
2247 3408 2473 3479 ἐποίησε
2507 3409 2629 3480 μετ’
2655 3411 2839 3465 αὐτῶν
2872 3415 2901 3466 ό
2937 3414 3099 3476 Θεός.
3136 3415 3247 3467 Καὶ
3266 3408 3422 3466 εἶπεν
3450 3411 3590 3467 εἶναι

2005 3499 2035 3552 ὁ
2080 3498 2351 3572 Ῥαφαὴλ,
2394 3504 2492 3556 καὶ
2525 3505 2601 3574 μὴ
2631 3503 2724 3573 ἀφ’
2745 3505 2943 3558 ἑαυτοῦ
2973 3500 3410 3576 παραγενέσθαι,
3455 3505 3591 3559 ἀλλὰ

2010 3590 2268 3662 σταλῆναι
2289 3593 2392 3646 ὑπὸ
2423 3595 2582 3649 θεοῦ.
2629 3596 2736 3648 Ka‘t
2775 3597 3087 3668 παρῄνεσεν
3119 3598 3317 3661 αὐτοὺς
3338 3597 3583 3665 εὐλογεῖν

2006 3681 2099 3736 τὸν
2149 3683 2318 3747 Θεὸν,
2372 3687 2467 3739 καὶ
2513 3685 2961 3756 ἐξομολογεῖσθαι
3017 3689 3120 3742 ὅσα
3180 3690 3410 3759 ἐποίησε
3465 3689 3588 3759 μετ’

2009 3774 2214 3830 αὐτῶν.
2273 3778 2630 3848 Μυστήριον
2685 3780 2804 3849 μὲν
2852 3781 2966 3851 γὰρ
3020 3781 3330 3848 ,βασιλέως
3359 3824 3373 3847 ,
3429 3781 3535 3853 εφη
3570 3821 3586 3847 ,

319 3873 627 3931 ﬁciscitur:
656 3883 821 3940 quem
851 3879 978 3921 cum
1003 3872 1061 3920 et
1081 3864 1264 3933 ipsum
1294 3871 1426 3916 natu
1450 3859 1713 3932 grandem
1744 3871 1902 3926 sepe-

2014 3867 2304 3936 κρύπτειν
2355 3871 2586 3923 καλόνο
2617 3871 2690 3926 τὰ
2719 3870 2790 3924 δὲ
2827 3873 2972 3942 ἔργα
3009 3873 3114 3928 τοῦ
3160 3873 3312 3929 Θεοῦ
3359 3875 3588 3941 ἀνακη-

317 3969 494 4032 lisset,
522 3962 901 4020 liaareditatem
925 3959 1047 4030 ejus
1068 3956 1205 4012 adit.
1227 3955 1477 4010 Mortuus
1495 3961 1580 4007 est
1601 3959 1659 4006 et
1680 3949 1901 4014 Tobias,

2011 3960 2245 4026 ρύττειν
2293 3960 2550 4027 ἔνδοξον
2600 3963 2734 4035 (87).
2795 3965 2860 4018 0i
2905 3965 2986 4031 δὲ,
3038 3967 3370 4030 ἀκούσαντες
3392 3967 3586 4030 ταῦτα,

323 4061 486 4133 146
511 4073 686 4114 annos
712 4066 874 4112 natus
897 4062 1122 4110 centum
1151 4047 1347 4120 viginti
1372 4057 1616 4116 septem,
1650 4041 1897 4098 audivit—

2011 4049 2206 4103 ἔπεσον
2234 4051 2340 4104 ὑπὸ
2368 4054 2494 4116 τοὺς
2518 4053 2685 4115 πόδας
2707 4054 2898 4120 αὐτοῦ,
2924 4057 3019 4110 καὶ
3043 4058 3373 4120 ἀναστάντες
3403 4057 3589 4110 οὐκέτι

319 4169 430 4221 que
454 4191 468 4215 ,
506 4151 826 4220 priusquam
861 4145 1063 4209 obiret,
1099 4140 1379 4198 excidium
1410 4136 1638 4193 Ninives
1665 4149 1696 4189 a
1723 4135 1905 4190 Nabu-

2011 4142 2176 4196 αὑτδν
2223 4140 2385 4212 εἶδον,
2425 4146 2523 4198 καὶ
2561 4146 3049 4218 ἀνθωμολογοῦντο
3079 4149 3156 4220 τῷ
3203 4149 3323 4218 Θεῷ
3361 4149 3476 4202 ἀνθ’
3512 4141 3589 4201 ὧν

319 4241 703 4298 cltodonosore
723 4246 782 4294 et
813 4234 1058 4308 Assyriis
1081 4242 1277 4304 captae.

2013 4232 2135 4303 μετ’
2181 4236 2364 4289 αὐτῶν
2426 4237 2752 4308 Θαυμασίων
2801 4240 3081 4310 ἐποίησεν.
3129 4236 3238 4293 Ἶιν
3280 4241 3338 4294 δὲ
3384 4239 3587 4307 Τωὸὶτ,

319 4336 410 4388 ὅτε
454 4335 553 4407 τὴν
594 4335 785 4405 ὅρασιν
833 4327 1004 4386 αὑτοῦ
1046 4325 1372 4390 ἀπώλεσεν,
1419 4321 1559 4376 ἑτῶν
1603 4321 1946 4394 πεντήκοντα
1986 4328 2081 4381 καὶ
2119 4328 2286 4397 ὀκτὼ,
2334 4330 2431 4384 καὶ
2480 4333 2620 4402 μετὰ
2668 4333 2764 4403 ἐτη
2812 4333 2959 4386 ὀκτὼ
3033 4335 3384 4406 ἀποκατέστη
3426 4334 3589 4389 πάλιν

321 4431 400 4490 εἰς
431 4426 492 4478 τὸ
521 4427 680 4497 όρᾷν,
719 4423 816 4477 καὶ
862 4417 932 4494 ἦν
968 4419 1173 4492 μᾶλλον
1219 4417 1410 4470 ἔκτοτε
1443 4412 1786 4484 φοϐούμενος
1853 4416 1946 4470 τὸν
2010 4419 2166 4484 ea)”,
2212 4422 2310 4474 καὶ
2354 4421 2416 4475 τδ
2448 4424 2654 4490 ἀγαθὸν
2706 4425 3103 4495 ἐργαζόμενος.
3145 4425 3481 4497 nmmum
3530 4427 3588 4480 δὲ

320 4519 402 4581 εἰς
441 4518 694 4588 ἔσχατον,
734 4515 887 4583 λέγει
946 4512 1028 4582 τῷ
1082 4510 1186 4578 υἱῷ
1239 4507 1406 4562 αὐτοῦ
1435 4523 1449 4536 ·
1493 4505 1739 4570 Τέκνον,
1781 4505 1912 4560 ἰδοὺ
1956 4509 2280 4580 γεγήρακα,
2311 4512 2410 4566 καὶ
2460 4515 2614 4582 πρὸς
2651 4513 2731 4580 τῷ
2763 4516 2970 4570 θανεῖν
3003 4520 3143 4587 ειμιο
3184 4519 3266 4572 σὺ
3301 4519 3370 4572 δὲ
3440 4520 3590 4573 λάϐε

322 4609 468 4673 τοὺς
527 4609 706 4673 υἱούς
754 4623 910 4669 σου,
963 4604 1065 4658 καὶ
1133 4602 1360 4656 ἄπελθε
1413 4602 1502 4665 εις
1554 4599 1817 4667 Μηδίαν.
1903 4600 2238 4672 Πέπεισμαι
2325 4604 2470 4674 γὰρ,
2529 4605 2620 4661 ὅτι
2673 4609 2792 4662 ὅσα
2843 4609 3131 4678 προεῖπεν
3185 4610 3392 4677 Ἰωνᾶς
3449 4613 3584 4682 περὶ

319 4699 532 4758 Νινευῖ
556 4741 570 4767 ,
633 4699 714 4765 ὡς
804 4693 1377 4764 καταστραφήσεται
1405 4728 1420 4752 ,
1499 4690 1904 4760 γενήσονται,
1940 4694 2039 4747 καὶ
2089 4695 2180 4749 ὅτι
2255 4696 2643 4768 Ἱεροσόλυμα
2686 4701 2876 4770 ἔρημα
2932 4704 3129 4768 ἔσται,
3179 4707 3278 4759 καὶ
3352 4708 3387 4758 ό
3439 4711 3587 4772 ναὸς

319 4794 871 4864 κατακαυθήσεται,
909 4789 1010 4843 καὶ
1037 4787 1229 4841 πάλιν
1281 4782 1530 4852 ἐλεήσει
1572 4784 1689 4852 τὴν
1715 4786 1898 4838 πόλιν
1934 4787 1969 4840 ὀ
2033 4787 2200 4854 Θεὸς,
2233 4789 2331 4842 καὶ
2366 4789 2716 4861 ἐπιστρέψει
2746 4796 2780 4848 ό
2809 4794 2983 4861 λαὸς,
3043 4795 3140 4849 καὶ
3185 4796 3574 4867 οἰκοδομήσει

318 4889 534 4957 αὐτήν.
584 4889 669 4942 Σὺ
716 4885 786 4939 δὲ
836 4883 1106 4952 τήρησον
1157 4879 1267 4933 τὸν
1317 4879 1532 4947 νόμον,
1579 4877 1676 4932 καὶ
1731 4879 1904 4948 γίνου
1931 4878 2212 4950 ἐλεήμων
2260 4883 2360 4938 καὶ
2435 4883 2688 4953 δίκαιος.
2763 4889 2875 4940 Ka‘t
2929 4888 3156 4943 τοιαῦτα
3203 4891 3584 4962 ἐντειλάμενος

316 4982 398 5053 τῷ
431 4980 538 5052 υἱῷ
587 4979 781 5044 αὐτοῦ,
828 4975 1101 5043 ἐξέλιπεν,
1155 4973 1296 5028 ἑτῶν
1348 4970 1647 5042 γενόμενος
1704 4972 1904 5028 ὲκατὺν
1979 4975 2327 5047 πεντήκοντα
2356 4979 2453 5033 καὶ
2487 4978 2676 5034 ὀκτώ·
2751 4983 2845 5034 καὶ
2893 4982 3094 5054 ἔθαψεν
3141 4984 3305 5039 αὐτὸν
3346 4985 3584 5057 ἐντίμως

319 5074 560 5143 Τωσιας,
606 5074 703 5128 καὶ
731 5071 834 5143 τὴν
875 5069 1090 5142 μητέρα
1124 5065 1316 5133 αὐτοῦ,
1366 5064 1464 5119 καὶ
1495 5063 1710 5134 ἀπῆλθε
1752 5065 1894 5136 μετὰ
1932 5066 2036 5138 τῆς
2066 5069 2326 5137 γυναικὸς
2375 5072 2544 5126 αὐτοῦ
2584 5075 2666 5138 εις
2750 5073 3061 5129 Ἐκϐάτανα
3099 5075 3239 5145 πρὸς
3315 5076 3584 5151 Ῥαγουηλ

318 5168 410 5222 τὸν
439 5167 705 5239 πενθερὸν
725 5165 914 5233 αὐτοῦ,
940 5165 1036 5220 καὶ
1060 5161 1234 5232 ἔθαψε
1262 5161 1521 5216 κάκεῖνον
1584 5159 1930 5230 γηράσαντα,
2006 5162 2105 5217 καὶ
2171 5161 2622 5237 ἐκληρονόμησεν
2677 5168 2864 5222 αὐτόν.
2928 5168 3203 5224 Ἀπέθανε
3253 5169 3312 5224 δὲ
3365 5170 3582 5238 Τωϐιας

317 5261 458 5316 ὲτῶν
497 5260 694 5316 ἑκατὸν
734 5258 912 5314 εἴκοσι
952 5257 1050 5314 καὶ
1104 5256 1247 5312 ἑπτὰ
1287 5255 1345 5308 ἐν
1387 5251 1746 5316 Ἐκϐατάνοις
1795 5253 1896 5324 τῆς
1933 5255 2176 5326 Μηδίας,
2243 5259 2341 5312 καὶ
2381 5259 2584 5329 ἤκουσε
2612 5259 2721 5328 πρὸ
2752 5259 2849 5314 τοῦ
2898 5261 3083 5316 θανεῖν
3131 5261 3235 5332 τὴν
3302 5264 3583 5318 ἀπώλειαν

317 5353 528 5423 Νινευῒ,
555 5351 1091 5426 αἰχμαλωτισθείσης
1136 5348 1241 5404 ὑπὸ
1262 5344 1741 5415 Ναϐουχοδονόσορ
1782 5348 1877 5399 καὶ
1911 5347 2240 5417 Ἀσσυρίων.

388 5449 506 5505 XV.
530 5449 722 5506 Omnis
749 5449 916 5521 igitur
948 5446 1308 5503 Hebrzeorum
1357 5435 1627 5512 populus,
1677 5449 1738 5494 ut
1784 5439 1897 5511 jam

2083 5440 2180 5497 IE'.
2213 5444 2288 5497 Τὸ
2330 5444 2428 5515 μὲν
2459 5444 2553 5500 οὖν
2588 5447 2810 5518 σύμπαν
2846 5448 2956 5502 τῶν
2998 5448 3266 5522 Ἐδραεων
3305 5450 3478 5522 ἔθνος,
3505 5453 3582 5518 ὡς

572 5600 651 5636 'v
1487 5605 1691 5667 Variaa
1721 5603 2029 5669 lectiones
2074 5612 2136 5668 et
2169 5616 2359 5671 noue.

343 5757 348 5762 -
390 5727 500 5795 (87)
533 5727 996 5792 Ἀνακηρύττειν
1014 5727 1293 5792 ἔνδοξον.
1318 5729 1472 5784 Alter
1487 5726 1663 5783 codex
1681 5733 1738 5782 et
1754 5739 1888 5780 mss.

319 5795 451 5865 Reg.
481 5805 538 5883 et
567 5795 723 5852 Colb.
755 5797 958 5850 habent
984 5798 1228 5864 ὲνδὸξως.
1264 5798 1570 5868 Utrumque
1596 5795 1889 5854 commode

1996 5721 2114 5803 legi
2133 5739 2334 5798 potest,
2370 5729 2413 5783 si
2444 5729 2674 5796 ἐνδόξως
2709 5731 2776 5785 ad
2817 5731 3048 5787 verbum
3081 5735 3484 5803 ἀνακηρύττειν
3519 5741 3576 5791 et

1997 5799 2160 5853 καλὸν
2190 5815 2289 5871 per
2318 5814 2540 5872 zeugma
2578 5811 2882 5872 repetatur,
2912 5803 3093 5875 inquit
3120 5799 3374 5862 Wolﬁus.
