4092 6464
471 393 578 457 2ῗ3

1702 391 2112 453 ΑΝΝΑῘΛΠΜ
2152 391 2303 454 LIB.
2341 393 2462 455 ΙΙΙ.

3618 379 3726 442 2τᾷ

470 507 574 576 ἠδη
632 503 941 575 ἱστόρηται,
985 501 1332 572 δτηρυάλωτον
1376 506 1531 575 παρά
1580 507 1690 559 τῶν
1741 506 2048 577 Ἀσσυρίων

2176 511 2462 578 :xpositum
2486 514 2589 569 est,
2615 506 2684 562 ab
2707 505 2944 575 Assyriis
2964 513 3180 574 captus,
3202 500 3387 557 etalio
3431 499 3730 554 translatus

472 597 794 666 γενόμενον,
828 595 1168 667 μετῳκίσθη,
1218 598 1314 650 καὶ
1369 596 1576 669 ἔρημος
1612 599 1643 668 ἡ
1687 598 2049 670 Ἰερουσαλὴμ

2176 611 2272 663 :st,
2303 601 2537 656 desertis
2573 597 2962 669 Hierosolymis
2989 615 3002 650 :
3038 609 3218 664 neque
3249 593 3404 664 prius
3433 591 3725 648 dimissus,

473 688 907 750 κατελέλειπτο,
964 689 1024 741 οὗ
1073 689 1342 758 προτερόν
1391 705 1452 741 τε
1519 691 1621 758 τῆς
1672 691 2052 760 αἰχμαλωσίας

473 780 661 850 ἐλύθη,
695 779 827 852 πρὶν
860 780 1029 851 ἡτῶν
1059 780 1364 843 Ἀσσυρίων
1396 782 1669 851 κατελύθη
1711 784 1853 854 ἀρχὴ
1912 786 2054 839 κατὰ

472 873 572 942 τὴν
617 872 966 944 προφητικὴν
1016 873 1423 945 προαγόρευσιν
1471 874 1575 927 ὑπὸ
1619 875 1820 946 Μήδων
1853 893 1913 928 τε
1958 877 2053 929 καὶ

476 965 726 1034 Περσῶν,
785 966 882 1018 καὶ
933 967 984 1019 οἱ
1035 966 1413 1037 ἐϐδομήκοντα
1469 966 1752 1038 παρῆλθον
1791 967 2054 1031 ἐνιαυτοὶ,

473 1052 572 1118 οὓς
617 1056 647 1107 ὁ
699 1055 991 1126 προφήτης
1049 1056 1330 1127 Ἱερεμίας
1391 1056 1872 1127 προανεφώνησεν.
1940 1058 2055 1110 Οὐκ

477 1144 710 1217 ἄκαιρον
739 1146 787 1199 δ’
816 1145 883 1200 ἂν
916 1145 1004 1216 εἴη
1037 1148 1133 1201 καὶ
1163 1147 1261 1215 τῆς
1291 1147 1402 1200 τῶν
1425 1148 1736 1219 Ἀτσυρίων
1773 1147 2054 1217 βασιλείας

479 1237 943 1307 ἐπιτετμημένως
977 1237 1272 1302 διεξελθεῖν
1310 1237 1411 1305 τὴν
1442 1237 1782 1310 καθαίρεσιν
1826 1239 1922 1292 καὶ
1950 1237 2058 1291 δεῖ·

480 1327 568 1392 Eat
608 1328 709 1398 τὴν
749 1328 1103 1400 προφητικὴν
1157 1329 1540 1400 ἀληθεύουσαν
1591 1331 1924 1402 πρόρρησιν,
1957 1333 2060 1402 τὴν

479 1419 587 1472 ὑπὸ
632 1419 837 1490 Μήδων
875 1422 973 1475 καὶ
1015 1421 1249 1490 Περσῶν
1293 1421 1510 1493 μέλλειν
1541 1421 1709 1492 αὐτὴν
1751 1420 2062 1493 καταλυθή-

481 1511 674 1566 σεσθαι
717 1511 828 1581 (88)
877 1512 1360 1586 προθεσπίσασαν·
1393 1513 1506 1585 ἔχει
1539 1531 1598 1566 τε
1648 1511 1841 1577 οὕτως.
1893 1514 2061 1566 Βασι-

479 1604 620 1658 λεῖαι
665 1605 788 1659 καθ’
820 1606 1021 1670 ἐαυτάς
1062 1602 1207 1678 ἦσαν
1239 1609 1272 1678 ή
1304 1607 1413 1661 τῶν
1461 1608 1662 1678 Μήδιον
1725 1607 1822 1661 καὶ
1855 1609 1887 1678 ἡ
1921 1609 2064 1680 Περ-

484 1697 595 1750 σῶν
620 1713 637 1730 ο
669 1697 765 1750 καὶ
805 1699 904 1767 τῆς
967 1699 1068 1765 μὲν
1100 1694 1271 1770 ἦρχεν
1322 1701 1351 1753 ὀ
1399 1700 1729 1768 Ἀστυάγης,
1769 1701 1797 1753 ὁ
1827 1701 2062 1771 Καμϐύ-

2157 712 2321 766 quam
2352 695 2699 766 Assyriorum
2726 691 3042 761 imperium,
3069 688 3436 758 utprophetat
3457 683 3730 754 praedixe-

2158 797 2318 853 rant,
2366 803 2396 841 a
2448 784 2619 841 Medis
2660 794 2717 840 et
2747 783 2932 839 Persis
2964 787 3113 838 esset
3157 793 3448 840 eversum,
3487 774 3731 842 anniqu‘e

2157 881 2506 952 Septuaginta
2565 880 2634 934 ab
2693 876 2934 934 Ieremia
2993 876 3263 948 designati
3336 867 3730 942 praeterissent.

2157 974 2349 1044 Neque
2383 988 2516 1028 vero
2548 972 2792 1027 alienum
2826 973 2930 1026 hoc
2962 973 3085 1025 loco
3119 967 3306 1029 fuerit,
3342 961 3548 1034 Assyrii
3581 958 3735 1028 regni

2159 1065 2438 1124 excidium
2465 1065 2710 1121 breviter
2742 1062 3142 1134 perstringere,
3185 1071 3350 1130 atque
3404 1053 3696 1111 ostendere
3723 1089 3738 1114 ,

2162 1175 2293 1217 vere
2352 1156 2671 1228 praedictum
2737 1155 2908 1210 fuisse
2947 1169 2976 1208 a
3018 1150 3309 1223 prOphetis
3335 1187 3350 1210 ,
3396 1146 3448 1201 id
3495 1159 3524 1198 a
3567 1139 3742 1195 Medis

2161 1265 2216 1307 et
2247 1252 2430 1307 Persis
2470 1264 2726 1306 eversum
2772 1247 2860 1302 iri.
2905 1245 3177 1302 Caaterum
3214 1256 3304 1296 res
3340 1240 3415 1294 ita
3449 1252 3509 1292 se
3553 1232 3740 1287 habet.

2164 1345 2449 1400 Medorum
2494 1353 2550 1398 et
2598 1343 2896 1398 Persarum
2952 1337 3214 1394 distincta
3265 1347 3434 1404 regna
3469 1329 3696 1383 fuerunt
3727 1365 3740 1387 ,

2165 1452 2401 1510 quorum
2452 1436 2585 1492 illud
2636 1435 2932 1504 Astyages.
2989 1430 3096 1485 hoc
3161 1425 3464 1495 Cambyses
3515 1418 3696 1476 tenuit
3725 1457 3740 1478 .

2165 1531 2261 1601 qui
2290 1528 2597 1584 Mandanen
2625 1524 2878 1596 Astyagis
2906 1521 3070 1576 ﬁliam
3102 1519 3159 1573 in
3189 1514 3544 1573 matrimonio
3571 1511 3746 1565 habeo

2166 1625 2293 1690 bat;
2340 1639 2406 1678 ex
2446 1634 2621 1690 eaque
2658 1617 2860 1689 Cyrum
2896 1613 3070 1668 lilium
3107 1609 3438 1682 procreavit.
3471 1605 3519 1661 Is
3548 1605 3748 1660 Persa-

2168 1733 2292 1773 rum
2342 1713 2609 1771 inStitutis
2651 1711 2954 1768 educatus.
3012 1706 3068 1760 in
3115 1704 3296 1758 virum
3332 1697 3694 1756 fortissimum
3730 1734 3742 1755 .

483 1805 584 1892 σης
609 1789 664 1841 δέ
703 1789 804 1859 τῆς
845 1790 1349 1861 Περσῶν.Συνῴκει
1384 1790 1429 1844 δ’
1457 1786 1616 1854 οὗτος
1639 1794 1706 1863 τῇ
1730 1790 2066 1859 Ἀστυάγους

2176 1808 2642 1866 modestissimum
2667 1847 2682 1870 ,
2716 1802 3003 1859 cordatum
3039 1807 3097 1853 et
3125 1793 3494 1868 justissimum
3547 1787 3743 1844 evasit.

482 1879 717 1953 θυγατρὶ
750 1883 1064 1954 καλουμένῃ
1093 1884 1379 1956 Μανδάνη,
1411 1885 1534 1954 ἥτις
1571 1885 1737 1939 παῖδα
1794 1884 1872 1955 τῷ
1901 1886 2063 1955 Καμ-

483 1973 622 2046 ϐύσῃ
653 1976 744 2029 τὸν
776 1976 961 2048 Κῦρον
1000 1979 1272 2045 ἐγείνατο,
1311 1977 1371 2042 ὃς
1409 1981 1521 2042 τοῖς
1568 1979 1679 2032 τῶν
1719 1979 1948 2050 Περσῶν
1979 1980 2063 2034 νό-

485 2083 615 2136 μοις
653 2069 910 2138 τραφεὶς,
947 2069 1328 2142 ἀνδρειότατός
1364 2086 1423 2124 τε
1461 2071 1557 2124 καὶ
1588 2072 2063 2141 σωφρονέστατος,

483 2161 749 2231 νουνεχής
798 2178 859 2215 τε
890 2163 985 2215 καὶ
1016 2162 1366 2226 δικαιότατος
1391 2162 1609 2232 γέγονε.
1649 2165 1730 2219 Τὸ.
1769 2165 1826 2218 δὲ
1859 2165 2068 2238 νόμιμα

482 2250 591 2303 τῶν
619 2251 852 2322 Περσῶν
871 2253 1049 2306 τοιάδε
1077 2248 1240 2323 ἦσαν,
1270 2252 1346 2317 ὡς
1377 2253 1630 2324 Ξενοφῶν
1664 2257 2066 2328 συνεγράψατο.

482 2338 594 2396 Ἤν
641 2347 830 2410 αὐτοῖς
875 2345 1056 2418 ἀγορά
1091 2346 1203 2418 (89)
1241 2347 1503 2420 ἐλευθέρα
1555 2349 1894 2421 καλουμένη,
1944 2351 2068 2406 καθ’

2167 1907 2456 1962 Persarum
2479 1909 2662 1954 autem
2692 1896 2965 1955 instituta,
2990 1889 3355 1961 Xenophonte
3376 1891 3625 1946 auctore,
3646 1879 3750 1933 hu-

2162 1997 2407 2073 jusmodi
2459 1995 2708 2050 fuerunt.
2759 1990 2965 2047 Forum
2999 1986 3248 2041 habuere
3277 2022 3292 2042 ,
3325 1975 3476 2051 quod
3507 1975 3748 2080 liberum

2165 2090 2506 2154 vocabatur,
2560 2086 2616 2142 in
2664 2100 2775 2155 quo
2812 2092 2869 2139 et
2903 2079 3050 2150 regia
3072 2119 3088 2145 ,
3128 2086 3184 2132 et
3217 2083 3430 2130 caetera:
3459 2079 3628 2124 curta
3653 2079 3750 2120 ex-

2168 2192 2396 2242 structam
2419 2190 2602 2243 erant,
2635 2177 2872 2248 repulsis
2895 2174 3023 2230 inde
3056 2171 3225 2227 rebus
3251 2164 3548 2223 venalibus
3565 2170 3620 2216 et
3640 2158 3752 2214 cir-

2169 2277 2546 2335 cuntl'oraneis
2578 2272 2899 2330 hominibus
2925 2308 2940 2335 ,
2971 2278 3279 2334 eorumque
3309 2257 3491 2317 turbis
3515 2263 3572 2311 et
3595 2250 3753 2309 voci.-

2172 2371 2554 2429 t‘erationibus.
2581 2383 2653 2423 ne
2677 2365 2745 2420 iis
2777 2362 3064 2418 hominum
3095 2357 3238 2413 bene
3261 2351 3642 2410 institutorum
3667 2341 3756 2398 di-

483 2435 661 2532 ﬁvaa
690 2453 747 2489 τε
784 2437 1032 2532 ξασὶλεια
1077 2440 1253 2508 σφίσι,
1302 2441 1398 2495 καὶ
1443 2437 1512 2495 τά
1563 2442 1700 2498 ἄλλα
1737 2445 1934 2514 ἀρχεῖα
1968 2461 2037 2498 πε

2176 2462 2410 2532 sciplina
2441 2453 2787 2515 turbaretur.
2817 2453 3062 2509 Divisum
3089 2454 3213 2504 erat
3236 2445 3292 2501 id
3319 2443 3500 2499 forum
3531 2439 3587 2493 in
3617 2449 3758 2506 qua-

486 2528 735 2597 ποίηντο,
782 2522 861 2584 ὧν
903 2530 981 2584 τὰ-
1009 2530 1149 2587 ὥνια
1180 2531 1276 2585 καὶ
1299 2533 1350 2586 οἱ
1381 2533 1632 2604 ἀγοραῖοι
1671 2536 1764 2588 καὶ
1804 2536 1837 2607 ὴ
1863 2537 2070 2590 τούτων

2179 2564 2302 2609 tuor
2333 2551 2540 2617 curias,
2569 2564 2804 2620 quarum
2837 2561 2946 2600 una
2974 2539 3188 2614 p‘ueris,
3227 2537 3405 2593 altera
3437 2531 3756 2587 adolescen-

485 2618 666 2691 τύρϐη
707 2622 802 2674 καὶ
853 2623 911 2676 αι
948 2625 1125 2694 φωναὶ
1171 2624 1539 2696 ἀπελήλαντο,
1593 2627 1680 2680 ἵνα
1727 2629 1802 2698 μὴ
1849 2632 1928 2699 τῇ·
1959 2629 2068 2684 τῶν

2178 2647 2348 2705 tibus,
2384 2643 2544 2698 tertia
2571 2618 2729 2710 viris,
2763 2645 2960 2708 quarta
2987 2634 3056 2689 iis
3085 2623 3178 2702 qui
3207 2636 3429 2684 aetatem
3458 2621 3756 2678 militarem

487 2713 947 2785 πεπαιδευμένων
986 2716 1261 2790 εὐκοσμία
1317 2719 1637 2789 μιγνύηται.
1677 2717 1915 2791 Διῄρητο
1946 2721 2002 2776 δὲ
2038 2725 2068 2792 ὴ

2176 2743 2562 2798 excesserant,
2610 2739 2730 2787 erat
2757 2727 3045 2784 attributa.
3088 2724 3255 2778 Suam
3304 2718 3475 2790 igitur
3521 2727 3758 2798 quaeque

490 2803 757 2877 ἐλευθέρα
789 2807 966 2878 ἀγορά
994 2811 1074 2874 είς
1107 2813 1411 2882 τετρακτὺν
1444 2811 1681 2883 ἀρχείων
1711 2813 1952 2869 ’τούτων
1998 2817 2060 2871 τὸ

2178 2838 2312 2883 aetas
2340 2797 3003 2889 curiam-frequentabat.
3056 2811 3263 2867 Verum
3308 2797 3758 2860 adolescentibus

493 2893 554 2946 ἓν
597 2898 811 2960 παισὶν,
847 2897 976 2951 ἄλλο
1024 2899 1069 2952 δ’
1119 2901 1348 2975 ἐφήϐοις
1395 2901 1704 2972 ἀφώριστο,
1757 2904 1985 2972 τελείοις
2018 2907 2073 2960 δέ

2179 2933 2306 2974 cum
2353 2913 2521 2970 armis
2565 2908 2836 2983 gymnicis
2872 2907 3030 2976 juxta
3082 2899 3266 2956 curias
3309 2893 3584 2950 excubare
3642 2903 3762 2944 mo-

491 2985 722 3054 ἀνδράσι
771 2988 832 3041 τὸ
884 2988 1106 3060 ἓτερον,
1161 2995 1277 3056 τοῖς
1314 2991 1360 3046 δ’
1397 2992 1540 3063 ὑπὲρ
1578 2996 1648 3047 τὰ
1704 2997 2073 3068 στρατεύσιμα

2179 3010 2259 3066 ris
2302 3017 2459 3074 erat,
2513 3002 2764 3072 exceptis
2818 2999 2889 3054 iis
2940 2994 3036 3066 qui
3086 2990 3286 3048 uxores
3347 2987 3644 3042 duxerant.
3685 2979 3761 3034 lis

493 3078 778 3145 γεγονόσιν
832 3080 930 3152 ἔτη
980 3082 1363 3156 ἀπονενέμητο
1399 3089 1463 3139 τὸ
1491 3086 1704 3151 λοιπὸν,
1740 3092 1833 3143 καὶ
1862 3091 1942 3154 είς
1976 3091 2073 3156 τὰς

2181 3115 2316 3156 vero
2342 3111 2522 3167 neque
2548 3094 2766 3155 adesse,
2797 3089 2904 3145 nisi
2927 3085 3314 3144 denuntiatum
3344 3092 3465 3134 esse
3486 3117 3501 3143 ,
3534 3084 3760 3129 necesse

492 3171 708 3223 ἑαυτῶν
761 3173 948 3244 χώρας
998 3175 1259 3248 παρῆσαν
1309 3177 1558 3234 ἕκαστοι.
1589 3179 1729 3242 Τοὺς
1757 3181 1802 3234 δ’
1839 3183 2073 3254 ἐφήϐους

2180 3201 2338 3248 erat:
2393 3203 2577 3259 neque
2627 3183 2881 3241 crebrius
2940 3179 3136 3235 abesse
3189 3183 3537 3230 concessum.
3589 3161 3760 3220 Curia

493 3263 589 3315 καὶ
621 3265 753 3335 περὶ
787 3266 856 3319 τὰ
889 3268 1087 3337 ἀρχεῖα
1126 3269 1568 3340 καταδαρθάνειν
1606 3273 1703 3325 σὺν
1748 3275 1862 3336 τοῖς
1891 3274 2073 3338 ὅπλοις

2181 3283 2438 3355 quzelibet
2466 3278 2756 3334 duodecim
2787 3272 3069 3344 principes
3094 3265 3355 3326 habebat,
3391 3276 3492 3332 pro
3525 3269 3760 3355 numero

491 3359 608 3419 τοῖς
646 3362 934 3426 γυμνικοῖς
965 3361 1078 3430 (90)
1109 3361 1446 3431 ἐνενόμιστο,
1497 3364 1638 3435 πλὴν
1690 3365 1800 3418 τῶν
1831 3382 2073 3439 γεγαμη·

2182 3348 2476 3433 Persarum
2513 3371 2778 3426 tribuum.
2808 3364 2972 3422 Pueri
2996 3361 3090 3432 qui
3113 3359 3275 3415 ludos
3307 3348 3759 3439 frequentabant,

494 3452 694 3542 κάτων.
731 3445 894 3508 Οὗτοι
915 3454 972 3507 δὲ
998 3454 1124 3508 οὔτε
1159 3456 1547 3528 ἐπεζητοῦντο,
1580 3461 1628 3511 εἰ
1655 3459 1731 3530 μὴ
1763 3438 2073 3530 προείρετο,

2176 3467 2448 3542 justitiam
2511 3463 2839 3523 discebant,
2888 3469 3195 3524 eorumque
3259 3445 3541 3521 principes
3582 3438 3763 3542 maxi-

491 3539 609 3594 οὒτ’
649 3545 870 3599 ἀπεῖναι
910 3547 1170 3618 συχνάκις
1215 3550 1401 3612 αὐτοῖς
1439 3528 1856 3622 συγκεχώρητο,
1896 3549 2073 3607 Ἶῐσαν

2176 3528 2328 3614 ῖιιιιιιι
2392 3553 2507 3612 diei
2569 3564 2791 3624 partem
2854 3548 2975 3621 jure
3031 3540 3275 3600 dicundo
3335 3528 3763 3624 consumebant.

491 3631 539 3683 δ’
567 3633 821 3696 ἑκάστοις
858 3634 1124 3705 ἄρχοντες
1147 3636 1358 3690 δώδεκα
1376 3653 1391 3668 ο
1427 3639 1506 3702 είς
1532 3640 1640 3708 γὰρ
1674 3639 1882 3694 δώδεκα
1907 3644 2080 3710 φυλὰς

493 3724 548 3775 oi
583 3725 787 3794 Πέρσαι
813 3725 1095 3798 διῄρηντο.
1135 3729 1201 3782 Οἱ
1240 3731 1339 3800 μὲν
1372 3729 1436 3796 δὴ
1475 3731 1690 3797 παῖδες,
1721 3735 1804 3795 είς
1834 3733 1904 3785 τά
1933 3733 2078 3786 διδα-

497 3816 728 3869 σκαλεῖα
772 3818 1116 3886 φοιτῶντες,
1170 3820 1526 3891 δικαιοσύνην
1581 3822 1886 3892 ἐμάνθανον
1913 3862 1928 3888 ,
1972 3823 2080 3876 τῶν

498 3910 782 3980 ἀρχόντων
815 3909 995 3965 αὐτῶν
1024 3913 1084 3963 τὸ
1117 3912 1376 3966 πλεῖστον
1427 3914 1526 3981 τῆς
1573 3912 1787 3984 ἡμέρας
1833 3914 2081 3977 δικαζόν-

496 4019 609 4055 των
649 4002 856 4066 αύτοῖς.
898 4003 1174 4071 Ἑγίνοντο
1199 4004 1309 4073 γάρ
1333 4004 1398 4074 δὴ
1425 4007 1520 4057 καὶ
1555 4007 1716 4058 παισὶ
1751 4007 1887 4076 πρὸς
1926 4006 2081 4077 ἀλλή-

496 4093 628 4160 λους
669 4095 861 4168 ῶσπερ
901 4097 1165 4168 ἀνδράσιν
1197 4099 1546 4167 ἐγκλήματα,
1580 4099 1675 4152 καὶ
1716 4097 1950 4169 κλοπῆς,
1990 4101 2084 4153 καὶ

500 4188 648 4258 βίας,
683 4192 778 4244 καὶ
825 4191 1110 4262 ἁρπαγῆς,
1147 4192 1243 4245 καὶ
1277 4191 1518 4262 ἀπάτης,
1569 4193 1666 4245 καὶ
1717 4191 1954 4262 ὕϐρεως,
1987 4194 2085 4246 καὶ

499 4280 679 4335 ἄλλων
710 4283 899 4336 τινῶν.
941 4282 1050 4346 Οὓς
1092 4283 1139 4336 δ’
1179 4283 1246 4336 ἂν
1284 4283 1462 4350 ἐγνων
1499 4283 1706 4336 τούτων
1738 4285 2083 4351 ἀδικοῦντας,

503 4375 878 4444 ἐτιμωροῦντο
901 4391 916 4406 ’
941 4377 1032 4429 καὶ
1063 4373 1156 4438 οὓς
1186 4375 1230 4428 δ’
1271 4376 1339 4430 ἂν
1371 4374 1630 4446 εὕρισκον
1661 4375 1863 4440 ἀδίκως
1913 4379 2084 4446 ἐγκα-

501 4466 759 4530 λοῦντας,
797 4467 1082 4533 ἐκόλαζον.
1133 4467 1453 4522 Ἐδίδασκον
1483 4468 1540 4521 δὲ
1575 4469 1704 4532 τοὺς
1739 4471 1942 4532 παῖδας
1979 4487 2086 4522 σω-

505 4561 806 4632 φροσύνην,
845 4562 1216 4631 προσέχοντας
1244 4564 1358 4625 τοῖς
1420 4561 1817 4634 πρεσϐυτέροις
1867 4563 2082 4632 σωφρό-

506 4671 616 4716 νως
634 4652 939 4722 διάγουσιν.
956 4654 1275 4708 Ἐδίδασκον
1307 4653 1363 4706 δέ
1386 4657 1481 4707 καὶ
1504 4655 1710 4723 τροφῆς
1731 4656 2084 4724 ἐγκράτειαν,

506 4746 605 4799 καὶ
638 4745 825 4799 ποτοῦ.
864 4747 974 4800 Καὶ
1006 4747 1098 4800 ὅτε
1123 4746 1506 4818 τραφήσεσθαι
1530 4746 1759 4818 ἔμελλον
1783 4748 1832 4802 οῖ
1872 4748 2085 4812 παῖδες,

510 4842 662 4912 παρὰ
688 4839 767 4909 τῷ
801 4838 1110 4909 διδασκάλῳ
1143 4835 1286 4911 ἦσαν
1327 4839 1663 4910 σιτούμενοι,
1703 4839 1869 4911 ἀρτον
1897 4842 2090 4911 φέρον·

507 4951 600 4996 τες
623 4933 862 4994 οἴκοθεν,
885 4934 977 4985 καὶ
1010 4933 1298 5005 κάρδαμον
1323 4932 1483 5002 ὅψονο
1521 4933 1616 4986 καὶ
1653 4935 1816 4988 ποτὸν
1844 4935 2090 5006 ἐλάμϐα-

509 5045 599 5082 νον
659 5028 931 5096 ποταμίου
969 5027 1164 5092 ὖδατος
1205 5027 1456 5081 κώθωνα.
1492 5027 1833 5098 Ἓμάνθανον
1875 5029 1934 5081 δὲ
1984 5029 2092 5098 πρὸ

509 5118 604 5173 τοῦ
651 5119 918 5173 σιτεῖσθαι
965 5120 1079 5190 (91)
1131 5118 1377 5184 τοξεύειν
1441 5120 1538 5173 καὶ¹
1569 5120 1880 5185 ἀκοντίζειν
1929 5121 2092 5192 μέχρι

509 5212 574 5282 δὴ
599 5213 658 5279 ἓξ
694 5212 831 5268 ἐτῶν
869 5213 903 5283 ἢ
933 5213 1074 5266 ἑπτά
1103 5212 1239 5282 πρὸς
1269 5215 1382 5275 τοῖς
1415 5213 1571 5268 δέκα.
1601 5211 1789 5265 Ταῦτα
1813 5212 1862 5266 οἱ
1901 5213 2094 5275 παῖδες

511 5305 807 5376 ἔπραττον,
837 5304 935 5357 Ἐκ
963 5304 1158 5358 τούτου
1184 5304 1227 5357 δ’
1256 5306 1337 5368 εἰς
1355 5305 1482 5366 τοὺς
1510 5304 1752 5376 ἐφήϐους
1783 5303 2092 5370 ἐτάττοντο,

2181 3651 2320 3708 Nam
2386 3650 2530 3704 inter
2585 3657 2790 3717 pueros
2833 3654 2990 3710 aeque
3043 3652 3110 3692 ac
3161 3633 3312 3689 viros
3366 3618 3766 3722 controversia

2182 3747 2525 3803 nascuntur,
2579 3714 2649 3790 de
2693 3733 2876 3793 furto,
2913 3729 2988 3793 vi,
3026 3725 3252 3796 rapina,
3285 3719 3414 3776 dolo
3457 3714 3601 3771 malo
3624 3750 3641 3777 ,
3681 3714 3768 3764 in-

2179 3834 2365 3906 juria,
2401 3840 2458 3887 et
2506 3829 2651 3885 aliis.
2699 3826 2851 3894 Quos
2895 3839 2963 3880 ex
3003 3821 3090 3877 bis
3135 3829 3394 3890 peccasse
3425 3812 3764 3882 cognorant,

2185 3900 2536 3984 inultabant:
2602 3935 2700 3977 eos
2763 3919 2931 3980 item,
2975 3913 3071 3985 qui
3124 3911 3320 3967 falsum
3377 3905 3502 3961 a'liis
3557 3900 3765 3957 crimen

2186 4019 2561 4076 intenderant.
2626 4010 2908 4066 Docebant
2983 4007 3118 4060 item
3191 4015 3290 4058 eos
3343 3989 3764 4066 temperantiam

2185 4111 2438 4182 exemplo
2478 4107 2765 4163 seniorum
2788 4144 2802 4168 ,
2838 4110 2895 4156 et
2920 4094 3326 4156 continentiam
3360 4090 3416 4145 in
3445 4087 3571 4144 cibo
3600 4091 3658 4140 et
3703 4082 3759 4136 in

2191 4175 2531 4275 Ian—potu.
2560 4198 2697 4254 Nam
2730 4193 2876 4265 apud
2908 4189 3232 4260 magistrum
3254 4181 3548 4254 capiebant
3581 4175 3766 4275 cibum

2187 4265 2354 4350 (Ῐοῖυο
2372 4265 2561 4347 secum
2579 4301 2777 4360 panem
2800 4296 2857 4339 et
2889 4279 3108 4338 obsonii
3133 4277 3254 4332 vice
3270 4271 3603 4329 nasturtium
3629 4265 3766 4322 atl‘e-

2190 4398 2421 4441 rentes:
2459 4388 2621 4452 potus
2650 4377 2731 4434 eis
2769 4383 2890 4430 erat
2943 4372 3148 4428 cothon
3205 4364 3410 4439 (poculi
3441 4373 3618 4434 genus
3663 4364 3770 4418 est)

2189 4449 2517 4549 proﬂuentia
2543 4486 2717 4542 aquae.
2748 4469 2888 4524 Ante
2917 4465 3105 4520 cibum
3146 4460 3412 4531 sagittare
3449 4462 3506 4508 et
3529 4449 3762 4524 jaculan

2190 4541 2526 4623 discebant:
2558 4541 2617 4618 et
2652 4560 2770 4616 haec
2821 4571 2996 4626 usque
3039 4553 3106 4608 ad
3134 4565 3340 4607 annum
3390 4544 3570 4601 aetatis
3618 4541 3772 4596 deci-

2193 4675 2343 4716 mum
2377 4666 2614 4715 sextum.
2641 4661 2738 4708 aut
2771 4650 3046 4705 decimum
3077 4643 3395 4715 septimum.
3428 4639 3506 4693 Ex
3529 4651 3596 4692 eo
3627 4635 3772 4688 inter

2193 4753 2571 4810 adolescentes
2601 4744 2987 4801 referebantur
3011 4757 3024 4794 :
3061 4747 3118 4795 et
3136 4735 3470 4793 decennium
3495 4731 3653 4800 juxta
3682 4743 3774 4782 cu-

2191 4847 2304 4902 rias
2328 4855 2584 4899 somnum
2598 4835 2914 4910 capiebant,
2931 4843 3239 4888 etmtermu
3262 4840 3482 4898 quoque
3499 4821 3776 4891 magistra-

2191 4937 2360 4998 tibus,
2394 4947 2519 4987 cum
2547 4943 2688 4999 opus
2715 4934 2856 4992 erat,
2885 4923 2942 4977 in
2980 4919 3219 4992 publicis
3255 4914 3498 4988 negotiis
3545 4925 3771 4982 operam

2189 5027 2486 5085 navabant.
2536 5021 2655 5076 Rex
2693 5019 2824 5074 item
2853 5022 3115 5070 venatum
3161 5010 3437 5072 exiturus,
3484 5003 3770 5060 semissem

2189 5133 2385 5177 eorum
2411 5113 2706 5173 educebat.
2761 5107 3122 5165 Venabantur
3174 5099 3569 5160 communiter,
3624 5091 3773 5163 quod

2191 5212 2286 5268 illa
2322 5205 2646 5265 exercitatio
2682 5201 2766 5258 rei
2815 5197 3042 5255 militari
3097 5211 3207 5250 non
3244 5190 3515 5247 absimilis
3557 5185 3776 5240 videre-

2194 5314 2306 5360 tur.
2341 5297 2757 5357 Assuefaciebat
2793 5309 2891 5350 eos
2914 5299 3043 5348 ante
3079 5290 3257 5344 lucem
3305 5297 3556 5354 surgere,
3599 5277 3774 5349 frigus

512 5370 609 5453 καῖ
636 5397 772 5452 δέκα
816 5396 912 5469 ἐτη
954 5397 1093 5468 περὶ⁸
1119 5396 1188 5451 τά
1221 5398 1420 5469 ἀρχεῖα
1467 5370 1784 5451 ἐκάθευδον·
1828 5398 2073 5469 παρεῖχοε

2195 5403 2254 5451 et
2283 5401 2477 5450 azstum
2505 5389 2653 5444 ferre
2684 5406 2699 5444 :
2736 5383 3033 5441 itineribus
3065 5387 3122 5435 et
3172 5374 3432 5433 cursibus
3457 5370 3782 5434 exercebat,

1651 5513 1854 5578 Variaa
1881 5514 2196 5577 lectiones
2239 5517 2304 5574 et
2336 5517 2525 5573 notae.

586 5634 700 5706 (88)
731 5637 1298 5703 Καταλυθήσεσθαι.
1319 5636 1452 5692 Cod.
1477 5634 1721 5692 Colbert.
1745 5636 2096 5706 καταληφθή-

514 5705 751 5775 σαοθαιε
778 5707 921 5771 Mox,
955 5708 1070 5775 ἔχει
1099 5707 1156 5760 δὲ
1184 5705 1380 5772 οὕτως,
1419 5706 1622 5761 desunt
1649 5707 1702 5761 in
1738 5705 2090 5762 eodemeod.

587 5777 700 5843 (89)
727 5773 850 5831 Ἦν
902 5773 1108 5841 αὐτοῖς
1151 5779 1359 5845 ἀγορά.
1403 5777 1481 5832 Ex
1523 5777 1890 5845 Xenophonte
1929 5777 2026 5832 lib.
2053 5793 2091 5832 I.

513 5847 657 5904 Vide
682 5848 1024 5906 Brissonium
1070 5848 1140 5904 de
1197 5863 1365 5920 regno
1408 5849 1701 5905 Persarum
1743 5848 1840 5906 lib.
1879 5865 1938 5916 ιι,
1969 5863 2092 5920 pag.

2197 5635 2387 5777 ²⁴ῗόω
2421 5703 2552 5770 Τοῖς
2566 5696 2990 5777 ξτιξμνωξικρῖε-
3018 5694 3152 5777 με·
3183 5689 3497 5777 cem?“
3526 5685 3624 5744 w‘

2280 5761 2394 5849 ἴθι)
2431 5761 2751 5829 Σιτέῒξγθαι.
2775 5767 2911 5826 Cod.
2937 5761 3462 5843 (Ζοιι).’σιτίσασθαι.
