4092 6402
357 346 468 416 2ἷ5

1619 341 1862 401 JOANN
1875 341 1945 400 IS
1984 337 2313 400 ΖΟΝΛΒΕ

3499 321 3615 393 276

352 459 526 514 feram
556 456 643 511 vel
684 454 879 528 sagitta
904 454 989 511 vel
1007 454 1190 527 jaculo
1220 452 1384 510 ferire
1419 452 1675 521 docebat,
1706 459 1763 507 et
1790 451 1936 507 fero-

2042 448 2095 501 δὲ
2129 449 2225 502 καὶ
2256 449 2358 518 τὴν
2402 446 2510 517 ήμέ
2522 463 2621 517 ραν
2652 443 2882 507 ἑαυτοὺς
2909 445 3022 505 τοῖς
3061 442 3296 514 ἄρχουσι
3318 442 3629 513 κεχρῆσθαι

352 551 531 605 ciores
562 547 730 603 etiam
776 547 979 603 bestias
1019 546 1346 601 subsistere.
1395 544 1455 599 In
1488 558 1690 601 venatu
1749 556 1939 598 secum

353 641 606 697 ferebant
625 639 942 711 prandium,
962 638 1158 708 puerili
1178 636 1475 710 copiosius.
1501 644 1698 691 czetera
1722 634 1934 689 simile:

350 748 531 804 neque
590 732 936 804 prandebant
982 730 1037 785 in
1078 729 1436 795 venatu,nisi
1464 728 1552 782 vel
1607 727 1738 782 ferae
1772 741 1939 780 causa

351 828 565 883 diutius
618 825 953 881 manendum
1003 830 1170 883 esset,
1220 821 1307 875 vel
1336 819 1543 888 alioqui
1574 817 1802 873 venatui
1833 816 1940 871 im-

357 920 561 974 morari
586 918 809 972 liberet.
872 916 948 969 Eo
987 913 1221 983 prandio
1260 910 1316 965 in
1367 925 1528 967 caena
1582 915 1939 977 consumpto,

352 1010 622 1082 postridie
662 1023 838 1078 usque
873 1007 939 1060 ad
971 1019 1187 1059 caenam
1235 1002 1604 1064 venabantur,
1640 1010 1939 1067 utrumque

354 1103 503 1157 diem
544 1116 647 1171 pro
681 1113 793 1154 uno
827 1104 1203 1151 numerantes.
1240 1094 1299 1147 Id
1351 1108 1418 1147 eo
1448 1090 1743 1152 faciebant,
1784 1096 1846 1141 ut
1885 1095 1942 1142 et

355 1191 582 1255 militias,
604 1204 652 1244 SI
685 1195 835 1243 esset
867 1201 1025 1256 opus,
1064 1185 1210 1238 idem
1261 1183 1440 1237 facere
1474 1188 1724 1250 possent.
1757 1176 1938 1232 Obso-

354 1280 511 1334 nium
542 1284 683 1343 erat,
717 1276 864 1347 quod
894 1280 1172 1344 ceperant.
1227 1271 1284 1326 Si
1319 1270 1459 1324 nihil
1488 1268 1788 1338 cepissent,
1839 1280 1939 1319 na-

360 1373 642 1427 sturtium.
666 1369 868 1423 Tribus
898 1383 1021 1437 qua:
1057 1364 1351 1421 manebant
1377 1363 1546 1427 domi,
1582 1368 1782 1432 praeter
1830 1374 1938 1413 ca:-

353 1474 469 1519 tera
499 1460 809 1533 sagittando
860 1467 916 1516 et
933 1456 1231 1530 jaculando
1248 1454 1670 1516 exercebantur,
1705 1459 1762 1506 et
1789 1450 1936 1504 inter

351 1570 475 1610 sese
496 1553 875 1610 decertabant.
913 1549 1309 1606 Adolescentes
1331 1545 1427 1618 qui
1475 1544 1800 1606 manebant,
1848 1542 1938 1597 in~

353 1645 673 1702 serviebant
705 1641 1125 1715 magistratibus
1180 1640 1237 1695 in
1278 1639 1346 1694 iis
1382 1638 1618 1709 negotiis
1668 1637 1933 1707 publicis,

350 1752 474 1807 quae
498 1735 646 1791 vires
688 1742 746 1790 et
775 1733 1111 1790 celeritatem
1145 1730 1556 1786 desiderabant.
1596 1728 1689 1785 Sic
1735 1729 1926 1784 decem

351 1826 512 1883 annis
543 1825 770 1890 exactis,
799 1824 854 1880 in
903 1824 1148 1879 virorum
1173 1831 1376 1879 emtum
1435 1821 1932 1886 transferebantur,

365 1921 422 1974 in
485 1933 664 1989 eoque
716 1932 893 1974 annos
937 1916 1133 1988 viginti
1205 1916 1453 1985 quinque
1514 1913 1934 1985 permanebant.

354 1996 605 2081 Cumque
653 2007 1006 2063 militandum
1057 2015 1196 2073 erat,
1244 2022 1355 2061 non
1405 2005 1644 2075 amplius
1672 2006 1941 2076 gerebant

353 2114 545 2156 arcum
569 2107 625 2153 et
658 2099 769 2170 pila
807 2118 820 2154 :
854 2098 950 2153 sed
991 2113 1143 2153 arma
1174 2096 1380 2168 quibus
1419 2097 1673 2152 cominus
1720 2112 1937 2168 pugna-

360 2202 472 2259 tur,
502 2199 700 2264 peetus
735 2192 955 2247 thorace
986 2190 1282 2257 munitum,
1318 2198 1535 2246 scutum
1565 2189 1701 2245 laeva
1752 2205 1937 2255 manu,

354 2291 546 2355 dextra
574 2285 814 2356 gladium
850 2293 945 2340 aut
977 2284 1236 2341 securim.
1288 2282 1367 2339 Ex
1406 2283 1495 2339 bis
1529 2298 1724 2339 omnes
1765 2283 1940 2355 magi-

350 2385 558 2434 stratus
584 2377 927 2448 legebantur.
961 2377 1036 2433 lis
1072 2376 1266 2447 viginti
1301 2376 1550 2447 quinque
1599 2377 1768 2431 annis
1804 2392 1937 2431 exa-

350 2469 478 2536 ctis,
511 2470 732 2541 utrique
773 2469 885 2538 jam
920 2469 1378 2540 quinquagesimo
1402 2469 1578 2523 aetatis
1605 2483 1750 2523 anno
1776 2483 1942 2538 supe-

352 2571 496 2629 rato,
537 2562 595 2619 in
631 2561 912 2618 seniorum
942 2561 1172 2616 classem
1200 2560 1533 2616 transibant.
1560 2559 1603 2615 Ii
1639 2559 1708 2614 ad
1750 2570 1940 2615 extera

355 2653 499 2709 bella
523 2668 637 2708 non
675 2651 1188 2723 proficiscebantur,
1241 2652 1335 2706 sed
1373 2650 1523 2706 domi
1541 2652 1634 2722 jus
1657 2650 1938 2717 dicebant,

353 2743 423 2800 de
455 2744 715 2801 omnibus
738 2744 908 2800 rebus
931 2754 988 2798 et
1013 2743 1252 2814 publicis
1278 2750 1340 2799 et
1371 2743 1628 2814 privatis,
1668 2752 1725 2798 et
1755 2744 1942 2800 causis

354 2836 684 2906 capitalibus
724 2836 912 2892 etiam.
940 2835 1113 2890 Iidem
1158 2835 1512 2906 magistratus
1543 2850 1736 2892 omnes
1784 2851 1942 2892 crea-

353 2926 506 2985 bant.
532 2924 688 2994 Quod
714 2926 761 2981 si
794 2925 922 2997 quis
969 2925 1085 2981 sive
1111 2924 1436 2982 adolescens
1485 2925 1602 2982 sive
1643 2927 1728 2981 vir
1779 2928 1944 2983 iusti-

357 3026 479 3074 tuta
540 3017 835 3084 violasset,
898 3032 1028 3073 eum
1085 3018 1341 3074 seniores
1399 3018 1556 3073 curia
1601 3019 1942 3091 ejiciebant:

2040 542 2151 610 ὅπη
2188 541 2404 594 ἐδέοντο
2453 537 2606 607 σφῶν
2646 536 2790 607 ἐπὲρ
2820 534 2918 589 τοῦ
2975 533 3182 589 κοινοῦ.
3222 535 3395 590 Ὅταν
3431 535 3490 589 δέ
3541 538 3635 589 ἐπὶ

2043 635 2219 704 θήραν
2248 633 2397 703 ἐξήει
2441 633 2469 684 ὁ
2516 628 2797 699 βασιλεὺς,
2830 629 2994 698 ἐξῆγε
3042 626 3142 696 τῆς
3200 628 3401 699 μοίρας
3451 628 3637 681 αὐτῶν

2041 726 2141 791 τὴν
2166 723 2426 793 ἡμίσειαν
2458 738 2472 752 ’
2513 721 2725 790 ἐθήρων
2747 718 2803 771 δέ
2832 720 3010 785 κοινῇ,
3036 717 3120 770 ὅτι
3145 717 3419 787 συγγενὴς
3445 718 3635 780 αὐτοῖς

2043 815 2222 867 ἐδόκει
2253 815 2438 875 αὐτοῖς
2460 814 2493 880 ὴ
2537 810 2734 880 μελέτη
2771 812 2837 879 τῇ
2869 810 3106 879 ἀσκήσει
3138 811 3209 879 τῇ
3244 808 3380 877 πρὸς
3414 809 3506 863 τὸν
3535 812 3631 863 πό·

2042 905 2231 971 λεμον.
2282 904 2393 958 Καὶ
2438 903 2649 967 είθιζεν
2706 899 3034 956 ἀνίστασθαι
3091 899 3498 969 πρωῖαίτερον,
3536 900 3637 953 καὶ

2041 998 2249 1068 ψύχους
2281 998 2379 1052 καὶ
2405 995 2647 1057 θάλπους
2669 992 2984 1065 ἀνέχεσθαι.
3011 992 3126 1046 Καὶ
3163 992 3505 1063 ὁδοιπορίαις
3540 994 3637 1045 καὶ

2042 1092 2270 1163 δρόμοις
2304 1087 2609 1157 ἐγύμναζε,
2642 1087 2738 1141 καὶ
2766 1085 3023 1150 τοξεῦσαι
3055 1083 3248 1156 θηρίον
3281 1085 3379 1139 καὶ
3409 1084 3634 1138 ἀκοντί-

2045 1200 2137 1237 σαι
2188 1182 2465 1244 ἐδίδασκε,
2501 1181 2597 1234 καὶ
2653 1180 2792 1249 πρός
2849 1195 2903 1232 τι
2946 1177 3059 1233 τῶν
3112 1177 3371 1247 ἀλκίμων
3426 1176 3636 1247 θηρίων

2042 1272 2528 1342 ἀνταγωνίσασθαι
2582 1269 3030 1339 παρεσκεύαζεν.
3066 1268 3366 1339 Ἐφέροντο
3414 1267 3473 1320 δὲ
3528 1267 3632 1338 θη-

2046 1367 2246 1437 ρῶντες
2280 1367 2505 1437 ἄριστον
2542 1364 2731 1418 πλεῖον
2786 1363 2886 1441 μὲν
2941 1361 3050 1417 τῶν
3100 1356 3339 1426 παίδων,
3371 1360 3541 1415 τᾶλλα
3575 1360 3632 1413 δέ

2043 1463 2256 1531 ὅμοιον.
2305 1459 2416 1513 Καὶ
2451 1459 2553 1511 οὐκ
2593 1457 2836 1527 ⁴ἠρίστων
2879 1454 3185 1525 θηρῶντες,
3215 1456 3267 1506 εί
3310 1453 3385 1523 μὴ
3412 1452 3636 1524 ἐδέησεν

2042 1553 2077 1624 ἢ
2123 1551 2290 1623 θηρὸς
2336 1550 2503 1605 ἓνεκα
2538 1547 2907 1620 ἐπιμεῖναι,ἣ
2958 1544 3137 1609 ἄλλως
3184 1544 3473 1617 διατρῖψαι
3503 1545 3635 1612 περὶ

2043 1645 2142 1715 τὴν
2175 1645 2353 1714 θήραν
2387 1641 2686 1713 ἠθέλησαν.
2721 1641 2796 1694 Τὸ
2836 1635 2933 1692 οὖν
2961 1639 3187 1709 ἄριστον
3223 1638 3385 1691 τοῦτο
3410 1636 3635 1708 δειπνή-

2046 1756 2270 1799 σαντες,
2304 1736 2406 1807 τὴν
2448 1736 2688 1806 ὑστέραν
2723 1734 2892 1803 μέχρι
2938 1732 3159 1789 δείπνου
3207 1730 3494 1802 ἐθήρευον,
3541 1730 3637 1782 καὶ

2047 1831 2178 1899 μίαν
2219 1830 2317 1893 τὰς
2368 1828 2584 1900 ἡμέρας
2632 1827 2842 1890 ταύτας
2890 1822 3204 1892 ἐλογίζοντο
3242 1823 3434 1894 ἄμφω.
3461 1820 3640 1874 Τοῦτο

2038 1926 2083 1979 δ’
2136 1922 2378 1987 ἐποίουν,
2432 1922 2543 1979 ἵνα.
2582 1914 2685 1974 κᾶν
2727 1922 2786 1973 ἐν
2834 1919 3059 1988 πολέμῳ
3115 1917 3311 1988 δεήση,
3365 1914 3638 1968 δύνωνται

2040 2017 2204 2075 τοῦτο
2255 2016 2454 2069 ποιεῖν.
2506 2013 2680 2083 Ὄψον
2708 2013 2766 2067 δέ
2797 2007 2945 2083 εἶχον
2974 2010 3003 2064 ὃ
3030 2009 3097 2067 ἂν
3145 2010 3456 2079 ἐθήρασανο
3511 2006 3561 2059 εί
3589 2005 3638 2062 δ’

2042 2111 2131 2173 οὗ,
2173 2110 2235 2164 τὸ
2277 2108 2585 2179 κάρδαμον.
2619 2107 2684 2169 Αἱ
2731 2106 2789 2160 δέ
2839 2107 3103 2175 μένουσαι
3149 2103 3319 2171 φυλαὶ
3358 2099 3638 2172 διέτριϐον

2045 2203 2353 2275 μελετῶσαι
2385 2202 2521 2270 πρὸς
2544 2202 2660 2262 τοῖς
2695 2199 2879 2263 ἄλλοις
2913 2199 3013 2252 καὶ
3071 2195 3313 2261 τοξεύειν
3342 2196 3439 2249 καὶ
3469 2195 3637 2247 ἀκον-

2041 2296 2233 2361 τίζειν.
2256 2295 2351 2350 καὶ
2376 2295 2511 2365 πρὸς
2540 2293 2808 2364 ἀλλήλους
2835 2292 3006 2345 ταῦτα
3035 2288 3476 2357 διαγωνίζεσθαι.
3501 2287 3632 2347 Τοῖς

2042 2385 2099 2439 δέ
2135 2386 2359 2455 μένου-τι
2406 2383 2518 2437 τῶν
2560 2383 2780 2451 ἐφήϐων
2820 2383 3116 2452 ἐκέχρηντο
3162 2382 3218 2432 αἱ
3277 2378 3446 2448 ἁρχαὶ
3492 2376 3631 2447 πρὸς

2047 2477 2252 2547 ἰσχύος,
2287 2475 2314 2546 ἢ
2345 2476 2545 2545 τάχους
2572 2474 2711 2546 ἔργα
2734 2471 2992 2542 δημόσια.
3033 2470 3286 2527 Ἐπειδὰν
3310 2470 3355 2524 δ’
3387 2471 3478 2523 ἐπὶ
3516 2467 3636 2521 τού-

2042 2587 2159 2633 τοις
2210 2570 2258 2623 οἱ
2293 2567 2487 2635 ἔφηϐοι
2532 2566 2667 2619 δέκα
2696 2566 2792 2636 ἐτη
2825 2564 3108 2634 διήγαγον,
3145 2560 3365 2616 ἐτέλουν
3403 2562 3483 2623 εἰς
3512 2560 3638 2622 τοὺς

2041 2659 2283 2719 τελείους
2324 2657 2557 2728 ἄνδρας,
2585 2657 2681 2713 καὶ
2712 2655 2777 2709 ἐκ
2804 2671 2927 2710 τοτε
2960 2655 3122 2711 πέντε
3158 2654 3254 2709 καὶ
3290 2652 3465 2707 εἴκοσι
3494 2649 3639 2703 οὕτω

2043 2755 2230 2824 διῆγον
2280 2750 2589 2814 ἐνιαυτούς.
2643 2750 2755 2807 Καὶ
2794 2750 2844 2801 εί
2887 2748 2994 2801 ἔδει
3050 2743 3469 2816 στρατεύεσθαι,
3508 2742 3636 2808 τόξα

2046 2845 2151 2919 μὲν
2173 2843 2360 2899 ούκέτι
2392 2842 2629 2916 ἔχοντες,
2663 2841 2784 2909 οὐδὲ
2815 2839 2993 2895 παλτὰ
3030 2836 3454 2909 ἐστρατεύοντο·
3485 2836 3553 2889 τά
3575 2834 3633 2887 δέ

2043 2939 2342 3011 ἀγχέμαχα
2374 2936 2517 2990 ὅπλα
2545 2934 2880 3005 καλούμενα,
2907 2932 3135 3003 Θώρακα
3167 2932 3296 3001 περὶ
3324 2931 3443 2990 τοῖς
3480 2926 3636 2996 στέρρ

2044 3048 2184 3098 νοις,
2213 3030 2309 3084 καὶ
2329 3029 2529 3100 γέρῤον
2566 3029 2624 3080 ἐν
2648 3028 2715 3096 τῇ
2758 3024 3048 3096 ἀριστερᾷ,
3079 3024 3136 3075 ἐν
3163 3022 3220 3074 δέ
3248 3022 3313 3091 τῇ
3345 3019 3498 3090 δεξιᾷ
3530 3015 3636 3086 μά-

359 3107 523 3187 148
547 3108 758 3173 eiectus
781 3123 880 3177 per
902 3123 1122 3163 omnem
1137 3115 1355 3162 aztatem
1370 3106 1771 3179 ignominiosus
1791 3119 1928 3167 erat.

2042 3140 2253 3196 χαιραν,
2282 3123 2317 3194 ἡ
2349 3120 2566 3175 κοπίδα.
2596 3119 2707 3171 Καὶ
2749 3117 2806 3173 αἱ
2850 3116 3017 3187 ἀρχαὶ
3045 3115 3102 3168 δέ
3129 3116 3302 3169 πᾶσαι
3325 3114 3391 3166 ἐκ
3425 3110 3638 3164 τούτων

356 3197 541 3270 Turpe
564 3199 872 3261 habebatur
896 3199 1038 3271 apud
1061 3199 1260 3255 Persas
1274 3214 1536 3270 expuere,
1562 3202 1810 3274 emungi,
1837 3212 1934 3259 aut

2043 3215 2390 3270 καθίσταντο.
2426 3211 2676 3266 Ἐπειδὰν
2695 3210 2754 3265 δὲ
2783 3211 2851 3263 τὰ
2884 3208 3046 3262 πέντε
3077 3207 3173 3261 καὶ
3206 3205 3379 3261 εἰκοσι
3404 3201 3634 3256 διετέλε-

356 3290 617 3347 anhelare
641 3306 826 3348 coram
849 3291 993 3354 aliis,
1025 3298 1121 3349 aut
1147 3292 1362 3347 urinam
1404 3292 1660 3361 reddere,
1678 3295 1934 3352 alvumve

2045 3326 2146 3362 σαν
2176 3306 2294 3377 ἐτη.
2324 3301 2463 3377 ἦσαν
2509 3305 2609 3375 μέν
2650 3301 2934 3373 γεγονότες
2983 3299 3250 3354 πλειόνων
3282 3293 3546 3349 ἐνιαυτῶν
3598 3291 3637 3364 ἢ

358 3382 602 3454 dejicere
639 3383 876 3454 publice.
918 3382 1051 3451 Quae
1074 3398 1271 3439 cavere
1309 3398 1421 3438 non
1453 3384 1781 3455 potuissent,
1826 3387 1935 3444 nisi

2042 3399 2386 3466 πεντήκοντα
2426 3396 2535 3449 ἀπὸ
2568 3395 2784 3464 γενεᾶς,
2813 3391 3108 3462 ἐξήρχοντο
3136 3390 3193 3444 δέ
3224 3387 3523 3459 τηνικαῦτα
3557 3385 3637 3444 εἰς

360 3484 418 3529 et
450 3474 737 3531 moderato
764 3476 913 3533 victu
954 3482 1151 3532 essent
1194 3475 1308 3549 usi,
1368 3486 1426 3532 et
1474 3476 1663 3532 labore
1695 3478 1937 3535 humidi-

2043 3490 2173 3555 τοὺς
2238 3488 2623 3561 γεραιτέρους.
2652 3487 2718 3540 Οἱ
2782 3485 2839 3540 δὲ
2888 3485 3200 3556 γεραίτεροι
3257 3477 3651 3552 ἐστρατεύοντο

362 3574 500 3621 tates
548 3570 1045 3639 consumpsissem.
1213 3622 1220 3628 .

2049 3579 2151 3648 μὲν
2179 3579 2365 3633 οὐκέτι
2402 3577 2509 3643 ἔξω
2531 3578 2630 3643 τῆς
2662 3575 2907 3630 ἐαυτῶν·
2949 3575 3204 3645 μένοντες
3233 3572 3278 3627 δ’
3318 3570 3482 3632 οἴκοι,
3519 3567 3637 3621 ἐδί-

361 3658 528 3723 καζον
558 3657 626 3713 τά
670 3676 727 3712 τε
754 3634 908 3714 κοινὰ
941 3665 1034 3716 καὶ
1062 3661 1131 3714 τὰ
1169 3661 1414 3743 ἰδιωτικὰ
1442 3662 1752 3734 ξύμππιντα.
1795 3666 1884 3716 καὶ
1927 3668 1993 3722 τὰ
2028 3634 2298 3725 (iuvas-ixi
2325 3670 2372 3725 δ’
2405 3634 2627 3724 ἐκεῖνοι⁷
2650 3669 2886 3738 ἔκρινον,
2920 3634 3014 3721 καὶ
3048 3668 3145 3728 τὰς
3188 3634 3369 3738 ⁷ἀρχᾶις
3411 3658 3632 3720 ἁπάσας
3678 3634 3689 3651 ’

362 3750 619 3823 ἡροῢντοο
668 3754 779 3805 καὶ
827 3753 894 3825 ἦν
936 3770 1021 3818 τις
1071 3752 1104 3825 ἦ
1158 3757 1217 3807 ὲν
1264 3756 1491 3826 ἐφήϐοις
1537 3757 1569 3829 ἢ
1616 3761 1673 3810 ἐν
1723 3759 1948 3831 ἀνδράσι
1990 3762 2206 3834 παρέϐη
2267 3781 2320 3817 τι
2382 3764 2492 3817 τῦν
2519 3762 2791 3834 νομίμων,
2816 3764 2865 3815 οί
2891 3760 3201 3831 γεραίτεροι
3226 3756 3388 3811 αὐτὸν
3414 3753 3631 3821 ἐξέκρι-

360 3862 473 3900 νον.
515 3845 577 3900 '0
609 3845 653 3899 δ’
702 3847 981 3918 ἐκκριθεὶς
1030 3848 1225 3918 ἄτιμος
1264 3847 1491 3904 διετέλει
1527 3852 1588 3903 τὸ
1661 3851 1849 3904 λοιπὸν
1897 3853 1989 3905 τοῦ
2034 3854 2174 3923 βίου.
2222 3856 2457 3927 Αίσχρδν
2488 3854 2545 3909 δέ
2597 3856 2751 3927 παρὰ
2800 3856 3039 3925 Πέρσαις
3081 3851 3362 3918 λελόγιστο
3411 3846 3507 3902 καὶ
3576 3844 3640 3897 τδ

362 3940 708 4005 ἀποπτύειν,
758 3940 852 3994 καὶ
900 3939 962 3992 τὸ
1014 3938 1462 4009 ἀπομύττεσθαι,
1504 3943 1599 4003 καὶ
1657 3942 1716 3995 τὸ
1770 3942 1947 4012 φύσης
1985 3937 2167 4013 ὧῳθαι
2213 3948 2466 4017 μεστοὺς,
2535 3952 2630 4002 καὶ
2672 3948 2730 4001 τὸ
2775 3947 3012 4016 φανερὸν
3062 3942 3317 4012 γενέσθαι
3354 3940 3478 3995 τινὰ
3548 3938 3643 3992 ο)-

370 4033 652 4106 ροῦντα,ἢ
703 4032 913 4096 κοιλίας
969 4031 1297 4102 ποιούμενον
1338 4032 1611 4106 ἔκκρισιν.
1660 4034 1847 4089 Ταῦτα
1889 4035 1946 4088 δὲ
1988 4038 2090 4089 οὐκ
2120 4037 2381 4107 ἠδύναντο
2452 4042 2662 4106 ποιεῖν,
2696 4041 2746 4092 εί
2780 4040 2855 4110 μὴ
2898 4037 3096 4109 μετρίᾳ
3127 4036 3308 4106 διαίτῃ
3371 4031 3644 4104 ἐχρῶντο,

368 4129 464 4183 καὶ
499 4128 561 4181 τὸ
615 4127 781 4199 ὑγρὸν
826 4124 1188 4190 ἐκπονοῦντες
1231 4125 1550 4198 ἀνήλισκον.
1613 4126 1797 4182 Ταῦτα
1851 4130 1949 4199 μὲν
1989 4129 2055 4181 τὰ
2092 4130 2187 4201 ἔθη
2222 4131 2332 4184 τῶν
2373 4132 2625 4203 Περσῶν,
2655 4133 2746 4185 καὶ
2785 4131 2850 4184 τὰ
2884 4129 3111 4198 νόμιμα.

439 4220 579 4279 XVI.
631 4218 809 4291 Cyrus
861 4218 1032 4292 igitur
1068 4217 1384 4291 hujusmodi
1443 4219 1733 4274 Persarum
1781 4219 1938 4274 disci-

2130 4222 2246 4289 ις’.
2277 4222 2459 4290 Κύρος
2488 4222 2569 4284 δὲ,
2602 4223 2816 4286 τούτοις
2838 4219 3065 4293 τραφείς
3099 4235 3158 4277 τε
3179 4217 3275 4272 καὶ
3312 4213 3650 4274 παιδευθεὶς.

367 4312 515 4383 plina
545 4312 822 4368 enutritus
851 4321 909 4367 et
930 4311 1220 4395 educatus,
1254 4327 1381 4367 cum
1410 4310 1795 4368 adolescentim
1851 4328 1938 4367 an-

2056 4313 2152 4366 καὶ
2174 4314 2271 4384 τὴν
2287 4312 2497 4385 ἔφηϐον
2514 4315 2760 4386 ὑπερϐὰς
2783 4313 3020 4384 ἡλικίαν,
3041 4312 3136 4366 καὶ
3162 4313 3273 4373 τοῖς
3305 4307 3530 4379 ἀνδράσι
3550 4321 3653 4361 κα-

369 4419 471 4457 nos
500 4417 777 4472 egressus,
813 4402 870 4456 in
900 4403 1148 4457 virorum
1175 4418 1470 4458 numerum
1506 4405 1714 4461 relatus
1745 4414 1893 4461 esset
1931 4425 1938 4459 :

2052 4406 2327 4475 ταλεγεὶς,
2379 4409 2438 4461 ἐν
2498 4408 2702 4463 ἅπασιν
2743 4407 3122 4477 εὐδοκίμησεν.
3161 4403 3303 4470 Ἤδη
3329 4401 3385 4454 δὲ
3417 4398 3511 4452 τού
3546 4413 3647 4468 μη·

372 4493 636 4548 munibus
659 4493 716 4549 in
742 4492 911 4548 rebus
929 4493 1157 4548 laudem
1181 4496 1437 4551 eximiam
1465 4504 1550 4552 est
1594 4505 1938 4551 consecutus.

2058 4497 2402 4572 προπάτορος
2450 4498 2618 4552 αὑτοῦ
2645 4540 2659 4559 ,
2720 4497 2816 4550 τοῦ
2859 4498 2969 4550 τῶν
3014 4495 3215 4564 Μήδων
3275 4489 3655 4562 βασιλεύοντος

372 4584 489 4638 Avo
521 4584 641 4652 ejus
675 4592 927 4639 materno
962 4586 1195 4655 Astyage
1228 4586 1510 4647 defuncto.
1534 4587 1825 4657 Cyaxares,
1852 4586 1938 4656 qui

2057 4581 2414 4657 ’Δστυάγους,
2438 4591 2536 4660 τὴν
2555 4591 2702 4659 ζωὴν
2732 4588 3197 4661 μεταλλάξαντος,
3219 4587 3248 4641 ὁ
3276 4586 3405 4648 παῖς
3437 4581 3650 4637 ἐκείνου

373 4684 430 4730 et
458 4674 654 4729 Darius
683 4674 907 4739 dicitur,
955 4675 1082 4749 Cyri
1135 4678 1466 4739 avunculus,
1530 4689 1819 4748 paternum
1870 4696 1938 4733 rc-

2071 4680 2389 4752 Κυαξάρης,
2421 4678 2575 4747 οὗτος
2611 4682 2669 4736 δὲ
2707 4683 2802 4736 καὶ
2831 4683 3056 4751 Δαρεῖος
3086 4680 3395 4750 ὠνόμαστο,
3425 4675 3524 4745 τὴν
3547 4691 3651 4726 :1-

372 4783 540 4841 gnum
565 4766 830 4838 suscepit.
860 4766 1136 4823 Caeterum
1166 4784 1264 4824 rex
1284 4769 1662 4841 Assyriorum,
1720 4770 1938 4840 imperit

2059 4771 2257 4839 τρικῆν
2286 4772 2463 4845 ἀρχὴν
2501 4772 2810 4839 διεδέξατο,
2847 4771 2942 4826 τοῦ
2977 4770 3166 4843 Κύρου
3213 4769 3499 4839 τυγχάνων
3544 4783 3649 4835 μη·

374 4863 431 4916 in
462 4862 793 4916 immensum
823 4869 986 4915 aucto
1010 4859 1157 4932 (nam
1184 4875 1390 4931 praeter
1426 4862 1699 4932 ingentem
1728 4879 1840 4917 sua:
1861 4878 1938 4917 na

2059 4861 2386 4933 τράδελφος.
2434 4863 2494 4919 Ὀ
2523 4864 2580 4918 δὲ
2616 4865 2726 4918 τῶν
2763 4865 3073 4935 Ἀσσυρίων
3109 4862 3352 4932 κρατῶν,
3390 4862 3471 4920 εἰς
3506 4858 3650 4929 μέγα

373 4952 541 5010 tionis
568 4951 1000 5017 multitudinem,
1030 4952 1242 5011 Arabes
1263 4966 1319 5009 et
1342 4953 1618 5025 Hyrcanos
1645 4955 1932 5027 subegerat

2060 4956 2163 5023 τῆς
2193 4953 2473 5024 βασιλείας
2501 4954 2832 5026 αὐξηθείσης
2862 4954 3034 5021 αὐτῷ,
3064 4956 3161 5007 καὶ
3195 4954 3381 5023 ἄρχων
3415 4951 3513 5019 μὲν
3554 4947 3651 5000 τοῦ

375 5057 433 5102 et
467 5046 635 5117 Syros
666 5045 990 5101 tributarios
1013 5045 1219 5101 fecerat
1249 5056 1344 5101 :ct
1375 5047 1621 5105 Ιίουτωίε
1640 5048 1753 5117 jam
1798 5063 1938 5101 ever

2065 5047 2233 5117 φύλου
2255 5049 2365 5100 τῶν
2385 5047 2711 5118 Ἀσσυρίων,
2738 5046 2892 5109 ὄντος
2911 5044 3318 5114 πολυπληοοῦς,
3349 5044 3438 5111 ὑφ’
3461 5040 3654 5094 ἑαυτὸν

373 5140 470 5207 sis,
495 5139 818 5195 Bactrianos
852 5138 1162 5205 obsidebat,
1183 5148 1257 5203 et,
1290 5139 1554 5209 plurimas
1599 5140 1735 5197 alias
1768 5149 1938 5211 gente:

2064 5138 2123 5191 δέ
2153 5139 2523 5207 πεποιημένος
2554 5138 2678 5201 τοὺς
2714 5137 2986 5207 Ἄραϐας,
3018 5136 3296 5207 ὑπηκόους
3318 5133 3376 5188 δέ
3409 5130 3652 5192 καὶτοὺς

376 5232 433 5287 in
478 5247 579 5287 sua
626 5240 901 5303 potestate
950 5232 1234 5300 habebat),
1288 5232 1538 5303 putabat,
1580 5232 1626 5287 si
1674 5231 1937 5287 Medorun

2075 5230 2403 5301 Ὑρκανίους
2426 5228 2793 5299 κτησάμενος,
2812 5228 2907 5283 καὶ
2932 5229 3058 5292 τοὺς
3088 5227 3294 5298 Σύρους
3321 5224 3652 5294 ὑποφόρους,

381 5324 530 5381 vires
562 5324 838 5397 fregisset,
882 5340 941 5380 se
966 5341 1157 5391 omnes
1205 5326 1666 5395 circumjacentes
1723 5328 1938 5398 populo:

2064 5323 2194 5384 τούς
2246 5337 2311 5390 γε
2360 5320 2466 5390 μὴν
2507 5319 2809 5390 Βακτρίους
2858 5318 3200 5388 πολιορκῶν,
3260 5317 3357 5371 καὶ
3416 5315 3477 5370 τὸ
3543 5314 3653 5366 τῶν

381 5418 595 5473 [οοὶιτυε
639 5433 1055 5488 oppressurum.
1125 5418 1237 5473 Ilac
1281 5418 1616 5491 cogitatione
1677 5429 1935 5490 suscepta

2080 5412 2349 5482 Ἐϐραίων
2378 5411 2533 5478 γένος
2566 5412 2669 5483 ἠδη
2712 5412 3257 5482 καταστρεψάμενος,
3294 5411 3393 5463 καὶ
3433 5407 3567 5462 ἄλλα
3599 5406 3654 5458 δὲ

381 5523 512 5562 suos
546 5509 771 5565 instruit
795 5526 809 5563 :
840 5510 1050 5581 legatos
1077 5511 1143 5565 ad
1171 5510 1421 5566 Croesum
1455 5511 1730 5583 Lydorum
1750 5527 1934 5583 regem

2069 5506 2300 5558 πλεῖστα
2325 5502 2436 5555 τῶν
2467 5502 2641 5556 ἐθνῶν
2678 5502 2905 5573 θέμενος
2949 5502 3131 5575 ἐαυτῷ
3164 5503 3475 5573 ὑποχείρια,
3516 5497 3656 5571 ᾤετο

381 5600 520 5655 etad
542 5608 808 5685 utrosque
831 5600 1095 5674 Phryges,
1119 5603 1186 5659 ad
1208 5604 1585 5675 Paphlagones
1604 5614 1662 5659 et
1680 5604 1867 5670 Indos,
1890 5621 1938 5660 at

2067 5600 2119 5653 εί
2149 5598 2274 5661 τοὺς
2330 5596 2551 5665 Μήδους
2584 5596 2937 5662 ἀσθενώσειε,
2974 5597 3196 5651 πάντων
3225 5613 3290 5662 γε
3336 5595 3447 5649 τῶν
3487 5590 3654 5660 πέριξ

384 5688 550 5745 Cares
571 5697 628 5744 et
647 5684 848 5746 Cilices
879 5693 1069 5757 mittit,
1104 5704 1320 5765 petens,
1357 5704 1418 5750 ut
1442 5694 1573 5750 belli
1597 5694 1744 5765 quod
1767 5704 1938 5751 contr:

2070 5693 2201 5764 ῥᾶον
2235 5689 2567 5758 [κρατήσειν.
2602 5685 2789 5741 Ταῦτα
2838 5688 2895 5742 δὲ
2932 5687 3261 5761 διανοηθεὶς,
3288 5688 3413 5748 τοὺς
3453 5703 3513 5738 τε
3560 5684 3651 5752 ὑφ’

384 5777 571 5837 Medos
595 5781 901 5849 moliretUr,
929 5784 1314 5859 ipsis‘quoque
1352 5787 1486 5843 utile
1516 5786 1791 5853 futurum,
1824 5789 1938 5845 soci

2071 5780 2261 5837 ἑαυτὸν
2306 5773 2635 5849 ἡτοίμαζενέ
2699 5777 2914 5849 ἔπεμψε
2968 5778 3023 5834 δὲ
3082 5780 3177 5834 καὶ
3229 5778 3366 5853 πρὸς
3417 5779 3687 5855 Κροῖσον,-
