4092 6400
464 264 573 327 ΞΠ

1722 256 2126 315 ᾹΝῙέΜᾸΕῘιΙ
2165 257 2315 319 LIB.
2352 258 2470 321 Ill.

3620 253 3730 319 278

472 382 557 431 τὸν
599 373 831 445 βασιλέα
872 372 1079 434 term,
1110 371 1205 425 καὶ
1247 374 1380 442 πρδς
1428 370 1596 441 ἄμφω
1638 370 1761 445 τοὺς
1807 366 2047 438 Φρύγας,

2171 386 2275 425 asse
2308 372 2529 427 vellent.
2581 372 2716 427 Nam
2758 388 2879 428 eam
2912 380 3134 444 gentem
3170 379 3452 443 potentem
3481 385 3604 427 esse
3639 381 3730 427 :et

466 441 610 538 apes
650 466 1018 537 Παφλαγόνας
1055 482 1113 517 τε
1154 466 1248 517 καὶ
1295 462 1515 528 Ἰνδοὺς,
1551 462 1647 515 καὶ
1680 441 1816 531 πρὸς
1861 462 2052 529 Κᾶρας

465 562 562 614 καὶ
589 559 849 623 Κίλικας,
875 558 1041 613 αἰτῶν
1076 558 1466 627 συμμαχήσειν
1500 555 1650 625 αὐτῷ
1683 557 1823 607 κατά
1853 552 2053 624 Μήδων

461 650 808 723 ὡρμημένῳ,
832 651 909 714 ὡς
933 653 1027 705 καὶ⁵
1051 653 1235 715 αὐτοῖς
1266 649 1360 703 τοῦ
1390 648 1627 718 πολὲμου
1655 651 2051 715 συμφέροντος,

465 746 694 798 δυνατὸν
739 741 882 798 εἶναι
934 746 995 797 τὸ
1041 743 1194 806 ἔθνος
1232 742 1444 811 λέγων,
1472 743 1774 811 ἐπιγαμίαν
1813 756 1873 792 τε
1918 738 2056 808 πρὸς

467 837 687 904 Πέρσας
712 836 1100 907 πεποιημένον,
1120 837 1216 890 καὶ
1243 835 1343 907 τὴν
1373 834 1500 907 παρ’
1538 833 1763 887 ἐκείνων
1789 832 2058 900 προσκτή-

473 928 675 982 σασθαι
723 928 970 999 ἀρωγὴν,
999 930 1095 981 καὶ
1153 926 1384 998 θάτερον
1433 923 1854 995 συγκροτεῖσθαι
1904 922 2057 991 παρὰ

470 1020 725 1090 θατέρου.
766 1019 938 1075 Ὠστε
992 1020 1040 1073 εί
1082 1019 1157 1089 μή
1196 1036 1280 1081 τις
1311 1018 1517 1080 αὐτοὺς
1554 1017 1769 1086 φθάσας
1815 1011 2059 1068 ἀσθενώ-

474 1127 580 1174 σει,
609 1111 828 1181 ἑκάστῳ
868 1111 979 1163 τῶν
1005 1109 1179 1164 ἐθνῶν
1225 1109 1480 1173 ἐπιόντας
1514 1108 1813 1179 κρατήσειν
1853 1106 2054 1159 αὐτῶν.

481 1204 544 1257 ⁸0
569 1204 668 1273 μὲν
696 1199 791 1257 οὖν
821 1202 1101 1269 τοιούτους
1122 1203 1314 1272 λόγους
1342 1203 1479 1276 πρὸς
1508 1202 1740 1256 ἕκαστον
1758 1200 1868 1254 τῶν
1885 1198 2056 1253 ἐθνῶν

464 1295 839 1366 διεπέμπετο’
872 1295 982 1349 τῶν
1010 1294 1067 1348 δὲ
1090 1294 1160 1348 τὰ
1195 1294 1299 1364 μὲν
1328 1298 1441 1357 τοῖς
1480 1294 1662 1362 λόγοις
1702 1291 1915 1354 τούτοις
1952 1307 2058 1344 πα-

469 1385 865 1457 ρακινούμενα,
895 1386 965 1440 τά
1014 1385 1071 1440 δὲ
1103 1386 1199 1439 καὶ
1241 1370 1489 1457 χρήμασι
1522 1383 1715 1456 δώροις
1758 1381 2053 1436 ἀναπειθό-

471 1494 633 1547 μενα,
668 1477 785 1531 ἔνια
812 1477 870 1530 δὲ
910 1477 1006 1530 καὶ
1031 1475 1183 1547 φόϐῳ
1216 1477 1311 1529 τοῦ
1341 1476 1635 1545 Ἀσσυρίου
1676 1473 2055 1545 κρατούμενα,

470 1570 861 1641 συμμαχήσειν
883 1570 1200 1624 κατέθεντο.
1228 1568 1532 1640 Κυαξάρης
1559 1567 1617 1622 δὲ
1641 1567 1816 1621 ταῦτα
1845 1565 2055 1637 μαθὼν,

462 1662 638 1725 αὐτός
666 1679 725 1716 τε
751 1661 1240 1732 παρεσκευάζετο,
1283 1662 1376 1716 καὶ
1404 1662 1485 1725 είς
1517 1662 1736 1731 Πέρσας
1765 1655 2057 1713 ἀπέστειλε

471 1755 611 1825 πρός
636 1771 697 1808 τε
720 1754 781 1808 τὸ
803 1755 1008 1820 κοινὸν,
1051 1757 1146 1808 καὶ
1175 1754 1317 1826 πρὸς
1350 1754 1441 1808 τὸν
1471 1752 1623 1823 σφῶν
1651 1750 1881 1822 βασιλέα
1899 1751 2060 1819 Καμ-

466 1845 668 1915 ϐύσην,
704 1847 1026 1918 συμμαχίαν
1058 1847 1250 1912 αἰτῶν,
1280 1845 1378 1901 καὶ
1424 1844 1522 1899 τὸν
1556 1845 1745 1916 Κῦρον
1777 1844 1869 1898 τὸν
1905 1843 2061 1898 ἀδελ-

473 1940 663 2009 φιδοῦν
695 1942 936 2014 ἄρχοντα
976 1943 1088 1997 τῶν
1136 1945 1442 2014 συμμάχων
1488 1940 1805 1996 ἐλεύσεσθαι
1848 1938 2015 2007 ἀξιῶν
2042 1954 2059 1973 ο

469 2034 575 2105 ἤδη
623 2035 735 2107 γὰρ
772 2036 833 2089 ὲν
883 2038 998 2100 τοῖς
1041 2035 1273 2102 τελείοις
1320 2035 1616 2107 ὴρίθμητο.
1665 2034 2061 2106 Συμμαχήσειν

467 2123 568 2182 οὖν
592 2128 702 2181 τῶν
730 2127 959 2200 Περσῶν
981 2128 1395 2198 καταθεμένων,
1418 2129 1466 2181 oi
1491 2126 1802 2198 γεραίτεροι
1823 2125 2062 2198 ἄρχοντα

471 2219 566 2274 τὸν
597 2220 778 2291 Κῦρον
809 2221 1099 2292 αἱροῦνται
1132 2221 1233 2291 τῆς
1267 2221 1349 2284 είς
1397 2219 1616 2292 Μήδους
1648 2220 1933 2290 στρατιᾶς,
1966 2216 2062 2272 καὶ

471 2312 843 2384 τρισμυρίους
894 2311 1045 2384 αὐτῷ
1096 2312 1291 2366 ἔδοσαν
1329 2311 1643 2375 πελταστάς
1693 2310 1792 2365 καὶ
1834 2309 2061 2375 τοξότας

473 2404 571 2457 καὶ
657 2404 1045 2476 σφενδονήτας.
1134 2404 1224 2469 Ὠς
1299 2403 1394 2458 οὖν
1475 2402 1651 2476 ᾑρέθη
1732 2400 1812 2474 τῷ
1893 2402 2063 2473 πατρὶ

476 2496 890 2567 συνταξάμενος
919 2536 935 2562 ,
1018 2495 1187 2568 ἀπῄει
1264 2496 1403 2566 πρὸς
1480 2494 1702 2566 Μήδους
1794 2495 1891 2548 σὺν
1983 2492 2063 2564 τῷ

477 2591 874 2661 στρατεύματι.
939 2590 1097 2646 Ἐπεὶ
1150 2589 1209 2644 δὲ
1270 2587 1501 2659 ἀφίκετο
1562 2585 1740 2661 (οὔπω
1794 2586 1854 2642 δὲ
1913 2602 2062 2657 παρ-

476 2683 545 2751 ῆν
588 2683 618 2738 ό
684 2681 1021 2753 Ἀσσύριος)
1084 2681 1276 2737 ἀσκεῖν
1337 2680 1603 2736 ἐπέταττε
1674 2682 1788 2744 τοῖς
1863 2679 2062 2735 ἑαυτοῦ

479 2774 549 2825 τα
576 2770 834 2842 πολέμια.
884 2771 974 2827 Ἐν
1022 2772 1237 2835 τούτοις
1268 2771 1325 2826 δὲ
1376 2773 1532 2842 παρά
1585 2772 1882 2843 Κυαξάρου
1927 2767 2065 2846 ἧκεν

478 2865 734 2933 ἄγγελος,
761 2863 964 2935 λέγων,
995 2865 1102 2928 ὃτι,
1149 2864 1327 2919 Ἰνδῶν
1370 2863 1576 2940 παρῄει
1634 2865 1924 2938 πρεσϐεία,
1968 2867 2064 2920 καὶ

480 2957 567 3008 δεῖ
585 2957 846 3026 παρεῖναι
876 2955 972 3010 καί
995 2972 1079 3023 σε,
1120 2955 1273 3029 φέρω
1304 2954 1363 3009 δέ
1412 2973 1494 3010 σοι
1558 2957 1655 3010 καὶ
1715 2955 1909 3027 στολὴν
1966 2956 2066 3028 τὴν

2156 464 2416 521 aﬂinitate
2448 482 2573 522 cum
2603 468 2787 524 Persis
2823 469 3035 538 juncta,
3076 468 3295 522 illorum
3335 483 3554 539 quoque
3587 467 3734 522 vires

2156 559 2442 623 aseivisse,
2478 570 2534 617 et
2569 571 2858 631 utramque
2904 561 2973 616 ab
3012 560 3182 616 altera
3239 559 3466 615 ﬁrmari.
3495 562 3571 616 Ac
3627 559 3732 615 nisi

2159 660 2373 706 mature
2403 652 2550 707 vires
2597 668 2795 707 eorum
2850 660 3264 723 premerentur,
3290 651 3483 705 ordine
3543 665 3735 705 mines

2159 751 2351 809 gentes
2382 758 2764 813 oppressuros.
2824 744 2922 799 Ille
2971 742 3140 815 igitur
3168 742 3486 813 hujusmnd‘n
3521 756 3726 795 sermo-

2160 832 2344 897 nibus,
2388 835 2589 904 passim
2614 835 2907 908 jactandis.
2943 834 3212 906 quosdam
3247 834 3453 891 verbis.
3497 832 3737 886 nonnul-

2157 925 2242 982 los
2273 929 2621 994 muneribus,
2650 928 2915 996 quosdam
2946 927 3114 982 etiam
3148 936 3297 982 metu
3346 926 3430 980 sui
3485 924 3734 986 adduxit,

2160 1025 2222 1071 ut
2249 1016 2448 1073 auxilia
2469 1019 2881 1089 pollicerentur.
2901 1017 3174 1089 Cyaxares
3204 1032 3270 1072 eo
3304 1026 3455 1071 motu
3492 1017 3734 1085 cognito,

2157 1118 2214 1164 et
2241 1109 2359 1179 ipse
2393 1125 2515 1166 sese
2544 1119 2722 1181 parat,
2753 1119 2809 1166 et
2831 1112 3017 1166 missis
3050 1110 3119 1165 ad
3156 1124 3449 1165 commune
3472 1117 3529 1164 et
3551 1124 3735 1179 regem

2156 1200 2449 1256 Persarum
2473 1200 2799 1272 Cambysem
2828 1202 3045 1272 legatis,
3106 1201 3308 1256 auxilia
3347 1201 3507 1271 petit,
3544 1209 3601 1255 et
3629 1200 3736 1265 Cy-

2157 1310 2280 1349 rum
2298 1293 2505 1349 sororis
2530 1292 2700 1349 ﬁlium
2727 1293 3052 1349 auxiliorum
3084 1293 3279 1348 ducem
3314 1310 3325 1346 :
3361 1308 3486 1347 nam
3517 1292 3571 1345 in
3604 1293 3741 1347 clas-

2158 1401 2271 1442 sem
2295 1387 2540 1441 virorum
2570 1387 2683 1458 jam
2707 1387 3018 1442 transierat.
3045 1385 3229 1441 Persis
3257 1385 3386 1441 belli
3422 1384 3737 1440 societatem

2156 1477 2438 1548 pollicitis,
2466 1477 2715 1533 seniores
2734 1476 2939 1546 Cyrum
2972 1476 3344 1548 expeditionis
3376 1475 3600 1531 Medicae
3622 1475 3694 1530 du
3715 1504 3732 1515 -

2159 1585 2279 1627 cem
2315 1580 2527 1635 creant,
2571 1571 2797 1641 triginta
2828 1570 3073 1625 millibus
3109 1579 3478 1634 scutatorum,
3511 1566 3738 1639 sagitta-

2161 1662 2368 1717 riorum
2399 1672 2457 1718 et
2481 1662 2819 1718 funditorum
2857 1662 3107 1718 delectis.
3139 1661 3372 1718 Creatus
3410 1662 3734 1730 imperator.

2165 1770 2225 1810 re
2280 1770 2404 1812 cum
2463 1763 2620 1826 patre
2653 1756 3082 1818 communicata,
3139 1754 3207 1809 ad
3240 1753 3431 1809 Medos
3462 1753 3577 1807 abit
3613 1768 3739 1808 cum

2160 1848 2430 1904 exercitu.
2455 1848 2574 1915 Quo
2611 1864 2736 1904 cum
2760 1858 2887 1904 ante
2917 1848 3267 1921 Assyriorum
3297 1849 3594 1904 adventum
3616 1862 3742 1918 per-

2160 1941 2421 2005 venisset,
2455 1938 2680 1997 bellicas
2703 1940 3126 1996 exercitationes
3152 1938 3312 2012 ιω
3329 1938 3449 1996 suis
3468 1937 3739 1993 militibus

2161 2031 2415 2104 imperat.
2450 2031 2666 2088 [nterea
2697 2048 2730 2089 ιι
2765 2032 3009 2105 Cyaxare
3043 2032 3375 2101 accersitur.
3417 2041 3479 2088 ut
3530 2029 3733 2086 ludicre

2160 2124 2425 2196 legationi
2459 2124 2751 2181 audienda:
2775 2125 3013 2189 adesset,
3058 2124 3225 2180 missa
3278 2133 3431 2179 veste
3482 2120 3740 2192 pulcher-

2162 2217 2323 2287 rima,
2356 2225 2417 2274 ut
2444 2233 2663 2275 summo
2689 2218 2746 2273 in
2773 2218 3068 2290 splendore
3094 2217 3165 2273 ab
3194 2216 3346 2273 Indis
3385 2218 3743 2284 conspicerea

2164 2319 2275 2365 tur.
2308 2309 2447 2367 Cum
2481 2319 2666 2367 autem
2694 2310 2871 2383 Cyrus
2894 2312 2960 2366 ad
3001 2315 3221 2382 ianuam
3264 2309 3529 2381 Cyaxaris
3552 2307 3743 2363 habitu

2162 2400 2388 2460 Persico
2417 2403 2676 2468 venisset,
2711 2420 2855 2476 aegre
2882 2404 3009 2460 tulit
3040 2405 3130 2459 ille
3168 2405 3339 2458 vestis
3391 2401 3744 2456 tenuitatem.

2162 2495 2283 2551 Indi
2322 2496 2504 2552 vocati
2524 2495 2797 2562 referunt,
2835 2512 2894 2565 se
2925 2512 2955 2552 a
2988 2510 3088 2553 suo
3119 2510 3246 2566 rege
3289 2495 3490 2550 missos
3510 2507 3652 2559 esse,
3684 2500 3748 2547 ut

2165 2594 2583 2660 cognoscerent,
2636 2604 2761 2659 quae.
2808 2602 2974 2644 causa
3006 2588 3141 2644 belli
3169 2594 3319 2644 esset
3375 2585 3522 2640 inter
3557 2583 3749 2639 Medos

2154 2666 2222 2736 et
2259 2681 2546 2753 Assyrium
2578 2700 2591 2737 :
2627 2681 2929 2752 eademque
2959 2696 3026 2736 ex
3054 2680 3147 2736 illo
3167 2679 3334 2736 etiam
3357 2687 3752 2750 percontaren-

2156 2783 2281 2847 tur,
2309 2783 2367 2831 et
2390 2775 2641 2847 utrisque
2672 2775 2943 2841 dicerent,
2971 2788 3152 2846 regem
3183 2772 3469 2838 Indorum,
3491 2772 3750 2842 aequitate

2166 2867 2407 2939 cognita.
2441 2867 2510 2923 iis
2542 2866 2657 2923 fore
2687 2866 3020 2938 adiutorem,
3069 2865 3164 2938 qui
3204 2864 3422 2937 injuriis
3467 2864 3750 2920 ailieeren-

2169 2968 2279 3015 tur.
2308 2960 2385 3016 Ad
2417 2960 2533 3014 haec
2554 2961 2837 3030 respondit
2861 2958 3155 3032 Cyaxares,
3178 2974 3237 3015 se
3272 2957 3500 3030 quidem
3536 2956 3744 3012 nullam

485 3046 787 3121 καλλίστην
812 3063 827 3079 ο
857 3047 1112 3118 βούλεται
1132 3048 1243 3120 γάρ
1279 3064 1341 3101 σε
1389 3049 1695 3120 προσάγειν
1748 3049 2069 3120 ἐστολισμέ-

2175 3052 2399 3124 Assyrio
2427 3052 2607 3109 facere
2637 3051 2893 3124 injuriam
2927 3067 2940 3106 ε
2982 3051 3116 3123 quid
3145 3059 3330 3108 autem
3353 3050 3445 3105 ille
3479 3049 3654 3114 dicat,
3693 3048 3751 3103 id

485 3156 579 3192 νον
604 3138 997 3210 λαμπρότατα,
1035 3140 1103 3194 ἵν’
1127 3138 1274 3194 οὕτω
1300 3144 1413 3204 τοῖς
1462 3142 1663 3206 Ἰνδοῖς
1690 3142 1937 3213 δφθείης.
1978 3141 2069 3206 Ὠς

485 3232 536 3285 δ’
564 3230 796 3300 ἀφίκετο
816 3231 913 3286 ἐπὶ
934 3230 1035 3296 τὰς
1063 3231 1362 3302 Κυαξάρου
1398 3231 1571 3304 θύρας
1610 3233 1750 3303 μετὰ
1774 3234 1874 3305 τῆς
1901 3249 2064 3304 στραο

482 3325 636 3389 ⁴ειιίς,
671 3324 769 3378 καὶ
791 3325 1086 3394 Περσικῶς
1121 3325 1460 3392 ἐσταλμένος
1490 3325 1663 3399 εἰσῄει
1687 3328 1825 3399 πρὸς
1879 3326 2069 3389 αὐτὸν,

488 3415 733 3487 ἱχθέσθη
765 3418 973 3480 ἐκεῖνος
991 3419 1058 3489 τῇ
1088 3417 1336 3490 memet
1377 3417 1491 3490 (9i)
1529 3420 1630 3490 τῆς
1661 3419 1879 3490 στολῆς.
1926 3419 2075 3489 Κλη-

491 3511 682 3576 Θέντες
708 3512 765 3564 δὲ
787 3512 839 3566 oi
882 3511 1038 3567 Ἰνδοὶ
1064 3507 1243 3579 εἷπον,
1278 3512 1538 3566 ἐστάλθαι
1572 3513 1724 3584 παρά
1752 3511 1847 3566 τοῦ
1882 3511 2076 3581 σφετέ-

494 3620 593 3674 ρου
623 3602 911 3673 βασιλέως,
944 3603 1287 3675 ἐρωτῶντος,
1317 3603 1376 3669 ἐξ
1399 3599 1460 3659 οὗ
1483 3605 1511 3656 ό
1552 3603 1792 3675 πόλεμος
1821 3605 1909 3674 εῖη
1954 3605 2077 3675 Μή-

490 3696 609 3759 δοις
632 3712 693 3749 τε
718 3697 813 3749 καὶ
831 3693 912 3766 τῷ
945 3694 1219 3769 Ἀσσυρίῳ
1241 3712 1256 3763 ;
1300 3696 1383 3750 Τὰ
1409 3696 1550 3750 αύτά
1576 3696 1634 3750 δὲ
1664 3695 1931 3750 πυθέσθαι
1969 3698 2076 3751 κά-

493 3789 701 3854 κείνου,
726 3790 822 3843 καὶ
842 3789 1178 3862 ἀμφοτέροις
1206 3790 1403 3854 είπεῖν,
1431 3790 1517 3843 ὅτι
1539 3790 1569 3844 ό
1608 3788 1789 3843 Ἰνδῶν
1820 3788 2077 3861 βασιλεὺς

494 3880 557 3932 τὸ
575 3879 793 3934 δίκαιον
821 3880 1192 3951 σκεψάμενος,
1219 3879 1361 3950 μετά
1377 3877 1470 3934 τοῦ
1500 3880 1843 3950 ἠδικημένου
1867 3879 2076 3937 ἔσεται.

504 3971 650 4044 Πρὸς
672 3971 896 4026 ταῦταὸ
926 3971 1229 4043 Κυαξάρης
1264 3971 1368 4042 ἔφη
1408 3989 1423 4005 ο
1466 3972 1659 4043 Ἡμεῖς
1710 3973 1811 4043 μὲν
1858 3973 2080 4027 ἀδικοῦ-

505 4082 611 4133 μεν
632 4063 782 4118 οὐδὲν
807 4063 900 4118 τὸν
948 4063 1274 4136 Ἀσσύριον·
1330 4063 1549 4118 ἐκείνου
1594 4064 1653 4119 δὲ
1704 4065 1733 4119 ὅ
1801 4082 1856 4120 τι
1905 4065 2081 4135 λέγει,

498 4155 865 4213 πυνθανέσθε.
918 4155 980 4211 '0
1034 4156 1094 4211 δὲ
1148 4156 1330 4227 Κῦρος
1388 4152 1576 4211 εἶπενο
1630 4158 1700 4212 El
1727 4158 1864 4227 παρ’
1912 4156 2085 4228 ἡμῶν

496 4247 843 4304 ἀδικεῖσθαί
876 4263 1071 4319 φησιν
1106 4251 1140 4303 ὁ
1190 4248 1534 4317 Ἀσσύριος,
1563 4244 1611 4304 ὧ
1645 4249 1850 4315 Ἰνδοὶ,
1893 4250 2084 4305 αὐτὸν

496 4341 822 4409 αἱρούμεθα
849 4339 1151 4406 δικαστὴν
1180 4340 1286 4394 τὸν
1309 4341 1579 4405 ,ϐασιλέα
1616 4340 1805 4411 ὑμῶν.
1856 4343 1921 4395 Οἱ
1983 4341 2083 4412 μὲν

496 4435 563 4503 δὴ
594 4434 767 4487 ταῦτα
789 4432 1145 4498 ἀκούσαντες,
1173 4432 1398 4505 ᾤχοντο.
1416 4435 1475 4488 '0
1498 4435 1554 4489 δὲ
1582 4435 1789 4507 Κῦρος,
1814 4435 1888 4507 μὴ
1913 4434 2082 4490 θέλων

497 4528 786 4597 ἄπρακτον
822 4526 1095 4597 καθῆσθαι
1124 4529 1224 4597 τὴν
1281 4527 1479 4583 ἑαυτοῦ
1516 4529 1802 4601 στρατιὰν,
1834 4529 1912 4600 τῷ
1935 4531 2087 4584 Κυα-

501 4618 646 4691 ξᾶιτιῃ
669 4620 873 4688 φησίν·
916 4622 1220 4690 Ἔναγχος
1255 4618 1570 4691 μέμνημαί
1621 4638 1739 4676 σου
1787 4622 2082 4688 ἀκούσας,

499 4712 582 4776 ὡς
602 4713 635 4765 ό
668 4709 964 4781 Ἀρμένιος
1001 4712 1142 4768 οὕτε
1171 4712 1515 4782 στράτευμα
1542 4712 1759 4784 πέμπει
1782 4729 1904 4781 σοι,
1946 4716 2086 4770 οὔτε

500 4801 612 4855 τὸν
637 4801 878 4871 δασμὸν
913 4802 1146 4867 δίδωσι,
1170 4804 1278 4871 τὰς
1302 4804 1617 4872 συνθήκας
1655 4806 1983 4874 ήθετηκώς.
2016 4809 2089 4862 Ei

500 4888 620 4949 οὖν
637 4893 880 4959 βούλει,
919 4893 1163 4965 πέμψον
1189 4894 1316 4966 ἐμὲ,
1373 4896 1596 4963 ἱππέας
1649 4914 1753 4966 μοι
1802 4897 2087 4967 μετρίους

500 4989 925 5055 προσθέμενος
950 5002 965 5018 ο
998 4987 1099 5041 καί
1133 4984 1293 5058 οἶμαι
1321 4987 1443 5043 σὺν
1472 4988 1598 5055 τοῖς
1625 4988 1783 5055 θεοῖς
1847 4990 1928 5056 ὡς
1984 4991 2085 5044 καὶ

501 5075 573 5131 τὸ
594 5077 939 5148 στράτευμα
968 5079 1214 5151 πέμψει,
1237 5079 1338 5135 καί
1379 5081 1631 5149 ἀποδοίη
1686 5081 1786 5136 καὶ
1832 5080 1939 5135 τὸν
1982 5081 2089 5136 δα-

501 5168 687 5252 σμόν.
729 5168 819 5233 Ὠς
844 5168 902 5222 δὲ
932 5170 1140 5240 ἐφῆκεν
1168 5173 1197 5225 ό
1225 5171 1544 5242 Κυαξάρης,
1593 5171 1968 5242 ὑποσχόμενος
1996 5173 2087 5226 ὅτε

502 5260 618 5321 τοῖς
651 5259 801 5331 ὅροις
828 5261 1129 5332 πλησιάσει
1155 5263 1260 5332 τῆς
1301 5263 1623 5335 ’Δρμενία;,
1664 5263 1905 5336 πέμψειν
1935 5265 2088 5337 αὐτῷ

501 5352 633 5412 τοὺς
661 5350 894 5416 ἱππέας,
930 5353 1101 5426 ἀπῄει
1128 5354 1158 5405 δ
1199 5354 1387 5426 Κῦρος
1415 5353 1490 5419 ὡς
1520 5356 1656 5427 πρὸς
1693 5355 1869 5427 θήραν
1904 5357 2086 5422 ἐξιών.

502 5441 620 5497 Καὶ
656 5442 768 5515 γὰρ
826 5442 1011 5499 εἰώθει
1051 5445 1227 5518 θηρᾷν
1283 5446 1452 5517 μέσον
1507 5447 1615 5500 τῶν
1658 5447 1822 5516 ὁρίων
1856 5448 2084 5519 ἀμφοῖν,

2170 3148 2253 3203 eis
2292 3163 2356 3202 ex
2408 3149 2528 3217 ipso
2567 3160 2691 3202 esse
2737 3146 3207 3216 cognoscendum.
3256 3143 3432 3215 Cyrus
3462 3142 3635 3197 item:
3696 3140 3754 3197 Si

2172 3255 2357 3311 quam,
2387 3237 2586 3309 inquit,
2627 3237 2769 3305 Indi,
2804 3237 3051 3310 Assyrius
3080 3237 3342 3308 injuriam
3391 3237 3492 3290 sibi
3526 3252 3557 3289 a
3610 3234 3755 3288 nobis

2171 3347 2281 3386 esse
2310 3340 2485 3386 ortam
2514 3331 2779 3402 queritur,
2826 3331 3003 3401 ipsum
3054 3345 3231 3400 regem
3264 3335 3495 3384 vestrum
3520 3326 3755 3398 judicent

2173 3427 2450 3479 sumimus.
2474 3423 2572 3479 His
2599 3424 2762 3495 legati
2793 3423 3025 3481 auditis.
3058 3422 3340 3478 abierunt.
3383 3422 3561 3494 Cyrus
3597 3435 3753 3485 vero,

2174 3533 2246 3573 ne
2276 3532 2412 3573 suus
2451 3519 2732 3573 exercitus
2761 3516 3043 3573 desideret
3086 3516 3315 3576 otiosus.
3350 3513 3579 3587 Cyaxari
3623 3513 3703 3568 ait
3738 3529 3754 3567 :

2175 3611 2393 3667 Memini
2412 3628 2492 3667 me
2510 3628 2679 3683 nuper
2692 3627 2756 3666 ea:
2777 3618 2828 3664 te
2843 3611 3124 3675 audiuisse,
3139 3609 3447 3663 Armenium
3464 3622 3632 3679 neque
3658 3605 3762 3659 mi-

2180 3707 2320 3773 lites,
2342 3723 2508 3779 neque
2532 3707 2726 3762 tributa
2751 3706 2843 3760 tibi
2869 3706 3098 3771 mittere,
3116 3704 3281 3773 pactis
3294 3700 3521 3757 violatis.
3536 3698 3687 3766 Quod
3713 3700 3761 3753 si

2175 3800 2276 3862 vis,
2313 3799 2626 3854 mediocrem
2655 3800 2891 3869 equitum
2931 3812 3210 3852 numerum
3259 3795 3387 3849 mihi
3429 3793 3752 3864 adjungito:

2180 3892 2481 3963 effecturum
2504 3891 2643 3945 enim
2671 3889 2899 3960 conﬁdo,
2926 3889 3175 3955 adiutore
3202 3887 3331 3955 Deo,
3359 3895 3416 3940 ut
3435 3893 3483 3939 et
3503 3885 3680 3953 copias
3710 3889 3761 3935 et

2183 3982 2381 4037 tributa
2405 3982 2497 4036 tibi
2513 3983 2709 4037 mittat.
2728 3979 2966 4036 Assenso
2986 3979 3249 4051 Cyaxare,
3273 3975 3649 4048 pollicitoque,
3663 3973 3757 4027 ubi

2181 4073 2249 4128 ad
2272 4073 2544 4129 Armeniae
2571 4071 2709 4128 ﬁnes
2743 4071 3066 4127 accessisset
3090 4086 3148 4127 se
3198 4069 3276 4125 illi
3308 4067 3524 4138 equites
3560 4064 3764 4120 missu-

2183 4181 2330 4229 rum,
2367 4164 2544 4237 Cyrus
2578 4165 2968 4235 proﬁciscitur,
3023 4162 3186 4234 quasi
3237 4170 3502 4218 venatum
3537 4160 3715 4215 exiret
3744 4176 3759 4212 :

2183 4272 2312 4312 nam
2347 4256 2534 4312 venari
2569 4266 2932 4313 consueverat
2964 4255 3110 4311 intra
3135 4254 3270 4310 ﬁnes
3309 4254 3618 4315 amborum,
3652 4251 3762 4306 Me~

2188 4349 2409 4411 dorum,
2439 4348 2686 4419 inquam,
2722 4357 2778 4402 et
2803 4346 3214 4403 Armeniorum.
3250 4345 3400 4399 Inter
3442 4342 3765 4399 venandum

2190 4442 2359 4514 igitur
2420 4448 2637 4498 montes
2691 4440 2967 4497 Armeniae
3012 4437 3359 4499 conscendit.
3393 4447 3451 4491 et
3500 4434 3762 4506 paulatim

2190 4533 2426 4589 ulterius
2456 4532 2825 4604 progreditur.
2844 4533 2965 4600 Quo
2986 4530 3261 4604 Cyaxares
3281 4528 3526 4600 cognito,
3552 4527 3772 4598 equites

2191 4623 2271 4679 illi
2308 4623 2498 4677 mittit.
2534 4621 2751 4689 Quibus
2777 4619 3040 4690 acceptis.
3075 4619 3326 4673 tribunos
3344 4622 3640 4677 convocat,
3676 4627 3768 4666 ar-

2191 4729 2389 4771 canum
2411 4714 2622 4785 profert
2658 4731 2672 4768 :
2706 4729 2766 4769 se
2792 4712 2987 4769 adesse
3015 4718 3243 4781 pr0pter
3271 4705 3521 4762 Armenii
3549 4704 3762 4775 iniqui-

2192 4814 2384 4871 tatem,
2418 4805 2513 4876 qui
2543 4805 2724 4861 datam
2753 4803 2982 4878 Cyaxari
3013 4803 3177 4860 ﬁdem
3205 4802 3394 4856 violet.
3447 4798 3772 4869 Clirysautae

2187 4897 2434 4963 mandat,
2467 4906 2529 4953 ut
2562 4897 2794 4954 semisse
2841 4894 3140 4954 Persarum
3194 4902 3445 4964 accepto.
3494 4886 3770 4946 Armenia:

2187 5000 2404 5046 montes
2433 5000 2666 5061 occupet
2701 5009 2717 5046 :
2743 4997 2800 5045 et
2830 4999 3042 5053 caveat,
3070 5002 3141 5043 ne
3169 4992 3555 5058 cognoscatur,
3602 4995 3768 5036 exer-

2188 5081 2359 5137 citum
2398 5079 2453 5134 in
2486 5078 2569 5135 eis
2586 5079 2823 5145 versari,
2845 5076 2941 5134 sed
2967 5078 3231 5148 quosdam
3259 5072 3558 5145 praemittat
3583 5078 3639 5124 et
3662 5084 3770 5122 nu-

2188 5188 2345 5229 mero
2376 5181 2434 5228 et
2458 5172 2651 5227 liabitu
2672 5171 3025 5243 praedonibus
3055 5169 3266 5226 similes
3294 5186 3308 5224 :
3343 5174 3403 5221 ut
3423 5165 3468 5220 si
3500 5162 3596 5233 qui
3627 5162 3770 5216 forte

2190 5266 2249 5320 in
2276 5266 2401 5320 illos
2439 5263 2771 5331 inciderint,
2808 5264 3056 5319 latrones
3104 5275 3230 5316 esse
3279 5256 3625 5313 existiment.
3693 5248 3770 5305 lta

2192 5355 2531 5428 Chrysantas
2558 5366 2775 5411 montes
2833 5351 3177 5411 conscendit.
3237 5350 3414 5421 Cyrus
3445 5345 3644 5415 legatis
3702 5342 3769 5396 ad

2195 5447 2519 5503 Armenium
2543 5447 2751 5513 missis,
2774 5446 3027 5516 imperat,
3050 5452 3111 5499 ut
3135 5440 3540 5513 quamprimum
3577 5445 3634 5491 et
3671 5433 3773 5490 tri-

1670 5585 1869 5647 Variae
1903 5585 2213 5649 lectiones
2271 5593 2334 5651 et
2374 5592 2563 5650 notat.

583 5694 698 5766 (se)
728 5694 815 5767 Τῇ
841 5654 1128 5769 Manu.
1155 5698 1287 5757 Cod.
1306 5692 1475 5758 σου).
1507 5701 1805 5774 φαυλότητι
