4092 6426
357 297 460 359 97)
1627 311 1956 374 JOANNIS
1995 315 2315 379 ZONARE
3507 330 3623 394 280

358 421 488 471 nuta
541 423 597 472 rt
642 418 848 476 milites
877 418 1140 485 adducat,
1215 423 1330 494 ipse
1369 424 1641 482 instructo
1684 429 1930 483 exercitu

2058 429 2148 483 τῶν
2173 448 2232 485 τε
2265 434 2464 502 Μήδων
2496 435 2641 506 φημὶ
2683 436 2774 491 καὶ
2801 437 2910 492 τῶν
2957 437 3282 512 Ἀρμενίων.
3311 443 3422 497 Καὶ
3454 445 3628 500 ἀπελ-

358 511 753 577 proﬁciscitur.
802 517 1100 572 Armenius
1137 517 1224 572 liis
1267 519 1473 574 auditis
1515 521 1827 591 perculsus.
1883 531 1939 576 et

2058 523 2160 577 θὼν
2191 525 2385 596 ἐθήρα,
2421 527 2518 581 καὶ
2547 529 2806 584 ἐπέϐαινε
2836 532 2944 585 τῶν
2969 511 3112 604 ὀρῶν
3165 536 3263 605 τῆς
3333 537 3631 609 Ἀρμενίας

354 603 544 672 copias
566 607 864 672 contrahit,
889 618 944 664 et
971 627 1174 665 uxores
1205 627 1268 666 ac
1307 611 1477 666 tilium
1499 613 1778 684 juniorem
1810 629 1937 669 cum

2058 612 2144 666 ἐπὶ
2177 615 2234 668 τὸ
2263 615 2456 686 πρόσω
2495 617 2696 689 χωρῶν
2726 621 2935 690 ἠρέμα.
2971 603 3060 687 Ὠς
3091 623 3137 676 δ’
3167 603 3368 696 ᾔσθετο
3400 603 3575 682 ταῦτα

359 695 610 762 pecuniis
666 696 723 751 in
788 710 1006 756 montes
1052 701 1272 756 mittit:
1316 719 1496 774 neque
1537 705 1685 759 enim
1739 705 1946 773 regiam

2058 705 2367 779 Κυαξάρης,
2398 710 2727 764 ἀπέστειλεν
2760 713 2910 784 αὐτῷ
2956 714 3084 779 τοὺς
3148 717 3361 782 ἱππεῖς.
3416 717 3626 773 Ἐλθόνρ

358 786 598 844 habebat
644 792 912 849 munitam
990 793 1094 861 Qui
1149 812 1274 850 cum
1339 796 1392 850 in
1445 811 1542 852 eos
1589 797 1945 864 incidissent,

2058 813 2154 849 των
2187 797 2236 850 δ’
2285 798 2534 865 ἐκείνων,
2573 803 2921 872 συγκαλέσας
2977 823 3104 870 τους
3165 809 3488 881 ταξιάρχας,
3549 813 3634 876 ἐξ·

360 880 520 952 150
543 883 635 952 qui
669 885 780 940 illic
828 887 881 940 in
912 886 1128 942 insidiis
1161 898 1342 950 erant,
1388 890 1690 959 capiuntur
1732 906 1937 946 uxores

2058 888 2212 962 ίφῃνε
2238 891 2297 944 τὸ
2322 894 2672 966 ἀπόρρητον,
2705 898 2803 951 καὶ
2837 899 2994 970 ἥκειν
3027 901 3132 973 ἔφη
3169 903 3258 957 διά
3433 905 3636 975 ’Λρμέο

357 973 539 1043 regim,
573 974 716 1029 ﬁlius
746 985 802 1032 et
839 977 983 1042 lilize,
1017 977 1135 1050 ipse
1171 995 1394 1051 quoque
1448 981 1634 1037 animo
1677 992 1941 1048 aestuans,

2058 998 2160 1034 nov
2182 985 2656 1057 ἁτλωμονήσαντα
2691 991 2828 1062 πρὸς
2862 993 2953 1047 τὸν
3009 995 3333 1069 Κυαξάρην.
3388 973 3512 1053 Καὶ.
3538 973 3632 1067 τῷ

358 1064 502 1133 t'yro
527 1082 584 1120 se
607 1066 780 1122 dedit.

2058 1075 2149 1142 μὲν
2185 1076 2481 1146 Χρυσάντα
2518 1082 2827 1139 ἐνετέλλετο
2853 1088 2982 1152 τοὺς
3028 1064 3472 1159 ἡμίσειςλαϐεῖν
3517 1064 3631 1145 τῶν

357 1158 607 1254 Περσων,
642 1161 843 1254 nisi;
874 1162 941 1213 τὰ
971 1161 1072 1234 δρη
1133 1162 1244 1216 τῶν
1311 1163 1620 1236 Ἀρμενίων
1659 1165 1942 1234 γένεσθαι,
1982 1165 2356 1238 φυλάττεσθαί
2421 1189 2484 1226 τε
2551 1173 2629 1244 μὴ
2670 1177 2987 1248 γνωσθῆναι
3042 1158 3126 1236 ὅτι
3177 1183 3494 1254 στράτευμα
3543 1185 3630 1253 εἴη

355 1253 416 1302 ἐν
442 1250 676 1316 τούτοις.
707 1252 844 1306 άλλά
866 1269 1021 1317 τινας
1046 1255 1399 1326 προπέμπειν
1420 1256 1647 1330 λῃσταῖς
1713 1255 1984 1323 ἐοικότας,
2025 1257 2122 1312 καὶ
2183 1258 2246 1312 τὸ
2281 1260 2487 1332 πλῆθος
2527 1264 2750 1330 καὶτὰς
2784 1269 3011 1334 στολάς·
3049 1271 3128 1336 ὥς
3149 1289 3208 1324 τε
3243 1250 3463 1337 εἴτινες
3503 1250 3631 1328 τούέ

357 1359 473 1407 τοις
673 1344 973 1417 ἐντύχοιεν,
1010 1345 1240 1410 κλῶπας
1270 1347 1516 1419 νομίζειν
1537 1344 1703 1404 εἶναι.
1757 1349 1871 1404 Καὶ
1913 1349 1944 1402 6
1985 1349 2088 1422 μὲν
2126 1351 2456 1422 Χρυσάντας
2492 1357 2632 1426 μετὰ
2700 1360 2810 1413 τῶν
2879 1363 3106 1435 Περσῶν
3133 1364 3226 1417 ἐπὶ
3250 1364 3320 1418 τὰ
3345 1364 3447 1437 ὅρη
3489 1365 3634 1437 lxii)“

358 1450 466 1503 ρει.
510 1435 570 1488 'O
603 1435 661 1490 δέ
699 1437 885 1508 Κῦρος
917 1438 1146 1508 πέμψας
1174 1439 1312 1510 πρὸς
1356 1438 1450 1492 τὸν
1491 1439 1806 1511 Ἀρμένιον,
1856 1440 2109 1496 ἐκέλευεν
2163 1443 2240 1507 ὡς
2301 1447 2534 1517 τάχιστα
2591 1448 2762 1504 οἴσειν
2793 1453 2887 1507 καὶ
2907 1455 3000 1508 τὸν
3017 1456 3226 1526 δασμὸν
3250 1457 3344 1510 καὶ
3368 1435 3628 1528 τὺίστρά-

362 1544 564 1621 τευμα,
627 1530 726 1583 καὶ
787 1530 954 1594 αὐτὸς
1010 1531 1180 1603 ἀπῄει
1235 1532 1693 1603 συντεταγμένος.
1777 1532 1866 1596 Ὠς
1932 1533 1978 1588 δ’
2016 1533 2216 1606 ἤκουσε
2248 1535 2477 1593 ταῦταὸ
2558 1539 2867 1613 Ἀρμένιος,
2927 1545 3226 1620 ἐξεπλάγη,
3275 1549 3369 1604 καὶ
3408 1550 3628 1621 ἔπεμπε

359 1620 460 1718 μὲν
492 1620 889 1718 άθροίζωνᾼτὴν
922 1625 1118 1678 ἐαυτοῦ
1156 1625 1437 1698 στρατιάν,
1479 1625 1700 1698 ἔπεμπε
1761 1625 1818 1680 δὲ
1881 1629 1978 1681 καὶ
2013 1627 2114 1693 τὰς
2182 1634 2473 1700 γυναῖκας,
2504 1634 2597 1688 τόν
2631 1653 2689 1690 τε
2713 1636 2978 1710 νεώτερον
3001 1641 3136 1708 υἱὸν,
3163 1643 3258 1696 καὶ
3278 1642 3348 1697 τά
3369 1645 3634 1718 χρήματα

354 1713 436 1769 εἰς
471 1713 539 1768 τά
569 1714 702 1787 δρηο
740 1715 801 1770 ού
824 1719 935 1786 γὰρ
970 1719 1149 1789 τεῖχος
1171 1721 1237 1789 τῇ
1276 1719 1428 1786 σφῶν
1461 1719 1723 1792 κατοικία
1791 1719 2211 1794 περιεϐέϐλητο.
2300 1724 2456 1779 Ἐπεὶ
2517 1726 2575 1780 δὲ
2641 1729 2690 1782 οἱ
2717 1731 2857 1800 πρὸς
2880 1731 2951 1785 τά
2990 1732 3093 1805 ὅρη
3127 1713 3493 1804 πεμφθέντες
3539 1736 3631 1790 ὲν·

355 1810 556 1862 έπεσον
618 1811 733 1872 τοῖς
801 1809 922 1864 ἐκεῖ
989 1810 1372 1882 ἐφεδρεύουσι,
1419 1813 1513 1864 καὶ
1538 1811 1604 1866 αϊ
1655 1828 1715 1865 τε
1759 1812 2021 1880 γυναῖκες
2051 1814 2148 1868 καὶ
2201 1815 2230 1868 ό
2301 1815 2417 1881 υἱὸς
2487 1817 2584 1872 τοῦ
2649 1819 2972 1893 Ἀρμενίου,
3039 1824 3136 1879 καὶ
3196 1827 3255 1881 αί
3331 1825 3635 1899 θυγατέρες

355 1902 629 1968 ἑάλωσαν,
661 1902 889 1976 ἀπορῶν
919 1904 1105 1970 αὐτὸς,
1141 1906 1237 1957 καὶ
1273 1905 1468 1958 ἑαυτὸν
1499 1903 1578 1976 τῷ
1628 1904 1798 1976 Κύρῳ
1835 1903 2180 1976 παρέδωκεν.

363 2075 368 2079 1
425 1997 592 2055 XVII.
625 1997 845 2056 Interea
890 2009 1024 2056 natu
1079 2001 1256 2070 major
1297 2000 1463 2056 etiam
1499 1999 1748 2056 Armenii
1798 1999 1944 2054 ﬁlius

2129 2005 2226 2058 lZ'.
2264 2003 2356 2061 Ἔν
2406 2005 2617 2071 τούτοις
2645 2008 2703 2063 δὲ
2734 2009 2762 2063 ό
2807 2010 3179 2084 πρεσϐύτερος
3219 2013 3316 2070 τοῦ
3345 2016 3635 2088 Ἀρμενίου

355 2092 629 2165 Tigranes
657 2093 778 2165 qui,
829 2107 1060 2166 peregre
1117 2092 1395 2158 abfuerat,
1439 2098 1497 2147 et
1537 2091 1836 2163 aliquando
1887 2092 1943 2146 in

2058 2099 2179 2160 παῖς
2204 2098 2480 2169 Τιγράνης
2508 2100 2792 2171 ἀπόδημος
2817 2100 2916 2170 ὣν,
2943 2105 3171 2176 προσῄει
3201 2106 3260 2170 ὃς
3284 2124 3413 2162 ποτε
3439 2110 3638 2183 σύνθη-

354 2189 648 2246 venatione
675 2203 802 2244 cum
832 2187 976 2259 Cyro
1013 2185 1216 2254 fuerat,
1257 2201 1536 2250 reversus,
1570 2185 1792 2256 cognito
1816 2200 1946 2241 suo-

2058 2205 2141 2258 ρος
2171 2190 2250 2260 τῷ
2280 2191 2449 2262 Κύρῳ
2480 2193 2721 2261 ἐγένετο,
2759 2195 2854 2250 καὶ
2885 2198 3048 2265 γνοὺς
3079 2198 3146 2253 τά
3205 2199 3512 2270 συμϐάντα,
3543 2203 3636 2256 εύ-

357 2296 482 2337 rum
515 2295 668 2346 casu,
692 2277 876 2334 statim
895 2277 1014 2334 sine
1044 2277 1152 2333 ulla
1177 2277 1531 2333 cunctatione
1561 2275 1763 2348 Cyrum
1808 2291 1947 2332 con-

2058 2280 2146 2344 Βὺς
2181 2282 2256 2344 ὡς
2289 2281 2403 2354 εἶχε
2442 2285 2579 2357 πρὸς
2603 2286 2695 2340 τὸν
2725 2287 2910 2360 Κῦρον
2943 2289 3144 2362 ἀπῄειο
3185 2293 3282 2345 καὶ
3309 2293 3435 2348 ἰδὼν
3461 2295 3554 2349 τόν
3575 2313 3637 2350 τε

355 2375 510 2430 venit
549 2391 563 2429 ζ
587 2387 823 2444 cumque
852 2381 1062 2442 patrem
1096 2380 1154 2426 et
1182 2379 1416 2426 matrem
1449 2380 1506 2426 et
1530 2385 1776 2434 sorores,
1805 2384 1945 2425 υιο·

357 2476 587 2531 remque
616 2475 772 2516 suam
802 2461 1047 2531 captivas
1077 2460 1326 2524 vidisset,
1355 2460 1642 2532 lacrymat.
1693 2459 1797 2516 Cui
1836 2459 1945 2533 Cy-

358 2568 457 2607 rus
495 2569 508 2608 :
539 2552 878 2621 Tcmpestive.
911 2550 1112 2622 inquit,
1141 2552 1265 2606 ades
1293 2570 1309 2606 :
1370 2551 1646 2622 longoque
1690 2566 1948 2608 sermone

357 2662 484 2703 cum
539 2646 805 2700 Armenio
857 2645 1067 2710 habito,
1126 2645 1362 2717 ejusque
1406 2645 1636 2717 perﬁdia
1670 2646 1946 2711 convicta,

360 2737 583 2792 tandem
611 2736 801 2792 dicere
834 2737 1015 2806 jubet,
1045 2746 1279 2806 quantas
1302 2736 1504 2792 habeat
1530 2735 1742 2807 copias,
1767 2752 1947 2808 quan-

360 2839 478 2884 tum
509 2829 639 2883 item
669 2828 959 2898 pecuniae?
989 2826 1126 2884 Cum
1157 2829 1248 2885 ille
1275 2827 1659 2899 responderet,
1692 2829 1947 2901 equitum

363 2931 490 2976 octo
524 2920 771 2992 peditum
804 2921 1168 2993 quadraginta
1233 2922 1402 2977 millia
1435 2939 1448 2976 :
1489 2923 1757 2992 pecuniae,
1811 2923 1856 2978 si
1879 2922 1948 2978 ad

362 3015 577 3086 argenti
626 3014 897 3070 rationem
958 3023 1400 3085 eomputaretur,
1437 3017 1580 3070 ultra
1617 3015 1720 3071 tria
1776 3016 1950 3071 millia

364 3110 633 3164 talentum
662 3129 677 3165 :
707 3109 784 3165 ibi
831 3108 1034 3180 Cyrus,
1093 3109 1370 3165 exercitus
1416 3093 1702 3165 semissem
1759 3125 1949 3166 secum

363 3201 505 3257 mitti
532 3203 690 3273 jubet
721 3219 735 3256 :
769 3202 840 3258 de
871 3201 1127 3272 pecunia,
1158 3217 1260 3272 pro
1287 3201 1687 3274 quinquaginta
1731 3202 1950 3258 talentis

362 3295 533 3348 annui
571 3293 790 3359 tributi,
850 3294 1078 3364 duplum
1108 3293 1340 3365 Cyaxari
1368 3293 1535 3360 mitti,
1559 3303 1616 3349 et
1660 3294 1766 3349 sibi
1825 3303 1945 3349 tan-

2049 2375 2285 2444 πατέρα,
2314 2378 2407 2430 καὶ
2436 2377 2536 2450 τὴν
2564 2378 2800 2450 μητέρα,
2833 2383 2930 2435 καὶ
2950 2382 3049 2444 τάς
3093 2383 3354 2454 ἀδελφάς,
3389 2387 3486 2442 καὶ
3531 2389 3634 2454 τὴν

2048 2466 2245 2519 ἐαυτοῦ
2272 2469 2513 2536 γυναῖκα
2539 2469 2950 2540 αἰχμαλώτους,
2983 2473 3305 2545 ἐδάκρυσεν.
3348 2475 3406 2531 ’0
3435 2479 3493 2532 δὲ
3520 2479 3638 2533 Ki-

2051 2575 2166 2629 ρος,
2195 2562 2301 2628 Εἰς
2324 2560 2538 2629 καιρὸν
2572 2561 2763 2631 ἥκεις,
2799 2563 2926 2633 ἔφη.
2959 2565 3070 2620 Καὶ
3108 2566 3275 2622 πολλὰ
3304 2568 3381 2638 τῷ
3440 2569 3640 2642 Ἀρμε-

2049 2655 2146 2724 νίῳ
2173 2653 2500 2724 διαλεχθεὶς,
2528 2656 2626 2709 καὶ
2655 2657 2949 2711 ἀδικοῦντα
2998 2658 3245 2728 ἐλέγξας,
3287 2661 3442 2726 τέλος
3487 2661 3590 2732 ἔφη
3618 2677 3633 2692 ⁸

2049 2747 2189 2815 Λέγε
2222 2763 2333 2817 μοι,
2359 2747 2501 2818 πόση
2522 2764 2604 2800 σοι
2629 2747 2870 2818 δύναμίς
2913 2753 3058 2816 ἐστι,
3083 2752 3230 2804 πόσα
3250 2752 3306 2806 δὲ
3331 2756 3435 2824 χρή
3449 2769 3636 2824 tta-ta;

2049 2839 2141 2894 τοῦ
2167 2839 2224 2893 δὲ
2254 2839 2525 2905 εἰπόντος,
2556 2841 2743 2904 ἱππεῖς
2771 2843 2868 2913 μὲν
2883 2843 3318 2914 ὀκτακισχιλίους
3337 2842 3500 2911 εἶναι,
3536 2864 3637 2900 πεο

2051 2930 2160 2996 ζῶν
2193 2931 2250 2986 δὲ
2281 2931 2554 3002 μυριάδας
2597 2931 2895 3005 τέσσαρας,
2935 2935 3195 3006 χρήματα
3234 2936 3291 2991 δὲ
3333 2939 3414 3001 εἰς
3460 2937 3634 3010 άργύο

2054 3041 2170 3096 ριον
2198 3023 2528 3093 λογισθέντα
2563 3024 2737 3080 πλείω
2778 3026 3097 3097 τρισχιλίων
3124 3028 3433 3083 ταλάντων’
3462 3031 3490 3083 6
3523 3030 3636 3083 Κῦ-

2052 3135 2168 3190 ρος,
2218 3117 2333 3188 Τῆς
2400 3117 2502 3188 μὲν
2555 3119 2839 3190 στρατιᾶς,
2894 3119 3022 3190 ἐφη,
3079 3120 3204 3182 τοὺς
3258 3120 3486 3190 ἡμίσεις
3545 3138 3638 3192 μοι

2056 3208 2391 3281 σύμπεμψον
2413 3224 2428 3238 ’
2455 3209 2567 3263 τῶν
2593 3210 2650 3264 δὲ
2676 3209 2979 3280 χρημάτων
3007 3209 3131 3264 ἀντὶ
3162 3211 3262 3280 μὲν
3289 3211 3399 3263 τῶν
3430 3211 3637 3281 πεντή-

2053 3315 2221 3352 κοντα
2280 3298 2561 3354 ταλάντων
2634 3299 2731 3352 τοῦ
2787 3300 3005 3371 ἐτησίου
3079 3299 3313 3372 δασμοῦ,
3377 3299 3642 3355 διπλάσια

368 3387 620 3443 tumdem
654 3395 848 3442 mutuo
867 3386 1007 3442 dari.
1042 3386 1138 3442 His
1170 3386 1357 3451 dictis,
1391 3402 1620 3442 uxorem
1650 3399 1706 3442 et
1740 3387 1949 3443 liberos

2058 3389 2322 3462 Κυαξάρῃ
2345 3390 2589 3454 ἀπόδος·
2633 3390 2758 3460 ἐμοί
2796 3357 3027 3458 δ’,ἐφη,
3075 3357 3212 3446 ἀλλᾶ
3264 3357 3462 3446 εᾸιατδν
3527 3392 3636 3462 (92)

364 3479 626 3535 Armenio
655 3479 826 3534 donat
856 3497 869 3534 :
898 3477 1117 3549 Tigrani
1151 3477 1282 3532 item
1319 3477 1608 3548 conjugem
1645 3493 1799 3533 suam
1829 3477 1952 3532 red-

365 3574 468 3629 dit.
504 3587 700 3628 recens
731 3580 982 3642 nuptam,
1013 3581 1074 3626 et
1111 3585 1307 3626 omnes
1333 3569 1584 3626 dimittit.
1610 3569 1760 3625 inter
1786 3570 1950 3627 Chal-

367 3669 515 3722 dzeos
538 3683 706 3737 porro
753 3675 810 3722 et
863 3666 1176 3730 Armenios,
1240 3675 1284 3721 ιι
1335 3666 1479 3721 inter
1531 3666 1745 3722 vicinos
1789 3669 1950 3728 solet,

367 3761 602 3816 assidua:
627 3759 1014 3815 contentiones
1039 3768 1095 3815 et
1131 3774 1324 3830 pugnae
1355 3767 1516 3814 erant
1543 3775 1557 3814 :
1584 3759 1789 3829 quibus
1810 3760 1954 3814 inter

369 3870 428 3908 se
469 3852 863 3916 reconciliatis,
897 3851 1074 3925 Cyrus
1123 3853 1358 3915 recedit,
1418 3865 1483 3907 ac
1507 3851 1713 3907 milites
1742 3851 1812 3906 ab
1847 3851 1952 3906 Ar-

373 3942 555 4002 menio
583 3953 840 4016 acceptos
873 3945 938 4000 ad
971 3945 1272 4018 Cyaxarem
1305 3944 1478 4001 mittit
1506 3963 1520 3999 :
1549 3953 1602 3999 et
1633 3943 1687 3998 in
1719 3943 1952 3998 Mediam

372 4054 648 4106 reversus,
711 4039 1057 4110 pecuniaque
1103 4038 1250 4094 inter
1317 4038 1572 4093 tribunos
1633 4037 1951 4102 distributa,

371 4145 497 4184 cum
522 4129 766 4203 Cyaxare
798 4130 1222 4202 impressionem
1265 4131 1320 4184 in
1354 4145 1546 4202 agrum
1580 4129 1838 4184 hostilem
1867 4128 1952 4182 fa-

371 4223 470 4286 ι-ἰι,
533 4223 839 4293 castrisque
875 4223 1094 4293 positis,
1141 4237 1336 4293 magna
1389 4220 1574 4292 praeda
1613 4219 1843 4291 potitur.
1885 4219 1957 4276 Ut

370 4324 556 4370 autem
600 4315 856 4387 Assyrios
902 4317 1070 4371 etiam
1123 4314 1390 4370 accedere
1434 4321 1831 4385 cognoverunt,
1866 4313 1956 4367 in-

371 4413 576 4461 structa
609 4406 727 4462 acie
756 4407 1057 4478 progressi,
1086 4406 1379 4462 intervallo
1401 4421 1720 4477 parasangze
1758 4405 1827 4459 ab
1855 4405 1956 4458 lio-

373 4500 554 4554 stibus
575 4507 754 4554 castra
784 4507 1083 4554 metantur.
1111 4497 1383 4554 Postridie
1402 4497 1580 4568 Cyrus
1600 4513 1730 4553 suos
1751 4498 1959 4553 milites

372 4591 602 4645 eductos
621 4590 865 4653 ordinat,
891 4589 1165 4661 Cyaxares
1194 4605 1320 4646 cum
1337 4588 1510 4644 Medis
1525 4589 1760 4644 alterum
1783 4604 1955 4644 cornu

2053 3485 2320 3540 δάνεισον.
2359 3484 2474 3539 Καὶ
2501 3483 2674 3536 ταῦτα
2701 3482 2898 3549 εἰπὼν,
2925 3484 3028 3554 τήν
3051 3500 3109 3537 τε
3136 3487 3369 3553 γυναῖκα
3395 3483 3474 3554 τῷ
3509 3484 3638 3555 ’Λρ-

2058 3575 2368 3648 μενίῳ,καὶ
2395 3574 2521 3638 τοὺς
2554 3575 2750 3639 παῖδας
2789 3574 2963 3646 δῶρον
3017 3574 3208 3640 ἔδωκε,
3268 3578 3364 3630 καὶ
3404 3573 3485 3645 τῷ
3540 3575 3638 3628 Τι-

2055 3670 2240 3740 γράνῃ
2267 3668 2366 3739 τὴν
2385 3667 2596 3722 οἰκείαν
2620 3667 2894 3735 νεογάμῳ,
2915 3667 3052 3733 δντι,
3085 3666 3180 3721 καὶ
3201 3668 3383 3738 ἀφῆκε
3405 3671 3635 3731 πάντας.

2069 3758 2377 3830 ’Λρμενίοις
2437 3757 2495 3812 δὲ
2553 3758 2648 3810 καὶ
2695 3755 2991 3820 Χαλδαίοις
3036 3756 3300 3827 ὁμοροῦσι
3371 3757 3639 3829 διαφοραὶ

2056 3847 2199 3924 ἦσαν
2227 3851 2313 3905 ἀεὶ
2347 3851 2442 3904 καὶ
2475 3851 2671 3920 μάχαι.
2723 3849 2961 3914 Τούτους
2997 3849 3045 3904 δ’
3106 3850 3359 3921 ἀλλήλοις
3381 3853 3409 3905 6
3455 3850 3638 3921 Κῦρος

2058 3944 2386 4016 κατήλλαξε,
2407 3943 2502 3996 καὶ
2525 3942 2699 4006 οὕτως
2727 3942 2898 4014 ἀπῄει
2919 3958 2935 3974 ο
2959 3943 3055 3996 καὶ
3079 3942 3142 3996 τὺ
3173 3943 3271 4014 μὲν
3295 3944 3636 4014 στράτευμα,

2056 4035 2085 4088 δ
2115 4037 2179 4088 ἐκ
2210 4033 2302 4088 τοῦ
2348 4032 2639 4103 ’Δρμενίου
2670 4032 2885 4099 ἔλαϐεν,
2909 4032 3125 4104 έπεμψε
3159 4033 3295 4104 πρὸς
3318 4034 3634 4105 Κυαξάρην.

2070 4126 2225 4180 Ἐπεὶ
2245 4124 2293 4178 δ’
2322 4124 2554 4196 ἀφίκετο
2576 4127 2656 4188 είς
2677 4125 2925 4196 Μήδους,
2955 4125 3227 4196 μετέδωκε
3254 4126 3365 4178 τῶν
3415 4143 3522 4196 χρη
3533 4127 3641 4195 μά-

2058 4236 2168 4273 των
2195 4219 2307 4282 τοϊς
2347 4215 2514 4270 αὑτοῦ
2539 4215 2888 4287 ταξιάρχαις.
2934 4212 3070 4270 Εἶτα
3120 4216 3218 4270 σὺν
3251 4216 3330 4288 τῷ
3375 4217 3639 4288 Κυαξάρῃ

2059 4310 2318 4366 ἐνέϐαλεν
2347 4313 2428 4374 εἰς
2471 4309 2572 4381 τήν
2599 4309 2890 4378 πολεμίαν,
2919 4309 3014 4363 καὶ
3047 4308 3638 4380 ἐστρατοπεδεύσαντο,

2060 4405 2157 4456 καὶ
2185 4403 2335 4457 λείαν
2362 4401 2564 4472 πολλὴν
2613 4399 2828 4455 ἐκεῖθεν
2880 4401 3213 4470 συνήγαγον.
3279 4399 3440 4463 Ὠςδὲ
3469 4416 3642 4470 προσσ

2067 4497 2249 4560 ιόντας
2307 4495 2551 4558 καὶτοὺς
2593 4494 2920 4562 Ἀσσυρίους
2947 4494 3235 4557 ἐπύθοντο,
3274 4495 3646 4561 συντεταγμέ-

2064 4605 2146 4642 νοι
2211 4587 2543 4660 προσῄεσαν,
2594 4587 2693 4640 καὶ
2732 4584 3325 4654 ἐστρατοπεδεύσαντο,
3397 4583 3645 4652 ἀλλήλων

373 4691 631 4751 oecupat.
658 4682 732 4736 Ex
749 4682 982 4737 adverso
995 4682 1140 4737 idem
1159 4690 1216 4737 et
1232 4682 1438 4754 Assyrii
1457 4697 1580 4737 cum
1596 4682 1712 4737 suis
1729 4682 1951 4738 fmdera-

2073 4681 2441 4750 παρασάγγην
2474 4678 2796 4750 ἀπέχοντες.
2837 4679 2916 4750 Τῇ
2961 4676 3007 4730 δ’
3037 4676 3303 4748 ὑστεραίᾳ
3360 4674 3646 4745 ἐξαγαγὼν

376 4773 448 4828 tis
461 4772 690 4827 faciunt.
708 4773 886 4827 Persa:
902 4772 1046 4827 inter
1058 4787 1178 4828 sese
1195 4772 1490 4835 cohortati,
1511 4772 1740 4842 ipseque
1755 4771 1954 4843 Cyrus,

375 4880 541 4919 cursu
565 4863 888 4919 ferunturin
907 4864 1119 4921 hostes.
1141 4866 1211 4918 At
1247 4865 1348 4929 illi,
1369 4865 1540 4920 vitato
1587 4865 1808 4920 illorum
1853 4864 1958 4919 im-

379 4964 526 5025 petu,
552 4952 620 5009 ad
666 4953 1001 5010 munitiones
1021 4971 1080 5010 se
1123 4955 1413 5026 recipiunt.
1441 4953 1651 5011 Instant
1674 4939 1959 5017 Persua'et

377 5047 509 5100 dum
528 5045 620 5110 alii
642 5047 780 5102 alios
804 5054 1018 5116 urgent,
1047 5047 1249 5102 multos
1279 5054 1535 5101 sternunt
1565 5063 1579 5099 :
1603 5060 1768 5102 eteos
1789 5046 1956 5100 etiam

377 5140 472 5211 qui
517 5140 572 5194 in
621 5139 797 5195 fossas
839 5137 1349 5204 inciderant,saltu
1401 5138 1685 5194 consecuti
1717 5139 1956 5194 caedunt.

380 5233 662 5290 Medorum
694 5235 823 5289 item
851 5232 1088 5303 equites,
1118 5233 1358 5288 hostium
1387 5231 1604 5301 equites
1630 5231 1900 5286 invadunt
1943 5250 1956 5286 :

2065 4773 2093 4824 6
2113 4769 2295 4842 Κῦρος
2324 4769 2386 4822 τὸ
2412 4769 2610 4822 ἐαυτοῦ
2641 4767 2982 4840 στράτευμα,
3004 4767 3373 4840 παρετάξατο,
3406 4768 3501 4820 καὶ
3523 4766 3647 4820 καθ’

2065 4861 2256 4932 ἕτερον
2285 4861 2454 4932 κέρας
2478 4861 2574 4916 σὺν
2604 4863 2715 4924 τοῖς
2768 4860 2977 4931 Μήδοις
3009 4861 3038 4914 6
3073 4859 3392 4932 Κυαξάρης,
3447 4859 3648 4929 ἐτέρω-

2067 4957 2160 5008 οεν
2181 4955 2227 5009 δ’
2282 4955 2336 5008 oi.
2388 4954 2668 5025 Ἀσσύριοι
2723 4953 2820 5008 καὶ
2868 4954 2920 5006 οἱ
2967 4952 3394 5022 συμμαχοῦντες
3439 4951 3645 5012 αὑτοῖν

2067 5045 2182 5100 Καὶ
2205 5045 2624 5116 παραθήξαντες
2649 5043 2915 5114 ἀλλήλους
2945 5044 2994 5096 οἱ
3021 5044 3253 5113 Πέρσαι,
3271 5043 3436 5112 ὁμόσε
3459 5041 3647 5111 δρόμῳ

2065 5138 2352 5207 ἐφέροντο,
2392 5137 2542 5190 καὶὸ
2578 5135 2762 5208 Κῦρος
2789 5136 2977 5200 αὑτός.
3018 5135 3087 5189 Oi
3121 5152 3185 5203 γε
3235 5133 3340 5205 μὴν
3392 5133 3646 5201 πολέμιοι

2065 5233 2167 5284 οὐκ
2197 5231 2272 5284 ἐτ’
2322 5230 2540 5300 έμενον,
2572 5230 2690 5283 ἀλλ’
2724 5229 2956 5299 ἔφευγον
2984 5228 3065 5291 είς
3095 5227 3157 5281 τὸ
3191 5228 3393 5298 ἔρυμα.
3457 5225 3563 5276 Καὶ
3597 5223 3649 5276 ei

380 5325 588 5382 cedunt
639 5327 744 5393 illi,
786 5325 847 5380 tit
903 5325 1026 5397 fuga
1079 5334 1137 5380 et
1170 5340 1444 5396 equorum
1488 5332 1546 5380 et
1591 5323 1862 5386 virorum,
1906 5332 1951 5378 el

2070 5323 2282 5391 Πέρσαι
2302 5322 2488 5387 αὐτοῖς
2511 5320 2867 5392 ἐφεπόμενοι,
2896 5319 3227 5388 ὠθουμένων
3253 5316 3459 5381 αὐτῶν,
3517 5314 3649 5367 πολ-

382 5427 749 5491 utrorumque
765 5418 946 5475 caedes
991 5420 1122 5486 Quae
1152 5433 1278 5474 cum
1304 5416 1658 5489 Assyriorum
1684 5423 1740 5470 et
1787 5415 1954 5471 {eade-

2070 5414 2198 5480 λοῦς
2232 5414 2754 5486 κατεστρώννυσαν,
2794 5410 2921 5475 τοὺς
2949 5410 3009 5465 δὲ
3049 5411 3132 5474 είς
3200 5411 3444 5479 τάφρους
3487 5405 3654 5477 ἐμπί-

1539 5569 1742 5633 Variaa
1791 5569 2104 5633 lectiones
2145 5578 2206 5631 et
2246 5575 2436 5631 notae.

479 5694 568 5762 9‘2)
612 5695 773 5762 Ἐμοὶ
807 5694 859 5748 δ’
889 5694 998 5765 ἔφη
1026 5696 1186 5752 ἄλλα
1212 5695 1447 5751 ἑκατόν.
1478 5692 1806 5751 Viennensis
1837 5692 1951 5754 cod.

2058 5691 2172 5760 ld‘.t,
2236 5691 2504 5759 δάνεισον,
2552 5699 2607 5748 et
2639 5699 2724 5748 est
2758 5689 2811 5746 in
2861 5686 3248 5760 XenOphonte,
3321 5698 3468 5757 unpe
3533 5683 3651 5740 hate

392 5763 662 5829 descripta
689 5774 829 5822 sunt.
862 5763 947 5821 W.
