4092 6408
432 335 529 398 281

1671 307 2089 395 ANNALIUM
2128 329 2282 391 LIB.
2321 329 2442 392 Ill.

3568 337 3680 402 282

433 466 669 509 πτοντας
697 448 1140 520 ἐπεισπηδῶντες
1160 447 1415 517 ἐφόνευον
1437 465 1450 479 ο
1478 449 1569 503 zeal
1601 447 1650 502 ol
1675 449 1786 504 τῶν
1813 448 2014 520 Μήδων

2120 455 2368 504 ratorum
2403 464 2605 506 uxores
2619 449 2890 514 viderent,
2909 450 3237 520 exclamant,
3257 458 3313 508 et
3328 462 3699 510 consternatae

429 542 486 594 δέ
519 543 706 602 ἱππεῖς
740 543 821 603 είς
857 542 986 604 τοὺς
1029 539 1141 593 τῶν
1193 542 1471 610 πολεμίων
1515 543 1720 607 ἱππέας
1758 544 2013 614 ἤλαυνον.

426 634 497 688 οἵ
516 633 561 686 δ’
593 632 894 696 ἐνέκλινον,
930 631 1063 686 ἔνθα
1091 633 1273 705 δήκαὶ
1299 634 1486 689 ἵππων
1524 636 1768 707 διωγμὸς
1798 631 1866 707 ἦν
1918 637 2017 690 καὶ

431 724 672 794 ἀνδρῶν.
700 725 798 779 καὶ
828 727 990 794 φόνος
1017 727 1075 793 ἐξ
1102 726 1457 799 ἀμφοτέρων.
1503 726 1736 782 ’Ῑδοῦσαι
1764 728 1821 781 δὲ
1836 729 1892 781 αἱ
1919 745 2018 796 γυ-

430 817 624 880 ναῖκες
648 816 760 869 τῶν
804 817 1110 888 Ἀσσυρίων
1153 819 1248 872 καὶ
1302 819 1414 873 τῶν
1459 819 1766 893 συμμάχων
1819 819 2015 884 ταῦτα,

433 907 762 979 ἀνέκραγον,
792 909 890 962 zeal
914 908 1066 964 έθεον
1107 910 1588 981 ἐκπεπληγμέναι,
1613 912 1710 967 καὶ
1756 915 1886 976 τοὺς
1915 914 2017 967 πέ-

437 1001 602 1064 πλους
653 1003 1131 1074 περιρηγνύμεναι
1175 1004 1270 1059 zeal
1315 1005 1710 1075 δρυπτόμεναι,
1775 1007 2017 1061 ἱκέτευον

435 1095 644 1157 πάντας
666 1095 873 1162 ἀμῦναι
895 1095 992 1149 καὶ
1028 1097 1243 1162 αὑταῖς,
1279 1097 1376 1150 zeal
1416 1097 1651 1163 τέκνοις,
1682 1097 1778 1153 καὶ
1830 1099 2016 1169 σφίσιν

433 1183 641 1246 αὐτοῖς.
675 1183 847 1238 Ἔνθα
886 1185 953 1255 δὴ
989 1185 1082 1238 zeal
1106 1187 1154 1240 oi
1185 1185 1426 1256 βασιλεῖς
1449 1188 1604 1242 αὐτοὶ
1642 1189 1741 1242 σῦν
1784 1190 1896 1252 τοῖς
1920 1204 2017 1240 πι-

435 1273 718 1338 στοτάτοις
747 1275 972 1340 στάντες
1005 1276 1102 1329 ἐπὶ
1150 1275 1250 1340 τὰς
1284 1277 1523 1341 εἰσόδους
1571 1277 1866 1348 ἐμάχοντο.
1921 1278 2017 1330 καὶ

429 1366 546 1424 τςῖς
583 1363 768 1426 ἄλλοις
803 1367 1252 1436 παρεκελεύοντο.
1284 1367 1481 1431 Δείσας
1514 1367 1560 1421 δ’
1591 1369 1620 1421 ὁ
1669 1367 1874 1440 Κῦρος,
1940 1368 2017 1440 μὴ

428 1456 607 1524 ϐλίγοι
635 1457 791 1522 ὄντες
818 1460 867 1511 εί
895 1458 1180 1530 βιάσαιντο
1199 1459 1280 1523 είς
1297 1459 1358 1514 τὸ
1388 1459 1702 1531 χαράκωμα
1727 1460 2012 1526 είσελθετν,

431 1549 540 1602 ύπο
575 1549 788 1604 πολλῶν
816 1551 1098 1621 σφαλεῖεν,
1138 1552 1538 1622 παρηγγύησεν
1573 1553 1679 1608 ὑπὸ
1742 1553 1886 1607 πόδα
1924 1554 2017 1606 ἀν-

429 1641 593 1706 άγειν
617 1639 724 1704 ἔξω
753 1639 947 1710 βελῶν.
983 1642 1094 1696 Καὶ
1118 1643 1257 1712 ταχὺ
1280 1642 1341 1695 τὸ
1365 1641 1794 1714 κεκελευσμένον
1825 1643 2016 1712 ἐποίη-

432 1747 557 1785 σαν.
594 1727 704 1784 Εἶτ’
736 1731 996 1802 ἀπήγαγε
1023 1731 1154 1796 τοὺς
1182 1732 1442 1798 οἰκείους,
1492 1731 1619 1786 ὅσον
1676 1731 1856 1786 ἐδόκει
1913 1749 2014 1785 κα-

429 1821 540 1883 λῶς
571 1820 736 1891 ἔχειν,
769 1823 868 1876 zeal
902 1824 1458 1894 ἐστρατοπεδεύσατο.
1517 1825 1582 1878 Ol
1625 1823 1670 1878 δ’
1735 1823 2014 1896 Ἀσσύριοι

429 1915 524 1967 zeal
553 1915 874 1985 τεθνηκότος
903 1914 999 1969 τοῦ
1027 1916 1310 1986 ἄρχοντος,
1349 1917 1446 1971 zeal
1491 1916 1682 1988 σχεδὸν
1717 1916 1816 1972 σὺν
1865 1917 2014 1989 αὐτῷ

429 2007 540 2062 τῶν
563 2007 882 2078 βελτίστων,
906 2008 1174 2080 ἠθύμουν.
1236 2010 1506 2081 Ὀρῶντες
1565 2010 1623 2064 δὲ
1666 2009 1840 2066 ταῦτα
1891 2011 1921 2066 ὃ
1952 2029 2014 2065 τε

428 2101 662 2170 Κροῖσος
693 2103 789 2155 zeal
819 2103 870 2156 οί
886 2103 1036 2158 ἄλλοι
1067 2103 1348 2174 σέμμαχοι
1371 2103 1544 2174 σφῶν,
1563 2104 1769 2168 πάντες
1787 2104 2012 2176 ήλγουν.

442 2192 727 2247 Ἐντεῦθεν
754 2194 1072 2249 ἐκλείπουσι
1105 2196 1166 2249 τὸ
1201 2195 1586 2266 στρατόπεδον,
1618 2195 1715 2250 zeal
1745 2197 2018 2274 ἀπέρχον-

428 2305 526 2343 ται
551 2288 651 2359 τῆς
685 2290 904 2353 νυκτός.
947 2289 1118 2354 Ὠςδέ
1151 2291 1273 2362 μεθ’
1315 2291 1532 2362 ἡμέραν
1582 2290 1792 2363 ἔρημον
1839 2293 2013 2364 ἐφάνη

425 2384 491 2436 τὸ
523 2383 632 2437 τῶν
660 2383 934 2454 πολεμίων
961 2384 1294 2456 χαράκωμα,
1315 2385 1623 2449 διαϐιϐάζει
1645 2387 1772 2449 τοὺς
1795 2387 2016 2457 Πέρσας

425 2480 454 2530 ὁ
481 2476 665 2546 Κῦρος
694 2475 970 2550 πρώτους.
998 2473 1116 2531 εἶτα
1147 2479 1242 2532 καὶ
1297 2479 1348 2532 οἱ
1391 2477 1536 2549 ἀμφὶ
1587 2478 1886 2550 Κυαξάρην
1932 2481 2015 2533 δι-

429 2569 668 2624 έϐαινον.
714 2569 804 2640 Τῷ
852 2570 952 2642 μὲν
999 2567 1093 2625 οὖν
1125 2571 1296 2642 Κύρῳ
1325 2569 1540 2625 διώκειν
1571 2572 1696 2635 τοὺς
1724 2571 2017 2643 πολεμίους

427 2661 630 2731 ἐδόκει,
665 2661 745 2735 τῷ
772 2661 832 2720 δέ
871 2679 934 2733 γε
964 2662 1238 2739 Κυαξάρῃ
1266 2664 1582 2721 τούναντέον
1636 2664 1784 2720 ἆπαν
1840 2660 1911 2737 ἦν
1939 2665 2019 2720 αἱ·

433 2753 613 2822 ρετόν.
641 2754 755 2808 Καὶ
790 2757 818 2809 δ
849 2755 1061 2827 Κῦρος,
1093 2757 1194 2821 Δὸς
1224 2757 1287 2827 δή
1320 2775 1413 2829 μοι
1461 2758 1570 2813 τῶν
1613 2757 1836 2829 Μήδων,
1884 2757 2013 2831 ἔφη,

425 2845 583 2910 τινὰς
611 2847 1132 2920 συμπορευομένους
1169 2867 1285 2921 μοι,
1323 2851 1564 2914 ἐκείνους
1619 2850 1705 2922 δὴ,
1767 2851 1884 2905 ὅσοι
1926 2868 2017 2922 μοι

431 2939 708 2993 ἐθελονταὶ
729 2939 1062 3010 συνέψεσθαι
1087 2941 1558 3014 προθυμήσονται.
1597 2945 1709 2999 Kal.
1727 2945 1755 2998 ὁ
1791 2943 2016 3010 Κυαξά-

437 3047 537 3101 ρης
567 3031 762 3102 ἐφῆκε,
793 3034 888 3085 zeal
917 3031 1011 3086 τὸν
1040 3033 1381 3102 ἀγγελοῦντα
1424 3035 1602 3090 ταῦτα
1644 3039 1758 3099 τοῖς
1783 3035 2012 3108 Μήδοις,

2125 540 2278 612 15],
2309 551 2562 607 currunt,
2590 551 2647 597 et
2674 552 2854 598 vestes
2882 544 3191 600 lacerantes
3223 547 3687 618 plangentesqne,

2121 635 2272 690 viros
2310 635 2698 700 obtestantur,
2744 645 2808 690 ut
2855 639 3206 707 semetipsos.
3256 647 3316 692 ut
3361 655 3583 703 uxores,
3636 649 3696 694 ut

2118 726 2328 784 liberos
2360 727 2680 783 defendant.
2729 728 2810 784 lbi
2858 743 3013 799 reges
3048 745 3171 784 cum
3220 729 3505 785 ﬁdissimis
3537 732 3691 786 aditu

2119 830 2426 876 castrorum
2484 829 2775 890 occupato,
2837 835 3076 889 pugnam
3133 827 3187 874 et
3246 820 3351 888 ipsi
3404 821 3576 886 cient,
3637 831 3694 874 et

2117 920 2348 966 caeteros
2376 913 2752 967 cohortantur.
2793 911 3012 967 Veritus
3040 913 3206 981 igitur
3234 910 3431 982 Cyrus.
3466 929 3535 966 ne
3565 914 3608 966 si
3643 913 3697 966 vi

2119 1011 2474 1074 penetrarent
2505 1002 2560 1057 in
2608 1002 2807 1057 hostile
2842 1002 3070 1066 vallum,
3100 1001 3260 1070 pauci
3292 1016 3321 1054 a
3358 1001 3550 1056 multis
3578 1003 3691 1056 cir-

2118 1097 2596 1161 cumvenirentur,
2641 1095 2858 1166 signum
2919 1095 3169 1165 receptui
3207 1095 3323 1158 dat,
3377 1104 3438 1148 ut
3487 1096 3694 1149 milites

2118 1188 2380 1259 paulatim
2409 1198 2565 1242 extra
2597 1187 2690 1242 teli
2725 1188 2934 1257 jactum
2979 1187 3301 1242 recederent
3338 1203 3352 1241 :
3386 1186 3533 1256 quod
3564 1202 3691 1240 cum

2118 1279 2376 1335 celeriter
2402 1279 2684 1343 fecissent,
2727 1293 2858 1333 suos
2892 1287 3107 1334 tantum
3138 1278 3385 1342 abducit,
3422 1287 3693 1348 quantum

2119 1379 2331 1426 rectum
2390 1386 2513 1426 esse
2563 1370 2879 1436 videbatur,
2931 1379 2989 1426 et
3038 1379 3218 1425 castra
3265 1370 3432 1426 locat.
3479 1372 3690 1441 Assyrii

2117 1477 2272 1527 vero,
2328 1477 2452 1518 cum
2513 1471 2571 1517 et
2610 1462 2911 1532 imperator
2964 1471 3021 1516 et
3069 1462 3410 1518 fortissimus
3452 1463 3693 1533 quisque

2117 1554 2429 1619 cecidisset,
2485 1554 2686 1611 animis
2713 1554 2860 1625 angi,
2905 1553 3132 1610 Croesus
3181 1563 3237 1609 ct
3289 1554 3384 1608 alii
3441 1553 3693 1607 foederati

2117 1647 2330 1713 dolere,
2357 1647 2663 1716 castrisque
2699 1656 2864 1701 noctu
2899 1646 3158 1702 desertis.
3182 1646 3487 1701 diSPedere.
3539 1647 3698 1700 Mane

2120 1753 2246 1793 cum
2272 1738 2528 1793 viderent
2557 1738 2760 1792 vallum
2796 1737 3039 1792 hostium
3073 1752 3195 1792 esse
3224 1752 3485 1801 vacuum,
3519 1736 3697 1808 Cyrus

2124 1828 2319 1882 Persas
2351 1827 2556 1898 primos
2589 1826 2847 1890 traducit,
2885 1827 3148 1897 Cyaxaris
3198 1827 3374 1896 cepiis
3412 1830 3700 1898 sequenti-

2117 1917 2224 1974 bus
2259 1937 2272 1973 :
2305 1933 2543 1988 cumque
2573 1917 2830 1987 persequi
2870 1917 3059 1972 hostes
3100 1919 3416 1972 consultum
3451 1927 3695 1989 putaret,

2115 2011 2393 2082 Cyaxares
2425 2019 2606 2066 autem
2643 2010 2863 2080 quidvis
2899 2010 3086 2066 mallet
3129 2027 3144 2064 :
3202 2010 3341 2081 petit
3385 2021 3446 2066 ut
3487 2010 3696 2072 Medos.

2118 2105 2214 2174 qui
2277 2109 2473 2173 sponte
2525 2101 2682 2172 sequi
2729 2101 2956 2167 vellent,
3011 2100 3117 2156 sibi
3172 2100 3433 2156 traderet.
3487 2103 3700 2156 Annuit

2117 2193 2419 2264 Cyaxares,
2474 2203 2529 2248 et
2582 2206 2896 2264 pra'conem
2959 2207 3084 2247 eum
3141 2190 3284 2264 Cyro
3351 2193 3540 2257 mittit,
3605 2193 3700 2263 qui

2117 2287 2293 2343 Medis
2328 2301 2394 2342 ea
2442 2287 2683 2342 nuntiet.
2721 2285 2936 2341 Interea
2969 2287 3150 2340 nuntii
3188 2285 3258 2340 ab
3298 2285 3569 2358 Hyrcanis
3601 2301 3699 2342 ve-

2117 2380 2278 2434 niunt
2310 2395 2324 2434 :
2357 2379 2704 2451 Assyriorum
2738 2379 2794 2434 hi
2834 2378 3002 2433 vicini
3033 2387 3186 2444 sunt,
3220 2393 3356 2450 gens
3385 2380 3456 2434 ob
3501 2381 3698 2450 pauci-

2121 2479 2287 2529 tatem
2319 2472 2567 2541 subjecta
2609 2471 2877 2544 Assyriis,
2916 2472 3011 2542 qui
3048 2473 3122 2527 ita
3161 2469 3244 2526 eis
3279 2471 3601 2535 utebantur,
3638 2481 3700 2526 nt

2117 2581 2220 2622 nec
2265 2566 2321 2620 in
2372 2565 2680 2632 laboribus,
2723 2581 2823 2620 nec
2856 2566 2909 2618 in
2948 2565 3211 2634 periculis
3256 2565 3339 2620 eis
3381 2576 3697 2635 parcerent.

2118 2661 2258 2716 Tum
2317 2669 2502 2714 autem
2550 2674 2746 2729 agmen
2793 2658 3052 2714 claudere
3099 2657 3234 2730 jussi
3268 2666 3448 2723 erant,
3481 2658 3704 2727 equites

2117 2753 2342 2808 circiter
2375 2752 2544 2820 mille,
2583 2759 2644 2806 ut
2673 2753 2716 2806 si
2751 2749 2885 2821 quid
2915 2765 2944 2804 a
2980 2759 3135 2817 tergo
3173 2749 3403 2819 periculi
3437 2757 3606 2812 esset,
3639 2748 3694 2802 id

2120 2846 2176 2901 in
2203 2860 2302 2900 eos
2324 2845 2533 2915 primos
2562 2852 2896 2900 verteretur.
2960 2841 3026 2897 Hi
3079 2842 3248 2912 igitur
3291 2839 3554 2896 aerumnis
3581 2840 3701 2894 suis

2119 2937 2504 3002 consideratis,
2527 2939 2740 3008 legatos
2782 2935 2850 2992 ad
2877 2935 3081 3006 Cyrum
3129 2937 3378 2996 mittunt,
3412 2934 3506 3003 qni
3541 2933 3697 2987 dice-

2119 3037 2244 3084 rent
2271 3028 2524 3100 Assyrios
2569 3028 2674 3082 sibi
2711 3028 2834 3098 jure
2875 3026 3087 3082 invisos
3126 3040 3248 3080 esse
3285 3044 3299 3078 :
3338 3026 3383 3080 si
3421 3025 3605 3085 vellet,
3640 3039 3700 3077 se

426 3122 507 3191 τῷ
535 3121 704 3193 Κύρῳ
721 3123 1082 3194 συνέπεμψεν.
1103 3123 1194 3177 Ἐν
1213 3125 1457 3196 τοσούτῳ
1483 3126 1538 3178 δὲ
1569 3127 1794 3196 ἄγγελοι
1824 3127 1888 3180 ἐκ
1911 3126 2016 3181 τῶν

2125 3123 2296 3180 duces
2353 3123 2471 3179 lore
2535 3129 2592 3177 et
2641 3121 2930 3192 adjutores
2993 3120 3061 3174 ad
3111 3135 3208 3174 eos
3261 3117 3701 3188 persequendos.

438 3215 756 3286 Ὑρκανίων
807 3217 1089 3286 ἀφίκοντο.
1130 3219 1192 3271 ΟΞ
1248 3217 1296 3270 δ’
1355 3219 1640 3291 Ὑρκάνιοι
1690 3221 1882 3291 ὅμοροι
1907 3219 2018 3273 τῶν

439 3308 747 3381 Ἀσσυρίων
787 3312 946 3376 εἰσὶν,
981 3310 1135 3376 ἔθνος
1177 3311 1241 3365 ού
1278 3313 1437 3379 πολὺ,
1487 3313 1570 3367 διὸ
1603 3313 1696 3367 καὶ
1735 3309 1878 3384 ἦσαν
1911 3312 2020 3368 τῶν

442 3399 752 3471 ’Δσσυρίων
783 3401 1053 3473 ὑπήκοοιο
1084 3403 1324 3475 ἐχρῶντο
1345 3403 1391 3458 δ’
1414 3404 1600 3469 αὐτοῖς
1646 3405 1761 3458 οὒτ’
1807 3406 1868 3459 ἐν
1922 3405 2021 3459 πό-

427 3509 568 3558 νοις,
608 3491 723 3547 οῦτ⁹
756 3494 816 3546 ἐν
845 3494 1113 3558 κινδύνοις
1135 3495 1318 3548 αὐτῶν
1352 3495 1688 3568 φειδόμενοι.
1729 3497 1841 3551 Kal
1894 3500 2018 3551 τότε

427 3586 488 3639 δὲ
514 3586 575 3639 οὗ
587 3590 778 3656 ραγεϊν
806 3589 1125 3660 ἐτετάχατο,
1162 3591 1351 3653 ίππεῖς
1373 3589 1529 3653 ὄντες
1557 3587 1634 3652 ώς
1655 3587 1840 3660 χίλιοι,
1870 3589 2019 3652 ὅπως

430 3678 488 3732 ετ
508 3695 563 3732 τι
593 3678 822 3733 ὄπισθεν
852 3681 936 3752 εἴη
973 3680 1168 3746 δεινὸν,
1218 3679 1453 3744 ἐκείνοις
1509 3679 1659 3734 τοῦτ’
1724 3679 2019 3753 ἐνσκήψειε

427 3770 540 3840 πρὸ
565 3771 766 3826 αὐτῶν.
796 3772 860 3826 Ol
881 3772 940 3826 δὲ
966 3768 1056 3828 οἷα
1092 3775 1401 3845 πάσχουσιν
1451 3771 1817 3845 ἐννοούμενοι,
1845 3773 2018 3844 ἐπεμ-

427 3863 540 3930 ψαν
563 3863 832 3933 ἀγγέλους
858 3864 996 3936 πρδς
1036 3864 1241 3938 Κῦρον,
1303 3865 1590 3936 ἐροῦντας,
1645 3864 1723 3929 ώς
1775 3867 2019 3936 μισοῖντο

427 3954 660 4018 δικαίως
694 3957 829 4028 παρ’
861 3956 1042 4011 αὐτῶν
1074 3958 1124 4011 oi
1169 3957 1482 4028 Ἀσσύριοι*
1532 3959 1630 4012 zeal
1662 3958 1713 4012 ει
1771 3956 2020 4030 βούλοιτο

433 4045 579 4100 ίέναι
631 4045 726 4100 ἐπ’
757 4047 980 4114 αὐτοὺς,
1011 4050 1110 4104 zeal
1143 4050 1301 4120 σφεῖς
1341 4049 1550 4104 ἔσοιντο
1589 4049 1892 4122 σύμμαχοι,
1922 4050 2019 4103 zeal

428 4137 826 4206 ἡγήσοιντο.⁶0
852 4139 910 4193 δέ
944 4141 1132 4211 ήρετο,
1169 4143 1220 4194 εί
1259 4141 1634 4212 καταλήψοιτο
1658 4143 1894 4206 αὐτούς’
1923 4143 2019 4195 zeal

427 4229 483 4281 οί
523 4230 808 4301 Ὑρκάνιοι
833 4229 1010 4299 εἷπον,
1034 4233 1116 4286 ὅτι
1147 4231 1250 4286 κᾶν
1281 4231 1470 4303 αὔριον
1495 4232 1667 4288 ἕωθεν
1698 4235 2019 4305 πορεύοιντο

430 4319 688 4386 εὔζωνοι,
724 4323 1125 4394 καταλήψοιντο
1161 4327 1323 4394 σφᾶς.
1361 4327 1473 4380 Καὶ
1505 4329 1531 4380 ὁ
1563 4326 1747 4397 Κῦρος
1802 4327 2019 4391 πίστεις

433 4415 578 4486 ᾔτει,
611 4414 687 4480 ὡς
721 4415 1060 4485 ἀληθεύοιεν.
1089 4418 1152 4471 Οί
1173 4417 1230 4472 δὲ
1256 4418 1498 4490 ὁμήρους
1517 4419 1812 4474 κατέθεντο
1836 4435 2019 4490 παρα-

2120 3216 2295 3290 Cyrus
2346 3224 2504 3288 rogat
2549 3231 2618 3271 an
2669 3230 2767 3270 eos
2809 3213 3040 3283 adipisci
3090 3212 3302 3283 possit?
3344 3210 3704 3280 Respondent

2123 3309 2380 3381 Hyrcani,
2442 3310 2489 3364 si
2544 3309 2631 3365 vel
2691 3307 2961 3379 postridie
3020 3321 3182 3361 mane
3243 3320 3366 3360 cum
3427 3303 3705 3373 expeditis

2121 3403 2297 3474 copiis
2332 3401 2734 3473 proficiscatur,
2761 3408 3144 3456 assecuturum
3169 3399 3314 3453 illos.
3351 3397 3490 3451 Tum
3521 3396 3700 3467 Cyrus

2121 3495 2259 3566 petit
2292 3496 2496 3549 firmari
2538 3495 2642 3550 sibi
2681 3494 2843 3549 ﬁdem
2875 3493 2944 3548 ab
2983 3493 3064 3548 eis
3097 3508 3113 3548 :
3155 3491 3490 3561 pollicentur
3525 3489 3602 3543 illi
3638 3502 3698 3542 se

2121 3587 2342 3642 obsides
2392 3585 2641 3650 daturos,
2693 3585 2737 3640 si
2784 3584 3031 3639 vicissim
3093 3583 3348 3638 dexteras
3405 3581 3584 3645 daret,
3646 3589 3704 3634 et.

2120 3688 2463 3736 sacramento
2512 3679 2755 3734 firmaret
2795 3678 2979 3732 fidem.
3035 3677 3242 3729 Annuit
3290 3675 3510 3746 Cyrus:
3545 3673 3694 3743 quod

2120 3771 2164 3827 si
2198 3785 2257 3826 re
2304 3777 2652 3840 praestarent,
2697 3783 2821 3839 quae
2853 3765 3040 3822 verbis
3074 3765 3502 3836 proﬁterentur,
3530 3779 3589 3816 se
3619 3762 3705 3816 eis

2120 3881 2221 3935 pro
2273 3862 2396 3918 fidis
2447 3862 2644 3917 amicis
2683 3875 2920 3916 usurum
2971 3878 2985 3915 ι
3032 3875 3216 3929 neque
3257 3858 3540 3912 deteriore
3579 3856 3704 3910 loco

2121 3957 2356 4021 futuros,
2402 3971 2569 4027 quam
2603 3956 2799 4010 Persas
2841 3963 2938 4008 aut
2967 3951 3174 4008 Medos.
3227 3951 3322 4004 His
3371 3950 3530 4010 actis,
3577 3965 3703 4003 enm

2119 4049 2302 4104 adhuc
2327 4050 2558 4110 luceret,
2583 4047 2770 4102 educit
2802 4044 3130 4106 exercitum,
3165 4042 3402 4112 Tigrane
3440 4055 3564 4093 cum
3597 4039 3703 4092 Ar-

2119 4141 2320 4195 meniis
2368 4140 2667 4195 comitante
2715 4159 2730 4193 :
2781 4147 2837 4193 et
2876 4137 3157 4208 Hyrcanos
3187 4135 3352 4188 etiam
3381 4140 3704 4200 exspectare

2115 4233 2294 4304 jubet,
2329 4239 2389 4286 ut
2413 4247 2521 4286 una
2567 4231 2736 4286 irent.
2775 4229 2923 4284 Medi
2955 4243 3090 4282 vero
3121 4226 3236 4280 fere
3271 4239 3464 4279 omnes
3497 4222 3703 4290 Cyrum

2121 4325 2520 4395 sequebantur.
2592 4323 2760 4379 Jubet.
2804 4323 2973 4394 igitur
3026 4321 3313 4390 Hyrcanos
3366 4314 3701 4386 praecedere,

2125 4421 2410 4489 multoque
2435 4418 2634 4472 itinere
2673 4414 2948 4476 coniecto,
2983 4426 3176 4465 eorum
3209 4407 3478 4464 exercitui
3504 4420 3700 4474 appro-

433 4509 606 4576 σχεῖν,
631 4512 682 4562 εἰ
713 4508 808 4562 zeal
839 4509 1002 4574 αὐτὸς
1035 4511 1222 4575 αὐτοῖς
1285 4487 1470 4576 δεξιὰν
1532 4512 1672 4581 δοίη,
1713 4513 1810 4565 zeal
1848 4487 2016 4565 πιστὰ

2124 4487 2352 4582 pinquat
2387 4527 2400 4564 :
2436 4509 2504 4563 de
2534 4523 2644 4578 quo
2679 4507 2836 4578 152
2868 4522 2897 4559 a
2928 4505 3122 4575 legatis
3152 4501 3485 4559 admonitus.
3519 4498 3698 4569 j.tbet.

434 4597 578 4652 θεῶν
613 4600 926 4670 ποιήσαιτο.
963 4601 1073 4653 Kal
1105 4602 1133 4654 δ
1187 4601 1288 4671 μὲν
1329 4601 1512 4673 Κῦρος
1567 4603 1784 4656 δίδωσιν
1833 4603 2016 4668 αὐτοῖς

437 4689 628 4752 πιστὰ,
663 4686 699 4762 ἦ
729 4691 836 4761 μὴν
863 4691 958 4743 ἐὰν
987 4689 1024 4745 δι
1057 4693 1307 4758 λέγουσιν
1345 4690 1760 4762 ἐμπεδώσωσιν,
1804 4693 1879 4756 ώς
1929 4693 2018 4761 φί-

438 4779 554 4843 λοις
583 4780 679 4834 καὶ
717 4783 932 4842 πιστοῖς
967 4781 1202 4851 χρῆσθαι
1228 4783 1439 4848 αὐτοῖς,
1472 4783 1568 4837 zeal
1615 4784 1754 4853 μήτε
1789 4783 2019 4852 Περσῶν

443 4875 585 4942 μήτε
610 4875 812 4944 Μήδων
840 4876 992 4942 μεῖον
1023 4874 1171 4943 ἔχειν
1203 4891 1255 4928 τι
1282 4875 1416 4944 παρ’
1442 4875 1617 4946 αὐτῷ.
1657 4875 1782 4929 Ἐπὶ
1805 4876 2020 4940 τούτοις

435 4965 465 5014 ὁ
500 4962 680 5033 Κῦρος
709 4963 790 5017 ἐτι
819 4964 996 5032 φάους
1022 4965 1176 5028 ὄντος
1213 4963 1378 5033 ἐξῆγε
1418 4964 1479 5017 τὸ
1531 4963 1873 5036 στράτευμα,
1921 4965 2018 5018 zeal

434 5055 768 5126 ὁΤιγράνης
799 5055 939 5126 μετὰ
978 5057 1088 5109 τῶν
1150 5056 1457 5127 Ἀρμενίων
1509 5057 1699 5126 συνῆν,
1743 5057 1838 5110 zeal
1889 5057 2019 5120 τοὺς

451 5147 780 5220 Ὑρκανίους
811 5149 868 5202 δὲ
898 5148 1225 5221 περιμένειν
1254 5149 1564 5214 ἐκέλευσεν,
1603 5150 1668 5203 ἶν’
1698 5148 1814 5220 ἅμα
1864 5149 2016 5205 ίοιεν.

439 5233 563 5289 Τῶν
581 5234 640 5289 δέ
666 5237 868 5306 Μήδων
886 5237 1075 5308 σχεδὸν
1106 5236 1349 5300 ἅπαντες
1372 5237 1702 5309 συνεξήεσαν
1728 5237 1804 5310 τῷ
1827 5237 2014 5310 Κύρῳ.

2124 4605 2172 4660 si
2208 4603 2368 4658 amici
2405 4601 2538 4662 sint,
2573 4601 2710 4655 citra
2743 4614 2951 4653 moram
2979 4609 3276 4651 occurrere
3309 4592 3540 4648 sublatis
3571 4590 3702 4643 dex-

2128 4694 2282 4750 teris.
2341 4693 2574 4748 Faciunt
2628 4692 2729 4752 illi.
2783 4700 2844 4746 ut
2887 4689 3027 4760 jussi
3068 4696 3230 4743 erant
3277 4703 3292 4740 :
3341 4699 3482 4754 quos
3527 4682 3707 4752 Cyrus

2126 4785 2365 4855 benigne
2395 4793 2672 4853 acceptos,
2703 4783 2888 4837 dicere
2919 4780 3028 4837 sibi
3071 4781 3250 4852 jubet,
3299 4787 3568 4848 quantum
3602 4775 3697 4829 ab-

2123 4877 2237 4931 sint
2287 4874 2530 4930 bostium
2567 4875 2738 4930 duces
2764 4883 2822 4928 et
2862 4875 3137 4929 universa:
3180 4870 3375 4940 copiae.
3409 4868 3547 4924 Cum
3582 4882 3703 4920 res-

2125 4966 2455 5037 ponderent,
2501 4967 2666 5036 paulo
2710 4966 2835 5036 plus
2890 4979 3216 5036 parasanga,
3260 4962 3420 5033 jubet
3473 4960 3700 5018 ducere,

2126 5059 2243 5129 ipse
2267 5074 2393 5114 cum
2422 5058 2605 5114 Persis
2622 5060 2676 5112 in
2701 5058 2882 5113 medio
2901 5057 3296 5128 proficiscitur,
3323 5054 3427 5109 alis
3453 5051 3702 5122 equitum

2125 5149 2385 5220 utrinque
2402 5149 2697 5218 adjnnetis.
2715 5149 2852 5206 Cum
2869 5149 3368 5213 diluxissetJnostes
3380 5162 3436 5201 re
3461 5141 3700 5212 cognila.

2125 5239 2326 5310 partim
2352 5238 2564 5309 fugere,
2597 5241 2794 5310 partim
2823 5239 2942 5294 sine
2975 5254 3154 5309 pugna
3181 5237 3340 5293 credi.

449 5327 735 5398 Ἡγεῖσθαι
761 5327 858 5384 οῦν
895 5333 1024 5396 τοὺς
1064 5330 1398 5403 Ὑρκανίους
1425 5331 1682 5384 ἐκέλευεο
1724 5334 1821 5385 zeal
1884 5331 2088 5404 πολλὴν
2113 5334 2232 5387 ὁδὸν
2257 5331 2539 5397 διανύσας,
2597 5332 2828 5402 πλησίον
2864 5331 3074 5400 γίνεται
3141 5329 3238 5382 τοῦ
3306 5328 3415 5380 τῶν
3489 5325 3700 5391 ’Υρκα-

437 5422 571 5476 νίων
601 5423 1038 5495 στρατεύματος.
1071 5423 1184 5478 Kal
1213 5425 1262 5477 οί
1287 5422 1511 5493 ἄγγελοι
1541 5423 1704 5478 τοῦτο
1745 5423 1838 5478 τὸν
1895 5423 2078 5496 Κῦρον
2142 5425 2445 5486 ἐδίδασκον,
2513 5424 2609 5478 καὶ
2647 5423 2708 5487 ὃς
2757 5421 3069 5486 ἐκέλευσεν,
3121 5419 3172 5472 εί
3221 5419 3366 5487 φίλοι
3435 5417 3573 5470 εἰσιν
3617 5415 3700 5475 ei):

436 5514 674 5586 τάχιστα
727 5516 974 5589 ύπαντᾷν
1023 5517 1123 5581 τὰς
1152 5516 1335 5582 δεξιὰς
1395 5518 1808 5582 ἀνατείναντας.
1845 5519 1957 5572 Kal.
2011 5519 2060 5571 οί
2104 5517 2390 5588 Ὑρκάνιοι
2423 5516 2598 5571 ταῦτα
2623 5517 3037 5584 ἐνωτισάμενοι,
3075 5512 3330 5583 παρῆσαν
3359 5509 3544 5572 εὐθὺς,
3596 5508 3698 5570 τὰς

437 5609 644 5678 δεξιὰς,
679 5607 871 5679 ὥσπερ
921 5609 1132 5682 εῐρητο,
1171 5608 1568 5673 ἀνατείνοντες.
1624 5607 2016 5681 Δεξιοσάμενος
2053 5609 2112 5664 δὲ
2174 5611 2394 5673 αὐτοὺς,
2437 5605 2642 5660 Εἶπατέ
2675 5623 2783 5676 μοι,
2819 5605 2975 5674 φησὶ,
3008 5606 3173 5657 πόσον
3199 5603 3392 5675 ἀπέχει

3460 5603 3694 5657 ἐνθένδεν

441 5704 572 5758 ἔνθα
600 5704 657 5756 al
717 5702 891 5772 ἀρχαὶ
928 5703 1038 5756 τῶν
1075 5702 1357 5774 πολεμίων
1423 5704 1554 5768 εἰσὶ,
1609 5703 1706 5756 zeal
1751 5702 1814 5756 τὸ
1859 5702 2058 5773 ἁθρόον
2098 5702 2300 5759 αὖτῶνς
2328 5699 2378 5752 οἳ
2443 5699 2489 5753 δ’
2541 5697 2770 5765 ἔφασαν,
2796 5696 2965 5765 ὀλίγῳ
2994 5695 3159 5749 πλέον
3209 5695 3243 5766 ἢ
3299 5696 3692 5767 παρασάγγην.

455 5793 742 5865 Ἡγεῖσθαι
782 5791 876 5848 οὖν
910 5795 1038 5859 τοὺς
1095 5795 1421 5866 Ὑρκανίους
1475 5796 1766 5851 ἐπέταττε·
1818 5796 1910 5850 καὶ
1969 5797 2019 5848 οἱ
2061 5795 2160 5866 μὲν
2223 5793 2453 5865 ήγοῦντο
2496 5807 2508 5819 ο
2543 5789 2710 5852 αὐτὸς
2738 5787 2794 5841 δὲ
2829 5786 2928 5842 σὺν
2959 5788 3070 5852 τοῖς
3118 5787 3360 5861 Πέρσαις
3409 5790 3469 5842 τί

3526 5789 3703 5857 μέσον
