4092 6402
364 322 473 385 2'85
1606 322 1944 384 ANNALiU

2064 326 2207 387 LIB.
2245 316 2358 388 ill.
3513 336 3621 399 εδς

349 425 535 495 χλιδῇ
577 425 974 495 τεθράμμεθα,
1005 422 1086 492 ὥς
1112 441 1175 479 τε
1200 424 1346 490 ἴσως
1373 422 1455 478 ἂν
1481 427 1580 479 καὶ
1615 413 2073 498 καταγελάσητε
2137 431 2329 498 ἡμῶν,
2395 435 2452 488 εἴ
2492 435 2765 506 ἀσεμνὸν
2827 441 2972 510 ἡμῖν
2998 446 3363 512 περιθεῐητεο
3416 445 3622 514 ὥσπερ

347 519 460 578 οἷδ’
491 521 582 574 ὅτι
612 518 816 572 πολὺν
854 519 999 587 ὑμῖν
1025 517 1252 587 γέλωτα
1277 517 1638 587 παρέξομεν,
1671 521 1769 572 καὶ
1829 520 1927 572 ἐπὶ
1967 519 2089 571 τῶν
2143 523 2346 580 ἳππων
2407 530 2754 598 καθήμενοι,
2788 531 2948 604 οἵμαι
2980 535 3050 589 δὲ
3089 538 3186 592 καί
3209 538 3308 592 ἐπὶ
3341 537 3450 606 τῆς
3508 539 3626 607 τῆς

347 615 852 679 καναπ.·’πτοντες.
879 613 990 666 Καὶ
1007 613 1132 675 τοὺς
1161 611 1465 682 ταξιάρχας
1505 613 1763 681 καλέσεις,
1805 613 1930 674 τοὺς
1971 611 2170 684 ἵππους
2232 620 2538 692 λαμϐάνειν
2565 625 2848 692 ἐκέλευσε,
2875 630 2969 682 καὶ
2996 631 3451 700 κληρωσαμένους
3476 634 3624 693 ίσους

345 709 650 779 λαμϐάνειν
681 705 973 766 ἑκάστους.

424 800 522 854 ιι-Υ.
576 801 667 852 Ἐν
714 796 892 867 τούτῳ
943 796 998 850 δὲ
1058 797 1242 866 παρῆν
1293 796 1558 867 Γωϐρύας
1619 795 1931 864 Ἀσσύριος.

2111 798 2254 853 XIX.
2321 800 2543 856 Interea
2590 803 2839 876 Gobryas
2884 806 3164 877 Assyrius,
3219 810 3384 863 homo
3431 825 3620 872 senex,

351 895 670 967 πρεσϐύτης
700 891 864 962 ἀνὴρ.
888 893 986 945 σὺν
1020 892 1219 961 ἱππικῇ
1251 891 1546 964 θεραπείᾳ,
1580 891 1677 946 καὶ
1709 893 1800 944 τὶν
1830 890 1940 942 K6-

355 1007 451 1062 ρον
493 989 613 1060 ᾔτει
655 984 987 1040 θεάσασθαι.
1015 983 1192 1054 Ἥχθη
1224 983 1320 1036 οὖν
1351 985 1490 1054 πρὸς
1522 983 1708 1044 αὐτὸν,
1736 984 1830 1036 καὶ
1860 979 1939 1036 εἷς

353 1098 473 1134 πεν·
507 1076 572 1132 Ὤ
615 1077 908 1137 δέσποτα.
953 1077 1066 1144 ἐγώ
1097 1080 1212 1144 ειμι
1243 1077 1311 1128 τὸ
1337 1076 1455 1146 μὲν
1495 1077 1671 1144 γένος
1722 1076 1941 1129 Ἀσσύ-

351 1189 500 1238 ριος,
532 1170 691 1236 ἔχων
740 1167 841 1221 καί
893 1168 1090 1235 τεῖχος
1119 1167 1362 1236 ὀχυρὸν,
1402 1169 1501 1221 καὶ
1545 1166 1742 1235 χώρας
1781 1168 1945 1235 ἄρχω

350 1260 614 1327 πολλῆς.
649 1261 810 1328 Ἓχω
861 1257 931 1312 δὲ
981 1258 1084 1313 καί.
1131 1260 1322 1313 ἵππον
1361 1262 1450 1326 είς
1481 1263 1708 1328 χιλίαν,
1746 1260 1829 1328 ἢν
1863 1259 1944 1324 τῷ

349 1352 472 1406 τῶν
510 1350 843 1417 Ἀσσυρίων
881 1349 1142 1413 βασιλεῖ
1173 1354 1573 1420 παρειχόμην,
1620 1353 1719 1409 καὶ
1763 1353 1944 1421 φίλος

349 1441 429 1513 ἦν
471 1444 684 1508 ἐκείνῳ
716 1441 797 1507 ὡς
820 1440 1110 1508 μάλιστα.
1152 1443 1314 1504 Ἐπεὶ
1353 1442 1404 1495 δ’
1436 1447 1470 1498 ό
1504 1443 1623 1512 μὲν
1655 1443 1945 1510 τέθνηκεν

345 1538 452 1604 ὑφ’
482 1533 673 1603 ὑμῶν,
721 1537 754 1587 ό
789 1533 858 1586 δὲ
891 1534 1032 1600 παῖς
1074 1535 1316 1590 ἐκείνου
1364 1535 1484 1604 τὴν
1539 1536 1740 1605 ἀρχὴν
1793 1537 1942 1604 ἔχει,

347 1629 635 1697 ἔχθιστος
663 1623 751 1679 ὢν
795 1627 949 1694 ἐμοὶ,
984 1627 1072 1678 ὅτι
1112 1627 1220 1680 τὸν
1261 1628 1456 1696 μόνον
1498 1645 1600 1698 μοι
1629 1629 1725 1682 καί
1757 1630 1945 1698 φίλοι·

347 1721 538 1775 παῖδα
569 1719 890 1790 φθονήσας
921 1721 1300 1784 ἀπέκτεινεν,
1339 1721 1465 1787 ἥκω
1498 1726 1648 1789 πρὸς
1699 1721 1794 1787 σὲ,
1845 1723 1944 1777 καί

347 1813 560 1884 διδωμι
593 1828 695 1869 σοι
742 1811 1011 1882 ἐμαυτὸν
1060 1813 1290 1868 δοῦλον
1340 1815 1437 1868 καὶ
1467 1816 1815 1885 σύμμαχον,
1869 1817 1945 1870 σὲ

345 1908 420 1964 δὲ
453 1909 712 1980 τιμωρὸν
735 1907 1013 1978 αίτιῦμαι
1043 1910 1323 1978 γενέσθαι
1354 1928 1474 1978 μοι.
1500 1911 1682 1982 Κῦρος
1738 1912 1797 1968 δὲ
1836 1915 1942 1967 ἁπ-

347 2001 628 2070 εκρίνατοο
667 2001 918 2068 Ἤνπερ,
949 1995 997 2056 ὦ
1031 2003 1302 2068 Γωϐρύα,
1337 2003 1455 2057 ὅσα
1498 2004 1622 2073 φῆς
1651 2007 1746 2060 καί
1796 2025 1943 2075 ppo-

345 2091 497 2158 γεῖς,
553 2093 807 2162 δέχομαί
836 2109 902 2148 τε
941 2092 1150 2161 ἐχέτην
1173 2109 1267 2157 σε,
1305 2095 1406 2149 καὶ
1443 2097 1806 2166 τιμωρήσειν
1841 2115 1940 2152 σοι

347 2185 460 2238 τοῦ
489 2184 703 2251 ,παιδὸς
731 2185 840 2238 τὸν
859 2186 1053 2253 φόνον
1079 2186 1202 2239 σὺν
1236 2187 1393 2252 θεοῖς
1413 2190 1850 2260 ὑπισχνοῦμαι.
1884 2193 1944 2248 Ὀ

346 2276 444 2332 δέ’
497 2278 632 2332 Ἐπί
677 2280 944 2346 τούτοις,
991 2281 1132 2349 ἔφη,
1177 2283 1497 2350 ἀληθεύων
1548 2285 1682 2353 ἐγὼ,
1736 2285 1946 2354 δίδωμί

348 2388 454 2424 σοι
507 2369 626 2438 τὴν
671 2370 828 2440 ἐμὴν
884 2372 983 2426 καί
1026 2373 1316 2441 λαμϐάνω
1367 2375 1484 2443 τὴν
1526 2375 1651 2442 σὴν
1710 2375 1942 2442 δεξιάν.

366 2463 522 2515 Ἐπεὶ
564 2462 621 2516 δὲ
662 2461 838 2516 ταῦτα
878 2463 1156 2534 ἐπράχθη,
1193 2465 1421 2519 ἀπιέναι
1455 2467 1670 2521 κελεύει
1698 2468 1792 2522 τὸν
1832 2469 1945 2522 Γω-

351 2554 552 2622 ϐρύαν,
591 2553 789 2623 ἔχοντα
841 2557 938 2610 καὶ
981 2555 1053 2609 τὰ
1096 2557 1270 2610 δπλα“
1316 2560 1411 2612 καὶ
1445 2562 1473 2612 ὁ
1512 2561 1611 2626 μὲν
1643 2559 1832 2630 ἀπῄει.
1879 2561 1944 2614 Οἱ

353 2645 412 2699 δὲ
445 2645 620 2713 Μῆδοι
652 2649 910 2717 παρῆσαν
940 2647 1276 2720 ἐξῃρηκότες
1309 2649 1480 2721 Κύρῳ
1509 2650 1610 2720 τὴν
1639 2651 1943 2720 καλλίστην

354 2738 590 2807 σκηνὴν,
630 2740 727 2792 καὶ
765 2739 862 2812 τὴν
901 2740 1132 2794 Σουσίδα
1175 2745 1435 2810 γυναῖκα,
1476 2744 1510 2814 ἥ
1556 2743 1822 2815 καλλίστη
1857 2744 1945 2796 λέ-

354 2845 516 2896 γεται
541 2830 600 2887 ὲν
631 2832 712 2906 τῇ
743 2829 902 2901 Ἀσίᾳ
933 2831 1074 2902 γυνὴ
1117 2832 1398 2900 γενέσθαι,
1435 2834 1529 2887 καὶ
1565 2835 1944 2904 μουσουργοὺς

354 2919 414 2973 δὲ
445 2921 540 2974 δύο
579 2923 679 2984 τὰς
720 2923 1048 2992 κρατίστας.
1105 2925 1217 2978 Καὶ
1272 2927 1538 2999 Κυαξάρῃ
1585 2926 1654 2979 τὰ
1684 2926 1941 2998 δεύτερα,

354 3013 459 3078 τὰς
493 3013 552 3068 δὲ
586 3013 860 3084 περισσὰς
893 3015 1104 3085 σκηνὰς
1141 3016 1310 3087 Κύρῳ
1345 3019 1675 3088 παρέδοσαν,
1714 3019 1791 3082 ὡς
1828 3023 1945 3084 τοῖς

355 3105 601 3174 Πέρσαις
641 3105 906 3174 γένοιντο.
954 3106 1016 3160 Ὀ
1051 3107 1108 3160 δὲ
1145 3108 1329 3178 Κῦρος
1358 3109 1425 3160 τὰ
1457 3109 1562 3178 μὲν
1592 3109 1683 3162 τοῦ
1725 3109 1948 3174 Κυαξάς

358 3211 458 3265 ρου
505 3195 798 3263 φυλάττειν
846 3197 1105 3252 ἐκέλευσε
1144 3201 1272 3264 τοὺς
1305 3200 1518 3254 ἐκείνου
1545 3201 1944 3268 οίκειοτάτους,

354 3289 456 3343 καὶ
490 3289 594 3344 ὅσα
647 3289 778 3357 ἐμοὶ
806 3289 1031 3356 δίδοται,
1071 3291 1266 3362 ἡδέως,
1307 3291 1434 3362 ἔφη,
1461 3293 1712 3362 δέχομαι,
1769 3293 1946 3346 Καλέ-

353 3398 459 3443 σας
510 3381 571 3436 δὲ
614 3382 902 3454 Ἀράσπην
949 3385 1162 3453 Μῆδον,
1191 3384 1252 3448 ὃς
1305 3380 1376 3455 ἦν
1424 3386 1575 3462 αὑτῷ
1623 3388 1688 3444 ὲκ
1736 3386 1945 3439 παίδων

2045 909 2170 946 cum
2199 896 2442 963 equestri
2483 900 2770 960 comitatu,
2823 915 2881 953 se
2917 901 2984 954 ad
3021 901 3222 971 Cyrum
3264 904 3620 970 spectandum

2045 984 2263 1039 admitti
2292 997 2504 1055 petens,
2539 988 2606 1043 ad
2629 1006 2754 1044 eum
2780 991 3054 1048 adductus
3082 1010 3096 1046 :
3143 993 3386 1058 Domine,
3421 993 3621 1062 inquit.

2046 1095 2139 1150 ego
2186 1096 2304 1134 sum
2335 1097 2526 1152 genere
2565 1083 2810 1152 Assyrius
2853 1101 3132 1155 arcemque
3162 1085 3398 1140 validam
3434 1087 3620 1143 habeo.

2045 1180 2095 1229 et
2121 1173 2314 1242 ampla:
2339 1175 2527 1229 ditioni
2556 1177 2773 1243 impero.
2809 1175 2944 1231 Sunt
2973 1181 3096 1231 mihi
3124 1188 3174 1232 et
3203 1180 3273 1232 ad
3305 1179 3446 1232 mille
3475 1182 3624 1248 equi-

2046 1271 2140 1322 tes,
2179 1280 2307 1333 quos
2341 1267 2450 1334 regi
2491 1266 2831 1336 Assyriorum
2862 1270 3091 1336 pra-bere
3129 1270 3204 1339 fui
3232 1270 3446 1333 solitus,
3472 1271 3623 1338 cujus

2042 1371 2252 1409 summa
2289 1356 2523 1412 amicitia
2559 1357 2636 1425 fui
2678 1375 2820 1412 usus.
2865 1358 3148 1429 Postquam
3182 1377 3302 1414 vero
3343 1362 3385 1414 is
3421 1379 3452 1413 a
3484 1360 3624 1414 vobis

2043 1449 2266 1512 interiit,
2292 1449 2405 1519 ejus
2440 1464 2559 1502 vero
2588 1449 2732 1517 ﬁlius
2765 1452 2890 1506 milii
2921 1453 3336 1517 inimicissimus,
3367 1453 3427 1505 ob
3450 1451 3624 1519 ﬁlium

2046 1559 2220 1598 meum
2274 1548 2487 1602 unicum
2525 1553 2576 1597 et
2630 1544 2998 1597 charissimam
3049 1559 3112 1597 ex
3155 1545 3355 1598 invidia
3400 1545 3621 1611 interfe-

2045 1645 2208 1700 ctum,
2256 1651 2476 1707 regnum
2522 1636 2742 1704 suscepit
2782 1650 2801 1688 :
2855 1634 2926 1686 ad
2973 1643 3022 1687 te
3071 1636 3242 1699 venio,
3297 1649 3482 1704 meque
3529 1634 3623 1686 tibi

2047 1725 2202 1780 trado
2247 1741 2456 1780 servum
2499 1733 2548 1777 et
2589 1723 3021 1782 commilitonem.
3054 1733 3233 1793 petens
3276 1731 3332 1776 ut
3365 1723 3625 1793 injuriam

2047 1817 2174 1870 mihi
2211 1817 2411 1886 factam
2446 1815 2743 1870 ulciscaris.
2788 1813 2963 1886 Cyrus
3015 1813 3353 1883 respondet:
3395 1811 3477 1875 Si,
3518 1812 3622 1866 Go-

2046 1909 2197 1977 brya,
2230 1909 2302 1961 ita
2331 1908 2490 1963 sentis
2519 1915 2574 1959 ut
2607 1906 2856 1977 loqueris,
2885 1917 2934 1960 te
2960 1915 3006 1959 et
3029 1905 3317 1977 supplicem
3345 1906 3573 1974 suscipio
3606 1920 3625 1959 :

2046 2009 2094 2054 et
2122 2002 2315 2054 ccedam
2361 1998 2463 2068 ﬁlii
2504 1999 2580 2053 tui
2627 2016 2712 2054 me
2737 1999 2998 2060 ullarum,
3047 1998 3156 2052 Deo
3180 1999 3424 2070 juvante,
3468 1997 3624 2068 polli-

2049 2109 2185 2147 ceor.
2220 2091 2358 2146 Tum
2401 2090 2649 2163 Gobryas
2698 2109 2712 2145 :
2764 2091 2901 2158 Quia
2931 2093 3041 2146 liceo
3082 2108 3201 2145 vere
3238 2093 3378 2153 dico,
3417 2091 3484 2143 do
3532 2089 3626 2144 tibi

2051 2203 2222 2240 meam
2267 2185 2530 2248 dextram,
2568 2192 2617 2236 et
2667 2185 2868 2253 accipio
2893 2190 3061 2236 tuam.
3112 2181 3210 2236 llis
3238 2181 3396 2245 actis,
3425 2189 3476 2235 et
3513 2179 3626 2235 Go-

2046 2279 2179 2350 ltrya
2223 2292 2347 2332 cum
2375 2275 2821 2338 armisdintisso,
2868 2275 3010 2329 Medi
3055 2275 3310 2337 aderant,
3345 2273 3440 2342 qui
3481 2270 3628 2342 Cyro

2048 2367 2492 2442 pulcherrimum
2533 2366 2975 2429 tabernaculum,
3016 2375 3074 2419 et
3112 2363 3402 2418 Susianam
3431 2362 3625 2416 mulie-

2046 2476 2186 2522 rem,
2225 2475 2348 2530 qua:
2389 2457 2717 2513 Asianorum
2753 2455 3125 2526 pulcherrima
3161 2455 3333 2509 fuisse
3363 2453 3623 2514 traditur,

2045 2560 2100 2606 et
2133 2551 2273 2605 duas
2331 2549 2574 2608 musicas
2623 2549 3105 2621 praestantissimae
3139 2587 3154 2612 ,
3214 2545 3442 2617 Cyaxari
3491 2559 3626 2598 vero

2045 2643 2378 2700 secundaria
2427 2655 2658 2698 munera
2690 2641 2993 2712 elegerant.
3042 2636 3622 2709 Supervacuatabero

2045 2736 2241 2792 naeula
2270 2733 2414 2806 Cyro
2441 2734 2814 2798 tradiderunt,
2855 2743 2916 2788 ut
2948 2733 3032 2788 eis
3082 2733 3266 2786 Persae
3309 2737 3626 2784 uterentur.

2044 2828 2222 2900 Cyrus
2272 2841 2395 2897 quae
2445 2826 2674 2898 Cyaxari
2721 2817 3090 2890 destinarant,
3125 2825 3194 2878 ab
3224 2823 3376 2877 illius
3413 2819 3626 2875 intimis

2046 2921 2320 2977 asservari
2349 2919 2508 2990 jubet
2536 2937 2548 2972 :
2579 2935 2702 2989 quae
2732 2919 2838 2974 sibi
2868 2918 2994 2972 data
3020 2927 3227 2979 essent,
3259 2924 3416 2986 grato
3442 2912 3626 2967 animo

2047 3039 2106 3078 se
2138 3022 2392 3092 accipere
2445 3017 2606 3091 154
2657 3019 2752 3073 ait.
2802 3018 2872 3073 Et
2927 3017 3119 3086 Araspi
3172 3015 3328 3070 Medo
3373 3029 3405 3068 a
3453 3027 3630 3082 puero

2048 3117 2227 3172 amico
2256 3113 2618 3170 custodienda
2656 3112 2842 3176 tradit,
2881 3119 2937 3166 et
2967 3109 3387 3165 tabernaculum
3417 3114 3474 3161 et
3505 3120 3627 3160 Inu-

2047 3211 2265 3264 lierem.
2291 3207 2422 3262 Erat
2444 3222 2510 3261 ea
2536 3221 2672 3261 uxor
2693 3204 2986 3260 Abradataa
3005 3203 3299 3258 Suziorum
3335 3201 3479 3270 regis
3528 3197 3626 3268 qui

2046 3301 2077 3352 d
2090 3316 2180 3356 um
2192 3307 2372 3356 castra
2388 3295 2838 3368 caperentur,abf
2841 3304 2997 3351 uerat
3022 3296 3234 3364 legatus
3250 3293 3315 3347 ad
3335 3290 3626 3363 petendam

2048 3391 2474 3446 Bactrianorum
2506 3390 2651 3458 regis
2681 3389 3027 3452 societatem,
3057 3386 3295 3456 hospitis
3323 3384 3429 3438 sui.
3473 3383 3628 3436 Mane

353 3473 599 3543 ἑταῖρος,
628 3473 884 3528 ἐκέλευσε
914 3475 1248 3544 διαφυλάξαι
1278 3476 1430 3548 αὑτῷ
1460 3478 1561 3548 τὴν
1589 3480 1825 3546 γυναῖκα
1852 3475 1944 3530 καὶ

2049 3482 2247 3555 Cyrus.
2297 3497 2469 3553 eques
2492 3497 2619 3535 eum
2650 3481 2940 3535 Persarum
2977 3477 3197 3533 duobus
3238 3474 3503 3533 millibus,
3531 3471 3627 3541 qui

351 3563 458 3634 τὴν
499 3566 730 3636 σκηνήν.
762 3563 870 3620 Ἦν
900 3568 958 3622 δὲ
993 3567 1135 3639 αὕτη
1167 3570 1267 3640 μὲν
1295 3570 1434 3643 γυνὴ
1471 3568 1807 3642 Ἀϐραδάτου
1849 3569 1942 3622 τοῦ

355 3657 578 3711 Σούσων
609 3659 902 3728 βασιλέως,
948 3661 1007 3725 δς
1036 3663 1410 3734 ἁλισκομένου
1445 3663 1540 3718 τοῦ
1576 3663 1943 3735 στρατοπέδου

355 3751 420 3803 οὖ
453 3752 658 3821 παρῆν,
697 3753 971 3823 asportet;
993 3755 1122 3824 περὶ
1156 3755 1480 3827 συμμαχίας
1512 3756 1666 3828 παρὰ
1689 3755 1784 3810 τοῦ
1819 3757 1944 3810 Ἀσ-

355 3843 550 3914 συρίου
583 3845 720 3914 πρὸς
757 3848 849 3901 τ’»ν
883 3847 1168 3920 Βακτρίων
1207 3848 1460 3920 βασιλέα,
1499 3849 1652 3917 ξένος
1684 3847 1760 3902 ὢν
1793 3849 1943 3902 ὲκεί-

354 3955 455 4008 νῳ.
490 3937 645 4010 Πρωῒ
678 3939 734 3994 δὲ
767 3941 1103 4005 ἀναστάντες
1136 3941 1468 4014 ἐπορεύοντο
1503 3944 1643 4014 πρὸς
1679 3941 1944 4014 Γωϐρύαν

361 4031 550 4100 Κῦρος
582 4031 843 4102 ἔφιππος,
877 4034 972 4087 καὶ
1015 4035 1247 4103 Περσῶν
1290 4036 1500 4098 ἱππεῖς,
1544 4035 1832 4104 γενόμενοι
1865 4035 1946 4096 είς

356 4124 678 4192 δισχιλίους.
726 4127 1044 4195 Δευτεραίοι
1084 4127 1142 4182 δὲ
1177 4127 1324 4197 ἀμφὶ
1367 4127 1553 4200 δείλην
1587 4128 1832 4196 γίνονται
1866 4129 1946 4190 είς

353 4215 419 4266 τὸ
459 4215 693 4287 Γωϐρύᾳ
723 4217 925 4290 χωρίον
965 4220 1123 4274 αὐτοὶ
1157 4219 1253 4273 καὶ
1303 4220 1354 4272 oi
1393 4220 1699 4290 σύμμαχοι.
1741 4217 1944 4274 Μαθὼν

355 4304 455 4362 οὖν
489 4311 626 4374 ἐκεῖ,
661 4312 744 4367 ὅτι
785 4313 901 4375 τοῖς
940 4313 1252 4384 ’Δσσυρίοις
1301 4315 1359 4366 ἐν
1411 4313 1698 4368 Βαϐυλῶνι
1740 4313 1945 4366 πολλα-

357 4402 567 4456 πλασία
609 4403 709 4474 τῆς
748 4403 944 4475 πρώην
976 4405 1260 4475 δυνάμεως
1290 4406 1762 4478 παρεσκεύασται,
1806 4406 1944 4475 Ἀγε

357 4495 510 4562 ἡμᾶς
556 4497 657 4564 τὴν
687 4497 782 4551 ἐπὶ
828 4497 1148 4561 Βαϐυλῶνα,
1179 4499 1307 4570 ἔφη.
1360 4500 1444 4561 Ὠς
1481 4500 1539 4554 δὲ
1581 4500 1946 4570 πορευόμενοι

356 4591 678 4657 τεταρταῖοι
733 4589 871 4660 πρὸς
917 4593 1032 4654 τοῖς
1082 4590 1252 4662 ὁρίοις
1301 4593 1402 4662 τῆς
1455 4591 1712 4664 Γωϐρύου
1760 4593 1946 4663 χώρας

357 4677 637 4743 ἐγένοντο,
690 4682 786 4732 καὶ
811 4683 868 4736 ὲν
913 4683 981 4751 τῇ
1035 4680 1277 4752 πολεμίᾳ
1319 4682 1421 4752 ήδη
1463 4681 1790 4753 ἐτύγχανον,
1819 4685 1945 4745 τοὺς

363 4773 466 4840 μὲν
513 4773 715 4836 πεζοὺς
770 4773 867 4828 καί
910 4792 1063 4838 τινας
1096 4775 1206 4828 τῶν
1252 4776 1465 4829 ἱππέων
1514 4778 1751 4848 κατέσχε
1805 4778 1914 4848 προ

360 4865 579 4930 ἑαυτὸν,
639 4866 767 4930 τοὺς
820 4867 866 4921 δ’
913 4867 1110 4932 ἄλλους
1170 4868 1363 4929 ἱππεῖς
1425 4868 1606 4938 ἀφῆκε
1665 4872 1943 4936 καταθεῖν,

360 4958 631 5024 κελεύσας
665 4959 792 5022 τοὺς
826 4959 926 5028 μὲν
948 4961 1088 5014 ὅπλα
1115 4961 1342 5032 ἔχοντας
1368 4962 1478 5014 τῶν
1508 4963 1949 5030 ἐντυγχανόντων

359 5047 552 5111 αὐτοῖς
592 5049 978 5112 κατακαίνειν,
1012 5050 1139 5111 τοὺς
1169 5050 1217 5104 δ’
1243 5049 1440 5114 ἄλλους
1481 5053 1576 5107 καὶ
1615 5053 1767 5104 λείαν
1812 5054 1947 5121 ὅσην

361 5139 431 5191 ἂν
456 5137 667 5192 λάϐωσι
689 5139 834 5210 πρὸς
865 5139 1030 5194 αὑτὸν
1055 5141 1238 5208 ἄγειν.
1279 5142 1567 5195 Ἐκέλιυσε
1597 5142 1656 5195 δὲ
1687 5143 1782 5196 καὶ
1818 5143 1946 5206 τοὺς

360 5230 585 5300 Πέρσας
633 5232 1024 5299 συγκαταθεῖν,
1073 5233 1166 5285 καὶ
1215 5230 1353 5307 ἧκον
1390 5233 1579 5290 πολλοὶ
1614 5237 1718 5306 μὲν
1761 5238 1946 5296 αὐτῶν

360 5323 897 5392 κατακεκυλισμένοι
927 5325 1036 5378 ἀπὸ
1066 5326 1176 5380 τῶν
1211 5327 1416 5387 ἵππων,
1452 5329 1639 5384 πολλοὶ
1677 5330 1734 5384 δὲ
1795 5331 1970 5387 λείαν

360 5414 446 5467 ὅτι
481 5413 750 5487 πλείστην
776 5417 1025 5482 ἄγοντες.
1063 5413 1196 5472 Εἶτα
1227 5417 1362 5487 πρὸς
1391 5419 1690 5475 Βαϐυλῶνα
1721 5421 1808 5491 ᾔει
1837 5421 1940 5475 ὥσ·

364 5521 474 5573 περ
504 5507 564 5558 ὲν
600 5505 752 5577 μάχῃ
781 5507 1264 5577 παραταξάμενος.
1316 5508 1403 5572 Ὠς
1431 5510 1582 5564 δὀὐκ
1612 5512 1948 5583 ἀντεξῄεσαν

365 5597 414 5648 οἱ
461 5595 740 5664 Ἀσσύριοι
771 5595 1060 5650 ἐκέλευσεν
1090 5599 1118 5650 ὁ
1151 5597 1338 5667 Κῦρος
1368 5599 1459 5652 τὸν
1483 5599 1752 5669 Γωϐρύαν
1777 5617 1951 5670 προσ-

363 5688 638 5742 ι“ι.ἀσαντα
670 5688 852 5740 εἰπεῖν
875 5703 889 5716 ·
933 5690 1002 5741 El
1031 5689 1326 5753 ,ϐούλεται
1354 5693 1386 5744 ό
1403 5691 1708 5756 βασιλεὺς
1769 5692 1950 5757 ἐξιὼν

363 5777 516 5850 ὑπὲρ
540 5780 649 5850 τῆς
677 5779 874 5852 χώρας
897 5781 1220 5852 μάχεσθαι,
1257 5783 1355 5836 καὶ
1388 5785 1570 5850 αὐτὸς
1598 5783 1719 5838 σὺν
1743 5784 1949 5856 ἐκείνῳ

1918 4796 2024 4875 ‘o

2043 3588 2100 3630 et
2129 3575 2234 3644 ipsi
2279 3575 2498 3644 equites
2540 3571 2668 3627 facti
2701 3579 2882 3633 erant,
2911 3569 2978 3626 ad
3012 3568 3286 3637 Gobryam
3319 3561 3627 3636 proﬁcisci-

2045 3680 2158 3731 tur,
2184 3685 2250 3725 ac
2283 3668 2373 3723 die
2402 3668 2576 3723 altero
2605 3676 2662 3720 et
2693 3665 2796 3736 ipsi
2825 3673 2883 3721 et
2914 3678 3108 3720 eorum
3143 3661 3276 3716 socii
3311 3661 3364 3713 in
3395 3657 3626 3728 Gobrya:

2043 3780 2232 3820 arcem
2277 3763 2646 3834 perveniunt..
2698 3759 2779 3816 lbi
2833 3774 2962 3814 cum
3017 3756 3325 3815 didicisset,
3377 3751 3628 3822 Assyrios

2045 3858 2324 3929 Babylone
2369 3857 2532 3926 longe
2583 3856 2820 3924 majores
2875 3853 3088 3922 copias,
3133 3863 3296 3918 quam
3333 3846 3490 3916 prius
3534 3844 3630 3897 ba-

2044 3952 2322 4013 buissent,
2370 3961 2750 4018 comparasse,
2801 3945 3133 4015 Babylonem
3171 3957 3231 3996 se
3276 3939 3404 3993 duci
3445 3935 3624 4006 jubet.

2043 4044 2251 4110 Quarto
2277 4042 2365 4097 die
2397 4056 2523 4096 eum
2557 4039 2624 4094 ad
2673 4038 2812 4094 ﬁnes
2843 4038 3147 4107 Gobryanae
3177 4032 3406 4088 ditionis
3436 4043 3630 4099 ρει-νει.-

2045 4135 2282 4195 nissent,
2321 4142 2376 4187 et
2403 4134 2514 4202 jam
2547 4132 2604 4185 in
2635 4130 2824 4186 hostili
2849 4143 2979 4198 agro
3001 4132 3382 4186 versarentur,
3411 4118 3630 4188 pedites

2042 4234 2103 4281 et
2133 4225 2389 4294 equitum
2440 4223 2740 4278 nonnullos
2780 4221 2925 4290 apud
2973 4233 3032 4274 se
3077 4217 3279 4272 retinet
3323 4231 3337 4268 :
3385 4211 3629 4280 reliquos

2045 4315 2267 4385 equites
2311 4328 2608 4370 excurrere
2647 4312 2829 4384 jubet,
2861 4318 2917 4366 et
2947 4323 3086 4380 quos
3116 4315 3358 4364 armatos
3398 4304 3626 4357 invene-

2046 4407 2182 4474 rint,
2232 4406 2512 4470 occidere,
2552 4415 2782 4460 canoros
2823 4410 2880 4458 et
2920 4416 3140 4461 omnem
3178 4397 3418 4469 priedam
3470 4394 3536 4449 ad
3568 4408 3632 4448 se

2045 4498 2344 4554 adducere.
2391 4496 2528 4552 Cum
2566 4496 2635 4551 iis
2663 4497 2956 4551 Persarum
2992 4493 3158 4547 etiam
3185 4488 3456 4558 quosdam
3491 4482 3634 4540 emia

2049 4592 2144 4656 sit,
2196 4605 2436 4661 quorum
2493 4588 2652 4643 multi
2705 4589 2866 4657 equis
2911 4585 3184 4649 devoluti,
3249 4582 3408 4637 multi
3462 4579 3633 4634 etiam

2051 4684 2286 4738 maxima
2317 4682 2501 4752 praeda
2528 4690 2685 4749 parta
2715 4679 3018 4734 redierunt.
3059 4674 3267 4732 Deinde
3295 4687 3490 4728 versus
3522 4669 3618 4723 Ba-

2055 4775 2311 4846 bylonem
2367 4771 2740 4842 progreditur,
2791 4771 3060 4824 instructa
3080 4769 3232 4822 velut
3264 4764 3332 4820 ad
3375 4762 3625 4834 praelium

2055 4867 2193 4921 acie.
2244 4863 2381 4919 Cum
2429 4864 2635 4935 Assyrii
2687 4879 2796 4917 non
2846 4860 3266 4932 egrederentur,
3317 4857 3478 4926 jubet
3519 4854 3626 4910 Goo

2057 4959 2246 5030 bryam
2277 4956 2602 5027 adequitare
2645 4956 2712 5009 ad
2756 4955 2982 5018 moenia,
3027 4964 3085 5009 et
3127 4953 3313 5007 dicere
3349 4967 3364 5004 :
3406 4947 3463 5003 Si
3509 4947 3631 5001 velit

2055 5068 2147 5105 rex
2192 5050 2368 5122 egredi
2396 5051 2453 5103 in
2479 5050 2668 5113 aciem,
2715 5057 2762 5102 et
2795 5064 2891 5120 pro
2925 5049 3136 5118 regione
3165 5045 3444 5107 dimicare,
3467 5057 3522 5096 se
3551 5039 3633 5094 illi

2051 5161 2240 5215 pugna:
2277 5145 2484 5214 Capiam
2519 5142 2811 5212 facturum.
2864 5139 2958 5195 Sin
2989 5141 3256 5207 regionem
3311 5153 3410 5190 non
3447 5134 3637 5202 ἀείδεις

2053 5237 2213 5300 derit,
2259 5251 2465 5290 necesse
2500 5235 2613 5304 fore
2647 5241 2703 5288 ut
2757 5243 2946 5303 pareat
2993 5230 3295 5286 victoribus.
3341 5228 3472 5294 Qua:
3505 5240 3632 5280 cum

2056 5327 2306 5398 Gobryas
2351 5326 2600 5387 dixisset.
2651 5325 2911 5396 Assyrius
2957 5325 3108 5378 misit
3143 5323 3238 5390 qui
3274 5321 3325 5374 ei
3373 5319 3632 5374 diceret:

2061 5419 2315 5474 Dominus
2345 5426 2488 5482 tuus,
2535 5418 2766 5487 Cobrya,
2811 5420 3091 5486 respondet
3123 5431 3140 5468 :
3175 5415 3236 5470 Si
3277 5427 3518 5484 pugnare
3547 5425 3638 5464 re.

2051 5512 2180 5575 litis,
2213 5520 2268 5564 ut
2297 5512 2352 5564 in
2391 5512 2531 5564 diem
2577 5511 2898 5564 tricesimum
2925 5509 3192 5562 redeatis:
3236 5507 3467 5559 nondum
3492 5503 3636 5562 enim

2051 5605 2197 5660 nobs
2238 5618 2348 5656 esse
2387 5603 2552 5654 otium
2581 5603 2672 5669 qui
2695 5600 2865 5653 adhuc
2891 5601 3248 5652 instruamur.
3295 5597 3389 5652 llis
3427 5611 3640 5651 rennn.

2053 5694 2226 5758 tiatis,
2254 5694 2432 5764 Cyrus
2460 5694 2705 5746 exercitu
2733 5689 2983 5756 reducto,
3015 5689 3293 5761 Gobryam
3326 5690 3394 5746 de
3423 5688 3633 5750 Cedat;

2055 5797 2207 5858 rogat
2239 5806 2250 5840 :
2279 5789 2375 5856 qui
2405 5802 2529 5842 cum
2562 5783 2704 5858 regis
2729 5783 2896 5849 ﬁlius,
2923 5794 2977 5838 et
3003 5783 3208 5855 Assyrii
3235 5781 3436 5848 sodalis
3459 5788 3623 5844 esset.
