4092 6430
447 377 552 444 εει

1717 381 2046 444 JOANNIS
2084 380 2411 444 ΖΟΝΑΒιΕ

3620 379 3728 444 288

455 491 510 545 in
569 489 827 544 convivio
870 489 939 545 ab
988 489 1083 545 illo
1125 490 1563 560 comprehensus
1622 500 1679 546 et
1730 499 2030 556 eastratus,

2145 491 2386 560 μάχοιτο
2417 493 2514 546 ἄν.
2542 490 2607 546 El
2629 491 2698 545 δὲ·
2720 489 2808 560 μὴ
2840 487 3156 560 ἁμυνοῖτίῖ
3181 487 3364 557 χώρᾳ,
3383 488 3468 542 ὅτι
3493 489 3729 561 ἀνάγκη

447 591 603 653 patre
639 593 858 636 mortuo
887 598 1119 653 regnum
1153 583 1449 637 eunuchus
1480 583 1722 638 tenebat.
1780 583 1861 636 Ad
1902 598 2030 637 eum

449 675 618 744 igitur
671 674 1056 727 adducendum
1111 675 1279 728 mittit
1305 675 1607 745 Goliryam,
1654 675 1748 744 qui
1790 676 1941 745 jussa
1975 683 2032 728 et

450 765 705 818 mandata
753 766 900 835 regis
953 775 1252 820 exsecutus
1299 767 1486 821 rediit.
1550 765 1787 821 Catlatas
1849 776 2030 820 autem

449 874 571 909 eum
621 857 827 928 Assyrii
879 859 1198 912 societatem
1246 859 1572 922 simularet,
1629 867 1686 914 et
1743 861 2030 914 castellum

449 949 728 1017 quoddam
786 951 993 1020 Assyrii
1051 961 1414 1021 occupasset,
1489 951 1696 1006 bellum
1773 950 2029 1006 inferenti

453 1040 848 1109 impedimento
917 1041 1166 1095 futurum
1232 1059 1246 1096 :
1309 1058 1378 1097 eo
1449 1045 1696 1108 tradito,

455 1140 537 1183 ter
598 1147 626 1183 a
674 1131 816 1201 Cyro
883 1135 1180 1202 excipitur,
1231 1151 1357 1189 cunt
1401 1135 1505 1190 hac
1550 1139 1805 1190 oratione
1860 1155 1874 1192 :
1932 1140 2032 1191 As-

451 1226 624 1290 syrius
661 1227 771 1279 tibi.
819 1224 1054 1288 Gudata,
1100 1228 1417 1297 procreandi
1472 1228 1662 1282 liberos
1717 1227 2031 1298 facuhatem

453 1315 671 1376 ademit,
705 1333 807 1368 non
840 1319 1000 1370 etiam
1026 1320 1257 1388 parandi
1291 1321 1512 1373 amicos.
1546 1320 1624 1374 Eu
1649 1321 1874 1375 castello
1902 1321 2033 1376 sub-

453 1416 597 1470 acto,
643 1407 926 1466 Caddusii.
963 1409 1137 1468 Sacae.
1171 1419 1226 1464 et
1250 1411 1434 1480 plures
1459 1411 1694 1483 llyrcani
1723 1429 1780 1468 se
1827 1414 1893 1467 ad
1923 1413 2032 1486 Cy-

450 1511 570 1549 rum
623 1498 932 1551 conferunt.
987 1499 1094 1554 Sed
1141 1499 1382 1556 Gadatas
1433 1504 1678 1568 nuntiat,
1741 1504 2030 1576 Assyrium

450 1587 522 1646 ob
549 1589 818 1657 iacturam
853 1591 998 1644 illam
1030 1591 1252 1657 iratum,
1278 1609 1390 1648 suae
1414 1595 1609 1648 ditioni
1644 1595 1800 1666 155
1830 1597 2030 1651 bellum

451 1681 757 1738 illaturutn.
799 1682 856 1739 Si
905 1684 1299 1752 dimitteretur,
1349 1704 1406 1742 se
1445 1688 1562 1744 loca
1596 1690 1808 1746 munita
1839 1690 2034 1745 defen-

1774 1045 2034 1099 htttttani-
2063 1081 2070 1087 υ

2139 585 2265 651 τοῖς
2315 585 2605 653 κρατοῦσι
2654 584 2990 639 πείθεσθαι.
3055 580 3114 633 ’0
3176 582 3276 648 μὲν
3330 581 3395 653 δὴ
3463 583 3730 652 Γωϐρύας

2141 679 2488 746 προσελάσας
2545 677 2721 730 ταῦτα
2775 673 2952 737 εἶπεν,
3003 677 3032 728 6
3081 674 3125 726 δ’
3166 675 3456 742 Ἀσσύριος
3503 676 3730 744 πέμψας

2142 765 2330 832 ἔλεγεν
2351 783 2364 796 ο
2410 765 2465 816 Ὀ
2501 765 2806 830 δεσπότης
2851 767 2885 818 ὀ
2914 765 3051 829 σὸς,
3083 763 3129 816 ὦ
3161 765 3426 830 Γωϐρύα,
3472 765 3720 820 ἀνταπο-

2140 857 2444 924 κρίνεται·
2486 857 2596 910 ἐὰν
2643 857 2962 924 ,βούλησθε
3005 854 3340 924 μάχεσθαι,
3407 857 3578 923 ἥκετε
3633 863 3732 924 εἰς

2140 949 2505 1016 τριακοστὴν
2551 947 2819 1018 ἡμέρανο
2849 947 2969 1000 νῦν
3009 947 3062 1001 δ’
3085 947 3252 999 οὔπω
3307 945 3452 1014 ἡμῖν
3498 949 3729 1016 σχολήο

2139 1040 2227 1094 ἔτι
2270 1039 2380 1109 γὰρ
2424 1040 3014 1108 παρασκευαζόμεθα.
3056 1039 3167 1092 Kal
3204 1039 3233 1091 6
3272 1038 3372 1108 μὲν
3421 1040 3730 1110 ἀπήγγειλε

2138 1132 2313 1186 ταῦτα
2343 1132 2424 1203 τῷ
2458 1130 2651 1202 Κύρῳ,
2694 1132 2722 1184 6
2768 1131 2826 1184 δέ
2862 1129 3124 1201 ἀπήγαγε
3159 1129 3221 1182 τὸ
3247 1130 3587 1202 στράτευμα,
3633 1135 3733 1185 καὶ

2139 1224 2230 1278 τὸν
2262 1224 2525 1292 Γωϐρύαν
2559 1224 2688 1293 περὶ
2725 1221 2823 1275 τοῦ
2861 1222 3078 1276 Γαδάτα
3121 1221 3333 1292 ἠρώτα.
3387 1221 3444 1276 Ὀ
3477 1223 3532 1276 δὲ
3559 1225 3734 1278 Γαδά-

2139 1333 2239 1380 τας
2273 1313 2538 1384 βασιλέως
2568 1313 2716 1374 τινὸς
2743 1307 2813 1383 ἦν
2841 1311 2976 1374 υίὸς,
3012 1312 3234 1381 ἑταῖρος
3265 1310 3364 1365 τοῦ
3409 1313 3729 1383 Ἀσσυρίου,

2139 1407 2200 1461 ὃν
2244 1405 2586 1475 συμπίνοντα
2629 1403 2784 1474 αύτῷ
2830 1403 3114 1457 συλλαϐὼν
3155 1402 3409 1473 ἐξέτεμε,
3445 1403 3539 1456 καὶ
3574 1405 3732 1458 ἐκτο-

2143 1501 2274 1570 μίαν
2301 1497 2580 1565 ἐποίησεν,
2613 1496 2671 1559 ὃς
2696 1493 2792 1548 τοῦ
2820 1495 3030 1564 πατρὸς
3058 1494 3226 1548 αὐτοῦ
3270 1495 3729 1565 τελευτήσαντος,

2138 1591 2262 1642 τότε
2297 1590 2396 1658 τὴν
2439 1587 2720 1659 βασιλείαν
2752 1582 2905 1656 εἶχεν
2934 1585 3192 1656 εὐνοῦχος
3232 1584 3332 1640 ὢν.
3365 1587 3510 1656 Πρδς
3539 1585 3731 1642 τοῦτον

2140 1677 2235 1736 οὖν
2294 1682 2516 1736 ἀπιέναι
2555 1680 2648 1733 τὸν
2681 1678 2949 1744 Γωϐρύαν
2991 1677 3176 1748 ἤθελε,
3233 1678 3331 1732 καὶ
3387 1679 3545 1747 ἄγειν
3591 1679 3731 1750 πρὸς

451 1789 670 1836 surum,
719 1775 788 1829 de
820 1778 1037 1832 caeteris
1067 1780 1253 1832 minus
1283 1795 1406 1834 esse
1436 1781 1761 1835 sollicitum.
1792 1781 2033 1853 Rogatus

2145 1773 2355 1837 ἑαυτὸν,
2407 1775 2436 1826 6
2477 1772 2534 1825 δὲ
2570 1770 2802 1838 ἀπῆλθε,
2843 1769 2938 1823 καὶ
2985 1770 3249 1838 ἐντυχὼν,
3298 1770 3393 1823 καὶ
3445 1770 3542 1822 ὅσα
3579 1772 3730 1840 παρὰ

453 1876 663 1933 quanto
713 1878 962 1938 tempore
1021 1885 1182 1924 suum
1235 1888 1466 1942 regnum
1513 1874 1784 1943 attingere
1827 1887 2032 1945 posset,

2145 1865 2327 1932 Κύρου
2385 1861 2646 1929 ἐνετάλθη
2705 1858 2904 1921 είπὼν,
2965 1861 2992 1913 6
3046 1859 3146 1929 μὲν
3202 1859 3529 1928 ἐπανῆλθεν.
3580 1860 3639 1914 ὐ
3673 1860 3731 1914 δὲ

453 1972 621 2030 atque
666 1962 786 2031 ipse
831 1978 956 2017 eum
1013 1967 1262 2020 exercitu
1316 1967 1629 2036 consequi?
1670 1967 2036 2038 Respondet:

454 2052 524 2108 Se
547 2055 756 2123 quidem
818 2057 961 2111 intra
1012 2058 1247 2112 triduum
1295 2059 1366 2112 ibi
1421 2068 1752 2134 cenaturum
1794 2077 1812 2114 :
1863 2063 2038 2132 ipsum

453 2161 576 2200 vero
631 2155 756 2200 ante
819 2157 1017 2217 septem
1073 2157 1166 2203 aut
1221 2163 1336 2204 octo
1383 2152 1489 2206 dies
1539 2167 1598 2205 eo
1632 2155 1899 2222 pervenire
1937 2172 2040 2209 non

455 2247 626 2301 posse.
659 2233 797 2288 Tum
820 2234 992 2306 Cyrus
1019 2253 1032 2290 :
1065 2235 1392 2309 Tu,.inquit,
1419 2257 1580 2310 quam
1613 2241 1908 2297 cellerrime
1931 2245 2039 2308 abi,

457 2339 550 2392 ego
584 2341 704 2378 vero
742 2334 798 2379 ut
831 2338 1011 2397 potero
1038 2330 1390 2399 proﬁciscar:
1432 2340 1488 2385 et
1513 2333 1834 2386 convocatis
1859 2335 2036 2389 socio-

458 2429 581 2469 rum
635 2417 1005 2487 principibus,
1061 2420 1306 2487 Gadatte,
1363 2423 1574 2479 homini
1626 2425 1766 2481 bene
1811 2429 2037 2494 merito,

456 2504 549 2574 qui
579 2505 647 2559 ab
673 2505 898 2578 Assyrio
925 2522 1365 2580 oppugnaretur,
1395 2529 1556 2583 opem
1593 2529 1716 2570 esse
1755 2520 2038 2573 feremlatn

460 2593 564 2660 ait,
592 2595 661 2650 iis
695 2597 941 2652 assensis
979 2615 994 2652 :
1048 2598 1210 2664 Quia,
1247 2601 1446 2671 inquit,
1481 2603 1622 2656 vobis
1656 2605 1795 2658 idem
1817 2607 2041 2671 videtur,

2142 1954 2392 2017 Γαδάτας
2422 1953 2502 2023 τῷ
2556 1952 2832 2022 Ἀσσυρίῳ
2863 1952 3181 2022 συμμαχεῖν
3229 1951 3727 2021 προσποιούμενος,

2140 2050 2236 2100 καὶ
2285 2045 2551 2118 φρούριόν
2596 2062 2649 2098 τι
2695 2043 2789 2098 τοῦ
2838 2044 3152 2112 Ἀσσυρίου,
3209 2043 3478 2114 πρόϐολον
3529 2043 3590 2096 δν
3635 2042 3728 2096 τοῦ

2138 2139 2380 2208 πολέμου
2405 2137 2544 2208 δόλῳ
2574 2135 2888 2206 κατασχὼν,
2921 2135 3017 2189 καὶ
3052 2133 3130 2202 τῷ
3177 2135 3344 2206 Κύρῳ
3378 2137 3513 2189 αὐτὸ
3546 2154 3726 2206 παρα-

2140 2233 2287 2295 δοὺς,
2327 2227 2460 2302 ἦλθε
2496 2229 2590 2283 καὶ
2623 2229 2788 2292 αὐτὸς
2829 2227 2967 2295 πρὸς
3011 2227 3218 2297 Κῦρον.
3270 2229 3382 2281 Kal
3414 2229 3730 2292 δεξιωοείςο

2139 2319 2217 2378 Ὦ
2249 2323 2508 2386 Γαδάτα,
2540 2322 2794 2390 ἤκουσε,
2825 2319 3046 2386 παῖδας
3061 2320 3199 2389 μὲν,
3231 2320 3313 2385 ὡς
3331 2322 3517 2388 ἔοικε,
3548 2322 3733 2376 ποιεῖ-

2143 2421 2285 2472 σθαι
2322 2431 2396 2471 σε
2442 2416 2725 2485 ἀφείλετο
2778 2417 2812 2468 ό
2850 2414 3196 2483 Ἀσσύριος,
3237 2415 3311 2468 οὐ
3353 2419 3568 2482 μέντοι
3635 2417 3732 2470 καὶ

2143 2509 2401 2566 κτᾶσθαι
2435 2511 2657 2578 φίλους
2710 2505 3070 2573 ἑστέρησεν.
3118 2505 3177 2558 Ὀ
3221 2506 3320 2573 μὲν
3375 2505 3471 2560 οὖν
3507 2507 3733 2559 τοιαῦτα

2141 2601 2287 2668 εἷπε,
2326 2603 2420 2656 τοῦ
2461 2603 2517 2656 δὲ
2562 2601 2826 2673 φρουρίου
2876 2599 2981 2652 ὑπὸ
3031 2599 3122 2652 τὸν
3177 2597 3375 2671 Κῦρον.
3424 2601 3733 2669 γεγενημέ-

457 2703 660 2755 eamus,
693 2692 918 2755 sumptis
946 2702 996 2745 et
1020 2693 1147 2747 viris
1170 2703 1219 2747 et
1249 2697 1393 2764 equis
1427 2695 1750 2764 fortissimis,
1779 2715 1841 2751 ac
1877 2699 2040 2753 tridui

2145 2716 2263 2761 νου,
2309 2698 2409 2751 καὶ
2449 2693 2772 2748 Καδδούσιοι
2802 2693 2912 2761 (95)
2953 2692 3050 2744 καὶ
3090 2691 3264 2746 Σάκαι
3303 2691 3400 2746 καὶ
3452 2691 3733 2762 Ὑρκάνιοι

455 2787 773 2840 commeatu.
830 2791 886 2835 ut
939 2784 1166 2854 expediti
1215 2787 1398 2855 simus.
1447 2787 1538 2842 Sic
1595 2790 1792 2859 parati,
1856 2791 2036 2847 media

2145 2791 2362 2852 πλείους
2404 2786 2898 2857 συνεστρατεύοντο
2945 2783 3117 2855 αύτῷ.
3156 2785 3282 2837 Ἐπὶ
3310 2784 3522 2847 τούτοις
3557 2798 3728 2852 προσ-

461 2880 646 2937 nocte,
673 2872 888 2948 Gobrya
921 2875 1083 2943 duce,
1121 2877 1534 2948 ingrediuntur.

2145 2885 2359 2954 ἔρχεται
2407 2881 2576 2951 Κύρῳ
2613 2882 2641 2932 6
2697 2879 2939 2940 Γαδάτας
2986 2878 3186 2947 λέγων,
3238 2878 3314 2939 ὡς
3359 2878 3387 2930 6
3429 2875 3725 2947 Ἀσσύριος

457 2968 586 3035 περὶ
639 2966 734 3021 τοῦ
791 2972 1052 3042 φρουρίου
1117 2973 1424 3042 πυοὸμενος
1491 2977 1585 3028 καὶ
1629 2977 1990 3048 ίχαλεττήνας,
2065 2978 2460 3043 συσκευάζοιτο
2533 2977 2616 3039 είς
2647 2975 2744 3046 τὴν
2815 2973 2955 3043 ἐμὴν
3010 2973 3269 3043 ἐμϐαλεῖν
3327 2973 3531 3044 χώραν.
3587 2972 3720 3024 Ἐὰν

457 3053 554 3110 οὖν
597 3061 742 3130 ἀφῇς
792 3080 884 3132 με,
939 3064 1008 3117 τὰ
1044 3064 1200 3134 τείχη
1255 3065 1322 3117 ἂν
1372 3067 1700 3139 πειραθείην
1751 3070 2038 3127 διασῶσαι.
2078 3073 2200 3125 Τῶν
2261 3070 2304 3124 δ’
2335 3069 2514 3125 ἄλλων
2545 3068 2715 3137 μείων
2782 3085 2872 3136 μοι
2901 3067 3079 3134 λόγος.
3113 3068 3315 3138 Ἤρετο
3339 3066 3435 3120 οὖν
3460 3069 3488 3120 ὁ
3513 3067 3724 3137 Κῦρος·

471 3148 615 3205 Ἐὰν
653 3154 769 3222 ἴῃς,
804 3155 951 3208 πότε
971 3155 1088 3224 ἔσῃ
1113 3157 1267 3211 οἴκοι
1293 3175 1312 3223 ;
1345 3161 1372 3211 6
1408 3159 1486 3213 δέ·
1517 3163 1622 3225 Είς
1644 3162 1871 3228 τρίτην,
1931 3163 2057 3234 ἔφη,
2099 3163 2409 3233 δειπνήσω
2444 3163 2513 3215 ἐν
2569 3162 2642 3229 τῇ
2673 3161 2948 3230 ἡμετέρῃ.
3003 3160 3151 3230 Ἐγὼ
3206 3161 3283 3227 δὲ,
3314 3161 3420 3231 ἔφη
3455 3163 3484 3215 6
3515 3160 3723 3231 K6903

459 3244 752 3311 ποσταῖος
779 3245 858 3301 ἂν
891 3247 1091 3301 ἐκεῖσε
1138 3249 1467 3318 ἀφικοίμην
1508 3251 1633 3306 σὺν
1672 3252 1754 3318 τῷ
1797 3256 2216 3324 στρατεύματι.
2291 3255 2402 3308 Kal
2462 3254 2492 3308 6
2530 3254 2795 3317 Γαδάτας
2829 3255 2950 3306 Ot'm
2981 3250 3060 3306 ἂν
3091 3251 3323 3319 δύναιο,
3352 3255 3719 3326 ἀπεκρίνατο,

460 3332 748 3401 δέσποτα,
783 3340 835 3391 εί
871 3337 958 3408 μὴ
987 3340 1058 3393 ἐν
1083 3339 1154 3405 ἐξ
1183 3341 1222 3410 ἢ
1253 3341 1404 3396 ἑπτὰ
1432 3342 1678 3412 ἡμέραις
1701 3346 1925 3402 ἐλθεῖν.
1953 3349 2064 3402 Kal
2101 3349 2129 3403 6
2175 3347 2384 3420 Κύρος⁶
2419 3346 2505 3401 Σὺ
2535 3347 2766 3408 τοίνυν,
2803 3345 2928 3415 ἔφη,
2961 3344 3128 3399 ἄπιθι
3167 3344 3456 3416 τάχιστα·
3487 3346 3604 3417 ἐγὼ
3665 3349 3719 3403 δ’

460 3427 543 3491 ὡς
578 3425 658 3481 ἂν
686 3428 986 3498 δυναίμην
1015 3434 1410 3502 πορεύσομαι.
1454 3437 1563 3490 Kal
1602 3439 1631 3492 6
1671 3439 1768 3508 μὲν
1827 3440 2074 3504 Γαδάτας
2109 3440 2296 3513 ἀπῄει.
2353 3439 2412 3494 '0
2480 3438 2539 3492 δὲ
2593 3437 2778 3507 Κύρος
2827 3441 2941 3501 τοῖς
2987 3439 3218 3509 ἄρχουσι
3255 3439 3364 3491 τῶν
3418 3442 3725 3511 συμμάχων

465 3513 590 3571 εἷπε
629 3517 739 3571 δεῖν
776 3520 852 3575 τῶ
890 3522 1104 3594 Γαδάτᾳ.
1139 3525 1419 3594 ἐπαμῦναι
1455 3529 1608 3600 παρὰ
1645 3529 1739 3584 τοῦ
1784 3533 2073 3602 Ἀσσυρίου
2115 3531 2532 3602 πολεμουμένῳ,
2565 3529 2722 3600 ἀνδρὶ
2761 3529 3048 3601 εὐεργέτῃ.
3085 3529 3192 3582 Kal
3253 3530 3450 3593 πάντες
3487 3533 3727 3601 συνέφα-

388 3638 398 3647 -
464 3630 584 3668 σαν.
622 3612 681 3666 '0
712 3615 788 3669 δέ·
835 3616 1000 3670 Ἐπεὶ
1038 3617 1132 3671 καί
1167 3617 1311 3687 ὑμῖν
1343 3621 1650 3688 συνδόιιει,
1682 3625 1808 3696 ἔφη,
1879 3625 2074 3696 ἄγετε,
2111 3625 2560 3694 πορευσώμεθα,
2607 3624 2809 3677 ἵππων
2875 3639 2938 3676 τε
3009 3621 3108 3676 καὶ
3156 3621 3394 3690 ἀνδρῶν
3436 3623 3580 3690 τοὺς
3626 3625 3732 3680 διι-

463 3707 838 3774 νατωτάτους
866 3709 1181 3774 λαϐόντες.
1225 3709 1322 3763 καί
1361 3712 1538 3780 τριῶν
1581 3714 1819 3785 ἡμερῶν
1846 3716 1918 3772 τὰ
1955 3717 2284 3784 ἐπιτήδεια,
2353 3717 2432 3770 ἵν’
2453 3713 2693 3777 εὔζωνοι
2726 3713 2907 3783 ἴωμεν
2946 3712 3083 3784 (94).
3152 3714 3310 3768 Οὕτω
3354 3717 3449 3768 καὶ
3489 3732 3729 3769 συσκευ-

466 3799 756 3870 ασάμενοι,
812 3803 1000 3873 μέσων
1059 3801 1270 3854 νυκτῶν
1324 3804 1425 3875 τῆς
1463 3807 1585 3861 ὀδοῦ
1643 3809 1877 3880 είχοντο,
1933 3809 2030 3864 τοῦ
2073 3809 2334 3883 Γωϐρύου
2367 3808 2538 3882 ,σφῶν
2573 3807 2898 3879 ἡγουμένου.
2933 3806 3044 3860 Kal
3093 3809 3122 3862 6
3195 3807 3295 3878 μὲν
3334 3808 3514 3879 Κῦρος
3559 3807 3731 3866 οὕτως

462 3895 647 3966 ἀπῄει.

535 3987 654 4042 XX.
708 3987 928 4046 Gadatte
962 4007 1096 4046 vero
1153 3992 1378 4062 quidam
1412 4011 1480 4050 ex
1529 3995 1648 4066 ejus
1697 3995 2040 4066 magnatibus

2221 3988 2306 4046 K'.
2352 3987 2594 4043 Ἀπιόντι
2625 3987 2679 4040 δὲ
2707 3985 2786 4057 τῷ
2819 3985 3029 4057 Γαδάτα
3054 3986 3163 4040 τῶν
3193 4003 3277 4050 τις
3299 3987 3427 4057 παρ’
3456 3989 3604 4058 αὐτῷ
3639 3990 3734 4044 δυ-

465 4078 776 4146 insidiatus,
816 4083 1039 4153 Assyrio
1083 4083 1232 4140 vires
1281 4085 1403 4152 eius
1458 4087 1702 4151 nuntiat,
1753 4096 1942 4142 mouet
1983 4094 2040 4141 ut

2151 4083 2334 4138 νατῶν
2369 4081 2764 4135 ἐπεϐούλευσεν
2812 4079 3032 4148 ἐκείνῳ,
3068 4080 3163 4132 καὶ
3193 4079 3419 4150 πέμψας
3449 4081 3586 4152 πρὸς
3637 4083 3734 4136 τὸν

462 4185 590 4226 eum
621 4187 718 4242 per
746 4173 974 4230 insidias
1002 4190 1128 4230 cum
1161 4177 1278 4231 suis
1303 4177 1756 4248 comprehendat.
1786 4179 2044 4249 Assyrius

464 4265 554 4321 liis
582 4266 808 4331 auditis,
855 4267 1089 4323 insidias
1122 4269 1281 4338 ponit
1313 4287 1325 4324 :
1353 4269 1423 4324 ad
1467 4286 1603 4341 quas
1635 4287 1764 4326 cum
1801 4271 2044 4327 Gadatas

469 4357 840 4426 pervenisset,
869 4360 1096 4432 jamque
1123 4362 1244 4433 capi
1275 4377 1437 4432 posse
1469 4363 1774 4428 videretur,
1812 4365 2042 4421 insidia-

467 4456 556 4502 tor
580 4453 849 4522 exsurgit,
878 4461 935 4507 et
965 4453 1256 4509 humerum
1283 4456 1406 4525 ejus
1436 4454 1590 4523 ferit,
1609 4473 1718 4512 non
1751 4467 1933 4513 tamen
1967 4459 2046 4513 le-

465 4539 599 4595 thali
631 4543 861 4598 vulnere
903 4544 1054 4600 illato
1087 4563 1101 4601 :
1136 4554 1192 4600 et
1248 4546 1432 4601 statim
1476 4546 1544 4601 ad
1593 4548 1878 4619 Assyrium
1914 4565 2046 4619 pro-

463 4629 663 4697 fectus,
687 4648 812 4688 cum
840 4649 907 4689 eo
929 4633 1196 4690 Gadatam
1223 4638 1577 4706 persequitur
1601 4656 1615 4690 :
1645 4639 1803 4708 cujus
1825 4640 2045 4708 equites

466 4721 667 4788 partim
711 4722 1032 4790 capiuntur,
1075 4728 1274 4794 partim
1313 4727 1599 4782 conversis
1638 4727 1809 4782 frenis
1834 4728 2049 4798 fugien-

466 4819 572 4870 tes.
618 4810 820 4883 Cyrum
855 4815 1156 4870 adventare
1189 4818 1400 4873 vident.
1447 4819 1498 4873 ls
1529 4835 1587 4875 re
1619 4819 1862 4889 cognita,
1892 4821 2046 4876 ducit

473 4912 667 4955 contra
711 4903 920 4971 hostes,
967 4907 1060 4975 qui
1094 4908 1246 4962 illum
1291 4909 1594 4978 conspicati
1638 4918 1931 4962 vertuntur
1991 4911 2046 4963 in

473 4995 682 5066 fugam,
711 4995 886 5069 Cyrus
924 5001 1296 5070 persequitur,
1317 5002 1614 5071 capiuntur
1642 5001 1800 5054 multi
1831 5008 1887 5055 et
1919 5017 2049 5056 cur-

474 5101 575 5141 rus
626 5096 683 5142 et
733 5088 858 5152 viri,
892 5091 1048 5144 multi
1099 5091 1474 5146 occiduntur:
1513 5101 1569 5146 et
1617 5093 1761 5146 inter
1814 5094 1950 5147 alios
2003 5092 2050 5147 is

469 5179 660 5243 etiam,
682 5180 774 5250 qui
801 5179 1064 5236 Gadatatn
1089 5183 1425 5237 vulnerarat.
1459 5183 1697 5254 Reliqui,
1727 5193 1784 5238 et
1811 5183 1928 5253 ipse
1950 5185 2051 5240 Asc
2083 5205 2090 5210 ·

468 5271 669 5340 syrius,
709 5271 763 5325 in
802 5271 995 5325 urbem
1023 5274 1318 5343 quamdam
1353 5289 1601 5345 magnam
1645 5289 1704 5329 se
1744 5275 2045 5344 recipiunt.

2161 4173 2475 4244 Ἀσσύριον,
2512 4172 2701 4241 ἐδήλου
2737 4172 2834 4242 τὴν
2863 4171 2958 4224 τοῦ
2987 4171 3204 4225 Γαδάτα
3245 4171 3497 4242 δύναμιν,
3531 4174 3624 4227 καὶ
3653 4175 3734 4237 ὼς

2147 4267 2309 4338 ἥκειν
2361 4265 2460 4320 καὶ
2496 4263 2819 4334 ἐνεδρεῦσαι
2873 4262 3025 4334 αύτῷ
3072 4263 3403 4330 ἐνετέλλετο,
3455 4265 3524 4318 ἶν’
3556 4265 3732 4340 οὕτως

2149 4359 2314 4413 αὐτόν
2353 4373 2412 4410 τε
2445 4356 2702 4410 συλλάϐοι
2731 4357 2824 4409 τὸν
2855 4357 3122 4422 Γαδάταν,
3158 4355 3399 4420 καὶτοὺς
3437 4358 3534 4410 σὺν
3557 4358 3729 4428 αύτῷ·

2149 4452 2272 4506 ἐπεὶ
2301 4451 2359 4505 δέ
2392 4451 2568 4504 ταῦτα
2602 4451 2836 4520 ἠκουσεν
2862 4452 2889 4502 6
2931 4447 3238 4519 Ἀσσύριος,
3265 4449 3608 4518 ἐνήδρευσεν.
3643 4450 3730 4514 Ὠς

2148 4546 2195 4600 δ’
2233 4546 2401 4614 ἐγγὺς
2442 4548 2470 4598 6
2515 4544 2764 4607 Γαδάτας
2816 4543 2917 4612 τῆς
2963 4543 3190 4612 ἐνέδρας
3225 4541 3467 4610 ἐγένετο,
3501 4543 3594 4595 καὶ
3631 4543 3730 4614 ήδη

2151 4637 2326 4690 ἐδόκει
2367 4631 2508 4690 εῖναι
2558 4634 2859 4705 ἁλώσιμος,
2909 4633 3197 4686 ἀνίσταται
3237 4633 3303 4686 ἐκ
3349 4633 3449 4701 τῆς
3482 4634 3730 4704 ἐνόδρας.

2162 4731 2221 4785 '0
2262 4731 2319 4785 δὲ
2362 4729 2440 4801 τῷ
2470 4731 2692 4801 Γαδάτα
2725 4728 3105 4783 ἐπιϐουλεύων
3153 4730 3211 4782 ἐν
3247 4727 3426 4800 τούτῳ
3456 4728 3608 4782 παίει
3638 4729 3734 4784 αύ-

2150 4822 2267 4888 τδν,
2319 4821 2416 4876 καὶ
2454 4822 2682 4892 πλήττει
2731 4821 2871 4874 κατὰ
2912 4819 3004 4874 τὸν
3035 4814 3210 4891 ῶμον,
3245 4821 3308 4875 οὐ
3346 4821 3445 4890 μέν
3483 4837 3565 4874 τοι
3611 4837 3735 4873 και-

2156 4912 2314 4983 ρίως.
2354 4911 2594 4982 Ποιήσας
2633 4910 2690 4963 δὲ
2725 4911 2885 4964 τοῦτο
2913 4913 3051 4981 πρὸς
3090 4911 3183 4965 τὸν
3231 4910 3516 4981 Ἀσσύριον
3549 4927 3736 4980 παρα-

2153 5003 2344 5074 χρῆμα
2371 5005 2669 5073 ἀποχωρεῖ,
2695 5003 2790 5055 καὶ
2821 5003 3016 5055 ἐδίωκε
3049 5003 3147 5056 σὺν
3183 5001 3355 5073 αὐτῷ.
3397 5003 3462 5056 Ol
3512 5005 3612 5071 μὲν
3639 4999 3733 5056 οὖν

2150 5095 2247 5149 τοῦ
2282 5095 2497 5150 Γαδάτα
2529 5095 2755 5166 ήλίσκον
2768 5113 2846 5159 το,
2879 5095 2931 5148 oi
2966 5095 3013 5149 δ’
3046 5095 3280 5165 ἔφευγον
3315 5095 3444 5159 τοὺς
3477 5095 3734 5167 χαλινοὺς

2151 5188 2472 5258 τρέψαντες,
2497 5188 2594 5242 καὶ
2618 5188 2719 5256 ήδη
2753 5187 3052 5258 προσιόντα
3086 5187 3368 5258 καθορῶσι
3395 5189 3488 5242 τὸν
3527 5189 3732 5261 Κῦρον.

2167 5279 2228 5332 Ὀ
2253 5277 2330 5343 δέ,
2355 5276 2431 5340 ὡς
2453 5275 2594 5344 ἔγνω
2615 5277 2676 5330 τὸ
2705 5279 2966 5347 πρᾶγμα,
2996 5277 3245 5341 ἐναντίος
3271 5279 3458 5342 αὐτοῖς
3499 5273 3604 5350 ἦγε
3635 5280 3736 5350 τὴν

470 5361 568 5416 llis
612 5363 873 5432 peractis,
921 5363 1098 5437 Cyrus
1146 5366 1198 5419 in
1245 5367 1471 5422 Gadatae
1522 5367 1801 5439 regionem
1836 5368 2040 5438 pergit,

2155 5369 2441 5440 στρατιάν.
2481 5369 2593 5423 Kal
2617 5371 2668 5423 οἱ
2714 5369 2990 5440 πολέμιοι,
3027 5370 3218 5426 τοῦτον
3239 5371 3462 5435 ἰδόντες,
3493 5349 3738 5442 lupa-nr.-

467 5465 598 5505 eum
633 5454 914 5510 invisurus
957 5473 970 5511 :
1014 5457 1109 5512 sed
1169 5456 1412 5514 Gadatas
1460 5459 1704 5530 obligato
1735 5459 1962 5513 vulnere
1989 5459 2040 5514 ei

2157 5477 2260 5514 σαν
2315 5460 2398 5523 είς
2452 5458 2658 5530 φυγὴν,
2711 5459 2808 5514 καὶ
2849 5461 2878 5513 6
2929 5459 3115 5532 Κῦρος
3166 5461 3387 5517 διώκειν
3423 5458 3748 5518 ἐκέλευσενξ

1621 5618 1822 5681 Varias
1851 5616 2165 5682 lectiones
2204 5624 2267 5682 et
2309 5625 2499 5681 noue.

467 5752 661 5877 f“(93)
693 5755 1106 5827 Καδδουσίοις.
1145 5758 1280 5816 Cod.
1325 5775 1428 5816 ms.
1457 5759 1806 5825 Καδουσίοις.
1854 5759 1933 5818 Ita
1966 5760 2050 5818 in-

2229 5761 2350 5837 (96)
2381 5761 2493 5837 :Ir'
2521 5761 2782 5837 εὔζωνοι
2809 5757 2984 5837 ὦμεν.
3027 5764 3241 5837 Ἰῶμεν.
3282 5764 3348 5837 Et
3372 5765 3548 5837 paulo
3573 5775 3732 5837 post,

2164 5833 2258 5887 καὶ
2281 5832 2356 5898 ὡς
2377 5832 2555 5904 ἥκειν,
2596 5843 2702 5890 etc.
2737 5835 2817 5905 τὸ,
2840 5833 2938 5905 ὡς,
2963 5832 3272 5894 redundare
3295 5832 3532 5892 videtur.
3571 5836 3660 5890 ιγ.
