4092 6404
300 346 408 411 289

1539 351 1953 414 ANNALIUM
2000 354 2149 415 LIB.
2198 357 2315 420 ΙΙΙ.

3468 363 3582 429 290

311 463 630 518 ἰιλίσκοντο
653 459 838 516 τοίνυν
869 463 964 516 καὶ
996 462 1188 534 ἄνδρες
1225 466 1318 518 καὶ
1349 466 1602 538 ἅρματα,
1641 468 1741 522 καὶ
1766 470 1888 522 πολ-

2000 477 2282 532 occurrit:
2309 487 2363 533 et
2391 481 2583 551 gratiis
2613 482 2773 541 actis.
2809 497 2888 549 se,
2922 489 3192 554 quantum
3223 481 3277 537 in
3309 497 3370 540 se
3392 483 3578 539 fuerit'

299 556 383 608 λο“ι
411 554 466 609 δὲ
493 554 828 619 ἐκτείνοντο,
860 559 955 607 καὶ
995 557 1160 619 αὐτὸς
1196 557 1224 608 ὀ
1256 556 1348 609 τὸν
1371 557 1620 614 Γαδάταν
1654 559 1886 632 πλήξας.

295 651 361 703 Οἱ
391 649 438 702 δ’
463 648 640 713 ἄλλοι,
671 647 767 701 καὶ
801 647 966 711 αὐτὸς
999 651 1026 702 ό
1069 649 1377 720 Ἀσσύριος,
1417 652 1498 716 είς
1528 651 1686 706 πόλιν
1719 653 1887 707 αὑτοῦ

291 757 420 794 τινα
459 738 710 810 μεγάλην
740 739 1080 806 κατέφυγον.
1118 743 1227 794 Kal
1269 743 1297 794 ὀ
1326 740 1510 813 Κῦρος
1555 744 1732 798 ταῦτα
1775 746 1892 798 δια-

292 833 674 904 πραξάμενος,
711 833 792 896 είς
830 833 932 900 τὴν
965 832 1180 886 Γαδάτα
1224 834 1413 904 χώραν
1445 837 1747 905 ἀναχωρεῖ,
1795 840 1889 890 καὶ

292 924 385 995 ⁴ᾔει
415 925 509 976 τὸν
557 923 807 976 Γαδάταν
852 923 1314 992 ἐπισκεψόμενος.
1357 926 1466 977 Kal
1505 928 1554 978 oi
1581 927 1607 978 ὀ
1645 928 1890 990 Γαδάτας

295 1016 636 1084 ἀπήντησεν,
685 1013 1071 1082 ἐπιδεδεμένος
1127 1015 1190 1066 τὸ
1241 1017 1488 1086 τραῦμα,
1538 1018 1632 1070 καὶ
1657 1020 1890 1089 χάριτας

293 1106 570 1176 ὡμολόγει
600 1107 778 1175 λέγων
797 1122 812 1138 ο
840 1105 940 1172 ὡς,
984 1105 1127 1174 Ἐγώ
1155 1124 1216 1175 γε
1244 1110 1305 1160 τὸ
1333 1109 1436 1178 μὲν
1475 1109 1561 1162 ἐπ’
1589 1111 1715 1180 ἐμοὶ
1743 1110 1889 1180 οἴχοο

301 1216 426 1266 μαι,
465 1199 526 1250 τὸ
558 1198 615 1250 δὲ
645 1198 741 1249 ἐπὶ
789 1198 872 1249 σοὶ
919 1197 1225 1267 σέσωσμαι,
1265 1199 1588 1271 προθύμως,
1617 1201 1761 1255 οὕτω
1798 1219 1890 1270 μοι

298 1286 653 1356 βοηθήσαντι.
710 1287 774 1339 Ol
821 1286 877 1340 δέ
920 1303 984 1354 γε
1042 1287 1366 1342 Καδδούσιοι
1422 1291 1891 1359 ὀπισθοφυλακεῖν

292 1379 630 1448 τεταγμένοι
681 1380 805 1431 τότε
849 1379 1002 1450 παρὰ
1052 1379 1152 1432 τοῦ
1205 1380 1416 1451 Κύρου,
1456 1383 1552 1434 καὶ
1599 1382 1675 1454 μὴ
1724 1401 1890 1453 μετα-

294 1472 522 1540 σχόντες
552 1474 653 1540 τῆς
680 1470 940 1536 διώξεως,
979 1471 1303 1544 βουλόμενοι
1347 1474 1406 1528 δέ
1435 1475 1530 1528 καὶ
1565 1476 1722 1529 αὐτοὶ
1752 1477 1893 1547 λαμ-

289 1563 436 1632 πρόν
496 1578 552 1614 τι
608 1564 860 1632 ποιῆσαι,
917 1563 1074 1616 οὐδὲν
1120 1564 1200 1635 τῷ
1247 1565 1418 1638 Κύρῳ
1462 1567 1887 1638 κοινωσάμενοι,

290 1655 632 1708 καταθέουσι
665 1658 766 1725 τὴν
799 1654 1179 1712 Βαϐυλωνίαν.
1212 1658 1419 1714 Ἀπιὼν
1451 1659 1508 1714 δέ
1543 1661 1572 1713 ό
1601 1660 1891 1730 Ἀσσύρ.ος

290 1749 358 1800 ἐκ
403 1747 508 1817 τῆς
559 1747 771 1812 πόλεως
818 1741 880 1802 οὗ
927 1750 1232 1821 κατέφυγε,
1269 1753 1629 1824 συντυγχάνει
1667 1755 1888 1817 αὐτοῖς’

290 1841 392 1892 καὶ
422 1841 588 1907 γνοὺς
622 1839 818 1908 μόνους
849 1840 1037 1904 δντις,
1080 1843 1412 1910 ἐπιτίθεται,
1451 1846 1547 1898 καὶ
1571 1847 1664 1898 τόν
1688 1863 1747 1898 τε
1788 1845 1891 1916 ἀρ-

291 1949 462 2003 χοντα
514 1931 667 2002 σφῶν
712 1933 1059 1998 ἀποκτείνει,
1091 1936 1187 1988 καὶ
1223 1935 1419 1999 ἄλλους
1467 1938 1724 2000 πολλούς.
1779 1941 1888 1994 Kal

289 2025 494 2090 διώξας
542 2030 709 2097 μέχρι
751 2027 922 2090 τινὸς,
973 2029 1350 2100 ἀπετράπετο.
1392 2029 1456 2084 υἳ
1491 2030 1551 2084 δέ
1605 2032 1714 2085 τῶν
1745 2034 1893 2086 Καδ-

292 2117 528 2170 δουσίων
573 2117 846 2182 ἐσώζοντο
874 2120 1002 2190 περὶ
1030 2120 1218 2190 δείλην
1244 2116 1411 2191 ἦλθον
1457 2123 1540 2185 είς
1567 2123 1629 2176 τὸ
1662 2126 1892 2193 στρατό-

294 2210 478 2262 πεδον.
541 2212 602 2264 Ὀ
635 2211 692 2264 δέ
745 2211 925 2282 Κῦρος
977 2215 1089 2276 τοῖς
1149 2214 1252 2284 μὲν
1308 2215 1716 2283 θεραπεύσουσι
1760 2219 1890 2282 τοὺς

288 2305 681 2374 τετρωμένους
718 2305 1038 2376 παρεδίδου,
1080 2310 1195 2370 τοῖς
1231 2304 1280 2358 δ’
1304 2307 1490 2370 ἀλλοις
1520 2308 1685 2372 αὐτὸς
1720 2326 1892 2380 προσο

287 2398 430 2468 ἦγεν
471 2399 532 2450 ἐν
578 2397 764 2463 λόγοις
805 2397 1181 2468 παράκλησιν.
1251 2398 1362 2452 Καὶ
1402 2399 1642 2470 ἄρχοντα
1676 2401 1890 2466 ἑαυτοῖς

291 2493 352 2560 ἐξ
389 2493 610 2547 ἐαυτιῖιν
633 2492 872 2564 παρῄνει
915 2492 1270 2566 αἱρήσεσθαι,
1307 2494 1405 2549 καὶ
1444 2495 1494 2547 oi
1525 2494 1628 2565 μέν
1657 2494 1887 2550 εἴλοντο.

304 2586 365 2640 '0
395 2585 452 2639 δὲ
487 2585 736 2648 Γαδάτας
763 2582 868 2658 ἦκε
895 2585 1142 2656 κομίζων
1172 2586 1251 2656 τῷ
1276 2586 1448 2659 Κύρῳ
1477 2587 1625 2659 δῶρα
1656 2589 1890 2642 παντοῖά

292 2695 353 2729 τε
407 2680 502 2732 καὶ
549 2677 744 2742 πολλὰ,
773 2679 868 2731 καὶ
905 2678 1198 2744 πλείστους
1233 2681 1460 2746 ῑππους.
1515 2683 1573 2738 'U
1603 2683 1661 2738 δὲ
1708 2685 1890 2758 Κῦρος

295 2770 423 2832 τοὺς
473 2769 572 2840 μὲν
625 2769 829 2833 ἵππους
876 2770 982 2841 ἔφη
1017 2771 1296 2843 δέχεσθαι,
1340 2774 1406 2828 ἵν’
1438 2775 1779 2850 ἐκπληρώσῃ
1827 2780 1890 2832 τὸ

294 2862 569 2932 Περσικὸν
602 2861 850 2929 ἱππικὸν,
881 2866 977 2916 καὶ
1012 2865 1092 2928 είς
1125 2865 1354 2937 μυρίους
1391 2870 1709 2936 περισταῖεν
1739 2870 1890 2941 αύτῷ

295 2956 349 3008 οἱ
383 2955 590 3018 ῐππεις.
623 2955 706 3008 Τά
733 2954 790 3008 δὲ
837 2958 1104 3028 χρήματα
1132 2959 1448 3028 ἀπαγαγεῖν
1491 2961 1643 3032 αὐτῷ
1675 2965 1890 3018 ἐνετέλ-

290 3051 442 3106 λετο.
479 3051 592 3104 Καὶ
639 3050 937 3121 φυλάττειν
989 3050 1102 3104 ἐστ’
1131 3051 1197 3105 ἂν
1238 3053 1332 3105 καὶ
1363 3051 1527 3105 αὑτὸν
1572 3053 1890 3127 ἀντιδωρεῖ-

291 3142 426 3197 σθαι
460 3142 612 3212 γνοίη
638 3141 965 3213 δυνάμενον.
1000 3142 1110 3194 Kal
1135 3141 1371 3213 παρῄνει
1396 3141 1494 3214 τὴν
1529 3143 1688 3197 πόλιν
1717 3146 1886 3200 αὐτοῦ
1913 3181 1954 3214 ,π

290 3235 403 3289 ὑπὸ
445 3234 699 3304 φυλακὴν
746 3234 1080 3306 ποιήσασθαι
1129 3235 1368 3306 ἀσφαλῆ,
1417 3236 1583 3290 αὑτὸν
1632 3237 1691 3292 δὲ
1733 3240 1885 3311 αὐτῷ

288 3327 793 3398 συστρατεύεσθαι.
837 3329 944 3382 Καὶ
977 3329 1005 3381 ὀ
1040 3327 1289 3392 Γαδάτας
1312 3328 1458 3402 ἥσθη
1481 3333 1548 3402 τῇ
1579 3331 1885 3403 συμϐουλῇ,

289 3421 782 3492 συςκευαζόμενός
819 3438 880 3475 τε
915 3420 995 3492 τῷ
1030 3420 1200 3493 Κῦρῳ
1266 3422 1573 3480 συνείπετο.
1618 3425 1775 3479 Ἐπεὶ
1831 3427 1887 3481 δὲ

287 3515 672 3586 πορευόμενος
719 3513 894 3578 οὕτως
940 3515 1018 3574 ei;
1055 3513 1124 3567 τά
1157 3511 1392 3584 μεθορία
1423 3513 1534 3567 τῶν
1560 3514 1753 3585 Σύρων
1790 3518 1887 3570 καὶ

288 3610 501 3680 Μήδων
549 3608 802 3678 ἀφίκετο.
835 3604 1096 3672 ἐνταῦθα,
1128 3605 1258 3676 τρία
1280 3605 1410 3658 ὄντα
1455 3605 1523 3658 τά
1557 3606 1666 3659 τῶν
1694 3607 1886 3678 Σύρων

289 3699 555 3773 φρούρια,
591 3700 653 3753 τὸ
685 3699 785 3769 μὲν
828 3700 886 3752 ἐν
920 3698 1084 3759 αὐτὸς
1119 3695 1448 3766 προσϐαλὼν
1487 3700 1582 3753 καὶ
1616 3699 1886 3770 βιασάμεο

288 3811 393 3856 νος
418 3792 600 3848 ἐλαϐε·
639 3793 708 3845 τὰ
741 3790 798 3843 δέ
834 3789 929 3844 δύο
961 3787 1144 3858 φοϐῶν
1173 3792 1273 3860 μὶν
1303 3789 1332 3842 ὀ
1364 3787 1568 3861 Κύρος,
1599 3790 1802 3844 πείθων
1829 3793 1887 3846 δὲ

289 3887 324 3939 ὁ
373 3885 638 3947 Γαδάτας,
668 3883 1096 3954 παρεσκεύασαν
1140 3881 1482 3957 παραδοῦναι
1525 3884 1650 3947 τοὺς
1678 3884 1888 3952 φυλάσ-

293 3995 516 4042 σοντας.
565 3973 698 4031 Εἶτα
750 3977 960 4046 πέμπει
988 3975 1126 4046 πρὸς
1170 3973 1491 4046 Κυαξάρην,
1515 3975 1692 4042 ’ἀξιῶν
1724 3975 1886 4046 ἥκειν

290 4075 379 4138 είς
413 4073 476 4126 τὸ
526 4069 918 4142 στρατόπεδον,
949 4069 1099 4132 ὅπως
1145 4070 1276 4141 περὶ
1299 4063 1375 4124 ὧν
1407 4068 1476 4123 ἂν
1504 4070 1731 4135 δέοιντο,
1764 4071 1860 4140 βου

289 4165 610 4221 λεύσαιντο.
645 4161 756 4216 Kal
799 4161 828 4214 ὁ
875 4160 977 4230 μὲν
1004 4159 1240 4228 ἄγγελος
1269 4159 1468 4232 ᾤχετο.
1508 4161 1568 4215 '0
1602 4161 1659 4215 δὲ
1704 4162 1888 4232 Κῦρος

289 4258 556 4313 ἐκέλευσε
584 4255 685 4324 τὴν
715 4253 949 4323 σκηνὴν,
987 4254 1055 4322 ἢν
1082 4253 1132 4304 οἱ
1156 4251 1328 4322 Μῆδοι
1354 4252 1433 4323 τῷ
1458 4252 1725 4324 Κυαξάρῃ
1749 4256 1886 4317 ἐξεῖ-

289 4350 412 4411 λον,
457 4345 872 4400 κατασκευάσαι
915 4342 992 4406 ὡς
1039 4341 1298 4413 βέλτιστα
1331 4345 1397 4415 τῇ
1431 4359 1492 4397 τε
1533 4344 1669 4415 ἄλλῃ
1709 4361 1889 4416 παρα-

295 4442 494 4510 σκευῇ,
546 4438 644 4491 xal
680 4435 759 4507 τῷ
811 4436 1045 4504 γυναῖκα
1077 4435 1402 4504 εἰσαγαγεῖν
1439 4438 1521 4498 είς
1563 4434 1657 4488 τὸν
1696 4452 1886 4504 γυναι-

1999 570 2252 638 periisse,
2285 573 2382 626 sed
2423 583 2646 628 strenua
2692 575 2839 629 illius
2872 589 2976 644 cpe
3015 585 3404 631 conservatum
3435 590 3577 640 esse,

1998 661 2310 731 proﬁtetur.
2366 665 2630 722 Caddusii
2680 683 2812 722 vero
2839 686 2868 723 a
2898 667 3042 741 Cyro
3070 670 3126 724 in
3159 669 3428 724 subsidiis
3462 671 3579 722 col-

1998 753 2184 818 locati,
2211 769 2338 810 cum
2370 759 2740 827 persecutioni
2775 760 3017 815 hostium
3041 776 3148 815 non
3177 760 3577 814 intevl'uissent.

1999 844 2253 900 volentes
2279 857 2337 902 et
2376 847 2479 917 ipsi
2515 848 2796 919 egregium
2831 849 3043 905 facinus
3087 850 3274 912 edere,
3311 849 3455 920 Cyro
3493 848 3579 902 in-

1999 936 2278 1002 consulto,
2308 938 2364 992 in
2409 940 2754 1008 provinciam
2801 940 3157 1011 Babyloniam
3205 941 3578 995 incursionem

2001 1026 2236 1082 faciunt.
2271 1029 2341 1083 At
2389 1030 2651 1102 Assyrius
2685 1047 2943 1102 egressus
2991 1033 3208 1097 urbem,
3247 1049 3357 1102 quo
3391 1033 3585 1086 confu-

1999 1129 2178 1188 gerat,
2219 1121 2441 1176 obviam
2471 1122 2674 1186 factus,
2707 1139 2834 1179 cum
2862 1124 3013 1180 solos
3048 1140 3172 1180 esse
3204 1125 3456 1187 vidisset,
3490 1140 3586 1177 eos

2000 1210 2231 1278 invadit,
2278 1224 2334 1268 et
2368 1215 2678 1286 principem
2715 1232 2910 1272 eorum
2940 1231 3066 1271 cum
3099 1216 3289 1270 multis
3323 1216 3446 1269 aliis
3489 1231 3584 1269 oc»

1997 1303 2154 1363 cidit.
2205 1315 2370 1374 atque
2416 1307 2737 1376 aliquandiu
2785 1308 3172 1378 persequitur.
3207 1307 3310 1373 Qui
3343 1323 3411 1361 ex
3441 1307 3581 1360 Cad-

1998 1395 2176 1450 dusiis
2223 1407 2536 1462 evaserant,
2574 1401 2679 1453 sub
2731 1415 3020 1470 vesperam
3069 1401 3124 1454 in
3159 1410 3337 1454 castra
3396 1380 3582 1454 rever-

2000 1489 2408 1561 tuntur.',Cyrus
2430 1491 2752 1546 vulneratos
2774 1492 2941 1546 tradit
2965 1491 3228 1547 medicis:
3254 1491 3394 1546 alios
3421 1490 3582 1560 156

1999 1580 2118 1650 ipse
2161 1582 2500 1645 consolatus,
2551 1591 2737 1637 mouet
2794 1593 2855 1638 ut
2894 1599 3006 1639 sua:
3037 1584 3216 1654 gentis
3247 1582 3444 1638 ducem
3480 1584 3583 1637 eli-

1999 1681 2154 1742 gant.
2193 1671 2409 1726 Interea
2445 1671 2685 1729 Gadatas
2711 1675 2880 1729 multa
2909 1683 2966 1730 ct
2994 1675 3174 1729 omnis
3202 1676 3422 1744 generis
3451 1690 3577 1728 niu-

1999 1780 2130 1818 nera
2176 1765 2361 1830 oll‘ert,
2411 1775 2467 1820 et
2515 1781 2689 1836 equos
2722 1766 3013 1838 plurimos.
3062 1765 3238 1838 Cyrus
3290 1779 3466 1834 equos
3515 1779 3576 1818 se

1925 1837 1966 1896 Β
1997 1858 2252 1927 accipere
2287 1858 2384 1918 ait.
2420 1868 2479 1912 ut
2513 1867 2824 1927 equitatum
2860 1857 3144 1913 Persicum
3177 1857 3246 1912 ad
3279 1871 3574 1911 numerum

1992 1947 2183 2002 decem
2221 1948 2456 2001 millium
2501 1950 2721 2018 expleat
2759 1965 2772 2001 :
2804 1950 3100 2018 pecuniam
3135 1947 3354 2003 auferre
3382 1947 3579 2017 jubet,

1993 2049 2050 2093 et
2079 2055 2323 2101 servare,
2358 2040 2537 2095 donec
2564 2051 2621 2095 et
2651 2041 2768 2110 ipse
2800 2055 2928 2095 eum
2963 2040 3309 2094 remunerari
3363 2049 3569 2108 posset.

1993 2131 2225 2196 Suadet,
2279 2140 2341 2186 ut
2388 2133 2583 2186 urbem
2620 2148 2777 2187 suam
2811 2143 3069 2187 accurate
3116 2131 3413 2197 custodiat,
3461 2131 3578 2200 ipse

1990 2240 2126 2279 vero
2167 2239 2356 2280 secum
2404 2225 2813 2296 proﬁciscatur.
2862 2224 3103 2279 Cadatas
3150 2225 3384 2278 consilio
3428 2222 3576 2278 dele-

1991 2325 2192 2382 ctatus,
2243 2318 2572 2387 compositis
2625 2317 2742 2372 suis
2777 2319 2968 2381 rebus,
3013 2317 3217 2390 Cyrum
3257 2319 3572 2373 comitatur.

1996 2416 2136 2470 Cum
2173 2415 2240 2470 ad
2275 2416 2516 2472 conﬁnia
2546 2420 2813 2488 Syrorum
2841 2427 2898 2472 et
2927 2417 3211 2472 Medorum
3245 2427 3574 2488 perventum

1989 2517 2161 2571 esset,
2185 2508 2277 2562 ubi
2313 2509 2418 2564 tria
2445 2518 2605 2563 erant
2637 2508 2900 2578 Syrorum
2929 2508 3178 2572 castella,
3207 2524 3377 2562 unum
3400 2506 3579 2579 Cyrus

1994 2601 2047 2654 vi
2089 2601 2238 2670 capit
2285 2618 2299 2655 :
2346 2601 2560 2670 reliqua
2594 2600 2707 2655 duo
2746 2603 2860 2672 ipse
2897 2602 3304 2672 perterrefacit.
3338 2600 3577 2657 Gadatas

1991 2708 2130 2746 vero
2162 2691 2493 2746 custodibus
2528 2691 2849 2760 persuadet.
2892 2701 2949 2745 ut
2977 2707 3043 2746 ea
3076 2691 3317 2746 tradant.
3355 2693 3451 2747 llis
3496 2691 3601 2745 fa?

1993 2785 2123 2850 ctis,
2155 2784 2223 2838 ad
2263 2783 2566 2855 Cyaxarem
2610 2783 2797 2844 mittit,
2839 2792 2896 2836 ut
2937 2785 2990 2837 in
3029 2793 3208 2838 castra
3242 2785 3576 2854 veniat,quo

1991 2874 2124 2942 quid
2163 2872 2305 2926 facto
2341 2889 2482 2942 opus
2521 2883 2694 2939 esset,
2730 2872 3209 2936 deliberarent,et
3243 2873 3574 2927 tabernacu-

1991 2965 2106 3020 lum
2157 2965 2279 3020 eia
2321 2965 2493 3020 Medis
2547 2965 2877 3020 attributum
2933 2980 3056 3021 cum
3093 2965 3309 3019 caeteris
3369 2965 3566 3026 rebus.

1996 3066 2110 3112 tum
2147 3058 2386 3113 muliere
2439 3071 2564 3111 cum
2619 3056 2840 3111 duabus
2899 3056 3132 3110 musicis
3185 3055 3242 3109 in
3295 3056 3576 3125 peculiare

1993 3148 2253 3203 conclave
2303 3147 2642 3210 introducta,
2680 3162 2846 3216 quam
2886 3145 3266 3216 pulcherrime
3317 3144 3576 3199 exornari

1991 3240 2154 3312 jubet
2204 3243 2445 3310 Accepto
2486 3239 2682 3292 nuntio
2711 3237 3007 3310 Cyaxares,
3041 3253 3166 3291 cum
3203 3236 3374 3291 Medis
3413 3236 3577 3306 equi-

1997 3333 2166 3398 tibus,
2199 3332 2294 3402 qui
2331 3341 2673 3396 manscrant,
2712 3331 3107 3400 proﬁciscitur.
3155 3329 3290 3397 Ejus
3337 3329 3577 3382 adventu

1993 3427 2237 3496 cognito,
2272 3427 2451 3496 Cyrus
2485 3441 2610 3479 eum
2644 3424 2881 3478 Persicis
2910 3423 3219 3492 equitibus,
3263 3422 3358 3492 qui
3414 3421 3576 3474 multi

1986 3516 2099 3586 jam
2130 3527 2315 3583 erant,
2347 3526 2401 3570 et
2437 3515 2608 3569 Medis
2637 3516 2730 3584 qui
2766 3514 3022 3578 aderant,
3053 3524 3109 3568 et
3136 3514 3440 3575 Armeniis,
3471 3527 3580 3566 ca:-

1995 3617 2350 3677 terorumque
2407 3623 2688 3662 sociorum
2740 3606 3026 3675 equitibus
3081 3606 3309 3678 optimis
3359 3603 3575 3657 obviam

1992 3699 2371 3770 progreditur,
2409 3708 2471 3753 ut
2497 3699 2687 3769 copias
2723 3697 2954 3769 Cyaxari
2992 3705 3322 3752 ostentaret.
3357 3696 3410 3750 is
3447 3710 3577 3748 vero

1991 3810 2118 3851 cum
2172 3794 2324 3848 illum
2383 3793 2589 3846 multos
2646 3793 2796 3846 viros
2854 3799 3179 3861 praestantes
3234 3789 3414 3858 sequi,
3467 3787 3576 3841 sili

1991 3903 2126 3942 vero
2163 3886 2423 3955 exiguum
2474 3894 2530 3939 et
2559 3885 2739 3954 [vilem
2792 3899 2922 3939 csse
2972 3883 3294 3939 comitatum
3343 3881 3574 3943 videret,

1992 3980 2421 4051 ignominiosum
2455 3977 2718 4048 quiddam
2763 3992 2885 4031 esse
2927 3985 3102 4039 ratus,
3140 3989 3252 4044 pra:
3286 3973 3474 4027 dolore
3519 3972 3574 4024 in

1995 4072 2315 4128 manifestas
2343 4073 2612 4143 Iacrymas
2633 4070 2838 4138 erupit.
2863 4068 3041 4140 Cyrus
3069 4082 3137 4122 eo
3164 4065 3416 4128 seducto,
3447 4079 3574 4116 cau-

1992 4181 2110 4219 sam
2149 4165 2244 4219 ira:
2273 4175 2329 4219 et
2363 4163 2574 4218 doloris
2619 4163 2844 4232 quaerit,
2874 4170 2932 4215 et
2976 4159 3163 4214 multis
3197 4157 3382 4212 verbis
3430 4154 3574 4208 ultro

1991 4256 2245 4324 citroque
2271 4254 2450 4319 factis,
2470 4253 2744 4322 denique:
2767 4238 2879 4304 'l'er
2904 4252 3046 4315 deos,
3070 4251 3266 4319 inquit.
3288 4247 3571 4310 αυηηευίιι,

1989 4347 2168 4401 desine
2209 4361 2290 4401 *ος
2333 4346 2388 4398 in
2424 4353 2708 4411 prmentm
2747 4342 2963 4411 culpare
3009 4357 3024 4393 :
3057 4343 3148 4396 sed
3210 4341 3295 4394 ubi
3327 4349 3571 4408 expertus

1992 4439 2177 4510 fueris,
2213 4440 2475 4507 quomodo
2501 4453 2628 4506 erga
2665 4445 2713 4488 te
2750 4436 2922 4506 αππιὶ
2951 4436 3142 4499 simus,
3178 4443 3291 4487 tum
3333 4433 3460 4487 mihi
3489 4431 3570 4485 vel

291 4531 450 4587 κῶνα
483 4531 582 4601 τῆς
611 4527 841 4598 σκηνῆς,
872 4529 968 4579 καὶ
1001 4529 1099 4580 σὺν
1138 4525 1317 4598 ταύτῃ
1352 4526 1450 4590 τὰς
1480 4527 1882 4598 μουσουργοὺς,

1992 4533 2194 4605 gratias
2235 4531 2403 4601 agito,
2436 4529 2515 4584 vel
2548 4529 2807 4600 injuriam
2845 4527 3184 4598 exprobrata.
3234 4525 3330 4581 llis
3379 4525 3570 4579 verbis

294 4624 470 4692 αἵπερ
496 4621 573 4692 τῷ
593 4620 861 4690 Κυαξάρη
881 4617 1169 4689 ἐξῄρηντο.
1207 4618 1294 4670 Ἐν
1315 4616 1492 4688 τούτῳ
1512 4617 1569 4670 δέ
1593 4619 1621 4670 ὁ
1649 4618 1882 4687 ἄγγελος

291 4719 373 4771 τὰ
402 4715 556 4786 παρά
582 4713 678 4768 τοῦ
710 4712 897 4785 Κύρου
923 4713 1000 4782 τῷ
1046 4710 1314 4782 Κυαξάρῃ
1343 4710 1649 4782 ἀπήγγειλε
1669 4725 1685 4740 '
1712 4717 1801 4764 καί
1828 4710 1886 4775 ὃς

296 4809 602 4877 ἐπορεύετο
635 4811 732 4860 σὺν
766 4807 877 4869 τοῖς
913 4806 1324 4876 παραμείνασιν
1359 4803 1512 4874 αύτῷ
1541 4803 1654 4857 τῶν
1685 4804 1886 4874 Μήδων

296 4901 585 4954 ἱππεῦσιν.
643 4899 736 4961 Ὠς
790 4898 835 4952 δ’
859 4897 1002 4967 ἔγνω
1046 4896 1345 4968 προσιόντα
1387 4895 1550 4948 αὐτὸν
1591 4896 1620 4948 ὀ
1677 4895 1884 4966 Κῦρος,

289 4992 485 5050 λαϐών
534 4989 658 5054 τούς
699 5005 762 5041 τε
802 4988 912 5042 τῶν
963 4987 1188 5060 Περσῶν
1235 4987 1460 5052 ἱππίας,
1501 4985 1733 5048 πολλοὺς
1782 4988 1884 5057 ἠδη

289 5087 483 5148 διτας,
526 5082 623 5135 καὶ
653 5083 780 5138 τοὺς
820 5079 1038 5151 Μήδους
1068 5079 1369 5146 παρόντας,
1397 5077 1644 5141 καὶτοὺς
1691 5078 1889 5148 Ἀρμε-

292 5180 468 5243 νίους,
496 5178 590 5229 καὶ
617 5175 728 5228 τῶν
753 5173 932 5229 ἄλλων
958 5175 1268 5244 συμμάχων
1303 5173 1431 5236 τοὺς
1457 5173 1885 5238 εὐῖπποτάτους,

294 5273 542 5340 ἀπήντα,
589 5267 902 5331 ἐπιδεικνὺς
941 5267 1020 5338 τῷ
1071 5267 1342 5338 Κυαξάρῃ
1392 5265 1494 5338 τὴν
1525 5267 1780 5338 δύναμιν.
1825 5267 1884 5322 '0

295 5365 358 5416 δέ
389 5361 513 5415 ἰδὼν
541 5359 619 5431 τῷ
650 5360 822 5431 Κύρῳ
857 5357 957 5430 μὲν
993 5357 1222 5420 πολλούς
1249 5375 1312 5411 τε
1354 5358 1454 5412 καὶ
1486 5357 1728 5426 ἀγαθοὺς
1756 5360 1887 5411 ἐποο

300 5455 522 5526 μένους,
555 5451 740 5523 ἐαυτῷ
769 5453 828 5506 δέ
855 5451 1045 5521 ὀλίγην
1065 5467 1126 5504 τε
1155 5452 1252 5504 κα)⁵
1283 5449 1468 5518 ὀλίγου
1515 5450 1676 5516 ἀξίαν
1725 5451 1888 5520 θερα-

296 5549 482 5609 πείαν,
515 5545 713 5616 ἄτιμόν
755 5561 808 5596 τι
843 5543 995 5614 αὐτῷ
1028 5542 1210 5608 ἔδοξεν
1240 5535 1405 5608 εἶναι,
1432 5542 1527 5596 καὶ
1558 5543 1689 5613 ἄχος
1723 5542 1887 5596 αὑτὸν

297 5639 483 5705 ἐλαϐε,
509 5639 603 5691 καὶ
628 5639 710 5700 εἰς
740 5637 953 5707 φανερὰ
982 5638 1289 5706 κατήνεκτο
1311 5635 1546 5707 δάκρυα.
1582 5633 1644 5689 '0
1675 5635 1733 5690 δέ
1775 5635 1890 5688 Κῦ-

299 5749 394 5796 ab;
454 5732 562 5802 ἰδία
607 5730 800 5785 τοῦτον
846 5728 1278 5801 ἀπολαϐόμενος,
1336 5729 1433 5784 καὶ
1475 5729 1886 5801 παρακαθίσας,

1992 4625 2289 4681 dclinitum
2351 4622 2633 4677 hominem
2692 4621 2997 4676 osculatur.
3053 4618 3173 4685 Quo
3231 4618 3350 4672 viso
3404 4616 3570 4679 Medi,

1991 4718 2178 4772 Pcrsze
2221 4725 2280 4770 et
2318 4715 2506 4770 caeteri
2546 4729 2713 4784 supra
2750 4712 2976 4766 modum
3010 4721 3141 4765 sunt
3169 4708 3362 4779 gavisi.
3396 4706 3573 4778 Cyrus

1993 4820 2178 4865 autem
2209 4819 2266 4864 et
2293 4807 2572 4879 Cyaxares
2601 4806 2921 4861 conscensis
2948 4803 3109 4874 cquis
3139 4803 3194 4857 in
3223 4810 3404 4857 castra
3441 4815 3570 4870 per-

1992 4911 2285 4958 venerunt.
2313 4900 2541 4970 Cyaxari
2568 4900 2622 4953 in
2649 4897 3067 4954 tabernaculum
3094 4911 3254 4951 suum
3281 4895 3568 4964 perducto,

1989 4993 2134 5048 Medi
2175 4991 2370 5045 ordine
2408 5004 2636 5044 munera
2666 4989 2930 5052 olferunt,
2973 5001 3142 5040 unum
3175 4985 3368 5039 Saltem
3399 4998 3466 5037 ex
3503 4982 3571 5036 iis

1990 5101 2114 5157 qua:
2148 5084 2385 5153 quisque
2426 5081 2802 5151 pulcherrima
2835 5088 3027 5134 nactus
3051 5086 3194 5132 erat.
3227 5075 3366 5131 Cum
3397 5087 3570 5128 cmnze

1992 5187 2212 5247 tempus
2248 5181 2416 5237 esset,
2467 5172 2742 5244 Cyaxares
2784 5171 2966 5242 epulis
3001 5167 3362 5238 indulgebat:
3395 5164 3570 5235 Cyrus

1993 5279 2178 5324 autem
2231 5265 2300 5320 de
2349 5265 2660 5322 retinendis
2703 5263 2872 5318 sociis
2899 5261 3194 5324 sollicitus,
3247 5256 3571 5313 convocatis

1992 5361 2188 5416 amicis
2219 5361 2286 5414 ad
2323 5373 2436 5412 rem
2469 5359 2610 5412 bene
2647 5356 2944 5427 gerendam
2976 5353 3210 5414 idoneis,
3244 5349 3470 5420 petebat
3509 5355 3573 5400 ut

1987 5453 2366 5517 elaborarent,
2388 5466 2456 5505 ne
2483 5447 2618 5504 socii
2643 5447 2998 5502 discederent
3021 5444 3144 5501 :sed
3173 5441 3328 5513 157
3356 5440 3568 5495 diutius

1991 5552 2299 5601 manerent.
2319 5556 2484 5612 atque
2499 5540 2704 5595 auxilio
2735 5547 2945 5594 essent.
2967 5537 3238 5593 Postridie
3266 5536 3332 5588 ad
3363 5533 3573 5604 Cyam-

1993 5654 2109 5694 rem
2135 5651 2328 5690 omnes
2362 5633 2722 5697 conveniunt,
2756 5646 2920 5702 quem
2956 5631 3110 5701 prius
3141 5646 3305 5700 quam
3323 5630 3571 5698 alloque-

1992 5739 2210 5793 rentur,
2237 5727 2380 5798 Cyro
2402 5724 2562 5779 amici
2588 5723 2730 5778 alius
2750 5723 2912 5777 al‘am
2946 5730 3165 5794 gentem
3197 5721 3570 5784 adducebant,
