4092 6422
345 392 456 455 293

1584 386 1984 450 ANNALIUM
2029 385 2172 445 [ΑΒ.
2212 383 2328 442 ΠΙ.

3485 380 3595 439 212:.

348 502 560 556 κελεύει
591 500 773 557 πάντα
802 501 1000 560 εἰπεῖν.
1042 503 1102 558 Ὀ
1148 500 1204 554 δὲ
1258 495 1503 562 ἀκούσας
1545 498 1795 566 ἐγέλασε,
1826 496 1927 550 καὶ

2053 508 2158 549 ὀι-ο
2209 502 2559 561 oppressum,
2586 486 2762 559 Cyrus
2784 500 3075 557 aggressus
3104 503 3116 540 :
3145 485 3379 555 Araspa,
3409 484 3613 556 inquit.

348 593 563 656 πέμπει
610 593 948 666 Ἀρτάϐαζον
983 594 1082 647 σὺν
1107 592 1187 664 τῷ
1226 590 1493 660 εὐνούχῳ,
1527 588 1796 650 κελεύσας
1854 591 1935 640 εί-

345 686 472 738 πεϊν
500 682 653 753 αὐτῷ
711 683 787 754 μὴ
814 682 1101 753 βιάζεσθαι
1125 678 1389 747 τοιαύτην
1417 679 1680 745 γυναῖκα,
1718 673 1933 726 πείθειν

342 773 429 841 δὲ,
465 789 515 826 ει
540 772 787 838 δύναιτο,
835 771 936 824 οὐκ
977 770 1082 840 ἔφη
1131 768 1387 822 κωλύειν.
1433 766 1496 819 Ὀ
1529 765 1586 820 δὲ
1628 763 1934 834 Ἀράσπας,

345 865 594 928 ἀκούσας
621 863 818 926 ταῦτα,
850 863 909 916 τὸ
935 862 1033 931 μὲν
1060 862 1152 914 ὑπ’
1176 859 1468 929 αἰσχύνης,
1488 857 1549 910 τδ
1572 856 1617 910 δ’
1637 855 1742 908 ὑπὸ
1771 854 1936 924 φόϐου

348 955 418 1022 τῇ
464 951 612 1023 λύπῃ
653 951 1167 1005 καταύεϐἅπτιστο.
1230 950 1290 1001 '0
1339 947 1432 1001 οῦν
1507 946 1709 1017 Κῦρος,
1774 944 1936 1012 γνοὺς

351 1041 532 1105 τοῦτο,
574 1040 838 1094 ἐκάλεσεν
869 1040 1035 1093 αὐτὸν
1063 1039 1193 1108 ἰδίᾳ,
1219 1040 1313 1091 καὶ
1345 1037 1451 1107 ἔφη
1472 1053 1484 1066 ·
1535 1035 1794 1098 Παῦσαι,
1817 1034 1936 1100 ΓΑ-

347 1132 577 1199 ράσπα,
610 1129 986 1201 φοϐούμενός
1018 1146 1084 1183 τε
1129 1129 1225 1182 καὶ
1266 1127 1730 1196 αἰσχυνόμενος.
1788 1123 1938 1193 Ἐλὼ

353 1225 464 1291 γὰρ
494 1223 668 1287 θεούς
692 1237 757 1274 τε
778 1221 979 1275 ἀκούω
1002 1220 1219 1287 ἔρωτος
1243 1216 1558 1286 ἡττᾶσθαι,
1582 1218 1678 1270 καὶ
1714 1215 1939 1282 ἀνθρώ-

352 1326 506 1378 κους
535 1311 669 1366 οἶδα
687 1311 780 1365 καὶ
815 1310 983 1380 μάλα
1021 1310 1355 1379 φρονίμους
1408 1303 1506 1363 οἵα
1557 1309 1940 1362 πεπόνθασιν

351 1404 473 1468 ὑπὸ
498 1404 736 1472 ἔρωτος.
762 1403 875 1459 Καί
893 1419 993 1457 σοι
1013 1402 1082 1456 δὲ
1106 1403 1321 1457 τούτου
1353 1401 1468 1470 ἐγώ
1488 1403 1604 1471 ειμι
1633 1402 1842 1468 αἴτιος,
1870 1400 1940 1465 ὅς

351 1513 429 1549 σε
449 1497 699 1564 τοιούτῳ
736 1493 949 1564 ἀμάχῳ
1005 1493 1417 1562 συγκαθεῖρξα
1468 1492 1785 1562 πράγματι.
1831 1492 1940 1544 Καὶ

351 1589 380 1637 ὁ
396 1586 682 1657 Ἀράσπας
703 1583 996 1638 ὑπολαϐὼν
1023 1580 1200 1637 εἶπεν·
1226 1583 1415 1637 Ἀλλὰ
1442 1582 1526 1637 σὺ
1537 1581 1675 1651 μὲν,
1694 1576 1743 1649 ᾧ
1762 1582 1937 1648 Κῦρε,

352 1678 454 1730 καὶ
476 1677 666 1731 ταῦτα
695 1674 888 1744 πρᾶος
912 1672 986 1741 εἷ,
1018 1675 1118 1729 καὶ
1152 1675 1526 1743 συγγνώμων
1560 1673 1681 1727 τῶν
1706 1673 1938 1742 ἀνθρω-

353 1769 551 1822 πίνων
576 1767 1030 1837 ἁμαρτημάτων.
1078 1766 1216 1836 Ἐμὲ
1247 1765 1316 1820 δὲ
1346 1769 1401 1821 oi
1428 1765 1603 1821 ἄλλοι
1639 1765 1940 1834 ἅνθρωποι

356 1856 729 1911 καταδύουσι
760 1857 840 1922 τῷ
877 1856 1030 1925 ἄχει.
1078 1860 1140 1910 Ol
1170 1856 1429 1925 μὲνγὰρ
1465 1856 1665 1925 ἐχθροὶ
1688 1854 1940 1924 ἐφήδον-

355 1949 458 2003 ταί
472 1966 598 2018 μοι,
618 1944 676 2002 ὀι
696 1948 766 2002 δὲ
800 1947 966 2017 φίλοι
991 1946 1525 2016 συμϐουλεύουσιν
1551 1943 1825 1999 ἐκποδὼν
1849 1961 1945 2014 γε·

356 2041 571 2095 νέσθαι
594 2039 680 2109 μή
738 2057 793 2093 τι
848 2039 947 2095 καὶ
997 2039 1166 2093 πάθω
1205 2037 1326 2092 ὑπὸ
1372 2036 1512 2092 σοῦ.
1542 2036 1654 2091 Καὶ
1699 2038 1727 2090 ὁ
1761 2035 1944 2106 Κῦρος

356 2128 536 2184 εἶπεν·
562 2127 650 2187 Εὖ
678 2131 889 2186 τοίνυν
906 2129 1053 2194 ἴσθι,
1094 2130 1186 2184 ὅτι
1218 2129 1405 2198 ταύτῃ
1435 2125 1510 2197 τῇ
1538 2126 1689 2196 δόξῃ
1730 2127 1862 2197 ἐμοί
1881 2142 1949 2195 τε

358 2225 726 2290 χαρίσασθαι
761 2219 1029 2290 δυνήσῃ,
1079 2219 1179 2273 καί
1213 2219 1357 2286 τοὺς
1395 2219 1758 2291 συμμάχους
1797 2219 1948 2288 ὠφε-

354 2315 573 2383 λῆσαι.
605 2314 743 2369 Ειθε
773 2315 906 2384 γὰρ,
962 2314 991 2365 ὁ
1034 2313 1320 2383 Ἀράσπας
1360 2311 1487 2382 ἔφη,
1520 2312 1814 2381 γενοίμην
1842 2324 1948 2364 σοι

360 2404 663 2476 χρήσιμος
677 2405 749 2459 ἐν
775 2403 981 2473 καιρῷ.
1004 2405 1076 2459 El
1105 2404 1338 2467 τοίνυν,
1370 2404 1498 2471 ἔφη,
1524 2401 1950 2471 προσποιησάο

358 2514 544 2566 μενος
571 2497 677 2567 ἐμὲ
725 2497 992 2567 φεύγειν,
1039 2497 1121 2562 είς
1161 2494 1307 2560 τοὺς
1344 2496 1695 2564 πολεμίους,
1722 2495 1947 2561 ἔλθοις,

362 2591 746 2660 πιστευθήσῃ
771 2588 873 2645 ὑπ’
897 2586 1170 2641 ἐκείνων.
1206 2585 1319 2640 Ναὶ
1368 2585 1455 2655 μὰ
1491 2585 1595 2650 Δι’,
1638 2586 1743 2656 ἔφη
1777 2587 1805 2639 ὁ
1865 2586 1952 2639 ‘A-

368 2685 610 2755 ρέισπας.
647 2682 747 2735 καὶ
776 2681 895 2737 ὑπὸ
931 2679 1051 2734 τῶν
1069 2681 1287 2750 φίλων.
1321 2680 1563 2744 Ἕλθοις
1595 2675 1675 2732 ἂν
1720 2676 1951 2739 τοίνυν,

366 2774 498 2843 ἔφη,
545 2771 743 2825 πάντα
766 2769 915 2840 ἡμῖν
973 2774 1046 2822 τὰ
1100 2767 1220 2822 τῶν
1269 2767 1572 2837 πολεμίων
1617 2765 1951 2837 ἀγγέλλων.

382 2867 669 2937 Ἀράσπας
704 2866 807 2934 μὲν
840 2857 936 2917 οὖν
963 2859 1138 2924 οὕτως
1163 2859 1421 2927 ἐξελθὼν,
1473 2860 1567 2912 καὶ
1619 2857 1955 2928 παραλαϐὼν

368 2963 498 3022 τοὺς
520 2957 882 3020 πιστοτάτους
904 2954 1274 3026 θεράποντας,
1299 2952 1495 3025 ᾡχετο.
1532 2952 1598 3005 Ἠ
1615 2952 1671 3005 δὲ
1696 2951 1952 3016 Πάνθεια,

371 3048 625 3121 μαθοῦσα
652 3047 837 3110 τοῦτο,
874 3047 1142 3117 πέμψασα
1165 3046 1302 3116 πρὸς
1330 3046 1420 3098 τὸν
1452 3044 1658 3115 Κῦρον,
1685 3040 1837 3096 εἷπε’
1863 3042 1956 3113 Μὴ

368 3140 568 3204 λυποῦ,
596 3134 641 3194 ὦ
673 3140 859 3210 Κῦρε,
887 3140 969 3192 ὅτι
1008 3139 1286 3210 Ἀράσπας
1310 3138 1420 3200 τοῖς
1458 3137 1743 3206 πολεμίοις
1782 3150 1957 3206 προσ-

365 3231 556 3301 ῆλθεν.
612 3232 675 3285 El
710 3230 820 3300 γὰρ
850 3230 952 3300 ἐμὲ
1005 3228 1190 3292 ἐάσεις
1237 3227 1457 3299 πέμψαι
1517 3227 1653 3296 πρὸς
1694 3225 1785 3280 τὸν
1819 3226 1952 3298 ἐμὸν
1979 3216 2021 3275 C

2039 585 2217 638 desine
2245 585 2428 636 timere
2456 588 2506 635 et
2532 579 2900 634 verecundari.
2920 578 3033 649 Ego
3049 580 3187 632 enim
3204 587 3255 631 et
3285 579 3408 633 deos
3425 580 3615 632 cedere

2039 676 2210 731 amori
2247 675 2433 736 audio,
2468 682 2517 725 et
2564 686 2665 742 quo
2708 671 2755 724 is
2802 670 2884 724 vel
2933 670 3330 724 cordatissimos
3378 671 3614 723 homines

2036 767 2310 838 impellere
2351 765 2545 828 soleat,
2574 765 2693 819 noui
2734 780 2752 819 :
2800 772 2958 830 atque
3002 764 3155 817 istius
3189 762 3356 833 culpa:
3384 763 3494 832 ipse
3523 763 3616 816 tibi

2037 877 2157 914 sum
2188 869 2398 924 auctor,
2433 859 2522 929 qui
2553 866 2603 913 te
2636 875 2755 913 cum
2787 872 2844 911 re
2876 864 2988 911 tam
3012 856 3205 909 inuicta
3235 853 3611 909 concluserim.

2036 952 2117 1006 Ad
2148 951 2266 1005 haec
2297 952 2579 1022 Araspes:
2611 949 2686 1004 Tu
2729 949 2965 1020 quidem,
3016 947 3216 1017 inquit,
3259 944 3413 1016 Cyre,
3451 945 3505 999 in
3537 946 3616 998 his

2040 1041 2216 1110 facilis
2264 1057 2339 1102 es,
2371 1048 2420 1093 et
2471 1039 2541 1092 ad
2588 1049 2770 1093 errata
2821 1039 3056 1091 humana
3104 1038 3379 1089 connivere
3423 1033 3559 1088 soles
3594 1046 3616 1085 ,⁸

2038 1148 2218 1186 rerum
2266 1130 2362 1185 alii
2401 1132 2637 1184 homines
2684 1129 2865 1183 dolore
2904 1143 2985 1181 me
3024 1129 3352 1197 opprimunt.
3394 1123 3534 1177 Nam
3565 1132 3616 1177 et

2037 1225 2237 1279 inimici
2285 1222 2572 1287 insultant,
2605 1230 2654 1275 et
2697 1223 2858 1276 amici
2889 1228 3130 1274 auctores
3158 1219 3289 1272 mihi
3314 1226 3439 1273 sunt
3469 1232 3613 1270 erce.

2040 1315 2201 1369 dendi
2231 1330 2260 1368 e
2296 1314 2493 1380 medio,
2542 1330 2605 1368 ne
2636 1324 2692 1368 tu
2739 1314 2868 1383 quid
2907 1312 3124 1384 gravius
3152 1313 3206 1365 in
3238 1328 3320 1365 me
3348 1309 3615 1365 consular.

2039 1407 2139 1462 Cui
2168 1405 2350 1473 Cyrus
2383 1422 2397 1459 :
2430 1407 2598 1470 Scito,
2627 1406 2831 1475 inquit,
2876 1415 2926 1458 te
2971 1406 3074 1459 ista
3116 1405 3362 1475 opinione
3400 1412 3449 1456 et
3489 1402 3619 1456 mihi

2038 1500 2358 1571 gratiﬁcari,
2384 1507 2434 1553 et
2471 1500 2726 1553 exercitui
2751 1497 2994 1569 prodesse
3021 1510 3195 1566 posse.
3227 1494 3446 1551 Utinam
3469 1509 3617 1557 vero,

2042 1590 2225 1661 inquit
2288 1590 2548 1659 Araspes,
2578 1590 2636 1643 in
2684 1596 2920 1657 tempore
2953 1587 3045 1639 tibi
3082 1585 3227 1638 utilis
3263 1600 3375 1637 esse
3401 1584 3616 1653 possim.

2044 1680 2106 1736 Si
2152 1683 2338 1751 igitur,
2382 1680 2567 1750 inquit
2595 1678 2792 1751 Cyrus,
2844 1687 2893 1732 te
2930 1679 3069 1732 iram
3114 1692 3289 1730 meum
3341 1675 3620 1746 {ugeresi-

2045 1770 2281 1836 mulans,
2330 1771 2400 1824 ad
2439 1771 2611 1825 hostes
2667 1769 2880 1832 abieris,
2934 1767 3065 1836 ﬁdes
3106 1768 3196 1821 tibi
3267 1767 3334 1821 ab
3376 1766 3484 1821 illis
3516 1767 3619 1821 Ita-

1984 1873 2021 1927 Β
2051 1864 2273 1918 bebitur.
2326 1863 2467 1928 Ima,
2513 1863 2695 1932 inquit
2735 1867 2992 1932 Araspes,
3049 1862 3211 1915 etiam
3267 1862 3331 1915 ab
3384 1861 3617 1914 amicis:

2046 1963 2207 2023 atque
2240 1954 2443 2017 omnia,
2499 1953 2682 2022 inquit
2722 1951 2918 2021 Cyrus.
2951 1952 3178 2005 hostium
3225 1950 3449 2007 consilia
3477 1951 3621 2006 nobis

2047 2046 2393 2100 renuntiabis.
2438 2044 2533 2101 Sic
2577 2044 2817 2116 Araspes
2878 2059 3003 2099 cum
3037 2044 3331 2101 ﬁdissimis
3392 2059 3620 2100 suorum

2050 2136 2432 2191 ministrorum
2463 2138 2593 2192 abit.
2631 2136 2861 2192 Panthia
2891 2151 3027 2192 vero
3070 2136 3312 2192 discessu
3347 2136 3497 2193 illius
3527 2150 3623 2191 co-

2052 2228 2230 2297 gnito,
2256 2226 2457 2299 Cyrum
2486 2229 2685 2284 nuntio
2715 2228 2891 2285 misso
2912 2229 3190 2294 hortatur,
3218 2242 3290 2283 ne
3315 2226 3626 2284 delectione

2053 2319 2204 2373 illius
2239 2318 2440 2374 doleat.
2473 2320 2609 2375 Nam
2644 2319 2690 2375 si
2737 2335 2797 2376 se
2820 2320 2888 2376 ad
2932 2319 3193 2375 maritum
3231 2319 3454 2375 mittere
3482 2334 3629 2374 nun-

2056 2412 2191 2464 tium
2227 2420 2531 2481 pateretur,
2589 2422 2882 2466 venturum
2913 2410 2964 2467 ei
2996 2413 3234 2469 amicum
3260 2413 3468 2481 Araspe
3495 2410 3631 2467 ﬁde—
3672 2394 3689 2404 ’

2051 2501 2272 2557 liorem.
2304 2501 2461 2568 Quod
2497 2518 2619 2558 cum
2650 2502 2824 2574 Cyrus
2855 2503 3218 2574 permisisset,
3251 2512 3416 2574 atque
3449 2503 3633 2559 Abra-

2054 2594 2211 2649 datas
2245 2603 2405 2649 notas
2449 2594 2637 2650 uxoris
2680 2598 2995 2665 agnovisset
3039 2595 3282 2666 :cupide
3326 2594 3628 2666 profectus,

2054 2703 2178 2743 cum
2232 2701 2403 2757 prope
2453 2687 2705 2758 speculas
2758 2688 3027 2755 venisset,
3073 2687 3215 2761 Cyro
3258 2688 3628 2744 nuntiandum

2061 2786 2243 2840 curat,
2287 2778 2414 2845 quis
2454 2775 2576 2843 sit;
2628 2774 2805 2847 Cyrus
2854 2791 2981 2832 eum
3031 2777 3099 2831 ad
3153 2792 3380 2833 uxorem
3431 2776 3629 2833 deduci

2052 2868 2230 2942 jubet.
2258 2868 2395 2923 Cum
2429 2881 2551 2922 sese
2579 2867 2848 2924 vidissent
2876 2869 3158 2940 coniuges,
3184 2878 3241 2924 et
3279 2878 3404 2940 post
3430 2868 3631 2937 despe-

2058 2971 2234 3014 ratam
2265 2959 2709 3031 conjunctionem
2740 2961 3183 3017 consalutassent
3211 2982 3224 3016 :
3262 2961 3492 3016 Panthia
3516 2976 3635 3017 ma-

2061 3053 2169 3108 rito
2216 3052 2342 3125 Cyri
2383 3055 2754 3120 sanctitatem,
2791 3052 3116 3109 modestiam
3187 3060 3245 3109 et
3285 3051 3632 3108 clementiam

2062 3158 2189 3214 erga
2243 3158 2301 3199 se
2335 3143 2620 3214 prazdicat.
2670 3143 2878 3201 Deinde
2924 3143 3124 3217 Cyrum
3161 3145 3422 3199 convenit
3455 3143 3634 3197 Abra-

2055 3236 2234 3301 dates,
2265 3237 2496 3306 ejusque
2529 3235 2757 3290 dextera
2795 3235 3065 3305 prehensa
3094 3236 3171 3290 ait
3200 3252 3214 3291 :
3247 3236 3349 3290 Pro
3373 3234 3636 3303 beneﬁciis

368 3323 564 3395 ἄνδρα,
595 3322 714 3393 ἥξει
740 3338 824 3375 σοι
856 3318 1011 3390 φίλος
1057 3318 1341 3391 ’Δράσπου
1388 3318 1734 3387 πιστότερος.
1787 3317 1898 3371 Καὶ
1924 3322 1951 3371 ὁ

2057 3327 2115 3381 in
2150 3341 2232 3378 me
2260 3324 2488 3392 collatis,
2529 3328 2783 3398 meipsum
2817 3326 2909 3380 tibi
2939 3327 3188 3388 amicum,
3224 3327 3524 3381 ηειιιίειτιιιη
3588 3334 3638 3380 et

370 3415 558 3485 Κῦρος
614 3413 877 3468 ἐκέλευσε
932 3414 1198 3485 πέμπειν.
1253 3413 1320 3465 Ἦ
1370 3411 1428 3465 δὲ
1484 3409 1724 3481 έπεμψε,
1786 3411 1883 3464 καὶ
1926 3414 1954 3465 ὁ

2060 3417 2265 3471 socium
2292 3418 2466 3472 trado.
2496 3417 2599 3473 Cui
2626 3419 2802 3489 Cyrus
2832 3437 2847 3472 :
2873 3417 2942 3472 Et
2966 3435 3081 3489 ego,
3115 3419 3315 3486 inquit,
3343 3426 3392 3473 te
3420 3420 3638 3489 recipio,

383 3508 755 3579 Ἀϐραδάτας,
785 3507 860 3571 ὡς
915 3506 1059 3573 ἔγνω
1110 3506 1180 3559 τὰ
1212 3505 1368 3576 παρὰ
1409 3506 1508 3573 τῆς
1552 3503 1816 3572 γυναικὸς
1868 3504 2161 3576 σσύμϐολα,
2216 3509 2458 3579 ἄσμενος
2508 3512 2646 3581 πρὸς
2686 3512 2777 3564 τὸν
2852 3509 3039 3582 Κῦρον
3104 3509 3406 3582 ἐχώρησεν.
3463 3511 3552 3574 Ὠς
3592 3511 3641 3564 δ’

369 3600 441 3674 ἦν
479 3603 617 3672 πρὸς
642 3605 756 3665 τοῖς
792 3604 1013 3666 σκοποῖς
1037 3601 1245 3672 πέμπει
1283 3600 1417 3670 πρὸς
1443 3599 1534 3652 τὸν
1571 3599 1752 3670 Κῦρον
1778 3599 1951 3655 εἰπὼν
1993 3601 2055 3666 ὃς
2115 3599 2206 3674 ἦν.
2257 3603 2318 3658 '0
2378 3603 2435 3657 δὲ
2474 3605 2656 3676 Κύρος
2709 3604 2864 3673 ἄγειν
2895 3606 3061 3660 αὑτὸν
3097 3604 3233 3674 πρὸς
3272 3605 3372 3674 τὴν
3403 3607 3642 3671 γυναῖκα

373 3698 685 3752 ἐκέλευσεν.
723 3696 809 3758 Ὠ.
836 3695 883 3748 δ’
911 3694 1123 3763 εἰδέτην
1145 3692 1420 3763 ἀλλὴλωὴ
1450 3692 1589 3762 γυνὴ
1617 3692 1714 3744 καὶ
1741 3693 1770 3745 ὁ
1799 3691 2165 3763 ’Δϐραδάτας.
2206 3695 2523 3765 ἠσπάζοντο
2584 3696 2848 3767 ἀλλήλους
2907 3699 2974 3752 ἐκ
3046 3696 3439 3750 δυσελπίστων.
3507 3692 3643 3752 Εἶτα

374 3792 481 3863 ἔφη
548 3791 581 3861 ἠ
633 3788 869 3844 Πάνθεια
920 3787 1012 3841 τοῦ
1053 3786 1240 3859 Κύρου
1269 3785 1370 3854 τὴν
1408 3786 1690 3854 ὁσιότητα,
1725 3785 1820 3838 καὶ
1852 3785 1952 3858 τὴν
1995 3788 2380 3859 σωφροσύνην,
2447 3789 2542 3841 καὶ
2619 3789 2718 3860 τὴν
2759 3789 2898 3860 πρὸς
2929 3791 3101 3861 αὐτὴν
3153 3792 3514 3845 κατοίκτισιν.
3544 3792 3643 3843 Ἐκ

372 3886 570 3939 τούτου
606 3887 829 3956 ἔρχεται
865 3884 1004 3956 προς
1073 3884 1166 3938 τὸν
1205 3881 1392 3953 Κῦρον
1441 3884 1469 3932 ὁ
1495 3881 1860 3952 Ἀϐραδάτας,
1928 3883 2025 3936 καὶ⁵
2063 3883 2365 3954 λαϐόμενος
2405 3883 2506 3953 τῆς
2553 3883 2721 3938 αὐτοῦ
2767 3883 2969 3950 δεξιᾶς,
2999 3882 3179 3953 εἶπεν,
3249 3886 3392 3940 Ἀνθ⁹
3429 3880 3518 3939 ὧν
3571 3882 3643 3939 εὖ

373 3982 717 4049 πεποίηκας
750 3976 929 4048 ἡμᾶς,
963 3971 1007 4031 ὦ
1038 3979 1211 4045 Κῦρε,
1241 3977 1425 4046 φίλον
1443 3993 1542 4029 σοι
1576 3975 1840 4046 ἐμαυτὸν
1878 3975 2127 4047 δίδωμι,
2198 3977 2299 4030 καὶ
2354 3976 2690 4045 θεράποντα
2719 3977 2817 4032 καὶ
2842 3979 3184 4047 σύμμαχον.
3228 3981 3335 4033 Καὶ
3367 3978 3397 4030 ό
3464 3977 3646 4047 Κῦρος

374 4070 504 4129 εἶπε
530 4089 546 4106 ⁸
587 4070 759 4141 Κάγὼ
789 4069 858 4124 δέ
876 4086 951 4124 σε
976 4069 1251 4139 δέχομαι.

456 4168 587 4223 ΚΒ⁹.
644 4162 853 4220 Ἦλθον
883 4166 940 4220 δὲ
992 4166 1072 4237 τῷ
1107 4166 1277 4236 Κύρῳ
1306 4166 1458 4235 παρὰ
1504 4163 1598 4218 τοῦ
1631 4162 1795 4219 Ἰνδοῦ
1826 4163 1954 4235 χρή‹

2138 4157 2305 4215 XXII.
2341 4158 2545 4213 Eodem
2576 4166 2822 4228 tempore
2851 4157 3013 4228 legati
3040 4158 3109 4213 ab
3137 4158 3272 4213 Indo
3295 4173 3515 4224 venere,
3548 4161 3645 4231 qui

381 4280 553 4335 ματα.
588 4260 699 4315 Καὶ
727 4261 779 4313 oi.
812 4259 1039 4329 ἄγοντες
1093 4260 1234 4313 αὐτὰ
1292 4258 1641 4327 ἀπήγγελλον
1673 4257 1846 4327 αὐτῷ,
1874 4258 1954 4311 ὅτι

2068 4268 2128 4309 se
2156 4252 2396 4323 gaudere
2423 4250 2630 4317 aiebat,
2654 4250 2802 4320 quod
2830 4252 3035 4321 quibus
3057 4251 3223 4306 rebus
3243 4262 3452 4322 egeret,
3474 4252 3647 4323 signi-

375 4355 595 4418 ὀἸνδὸς
625 4354 799 4421 λέγει,
846 4353 923 4415 ὡς
955 4351 1219 4421 Ἷιδομαι,
1276 4344 1323 4404 ὦ
1371 4350 1544 4421 Κῦρε,
1571 4350 1656 4404 ὃτι
1693 4366 1784 4421 μοι
1828 4348 1954 4420 περὶ

2068 4349 2306 4413 licasset,
2326 4359 2382 4402 et
2405 4347 2692 4418 pecuniam
2719 4347 2939 4401 mittere
2960 4361 2979 4399 :
3009 4346 3054 4402 si
3084 4348 3292 4419 majore
3315 4363 3458 4418 opus
3476 4358 3645 4415 esset,

379 4440 460 4500 ὧν
484 4442 636 4499 esse»
667 4443 968 4515 ἐδήλωσας,
1005 4442 1096 4495 καὶ
1159 4440 1424 4512 βούλομαί
1459 4456 1544 4492 σοι
1603 4438 1752 4503 ξένος
1791 4433 1954 4491 εἶναι.

2069 4450 2130 4495 ut
2158 4446 2387 4509 peteret,
2419 4446 2478 4494 et
2523 4436 2827 4507 boSpitium
2862 4452 3022 4493 suum
3060 4437 3134 4491 illi
3178 4438 3464 4494 oilerebat.
3500 4440 3652 4495 Man-

383 4539 498 4592 Ιίαὶ
552 4536 761 4605 πέμπω
812 4546 898 4587 σοι
941 4536 1226 4604 χρήματα·
1283 4531 1388 4586 κᾶν
1454 4533 1632 4587 ἄλλων
1684 4529 1805 4600 δέῃ,
1863 4546 1954 4600 με-

2067 4531 2226 4585 durat
2259 4538 2519 4599 praeterea
2554 4529 2695 4588 suis.
2749 4536 2809 4581 ut
2857 4527 3125 4598 quidquid
3153 4545 3183 4584 a
3218 4529 3362 4600 Cyro
3387 4530 3653 4598 juberen-

384 4629 705 4699 ταπέμπου,
756 4626 1108 4679 Ἐντέταλται
1161 4622 1221 4678 δὲ
1267 4624 1384 4687 τοῖς
1432 4622 1562 4695 παρ’
1611 4620 1751 4692 ἐμοῦ
1809 4621 1954 4673 ποεῖν

2069 4634 2181 4688 tur,
2220 4621 2489 4675 facerent.
2517 4620 2601 4675 Ad
2632 4619 2750 4675 haec
2778 4618 2953 4691 Cyrus
2983 4628 3212 4675 czeteros
3241 4622 3296 4675 in
3321 4622 3439 4677 suis
3469 4623 3652 4676 taber-

381 4718 422 4774 ἃ.
496 4719 565 4773 ἂν
636 4718 703 4770 σὺ
784 4714 1040 4788 κελεύῃς.
1103 4714 1165 4768 '0
1233 4714 1292 4768 δὲ
1371 4715 1570 4784 Κῦρος·
1631 4708 1790 4765 εἶπε*
1854 4711 1954 4762 Κε-

2069 4713 2283 4769 naculis
2302 4713 2594 4783 pecuniam
2613 4712 2899 4769 custodire
2921 4713 3100 4784 jubet,
3126 4722 3240 4769 tres
3270 4723 3453 4770 autem
3490 4715 3653 4786 159

384 4809 531 4863 λεύω
558 4810 740 4864 τοίνυν
784 4809 912 4871 τοὺς
958 4808 1058 4880 μὲν
1098 4805 1295 4872 ἄλλους
1355 4808 1618 4879 μένοντας
1671 4806 1800 4861 ἔνθα
1827 4823 1964 4860 κατ-

383 4898 739 4973 εσκηνώσατε
802 4898 1095 4970 φυλάττειν
1177 4899 1249 4955 τὰ
1317 4901 1613 4971 χρήματαο
1685 4901 1835 4968 τρεῖς
1908 4899 1968 4953 δὲ

390 5013 485 5068 μοι
514 4994 764 5057 ἐλθόντες
799 4993 1049 5064 ὐμῶνείς
1074 4993 1200 5058 τοὺς
1241 4993 1559 5064 πολεμίους,
1588 4992 1665 5056 ὡς
1693 4992 1846 5063 παρὰ
1873 4992 1970 5047 τοῦ

398 5086 567 5142 Ἰνδοῦ
600 5089 729 5158 περὶ
787 5085 1129 5157 συμμαχίας,
1165 5085 1259 5141 καὶ
1298 5087 1369 5140 τὰ
1422 5087 1540 5140 ἐκεῖ
1593 5086 1882 5158 μαθόντες,
1944 5087 1974 5140 ὅ

385 5197 441 5233 τι
467 5179 533 5233 ἂν
556 5179 762 5246 λέγωσί
781 5195 842 5232 τε
883 5181 985 5232 καὶ
1026 5177 1276 5243 ποιῶσιν,
1319 5177 1397 5241 ὡς
1425 5178 1659 5248 τάχιστα
1705 5177 1976 5248 ἀπαγγεί-

388 5272 521 5328 λατε
544 5273 667 5343 ἐμοί
696 5288 758 5325 τε
792 5270 890 5324 καὶ
919 5270 996 5342 τῷ
1021 5269 1192 5343 Ἰνδῷ.
1214 5272 1279 5324 0i.
1313 5270 1414 5340 μὲν
1430 5270 1667 5343 δὴΊνδοὶ
1708 5288 1977 5325 συσκευα-

391 5365 644 5434 σάμενοι,
694 5365 761 5435 τῇ
792 5362 1056 5434 ὑστεραίᾳ
1085 5362 1433 5432 ἐπορεύοντο.
1470 5363 1530 5415 ’0
1574 5363 1634 5416 δὲ
1672 5363 1855 5434 Κῦρος
1909 5363 1976 5418 τὰ

391 5455 534 5526 πρὸς
580 5456 674 5508 τὸν
733 5454 974 5525 πόλεμον
1012 5454 1457 5525 παρεσκευάζετο
1512 5453 1974 5525 μεγαλοπρεπῶς.

395 5548 508 5601 Καὶ
524 5547 634 5619 γὰρ
664 5548 715 5601 οἱ
746 5546 955 5617 Πέρσαι
987 5548 1171 5608 ἱππεῖς
1200 5545 1414 5615 ἔκπλεῳ
1436 5546 1539 5619 ἤδη
1578 5543 1717 5618 ἦσαν
1744 5548 1823 5610 εἱς
1850 5547 1978 5610 τοὺς

401 5639 657 5710 μυρίους,
683 5640 779 5692 καὶ
803 5636 1030 5709 ἅρματα
1049 5638 1441 5709 δρεπανηφόρα
1485 5641 1566 5702 εἰς
1625 5637 1844 5703 ἑκατὸν,
1883 5638 1979 5690 καὶ

393 5734 423 5784 ὁ
458 5728 792 5801 Ἀϐραδάτας
850 5730 1012 5801 ἔτερα
1063 5729 1469 5782 κατεσκεύασεν
1516 5729 1733 5793 ἑκατὸν,
1771 5731 1865 5783 καὶ
1914 5729 1978 5782 τὰ

397 5820 621 5891 Μηδικὰ
681 5818 906 5890 ἅρματα
945 5820 1110 5888 ἓτερα
1169 5820 1500 5889 συνέστησαν
1549 5819 1766 5881 ἑκατὸν,
1817 5836 1982 5889 μετα-

2067 4821 2136 4861 ex
2163 4820 2357 4861 eorum
2404 4820 2639 4860 numero
2693 4804 2968 4874 proﬁcisci
3018 4805 3086 4860 ad
3126 4806 3336 4870 hostes,
3373 4809 3531 4876 quasi
3581 4810 3650 4862 ab

2069 4898 2208 4953 lndo
2246 4896 2313 4951 ad
2365 4897 2728 4967 expetendam
2777 4896 3001 4952 illorum
3049 4897 3368 4953 societatem
3430 4897 3649 4963 missos,

2072 4988 2240 5043 rebus
2290 4984 2505 5040 illorum
2553 4985 2812 5056 cognitis,
2866 4986 3277 5056 quamprimum
3329 4996 3388 5042 et
3439 4987 3547 5042 sibi
3595 4998 3653 5043 et

2072 5078 2208 5133 Indo
2235 5077 2555 5135 renuntiare
2579 5075 2713 5147 quid
2737 5077 3082 5133 molirentur.
3106 5077 3279 5148 Igitur
3302 5076 3472 5143 Indis,
3497 5092 3651 5132 com-

2075 5168 2271 5239 positis
2325 5168 2490 5223 rebus
2529 5167 2669 5222 suis.
2701 5166 2969 5223 Postridie
3008 5166 3291 5237 proiectis,
3321 5164 3497 5238 Cyrus
3534 5181 3655 5221 om-

2075 5262 2169 5316 nia
2224 5276 2346 5330 qua:
2373 5260 2441 5314 ad
2486 5274 2604 5315 rem
2652 5258 2907 5315 bellicam
2941 5260 3309 5329 pertinerent,
3363 5257 3654 5329 magniﬁce

2077 5361 2329 5423 apparat.
2374 5353 2505 5407 Erat
2560 5367 2826 5406 numerus
2874 5351 3222 5406 Persicorum
3279 5349 3530 5419 equitum
3583 5350 3654 5404 ad

2078 5445 2261 5501 decies
2292 5444 2442 5499 mille
2473 5446 2583 5515 jam
2618 5443 2889 5513 expletus,
2944 5451 3003 5496 et
3030 5439 3213 5495 falcati
3256 5456 3455 5496 currus
3487 5442 3651 5496 circi-

2078 5548 2164 5594 ter
2185 5545 2408 5594 centum
2438 5535 2695 5592 confecti.
2725 5533 3029 5602 Medicique
3061 5532 3288 5587 totidem
3313 5533 3383 5588 ad
3401 5534 3653 5589 eamdem

2082 5630 2288 5688 redacti
2327 5629 2582 5694 formam,
2616 5643 2740 5683 cum
2772 5628 2928 5697 prius
2956 5626 3026 5681 ad
3061 5626 3357 5698 Troianam
3386 5637 3444 5683 et
3482 5628 3652 5700 Liby-

2080 5741 2142 5780 ca
2153 5742 2201 5779 m
2215 5725 2611 5796 aurigationem
2624 5713 3022 5778 accommodati
3037 5722 3646 5786 essent,camelisetiam

2084 5817 2199 5873 bini
2228 5815 2496 5887 sagittarii
2532 5815 2803 5871 attributi.
2864 5813 3008 5886 Cyro
3039 5813 3127 5870 bis
3162 5814 3327 5871 rebus
3356 5821 3647 5884 occupato,
