4092 6412
439 369 550 432 235

1718 371 2049 435 JOANNlS
2085 373 2418 438 ZONARE

3608 379 3718 445 2C6

443 485 561 541 ludi
590 483 660 540 ab
694 483 949 539 hostibus
997 484 1205 539 reversi
1261 483 1543 548 nuntiant,
1572 480 1826 538 Crmsum
1861 481 2015 552 impe-

2135 486 2510 539 σκευασθέντα
2535 485 2614 550 είς
2640 483 2733 540 τὸν
2762 483 2926 539 αὐτὸν
2970 487 3171 558 τρόπον
3218 488 3282 542 ἐκ
3329 492 3428 562 τῆς
3465 492 3719 564 Τρωῖκῆς

443 587 682 632 ratorem
715 579 995 632 exercitus
1027 591 1149 631 csse
1177 575 1477 634 delectum,
1520 574 1833 643 multosque
1870 587 2027 642 reges

439 680 497 726 et
528 670 784 741 ponulos,
843 679 1008 739 atque
1064 669 1230 722 etiam
1280 667 1497 723 Grzecos
1530 681 1660 738 para
1688 681 1750 720 os
1794 681 1916 721 esse
1957 666 2024 719 ad

440 779 601 834 opem
623 763 709 835 illi
741 764 1042 818 ferendam.
1077 761 1173 816 His
1219 760 1273 814 in
1309 759 1555 814 exercitu
1591 758 1844 828 vulgatis,
1879 757 2028 811 mili-

442 867 526 911 tes
553 856 782 910 solliciti
833 870 955 908 esse
1008 862 1328 922 creperum:
1378 851 1471 906 sed
1511 850 1687 923 Cyrus
1723 861 1782 904 ut
1816 860 2024 902 metum

440 965 540 1018 per
568 959 748 1004 castra
781 949 966 1018 vagari
1006 949 1203 1012 sensit,
1235 945 1421 999 habita
1445 943 1714 999 concione
1747 958 1878 997 suos
1909 942 2027 995 ani-

440 1045 713 1096 mosiores
746 1039 1008 1104 reddidit,
1035 1039 1351 1094 consultum
1378 1037 1482 1091 sibi
1508 1035 1684 1091 videri
1717 1035 1930 1098 dicens,
1966 1042 2027 1088 ut

440 1133 627 1188 hostes
657 1133 1068 1201 quamprimum
1103 1131 1409 1184 invaderet.
1453 1127 1714 1183 Assensis
1742 1125 2022 1190 omnibus,

437 1223 708 1296 Cyaxares
734 1238 859 1277 cum
894 1224 1054 1277 tertia
1083 1221 1368 1276 Medorum
1415 1228 1573 1289 parte
1625 1217 1912 1283 remansit,
1955 1231 2026 1272 ne

439 1333 598 1372 suum
649 1332 881 1388 regnum
935 1316 1083 1371 omni
1137 1315 1399 1386 praesidio
1470 1314 1801 1370 destitutum
1851 1323 2022 1370 esset.

437 1407 613 1481 Cyrus
640 1419 824 1465 autem
856 1425 1068 1465 summa
1097 1410 1382 1465 celeritate
1421 1408 1832 1478 proﬁciscitur:
1869 1423 2026 1463 cum-

437 1515 544 1570 que
598 1501 972 1570 speculatores
1022 1500 1289 1570 praemissi
1347 1500 1560 1554 fumum
1595 1509 1694 1555 aut
1737 1500 2023 1570 pulverem

435 1596 759 1662 excitatum,
813 1608 868 1652 et
897 1599 1152 1652 homines
1182 1597 1288 1651 sibi
1325 1598 1511 1652 videre
1547 1597 1894 1662 viderentur,
1927 1597 2022 1668 qui

435 1689 700 1756 pabulum
733 1699 790 1744 et
833 1690 980 1761 ligna
1023 1691 1392 1759 colligerent:
1427 1689 1684 1745 hostilem
1716 1691 2024 1747 exercitum

437 1781 491 1834 in
532 1782 842 1851 propinquo
872 1797 994 1836 esse
1025 1783 1407 1853 coniecerunt,
1434 1782 1600 1853 idque
1627 1782 1769 1854 Cyro
1797 1785 2024 1838 nuntia-

439 1881 586 1925 runt.
619 1872 672 1926 ls
698 1888 795 1927 eos
820 1873 875 1926 in
905 1873 1148 1942 speculis
1173 1889 1417 1937 manere,
1453 1885 1510 1930 et
1543 1876 1826 1945 praetulissa
1867 1875 2027 1946 equi-

439 1972 552 2017 tum
586 1965 670 2018 ala
701 1966 772 2019 ab
802 1965 870 2020 iis
899 1966 1230 2021 decursione
1280 1968 1335 2022 in
1387 1968 1672 2038 planitiem
1703 1967 1868 2033 facta,
1904 1969 2025 2039 capi

437 2055 652 2123 aliquos
677 2055 862 2125 jussit,
889 2073 919 2110 e
942 2057 1147 2125 quibus
1179 2059 1272 2112 ubi
1306 2060 1586 2128 cognovit,
1631 2059 1938 2115 exercitum
1971 2062 2026 2116 in

437 2163 548 2216 quo
572 2157 627 2201 et
659 2149 759 2218 ipsi
797 2150 1021 2214 fuerint,
1070 2152 1137 2206 ad
1169 2151 1309 2207 duas
1340 2169 1671 2225 parasangas
1713 2156 1928 2220 abesse,
1969 2166 2027 2212 et

438 2239 506 2293 de
537 2255 595 2294 se
626 2242 797 2294 multa
843 2243 1012 2298 verba
1053 2243 1172 2299 ﬁeri
1221 2245 1290 2299 ab
1335 2247 1609 2311 hostibus,
1651 2249 1892 2304 adventu
1924 2267 2026 2305 suo

438 2333 665 2386 minime
724 2333 886 2398 lastis,
944 2345 1111 2406 atque
1167 2339 1341 2392 aciem
1393 2340 1594 2395 instrui
1652 2357 1682 2396 a
1737 2341 1928 2398 Crasso
1967 2353 2025 2400 et

433 2443 624 2498 Grmco
656 2459 719 2497 ae
745 2443 901 2500 Medo
923 2449 1180 2514 quodam,
1214 2449 1307 2516 qui
1337 2450 1643 2520 profugisse
1669 2467 1699 2506 a
1729 2452 1846 2506 suis
1875 2452 2024 2508 dicc-

435 2545 610 2592 retur.
643 2535 856 2608 Cyrus:
896 2538 1134 2602 Utinam,
1181 2541 1381 2611 inquit,
1417 2541 1570 2597 illum
1595 2547 1669 2599 ita
1695 2546 1928 2616 capiam,
1965 2555 2023 2599 ut

433 2627 591 2682 volo:
627 2629 697 2684 Et
743 2631 992 2701 captivos
1033 2633 1188 2687 abire
1233 2635 1416 2705 jubet,
1469 2651 1650 2706 neque
1691 2639 1866 2693 multo
1899 2647 2023 2709 post

432 2717 499 2772 de
534 2720 716 2774 reditu
747 2722 1115 2792 exploratoris
1159 2725 1386 2796 Araspis
1432 2726 1492 2781 ﬁt
1522 2732 1748 2792 certior,
1780 2745 2019 2801 eumque

431 2809 632 2866 la-titiae
683 2815 970 2870 exsultans
1035 2815 1252 2871 obviam
1318 2834 1576 2889 egressus
1639 2822 2015 2892 amplectitur.

430 2901 585 2966 Quod
621 2919 746 2958 cum
777 2920 971 2960 omnes
997 2908 1370 2963 mirarentur:
1407 2912 1596 2978 Amici,
1633 2911 1834 2983 inquit,
1871 2915 2018 2969 adest

431 2991 512 3044 vir
538 2994 789 3062 Optimus,
820 2997 909 3066 qui
937 2996 1089 3051 nulla
1117 3000 1260 3069 turpi
1291 3000 1355 3053 de
1380 3017 1564 3064 causa,
1611 3019 1704 3057 nec
1749 3008 1852 3060 mei
1877 3014 2015 3061 metu

429 3081 655 3149 abierat,
685 3086 779 3138 sed
810 3103 842 3141 a
875 3103 958 3141 me
989 3089 1286 3160 ablegatus,
1313 3099 1369 3144 ut
1398 3093 1627 3147 hostium
1675 3111 1755 3149 res
1779 3104 2016 3168 cognitas

2130 579 2226 631 καὶ
2258 581 2356 648 τῆς
2391 577 2635 648 Λιϐυκῆς
2656 577 2907 650 διφρείας
2930 594 2946 611 ·
2979 581 3076 634 καὶ
3101 582 3195 634 ἐπὶ
3222 581 3318 645 τὰς
3346 585 3630 656 καμήλους
3662 590 3720 642 δέ

2129 671 2457 740 τεταγμένοι
2496 665 2636 742 ἦσαν
2661 669 2754 724 δύο
2781 672 2866 742 ἐφ’
2890 672 3130 742 ἑκάστην
3186 674 3423 740 τοξόται.
3455 677 3614 731 Οὕτω
3661 679 3720 733 δὲ

2127 758 2522 829 διατιθεμένων
2556 760 2636 831 τῷ
2679 760 2848 832 Κύρῳ
2886 762 2994 814 τῶν
3043 761 3137 815 τοῦ
3191 764 3455 836 πολέμου,
3485 763 3621 840 ἧκον
3669 770 3721 822 οἱ

2127 852 2284 906 Ἰνδοὶ
2317 855 2379 906 ἐκ
2413 852 2523 906 τῶν
2578 854 2877 924 πολεμίων,
2937 857 3031 910 καί
3085 858 3273 927 ἔλεγον
3333 861 3415 913 ὃτι
3485 862 3719 931 Kpoiso;

2127 941 2356 1011 ἡγεμὼν
2432 946 2525 996 καὶ
2592 948 2898 1016 στρατηγὸς
2954 948 3178 1018 ᾕρηται·
3234 951 3327 1004 καὶ
3377 952 3564 1005 πολλοὶ
3617 955 3718 1024 μὲν

2133 1034 2399 1103 βασιλεῖς,
2433 1036 2606 1089 πολλά
2636 1036 2680 1090 δ’
2715 1037 2844 1108 ἔθνη
2875 1041 2971 1092 καὶ
3025 1040 3291 1112 ’Έλληνες
3330 1046 3720 1115 συμμαχήσειν

2127 1125 2503 1196 ἡτοίμασται..
2540 1129 2636 1192 Ὣς
2692 1129 2786 1184 οὖν
2815 1130 2988 1184 ταῦτα
3027 1133 3261 1204 ἤκουσεν
3315 1135 3344 1187 6
3372 1135 3466 1188 τοῦ
3530 1139 3721 1209 Κύρου

2129 1215 2389 1285 στρατὸς,
2433 1217 2489 1268 ἐν
2523 1217 2774 1288 φροντίδι
2805 1221 3047 1288 ἐγένετο.
3095 1221 3184 1285 Ὠς
3213 1222 3269 1276 δέ
3302 1223 3503 1294 ᾔσθετο
3531 1227 3560 1278 6
3609 1227 3722 1280 Κῦ-

2129 1326 2221 1380 ρος
2249 1310 2417 1381 φόϐον
2447 1311 2728 1366 διαθέοντα
2766 1314 2824 1366 ἐν
2846 1316 2912 1385 τῇ
2947 1317 3203 1386 στρατιᾷ,
3238 1315 3486 1388 διελέχθη
3507 1321 3718 1386 αὐτοῖς,

2129 1405 2226 1456 καὶ
2261 1403 2528 1474 μετέϐαλε
2557 1404 2694 1475 πρὸς
2721 1405 2783 1459 τὸ
2803 1405 3195 1479 εὐθυμότερον.
3256 1404 3390 1462 Εἶτα
3420 1407 3566 1464 εἷπε·
3623 1415 3722 1466 Δοει

2127 1495 2218 1546 κεῖ
2247 1511 2359 1565 μοι,
2392 1489 2438 1548 ὦ
2495 1495 2712 1568 ἄνδρες,
2778 1499 2865 1552 ἐπ’
2896 1500 3096 1562 αὐτοὺς
3156 1501 3294 1556 ίέναι
3349 1503 3426 1567 ὡς
3463 1505 3717 1576 τάχιστα.

2130 1586 2240 1640 Καὶ
2284 1586 2525 1652 ἅπαντες
2553 1591 2944 1662 συνηγόρευον.
2982 1594 3282 1666 Κυαξάρης
3327 1597 3429 1666 μὲν
3455 1593 3572 1664 οὖν,
3607 1601 3720 1653 τῶν

2126 1681 2330 1751 Μήδων
2367 1682 2506 1753 ἔχων
2538 1684 2598 1736 τὸ
2623 1683 2811 1757 τρίτον
2858 1688 3048 1758 μέρος,
3088 1690 3408 1760 κατέμενεν,
3467 1691 3544 1756 ὼς
3579 1694 3720 1766 μηδὲ

2126 1776 2194 1827 τά
2250 1776 2390 1829 οἶκοι
2434 1776 2618 1847 ἔρημα
2687 1778 2772 1847 εἴη
2802 1795 2816 1809 °
2881 1781 2910 1833 6
2949 1781 3008 1834 δέ
3065 1781 3247 1854 Κύρος
3297 1784 3593 1855 ἐπορεύετο
3643 1785 3721 1849 ὡς

2129 1867 2363 1934 ἠδύνατο
2391 1871 2644 1938 τάχιστα.
2689 1869 2778 1933 Ὠς
2811 1871 2855 1924 δ’
2888 1873 2938 1926 οἱ
2973 1875 3254 1943 προϊόντες
3283 1879 3476 1933 σκοποὶ
3497 1877 3719 1932 ἐδόκουν

2132 1961 2431 2030 μανθάνειν
2468 1961 2940 2035 μετεωριζόμενον
2969 1967 3200 2032 καπνὸν,
3227 1968 3258 2040 ἧ
3289 1971 3591 2039 κονιορτὸν,
3621 1976 3718 2025 καὶ

2129 2049 2452 2121 ἀνθρώπους
2475 2051 2610 2124 ὁρᾷν
2637 2055 2788 2124 χιλὸν
2818 2056 2913 2108 καὶ
2941 2055 3077 2123 ξύλα
3105 2058 3511 2130 λαμϐάνοντας,
3566 2064 3721 2116 εἶκα-

2127 2138 2220 2206 ζον
2248 2135 2390 2194 εἷναί
2414 2157 2520 2194 που
2551 2143 2783 2212 πλησίον
2803 2143 2918 2198 τῶν
2949 2145 3233 2217 πολεμίων
3275 2149 3335 2202 τὸ
3371 2149 3716 2220 στράτευμα,

2129 2233 2222 2286 καὶ
2248 2233 2325 2304 τῷ
2352 2232 2523 2305 Κύρῳ
2551 2236 2951 2306 κατήγγελλον.
2991 2239 3050 2293 '0
3070 2239 3127 2294 δέ
3159 2241 3403 2305 ἐκείνους
3445 2242 3544 2313 μὲν
3590 2244 3720 2297 ἐκέ-

2127 2323 2319 2378 λευσεν
2347 2327 2442 2379 ἐπὶ
2492 2330 2612 2392 ταῖς
2645 2333 2876 2395 σκοπαῖς
2923 2332 3207 2402 μένοντας,
3242 2335 3270 2388 ὃ
3304 2351 3356 2388 τι
3400 2335 3465 2389 ἂν
3516 2335 3715 2407 ὁρῷεν,

2127 2421 2538 2488 ἀπαγγέλλειν’
2587 2421 2777 2495 τάγμα
2834 2424 2881 2478 δ’
2929 2426 3142 2480 ἱππέων
3213 2428 3460 2500 ἐπεμψεν
3513 2433 3590 2492 είς
3655 2431 3724 2484 τὺ

2127 2513 2384 2584 πρόσθεν,
2416 2516 2505 2568 ἴνα
2569 2517 2721 2580 τινὰς
2771 2518 3112 2575 συλλάϐοιεν.
3147 2519 3234 2588 Οἳ,
3269 2523 3716 2594 καταδραμόντες

2126 2607 2206 2669 είς
2239 2607 2299 2660 τὸ
2329 2606 2535 2673 πεδίον,
2607 2609 2900 2663 συνέλαϐον
2954 2610 3300 2682 ἀνθρώπους,
3330 2615 3427 2667 καὶ⁵
3479 2617 3710 2686 ἦγαγονο

2126 2703 2222 2754 καὶ
2255 2700 2442 2770 ἔλεγον
2472 2703 2520 2754 οἱ
2547 2701 2971 2772 συλληφθέντες,
3017 2704 3094 2770 ὡς
3133 2707 3197 2760 ἐκ
3256 2707 3349 2761 τοῦ
3409 2710 3714 2780 στρατοπέ-

2125 2793 2218 2846 δου
2261 2787 2393 2847 εἷεν.
2419 2795 2532 2848 Καὶ
2561 2796 2589 2848 6
2617 2794 2825 2866 Κῦρος,
2866 2796 3063 2861 Πόσον,
3095 2797 3221 2868 ἔφη,
3267 2799 3497 2854 ἄπεστιν
3522 2800 3712 2855 ἐντεῦ-

2125 2887 2218 2940 θεν
2244 2884 2304 2938 τδ
2337 2886 2696 2957 στράτευμα;
2728 2887 2792 2940 Ol
2823 2889 2868 2942 δ’
2897 2888 3105 2958 ἔλεγον·
3147 2890 3237 2953 Ὧς
3283 2891 3376 2945 δύο
3426 2894 3715 2965 παρασάγ-

2125 2993 2250 3045 γας.
2286 2978 2398 3031 Καὶ
2425 2984 2829 3050 προσεπὴρετο·
2871 2981 3062 3051 Ἠμῶν
3113 2981 3172 3035 δέ
3190 2982 3346 3050 λόγος
3363 2984 3448 3049 τίς
3479 2980 3548 3057 ἦν
3579 2987 3709 3058 παρ’

2126 3069 2311 3132 αὐτοῖς
2340 3087 2356 3136 ;
2388 3069 2496 3124 Ναὶ
2522 3071 2590 3143 νὴ
2629 3071 2752 3138 Δία,
2789 3071 3019 3143 ἔφασαν,
3051 3073 3148 3127 καλ⁵
3177 3074 3346 3138 πολύς
3365 3093 3455 3146 γε,
3494 3078 3570 3143 ὡς
3609 3078 3711 3151 ἤδη

432 3175 578 3228 nobis
593 3185 734 3229 certo
757 3157 1203 3233 renuntiaret.va
1231 3183 1470 3236 omnibus
1493 3184 1657 3254 igitur
1677 3187 1723 3240 ei
1744 3157 2015 3258 1601:0-

2125 3161 2294 3231 ἐγγὺς
2338 3157 2440 3234 ἦτε
2475 3165 2818 3236 προσιόντες.
2855 3167 2923 3220 Τί
2975 3162 3093 3233 οὖν,
3128 3167 3234 3239 ἔφη
3290 3169 3320 3222 ό
3367 3171 3569 3241 Κῦρος,
3617 3173 3716 3227 καὶ

431 3282 526 3319 nos
547 3277 623 3320 est
640 3268 928 3332 habendus,
946 3276 1085 3341 quod
1103 3275 1268 3327 nostri
1284 3274 1403 3328 boni
1421 3293 1580 3330 causa
1604 3291 1648 3330 et
1668 3281 2014 3350 ignominiam

432 3367 483 3413 et
509 3358 744 3429 pericula
767 3361 944 3416 subiit.
977 3362 1055 3417 lta
1085 3365 1355 3421 salutatus
1375 3367 1444 3422 ab
1468 3371 1726 3426 omnibus
1753 3373 2011 3444 Araspes,

432 3465 556 3520 quae
605 3451 832 3507 vidisset
879 3454 1126 3524 exponit,
1175 3459 1365 3527 copias
1407 3459 1671 3526 hostium,
1722 3465 2014 3534 stationes,

433 3543 685 3597 consilia.
721 3544 933 3610 Quibus
964 3547 1190 3604 auditis.
1215 3548 1390 3622 Cyrus
1415 3569 1690 3624 quemque
1728 3573 1880 3610 arma
1915 3574 2016 3613 sua

434 3642 492 3687 et
522 3648 694 3704 equos
721 3651 918 3691 curare
945 3638 1128 3707 jubet,
1153 3650 1211 3694 et
1242 3657 1403 3697 mane
1433 3644 1499 3698 ad
1526 3661 1762 3716 pugnam
1795 3661 2017 3718 paratos

433 3738 576 3778 esse.
609 3726 807 3780 Parent
855 3729 970 3783 illi:
1027 3745 1266 3802 cumque
1304 3735 1570 3803 postridie
1609 3753 1802 3795 omnes
1831 3757 2018 3796 arma-

435 3825 650 3882 rentur,
685 3818 1042 3887 Abradatam,
1079 3824 1166 3876 cui
1198 3835 1349 3879 sorte
1379 3826 1704 3896 obvenerat,
1737 3839 1798 3884 ut
1824 3844 2017 3888 contra

431 3905 718 3976 Aigyptios
751 3909 1050 3976 locaretur,
1078 3913 1312 3971 Panthia
1352 3918 1506 3987 galea
1549 3936 1716 3976 aurea
1763 3935 2018 3992 exornat,

431 4010 488 4053 et
516 4001 774 4064 armillis,
807 4019 1198 4077 purpureaque
1227 4019 1376 4065 veste
1423 4012 1490 4065 ad
1537 4013 1676 4070 talos
1718 4031 1891 4086 usque
1919 4018 2020 4074 de-

431 4092 614 4155 missa,
663 4103 719 4147 et
760 4109 902 4148 cono
954 4097 1299 4167 hyacinthini
1347 4103 1575 4166 coloris,
1619 4121 1742 4175 qua:
1788 4108 1905 4177 ipsa
1963 4109 2015 4164 ei

431 4178 654 4246 fecerat,
711 4183 826 4238 suis
858 4191 1198 4244 ornamentis
1229 4191 1505 4259 conﬂatis,
1551 4197 1699 4265 quod
1753 4200 2014 4254 maritqu

422 4267 528 4322 sibi
563 4273 860 4326 maximum
903 4289 1024 4329 esse
1055 4289 1439 4334 ornamentum
1491 4283 1727 4340 diceret.
1757 4286 2008 4358 Dumque

423 4361 472 4414 ei
512 4377 661 4416 arma
713 4365 990 4431 indueret,
1044 4370 1147 4424 etsi
1181 4372 1458 4440 ploratum
1496 4375 1847 4434 dissimulare
1885 4391 2007 4436 stu-

425 4452 611 4518 debat,
647 4464 826 4511 tamen
863 4459 1115 4530 lacryma:
1153 4478 1252 4530 per
1288 4480 1457 4534 genas
1491 4469 1827 4524 manabant:
1862 4472 2005 4542 jam-

2122 3254 2346 3328 ἔχαιρον
2363 3255 2654 3322 ἀκούοντες
2671 3259 2817 3330 ἡμᾶς
2831 3259 3158 3332 προσιόντας
3174 3281 3190 3331 ;
3212 3263 3285 3318 Ού
3295 3264 3372 3335 μά
3394 3267 3494 3319 Δία
3506 3306 3523 3333 ,
3554 3261 3711 3322 εἷπον

2126 3348 2351 3415 ἐκεῖνοι,
2383 3348 2525 3402 ἀλλά
2577 3352 2672 3404 καὶ
2709 3353 2858 3421 μάλα
2892 3353 3146 3424 ἠνιῶντο.
3182 3355 3280 3421 Τίς
3317 3356 3376 3411 δέ
3417 3358 3446 3411 6
3484 3358 3712 3425 τούτους

2121 3443 2341 3496 τάσσων
2388 3445 2571 3512 ἐστίν;
2613 3445 2641 3497 6
2693 3446 2876 3519 Κύρος
2925 3442 3101 3506 εἶπεν.
3174 3452 3236 3503 Οί
3273 3450 3352 3519 δέ,
3424 3453 3598 3516 Δύτός
3650 3471 3712 3508 τε

2125 3535 2384 3604 Κροῖσος,
2417 3537 2812 3608 ἀπεκρίναντο,
2873 3540 2968 3593 καί
3017 3558 3102 3605 τις
3149 3542 3351 3616 Ἕλλην
3403 3545 3564 3618 ἀνὴρ,
3617 3547 3714 3601 καὶ

2122 3627 2306 3697 Μῆδός
2332 3645 2436 3693 τις,
2461 3628 2521 3693 ὃς
2569 3631 2787 3700 λέγεται
2828 3635 3007 3703 φυγὰς
3043 3630 3181 3689 εἷναι
3203 3639 3338 3707 παρ’
3395 3639 3569 3711 ὑμῶν.
3601 3641 3714 3696 Καὶ

2120 3723 2149 3774 6
2174 3719 2359 3792 Κῦρος
2394 3723 2528 3792 πρὸς
2559 3723 2740 3777 τοῦτο·
2787 3726 2956 3792 Ἀλλ’,
2985 3721 3031 3782 ὦ
3063 3728 3192 3794 Ζεῦ,
3228 3730 3414 3785 λαϐεῖν
3477 3751 3570 3804 μοι
3619 3735 3713 3804 γέ·

2121 3829 2270 3867 νοιτο
2301 3815 2496 3879 αὐτὸν,
2522 3815 2598 3880 ὡς
2625 3816 2740 3886 ἐγὼ
2782 3817 3066 3891 βούλομαι.
3098 3821 3240 3887 Τοὺς
3273 3824 3372 3895 μέν
3389 3822 3481 3879 οὖν
3505 3828 3712 3898 αἰχμα-

2123 3904 2334 3970 λώτους
2357 3907 2592 3974 ὑπάγειν
2632 3908 2928 3964 ἐκέλευσεν
2955 3927 2968 3938 ·
3016 3912 3078 3966 ού
3119 3913 3255 3969 πολὺ
3291 3915 3347 3969 δέ
3376 3916 3437 3992 τδ
3462 3918 3521 3971 ἐν
3556 3919 3712 3990 μέσῳ

2121 3998 2215 4050 καὶ
2244 3998 2273 4050 6
2307 3999 2586 4071 πεμφθεὶς
2628 4003 2798 4058 πάλαι
2831 4008 3209 4076 κατάσκοπος,
3245 4010 3275 4063 6
3305 4009 3584 4082 Ἀράσπας
3615 4014 3713 4086 δη-

2121 4087 2282 4162 λαδὴ,
2319 4091 2647 4161 ἀγγέλλεται
2680 4097 3092 4166 προσελαύνων.
3145 4101 3206 4154 '0
3247 4101 3346 4174 μέν
3374 4101 3468 4158 οὖν
3501 4105 3709 4173 Κῦρος,

2119 4181 2194 4243 ὼς
2253 4183 2512 4254 ἤκουσεν,
2562 4187 2926 4260 ἀναπηδήσας
2964 4192 3183 4263 ὑπήντα
3243 4195 3414 4266 αὐτῷ,
3459 4201 3554 4252 καὶ
3595 4200 3696 4254 ἐδε-

2120 4272 2322 4338 ξιοῦτο.
2359 4277 2422 4328 Οἱ
2453 4277 2497 4330 δ’
2532 4277 2684 4332 ἄλλοι
2718 4280 2798 4350 τῷ
2830 4282 3118 4354 πράγματι
3155 4283 3572 4359 ἐξεπλήττοντο,
3600 4292 3711 4357 ἓως

2116 4367 2352 4438 ὀΚῡρος
2409 4369 2539 4443 ἔφη·
2604 4373 2850 4443 Ἄνδρες
2897 4377 3088 4445 φίλοι,
3149 4379 3284 4448 ἣκει
3347 4383 3493 4452 ἡμῖν
3548 4385 3707 4456 ἀνὴρ

2117 4459 2385 4529 ἄριστος,
2414 4464 2479 4531 ὃς
2507 4467 2618 4520 οὐκ
2643 4469 2903 4539 αἰσχροῦ
2963 4487 3130 4540 τινος
3178 4475 3457 4543 ἡττηθείς
3495 4477 3705 4548 ᾤχετο,

425 4559 532 4611 que
564 4560 939 4604 conscensuro
970 4567 1218 4616 currum,
1245 4558 1462 4611 caeteris
1483 4558 1768 4616 discedere
1797 4563 2000 4633 jussis:

2121 4554 2191 4619 ὡς
2219 4554 2327 4623 ἐμὲ
2369 4555 2599 4625 δεδιὼς,
2660 4561 2800 4616 ἀλλ’
2835 4563 2938 4618 ὑπ’
2972 4565 3120 4634 ἐμοῦ
3175 4571 3488 4638 πεμφθεὶς,
3546 4573 3707 4639 ὅπως

424 4633 724 4700 Abradata,
777 4638 877 4701 ait,
924 4649 996 4703 te,
1039 4645 1160 4696 vita:
1181 4646 1344 4698 etiam
1379 4663 1510 4701 mete
1553 4655 1804 4721 anteponi
1839 4672 1870 4707 a
1903 4671 2004 4722 me,

421 4741 572 4777 nosse
599 4727 862 4782 arbitror:
891 4738 1066 4785 tamen
1103 4745 1344 4790 mutuum
1372 4755 1609 4794 antorem
1643 4752 1879 4799 nostrum
1925 4755 2008 4800 te-

417 4824 549 4882 stor,
583 4816 747 4870 malle
780 4837 862 4874 me
890 4824 934 4876 si
963 4832 1010 4876 te
1041 4826 1208 4880 virum
1252 4828 1442 4898 fortem
1481 4833 1787 4901 praebueris,
1820 4839 2004 4894 eadem

419 4917 563 4962 terra
602 4919 769 4965 tecum
803 4916 926 4984 tegi,
972 4933 1130 4986 quam
1167 4920 1572 4988 ignominiosam
1617 4942 1736 4980 cum
1773 4931 2003 4998 ignomi-

420 5003 565 5056 nioso
589 5006 778 5058 virere.
815 5006 961 5061 Nam
1015 5009 1154 5080 Cyro
1208 5015 1416 5082 quidem
1466 5035 1716 5088 magnam
1759 5023 2002 5079 debemus

416 5099 671 5164 gratiam,
705 5098 843 5168 quod
874 5116 955 5153 me
983 5105 1274 5172 captivam,
1312 5116 1361 5160 et
1396 5108 1495 5162 sibi
1525 5112 1856 5176 attributam.
1895 5133 2000 5171 non

416 5205 512 5255 pro
547 5189 774 5256 ancilla,
809 5203 899 5247 aut
937 5194 1394 5276 ingenua‘parum
1430 5203 1690 5258 honorata
1729 5209 1997 5276 tractavit,

413 5283 505 5332 sed
533 5282 625 5334 tibi
671 5289 1017 5352 conservavit,
1050 5270 1197 5342 ltautl
1223 5307 1368 5346 secus
1399 5309 1463 5346 ac
1487 5295 1534 5349 si
1568 5296 1754 5365 fratris
1781 5314 1997 5355 uxorem

416 5375 653 5442 cepisset.
700 5375 967 5433 Prteterea
1012 5396 1130 5434 cum
1176 5382 1409 5454 Araspes
1460 5395 1630 5442 custos
1667 5405 1809 5444 meus
1840 5392 1905 5446 ab
1941 5409 1999 5446 eo

417 5466 709 5531 delet-isset,
737 5470 975 5536 pollicita
1013 5474 1060 5524 ei
1090 5473 1187 5542 fui,
1227 5477 1270 5528 si
1305 5487 1354 5528 te
1399 5480 1595 5532 arcessi
1623 5492 1918 5550 pateretur,
1950 5492 2000 5536 te

417 5552 510 5604 illo
541 5556 706 5608 multo
738 5567 785 5609 et
821 5560 1091 5615 meliorem
1118 5573 1166 5616 et
1217 5565 1510 5633 ﬁdeliorem
1537 5572 1584 5623 ci
1608 5572 1868 5641 futurum.
1904 5573 2000 5629 His

419 5646 603 5697 verbis
659 5647 964 5706 delectatus
1012 5655 1338 5723 Abradatas,
1385 5660 1576 5716 Jovem
1627 5673 1907 5734 precatus,
1939 5676 2000 5721 ut

419 5735 522 5785 Slbl
558 5735 735 5802 daret,
774 5751 832 5793 ut
869 5752 926 5795 et
969 5743 1213 5802 Panthiae
1243 5752 1520 5821 conjugio,
1561 5764 1618 5807 et
1653 5754 1778 5826 Cyri
1809 5757 2000 5813 amici-

416 5823 494 5879 tia
522 5825 722 5898 dignus
751 5830 1059 5901 videretur,
1097 5851 1322 5896 currum
1367 5823 1712 5900 conscendit.

2112 4648 2326 4715 μαθὼν
2379 4649 2454 4705 τὰ
2489 4651 2609 4707 τῶν
2660 4658 2988 4727 πολεμίων,
3040 4661 3252 4731 σαφῶς
3299 4663 3496 4735 τιμᾷν.
3572 4668 3702 4723 Ἐπὶ

2113 4739 2225 4808 γὰρ
2256 4741 2334 4807 τῷ
2357 4743 2621 4815 ἡμετέρῳ
2664 4748 2866 4818 ἀγαθῷ
2903 4752 3000 4805 καί
3026 4753 3268 4822 ἀτιμίαν
3318 4757 3575 4829 ὑπέσχε,
3600 4761 3700 4816 καί

2113 4831 2573 4892 ἐκινδύνευσεν.
2645 4837 2930 4896 Ἐντεῦθεν
2981 4844 3184 4911 πάντες
3240 4848 3550 4918 ἠσπάζοντο
3607 4855 3699 4905 τὸν

2127 4923 2428 5014 Ἀράσπαν.
2463 4928 2628 4982 Καὶό
2664 4931 2869 5004 Κῦρος,
2909 4935 3136 5006 Διηγοῦ,
3193 4939 3322 5011 ἔφη,
3366 4942 3641 5014 Ἀράσπα’
3671 4952 3699 5000 6

2113 5016 2254 5068 πόσα
2281 5013 2563 5087 ἑώρακας.
2619 5023 2888 5089 Κάκεῖνος
2912 5025 3155 5097 διηγεῖτο
3177 5031 3238 5083 τό
3269 5048 3325 5085 τε
3355 5013 3559 5106 πλῆθος
3587 5037 3696 5089 τῶν

2111 5112 2410 5183 πολεμίων,
2443 5115 2540 5167 καὶ
2571 5116 2664 5169 τὸν
2702 5117 2866 5170 τόπον
2894 5119 2994 5189 τῆς
3026 5123 3412 5194 παρατάξεως,
3474 5129 3570 5181 καὶ
3629 5129 3699 5184 τὰ

2109 5203 2216 5256 τῶν
2268 5205 2529 5259 ἐναντίων
2561 5206 2931 5279 βουλεύματα.
2981 5214 3092 5266 Καὶ
3119 5218 3147 5268 6
3187 5215 3374 5288 Κῦρος
3433 5221 3694 5275 ἀπελθεῖν

2108 5294 2343 5349 ἕκαστον
2375 5297 2658 5365 ἐκέλευσε,
2688 5302 2783 5354 καὶ
2825 5301 2894 5354 τά
2927 5319 2987 5356 τε
3027 5305 3168 5360 ὅπλα
3203 5309 3298 5362 καὶ
3330 5310 3458 5373 τοὺς
3493 5314 3696 5379 ἵππους

2109 5388 2292 5441 αὐτῶν
2321 5390 2752 5461 ἐπισκέψασθαι,
2784 5393 2954 5448 ἔωθεν
2983 5397 3042 5450 δέ
3079 5399 3214 5470 πρὸς
3260 5403 3500 5472 πόλεμον
3553 5408 3694 5460 ἐ;οι-

2113 5480 2409 5548 μάσασθαι.
2465 5485 2599 5538 Τότε
2647 5485 2749 5555 μὲν
2784 5484 2878 5542 οὗν
2920 5489 3162 5561 ἀπῆλθον
3191 5509 3205 5523 ·
3259 5495 3325 5566 τῇ
3357 5496 3398 5547 δ’
3428 5497 3694 5569 ὑστεραίᾳ

2109 5571 2468 5638 ἐξωπλίζοντο
2493 5575 2737 5643 ἔκαστοι,
2768 5581 2862 5633 καὶ
2885 5580 2913 5633 6
2939 5581 3276 5654 Ἀϐραδάτας
3296 5588 3486 5660 κλήρῳ
3507 5590 3690 5661 λαχὼν

2107 5665 2289 5729 ἀντίος
2330 5669 2590 5738 τετάχθαι
2639 5675 2754 5738 τοῖς
2805 5676 3148 5745 Αἰγυπτίοις.
3219 5680 3594 5753 Ὀπλιζομένῳ
3625 5684 3682 5736 δὲ

2108 5762 2446 5833 προσῆγενή
2476 5763 2718 5820 Πάνθεια
2763 5767 3002 5839 χρυσοῦν
3057 5771 3259 5839 κράνος
3284 5773 3380 5832 καὶ
3415 5774 3683 5847 περιϐρα-

2106 5851 2285 5923 χιόνια
2341 5854 2433 5908 καὶ
2467 5854 2662 5927 ψέλλια
2703 5861 2834 5933 περὶ
2850 5861 2977 5929 τοὺς
3012 5863 3265 5936 καρποὺς
3297 5865 3409 5924 τῶν
3459 5866 3685 5941 χειρῶν,
