  <div class='ocr_page' id='page_1' title='image "/cluster/home/n/w/nwhite01/storage/ocr_20150623/134:no.1/coo.31924054870393/157.png"; bbox 0 0 4092 6414; ppageno 0'>
   <div class='ocr_carea' id='block_1_1' title="bbox 419 364 526 426">
    <p class='ocr_par' dir='ltr' id='par_1_1' title="bbox 419 364 526 426">
     <span class='ocr_line' id='line_1_1' title="bbox 419 364 526 426; baseline 0.019 -2"><span class='ocrx_word' id='word_1_1' title='bbox 419 364 526 426; x_wconf 62' lang='lat'>2&#39;39</span> 
     </span>
    </p>
   </div>
   <div class='ocr_carea' id='block_1_2' title="bbox 415 567 1999 638">
    <p class='ocr_par' dir='ltr' id='par_1_2' title="bbox 415 567 1999 638">
     <span class='ocr_line' id='line_1_2' title="bbox 415 567 1999 638; baseline -0.001 -15"><span class='ocrx_word' id='word_1_2' title='bbox 415 583 729 638; x_wconf 78' lang='lat' dir='ltr'>aggressus,</span> <span class='ocrx_word' id='word_1_3' title='bbox 773 569 978 622; x_wconf 89' lang='lat' dir='ltr'><strong>multos</strong></span> <span class='ocrx_word' id='word_1_4' title='bbox 1005 567 1165 622; x_wconf 67' lang='lat' dir='ltr'><strong>credit</strong></span> <span class='ocrx_word' id='word_1_5' title='bbox 1195 585 1206 620; x_wconf 92' lang='lat'>:</span> <span class='ocrx_word' id='word_1_6' title='bbox 1249 582 1359 635; x_wconf 90' lang='lat' dir='ltr'>quo</span> <span class='ocrx_word' id='word_1_7' title='bbox 1395 568 1801 632; x_wconf 87' lang='lat' dir='ltr'><strong>animadverso,</strong></span> <span class='ocrx_word' id='word_1_8' title='bbox 1834 567 1999 638; x_wconf 64' lang='lat' dir='ltr'>Egy-</span> 
     </span>
    </p>
   </div>
   <div class='ocr_carea' id='block_1_3' title="bbox 419 659 2003 730">
    <p class='ocr_par' dir='ltr' id='par_1_3' title="bbox 419 659 2003 730">
     <span class='ocr_line' id='line_1_3' title="bbox 419 659 2003 730; baseline -0.001 -17"><span class='ocrx_word' id='word_1_9' title='bbox 419 663 514 730; x_wconf 86' lang='lat' dir='ltr'><strong>ptii</strong></span> <span class='ocrx_word' id='word_1_10' title='bbox 555 670 979 716; x_wconf 85' lang='lat' dir='ltr'><strong>convertuntur.</strong></span> <span class='ocrx_word' id='word_1_11' title='bbox 1033 660 1138 724; x_wconf 38' lang='lat' dir='ltr'><strong>lta‘</strong></span> <span class='ocrx_word' id='word_1_12' title='bbox 1164 659 1393 714; x_wconf 88' lang='lat' dir='ltr'><strong>confusa</strong></span> <span class='ocrx_word' id='word_1_13' title='bbox 1424 675 1604 730; x_wconf 78' lang='lat' dir='ltr'><strong>pugna</strong></span> <span class='ocrx_word' id='word_1_14' title='bbox 1633 661 1811 714; x_wconf 84' lang='lat' dir='ltr'><strong>oritur</strong></span> <span class='ocrx_word' id='word_1_15' title='bbox 1842 659 2003 729; x_wconf 83' lang='lat' dir='ltr'><strong>equi-</strong></span> 
     </span>
    </p>
   </div>
   <div class='ocr_carea' id='block_1_4' title="bbox 420 749 2005 822">
    <p class='ocr_par' dir='ltr' id='par_1_4' title="bbox 420 749 2005 822">
     <span class='ocr_line' id='line_1_4' title="bbox 420 749 2005 822; baseline -0.003 -16"><span class='ocrx_word' id='word_1_16' title='bbox 420 765 534 808; x_wconf 79' lang='lat' dir='ltr'>tum</span> <span class='ocrx_word' id='word_1_17' title='bbox 585 763 640 808; x_wconf 91' lang='lat' dir='ltr'>et</span> <span class='ocrx_word' id='word_1_18' title='bbox 691 753 935 822; x_wconf 79' lang='lat' dir='ltr'><strong>peditum</strong></span> <span class='ocrx_word' id='word_1_19' title='bbox 967 769 980 807; x_wconf 95' lang='lat'>:</span> <span class='ocrx_word' id='word_1_20' title='bbox 1023 767 1086 806; x_wconf 88' lang='lat' dir='ltr'>ac</span> <span class='ocrx_word' id='word_1_21' title='bbox 1114 750 1338 822; x_wconf 81' lang='lat' dir='ltr'>Cyrum,</span> <span class='ocrx_word' id='word_1_22' title='bbox 1375 765 1551 819; x_wconf 82' lang='lat' dir='ltr'><strong>equus</strong></span> <span class='ocrx_word' id='word_1_23' title='bbox 1581 765 1609 804; x_wconf 88' lang='lat' dir='ltr'>a</span> <span class='ocrx_word' id='word_1_24' title='bbox 1656 749 1893 820; x_wconf 86' lang='lat' dir='ltr'><strong>quodam</strong></span> <span class='ocrx_word' id='word_1_25' title='bbox 1917 749 2005 819; x_wconf 87' lang='lat' dir='ltr'>ja-</span> 
     </span>
    </p>
   </div>
   <div class='ocr_carea' id='block_1_5' title="bbox 419 841 2004 908">
    <p class='ocr_par' dir='ltr' id='par_1_5' title="bbox 419 841 2004 908">
     <span class='ocr_line' id='line_1_5' title="bbox 419 841 2004 908; baseline -0.005 -7"><span class='ocrx_word' id='word_1_26' title='bbox 419 852 600 908; x_wconf 81' lang='lat' dir='ltr'><strong>Cente,</strong></span> <span class='ocrx_word' id='word_1_27' title='bbox 633 844 686 896; x_wconf 88' lang='lat' dir='ltr'>in</span> <span class='ocrx_word' id='word_1_28' title='bbox 729 853 922 898; x_wconf 81' lang='lat' dir='ltr'><strong>ventre</strong></span> <span class='ocrx_word' id='word_1_29' title='bbox 950 842 1296 904; x_wconf 73' lang='lat' dir='ltr'>vulneratus,</span> <span class='ocrx_word' id='word_1_30' title='bbox 1320 841 1605 904; x_wconf 79' lang='lat' dir='ltr'><strong>exsiliens,</strong></span> <span class='ocrx_word' id='word_1_31' title='bbox 1631 841 1858 894; x_wconf 82' lang='lat' dir='ltr'><strong>excutit.</strong></span> <span class='ocrx_word' id='word_1_32' title='bbox 1883 841 2004 905; x_wconf 77' lang='lat' dir='ltr'><strong>Quo</strong></span> 
     </span>
    </p>
   </div>
   <div class='ocr_carea' id='block_1_6' title="bbox 419 930 2003 999">
    <p class='ocr_par' dir='ltr' id='par_1_6' title="bbox 419 930 2003 999">
     <span class='ocr_line' id='line_1_6' title="bbox 419 930 2003 999; baseline -0.004 -12"><span class='ocrx_word' id='word_1_33' title='bbox 419 938 585 999; x_wconf 75' lang='lat' dir='ltr'><strong>facto,</strong></span> <span class='ocrx_word' id='word_1_34' title='bbox 639 935 826 988; x_wconf 83' lang='lat' dir='ltr'><strong>statim</strong></span> <span class='ocrx_word' id='word_1_35' title='bbox 886 934 1200 988; x_wconf 78' lang='lat' dir='ltr'><strong>exclamant</strong></span> <span class='ocrx_word' id='word_1_36' title='bbox 1253 946 1469 993; x_wconf 87' lang='lat' dir='ltr'><strong>omnes,</strong></span> <span class='ocrx_word' id='word_1_37' title='bbox 1526 939 1733 985; x_wconf 84' lang='lat' dir='ltr'><strong>etcum</strong></span> <span class='ocrx_word' id='word_1_38' title='bbox 1793 930 2003 999; x_wconf 84' lang='lat' dir='ltr'><strong>impetu</strong></span> 
     </span>
    </p>
   </div>
   <div class='ocr_carea' id='block_1_7' title="bbox 419 1020 2005 1096">
    <p class='ocr_par' dir='ltr' id='par_1_7' title="bbox 419 1020 2005 1096">
     <span class='ocr_line' id='line_1_7' title="bbox 419 1020 2005 1096; baseline -0.005 -16"><span class='ocrx_word' id='word_1_39' title='bbox 419 1029 566 1080; x_wconf 88' lang='lat' dir='ltr'><strong>cient</strong></span> <span class='ocrx_word' id='word_1_40' title='bbox 591 1041 852 1096; x_wconf 75' lang='lat' dir='ltr'><strong>pugnant.</strong></span> <span class='ocrx_word' id='word_1_41' title='bbox 890 1025 995 1078; x_wconf 90' lang='lat' dir='ltr'><strong>Sed</strong></span> <span class='ocrx_word' id='word_1_42' title='bbox 1030 1022 1254 1092; x_wconf 88' lang='lat' dir='ltr'><strong>quidam</strong></span> <span class='ocrx_word' id='word_1_43' title='bbox 1294 1037 1325 1076; x_wconf 89' lang='lat' dir='ltr'>e</span> <span class='ocrx_word' id='word_1_44' title='bbox 1354 1020 1483 1092; x_wconf 91' lang='lat' dir='ltr'><strong>Cyri</strong></span> <span class='ocrx_word' id='word_1_45' title='bbox 1516 1021 1804 1085; x_wconf 87' lang='lat' dir='ltr'><strong>ministris,</strong></span> <span class='ocrx_word' id='word_1_46' title='bbox 1831 1020 2005 1074; x_wconf 90' lang='lat' dir='ltr'><strong>domi-</strong></span> 
     </span>
    </p>
   </div>
   <div class='ocr_carea' id='block_1_8' title="bbox 419 1113 2001 1185">
    <p class='ocr_par' dir='ltr' id='par_1_8' title="bbox 419 1113 2001 1185">
     <span class='ocr_line' id='line_1_8' title="bbox 419 1113 2001 1185; baseline -0.003 -15"><span class='ocrx_word' id='word_1_47' title='bbox 419 1133 551 1170; x_wconf 89' lang='lat' dir='ltr'>num</span> <span class='ocrx_word' id='word_1_48' title='bbox 605 1118 660 1170; x_wconf 93' lang='lat' dir='ltr'>in</span> <span class='ocrx_word' id='word_1_49' title='bbox 705 1132 867 1172; x_wconf 91' lang='lat' dir='ltr'><strong>suum</strong></span> <span class='ocrx_word' id='word_1_50' title='bbox 899 1130 1105 1185; x_wconf 85' lang='lat' dir='ltr'><strong>equum</strong></span> <span class='ocrx_word' id='word_1_51' title='bbox 1137 1115 1380 1168; x_wconf 81' lang='lat' dir='ltr'><strong>attollit:</strong></span> <span class='ocrx_word' id='word_1_52' title='bbox 1436 1128 1547 1183; x_wconf 91' lang='lat' dir='ltr'>quo</span> <span class='ocrx_word' id='word_1_53' title='bbox 1598 1113 1644 1166; x_wconf 90' lang='lat' dir='ltr'>is</span> <span class='ocrx_word' id='word_1_54' title='bbox 1677 1127 2001 1179; x_wconf 87' lang='lat' dir='ltr'><strong>conscenso,</strong></span> 
     </span>
    </p>
   </div>
   <div class='ocr_carea' id='block_1_9' title="bbox 419 1203 2003 1277">
    <p class='ocr_par' dir='ltr' id='par_1_9' title="bbox 419 1203 2003 1277">
     <span class='ocr_line' id='line_1_9' title="bbox 419 1203 2003 1277; baseline -0.003 -16"><span class='ocrx_word' id='word_1_55' title='bbox 419 1207 568 1261; x_wconf 84' lang='lat' dir='ltr'><strong>videt</strong></span> <span class='ocrx_word' id='word_1_56' title='bbox 597 1207 883 1277; x_wconf 51' lang='lat' dir='ltr'><strong>[Egyptios</strong></span> <span class='ocrx_word' id='word_1_57' title='bbox 911 1207 1114 1276; x_wconf 88' lang='lat' dir='ltr'><strong>passim</strong></span> <span class='ocrx_word' id='word_1_58' title='bbox 1149 1205 1324 1259; x_wconf 70' lang='lat' dir='ltr'><strong>caedi:</strong></span> <span class='ocrx_word' id='word_1_59' title='bbox 1365 1213 1423 1258; x_wconf 89' lang='lat' dir='ltr'>et</span> <span class='ocrx_word' id='word_1_60' title='bbox 1457 1204 1524 1258; x_wconf 90' lang='lat' dir='ltr'>ad</span> <span class='ocrx_word' id='word_1_61' title='bbox 1559 1203 1845 1257; x_wconf 78' lang='lat' dir='ltr'><strong>machinas</strong></span> <span class='ocrx_word' id='word_1_62' title='bbox 1873 1219 2003 1272; x_wconf 91' lang='lat' dir='ltr'><strong>pro-</strong></span> 
     </span>
    </p>
   </div>
   <div class='ocr_carea' id='block_1_10' title="bbox 416 1294 2002 1365">
    <p class='ocr_par' dir='ltr' id='par_1_10' title="bbox 416 1294 2002 1365">
     <span class='ocr_line' id='line_1_10' title="bbox 416 1294 2002 1365; baseline -0.001 -14"><span class='ocrx_word' id='word_1_63' title='bbox 416 1308 630 1363; x_wconf 84' lang='lat' dir='ltr'><strong>vectus,</strong></span> <span class='ocrx_word' id='word_1_64' title='bbox 665 1298 804 1352; x_wconf 90' lang='lat' dir='ltr'><strong>turri</strong></span> <span class='ocrx_word' id='word_1_65' title='bbox 833 1311 1160 1359; x_wconf 85' lang='lat' dir='ltr'><strong>conscensa,</strong></span> <span class='ocrx_word' id='word_1_66' title='bbox 1209 1294 1473 1365; x_wconf 81' lang='lat' dir='ltr'><strong>prospicit</strong></span> <span class='ocrx_word' id='word_1_67' title='bbox 1498 1309 1752 1364; x_wconf 81' lang='lat' dir='ltr'><strong>campum</strong></span> <span class='ocrx_word' id='word_1_68' title='bbox 1782 1295 2002 1364; x_wconf 88' lang='lat' dir='ltr'><strong>plenum</strong></span> 
     </span>
    </p>
   </div>
   <div class='ocr_carea' id='block_1_11' title="bbox 415 1388 2002 1462">
    <p class='ocr_par' dir='ltr' id='par_1_11' title="bbox 415 1388 2002 1462">
     <span class='ocr_line' id='line_1_11' title="bbox 415 1388 2002 1462; baseline -0.003 -15"><span class='ocrx_word' id='word_1_69' title='bbox 415 1408 708 1462; x_wconf 88' lang='lat' dir='ltr'><strong>equorum,</strong></span> <span class='ocrx_word' id='word_1_70' title='bbox 745 1391 1056 1452; x_wconf 79' lang='lat' dir='ltr'><strong>hominum,</strong></span> <span class='ocrx_word' id='word_1_71' title='bbox 1101 1403 1394 1454; x_wconf 90' lang='lat' dir='ltr'><strong>curruum,</strong></span> <span class='ocrx_word' id='word_1_72' title='bbox 1424 1388 1776 1459; x_wconf 80' lang='lat' dir='ltr'><strong>fugientium,</strong></span> <span class='ocrx_word' id='word_1_73' title='bbox 1812 1403 2002 1457; x_wconf 86' lang='lat' dir='ltr'><strong>perse-</strong></span> 
     </span>
    </p>
   </div>
   <div class='ocr_carea' id='block_1_12' title="bbox 415 1480 2003 1554">
    <p class='ocr_par' dir='ltr' id='par_1_12' title="bbox 415 1480 2003 1554">
     <span class='ocr_line' id='line_1_12' title="bbox 415 1480 2003 1554; baseline -0.002 -18"><span class='ocrx_word' id='word_1_74' title='bbox 415 1484 732 1554; x_wconf 88' lang='lat' dir='ltr'><strong>quentium,</strong></span> <span class='ocrx_word' id='word_1_75' title='bbox 764 1481 1134 1546; x_wconf 81' lang='lat' dir='ltr'><strong>vincentium,</strong></span> <span class='ocrx_word' id='word_1_76' title='bbox 1157 1480 1455 1544; x_wconf 85' lang='lat' dir='ltr'><strong>victorum,</strong></span> <span class='ocrx_word' id='word_1_77' title='bbox 1487 1494 1669 1549; x_wconf 82' lang='lat' dir='ltr'><strong>neque</strong></span> <span class='ocrx_word' id='word_1_78' title='bbox 1697 1481 2003 1550; x_wconf 76' lang='lat' dir='ltr'><strong>quidquam</strong></span> 
     </span>
    </p>
   </div>
   <div class='ocr_carea' id='block_1_13' title="bbox 415 1571 2004 1643">
    <p class='ocr_par' dir='ltr' id='par_1_13' title="bbox 415 1571 2004 1643">
     <span class='ocr_line' id='line_1_13' title="bbox 415 1571 2004 1643; baseline -0.001 -17"><span class='ocrx_word' id='word_1_79' title='bbox 415 1573 653 1643; x_wconf 86' lang='lat' dir='ltr'><strong>amplius</strong></span> <span class='ocrx_word' id='word_1_80' title='bbox 703 1587 934 1628; x_wconf 88' lang='lat' dir='ltr'><strong>cernere</strong></span> <span class='ocrx_word' id='word_1_81' title='bbox 980 1579 1223 1642; x_wconf 87' lang='lat' dir='ltr'><strong>poterat,</strong></span> <span class='ocrx_word' id='word_1_82' title='bbox 1283 1571 1432 1640; x_wconf 90' lang='lat' dir='ltr'><strong>quod</strong></span> <span class='ocrx_word' id='word_1_83' title='bbox 1493 1583 1758 1637; x_wconf 87' lang='lat' dir='ltr'><strong>maneret,</strong></span> <span class='ocrx_word' id='word_1_84' title='bbox 1804 1581 2004 1641; x_wconf 71' lang='lat' dir='ltr'><strong>praeter</strong></span> 
     </span>
    </p>
   </div>
   <div class='ocr_carea' id='block_1_14' title="bbox 420 1663 1998 1736">
    <p class='ocr_par' dir='ltr' id='par_1_14' title="bbox 420 1663 1998 1736">
     <span class='ocr_line' id='line_1_14' title="bbox 420 1663 1998 1736; baseline -0.001 -17"><span class='ocrx_word' id='word_1_85' title='bbox 420 1666 576 1736; x_wconf 78' lang='lat'>162</span> <span class='ocrx_word' id='word_1_86' title='bbox 611 1667 786 1720; x_wconf 80' lang='lat' dir='ltr'><strong>aciem</strong></span> <span class='ocrx_word' id='word_1_87' title='bbox 820 1663 1227 1736; x_wconf 68' lang='lat' dir='ltr'><strong>Egyptiorum,</strong></span> <span class='ocrx_word' id='word_1_88' title='bbox 1261 1663 1355 1733; x_wconf 91' lang='lat' dir='ltr'>qui</span> <span class='ocrx_word' id='word_1_89' title='bbox 1384 1663 1626 1732; x_wconf 88' lang='lat' dir='ltr'><strong>undique</strong></span> <span class='ocrx_word' id='word_1_90' title='bbox 1651 1663 1998 1728; x_wconf 89' lang='lat' dir='ltr'><strong>circumdati,</strong></span> 
     </span>
    </p>
   </div>
   <div class='ocr_carea' id='block_1_15' title="bbox 415 1754 1994 1828">
    <p class='ocr_par' dir='ltr' id='par_1_15' title="bbox 415 1754 1994 1828">
     <span class='ocr_line' id='line_1_15' title="bbox 415 1754 1994 1828; baseline 0 -18"><span class='ocrx_word' id='word_1_91' title='bbox 415 1757 521 1810; x_wconf 92' lang='lat' dir='ltr'>sub</span> <span class='ocrx_word' id='word_1_92' title='bbox 549 1757 762 1828; x_wconf 84' lang='lat' dir='ltr'><strong>clypeis</strong></span> <span class='ocrx_word' id='word_1_93' title='bbox 797 1757 1106 1812; x_wconf 86' lang='lat' dir='ltr'><strong>sedebant:</strong></span> <span class='ocrx_word' id='word_1_94' title='bbox 1147 1754 1385 1825; x_wconf 78' lang='lat' dir='ltr'><strong>cumque</strong></span> <span class='ocrx_word' id='word_1_95' title='bbox 1424 1756 1538 1826; x_wconf 87' lang='lat' dir='ltr'><strong>jam</strong></span> <span class='ocrx_word' id='word_1_96' title='bbox 1579 1755 1716 1809; x_wconf 89' lang='lat' dir='ltr'><strong>nihil</strong></span> <span class='ocrx_word' id='word_1_97' title='bbox 1749 1764 1994 1826; x_wconf 83' lang='lat' dir='ltr'><strong>agerent,</strong></span> 
     </span>
    </p>
   </div>
   <div class='ocr_carea' id='block_1_16' title="bbox 1700 362 2380 424">
    <p class='ocr_par' dir='ltr' id='par_1_16' title="bbox 1700 362 2380 424">
     <span class='ocr_line' id='line_1_16' title="bbox 1700 362 2380 424; baseline 0 -1"><span class='ocrx_word' id='word_1_98' title='bbox 1700 362 2021 424; x_wconf 67' lang='lat' dir='ltr'>JOANNIS</span> <span class='ocrx_word' id='word_1_99' title='bbox 2060 362 2380 424; x_wconf 56' lang='lat' dir='ltr'>ZONARFE</span> 
     </span>
    </p>
   </div>
   <div class='ocr_carea' id='block_1_17' title="bbox 417 465 2002 549">
    <p class='ocr_par' dir='ltr' id='par_1_17' title="bbox 417 475 1998 548">
     <span class='ocr_line' id='line_1_17' title="bbox 417 475 1998 548; baseline -0.004 -16"><span class='ocrx_word' id='word_1_100' title='bbox 417 493 557 548; x_wconf 85' lang='lat' dir='ltr'><strong>quos</strong></span> <span class='ocrx_word' id='word_1_101' title='bbox 604 492 793 531; x_wconf 89' lang='lat' dir='ltr'><strong>secum</strong></span> <span class='ocrx_word' id='word_1_102' title='bbox 831 475 1067 531; x_wconf 72' lang='lat' dir='ltr'><strong>habebat</strong></span> <span class='ocrx_word' id='word_1_103' title='bbox 1116 475 1271 546; x_wconf 86' lang='lat' dir='ltr'><strong>sequi</strong></span> <span class='ocrx_word' id='word_1_104' title='bbox 1320 475 1510 548; x_wconf 81' lang='lat' dir='ltr'><strong>jussis,</strong></span> <span class='ocrx_word' id='word_1_105' title='bbox 1555 476 1744 531; x_wconf 86' lang='lat' dir='ltr'><strong>hostes</strong></span> <span class='ocrx_word' id='word_1_106' title='bbox 1785 493 1815 530; x_wconf 88' lang='lat' dir='ltr'>a</span> <span class='ocrx_word' id='word_1_107' title='bbox 1843 486 1998 545; x_wconf 76' lang='lat' dir='ltr'><strong>tergo</strong></span> 
     </span>
    </p>
   </div>
   <div class='ocr_carea' id='block_1_18' title="bbox 2106 465 3788 549">
    <p class='ocr_par' dir='ltr' id='par_1_18' title="bbox 2106 465 3788 549">
     <span class='ocr_line' id='line_1_18' title="bbox 2106 465 3788 549; baseline 0.001 -21"><span class='ocrx_word' id='word_1_108' title='bbox 2106 477 2157 528; x_wconf 74' lang='grc' dir='ltr'>δὲ</span> <span class='ocrx_word' id='word_1_109' title='bbox 2189 474 2298 528; x_wconf 79' lang='grc' dir='ltr'>τῶν</span> <span class='ocrx_word' id='word_1_110' title='bbox 2325 474 2818 528; x_wconf 76' lang='grc' dir='ltr'>συνεισϐαλόντων.</span> <span class='ocrx_word' id='word_1_111' title='bbox 2849 473 2961 528; x_wconf 88' lang='lat' dir='ltr'>Kal</span> <span class='ocrx_word' id='word_1_112' title='bbox 2983 465 3130 527; x_wconf 68' lang='grc' dir='ltr'>οὗτοι</span> <span class='ocrx_word' id='word_1_113' title='bbox 3155 474 3254 545; x_wconf 84' lang='grc' dir='ltr'>μὲν</span> <span class='ocrx_word' id='word_1_114' title='bbox 3279 476 3692 549; x_wconf 75' lang='grc' dir='ltr'>κατεκόπησαν.</span> <span class='ocrx_word' id='word_1_115' title='bbox 3785 495 3788 497; x_wconf 45' lang='grc' dir='ltr'>ν</span> 
     </span>
    </p>
   </div>
   <div class='ocr_carea' id='block_1_19' title="bbox 3582 363 3693 428">
    <p class='ocr_par' dir='ltr' id='par_1_19' title="bbox 3582 363 3693 428">
     <span class='ocr_line' id='line_1_19' title="bbox 3582 363 3693 428; baseline 0 -1"><span class='ocrx_word' id='word_1_116' title='bbox 3582 363 3693 428; x_wconf 76' lang='grc' dir='ltr'>εθθ</span> 
     </span>
    </p>
   </div>
   <div class='ocr_carea' id='block_1_20' title="bbox 2107 565 3694 638">
    <p class='ocr_par' dir='ltr' id='par_1_20' title="bbox 2107 565 3694 638">
     <span class='ocr_line' id='line_1_20' title="bbox 2107 565 3694 638; baseline 0.001 -18"><span class='ocrx_word' id='word_1_117' title='bbox 2107 568 2168 620; x_wconf 89' lang='grc' dir='ltr'>Οί</span> <span class='ocrx_word' id='word_1_118' title='bbox 2200 568 2255 620; x_wconf 81' lang='grc' dir='ltr'>δὲ</span> <span class='ocrx_word' id='word_1_119' title='bbox 2292 568 2500 637; x_wconf 79' lang='grc' dir='ltr'>Πέρσαι</span> <span class='ocrx_word' id='word_1_120' title='bbox 2532 566 3010 635; x_wconf 87' lang='grc' dir='ltr'>συνεπισπώμενοι</span> <span class='ocrx_word' id='word_1_121' title='bbox 3049 565 3190 636; x_wconf 84' lang='lat'>(99),</span> <span class='ocrx_word' id='word_1_122' title='bbox 3241 566 3371 630; x_wconf 85' lang='grc' dir='ltr'>τοὺς</span> <span class='ocrx_word' id='word_1_123' title='bbox 3404 567 3505 638; x_wconf 80' lang='grc' dir='ltr'>μὲν</span> <span class='ocrx_word' id='word_1_124' title='bbox 3533 586 3694 622; x_wconf 80' lang='grc' dir='ltr'>τετα-</span> 
     </span>
    </p>
   </div>
   <div class='ocr_carea' id='block_1_21' title="bbox 2110 656 3693 730">
    <p class='ocr_par' dir='ltr' id='par_1_21' title="bbox 2110 656 3693 730">
     <span class='ocr_line' id='line_1_21' title="bbox 2110 656 3693 730; baseline 0.003 -21"><span class='ocrx_word' id='word_1_125' title='bbox 2110 659 2418 728; x_wconf 86' lang='grc' dir='ltr'>ραγμένους</span> <span class='ocrx_word' id='word_1_126' title='bbox 2448 657 2558 711; x_wconf 84' lang='grc' dir='ltr'>τῶν</span> <span class='ocrx_word' id='word_1_127' title='bbox 2583 656 2902 724; x_wconf 75' lang='grc' dir='ltr'>Αἰγυπτίων</span> <span class='ocrx_word' id='word_1_128' title='bbox 2927 656 3184 725; x_wconf 79' lang='grc' dir='ltr'>ἐφόνευον</span> <span class='ocrx_word' id='word_1_129' title='bbox 3208 673 3222 689; x_wconf 79' lang='grc' dir='ltr'><strong>ο</strong></span> <span class='ocrx_word' id='word_1_130' title='bbox 3258 658 3308 710; x_wconf 91' lang='grc' dir='ltr'>οἰ</span> <span class='ocrx_word' id='word_1_131' title='bbox 3339 657 3396 710; x_wconf 83' lang='grc' dir='ltr'>δὲ</span> <span class='ocrx_word' id='word_1_132' title='bbox 3428 675 3693 730; x_wconf 83' lang='grc' dir='ltr'>συνεστη-</span> 
     </span>
    </p>
   </div>
   <div class='ocr_carea' id='block_1_22' title="bbox 2107 749 3693 822">
    <p class='ocr_par' dir='ltr' id='par_1_22' title="bbox 2107 749 3693 822">
     <span class='ocr_line' id='line_1_22' title="bbox 2107 749 3693 822; baseline 0.001 -20"><span class='ocrx_word' id='word_1_133' title='bbox 2107 752 2263 813; x_wconf 85' lang='grc' dir='ltr'>κότες</span> <span class='ocrx_word' id='word_1_134' title='bbox 2295 789 2308 813; x_wconf 94' lang='grc'>,</span> <span class='ocrx_word' id='word_1_135' title='bbox 2365 750 2608 803; x_wconf 82' lang='grc' dir='ltr'>ἐναντίον</span> <span class='ocrx_word' id='word_1_136' title='bbox 2663 752 2776 813; x_wconf 81' lang='grc' dir='ltr'>τοῖς</span> <span class='ocrx_word' id='word_1_137' title='bbox 2835 749 3074 820; x_wconf 81' lang='grc' dir='ltr'>Πέρσαις</span> <span class='ocrx_word' id='word_1_138' title='bbox 3127 751 3394 820; x_wconf 79' lang='grc' dir='ltr'>ἐχώρουν,</span> <span class='ocrx_word' id='word_1_139' title='bbox 3446 749 3576 804; x_wconf 73' lang='grc' dir='ltr'>ἔνθα</span> <span class='ocrx_word' id='word_1_140' title='bbox 3626 751 3693 822; x_wconf 79' lang='grc' dir='ltr'>δὴ</span> 
     </span>
    </p>
   </div>
   <div class='ocr_carea' id='block_1_23' title="bbox 2105 839 3689 914">
    <p class='ocr_par' dir='ltr' id='par_1_23' title="bbox 2105 839 3689 914">
     <span class='ocr_line' id='line_1_23' title="bbox 2105 839 3689 914; baseline -0.001 -19"><span class='ocrx_word' id='word_1_141' title='bbox 2105 843 2252 914; x_wconf 82' lang='grc' dir='ltr'>δεινὴ</span> <span class='ocrx_word' id='word_1_142' title='bbox 2323 843 2474 914; x_wconf 85' lang='grc' dir='ltr'>μάχη</span> <span class='ocrx_word' id='word_1_143' title='bbox 2522 839 2610 914; x_wconf 74' lang='grc' dir='ltr'>ἦν.</span> <span class='ocrx_word' id='word_1_144' title='bbox 2664 842 3093 895; x_wconf 84' lang='grc' dir='ltr'>Ἐπλεονέκτουν</span> <span class='ocrx_word' id='word_1_145' title='bbox 3149 842 3206 896; x_wconf 82' lang='grc' dir='ltr'>δὲ</span> <span class='ocrx_word' id='word_1_146' title='bbox 3264 844 3316 895; x_wconf 86' lang='grc' dir='ltr'>οἰ</span> <span class='ocrx_word' id='word_1_147' title='bbox 3374 842 3689 912; x_wconf 77' lang='grc' dir='ltr'>Αἰγύπτιοι,</span> 
     </span>
    </p>
   </div>
   <div class='ocr_carea' id='block_1_24' title="bbox 2107 933 3692 1006">
    <p class='ocr_par' dir='ltr' id='par_1_24' title="bbox 2107 933 3692 1006">
     <span class='ocr_line' id='line_1_24' title="bbox 2107 933 3692 1006; baseline 0.001 -19"><span class='ocrx_word' id='word_1_148' title='bbox 2107 937 2202 988; x_wconf 76' lang='grc' dir='ltr'>καὶ</span> <span class='ocrx_word' id='word_1_149' title='bbox 2264 935 2482 1006; x_wconf 84' lang='grc' dir='ltr'>πλήθει,</span> <span class='ocrx_word' id='word_1_150' title='bbox 2537 936 2629 987; x_wconf 76' lang='grc' dir='ltr'>καὶ</span> <span class='ocrx_word' id='word_1_151' title='bbox 2674 937 2790 997; x_wconf 82' lang='grc' dir='ltr'>τοῖς</span> <span class='ocrx_word' id='word_1_152' title='bbox 2838 933 3047 996; x_wconf 80' lang='grc' dir='ltr'>ὅπλοις.</span> <span class='ocrx_word' id='word_1_153' title='bbox 3100 935 3165 988; x_wconf 90' lang='grc' dir='ltr'>Οί</span> <span class='ocrx_word' id='word_1_154' title='bbox 3215 934 3272 986; x_wconf 84' lang='grc' dir='ltr'>δὲ</span> <span class='ocrx_word' id='word_1_155' title='bbox 3332 934 3544 1005; x_wconf 83' lang='grc' dir='ltr'>Πέρσαι</span> <span class='ocrx_word' id='word_1_156' title='bbox 3588 936 3692 988; x_wconf 82' lang='grc' dir='ltr'>οὐκ</span> 
     </span>
    </p>
   </div>
   <div class='ocr_carea' id='block_1_25' title="bbox 2105 1025 3689 1098">
    <p class='ocr_par' dir='ltr' id='par_1_25' title="bbox 2105 1025 3689 1098">
     <span class='ocr_line' id='line_1_25' title="bbox 2105 1025 3689 1098; baseline -0.001 -18"><span class='ocrx_word' id='word_1_157' title='bbox 2105 1027 2372 1098; x_wconf 71' lang='grc' dir='ltr'>ἠδύναντο</span> <span class='ocrx_word' id='word_1_158' title='bbox 2433 1027 2718 1097; x_wconf 84' lang='grc' dir='ltr'>ἀντέχειν,</span> <span class='ocrx_word' id='word_1_159' title='bbox 2786 1026 2906 1079; x_wconf 85' lang='grc' dir='ltr'>ἀλλ’</span> <span class='ocrx_word' id='word_1_160' title='bbox 2961 1025 3057 1078; x_wconf 76' lang='grc' dir='ltr'>ἐπὶ</span> <span class='ocrx_word' id='word_1_161' title='bbox 3114 1026 3253 1079; x_wconf 82' lang='grc' dir='ltr'>πόδα</span> <span class='ocrx_word' id='word_1_162' title='bbox 3318 1025 3689 1097; x_wconf 68' lang='grc' dir='ltr'>ἀνεχάζοντο,</span> 
     </span>
    </p>
   </div>
   <div class='ocr_carea' id='block_1_26' title="bbox 2107 1116 3693 1188">
    <p class='ocr_par' dir='ltr' id='par_1_26' title="bbox 2107 1116 3693 1188">
     <span class='ocr_line' id='line_1_26' title="bbox 2107 1116 3693 1188; baseline -0.001 -16"><span class='ocrx_word' id='word_1_163' title='bbox 2107 1120 2364 1180; x_wconf 82' lang='grc' dir='ltr'>παίοντες</span> <span class='ocrx_word' id='word_1_164' title='bbox 2415 1119 2510 1172; x_wconf 77' lang='grc' dir='ltr'>καὶ</span> <span class='ocrx_word' id='word_1_165' title='bbox 2567 1118 2900 1187; x_wconf 76' lang='grc' dir='ltr'>παιόμενοι,</span> <span class='ocrx_word' id='word_1_166' title='bbox 2952 1117 3058 1179; x_wconf 71' lang='grc' dir='ltr'>ἕως</span> <span class='ocrx_word' id='word_1_167' title='bbox 3093 1116 3204 1169; x_wconf 83' lang='grc' dir='ltr'>ὑπὸ</span> <span class='ocrx_word' id='word_1_168' title='bbox 3255 1119 3373 1180; x_wconf 86' lang='grc' dir='ltr'>ταῖς</span> <span class='ocrx_word' id='word_1_169' title='bbox 3419 1121 3693 1188; x_wconf 83' lang='grc' dir='ltr'>μηχαναῖς</span> 
     </span>
    </p>
   </div>
   <div class='ocr_carea' id='block_1_27' title="bbox 2108 1200 3692 1281">
    <p class='ocr_par' dir='ltr' id='par_1_27' title="bbox 2108 1200 3692 1281">
     <span class='ocr_line' id='line_1_27' title="bbox 2108 1200 3692 1281; baseline -0.001 -17"><span class='ocrx_word' id='word_1_170' title='bbox 2108 1213 2379 1280; x_wconf 80' lang='grc' dir='ltr'>ἐγένοντο.</span> <span class='ocrx_word' id='word_1_171' title='bbox 2431 1209 2640 1264; x_wconf 74' lang='grc' dir='ltr'>Ἐπειδ³</span> <span class='ocrx_word' id='word_1_172' title='bbox 2693 1210 2932 1263; x_wconf 77' lang='grc' dir='ltr'>ἐνταῦθα</span> <span class='ocrx_word' id='word_1_173' title='bbox 2983 1205 3170 1281; x_wconf 76' lang='grc' dir='ltr'>ἦλθον,</span> <span class='ocrx_word' id='word_1_174' title='bbox 3223 1200 3483 1262; x_wconf 73' lang='grc' dir='ltr'>ἐπαίοντό</span> <span class='ocrx_word' id='word_1_175' title='bbox 3534 1205 3692 1273; x_wconf 81' lang='grc' dir='ltr'>αὖθις</span> 
     </span>
    </p>
   </div>
   <div class='ocr_carea' id='block_1_28' title="bbox 2104 1297 3691 1372">
    <p class='ocr_par' dir='ltr' id='par_1_28' title="bbox 2104 1297 3691 1372">
     <span class='ocr_line' id='line_1_28' title="bbox 2104 1297 3691 1372; baseline 0 -16"><span class='ocrx_word' id='word_1_176' title='bbox 2104 1307 2154 1356; x_wconf 80' lang='lat' dir='ltr'>ot</span> <span class='ocrx_word' id='word_1_177' title='bbox 2206 1303 2503 1372; x_wconf 80' lang='grc' dir='ltr'>Αἰγύπτιοι</span> <span class='ocrx_word' id='word_1_178' title='bbox 2561 1305 2625 1358; x_wconf 83' lang='grc' dir='ltr'>ὲκ</span> <span class='ocrx_word' id='word_1_179' title='bbox 2680 1303 2788 1356; x_wconf 89' lang='grc' dir='ltr'>τῶν</span> <span class='ocrx_word' id='word_1_180' title='bbox 2837 1303 3086 1372; x_wconf 88' lang='grc' dir='ltr'>πύργων.</span> <span class='ocrx_word' id='word_1_181' title='bbox 3122 1297 3232 1354; x_wconf 87' lang='grc' dir='ltr'>Ἦν</span> <span class='ocrx_word' id='word_1_182' title='bbox 3261 1302 3318 1355; x_wconf 84' lang='grc' dir='ltr'>δὲ</span> <span class='ocrx_word' id='word_1_183' title='bbox 3367 1301 3536 1365; x_wconf 83' lang='grc' dir='ltr'>πολὺς</span> <span class='ocrx_word' id='word_1_184' title='bbox 3589 1303 3691 1372; x_wconf 84' lang='grc' dir='ltr'>μὲν</span> 
     </span>
    </p>
   </div>
   <div class='ocr_carea' id='block_1_29' title="bbox 2105 1387 3690 1464">
    <p class='ocr_par' dir='ltr' id='par_1_29' title="bbox 2105 1387 3690 1464">
     <span class='ocr_line' id='line_1_29' title="bbox 2105 1387 3690 1464; baseline -0.003 -18"><span class='ocrx_word' id='word_1_185' title='bbox 2105 1393 2314 1464; x_wconf 86' lang='grc' dir='ltr'>ἀνδρῶν</span> <span class='ocrx_word' id='word_1_186' title='bbox 2341 1393 2524 1462; x_wconf 81' lang='grc' dir='ltr'>φόνος,</span> <span class='ocrx_word' id='word_1_187' title='bbox 2587 1393 2754 1455; x_wconf 77' lang='grc' dir='ltr'>πολὺς</span> <span class='ocrx_word' id='word_1_188' title='bbox 2808 1390 2864 1445; x_wconf 81' lang='grc' dir='ltr'>δὲ</span> <span class='ocrx_word' id='word_1_189' title='bbox 2909 1390 3116 1454; x_wconf 80' lang='grc' dir='ltr'>κτύπος</span> <span class='ocrx_word' id='word_1_190' title='bbox 3167 1389 3372 1453; x_wconf 84' lang='grc' dir='ltr'>ὃπλων,</span> <span class='ocrx_word' id='word_1_191' title='bbox 3408 1387 3581 1458; x_wconf 81' lang='grc' dir='ltr'>πολλὴ</span> <span class='ocrx_word' id='word_1_192' title='bbox 3631 1389 3690 1442; x_wconf 79' lang='grc' dir='ltr'>δὲ</span> 
     </span>
    </p>
   </div>
   <div class='ocr_carea' id='block_1_30' title="bbox 2106 1478 3687 1556">
    <p class='ocr_par' dir='ltr' id='par_1_30' title="bbox 2106 1478 3687 1556">
     <span class='ocr_line' id='line_1_30' title="bbox 2106 1478 3687 1556; baseline -0.006 -17"><span class='ocrx_word' id='word_1_193' title='bbox 2106 1487 2225 1556; x_wconf 80' lang='grc' dir='ltr'>βοή.</span> <span class='ocrx_word' id='word_1_194' title='bbox 2263 1485 2354 1538; x_wconf 86' lang='grc' dir='ltr'>Ἐν</span> <span class='ocrx_word' id='word_1_195' title='bbox 2401 1484 2458 1538; x_wconf 84' lang='grc' dir='ltr'>δὲ</span> <span class='ocrx_word' id='word_1_196' title='bbox 2504 1482 2680 1553; x_wconf 87' lang='grc' dir='ltr'>τούτῳ</span> <span class='ocrx_word' id='word_1_197' title='bbox 2717 1483 2901 1551; x_wconf 79' lang='grc' dir='ltr'>Κῦρος</span> <span class='ocrx_word' id='word_1_198' title='bbox 2938 1481 3152 1534; x_wconf 84' lang='grc' dir='ltr'>διώκων</span> <span class='ocrx_word' id='word_1_199' title='bbox 3188 1481 3316 1543; x_wconf 80' lang='grc' dir='ltr'>τοὺς</span> <span class='ocrx_word' id='word_1_200' title='bbox 3353 1479 3472 1532; x_wconf 82' lang='grc' dir='ltr'>κατ’</span> <span class='ocrx_word' id='word_1_201' title='bbox 3503 1478 3687 1543; x_wconf 77' lang='grc' dir='ltr'>αὐτὸν,</span> 
     </span>
    </p>
   </div>
   <div class='ocr_carea' id='block_1_31' title="bbox 2106 1568 3689 1647">
    <p class='ocr_par' dir='ltr' id='par_1_31' title="bbox 2106 1568 3689 1647">
     <span class='ocr_line' id='line_1_31' title="bbox 2106 1568 3689 1647; baseline -0.004 -19"><span class='ocrx_word' id='word_1_202' title='bbox 2106 1575 2496 1647; x_wconf 84' lang='grc' dir='ltr'>παραγίνεται.</span> <span class='ocrx_word' id='word_1_203' title='bbox 2533 1575 2648 1628; x_wconf 87' lang='lat' dir='ltr'>Kal</span> <span class='ocrx_word' id='word_1_204' title='bbox 2682 1572 2804 1626; x_wconf 85' lang='grc' dir='ltr'>ἰδὼν</span> <span class='ocrx_word' id='word_1_205' title='bbox 2837 1574 2964 1636; x_wconf 72' lang='grc' dir='ltr'>τοὺς</span> <span class='ocrx_word' id='word_1_206' title='bbox 3012 1573 3233 1644; x_wconf 83' lang='grc' dir='ltr'>Πέρσας</span> <span class='ocrx_word' id='word_1_207' title='bbox 3277 1572 3341 1624; x_wconf 79' lang='grc' dir='ltr'>ἐκ</span> <span class='ocrx_word' id='word_1_208' title='bbox 3375 1573 3474 1640; x_wconf 87' lang='grc' dir='ltr'>τῆς</span> <span class='ocrx_word' id='word_1_209' title='bbox 3502 1568 3689 1640; x_wconf 88' lang='grc' dir='ltr'>χώρας</span> 
     </span>
    </p>
   </div>
   <div class='ocr_carea' id='block_1_32' title="bbox 2104 1662 3686 1738">
    <p class='ocr_par' dir='ltr' id='par_1_32' title="bbox 2104 1662 3686 1738">
     <span class='ocr_line' id='line_1_32' title="bbox 2104 1662 3686 1738; baseline -0.004 -17"><span class='ocrx_word' id='word_1_210' title='bbox 2104 1669 2439 1737; x_wconf 76' lang='grc' dir='ltr'>ἐωσμένους,</span> <span class='ocrx_word' id='word_1_211' title='bbox 2466 1667 2696 1738; x_wconf 81' lang='grc' dir='ltr'>ήλγησε,</span> <span class='ocrx_word' id='word_1_212' title='bbox 2725 1667 2818 1718; x_wconf 75' lang='grc' dir='ltr'>καὶ</span> <span class='ocrx_word' id='word_1_213' title='bbox 2837 1666 3214 1736; x_wconf 81' lang='grc' dir='ltr'>παραγγείλας</span> <span class='ocrx_word' id='word_1_214' title='bbox 3237 1665 3351 1726; x_wconf 85' lang='grc' dir='ltr'>τοῖς</span> <span class='ocrx_word' id='word_1_215' title='bbox 3379 1663 3498 1733; x_wconf 85' lang='grc' dir='ltr'>μετ’</span> <span class='ocrx_word' id='word_1_216' title='bbox 3520 1662 3686 1715; x_wconf 73' lang='grc' dir='ltr'>αὑτοῦ</span> 
     </span>
    </p>
   </div>
   <div class='ocr_carea' id='block_1_33' title="bbox 2105 1753 3688 1826">
    <p class='ocr_par' dir='ltr' id='par_1_33' title="bbox 2105 1753 3688 1826">
     <span class='ocr_line' id='line_1_33' title="bbox 2105 1753 3688 1826; baseline -0.001 -17"><span class='ocrx_word' id='word_1_217' title='bbox 2105 1757 2357 1821; x_wconf 72' lang='grc' dir='ltr'>ἕπεσθαι,</span> <span class='ocrx_word' id='word_1_218' title='bbox 2393 1758 2745 1826; x_wconf 79' lang='grc' dir='ltr'>παρήλαυνεν</span> <span class='ocrx_word' id='word_1_219' title='bbox 2781 1758 2860 1819; x_wconf 85' lang='grc' dir='ltr'>εἰς</span> <span class='ocrx_word' id='word_1_220' title='bbox 2895 1755 2964 1823; x_wconf 78' lang='grc' dir='ltr'>τὰ</span> <span class='ocrx_word' id='word_1_221' title='bbox 2994 1755 3244 1819; x_wconf 77' lang='grc' dir='ltr'>ὄπισθεν,</span> <span class='ocrx_word' id='word_1_222' title='bbox 3275 1755 3371 1808; x_wconf 83' lang='grc' dir='ltr'>καὶ</span> <span class='ocrx_word' id='word_1_223' title='bbox 3403 1753 3688 1807; x_wconf 81' lang='grc' dir='ltr'>εἰσπεσόν⁶</span> 
     </span>
    </p>
   </div>
   <div class='ocr_carea' id='block_1_34' title="bbox 416 1817 2002 1919">
    <p class='ocr_par' dir='ltr' id='par_1_34' title="bbox 416 1817 1999 1918">
     <span class='ocr_line' id='line_1_34' title="bbox 416 1817 1999 1918; baseline 0 -16"><span class='ocrx_word' id='word_1_224' title='bbox 416 1850 586 1903; x_wconf 81' lang='lat' dir='ltr'><strong>multa</strong></span> <span class='ocrx_word' id='word_1_225' title='bbox 606 1817 830 1904; x_wconf 53' lang='lat' dir='ltr'><strong>acerba</strong></span> <span class='ocrx_word' id='word_1_226' title='bbox 881 1817 1337 1918; x_wconf 67' lang='lat' dir='ltr'><strong>perpetiebantur</strong></span> <span class='ocrx_word' id='word_1_227' title='bbox 1367 1886 1382 1901; x_wconf 95' lang='lat'>.</span> <span class='ocrx_word' id='word_1_228' title='bbox 1424 1817 1660 1900; x_wconf 54' lang='lat' dir='ltr'><strong>lliratus</strong></span> <span class='ocrx_word' id='word_1_229' title='bbox 1719 1817 1903 1918; x_wconf 58' lang='lat' dir='ltr'><strong>igitur,</strong></span> <span class='ocrx_word' id='word_1_230' title='bbox 1943 1817 1999 1902; x_wconf 89' lang='lat' dir='ltr'>et</span> 
     </span>
    </p>
   </div>
   <div class='ocr_carea' id='block_1_35' title="bbox 2106 1817 3689 1919">
    <p class='ocr_par' dir='ltr' id='par_1_35' title="bbox 2106 1846 3689 1919">
     <span class='ocr_line' id='line_1_35' title="bbox 2106 1846 3689 1919; baseline -0.003 -18"><span class='ocrx_word' id='word_1_231' title='bbox 2106 1865 2212 1912; x_wconf 87' lang='grc' dir='ltr'>τες,</span> <span class='ocrx_word' id='word_1_232' title='bbox 2239 1849 2465 1912; x_wconf 72' lang='grc' dir='ltr'>πολλοὺς</span> <span class='ocrx_word' id='word_1_233' title='bbox 2487 1850 2836 1902; x_wconf 82' lang='grc' dir='ltr'>κατέκαινον.</span> <span class='ocrx_word' id='word_1_234' title='bbox 2870 1850 2955 1913; x_wconf 86' lang='grc' dir='ltr'>Ὡς</span> <span class='ocrx_word' id='word_1_235' title='bbox 2979 1848 3024 1900; x_wconf 87' lang='grc' dir='ltr'>δ’</span> <span class='ocrx_word' id='word_1_236' title='bbox 3051 1848 3280 1919; x_wconf 62' lang='grc' dir='ltr'>⁴ᾔσθοντο</span> <span class='ocrx_word' id='word_1_237' title='bbox 3300 1848 3348 1901; x_wconf 84' lang='grc' dir='ltr'>οἱ</span> <span class='ocrx_word' id='word_1_238' title='bbox 3377 1846 3689 1914; x_wconf 81' lang='grc' dir='ltr'>Αἰγύπτιοι,</span> 
     </span>
    </p>
   </div>
   <div class='ocr_carea' id='block_1_36' title="bbox 417 1937 2002 2008">
    <p class='ocr_par' dir='ltr' id='par_1_36' title="bbox 417 1937 2002 2008">
     <span class='ocr_line' id='line_1_36' title="bbox 417 1937 2002 2008; baseline 0.001 -15"><span class='ocrx_word' id='word_1_239' title='bbox 417 1941 682 1994; x_wconf 86' lang='lat' dir='ltr'><strong>misertus</strong></span> <span class='ocrx_word' id='word_1_240' title='bbox 711 1954 928 2002; x_wconf 91' lang='lat' dir='ltr'><strong>eorum,</strong></span> <span class='ocrx_word' id='word_1_241' title='bbox 985 1938 1133 2008; x_wconf 90' lang='lat' dir='ltr'><strong>quod</strong></span> <span class='ocrx_word' id='word_1_242' title='bbox 1162 1938 1265 1992; x_wconf 82' lang='lat' dir='ltr'><strong>viri</strong></span> <span class='ocrx_word' id='word_1_243' title='bbox 1303 1939 1475 1992; x_wconf 79' lang='lat' dir='ltr'><strong>fortes</strong></span> <span class='ocrx_word' id='word_1_244' title='bbox 1522 1937 1835 2002; x_wconf 86' lang='lat' dir='ltr'><strong>interirent,</strong></span> <span class='ocrx_word' id='word_1_245' title='bbox 1869 1954 2002 1994; x_wconf 89' lang='lat' dir='ltr'><strong>suos</strong></span> 
     </span>
    </p>
   </div>
   <div class='ocr_carea' id='block_1_37' title="bbox 417 2026 1998 2097">
    <p class='ocr_par' dir='ltr' id='par_1_37' title="bbox 417 2026 1998 2097">
     <span class='ocr_line' id='line_1_37' title="bbox 417 2026 1998 2097; baseline 0.002 -19"><span class='ocrx_word' id='word_1_246' title='bbox 417 2041 446 2078; x_wconf 92' lang='lat' dir='ltr'>a</span> <span class='ocrx_word' id='word_1_247' title='bbox 484 2042 666 2096; x_wconf 82' lang='lat' dir='ltr'><strong>pugna</strong></span> <span class='ocrx_word' id='word_1_248' title='bbox 717 2027 966 2091; x_wconf 87' lang='lat' dir='ltr'><strong>cohibet,</strong></span> <span class='ocrx_word' id='word_1_249' title='bbox 1019 2042 1084 2081; x_wconf 86' lang='lat' dir='ltr'>ac</span> <span class='ocrx_word' id='word_1_250' title='bbox 1132 2026 1483 2096; x_wconf 68' lang='lat' dir='ltr'><strong>praconibus</strong></span> <span class='ocrx_word' id='word_1_251' title='bbox 1531 2027 1776 2082; x_wconf 57' lang='lat' dir='ltr'><strong>dimissis</strong></span> <span class='ocrx_word' id='word_1_252' title='bbox 1825 2036 1998 2097; x_wconf 82' lang='lat' dir='ltr'><strong>rogat,</strong></span> 
     </span>
    </p>
   </div>
   <div class='ocr_carea' id='block_1_38' title="bbox 417 2117 1998 2188">
    <p class='ocr_par' dir='ltr' id='par_1_38' title="bbox 417 2117 1998 2188">
     <span class='ocr_line' id='line_1_38' title="bbox 417 2117 1998 2188; baseline 0.001 -16"><span class='ocrx_word' id='word_1_253' title='bbox 417 2134 550 2172; x_wconf 87' lang='lat' dir='ltr'>num</span> <span class='ocrx_word' id='word_1_254' title='bbox 590 2118 772 2188; x_wconf 87' lang='lat' dir='ltr'><strong>perire</strong></span> <span class='ocrx_word' id='word_1_255' title='bbox 804 2118 1017 2182; x_wconf 88' lang='lat' dir='ltr'><strong>malint,</strong></span> <span class='ocrx_word' id='word_1_256' title='bbox 1045 2133 1113 2173; x_wconf 85' lang='lat' dir='ltr'>an</span> <span class='ocrx_word' id='word_1_257' title='bbox 1143 2119 1482 2173; x_wconf 82' lang='lat' dir='ltr'><strong>conservari.</strong></span> <span class='ocrx_word' id='word_1_258' title='bbox 1509 2117 1582 2172; x_wconf 92' lang='lat' dir='ltr'><strong>Iis</strong></span> <span class='ocrx_word' id='word_1_259' title='bbox 1602 2118 1998 2186; x_wconf 69' lang='lat' dir='ltr'><strong>quaarentibus,</strong></span> 
     </span>
    </p>
   </div>
   <div class='ocr_carea' id='block_1_39' title="bbox 417 2211 2004 2280">
    <p class='ocr_par' dir='ltr' id='par_1_39' title="bbox 417 2211 2004 2280">
     <span class='ocr_line' id='line_1_39' title="bbox 417 2211 2004 2280; baseline 0.001 -16"><span class='ocrx_word' id='word_1_260' title='bbox 417 2227 526 2280; x_wconf 87' lang='lat' dir='ltr'>qua</span> <span class='ocrx_word' id='word_1_261' title='bbox 560 2211 818 2266; x_wconf 88' lang='lat' dir='ltr'><strong>mercede</strong></span> <span class='ocrx_word' id='word_1_262' title='bbox 849 2212 1079 2266; x_wconf 82' lang='lat' dir='ltr'><strong>salutem</strong></span> <span class='ocrx_word' id='word_1_263' title='bbox 1123 2211 1398 2266; x_wconf 87' lang='lat' dir='ltr'><strong>redimere</strong></span> <span class='ocrx_word' id='word_1_264' title='bbox 1443 2211 1714 2280; x_wconf 87' lang='lat' dir='ltr'><strong>possunt?</strong></span> <span class='ocrx_word' id='word_1_265' title='bbox 1756 2211 2004 2280; x_wconf 78' lang='lat' dir='ltr'><strong>Respon-</strong></span> 
     </span>
    </p>
   </div>
   <div class='ocr_carea' id='block_1_40' title="bbox 417 2301 2001 2374">
    <p class='ocr_par' dir='ltr' id='par_1_40' title="bbox 417 2301 2001 2374">
     <span class='ocr_line' id='line_1_40' title="bbox 417 2301 2001 2374; baseline 0 -18"><span class='ocrx_word' id='word_1_266' title='bbox 417 2301 731 2374; x_wconf 27' lang='lat' dir='ltr'><strong>det&#39;Cyrus,</strong></span> <span class='ocrx_word' id='word_1_267' title='bbox 757 2304 802 2358; x_wconf 92' lang='lat' dir='ltr'>si</span> <span class='ocrx_word' id='word_1_268' title='bbox 829 2318 981 2358; x_wconf 87' lang='lat' dir='ltr'><strong>arma</strong></span> <span class='ocrx_word' id='word_1_269' title='bbox 1016 2303 1121 2358; x_wconf 86' lang='lat' dir='ltr'><strong>sibi</strong></span> <span class='ocrx_word' id='word_1_270' title='bbox 1152 2303 1452 2367; x_wconf 87' lang='lat' dir='ltr'><strong>traderent,</strong></span> <span class='ocrx_word' id='word_1_271' title='bbox 1481 2303 1575 2373; x_wconf 91' lang='lat' dir='ltr'>qui</span> <span class='ocrx_word' id='word_1_272' title='bbox 1604 2319 1729 2357; x_wconf 89' lang='lat' dir='ltr'>cum</span> <span class='ocrx_word' id='word_1_273' title='bbox 1756 2318 1852 2357; x_wconf 91' lang='lat' dir='ltr'>eos</span> <span class='ocrx_word' id='word_1_274' title='bbox 1876 2318 2001 2373; x_wconf 86' lang='lat' dir='ltr'><strong>per-</strong></span> 
     </span>
    </p>
   </div>
   <div class='ocr_carea' id='block_1_41' title="bbox 417 2393 2000 2465">
    <p class='ocr_par' dir='ltr' id='par_1_41' title="bbox 417 2393 2000 2465">
     <span class='ocr_line' id='line_1_41' title="bbox 417 2393 2000 2465; baseline 0.001 -18"><span class='ocrx_word' id='word_1_275' title='bbox 417 2393 548 2449; x_wconf 83' lang='lat' dir='ltr'><strong>dere</strong></span> <span class='ocrx_word' id='word_1_276' title='bbox 573 2405 780 2464; x_wconf 90' lang='lat' dir='ltr'><strong>posset,</strong></span> <span class='ocrx_word' id='word_1_277' title='bbox 835 2403 1194 2450; x_wconf 79' lang='lat' dir='ltr'><strong>conservatos</strong></span> <span class='ocrx_word' id='word_1_278' title='bbox 1226 2394 1415 2448; x_wconf 86' lang='lat' dir='ltr'><strong>mallet</strong></span> <span class='ocrx_word' id='word_1_279' title='bbox 1441 2412 1456 2450; x_wconf 96' lang='lat'>:</span> <span class='ocrx_word' id='word_1_280' title='bbox 1495 2409 1607 2465; x_wconf 91' lang='lat' dir='ltr'>quo</span> <span class='ocrx_word' id='word_1_281' title='bbox 1633 2393 1870 2465; x_wconf 65' lang='lat' dir='ltr'><strong>Egyptii</strong></span> <span class='ocrx_word' id='word_1_282' title='bbox 1899 2408 2000 2448; x_wconf 87' lang='lat' dir='ltr'><strong>au-</strong></span> 
     </span>
    </p>
   </div>
   <div class='ocr_carea' id='block_1_42' title="bbox 418 2486 2016 2560">
    <p class='ocr_par' dir='ltr' id='par_1_42' title="bbox 418 2486 2016 2560">
     <span class='ocr_line' id='line_1_42' title="bbox 418 2486 2016 2560; baseline 0.002 -21"><span class='ocrx_word' id='word_1_283' title='bbox 418 2486 556 2551; x_wconf 84' lang='lat' dir='ltr'><strong>dito,</strong></span> <span class='ocrx_word' id='word_1_284' title='bbox 587 2487 746 2541; x_wconf 83' lang='lat' dir='ltr'><strong>fidem</strong></span> <span class='ocrx_word' id='word_1_285' title='bbox 772 2487 1049 2542; x_wconf 89' lang='lat' dir='ltr'><strong>dederunt</strong></span> <span class='ocrx_word' id='word_1_286' title='bbox 1093 2496 1150 2542; x_wconf 90' lang='lat' dir='ltr'>et</span> <span class='ocrx_word' id='word_1_287' title='bbox 1207 2498 1560 2559; x_wconf 79' lang='lat' dir='ltr'><strong>acceperunt.</strong></span> <span class='ocrx_word' id='word_1_288' title='bbox 1592 2488 1687 2543; x_wconf 85' lang='lat' dir='ltr'><strong>llis</strong></span> <span class='ocrx_word' id='word_1_289' title='bbox 1714 2489 1879 2543; x_wconf 88' lang='lat' dir='ltr'><strong>rebus</strong></span> <span class='ocrx_word' id='word_1_290' title='bbox 1905 2503 2016 2560; x_wconf 70' lang='grc' dir='ltr'>εοε-</span> 
     </span>
    </p>
   </div>
   <div class='ocr_carea' id='block_1_43' title="bbox 415 2577 1998 2650">
    <p class='ocr_par' dir='ltr' id='par_1_43' title="bbox 415 2577 1998 2650">
     <span class='ocr_line' id='line_1_43' title="bbox 415 2577 1998 2650; baseline 0.001 -18"><span class='ocrx_word' id='word_1_291' title='bbox 415 2577 538 2643; x_wconf 84' lang='lat' dir='ltr'><strong>stis,</strong></span> <span class='ocrx_word' id='word_1_292' title='bbox 565 2577 741 2649; x_wconf 85' lang='lat' dir='ltr'><strong>Cyrus</strong></span> <span class='ocrx_word' id='word_1_293' title='bbox 779 2580 890 2650; x_wconf 87' lang='lat' dir='ltr'><strong>jam</strong></span> <span class='ocrx_word' id='word_1_294' title='bbox 925 2580 1170 2636; x_wconf 89' lang='lat' dir='ltr'><strong>tenebris</strong></span> <span class='ocrx_word' id='word_1_295' title='bbox 1198 2581 1433 2648; x_wconf 89' lang='lat' dir='ltr'><strong>obortis,</strong></span> <span class='ocrx_word' id='word_1_296' title='bbox 1474 2581 1706 2638; x_wconf 88' lang='lat' dir='ltr'><strong>reducto</strong></span> <span class='ocrx_word' id='word_1_297' title='bbox 1729 2583 1998 2646; x_wconf 82' lang='lat' dir='ltr'><strong>exercitu,</strong></span> 
     </span>
    </p>
   </div>
   <div class='ocr_carea' id='block_1_44' title="bbox 418 2669 2001 2742">
    <p class='ocr_par' dir='ltr' id='par_1_44' title="bbox 418 2669 2001 2742">
     <span class='ocr_line' id='line_1_44' title="bbox 418 2669 2001 2742; baseline 0.004 -22"><span class='ocrx_word' id='word_1_298' title='bbox 418 2669 473 2720; x_wconf 89' lang='lat' dir='ltr'>in</span> <span class='ocrx_word' id='word_1_299' title='bbox 513 2677 694 2722; x_wconf 85' lang='lat' dir='ltr'><strong>castra</strong></span> <span class='ocrx_word' id='word_1_300' title='bbox 744 2685 803 2724; x_wconf 90' lang='lat' dir='ltr'>se</span> <span class='ocrx_word' id='word_1_301' title='bbox 848 2671 1070 2742; x_wconf 89' lang='lat' dir='ltr'><strong>recipit,</strong></span> <span class='ocrx_word' id='word_1_302' title='bbox 1125 2671 1329 2727; x_wconf 89' lang='lat' dir='ltr'><strong>milites</strong></span> <span class='ocrx_word' id='word_1_303' title='bbox 1376 2671 1578 2726; x_wconf 76' lang='lat' dir='ltr'><strong>camati</strong></span> <span class='ocrx_word' id='word_1_304' title='bbox 1613 2686 1868 2726; x_wconf 90' lang='lat' dir='ltr'><strong>somnum</strong></span> <span class='ocrx_word' id='word_1_305' title='bbox 1908 2686 2001 2726; x_wconf 84' lang='lat' dir='ltr'><strong>ca-</strong></span> 
     </span>
    </p>
   </div>
   <div class='ocr_carea' id='block_1_45' title="bbox 417 2758 2001 2828">
    <p class='ocr_par' dir='ltr' id='par_1_45' title="bbox 417 2758 2001 2828">
     <span class='ocr_line' id='line_1_45' title="bbox 417 2758 2001 2828; baseline 0.005 -16"><span class='ocrx_word' id='word_1_306' title='bbox 417 2759 600 2828; x_wconf 88' lang='lat' dir='ltr'><strong>piunt.</strong></span> <span class='ocrx_word' id='word_1_307' title='bbox 642 2758 843 2816; x_wconf 82' lang='lat' dir='ltr'><strong>Verum</strong></span> <span class='ocrx_word' id='word_1_308' title='bbox 877 2761 1106 2818; x_wconf 70' lang='lat' dir='ltr'><strong>Crmsus</strong></span> <span class='ocrx_word' id='word_1_309' title='bbox 1129 2779 1254 2819; x_wconf 92' lang='lat' dir='ltr'>cum</span> <span class='ocrx_word' id='word_1_310' title='bbox 1298 2765 1546 2818; x_wconf 82' lang='lat' dir='ltr'><strong>exercitu</strong></span> <span class='ocrx_word' id='word_1_311' title='bbox 1582 2765 1766 2819; x_wconf 89' lang='lat' dir='ltr'><strong>statim</strong></span> <span class='ocrx_word' id='word_1_312' title='bbox 1798 2763 2001 2820; x_wconf 88' lang='lat' dir='ltr'><strong>Sardes</strong></span> 
     </span>
    </p>
   </div>
   <div class='ocr_carea' id='block_1_46' title="bbox 417 2847 1998 2926">
    <p class='ocr_par' dir='ltr' id='par_1_46' title="bbox 417 2847 1998 2926">
     <span class='ocr_line' id='line_1_46' title="bbox 417 2847 1998 2926; baseline 0.013 -25"><span class='ocrx_word' id='word_1_313' title='bbox 417 2847 594 2918; x_wconf 81' lang='lat' dir='ltr'><strong>fugit:</strong></span> <span class='ocrx_word' id='word_1_314' title='bbox 635 2859 847 2907; x_wconf 57' lang='lat' dir='ltr'><strong>creterra</strong></span> <span class='ocrx_word' id='word_1_315' title='bbox 889 2863 1085 2924; x_wconf 74' lang='lat' dir='ltr'><strong>gentes</strong></span> <span class='ocrx_word' id='word_1_316' title='bbox 1127 2863 1319 2922; x_wconf 87' lang='lat' dir='ltr'><strong>noctu,</strong></span> <span class='ocrx_word' id='word_1_317' title='bbox 1345 2870 1457 2926; x_wconf 94' lang='lat' dir='ltr'>quo</span> <span class='ocrx_word' id='word_1_318' title='bbox 1499 2870 1730 2926; x_wconf 60' lang='lat' dir='ltr'><strong>quaque</strong></span> <span class='ocrx_word' id='word_1_319' title='bbox 1761 2863 1998 2925; x_wconf 58' lang='lat' dir='ltr'><strong>poterat.</strong></span> 
     </span>
    </p>
   </div>
   <div class='ocr_carea' id='block_1_47' title="bbox 416 2940 695 2996">
    <p class='ocr_par' dir='ltr' id='par_1_47' title="bbox 416 2940 695 2996">
     <span class='ocr_line' id='line_1_47' title="bbox 416 2940 695 2996; baseline 0.022 -6"><span class='ocrx_word' id='word_1_320' title='bbox 416 2940 695 2996; x_wconf 87' lang='lat' dir='ltr'><strong>abierunt.</strong></span> 
     </span>
    </p>
   </div>
   <div class='ocr_carea' id='block_1_48' title="bbox 2103 1938 3688 2011">
    <p class='ocr_par' dir='ltr' id='par_1_48' title="bbox 2103 1938 3688 2011">
     <span class='ocr_line' id='line_1_48' title="bbox 2103 1938 3688 2011; baseline 0.001 -21"><span class='ocrx_word' id='word_1_321' title='bbox 2103 1941 2451 2008; x_wconf 70' lang='grc' dir='ltr'>ἐστρέφοντο,</span> <span class='ocrx_word' id='word_1_322' title='bbox 2504 1941 2597 1992; x_wconf 78' lang='grc' dir='ltr'>καὶ</span> <span class='ocrx_word' id='word_1_323' title='bbox 2650 1939 2863 2011; x_wconf 84' lang='grc' dir='ltr'>φύρδην</span> <span class='ocrx_word' id='word_1_324' title='bbox 2919 1941 3188 2010; x_wconf 76' lang='grc' dir='ltr'>ἐμάχοντο</span> <span class='ocrx_word' id='word_1_325' title='bbox 3243 1939 3338 1992; x_wconf 78' lang='grc' dir='ltr'>καὶ</span> <span class='ocrx_word' id='word_1_326' title='bbox 3391 1938 3550 2001; x_wconf 77' lang='grc' dir='ltr'>πεζοὶ</span> <span class='ocrx_word' id='word_1_327' title='bbox 3592 1941 3688 1992; x_wconf 75' lang='grc' dir='ltr'>καὶ</span> 
     </span>
    </p>
   </div>
   <div class='ocr_carea' id='block_1_49' title="bbox 2103 2017 3688 2102">
    <p class='ocr_par' dir='ltr' id='par_1_49' title="bbox 2103 2017 3688 2102">
     <span class='ocr_line' id='line_1_49' title="bbox 2103 2017 3688 2102; baseline 0.001 -20"><span class='ocrx_word' id='word_1_328' title='bbox 2103 2032 2314 2094; x_wconf 83' lang='grc' dir='ltr'>ἱππεῖς.</span> <span class='ocrx_word' id='word_1_329' title='bbox 2366 2031 2684 2095; x_wconf 87' lang='grc' dir='ltr'>Πεπτωκὼς</span> <span class='ocrx_word' id='word_1_330' title='bbox 2716 2033 2771 2085; x_wconf 87' lang='grc' dir='ltr'>δέ</span> <span class='ocrx_word' id='word_1_331' title='bbox 2805 2051 2888 2095; x_wconf 88' lang='grc' dir='ltr'>τις</span> <span class='ocrx_word' id='word_1_332' title='bbox 2923 2033 3027 2086; x_wconf 78' lang='grc' dir='ltr'>ὑπὸ</span> <span class='ocrx_word' id='word_1_333' title='bbox 3057 2017 3151 2085; x_wconf 68' lang='grc' dir='ltr'>τοῦ</span> <span class='ocrx_word' id='word_1_334' title='bbox 3185 2033 3395 2102; x_wconf 88' lang='grc' dir='ltr'>Κύρου,</span> <span class='ocrx_word' id='word_1_335' title='bbox 3442 2031 3539 2084; x_wconf 79' lang='grc' dir='ltr'>καὶ</span> <span class='ocrx_word' id='word_1_336' title='bbox 3583 2048 3688 2084; x_wconf 85' lang='grc' dir='ltr'>πα·</span> 
     </span>
    </p>
   </div>
   <div class='ocr_carea' id='block_1_50' title="bbox 2101 2120 3688 2195">
    <p class='ocr_par' dir='ltr' id='par_1_50' title="bbox 2101 2120 3688 2195">
     <span class='ocr_line' id='line_1_50' title="bbox 2101 2120 3688 2195; baseline -0.002 -19"><span class='ocrx_word' id='word_1_337' title='bbox 2101 2123 2388 2192; x_wconf 75' lang='grc' dir='ltr'>τούμενος,</span> <span class='ocrx_word' id='word_1_338' title='bbox 2444 2125 2598 2177; x_wconf 81' lang='grc' dir='ltr'>παίει</span> <span class='ocrx_word' id='word_1_339' title='bbox 2657 2124 2906 2195; x_wconf 80' lang='grc' dir='ltr'>μαχαίρᾳ</span> <span class='ocrx_word' id='word_1_340' title='bbox 2953 2123 3094 2176; x_wconf 83' lang='grc' dir='ltr'>κατὰ</span> <span class='ocrx_word' id='word_1_341' title='bbox 3152 2121 3251 2194; x_wconf 84' lang='grc' dir='ltr'>τὴν</span> <span class='ocrx_word' id='word_1_342' title='bbox 3309 2122 3554 2192; x_wconf 82' lang='grc' dir='ltr'>γαστέρα</span> <span class='ocrx_word' id='word_1_343' title='bbox 3597 2120 3688 2174; x_wconf 78' lang='grc' dir='ltr'>τὸν</span> 
     </span>
    </p>
   </div>
   <div class='ocr_carea' id='block_1_51' title="bbox 2105 2211 3688 2284">
    <p class='ocr_par' dir='ltr' id='par_1_51' title="bbox 2105 2211 3688 2284">
     <span class='ocr_line' id='line_1_51' title="bbox 2105 2211 3688 2284; baseline -0.002 -17"><span class='ocrx_word' id='word_1_344' title='bbox 2105 2215 2271 2269; x_wconf 78' lang='grc' dir='ltr'>ἵππον</span> <span class='ocrx_word' id='word_1_345' title='bbox 2300 2215 2490 2268; x_wconf 72' lang='grc' dir='ltr'>αὑτοῦ.</span> <span class='ocrx_word' id='word_1_346' title='bbox 2535 2217 2591 2270; x_wconf 88' lang='grc' dir='ltr'>Ὀ</span> <span class='ocrx_word' id='word_1_347' title='bbox 2619 2216 2676 2268; x_wconf 73' lang='grc' dir='ltr'>δὲ</span> <span class='ocrx_word' id='word_1_348' title='bbox 2705 2216 2873 2279; x_wconf 80' lang='grc' dir='ltr'>ἵππος</span> <span class='ocrx_word' id='word_1_349' title='bbox 2904 2217 2968 2268; x_wconf 85' lang='grc' dir='ltr'>ὲκ</span> <span class='ocrx_word' id='word_1_350' title='bbox 2997 2215 3095 2284; x_wconf 82' lang='grc' dir='ltr'>τῆς</span> <span class='ocrx_word' id='word_1_351' title='bbox 3125 2213 3344 2284; x_wconf 81' lang='grc' dir='ltr'>πληγῆς</span> <span class='ocrx_word' id='word_1_352' title='bbox 3375 2211 3688 2282; x_wconf 72' lang='grc' dir='ltr'>σφαδάζων,</span> 
     </span>
    </p>
   </div>
   <div class='ocr_carea' id='block_1_52' title="bbox 2105 2305 3688 2378">
    <p class='ocr_par' dir='ltr' id='par_1_52' title="bbox 2105 2305 3688 2378">
     <span class='ocr_line' id='line_1_52' title="bbox 2105 2305 3688 2378; baseline -0.003 -18"><span class='ocrx_word' id='word_1_353' title='bbox 2105 2307 2424 2361; x_wconf 83' lang='grc' dir='ltr'>ἀποσείεται</span> <span class='ocrx_word' id='word_1_354' title='bbox 2468 2308 2560 2361; x_wconf 79' lang='grc' dir='ltr'>τὸν</span> <span class='ocrx_word' id='word_1_355' title='bbox 2595 2307 2778 2378; x_wconf 82' lang='grc' dir='ltr'>Κῦρον</span> <span class='ocrx_word' id='word_1_356' title='bbox 2811 2324 2823 2337; x_wconf 89' lang='grc'><strong>·</strong></span> <span class='ocrx_word' id='word_1_357' title='bbox 2859 2312 2954 2361; x_wconf 81' lang='grc' dir='ltr'>καὶ</span> <span class='ocrx_word' id='word_1_358' title='bbox 2985 2307 3146 2369; x_wconf 75' lang='grc' dir='ltr'>εὐθὺς</span> <span class='ocrx_word' id='word_1_359' title='bbox 3174 2306 3480 2376; x_wconf 85' lang='grc' dir='ltr'>ἀνεϐόησαν</span> <span class='ocrx_word' id='word_1_360' title='bbox 3511 2305 3688 2358; x_wconf 79' lang='grc' dir='ltr'>ἀπαν-</span> 
     </span>
    </p>
   </div>
   <div class='ocr_carea' id='block_1_53' title="bbox 2104 2393 3688 2471">
    <p class='ocr_par' dir='ltr' id='par_1_53' title="bbox 2104 2393 3688 2471">
     <span class='ocr_line' id='line_1_53' title="bbox 2104 2393 3688 2471; baseline -0.003 -19"><span class='ocrx_word' id='word_1_361' title='bbox 2104 2415 2220 2465; x_wconf 87' lang='grc' dir='ltr'>τες,</span> <span class='ocrx_word' id='word_1_362' title='bbox 2249 2401 2346 2452; x_wconf 75' lang='grc' dir='ltr'>καὶ</span> <span class='ocrx_word' id='word_1_363' title='bbox 2377 2402 2786 2471; x_wconf 81' lang='grc' dir='ltr'>προσπεσόντες</span> <span class='ocrx_word' id='word_1_364' title='bbox 2845 2401 3135 2471; x_wconf 73' lang='grc' dir='ltr'>ἐμάχοντο.</span> <span class='ocrx_word' id='word_1_365' title='bbox 3186 2398 3295 2452; x_wconf 90' lang='grc' dir='ltr'>Καί</span> <span class='ocrx_word' id='word_1_366' title='bbox 3339 2414 3422 2460; x_wconf 91' lang='grc' dir='ltr'>τις</span> <span class='ocrx_word' id='word_1_367' title='bbox 3461 2395 3572 2448; x_wconf 82' lang='grc' dir='ltr'>τῶν</span> <span class='ocrx_word' id='word_1_368' title='bbox 3592 2393 3688 2448; x_wconf 69' lang='grc' dir='ltr'>τοῦ</span> 
     </span>
    </p>
   </div>
   <div class='ocr_carea' id='block_1_54' title="bbox 2108 2485 3690 2562">
    <p class='ocr_par' dir='ltr' id='par_1_54' title="bbox 2108 2485 3690 2562">
     <span class='ocr_line' id='line_1_54' title="bbox 2108 2485 3690 2562; baseline -0.003 -20"><span class='ocrx_word' id='word_1_369' title='bbox 2108 2491 2293 2561; x_wconf 86' lang='grc' dir='ltr'>Κύρου</span> <span class='ocrx_word' id='word_1_370' title='bbox 2351 2490 2646 2562; x_wconf 83' lang='grc' dir='ltr'>ὑπηρετῶν</span> <span class='ocrx_word' id='word_1_371' title='bbox 2693 2491 3114 2562; x_wconf 83' lang='grc' dir='ltr'>καταπηδήσας,</span> <span class='ocrx_word' id='word_1_372' title='bbox 3173 2489 3471 2544; x_wconf 88' lang='grc' dir='ltr'>ἀναϐάλλει</span> <span class='ocrx_word' id='word_1_373' title='bbox 3525 2485 3690 2539; x_wconf 79' lang='grc' dir='ltr'>αὑτὸν</span> 
     </span>
    </p>
   </div>
   <div class='ocr_carea' id='block_1_55' title="bbox 2107 2579 3690 2652">
    <p class='ocr_par' dir='ltr' id='par_1_55' title="bbox 2107 2579 3690 2652">
     <span class='ocr_line' id='line_1_55' title="bbox 2107 2579 3690 2652; baseline -0.004 -17"><span class='ocrx_word' id='word_1_374' title='bbox 2107 2583 2201 2636; x_wconf 78' lang='grc' dir='ltr'>ἐπὶ</span> <span class='ocrx_word' id='word_1_375' title='bbox 2247 2583 2342 2636; x_wconf 73' lang='grc' dir='ltr'>τὸν</span> <span class='ocrx_word' id='word_1_376' title='bbox 2379 2582 2575 2636; x_wconf 79' lang='grc' dir='ltr'>ἑαυτοῦ</span> <span class='ocrx_word' id='word_1_377' title='bbox 2616 2583 2806 2638; x_wconf 82' lang='grc' dir='ltr'>ἵππον.</span> <span class='ocrx_word' id='word_1_378' title='bbox 2850 2583 2940 2646; x_wconf 78' lang='grc' dir='ltr'>Ὠς</span> <span class='ocrx_word' id='word_1_379' title='bbox 2968 2583 3015 2636; x_wconf 81' lang='grc' dir='ltr'>δ’</span> <span class='ocrx_word' id='word_1_380' title='bbox 3051 2583 3243 2652; x_wconf 85' lang='grc' dir='ltr'>ἀνέϐη,</span> <span class='ocrx_word' id='word_1_381' title='bbox 3279 2579 3492 2634; x_wconf 84' lang='grc' dir='ltr'>κατεῖδε</span> <span class='ocrx_word' id='word_1_382' title='bbox 3549 2594 3690 2631; x_wconf 82' lang='grc' dir='ltr'>παν-</span> 
     </span>
    </p>
   </div>
   <div class='ocr_carea' id='block_1_56' title="bbox 2103 2666 3689 2744">
    <p class='ocr_par' dir='ltr' id='par_1_56' title="bbox 2103 2666 3689 2744">
     <span class='ocr_line' id='line_1_56' title="bbox 2103 2666 3689 2744; baseline -0.001 -18"><span class='ocrx_word' id='word_1_383' title='bbox 2103 2674 2260 2727; x_wconf 81' lang='grc' dir='ltr'>τόθεν</span> <span class='ocrx_word' id='word_1_384' title='bbox 2299 2673 2400 2744; x_wconf 76' lang='grc' dir='ltr'>ήδη</span> <span class='ocrx_word' id='word_1_385' title='bbox 2453 2675 2785 2744; x_wconf 78' lang='grc' dir='ltr'>παιομένους</span> <span class='ocrx_word' id='word_1_386' title='bbox 2816 2675 2944 2738; x_wconf 82' lang='grc' dir='ltr'>τοὺς</span> <span class='ocrx_word' id='word_1_387' title='bbox 2966 2673 3318 2743; x_wconf 86' lang='grc' dir='ltr'>Αἰγυπτίους.</span> <span class='ocrx_word' id='word_1_388' title='bbox 3367 2669 3454 2734; x_wconf 82' lang='grc' dir='ltr'>Ὠς</span> <span class='ocrx_word' id='word_1_389' title='bbox 3492 2669 3538 2724; x_wconf 83' lang='grc' dir='ltr'>δ’</span> <span class='ocrx_word' id='word_1_390' title='bbox 3563 2666 3689 2735; x_wconf 69' lang='grc' dir='ltr'>ἐγι-</span> 
     </span>
    </p>
   </div>
   <div class='ocr_carea' id='block_1_57' title="bbox 2104 2756 3690 2837">
    <p class='ocr_par' dir='ltr' id='par_1_57' title="bbox 2104 2756 3690 2837">
     <span class='ocr_line' id='line_1_57' title="bbox 2104 2756 3690 2837; baseline -0.003 -20"><span class='ocrx_word' id='word_1_391' title='bbox 2104 2782 2226 2818; x_wconf 87' lang='grc' dir='ltr'>νετο</span> <span class='ocrx_word' id='word_1_392' title='bbox 2252 2764 2610 2836; x_wconf 83' lang='grc' dir='ltr'>παρελαύνων</span> <span class='ocrx_word' id='word_1_393' title='bbox 2655 2766 2806 2836; x_wconf 78' lang='grc' dir='ltr'>παρά</span> <span class='ocrx_word' id='word_1_394' title='bbox 2851 2766 2950 2829; x_wconf 75' lang='grc' dir='ltr'>τὰς</span> <span class='ocrx_word' id='word_1_395' title='bbox 2987 2764 3261 2837; x_wconf 85' lang='grc' dir='ltr'>μηχανὰς,</span> <span class='ocrx_word' id='word_1_396' title='bbox 3317 2760 3408 2816; x_wconf 68' lang='grc' dir='ltr'>ἐπί</span> <span class='ocrx_word' id='word_1_397' title='bbox 3437 2777 3556 2814; x_wconf 89' lang='grc' dir='ltr'>τινα</span> <span class='ocrx_word' id='word_1_398' title='bbox 3577 2756 3690 2812; x_wconf 76' lang='grc' dir='ltr'>τῶν</span> 
     </span>
    </p>
   </div>
   <div class='ocr_carea' id='block_1_58' title="bbox 2104 2853 3685 2929">
    <p class='ocr_par' dir='ltr' id='par_1_58' title="bbox 2104 2853 3685 2929">
     <span class='ocr_line' id='line_1_58' title="bbox 2104 2853 3685 2929; baseline -0.005 -21"><span class='ocrx_word' id='word_1_399' title='bbox 2104 2856 2331 2927; x_wconf 84' lang='grc' dir='ltr'>πύργων</span> <span class='ocrx_word' id='word_1_400' title='bbox 2351 2858 2546 2929; x_wconf 84' lang='grc' dir='ltr'>ἀνέϐη,</span> <span class='ocrx_word' id='word_1_401' title='bbox 2577 2861 2672 2912; x_wconf 78' lang='grc' dir='ltr'>καὶ</span> <span class='ocrx_word' id='word_1_402' title='bbox 2708 2859 2924 2913; x_wconf 84' lang='grc' dir='ltr'>κατεῖδε</span> <span class='ocrx_word' id='word_1_403' title='bbox 2962 2858 3162 2928; x_wconf 71' lang='grc' dir='ltr'>μεστὸν</span> <span class='ocrx_word' id='word_1_404' title='bbox 3187 2856 3246 2908; x_wconf 85' lang='grc' dir='ltr'>τὸ</span> <span class='ocrx_word' id='word_1_405' title='bbox 3274 2853 3456 2907; x_wconf 82' lang='grc' dir='ltr'>πεδίον</span> <span class='ocrx_word' id='word_1_406' title='bbox 3479 2853 3685 2911; x_wconf 81' lang='grc' dir='ltr'>ἵππων,</span> 
     </span>
    </p>
   </div>
   <div class='ocr_carea' id='block_1_59' title="bbox 2103 2943 3688 3020">
    <p class='ocr_par' dir='ltr' id='par_1_59' title="bbox 2103 2943 3688 3020">
     <span class='ocr_line' id='line_1_59' title="bbox 2103 2943 3688 3020; baseline -0.004 -19"><span class='ocrx_word' id='word_1_407' title='bbox 2103 2947 2435 3018; x_wconf 86' lang='grc' dir='ltr'>ἀνθρώπων,</span> <span class='ocrx_word' id='word_1_408' title='bbox 2470 2950 2759 3020; x_wconf 81' lang='grc' dir='ltr'>ἁρμάτων,</span> <span class='ocrx_word' id='word_1_409' title='bbox 2802 2949 3145 3018; x_wconf 78' lang='grc' dir='ltr'>φευγόντων,</span> <span class='ocrx_word' id='word_1_410' title='bbox 3184 2943 3688 3010; x_wconf 55' lang='grc' dir='ltr'>διωκόντωνριρα-</span> 
     </span>
    </p>
   </div>
   <div class='ocr_carea' id='block_1_60' title="bbox 414 3027 3688 3112">
    <p class='ocr_par' dir='ltr' id='par_1_60' title="bbox 414 3027 3688 3112">
     <span class='ocr_line' id='line_1_60' title="bbox 414 3027 3688 3112; baseline -0.001 -27"><span class='ocrx_word' id='word_1_411' title='bbox 414 3034 672 3100; x_wconf 82' lang='grc' dir='ltr'>τούντων,</span> <span class='ocrx_word' id='word_1_412' title='bbox 701 3037 1116 3107; x_wconf 75' lang='grc' dir='ltr'>κρατουμένων,</span> <span class='ocrx_word' id='word_1_413' title='bbox 1175 3036 1341 3104; x_wconf 85' lang='grc' dir='ltr'>μένον</span> <span class='ocrx_word' id='word_1_414' title='bbox 1389 3037 1446 3091; x_wconf 83' lang='grc' dir='ltr'>δὲ</span> <span class='ocrx_word' id='word_1_415' title='bbox 1473 3037 1712 3108; x_wconf 79' lang='grc' dir='ltr'>οὐδαμοῦ</span> <span class='ocrx_word' id='word_1_416' title='bbox 1769 3037 1920 3092; x_wconf 83' lang='grc' dir='ltr'>οὐδὲν</span> <span class='ocrx_word' id='word_1_417' title='bbox 1957 3037 2037 3091; x_wconf 83' lang='grc' dir='ltr'>ἔτι</span> <span class='ocrx_word' id='word_1_418' title='bbox 2081 3039 2208 3095; x_wconf 84' lang='grc' dir='ltr'>ἰδεῖν</span> <span class='ocrx_word' id='word_1_419' title='bbox 2271 3042 2527 3112; x_wconf 72' lang='grc' dir='ltr'>ήδύνατο,</span> <span class='ocrx_word' id='word_1_420' title='bbox 2573 3043 2714 3112; x_wconf 74' lang='grc' dir='ltr'>πλὴν</span> <span class='ocrx_word' id='word_1_421' title='bbox 2762 3041 2824 3094; x_wconf 82' lang='grc' dir='ltr'>τὸ</span> <span class='ocrx_word' id='word_1_422' title='bbox 2872 3039 2980 3094; x_wconf 86' lang='grc' dir='ltr'>τῶν</span> <span class='ocrx_word' id='word_1_423' title='bbox 3024 3037 3362 3107; x_wconf 84' lang='grc' dir='ltr'>Αἰγυπτίων.</span> <span class='ocrx_word' id='word_1_424' title='bbox 3407 3027 3568 3087; x_wconf 73' lang='grc' dir='ltr'>Οὗτοι</span> <span class='ocrx_word' id='word_1_425' title='bbox 3628 3028 3688 3083; x_wconf 60' lang='grc' dir='ltr'>δὲ</span> 
     </span>
    </p>
   </div>
   <div class='ocr_carea' id='block_1_61' title="bbox 415 3125 3690 3204">
    <p class='ocr_par' dir='ltr' id='par_1_61' title="bbox 415 3125 3690 3204">
     <span class='ocr_line' id='line_1_61' title="bbox 415 3125 3690 3204; baseline -0.001 -24"><span class='ocrx_word' id='word_1_426' title='bbox 415 3127 685 3180; x_wconf 85' lang='grc' dir='ltr'>παντόθεν</span> <span class='ocrx_word' id='word_1_427' title='bbox 723 3128 1095 3193; x_wconf 79' lang='grc' dir='ltr'>κυκλωθέντες</span> <span class='ocrx_word' id='word_1_428' title='bbox 1129 3131 1235 3184; x_wconf 84' lang='grc' dir='ltr'>ὑπὸ</span> <span class='ocrx_word' id='word_1_429' title='bbox 1263 3132 1386 3193; x_wconf 78' lang='grc' dir='ltr'>ταῖς</span> <span class='ocrx_word' id='word_1_430' title='bbox 1420 3130 1647 3184; x_wconf 85' lang='grc' dir='ltr'>ἀσπίσιν</span> <span class='ocrx_word' id='word_1_431' title='bbox 1696 3129 1992 3201; x_wconf 73' lang='grc' dir='ltr'>ἐκάθηντο,</span> <span class='ocrx_word' id='word_1_432' title='bbox 2031 3134 2316 3196; x_wconf 77' lang='grc' dir='ltr'>ποιοῦντες</span> <span class='ocrx_word' id='word_1_433' title='bbox 2365 3134 2463 3204; x_wconf 82' lang='grc' dir='ltr'>μὲν</span> <span class='ocrx_word' id='word_1_434' title='bbox 2510 3134 2664 3188; x_wconf 77' lang='grc' dir='ltr'>οὐδὲν</span> <span class='ocrx_word' id='word_1_435' title='bbox 2712 3135 2814 3198; x_wconf 80' lang='grc' dir='ltr'>ἔτι,</span> <span class='ocrx_word' id='word_1_436' title='bbox 2865 3133 3168 3202; x_wconf 83' lang='grc' dir='ltr'>πάσχοντες</span> <span class='ocrx_word' id='word_1_437' title='bbox 3223 3130 3282 3182; x_wconf 82' lang='grc' dir='ltr'>δὲ</span> <span class='ocrx_word' id='word_1_438' title='bbox 3350 3125 3524 3180; x_wconf 82' lang='grc' dir='ltr'>πολλὰ</span> <span class='ocrx_word' id='word_1_439' title='bbox 3593 3126 3690 3179; x_wconf 73' lang='grc' dir='ltr'>καὶ</span> 
     </span>
    </p>
   </div>
   <div class='ocr_carea' id='block_1_62' title="bbox 414 3216 3690 3295">
    <p class='ocr_par' dir='ltr' id='par_1_62' title="bbox 414 3216 3690 3295">
     <span class='ocr_line' id='line_1_62' title="bbox 414 3216 3690 3295; baseline -0.001 -24"><span class='ocrx_word' id='word_1_440' title='bbox 414 3218 584 3274; x_wconf 80' lang='grc' dir='ltr'>δεινά.</span> <span class='ocrx_word' id='word_1_441' title='bbox 617 3218 910 3288; x_wconf 77' lang='grc' dir='ltr'>’Δγασθεὶς</span> <span class='ocrx_word' id='word_1_442' title='bbox 946 3219 1005 3272; x_wconf 77' lang='grc' dir='ltr'>δὲ</span> <span class='ocrx_word' id='word_1_443' title='bbox 1036 3221 1066 3272; x_wconf 88' lang='grc' dir='ltr'><strong>ὁ</strong></span> <span class='ocrx_word' id='word_1_444' title='bbox 1095 3221 1278 3292; x_wconf 82' lang='grc' dir='ltr'>Κῦρος</span> <span class='ocrx_word' id='word_1_445' title='bbox 1309 3221 1528 3286; x_wconf 82' lang='grc' dir='ltr'>αὐτοὺς,</span> <span class='ocrx_word' id='word_1_446' title='bbox 1565 3223 1659 3274; x_wconf 75' lang='grc' dir='ltr'>καὶ</span> <span class='ocrx_word' id='word_1_447' title='bbox 1684 3221 1997 3292; x_wconf 76' lang='grc' dir='ltr'>οἰκτείρων,</span> <span class='ocrx_word' id='word_1_448' title='bbox 2036 3225 2120 3276; x_wconf 82' lang='grc' dir='ltr'>ὄτι</span> <span class='ocrx_word' id='word_1_449' title='bbox 2184 3225 2380 3295; x_wconf 80' lang='grc' dir='ltr'>ἄνδρες</span> <span class='ocrx_word' id='word_1_450' title='bbox 2411 3225 2612 3294; x_wconf 76' lang='grc' dir='ltr'>ἀγαθοὶ</span> <span class='ocrx_word' id='word_1_451' title='bbox 2638 3225 2788 3289; x_wconf 71' lang='grc' dir='ltr'>ὄντες</span> <span class='ocrx_word' id='word_1_452' title='bbox 2819 3225 3160 3288; x_wconf 87' lang='grc' dir='ltr'>ἀπόλλοιντο,</span> <span class='ocrx_word' id='word_1_453' title='bbox 3195 3219 3466 3292; x_wconf 85' lang='grc' dir='ltr'>μάχεσθαι</span> <span class='ocrx_word' id='word_1_454' title='bbox 3497 3216 3690 3271; x_wconf 77' lang='grc' dir='ltr'>οὐδένα</span> 
     </span>
    </p>
   </div>
   <div class='ocr_carea' id='block_1_63' title="bbox 411 3310 3689 3390">
    <p class='ocr_par' dir='ltr' id='par_1_63' title="bbox 411 3310 3689 3390">
     <span class='ocr_line' id='line_1_63' title="bbox 411 3310 3689 3390; baseline 0 -25"><span class='ocrx_word' id='word_1_455' title='bbox 411 3311 501 3368; x_wconf 51' lang='grc' dir='ltr'>ἔτι</span> <span class='ocrx_word' id='word_1_456' title='bbox 549 3312 634 3366; x_wconf 78' lang='grc' dir='ltr'>εἴα</span> <span class='ocrx_word' id='word_1_457' title='bbox 683 3313 888 3376; x_wconf 76' lang='grc' dir='ltr'>αὐτοῖς.</span> <span class='ocrx_word' id='word_1_458' title='bbox 953 3313 1429 3384; x_wconf 77' lang='grc' dir='ltr'>Διακηρυκεύεται</span> <span class='ocrx_word' id='word_1_459' title='bbox 1489 3315 1546 3368; x_wconf 84' lang='grc' dir='ltr'>δὲ</span> <span class='ocrx_word' id='word_1_460' title='bbox 1601 3315 1740 3387; x_wconf 82' lang='grc' dir='ltr'>πρὸς</span> <span class='ocrx_word' id='word_1_461' title='bbox 1795 3316 1994 3380; x_wconf 78' lang='grc' dir='ltr'>αὐτοὺς</span> <span class='ocrx_word' id='word_1_462' title='bbox 2034 3317 2278 3386; x_wconf 80' lang='grc' dir='ltr'>ἐρωτῶν,</span> <span class='ocrx_word' id='word_1_463' title='bbox 2334 3319 2564 3390; x_wconf 81' lang='grc' dir='ltr'>πότερον</span> <span class='ocrx_word' id='word_1_464' title='bbox 2653 3319 2936 3390; x_wconf 84' lang='grc' dir='ltr'>βούλονται</span> <span class='ocrx_word' id='word_1_465' title='bbox 2984 3315 3282 3372; x_wconf 80' lang='grc' dir='ltr'>ἀπολέσθαι</span> <span class='ocrx_word' id='word_1_466' title='bbox 3335 3314 3562 3380; x_wconf 86' lang='grc' dir='ltr'>πάντες,</span> <span class='ocrx_word' id='word_1_467' title='bbox 3653 3310 3689 3382; x_wconf 70' lang='grc' dir='ltr'><strong>ἢ</strong></span> 
     </span>
    </p>
   </div>
   <div class='ocr_carea' id='block_1_64' title="bbox 419 3403 3689 3483">
    <p class='ocr_par' dir='ltr' id='par_1_64' title="bbox 419 3403 3689 3483">
     <span class='ocr_line' id='line_1_64' title="bbox 419 3403 3689 3483; baseline 0 -25"><span class='ocrx_word' id='word_1_468' title='bbox 419 3405 682 3472; x_wconf 66' lang='grc' dir='ltr'>σωθῆναι.</span> <span class='ocrx_word' id='word_1_469' title='bbox 729 3407 790 3457; x_wconf 91' lang='grc' dir='ltr'>Οἱ</span> <span class='ocrx_word' id='word_1_470' title='bbox 831 3406 885 3457; x_wconf 85' lang='grc' dir='ltr'>δὲ</span> <span class='ocrx_word' id='word_1_471' title='bbox 931 3406 1016 3459; x_wconf 80' lang='grc' dir='ltr'>ὅτι</span> <span class='ocrx_word' id='word_1_472' title='bbox 1063 3406 1226 3460; x_wconf 73' lang='grc' dir='ltr'>καλὸν</span> <span class='ocrx_word' id='word_1_473' title='bbox 1255 3405 1322 3460; x_wconf 88' lang='grc' dir='ltr'>ἂν</span> <span class='ocrx_word' id='word_1_474' title='bbox 1353 3406 1638 3470; x_wconf 84' lang='grc' dir='ltr'>ποιοῦντες</span> <span class='ocrx_word' id='word_1_475' title='bbox 1673 3407 2000 3477; x_wconf 86' lang='grc' dir='ltr'>σωθείημεν,</span> <span class='ocrx_word' id='word_1_476' title='bbox 2044 3409 2275 3477; x_wconf 78' lang='grc' dir='ltr'>ἔφασαν.</span> <span class='ocrx_word' id='word_1_477' title='bbox 2322 3411 2432 3464; x_wconf 87' lang='lat' dir='ltr'>Kal</span> <span class='ocrx_word' id='word_1_478' title='bbox 2496 3411 2524 3462; x_wconf 84' lang='grc' dir='ltr'>ό</span> <span class='ocrx_word' id='word_1_479' title='bbox 2560 3409 2764 3483; x_wconf 86' lang='grc' dir='ltr'>Κῦρος,</span> <span class='ocrx_word' id='word_1_480' title='bbox 2794 3412 2843 3463; x_wconf 86' lang='grc' dir='ltr'>εἰ</span> <span class='ocrx_word' id='word_1_481' title='bbox 2871 3410 2941 3463; x_wconf 84' lang='grc' dir='ltr'>τὰ</span> <span class='ocrx_word' id='word_1_482' title='bbox 2969 3407 3107 3462; x_wconf 79' lang='grc' dir='ltr'>ὅπλα</span> <span class='ocrx_word' id='word_1_483' title='bbox 3171 3407 3306 3477; x_wconf 77' lang='grc' dir='ltr'>ἡμῖν</span> <span class='ocrx_word' id='word_1_484' title='bbox 3349 3403 3689 3476; x_wconf 77' lang='grc' dir='ltr'>παραδοίητε</span> 
     </span>
    </p>
   </div>
   <div class='ocr_carea' id='block_1_65' title="bbox 415 3496 3688 3571">
    <p class='ocr_par' dir='ltr' id='par_1_65' title="bbox 415 3496 3688 3571">
     <span class='ocr_line' id='line_1_65' title="bbox 415 3496 3688 3571; baseline 0 -20"><span class='ocrx_word' id='word_1_485' title='bbox 415 3501 528 3562; x_wconf 84' lang='grc' dir='ltr'>τοῖς</span> <span class='ocrx_word' id='word_1_486' title='bbox 558 3499 908 3569; x_wconf 77' lang='grc' dir='ltr'>αἱρουμένοις</span> <span class='ocrx_word' id='word_1_487' title='bbox 931 3500 1077 3570; x_wconf 77' lang='grc' dir='ltr'>ὑμᾶς</span> <span class='ocrx_word' id='word_1_488' title='bbox 1108 3500 1304 3567; x_wconf 88' lang='grc' dir='ltr'>σῶσαι,</span> <span class='ocrx_word' id='word_1_489' title='bbox 1337 3501 1459 3566; x_wconf 72' lang='grc' dir='ltr'>ἐξὸν</span> <span class='ocrx_word' id='word_1_490' title='bbox 1516 3501 1802 3555; x_wconf 80' lang='grc' dir='ltr'>ἀπολέσαι.</span> <span class='ocrx_word' id='word_1_491' title='bbox 1877 3501 2236 3568; x_wconf 83' lang='grc' dir='ltr'>Ἀκούσαντες</span> <span class='ocrx_word' id='word_1_492' title='bbox 2296 3505 2354 3559; x_wconf 83' lang='grc' dir='ltr'>δὲ</span> <span class='ocrx_word' id='word_1_493' title='bbox 2396 3505 2570 3559; x_wconf 80' lang='grc' dir='ltr'>ταῦτα</span> <span class='ocrx_word' id='word_1_494' title='bbox 2604 3507 2654 3558; x_wconf 79' lang='grc' dir='ltr'>οἱ</span> <span class='ocrx_word' id='word_1_495' title='bbox 2693 3502 3007 3571; x_wconf 86' lang='grc' dir='ltr'>Αἰγύπτιοι,</span> <span class='ocrx_word' id='word_1_496' title='bbox 3057 3500 3250 3554; x_wconf 73' lang='grc' dir='ltr'>ἔδοσαν</span> <span class='ocrx_word' id='word_1_497' title='bbox 3295 3497 3530 3560; x_wconf 84' lang='grc' dir='ltr'>πίστεις,</span> <span class='ocrx_word' id='word_1_498' title='bbox 3586 3496 3688 3551; x_wconf 81' lang='grc' dir='ltr'>καὶ</span> 
     </span>
    </p>
   </div>
   <div class='ocr_carea' id='block_1_66' title="bbox 417 3587 3687 3667">
    <p class='ocr_par' dir='ltr' id='par_1_66' title="bbox 417 3587 3687 3667">
     <span class='ocr_line' id='line_1_66' title="bbox 417 3587 3687 3667; baseline -0.001 -23"><span class='ocrx_word' id='word_1_499' title='bbox 417 3591 630 3645; x_wconf 71' lang='grc' dir='ltr'>ἔλαϐον.</span> <span class='ocrx_word' id='word_1_500' title='bbox 655 3593 841 3645; x_wconf 79' lang='grc' dir='ltr'>Ταῦτα</span> <span class='ocrx_word' id='word_1_501' title='bbox 862 3591 1308 3662; x_wconf 72' lang='grc' dir='ltr'>διαπραξάμενος</span> <span class='ocrx_word' id='word_1_502' title='bbox 1332 3594 1360 3646; x_wconf 86' lang='grc' dir='ltr'>ό</span> <span class='ocrx_word' id='word_1_503' title='bbox 1385 3592 1590 3664; x_wconf 81' lang='grc' dir='ltr'>Κῦρος,</span> <span class='ocrx_word' id='word_1_504' title='bbox 1620 3594 1720 3665; x_wconf 70' lang='grc' dir='ltr'>ἤδη</span> <span class='ocrx_word' id='word_1_505' title='bbox 1780 3596 2030 3658; x_wconf 79' lang='grc' dir='ltr'>σκοταῖος</span> <span class='ocrx_word' id='word_1_506' title='bbox 2069 3596 2384 3665; x_wconf 87' lang='grc' dir='ltr'>ἀναγαγὼν,</span> <span class='ocrx_word' id='word_1_507' title='bbox 2457 3594 3017 3667; x_wconf 74' lang='grc' dir='ltr'>ἐστρατοπεδεύσατο,</span> <span class='ocrx_word' id='word_1_508' title='bbox 3048 3593 3143 3646; x_wconf 78' lang='grc' dir='ltr'>καὶ</span> <span class='ocrx_word' id='word_1_509' title='bbox 3178 3591 3229 3642; x_wconf 84' lang='lat' dir='ltr'>ol</span> <span class='ocrx_word' id='word_1_510' title='bbox 3260 3590 3407 3660; x_wconf 80' lang='grc' dir='ltr'>ἀμφὶ</span> <span class='ocrx_word' id='word_1_511' title='bbox 3446 3589 3539 3645; x_wconf 73' lang='grc' dir='ltr'>τὸν</span> <span class='ocrx_word' id='word_1_512' title='bbox 3571 3587 3687 3643; x_wconf 75' lang='grc' dir='ltr'>Κῦ-</span> 
     </span>
    </p>
   </div>
   <div class='ocr_carea' id='block_1_67' title="bbox 419 3686 3692 3763">
    <p class='ocr_par' dir='ltr' id='par_1_67' title="bbox 419 3686 3692 3763">
     <span class='ocr_line' id='line_1_67' title="bbox 419 3686 3692 3763; baseline 0 -23"><span class='ocrx_word' id='word_1_513' title='bbox 419 3705 512 3758; x_wconf 87' lang='grc' dir='ltr'>ρον</span> <span class='ocrx_word' id='word_1_514' title='bbox 543 3687 935 3759; x_wconf 85' lang='grc' dir='ltr'>δειπνήσαντες</span> <span class='ocrx_word' id='word_1_515' title='bbox 977 3686 1376 3757; x_wconf 78' lang='grc' dir='ltr'>ἐκοιμήθησαν.</span> <span class='ocrx_word' id='word_1_516' title='bbox 1449 3689 1684 3759; x_wconf 87' lang='grc' dir='ltr'>Κροῖσος</span> <span class='ocrx_word' id='word_1_517' title='bbox 1756 3689 1940 3760; x_wconf 86' lang='grc' dir='ltr'>μέντοι</span> <span class='ocrx_word' id='word_1_518' title='bbox 2013 3689 2176 3753; x_wconf 73' lang='grc' dir='ltr'>εὐθὺς</span> <span class='ocrx_word' id='word_1_519' title='bbox 2243 3693 2337 3745; x_wconf 73' lang='grc' dir='ltr'>ἐπὶ</span> <span class='ocrx_word' id='word_1_520' title='bbox 2382 3693 2605 3763; x_wconf 81' lang='grc' dir='ltr'>Σάρδεις</span> <span class='ocrx_word' id='word_1_521' title='bbox 2659 3693 2758 3746; x_wconf 75' lang='grc' dir='ltr'>σὺν</span> <span class='ocrx_word' id='word_1_522' title='bbox 2809 3691 2887 3761; x_wconf 82' lang='grc' dir='ltr'>τῷ</span> <span class='ocrx_word' id='word_1_523' title='bbox 2929 3687 3304 3762; x_wconf 87' lang='grc' dir='ltr'>στρατεύματι</span> <span class='ocrx_word' id='word_1_524' title='bbox 3369 3687 3692 3757; x_wconf 67' lang='grc' dir='ltr'>ἐφευγε,τὰ</span> 
     </span>
    </p>
   </div>
   <div class='ocr_carea' id='block_1_68' title="bbox 417 3781 1996 3852">
    <p class='ocr_par' dir='ltr' id='par_1_68' title="bbox 417 3781 1996 3852">
     <span class='ocr_line' id='line_1_68' title="bbox 417 3781 1996 3852; baseline 0 -16"><span class='ocrx_word' id='word_1_525' title='bbox 417 3782 463 3835; x_wconf 81' lang='grc' dir='ltr'>δ’</span> <span class='ocrx_word' id='word_1_526' title='bbox 485 3783 618 3836; x_wconf 83' lang='grc' dir='ltr'>ἀλλα</span> <span class='ocrx_word' id='word_1_527' title='bbox 645 3781 787 3850; x_wconf 86' lang='grc' dir='ltr'>φύλα</span> <span class='ocrx_word' id='word_1_528' title='bbox 811 3781 868 3832; x_wconf 81' lang='grc' dir='ltr'>ὲν</span> <span class='ocrx_word' id='word_1_529' title='bbox 895 3783 961 3852; x_wconf 84' lang='grc' dir='ltr'>τῇ</span> <span class='ocrx_word' id='word_1_530' title='bbox 995 3783 1171 3848; x_wconf 67' lang='grc' dir='ltr'>νυκτὶ,</span> <span class='ocrx_word' id='word_1_531' title='bbox 1207 3783 1314 3852; x_wconf 80' lang='grc' dir='ltr'>ὅπη</span> <span class='ocrx_word' id='word_1_532' title='bbox 1340 3783 1628 3851; x_wconf 66' lang='grc' dir='ltr'>ἡδύναντο,</span> <span class='ocrx_word' id='word_1_533' title='bbox 1656 3783 1996 3852; x_wconf 82' lang='grc' dir='ltr'>ἀπεχώρουν.</span> 
     </span>
    </p>
   </div>
   <div class='ocr_carea' id='block_1_69' title="bbox 488 3864 2002 3943">
    <p class='ocr_par' dir='ltr' id='par_1_69' title="bbox 488 3873 2000 3943">
     <span class='ocr_line' id='line_1_69' title="bbox 488 3873 2000 3943; baseline -0.001 -14"><span class='ocrx_word' id='word_1_534' title='bbox 488 3874 679 3929; x_wconf 76' lang='lat' dir='ltr'>XXIII.</span> <span class='ocrx_word' id='word_1_535' title='bbox 734 3873 890 3928; x_wconf 86' lang='lat' dir='ltr'><strong>Mane</strong></span> <span class='ocrx_word' id='word_1_536' title='bbox 945 3874 1122 3943; x_wconf 85' lang='lat' dir='ltr'><strong>Cyrus</strong></span> <span class='ocrx_word' id='word_1_537' title='bbox 1174 3888 1370 3929; x_wconf 83' lang='lat' dir='ltr'><strong>versus</strong></span> <span class='ocrx_word' id='word_1_538' title='bbox 1415 3873 1618 3930; x_wconf 86' lang='lat' dir='ltr'><strong>Sardes</strong></span> <span class='ocrx_word' id='word_1_539' title='bbox 1659 3875 1831 3929; x_wconf 88' lang='lat' dir='ltr'><strong>ducit.</strong></span> <span class='ocrx_word' id='word_1_540' title='bbox 1864 3874 2000 3930; x_wconf 88' lang='lat' dir='ltr'>Cum</span> 
     </span>
    </p>
   </div>
   <div class='ocr_carea' id='block_1_70' title="bbox 2106 3864 3688 3943">
    <p class='ocr_par' dir='ltr' id='par_1_70' title="bbox 2178 3864 3688 3943">
     <span class='ocr_line' id='line_1_70' title="bbox 2178 3864 3688 3943; baseline -0.003 -15"><span class='ocrx_word' id='word_1_541' title='bbox 2178 3873 2306 3928; x_wconf 82' lang='lat' dir='ltr'><strong>Kl&quot;.</strong></span> <span class='ocrx_word' id='word_1_542' title='bbox 2344 3875 2559 3928; x_wconf 78' lang='grc' dir='ltr'>Ἐωθεν</span> <span class='ocrx_word' id='word_1_543' title='bbox 2589 3874 2645 3927; x_wconf 84' lang='grc' dir='ltr'>δὲ</span> <span class='ocrx_word' id='word_1_544' title='bbox 2702 3873 2789 3926; x_wconf 70' lang='grc' dir='ltr'>ἐπὶ</span> <span class='ocrx_word' id='word_1_545' title='bbox 2830 3872 3074 3942; x_wconf 84' lang='grc' dir='ltr'>Σάρδεις,</span> <span class='ocrx_word' id='word_1_546' title='bbox 3122 3871 3217 3925; x_wconf 72' lang='grc' dir='ltr'>καὶ</span> <span class='ocrx_word' id='word_1_547' title='bbox 3263 3872 3292 3924; x_wconf 86' lang='grc' dir='ltr'>ό</span> <span class='ocrx_word' id='word_1_548' title='bbox 3349 3869 3534 3942; x_wconf 80' lang='grc' dir='ltr'>Κῦρος</span> <span class='ocrx_word' id='word_1_549' title='bbox 3561 3864 3688 3943; x_wconf 75' lang='grc' dir='ltr'>ἦγεο</span> 
     </span>
    </p>
   </div>
   <div class='ocr_carea' id='block_1_71' title="bbox 419 3965 1999 4036">
    <p class='ocr_par' dir='ltr' id='par_1_71' title="bbox 419 3965 1999 4036">
     <span class='ocr_line' id='line_1_71' title="bbox 419 3965 1999 4036; baseline -0.003 -13"><span class='ocrx_word' id='word_1_550' title='bbox 419 3968 614 4023; x_wconf 88' lang='lat' dir='ltr'><strong>urbem</strong></span> <span class='ocrx_word' id='word_1_551' title='bbox 663 3966 959 4036; x_wconf 72' lang='lat' dir='ltr'><strong>attigisset,</strong></span> <span class='ocrx_word' id='word_1_552' title='bbox 1008 3965 1293 4020; x_wconf 86' lang='lat' dir='ltr'><strong>machinas</strong></span> <span class='ocrx_word' id='word_1_553' title='bbox 1337 3965 1521 4036; x_wconf 78' lang='lat' dir='ltr'><strong>erigit,</strong></span> <span class='ocrx_word' id='word_1_554' title='bbox 1573 3966 1750 4019; x_wconf 82' lang='lat' dir='ltr'><strong>scalas</strong></span> <span class='ocrx_word' id='word_1_555' title='bbox 1774 3966 1999 4036; x_wconf 79' lang='lat' dir='ltr'><strong>profert.</strong></span> 
     </span>
    </p>
   </div>
   <div class='ocr_carea' id='block_1_72' title="bbox 419 4057 2002 4126">
    <p class='ocr_par' dir='ltr' id='par_1_72' title="bbox 419 4057 2002 4126">
     <span class='ocr_line' id='line_1_72' title="bbox 419 4057 2002 4126; baseline -0.003 -11"><span class='ocrx_word' id='word_1_556' title='bbox 419 4061 672 4115; x_wconf 77' lang='lat' dir='ltr'><strong>Insecuta</strong></span> <span class='ocrx_word' id='word_1_557' title='bbox 697 4066 858 4112; x_wconf 88' lang='lat' dir='ltr'><strong>nocte</strong></span> <span class='ocrx_word' id='word_1_558' title='bbox 885 4057 1170 4113; x_wconf 68' lang='lat' dir='ltr'><strong>Chaldaeos</strong></span> <span class='ocrx_word' id='word_1_559' title='bbox 1200 4067 1257 4112; x_wconf 85' lang='lat' dir='ltr'><strong>et</strong></span> <span class='ocrx_word' id='word_1_560' title='bbox 1284 4057 1478 4113; x_wconf 87' lang='lat' dir='ltr'><strong>Persas</strong></span> <span class='ocrx_word' id='word_1_561' title='bbox 1507 4057 1732 4111; x_wconf 88' lang='lat' dir='ltr'><strong>adducit</strong></span> <span class='ocrx_word' id='word_1_562' title='bbox 1758 4057 1824 4110; x_wconf 88' lang='lat' dir='ltr'>ad</span> <span class='ocrx_word' id='word_1_563' title='bbox 1863 4073 2002 4126; x_wconf 68' lang='lat' dir='ltr'><strong>prae--</strong></span> 
     </span>
    </p>
   </div>
   <div class='ocr_carea' id='block_1_73' title="bbox 417 4149 2000 4222">
    <p class='ocr_par' dir='ltr' id='par_1_73' title="bbox 417 4149 2000 4222">
     <span class='ocr_line' id='line_1_73' title="bbox 417 4149 2000 4222; baseline -0.001 -17"><span class='ocrx_word' id='word_1_564' title='bbox 417 4153 798 4222; x_wconf 87' lang='lat' dir='ltr'><strong>ruptissimam</strong></span> <span class='ocrx_word' id='word_1_565' title='bbox 865 4160 1076 4221; x_wconf 86' lang='lat' dir='ltr'><strong>petram</strong></span> <span class='ocrx_word' id='word_1_566' title='bbox 1127 4150 1529 4221; x_wconf 81' lang='lat' dir='ltr'><strong>propugnaculi</strong></span> <span class='ocrx_word' id='word_1_567' title='bbox 1579 4149 2000 4211; x_wconf 68' lang='lat' dir='ltr'><strong>Sardianorum,</strong></span> 
     </span>
    </p>
   </div>
   <div class='ocr_carea' id='block_1_74' title="bbox 416 4243 2000 4314">
    <p class='ocr_par' dir='ltr' id='par_1_74' title="bbox 416 4243 2000 4314">
     <span class='ocr_line' id='line_1_74' title="bbox 416 4243 2000 4314; baseline -0.001 -15"><span class='ocrx_word' id='word_1_568' title='bbox 416 4246 505 4299; x_wconf 87' lang='lat' dir='ltr'>via</span> <span class='ocrx_word' id='word_1_569' title='bbox 531 4252 833 4299; x_wconf 88' lang='lat' dir='ltr'><strong>monstrata</strong></span> <span class='ocrx_word' id='word_1_570' title='bbox 861 4259 961 4314; x_wconf 90' lang='lat' dir='ltr'>per</span> <span class='ocrx_word' id='word_1_571' title='bbox 985 4245 1278 4314; x_wconf 88' lang='lat' dir='ltr'><strong>quemdam</strong></span> <span class='ocrx_word' id='word_1_572' title='bbox 1312 4243 1558 4308; x_wconf 88' lang='lat' dir='ltr'><strong>Persam,</strong></span> <span class='ocrx_word' id='word_1_573' title='bbox 1591 4245 1687 4313; x_wconf 89' lang='lat' dir='ltr'>qui</span> <span class='ocrx_word' id='word_1_574' title='bbox 1715 4245 2000 4314; x_wconf 65' lang='lat' dir='ltr'><strong>cujusclam</strong></span> 
     </span>
    </p>
   </div>
   <div class='ocr_carea' id='block_1_75' title="bbox 416 4336 2003 4393">
    <p class='ocr_par' dir='ltr' id='par_1_75' title="bbox 416 4336 2003 4393">
     <span class='ocr_line' id='line_1_75' title="bbox 416 4336 2003 4393; baseline -0.001 0"><span class='ocrx_word' id='word_1_575' title='bbox 416 4354 486 4393; x_wconf 82' lang='lat' dir='ltr'>ex</span> <span class='ocrx_word' id='word_1_576' title='bbox 527 4337 672 4393; x_wconf 85' lang='lat' dir='ltr'><strong>arcis</strong></span> <span class='ocrx_word' id='word_1_577' title='bbox 713 4336 998 4392; x_wconf 77' lang='lat' dir='ltr'><strong>Sardiana:</strong></span> <span class='ocrx_word' id='word_1_578' title='bbox 1027 4338 1355 4393; x_wconf 91' lang='lat' dir='ltr'><strong>custodibus</strong></span> <span class='ocrx_word' id='word_1_579' title='bbox 1387 4352 1582 4392; x_wconf 81' lang='lat' dir='ltr'><strong>servus</strong></span> <span class='ocrx_word' id='word_1_580' title='bbox 1628 4337 1831 4392; x_wconf 89' lang='lat' dir='ltr'><strong>fuerat.</strong></span> <span class='ocrx_word' id='word_1_581' title='bbox 1860 4338 2003 4392; x_wconf 87' lang='lat' dir='ltr'><strong>Arce</strong></span> 
     </span>
    </p>
   </div>
   <div class='ocr_carea' id='block_1_76' title="bbox 417 4425 2003 4498">
    <p class='ocr_par' dir='ltr' id='par_1_76' title="bbox 417 4425 2003 4498">
     <span class='ocr_line' id='line_1_76' title="bbox 417 4425 2003 4498; baseline -0.001 -17"><span class='ocrx_word' id='word_1_582' title='bbox 417 4436 704 4496; x_wconf 82' lang='lat' dir='ltr'><strong>occupata,</strong></span> <span class='ocrx_word' id='word_1_583' title='bbox 751 4425 887 4496; x_wconf 91' lang='lat' dir='ltr'><strong>Lydi</strong></span> <span class='ocrx_word' id='word_1_584' title='bbox 923 4426 1128 4481; x_wconf 68' lang='lat' dir='ltr'><strong>muenia</strong></span> <span class='ocrx_word' id='word_1_585' title='bbox 1175 4427 1462 4484; x_wconf 88' lang='lat' dir='ltr'><strong>deserunt.</strong></span> <span class='ocrx_word' id='word_1_586' title='bbox 1505 4427 1680 4498; x_wconf 80' lang='lat' dir='ltr'><strong>Cyrus</strong></span> <span class='ocrx_word' id='word_1_587' title='bbox 1729 4435 1850 4480; x_wconf 86' lang='lat' dir='ltr'><strong>orta</strong></span> <span class='ocrx_word' id='word_1_588' title='bbox 1879 4426 2003 4480; x_wconf 89' lang='lat' dir='ltr'><strong>luce</strong></span> 
     </span>
    </p>
   </div>
   <div class='ocr_carea' id='block_1_77' title="bbox 417 4517 2008 4589">
    <p class='ocr_par' dir='ltr' id='par_1_77' title="bbox 417 4517 2008 4589">
     <span class='ocr_line' id='line_1_77' title="bbox 417 4517 2008 4589; baseline 0.001 -17"><span class='ocrx_word' id='word_1_589' title='bbox 417 4519 614 4572; x_wconf 91' lang='lat' dir='ltr'><strong>urbem</strong></span> <span class='ocrx_word' id='word_1_590' title='bbox 641 4518 972 4587; x_wconf 85' lang='lat' dir='ltr'><strong>ingreditur,</strong></span> <span class='ocrx_word' id='word_1_591' title='bbox 1006 4527 1174 4589; x_wconf 87' lang='lat' dir='ltr'><strong>atque</strong></span> <span class='ocrx_word' id='word_1_592' title='bbox 1198 4519 1388 4582; x_wconf 90' lang='lat' dir='ltr'><strong>edicit,</strong></span> <span class='ocrx_word' id='word_1_593' title='bbox 1412 4535 1482 4574; x_wconf 88' lang='lat' dir='ltr'>ne</span> <span class='ocrx_word' id='word_1_594' title='bbox 1507 4520 1632 4588; x_wconf 91' lang='lat' dir='ltr'><strong>quis</strong></span> <span class='ocrx_word' id='word_1_595' title='bbox 1654 4519 1825 4573; x_wconf 90' lang='lat' dir='ltr'><strong>aciem</strong></span> <span class='ocrx_word' id='word_1_596' title='bbox 1851 4517 2008 4573; x_wconf 87' lang='lat' dir='ltr'><strong>dese-</strong></span> 
     </span>
    </p>
   </div>
   <div class='ocr_carea' id='block_1_78' title="bbox 313 4605 2002 4681">
    <p class='ocr_par' dir='ltr' id='par_1_78' title="bbox 313 4605 2002 4681">
     <span class='ocr_line' id='line_1_78' title="bbox 313 4605 2002 4681; baseline 0.001 -18"><span class='ocrx_word' id='word_1_597' title='bbox 313 4605 315 4608; x_wconf 74' lang='grc'><strong>’</strong></span> <span class='ocrx_word' id='word_1_598' title='bbox 420 4618 522 4664; x_wconf 89' lang='lat' dir='ltr'><strong>rat.</strong></span> <span class='ocrx_word' id='word_1_599' title='bbox 553 4610 779 4664; x_wconf 75' lang='lat' dir='ltr'><strong>Crmsus</strong></span> <span class='ocrx_word' id='word_1_600' title='bbox 814 4618 999 4664; x_wconf 90' lang='lat' dir='ltr'><strong>autem</strong></span> <span class='ocrx_word' id='word_1_601' title='bbox 1031 4611 1089 4664; x_wconf 92' lang='lat' dir='ltr'>in</span> <span class='ocrx_word' id='word_1_602' title='bbox 1119 4610 1269 4680; x_wconf 82' lang='lat' dir='ltr'><strong>regia</strong></span> <span class='ocrx_word' id='word_1_603' title='bbox 1318 4611 1636 4671; x_wconf 91' lang='lat' dir='ltr'><strong>conclusus,</strong></span> <span class='ocrx_word' id='word_1_604' title='bbox 1687 4609 1886 4681; x_wconf 88' lang='lat' dir='ltr'><strong>Cyrum</strong></span> <span class='ocrx_word' id='word_1_605' title='bbox 1915 4611 2002 4665; x_wconf 90' lang='lat' dir='ltr'><strong>in-</strong></span> 
     </span>
    </p>
   </div>
   <div class='ocr_carea' id='block_1_79' title="bbox 420 4701 1999 4769">
    <p class='ocr_par' dir='ltr' id='par_1_79' title="bbox 420 4701 1999 4769">
     <span class='ocr_line' id='line_1_79' title="bbox 420 4701 1999 4769; baseline 0.001 -14"><span class='ocrx_word' id='word_1_606' title='bbox 420 4705 656 4755; x_wconf 76' lang='lat' dir='ltr'><strong>clamat:</strong></span> <span class='ocrx_word' id='word_1_607' title='bbox 698 4701 791 4769; x_wconf 89' lang='lat' dir='ltr'>qui</span> <span class='ocrx_word' id='word_1_608' title='bbox 828 4701 1114 4756; x_wconf 88' lang='lat' dir='ltr'><strong>nonnullis</strong></span> <span class='ocrx_word' id='word_1_609' title='bbox 1141 4701 1208 4755; x_wconf 89' lang='lat' dir='ltr'>ad</span> <span class='ocrx_word' id='word_1_610' title='bbox 1239 4701 1387 4757; x_wconf 90' lang='lat' dir='ltr'><strong>illius</strong></span> <span class='ocrx_word' id='word_1_611' title='bbox 1420 4701 1730 4755; x_wconf 90' lang='lat' dir='ltr'><strong>custodiam</strong></span> <span class='ocrx_word' id='word_1_612' title='bbox 1765 4703 1999 4768; x_wconf 90' lang='lat' dir='ltr'><strong>relictis,</strong></span> 
     </span>
    </p>
   </div>
   <div class='ocr_carea' id='block_1_80' title="bbox 419 4792 2004 4864">
    <p class='ocr_par' dir='ltr' id='par_1_80' title="bbox 419 4792 2004 4864">
     <span class='ocr_line' id='line_1_80' title="bbox 419 4792 2004 4864; baseline 0.001 -18"><span class='ocrx_word' id='word_1_613' title='bbox 419 4803 474 4847; x_wconf 92' lang='lat' dir='ltr'>et</span> <span class='ocrx_word' id='word_1_614' title='bbox 513 4794 628 4848; x_wconf 88' lang='lat' dir='ltr'><strong>suis</strong></span> <span class='ocrx_word' id='word_1_615' title='bbox 681 4792 736 4846; x_wconf 92' lang='lat' dir='ltr'>in</span> <span class='ocrx_word' id='word_1_616' title='bbox 790 4802 971 4846; x_wconf 84' lang='lat' dir='ltr'><strong>castra</strong></span> <span class='ocrx_word' id='word_1_617' title='bbox 1021 4793 1294 4854; x_wconf 85' lang='lat' dir='ltr'><strong>deductis,</strong></span> <span class='ocrx_word' id='word_1_618' title='bbox 1343 4793 1415 4848; x_wconf 88' lang='lat' dir='ltr'>ad</span> <span class='ocrx_word' id='word_1_619' title='bbox 1454 4793 1607 4847; x_wconf 92' lang='lat' dir='ltr'><strong>illum</strong></span> <span class='ocrx_word' id='word_1_620' title='bbox 1671 4793 1852 4848; x_wconf 90' lang='lat' dir='ltr'><strong>redit:</strong></span> <span class='ocrx_word' id='word_1_621' title='bbox 1894 4810 2004 4864; x_wconf 92' lang='lat' dir='ltr'>quo</span> 
     </span>
    </p>
   </div>
   <div class='ocr_carea' id='block_1_81' title="bbox 420 4883 2004 4955">
    <p class='ocr_par' dir='ltr' id='par_1_81' title="bbox 420 4883 2004 4955">
     <span class='ocr_line' id='line_1_81' title="bbox 420 4883 2004 4955; baseline 0.003 -19"><span class='ocrx_word' id='word_1_622' title='bbox 420 4885 539 4940; x_wconf 84' lang='lat' dir='ltr'><strong>viso</strong></span> <span class='ocrx_word' id='word_1_623' title='bbox 562 4883 824 4938; x_wconf 72' lang='lat' dir='ltr'><strong>Crmsus:</strong></span> <span class='ocrx_word' id='word_1_624' title='bbox 867 4883 1048 4954; x_wconf 68' lang='lat' dir='ltr'><strong>Salye,</strong></span> <span class='ocrx_word' id='word_1_625' title='bbox 1079 4884 1279 4955; x_wconf 88' lang='lat' dir='ltr'><strong>inquit.</strong></span> <span class='ocrx_word' id='word_1_626' title='bbox 1314 4884 1558 4939; x_wconf 78' lang='lat' dir='ltr'><strong>Domine.</strong></span> <span class='ocrx_word' id='word_1_627' title='bbox 1592 4887 1656 4938; x_wconf 79' lang='lat' dir='ltr'><strong>Et</strong></span> <span class='ocrx_word' id='word_1_628' title='bbox 1690 4897 1764 4949; x_wconf 77' lang='lat' dir='ltr'>tu,</span> <span class='ocrx_word' id='word_1_629' title='bbox 1807 4885 2004 4952; x_wconf 55' lang='grc' dir='ltr'>(ἔταττε,</span> 
     </span>
    </p>
   </div>
   <div class='ocr_carea' id='block_1_82' title="bbox 423 4974 2006 5048">
    <p class='ocr_par' dir='ltr' id='par_1_82' title="bbox 423 4974 2006 5048">
     <span class='ocr_line' id='line_1_82' title="bbox 423 4974 2006 5048; baseline 0.002 -18"><span class='ocrx_word' id='word_1_630' title='bbox 423 4976 601 5045; x_wconf 85' lang='lat' dir='ltr'><strong>inquit</strong></span> <span class='ocrx_word' id='word_1_631' title='bbox 638 4974 834 5044; x_wconf 89' lang='lat' dir='ltr'><strong>Cyrus.</strong></span> <span class='ocrx_word' id='word_1_632' title='bbox 880 4975 1092 5042; x_wconf 83' lang='lat' dir='ltr'><strong>Verum,</strong></span> <span class='ocrx_word' id='word_1_633' title='bbox 1143 4978 1382 5048; x_wconf 79' lang='lat' dir='ltr'><strong>nunquid</strong></span> <span class='ocrx_word' id='word_1_634' title='bbox 1451 4979 1658 5033; x_wconf 77' lang='lat' dir='ltr'><strong>consilii</strong></span> <span class='ocrx_word' id='word_1_635' title='bbox 1708 4980 1834 5033; x_wconf 85' lang='lat' dir='ltr'><strong>mihi</strong></span> <span class='ocrx_word' id='word_1_636' title='bbox 1875 4980 2006 5034; x_wconf 85' lang='lat' dir='ltr'><strong>dare</strong></span> 
     </span>
    </p>
   </div>
   <div class='ocr_carea' id='block_1_83' title="bbox 387 5068 2007 5141">
    <p class='ocr_par' dir='ltr' id='par_1_83' title="bbox 387 5068 2007 5141">
     <span class='ocr_line' id='line_1_83' title="bbox 387 5068 2007 5141; baseline -0.001 -16"><span class='ocrx_word' id='word_1_637' title='bbox 387 5110 390 5112; x_wconf 87' lang='lat'><em>-</em></span> <span class='ocrx_word' id='word_1_638' title='bbox 419 5070 587 5126; x_wconf 64' lang='lat' dir='ltr'><strong>telis?</strong></span> <span class='ocrx_word' id='word_1_639' title='bbox 625 5068 812 5138; x_wconf 91' lang='lat' dir='ltr'><strong>Inquit</strong></span> <span class='ocrx_word' id='word_1_640' title='bbox 843 5069 954 5134; x_wconf 84' lang='lat' dir='ltr'><strong>ille,</strong></span> <span class='ocrx_word' id='word_1_641' title='bbox 1002 5069 1159 5123; x_wconf 77' lang='lat' dir='ltr'><strong>Modo</strong></span> <span class='ocrx_word' id='word_1_642' title='bbox 1195 5071 1408 5140; x_wconf 86' lang='lat' dir='ltr'><strong>possim.</strong></span> <span class='ocrx_word' id='word_1_643' title='bbox 1440 5069 1579 5124; x_wconf 90' lang='lat' dir='ltr'><strong>Tum</strong></span> <span class='ocrx_word' id='word_1_644' title='bbox 1615 5070 1826 5141; x_wconf 90' lang='lat' dir='ltr'><strong>Cyrus:</strong></span> <span class='ocrx_word' id='word_1_645' title='bbox 1871 5071 2007 5125; x_wconf 78' lang='lat' dir='ltr'><strong>Mili-</strong></span> 
     </span>
    </p>
   </div>
   <div class='ocr_carea' id='block_1_84' title="bbox 379 5158 2001 5232">
    <p class='ocr_par' dir='ltr' id='par_1_84' title="bbox 379 5158 2001 5232">
     <span class='ocr_line' id='line_1_84' title="bbox 379 5158 2001 5232; baseline 0.001 -18"><span class='ocrx_word' id='word_1_646' title='bbox 379 5184 386 5195; x_wconf 88' lang='lat'><em>-</em></span> <span class='ocrx_word' id='word_1_647' title='bbox 421 5172 498 5216; x_wconf 81' lang='lat' dir='ltr'><strong>les</strong></span> <span class='ocrx_word' id='word_1_648' title='bbox 526 5178 690 5224; x_wconf 87' lang='lat' dir='ltr'><strong>meos,</strong></span> <span class='ocrx_word' id='word_1_649' title='bbox 725 5161 927 5229; x_wconf 84' lang='lat' dir='ltr'><strong>inquit,</strong></span> <span class='ocrx_word' id='word_1_650' title='bbox 961 5158 1161 5224; x_wconf 73' lang='lat' dir='ltr'><strong>Croese,</strong></span> <span class='ocrx_word' id='word_1_651' title='bbox 1208 5161 1476 5232; x_wconf 73' lang='lat' dir='ltr'><strong>fatigatos,</strong></span> <span class='ocrx_word' id='word_1_652' title='bbox 1519 5169 1568 5214; x_wconf 80' lang='lat' dir='ltr'>et</span> <span class='ocrx_word' id='word_1_653' title='bbox 1594 5161 1834 5229; x_wconf 75' lang='lat' dir='ltr'><strong>plurimis</strong></span> <span class='ocrx_word' id='word_1_654' title='bbox 1861 5165 2001 5231; x_wconf 88' lang='lat' dir='ltr'><strong>peri-</strong></span> 
     </span>
    </p>
   </div>
   <div class='ocr_carea' id='block_1_85' title="bbox 378 5252 2004 5323">
    <p class='ocr_par' dir='ltr' id='par_1_85' title="bbox 378 5252 2004 5323">
     <span class='ocr_line' id='line_1_85' title="bbox 378 5252 2004 5323; baseline 0.001 -17"><span class='ocrx_word' id='word_1_655' title='bbox 378 5275 385 5282; x_wconf 94' lang='grc'>·</span> <span class='ocrx_word' id='word_1_656' title='bbox 419 5254 549 5308; x_wconf 77' lang='lat' dir='ltr'><strong>culis</strong></span> <span class='ocrx_word' id='word_1_657' title='bbox 578 5253 870 5322; x_wconf 76' lang='lat' dir='ltr'><strong>defunctos,</strong></span> <span class='ocrx_word' id='word_1_658' title='bbox 907 5261 1064 5323; x_wconf 80' lang='lat' dir='ltr'><strong>capta</strong></span> <span class='ocrx_word' id='word_1_659' title='bbox 1095 5253 1223 5306; x_wconf 88' lang='lat' dir='ltr'><strong>urbe</strong></span> <span class='ocrx_word' id='word_1_660' title='bbox 1249 5263 1362 5322; x_wconf 79' lang='lat' dir='ltr'><strong>post</strong></span> <span class='ocrx_word' id='word_1_661' title='bbox 1403 5252 1726 5323; x_wconf 84' lang='lat' dir='ltr'><strong>Babylonem</strong></span> <span class='ocrx_word' id='word_1_662' title='bbox 1777 5256 2004 5308; x_wconf 83' lang='lat' dir='ltr'><strong>Asiana-</strong></span> 
     </span>
    </p>
   </div>
   <div class='ocr_carea' id='block_1_86' title="bbox 419 5344 2002 5416">
    <p class='ocr_par' dir='ltr' id='par_1_86' title="bbox 419 5344 2002 5416">
     <span class='ocr_line' id='line_1_86' title="bbox 419 5344 2002 5416; baseline 0.001 -18"><span class='ocrx_word' id='word_1_663' title='bbox 419 5361 538 5398; x_wconf 85' lang='lat' dir='ltr'>rum</span> <span class='ocrx_word' id='word_1_664' title='bbox 563 5344 984 5416; x_wconf 83' lang='lat' dir='ltr'><strong>opulentissima,</strong></span> <span class='ocrx_word' id='word_1_665' title='bbox 1031 5361 1178 5416; x_wconf 87' lang='lat' dir='ltr'><strong>spem</strong></span> <span class='ocrx_word' id='word_1_666' title='bbox 1205 5345 1396 5400; x_wconf 82' lang='lat' dir='ltr'><strong>habere</strong></span> <span class='ocrx_word' id='word_1_667' title='bbox 1432 5348 1578 5400; x_wconf 73' lang='lat' dir='ltr'><strong>oidro</strong></span> <span class='ocrx_word' id='word_1_668' title='bbox 1625 5347 2002 5401; x_wconf 78' lang='lat' dir='ltr'><strong>emolumento-</strong></span> 
     </span>
    </p>
   </div>
   <div class='ocr_carea' id='block_1_87' title="bbox 419 5437 2005 5509">
    <p class='ocr_par' dir='ltr' id='par_1_87' title="bbox 419 5437 2005 5509">
     <span class='ocr_line' id='line_1_87' title="bbox 419 5437 2005 5509; baseline 0.003 -21"><span class='ocrx_word' id='word_1_669' title='bbox 419 5452 560 5489; x_wconf 90' lang='lat' dir='ltr'><strong>rum.</strong></span> <span class='ocrx_word' id='word_1_670' title='bbox 619 5437 731 5508; x_wconf 85' lang='lat' dir='ltr'>Ego</span> <span class='ocrx_word' id='word_1_671' title='bbox 777 5455 898 5492; x_wconf 82' lang='lat' dir='ltr'><strong>vero</strong></span> <span class='ocrx_word' id='word_1_672' title='bbox 945 5439 1043 5491; x_wconf 80' lang='lat' dir='ltr'><strong>etsi</strong></span> <span class='ocrx_word' id='word_1_673' title='bbox 1101 5453 1186 5493; x_wconf 85' lang='lat' dir='ltr'>eos</span> <span class='ocrx_word' id='word_1_674' title='bbox 1231 5440 1564 5492; x_wconf 86' lang='lat' dir='ltr'><strong>remunerari</strong></span> <span class='ocrx_word' id='word_1_675' title='bbox 1609 5441 1782 5509; x_wconf 80' lang='lat' dir='ltr'><strong>cupio,</strong></span> <span class='ocrx_word' id='word_1_676' title='bbox 1825 5449 2005 5493; x_wconf 79' lang='lat' dir='ltr'><strong>tamen</strong></span> 
     </span>
    </p>
   </div>
   <div class='ocr_carea' id='block_1_88' title="bbox 420 5529 2003 5597">
    <p class='ocr_par' dir='ltr' id='par_1_88' title="bbox 420 5529 2003 5597">
     <span class='ocr_line' id='line_1_88' title="bbox 420 5529 2003 5597; baseline 0.004 -20"><span class='ocrx_word' id='word_1_677' title='bbox 420 5529 600 5580; x_wconf 86' lang='lat' dir='ltr'><strong>urbem</strong></span> <span class='ocrx_word' id='word_1_678' title='bbox 633 5529 981 5597; x_wconf 82' lang='lat' dir='ltr'><strong>diripiendam</strong></span> <span class='ocrx_word' id='word_1_679' title='bbox 1032 5545 1137 5582; x_wconf 84' lang='lat' dir='ltr'>non</span> <span class='ocrx_word' id='word_1_680' title='bbox 1184 5529 1337 5583; x_wconf 85' lang='lat' dir='ltr'><strong>dabo.</strong></span> <span class='ocrx_word' id='word_1_681' title='bbox 1382 5529 1464 5583; x_wconf 86' lang='lat' dir='ltr'><strong>Ad</strong></span> <span class='ocrx_word' id='word_1_682' title='bbox 1494 5529 1610 5583; x_wconf 64' lang='lat' dir='ltr'><strong>haec</strong></span> <span class='ocrx_word' id='word_1_683' title='bbox 1649 5529 1909 5585; x_wconf 67' lang='lat' dir='ltr'><strong>Croesus:</strong></span> <span class='ocrx_word' id='word_1_684' title='bbox 1943 5529 2003 5585; x_wconf 89' lang='lat' dir='ltr'><strong>Si</strong></span> 
     </span>
    </p>
   </div>
   <div class='ocr_carea' id='block_1_89' title="bbox 2031 5223 2082 5282">
    <p class='ocr_par' dir='ltr' id='par_1_89' title="bbox 2031 5223 2082 5282">
     <span class='ocr_line' id='line_1_89' title="bbox 2031 5223 2082 5282; baseline 0 -3"><span class='ocrx_word' id='word_1_685' title='bbox 2031 5223 2082 5282; x_wconf 89' lang='lat' dir='ltr'><strong>D</strong></span> 
     </span>
    </p>
   </div>
   <div class='ocr_carea' id='block_1_90' title="bbox 2106 3959 3692 4034">
    <p class='ocr_par' dir='ltr' id='par_1_90' title="bbox 2106 3959 3692 4034">
     <span class='ocr_line' id='line_1_90' title="bbox 2106 3959 3692 4034; baseline -0.001 -18"><span class='ocrx_word' id='word_1_686' title='bbox 2106 3967 2202 4017; x_wconf 80' lang='grc' dir='ltr'>καὶ</span> <span class='ocrx_word' id='word_1_687' title='bbox 2235 3965 2371 4034; x_wconf 77' lang='grc' dir='ltr'>πρὸς</span> <span class='ocrx_word' id='word_1_688' title='bbox 2403 3967 2469 4033; x_wconf 79' lang='grc' dir='ltr'>τῇ</span> <span class='ocrx_word' id='word_1_689' title='bbox 2503 3964 2657 4017; x_wconf 84' lang='grc' dir='ltr'>πόλει</span> <span class='ocrx_word' id='word_1_690' title='bbox 2698 3962 3016 4032; x_wconf 84' lang='grc' dir='ltr'>γενόμενος,</span> <span class='ocrx_word' id='word_1_691' title='bbox 3067 3963 3166 4024; x_wconf 84' lang='grc' dir='ltr'>τάς</span> <span class='ocrx_word' id='word_1_692' title='bbox 3189 3977 3250 4014; x_wconf 88' lang='grc' dir='ltr'>τε</span> <span class='ocrx_word' id='word_1_693' title='bbox 3281 3959 3533 4031; x_wconf 82' lang='grc' dir='ltr'>μηχανὰς</span> <span class='ocrx_word' id='word_1_694' title='bbox 3573 3961 3692 4014; x_wconf 81' lang='grc' dir='ltr'>ἀνί-</span> 
     </span>
    </p>
   </div>
   <div class='ocr_carea' id='block_1_91' title="bbox 2108 4050 3691 4126">
    <p class='ocr_par' dir='ltr' id='par_1_91' title="bbox 2108 4050 3691 4126">
     <span class='ocr_line' id='line_1_91' title="bbox 2108 4050 3691 4126; baseline 0.001 -17"><span class='ocrx_word' id='word_1_695' title='bbox 2108 4074 2229 4126; x_wconf 88' lang='grc' dir='ltr'>στη,</span> <span class='ocrx_word' id='word_1_696' title='bbox 2251 4050 2348 4110; x_wconf 68' lang='grc' dir='ltr'>καὶ</span> <span class='ocrx_word' id='word_1_697' title='bbox 2373 4055 2641 4125; x_wconf 79' lang='grc' dir='ltr'>ἡτοίμαζε</span> <span class='ocrx_word' id='word_1_698' title='bbox 2668 4055 2967 4124; x_wconf 72' lang='grc' dir='ltr'>κλίμακας.</span> <span class='ocrx_word' id='word_1_699' title='bbox 2997 4055 3108 4124; x_wconf 85' lang='grc' dir='ltr'>Τῆς</span> <span class='ocrx_word' id='word_1_700' title='bbox 3133 4054 3180 4107; x_wconf 84' lang='grc' dir='ltr'>δ’</span> <span class='ocrx_word' id='word_1_701' title='bbox 3202 4053 3468 4124; x_wconf 76' lang='grc' dir='ltr'>ἐπιούσης</span> <span class='ocrx_word' id='word_1_702' title='bbox 3491 4057 3691 4120; x_wconf 74' lang='grc' dir='ltr'>νυκτὸς</span> 
     </span>
    </p>
   </div>
   <div class='ocr_carea' id='block_1_92' title="bbox 2106 4147 3692 4217">
    <p class='ocr_par' dir='ltr' id='par_1_92' title="bbox 2106 4147 3692 4217">
     <span class='ocr_line' id='line_1_92' title="bbox 2106 4147 3692 4217; baseline 0.003 -17"><span class='ocrx_word' id='word_1_703' title='bbox 2106 4147 2433 4213; x_wconf 78' lang='grc' dir='ltr'>ἀναϐιϐάζει</span> <span class='ocrx_word' id='word_1_704' title='bbox 2465 4148 2773 4211; x_wconf 82' lang='grc' dir='ltr'>Χαλδαίους</span> <span class='ocrx_word' id='word_1_705' title='bbox 2815 4164 2874 4200; x_wconf 89' lang='grc' dir='ltr'>τε</span> <span class='ocrx_word' id='word_1_706' title='bbox 2909 4147 3002 4201; x_wconf 80' lang='grc' dir='ltr'>καὶ</span> <span class='ocrx_word' id='word_1_707' title='bbox 3038 4149 3255 4217; x_wconf 85' lang='grc' dir='ltr'>Πέρσας</span> <span class='ocrx_word' id='word_1_708' title='bbox 3282 4148 3428 4204; x_wconf 83' lang='grc' dir='ltr'>κατά</span> <span class='ocrx_word' id='word_1_709' title='bbox 3457 4151 3524 4203; x_wconf 70' lang='grc' dir='ltr'>τά</span> <span class='ocrx_word' id='word_1_710' title='bbox 3554 4149 3692 4204; x_wconf 83' lang='grc' dir='ltr'>ἀπο-</span> 
     </span>
    </p>
   </div>
   <div class='ocr_carea' id='block_1_93' title="bbox 2105 4236 3685 4315">
    <p class='ocr_par' dir='ltr' id='par_1_93' title="bbox 2105 4236 3685 4315">
     <span class='ocr_line' id='line_1_93' title="bbox 2105 4236 3685 4315; baseline 0.003 -21"><span class='ocrx_word' id='word_1_711' title='bbox 2105 4242 2378 4310; x_wconf 87' lang='grc' dir='ltr'>τομότατα</span> <span class='ocrx_word' id='word_1_712' title='bbox 2407 4240 2673 4294; x_wconf 82' lang='grc' dir='ltr'>δοκοῦντα</span> <span class='ocrx_word' id='word_1_713' title='bbox 2712 4236 2855 4296; x_wconf 78' lang='grc' dir='ltr'>εἶναι</span> <span class='ocrx_word' id='word_1_714' title='bbox 2893 4241 2988 4294; x_wconf 81' lang='grc' dir='ltr'>τοῦ</span> <span class='ocrx_word' id='word_1_715' title='bbox 3036 4243 3352 4312; x_wconf 78' lang='grc' dir='ltr'>Σαρδιανῶν</span> <span class='ocrx_word' id='word_1_716' title='bbox 3387 4245 3685 4315; x_wconf 72' lang='grc' dir='ltr'>ἐρύματος.</span> 
     </span>
    </p>
   </div>
   <div class='ocr_carea' id='block_1_94' title="bbox 2121 4333 3690 4408">
    <p class='ocr_par' dir='ltr' id='par_1_94' title="bbox 2121 4333 3690 4408">
     <span class='ocr_line' id='line_1_94' title="bbox 2121 4333 3690 4408; baseline 0.004 -24"><span class='ocrx_word' id='word_1_717' title='bbox 2121 4333 2396 4403; x_wconf 78' lang='grc' dir='ltr'>Ἡγήσατο</span> <span class='ocrx_word' id='word_1_718' title='bbox 2423 4333 2480 4386; x_wconf 82' lang='grc' dir='ltr'>δὲ</span> <span class='ocrx_word' id='word_1_719' title='bbox 2511 4333 2611 4402; x_wconf 82' lang='grc' dir='ltr'>τῆς</span> <span class='ocrx_word' id='word_1_720' title='bbox 2641 4333 2761 4387; x_wconf 74' lang='grc' dir='ltr'>ὁδοῦ</span> <span class='ocrx_word' id='word_1_721' title='bbox 2803 4334 3017 4398; x_wconf 86' lang='grc' dir='ltr'>τούτοις</span> <span class='ocrx_word' id='word_1_722' title='bbox 3049 4336 3268 4408; x_wconf 80' lang='grc' dir='ltr'>Πέρσης</span> <span class='ocrx_word' id='word_1_723' title='bbox 3304 4336 3467 4407; x_wconf 78' lang='grc' dir='ltr'>ἀνὴρ,</span> <span class='ocrx_word' id='word_1_724' title='bbox 3502 4336 3690 4400; x_wconf 83' lang='grc' dir='ltr'>δοῦλος</span> 
     </span>
    </p>
   </div>
   <div class='ocr_carea' id='block_1_95' title="bbox 2105 4424 3691 4497">
    <p class='ocr_par' dir='ltr' id='par_1_95' title="bbox 2105 4424 3691 4497">
     <span class='ocr_line' id='line_1_95' title="bbox 2105 4424 3691 4497; baseline 0.003 -21"><span class='ocrx_word' id='word_1_725' title='bbox 2105 4424 2213 4476; x_wconf 89' lang='grc' dir='ltr'>τῶν</span> <span class='ocrx_word' id='word_1_726' title='bbox 2267 4426 2324 4477; x_wconf 84' lang='grc' dir='ltr'>ἐν</span> <span class='ocrx_word' id='word_1_727' title='bbox 2375 4427 2441 4494; x_wconf 81' lang='grc' dir='ltr'>τῇ</span> <span class='ocrx_word' id='word_1_728' title='bbox 2503 4424 2802 4495; x_wconf 82' lang='grc' dir='ltr'>ἀκροπόλει</span> <span class='ocrx_word' id='word_1_729' title='bbox 2860 4425 3116 4497; x_wconf 83' lang='grc' dir='ltr'>φρουρῶν</span> <span class='ocrx_word' id='word_1_730' title='bbox 3155 4428 3293 4489; x_wconf 79' lang='grc' dir='ltr'>ἑνός.</span> <span class='ocrx_word' id='word_1_731' title='bbox 3357 4426 3445 4490; x_wconf 82' lang='grc' dir='ltr'>Ὠς</span> <span class='ocrx_word' id='word_1_732' title='bbox 3503 4425 3560 4480; x_wconf 75' lang='grc' dir='ltr'>δὲ</span> <span class='ocrx_word' id='word_1_733' title='bbox 3619 4426 3691 4480; x_wconf 79' lang='grc' dir='ltr'>τὰ</span> 
     </span>
    </p>
   </div>
   <div class='ocr_carea' id='block_1_96' title="bbox 2107 4515 3686 4592">
    <p class='ocr_par' dir='ltr' id='par_1_96' title="bbox 2107 4515 3686 4592">
     <span class='ocr_line' id='line_1_96' title="bbox 2107 4515 3686 4592; baseline 0.004 -22"><span class='ocrx_word' id='word_1_734' title='bbox 2107 4515 2256 4586; x_wconf 83' lang='grc' dir='ltr'>ἄκρα</span> <span class='ocrx_word' id='word_1_735' title='bbox 2305 4517 2504 4587; x_wconf 88' lang='grc' dir='ltr'>εἴχετο,</span> <span class='ocrx_word' id='word_1_736' title='bbox 2567 4517 2800 4587; x_wconf 76' lang='grc' dir='ltr'>ἔφευγον</span> <span class='ocrx_word' id='word_1_737' title='bbox 2855 4520 2907 4572; x_wconf 87' lang='grc' dir='ltr'>οἰ</span> <span class='ocrx_word' id='word_1_738' title='bbox 2952 4520 3121 4573; x_wconf 78' lang='grc' dir='ltr'>Λυδοὶ</span> <span class='ocrx_word' id='word_1_739' title='bbox 3169 4521 3278 4574; x_wconf 82' lang='grc' dir='ltr'>ἀπὸ</span> <span class='ocrx_word' id='word_1_740' title='bbox 3308 4520 3418 4575; x_wconf 91' lang='grc' dir='ltr'>τῶν</span> <span class='ocrx_word' id='word_1_741' title='bbox 3468 4521 3686 4592; x_wconf 87' lang='grc' dir='ltr'>τειχῶν.</span> 
     </span>
    </p>
   </div>
   <div class='ocr_carea' id='block_1_97' title="bbox 2107 4609 3685 4685">
    <p class='ocr_par' dir='ltr' id='par_1_97' title="bbox 2107 4609 3685 4685">
     <span class='ocr_line' id='line_1_97' title="bbox 2107 4609 3685 4685; baseline 0.003 -22"><span class='ocrx_word' id='word_1_742' title='bbox 2107 4610 2290 4680; x_wconf 85' lang='grc' dir='ltr'>Κῦρος</span> <span class='ocrx_word' id='word_1_743' title='bbox 2347 4610 2406 4663; x_wconf 76' lang='grc' dir='ltr'>δὲ</span> <span class='ocrx_word' id='word_1_744' title='bbox 2461 4609 2580 4680; x_wconf 74' lang='grc' dir='ltr'>ἅμα</span> <span class='ocrx_word' id='word_1_745' title='bbox 2632 4613 2700 4680; x_wconf 83' lang='grc' dir='ltr'>τῇ</span> <span class='ocrx_word' id='word_1_746' title='bbox 2762 4611 2946 4682; x_wconf 68' lang='grc' dir='ltr'>ήμέρᾳ</span> <span class='ocrx_word' id='word_1_747' title='bbox 2998 4612 3174 4683; x_wconf 86' lang='grc' dir='ltr'>εἰσῄει</span> <span class='ocrx_word' id='word_1_748' title='bbox 3221 4613 3302 4676; x_wconf 86' lang='grc' dir='ltr'>εἰς</span> <span class='ocrx_word' id='word_1_749' title='bbox 3355 4612 3454 4685; x_wconf 77' lang='grc' dir='ltr'>τήν</span> <span class='ocrx_word' id='word_1_750' title='bbox 3507 4614 3685 4678; x_wconf 87' lang='grc' dir='ltr'>πόλιν,</span> 
     </span>
    </p>
   </div>
   <div class='ocr_carea' id='block_1_98' title="bbox 2107 4700 3689 4774">
    <p class='ocr_par' dir='ltr' id='par_1_98' title="bbox 2107 4700 3689 4774">
     <span class='ocr_line' id='line_1_98' title="bbox 2107 4700 3689 4774; baseline 0.007 -24"><span class='ocrx_word' id='word_1_751' title='bbox 2107 4700 2488 4768; x_wconf 85' lang='grc' dir='ltr'>παραγγείλας</span> <span class='ocrx_word' id='word_1_752' title='bbox 2519 4703 2585 4753; x_wconf 81' lang='grc' dir='ltr'>ὲκ</span> <span class='ocrx_word' id='word_1_753' title='bbox 2632 4703 2733 4771; x_wconf 84' lang='grc' dir='ltr'>τῆς</span> <span class='ocrx_word' id='word_1_754' title='bbox 2769 4702 2980 4767; x_wconf 79' lang='grc' dir='ltr'>τάξεως</span> <span class='ocrx_word' id='word_1_755' title='bbox 3031 4703 3242 4774; x_wconf 84' lang='grc' dir='ltr'>μηδένα</span> <span class='ocrx_word' id='word_1_756' title='bbox 3291 4706 3581 4760; x_wconf 71' lang='grc' dir='ltr'>κινεῖσθαι.</span> <span class='ocrx_word' id='word_1_757' title='bbox 3629 4706 3689 4760; x_wconf 85' lang='lat'>&#39;0</span> 
     </span>
    </p>
   </div>
   <div class='ocr_carea' id='block_1_99' title="bbox 2106 4789 3686 4866">
    <p class='ocr_par' dir='ltr' id='par_1_99' title="bbox 2106 4789 3686 4866">
     <span class='ocr_line' id='line_1_99' title="bbox 2106 4789 3686 4866; baseline 0.006 -25"><span class='ocrx_word' id='word_1_758' title='bbox 2106 4789 2162 4841; x_wconf 83' lang='grc' dir='ltr'>δὲ</span> <span class='ocrx_word' id='word_1_759' title='bbox 2219 4791 2452 4860; x_wconf 89' lang='grc' dir='ltr'>Κροῖσος</span> <span class='ocrx_word' id='word_1_760' title='bbox 2505 4793 3014 4861; x_wconf 84' lang='grc' dir='ltr'>κατακλεισάμενος</span> <span class='ocrx_word' id='word_1_761' title='bbox 3083 4796 3141 4846; x_wconf 73' lang='grc' dir='ltr'>ἐν</span> <span class='ocrx_word' id='word_1_762' title='bbox 3193 4796 3310 4859; x_wconf 82' lang='grc' dir='ltr'>τοῖς</span> <span class='ocrx_word' id='word_1_763' title='bbox 3371 4795 3686 4866; x_wconf 76' lang='grc' dir='ltr'>βασιλείοις,</span> 
     </span>
    </p>
   </div>
   <div class='ocr_carea' id='block_1_100' title="bbox 2109 4882 3689 4956">
    <p class='ocr_par' dir='ltr' id='par_1_100' title="bbox 2109 4882 3689 4956">
     <span class='ocr_line' id='line_1_100' title="bbox 2109 4882 3689 4956; baseline 0.003 -20"><span class='ocrx_word' id='word_1_764' title='bbox 2109 4882 2293 4952; x_wconf 82' lang='grc' dir='ltr'>Κῦρον</span> <span class='ocrx_word' id='word_1_765' title='bbox 2334 4883 2492 4937; x_wconf 81' lang='grc' dir='ltr'>ἐϐόα.</span> <span class='ocrx_word' id='word_1_766' title='bbox 2557 4884 2616 4937; x_wconf 88' lang='lat'>&#39;0</span> <span class='ocrx_word' id='word_1_767' title='bbox 2647 4884 2704 4937; x_wconf 85' lang='grc' dir='ltr'>δὲ</span> <span class='ocrx_word' id='word_1_768' title='bbox 2745 4884 2924 4955; x_wconf 81' lang='grc' dir='ltr'>Κῦρος</span> <span class='ocrx_word' id='word_1_769' title='bbox 2961 4885 3056 4938; x_wconf 82' lang='grc' dir='ltr'>τοῦ</span> <span class='ocrx_word' id='word_1_770' title='bbox 3090 4887 3190 4954; x_wconf 84' lang='grc' dir='ltr'>μὲν</span> <span class='ocrx_word' id='word_1_771' title='bbox 3235 4888 3474 4956; x_wconf 73' lang='grc' dir='ltr'>Κροίσου</span> <span class='ocrx_word' id='word_1_772' title='bbox 3522 4890 3689 4940; x_wconf 80' lang='grc' dir='ltr'>κατέ-</span> 
     </span>
    </p>
   </div>
   <div class='ocr_carea' id='block_1_101' title="bbox 2108 4974 3687 5047">
    <p class='ocr_par' dir='ltr' id='par_1_101' title="bbox 2108 4974 3687 5047">
     <span class='ocr_line' id='line_1_101' title="bbox 2108 4974 3687 5047; baseline 0.005 -22"><span class='ocrx_word' id='word_1_773' title='bbox 2108 4977 2232 5026; x_wconf 85' lang='grc' dir='ltr'>λιπε</span> <span class='ocrx_word' id='word_1_774' title='bbox 2263 4974 2511 5042; x_wconf 81' lang='grc' dir='ltr'>φύλακας</span> <span class='ocrx_word' id='word_1_775' title='bbox 2531 4992 2547 5006; x_wconf 77' lang='grc' dir='ltr'><strong><em>ο</em></strong></span> <span class='ocrx_word' id='word_1_776' title='bbox 2574 4977 3196 5047; x_wconf 87' lang='grc' dir='ltr'>καταστρατοπεδεύσας</span> <span class='ocrx_word' id='word_1_777' title='bbox 3226 4977 3283 5030; x_wconf 78' lang='grc' dir='ltr'>δὲ</span> <span class='ocrx_word' id='word_1_778' title='bbox 3312 4979 3440 5044; x_wconf 86' lang='grc' dir='ltr'>τοὺς</span> <span class='ocrx_word' id='word_1_779' title='bbox 3469 4979 3687 5046; x_wconf 79' lang='grc' dir='ltr'>ἑαυτοῦ,</span> 
     </span>
    </p>
   </div>
   <div class='ocr_carea' id='block_1_102' title="bbox 2108 5068 3688 5142">
    <p class='ocr_par' dir='ltr' id='par_1_102' title="bbox 2108 5068 3688 5142">
     <span class='ocr_line' id='line_1_102' title="bbox 2108 5068 3688 5142; baseline 0.001 -20"><span class='ocrx_word' id='word_1_780' title='bbox 2108 5068 2276 5140; x_wconf 73' lang='grc' dir='ltr'>ἀπῄει</span> <span class='ocrx_word' id='word_1_781' title='bbox 2320 5069 2456 5135; x_wconf 71' lang='grc' dir='ltr'>πρὸς</span> <span class='ocrx_word' id='word_1_782' title='bbox 2514 5071 2772 5140; x_wconf 83' lang='grc' dir='ltr'>Κροῖσον.</span> <span class='ocrx_word' id='word_1_783' title='bbox 2811 5070 2922 5124; x_wconf 77' lang='grc' dir='ltr'>Καὶ</span> <span class='ocrx_word' id='word_1_784' title='bbox 2977 5071 3099 5123; x_wconf 85' lang='grc' dir='ltr'>ἰδὼν</span> <span class='ocrx_word' id='word_1_785' title='bbox 3136 5070 3298 5124; x_wconf 79' lang='grc' dir='ltr'>αὑτὸν</span> <span class='ocrx_word' id='word_1_786' title='bbox 3352 5073 3380 5124; x_wconf 85' lang='grc' dir='ltr'><strong>ὁ</strong></span> <span class='ocrx_word' id='word_1_787' title='bbox 3432 5073 3688 5142; x_wconf 80' lang='grc' dir='ltr'>Κροῖσος,</span> 
     </span>
    </p>
   </div>
   <div class='ocr_carea' id='block_1_103' title="bbox 2111 5158 3690 5233">
    <p class='ocr_par' dir='ltr' id='par_1_103' title="bbox 2111 5158 3690 5233">
     <span class='ocr_line' id='line_1_103' title="bbox 2111 5158 3690 5233; baseline 0.001 -19"><span class='ocrx_word' id='word_1_788' title='bbox 2111 5163 2304 5230; x_wconf 72' lang='grc' dir='ltr'>Χαῖρε,</span> <span class='ocrx_word' id='word_1_789' title='bbox 2329 5158 2376 5216; x_wconf 86' lang='grc' dir='ltr'><strong>ὦ</strong></span> <span class='ocrx_word' id='word_1_790' title='bbox 2397 5160 2688 5226; x_wconf 79' lang='grc' dir='ltr'>Δέσποτα,</span> <span class='ocrx_word' id='word_1_791' title='bbox 2719 5161 2848 5233; x_wconf 74' lang='grc' dir='ltr'>ἔφη.</span> <span class='ocrx_word' id='word_1_792' title='bbox 2888 5164 2996 5216; x_wconf 80' lang='grc' dir='ltr'>Καὶ</span> <span class='ocrx_word' id='word_1_793' title='bbox 3025 5166 3107 5217; x_wconf 87' lang='grc' dir='ltr'>σύ</span> <span class='ocrx_word' id='word_1_794' title='bbox 3136 5180 3221 5233; x_wconf 77' lang='grc' dir='ltr'>γε,</span> <span class='ocrx_word' id='word_1_795' title='bbox 3252 5166 3280 5216; x_wconf 87' lang='grc' dir='ltr'>ό</span> <span class='ocrx_word' id='word_1_796' title='bbox 3311 5163 3494 5233; x_wconf 84' lang='grc' dir='ltr'>Κῦρος</span> <span class='ocrx_word' id='word_1_797' title='bbox 3515 5158 3690 5223; x_wconf 77' lang='grc' dir='ltr'>εἶπεν,</span> 
     </span>
    </p>
   </div>
   <div class='ocr_carea' id='block_1_104' title="bbox 2110 5249 3690 5323">
    <p class='ocr_par' dir='ltr' id='par_1_104' title="bbox 2110 5249 3690 5323">
     <span class='ocr_line' id='line_1_104' title="bbox 2110 5249 3690 5323; baseline 0 -16"><span class='ocrx_word' id='word_1_798' title='bbox 2110 5249 2156 5307; x_wconf 86' lang='grc' dir='ltr'><strong>ὦ</strong></span> <span class='ocrx_word' id='word_1_799' title='bbox 2189 5255 2406 5321; x_wconf 77' lang='grc' dir='ltr'>Κροῖσε</span> <span class='ocrx_word' id='word_1_800' title='bbox 2435 5269 2449 5284; x_wconf 83' lang='lat'><strong>&#39;</strong></span> <span class='ocrx_word' id='word_1_801' title='bbox 2483 5253 2631 5322; x_wconf 74' lang='grc' dir='ltr'>ἀτὰρ</span> <span class='ocrx_word' id='word_1_802' title='bbox 2659 5253 2974 5320; x_wconf 76' lang='grc' dir='ltr'>ἐθελήσεις</span> <span class='ocrx_word' id='word_1_803' title='bbox 3009 5254 3086 5308; x_wconf 83' lang='grc' dir='ltr'>ἂν</span> <span class='ocrx_word' id='word_1_804' title='bbox 3109 5254 3569 5323; x_wconf 69' lang='grc' dir='ltr'>συμϐουλεῦσαί</span> <span class='ocrx_word' id='word_1_805' title='bbox 3592 5271 3690 5323; x_wconf 78' lang='grc' dir='ltr'>μοι</span> 
     </span>
    </p>
   </div>
   <div class='ocr_carea' id='block_1_105' title="bbox 2112 5341 3690 5418">
    <p class='ocr_par' dir='ltr' id='par_1_105' title="bbox 2112 5341 3690 5418">
     <span class='ocr_line' id='line_1_105' title="bbox 2112 5341 3690 5418; baseline 0 -19"><span class='ocrx_word' id='word_1_806' title='bbox 2112 5345 2189 5400; x_wconf 87' lang='grc' dir='ltr'>ἂν</span> <span class='ocrx_word' id='word_1_807' title='bbox 2227 5353 2322 5410; x_wconf 82' lang='grc' dir='ltr'>τι;</span> <span class='ocrx_word' id='word_1_808' title='bbox 2367 5345 2709 5414; x_wconf 56' lang='lat' dir='ltr'>Bavio/[my</span> <span class='ocrx_word' id='word_1_809' title='bbox 2737 5345 2833 5410; x_wconf 81' lang='grc' dir='ltr'>ἂν,</span> <span class='ocrx_word' id='word_1_810' title='bbox 2867 5347 2994 5418; x_wconf 75' lang='grc' dir='ltr'>ἔφη,</span> <span class='ocrx_word' id='word_1_811' title='bbox 3025 5341 3071 5401; x_wconf 81' lang='grc' dir='ltr'><strong>ὦ</strong></span> <span class='ocrx_word' id='word_1_812' title='bbox 3104 5345 3279 5414; x_wconf 83' lang='grc' dir='ltr'>Κῦρε.</span> <span class='ocrx_word' id='word_1_813' title='bbox 3321 5347 3516 5400; x_wconf 86' lang='grc' dir='ltr'>Τοίνυν</span> <span class='ocrx_word' id='word_1_814' title='bbox 3551 5344 3690 5415; x_wconf 75' lang='grc' dir='ltr'>ἐγὼ,</span> 
     </span>
    </p>
   </div>
   <div class='ocr_carea' id='block_1_106' title="bbox 2114 5437 3690 5508">
    <p class='ocr_par' dir='ltr' id='par_1_106' title="bbox 2114 5437 3690 5508">
     <span class='ocr_line' id='line_1_106' title="bbox 2114 5437 3690 5508; baseline -0.003 -14"><span class='ocrx_word' id='word_1_815' title='bbox 2114 5439 2354 5506; x_wconf 80' lang='grc' dir='ltr'>Κροῖσε,</span> <span class='ocrx_word' id='word_1_816' title='bbox 2415 5439 2557 5506; x_wconf 82' lang='grc' dir='ltr'>τοὺς</span> <span class='ocrx_word' id='word_1_817' title='bbox 2607 5438 2975 5506; x_wconf 85' lang='grc' dir='ltr'>στρατιώτας</span> <span class='ocrx_word' id='word_1_818' title='bbox 3029 5437 3185 5508; x_wconf 79' lang='grc' dir='ltr'>ὁρῶν</span> <span class='ocrx_word' id='word_1_819' title='bbox 3251 5439 3690 5506; x_wconf 77' lang='grc' dir='ltr'>πεπονηκότας,</span> 
     </span>
    </p>
   </div>
   <div class='ocr_carea' id='block_1_107' title="bbox 2114 5527 3689 5600">
    <p class='ocr_par' dir='ltr' id='par_1_107' title="bbox 2114 5527 3689 5600">
     <span class='ocr_line' id='line_1_107' title="bbox 2114 5527 3689 5600; baseline -0.002 -16"><span class='ocrx_word' id='word_1_820' title='bbox 2114 5531 2208 5584; x_wconf 78' lang='grc' dir='ltr'>καὶ</span> <span class='ocrx_word' id='word_1_821' title='bbox 2245 5530 2504 5584; x_wconf 74' lang='grc' dir='ltr'>πλεῖστα</span> <span class='ocrx_word' id='word_1_822' title='bbox 2542 5530 3108 5597; x_wconf 80' lang='grc' dir='ltr'>κεκινδυνευκότας,</span> <span class='ocrx_word' id='word_1_823' title='bbox 3149 5530 3244 5584; x_wconf 78' lang='grc' dir='ltr'>καί</span> <span class='ocrx_word' id='word_1_824' title='bbox 3284 5527 3403 5585; x_wconf 75' lang='grc' dir='ltr'>νῦν</span> <span class='ocrx_word' id='word_1_825' title='bbox 3433 5527 3689 5600; x_wconf 65' lang='grc' dir='ltr'>νομίζον-</span> 
     </span>
    </p>
   </div>
   <div class='ocr_carea' id='block_1_108' title="bbox 1571 5681 2474 5750">
    <p class='ocr_par' dir='ltr' id='par_1_108' title="bbox 1571 5681 2474 5750">
     <span class='ocr_line' id='line_1_108' title="bbox 1571 5681 2474 5750; baseline 0.006 -8"><span class='ocrx_word' id='word_1_826' title='bbox 1571 5682 1778 5745; x_wconf 73' lang='lat' dir='ltr'><strong>Varias</strong></span> <span class='ocrx_word' id='word_1_827' title='bbox 1817 5681 2130 5746; x_wconf 89' lang='lat' dir='ltr'><strong>lectiones</strong></span> <span class='ocrx_word' id='word_1_828' title='bbox 2175 5693 2235 5747; x_wconf 88' lang='lat' dir='ltr'>et</span> <span class='ocrx_word' id='word_1_829' title='bbox 2281 5695 2474 5750; x_wconf 81' lang='lat' dir='ltr'><strong>notae.</strong></span> 
     </span>
    </p>
   </div>
   <div class='ocr_carea' id='block_1_109' title="bbox 497 5800 2204 5876">
    <p class='ocr_par' dir='ltr' id='par_1_109' title="bbox 497 5800 2204 5876">
     <span class='ocr_line' id='line_1_109' title="bbox 497 5800 2204 5876; baseline 0.004 -21"><span class='ocrx_word' id='word_1_830' title='bbox 497 5800 609 5872; x_wconf 84' lang='lat'>(99)</span> <span class='ocrx_word' id='word_1_831' title='bbox 657 5801 1217 5876; x_wconf 78' lang='grc' dir='ltr'>Συνεπισπώμενοι.</span> <span class='ocrx_word' id='word_1_832' title='bbox 1271 5803 1406 5861; x_wconf 86' lang='lat' dir='ltr'><strong>Cod.</strong></span> <span class='ocrx_word' id='word_1_833' title='bbox 1465 5803 1620 5860; x_wconf 89' lang='lat' dir='ltr'><strong>Colb.</strong></span> <span class='ocrx_word' id='word_1_834' title='bbox 1680 5803 2204 5875; x_wconf 57' lang='lat' dir='ltr'><strong>Emombpevouw.</strong></span> 
     </span>
    </p>
   </div>
  </div>
