4092 6430
428 427 530 493 301

1656 415 2064 479 ANNALIUM
2104 414 2252 477 LIB.
2294 413 2412 474 Ιῐῐ.

3582 398 3691 481 eos

427 562 534 610 τας
556 540 740 595 πόλιν
767 539 932 607 ἔχειν
968 534 1082 603 τὴν
1111 532 1575 600 πλουσιωτάτην
1598 530 1716 586 τῶν
1745 531 1814 585 ἐν
1836 530 2003 598 Ἀσίᾳ

2113 541 2196 581 me
2226 528 2368 598 apud
2401 525 2567 598 Lydos
2587 524 2842 598 quosdam
2864 525 3034 580 dicere
3048 524 3252 594 siveris,
3275 543 3357 583 me
3381 528 3692 601 impetrasse

423 635 574 709 μετὰ
607 630 973 687 Βαϐυλῶνα.
1018 625 1165 691 ἁξιῶ
1218 624 1603 696 ὠφεληθῆναι
1648 623 1790 690 τοὺς
1819 638 2003 690 στρα-

426 728 658 791 τιώτας,
689 724 918 793 ἐφεῖναι
960 719 1013 773 δ’
1061 718 1267 785 αὐτοῖς
1310 715 1637 786 διαρπάσαι
1677 714 1795 782 τὴν
1822 715 2006 768 πόλιν

428 822 502 874 οὺ
521 817 849 884 βούλομαι.
888 810 949 865 '0
981 810 1039 864 δὲ
1068 811 1303 881 Κροῖσος
1326 824 1341 842 ·
1387 806 1553 862 Ἀλλ’
1581 804 1704 875 ἐμὲ,
1742 805 1870 874 ἔφη,
1902 803 2005 858 ἐα-

426 928 547 967 σον
575 908 753 973 λέξαι
785 905 938 975 πρὸς
961 902 1069 969 οὓς
1091 898 1169 956 ἂν
1197 899 1312 969 ἐγὼ
1341 897 1555 954 Λυδῶν
1576 896 1785 961 ἐθέλω,
1819 894 2005 964 ὅτιμή

426 999 706 1071 ’γενέσθαι
744 995 1026 1065 ἁρπαγὴν
1059 991 1217 1059 παρὰ
1250 989 1366 1044 σοῦ
1403 988 1864 1056 διαπέπραγμαι.
1906 983 2004 1039 καὶ

428 1095 552 1146 ἴσθι
591 1107 692 1145 σοι
727 1089 976 1142 ἔσεσθαι
1015 1082 1150 1151 παρ’
1173 1080 1437 1136 ἑκόντων
1464 1076 1697 1142 Λυδῶν,
1740 1076 1864 1132 πᾶν
1887 1075 1920 1130 ὅ
1951 1092 2005 1130 τι

426 1186 497 1237 ἐν
529 1181 786 1252 Σάρδεσι
813 1178 1031 1249 τίμιον.
1077 1174 1322 1245 Πρῶτον
1368 1171 1436 1227 δὲ
1472 1171 1572 1226 ἐπὶ
1614 1170 1758 1238 τοὺς
1797 1169 2003 1239 ἐμοὺς,

426 1273 568 1342 εἷπε,
592 1271 940 1342 θησαυροὺς
961 1269 1178 1337 πέμπε,
1216 1266 1314 1321 καὶ
1340 1264 1608 1336 λάμϐανε
1629 1263 1746 1317 ὅσα
1763 1263 2001 1328 βούλει.

426 1368 614 1422 Ταῦτα
660 1368 759 1437 μὲν
808 1359 904 1418 οὖν
959 1361 1103 1416 οὕτω
1139 1361 1390 1430 ποιήσειν
1424 1361 1453 1413 δ
1484 1357 1670 1428 Κῦρος
1717 1355 2002 1418 κατέθετο,

426 1460 523 1514 καὶ
571 1458 693 1513 τότε
747 1456 843 1510 ἐπὶ
895 1453 1110 1517 τούτοις
1161 1451 1264 1524 τὴν
1316 1450 1532 1522 ἡμέραν
1582 1449 1865 1521 διήγαγον.
1921 1445 2001 1519 Τῇ

425 1549 470 1602 δ’
518 1551 646 1617 ἑξῆς
693 1545 933 1610 καλέσας
979 1545 1009 1598 δ
1045 1541 1230 1614 Κῦρος
1281 1540 1393 1593 τῶν
1447 1539 1621 1608 φίλων
1661 1538 1837 1602 τινάς,
1876 1537 2004 1601 τοὺς

430 1643 529 1712 μὲν
564 1640 693 1704 τοὺς
723 1637 1035 1710 θησαυροὺς
1065 1631 1527 1707 παραλαμϐάνειν
1561 1630 1841 1695 ἐκέλευσε,
1876 1630 2003 1692 τοὺς

426 1733 485 1785 δὲ
518 1731 692 1785 ὁπόσα
721 1727 997 1800 παραδοίη
1024 1728 1053 1778 ὁ
1083 1724 1321 1796 Κροῖσος
1349 1723 1454 1793 χρή
1465 1736 1634 1790 ματα.
1674 1714 1810 1773 Εἶτα
1836 1715 1891 1769 εἴ
1916 1733 2003 1780 τις

2115 634 2148 670 a
2178 625 2230 671 te
2252 617 2398 673 urbis
2423 616 2862 684 incolumitatem,
2884 618 3012 673 scito
3026 635 3110 674 eos
3128 618 3270 674 ultro
3283 620 3539 692 quidquid
3558 621 3690 678 Sar-

2114 708 2266 763 dibus
2305 719 2381 763 est
2426 710 2736 780 pretiosum,
2775 710 2847 764 ad
2873 718 2925 763 te
2951 709 3210 767 allaturos
3234 726 3254 767 .'
3290 711 3346 767 in
3375 714 3563 783 primis
3592 732 3691 770 au-

2116 809 2220 854 tem
2250 817 2316 856 ea:
2354 802 2479 856 meis
2520 803 2779 858 thesauris
2815 803 3030 866 sumito,
3073 813 3331 874 quantum
3352 803 3514 860 voles.
3547 804 3691 879 Cyro

2112 909 2359 958 assenso,
2391 908 2456 950 ea
2485 909 2549 951 re
2580 894 2835 964 occupati
2866 894 3012 949 diem
3041 902 3450 967 transegerunt.
3478 897 3692 954 Postri-

2113 983 2203 1039 die
2233 984 2372 1039 alios
2403 1000 2468 1041 es
2505 983 2699 1040 amicis
2736 985 3048 1050 thesauros,
3087 985 3226 1042 alios
3271 987 3537 1058 pecunias
3568 1005 3694 1061 quas

2112 1086 2143 1126 a
2170 1071 2361 1129 Croeso
2385 1074 2789 1144 praeberentur,
2821 1076 3071 1147 accipere
3098 1077 3280 1149 jubet.
3310 1077 3444 1135 Inde
3463 1095 3693 1152 percon-

2113 1172 2298 1220 tatur:
2352 1165 2490 1220 Nunt
2515 1167 2630 1239 quis
2670 1168 2984 1224 Abradatan
3015 1170 3273 1225 uidisset?
3327 1169 3577 1244 Cumque
3621 1188 3691 1231 ex

2111 1255 2381 1312 ministris
2399 1258 2624 1328 quidam
2651 1258 2904 1326 dixisset,
2932 1275 3060 1314 eum
3084 1260 3138 1315 in
3161 1263 3350 1332 praelia
3379 1263 3648 1321 cecidisse
3668 1304 3686 1327 .

2112 1346 2320 1403 femore
2351 1363 2635 1418 percusso,
2667 1364 3082 1422 conscensoque
3098 1368 3242 1423 equo
3263 1354 3328 1409 ad
3354 1354 3512 1427 163
3536 1356 3691 1412 illum

2112 1448 2391 1509 properat.
2440 1441 2617 1512 thue
2671 1442 2957 1499 Panthiam
3008 1444 3160 1501 humi
3212 1448 3496 1502 sedentem
3532 1449 3691 1518 juxta

2112 1528 2294 1584 mariti
2342 1530 2576 1588 cadaver
2613 1532 2784 1598 videt,
2825 1533 3134 1606 lacrymans
3166 1536 3284 1591 ait:
3326 1534 3374 1592 0
3419 1537 3612 1608 fortem
3636 1547 3693 1594 et

2109 1618 2320 1689 ﬁdelem
2349 1624 2611 1680 animum.
2659 1623 2741 1679 Ad
2770 1625 2887 1680 haec
2926 1626 3162 1682 mulier:
3207 1627 3339 1695 Hoc,
3390 1628 3592 1700 inquit,
3640 1632 3691 1686 ei

2110 1712 2358 1768 accidisse
2379 1725 2593 1785 propter
2622 1732 2706 1771 me
2732 1719 2875 1771 scio:
2912 1726 2963 1771 et
3007 1718 3229 1785 forsitan
3274 1721 3433 1775 etiam
3477 1731 3691 1793 propter

425 1823 641 1894 ἑώρακε
691 1819 787 1874 τὸν
826 1818 1166 1889 Ἀϐραδάταν
1197 1815 1404 1887 ἦρετο;
1460 1811 1708 1874 εἰπόντος
1754 1810 1812 1864 δέ
1857 1824 2002 1872 τινος

2113 1809 2183 1869 ιε,
2217 1803 2371 1875 Cyre.
2401 1804 2542 1860 Nam
2587 1816 2637 1862 et
2685 1824 2779 1879 ego
2810 1808 3019 1862 demens
3043 1810 3226 1866 sedulo
3265 1827 3386 1866 eum
3413 1813 3689 1881 hortabar,

422 1915 533 1969 τῶν
566 1910 883 1984 ὑπηρετῶν,
914 1911 997 1964 ὅτι
1034 1910 1093 1962 ὲν
1136 1909 1202 1977 τῇ
1238 1906 1388 1978 μάχῃ
1413 1905 1707 1968 ἀπέθανεν,
1735 1901 2001 1955 ἐπαίσατο

2109 1905 2160 1947 ιιι
2191 1897 2426 1952 amicitia
2455 1908 2547 1953 tua
2572 1914 2627 1953 se
2649 1900 2866 1970 dignum
2886 1902 3176 1972 prwberet:
3204 1910 3253 1956 et
3275 1903 3386 1974 ipse
3401 1904 3686 1975 rogitaéat,

423 2005 516 2058 τὸν
571 2003 784 2075 μηρὸν,
835 1999 934 2055 καὶ
976 1996 1339 2068 ἀναπηδήσας
1397 1994 1491 2048 ἐπὶ
1540 1993 1731 2056 ἵππον,
1766 1991 1999 2063 ἧλαυνεν

2109 2004 2217 2058 qua
2251 2004 2306 2043 re
2339 1999 2554 2060 gratum
2600 1993 2695 2046 tibi
2724 1993 2943 2063 faceret.
2995 1996 3070 2050 Ac
3099 1994 3192 2051 ille
3227 1997 3436 2068 quidem
3475 2001 3690 2054 honesto

376 2078 381 2083 ’
422 2095 514 2149 ἐπ’
573 2096 804 2147 ἐκεῖνον.
859 2092 972 2145 Καὶ
1044 2088 1122 2153 ὡς
1178 2083 1287 2141 εἶδε
1341 2086 1441 2157 τὴν
1496 2083 1776 2139 Πάνθειαν
1823 2085 2001 2154 χαμαὶ

2109 2081 2365 2146 occubuit,
2403 2099 2498 2153 ego
2535 2099 2658 2138 vero
2686 2086 2953 2141 hortatrix
2989 2087 3137 2143 illius
3183 2089 3300 2144 viva
3330 2090 3555 2145 assideo.
3586 2088 3692 2163 Cy-

422 2183 771 2254 καθημένην,
800 2181 896 2235 καὶ
940 2178 1029 2233 τὸν
1051 2177 1248 2249 νεκρὸν
1284 2176 1563 2245 κείμενον,
1594 2173 1867 2245 ἐδάκρυσε
1901 2174 1997 2227 καὶ

2109 2187 2222 2238 rus,
2267 2187 2394 2228 cum
2426 2174 2751 2246 aliquandiu
2796 2180 2961 2236 tacite
2986 2180 3364 2253 lacrymasset,
3407 2182 3688 2254 multaque

421 2272 568 2339 εἷπε,
599 2273 739 2337 Φεῦ,
768 2267 815 2328 ὦ
839 2269 1032 2341 ἀγαοὴ
1066 2269 1168 2323 καὶ
1202 2268 1389 2335 πιστὴ
1421 2268 1618 2337 ψυχή.
1660 2267 1724 2319 Ἦ
1753 2266 1809 2320 δὲ
1841 2266 2001 2334 γυνὴ,

2109 2261 2302 2320 deinde
2351 2265 2420 2321 ad
2469 2265 2765 2325 levandum
2814 2269 3027 2327 luctum
3080 2273 3380 2340 attulisset,
3429 2273 3686 2331 discedit.

423 2364 546 2422 076'
584 2366 673 2420 ὅτι
706 2364 784 2418 δι’
812 2362 937 2433 ἐμὲ,
969 2363 1097 2433 ἔφη.
1135 2360 1326 2415 ταῦτα
1370 2360 1616 2424 ἔπαθεν,
1660 2357 1805 2425 ἴσως
1853 2356 1908 2412 δ’
1954 2352 2004 2412 ὦ

418 2456 597 2525 Κῦρε,
637 2455 738 2510 καὶ
790 2453 889 2509 διὰ
932 2453 1029 2507 σέ.
1091 2451 1231 2521 Ἐγώ
1277 2467 1340 2504 τε
1365 2450 1474 2519 γὰρ
1501 2449 1540 2517 ἠ
1583 2449 1750 2519 μωρὰ
1799 2447 2004 2502 πολλὰ

419 2546 854 2616 διεκελευόμην
881 2545 1063 2610 αὐτῷ,
1092 2544 1253 2611 ὅπως
1276 2559 1376 2598 σοι
1404 2544 1586 2613 φίλος
1613 2542 1784 2609 ἄξιος
1811 2542 2001 2612 λόγου

417 2639 662 2707 φανείη,
701 2636 885 2701 αὐτός
914 2651 978 2688 τε
1020 2635 1077 2688 τι
1115 2633 1190 2688 ἂν
1220 2631 1486 2699 ποιήσας
1534 2631 1848 2700 χαρίσοιτό
1901 2644 2003 2684 σοι

417 2730 646 2786 ἐνενόει
676 2745 690 2760 ο
717 2729 818 2784 καὶ
847 2722 1029 2794 οὗτος
1056 2725 1175 2797 μὲν
1202 2725 1524 2795 ἀμέμπτως
1549 2722 1999 2790 τετελεύτηκεν,

417 2821 535 2892 ἐγὼ
565 2820 620 2874 δ’
682 2820 720 2888 ἡ
766 2816 1317 2888 παρακελευομένη,
1369 2808 1526 2876 ζῶσα
1557 2813 2000 2883 παρακάθημαι.

421 2915 533 2969 Καὶ
572 2913 599 2967 ὁ
630 2912 815 2981 Κῦρος
841 2910 1032 2981 χρόνον
1066 2908 1167 2980 μέν
1196 2924 1320 2961 τινα
1372 2907 1551 2976 σιωπῇ
1602 2904 1999 2977 κατεδάκρυεν,

420 3005 616 3059 ἔπειτα
672 3003 843 3058 πολλά
901 3001 998 3057 τού
1058 3001 1267 3064 πάθους
1336 2995 1460 3053 εἷπε
1512 2997 2004 3069 παρηγορήματα,

421 3093 524 3151 εἶτ’
554 3096 742 3169 ἀπῄει.
784 3097 851 3150 Ἠ
876 3094 932 3150 δὲ
955 3096 1096 3166 γυνὴ
1134 3092 1263 3155 τοὺς
1299 3090 1401 3162 μὲν
1438 3088 1733 3161 εὐνούχους
1776 3088 1995 3143 ἐκέλευ-

2103 2354 2303 2411 Mulier
2331 2358 2607 2415 eunuchis
2656 2360 2920 2418 secedere
2963 2363 3158 2433 jussis.
3190 2364 3395 2422 nutrici
3441 2368 3687 2433 mandat,

2102 2455 2165 2502 ut
2206 2462 2267 2503 se
2306 2458 2583 2506 mortuam
2629 2453 2824 2508 eadem
2867 2469 2995 2510 cum
3050 2455 3255 2512 marito
3300 2465 3454 2514 veste
3500 2468 3685 2531 tegat:

2102 2554 2279 2610 eaque
2313 2540 2589 2612 plorante,
2636 2544 2872 2614 seipsam
2895 2545 3134 2617 jugulat,
3158 2557 3218 2603 et
3249 2548 3432 2618 capite
3452 2564 3556 2605 suo
3590 2565 3691 2622 pe-

2105 2632 2245 2687 ctori
2265 2633 2451 2688 mariti
2475 2634 2755 2706 imposito,
2770 2638 3024 2693 moritur.
3043 2638 3163 2705 Quo
3182 2638 3328 2695 facto
3348 2641 3536 2697 nutrix
3552 2642 3660 2699 sub
3673 2673 3689 2686 -

2102 2724 2213 2779 lata
2251 2741 2387 2782 voce
2413 2726 2769 2795 lamentatur,
2801 2729 3106 2801 ambosque
3140 2733 3295 2802 tegit.
3341 2732 3477 2790 Tres
3498 2743 3702 2790 autem-

2101 2815 2369 2881 eunuebi,
2399 2815 2637 2874 dominae
2681 2818 2829 2875 aede
2863 2821 3105 2891 cognita,
3140 2822 3349 2879 strictis
3391 2821 3590 2894 gladiis
3626 2832 3693 2881 et

2103 2906 2208 2978 ipsi
2236 2923 2358 2964 sese
2389 2910 2693 2980 perimunt.
2740 2910 2915 2984 Cyrus
2945 2913 3166 2984 cognita
3190 2914 3362 2980 cmde,
3396 2915 3691 2972 mulierem

2104 3000 2416 3059 admiratus
2472 3003 2747 3075 deplorat,
2786 3020 2853 3062 ac
2898 3006 3109 3077 ingenti
3167 3008 3381 3065 tumulo
3424 3008 3689 3076 excitato,

2108 3094 2399 3164 magniﬁce
2429 3104 2488 3153 et
2516 3097 2691 3169 ipsam
2725 3109 2782 3154 et
2812 3098 3069 3154 maritum
3091 3100 3312 3172 sepelit.

423 3206 519 3244 σεν
570 3189 896 3261 ἀποστῆναι,
922 3191 991 3260 τῇ
1022 3187 1083 3241 δὲ
1104 3184 1290 3258 τροφῷ
1313 3181 1437 3239 εἷπε
1488 3181 1856 3256 παραμένειν,
1911 3183 2009 3238 καὶ
2078 3186 2459 3245 ἀποθανοῦσαν
2525 3191 2903 3263 περικαλύψαι
2931 3192 3105 3263 αὐτὴν
3146 3209 3206 3247 τι
3252 3196 3349 3251 καὶ
3396 3195 3489 3251 τὸν
3520 3197 3691 3272 ἄνδρα

421 3286 507 3340 tot
539 3284 763 3354 ἱματίῳ.
814 3280 879 3335 Ἦ
917 3281 1014 3352 μὲν
1043 3274 1138 3334 οὖν
1175 3277 1374 3351 τροφὸς
1407 3277 1645 3348 ἐκάθητο
1680 3275 1947 3330 κλαίουσα
1983 3295 1996 3309 ·
2041 3279 2075 3348 ή
2141 3279 2198 3333 δὲ
2275 3281 2506 3352 σφάττει
2545 3283 2768 3356 ἑαυτὴν,
2813 3285 2911 3339 καὶ
2940 3286 3192 3341 ἐπιθεῖσα
3234 3287 3329 3342 ἐπὶ
3365 3289 3436 3344 τά
3490 3293 3692 3364 στέρνα

421 3374 518 3429 τοῦ
566 3372 760 3445 ἀνδρὸς
806 3372 905 3441 τὴν
949 3370 1152 3440 ἑαυτῆς
1204 3367 1471 3439 κεφαλὴν,
1506 3364 1877 3436 ἀπέθνησκεν.
1936 3365 2003 3419 Ἠ
2038 3367 2093 3420 δὲ
2115 3370 2318 3440 τροφὸς
2376 3372 2769 3447 ἀνωλοφύρατό
2792 3391 2852 3428 τε
2885 3378 2981 3430 καὶ
3004 3376 3439 3447 περιεκάλυπτεν
3497 3382 3687 3455 ἄμφω.

422 3467 538 3523 Καὶ
586 3467 637 3521 οἱ
693 3464 941 3535 εὐνοῦχοι
1000 3463 1222 3532 γνόντες
1274 3460 1337 3515 τὺ
1399 3458 1795 3530 γεγενημένον,
1850 3460 2002 3530 τρεῖς
2040 3457 2217 3527 ὄντες,
2280 3464 2630 3535 σπασάμενοι
2681 3467 2808 3530 τοὺς
2864 3467 3138 3532 ἀκινάκας
3196 3469 3547 3540 σφάττονται.
3628 3475 3691 3533 '0

421 3562 480 3616 δὲ
508 3559 690 3632 Κῦρος
718 3559 794 3621 ὼς
826 3555 1024 3628 ⁴ᾔσθετο
1059 3554 1122 3609 τὸ
1147 3553 1312 3625 ἔργον
1376 3554 1482 3624 τῆς
1546 3551 1830 3621 γυναικὸς,
1892 3552 2110 3624 ἠγάσθη
2146 3569 2207 3607 τε
2249 3556 2426 3629 αὐτὴν
2452 3558 2548 3613 καὶ
2596 3560 3049 3632 κατωλοφύρατο,
3106 3561 3203 3617 καὶ
3259 3565 3453 3636 μνῆμα
3503 3567 3691 3624 αὐτοῖς

425 3656 632 3725 ἔχωσεν
661 3649 1059 3721 ὑπερμέγεθες,
1094 3646 1273 3717 θάψας
1303 3647 1502 3712 αὐτοὺς
1537 3645 1997 3719 μεγαλοπρεπῶς,

496 3750 623 3802 KA’.
650 3746 715 3800 Οἱ
744 3744 802 3798 δὲ
835 3743 1020 3815 Κᾶρες
1051 3741 1469 3806 στασιάσαντες,
1507 3740 1604 3794 καὶ
1639 3736 2003 3808 πολεμοῦντες

2192 3737 2383 3794 XXIV.
2428 3739 2644 3798 interea
2667 3741 2860 3808 Cares,
2900 3742 3175 3799 seditione
3198 3742 3344 3800 inter
3373 3744 3522 3817 ipsos
3542 3758 3687 3808 orta.

425 3840 708 3911 ἀλλήλοις,
755 3836 1066 3910 παρέδοσαν
1106 3835 1335 3899 ἑαυτοὺς
1380 3833 1467 3911 ,τῷ
1507 3832 1677 3903 Κύρῳ
1727 3832 2003 3901 ἑκάτεροι.

428 3910 617 3986 Καὶῗοὶ
656 3930 753 3985 ἐπὶ
801 3929 1045 3999 Φρυγίαν
1092 3928 1149 3983 δὲ
1199 3927 1301 3998 τὴν
1352 3910 1450 3981 {ut
1505 3925 1898 3997 Ἑλλήσποντον
1929 3927 2007 3997 (ι)

425 4026 579 4097 δῶρα
614 4026 849 4079 πλεῖστα
882 4023 969 4094 τῷ
1001 4018 1172 4093 Κύρῳ
1200 4017 1502 4090 παρέσχον,
1535 4019 1679 4074 ὥστε
1722 4015 1799 4088 μὴ
1829 4015 1911 4079 εἰς
1939 4019 2008 4069 τά

425 4119 582 4190 τείχη
624 4116 946 4187 Βαρδάρους
980 4111 1350 4179 εἰσδέξασθαι,
1375 4110 1581 4181 δασμὸν
1611 4108 1668 4162 δὲ
1703 4108 2007 4177 ἀποφέρειν

428 4207 603 4280 αὐτῷ,
628 4208 725 4260 καὶ
754 4203 1075 4276 στρατεύειν
1100 4203 1208 4274 ὅπη
1234 4200 1414 4274 Κῦρος
1439 4199 1674 4253 κελεύει.
1716 4197 1778 4252 '0
1805 4197 1864 4251 δὲ
1894 4196 2006 4251 τῶν

427 4297 658 4370 Φρυγῶν
678 4295 932 4377 βασιλεὺς
954 4293 1420 4363 παρεσκευάζετο,
1446 4291 1521 4354 ὡς
1541 4290 1602 4344 οὐ
1623 4289 2005 4358 σπεισόμενος.

439 4391 596 4445 Ἐπεὶ
625 4390 683 4444 δὲ
725 4387 1027 4457 ἀφίσταντο
1081 4384 1249 4439 αὐτοῦ
1294 4384 1343 4436 οἱ
1403 4381 1666 4453 ὖπαρχοι,
1710 4381 1790 4443 εἰς
1816 4380 2006 4450 χεῖρας

425 4477 594 4553 ἦλθεν
632 4480 940 4534 Ὑστάσπα.
989 4476 1104 4532 Καὶ
1145 4477 1174 4528 ὁ
1222 4473 1540 4537 Ὑστάσπας
1586 4471 1905 4525 καταλιπὼν
1949 4471 2006 4522 ὲν

427 4575 551 4638 ταῖς
582 4573 783 4643 ἄκραις
810 4568 1055 4643 φρουράς
1086 4568 1339 4640 Περσῶν,
1387 4566 1557 4638 ἀπῄει
1588 4564 1738 4634 ἄγων
1764 4564 1864 4618 σὺν
1893 4564 2008 4626 τοίς

427 4665 649 4731 ἑαυτοῦ,
670 4666 764 4719 καὶ
789 4662 1275 4736 Φρυγῶνλπολλοὺς
1311 4661 1514 4723 ἱππέας
1546 4660 1644 4713 καὶ
1668 4657 2003 4717 πελταστάς.

458 4762 501 4814 Ο
554 4759 613 4823 δὲ
665 4756 852 4828 Κῦρος
894 4756 1126 4828 ὡρμᾶτο
1175 4757 1241 4810 ὲκ
1293 4752 1565 4826 Σάρδεων,
1615 4750 1860 4824 φρουρὰν
1908 4749 2007 4821 μὲν

430 4850 606 4906 λιπὼν
661 4852 721 4903 ὲν
782 4848 1037 4920 Σάρδεσι,
1075 4849 1313 4919 Κροῖσον
1351 4846 1395 4899 δ’
1443 4845 1583 4914 ἔχων
1645 4843 1744 4896 σὺν
1802 4842 2001 4914 ἑαυτῷ,

431 4942 637 5009 ἄγοντα
671 4939 932 5002 πλείστας
976 4935 1195 5008 ἀμάξας
1242 4935 1447 5008 μεστάς
1485 4933 1696 4989 πολλῶν
1735 4935 1832 4989 καὶ
1871 4950 2007 4986 παν-

430 5034 681 5089 τοδαπῶν
746 5032 1072 5104 χρημάτων,
1121 5030 1217 5084 καὶ
1270 5026 1635 5099 γεγραμμένα
1681 5025 1874 5096 ἔχοντα
1926 5022 2004 5095 (2)

2111 3829 2331 3898 utrique
2373 3830 2517 3902 Cyro
2561 3846 2686 3888 sese
2712 3831 2928 3887 dedunt
2963 3850 2979 3886 :
3010 3832 3254 3904 Phryges
3285 3832 3419 3889 item
3454 3835 3525 3890 ad
3557 3834 3687 3892 [lel-

2107 3920 2421 3991 lespontum
2468 3922 2804 3987 habitantes,
2857 3923 3095 3993 plurima
3150 3924 3296 3980 dona
3340 3925 3688 3993 obtulerunt,

2108 4028 2179 4067 ne
2212 4013 2486 4070 Barbaros
2509 4014 2652 4071 intra
2684 4014 2887 4071 muenia
2911 4015 3163 4086 recipere
3208 4026 3561 4088 cogerentur,
3589 4019 3687 4077 sed

2109 4103 2323 4159 tributa
2364 4104 2635 4162 duntaxat
2678 4105 3005 4177 penderent.
3047 4104 3299 4178 Phrygia:
3338 4121 3468 4164 vero
3498 4124 3595 4166 rex
3626 4125 3689 4168 se

2108 4195 2363 4264 parabat,
2396 4203 2460 4251 ut
2490 4212 2681 4266 pacem
2709 4196 3127 4267 repudiaturus.
3154 4196 3292 4253 Cum
3324 4205 3510 4254 autem
3537 4213 3685 4270 pra.

2109 4287 2233 4348 fecti
2263 4288 2591 4353 deﬁcerent,
2621 4288 2904 4360 Hystaspa:
2944 4303 3006 4345 se
3035 4288 3270 4344 dedidit.
3303 4288 3408 4356 Qui
3431 4290 3689 4361 presidio

2108 4383 2354 4440 castellis
2406 4381 2702 4452 imposito,
2733 4381 2939 4436 multos
2988 4379 3154 4436 etiam
3189 4381 3434 4454 Phryges
3469 4382 3688 4454 equites

2106 4487 2165 4533 et
2207 4482 2487 4548 parmatos
2518 4489 2647 4530 cum
2687 4473 2805 4529 suis
2843 4472 3098 4529 adduxit.
3129 4472 3307 4547 Cyrus
3338 4488 3561 4545 quoque
3597 4491 3689 4533 η.

2107 4572 2241 4627 Ιίοιο
2271 4567 2540 4625 Sardibus
2570 4567 2850 4638 praesidio,
2869 4565 3175 4638 Crtesoque
3200 4581 3390 4623 secum
3422 4565 3687 4636 abducto.

2107 4662 2200 4734 qui
2231 4662 2503 4733 plurimos
2527 4674 2726 4715 currus
2755 4657 3015 4724 vehebat,
3041 4658 3236 4729 plenos
3260 4657 3474 4730 magnis
3498 4666 3558 4717 et
3586 4675 3687 4716 va-

2108 4755 2207 4810 riis
2237 4752 2461 4824 opibus,
2501 4761 2558 4807 et
2577 4759 2837 4807 accurate
2876 4749 3219 4821 descriptum
3263 4749 3505 4808 habebat
3549 4751 3685 4823 quid

2109 4848 2166 4902 in
2202 4846 2453 4917 quolibet
2486 4860 2656 4899 curru
2697 4852 2843 4901 esset
2866 4885 2882 4909 ,
2922 4842 3184 4900 discessit
3215 4862 3229 4899 :
3260 4859 3435 4916 eaque
3473 4844 3686 4902 descri-

2107 4939 2298 5010 ptione
2349 4946 2573 5009 accepta
2624 4955 2637 4992 :
2688 4937 2765 4992 Tu
2806 4936 3040 5008 quidem,
3089 4936 3291 5007 inquit,
3324 4946 3463 4992 recte
3495 4937 3686 5009 fecisti,

2108 5032 2304 5097 (ἔναιε,
2322 5031 2415 5086 sed
2432 5032 2522 5101 qui
2537 5030 2786 5101 pecunias
2810 5037 3145 5099 acceperunt,
3172 5029 3211 5084 ii
3238 5030 3454 5085 omnino
3480 5044 3572 5085 eas
3588 5031 3691 5086 mi-

428 5126 702 5195 άκριδὼς,
728 5124 830 5177 ὅσα
859 5118 926 5197 ἦν
958 5125 1016 5176 ὲν
1046 5122 1253 5193 ἑκάστῃ
1284 5121 1493 5191 ἀμάξῃ.
1517 5118 1576 5182 ὃς
1602 5118 1697 5172 καὶ
1726 5116 1896 5171 ἐδίδου
1924 5116 2003 5186 τῷ

2109 5125 2163 5178 Iti
2189 5127 2391 5179 oeheut.
2430 5122 2582 5189 Quod
2607 5123 2653 5177 si
2684 5122 2809 5193 quid
2853 5122 3024 5192 furati
3048 5122 3270 5192 fuerint,
3300 5139 3401 5177 sua
3426 5121 3689 5193 furaban-

430 5216 602 5288 Κύρῳ
620 5219 687 5271 τὰ
704 5216 1034 5285 γράμματα.
1051 5213 1109 5266 '0
1125 5213 1183 5266 δὲ
1200 5211 1382 5279 Κῦρος
1401 5206 1544 5263 εἴπεο
1569 5207 1652 5263 Σὺ
1671 5207 1788 5279 μὲν
1803 5204 2004 5272 καλῶς

426 5308 747 5377 ἐποίησας,
796 5301 844 5362 ὦ
884 5304 1133 5376 Κροῖσε·
1170 5306 1224 5358 οι
1271 5303 1341 5357 δὲ
1382 5303 1457 5357 τὰ
1506 5300 1784 5371 χρήματα
1837 5300 2003 5367 εἱλη-

429 5399 632 5470 ςεότες,
682 5396 925 5464 πάντως
975 5414 1082 5466 μοι
1129 5394 1349 5460 ἄξουσι
1377 5393 1587 5457 ταῦτα,
1618 5389 1784 5463 ἣνδέ
1808 5408 1862 5444 τι
1901 5390 2001 5443 καὶ

427 5488 728 5561 κλέψωσι,
748 5490 823 5544 τὰ
840 5487 1071 5545 ἑαυτῶν
1091 5480 1592 5556 κ.ιέψονται.⁷Ηγε
1614 5485 1672 5539 δὲ
1695 5487 1786 5538 καὶ
1815 5481 2004 5538 Λυδῶν

428 5585 460 5639 δ
481 5586 714 5650 Κροῖσος
735 5582 992 5649 πολλοὺς,
1027 5582 1126 5637 καὶ
1146 5579 1418 5655 λαμπρῶς
1452 5579 1854 5651 ὡπλισμένους.
1886 5575 2005 5631 ’ἰὼν

2111 5223 2219 5268 tur.
2251 5213 2399 5269 Idem
2430 5212 2655 5269 Crtesus
2687 5212 2959 5283 plurimos
3004 5212 3172 5269 etiam
3209 5210 3414 5285 Lydos,
3444 5211 3691 5282 splendi-

2111 5304 2200 5360 dis
2234 5305 2403 5360 armis
2450 5313 2769 5371 exornatas,
2812 5319 3002 5360 secum
3053 5304 3232 5360 duxit.
3285 5302 3464 5375 Cyrus
3501 5310 3688 5358 autem

2114 5398 2246 5452 dum
2278 5395 2616 5466 Babylonem
2642 5397 3037 5469 proﬁciscitur,
3062 5409 3256 5465 magna
3290 5394 3516 5465 Phygis.
3540 5394 3690 5465 Cap-

2114 5490 2345 5560 padocia
2378 5500 2435 5545 et
2458 5489 2660 5545 Arabia
2705 5489 2995 5544 subactis:
3031 5502 3065 5544 e
3109 5486 3303 5558 spoliis
3343 5485 3686 5543 devictorum

2115 5572 2334 5652 equites
2372 5582 2629 5643 Persicos
2659 5581 2803 5639 haud
2836 5580 3129 5653 pauciores
3158 5577 3490 5650 quadragies
3537 5578 3690 5636 mille

1598 5698 1800 5762 Varias
1836 5697 2152 5763 lectiones
2196 5709 2258 5763 et
2296 5705 2487 5762 nota).

428 5823 600 5951 “(12¢
622 5773 744 5949 ἑὴν
792 5822 892 5880 ἐπὶ
946 5819 1428 5892 Ἑλλήσποντον.
1475 5817 1593 5877 Vox
1632 5817 1726 5873 ἐπὶ
1770 5817 1926 5875 abest
1973 5831 2005 5873 a

606 5911 632 5949 ι’
661 5935 677 5949 .

606 5911 677 5949 τι.

2185 5818 2261 5882 (‘2)
2300 5817 2408 5872 Kal
2443 5815 2813 5888 γεγραμμένα
2838 5815 3080 5888 ἔχοντα.
3103 5816 3200 5883 Τὸ,
3228 5813 3423 5888 ἔχοντα
3448 5808 3689 5871 ηίοτιατ

2114 5888 2181 5944 ad
2212 5886 2466 5962 Κροῖσον,
2495 5898 2551 5942 u'
2584 5894 2637 5945 et
2666 5887 2893 5951 ἄγοντα.
2921 5886 3011 5943 W.
