4092 6408
366 435 468 496 303

1621 421 1946 484 JOANNIS
1988 418 2308 480 ZONAlle

3517 409 3624 472 3ὒὶ

364 543 649 604 instruxit,
708 550 766 596 et
817 538 1078 594 omnibus
1121 537 1291 592 sociis
1331 533 1544 588 multos
1601 535 1944 603 captivorum

2060 531 2088 583 5'
2113 533 2140 584 ὁ
2177 533 2358 603 Κῦρος
2391 533 2488 602 τὴν
2517 532 2610 584 ἐπὶ
2636 527 2932 582 Βαϐυλῶνα
2966 525 3373 598 κατεστρέψατο
3405 525 3626 594 Φρύγας

361 649 536 704 equos
570 632 857 686 distribuit
887 639 945 684 et
991 628 1182 682 multis
1211 627 1516 696 equitibus,
1551 627 1740 679 multis
1770 622 1938 692 sagit-

364 725 520 779 tariis
544 733 600 777 et
628 721 963 783 ferentariis,
1006 717 1166 789 164
1194 733 1258 772 ac
1288 716 1669 770 funditoribus
1693 719 1942 766 innume-

367 815 636 870 rabilibus
660 812 991 882 Babylonem
1019 810 1293 866 adductis.
1322 808 1514 861 urbem
1543 806 1716 876 copiis
1736 802 1940 872 cingit:

365 917 423 960 et
474 921 602 958 cum
656 902 1003 972 principibus
1056 911 1222 969 atque
1257 899 1671 953 amicismmuia
1697 905 1946 950 contem-

367 998 572 1066 platus.
629 993 849 1048 adducit
892 991 1200 1047 exercitum
1229 1029 1242 1054 ,
1283 1001 1340 1045 et
1373 990 1582 1045 circum
1623 988 1817 1042 urbem
1853 1002 1947 1041 ca-

369 1099 477 1144 stra
505 1089 671 1141 locat.
711 1086 848 1141 Cum
886 1095 1070 1139 autem
1103 1084 1334 1138 vidisset
1376 1081 1581 1135 ﬂumen
1617 1080 1946 1151 Babylonem

369 1177 643 1248 perfluere
681 1175 942 1238 mediam,
1001 1174 1235 1228 consilio
1261 1187 1362 1226 suo
1393 1187 1518 1226 eum
1551 1170 1770 1225 nemine
1797 1183 1950 1223 com-

370 1268 654 1320 municato
675 1305 690 1330 ,
739 1275 918 1318 castra
949 1263 1093 1334 cingi
1123 1263 1284 1333 jubet
1316 1262 1462 1315 fossa
1499 1261 1606 1314 lata
1635 1267 1692 1315 et
1721 1259 1951 1329 profun-

369 1357 596 1413 dissima
620 1399 634 1422 ,
669 1357 900 1411 f0isitan
936 1368 996 1410 ut
1031 1356 1356 1411 custodibus
1385 1369 1549 1425 quam
1593 1353 1947 1424 paucissimis

367 1457 518 1505 esset
562 1462 718 1516 opus.
768 1447 830 1500 Ei
871 1447 1025 1516 operi
1067 1447 1274 1501 milites
1323 1445 1558 1510 intenti,
1604 1445 1868 1500 mediocri
1917 1460 1948 1499 a

370 1539 596 1595 flumine
639 1539 818 1609 spatio
849 1537 1100 1604 fodiunt,
1157 1547 1514 1608 egestamque
1546 1538 1774 1591 humum
1823 1551 1950 1588 ver-

369 1646 464 1686 sus
489 1639 668 1684 castra
689 1628 1013 1700 conjiciunt.
1037 1627 1475 1699 Babyloniiyero
1496 1627 1825 1683 deridebant
1846 1626 1951 1682 ob-

368 1722 682 1786 sidionem,
731 1730 791 1775 ut
841 1720 937 1791 qui
968 1721 1208 1791 amplius
1251 1719 1445 1790 viginti
1480 1734 1753 1774 annorum
1795 1733 1951 1773 com-

2048 624 2172 686 τοὺς
2201 625 2259 676 ἐν
2293 625 2361 694 τῇ
2397 621 2609 693 μεγάλῃ
2639 619 2871 692 Φρυγίᾳ.
2905 619 3328 689 Κατεστρέψατο
3360 616 3418 668 δὲ
3469 617 3625 669 Καπ-

2047 713 2310 777 παδόκας,
2371 712 2720 782 ὑποχειρίους
2753 710 2811 764 δέ
2848 711 3146 780 ἐποιήσατο
3197 709 3508 780 Ἀραδίους,
3540 710 3626 774 ea-

2047 803 2258 857 ὠπλισε
2304 802 2362 858 δέ
2396 804 2505 857 ἀπὸ
2541 802 2762 856 πάντων
2789 801 2997 856 τούτων
3026 801 3250 872 Περσῶν
3291 801 3390 871 μὲν
3429 801 3628 863 ἱππέας

2047 895 2108 949 οὺ
2143 897 2296 966 μεῖον
2320 894 2822 965 τετρακισμυρίων,
2858 894 2954 947 καὶ
2987 894 3120 946 πᾶσι
3154 893 3210 945 δὲ
3241 895 3352 954 τοῖς
3407 893 3628 961 συμμά-

2049 1001 2164 1054 χοις
2222 987 2425 1047 ῖππους
2463 983 2695 1047 πολλοὺς
2754 984 2863 1036 τῶν
2925 983 3295 1053 αἰχμαλώτων
3348 982 3627 1036 διέδωκεν.

2063 1074 2318 1142 Ἀφίκετο
2345 1075 2531 1145 μέντοι
2579 1074 2715 1144 πρὸς
2768 1073 3090 1137 Βαϐυλῶνα,
3129 1073 3359 1134 πολλοὺς
3399 1071 3498 1142 μὲν
3544 1073 3630 1124 ἱπο

2049 1166 2186 1228 πέας
2209 1165 2381 1233 ἄγων,
2407 1165 2791 1233 παμπόλλλους
2818 1165 2876 1218 δὲ
2907 1165 3128 1231 τοξότας
3157 1165 3252 1217 καὶ
3283 1165 3630 1230 ἀκοντιστάς,

2051 1258 2416 1328 σφενδονήτας
2468 1259 2524 1311 δὲ
2573 1258 2937 1329 ἀναρίθμους.
2989 1259 3153 1311 Ἐπεὶ
3196 1257 3305 1311 δ’ἐν
3349 1257 3633 1311 Βαϐυλῶνι

2051 1350 2290 1417 ἐγένετο,
2343 1350 2673 1422 περιέστησε
2711 1351 2812 1419 μὲν
2861 1351 2963 1422 τὴν
3019 1350 3300 1422 στρατιάν.
3363 1351 3537 1411 Αὐτὸς
3588 1349 3633 1402 δ’

2050 1440 2222 1495 ἐπιὼν
2253 1441 2351 1495 σὺν
2401 1444 2513 1504 τοίς
2575 1442 2804 1513 άρχουσι
2851 1441 2961 1495 τῶν
3027 1441 3336 1511 συμμάχωι
3395 1441 3634 1504 καὶτοῖς

2051 1535 2231 1603 φίλοις
2263 1536 2566 1589 κατεθεᾶτο
2591 1538 2660 1590 τά
2691 1535 2866 1607 τείχη.
2892 1533 3024 1588 Εἶτα
3049 1537 3299 1606 ἐπήγαγε
3331 1536 3432 1606 τὴν
3464 1551 3633 1605 στραο

2049 1628 2197 1694 τιάν,
2241 1629 2339 1683 καὶ
2391 1629 2526 1700 περὶ
2551 1629 2650 1700 τὴν
2681 1629 2838 1682 πόλιν
2881 1629 3442 1699 ἐστρατοπεδεύσατο.
3485 1627 3635 1680 Ἰδὼν

2050 1723 2107 1776 δὲ
2127 1723 2219 1776 τὸν
2253 1724 2372 1776 ἐκεῖ
2413 1724 2662 1793 ποταμὸν
2697 1723 2850 1777 ἔνδον
2878 1724 2978 1794 τῆς
3003 1722 3323 1786 Βαϐυλῶνος
3353 1721 3634 1793 εἱσρέοντα.

369 1820 612 1866 meatum
680 1811 971 1866 haberent.
1046 1811 1214 1866 Fossa
1259 1811 1370 1881 jam
1440 1811 1720 1876 absoluta,
1772 1809 1950 1881 Cyrus

2060 1815 2149 1867 καὶ
2175 1813 2346 1884 μέσην
2366 1813 2570 1867 διῖὁντα
2589 1816 2688 1882 τὴν
2737 1813 2916 1878 πόλιν,
2944 1814 3124 1868 οὐδενὶ
3152 1814 3252 1885 μὲν
3280 1814 3341 1867 τὸ
3362 1815 3637 1884 βούλευμα

369 1904 665 1959 observato
705 1912 954 1972 tempore
999 1916 1112 1972 quo
1146 1875 1478 1973 Babylonios
1501 1917 1602 1971 per
1631 1875 1918 1956 totam'no

2060 1875 2358 1976 ἱξεδίάλυῷε
2384 1922 2399 1937 ο
2446 1875 2657 1978 τάφρον
2709 1906 2753 1960 δ’
2806 1875 3094 1960 ἐκέλευσεν
3127 1875 3386 1977 ὀρύσσειν
3422 1875 3640 1976 περὶ-τὸ

370 2007 514 2051 ctem
551 2006 742 2064 potare
777 2005 832 2049 et
869 1994 1166 2048 comessari
1207 2001 1567 2063 cognoverat,
1601 1991 1800 2047 fossam
1827 2008 1951 2047 ver-

371 2103 469 2142 sus
498 2087 724 2140 fluvium
755 2086 824 2156 (is
851 2084 1164 2156 Euphrates
1203 2093 1308 2147 est,
1345 2093 1405 2138 ut
1428 2082 1742 2139 Herodotus
1767 2082 1954 2154 tradit)

371 2180 595 2249 aperuit
628 2195 641 2230 :
677 2192 934 2246 aquaque
971 2177 1026 2230 in
1067 2191 1193 2230 eam
1226 2185 1396 2231 noctu
1436 2177 1712 2241 traducta,
1749 2177 1955 2232 factum

371 2277 479 2332 est.
513 2279 574 2324 ut
595 2269 784 2323 alveus
810 2267 1059 2323 ﬂuminis
1100 2268 1154 2322 in
1183 2267 1320 2322 urbe
1356 2267 1426 2322 ab
1459 2267 1778 2324 hominibus
1804 2280 1957 2324 tran-

373 2363 472 2418 siri
529 2369 732 2434 posset.
782 2362 937 2416 Tunc
985 2361 1156 2432 igitur
1203 2362 1486 2417 ministros
1525 2369 1583 2419 et
1627 2363 1845 2433 pedites
1899 2371 1957 2417 et

377 2455 598 2524 equites
633 2452 833 2507 vadum
867 2451 1169 2521 periclitari
1195 2451 1382 2522 jussit,
1413 2462 1579 2520 atque
1607 2453 1818 2508 interea
1852 2453 1956 2508 du-

375 2559 470 2601 ces
519 2542 893 2599 multitudinis
923 2540 992 2597 ad
1031 2555 1145 2597 rem
1189 2541 1580 2613 capessendam
1612 2543 1956 2607 exhortatus,

376 2654 527 2693 arma
557 2654 778 2708 capere,
810 2652 874 2691 ac
897 2651 955 2691 se
982 2635 1181 2691 ducem
1214 2637 1371 2706 sequi
1407 2655 1420 2692 :
1460 2635 1734 2708 Gobryam
1770 2645 1827 2690 et
1853 2634 1956 2690 Ga-

376 2728 593 2790 datam,
618 2726 822 2796 quibus
859 2725 992 2780 urbs
1031 2732 1162 2779 nota
1188 2733 1364 2789 esset,
1405 2725 1494 2780 ubi
1527 2727 1583 2779 in
1607 2741 1726 2780 eam
1759 2740 1957 2797 perve-

376 2820 612 2885 nissent,
667 2819 813 2872 viam
871 2826 1216 2882 monstrare,
1267 2831 1376 2886 qua
1432 2825 1582 2870 recta
1632 2816 1701 2871 ad
1749 2819 1956 2889 regiam

377 2911 579 2974 iretur,
616 2909 806 2979 jussit.
861 2908 1090 2964 Summa
1119 2907 1291 2978 igitur
1323 2907 1674 2964 festinatione
1711 2908 1959 2981 Gobryas

378 3012 439 3060 et
477 3004 715 3059 Gadatas
764 3018 890 3057 eum
937 3000 1055 3056 suis
1095 2999 1166 3054 ad
1209 2999 1417 3070 regiam
1452 3015 1627 3071 usque
1657 3003 1955 3071 progressi,

377 3102 568 3164 portas
596 3095 815 3148 clausas
845 3091 1164 3161 reperiunt,
1201 3098 1258 3144 et
1291 3088 1550 3144 custodes
1581 3099 1834 3160 potantes
1860 3105 1959 3160 op-

379 3185 648 3256 primunt.
686 3183 914 3239 Sublato
944 3183 1186 3236 clamore
1215 3187 1272 3234 et
1311 3181 1565 3250 strepitu,
1590 3184 1683 3251 qui
1721 3181 1774 3235 in
1811 3181 1956 3250 regia
1987 3218 2032 3279 ο

379 3286 558 3343 erant,
580 3279 738 3348 jussu
774 3273 922 3345 regis
946 3271 1118 3328 visuri
1159 3270 1290 3341 quid
1318 3272 1398 3325 rei
1423 3282 1590 3336 esset,
1619 3280 1805 3342 portas
1831 3287 1958 3342 ape-

379 3374 576 3426 riunt:
632 3369 950 3436 irrumpunt
981 3365 1201 3431 hostes,
1244 3363 1313 3418 ad
1353 3380 1535 3436 regem
1568 3379 1742 3435 usque
1787 3379 1958 3435 pene-

381 3470 550 3525 trant,
599 3474 727 3515 eum
765 3456 958 3513 stricto
989 3456 1100 3527 jam
1139 3457 1364 3511 acinace
1403 3465 1674 3511 astantem
1715 3456 1962 3528 Cobryas

381 3564 438 3610 et
471 3553 710 3610 Gadatas
741 3551 969 3621 capiunt
995 3567 1009 3603 :
1037 3550 1303 3606 satellites
1338 3552 1538 3621 partim
1565 3561 1958 3622 repugnantes,

383 3646 586 3719 partim
637 3643 915 3715 fugientes
955 3641 1195 3698 caedunt.
1235 3641 1412 3716 Cyrus
1457 3650 1664 3700 turmas
1710 3644 1958 3715 equitum

385 3736 441 3788 iu
473 3740 589 3788 vias
619 3733 870 3796 dimittit,
891 3746 1016 3786 cum
1047 3731 1324 3795 mandato,
1361 3739 1421 3786 ut
1439 3747 1578 3802 quos
1611 3732 1744 3787 foris
1766 3733 1954 3803 depre-

383 3825 703 3889 henderint,
734 3823 991 3879 occidant
1020 3841 1033 3877 :
1070 3824 1288 3878 caeteris
1318 3839 1416 3894 per
1451 3826 1621 3895 Syria:
1643 3825 1840 3895 lingurc
1868 3841 1965 3896 pc-

387 3916 525 3968 ritos
571 3913 928 3978 denuntient,
981 3920 1044 3966 ut
1105 3912 1251 3966 intra
1315 3911 1462 3967 a:des
1515 3927 1573 3967 se
1618 3915 1960 3968 contineant.

385 4007 490 4072 Qui
522 4021 776 4076 egressus
826 4003 1012 4069 fuerit,
1051 4004 1298 4058 occisum
1342 4003 1429 4058 iri.
1477 4004 1690 4059 Interea
1723 4005 1962 4062 Gadatas

387 4106 444 4152 et
481 4095 729 4165 Cobryas
775 4093 1002 4158 adsunt,
1051 4102 1216 4162 atque
1261 4092 1457 4147 nefarii
1506 4093 1649 4163 regis
1695 4093 1961 4148 ultionem

390 4189 627 4258 primum
655 4187 762 4242 diis
783 4185 1191 4240 immortalibus
1216 4193 1501 4254 acceptam
1526 4187 1734 4240 ferunt.
1757 4186 1963 4241 Deinde

389 4279 516 4350 Cyri
566 4278 735 4348 pedes
781 4285 838 4331 et
888 4292 1086 4330 manus
1112 4275 1526 4331 deosculantur.
1567 4276 1873 4348 Xenophon
1909 4281 1965 4333 in

387 4369 515 4440 Cyri
549 4368 804 4432 historia,
837 4369 982 4437 capti
1020 4367 1372 4438 Assyriorum
1414 4369 1557 4439 regis
1586 4379 1785 4425 nomen
1818 4371 1964 4426 haud

388 4461 566 4530 ponit.
601 4457 708 4513 Sed
747 4457 1189 4526 Josephuslibro
1229 4473 1263 4511 ι
1301 4458 1717 4527 Antiquitatum,
1756 4459 1967 4516 Baltas-

2056 1995 2426 2067 στρατόπεδον
2475 1995 2692 2066 εὐρεῖαν
2732 1995 2826 2048 καὶ
2871 1995 3202 2066 βαθυτάτην,
3252 1994 3316 2047 ἵν’
3343 1994 3640 2065 ἐλαχίστων

2054 2087 2193 2160 τάχα
2223 2087 2332 2141 τῶν
2366 2087 2624 2157 φυλάκων
2672 2088 2731 2140 ἐν
2777 2086 2856 2157 τῷ
2906 2087 3258 2158 στρατοπέδῳ
3304 2087 3530 2142 δέοιντο.
3573 2090 3636 2140 Οἱ

2059 2181 2158 2249 μὲν
2187 2178 2282 2232 οῦν
2311 2177 2412 2249 τὴν
2442 2176 2653 2248 τάφρον
2679 2177 2985 2242 ποιοῦντες,
3014 2175 3286 2248 ὤρυσσον,
3329 2176 3552 2247 μέτριόν
3585 2193 3640 2229 τι

2054 2271 2149 2324 τοῦ
2197 2268 2451 2340 ποταμοῦ
2503 2269 2890 2339 ἀφιστάμενοι,
2940 2268 3034 2323 τὸν
3086 2268 3142 2322 δὲ
3198 2267 3326 2338 χοῦν
3377 2268 3640 2322 ἀνέϐαλον

2057 2361 2194 2432 πρδς
2227 2361 2289 2415 τὸ
2317 2360 2704 2432 στρατόπεδον.
2733 2361 2798 2414 0t
2827 2359 2885 2413 δέ
2923 2377 2987 2429 γε
3021 2359 3358 2413 Βαϐυλώνιοι
3413 2359 3640 2426 κατεγέ-

2056 2451 2166 2504 λων
2209 2453 2310 2524 τῆς
2356 2452 2704 2523 πολιορκίας,
2755 2453 2832 2515 ὡς
2875 2453 3040 2506 πλέον
3089 2453 3122 2523 ἢ
3179 2453 3318 2505 ἐτῶν
3364 2453 3538 2506 εἴκοσι
3573 2452 3642 2504 τὰ

2056 2545 2340 2613 ἐπιτήδεια
2365 2546 2600 2617 ἔχοντες.
2627 2545 2766 2615 Ἤδη
2784 2545 2841 2598 δὲ
2863 2545 2962 2615 τῆς
2985 2546 3195 2616 τάφρου
3222 2546 3640 2615 ὀρωρυγμένης.

2059 2638 2304 2706 φυλάξας
2361 2639 2391 2691 ὁ
2442 2639 2627 2708 Κῦρος
2669 2637 2841 2692 νύκτα
2885 2641 2944 2691 ἐν
3088 2636 3286 2708 ἑορτὴν
3328 2637 3470 2705 ἐγνω
3516 2637 3644 2697 τοὺς

2058 2729 2439 2794 Βαϐυλωνίους
2485 2730 2665 2797 ἄγειν,
2716 2729 2848 2798 ὅλην
2869 2727 2968 2800 τὴν
3029 2730 3204 2782 νύκτα
3242 2727 3497 2788 πίνοντας
3547 2729 3644 2780 καὶ

2059 2822 2441 2894 κωμάζοντας,
2471 2823 2529 2875 έν
2553 2821 2726 2893 ταύτῃ
2749 2820 2954 2890 πλῆθος
2978 2822 3041 2873 άθ
3052 2821 3262 2891 ροίσας,
3293 2819 3643 2890 ἀνεστόμωσε

2057 2916 2156 2978 τὰς
2193 2915 2444 2983 τάφρους
2497 2912 2636 2982 πρὸς
2684 2912 2778 2966 τὸν
2829 2911 3076 2982 ποταμὸν
3132 2911 3453 2983 (Εὐφράτης
3486 2907 3643 2976 οὗτός

2059 3009 2233 3073 ἐστιν,
2272 3006 2350 3069 ὡς
2417 3004 2708 3077 Ἡρόδοτος
2762 3005 2986 3075 ἱστορεῖ)
3032 3005 3127 3058 καὶ
3156 3005 3217 3056 τὸ
3247 3003 3393 3073 ὕδωρ
3429 3005 3514 3067 εἱς
3543 3006 3645 3066 τὰς

2060 3100 2305 3168 τάφρους
2329 3095 2528 3169 ἐχώρει
2560 3098 2618 3150 ἐν
2649 3099 2717 3168 τῇ
2748 3096 2929 3149 νυκτί.
2977 3095 3039 3148 Ἠ
3075 3094 3133 3148 δὲ
3164 3095 3253 3148 διά
3293 3096 3390 3165 τῆς
3435 3094 3645 3153 πόλεως

2061 3192 2156 3246 τοῦ
2195 3190 2442 3260 ποταμοῦ
2493 3190 2636 3254 ὁδὸς,
2673 3187 3014 3259 πορεύσιμος
3065 3187 3374 3258 ἀνθρώποις
3408 3189 3643 3256 ἐγίνετο,

2068 3281 2559 3354 μετοχετευθέντος
2592 3280 2685 3334 τοῦ
2734 3281 2948 3344 ὓδατος.
2989 3281 3124 3334 Τότε
3175 3281 3239 3351 δὴ
3273 3280 3648 3340 καταϐιϐάσας

2065 3380 2145 3441 είς
2178 3378 2238 3430 τὸ
2270 3376 2436 3447 ξηρὸν
2467 3374 2563 3428 τοῦ
2595 3373 2848 3443 ποταμοῦ
2884 3372 3164 3443 ὑπηρέτας
3193 3373 3287 3426 καὶ
3327 3373 3523 3437 πεζοὺς
3552 3375 3648 3426 καὶ

2069 3469 2290 3530 ἱππέας,
2345 3467 2603 3520 ἐκέλευσε
2655 3463 2988 3534 σκέψασθαι,
3047 3464 3097 3516 εί
3151 3463 3487 3535 πορεύσιμον
3531 3465 3645 3536 είη.

2079 3561 2168 3613 Ἐν
2197 3558 2376 3629 τούτῳ
2403 3558 2458 3611 δὲ
2489 3557 2788 3627 διαλεχθεὶς
2817 3560 2930 3618 τοῖς
2964 3555 3199 3626 ἡγεμόσι
3239 3557 3334 3609 τοῦ
3381 3556 3645 3628 πλήθους,

2067 3660 2159 3713 καὶ
2188 3656 2465 3726 διεγείρας
2495 3656 2631 3727 προς
2658 3653 2909 3726 τοῦργον,
2943 3655 3097 3719 τέλος
3136 3652 3262 3726 ἔφη·
3289 3653 3430 3709 Ἀλλ’
3459 3655 3643 3724 άγετε,

2067 3751 2380 3822 λαμϐάνετε
2432 3750 2596 3812 ὅπλα,
2653 3751 2938 3821 ἡγήσομαι
2979 3749 3024 3804 δ’
3061 3747 3195 3818 ἐγὼ,
3262 3752 3424 3818 ὑμεῖς
3477 3750 3543 3812 δ’,
3601 3748 3646 3804 ὦ

2068 3845 2304 3908 Γαδάτα,
2337 3845 2432 3898 καὶ
2463 3842 2721 3914 Γωϐρύα,
2761 3844 3041 3898 δεικνύετε
3097 3843 3196 3906 τὰς
3237 3843 3411 3907 ὁδοὺς,
3446 3845 3650 3909 εἰδότες

2068 3939 2294 4002 ταύτας.
2353 3938 2525 3992 Ὅταν
2584 3938 2628 3990 δ’
2667 3937 2820 4001 ἐντὸς
2867 3934 3182 4006 γενώμεθα,
3227 3934 3328 4006 την
3386 3936 3650 4006 ταχίστην

2069 4031 2233 4100 ἄγετε
2264 4031 2356 4084 ἐπὶ
2402 4030 2470 4083 τὰ
2530 4029 2802 4100 βασίλεια.
2860 4028 2988 4081 Ἐπὶ
3037 4029 3251 4090 τούτοις
3297 4027 3646 4096 ἐπορεύοντο.

2071 4127 2183 4181 Καὶ
2208 4127 2397 4193 ίόντες,
2427 4126 2503 4189 ὡς
2528 4125 2812 4196 ⁴ηδύνσιντο,
2836 4126 3074 4196 τάχιστα
3098 4125 3190 4176 ἐπὶ
3215 4126 3326 4186 τοῖς
3357 4123 3652 4194 βασιλεόις

2071 4221 2323 4287 ἐγένοντο
2353 4221 2400 4272 οἱ
2431 4219 2526 4272 σὺν
2557 4218 2635 4290 τῷ
2651 4218 2905 4288 Γωϐρύᾳ,
2945 4219 3038 4271 καὶ
3060 4216 3137 4287 τῷ
3155 4216 3388 4288 Γαδάτᾳ,
3425 4218 3518 4269 καὶ
3548 4219 3650 4280 τάς

2071 4311 2249 4374 πύλας
2300 4309 2702 4378 κεκλεισμένας
2753 4309 3100 4380 εὑρίσκουσι,
3154 4307 3371 4360 πίνουσι
3431 4307 3488 4360 δὲ
3538 4310 3648 4370 τοῖς

2072 4399 2301 4468 φύλαξιν
2338 4399 2818 4451 ἐπεισπίπτουσιν.
2862 4398 2948 4461 Ὡς
2990 4397 3045 4449 δὲ
3085 4397 3327 4468 κραυγὴ,
3369 4398 3464 4451 καὶ
3488 4395 3650 4467 θροῦς

2073 4491 2239 4562 ἤρθη,
2275 4487 2594 4560 αἰσθόμενοι
2638 4489 2686 4541 οἱ
2727 4487 2898 4552 ἔνδον,
2949 4486 3314 4550 κελεύσαντος
3353 4486 3452 4540 τοῦ
3496 4488 3651 4558 βασι-

390 4565 570 4606 sarem
603 4550 757 4602 illum
786 4562 908 4602 esse
944 4547 1110 4602 tradit
1135 4588 1150 4614 ,
1183 4548 1272 4602 cui
1301 4563 1498 4603 manus
1527 4549 1683 4620 165
1712 4552 1826 4606 visa
1856 4553 1956 4619 sit,

2071 4547 2572 4651 λιέωςνσκέψασθαι
2616 4579 2670 4632 τί
2722 4581 2808 4649 εἴη
2863 4547 2925 4632 τὸ
2979 4582 3238 4650 πρᾶγμα,
3290 4547 3508 4650 ηνοιξαν
3552 4582 3652 4643 τὰς

389 4658 513 4712 qua:
541 4656 606 4695 ex
624 4640 834 4710 pariete
858 4639 1157 4704 exstiterit,
1189 4653 1363 4708 eaque
1393 4642 1679 4709 scripserit
1710 4658 1831 4712 quae
1850 4646 1960 4716 jam

389 4735 641 4804 exposita
674 4742 805 4788 sunt
855 4743 910 4786 et
932 4747 962 4785 a
992 4731 1214 4787 Dauiele
1239 4731 1537 4786 declarata.

2071 4680 2272 4741 πύλας,
2310 4677 2389 4739 είς
2421 4673 2488 4738 ἃς
2522 4673 2909 4727 εἰσπίπτουσιν
2961 4673 3012 4724 οἱ
3071 4671 3343 4742 πολέμιοι,
3396 4675 3495 4726 καὶ
3525 4673 3653 4742 ὰφι-

2072 4769 2329 4823 κιιοῦννται
2362 4767 2499 4836 πρὸς
2531 4764 2622 4816 τὸν
2667 4763 2915 4832 βασιλέα.
2974 4762 3086 4816 Καὶ
3129 4763 3230 4832 ἤδη
3262 4764 3529 4832 ἑστηκότα
3553 4763 3650 4815 αὑ-

2068 4864 2163 4916 τὸν
2194 4863 2286 4915 καὶ
2319 4855 2665 4923 ἐσπασμένον
2709 4854 2768 4908 ὃν
2802 4849 2946 4924 εἶχεν
2979 4854 3272 4923 ἀκινάκην,
3312 4854 3652 4927 εὑρίσκουσι·

393 4952 504 5008 Καὶ
551 4947 740 5001 τοῦτον
791 4945 889 5016 μὲν
937 4945 988 4998 οἱ
1038 4946 1136 4998 σὺν
1171 4945 1387 5017 Γαδάτα
1419 4947 1514 4999 καὶ
1569 4946 1804 5020 Γωϐρύᾳ
1848 4952 2183 5029 ἐχειροῦντο.
2231 4953 2296 5006 Oi
2346 4951 2401 5003 δὲ
2454 4948 2551 5001 σὺν
2603 4945 2753 5016 αὐτῴ
2792 4946 3078 5015 ἔθνησκον,
3152 4949 3204 5001 οἱ
3273 4946 3400 5015 μὲν·
3448 4945 3652 5015 ἀμυνό-

393 5065 570 5121 μενοι,
596 5046 646 5098 οἱ
684 5043 742 5096 δὲ
784 5040 1100 5108 φεύγοντες.
1157 5037 1216 5091 Ὃ
1251 5036 1306 5088 δὲ
1339 5036 1520 5107 Κῦρος
1562 5036 1832 5109 διέπεμπε
1900 5047 2001 5110 τὰς
2035 5047 2144 5099 τῶν
2210 5042 2424 5094 ἱππέων
2455 5039 2639 5104 τάξεις
2673 5039 2817 5092 κατὰ
2869 5039 2967 5100 τὰς
3006 5037 3181 5103 ὀδοὺς,
3225 5036 3523 5106 προειπὼν,
3561 5037 3654 5099 οὓς

395 5147 490 5217 μὲν
513 5143 616 5207 ἔξω
639 5135 989 5206 λαμϐάνοιεν,
1015 5128 1405 5194 κτείνειν,τοὺς
1439 5129 1482 5180 δ’
1517 5131 1574 5180 ἐν
1599 5134 1720 5196 ταῖς
1743 5135 1947 5200 οἰκίαις
1986 5138 2280 5209 κηρύττειν
2355 5136 2480 5196 τους
2541 5133 2766 5203 Συριστὶ
2808 5130 3019 5200 ὁμιλεῖν
3053 5131 3479 5199 ἐπισταμένους,
3509 5129 3655 5182 ὲνδὸν

397 5237 580 5305 μένειν
608 5249 620 5263 ⁸
681 5231 728 5282 εἰ
773 5226 829 5280 δέ
875 5241 958 5288 τις
1009 5222 1114 5289 ἔξω
1161 5222 1415 5292 ληφθείη,
1450 5224 1531 5276 ὅτι
1561 5223 1826 5281 θανεῖται.
1879 5231 1972 5283 Ἐν
2011 5231 2240 5300 τοιούτῳ
2307 5228 2365 5282 δὲ
2393 5226 2638 5290 Γαδάτας
2671 5227 2764 5280 καὶ
2833 5225 3098 5298 Γωϐρύας
3135 5219 3290 5297 ἦκον,
3323 5225 3416 5276 καὶ
3450 5225 3532 5276 ὃτι
3565 5224 3656 5276 τὸν

393 5331 606 5385 ἀνόσιον
644 5322 872 5396 βασιλέα
919 5317 1354 5387 ἐτιμωρήσαντο,
1405 5317 1622 5388 πρῶτον
1667 5320 1765 5388 μὲν
1809 5320 1964 5386 θεοὺς
2003 5322 2406 5396 προσεκύνουν,
2446 5321 2638 5374 ἔπειτα
2715 5318 2900 5390 Κύρου
2941 5318 3268 5386 κατεφίλουν
3308 5317 3497 5386 χεῖρας
3562 5315 3656 5368 καὶ

397 5423 582 5482 πόδας.
622 5418 684 5468 '0
720 5415 816 5479 μὲν
847 5410 938 5464 οῦν
982 5409 1234 5477 Ξενοφῶν
1271 5409 1348 5480 (5)
1381 5411 1450 5462 τά
1480 5411 1612 5480 περὶ
1653 5411 1748 5463 τοῦ
1785 5413 1970 5483 Κύρου
2011 5415 2264 5486 ἱστορῶν,
2297 5415 2356 5468 τὸ
2380 5414 2552 5483 ὄνομα
2578 5411 2674 5465 τοῦ
2713 5411 2932 5473 ἀλόντος
2967 5408 3234 5480 βασιλέως
3294 5406 3403 5459 τῶν
3459 5408 3655 5459 Ἀσσυ-

401 5514 530 5585 ρίων
565 5509 626 5559 ού
655 5505 828 5572 λέγει.
872 5505 928 5555 Ὀ
951 5503 1008 5555 δὲ
1038 5503 1347 5572 Ἰώσηππος
1373 5503 1428 5554 ὲν
1465 5501 1542 5570 τῷ
1608 5502 1821 5574 δεκάτῳ
1891 5506 2034 5575 λόγῳ
2073 5511 2171 5576 τῆς
2226 5505 2680 5575 Ἀρχαιολογιάς
2707 5542 2722 5568 ,
2783 5502 2874 5554 τὸν
2929 5501 3216 5567 Βαλτάσαρ
3264 5496 3454 5548 τοῦτον
3503 5493 3652 5550 εἶναι

402 5600 624 5666 ἱστορεῖ,
658 5591 700 5662 ᾧ
745 5595 840 5645 καὶ
887 5595 921 5664 ή
971 5597 1094 5667 χεὶρ
1139 5595 1314 5663 ἐφάνη
1355 5597 1416 5646 ἐκ
1448 5593 1540 5646 τοῦ
1577 5594 1791 5664 τείχους
1826 5598 2114 5667 προϊοῦσα,
2144 5599 2237 5651 καὶ
2276 5598 2566 5668 γράφουσα
2605 5597 2672 5650 τὰ
2737 5595 2836 5666 ήδη
2870 5591 3262 5666 προγραφέντα
3324 5587 3652 5667 γράμματα,

401 5687 474 5745 ὦν
501 5689 599 5757 τὴν
631 5685 862 5755 δήλωσιν
893 5684 1238 5753 ἡρμήνευσεν
1263 5687 1291 5737 ὁ
1322 5685 1543 5754 Δανιὴλ.

1586 5777 1785 5837 Variae
1818 5776 2123 5839 lectiones
2168 5785 2228 5836 et
2260 5783 2449 5837 nota).

474 5879 547 5950 (3)
589 5875 652 5931 Ὀ
671 5875 786 5946 μὲν
821 5870 934 5930 οὖν
961 5874 1263 5945 Ξενοφῶν,
1299 5887 1405 5932 etc.
1439 5877 1655 5937 Absunt
1689 5878 1802 5934 haec
1831 5879 1947 5950 pari

2065 5895 2093 5933 a
2120 5893 2221 5932 ms.
2259 5876 2418 5932 Colb.
