4092 6398
451 355 555 418 39')

1665 355 2072 417 ANNALIUM
2111 357 2262 418 LIB.
2308 357 2429 420 IlI.
3605 359 3713 422 τοῦ

522 464 629 517 κε’
697 463 937 534 Ἡμέρας
971 461 1025 515 δὲ
1063 439 1394 534 γενομένης,
1443 463 1795 534 ὠς,ᾔαθοντο
1825 467 1875 519 οἱ
1930 464 2028 528 τὰς

2201 463 2368 520 XXV.
2408 464 2545 520 Cum
2572 465 2891 532 diluxisset,
2937 473 2992 520 et
3030 466 3312 522 castellani
3354 458 3715 540 urbis-capti-

448 557 624 626 dxpf'g
683 555 920 627 ἔχοντες,
952 556 1254 610 ἑαλωκυῖαν
1287 557 1386 626 τὴν
1419 557 1592 622 πόλιν,
1626 560 1721 611 καὶ
1756 560 1847 612 τὸν
1878 560 2030 630 βασι-

449 649 548 702 λέα
579 648 730 718 σφῶν
760 649 1096 719 τεθνηκότα,
1145 649 1505 719 παραδιδόασι
1543 651 1636 702 καὶ
1693 651 1791 714 τὰς
1827 652 2025 722 ἄκρας.

463 740 524 795 ’0
556 742 612 794 δὲ
644 740 822 806 Κύρος
869 741 947 804 εἰς
977 741 1146 804 αὐτὰς
1181 742 1563 813 φρουράρχους
1612 745 1708 796 καὶ
1759 744 2031 814 φρουροὺς

448 833 718 900 ἔπεμπεν.
769 826 901 884 Εἶτα
933 833 1059 894 τοὺς
1094 833 1301 902 μάγους
1337 833 1590 896 καλέσας,
1643 834 1717 897 ὡς
1755 832 2030 902 δορυαλώ-

448 941 542 976 του
564 925 662 991 τῆς
679 923 885 984 πόλεως
916 922 1100 990 οὔσης,
1127 925 1415 993 ἀκροθίνια
1436 928 1546 988 τοῖς
1575 925 1714 987 θεοῖς
1743 925 2028 977 ἐκέλευσεν

453 1014 672 1077 ἐξελεῖν,
696 1016 786 1069 καὶ
817 1014 998 1078 οἰκίας
1020 1016 1074 1068 δὲ
1105 1015 1352 1080 διεδίδου,
1380 1016 1472 1068 καὶ
1495 1016 1688 1086 ἀρχεῖα
1709 1017 1821 1078 τοῖς
1847 1031 2031 1069 κοινω-

449 1107 648 1175 νήσασι
674 1106 782 1158 τῶν
814 1106 1221 1176 πεπραγμένων
1253 1105 1422 1176 αὐτῷ,
1464 1107 1558 1159 καὶ
1594 1107 1776 1176 ἐαυτῷ
1828 1107 1885 1159 δὲ
1931 1124 2030 1158 κα·

446 1197 784 1250 τασκευάσαι
815 1196 1128 1266 διανενόητο
1161 1196 1373 1250 δίαιταν
1437 1197 1755 1268 πρέπουσαν
1796 1196 2026 1266 βασιλεῖ.

449 1287 568 1342 Ἰνα
599 1288 652 1341 δὲ
678 1288 753 1358 μὴ
782 1291 895 1353 τοῖς
924 1289 1099 1357 φίλοις
1121 1290 1413 1359 ἐπίφθονος
1430 1291 1680 1362 γένηται,
1713 1291 1810 1344 σὺν
1835 1290 2032 1364 γνώμῃ

447 1381 629 1433 αὐτῶν
666 1380 826 1434 τοῦτο
880 1383 1104 1452 ποιῆσαι
1138 1382 1399 1453 ἠθέλησε.
1440 1385 1552 1438 Καὶ
1599 1383 1902 1455 διαλεχθεὶς
1929 1384 2030 1438 αὐ-

447 1476 580 1535 τοῖς,
614 1472 682 1525 δι’
717 1467 793 1527 ὧν
842 1471 996 1526 εἶπεν
1030 1473 1250 1527 ἔπεισεν
1299 1474 1544 1538 ἐκείνους
1599 1473 1762 1528 τοῦτο
1798 1475 2030 1544 αίτήσα-

448 1562 600 1626 σθαι,
618 1562 913 1616 κάντεῦθεν
943 1564 1024 1626 είς
1055 1563 1120 1617 τά
1151 1562 1400 1633 βασίλεια
1420 1563 1636 1629 εἴσεισι,
1661 1565 1755 1617 καὶ¹
1781 1564 2031 1634 φύλακας

446 1654 577 1724 περὶ
600 1654 797 1708 ἑαυτὸν
834 1657 1092 1718 ποιεῖται,
1112 1656 1207 1710 κα)⁴
1238 1657 1362 1718 τοὺς
1397 1657 1526 1727 περὶ
1560 1656 1622 1709 τὸ
1651 1657 1847 1710 ἑαυτοῦ
1874 1657 2030 1726 σῶμα

447 1745 864 1817 θεραπευτῆρας
923 1745 1168 1816 ἐξέτεμε,
1222 1747 1319 1802 καὶ
1379 1746 1671 1818 εὐνούχους
1728 1749 2026 1817 πεποίηκε.

447 1838 792 1907 Δορυφόρους
836 1840 880 1892 δ’
913 1840 1089 1892 εἵλετο
1119 1840 1333 1910 Πέρσας
1373 1843 1505 1912 περὶ
1557 1842 1808 1914 μυρίους,
1849 1843 1943 1896 καὶ
1973 1844 2030 1895 ἐν

447 1929 513 1998 τῇ
564 1927 720 1980 πόλει
764 1929 821 1981 δὲ
853 1929 1126 2000 φρουροὺς
1193 1929 1384 1996 ἔταξεν
1436 1932 1678 1996 ἱκανούς.
1734 1933 1925 1986 Ταῦτα
1975 1934 2032 1988 δὲ

449 2017 707 2087 ποήσας,
760 2019 887 2081 τοὺς
927 2017 1313 2090 ἐντιμοτέρους
1344 2021 1443 2091 τῆς
1489 2025 1752 2093 στρατιᾶς
1787 2023 2030 2094 ὲξήσκει,

453 2109 526 2178 μὴ
559 2110 774 2173 ἀπόνως
807 2109 975 2180 βιοῦν,
1005 2111 1096 2162 καὶ
1130 2111 1254 2164 καθ’
1279 2112 1618 2182 ἡδυπάθειαν
1637 2129 1651 2145 ο
1682 2114 1779 2168 καὶ
1805 2114 1911 2167 τῶν
1933 2115 2032 2185 μὲν

449 2199 624 2254 ἄλλων
650 2203 995 2272 πραγμάτων
1036 2205 1228 2262 ἄλλους
1263 2205 1602 2276 ἐπιμελητὰς
1637 2202 2032 2276 κατεστήσατο,

451 2292 728 2362 προσόδιον
756 2295 1138 2367 άποδεκτῆράς
1170 2313 1334 2366 φημι,
1372 2297 1464 2350 καὶ
1505 2297 1739 2368 δοτῆρας
1792 2296 2036 2368 δαπανη-

453 2384 659 2451 μάτων,
692 2383 869 2456 ἔργων
893 2404 951 2440 τε
979 2387 1298 2452 ἐπιστάτας,
1339 2389 1435 2442 καὶ
1461 2390 1710 2461 κτήσεων
1757 2389 2030 2458 φύλακας,

449 2474 545 2524 καὶ
577 2474 686 2527 τῶν
720 2477 1041 2546 ἐπιτηδείων
1085 2479 1422 2548 ἐπιμελητὰς
1457 2479 1566 2532 τῶν
1615 2479 1753 2549 πρὸς
1795 2480 2030 2547 δίαιταν,

450 2567 544 2617 καὶ
577 2567 758 2620 ἵππων
789 2570 882 2622 καὶ
917 2570 1094 2624 κυνῶν
1129 2572 1475 2641 φροντι-στάς.
1519 2569 1627 2633 Οὓς
1656 2571 1700 2624 δ’
1728 2570 1864 2641 ᾤετο
1894 2573 2032 2644 χρῆ·

448 2673 539 2709 ναι
578 2658 824 2726 φύλακας
853 2660 951 2731 τῆς
979 2661 1325 2732 εὐδαιμονίας
1359 2661 1522 2732 ἔχειν.
1554 2661 1730 2732 ἑαυτῷ
1763 2664 1862 2735 τὴν
1903 2664 2031 2718 τού-

448 2762 559 2798 των
587 2749 956 2818 προσέταττεν
986 2751 1329 2823 ἐπιμέλειαν.
1367 2752 1522 2804 Ἐπεὶ
1554 2751 1610 2805 δὲ
1643 2755 1737 2806 καὶ
1756 2755 2032 2823 χρήμασιν

449 2839 761 2910 εὐεργετεῖν
813 2844 962 2914 αὐτῷ
994 2844 1372 2915 προσεγένετο,
1407 2844 1548 2912 ἔγνω
1577 2845 1651 2909 ὡς
1697 2846 1850 2900 οὐδέν
1881 2849 2032 2902 ἐστιν

447 2935 802 3006 εὐεργέτημα
829 2937 1140 3008 ἀνθρώποις
1177 2937 1632 3010 εὐχαριτώτερον,
1665 2939 1698 3010 ἢ
1737 2943 1900 2994 σίτων
1938 2942 2033 2996 καὶ

448 3025 634 3080 ποτῶν
667 3029 992 3099 μετάληψις.
1061 3030 1154 3084 Διὸ
1204 3031 1302 3084 καὶ
1363 3031 1602 3096 ὑπέταξε
1658 3032 1832 3086 πολλὰ
1885 3034 2034 3105 αὐτῷ

449 3120 852 3188 παρατίθεσθαι
903 3122 1089 3192 ὃμοια,
1141 3119 1224 3186 οἷς
1267 3123 1432 3187 αὐτὸς
1465 3126 1686 3190 σιτοῖτο,
1739 3126 1834 3180 καί
1871 3129 2030 3182 ἱκανᾶ

446 3213 796 3281 παμπόλλοις
826 3215 1084 3284 ἐσόμενα.
1141 3215 1251 3270 Καὶ
1280 3217 1348 3270 τὰ
1395 3218 1841 3288 παρατιθέμενα,
1889 3221 2030 3294 πλὴν

445 3298 525 3367 οἷς
558 3305 722 3369 αὐτὸς
753 3308 845 3360 καὶ
876 3308 925 3359 οἱ
961 3306 1270 3361 σύνδειπνοι
1303 3308 1624 3379 χρήσαιντο,
1657 3309 1904 3372 διεδίδου,
1939 3312 2034 3365 καὶ

446 3397 878 3467 φιλοδωρότατος
906 3398 1210 3470 ἀνθρώπων
1251 3400 1488 3468 ἐγένετο.
1523 3400 1686 3453 Ἀλλὰ
1716 3401 1775 3454 τὸ
1805 3403 1903 3470 μὲν
1933 3419 2029 3472 με-

444 3483 598 3548 γέθει
653 3485 844 3556 δώρων
899 3487 1260 3555 ὑπερϐάλλειν
1317 3487 1723 3543 πλουσιώτατον
1756 3490 1910 3554 ὄντα,
1969 3495 2030 3545 οὐ

445 3574 760 3643 θαυμαστόν
789 3593 804 3608 ο
862 3578 923 3629 τὸ
960 3578 1016 3631 δὲ
1055 3581 1120 3649 τῇ
1157 3578 1428 3650 θεραπείᾳ
1462 3581 1555 3632 καὶ
1587 3581 1876 3654 ἐπιμελείᾳ
1923 3584 2031 3636 τῶν

445 3665 618 3732 φίλων
659 3665 1012 3736 βασιλεύοντα
1044 3671 1452 3742 περιγίνεσθαι,
1485 3672 1645 3726 τοῦτο
1678 3674 2033 3742 ἀξιολογώτε-

443 3772 564 3822 ρον.
599 3758 706 3810 Καὶ
743 3760 900 3826 λόγος
933 3761 989 3814 δὲ
1039 3762 1205 3814 αὐτοῦ
1256 3763 1799 3832 ἀπομνημονεύεται,
1851 3783 2029 3836 παρα-

443 3847 652 3918 πλήσια
705 3848 842 3920 ἔργα
888 3849 1025 3907 εἶναι
1081 3854 1294 3924 νομέως
1335 3854 1540 3922 ἀγαθοῦ
1592 3857 1687 3908 καὶ
1737 3857 2025 3927 βασιλέως.

444 3936 552 3990 Τόν
582 3955 642 3991 τε
669 3940 776 4010 γάρ
832 3941 1001 4012 νομέα
1034 3941 1186 4011 ἔλεγε
1233 3944 1434 4015 χρῆναι
1471 3946 1722 4016 εὐτραφῆ
1760 3952 1828 4001 τά
1857 3951 2030 4022 κτήνη

446 4029 710 4084 ποιοῦντα
742 4033 975 4104 χρῆσθαι
998 4035 1180 4099 αὐτοῖς
1210 4035 1310 4107 ήδη
1334 4051 1350 4069 ο
1388 4036 1480 4090 τόν
1510 4054 1569 4090 τε
1599 4036 1823 4107 βασιλέα
1845 4038 2030 4092 ὡσαύ-

445 4139 558 4187 τως
614 4124 937 4196 εὐδαίμονας
977 4127 1162 4191 πόλεις
1223 4129 1318 4181 καὶ
1370 4129 1696 4200 ἀνθρώπους
1745 4132 2028 4198 ποιοῦντα,

443 4216 684 4286 χρῆσθαι
720 4219 922 4281 αὐτοῖς.
957 4219 1192 4287 Λέγεται
1224 4219 1279 4272 δὲ
1310 4221 1405 4274 καὶ
1435 4221 1526 4274 τὸν
1551 4223 1784 4294 Κροῖσον
1808 4223 2035 4279 εἰπόντα

445 4309 581 4361 ποτὲ
623 4310 759 4379 πρὸς
790 4310 974 4374 αὐτὸν,
1019 4311 1096 4374 ὼς
1141 4311 1231 4364 διὰ
1281 4312 1344 4365 τὸ
1376 4312 1550 4366 πολλὰ
1601 4314 1805 4367 διδόναι
1862 4315 2032 4383 πένης

447 4383 649 4461 taetro,
683 4401 1028 4472 ἐρωτηθῆναι
1065 4402 1214 4474 παρὰ
1246 4403 1451 4474 Κύρου,
1488 4405 1639 4460 Πόσα
1684 4405 1751 4460 ἂν
1779 4405 1879 4478 ἤδη
1941 4424 2032 4473 μοι

2134 558 2358 612 vit‘utem
2411 568 2473 614 et-
2515 558 2600 614 sui
2642 558 2787 628 regis
2828 559 3001 614 tndem
3040 560 3430 630 cognovissent-
3479 579 3493 616 :
3557 579 3716 617 arces

2134 648 2275 718 Cyro
2309 649 2554 714 tradunt,
2589 649 2683 718 qui
2711 649 2998 719 prtefectos
3031 659 3088 705 ct
3112 651 3367 721 praesidia
3393 653 3448 706 in
3480 668 3574 708 eas
3607 655 3716 707 mi-

2131 741 2223 796 sit.
2284 740 2493 795 Deinde
2537 742 2708 812 magis
2749 741 3069 808 accersitis,
3119 751 3176 797 ut
3208 743 3346 798 urbe
3397 755 3708 815 expugnata

2133 835 2242 889 diis
2283 834 2560 904 primitias
2593 834 2859 898 immolat,
2892 836 3039 890 aedes
3063 844 3119 891 et
3147 837 3348 906 palatia
3391 853 3575 893 rerum
3617 853 3713 909 ge-

2132 935 2342 979 starum
2375 926 2540 980 sociis
2574 926 2837 995 assignat,
2870 935 3036 996 atque
3068 925 3186 995 ipse
3238 927 3404 982 etiam
3448 927 3574 982 vita:
3619 945 3708 982 ra-

2132 1015 2338 1072 tionem
2374 1033 2499 1088 rege
2534 1017 2754 1089 dignam
2788 1019 3027 1075 instituit
3067 1039 3080 1075 :
3109 1036 3374 1090 eamque,
3417 1023 3712 1091 quominus

2133 1107 2400 1162 invidiosa
2439 1117 2620 1173 esset,
2665 1109 2732 1164 de
2782 1111 3090 1166 amicorum
3123 1115 3400 1169 sententia
3445 1116 3710 1169 inchoat:

2132 1216 2197 1255 ac
2245 1200 2482 1256 dicendo
2531 1203 2913 1272 consequitur,
2954 1211 3016 1259 ut
3063 1204 3167 1274 ipsi
3210 1206 3262 1276 id
3301 1221 3332 1262 a
3373 1222 3430 1263 se
3465 1209 3713 1277 postula—

2133 1300 2276 1346 rent.
2303 1291 2876 1363 Regiam-ingressus,
2916 1295 3185 1350 satellites
3227 1297 3379 1367 legit,
3403 1298 3488 1353 sui
3517 1313 3713 1367 corpo-

2135 1380 2212 1434 ris
2247 1380 2529 1437 ministros
2549 1389 2755 1436 castrat
2797 1397 2860 1436 ac
2889 1384 3179 1442 eunuchos
3219 1384 3347 1440 facit
3377 1404 3390 1441 :
3445 1386 3712 1440 satellites

2132 1470 2422 1525 Persarum
2454 1473 2676 1527 circiter
2702 1489 2733 1527 ιι
2767 1474 3117 1544 millia-legit,
3162 1475 3358 1530 urbem
3403 1479 3554 1547 justo
3576 1493 3716 1547 pra:-

2133 1563 2275 1617 sidio
2313 1561 2515 1619 ﬁrmat.
2553 1562 2648 1619 llis
2677 1563 2857 1630 factis,
2890 1565 2984 1636 qui
3031 1566 3420 1625 honoratiores
3455 1577 3612 1623 erant
3657 1570 3711 1624 in

2133 1654 2410 1716 exercitu,
2447 1671 2546 1711 eos
2583 1656 2658 1711 ita
2686 1667 2868 1724 ornat,
2911 1673 2981 1712 ne
3014 1657 3264 1728 ignavam
3287 1667 3343 1714 et
3372 1659 3712 1716 luxuriosam

2132 1746 2302 1800 vitam
2339 1756 2589 1818 agerent,
2627 1763 2691 1803 ac
2722 1748 2952 1803 aliarum
2984 1764 3168 1804 rerum
3196 1765 3387 1806 curam
3413 1752 3539 1806 aliis
3560 1767 3718 1806 man-

2134 1837 2250 1902 dat,
2311 1839 2458 1892 alios
2478 1839 2688 1894 reditus
2711 1839 2982 1909 accipere,
3009 1841 3148 1896 alios
3191 1841 3505 1911 sumptibus
3525 1881 3541 1908 ,
3575 1843 3731 1897 alios-

2131 1930 2314 1999 operis
2355 1945 2608 1999 praeesse,
2638 1932 2776 1986 alios
2817 1932 3199 2002 possessiones
3232 1933 3536 1996 custodire.
3574 1935 3717 1989 alios

2132 2030 2469 2075 commeatus
2505 2029 2561 2076 et
2593 2037 2866 2076 annonam
2888 2062 2900 2085 ,
2928 2021 3066 2078 alios
3097 2038 3271 2092 equos
3313 2033 3369 2078 et
3405 2038 3573 2080 canes
3617 2041 3730 2079 cu‘

2133 2125 2274 2164 rare.
2300 2110 2502 2164 Eorum
2529 2120 2711 2165 autem
2737 2126 2946 2177 curam,
2970 2114 3068 2182 qui
3106 2113 3423 2169 felicitatem
3451 2114 3592 2192 tueri
3619 2115 3730 2170 de---

2131 2201 2320 2266 beant,
2357 2202 2476 2272 ipse
2517 2203 2774 2274 suscipit.
2820 2204 2927 2260 Eas
2975 2220 3146 2275 porro
3181 2204 3474 2262 facultates
3520 2222 3716 2262 conse-

2131 2302 2313 2358 cutus,
2356 2302 2416 2348 ut
2472 2293 2726 2349 liberalis
2789 2294 2848 2349 in
2899 2295 3039 2352 alios
3077 2311 3199 2352 esse
3245 2307 3454 2367 posset,
3500 2299 3714 2353 nullum

2133 2384 2461 2441 mortalibus
2529 2385 2864 2442 beneﬁcium
2929 2389 3232 2458 jucundius
3285 2404 3408 2444 esse
3468 2391 3718 2461 cogitans

2133 2476 2246 2531 cibi
2278 2484 2336 2531 et
2363 2484 2527 2546 potus
2568 2478 2985 2544 communione,
3019 2478 3254 2548 plurima
3285 2478 3392 2534 sibi
3418 2479 3624 2535 fercula
3649 2481 3718 2535 iis

2132 2568 2334 2624 similia
2358 2569 2562 2638 quibus
2592 2569 2710 2638 ipse
2737 2579 3080 2635 vesceretur,
3108 2572 3518 2641 apponijussit,
3547 2587 3715 2641 quam

2134 2658 2397 2728 plurimis
2422 2658 2724 2715 suﬂ‘ectura
2754 2676 2769 2714 :
2807 2675 2982 2730 eaque
3008 2660 3256 2730 exceptis
3290 2661 3357 2714 iis
3379 2662 3716 2730 quibusipse

2134 2765 2258 2804 cum
2295 2752 2708 2806 convictoribus
2732 2751 2850 2806 suis
2872 2751 3173 2814 frueretur,
3215 2752 3606 2808 distribuebat.
3638 2752 3718 2809 Ac

2133 2856 2260 2896 eum
2303 2842 2754 2898 liberalissimum
2798 2852 2855 2898 et
2901 2843 3480 2900 munificentissimu-m
3509 2843 3714 2910 fuisse,

2136 2935 2318 2991 minus
2338 2945 2423 2991 est
2436 2936 2491 2990 in
2505 2937 2684 2999 tantis
2698 2937 2899 3006 opibus
2915 2937 3230 2992 mirandum
3252 2956 3266 2992 :
3286 2938 3380 2994 sed
3408 2955 3588 3009 regem
3613 2939 3719 2994 ob-

2135 3023 2412 3078 servantia
2443 3033 2499 3079 et
2520 3041 2654 3080 cura
2677 3041 2940 3097 superare
2957 3011 3188 3094 amicos,
3212 3028 3265 3082 id
3285 3043 3419 3084 vero
3440 3029 3614 3100 magis
3635 3038 3722 3084 est

2139 3116 2520 3173 memorabile.
2545 3118 2662 3185 Qua
2692 3118 2760 3174 de
2794 3133 2854 3174 re
2873 3119 3080 3174 dictum
3102 3121 3218 3190 ejus
3245 3119 3521 3190 quoddam
3539 3120 3716 3174 refer-

2140 3221 2252 3275 tur,
2289 3211 2598 3266 consimilia
2619 3226 2741 3266 esse
2777 3226 3004 3266 munera
3035 3211 3167 3266 boni
3193 3213 3432 3281 pastoris
3467 3220 3525 3266 et
3550 3211 3715 3281 regis.

2136 3301 2272 3355 Nam
2291 3308 2345 3356 et
2364 3311 2638 3371 pastorem
2657 3301 2858 3357 decere
2878 3300 3144 3372 saginatis
3168 3301 3224 3356 in
3255 3302 3450 3372 primis
3487 3316 3517 3355 a
3553 3317 3612 3356 se
3629 3302 3744 3372 ju-.

2139 3394 2342 3449 mentis
2366 3395 2443 3449 uti
2471 3413 2486 3449 :
2511 3402 2567 3449 et
2589 3394 2705 3464 regi
2729 3393 2894 3449 urbes
2911 3403 2967 3449 ct
2987 3393 3258 3458 homines,
3281 3408 3419 3462 quos
3441 3393 3618 3448 bearit
3635 3393 3722 3448 in-

2139 3485 2369 3540 servire.
2394 3485 2591 3540 Fertur
2616 3493 2672 3540 ct
2691 3484 2965 3549 Croesum,
2988 3485 3084 3555 qui
3113 3499 3241 3540 eum
3262 3484 3334 3538 ob
3368 3484 3592 3540 crebras
3617 3484 3720 3538 do-

2139 3577 2390 3632 nationes
2421 3592 2722 3648 paupercm
2747 3576 2862 3632 fore
2897 3576 3128 3642 dixerat,
3165 3590 3409 3646 rogasse,
3449 3585 3715 3646 quantum

2139 3668 2242 3722 sibi
2273 3669 2522 3739 pecuniae
2543 3684 2664 3724 esse
2691 3678 2950 3740 putaret,
2985 3667 3032 3723 si
3062 3683 3260 3722 aurum
3283 3707 3299 3730 ,
3347 3675 3409 3720 ut
3436 3667 3553 3736 ipse
3588 3681 3720 3722 cen-

2141 3769 2281 3827 seat,
2317 3777 2385 3817 ex
2411 3777 2523 3832 quo
2553 3774 2783 3832 regnare
2805 3760 3062 3830 cmperit.
3099 3759 3443 3831 collegisset?
3470 3759 3720 3827 Cumque

2140 3853 2232 3908 ille
2260 3853 2536 3925 ingentem
2576 3867 2846 3908 summam
2897 3851 3256 3916 nominasset,
3301 3851 3507 3906 dixisse
3551 3869 3564 3904 :
3607 3850 3720 3918 Age

2139 3943 2323 4013 igitur,
2361 3943 2571 4009 Crmse,
2614 3945 2763 3996 mitte
2810 3940 3040 4012 aliquem
3080 3957 3199 3995 cum
3242 3941 3403 4011 166
3427 3939 3718 4010 Hystaspe.

2141 4033 2217 4089 Tu
2257 4050 2398 4100 vero,
2434 4034 2718 4105 Hystaspe,
2769 4033 2916 4088 adito
2950 4034 3144 4086 amicos
3179 4047 3341 4096 meos,
3370 4034 3544 4101 eisque
3564 4031 3721 4106 dicito

2141 4127 2270 4181 mihi
2290 4126 2359 4180 ad
2388 4142 2497 4180 rem
2530 4125 2822 4196 quamdam
2852 4123 3242 4192 conficiendam
3272 4138 3404 4176 auro
3425 4137 3535 4176 esse
3566 4137 3720 4192 Opus,

2141 4227 2197 4273 ut
2227 4220 2446 4290 quisque
2485 4234 2648 4287 quam
2693 4216 2982 4288 plurimum
3022 4215 3183 4284 possit
3226 4223 3519 4283 comparet,
3563 4214 3746 4284 idque.

2143 4309 2327 4363 litteris
2344 4307 2597 4362 inscr-ibat
2623 4314 2782 4377 atque
2803 4307 3062 4377 obsignat,
3088 4315 3137 4360 et
3162 4303 3410 4375 epistolas
3437 4303 3604 4361 Cra'si
3622 4308 3722 4361 mi-

2142 4399 2308 4454 nistro
2355 4401 2558 4455 tradat.
2601 4399 2807 4455 Eadem
2844 4414 2966 4469 qua:
3016 4397 3324 4464 mandarat,
3376 4397 3579 4452 litteris
3640 4397 3729 4451 in-

443 4494 703 4564 χρήματα
727 4493 830 4547 οἴει
865 4492 1026 4561 εἶναι,
1069 4498 1118 4550 ει
1167 4498 1392 4567 χρυσίον
1423 4498 1498 4561 ὡς
1539 4499 1603 4552 σὺ
1635 4498 1882 4562 κελεύεις
1911 4517 2032 4552 συνο

2142 4493 2350 4564 scripta
2397 4491 2605 4558 omnia,
2653 4499 2724 4546 et.
2751 4490 3062 4561 obsignata,
3134 4489 3416 4560 Hystaspes
3471 4486 3729 4552 tradidit,

446 4586 656 4654 έλεγον,
696 4587 879 4653 ἐξότου
925 4590 983 4642 ἒν
1031 4593 1096 4660 τῇ
1143 4591 1287 4661 ἀρχῇ
1321 4590 1469 4659 είμι;
1525 4591 1622 4645 καὶ
1649 4590 1742 4643 τὸν
1797 4593 2035 4662 Κροῖσον

447 4674 648 4733 εἰπεῖν,
681 4675 848 4730 πολύν
881 4694 1005 4730 τινα
1057 4677 1312 4746 ἀριθμόν.
1355 4678 1459 4732 Τὸν
1505 4679 1561 4731 δὲ
1605 4679 1786 4750 Κῦρον
1832 4682 2033 4748 φάναι·

451 4765 598 4833 "Ars
621 4766 719 4834 δὴ,
741 4763 788 4820 ὦ
821 4769 1055 4836 Κροῖσε,
1078 4770 1448 4838 σύμπεμψον
1469 4771 1657 4840 ἄνδρα
1679 4772 1802 4824 σὺν
1825 4772 2039 4826 ’Υστά-

449 4871 584 4924 σπᾳ
638 4861 850 4926 τούτῳ.
893 4860 974 4913 Σὺ
1009 4859 1097 4926 δὲ,
1131 4860 1472 4923 ’Υστάσπα,
1522 4861 1854 4930 περιελθὼν
1894 4864 2037 4929 τοὺς

451 4949 695 5016 φίλους,
751 4949 894 5018 λέγε
945 4950 1174 5017 αὐτοῖς,
1230 4950 1321 5005 ὅτι
1362 4950 1570 5020 δέομαι
1603 4953 1862 5020 χρυσίου
1888 4955 2039 5023 πρὸς

455 5041 679 5110 πρᾶξίν
707 5059 862 5109 τινα,
893 5043 992 5096 καὶ
1039 5043 1252 5099 κέλευε
1283 5045 1527 5111 αὐτοὺς,
1563 5047 1762 5100 ὁπόσα
1807 5045 2040 5101 iit-Exa-

453 5151 602 5201 στος
620 5135 888 5201 δύναιτο,
911 5136 1157 5203 πορίσαι
1176 5153 1279 5206 μοι
1309 5135 1604 5205 χρήματα,
1636 5139 1735 5192 καὶ
1774 5139 2040 5209 γράψαν-

453 5243 564 5294 τας
616 5227 716 5281 καὶ
745 5227 1370 5298 κατασημηναμένους
1416 5228 1630 5283 δοῦναι
1662 5231 1770 5296 τὰς
1798 5231 2038 5287 ἐπιστοο

455 5319 574 5385 ἑὰς
604 5319 682 5383 τῷ
715 5320 976 5388 Κροίσου
1007 5321 1344 5388 θεράποντι.
1395 5321 1582 5374 Ταῦτα
1614 5321 1671 5374 δὲ
1693 5323 1791 5374 ὅσα
1824 5324 2035 5378 ἐνετέλ-

457 5412 580 5465 λετο
604 5411 683 5482 τῷ
711 5413 995 5484 Ὑστάσπα
1015 5413 1232 5483 γράψας
1261 5413 1355 5466 καὶ
1381 5413 1787 5483 σημηνάμενος,
1807 5414 1864 5467 δέ
1878 5418 2040 5468 ῗωκεν

455 5504 606 5572 αὐτῷ
636 5505 823 5574 φέρειν
887 5505 1022 5574 πρὸς
1059 5504 1186 5566 τοὺς
1222 5501 1431 5570 φίλους.
1493 5504 1740 5573 Ἔγραψε
1794 5504 1852 5556 δὲ
1904 5507 2040 5574 πρὸς

457 5599 687 5662 πάνταῖ,
731 5598 827 5650 καὶ
891 5596 1208 5649 Ὑστάσπαν
1257 5596 1333 5656 ὡς
1368 5594 1519 5663 φίλον
1552 5594 1719 5648 αὐτοῦ
1765 5595 2036 5665 δέχεσθαι.

470 5689 625 5741 Ἐπεὶ
655 5689 713 5742 δὲ
743 5688 1028 5757 περιῆλθε,
1063 5691 1158 5740 καὶ
1192 5687 1426 5758 ἤνεγκεν
1458 5689 1485 5740 ό
1517 5686 1755 5759 Κροίσου
1785 5689 2040 5757 θεράπων

459 5784 559 5845 τὰς
592 5781 904 5847 ἐπιστολὰς,
938 5784 965 5834 ὁ
997 5780 1313 5845 Ὑστάσπας
1351 5775 1508 5834 εἶπεν
1535 5795 1547 5810 ⁹
1583 5775 1658 5837 Ὦ
1690 5779 1842 5847 Κῦρε
1859 5781 2041 5845 aeuo“

2141 4601 2380 4656 cumque
2400 4585 2469 4640 ab
2496 4583 2756 4640 omnibus
2771 4591 2832 4638 ut
2848 4581 3087 4637 amicum
3111 4597 3271 4637 suum
3297 4581 3520 4636 tractari
3535 4580 3734 4651 jussit.

2141 4679 2278 4735 Cum
2311 4677 2724 4740 circumissent,
2756 4684 2815 4731 et
2852 4675 3031 4731 ϐπ*ωεί
3061 4673 3318 4730 minister
3350 4673 3611 4744 epistolas
3641 4683 3724 4727 at-

2144 4770 2384 4835 tulisset,
2428 4770 2715 4839 llistaspes
2730 4768 2902 4824 dixit:
2930 4767 3042 4823 Rea:
3063 4766 3218 4838 Cyre,
3251 4782 3333 4820 me
3354 4781 3554 4836 quoque
3585 4781 3746 4819 nunc!

2143 4869 2288 4914 utere
2319 4868 2374 4912 ut
2403 4859 2581 4914 divite.
2619 4857 2766 4913 Nam
2803 4865 3018 4929 propter
3046 4856 3550 4912 commendationem
3575 4863 3752 4925 utam-

2144 4960 2194 5005 et
2227 4953 2336 5022 ipse
2357 4951 2599 5023 plurimis
2623 4953 2837 5022 affectus
2867 4967 2983 5004 sum
3007 4950 3327 5003 muneribus.
3355 4949 3493 5002 Tum
3525 4947 3722 5017 Cyrus,

2147 5041 2214 5095 Et
2235 5043 2337 5108 hic,
2363 5042 2572 5112 inquit,
2592 5040 2786 5104 Crwse,
2801 5056 2938 5095 unus
2956 5049 3111 5094 estea:
3129 5040 3391 5094 thesauris
3421 5040 3632 5092 nostris.
3649 5037 3725 5091 Ta

2144 5150 2264 5188 vero
2290 5141 2503 5188 cceteros
2525 5131 2933 5203 contemplatus,
2958 5141 3190 5202 supputa
3207 5139 3411 5201 quanta
3429 5131 3558 5183 mihi
3573 5143 3696 5195 pecu
3713 5158 3726 5167 -

2145 5228 2236 5280 nia
2254 5227 2322 5279 sit
2341 5227 2386 5279 si
2411 5225 2569 5294 fuerit
2590 5240 2739 5294 opus.
2763 5225 2816 5280 ls
2831 5238 2964 5278 vero
2985 5224 3146 5293 longe
3166 5222 3430 5290 majorem
3452 5233 3725 5274 summam

2145 5317 2440 5387 reperiisse
2470 5317 2667 5380 fertur,
2693 5331 2854 5386 quam
2875 5315 2928 5368 in
2957 5313 3232 5369 thesauris
3265 5309 3751 5367 eum‘habiturum.

2146 5409 2318 5464 fuisse
2359 5409 2607 5472 dixerat,
2644 5407 2689 5461 si
2722 5405 3056 5476 collegisset,
3102 5419 3169 5459 ac
3236 5403 3439 5474 Cyrum
3478 5399 3724 5457 dixisse:

2161 5501 2361 5562 Viden“,
2410 5501 2604 5563 Crasse,
2637 5507 2694 5553 et—
2719 5499 2846 5551 mihi
2871 5501 3146 5552 thesauros
3178 5492 3330 5549 esse?
3364 5491 3502 5548 Cum
3539 5501 3727 5547 autem

2148 5593 2202 5647 in
2247 5593 2433 5648 animo
2464 5592 2716 5654 haberet,
2753 5587 2822 5642 ad
2867 5586 3176 5657 pulvinaria
3220 5585 3452 5640 deorum
3501 5583 3730 5638 immor-

2150 5686 2343 5740 talium
2381 5682 2750 5754 supplieatum
2795 5681 2876 5734 ire
2913 5697 2926 5733 ε
2980 5679 3189 5734 vocatis
3218 5677 3568 5748 principibus
3593 5675 3737 5730 Pco:

2154 5789 2349 5831 sarum.
2376 5781 2434 5829 et
2464 5781 2814 5836 cancrorum,
2856 5770 3026 5826 stolas
3071 5768 3312 5825 Medicas
3347 5769 3494 5824 intcn
3524 5783 3626 5822 eos
3644 5764 3724 5820 di-
