  <div class='ocr_page' id='page_1' title='image "/cluster/home/n/w/nwhite01/storage/ocr_20150623/134:no.1/coo.31924054870393/162.png"; bbox 0 0 4092 6414; ppageno 0'>
   <div class='ocr_carea' id='block_1_1' title="bbox 399 369 516 456">
    <p class='ocr_par' dir='ltr' id='par_1_1' title="bbox 399 369 516 456">
     <span class='ocr_line' id='line_1_1' title="bbox 399 369 516 456; baseline 0 -1"><span class='ocrx_word' id='word_1_1' title='bbox 399 369 516 456; x_wconf 67' lang='lat' dir='ltr'><strong>36&#39;s</strong></span> 
     </span>
    </p>
   </div>
   <div class='ocr_carea' id='block_1_2' title="bbox 1615 390 2375 454">
    <p class='ocr_par' dir='ltr' id='par_1_2' title="bbox 1615 390 2375 454">
     <span class='ocr_line' id='line_1_2' title="bbox 1615 390 2375 454; baseline 0 -1"><span class='ocrx_word' id='word_1_2' title='bbox 1615 392 2025 454; x_wconf 76' lang='lat' dir='ltr'><strong>ANNALIUM</strong></span> <span class='ocrx_word' id='word_1_3' title='bbox 2061 390 2208 451; x_wconf 85' lang='lat' dir='ltr'><strong>LIB.</strong></span> <span class='ocrx_word' id='word_1_4' title='bbox 2257 390 2375 453; x_wconf 85' lang='lat' dir='ltr'><strong>IlI.</strong></span> 
     </span>
    </p>
   </div>
   <div class='ocr_carea' id='block_1_3' title="bbox 3557 391 3671 456">
    <p class='ocr_par' dir='ltr' id='par_1_3' title="bbox 3557 391 3671 456">
     <span class='ocr_line' id='line_1_3' title="bbox 3557 391 3671 456; baseline -0.009 0"><span class='ocrx_word' id='word_1_5' title='bbox 3557 391 3671 456; x_wconf 70' lang='lat'><strong>310</strong></span> 
     </span>
    </p>
   </div>
   <div class='ocr_carea' id='block_1_4' title="bbox 399 501 1979 578">
    <p class='ocr_par' dir='ltr' id='par_1_4' title="bbox 399 502 1979 578">
     <span class='ocr_line' id='line_1_4' title="bbox 399 502 1979 578; baseline -0.001 -18"><span class='ocrx_word' id='word_1_6' title='bbox 399 505 721 578; x_wconf 74' lang='grc' dir='ltr'><strong>Κυαξάρην,</strong></span> <span class='ocrx_word' id='word_1_7' title='bbox 752 505 847 560; x_wconf 72' lang='grc' dir='ltr'>καὶ</span> <span class='ocrx_word' id='word_1_8' title='bbox 894 505 1288 576; x_wconf 78' lang='grc' dir='ltr'><strong>ἀσπασάμενος</strong></span> <span class='ocrx_word' id='word_1_9' title='bbox 1325 505 1491 560; x_wconf 75' lang='grc' dir='ltr'>αὐτὸν</span> <span class='ocrx_word' id='word_1_10' title='bbox 1520 502 1693 571; x_wconf 77' lang='grc' dir='ltr'>εἷπεν,</span> <span class='ocrx_word' id='word_1_11' title='bbox 1723 507 1805 560; x_wconf 86' lang='grc' dir='ltr'>ὅτι</span> <span class='ocrx_word' id='word_1_12' title='bbox 1833 504 1979 568; x_wconf 83' lang='grc' dir='ltr'>οίκος</span> 
     </span>
    </p>
   </div>
   <div class='ocr_carea' id='block_1_5' title="bbox 2081 501 3679 578">
    <p class='ocr_par' dir='ltr' id='par_1_5' title="bbox 2084 501 3679 570">
     <span class='ocr_line' id='line_1_5' title="bbox 2084 501 3679 570; baseline 0.004 -14"><span class='ocrx_word' id='word_1_13' title='bbox 2084 503 2190 570; x_wconf 83' lang='lat' dir='ltr'><strong>giis</strong></span> <span class='ocrx_word' id='word_1_14' title='bbox 2253 501 2577 560; x_wconf 84' lang='lat' dir='ltr'><strong>muneribus</strong></span> <span class='ocrx_word' id='word_1_15' title='bbox 2635 501 2854 567; x_wconf 72' lang='lat' dir='ltr'><strong>affecto,</strong></span> <span class='ocrx_word' id='word_1_16' title='bbox 2913 501 3013 566; x_wconf 92' lang='lat' dir='ltr'><strong>ait,</strong></span> <span class='ocrx_word' id='word_1_17' title='bbox 3066 502 3294 557; x_wconf 83' lang='lat' dir='ltr'><strong>domum</strong></span> <span class='ocrx_word' id='word_1_18' title='bbox 3359 505 3525 559; x_wconf 80' lang='lat' dir='ltr'><strong>etiam</strong></span> <span class='ocrx_word' id='word_1_19' title='bbox 3587 506 3679 562; x_wconf 79' lang='lat' dir='ltr'><strong>illi&#39;</strong></span> 
     </span>
    </p>
   </div>
   <div class='ocr_carea' id='block_1_6' title="bbox 396 595 1984 670">
    <p class='ocr_par' dir='ltr' id='par_1_6' title="bbox 396 595 1984 670">
     <span class='ocr_line' id='line_1_6' title="bbox 396 595 1984 670; baseline 0.002 -20"><span class='ocrx_word' id='word_1_20' title='bbox 396 595 550 664; x_wconf 86' lang='grc' dir='ltr'><strong>αὐτῷ</strong></span> <span class='ocrx_word' id='word_1_21' title='bbox 598 599 659 650; x_wconf 89' lang='grc' dir='ltr'><strong>ἐν</strong></span> <span class='ocrx_word' id='word_1_22' title='bbox 691 597 978 652; x_wconf 87' lang='grc' dir='ltr'>Βαϐυλῶνι</span> <span class='ocrx_word' id='word_1_23' title='bbox 1034 597 1299 669; x_wconf 80' lang='grc' dir='ltr'>ἐξῄρηται</span> <span class='ocrx_word' id='word_1_24' title='bbox 1323 614 1338 629; x_wconf 79' lang='grc'><strong><em>⁸</em></strong></span> <span class='ocrx_word' id='word_1_25' title='bbox 1375 599 1468 652; x_wconf 78' lang='grc' dir='ltr'>καὶ</span> <span class='ocrx_word' id='word_1_26' title='bbox 1511 598 1668 670; x_wconf 84' lang='grc' dir='ltr'>δῶρα·</span> <span class='ocrx_word' id='word_1_27' title='bbox 1707 600 1984 670; x_wconf 82' lang='grc' dir='ltr'>παρέσχεν</span> 
     </span>
    </p>
   </div>
   <div class='ocr_carea' id='block_1_7' title="bbox 395 686 1984 762">
    <p class='ocr_par' dir='ltr' id='par_1_7' title="bbox 395 686 1984 762">
     <span class='ocr_line' id='line_1_7' title="bbox 395 686 1984 762; baseline 0.003 -22"><span class='ocrx_word' id='word_1_28' title='bbox 395 686 547 756; x_wconf 88' lang='grc' dir='ltr'><strong>αύτῷ</strong></span> <span class='ocrx_word' id='word_1_29' title='bbox 574 687 746 742; x_wconf 87' lang='grc' dir='ltr'>πολλά</span> <span class='ocrx_word' id='word_1_30' title='bbox 780 690 876 742; x_wconf 74' lang='grc' dir='ltr'>καὶ</span> <span class='ocrx_word' id='word_1_31' title='bbox 897 688 1060 744; x_wconf 83' lang='grc' dir='ltr'>καλά.</span> <span class='ocrx_word' id='word_1_32' title='bbox 1099 689 1157 744; x_wconf 87' lang='lat'><strong>&#39;0</strong></span> <span class='ocrx_word' id='word_1_33' title='bbox 1190 691 1248 743; x_wconf 78' lang='grc' dir='ltr'>δὲ</span> <span class='ocrx_word' id='word_1_34' title='bbox 1275 688 1569 760; x_wconf 77' lang='grc' dir='ltr'><strong>Κυαξάρης</strong></span> <span class='ocrx_word' id='word_1_35' title='bbox 1594 691 1984 762; x_wconf 79' lang='grc' dir='ltr'><strong>προσέπεμψεν</strong></span> 
     </span>
    </p>
   </div>
   <div class='ocr_carea' id='block_1_8' title="bbox 395 776 1984 854">
    <p class='ocr_par' dir='ltr' id='par_1_8' title="bbox 395 776 1984 854">
     <span class='ocr_line' id='line_1_8' title="bbox 395 776 1984 854; baseline 0.004 -22"><span class='ocrx_word' id='word_1_36' title='bbox 395 776 555 848; x_wconf 55' lang='lat' dir='ltr'><strong>mhi?)</strong></span> <span class='ocrx_word' id='word_1_37' title='bbox 570 778 670 848; x_wconf 77' lang='grc' dir='ltr'>τὴν</span> <span class='ocrx_word' id='word_1_38' title='bbox 692 778 972 852; x_wconf 81' lang='grc' dir='ltr'>θυγατέρα</span> <span class='ocrx_word' id='word_1_39' title='bbox 1001 779 1266 850; x_wconf 84' lang='grc' dir='ltr'>στέφανόν</span> <span class='ocrx_word' id='word_1_40' title='bbox 1295 800 1354 835; x_wconf 89' lang='grc' dir='ltr'><strong>τε</strong></span> <span class='ocrx_word' id='word_1_41' title='bbox 1384 782 1647 854; x_wconf 77' lang='grc' dir='ltr'>χρυσοῦν,</span> <span class='ocrx_word' id='word_1_42' title='bbox 1669 785 1762 837; x_wconf 75' lang='grc' dir='ltr'>καὶ</span> <span class='ocrx_word' id='word_1_43' title='bbox 1792 784 1984 854; x_wconf 79' lang='grc' dir='ltr'>ψέλλια</span> 
     </span>
    </p>
   </div>
   <div class='ocr_carea' id='block_1_9' title="bbox 395 870 1985 948">
    <p class='ocr_par' dir='ltr' id='par_1_9' title="bbox 395 870 1985 948">
     <span class='ocr_line' id='line_1_9' title="bbox 395 870 1985 948; baseline 0.004 -26"><span class='ocrx_word' id='word_1_44' title='bbox 395 870 694 940; x_wconf 79' lang='grc' dir='ltr'>φέρουσαν,</span> <span class='ocrx_word' id='word_1_45' title='bbox 745 873 842 926; x_wconf 61' lang='grc' dir='ltr'><strong>καλ⁵</strong></span> <span class='ocrx_word' id='word_1_46' title='bbox 876 875 1168 942; x_wconf 73' lang='grc' dir='ltr'>σιτρεπτδν,</span> <span class='ocrx_word' id='word_1_47' title='bbox 1203 876 1298 928; x_wconf 75' lang='grc' dir='ltr'>καὶ</span> <span class='ocrx_word' id='word_1_48' title='bbox 1338 875 1534 946; x_wconf 86' lang='grc' dir='ltr'>στολὴν</span> <span class='ocrx_word' id='word_1_49' title='bbox 1565 876 1821 948; x_wconf 79' lang='grc' dir='ltr'>Μηδικὴν</span> <span class='ocrx_word' id='word_1_50' title='bbox 1851 877 1985 932; x_wconf 87' lang='grc' dir='ltr'>καλ-</span> 
     </span>
    </p>
   </div>
   <div class='ocr_carea' id='block_1_10' title="bbox 395 961 1985 1042">
    <p class='ocr_par' dir='ltr' id='par_1_10' title="bbox 395 961 1985 1042">
     <span class='ocr_line' id='line_1_10' title="bbox 395 961 1985 1042; baseline 0.008 -28"><span class='ocrx_word' id='word_1_51' title='bbox 395 961 590 1033; x_wconf 80' lang='grc' dir='ltr'>λίστην</span> <span class='ocrx_word' id='word_1_52' title='bbox 615 981 630 994; x_wconf 90' lang='grc'><strong>·</strong></span> <span class='ocrx_word' id='word_1_53' title='bbox 674 965 770 1018; x_wconf 70' lang='grc' dir='ltr'>καὶ</span> <span class='ocrx_word' id='word_1_54' title='bbox 881 965 980 1034; x_wconf 77' lang='grc' dir='ltr'>μὲν</span> <span class='ocrx_word' id='word_1_55' title='bbox 1023 968 1148 1031; x_wconf 78' lang='grc' dir='ltr'>παῖς</span> <span class='ocrx_word' id='word_1_56' title='bbox 1185 968 1490 1038; x_wconf 75' lang='grc' dir='ltr'><strong>ἐστεφάνου</strong></span> <span class='ocrx_word' id='word_1_57' title='bbox 1541 969 1636 1023; x_wconf 86' lang='grc' dir='ltr'>τὸν</span> <span class='ocrx_word' id='word_1_58' title='bbox 1687 969 1890 1042; x_wconf 81' lang='grc' dir='ltr'>Κῦρον.</span> <span class='ocrx_word' id='word_1_59' title='bbox 1926 972 1985 1027; x_wconf 87' lang='grc' dir='ltr'><strong>Ὀ</strong></span> 
     </span>
    </p>
   </div>
   <div class='ocr_carea' id='block_1_11' title="bbox 399 1051 1988 1130">
    <p class='ocr_par' dir='ltr' id='par_1_11' title="bbox 399 1051 1988 1130">
     <span class='ocr_line' id='line_1_11' title="bbox 399 1051 1988 1130; baseline 0.009 -28"><span class='ocrx_word' id='word_1_60' title='bbox 399 1051 457 1103; x_wconf 80' lang='grc' dir='ltr'>δὲ</span> <span class='ocrx_word' id='word_1_61' title='bbox 487 1052 812 1124; x_wconf 78' lang='grc' dir='ltr'>Κυαξάρηςο</span> <span class='ocrx_word' id='word_1_62' title='bbox 840 1055 1060 1124; x_wconf 82' lang='grc' dir='ltr'>Δίὸωμί</span> <span class='ocrx_word' id='word_1_63' title='bbox 1076 1070 1198 1124; x_wconf 85' lang='grc' dir='ltr'>σοι,</span> <span class='ocrx_word' id='word_1_64' title='bbox 1225 1059 1352 1128; x_wconf 81' lang='grc' dir='ltr'>ἔφη,</span> <span class='ocrx_word' id='word_1_65' title='bbox 1373 1054 1422 1113; x_wconf 84' lang='grc' dir='ltr'><strong><em>ὦ</em></strong></span> <span class='ocrx_word' id='word_1_66' title='bbox 1457 1060 1628 1128; x_wconf 81' lang='grc' dir='ltr'>Κῦρε,</span> <span class='ocrx_word' id='word_1_67' title='bbox 1662 1062 1760 1116; x_wconf 82' lang='grc' dir='ltr'><strong>καί</strong></span> <span class='ocrx_word' id='word_1_68' title='bbox 1789 1062 1988 1130; x_wconf 75' lang='grc' dir='ltr'>αὐτὴν</span> 
     </span>
    </p>
   </div>
   <div class='ocr_carea' id='block_1_12' title="bbox 399 1142 1985 1222">
    <p class='ocr_par' dir='ltr' id='par_1_12' title="bbox 399 1142 1985 1222">
     <span class='ocr_line' id='line_1_12' title="bbox 399 1142 1985 1222; baseline 0.009 -28"><span class='ocrx_word' id='word_1_69' title='bbox 399 1142 628 1209; x_wconf 76' lang='grc' dir='ltr'>ταύτην</span> <span class='ocrx_word' id='word_1_70' title='bbox 680 1145 959 1214; x_wconf 71' lang='grc' dir='ltr'>γυναῖκα,</span> <span class='ocrx_word' id='word_1_71' title='bbox 993 1148 1286 1218; x_wconf 75' lang='grc' dir='ltr'><strong>θυγατέρα</strong></span> <span class='ocrx_word' id='word_1_72' title='bbox 1336 1145 1534 1205; x_wconf 82' lang='grc' dir='ltr'>οὖσαν</span> <span class='ocrx_word' id='word_1_73' title='bbox 1569 1152 1726 1222; x_wconf 76' lang='grc' dir='ltr'><strong>ἐμὴν</strong></span> <span class='ocrx_word' id='word_1_74' title='bbox 1750 1193 1764 1216; x_wconf 93' lang='grc'><strong>,</strong></span> <span class='ocrx_word' id='word_1_75' title='bbox 1795 1155 1985 1209; x_wconf 82' lang='grc' dir='ltr'>ἐπιδί-</span> 
     </span>
    </p>
   </div>
   <div class='ocr_carea' id='block_1_13' title="bbox 397 1231 1988 1310">
    <p class='ocr_par' dir='ltr' id='par_1_13' title="bbox 397 1231 1988 1310">
     <span class='ocr_line' id='line_1_13' title="bbox 397 1231 1988 1310; baseline 0.011 -26"><span class='ocrx_word' id='word_1_76' title='bbox 397 1231 546 1301; x_wconf 79' lang='grc' dir='ltr'>δωμι</span> <span class='ocrx_word' id='word_1_77' title='bbox 569 1234 640 1287; x_wconf 81' lang='grc' dir='ltr'>δὲ</span> <span class='ocrx_word' id='word_1_78' title='bbox 685 1235 842 1305; x_wconf 80' lang='grc' dir='ltr'>αὐτῇ</span> <span class='ocrx_word' id='word_1_79' title='bbox 894 1236 992 1291; x_wconf 78' lang='grc' dir='ltr'><strong>καί</strong></span> <span class='ocrx_word' id='word_1_80' title='bbox 1042 1241 1273 1308; x_wconf 77' lang='grc' dir='ltr'>φερνὴν</span> <span class='ocrx_word' id='word_1_81' title='bbox 1297 1242 1536 1310; x_wconf 74' lang='grc' dir='ltr'>Μηδίαν·</span> <span class='ocrx_word' id='word_1_82' title='bbox 1565 1244 1774 1298; x_wconf 81' lang='grc' dir='ltr'>πᾶσαν</span> <span class='ocrx_word' id='word_1_83' title='bbox 1798 1263 1811 1278; x_wconf 91' lang='grc'><strong>·</strong></span> <span class='ocrx_word' id='word_1_84' title='bbox 1842 1247 1988 1301; x_wconf 78' lang='grc' dir='ltr'>οὐδὲ</span> 
     </span>
    </p>
   </div>
   <div class='ocr_carea' id='block_1_14' title="bbox 397 1321 1982 1404">
    <p class='ocr_par' dir='ltr' id='par_1_14' title="bbox 397 1321 1982 1404">
     <span class='ocr_line' id='line_1_14' title="bbox 397 1321 1982 1404; baseline 0.009 -29"><span class='ocrx_word' id='word_1_85' title='bbox 397 1321 512 1390; x_wconf 74' lang='grc' dir='ltr'><strong>γάρ</strong></span> <span class='ocrx_word' id='word_1_86' title='bbox 541 1323 679 1379; x_wconf 82' lang='grc' dir='ltr'>ἐστι</span> <span class='ocrx_word' id='word_1_87' title='bbox 701 1341 806 1392; x_wconf 85' lang='grc' dir='ltr'><strong>μοι</strong></span> <span class='ocrx_word' id='word_1_88' title='bbox 830 1324 1015 1394; x_wconf 74' lang='grc' dir='ltr'>ἆρῤεν</span> <span class='ocrx_word' id='word_1_89' title='bbox 1041 1328 1185 1394; x_wconf 82' lang='grc' dir='ltr'>παῖς</span> <span class='ocrx_word' id='word_1_90' title='bbox 1238 1331 1513 1398; x_wconf 73' lang='grc' dir='ltr'>γνήσιος.</span> <span class='ocrx_word' id='word_1_91' title='bbox 1559 1333 1617 1384; x_wconf 91' lang='lat'><strong>&#39;0</strong></span> <span class='ocrx_word' id='word_1_92' title='bbox 1658 1333 1714 1387; x_wconf 83' lang='grc' dir='ltr'>δὲ</span> <span class='ocrx_word' id='word_1_93' title='bbox 1765 1333 1946 1404; x_wconf 87' lang='grc' dir='ltr'>Κῦρος</span> <span class='ocrx_word' id='word_1_94' title='bbox 1966 1352 1982 1368; x_wconf 79' lang='grc' dir='ltr'><strong>ο</strong></span> 
     </span>
    </p>
   </div>
   <div class='ocr_carea' id='block_1_15' title="bbox 398 1412 1985 1496">
    <p class='ocr_par' dir='ltr' id='par_1_15' title="bbox 398 1412 1985 1496">
     <span class='ocr_line' id='line_1_15' title="bbox 398 1412 1985 1496; baseline 0.008 -31"><span class='ocrx_word' id='word_1_95' title='bbox 398 1414 473 1466; x_wconf 82' lang='grc' dir='ltr'><strong>Τὸ</strong></span> <span class='ocrx_word' id='word_1_96' title='bbox 508 1415 606 1484; x_wconf 79' lang='grc' dir='ltr'>μὲν</span> <span class='ocrx_word' id='word_1_97' title='bbox 640 1416 819 1484; x_wconf 79' lang='grc' dir='ltr'>γένος,</span> <span class='ocrx_word' id='word_1_98' title='bbox 869 1412 925 1472; x_wconf 63' lang='grc' dir='ltr'><strong>ὧς</strong></span> <span class='ocrx_word' id='word_1_99' title='bbox 956 1417 1245 1490; x_wconf 75' lang='grc' dir='ltr'><strong>Κυαξάρη,</strong></span> <span class='ocrx_word' id='word_1_100' title='bbox 1286 1423 1512 1487; x_wconf 83' lang='grc' dir='ltr'>ἐπαινῶ,</span> <span class='ocrx_word' id='word_1_101' title='bbox 1571 1421 1714 1486; x_wconf 76' lang='grc' dir='ltr'>εἷπε,</span> <span class='ocrx_word' id='word_1_102' title='bbox 1758 1430 1852 1480; x_wconf 73' lang='grc' dir='ltr'><strong>καὶ</strong></span> <span class='ocrx_word' id='word_1_103' title='bbox 1887 1427 1985 1496; x_wconf 85' lang='grc' dir='ltr'>τὴν</span> 
     </span>
    </p>
   </div>
   <div class='ocr_carea' id='block_1_16' title="bbox 398 1508 1983 1590">
    <p class='ocr_par' dir='ltr' id='par_1_16' title="bbox 398 1508 1983 1590">
     <span class='ocr_line' id='line_1_16' title="bbox 398 1508 1983 1590; baseline 0.008 -31"><span class='ocrx_word' id='word_1_104' title='bbox 398 1508 600 1576; x_wconf 70' lang='grc' dir='ltr'>παῖδα,</span> <span class='ocrx_word' id='word_1_105' title='bbox 619 1511 716 1564; x_wconf 76' lang='grc' dir='ltr'><strong>καὶ</strong></span> <span class='ocrx_word' id='word_1_106' title='bbox 753 1510 823 1564; x_wconf 80' lang='grc' dir='ltr'><strong>τὰ</strong></span> <span class='ocrx_word' id='word_1_107' title='bbox 871 1510 1040 1583; x_wconf 83' lang='grc' dir='ltr'>δῶρα.</span> <span class='ocrx_word' id='word_1_108' title='bbox 1103 1514 1378 1584; x_wconf 84' lang='grc' dir='ltr'><strong>Βούλομαι</strong></span> <span class='ocrx_word' id='word_1_109' title='bbox 1429 1516 1485 1568; x_wconf 78' lang='grc' dir='ltr'>δὲ</span> <span class='ocrx_word' id='word_1_110' title='bbox 1517 1519 1612 1570; x_wconf 77' lang='grc' dir='ltr'><strong>σὺν</strong></span> <span class='ocrx_word' id='word_1_111' title='bbox 1648 1518 1840 1590; x_wconf 82' lang='grc' dir='ltr'>γνώμη</span> <span class='ocrx_word' id='word_1_112' title='bbox 1887 1519 1983 1572; x_wconf 82' lang='grc' dir='ltr'>τοῦ</span> 
     </span>
    </p>
   </div>
   <div class='ocr_carea' id='block_1_17' title="bbox 397 1598 1983 1674">
    <p class='ocr_par' dir='ltr' id='par_1_17' title="bbox 397 1598 1983 1674">
     <span class='ocr_line' id='line_1_17' title="bbox 397 1598 1983 1674; baseline 0.006 -24"><span class='ocrx_word' id='word_1_113' title='bbox 397 1598 606 1668; x_wconf 81' lang='grc' dir='ltr'>πατρός</span> <span class='ocrx_word' id='word_1_114' title='bbox 635 1615 695 1652; x_wconf 83' lang='grc' dir='ltr'><strong>τε</strong></span> <span class='ocrx_word' id='word_1_115' title='bbox 721 1601 816 1653; x_wconf 72' lang='grc' dir='ltr'>καὶ</span> <span class='ocrx_word' id='word_1_116' title='bbox 844 1604 945 1671; x_wconf 71' lang='grc' dir='ltr'>τῆς</span> <span class='ocrx_word' id='word_1_117' title='bbox 971 1602 1178 1673; x_wconf 76' lang='grc' dir='ltr'>μητρὸς</span> <span class='ocrx_word' id='word_1_118' title='bbox 1218 1603 1396 1673; x_wconf 80' lang='grc' dir='ltr'>γῆμαι</span> <span class='ocrx_word' id='word_1_119' title='bbox 1433 1605 1625 1674; x_wconf 81' lang='grc' dir='ltr'>αὐτήν.</span> <span class='ocrx_word' id='word_1_120' title='bbox 1660 1606 1770 1658; x_wconf 79' lang='grc' dir='ltr'>Καὶ</span> <span class='ocrx_word' id='word_1_121' title='bbox 1808 1606 1983 1659; x_wconf 87' lang='grc' dir='ltr'>ταῦτα</span> 
     </span>
    </p>
   </div>
   <div class='ocr_carea' id='block_1_18' title="bbox 394 1687 1984 1768">
    <p class='ocr_par' dir='ltr' id='par_1_18' title="bbox 394 1687 1984 1768">
     <span class='ocr_line' id='line_1_18' title="bbox 394 1687 1984 1768; baseline 0.006 -28"><span class='ocrx_word' id='word_1_122' title='bbox 394 1687 591 1753; x_wconf 82' lang='grc' dir='ltr'>εἰπὼν,</span> <span class='ocrx_word' id='word_1_123' title='bbox 642 1691 723 1754; x_wconf 87' lang='grc' dir='ltr'><strong>εἰς</strong></span> <span class='ocrx_word' id='word_1_124' title='bbox 756 1691 976 1762; x_wconf 80' lang='grc' dir='ltr'><strong>Πέρσας</strong></span> <span class='ocrx_word' id='word_1_125' title='bbox 1009 1692 1334 1764; x_wconf 80' lang='grc' dir='ltr'>ἐπορεύετο.</span> <span class='ocrx_word' id='word_1_126' title='bbox 1379 1695 1468 1748; x_wconf 88' lang='grc' dir='ltr'><strong>Ἐν</strong></span> <span class='ocrx_word' id='word_1_127' title='bbox 1514 1695 1573 1749; x_wconf 82' lang='grc' dir='ltr'>δὲ</span> <span class='ocrx_word' id='word_1_128' title='bbox 1607 1698 1722 1759; x_wconf 85' lang='grc' dir='ltr'>τοῖς</span> <span class='ocrx_word' id='word_1_129' title='bbox 1755 1697 1984 1768; x_wconf 84' lang='grc' dir='ltr'>Περσῶν</span> 
     </span>
    </p>
   </div>
   <div class='ocr_carea' id='block_1_19' title="bbox 394 1779 1983 1856">
    <p class='ocr_par' dir='ltr' id='par_1_19' title="bbox 394 1779 1983 1856">
     <span class='ocr_line' id='line_1_19' title="bbox 394 1779 1983 1856; baseline 0.006 -22"><span class='ocrx_word' id='word_1_130' title='bbox 394 1779 567 1847; x_wconf 80' lang='grc' dir='ltr'><strong>ὁρίοις</strong></span> <span class='ocrx_word' id='word_1_131' title='bbox 590 1779 784 1847; x_wconf 85' lang='grc' dir='ltr'>ἐλθὼν,</span> <span class='ocrx_word' id='word_1_132' title='bbox 808 1785 870 1836; x_wconf 85' lang='grc' dir='ltr'>τὸ</span> <span class='ocrx_word' id='word_1_133' title='bbox 902 1784 1005 1853; x_wconf 79' lang='grc' dir='ltr'>μὲν</span> <span class='ocrx_word' id='word_1_134' title='bbox 1030 1785 1350 1856; x_wconf 80' lang='grc' dir='ltr'>στράτευμα</span> <span class='ocrx_word' id='word_1_135' title='bbox 1379 1789 1498 1841; x_wconf 82' lang='grc' dir='ltr'>ἐκεῖ</span> <span class='ocrx_word' id='word_1_136' title='bbox 1527 1787 1842 1844; x_wconf 76' lang='grc' dir='ltr'>κατέλιπεν.</span> <span class='ocrx_word' id='word_1_137' title='bbox 1873 1791 1983 1844; x_wconf 85' lang='grc' dir='ltr'><strong>Αύ-</strong></span> 
     </span>
    </p>
   </div>
   <div class='ocr_carea' id='block_1_20' title="bbox 395 1869 1982 1950">
    <p class='ocr_par' dir='ltr' id='par_1_20' title="bbox 395 1869 1982 1950">
     <span class='ocr_line' id='line_1_20' title="bbox 395 1869 1982 1950; baseline 0.006 -27"><span class='ocrx_word' id='word_1_138' title='bbox 395 1869 492 1934; x_wconf 65' lang='grc' dir='ltr'><strong>πὺς</strong></span> <span class='ocrx_word' id='word_1_139' title='bbox 516 1870 579 1924; x_wconf 75' lang='grc' dir='ltr'>δὲ</span> <span class='ocrx_word' id='word_1_140' title='bbox 602 1871 700 1926; x_wconf 75' lang='grc' dir='ltr'><strong>σὺν</strong></span> <span class='ocrx_word' id='word_1_141' title='bbox 730 1875 843 1937; x_wconf 87' lang='grc' dir='ltr'>τοῖς</span> <span class='ocrx_word' id='word_1_142' title='bbox 867 1875 1045 1942; x_wconf 87' lang='grc' dir='ltr'>φίλοις</span> <span class='ocrx_word' id='word_1_143' title='bbox 1076 1877 1174 1945; x_wconf 79' lang='grc' dir='ltr'>τὴν</span> <span class='ocrx_word' id='word_1_144' title='bbox 1210 1878 1365 1931; x_wconf 89' lang='grc' dir='ltr'>πόλιν</span> <span class='ocrx_word' id='word_1_145' title='bbox 1393 1878 1589 1950; x_wconf 79' lang='grc' dir='ltr'><strong>εἰσῄει,</strong></span> <span class='ocrx_word' id='word_1_146' title='bbox 1624 1881 1798 1949; x_wconf 79' lang='grc' dir='ltr'>ἱερεῖα</span> <span class='ocrx_word' id='word_1_147' title='bbox 1832 1879 1982 1948; x_wconf 80' lang='grc' dir='ltr'>ἄγων</span> 
     </span>
    </p>
   </div>
   <div class='ocr_carea' id='block_1_21' title="bbox 395 1963 1982 2042">
    <p class='ocr_par' dir='ltr' id='par_1_21' title="bbox 395 1963 1982 2042">
     <span class='ocr_line' id='line_1_21' title="bbox 395 1963 1982 2042; baseline 0.008 -29"><span class='ocrx_word' id='word_1_148' title='bbox 395 1963 533 2015; x_wconf 76' lang='grc' dir='ltr'>πᾶσι</span> <span class='ocrx_word' id='word_1_149' title='bbox 565 1963 800 2032; x_wconf 78' lang='grc' dir='ltr'>Πέρσαις</span> <span class='ocrx_word' id='word_1_150' title='bbox 831 1967 992 2020; x_wconf 84' lang='grc' dir='ltr'>ίκανά</span> <span class='ocrx_word' id='word_1_151' title='bbox 1046 1967 1200 2022; x_wconf 84' lang='grc' dir='ltr'>θύειν</span> <span class='ocrx_word' id='word_1_152' title='bbox 1253 1970 1347 2023; x_wconf 78' lang='grc' dir='ltr'>καὶ</span> <span class='ocrx_word' id='word_1_153' title='bbox 1387 1970 1706 2024; x_wconf 74' lang='grc' dir='ltr'>ἑστιᾶσθαι·</span> <span class='ocrx_word' id='word_1_154' title='bbox 1735 1972 1885 2042; x_wconf 85' lang='grc' dir='ltr'>δῶρα</span> <span class='ocrx_word' id='word_1_155' title='bbox 1925 1973 1982 2026; x_wconf 80' lang='grc' dir='ltr'>δὲ</span> 
     </span>
    </p>
   </div>
   <div class='ocr_carea' id='block_1_22' title="bbox 393 2053 1980 2136">
    <p class='ocr_par' dir='ltr' id='par_1_22' title="bbox 393 2053 1980 2136">
     <span class='ocr_line' id='line_1_22' title="bbox 393 2053 1980 2136; baseline 0.009 -30"><span class='ocrx_word' id='word_1_156' title='bbox 393 2053 473 2123; x_wconf 85' lang='grc' dir='ltr'>τῷ</span> <span class='ocrx_word' id='word_1_157' title='bbox 503 2058 674 2128; x_wconf 77' lang='grc' dir='ltr'>πατρὶ</span> <span class='ocrx_word' id='word_1_158' title='bbox 699 2057 794 2111; x_wconf 69' lang='grc' dir='ltr'>καὶ</span> <span class='ocrx_word' id='word_1_159' title='bbox 814 2061 880 2131; x_wconf 80' lang='grc' dir='ltr'>τῇ</span> <span class='ocrx_word' id='word_1_160' title='bbox 912 2062 1082 2130; x_wconf 80' lang='grc' dir='ltr'>μητρὶ</span> <span class='ocrx_word' id='word_1_161' title='bbox 1105 2061 1301 2131; x_wconf 73' lang='grc' dir='ltr'>ἔφερεν</span> <span class='ocrx_word' id='word_1_162' title='bbox 1331 2059 1419 2116; x_wconf 78' lang='grc' dir='ltr'>οἷα</span> <span class='ocrx_word' id='word_1_163' title='bbox 1448 2063 1594 2128; x_wconf 82' lang='grc' dir='ltr'>εἰκὸς</span> <span class='ocrx_word' id='word_1_164' title='bbox 1625 2060 1714 2136; x_wconf 81' lang='grc' dir='ltr'>ἦν,</span> <span class='ocrx_word' id='word_1_165' title='bbox 1745 2066 1840 2119; x_wconf 79' lang='grc' dir='ltr'><strong>καὶ</strong></span> <span class='ocrx_word' id='word_1_166' title='bbox 1867 2068 1980 2130; x_wconf 81' lang='grc' dir='ltr'>τοῖς</span> 
     </span>
    </p>
   </div>
   <div class='ocr_carea' id='block_1_23' title="bbox 394 2144 1978 2229">
    <p class='ocr_par' dir='ltr' id='par_1_23' title="bbox 394 2144 1978 2229">
     <span class='ocr_line' id='line_1_23' title="bbox 394 2144 1978 2229; baseline 0.009 -31"><span class='ocrx_word' id='word_1_167' title='bbox 394 2146 600 2214; x_wconf 79' lang='grc' dir='ltr'>φίλοις,</span> <span class='ocrx_word' id='word_1_168' title='bbox 659 2144 748 2202; x_wconf 74' lang='grc' dir='ltr'>οἷα</span> <span class='ocrx_word' id='word_1_169' title='bbox 798 2151 845 2203; x_wconf 85' lang='grc' dir='ltr'>δ’</span> <span class='ocrx_word' id='word_1_170' title='bbox 893 2150 1142 2223; x_wconf 78' lang='grc' dir='ltr'><strong>ἔπρεπεν</strong></span> <span class='ocrx_word' id='word_1_171' title='bbox 1197 2155 1398 2226; x_wconf 86' lang='grc' dir='ltr'>ἀρχαῖς</span> <span class='ocrx_word' id='word_1_172' title='bbox 1456 2159 1551 2208; x_wconf 82' lang='grc' dir='ltr'>καὶ</span> <span class='ocrx_word' id='word_1_173' title='bbox 1609 2158 1978 2229; x_wconf 75' lang='grc' dir='ltr'>γεραιτέροις.</span> 
     </span>
    </p>
   </div>
   <div class='ocr_carea' id='block_1_24' title="bbox 396 2239 1976 2319">
    <p class='ocr_par' dir='ltr' id='par_1_24' title="bbox 396 2239 1976 2319">
     <span class='ocr_line' id='line_1_24' title="bbox 396 2239 1976 2319; baseline 0.008 -28"><span class='ocrx_word' id='word_1_174' title='bbox 396 2239 608 2294; x_wconf 81' lang='grc' dir='ltr'><strong>Ἔδωκε</strong></span> <span class='ocrx_word' id='word_1_175' title='bbox 630 2241 688 2295; x_wconf 80' lang='grc' dir='ltr'><strong>δέ</strong></span> <span class='ocrx_word' id='word_1_176' title='bbox 717 2243 811 2296; x_wconf 81' lang='grc' dir='ltr'><strong>καί.</strong></span> <span class='ocrx_word' id='word_1_177' title='bbox 842 2245 976 2298; x_wconf 79' lang='grc' dir='ltr'>πᾶσι</span> <span class='ocrx_word' id='word_1_178' title='bbox 1008 2245 1274 2316; x_wconf 76' lang='grc' dir='ltr'>Πέρσαις,</span> <span class='ocrx_word' id='word_1_179' title='bbox 1306 2246 1444 2300; x_wconf 86' lang='grc' dir='ltr'><strong>άλλά</strong></span> <span class='ocrx_word' id='word_1_180' title='bbox 1471 2249 1578 2319; x_wconf 77' lang='grc' dir='ltr'>μὴν</span> <span class='ocrx_word' id='word_1_181' title='bbox 1604 2251 1700 2302; x_wconf 71' lang='grc' dir='ltr'><strong>καὶ</strong></span> <span class='ocrx_word' id='word_1_182' title='bbox 1726 2250 1976 2318; x_wconf 85' lang='grc' dir='ltr'>Περσίσι,</span> 
     </span>
    </p>
   </div>
   <div class='ocr_carea' id='block_1_25' title="bbox 392 2333 1976 2417">
    <p class='ocr_par' dir='ltr' id='par_1_25' title="bbox 392 2333 1976 2417">
     <span class='ocr_line' id='line_1_25' title="bbox 392 2333 1976 2417; baseline 0.009 -30"><span class='ocrx_word' id='word_1_183' title='bbox 392 2333 493 2387; x_wconf 71' lang='grc' dir='ltr'>καὶ</span> <span class='ocrx_word' id='word_1_184' title='bbox 523 2334 718 2406; x_wconf 89' lang='grc' dir='ltr'>χρόνον</span> <span class='ocrx_word' id='word_1_185' title='bbox 761 2338 884 2391; x_wconf 83' lang='grc' dir='ltr'>τινά</span> <span class='ocrx_word' id='word_1_186' title='bbox 920 2341 1035 2402; x_wconf 87' lang='grc' dir='ltr'>τοῖς</span> <span class='ocrx_word' id='word_1_187' title='bbox 1067 2340 1290 2394; x_wconf 77' lang='grc' dir='ltr'>τεκοῦσι</span> <span class='ocrx_word' id='word_1_188' title='bbox 1325 2343 1742 2414; x_wconf 76' lang='grc' dir='ltr'>συνδιατρίψας,</span> <span class='ocrx_word' id='word_1_189' title='bbox 1784 2345 1976 2417; x_wconf 78' lang='grc' dir='ltr'>ἀπῄει.</span> 
     </span>
    </p>
   </div>
   <div class='ocr_carea' id='block_1_26' title="bbox 393 2428 1979 2508">
    <p class='ocr_par' dir='ltr' id='par_1_26' title="bbox 393 2428 1979 2508">
     <span class='ocr_line' id='line_1_26' title="bbox 393 2428 1979 2508; baseline 0.008 -29"><span class='ocrx_word' id='word_1_190' title='bbox 393 2428 504 2481; x_wconf 78' lang='grc' dir='ltr'>Καὶ</span> <span class='ocrx_word' id='word_1_191' title='bbox 529 2429 820 2500; x_wconf 79' lang='grc' dir='ltr'>γενόμενος</span> <span class='ocrx_word' id='word_1_192' title='bbox 870 2434 928 2487; x_wconf 86' lang='grc' dir='ltr'><strong>ἐν</strong></span> <span class='ocrx_word' id='word_1_193' title='bbox 961 2433 1195 2504; x_wconf 80' lang='grc' dir='ltr'>Μήδοις,</span> <span class='ocrx_word' id='word_1_194' title='bbox 1230 2435 1487 2503; x_wconf 72' lang='grc' dir='ltr'>συνδόξαν</span> <span class='ocrx_word' id='word_1_195' title='bbox 1531 2435 1610 2506; x_wconf 84' lang='grc' dir='ltr'><strong>τῷ</strong></span> <span class='ocrx_word' id='word_1_196' title='bbox 1643 2439 1836 2508; x_wconf 68' lang='grc' dir='ltr'>πατρὶ,</span> <span class='ocrx_word' id='word_1_197' title='bbox 1878 2455 1979 2506; x_wconf 87' lang='grc' dir='ltr'>γα-</span> 
     </span>
    </p>
   </div>
   <div class='ocr_carea' id='block_1_27' title="bbox 396 2520 1977 2602">
    <p class='ocr_par' dir='ltr' id='par_1_27' title="bbox 396 2520 1977 2602">
     <span class='ocr_line' id='line_1_27' title="bbox 396 2520 1977 2602; baseline 0.008 -31"><span class='ocrx_word' id='word_1_198' title='bbox 396 2520 490 2588; x_wconf 86' lang='grc' dir='ltr'><strong>μεῖ</strong></span> <span class='ocrx_word' id='word_1_199' title='bbox 517 2521 619 2590; x_wconf 73' lang='grc' dir='ltr'>τὴν</span> <span class='ocrx_word' id='word_1_200' title='bbox 652 2523 943 2594; x_wconf 77' lang='grc' dir='ltr'>Κυαξάρου</span> <span class='ocrx_word' id='word_1_201' title='bbox 973 2524 1276 2597; x_wconf 82' lang='grc' dir='ltr'>θυγατέρα.</span> <span class='ocrx_word' id='word_1_202' title='bbox 1322 2529 1516 2599; x_wconf 80' lang='grc' dir='ltr'>Γήμας</span> <span class='ocrx_word' id='word_1_203' title='bbox 1552 2528 1598 2582; x_wconf 86' lang='grc' dir='ltr'>δ’</span> <span class='ocrx_word' id='word_1_204' title='bbox 1637 2530 1799 2594; x_wconf 78' lang='grc' dir='ltr'>εὐθὺς</span> <span class='ocrx_word' id='word_1_205' title='bbox 1839 2531 1977 2602; x_wconf 80' lang='grc' dir='ltr'>ἔχων</span> 
     </span>
    </p>
   </div>
   <div class='ocr_carea' id='block_1_28' title="bbox 391 2611 1978 2690">
    <p class='ocr_par' dir='ltr' id='par_1_28' title="bbox 391 2611 1978 2690">
     <span class='ocr_line' id='line_1_28' title="bbox 391 2611 1978 2690; baseline 0.01 -29"><span class='ocrx_word' id='word_1_206' title='bbox 391 2611 565 2681; x_wconf 75' lang='grc' dir='ltr'>αὐτὴν</span> <span class='ocrx_word' id='word_1_207' title='bbox 594 2612 974 2682; x_wconf 78' lang='grc' dir='ltr'>ἀνεζεύγνυεν.</span> <span class='ocrx_word' id='word_1_208' title='bbox 1023 2616 1110 2683; x_wconf 82' lang='grc' dir='ltr'>Ὧς</span> <span class='ocrx_word' id='word_1_209' title='bbox 1143 2618 1188 2671; x_wconf 81' lang='grc' dir='ltr'>δ’</span> <span class='ocrx_word' id='word_1_210' title='bbox 1219 2614 1355 2690; x_wconf 87' lang='grc' dir='ltr'>ἦκεν</span> <span class='ocrx_word' id='word_1_211' title='bbox 1393 2621 1473 2684; x_wconf 89' lang='grc' dir='ltr'><strong>είς</strong></span> <span class='ocrx_word' id='word_1_212' title='bbox 1508 2620 1826 2684; x_wconf 83' lang='grc' dir='ltr'>Βαϐυλῶνα,</span> <span class='ocrx_word' id='word_1_213' title='bbox 1880 2641 1978 2676; x_wconf 90' lang='grc' dir='ltr'>σα-</span> 
     </span>
    </p>
   </div>
   <div class='ocr_carea' id='block_1_29' title="bbox 389 2703 1976 2784">
    <p class='ocr_par' dir='ltr' id='par_1_29' title="bbox 389 2703 1976 2784">
     <span class='ocr_line' id='line_1_29' title="bbox 389 2703 1976 2784; baseline 0.008 -28"><span class='ocrx_word' id='word_1_214' title='bbox 389 2703 612 2771; x_wconf 72' lang='grc' dir='ltr'>τράπας</span> <span class='ocrx_word' id='word_1_215' title='bbox 646 2705 741 2759; x_wconf 81' lang='grc' dir='ltr'>ἐπὶ</span> <span class='ocrx_word' id='word_1_216' title='bbox 780 2706 850 2760; x_wconf 77' lang='grc' dir='ltr'><strong>τά</strong></span> <span class='ocrx_word' id='word_1_217' title='bbox 881 2711 1350 2779; x_wconf 82' lang='grc' dir='ltr'>κατεστραμμένα</span> <span class='ocrx_word' id='word_1_218' title='bbox 1403 2710 1656 2782; x_wconf 80' lang='grc' dir='ltr'>ἔπεμπεν</span> <span class='ocrx_word' id='word_1_219' title='bbox 1702 2713 1854 2784; x_wconf 78' lang='grc' dir='ltr'>ἔθνη,</span> <span class='ocrx_word' id='word_1_220' title='bbox 1893 2715 1976 2778; x_wconf 86' lang='grc' dir='ltr'><strong>είς</strong></span> 
     </span>
    </p>
   </div>
   <div class='ocr_carea' id='block_1_30' title="bbox 402 2794 1974 2875">
    <p class='ocr_par' dir='ltr' id='par_1_30' title="bbox 402 2794 1974 2875">
     <span class='ocr_line' id='line_1_30' title="bbox 402 2794 1974 2875; baseline 0.008 -29"><span class='ocrx_word' id='word_1_221' title='bbox 402 2794 667 2863; x_wconf 82' lang='grc' dir='ltr'>Ἀραϐίαν</span> <span class='ocrx_word' id='word_1_222' title='bbox 699 2797 900 2872; x_wconf 85' lang='grc' dir='ltr'>δηλαδὴ</span> <span class='ocrx_word' id='word_1_223' title='bbox 935 2800 1032 2855; x_wconf 77' lang='grc' dir='ltr'>καὶ</span> <span class='ocrx_word' id='word_1_224' title='bbox 1064 2802 1486 2866; x_wconf 79' lang='grc' dir='ltr'>Καππαδοκίαν,</span> <span class='ocrx_word' id='word_1_225' title='bbox 1520 2805 1602 2867; x_wconf 88' lang='grc' dir='ltr'><strong>εἰς</strong></span> <span class='ocrx_word' id='word_1_226' title='bbox 1638 2807 1882 2875; x_wconf 83' lang='grc' dir='ltr'>Φρυγίαν</span> <span class='ocrx_word' id='word_1_227' title='bbox 1915 2823 1974 2860; x_wconf 87' lang='grc' dir='ltr'><strong>τε</strong></span> 
     </span>
    </p>
   </div>
   <div class='ocr_carea' id='block_1_31' title="bbox 387 2883 1974 2967">
    <p class='ocr_par' dir='ltr' id='par_1_31' title="bbox 387 2883 1974 2967">
     <span class='ocr_line' id='line_1_31' title="bbox 387 2883 1974 2967; baseline 0.009 -33"><span class='ocrx_word' id='word_1_228' title='bbox 387 2883 488 2953; x_wconf 77' lang='grc' dir='ltr'><strong>την</strong></span> <span class='ocrx_word' id='word_1_229' title='bbox 518 2886 785 2958; x_wconf 81' lang='grc' dir='ltr'>μεγάλην,</span> <span class='ocrx_word' id='word_1_230' title='bbox 817 2889 898 2952; x_wconf 81' lang='grc' dir='ltr'><strong>εἰς</strong></span> <span class='ocrx_word' id='word_1_231' title='bbox 913 2890 1123 2944; x_wconf 85' lang='grc' dir='ltr'>Λυκίαν</span> <span class='ocrx_word' id='word_1_232' title='bbox 1151 2908 1212 2945; x_wconf 89' lang='grc' dir='ltr'><strong>τε</strong></span> <span class='ocrx_word' id='word_1_233' title='bbox 1240 2893 1332 2946; x_wconf 82' lang='grc' dir='ltr'>καὶ</span> <span class='ocrx_word' id='word_1_234' title='bbox 1358 2895 1592 2960; x_wconf 84' lang='grc' dir='ltr'>Ἰωνίαν,</span> <span class='ocrx_word' id='word_1_235' title='bbox 1623 2897 1702 2960; x_wconf 88' lang='grc' dir='ltr'><strong>είς</strong></span> <span class='ocrx_word' id='word_1_236' title='bbox 1739 2898 1974 2967; x_wconf 81' lang='grc' dir='ltr'>Καρίαν,</span> 
     </span>
    </p>
   </div>
   <div class='ocr_carea' id='block_1_32' title="bbox 389 2978 1968 3055">
    <p class='ocr_par' dir='ltr' id='par_1_32' title="bbox 389 2978 1968 3055">
     <span class='ocr_line' id='line_1_32' title="bbox 389 2978 1968 3055; baseline 0.011 -28"><span class='ocrx_word' id='word_1_237' title='bbox 389 2978 471 3039; x_wconf 82' lang='grc' dir='ltr'><strong>εἰς</strong></span> <span class='ocrx_word' id='word_1_238' title='bbox 518 2978 762 3048; x_wconf 78' lang='grc' dir='ltr'>Φρυγίαν</span> <span class='ocrx_word' id='word_1_239' title='bbox 798 2981 898 3052; x_wconf 85' lang='grc' dir='ltr'>τὴν</span> <span class='ocrx_word' id='word_1_240' title='bbox 949 2983 1084 3054; x_wconf 84' lang='grc' dir='ltr'>παρ’</span> <span class='ocrx_word' id='word_1_241' title='bbox 1128 2984 1544 3055; x_wconf 84' lang='grc' dir='ltr'>Ἑλλήσποντον,</span> <span class='ocrx_word' id='word_1_242' title='bbox 1601 2989 1698 3043; x_wconf 81' lang='grc' dir='ltr'>καὶ</span> <span class='ocrx_word' id='word_1_243' title='bbox 1727 2991 1968 3045; x_wconf 76' lang='grc' dir='ltr'>Αἰολίδα.</span> 
     </span>
    </p>
   </div>
   <div class='ocr_carea' id='block_1_33' title="bbox 390 3061 1974 3152">
    <p class='ocr_par' dir='ltr' id='par_1_33' title="bbox 390 3061 1974 3152">
     <span class='ocr_line' id='line_1_33' title="bbox 390 3061 1974 3152; baseline 0.01 -32"><span class='ocrx_word' id='word_1_244' title='bbox 390 3067 573 3136; x_wconf 81' lang='grc' dir='ltr'>Κίλιξι</span> <span class='ocrx_word' id='word_1_245' title='bbox 601 3070 657 3123; x_wconf 80' lang='grc' dir='ltr'>δὲ</span> <span class='ocrx_word' id='word_1_246' title='bbox 691 3073 789 3126; x_wconf 75' lang='grc' dir='ltr'>καὶ</span> <span class='ocrx_word' id='word_1_247' title='bbox 811 3074 1085 3144; x_wconf 75' lang='grc' dir='ltr'>Κυπρίοις</span> <span class='ocrx_word' id='word_1_248' title='bbox 1112 3075 1208 3130; x_wconf 80' lang='grc' dir='ltr'>καὶ</span> <span class='ocrx_word' id='word_1_249' title='bbox 1239 3061 1598 3147; x_wconf 80' lang='grc' dir='ltr'>Παφλαγόσιν</span> <span class='ocrx_word' id='word_1_250' title='bbox 1621 3081 1722 3134; x_wconf 76' lang='grc' dir='ltr'>οὐκ</span> <span class='ocrx_word' id='word_1_251' title='bbox 1757 3080 1974 3152; x_wconf 77' lang='grc' dir='ltr'>έπεμψε</span> 
     </span>
    </p>
   </div>
   <div class='ocr_carea' id='block_1_34' title="bbox 2086 591 3672 663">
    <p class='ocr_par' dir='ltr' id='par_1_34' title="bbox 2086 591 3672 663">
     <span class='ocr_line' id='line_1_34' title="bbox 2086 591 3672 663; baseline 0.004 -18"><span class='ocrx_word' id='word_1_252' title='bbox 2086 591 2362 663; x_wconf 83' lang='lat' dir='ltr'><strong>Babylone</strong></span> <span class='ocrx_word' id='word_1_253' title='bbox 2392 591 2724 662; x_wconf 73' lang='lat' dir='ltr'><strong>assignatam</strong></span> <span class='ocrx_word' id='word_1_254' title='bbox 2765 605 2906 646; x_wconf 90' lang='lat' dir='ltr'><strong>esse.</strong></span> <span class='ocrx_word' id='word_1_255' title='bbox 2959 591 3030 646; x_wconf 85' lang='lat' dir='ltr'><strong>At</strong></span> <span class='ocrx_word' id='word_1_256' title='bbox 3060 591 3342 663; x_wconf 75' lang='lat' dir='ltr'><strong>Cyaxarcs</strong></span> <span class='ocrx_word' id='word_1_257' title='bbox 3391 595 3558 651; x_wconf 84' lang='lat' dir='ltr'><strong>filiam</strong></span> <span class='ocrx_word' id='word_1_258' title='bbox 3601 598 3672 651; x_wconf 85' lang='lat' dir='ltr'><strong>ad</strong></span> 
     </span>
    </p>
   </div>
   <div class='ocr_carea' id='block_1_35' title="bbox 2085 683 3673 756">
    <p class='ocr_par' dir='ltr' id='par_1_35' title="bbox 2085 683 3673 756">
     <span class='ocr_line' id='line_1_35' title="bbox 2085 683 3673 756; baseline 0.006 -21"><span class='ocrx_word' id='word_1_259' title='bbox 2085 698 2210 737; x_wconf 86' lang='lat' dir='ltr'><strong>eum</strong></span> <span class='ocrx_word' id='word_1_260' title='bbox 2240 683 2432 746; x_wconf 88' lang='lat' dir='ltr'><strong>mittit,</strong></span> <span class='ocrx_word' id='word_1_261' title='bbox 2459 698 2582 738; x_wconf 89' lang='lat' dir='ltr'><strong>cum</strong></span> <span class='ocrx_word' id='word_1_262' title='bbox 2611 697 2778 737; x_wconf 89' lang='lat' dir='ltr'><strong>aurea</strong></span> <span class='ocrx_word' id='word_1_263' title='bbox 2829 699 3054 746; x_wconf 87' lang='lat' dir='ltr'><strong>corona,</strong></span> <span class='ocrx_word' id='word_1_264' title='bbox 3103 685 3353 749; x_wconf 73' lang='lat' dir='ltr'><strong>armill&#39;s,</strong></span> <span class='ocrx_word' id='word_1_265' title='bbox 3391 696 3585 756; x_wconf 90' lang='lat' dir='ltr'><strong>torque</strong></span> <span class='ocrx_word' id='word_1_266' title='bbox 3613 699 3673 744; x_wconf 78' lang='lat' dir='ltr'><strong>et</strong></span> 
     </span>
    </p>
   </div>
   <div class='ocr_carea' id='block_1_36' title="bbox 2085 772 3668 846">
    <p class='ocr_par' dir='ltr' id='par_1_36' title="bbox 2085 772 3668 846">
     <span class='ocr_line' id='line_1_36' title="bbox 2085 772 3668 846; baseline 0.004 -21"><span class='ocrx_word' id='word_1_267' title='bbox 2085 781 2238 826; x_wconf 75' lang='lat' dir='ltr'><strong>veste</strong></span> <span class='ocrx_word' id='word_1_268' title='bbox 2281 772 2492 828; x_wconf 83' lang='lat' dir='ltr'><strong>Medica</strong></span> <span class='ocrx_word' id='word_1_269' title='bbox 2551 773 2972 842; x_wconf 78' lang='lat' dir='ltr'><strong>pulcherrima;</strong></span> <span class='ocrx_word' id='word_1_270' title='bbox 3018 774 3107 828; x_wconf 88' lang='lat' dir='ltr'><strong>illa</strong></span> <span class='ocrx_word' id='word_1_271' title='bbox 3164 775 3367 846; x_wconf 85' lang='lat' dir='ltr'><strong>Cyrum</strong></span> <span class='ocrx_word' id='word_1_272' title='bbox 3417 791 3668 832; x_wconf 77' lang='lat' dir='ltr'><strong>coruuai.</strong></span> 
     </span>
    </p>
   </div>
   <div class='ocr_carea' id='block_1_37' title="bbox 2086 864 3670 938">
    <p class='ocr_par' dir='ltr' id='par_1_37' title="bbox 2086 864 3670 938">
     <span class='ocr_line' id='line_1_37' title="bbox 2086 864 3670 938; baseline 0.004 -20"><span class='ocrx_word' id='word_1_273' title='bbox 2086 864 2201 918; x_wconf 78' lang='lat' dir='ltr'><strong>Rex</strong></span> <span class='ocrx_word' id='word_1_274' title='bbox 2235 879 2366 919; x_wconf 81' lang='lat' dir='ltr'><strong>vero</strong></span> <span class='ocrx_word' id='word_1_275' title='bbox 2395 883 2410 920; x_wconf 90' lang='lat'><strong>:</strong></span> <span class='ocrx_word' id='word_1_276' title='bbox 2441 865 2616 932; x_wconf 86' lang='lat' dir='ltr'><strong>Hanc,</strong></span> <span class='ocrx_word' id='word_1_277' title='bbox 2658 867 2857 935; x_wconf 88' lang='lat' dir='ltr'><strong>inquit,</strong></span> <span class='ocrx_word' id='word_1_278' title='bbox 2892 865 3045 938; x_wconf 78' lang='lat' dir='ltr'><strong>Cyre,</strong></span> <span class='ocrx_word' id='word_1_279' title='bbox 3085 866 3259 936; x_wconf 80' lang='lat' dir='ltr'><strong>ﬁliam</strong></span> <span class='ocrx_word' id='word_1_280' title='bbox 3308 885 3501 934; x_wconf 84' lang='lat' dir='ltr'><strong><em>meam,</em></strong></span> <span class='ocrx_word' id='word_1_281' title='bbox 3539 888 3670 924; x_wconf 79' lang='grc' dir='ltr'>ιι.το-</span> 
     </span>
    </p>
   </div>
   <div class='ocr_carea' id='block_1_38' title="bbox 2085 957 3670 1033">
    <p class='ocr_par' dir='ltr' id='par_1_38' title="bbox 2085 957 3670 1033">
     <span class='ocr_line' id='line_1_38' title="bbox 2085 957 3670 1033; baseline 0.005 -23"><span class='ocrx_word' id='word_1_282' title='bbox 2085 969 2198 1011; x_wconf 72' lang='lat' dir='ltr'><strong>13m</strong></span> <span class='ocrx_word' id='word_1_283' title='bbox 2242 957 2476 1021; x_wconf 74' lang='lat' dir='ltr'><strong>libido,</strong></span> <span class='ocrx_word' id='word_1_284' title='bbox 2529 970 2580 1013; x_wconf 84' lang='lat' dir='ltr'><strong>et</strong></span> <span class='ocrx_word' id='word_1_285' title='bbox 2629 968 2798 1012; x_wconf 83' lang='lat' dir='ltr'><strong>totam</strong></span> <span class='ocrx_word' id='word_1_286' title='bbox 2848 961 3082 1013; x_wconf 83' lang='lat' dir='ltr'><strong>Mediam</strong></span> <span class='ocrx_word' id='word_1_287' title='bbox 3129 961 3240 1014; x_wconf 86' lang='lat' dir='ltr'><strong>doti</strong></span> <span class='ocrx_word' id='word_1_288' title='bbox 3293 962 3429 1014; x_wconf 83' lang='lat' dir='ltr'><strong>dico.</strong></span> <span class='ocrx_word' id='word_1_289' title='bbox 3488 962 3670 1033; x_wconf 73' lang='lat' dir='ltr'><strong>Neque</strong></span> 
     </span>
    </p>
   </div>
   <div class='ocr_carea' id='block_1_39' title="bbox 2087 1048 3664 1124">
    <p class='ocr_par' dir='ltr' id='par_1_39' title="bbox 2087 1048 3664 1124">
     <span class='ocr_line' id='line_1_39' title="bbox 2087 1048 3664 1124; baseline 0.003 -22"><span class='ocrx_word' id='word_1_290' title='bbox 2087 1057 2225 1105; x_wconf 68' lang='lat' dir='ltr'><strong>enim</strong></span> <span class='ocrx_word' id='word_1_291' title='bbox 2255 1049 2384 1102; x_wconf 83' lang='lat' dir='ltr'><strong>mihi</strong></span> <span class='ocrx_word' id='word_1_292' title='bbox 2405 1057 2528 1104; x_wconf 79' lang='lat' dir='ltr'><strong>sunt</strong></span> <span class='ocrx_word' id='word_1_293' title='bbox 2550 1065 2721 1103; x_wconf 82' lang='lat' dir='ltr'><strong>mores</strong></span> <span class='ocrx_word' id='word_1_294' title='bbox 2752 1048 2899 1103; x_wconf 79' lang='lat' dir='ltr'><strong>liberi</strong></span> <span class='ocrx_word' id='word_1_295' title='bbox 2924 1051 3186 1120; x_wconf 80' lang='lat' dir='ltr'><strong>germani.</strong></span> <span class='ocrx_word' id='word_1_296' title='bbox 3212 1050 3294 1105; x_wconf 84' lang='lat' dir='ltr'><strong>Ad</strong></span> <span class='ocrx_word' id='word_1_297' title='bbox 3328 1051 3444 1106; x_wconf 68' lang='lat' dir='ltr'><strong>hwc</strong></span> <span class='ocrx_word' id='word_1_298' title='bbox 3469 1051 3664 1124; x_wconf 84' lang='lat' dir='ltr'><strong>Cyrus,</strong></span> 
     </span>
    </p>
   </div>
   <div class='ocr_carea' id='block_1_40' title="bbox 2087 1141 3668 1212">
    <p class='ocr_par' dir='ltr' id='par_1_40' title="bbox 2087 1141 3668 1212">
     <span class='ocr_line' id='line_1_40' title="bbox 2087 1141 3668 1212; baseline 0.001 -16"><span class='ocrx_word' id='word_1_299' title='bbox 2087 1156 2147 1196; x_wconf 87' lang='lat' dir='ltr'><strong>se</strong></span> <span class='ocrx_word' id='word_1_300' title='bbox 2180 1151 2236 1196; x_wconf 89' lang='lat' dir='ltr'><strong>et</strong></span> <span class='ocrx_word' id='word_1_301' title='bbox 2265 1157 2439 1212; x_wconf 86' lang='lat' dir='ltr'><strong>genus</strong></span> <span class='ocrx_word' id='word_1_302' title='bbox 2475 1141 2722 1207; x_wconf 87' lang='lat' dir='ltr'><strong>laudare,</strong></span> <span class='ocrx_word' id='word_1_303' title='bbox 2778 1151 2836 1197; x_wconf 87' lang='lat' dir='ltr'><strong>et</strong></span> <span class='ocrx_word' id='word_1_304' title='bbox 2883 1141 3123 1210; x_wconf 85' lang='lat' dir='ltr'><strong>puellam</strong></span> <span class='ocrx_word' id='word_1_305' title='bbox 3180 1153 3236 1198; x_wconf 87' lang='lat' dir='ltr'><strong>et</strong></span> <span class='ocrx_word' id='word_1_306' title='bbox 3283 1159 3545 1210; x_wconf 70' lang='lat' dir='ltr'><strong>munera,</strong></span> <span class='ocrx_word' id='word_1_307' title='bbox 3571 1145 3668 1200; x_wconf 89' lang='lat' dir='ltr'><strong>sed</strong></span> 
     </span>
    </p>
   </div>
   <div class='ocr_carea' id='block_1_41' title="bbox 2087 1233 3668 1303">
    <p class='ocr_par' dir='ltr' id='par_1_41' title="bbox 2087 1233 3668 1303">
     <span class='ocr_line' id='line_1_41' title="bbox 2087 1233 3668 1303; baseline 0.002 -16"><span class='ocrx_word' id='word_1_308' title='bbox 2087 1248 2206 1287; x_wconf 86' lang='lat' dir='ltr'><strong>eam</strong></span> <span class='ocrx_word' id='word_1_309' title='bbox 2241 1233 2310 1288; x_wconf 90' lang='lat' dir='ltr'><strong>de</strong></span> <span class='ocrx_word' id='word_1_310' title='bbox 2356 1233 2630 1288; x_wconf 87' lang='lat' dir='ltr'><strong>sententia</strong></span> <span class='ocrx_word' id='word_1_311' title='bbox 2661 1233 2836 1303; x_wconf 82' lang='lat' dir='ltr'><strong>patris</strong></span> <span class='ocrx_word' id='word_1_312' title='bbox 2869 1243 2925 1288; x_wconf 91' lang='lat' dir='ltr'><strong>et</strong></span> <span class='ocrx_word' id='word_1_313' title='bbox 2973 1234 3168 1289; x_wconf 88' lang='lat' dir='ltr'><strong>matris</strong></span> <span class='ocrx_word' id='word_1_314' title='bbox 3195 1235 3490 1291; x_wconf 90' lang='lat' dir='ltr'><strong>ducturum</strong></span> <span class='ocrx_word' id='word_1_315' title='bbox 3524 1253 3668 1291; x_wconf 67' lang='lat' dir='ltr'><strong>esse.</strong></span> 
     </span>
    </p>
   </div>
   <div class='ocr_carea' id='block_1_42' title="bbox 2087 1320 3670 1394">
    <p class='ocr_par' dir='ltr' id='par_1_42' title="bbox 2087 1320 3670 1394">
     <span class='ocr_line' id='line_1_42' title="bbox 2087 1320 3670 1394; baseline 0.003 -21"><span class='ocrx_word' id='word_1_316' title='bbox 2087 1320 2184 1376; x_wconf 90' lang='lat' dir='ltr'><strong>His</strong></span> <span class='ocrx_word' id='word_1_317' title='bbox 2229 1321 2416 1388; x_wconf 88' lang='lat' dir='ltr'><strong>dictis,</strong></span> <span class='ocrx_word' id='word_1_318' title='bbox 2471 1321 2524 1376; x_wconf 91' lang='lat' dir='ltr'><strong>in</strong></span> <span class='ocrx_word' id='word_1_319' title='bbox 2572 1321 2816 1377; x_wconf 79' lang='lat' dir='ltr'><strong>Persiam</strong></span> <span class='ocrx_word' id='word_1_320' title='bbox 2875 1323 3196 1388; x_wconf 84' lang='lat' dir='ltr'><strong>contendit,</strong></span> <span class='ocrx_word' id='word_1_321' title='bbox 3251 1324 3558 1394; x_wconf 79' lang='lat' dir='ltr'><strong>relictoque</strong></span> <span class='ocrx_word' id='word_1_322' title='bbox 3616 1326 3670 1378; x_wconf 90' lang='lat' dir='ltr'><strong>in</strong></span> 
     </span>
    </p>
   </div>
   <div class='ocr_carea' id='block_1_43' title="bbox 2088 1413 3670 1485">
    <p class='ocr_par' dir='ltr' id='par_1_43' title="bbox 2088 1413 3670 1485">
     <span class='ocr_line' id='line_1_43' title="bbox 2088 1413 3670 1485; baseline 0 -17"><span class='ocrx_word' id='word_1_323' title='bbox 2088 1413 2577 1479; x_wconf 68' lang='lat' dir='ltr'><strong>finibusexercitu,</strong></span> <span class='ocrx_word' id='word_1_324' title='bbox 2609 1414 2727 1484; x_wconf 87' lang='lat' dir='ltr'><strong>ipse</strong></span> <span class='ocrx_word' id='word_1_325' title='bbox 2759 1429 2885 1469; x_wconf 88' lang='lat' dir='ltr'><strong>cum</strong></span> <span class='ocrx_word' id='word_1_326' title='bbox 2935 1415 3130 1469; x_wconf 77' lang='lat' dir='ltr'><strong>amicis</strong></span> <span class='ocrx_word' id='word_1_327' title='bbox 3181 1415 3372 1469; x_wconf 88' lang='lat' dir='ltr'><strong>urbem</strong></span> <span class='ocrx_word' id='word_1_328' title='bbox 3427 1415 3670 1485; x_wconf 86' lang='lat' dir='ltr'><strong>ingredi-</strong></span> 
     </span>
    </p>
   </div>
   <div class='ocr_carea' id='block_1_44' title="bbox 2085 1503 3676 1575">
    <p class='ocr_par' dir='ltr' id='par_1_44' title="bbox 2085 1503 3676 1575">
     <span class='ocr_line' id='line_1_44' title="bbox 2085 1503 3676 1575; baseline 0.001 -16"><span class='ocrx_word' id='word_1_329' title='bbox 2085 1515 2198 1566; x_wconf 86' lang='lat' dir='ltr'><strong>tur,</strong></span> <span class='ocrx_word' id='word_1_330' title='bbox 2230 1505 2481 1560; x_wconf 77' lang='lat' dir='ltr'><strong>victimas</strong></span> <span class='ocrx_word' id='word_1_331' title='bbox 2506 1504 2806 1570; x_wconf 86' lang='lat' dir='ltr'><strong>adducens,</strong></span> <span class='ocrx_word' id='word_1_332' title='bbox 2858 1521 2981 1575; x_wconf 68' lang='lat' dir='ltr'><strong>quaa</strong></span> <span class='ocrx_word' id='word_1_333' title='bbox 3027 1513 3084 1560; x_wconf 92' lang='lat' dir='ltr'><strong>et</strong></span> <span class='ocrx_word' id='word_1_334' title='bbox 3129 1503 3196 1560; x_wconf 90' lang='lat' dir='ltr'><strong>ad</strong></span> <span class='ocrx_word' id='word_1_335' title='bbox 3245 1506 3676 1561; x_wconf 82' lang='lat' dir='ltr'><strong>sacrificandum</strong></span> 
     </span>
    </p>
   </div>
   <div class='ocr_carea' id='block_1_45' title="bbox 2085 1597 3666 1655">
    <p class='ocr_par' dir='ltr' id='par_1_45' title="bbox 2085 1597 3666 1655">
     <span class='ocr_line' id='line_1_45' title="bbox 2085 1597 3666 1655; baseline -0.001 -2"><span class='ocrx_word' id='word_1_336' title='bbox 2085 1606 2141 1653; x_wconf 89' lang='lat' dir='ltr'><strong>et</strong></span> <span class='ocrx_word' id='word_1_337' title='bbox 2169 1597 2236 1652; x_wconf 89' lang='lat' dir='ltr'><strong>ad</strong></span> <span class='ocrx_word' id='word_1_338' title='bbox 2279 1597 2686 1652; x_wconf 78' lang='lat' dir='ltr'><strong>convivaudum</strong></span> <span class='ocrx_word' id='word_1_339' title='bbox 2737 1598 2923 1654; x_wconf 82' lang='lat' dir='ltr'><strong>Persis</strong></span> <span class='ocrx_word' id='word_1_340' title='bbox 2968 1597 3227 1652; x_wconf 89' lang='lat' dir='ltr'><strong>omnibus</strong></span> <span class='ocrx_word' id='word_1_341' title='bbox 3257 1599 3392 1653; x_wconf 86' lang='lat' dir='ltr'><strong>satis</strong></span> <span class='ocrx_word' id='word_1_342' title='bbox 3424 1610 3612 1655; x_wconf 82' lang='lat' dir='ltr'><strong>essent</strong></span> <span class='ocrx_word' id='word_1_343' title='bbox 3652 1617 3666 1652; x_wconf 89' lang='lat'><strong>:</strong></span> 
     </span>
    </p>
   </div>
   <div class='ocr_carea' id='block_1_46' title="bbox 2085 1687 3676 1760">
    <p class='ocr_par' dir='ltr' id='par_1_46' title="bbox 2085 1687 3676 1760">
     <span class='ocr_line' id='line_1_46' title="bbox 2085 1687 3676 1760; baseline 0.002 -18"><span class='ocrx_word' id='word_1_344' title='bbox 2085 1689 2414 1759; x_wconf 83' lang='lat' dir='ltr'><strong>parentibus</strong></span> <span class='ocrx_word' id='word_1_345' title='bbox 2449 1696 2618 1759; x_wconf 58' lang='lat' dir='ltr'><strong>atque</strong></span> <span class='ocrx_word' id='word_1_346' title='bbox 2661 1687 2856 1744; x_wconf 87' lang='lat' dir='ltr'><strong>amicis</strong></span> <span class='ocrx_word' id='word_1_347' title='bbox 2887 1704 3116 1745; x_wconf 89' lang='lat' dir='ltr'><strong>munera</strong></span> <span class='ocrx_word' id='word_1_348' title='bbox 3147 1689 3330 1754; x_wconf 65' lang='lat' dir='ltr'><strong>affert,</strong></span> <span class='ocrx_word' id='word_1_349' title='bbox 3359 1692 3540 1759; x_wconf 86' lang='lat' dir='ltr'><strong>qualia</strong></span> <span class='ocrx_word' id='word_1_350' title='bbox 3572 1708 3676 1760; x_wconf 88' lang='lat' dir='ltr'><strong>par</strong></span> 
     </span>
    </p>
   </div>
   <div class='ocr_carea' id='block_1_47' title="bbox 2086 1779 3679 1850">
    <p class='ocr_par' dir='ltr' id='par_1_47' title="bbox 2086 1779 3679 1850">
     <span class='ocr_line' id='line_1_47' title="bbox 2086 1779 3679 1850; baseline -0.002 -16"><span class='ocrx_word' id='word_1_351' title='bbox 2086 1787 2226 1843; x_wconf 87' lang='lat' dir='ltr'><strong>erat,</strong></span> <span class='ocrx_word' id='word_1_352' title='bbox 2274 1788 2331 1835; x_wconf 90' lang='lat' dir='ltr'><strong>et</strong></span> <span class='ocrx_word' id='word_1_353' title='bbox 2370 1779 2555 1848; x_wconf 87' lang='lat' dir='ltr'><strong>qualia</strong></span> <span class='ocrx_word' id='word_1_354' title='bbox 2585 1780 2938 1850; x_wconf 74' lang='lat' dir='ltr'><strong>magistratus</strong></span> <span class='ocrx_word' id='word_1_355' title='bbox 2986 1795 3051 1834; x_wconf 90' lang='lat' dir='ltr'><strong>ac</strong></span> <span class='ocrx_word' id='word_1_356' title='bbox 3092 1780 3340 1835; x_wconf 78' lang='lat' dir='ltr'><strong>seniores</strong></span> <span class='ocrx_word' id='word_1_357' title='bbox 3376 1780 3679 1846; x_wconf 77' lang='lat' dir='ltr'><strong>decebant,</strong></span> 
     </span>
    </p>
   </div>
   <div class='ocr_carea' id='block_1_48' title="bbox 2083 1871 3679 1943">
    <p class='ocr_par' dir='ltr' id='par_1_48' title="bbox 2083 1871 3679 1943">
     <span class='ocr_line' id='line_1_48' title="bbox 2083 1871 3679 1943; baseline 0 -17"><span class='ocrx_word' id='word_1_358' title='bbox 2083 1887 2188 1927; x_wconf 87' lang='lat' dir='ltr'><strong>nec</strong></span> <span class='ocrx_word' id='word_1_359' title='bbox 2232 1887 2342 1926; x_wconf 91' lang='lat' dir='ltr'><strong>non</strong></span> <span class='ocrx_word' id='word_1_360' title='bbox 2397 1871 2582 1928; x_wconf 88' lang='lat' dir='ltr'><strong>Persis</strong></span> <span class='ocrx_word' id='word_1_361' title='bbox 2633 1871 2896 1927; x_wconf 90' lang='lat' dir='ltr'><strong>omnibus</strong></span> <span class='ocrx_word' id='word_1_362' title='bbox 2936 1887 3242 1943; x_wconf 86' lang='lat' dir='ltr'><strong>eorumque</strong></span> <span class='ocrx_word' id='word_1_363' title='bbox 3292 1873 3561 1928; x_wconf 75' lang='lat' dir='ltr'><strong>uxoribus</strong></span> <span class='ocrx_word' id='word_1_364' title='bbox 3613 1884 3679 1927; x_wconf 84' lang='lat' dir='ltr'><strong>et</strong></span> 
     </span>
    </p>
   </div>
   <div class='ocr_carea' id='block_1_49' title="bbox 2083 1965 3667 2035">
    <p class='ocr_par' dir='ltr' id='par_1_49' title="bbox 2083 1965 3667 2035">
     <span class='ocr_line' id='line_1_49' title="bbox 2083 1965 3667 2035; baseline 0 -15"><span class='ocrx_word' id='word_1_365' title='bbox 2083 1965 2298 2022; x_wconf 89' lang='lat' dir='ltr'><strong>liberis.</strong></span> <span class='ocrx_word' id='word_1_366' title='bbox 2323 1965 2658 2035; x_wconf 85' lang='lat' dir='ltr'><strong>Aliquandiu</strong></span> <span class='ocrx_word' id='word_1_367' title='bbox 2709 1965 2852 2035; x_wconf 91' lang='lat' dir='ltr'><strong>apud</strong></span> <span class='ocrx_word' id='word_1_368' title='bbox 2885 1977 3152 2035; x_wconf 85' lang='lat' dir='ltr'><strong>parentes</strong></span> <span class='ocrx_word' id='word_1_369' title='bbox 3176 1976 3572 2028; x_wconf 74' lang='lat' dir='ltr'><strong>commoratus,</strong></span> <span class='ocrx_word' id='word_1_370' title='bbox 3611 1967 3667 2020; x_wconf 90' lang='lat' dir='ltr'><strong>in</strong></span> 
     </span>
    </p>
   </div>
   <div class='ocr_carea' id='block_1_50' title="bbox 2081 2057 3666 2128">
    <p class='ocr_par' dir='ltr' id='par_1_50' title="bbox 2081 2057 3666 2128">
     <span class='ocr_line' id='line_1_50' title="bbox 2081 2057 3666 2128; baseline -0.002 -15"><span class='ocrx_word' id='word_1_371' title='bbox 2081 2059 2317 2115; x_wconf 75' lang='lat' dir='ltr'><strong>Mediam</strong></span> <span class='ocrx_word' id='word_1_372' title='bbox 2348 2058 2649 2113; x_wconf 86' lang='lat' dir='ltr'><strong>revertitur</strong></span> <span class='ocrx_word' id='word_1_373' title='bbox 2679 2076 2692 2112; x_wconf 88' lang='lat'>:</span> <span class='ocrx_word' id='word_1_374' title='bbox 2742 2057 3089 2127; x_wconf 88' lang='lat' dir='ltr'><strong>probatoque</strong></span> <span class='ocrx_word' id='word_1_375' title='bbox 3123 2073 3152 2112; x_wconf 91' lang='lat' dir='ltr'><strong>a</strong></span> <span class='ocrx_word' id='word_1_376' title='bbox 3195 2066 3352 2128; x_wconf 86' lang='lat' dir='ltr'><strong>patre</strong></span> <span class='ocrx_word' id='word_1_377' title='bbox 3387 2060 3666 2128; x_wconf 85' lang='lat' dir='ltr'><strong>conjugio,</strong></span> 
     </span>
    </p>
   </div>
   <div class='ocr_carea' id='block_1_51' title="bbox 2080 2135 3666 2222">
    <p class='ocr_par' dir='ltr' id='par_1_51' title="bbox 2080 2135 3666 2222">
     <span class='ocr_line' id='line_1_51' title="bbox 2080 2135 3666 2222; baseline -0.002 -16"><span class='ocrx_word' id='word_1_378' title='bbox 2080 2135 2338 2222; x_wconf 70' lang='lat' dir='ltr'><strong>Cyaxaris</strong></span> <span class='ocrx_word' id='word_1_379' title='bbox 2388 2149 2555 2204; x_wconf 84' lang='lat' dir='ltr'><strong>filiam</strong></span> <span class='ocrx_word' id='word_1_380' title='bbox 2591 2147 2769 2203; x_wconf 87' lang='lat' dir='ltr'><strong>ducit.</strong></span> <span class='ocrx_word' id='word_1_381' title='bbox 2816 2147 3130 2204; x_wconf 80' lang='lat' dir='ltr'><strong>Celebratis</strong></span> <span class='ocrx_word' id='word_1_382' title='bbox 3185 2148 3423 2218; x_wconf 84' lang='lat' dir='ltr'><strong>nuptiis,</strong></span> <span class='ocrx_word' id='word_1_383' title='bbox 3481 2151 3666 2205; x_wconf 82' lang='lat' dir='ltr'><strong>statim</strong></span> 
     </span>
    </p>
   </div>
   <div class='ocr_carea' id='block_1_52' title="bbox 2081 2239 3666 2313">
    <p class='ocr_par' dir='ltr' id='par_1_52' title="bbox 2081 2239 3666 2313">
     <span class='ocr_line' id='line_1_52' title="bbox 2081 2239 3666 2313; baseline -0.003 -15"><span class='ocrx_word' id='word_1_384' title='bbox 2081 2257 2206 2298; x_wconf 91' lang='lat' dir='ltr'><strong>cum</strong></span> <span class='ocrx_word' id='word_1_385' title='bbox 2231 2257 2294 2298; x_wconf 90' lang='lat' dir='ltr'><strong>ea</strong></span> <span class='ocrx_word' id='word_1_386' title='bbox 2324 2241 2660 2313; x_wconf 79' lang='lat' dir='ltr'><strong>Babylonem</strong></span> <span class='ocrx_word' id='word_1_387' title='bbox 2691 2240 3090 2310; x_wconf 85' lang='lat' dir='ltr'><strong>proficiscitur.</strong></span> <span class='ocrx_word' id='word_1_388' title='bbox 3129 2239 3264 2296; x_wconf 88' lang='lat' dir='ltr'><strong>lude</strong></span> <span class='ocrx_word' id='word_1_389' title='bbox 3310 2249 3562 2311; x_wconf 86' lang='lat' dir='ltr'><strong>satrapas</strong></span> <span class='ocrx_word' id='word_1_390' title='bbox 3596 2241 3666 2294; x_wconf 82' lang='lat' dir='ltr'><strong>ad</strong></span> 
     </span>
    </p>
   </div>
   <div class='ocr_carea' id='block_1_53' title="bbox 2079 2332 3670 2406">
    <p class='ocr_par' dir='ltr' id='par_1_53' title="bbox 2079 2332 3670 2406">
     <span class='ocr_line' id='line_1_53' title="bbox 2079 2332 3670 2406; baseline -0.001 -17"><span class='ocrx_word' id='word_1_391' title='bbox 2079 2343 2271 2406; x_wconf 85' lang='lat' dir='ltr'><strong>gentes</strong></span> <span class='ocrx_word' id='word_1_392' title='bbox 2311 2333 2569 2389; x_wconf 89' lang='lat' dir='ltr'><strong>subactas</strong></span> <span class='ocrx_word' id='word_1_393' title='bbox 2601 2333 2794 2398; x_wconf 89' lang='lat' dir='ltr'><strong>mittit,</strong></span> <span class='ocrx_word' id='word_1_394' title='bbox 2841 2341 2904 2388; x_wconf 92' lang='lat' dir='ltr'><strong>ut</strong></span> <span class='ocrx_word' id='word_1_395' title='bbox 2951 2333 3006 2387; x_wconf 93' lang='lat' dir='ltr'><strong>in</strong></span> <span class='ocrx_word' id='word_1_396' title='bbox 3057 2332 3341 2397; x_wconf 87' lang='lat' dir='ltr'><strong>Arabiam,</strong></span> <span class='ocrx_word' id='word_1_397' title='bbox 3383 2332 3670 2403; x_wconf 86' lang='lat' dir='ltr'><strong>Cappado-</strong></span> 
     </span>
    </p>
   </div>
   <div class='ocr_carea' id='block_1_54' title="bbox 2079 2423 3669 2496">
    <p class='ocr_par' dir='ltr' id='par_1_54' title="bbox 2079 2423 3669 2496">
     <span class='ocr_line' id='line_1_54' title="bbox 2079 2423 3669 2496; baseline 0.001 -16"><span class='ocrx_word' id='word_1_398' title='bbox 2079 2427 2243 2486; x_wconf 90' lang='lat' dir='ltr'><strong>ciam,</strong></span> <span class='ocrx_word' id='word_1_399' title='bbox 2287 2425 2576 2496; x_wconf 83' lang='lat' dir='ltr'><strong>Phrygiam</strong></span> <span class='ocrx_word' id='word_1_400' title='bbox 2632 2426 2921 2495; x_wconf 84' lang='lat' dir='ltr'><strong>majorem,</strong></span> <span class='ocrx_word' id='word_1_401' title='bbox 2977 2424 3223 2496; x_wconf 89' lang='lat' dir='ltr'><strong>Lyciam,</strong></span> <span class='ocrx_word' id='word_1_402' title='bbox 3280 2425 3513 2488; x_wconf 82' lang='lat' dir='ltr'><strong>Ioniam,</strong></span> <span class='ocrx_word' id='word_1_403' title='bbox 3564 2423 3669 2481; x_wconf 87' lang='lat' dir='ltr'><strong>Ca-</strong></span> 
     </span>
    </p>
   </div>
   <div class='ocr_carea' id='block_1_55' title="bbox 2079 2515 3665 2589">
    <p class='ocr_par' dir='ltr' id='par_1_55' title="bbox 2079 2515 3665 2589">
     <span class='ocr_line' id='line_1_55' title="bbox 2079 2515 3665 2589; baseline -0.001 -17"><span class='ocrx_word' id='word_1_404' title='bbox 2079 2518 2237 2584; x_wconf 86' lang='lat' dir='ltr'><strong>riam,</strong></span> <span class='ocrx_word' id='word_1_405' title='bbox 2274 2518 2569 2589; x_wconf 82' lang='lat' dir='ltr'><strong>Phrygiam</strong></span> <span class='ocrx_word' id='word_1_406' title='bbox 2621 2517 3119 2586; x_wconf 82' lang='lat' dir='ltr'><strong>IlelleSpontiacam</strong></span> <span class='ocrx_word' id='word_1_407' title='bbox 3177 2527 3235 2572; x_wconf 89' lang='lat' dir='ltr'><strong>et</strong></span> <span class='ocrx_word' id='word_1_408' title='bbox 3275 2515 3534 2572; x_wconf 63' lang='lat' dir='ltr'><strong>Eoliam.</strong></span> <span class='ocrx_word' id='word_1_409' title='bbox 3582 2515 3665 2570; x_wconf 87' lang='lat' dir='ltr'><strong>Ad</strong></span> 
     </span>
    </p>
   </div>
   <div class='ocr_carea' id='block_1_56' title="bbox 2077 2607 3664 2680">
    <p class='ocr_par' dir='ltr' id='par_1_56' title="bbox 2077 2607 3664 2680">
     <span class='ocr_line' id='line_1_56' title="bbox 2077 2607 3664 2680; baseline -0.001 -18"><span class='ocrx_word' id='word_1_410' title='bbox 2077 2609 2276 2664; x_wconf 87' lang='lat' dir='ltr'><strong>Cilices</strong></span> <span class='ocrx_word' id='word_1_411' title='bbox 2298 2624 2449 2672; x_wconf 81' lang='lat' dir='ltr'><strong>vero,</strong></span> <span class='ocrx_word' id='word_1_412' title='bbox 2484 2609 2716 2680; x_wconf 84' lang='lat' dir='ltr'><strong>Cyprios</strong></span> <span class='ocrx_word' id='word_1_413' title='bbox 2761 2617 2817 2662; x_wconf 91' lang='lat' dir='ltr'><strong>et</strong></span> <span class='ocrx_word' id='word_1_414' title='bbox 2851 2607 3235 2677; x_wconf 81' lang='lat' dir='ltr'><strong>Paphlagones</strong></span> <span class='ocrx_word' id='word_1_415' title='bbox 3263 2614 3510 2676; x_wconf 86' lang='lat' dir='ltr'><strong>satrapas</strong></span> <span class='ocrx_word' id='word_1_416' title='bbox 3553 2621 3664 2660; x_wconf 92' lang='lat' dir='ltr'><strong>non</strong></span> 
     </span>
    </p>
   </div>
   <div class='ocr_carea' id='block_1_57' title="bbox 2078 2697 3668 2769">
    <p class='ocr_par' dir='ltr' id='par_1_57' title="bbox 2078 2697 3668 2769">
     <span class='ocr_line' id='line_1_57' title="bbox 2078 2697 3668 2769; baseline -0.001 -16"><span class='ocrx_word' id='word_1_417' title='bbox 2078 2701 2245 2760; x_wconf 86' lang='lat' dir='ltr'><strong>misit,</strong></span> <span class='ocrx_word' id='word_1_418' title='bbox 2283 2715 2350 2755; x_wconf 91' lang='lat' dir='ltr'><strong>eo</strong></span> <span class='ocrx_word' id='word_1_419' title='bbox 2378 2699 2524 2769; x_wconf 91' lang='lat' dir='ltr'><strong>quod</strong></span> <span class='ocrx_word' id='word_1_420' title='bbox 2560 2700 2706 2754; x_wconf 88' lang='lat' dir='ltr'><strong>ultro</strong></span> <span class='ocrx_word' id='word_1_421' title='bbox 2755 2713 2814 2753; x_wconf 91' lang='lat' dir='ltr'><strong>se</strong></span> <span class='ocrx_word' id='word_1_422' title='bbox 2851 2698 2920 2752; x_wconf 87' lang='lat' dir='ltr'><strong>ad</strong></span> <span class='ocrx_word' id='word_1_423' title='bbox 2966 2697 3119 2752; x_wconf 92' lang='lat' dir='ltr'><strong>illum</strong></span> <span class='ocrx_word' id='word_1_424' title='bbox 3165 2697 3470 2753; x_wconf 85' lang='lat' dir='ltr'><strong>contulisse</strong></span> <span class='ocrx_word' id='word_1_425' title='bbox 3512 2697 3668 2752; x_wconf 83' lang='lat' dir='ltr'><strong>vide-</strong></span> 
     </span>
    </p>
   </div>
   <div class='ocr_carea' id='block_1_58' title="bbox 2079 2786 3668 2856">
    <p class='ocr_par' dir='ltr' id='par_1_58' title="bbox 2079 2786 3668 2856">
     <span class='ocr_line' id='line_1_58' title="bbox 2079 2786 3668 2856; baseline -0.004 -10"><span class='ocrx_word' id='word_1_426' title='bbox 2079 2793 2282 2846; x_wconf 75' lang='lat' dir='ltr'><strong>bantur</strong></span> <span class='ocrx_word' id='word_1_427' title='bbox 2309 2807 2333 2854; x_wconf 74' lang='grc' dir='ltr'><strong>ς,</strong></span> <span class='ocrx_word' id='word_1_428' title='bbox 2356 2789 2722 2844; x_wconf 88' lang='lat' dir='ltr'><strong>nihilominus</strong></span> <span class='ocrx_word' id='word_1_429' title='bbox 2753 2797 2936 2842; x_wconf 87' lang='lat' dir='ltr'><strong>tamen</strong></span> <span class='ocrx_word' id='word_1_430' title='bbox 2963 2794 3020 2839; x_wconf 87' lang='lat' dir='ltr'><strong>et</strong></span> <span class='ocrx_word' id='word_1_431' title='bbox 3060 2786 3118 2841; x_wconf 90' lang='lat' dir='ltr'><strong>hi</strong></span> <span class='ocrx_word' id='word_1_432' title='bbox 3168 2786 3378 2842; x_wconf 87' lang='lat' dir='ltr'><strong>tributa</strong></span> <span class='ocrx_word' id='word_1_433' title='bbox 3421 2786 3668 2856; x_wconf 89' lang='lat' dir='ltr'><strong>pensita-</strong></span> 
     </span>
    </p>
   </div>
   <div class='ocr_carea' id='block_1_59' title="bbox 2078 2879 3665 2953">
    <p class='ocr_par' dir='ltr' id='par_1_59' title="bbox 2078 2879 3665 2953">
     <span class='ocr_line' id='line_1_59' title="bbox 2078 2879 3665 2953; baseline -0.002 -16"><span class='ocrx_word' id='word_1_434' title='bbox 2078 2883 2232 2937; x_wconf 88' lang='lat' dir='ltr'><strong>baut.</strong></span> <span class='ocrx_word' id='word_1_435' title='bbox 2273 2882 2344 2939; x_wconf 90' lang='lat' dir='ltr'><strong>Ut</strong></span> <span class='ocrx_word' id='word_1_436' title='bbox 2373 2882 2536 2953; x_wconf 80' lang='lat'><strong>168</strong></span> <span class='ocrx_word' id='word_1_437' title='bbox 2559 2889 2744 2936; x_wconf 84' lang='lat' dir='ltr'><strong>autem</strong></span> <span class='ocrx_word' id='word_1_438' title='bbox 2779 2881 2834 2934; x_wconf 91' lang='lat' dir='ltr'><strong>in</strong></span> <span class='ocrx_word' id='word_1_439' title='bbox 2865 2888 3016 2935; x_wconf 90' lang='lat' dir='ltr'><strong>tanta</strong></span> <span class='ocrx_word' id='word_1_440' title='bbox 3047 2879 3267 2950; x_wconf 88' lang='lat' dir='ltr'><strong>imperii</strong></span> <span class='ocrx_word' id='word_1_441' title='bbox 3298 2879 3665 2948; x_wconf 85' lang='lat' dir='ltr'><strong>amplitudine</strong></span> 
     </span>
    </p>
   </div>
   <div class='ocr_carea' id='block_1_60' title="bbox 2077 2971 3666 3044">
    <p class='ocr_par' dir='ltr' id='par_1_60' title="bbox 2077 2971 3666 3044">
     <span class='ocr_line' id='line_1_60' title="bbox 2077 2971 3666 3044; baseline -0.003 -13"><span class='ocrx_word' id='word_1_442' title='bbox 2077 2974 2257 3031; x_wconf 85' lang='lat' dir='ltr'><strong>nuntii</strong></span> <span class='ocrx_word' id='word_1_443' title='bbox 2289 2975 2548 3030; x_wconf 86' lang='lat' dir='ltr'><strong>celeriter</strong></span> <span class='ocrx_word' id='word_1_444' title='bbox 2592 2973 2662 3028; x_wconf 91' lang='lat' dir='ltr'><strong>ad</strong></span> <span class='ocrx_word' id='word_1_445' title='bbox 2713 2989 2773 3029; x_wconf 91' lang='lat' dir='ltr'><strong>se</strong></span> <span class='ocrx_word' id='word_1_446' title='bbox 2818 2972 3221 3044; x_wconf 84' lang='lat' dir='ltr'><strong>perferrentur,</strong></span> <span class='ocrx_word' id='word_1_447' title='bbox 3268 2971 3666 3038; x_wconf 88' lang='lat' dir='ltr'><strong>consideravit,</strong></span> 
     </span>
    </p>
   </div>
   <div class='ocr_carea' id='block_1_61' title="bbox 2076 3064 3665 3137">
    <p class='ocr_par' dir='ltr' id='par_1_61' title="bbox 2076 3064 3665 3137">
     <span class='ocr_line' id='line_1_61' title="bbox 2076 3064 3665 3137; baseline 0.001 -19"><span class='ocrx_word' id='word_1_448' title='bbox 2076 3074 2343 3137; x_wconf 88' lang='lat' dir='ltr'><strong>quantum</strong></span> <span class='ocrx_word' id='word_1_449' title='bbox 2405 3065 2628 3121; x_wconf 87' lang='lat' dir='ltr'><strong>itineris</strong></span> <span class='ocrx_word' id='word_1_450' title='bbox 2673 3080 2854 3136; x_wconf 90' lang='lat' dir='ltr'><strong>equus</strong></span> <span class='ocrx_word' id='word_1_451' title='bbox 2902 3080 3019 3120; x_wconf 88' lang='lat' dir='ltr'><strong>uno</strong></span> <span class='ocrx_word' id='word_1_452' title='bbox 3049 3064 3140 3120; x_wconf 81' lang='lat' dir='ltr'><strong>die</strong></span> <span class='ocrx_word' id='word_1_453' title='bbox 3179 3079 3347 3120; x_wconf 89' lang='lat' dir='ltr'><strong>cursu</strong></span> <span class='ocrx_word' id='word_1_454' title='bbox 3389 3064 3665 3120; x_wconf 85' lang='lat' dir='ltr'><strong>conficere</strong></span> 
     </span>
    </p>
   </div>
   <div class='ocr_carea' id='block_1_62' title="bbox 391 3156 1979 3247">
    <p class='ocr_par' dir='ltr' id='par_1_62' title="bbox 391 3163 1971 3244">
     <span class='ocr_line' id='line_1_62' title="bbox 391 3163 1971 3244; baseline 0.008 -30"><span class='ocrx_word' id='word_1_455' title='bbox 391 3163 701 3232; x_wconf 83' lang='grc' dir='ltr'>σατράπας,</span> <span class='ocrx_word' id='word_1_456' title='bbox 723 3165 806 3218; x_wconf 84' lang='grc' dir='ltr'>ὅτι</span> <span class='ocrx_word' id='word_1_457' title='bbox 833 3165 1053 3232; x_wconf 84' lang='grc' dir='ltr'>ἐκόντες</span> <span class='ocrx_word' id='word_1_458' title='bbox 1073 3169 1295 3224; x_wconf 87' lang='grc' dir='ltr'>ἐδόκουν</span> <span class='ocrx_word' id='word_1_459' title='bbox 1318 3171 1469 3243; x_wconf 80' lang='grc' dir='ltr'>αὐτῷ</span> <span class='ocrx_word' id='word_1_460' title='bbox 1487 3174 1971 3244; x_wconf 85' lang='grc' dir='ltr'>συστρατεύεσθαι.</span> 
     </span>
    </p>
   </div>
   <div class='ocr_carea' id='block_1_63' title="bbox 2081 3156 3665 3247">
    <p class='ocr_par' dir='ltr' id='par_1_63' title="bbox 2081 3156 3665 3228">
     <span class='ocr_line' id='line_1_63' title="bbox 2081 3156 3665 3228; baseline -0.002 -16"><span class='ocrx_word' id='word_1_461' title='bbox 2081 3169 2309 3228; x_wconf 86' lang='lat' dir='ltr'><strong>posset:</strong></span> <span class='ocrx_word' id='word_1_462' title='bbox 2361 3173 2424 3214; x_wconf 91' lang='lat' dir='ltr'><strong>ac</strong></span> <span class='ocrx_word' id='word_1_463' title='bbox 2465 3165 2619 3213; x_wconf 87' lang='lat' dir='ltr'><strong>tanto</strong></span> <span class='ocrx_word' id='word_1_464' title='bbox 2674 3157 2972 3213; x_wconf 87' lang='lat' dir='ltr'><strong>intervallo</strong></span> <span class='ocrx_word' id='word_1_465' title='bbox 3036 3156 3298 3212; x_wconf 89' lang='lat' dir='ltr'><strong>distincta</strong></span> <span class='ocrx_word' id='word_1_466' title='bbox 3351 3157 3665 3212; x_wconf 83' lang='lat' dir='ltr'><strong>diversoria</strong></span> 
     </span>
    </p>
   </div>
   <div class='ocr_carea' id='block_1_64' title="bbox 388 3255 1977 3338">
    <p class='ocr_par' dir='ltr' id='par_1_64' title="bbox 388 3255 1977 3338">
     <span class='ocr_line' id='line_1_64' title="bbox 388 3255 1977 3338; baseline 0.011 -32"><span class='ocrx_word' id='word_1_467' title='bbox 388 3255 644 3324; x_wconf 73' lang='grc' dir='ltr'>Δασμοὺς</span> <span class='ocrx_word' id='word_1_468' title='bbox 671 3257 856 3327; x_wconf 88' lang='grc' dir='ltr'>μέντοι</span> <span class='ocrx_word' id='word_1_469' title='bbox 894 3261 988 3314; x_wconf 78' lang='grc' dir='ltr'>καὶ</span> <span class='ocrx_word' id='word_1_470' title='bbox 1038 3255 1188 3316; x_wconf 75' lang='grc' dir='ltr'>οὗτοι</span> <span class='ocrx_word' id='word_1_471' title='bbox 1220 3264 1521 3335; x_wconf 77' lang='grc' dir='ltr'>ἀπέφερον.</span> <span class='ocrx_word' id='word_1_472' title='bbox 1557 3267 1672 3321; x_wconf 87' lang='grc' dir='ltr'>Ἵνα</span> <span class='ocrx_word' id='word_1_473' title='bbox 1699 3267 1778 3333; x_wconf 83' lang='grc' dir='ltr'>δὲ,</span> <span class='ocrx_word' id='word_1_474' title='bbox 1807 3271 1977 3338; x_wconf 82' lang='grc' dir='ltr'>μεγά-</span> 
     </span>
    </p>
   </div>
   <div class='ocr_carea' id='block_1_65' title="bbox 388 3346 1974 3432">
    <p class='ocr_par' dir='ltr' id='par_1_65' title="bbox 388 3346 1974 3432">
     <span class='ocr_line' id='line_1_65' title="bbox 388 3346 1974 3432; baseline 0.009 -32"><span class='ocrx_word' id='word_1_475' title='bbox 388 3346 491 3416; x_wconf 83' lang='grc' dir='ltr'><strong>λης</strong></span> <span class='ocrx_word' id='word_1_476' title='bbox 524 3349 677 3419; x_wconf 80' lang='grc' dir='ltr'>αύτῷ</span> <span class='ocrx_word' id='word_1_477' title='bbox 701 3349 804 3421; x_wconf 84' lang='grc' dir='ltr'>τῆς</span> <span class='ocrx_word' id='word_1_478' title='bbox 842 3353 1020 3424; x_wconf 83' lang='grc' dir='ltr'>ἀρχῆς</span> <span class='ocrx_word' id='word_1_479' title='bbox 1067 3353 1257 3422; x_wconf 73' lang='grc' dir='ltr'>οὔσης,</span> <span class='ocrx_word' id='word_1_480' title='bbox 1304 3357 1517 3427; x_wconf 85' lang='grc' dir='ltr'>ταχέως</span> <span class='ocrx_word' id='word_1_481' title='bbox 1565 3358 1662 3412; x_wconf 77' lang='grc' dir='ltr'>καὶ</span> <span class='ocrx_word' id='word_1_482' title='bbox 1687 3359 1974 3432; x_wconf 75' lang='grc' dir='ltr'>πόρρωθεν</span> 
     </span>
    </p>
   </div>
   <div class='ocr_carea' id='block_1_66' title="bbox 387 3433 1978 3519">
    <p class='ocr_par' dir='ltr' id='par_1_66' title="bbox 387 3433 1978 3519">
     <span class='ocr_line' id='line_1_66' title="bbox 387 3433 1978 3519; baseline 0.009 -29"><span class='ocrx_word' id='word_1_483' title='bbox 387 3433 447 3491; x_wconf 75' lang='grc' dir='ltr'>οἷ</span> <span class='ocrx_word' id='word_1_484' title='bbox 471 3439 786 3508; x_wconf 75' lang='grc' dir='ltr'>κομίζοιντο</span> <span class='ocrx_word' id='word_1_485' title='bbox 804 3443 1083 3511; x_wconf 82' lang='grc' dir='ltr'>ἀγγελίαι,</span> <span class='ocrx_word' id='word_1_486' title='bbox 1119 3444 1392 3514; x_wconf 77' lang='grc' dir='ltr'>ἐσκέψατο</span> <span class='ocrx_word' id='word_1_487' title='bbox 1439 3448 1615 3519; x_wconf 87' lang='grc' dir='ltr'>πόσην</span> <span class='ocrx_word' id='word_1_488' title='bbox 1641 3449 1708 3503; x_wconf 87' lang='grc' dir='ltr'>ἂν</span> <span class='ocrx_word' id='word_1_489' title='bbox 1739 3451 1859 3504; x_wconf 75' lang='grc' dir='ltr'>ὁδὸν</span> <span class='ocrx_word' id='word_1_490' title='bbox 1885 3453 1978 3505; x_wconf 85' lang='grc' dir='ltr'>ἴπ-</span> 
     </span>
    </p>
   </div>
   <div class='ocr_carea' id='block_1_67' title="bbox 390 3530 1974 3610">
    <p class='ocr_par' dir='ltr' id='par_1_67' title="bbox 390 3530 1974 3610">
     <span class='ocr_line' id='line_1_67' title="bbox 390 3530 1974 3610; baseline 0.006 -28"><span class='ocrx_word' id='word_1_491' title='bbox 390 3546 494 3593; x_wconf 88' lang='grc' dir='ltr'><strong>πος</strong></span> <span class='ocrx_word' id='word_1_492' title='bbox 521 3530 881 3602; x_wconf 71' lang='grc' dir='ltr'>ἐλαυνόμενος</span> <span class='ocrx_word' id='word_1_493' title='bbox 912 3535 1074 3606; x_wconf 82' lang='grc' dir='ltr'>ἀνύῃ,</span> <span class='ocrx_word' id='word_1_494' title='bbox 1102 3536 1199 3589; x_wconf 85' lang='grc' dir='ltr'>καὶ</span> <span class='ocrx_word' id='word_1_495' title='bbox 1247 3536 1499 3601; x_wconf 77' lang='grc' dir='ltr'>ἱππῶνας</span> <span class='ocrx_word' id='word_1_496' title='bbox 1522 3539 1779 3592; x_wconf 84' lang='grc' dir='ltr'>τοσοῦτον</span> <span class='ocrx_word' id='word_1_497' title='bbox 1803 3539 1974 3610; x_wconf 77' lang='grc' dir='ltr'>ἀλλήο</span> 
     </span>
    </p>
   </div>
   <div class='ocr_carea' id='block_1_68' title="bbox 362 3615 1976 3706">
    <p class='ocr_par' dir='ltr' id='par_1_68' title="bbox 362 3615 1976 3706">
     <span class='ocr_line' id='line_1_68' title="bbox 362 3615 1976 3706; baseline 0.01 -38"><span class='ocrx_word' id='word_1_498' title='bbox 362 3615 499 3669; x_wconf 73' lang='grc' dir='ltr'>’λων</span> <span class='ocrx_word' id='word_1_499' title='bbox 522 3619 804 3689; x_wconf 82' lang='grc' dir='ltr'>διέχοντας</span> <span class='ocrx_word' id='word_1_500' title='bbox 828 3622 1146 3694; x_wconf 84' lang='grc' dir='ltr'>ἐποιήσατο,</span> <span class='ocrx_word' id='word_1_501' title='bbox 1187 3626 1284 3680; x_wconf 79' lang='grc' dir='ltr'>καὶ</span> <span class='ocrx_word' id='word_1_502' title='bbox 1323 3626 1526 3690; x_wconf 78' lang='grc' dir='ltr'>ἵππους</span> <span class='ocrx_word' id='word_1_503' title='bbox 1555 3630 1892 3706; x_wconf 60' lang='grc' dir='ltr'>κατέστησεν</span> <span class='ocrx_word' id='word_1_504' title='bbox 1918 3637 1976 3684; x_wconf 87' lang='grc' dir='ltr'><strong>ἐν</strong></span> 
     </span>
    </p>
   </div>
   <div class='ocr_carea' id='block_1_69' title="bbox 389 3710 1977 3796">
    <p class='ocr_par' dir='ltr' id='par_1_69' title="bbox 389 3710 1977 3796">
     <span class='ocr_line' id='line_1_69' title="bbox 389 3710 1977 3796; baseline 0.013 -36"><span class='ocrx_word' id='word_1_505' title='bbox 389 3710 596 3774; x_wconf 83' lang='grc' dir='ltr'>αὐτοῖς,</span> <span class='ocrx_word' id='word_1_506' title='bbox 653 3714 906 3778; x_wconf 76' lang='grc' dir='ltr'>καὶτοὺς</span> <span class='ocrx_word' id='word_1_507' title='bbox 934 3715 1117 3770; x_wconf 84' lang='grc' dir='ltr'>αὐτῶν</span> <span class='ocrx_word' id='word_1_508' title='bbox 1169 3719 1627 3790; x_wconf 73' lang='grc' dir='ltr'>ἐπιμελομένους,</span> <span class='ocrx_word' id='word_1_509' title='bbox 1663 3723 1757 3777; x_wconf 74' lang='grc' dir='ltr'>καὶ</span> <span class='ocrx_word' id='word_1_510' title='bbox 1805 3724 1977 3796; x_wconf 80' lang='grc' dir='ltr'>ἄνδρα</span> 
     </span>
    </p>
   </div>
   <div class='ocr_carea' id='block_1_70' title="bbox 389 3800 1978 3886">
    <p class='ocr_par' dir='ltr' id='par_1_70' title="bbox 389 3800 1978 3886">
     <span class='ocr_line' id='line_1_70' title="bbox 389 3800 1978 3886; baseline 0.011 -32"><span class='ocrx_word' id='word_1_511' title='bbox 389 3800 480 3870; x_wconf 73' lang='grc' dir='ltr'><strong>ἐφ’</strong></span> <span class='ocrx_word' id='word_1_512' title='bbox 524 3803 744 3876; x_wconf 77' lang='grc' dir='ltr'>ἑκάστῳ</span> <span class='ocrx_word' id='word_1_513' title='bbox 773 3805 931 3869; x_wconf 73' lang='grc' dir='ltr'>ἔταξε</span> <span class='ocrx_word' id='word_1_514' title='bbox 991 3808 1083 3862; x_wconf 86' lang='grc' dir='ltr'>τὸν</span> <span class='ocrx_word' id='word_1_515' title='bbox 1115 3811 1424 3880; x_wconf 79' lang='grc' dir='ltr'>ἐπιτήδειον</span> <span class='ocrx_word' id='word_1_516' title='bbox 1471 3815 1877 3886; x_wconf 78' lang='grc' dir='ltr'>παραδέχεσθαι</span> <span class='ocrx_word' id='word_1_517' title='bbox 1908 3819 1978 3872; x_wconf 77' lang='grc' dir='ltr'><strong>τά</strong></span> 
     </span>
    </p>
   </div>
   <div class='ocr_carea' id='block_1_71' title="bbox 391 3886 1975 3979">
    <p class='ocr_par' dir='ltr' id='par_1_71' title="bbox 391 3886 1975 3979">
     <span class='ocr_line' id='line_1_71' title="bbox 391 3886 1975 3979; baseline 0.011 -34"><span class='ocrx_word' id='word_1_518' title='bbox 391 3895 676 3964; x_wconf 78' lang='grc' dir='ltr'>φερόμενα</span> <span class='ocrx_word' id='word_1_519' title='bbox 723 3897 1052 3968; x_wconf 84' lang='grc' dir='ltr'>γράμματα,</span> <span class='ocrx_word' id='word_1_520' title='bbox 1091 3900 1184 3954; x_wconf 73' lang='grc' dir='ltr'>καὶ</span> <span class='ocrx_word' id='word_1_521' title='bbox 1232 3904 1608 3973; x_wconf 79' lang='grc' dir='ltr'>παραδιδόναι,</span> <span class='ocrx_word' id='word_1_522' title='bbox 1659 3886 1762 3961; x_wconf 78' lang='grc' dir='ltr'><strong>¹καὶ</strong></span> <span class='ocrx_word' id='word_1_523' title='bbox 1794 3925 1975 3979; x_wconf 85' lang='grc' dir='ltr'>παρα-</span> 
     </span>
    </p>
   </div>
   <div class='ocr_carea' id='block_1_72' title="bbox 390 3982 1978 4064">
    <p class='ocr_par' dir='ltr' id='par_1_72' title="bbox 390 3982 1978 4064">
     <span class='ocr_line' id='line_1_72' title="bbox 390 3982 1978 4064; baseline 0.01 -26"><span class='ocrx_word' id='word_1_524' title='bbox 390 3982 697 4054; x_wconf 73' lang='grc' dir='ltr'>λαμϐάνειν</span> <span class='ocrx_word' id='word_1_525' title='bbox 748 3990 876 4053; x_wconf 83' lang='grc' dir='ltr'>τοὺς</span> <span class='ocrx_word' id='word_1_526' title='bbox 924 3992 1300 4063; x_wconf 86' lang='grc' dir='ltr'>ἀπειρηκότας</span> <span class='ocrx_word' id='word_1_527' title='bbox 1349 3995 1568 4061; x_wconf 81' lang='grc' dir='ltr'>ἵππους,</span> <span class='ocrx_word' id='word_1_528' title='bbox 1627 3999 1726 4052; x_wconf 80' lang='grc' dir='ltr'>καὶ</span> <span class='ocrx_word' id='word_1_529' title='bbox 1783 3999 1978 4064; x_wconf 80' lang='grc' dir='ltr'>ἄλλους</span> 
     </span>
    </p>
   </div>
   <div class='ocr_carea' id='block_1_73' title="bbox 393 4077 1975 4159">
    <p class='ocr_par' dir='ltr' id='par_1_73' title="bbox 393 4077 1975 4159">
     <span class='ocr_line' id='line_1_73' title="bbox 393 4077 1975 4159; baseline 0.011 -30"><span class='ocrx_word' id='word_1_530' title='bbox 393 4077 640 4147; x_wconf 84' lang='grc' dir='ltr'>πέμπειν</span> <span class='ocrx_word' id='word_1_531' title='bbox 686 4080 918 4144; x_wconf 85' lang='grc' dir='ltr'>νεαλεῖς.</span> <span class='ocrx_word' id='word_1_532' title='bbox 990 4084 1129 4155; x_wconf 87' lang='grc' dir='ltr'>Ἤδη</span> <span class='ocrx_word' id='word_1_533' title='bbox 1188 4085 1245 4138; x_wconf 85' lang='grc' dir='ltr'>δὲ</span> <span class='ocrx_word' id='word_1_534' title='bbox 1277 4087 1640 4158; x_wconf 81' lang='grc' dir='ltr'>παρελθόντος</span> <span class='ocrx_word' id='word_1_535' title='bbox 1703 4092 1975 4159; x_wconf 84' lang='grc' dir='ltr'>ἐνιαυτοῦ,</span> 
     </span>
    </p>
   </div>
   <div class='ocr_carea' id='block_1_74' title="bbox 396 4170 1977 4254">
    <p class='ocr_par' dir='ltr' id='par_1_74' title="bbox 396 4170 1977 4254">
     <span class='ocr_line' id='line_1_74' title="bbox 396 4170 1977 4254; baseline 0.011 -33"><span class='ocrx_word' id='word_1_536' title='bbox 396 4170 688 4239; x_wconf 82' lang='grc' dir='ltr'>στρατείαν</span> <span class='ocrx_word' id='word_1_537' title='bbox 715 4174 1031 4245; x_wconf 71' lang='grc' dir='ltr'>ἐποιήσατο,</span> <span class='ocrx_word' id='word_1_538' title='bbox 1076 4181 1133 4231; x_wconf 90' lang='grc' dir='ltr'><strong>ἐν</strong></span> <span class='ocrx_word' id='word_1_539' title='bbox 1240 4179 1456 4248; x_wconf 87' lang='grc' dir='ltr'>λέγεται</span> <span class='ocrx_word' id='word_1_540' title='bbox 1489 4185 1977 4253; x_wconf 83' lang='grc' dir='ltr'>καταστρέψασθαι</span> 
     </span>
    </p>
   </div>
   <div class='ocr_carea' id='block_1_75' title="bbox 395 4258 1978 4345">
    <p class='ocr_par' dir='ltr' id='par_1_75' title="bbox 395 4258 1978 4345">
     <span class='ocr_line' id='line_1_75' title="bbox 395 4258 1978 4345; baseline 0.011 -35"><span class='ocrx_word' id='word_1_541' title='bbox 395 4258 577 4313; x_wconf 86' lang='grc' dir='ltr'>πάντα</span> <span class='ocrx_word' id='word_1_542' title='bbox 606 4263 674 4316; x_wconf 83' lang='grc' dir='ltr'><strong>τά</strong></span> <span class='ocrx_word' id='word_1_543' title='bbox 716 4263 870 4334; x_wconf 79' lang='grc' dir='ltr'>έθνη,</span> <span class='ocrx_word' id='word_1_544' title='bbox 900 4267 1000 4320; x_wconf 82' lang='grc' dir='ltr'>ὅσα</span> <span class='ocrx_word' id='word_1_545' title='bbox 1060 4269 1261 4340; x_wconf 88' lang='grc' dir='ltr'>Συρίαν</span> <span class='ocrx_word' id='word_1_546' title='bbox 1295 4270 1541 4324; x_wconf 77' lang='grc' dir='ltr'>εἰσϐάντι</span> <span class='ocrx_word' id='word_1_547' title='bbox 1590 4273 1749 4340; x_wconf 88' lang='grc' dir='ltr'>οἰκεῖ,</span> <span class='ocrx_word' id='word_1_548' title='bbox 1785 4276 1978 4345; x_wconf 83' lang='grc' dir='ltr'>μέχρις</span> 
     </span>
    </p>
   </div>
   <div class='ocr_carea' id='block_1_76' title="bbox 405 4348 1977 4432">
    <p class='ocr_par' dir='ltr' id='par_1_76' title="bbox 405 4348 1977 4432">
     <span class='ocr_line' id='line_1_76' title="bbox 405 4348 1977 4432; baseline 0.01 -30"><span class='ocrx_word' id='word_1_549' title='bbox 405 4348 679 4422; x_wconf 82' lang='grc' dir='ltr'>Ἐρυθρᾶς</span> <span class='ocrx_word' id='word_1_550' title='bbox 707 4352 1006 4426; x_wconf 85' lang='grc' dir='ltr'>θαλάσσης.</span> <span class='ocrx_word' id='word_1_551' title='bbox 1061 4359 1216 4413; x_wconf 80' lang='grc' dir='ltr'>Μετὰ</span> <span class='ocrx_word' id='word_1_552' title='bbox 1238 4360 1294 4413; x_wconf 87' lang='grc' dir='ltr'><strong>δέ</strong></span> <span class='ocrx_word' id='word_1_553' title='bbox 1320 4361 1492 4415; x_wconf 80' lang='grc' dir='ltr'>ταῦτα</span> <span class='ocrx_word' id='word_1_554' title='bbox 1549 4365 1838 4432; x_wconf 73' lang='grc' dir='ltr'>στρατεύει</span> <span class='ocrx_word' id='word_1_555' title='bbox 1889 4366 1977 4417; x_wconf 85' lang='grc' dir='ltr'><strong>ἐπ’</strong></span> 
     </span>
    </p>
   </div>
   <div class='ocr_carea' id='block_1_77' title="bbox 389 4441 1979 4525">
    <p class='ocr_par' dir='ltr' id='par_1_77' title="bbox 389 4441 1979 4525">
     <span class='ocr_line' id='line_1_77' title="bbox 389 4441 1979 4525; baseline 0.009 -30"><span class='ocrx_word' id='word_1_556' title='bbox 389 4441 690 4511; x_wconf 68' lang='grc' dir='ltr'>Δίγυπτον,</span> <span class='ocrx_word' id='word_1_557' title='bbox 722 4446 817 4498; x_wconf 74' lang='grc' dir='ltr'>καὶ</span> <span class='ocrx_word' id='word_1_558' title='bbox 854 4449 1297 4521; x_wconf 84' lang='grc' dir='ltr'>καταστρέφεται</span> <span class='ocrx_word' id='word_1_559' title='bbox 1325 4453 1420 4504; x_wconf 78' lang='grc' dir='ltr'><strong>καὶ</strong></span> <span class='ocrx_word' id='word_1_560' title='bbox 1453 4455 1647 4525; x_wconf 81' lang='grc' dir='ltr'>αὐτὴν,</span> <span class='ocrx_word' id='word_1_561' title='bbox 1683 4455 1760 4519; x_wconf 85' lang='grc' dir='ltr'>ὼς</span> <span class='ocrx_word' id='word_1_562' title='bbox 1791 4456 1979 4509; x_wconf 81' lang='grc' dir='ltr'>ἐντεῦο</span> 
     </span>
    </p>
   </div>
   <div class='ocr_carea' id='block_1_78' title="bbox 2080 3248 3666 3320">
    <p class='ocr_par' dir='ltr' id='par_1_78' title="bbox 2080 3248 3666 3320">
     <span class='ocr_line' id='line_1_78' title="bbox 2080 3248 3666 3320; baseline -0.001 -16"><span class='ocrx_word' id='word_1_563' title='bbox 2080 3250 2301 3314; x_wconf 81' lang='lat' dir='ltr'><strong>struxit,</strong></span> <span class='ocrx_word' id='word_1_564' title='bbox 2332 3251 2493 3320; x_wconf 89' lang='lat' dir='ltr'><strong>equis</strong></span> <span class='ocrx_word' id='word_1_565' title='bbox 2523 3258 2575 3304; x_wconf 89' lang='lat' dir='ltr'><strong>et</strong></span> <span class='ocrx_word' id='word_1_566' title='bbox 2606 3248 2972 3319; x_wconf 89' lang='lat' dir='ltr'><strong>equisonibus</strong></span> <span class='ocrx_word' id='word_1_567' title='bbox 2998 3248 3053 3303; x_wconf 92' lang='lat' dir='ltr'><strong>in</strong></span> <span class='ocrx_word' id='word_1_568' title='bbox 3089 3249 3158 3304; x_wconf 88' lang='lat' dir='ltr'><strong>iis</strong></span> <span class='ocrx_word' id='word_1_569' title='bbox 3181 3248 3485 3314; x_wconf 89' lang='lat' dir='ltr'><strong>collocatis,</strong></span> <span class='ocrx_word' id='word_1_570' title='bbox 3523 3264 3666 3317; x_wconf 88' lang='lat' dir='ltr'><strong>quo-</strong></span> 
     </span>
    </p>
   </div>
   <div class='ocr_carea' id='block_1_79' title="bbox 2078 3341 3662 3412">
    <p class='ocr_par' dir='ltr' id='par_1_79' title="bbox 2078 3341 3662 3412">
     <span class='ocr_line' id='line_1_79' title="bbox 2078 3341 3662 3412; baseline -0.001 -16"><span class='ocrx_word' id='word_1_571' title='bbox 2078 3357 2198 3396; x_wconf 82' lang='lat' dir='ltr'><strong>rum</strong></span> <span class='ocrx_word' id='word_1_572' title='bbox 2225 3342 2426 3412; x_wconf 85' lang='lat' dir='ltr'><strong>cuique</strong></span> <span class='ocrx_word' id='word_1_573' title='bbox 2470 3341 2716 3412; x_wconf 68' lang='lat' dir='ltr'><strong>praefecit</strong></span> <span class='ocrx_word' id='word_1_574' title='bbox 2740 3343 2919 3397; x_wconf 89' lang='lat' dir='ltr'><strong>virum</strong></span> <span class='ocrx_word' id='word_1_575' title='bbox 2961 3341 3030 3396; x_wconf 92' lang='lat' dir='ltr'><strong>ad</strong></span> <span class='ocrx_word' id='word_1_576' title='bbox 3064 3341 3412 3412; x_wconf 85' lang='lat' dir='ltr'><strong>recipiendas</strong></span> <span class='ocrx_word' id='word_1_577' title='bbox 3447 3341 3662 3396; x_wconf 89' lang='lat' dir='ltr'><strong>litteras</strong></span> 
     </span>
    </p>
   </div>
   <div class='ocr_carea' id='block_1_80' title="bbox 2078 3433 3668 3504">
    <p class='ocr_par' dir='ltr' id='par_1_80' title="bbox 2078 3433 3668 3504">
     <span class='ocr_line' id='line_1_80' title="bbox 2078 3433 3668 3504; baseline -0.003 -15"><span class='ocrx_word' id='word_1_578' title='bbox 2078 3450 2199 3503; x_wconf 63' lang='lat' dir='ltr'><strong>quae</strong></span> <span class='ocrx_word' id='word_1_579' title='bbox 2227 3433 2559 3489; x_wconf 81' lang='lat' dir='ltr'><strong>afl‘errentur</strong></span> <span class='ocrx_word' id='word_1_580' title='bbox 2586 3433 2872 3500; x_wconf 81' lang='lat' dir='ltr'><strong>idoneum,</strong></span> <span class='ocrx_word' id='word_1_581' title='bbox 2909 3435 3005 3504; x_wconf 87' lang='lat' dir='ltr'><strong>qui</strong></span> <span class='ocrx_word' id='word_1_582' title='bbox 3035 3441 3092 3489; x_wconf 90' lang='lat' dir='ltr'><strong>et</strong></span> <span class='ocrx_word' id='word_1_583' title='bbox 3128 3433 3377 3489; x_wconf 87' lang='lat' dir='ltr'><strong>traderet</strong></span> <span class='ocrx_word' id='word_1_584' title='bbox 3415 3443 3472 3489; x_wconf 88' lang='lat' dir='ltr'><strong>et</strong></span> <span class='ocrx_word' id='word_1_585' title='bbox 3518 3435 3668 3487; x_wconf 77' lang='lat' dir='ltr'><strong>acci-</strong></span> 
     </span>
    </p>
   </div>
   <div class='ocr_carea' id='block_1_81' title="bbox 2077 3525 3664 3597">
    <p class='ocr_par' dir='ltr' id='par_1_81' title="bbox 2077 3525 3664 3597">
     <span class='ocr_line' id='line_1_81' title="bbox 2077 3525 3664 3597; baseline 0 -17"><span class='ocrx_word' id='word_1_586' title='bbox 2077 3538 2235 3597; x_wconf 88' lang='lat' dir='ltr'><strong>peret</strong></span> <span class='ocrx_word' id='word_1_587' title='bbox 2278 3526 2534 3597; x_wconf 83' lang='lat' dir='ltr'><strong>fatigatos</strong></span> <span class='ocrx_word' id='word_1_588' title='bbox 2587 3541 2785 3597; x_wconf 85' lang='lat' dir='ltr'><strong>equos,</strong></span> <span class='ocrx_word' id='word_1_589' title='bbox 2840 3537 2896 3582; x_wconf 89' lang='lat' dir='ltr'><strong>et</strong></span> <span class='ocrx_word' id='word_1_590' title='bbox 2936 3527 3076 3582; x_wconf 89' lang='lat' dir='ltr'><strong>alios</strong></span> <span class='ocrx_word' id='word_1_591' title='bbox 3106 3526 3351 3581; x_wconf 86' lang='lat' dir='ltr'><strong>mitteret</strong></span> <span class='ocrx_word' id='word_1_592' title='bbox 3395 3525 3664 3596; x_wconf 77' lang='lat' dir='ltr'><strong>integros.</strong></span> 
     </span>
    </p>
   </div>
   <div class='ocr_carea' id='block_1_82' title="bbox 2077 3617 3662 3689">
    <p class='ocr_par' dir='ltr' id='par_1_82' title="bbox 2077 3617 3662 3689">
     <span class='ocr_line' id='line_1_82' title="bbox 2077 3617 3662 3689; baseline -0.003 -17"><span class='ocrx_word' id='word_1_593' title='bbox 2077 3619 2236 3673; x_wconf 81' lang='lat' dir='ltr'><strong>Anno</strong></span> <span class='ocrx_word' id='word_1_594' title='bbox 2271 3619 2382 3688; x_wconf 82' lang='lat' dir='ltr'><strong>jam</strong></span> <span class='ocrx_word' id='word_1_595' title='bbox 2427 3620 2635 3689; x_wconf 88' lang='lat' dir='ltr'><strong>elapso,</strong></span> <span class='ocrx_word' id='word_1_596' title='bbox 2679 3618 3096 3688; x_wconf 75' lang='lat' dir='ltr'><strong>expeditionem</strong></span> <span class='ocrx_word' id='word_1_597' title='bbox 3147 3617 3414 3688; x_wconf 85' lang='lat' dir='ltr'><strong>suscepit,</strong></span> <span class='ocrx_word' id='word_1_598' title='bbox 3467 3618 3523 3672; x_wconf 92' lang='lat' dir='ltr'><strong>in</strong></span> <span class='ocrx_word' id='word_1_599' title='bbox 3555 3633 3662 3683; x_wconf 90' lang='lat' dir='ltr'><strong>qua</strong></span> 
     </span>
    </p>
   </div>
   <div class='ocr_carea' id='block_1_83' title="bbox 2078 3708 3669 3780">
    <p class='ocr_par' dir='ltr' id='par_1_83' title="bbox 2078 3708 3669 3780">
     <span class='ocr_line' id='line_1_83' title="bbox 2078 3708 3669 3780; baseline -0.001 -19"><span class='ocrx_word' id='word_1_600' title='bbox 2078 3724 2271 3763; x_wconf 85' lang='lat' dir='ltr'><strong>omnes</strong></span> <span class='ocrx_word' id='word_1_601' title='bbox 2313 3719 2506 3779; x_wconf 86' lang='lat' dir='ltr'><strong>gentes</strong></span> <span class='ocrx_word' id='word_1_602' title='bbox 2558 3725 2682 3780; x_wconf 60' lang='lat' dir='ltr'><strong>quae</strong></span> <span class='ocrx_word' id='word_1_603' title='bbox 2717 3711 2787 3765; x_wconf 88' lang='lat' dir='ltr'><strong>ab</strong></span> <span class='ocrx_word' id='word_1_604' title='bbox 2834 3710 3090 3780; x_wconf 83' lang='lat' dir='ltr'><strong>ingressu</strong></span> <span class='ocrx_word' id='word_1_605' title='bbox 3142 3710 3319 3780; x_wconf 78' lang='lat' dir='ltr'><strong>Syriae</strong></span> <span class='ocrx_word' id='word_1_606' title='bbox 3362 3723 3543 3779; x_wconf 87' lang='lat' dir='ltr'><strong>usque</strong></span> <span class='ocrx_word' id='word_1_607' title='bbox 3594 3708 3669 3762; x_wconf 84' lang='lat' dir='ltr'><strong>ad.</strong></span> 
     </span>
    </p>
   </div>
   <div class='ocr_carea' id='block_1_84' title="bbox 2079 3801 3677 3874">
    <p class='ocr_par' dir='ltr' id='par_1_84' title="bbox 2079 3801 3677 3874">
     <span class='ocr_line' id='line_1_84' title="bbox 2079 3801 3677 3874; baseline 0.001 -20"><span class='ocrx_word' id='word_1_608' title='bbox 2079 3817 2229 3856; x_wconf 87' lang='lat' dir='ltr'><strong>mare</strong></span> <span class='ocrx_word' id='word_1_609' title='bbox 2266 3802 2511 3856; x_wconf 77' lang='lat' dir='ltr'><strong>Rubrum</strong></span> <span class='ocrx_word' id='word_1_610' title='bbox 2545 3804 2830 3865; x_wconf 87' lang='lat' dir='ltr'><strong>incolunt,</strong></span> <span class='ocrx_word' id='word_1_611' title='bbox 2884 3803 3168 3874; x_wconf 77' lang='lat' dir='ltr'><strong>subegisse</strong></span> <span class='ocrx_word' id='word_1_612' title='bbox 3219 3801 3418 3868; x_wconf 86' lang='lat' dir='ltr'><strong>fertur,</strong></span> <span class='ocrx_word' id='word_1_613' title='bbox 3461 3801 3677 3857; x_wconf 84' lang='lat' dir='ltr'><strong>deinde-</strong></span> 
     </span>
    </p>
   </div>
   <div class='ocr_carea' id='block_1_85' title="bbox 2076 3891 3672 3965">
    <p class='ocr_par' dir='ltr' id='par_1_85' title="bbox 2076 3891 3672 3965">
     <span class='ocr_line' id='line_1_85' title="bbox 2076 3891 3672 3965; baseline -0.001 -18"><span class='ocrx_word' id='word_1_614' title='bbox 2076 3891 2370 3964; x_wconf 61' lang='lat' dir='ltr'><strong>IEgyptum</strong></span> <span class='ocrx_word' id='word_1_615' title='bbox 2395 3894 2582 3961; x_wconf 91' lang='lat' dir='ltr'><strong>etiam,</strong></span> <span class='ocrx_word' id='word_1_616' title='bbox 2615 3903 2674 3948; x_wconf 92' lang='lat' dir='ltr'><strong>ut</strong></span> <span class='ocrx_word' id='word_1_617' title='bbox 2701 3895 3136 3965; x_wconf 82' lang='lat' dir='ltr'><strong>ejusimperium</strong></span> <span class='ocrx_word' id='word_1_618' title='bbox 3162 3909 3359 3949; x_wconf 85' lang='lat' dir='ltr'><strong>versus</strong></span> <span class='ocrx_word' id='word_1_619' title='bbox 3389 3894 3672 3949; x_wconf 66' lang='lat' dir='ltr'><strong>orientem.</strong></span> 
     </span>
    </p>
   </div>
   <div class='ocr_carea' id='block_1_86' title="bbox 2080 3987 3659 4057">
    <p class='ocr_par' dir='ltr' id='par_1_86' title="bbox 2080 3987 3659 4057">
     <span class='ocr_line' id='line_1_86' title="bbox 2080 3987 3659 4057; baseline -0.002 -16"><span class='ocrx_word' id='word_1_620' title='bbox 2080 3987 2269 4041; x_wconf 84' lang='lat' dir='ltr'><strong>Rubro</strong></span> <span class='ocrx_word' id='word_1_621' title='bbox 2303 3987 2462 4053; x_wconf 90' lang='lat' dir='ltr'><strong>mari,</strong></span> <span class='ocrx_word' id='word_1_622' title='bbox 2487 3987 3168 4057; x_wconf 79' lang='lat' dir='ltr'><strong>versus-septentrionem,</strong></span> <span class='ocrx_word' id='word_1_623' title='bbox 3196 3987 3371 4042; x_wconf 90' lang='lat' dir='ltr'><strong>Ponto</strong></span> <span class='ocrx_word' id='word_1_624' title='bbox 3402 3987 3616 4041; x_wconf 71' lang='lat' dir='ltr'><strong>Euxino</strong></span> <span class='ocrx_word' id='word_1_625' title='bbox 3644 4002 3659 4038; x_wconf 91' lang='lat'><strong>:</strong></span> 
     </span>
    </p>
   </div>
   <div class='ocr_carea' id='block_1_87' title="bbox 2081 4076 3676 4149">
    <p class='ocr_par' dir='ltr' id='par_1_87' title="bbox 2081 4076 3676 4149">
     <span class='ocr_line' id='line_1_87' title="bbox 2081 4076 3676 4149; baseline -0.001 -19"><span class='ocrx_word' id='word_1_626' title='bbox 2081 4077 2149 4131; x_wconf 88' lang='lat' dir='ltr'><strong>ab</strong></span> <span class='ocrx_word' id='word_1_627' title='bbox 2181 4093 2403 4139; x_wconf 89' lang='lat' dir='ltr'><strong>occasu,</strong></span> <span class='ocrx_word' id='word_1_628' title='bbox 2463 4079 2642 4148; x_wconf 83' lang='lat' dir='ltr'><strong>Cypro</strong></span> <span class='ocrx_word' id='word_1_629' title='bbox 2697 4085 2754 4131; x_wconf 88' lang='lat' dir='ltr'><strong>et</strong></span> <span class='ocrx_word' id='word_1_630' title='bbox 2802 4076 3075 4149; x_wconf 59' lang='lat' dir='ltr'><strong>Egypto.</strong></span> <span class='ocrx_word' id='word_1_631' title='bbox 3132 4093 3329 4133; x_wconf 78' lang='lat' dir='ltr'><strong>versus</strong></span> <span class='ocrx_word' id='word_1_632' title='bbox 3373 4078 3676 4132; x_wconf 86' lang='lat' dir='ltr'><strong>meridiem-</strong></span> 
     </span>
    </p>
   </div>
   <div class='ocr_carea' id='block_1_88' title="bbox 2077 4169 3663 4240">
    <p class='ocr_par' dir='ltr' id='par_1_88' title="bbox 2077 4169 3663 4240">
     <span class='ocr_line' id='line_1_88' title="bbox 2077 4169 3663 4240; baseline 0 -15"><span class='ocrx_word' id='word_1_633' title='bbox 2077 4170 2356 4240; x_wconf 65' lang='lat' dir='ltr'><strong>Aithiopia</strong></span> <span class='ocrx_word' id='word_1_634' title='bbox 2399 4170 2812 4224; x_wconf 87' lang='lat' dir='ltr'><strong>terminaretur.</strong></span> <span class='ocrx_word' id='word_1_635' title='bbox 2841 4170 2963 4238; x_wconf 90' lang='lat' dir='ltr'><strong>Ipse</strong></span> <span class='ocrx_word' id='word_1_636' title='bbox 3000 4171 3054 4223; x_wconf 90' lang='lat' dir='ltr'><strong>in</strong></span> <span class='ocrx_word' id='word_1_637' title='bbox 3085 4169 3267 4224; x_wconf 87' lang='lat' dir='ltr'><strong>medio</strong></span> <span class='ocrx_word' id='word_1_638' title='bbox 3305 4169 3663 4236; x_wconf 89' lang='lat' dir='ltr'><strong>constitutus,</strong></span> 
     </span>
    </p>
   </div>
   <div class='ocr_carea' id='block_1_89' title="bbox 2080 4261 3667 4332">
    <p class='ocr_par' dir='ltr' id='par_1_89' title="bbox 2080 4261 3667 4332">
     <span class='ocr_line' id='line_1_89' title="bbox 2080 4261 3667 4332; baseline 0.001 -15"><span class='ocrx_word' id='word_1_639' title='bbox 2080 4274 2338 4331; x_wconf 87' lang='lat' dir='ltr'><strong>septenos</strong></span> <span class='ocrx_word' id='word_1_640' title='bbox 2369 4277 2585 4316; x_wconf 86' lang='lat' dir='ltr'><strong>menses</strong></span> <span class='ocrx_word' id='word_1_641' title='bbox 2623 4261 2860 4317; x_wconf 89' lang='lat' dir='ltr'><strong>hiberno</strong></span> <span class='ocrx_word' id='word_1_642' title='bbox 2888 4271 3159 4330; x_wconf 88' lang='lat' dir='ltr'><strong>tempore,</strong></span> <span class='ocrx_word' id='word_1_643' title='bbox 3196 4262 3268 4316; x_wconf 91' lang='lat' dir='ltr'><strong>ob</strong></span> <span class='ocrx_word' id='word_1_644' title='bbox 3311 4262 3558 4332; x_wconf 82' lang='lat' dir='ltr'><strong>regionis</strong></span> <span class='ocrx_word' id='word_1_645' title='bbox 3584 4271 3667 4318; x_wconf 89' lang='lat' dir='ltr'><strong>tc-</strong></span> 
     </span>
    </p>
   </div>
   <div class='ocr_carea' id='block_1_90' title="bbox 2081 4359 3661 4432">
    <p class='ocr_par' dir='ltr' id='par_1_90' title="bbox 2081 4359 3661 4432">
     <span class='ocr_line' id='line_1_90' title="bbox 2081 4359 3661 4432; baseline 0 -19"><span class='ocrx_word' id='word_1_646' title='bbox 2081 4375 2292 4428; x_wconf 67' lang='lat' dir='ltr'><strong>poreuz,</strong></span> <span class='ocrx_word' id='word_1_647' title='bbox 2343 4361 2617 4432; x_wconf 85' lang='lat' dir='ltr'><strong>Babylone</strong></span> <span class='ocrx_word' id='word_1_648' title='bbox 2671 4359 2860 4432; x_wconf 87' lang='lat' dir='ltr'><strong>degit:</strong></span> <span class='ocrx_word' id='word_1_649' title='bbox 2921 4371 3110 4418; x_wconf 91' lang='lat' dir='ltr'><strong>ternos</strong></span> <span class='ocrx_word' id='word_1_650' title='bbox 3161 4375 3380 4416; x_wconf 88' lang='lat' dir='ltr'><strong>menses</strong></span> <span class='ocrx_word' id='word_1_651' title='bbox 3437 4371 3661 4418; x_wconf 82' lang='lat' dir='ltr'><strong>vernos.</strong></span> 
     </span>
    </p>
   </div>
   <div class='ocr_carea' id='block_1_91' title="bbox 2082 4448 3667 4522">
    <p class='ocr_par' dir='ltr' id='par_1_91' title="bbox 2082 4448 3667 4522">
     <span class='ocr_line' id='line_1_91' title="bbox 2082 4448 3667 4522; baseline -0.003 -17"><span class='ocrx_word' id='word_1_652' title='bbox 2082 4450 2238 4506; x_wconf 90' lang='lat' dir='ltr'><strong>Susis</strong></span> <span class='ocrx_word' id='word_1_653' title='bbox 2263 4467 2276 4504; x_wconf 90' lang='lat'><strong>:</strong></span> <span class='ocrx_word' id='word_1_654' title='bbox 2309 4450 2602 4506; x_wconf 57' lang='lat' dir='ltr'><strong>Ecbatanis</strong></span> <span class='ocrx_word' id='word_1_655' title='bbox 2631 4450 2793 4506; x_wconf 87' lang='lat' dir='ltr'><strong>binos</strong></span> <span class='ocrx_word' id='word_1_656' title='bbox 2827 4453 3018 4507; x_wconf 68' lang='lat' dir='ltr'><strong>mstivo</strong></span> <span class='ocrx_word' id='word_1_657' title='bbox 3047 4462 3318 4522; x_wconf 88' lang='lat' dir='ltr'><strong>tempore.</strong></span> <span class='ocrx_word' id='word_1_658' title='bbox 3345 4449 3468 4504; x_wconf 76' lang='lat' dir='ltr'><strong>Vita</strong></span> <span class='ocrx_word' id='word_1_659' title='bbox 3496 4448 3667 4518; x_wconf 86' lang='lat' dir='ltr'><strong>igitur</strong></span> 
     </span>
    </p>
   </div>
   <div class='ocr_carea' id='block_1_92' title="bbox 395 4532 1979 4618">
    <p class='ocr_par' dir='ltr' id='par_1_92' title="bbox 395 4532 1979 4618">
     <span class='ocr_line' id='line_1_92' title="bbox 395 4532 1979 4618; baseline 0.01 -32"><span class='ocrx_word' id='word_1_660' title='bbox 395 4532 493 4588; x_wconf 79' lang='grc' dir='ltr'><strong>θεν</strong></span> <span class='ocrx_word' id='word_1_661' title='bbox 525 4535 729 4604; x_wconf 79' lang='grc' dir='ltr'>ὁρίζειν</span> <span class='ocrx_word' id='word_1_662' title='bbox 762 4537 929 4592; x_wconf 78' lang='grc' dir='ltr'>αὐτοῦ</span> <span class='ocrx_word' id='word_1_663' title='bbox 956 4539 1055 4612; x_wconf 84' lang='grc' dir='ltr'>τὴν</span> <span class='ocrx_word' id='word_1_664' title='bbox 1082 4541 1257 4612; x_wconf 81' lang='grc' dir='ltr'>ἀρχὴν</span> <span class='ocrx_word' id='word_1_665' title='bbox 1288 4543 1424 4614; x_wconf 82' lang='grc' dir='ltr'>πρὸς</span> <span class='ocrx_word' id='word_1_666' title='bbox 1450 4544 1526 4598; x_wconf 71' lang='grc' dir='ltr'>ἕω</span> <span class='ocrx_word' id='word_1_667' title='bbox 1553 4545 1652 4615; x_wconf 82' lang='grc' dir='ltr'>μὲν</span> <span class='ocrx_word' id='word_1_668' title='bbox 1679 4545 1780 4618; x_wconf 81' lang='grc' dir='ltr'>τὴν</span> <span class='ocrx_word' id='word_1_669' title='bbox 1820 4548 1979 4618; x_wconf 79' lang='grc' dir='ltr'>Ἐρυ-</span> 
     </span>
    </p>
   </div>
   <div class='ocr_carea' id='block_1_93' title="bbox 2081 4532 3664 4618">
    <p class='ocr_par' dir='ltr' id='par_1_93' title="bbox 2084 4541 3664 4612">
     <span class='ocr_line' id='line_1_93' title="bbox 2084 4541 3664 4612; baseline -0.003 -14"><span class='ocrx_word' id='word_1_670' title='bbox 2084 4545 2165 4598; x_wconf 90' lang='lat' dir='ltr'><strong>sic</strong></span> <span class='ocrx_word' id='word_1_671' title='bbox 2203 4552 2346 4610; x_wconf 79' lang='lat' dir='ltr'><strong>acta,</strong></span> <span class='ocrx_word' id='word_1_672' title='bbox 2400 4560 2567 4599; x_wconf 84' lang='lat' dir='ltr'><strong>senex</strong></span> <span class='ocrx_word' id='word_1_673' title='bbox 2608 4543 2904 4600; x_wconf 86' lang='lat' dir='ltr'><strong>admodum</strong></span> <span class='ocrx_word' id='word_1_674' title='bbox 2969 4545 3023 4599; x_wconf 91' lang='lat' dir='ltr'><strong>in</strong></span> <span class='ocrx_word' id='word_1_675' title='bbox 3073 4543 3316 4598; x_wconf 86' lang='lat' dir='ltr'><strong>Persiam</strong></span> <span class='ocrx_word' id='word_1_676' title='bbox 3368 4541 3664 4612; x_wconf 84' lang='lat' dir='ltr'><strong>septimum</strong></span> 
     </span>
    </p>
   </div>
   <div class='ocr_carea' id='block_1_94' title="bbox 393 4627 1982 4704">
    <p class='ocr_par' dir='ltr' id='par_1_94' title="bbox 393 4627 1982 4704">
     <span class='ocr_line' id='line_1_94' title="bbox 393 4627 1982 4704; baseline 0.009 -24"><span class='ocrx_word' id='word_1_677' title='bbox 393 4627 535 4698; x_wconf 78' lang='grc' dir='ltr'>θρὰν</span> <span class='ocrx_word' id='word_1_678' title='bbox 567 4630 848 4684; x_wconf 81' lang='grc' dir='ltr'>θάλασσαν</span> <span class='ocrx_word' id='word_1_679' title='bbox 872 4649 887 4664; x_wconf 78' lang='grc' dir='ltr'><strong>ο</strong></span> <span class='ocrx_word' id='word_1_680' title='bbox 946 4634 1086 4704; x_wconf 82' lang='grc' dir='ltr'>πρὸς</span> <span class='ocrx_word' id='word_1_681' title='bbox 1129 4634 1342 4704; x_wconf 72' lang='grc' dir='ltr'>ἄρκτον</span> <span class='ocrx_word' id='word_1_682' title='bbox 1387 4637 1468 4700; x_wconf 83' lang='grc' dir='ltr'>δὲ,</span> <span class='ocrx_word' id='word_1_683' title='bbox 1508 4637 1613 4691; x_wconf 72' lang='grc' dir='ltr'>τὸν·</span> <span class='ocrx_word' id='word_1_684' title='bbox 1653 4639 1857 4694; x_wconf 87' lang='grc' dir='ltr'>Πόντον</span> <span class='ocrx_word' id='word_1_685' title='bbox 1889 4641 1982 4694; x_wconf 78' lang='grc' dir='ltr'>τὸν</span> 
     </span>
    </p>
   </div>
   <div class='ocr_carea' id='block_1_95' title="bbox 395 4720 1980 4801">
    <p class='ocr_par' dir='ltr' id='par_1_95' title="bbox 395 4720 1980 4801">
     <span class='ocr_line' id='line_1_95' title="bbox 395 4720 1980 4801; baseline 0.007 -27"><span class='ocrx_word' id='word_1_686' title='bbox 395 4720 651 4786; x_wconf 77' lang='grc' dir='ltr'>Εΰξεινον</span> <span class='ocrx_word' id='word_1_687' title='bbox 676 4741 691 4755; x_wconf 78' lang='grc' dir='ltr'><strong>ο</strong></span> <span class='ocrx_word' id='word_1_688' title='bbox 723 4723 860 4795; x_wconf 80' lang='grc' dir='ltr'>πρὸς</span> <span class='ocrx_word' id='word_1_689' title='bbox 890 4724 936 4778; x_wconf 89' lang='grc' dir='ltr'>δ’</span> <span class='ocrx_word' id='word_1_690' title='bbox 969 4725 1236 4795; x_wconf 73' lang='grc' dir='ltr'>ἑσπέραν,</span> <span class='ocrx_word' id='word_1_691' title='bbox 1284 4727 1510 4801; x_wconf 80' lang='grc' dir='ltr'>Κῦπρον</span> <span class='ocrx_word' id='word_1_692' title='bbox 1543 4731 1639 4783; x_wconf 76' lang='grc' dir='ltr'>καὶ</span> <span class='ocrx_word' id='word_1_693' title='bbox 1663 4730 1941 4800; x_wconf 78' lang='grc' dir='ltr'>Αἴγυπτον</span> <span class='ocrx_word' id='word_1_694' title='bbox 1965 4749 1980 4764; x_wconf 81' lang='grc' dir='ltr'><strong>ο</strong></span> 
     </span>
    </p>
   </div>
   <div class='ocr_carea' id='block_1_96' title="bbox 391 4813 1982 4890">
    <p class='ocr_par' dir='ltr' id='par_1_96' title="bbox 391 4813 1982 4890">
     <span class='ocr_line' id='line_1_96' title="bbox 391 4813 1982 4890; baseline 0.005 -24"><span class='ocrx_word' id='word_1_695' title='bbox 391 4815 491 4884; x_wconf 77' lang='grc' dir='ltr'>τὴν</span> <span class='ocrx_word' id='word_1_696' title='bbox 515 4813 561 4865; x_wconf 80' lang='grc' dir='ltr'>δ’</span> <span class='ocrx_word' id='word_1_697' title='bbox 588 4814 880 4868; x_wconf 83' lang='grc' dir='ltr'>Αἰθιοπίαν</span> <span class='ocrx_word' id='word_1_698' title='bbox 907 4817 1046 4886; x_wconf 77' lang='grc' dir='ltr'>πρὸς</span> <span class='ocrx_word' id='word_1_699' title='bbox 1077 4818 1455 4888; x_wconf 85' lang='grc' dir='ltr'>μεσημϐρίαν.</span> <span class='ocrx_word' id='word_1_700' title='bbox 1499 4821 1673 4884; x_wconf 75' lang='grc' dir='ltr'>Αὐτὸς</span> <span class='ocrx_word' id='word_1_701' title='bbox 1700 4822 1747 4874; x_wconf 82' lang='grc' dir='ltr'>δ’</span> <span class='ocrx_word' id='word_1_702' title='bbox 1781 4825 1839 4873; x_wconf 86' lang='grc' dir='ltr'>ὲν</span> <span class='ocrx_word' id='word_1_703' title='bbox 1879 4823 1982 4890; x_wconf 80' lang='grc' dir='ltr'>μέ-</span> 
     </span>
    </p>
   </div>
   <div class='ocr_carea' id='block_1_97' title="bbox 396 4903 1980 4979">
    <p class='ocr_par' dir='ltr' id='par_1_97' title="bbox 396 4903 1980 4979">
     <span class='ocr_line' id='line_1_97' title="bbox 396 4903 1980 4979; baseline 0.008 -26"><span class='ocrx_word' id='word_1_704' title='bbox 396 4918 476 4973; x_wconf 86' lang='grc' dir='ltr'><strong>σῳ</strong></span> <span class='ocrx_word' id='word_1_705' title='bbox 500 4903 708 4957; x_wconf 81' lang='grc' dir='ltr'>τούτων</span> <span class='ocrx_word' id='word_1_706' title='bbox 758 4909 1129 4978; x_wconf 84' lang='grc' dir='ltr'>πεποιημένος</span> <span class='ocrx_word' id='word_1_707' title='bbox 1155 4909 1254 4979; x_wconf 85' lang='grc' dir='ltr'>τὴν</span> <span class='ocrx_word' id='word_1_708' title='bbox 1307 4909 1538 4977; x_wconf 87' lang='grc' dir='ltr'>δίαιταν,</span> <span class='ocrx_word' id='word_1_709' title='bbox 1589 4913 1650 4964; x_wconf 83' lang='grc' dir='ltr'><strong>ἐν</strong></span> <span class='ocrx_word' id='word_1_710' title='bbox 1697 4912 1980 4966; x_wconf 85' lang='grc' dir='ltr'>Βαϐυλῶνι</span> 
     </span>
    </p>
   </div>
   <div class='ocr_carea' id='block_1_98' title="bbox 397 4994 1983 5075">
    <p class='ocr_par' dir='ltr' id='par_1_98' title="bbox 397 4994 1983 5075">
     <span class='ocr_line' id='line_1_98' title="bbox 397 4994 1983 5075; baseline 0.006 -28"><span class='ocrx_word' id='word_1_711' title='bbox 397 4994 500 5064; x_wconf 83' lang='grc' dir='ltr'>μὲν</span> <span class='ocrx_word' id='word_1_712' title='bbox 533 4996 706 5066; x_wconf 74' lang='grc' dir='ltr'>μῆνας</span> <span class='ocrx_word' id='word_1_713' title='bbox 738 4997 925 5067; x_wconf 82' lang='grc' dir='ltr'>διῆγεν</span> <span class='ocrx_word' id='word_1_714' title='bbox 982 5000 1146 5066; x_wconf 85' lang='grc' dir='ltr'>ἐπτά,</span> <span class='ocrx_word' id='word_1_715' title='bbox 1198 5003 1292 5054; x_wconf 79' lang='grc' dir='ltr'>τὸν</span> <span class='ocrx_word' id='word_1_716' title='bbox 1342 5003 1534 5072; x_wconf 85' lang='grc' dir='ltr'>χρόνον</span> <span class='ocrx_word' id='word_1_717' title='bbox 1563 5004 1628 5074; x_wconf 83' lang='grc' dir='ltr'>δὴ</span> <span class='ocrx_word' id='word_1_718' title='bbox 1662 5004 1754 5057; x_wconf 82' lang='grc' dir='ltr'>τὸν</span> <span class='ocrx_word' id='word_1_719' title='bbox 1793 5005 1983 5075; x_wconf 83' lang='grc' dir='ltr'>χειμέ-</span> 
     </span>
    </p>
   </div>
   <div class='ocr_carea' id='block_1_99' title="bbox 391 5089 1981 5166">
    <p class='ocr_par' dir='ltr' id='par_1_99' title="bbox 391 5089 1981 5166">
     <span class='ocr_line' id='line_1_99' title="bbox 391 5089 1981 5166; baseline 0.005 -25"><span class='ocrx_word' id='word_1_720' title='bbox 391 5105 511 5163; x_wconf 88' lang='grc' dir='ltr'>ριον</span> <span class='ocrx_word' id='word_1_721' title='bbox 535 5103 549 5116; x_wconf 77' lang='grc'><strong>⁸</strong></span> <span class='ocrx_word' id='word_1_722' title='bbox 575 5089 794 5159; x_wconf 82' lang='grc' dir='ltr'>ἀλεεινὴ</span> <span class='ocrx_word' id='word_1_723' title='bbox 812 5093 1078 5164; x_wconf 73' lang='grc' dir='ltr'>γάραῦτη</span> <span class='ocrx_word' id='word_1_724' title='bbox 1109 5096 1142 5165; x_wconf 80' lang='grc' dir='ltr'><strong>η</strong></span> <span class='ocrx_word' id='word_1_725' title='bbox 1171 5092 1328 5162; x_wconf 86' lang='grc' dir='ltr'>χώρα</span> <span class='ocrx_word' id='word_1_726' title='bbox 1351 5110 1364 5125; x_wconf 77' lang='grc' dir='ltr'><strong>ο</strong></span> <span class='ocrx_word' id='word_1_727' title='bbox 1396 5097 1546 5162; x_wconf 84' lang='grc' dir='ltr'>τρεῖς</span> <span class='ocrx_word' id='word_1_728' title='bbox 1567 5095 1624 5150; x_wconf 86' lang='grc' dir='ltr'>δὲ</span> <span class='ocrx_word' id='word_1_729' title='bbox 1653 5097 1831 5166; x_wconf 84' lang='grc' dir='ltr'>μῆνας</span> <span class='ocrx_word' id='word_1_730' title='bbox 1855 5097 1981 5158; x_wconf 83' lang='grc' dir='ltr'>τοὺς</span> 
     </span>
    </p>
   </div>
   <div class='ocr_carea' id='block_1_100' title="bbox 389 5181 1982 5259">
    <p class='ocr_par' dir='ltr' id='par_1_100' title="bbox 389 5181 1982 5259">
     <span class='ocr_line' id='line_1_100' title="bbox 389 5181 1982 5259; baseline 0.006 -26"><span class='ocrx_word' id='word_1_731' title='bbox 389 5181 539 5252; x_wconf 79' lang='grc' dir='ltr'>ἀμφὶ</span> <span class='ocrx_word' id='word_1_732' title='bbox 565 5182 626 5235; x_wconf 83' lang='grc' dir='ltr'>τὸ</span> <span class='ocrx_word' id='word_1_733' title='bbox 653 5182 764 5254; x_wconf 78' lang='grc' dir='ltr'><strong>ἔαρ.</strong></span> <span class='ocrx_word' id='word_1_734' title='bbox 786 5184 844 5236; x_wconf 83' lang='grc' dir='ltr'><strong>ἐν</strong></span> <span class='ocrx_word' id='word_1_735' title='bbox 864 5186 1110 5247; x_wconf 80' lang='grc' dir='ltr'>Σούσοις.</span> <span class='ocrx_word' id='word_1_736' title='bbox 1153 5184 1242 5238; x_wconf 83' lang='grc' dir='ltr'>Ἐν</span> <span class='ocrx_word' id='word_1_737' title='bbox 1266 5187 1312 5240; x_wconf 88' lang='grc' dir='ltr'>δ’</span> <span class='ocrx_word' id='word_1_738' title='bbox 1329 5187 1684 5249; x_wconf 84' lang='grc' dir='ltr'>Ἐκϐατάνοις</span> <span class='ocrx_word' id='word_1_739' title='bbox 1713 5189 1807 5243; x_wconf 88' lang='grc' dir='ltr'><strong>δύο</strong></span> <span class='ocrx_word' id='word_1_740' title='bbox 1826 5189 1982 5259; x_wconf 83' lang='grc' dir='ltr'>διῆγε</span> 
     </span>
    </p>
   </div>
   <div class='ocr_carea' id='block_1_101' title="bbox 395 5268 1979 5348">
    <p class='ocr_par' dir='ltr' id='par_1_101' title="bbox 395 5268 1979 5348">
     <span class='ocr_line' id='line_1_101' title="bbox 395 5268 1979 5348; baseline -0.007 -15"><span class='ocrx_word' id='word_1_741' title='bbox 395 5268 575 5337; x_wconf 83' lang='grc' dir='ltr'>μῆνας</span> <span class='ocrx_word' id='word_1_742' title='bbox 604 5268 702 5341; x_wconf 80' lang='grc' dir='ltr'>τὴν</span> <span class='ocrx_word' id='word_1_743' title='bbox 730 5272 826 5324; x_wconf 86' lang='grc' dir='ltr'>τοῦ</span> <span class='ocrx_word' id='word_1_744' title='bbox 853 5271 1048 5343; x_wconf 83' lang='grc' dir='ltr'>θέρους</span> <span class='ocrx_word' id='word_1_745' title='bbox 1082 5274 1287 5346; x_wconf 82' lang='grc' dir='ltr'>ἀκμήν.</span> <span class='ocrx_word' id='word_1_746' title='bbox 1315 5275 1473 5330; x_wconf 78' lang='grc' dir='ltr'>Οὕτω</span> <span class='ocrx_word' id='word_1_747' title='bbox 1506 5277 1563 5330; x_wconf 84' lang='grc' dir='ltr'>δὲ</span> <span class='ocrx_word' id='word_1_748' title='bbox 1593 5276 1766 5348; x_wconf 78' lang='grc' dir='ltr'>ζήσας</span> <span class='ocrx_word' id='word_1_749' title='bbox 1801 5282 1828 5331; x_wconf 85' lang='grc' dir='ltr'><em>ὁ</em></span> <span class='ocrx_word' id='word_1_750' title='bbox 1860 5280 1942 5332; x_wconf 78' lang='grc' dir='ltr'>Κῦ</span> <span class='ocrx_word' id='word_1_751' title='bbox 1965 5310 1979 5322; x_wconf 88' lang='grc'><strong>.</strong></span> 
     </span>
    </p>
   </div>
   <div class='ocr_carea' id='block_1_102' title="bbox 395 5362 1980 5437">
    <p class='ocr_par' dir='ltr' id='par_1_102' title="bbox 395 5362 1980 5437">
     <span class='ocr_line' id='line_1_102' title="bbox 395 5362 1980 5437; baseline 0.006 -25"><span class='ocrx_word' id='word_1_752' title='bbox 395 5374 510 5428; x_wconf 85' lang='grc' dir='ltr'>ρος,</span> <span class='ocrx_word' id='word_1_753' title='bbox 539 5362 636 5414; x_wconf 77' lang='grc' dir='ltr'>καὶ</span> <span class='ocrx_word' id='word_1_754' title='bbox 675 5362 825 5432; x_wconf 85' lang='grc' dir='ltr'>μάλα</span> <span class='ocrx_word' id='word_1_755' title='bbox 874 5363 1186 5434; x_wconf 85' lang='grc' dir='ltr'>πρεσϐύτης</span> <span class='ocrx_word' id='word_1_756' title='bbox 1215 5366 1529 5436; x_wconf 86' lang='grc' dir='ltr'>γενόμενος,</span> <span class='ocrx_word' id='word_1_757' title='bbox 1562 5369 1876 5437; x_wconf 79' lang='grc' dir='ltr'>ἀφικνεῖται</span> <span class='ocrx_word' id='word_1_758' title='bbox 1899 5373 1980 5435; x_wconf 79' lang='grc' dir='ltr'><strong>εἰς</strong></span> 
     </span>
    </p>
   </div>
   <div class='ocr_carea' id='block_1_103' title="bbox 394 5451 1980 5531">
    <p class='ocr_par' dir='ltr' id='par_1_103' title="bbox 394 5451 1980 5531">
     <span class='ocr_line' id='line_1_103' title="bbox 394 5451 1980 5531; baseline 0.006 -27"><span class='ocrx_word' id='word_1_759' title='bbox 394 5451 617 5520; x_wconf 85' lang='grc' dir='ltr'>Πέρσας</span> <span class='ocrx_word' id='word_1_760' title='bbox 648 5453 710 5506; x_wconf 86' lang='grc' dir='ltr'>τὸ</span> <span class='ocrx_word' id='word_1_761' title='bbox 738 5454 994 5525; x_wconf 72' lang='grc' dir='ltr'>ἕϐδομον,</span> <span class='ocrx_word' id='word_1_762' title='bbox 1021 5457 1192 5510; x_wconf 87' lang='grc' dir='ltr'>πάλαι</span> <span class='ocrx_word' id='word_1_763' title='bbox 1223 5456 1334 5508; x_wconf 86' lang='grc' dir='ltr'><strong>τῶν</strong></span> <span class='ocrx_word' id='word_1_764' title='bbox 1357 5458 1562 5512; x_wconf 85' lang='grc' dir='ltr'>τοκέων</span> <span class='ocrx_word' id='word_1_765' title='bbox 1593 5460 1980 5531; x_wconf 86' lang='grc' dir='ltr'>τετελευτηκό-</span> 
     </span>
    </p>
   </div>
   <div class='ocr_carea' id='block_1_104' title="bbox 391 5543 1979 5618">
    <p class='ocr_par' dir='ltr' id='par_1_104' title="bbox 391 5543 1979 5618">
     <span class='ocr_line' id='line_1_104' title="bbox 391 5543 1979 5618; baseline 0.007 -23"><span class='ocrx_word' id='word_1_766' title='bbox 391 5559 504 5596; x_wconf 78' lang='grc' dir='ltr'><strong>των</strong></span> <span class='ocrx_word' id='word_1_767' title='bbox 527 5543 697 5613; x_wconf 79' lang='grc' dir='ltr'>αὐτῷ.</span> <span class='ocrx_word' id='word_1_768' title='bbox 735 5544 846 5597; x_wconf 73' lang='grc' dir='ltr'>Καὶ</span> <span class='ocrx_word' id='word_1_769' title='bbox 874 5546 1204 5618; x_wconf 82' lang='grc' dir='ltr'>κοιμωμένῳ</span> <span class='ocrx_word' id='word_1_770' title='bbox 1235 5548 1377 5603; x_wconf 87' lang='grc' dir='ltr'><strong>κατά</strong></span> <span class='ocrx_word' id='word_1_771' title='bbox 1405 5551 1472 5602; x_wconf 83' lang='grc' dir='ltr'>τὰ</span> <span class='ocrx_word' id='word_1_772' title='bbox 1505 5550 1772 5618; x_wconf 87' lang='grc' dir='ltr'>βασίλεια,</span> <span class='ocrx_word' id='word_1_773' title='bbox 1801 5551 1979 5617; x_wconf 77' lang='grc' dir='ltr'>ἔδοξεν</span> 
     </span>
    </p>
   </div>
   <div class='ocr_carea' id='block_1_105' title="bbox 394 5634 1979 5710">
    <p class='ocr_par' dir='ltr' id='par_1_105' title="bbox 394 5634 1979 5710">
     <span class='ocr_line' id='line_1_105' title="bbox 394 5634 1979 5710; baseline 0.005 -21"><span class='ocrx_word' id='word_1_774' title='bbox 394 5634 546 5706; x_wconf 84' lang='grc' dir='ltr'><strong>αύτῷ</strong></span> <span class='ocrx_word' id='word_1_775' title='bbox 573 5638 695 5690; x_wconf 86' lang='grc' dir='ltr'>κατ’</span> <span class='ocrx_word' id='word_1_776' title='bbox 726 5637 861 5707; x_wconf 78' lang='grc' dir='ltr'>ὄναρ</span> <span class='ocrx_word' id='word_1_777' title='bbox 895 5655 978 5700; x_wconf 86' lang='grc' dir='ltr'><strong>τις</strong></span> <span class='ocrx_word' id='word_1_778' title='bbox 1009 5640 1332 5708; x_wconf 87' lang='grc' dir='ltr'>προσελθεῖν</span> <span class='ocrx_word' id='word_1_779' title='bbox 1362 5639 1626 5710; x_wconf 87' lang='grc' dir='ltr'>κρείττων</span> <span class='ocrx_word' id='word_1_780' title='bbox 1656 5642 1689 5709; x_wconf 87' lang='grc' dir='ltr'>ἢ</span> <span class='ocrx_word' id='word_1_781' title='bbox 1719 5645 1860 5696; x_wconf 79' lang='grc' dir='ltr'><strong>κατά</strong></span> <span class='ocrx_word' id='word_1_782' title='bbox 1895 5643 1979 5697; x_wconf 83' lang='grc' dir='ltr'><strong>ἄν·</strong></span> 
     </span>
    </p>
   </div>
   <div class='ocr_carea' id='block_1_106' title="bbox 395 5725 1980 5804">
    <p class='ocr_par' dir='ltr' id='par_1_106' title="bbox 395 5725 1980 5804">
     <span class='ocr_line' id='line_1_106' title="bbox 395 5725 1980 5804; baseline 0.006 -24"><span class='ocrx_word' id='word_1_783' title='bbox 395 5725 642 5798; x_wconf 87' lang='grc' dir='ltr'>θρωπον,</span> <span class='ocrx_word' id='word_1_784' title='bbox 679 5729 855 5797; x_wconf 86' lang='grc' dir='ltr'>λέγων</span> <span class='ocrx_word' id='word_1_785' title='bbox 875 5745 889 5759; x_wconf 84' lang='lat'><strong><em>°</em></strong></span> <span class='ocrx_word' id='word_1_786' title='bbox 930 5731 1335 5797; x_wconf 77' lang='grc' dir='ltr'>Συσκευάζου,</span> <span class='ocrx_word' id='word_1_787' title='bbox 1360 5728 1408 5786; x_wconf 84' lang='grc' dir='ltr'><strong>ὦ</strong></span> <span class='ocrx_word' id='word_1_788' title='bbox 1437 5734 1610 5802; x_wconf 78' lang='grc' dir='ltr'>Κῦρε,</span> <span class='ocrx_word' id='word_1_789' title='bbox 1625 5734 1744 5803; x_wconf 78' lang='grc' dir='ltr'>ἤδη</span> <span class='ocrx_word' id='word_1_790' title='bbox 1769 5736 1878 5804; x_wconf 75' lang='grc' dir='ltr'><strong>γάρ</strong></span> <span class='ocrx_word' id='word_1_791' title='bbox 1906 5753 1980 5791; x_wconf 84' lang='grc' dir='ltr'><strong>σε</strong></span> 
     </span>
    </p>
   </div>
   <div class='ocr_carea' id='block_1_107' title="bbox 391 5821 1977 5898">
    <p class='ocr_par' dir='ltr' id='par_1_107' title="bbox 391 5821 1977 5898">
     <span class='ocr_line' id='line_1_107' title="bbox 391 5821 1977 5898; baseline 0.004 -19"><span class='ocrx_word' id='word_1_792' title='bbox 391 5821 884 5895; x_wconf 73' lang='grc' dir='ltr'>μεταπέμπονται</span> <span class='ocrx_word' id='word_1_793' title='bbox 922 5826 976 5880; x_wconf 78' lang='lat' dir='ltr'><strong>oi</strong></span> <span class='ocrx_word' id='word_1_794' title='bbox 1004 5825 1150 5883; x_wconf 86' lang='grc' dir='ltr'>θεοί.</span> <span class='ocrx_word' id='word_1_795' title='bbox 1191 5825 1289 5881; x_wconf 86' lang='grc' dir='ltr'>Ἐκ</span> <span class='ocrx_word' id='word_1_796' title='bbox 1316 5825 1506 5882; x_wconf 81' lang='grc' dir='ltr'>τούτου</span> <span class='ocrx_word' id='word_1_797' title='bbox 1532 5827 1577 5884; x_wconf 87' lang='grc' dir='ltr'>δ’</span> <span class='ocrx_word' id='word_1_798' title='bbox 1617 5827 1864 5898; x_wconf 66' lang='grc' dir='ltr'>εἴκαζεν,</span> <span class='ocrx_word' id='word_1_799' title='bbox 1896 5831 1977 5885; x_wconf 83' lang='grc' dir='ltr'>ὃτι</span> 
     </span>
    </p>
   </div>
   <div class='ocr_carea' id='block_1_108' title="bbox 2082 4632 3664 4706">
    <p class='ocr_par' dir='ltr' id='par_1_108' title="bbox 2082 4632 3664 4706">
     <span class='ocr_line' id='line_1_108' title="bbox 2082 4632 3664 4706; baseline -0.002 -18"><span class='ocrx_word' id='word_1_800' title='bbox 2082 4634 2254 4699; x_wconf 81' lang='lat' dir='ltr'><strong>venit,</strong></span> <span class='ocrx_word' id='word_1_801' title='bbox 2305 4635 2632 4705; x_wconf 89' lang='lat' dir='ltr'><strong>parentibus</strong></span> <span class='ocrx_word' id='word_1_802' title='bbox 2656 4635 2767 4706; x_wconf 88' lang='lat' dir='ltr'><strong>jam</strong></span> <span class='ocrx_word' id='word_1_803' title='bbox 2804 4635 2936 4691; x_wconf 82' lang='lat' dir='ltr'><strong>olim</strong></span> <span class='ocrx_word' id='word_1_804' title='bbox 2964 4634 3268 4690; x_wconf 69' lang='lat' dir='ltr'><strong>defunctis.</strong></span> <span class='ocrx_word' id='word_1_805' title='bbox 3306 4633 3386 4688; x_wconf 89' lang='lat' dir='ltr'><strong>lhi</strong></span> <span class='ocrx_word' id='word_1_806' title='bbox 3429 4633 3482 4687; x_wconf 92' lang='lat' dir='ltr'><strong>in</strong></span> <span class='ocrx_word' id='word_1_807' title='bbox 3516 4632 3664 4702; x_wconf 79' lang='lat' dir='ltr'><strong>regia</strong></span> 
     </span>
    </p>
   </div>
   <div class='ocr_carea' id='block_1_109' title="bbox 2082 4723 3667 4797">
    <p class='ocr_par' dir='ltr' id='par_1_109' title="bbox 2082 4723 3667 4797">
     <span class='ocr_line' id='line_1_109' title="bbox 2082 4723 3667 4797; baseline -0.003 -16"><span class='ocrx_word' id='word_1_808' title='bbox 2082 4727 2400 4793; x_wconf 86' lang='lat' dir='ltr'><strong>dormienti,</strong></span> <span class='ocrx_word' id='word_1_809' title='bbox 2439 4728 2593 4783; x_wconf 87' lang='lat' dir='ltr'><strong>visus</strong></span> <span class='ocrx_word' id='word_1_810' title='bbox 2621 4736 2708 4782; x_wconf 90' lang='lat' dir='ltr'><strong>est</strong></span> <span class='ocrx_word' id='word_1_811' title='bbox 2752 4726 2809 4782; x_wconf 91' lang='lat' dir='ltr'><strong>in</strong></span> <span class='ocrx_word' id='word_1_812' title='bbox 2858 4727 3071 4783; x_wconf 90' lang='lat' dir='ltr'><strong>somnis</strong></span> <span class='ocrx_word' id='word_1_813' title='bbox 3116 4741 3383 4797; x_wconf 86' lang='lat' dir='ltr'><strong>apparere</strong></span> <span class='ocrx_word' id='word_1_814' title='bbox 3429 4725 3513 4779; x_wconf 76' lang='lat' dir='ltr'><strong>vir</strong></span> <span class='ocrx_word' id='word_1_815' title='bbox 3542 4723 3667 4792; x_wconf 54' lang='lat' dir='ltr'><strong>qui.</strong></span> 
     </span>
    </p>
   </div>
   <div class='ocr_carea' id='block_1_110' title="bbox 2083 4817 3666 4889">
    <p class='ocr_par' dir='ltr' id='par_1_110' title="bbox 2083 4817 3666 4889">
     <span class='ocr_line' id='line_1_110' title="bbox 2083 4817 3666 4889; baseline -0.004 -15"><span class='ocrx_word' id='word_1_816' title='bbox 2083 4819 2207 4874; x_wconf 82' lang='lat' dir='ltr'><strong>dam</strong></span> <span class='ocrx_word' id='word_1_817' title='bbox 2236 4821 2474 4875; x_wconf 88' lang='lat' dir='ltr'><strong>humana</strong></span> <span class='ocrx_word' id='word_1_818' title='bbox 2500 4819 2818 4876; x_wconf 84' lang='lat' dir='ltr'><strong>conditione</strong></span> <span class='ocrx_word' id='word_1_819' title='bbox 2853 4822 3051 4889; x_wconf 85' lang='lat' dir='ltr'><strong>major,</strong></span> <span class='ocrx_word' id='word_1_820' title='bbox 3093 4821 3188 4889; x_wconf 90' lang='lat' dir='ltr'><strong>qui</strong></span> <span class='ocrx_word' id='word_1_821' title='bbox 3223 4818 3436 4874; x_wconf 83' lang='lat' dir='ltr'><strong>diceret</strong></span> <span class='ocrx_word' id='word_1_822' title='bbox 3467 4834 3482 4871; x_wconf 86' lang='lat'><strong>:</strong></span> <span class='ocrx_word' id='word_1_823' title='bbox 3516 4817 3666 4870; x_wconf 87' lang='lat' dir='ltr'><strong>Para</strong></span> 
     </span>
    </p>
   </div>
   <div class='ocr_carea' id='block_1_111' title="bbox 2083 4895 3666 4983">
    <p class='ocr_par' dir='ltr' id='par_1_111' title="bbox 2083 4895 3666 4983">
     <span class='ocr_line' id='line_1_111' title="bbox 2083 4895 3666 4983; baseline -0.003 -17"><span class='ocrx_word' id='word_1_824' title='bbox 2083 4922 2150 4978; x_wconf 83' lang='lat' dir='ltr'><strong>te,</strong></span> <span class='ocrx_word' id='word_1_825' title='bbox 2180 4912 2332 4983; x_wconf 86' lang='lat' dir='ltr'><strong>Cyre,</strong></span> <span class='ocrx_word' id='word_1_826' title='bbox 2359 4929 2484 4966; x_wconf 82' lang='lat' dir='ltr'><strong>nam</strong></span> <span class='ocrx_word' id='word_1_827' title='bbox 2511 4913 2584 4966; x_wconf 87' lang='lat' dir='ltr'><strong>dii</strong></span> <span class='ocrx_word' id='word_1_828' title='bbox 2616 4920 2666 4964; x_wconf 87' lang='lat' dir='ltr'><strong>te</strong></span> <span class='ocrx_word' id='word_1_829' title='bbox 2694 4929 2832 4966; x_wconf 81' lang='lat' dir='ltr'><strong>nunc</strong></span> <span class='ocrx_word' id='word_1_830' title='bbox 2859 4895 3150 4966; x_wconf 77' lang='lat' dir='ltr'><strong>accersunt.</strong></span> <span class='ocrx_word' id='word_1_831' title='bbox 3200 4909 3358 4968; x_wconf 90' lang='lat' dir='ltr'><strong>Unde</strong></span> <span class='ocrx_word' id='word_1_832' title='bbox 3398 4909 3666 4980; x_wconf 70' lang='lat' dir='ltr'><strong>conjicie-</strong></span> 
     </span>
    </p>
   </div>
   <div class='ocr_carea' id='block_1_112' title="bbox 2084 5002 3663 5070">
    <p class='ocr_par' dir='ltr' id='par_1_112' title="bbox 2084 5002 3663 5070">
     <span class='ocr_line' id='line_1_112' title="bbox 2084 5002 3663 5070; baseline -0.003 -12"><span class='ocrx_word' id='word_1_833' title='bbox 2084 5004 2196 5068; x_wconf 88' lang='lat' dir='ltr'><strong>bat,</strong></span> <span class='ocrx_word' id='word_1_834' title='bbox 2232 5004 2339 5060; x_wconf 89' lang='lat' dir='ltr'><strong>sibi</strong></span> <span class='ocrx_word' id='word_1_835' title='bbox 2380 5004 2506 5059; x_wconf 68' lang='lat' dir='ltr'><strong>vita:</strong></span> <span class='ocrx_word' id='word_1_836' title='bbox 2556 5003 2722 5058; x_wconf 84' lang='lat' dir='ltr'><strong>finem</strong></span> <span class='ocrx_word' id='word_1_837' title='bbox 2764 5003 2970 5059; x_wconf 90' lang='lat' dir='ltr'><strong>instare</strong></span> <span class='ocrx_word' id='word_1_838' title='bbox 3005 5021 3018 5056; x_wconf 89' lang='lat'><strong>:</strong></span> <span class='ocrx_word' id='word_1_839' title='bbox 3065 5020 3130 5058; x_wconf 90' lang='lat' dir='ltr'><strong>ac</strong></span> <span class='ocrx_word' id='word_1_840' title='bbox 3174 5004 3340 5058; x_wconf 87' lang='lat' dir='ltr'><strong>tertio</strong></span> <span class='ocrx_word' id='word_1_841' title='bbox 3383 5002 3473 5056; x_wconf 88' lang='lat' dir='ltr'><strong>die</strong></span> <span class='ocrx_word' id='word_1_842' title='bbox 3517 5011 3663 5070; x_wconf 87' lang='lat' dir='ltr'><strong>post,</strong></span> 
     </span>
    </p>
   </div>
   <div class='ocr_carea' id='block_1_113' title="bbox 2084 5095 3666 5168">
    <p class='ocr_par' dir='ltr' id='par_1_113' title="bbox 2084 5095 3666 5168">
     <span class='ocr_line' id='line_1_113' title="bbox 2084 5095 3666 5168; baseline -0.002 -18"><span class='ocrx_word' id='word_1_843' title='bbox 2084 5097 2211 5151; x_wconf 83' lang='lat' dir='ltr'><strong>ﬁliis</strong></span> <span class='ocrx_word' id='word_1_844' title='bbox 2242 5097 2390 5168; x_wconf 85' lang='lat' dir='ltr'><strong>(nam</strong></span> <span class='ocrx_word' id='word_1_845' title='bbox 2420 5111 2545 5150; x_wconf 89' lang='lat' dir='ltr'><strong>eum</strong></span> <span class='ocrx_word' id='word_1_846' title='bbox 2578 5096 2825 5150; x_wconf 88' lang='lat' dir='ltr'><strong>comitati</strong></span> <span class='ocrx_word' id='word_1_847' title='bbox 2865 5096 3134 5161; x_wconf 76' lang='lat' dir='ltr'><strong>fuerant),</strong></span> <span class='ocrx_word' id='word_1_848' title='bbox 3167 5097 3362 5151; x_wconf 83' lang='lat' dir='ltr'><strong>amicis</strong></span> <span class='ocrx_word' id='word_1_849' title='bbox 3392 5105 3450 5150; x_wconf 90' lang='lat' dir='ltr'><strong>et</strong></span> <span class='ocrx_word' id='word_1_850' title='bbox 3470 5095 3666 5149; x_wconf 87' lang='lat' dir='ltr'><strong>Persa-</strong></span> 
     </span>
    </p>
   </div>
   <div class='ocr_carea' id='block_1_114' title="bbox 2083 5185 3664 5256">
    <p class='ocr_par' dir='ltr' id='par_1_114' title="bbox 2083 5185 3664 5256">
     <span class='ocr_line' id='line_1_114' title="bbox 2083 5185 3664 5256; baseline -0.003 -15"><span class='ocrx_word' id='word_1_851' title='bbox 2083 5204 2204 5241; x_wconf 91' lang='lat' dir='ltr'><strong>rum</strong></span> <span class='ocrx_word' id='word_1_852' title='bbox 2252 5187 2666 5256; x_wconf 85' lang='lat' dir='ltr'><strong>magistratibus</strong></span> <span class='ocrx_word' id='word_1_853' title='bbox 2701 5187 3027 5241; x_wconf 88' lang='lat' dir='ltr'><strong>accersitis:</strong></span> <span class='ocrx_word' id='word_1_854' title='bbox 3079 5187 3233 5253; x_wconf 82' lang='lat' dir='ltr'><strong>Mihi,</strong></span> <span class='ocrx_word' id='word_1_855' title='bbox 3284 5186 3486 5255; x_wconf 85' lang='lat' dir='ltr'><strong>inquit,</strong></span> <span class='ocrx_word' id='word_1_856' title='bbox 3541 5185 3664 5255; x_wconf 79' lang='lat' dir='ltr'><strong>jam</strong></span> 
     </span>
    </p>
   </div>
   <div class='ocr_carea' id='block_1_115' title="bbox 2083 5278 3664 5350">
    <p class='ocr_par' dir='ltr' id='par_1_115' title="bbox 2083 5278 3664 5350">
     <span class='ocr_line' id='line_1_115' title="bbox 2083 5278 3664 5350; baseline -0.003 -15"><span class='ocrx_word' id='word_1_857' title='bbox 2083 5283 2200 5336; x_wconf 69' lang='lat' dir='ltr'><strong>vita:</strong></span> <span class='ocrx_word' id='word_1_858' title='bbox 2225 5281 2349 5350; x_wconf 80' lang='lat' dir='ltr'><strong>ﬁnis</strong></span> <span class='ocrx_word' id='word_1_859' title='bbox 2378 5283 2565 5335; x_wconf 78' lang='lat' dir='ltr'><strong>ins-tat.</strong></span> <span class='ocrx_word' id='word_1_860' title='bbox 2604 5279 2699 5335; x_wconf 78' lang='lat' dir='ltr'><strong>Est</strong></span> <span class='ocrx_word' id='word_1_861' title='bbox 2731 5289 2906 5334; x_wconf 81' lang='lat' dir='ltr'><strong>autent</strong></span> <span class='ocrx_word' id='word_1_862' title='bbox 2937 5280 3343 5345; x_wconf 80' lang='lat' dir='ltr'><strong>declarandum,</strong></span> <span class='ocrx_word' id='word_1_863' title='bbox 3385 5279 3470 5332; x_wconf 81' lang='lat' dir='ltr'><strong>cui</strong></span> <span class='ocrx_word' id='word_1_864' title='bbox 3504 5278 3664 5332; x_wconf 79' lang='lat' dir='ltr'><strong>relin-</strong></span> 
     </span>
    </p>
   </div>
   <div class='ocr_carea' id='block_1_116' title="bbox 2081 5371 3661 5444">
    <p class='ocr_par' dir='ltr' id='par_1_116' title="bbox 2081 5371 3661 5444">
     <span class='ocr_line' id='line_1_116' title="bbox 2081 5371 3661 5444; baseline -0.003 -18"><span class='ocrx_word' id='word_1_865' title='bbox 2081 5391 2243 5444; x_wconf 83' lang='lat' dir='ltr'><strong>quam</strong></span> <span class='ocrx_word' id='word_1_866' title='bbox 2277 5375 2579 5443; x_wconf 73' lang='lat' dir='ltr'><strong>imperium,</strong></span> <span class='ocrx_word' id='word_1_867' title='bbox 2625 5388 2688 5425; x_wconf 85' lang='lat' dir='ltr'><strong>ne</strong></span> <span class='ocrx_word' id='word_1_868' title='bbox 2729 5373 3094 5427; x_wconf 72' lang='lat' dir='ltr'><strong>controversia!</strong></span> <span class='ocrx_word' id='word_1_869' title='bbox 3139 5371 3202 5423; x_wconf 86' lang='lat' dir='ltr'><strong>de</strong></span> <span class='ocrx_word' id='word_1_870' title='bbox 3243 5387 3300 5424; x_wconf 90' lang='lat' dir='ltr'><strong>eo</strong></span> <span class='ocrx_word' id='word_1_871' title='bbox 3338 5378 3468 5424; x_wconf 76' lang='lat' dir='ltr'><strong>orta:</strong></span> <span class='ocrx_word' id='word_1_872' title='bbox 3521 5371 3661 5424; x_wconf 80' lang='lat' dir='ltr'><strong>vobis</strong></span> 
     </span>
    </p>
   </div>
   <div class='ocr_carea' id='block_1_117' title="bbox 2083 5459 3656 5536">
    <p class='ocr_par' dir='ltr' id='par_1_117' title="bbox 2083 5459 3656 5536">
     <span class='ocr_line' id='line_1_117' title="bbox 2083 5459 3656 5536; baseline -0.004 -18"><span class='ocrx_word' id='word_1_873' title='bbox 2083 5465 2346 5534; x_wconf 70' lang='lat' dir='ltr'><strong>negotium</strong></span> <span class='ocrx_word' id='word_1_874' title='bbox 2372 5465 2656 5536; x_wconf 76' lang='lat' dir='ltr'><strong>facessunt.</strong></span> <span class='ocrx_word' id='word_1_875' title='bbox 2715 5462 2792 5516; x_wconf 87' lang='lat' dir='ltr'><strong>Tu</strong></span> <span class='ocrx_word' id='word_1_876' title='bbox 2831 5464 3008 5532; x_wconf 83' lang='lat' dir='ltr'><strong>igitur,</strong></span> <span class='ocrx_word' id='word_1_877' title='bbox 3058 5460 3333 5530; x_wconf 78' lang='lat' dir='ltr'><strong>Cambyse,</strong></span> <span class='ocrx_word' id='word_1_878' title='bbox 3385 5459 3475 5531; x_wconf 87' lang='lat' dir='ltr'><strong>qui</strong></span> <span class='ocrx_word' id='word_1_879' title='bbox 3525 5469 3656 5514; x_wconf 77' lang='lat' dir='ltr'><strong>natu</strong></span> 
     </span>
    </p>
   </div>
   <div class='ocr_carea' id='block_1_118' title="bbox 2085 5551 3676 5625">
    <p class='ocr_par' dir='ltr' id='par_1_118' title="bbox 2085 5551 3676 5625">
     <span class='ocr_line' id='line_1_118' title="bbox 2085 5551 3676 5625; baseline -0.003 -17"><span class='ocrx_word' id='word_1_880' title='bbox 2085 5555 2258 5623; x_wconf 78' lang='lat' dir='ltr'><strong>maior</strong></span> <span class='ocrx_word' id='word_1_881' title='bbox 2287 5570 2360 5620; x_wconf 83' lang='lat' dir='ltr'><strong>es,</strong></span> <span class='ocrx_word' id='word_1_882' title='bbox 2385 5570 2606 5625; x_wconf 82' lang='lat' dir='ltr'><strong>regnum</strong></span> <span class='ocrx_word' id='word_1_883' title='bbox 2631 5562 2824 5616; x_wconf 87' lang='lat' dir='ltr'><strong>teneto,</strong></span> <span class='ocrx_word' id='word_1_884' title='bbox 2850 5551 2986 5622; x_wconf 77' lang='lat' dir='ltr'><strong>quod</strong></span> <span class='ocrx_word' id='word_1_885' title='bbox 3017 5552 3108 5604; x_wconf 78' lang='lat' dir='ltr'><strong>tibi</strong></span> <span class='ocrx_word' id='word_1_886' title='bbox 3135 5561 3185 5605; x_wconf 86' lang='lat' dir='ltr'><strong>et</strong></span> <span class='ocrx_word' id='word_1_887' title='bbox 3227 5571 3259 5606; x_wconf 95' lang='lat' dir='ltr'><strong>a</strong></span> <span class='ocrx_word' id='word_1_888' title='bbox 3288 5551 3388 5605; x_wconf 79' lang='lat' dir='ltr'><strong>diis</strong></span> <span class='ocrx_word' id='word_1_889' title='bbox 3423 5561 3470 5605; x_wconf 80' lang='lat' dir='ltr'><strong>et</strong></span> <span class='ocrx_word' id='word_1_890' title='bbox 3498 5570 3532 5604; x_wconf 92' lang='lat' dir='ltr'><strong>a</strong></span> <span class='ocrx_word' id='word_1_891' title='bbox 3582 5567 3676 5604; x_wconf 81' lang='lat' dir='ltr'><strong>me-</strong></span> 
     </span>
    </p>
   </div>
   <div class='ocr_carea' id='block_1_119' title="bbox 2083 5644 3660 5715">
    <p class='ocr_par' dir='ltr' id='par_1_119' title="bbox 2083 5644 3660 5715">
     <span class='ocr_line' id='line_1_119' title="bbox 2083 5644 3660 5715; baseline -0.004 -17"><span class='ocrx_word' id='word_1_892' title='bbox 2083 5648 2355 5699; x_wconf 84' lang='lat' dir='ltr'><strong>tribuitur.</strong></span> <span class='ocrx_word' id='word_1_893' title='bbox 2409 5644 2479 5698; x_wconf 88' lang='lat' dir='ltr'><strong>Te</strong></span> <span class='ocrx_word' id='word_1_894' title='bbox 2518 5662 2660 5708; x_wconf 86' lang='lat' dir='ltr'><strong>vero,</strong></span> <span class='ocrx_word' id='word_1_895' title='bbox 2704 5644 3046 5708; x_wconf 70' lang='lat' dir='ltr'><strong>Tanaoatare,</strong></span> <span class='ocrx_word' id='word_1_896' title='bbox 3081 5651 3361 5715; x_wconf 80' lang='lat' dir='ltr'><strong>satrapam</strong></span> <span class='ocrx_word' id='word_1_897' title='bbox 3403 5646 3660 5698; x_wconf 78' lang='lat' dir='ltr'><strong>constitua</strong></span> 
     </span>
    </p>
   </div>
   <div class='ocr_carea' id='block_1_120' title="bbox 2084 5733 3655 5800">
    <p class='ocr_par' dir='ltr' id='par_1_120' title="bbox 2084 5733 3655 5800">
     <span class='ocr_line' id='line_1_120' title="bbox 2084 5733 3655 5800; baseline -0.003 -10"><span class='ocrx_word' id='word_1_898' title='bbox 2084 5734 2382 5800; x_wconf 74' lang='lat' dir='ltr'><strong>Medorum,</strong></span> <span class='ocrx_word' id='word_1_899' title='bbox 2414 5735 2787 5790; x_wconf 68' lang='lat' dir='ltr'><strong>armeniorum</strong></span> <span class='ocrx_word' id='word_1_900' title='bbox 2833 5740 2882 5786; x_wconf 85' lang='lat' dir='ltr'><strong>et</strong></span> <span class='ocrx_word' id='word_1_901' title='bbox 2933 5733 3348 5788; x_wconf 82' lang='lat' dir='ltr'><strong>Caddusiorum.</strong></span> <span class='ocrx_word' id='word_1_902' title='bbox 3399 5735 3524 5788; x_wconf 63' lang='lat' dir='ltr'><strong>llajc</strong></span> <span class='ocrx_word' id='word_1_903' title='bbox 3565 5734 3655 5787; x_wconf 83' lang='lat' dir='ltr'><strong>ubi</strong></span> 
     </span>
    </p>
   </div>
   <div class='ocr_carea' id='block_1_121' title="bbox 2085 5827 3670 5899">
    <p class='ocr_par' dir='ltr' id='par_1_121' title="bbox 2085 5827 3670 5899">
     <span class='ocr_line' id='line_1_121' title="bbox 2085 5827 3670 5899; baseline -0.001 -15"><span class='ocrx_word' id='word_1_904' title='bbox 2085 5829 2213 5886; x_wconf 79' lang='lat' dir='ltr'><strong>filiis</strong></span> <span class='ocrx_word' id='word_1_905' title='bbox 2253 5829 2559 5898; x_wconf 83' lang='lat' dir='ltr'><strong>mandarat,</strong></span> <span class='ocrx_word' id='word_1_906' title='bbox 2597 5827 2878 5898; x_wconf 85' lang='lat' dir='ltr'><strong>multaque</strong></span> <span class='ocrx_word' id='word_1_907' title='bbox 2914 5839 3276 5899; x_wconf 65' lang='lat' dir='ltr'><strong>praiceperat,</strong></span> <span class='ocrx_word' id='word_1_908' title='bbox 3323 5827 3517 5884; x_wconf 76' lang='lat' dir='ltr'><strong>alfatus</strong></span> <span class='ocrx_word' id='word_1_909' title='bbox 3565 5844 3670 5883; x_wconf 77' lang='lat' dir='ltr'><strong>eos</strong></span> 
     </span>
    </p>
   </div>
  </div>
