4092 6404
397 357 502 424 311

1640 362 1972 424 JOANNIS
2008 363 2336 428 ΖΟΝΑΒᾹί

3563 375 3673 443 312

390 470 484 539 qui
520 465 769 532 aderant,
795 484 859 524 ac
890 468 1081 524 dextra
1117 478 1375 540 porrecta
1407 471 1687 537 omnibus,
1722 481 1975 527 contecta

2081 479 2286 548 παρείη
2313 477 2408 532 τοῦ
2443 479 2558 550 βίου
2598 482 2630 552 ή
2670 479 2920 547 τελευτὴ,
2981 479 3073 535 καὶ
3112 482 3354 553 τριταῖος
3392 483 3518 547 τοὺς
3543 489 3674 538 παῖ-

390 560 552 625 facie,
585 561 905 631 exspiravit.
948 562 1029 616 Eo
1071 560 1355 629 defuncto,
1387 562 1573 618 statim
1616 563 1713 618 lilii
1748 563 1975 619 seditio-

2083 568 2180 632 δας
2205 570 2434 624 ἐκάλεσε
2462 573 2802 642 (συνείποντο
2828 573 2938 644 γὰρ
2966 574 3140 644 αὐτῷ)
3179 575 3273 628 καὶ
3313 577 3442 639 τοὺς
3482 577 3675 644 φίλους

389 667 516 706 nem
550 661 868 716 moverunt,
903 651 1069 706 urbes
1099 667 1162 706 ac
1185 651 1484 722 provinciae
1535 653 1884 716 defecerunt,
1909 668 1974 706 ac

391 743 444 796 in
470 744 628 814 pejus
657 745 892 798 ruebant
939 744 1142 800 omnia.
1175 744 1355 814 Atque
1387 745 1500 800 haec
1529 760 1560 800 a
1606 745 1974 814 XenOphonte

387 836 455 890 de
480 835 620 907 Cyro
642 837 857 906 prodita
890 837 1154 892 sunt.Sed
1184 837 1498 893 Herodotus
1525 837 1976 892 Halicarnasseus

387 947 452 985 ea
491 932 558 986 de
591 931 717 1002 Cyri
745 931 1096 991 educatione,
1129 930 1310 994 obitu,
1352 938 1578 999 totaque
1606 931 1720 986 vita
1763 940 1975 992 narrat,

389 1037 512 1090 quae
547 1037 832 1076 recensere
863 1021 1133 1092 prolixum
1165 1020 1354 1076 fuerit.
1381 1020 1514 1075 Mihi
1549 1036 1682 1076 vero
1711 1036 1977 1090 compen-

389 1113 542 1166 dium
586 1114 941 1167 historiarum
975 1113 1264 1179 scribenti,
1319 1128 1429 1166 non
1481 1112 1740 1168 convenit
1779 1113 1977 1167 verbo-

391 1220 515 1259 sum
554 1221 694 1274 opus
719 1214 1013 1260 contexere
1045 1222 1059 1258 :
1093 1205 1188 1259 sed
1240 1203 1374 1258 satis
1419 1210 1503 1258 est
1541 1218 1606 1258 ea
1637 1203 1970 1268 consectari,

391 1311 514 1364 qua:
566 1297 943 1366 probabiliora
990 1297 1272 1351 videntur.
1307 1295 1468 1366 169
1508 1294 1609 1350 Cui
1643 1309 1776 1350 vero
1804 1296 1972 1350 etiam

391 1384 654 1440 llerodoti
681 1387 748 1442 de
772 1387 867 1440 illo
897 1387 1249 1441 narrationes
1272 1385 1531 1441 evolvere
1577 1385 1734 1451 libet,
1766 1386 1814 1441 is
1855 1386 1973 1441 haec

388 1477 534 1532 libro
568 1478 767 1547 primo,
805 1479 891 1533 cui
925 1478 1134 1534 Clionis
1159 1477 1324 1532 Musa:
1351 1477 1542 1547 prima:
1579 1477 1802 1533 titulum
1826 1478 1974 1548 indi-

390 1571 494 1635 dit,
528 1572 795 1627 inveniet.

2084 660 2182 711 καὶ
2228 661 2327 724 τὰς
2388 663 2614 732 Περσῶν
2668 665 2866 734 ἀρχὰς,
2908 667 3002 718 καὶ
3025 661 3218 719 εἴπεν⁹
3279 667 3393 721 Μοὶ
3420 666 3538 735 μὲν
3565 669 3674 722 τοῦ

2076 751 2223 814 ,βίου
2255 751 2325 806 τὸ
2368 753 2544 818 τέλος
2569 754 2684 822 ἤδη
2732 756 3016 825 πάρεστι,
3074 757 3172 811 δεῖ
3213 758 3283 811 δὲ
3331 761 3673 827 σαφηνίσαι

2081 845 2212 912 περὶ
2243 843 2354 913 τῆς
2383 846 2730 914 βασιλείας,
2764 851 2881 904 τίνι
2905 850 3108 904 ἔσεται
3132 852 3261 920 μετ’
3301 851 3427 916 ἐμὲ,
3462 853 3560 905 ἵνα
3584 852 3674 920 μὴ

2077 936 2393 1004 πράκιιατα
2438 938 2582 1007 ὑμῖν
2615 941 2926 1010 παράσχῃ,
2969 942 3261 1010 γενομένη
3313 943 3671 1012 ἀμφίλογος.

2078 1027 2162 1080 Σὺ
2188 1027 2304 1096 μὲν
2331 1024 2462 1091 οὖν,
2499 1026 2572 1085 ὦ·
2592 1035 2901 1100 Καμϐύση,
2959 1037 3367 1102 πρεσϐύτερος
3393 1034 3478 1087 ὢν
3497 1077 3512 1100 ,
3559 1035 3676 1102 τὴν

2077 1119 2414 1182 ,ϐασιλείαν
2433 1122 2556 1192 ἔχε,
2593 1122 2744 1178 θεῶν
2791 1123 3104 1190 διδόντων,
3141 1125 3355 1194 λάμοῦ.
3383 1127 3484 1180 Σοὶ
3515 1125 3604 1188 δὲ,
3627 1123 3680 1180 ὧ

2083 1211 2427 1281 Ταναοξάρη
2477 1214 2574 1283 (6),
2606 1211 2760 1268 εἶναι
2809 1217 3088 1285 σατράπῃ
3115 1217 3324 1287 δίδωμι
3372 1218 3589 1283 Μήδων
3609 1235 3674 1270 τε

2082 1299 2181 1354 καὶ
2217 1302 2530 1370 Ἀρμενίων
2563 1304 2660 1358 καὶ
2716 1304 3132 1362 Καδδουσίων.
3172 1306 3361 1358 Ταῦτα
3397 1309 3510 1368 τοῖς
3547 1323 3675 1358 παι·-

2081 1393 2167 1445 σὶν
2200 1395 2597 1466 ἐντειλάμενος,
2635 1399 2731 1452 καὶ
2759 1398 3092 1468 παραινέσας
3140 1397 3334 1462 πολλὰ,
3364 1401 3456 1450 καὶ
3499 1413 3674 1467 προσ-

2079 1484 2248 1540 ειπὼν
2295 1488 2424 1551 τοὺς
2502 1490 2801 1559 παρόντας,
2849 1491 2944 1545 καὶ
3001 1491 3211 1554 πάντας
3243 1484 3671 1558 δεξιωσάμενος,

2081 1577 2518 1649 συνεκαλύψατο,
2555 1583 2652 1635 καὶ
2680 1581 2854 1645 οὕτως
2885 1581 3151 1648 ἐξέλιπεν.
3195 1584 3352 1637 Ἐπεὶ
3377 1583 3423 1636 δ’
3465 1585 3676 1644 ἐκεῖνος

386 1666 571 1737 ἀπῄει,
604 1668 768 1731 εὐθὺς
802 1669 854 1723 οἱ
895 1670 1080 1734 παῖδες
1109 1672 1275 1726 αὐτοῦ
1312 1672 1658 1738 ἐστασίαζον,
1693 1672 1881 1734 πόλεις
1949 1671 2005 1724 δέ
2045 1674 2142 1727 καὶ
2199 1673 2327 1743 ἔθνη
2368 1675 2686 1744 ἀφίσταντο,
2721 1679 2903 1732 πάντα
2933 1680 2978 1733 δ’
3008 1680 3101 1734 ἐπὶ
3127 1681 3185 1734 τὺ
3225 1683 3408 1752 χεῖρον
3437 1681 3674 1740 ἐτράπε-

384 1775 467 1815 το.
503 1759 688 1813 Ταῦτα
729 1759 828 1830 μὲν
873 1757 968 1816 οῦν
1001 1763 1080 1833 τῷ
1121 1763 1434 1833 Ξενοφῶντι
1475 1767 1604 1835 περὶ
1676 1764 1863 1833 Κύρου
1906 1764 2211 1835 ἱστόρηται.

2295 1765 2355 1820 ’0
2403 1767 2448 1820 δ’
2533 1769 2961 1838 Ἁλικαρνασεὺς
3033 1770 3318 1843 Ἡρόδοτος
3369 1771 3506 1826 ἄλλα
3541 1775 3676 1841 περὶ

383 1849 485 1919 τῆς
520 1850 703 1922 Κύρου
737 1855 904 1923 φησὶν
921 1855 1212 1926 ἀναγωγῆς
1234 1855 1407 1909 τεκαὶ
1439 1855 1722 1925 τελευτῆς,
1784 1857 1879 1911 καὶ
1907 1857 2008 1924 τῆς
2082 1858 2279 1929 λοιπῆς
2319 1859 2526 1932 βιοτῆς,
2568 1863 2605 1917 ἃ
2666 1863 2878 1936 μακρὸν
2909 1864 2976 1918 ἂν
3009 1863 3094 1936 εἴη
3135 1865 3471 1934 διηγεῖσθαι.
3515 1856 3676 1934 Ἐμοὶ

385 1941 430 1993 δ’
464 1943 734 2016 ἐπιτομὴν
775 1948 1022 2018 ἱστορίας
1062 1948 1441 2018 πεποιημένῳ,
1477 1949 1578 2003 οὐκ
1613 1950 1835 2003 ἐπέοικε
1873 1949 1974 2020 τὴν
2014 1953 2404 2022 πραγματείαν
2491 1954 2683 2009 θέσθαι
2738 1957 3098 2028 πολύστιχον,
3152 1957 3270 2010 ἀλλ’
3306 1957 3473 2020 αὐτὸς
3551 1956 3670 2025 μὲνν

391 2034 454 2088 τὰ
482 2035 827 2108 πιθανώτερα
851 2038 1086 2110 ἔγραψα.
1107 2040 1254 2110 Ὅτῳ
1274 2040 1317 2093 δ’
1353 2041 1550 2095 εἰδέναι
1611 2040 1882 2111 βούλημα,
1913 2041 2008 2095 καὶ
2044 2041 2189 2113 ἅπερ
2242 2044 2526 2117 Ἡρόδοτος
2555 2049 2686 2118 περὶ
2735 2050 2900 2104 αὑτοῦ
2946 2049 3351 2121 συνεγράψατο,
3386 2050 3488 2119 τὴν
3532 2042 3679 2101 ἐκεί·-

387 2145 482 2182 νου
540 2131 1068 2200 μεταχειριτάμενος
1110 2132 1314 2202 βίϐλον,
1349 2135 1576 2207 εὑρήσει
1631 2135 1805 2190 ταῦτα
1835 2134 1976 2188 κατὰ
2007 2133 2101 2188 τὸν
2165 2140 2385 2210 πρῶτον
2431 2141 2632 2209 ῒλόγον,
2667 2136 2712 2211 ᾧ
2742 2144 2842 2212 τήν
2893 2142 3119 2215 πρώτην
3147 2143 3256 2197 τῶν
3287 2144 3518 2199 Μουσῶν
3547 2147 3678 2204 ἐπέ-

387 2220 570 2292 γραψε
610 2225 677 2295 τῇ
720 2222 888 2296 βίϐλῳ
915 2224 1013 2296 τὴν
1044 2225 1248 2281 Κλειώ.
2486 2237 2494 2246 ’

2934 2387 3620 2404 *Ητνῇ

1510 2575 1864 2662 LIBER
1947 2575 2548 2680 QUARTUS.

460 2793 502 2847 1.
535 2791 709 2864 Cyrus
756 2792 922 2863 igitur
962 2791 1308 2865 Assyriorum
1348 2807 1580 2865 regnum
1634 2794 1714 2848 sic
1751 2789 1971 2853 evertit,

2146 2789 2227 2846 A'.
2261 2790 2442 2862 Κῦρος
2476 2792 2576 2861 μὲν
2609 2791 2701 2847 οῦν
2738 2792 2880 2847 οὕτω
2903 2793 3001 2865 τὴν
3033 2793 3143 2848 τῶν
3175 2794 3475 2864 Ἀσσυρίων
3494 2794 3677 2866 ἀρχὴν

389 2892 445 2939 et
474 2885 651 2956 primo
682 2886 768 2940 sui
803 2885 1020 2957 imperii
1053 2901 1220 2951 anno,
1278 2900 1309 2940 a
1342 2885 1661 2956 captivitate
1690 2883 1975 2939 Ilebraieae

2079 2883 2436 2938 καταλέλυκε.
2459 2885 2550 2954 Τῷ
2572 2885 2630 2938 δὲ
2650 2885 2850 2956 πρώτῳ
2871 2889 2978 2940 ἐτει
3009 2887 3108 2957 τῆς
3146 2885 3421 2957 βασιλείας
3477 2890 3669 2955 αὑτοῦ,

388 2977 570 3046 gentis
615 2978 1042 3047 septuagesimo,
1097 2976 1304 3032 Iudaeis
1347 2977 1443 3046 qui
1495 2976 1774 3048 Babylone
1818 2975 1974 3045 dege-

389 3067 544 3132 bant,
594 3067 778 3122 redire
820 3067 1223 3138 Hierosolyma,
1269 3068 1577 3138 urbemque
1617 3075 1673 3121 et
1710 3066 1974 3135 templum

389 3157 701 3211 instaurare
753 3157 1026 3226 permisit,
1083 3156 1138 3210 id
1189 3158 1336 3228 quod
1384 3157 1654 3228 propheta
1707 3157 1977 3212 Jeremias

387 3249 737 3320 praedixerat,
787 3259 842 3305 et
887 3260 1016 3304 ante
1072 3249 1228 3304 illum
1285 3249 1474 3306 Isaias.
1532 3251 1666 3306 Nam
1717 3249 1809 3304 ille
1859 3257 1974 3304 tum

387 3341 545 3407 vixit,
574 3357 700 3396 cum
732 3343 863 3396 urbs
896 3352 1190 3412 caperetur
1227 3361 1241 3397 :
1291 3342 1383 3397 hic
1423 3352 1552 3398 ante
1597 3343 1972 3412 captivitatem

388 3433 566 3496 urbis,
615 3443 672 3488 et
707 3434 895 3503 templi
943 3433 1312 3499 eversionem,
1360 3434 1520 3488 annis
1562 3442 1784 3489 centum
1838 3449 1974 3503 qua-

387 3525 657 3596 draginta.
689 3525 879 3596 Neque
909 3540 1043 3580 vero
1073 3525 1190 3580 haec
1232 3525 1498 3580 duntaxat
1533 3525 1826 3589 concessit,
1877 3525 1972 3580 sed

386 3626 444 3673 et
495 3633 650 3674 saera
705 3633 870 3683 vasa,
939 3633 968 3672 a
1026 3617 1570 3673 Nabuchodonosore
1638 3619 1970 3687 Babylonem

389 3711 675 3774 translata,
741 3727 840 3782 per
887 3710 1259 3766 Mithridatem
1315 3721 1646 3780 quaestorem
1707 3726 1866 3765 suum
1918 3720 1974 3767 et

387 3800 782 3857 Zorobabelem
842 3817 950 3856 una
1007 3801 1241 3857 remisit.
1315 3801 1381 3855 Et
1435 3803 1674 3874 Syriacis
1738 3804 1976 3874 satrapis

388 3892 690 3958 mandavit,
719 3902 780 3950 ut
818 3893 900 3948 eis
945 3893 1012 3948 ad
1045 3892 1468 3949 aedificationem
1521 3893 1842 3965 adiumento
1888 3911 1976 3950 es-

389 3997 532 4050 sent,
563 3996 837 4056 etomnes
864 3998 1118 4058 sumptus
1145 3986 1212 4041 de
1251 3987 1399 4058 regia
1432 3986 1668 4056 pecunia
1712 3988 1974 4058 suppedi-

391 4093 590 4138 tarent.
646 4080 801 4138 llisa
841 4081 984 4153 Cyro
1039 4080 1376 4145 constitutis,
1433 4080 1672 4135 duarum
1724 4081 1969 4136 tribuum

385 4159 626 4231 Iudaicae
663 4183 720 4230 et
743 4173 1112 4244 Benjamiticae
1145 4173 1444 4242 principes,
1475 4171 1680 4228 Levita
1705 4181 1761 4227 et
1785 4188 1972 4228 sacer-
1999 4159 2042 4192 "‘

387 4269 547 4324 dotes
572 4267 948 4338 Hierosolyma
983 4265 1417 4322 contenderunt.
1473 4266 1628 4320 Multi
1669 4266 1834 4321 etiam
1867 4267 1972 4321 Ba-

387 4357 586 4428 bylone
620 4373 866 4421 manere,
892 4374 1059 4429 quam
1091 4374 1220 4415 suas
1249 4358 1627 4428 possessiones
1658 4359 1973 4429 relinquere

388 4448 722 4504 maluerunt.
773 4447 894 4515 Quo
941 4465 1068 4504 cum
1112 4450 1521 4520 pervenissent,
1575 4448 1700 4520 Cyri
1737 4460 1974 4519 satrapae

387 4555 580 4594 omnes
609 4541 676 4595 ad
709 4539 1132 4595 aedificationem
1183 4541 1265 4596 eis
1299 4539 1476 4609 (fuere
1508 4549 1692 4596 autem
1737 4542 1976 4612 quadra-

388 4613 538 4700 ginta
568 4631 679 4686 duo
712 4631 883 4686 millia
928 4639 985 4686 et
1037 4634 1316 4698 sexcenta)
1357 4633 1674 4704 adjumento
1723 4633 1971 4688 fuerunt.

387 4724 506 4779 Jam
556 4723 610 4778 in
659 4723 812 4778 urbis
860 4732 918 4778 et
971 4724 1160 4794 templi
1211 4724 1669 4779 instaurationem
1722 4725 1970 4792 intentis,

389 4816 636 4871 ﬁnitimae
665 4825 878 4887 gentes,
908 4816 1157 4872 Chuthaei
1177 4817 1503 4885 praesertim,
1523 4833 1661 4887 quos
1686 4818 1973 4875 Salmana-

389 4923 500 4968 sar,
554 4905 733 4978 captis
781 4907 1049 4962 lsraelitis
1101 4907 1402 4962 Samariam
1441 4909 1781 4976 traduxerat,
1827 4911 1973 4966 invi-

391 4997 607 5058 dentes.
669 5005 920 5068 satrapas
973 4998 1030 5052 in
1098 4998 1295 5068 primis
1362 4999 1465 5053 sibi
1521 5001 1838 5068 conciliant,
1903 5017 1974 5057 ne

387 5085 808 5142 aediﬁcationem
839 5097 1250 5158 promoverent.
1280 5090 1488 5145 Deinde
1514 5093 1656 5162 Cyro
1687 5092 1972 5160 defuncto,

388 5179 533 5248 apud
562 5180 885 5252 Cambysen]
938 5181 1111 5236 lilium
1158 5192 1214 5236 et
1263 5197 1637 5239 successorem
1685 5186 1827 5256 ejus,
1867 5186 1976 5241 lle-

390 5271 584 5337 brtnos,
625 5283 686 5328 ut
707 5282 925 5342 gentem
953 5273 1217 5343 perfidam
1247 5283 1304 5329 et
1325 5275 1607 5338 rebellem,
1640 5292 1738 5346 per
1763 5277 1974 5333 litteras

324 5392 328 5396 <
391 5363 775 5419 criminantur.
815 5365 971 5432 Quod
1005 5365 1051 5421 si
1076 5366 1278 5421 urbem
1319 5374 1376 5421 et
1409 5369 1672 5436 templum
1724 5371 1974 5437 perfece-

2076 2976 2466 3048 ἐϐδομηκοστῷ
2521 2979 2636 3032 ὄντι
2680 2979 2866 3046 ἐξότου
2923 2979 3170 3050 Ἐϐραῖοι
3213 2981 3303 3047 εἰς
3367 2981 3672 3036 Βαϐυλῶνα

2077 3069 2137 3133 ἐξ
2169 3070 2526 3143 Ἰερουσαλὴμ
2553 3071 2996 3143 μετηνέχθησαν,
3031 3072 3298 3143 ἐπέτρεψε
3325 3076 3435 3136 τοῖς
3470 3075 3528 3128 ἐν
3563 3072 3672 3127 Βα-

2077 3162 2280 3217 ϐυλῶνι
2317 3159 2468 3217 οὖσιν
2523 3165 2798 3228 Ἰουδαίοις
2855 3165 3114 3218 ἀπελθεῖν
3153 3166 3232 3228 εἰς
3288 3165 3665 3235 Ἱεροσόλυμα,

2079 3256 2174 3308 καὶ
2214 3256 2636 3325 ἀνοικοδομῆσαι
2687 3258 2788 3328 τήν
2847 3275 2906 3310 τε
2944 3258 3099 3310 πόλιν
3135 3258 3231 3310 καὶ
3278 3257 3371 3311 τὸν
3410 3257 3557 3321 ναὸν,
3591 3259 3672 3321 ὡς

2076 3348 2104 3400 ό
2138 3347 2427 3418 προφήτης
2468 3347 2738 3418 Ἱερεμίας
2765 3348 3221 3420 προανεφὼνησε,
3257 3351 3352 3402 καὶ
3383 3349 3488 3419 πρδ
3516 3349 3666 3402 ἐκείο

2077 3457 2170 3494 νου
2226 3442 2254 3493 ὁ
2302 3441 2533 3503 Ἡσαΐας
2574 3440 2930 3511 προείρηκεν.
2979 3441 3042 3493 '0
3083 3441 3182 3511 μὲν
3236 3442 3346 3509 γὰρ
3385 3437 3473 3510 ἦν,
3515 3440 3664 3509 ὅτεὴ

2078 3532 2232 3595 πόλις
2258 3531 2393 3602 ἥλω,
2435 3532 2529 3584 καὶ
2567 3532 2596 3583 ό
2620 3532 2747 3594 ναὸς
2771 3531 3118 3601 κατεσκάφη,
3147 3533 3176 3584 ὁ
3201 3533 3246 3585 δ’
3287 3533 3518 3594 Ἡσαΐας
3545 3530 3667 3583 ἐτε-

2078 3641 2161 3676 σιν
2200 3624 2396 3677 ἑκατὸν
2447 3623 2541 3676 καὶ
2598 3625 3017 3693 τεσσαράκοντα
3055 3625 3320 3694 πρότερον
3349 3619 3440 3694 ἦν,
3475 3623 3507 3692 ἦ
3565 3623 3667 3692 τὴν

2077 3713 2232 3768 πόλιν
2272 3714 2496 3777 ἁλῶναι,
2531 3715 2626 3766 καὶ
2653 3715 3075 3785 κατασκαφῆναι
3098 3716 3156 3768 τὸ
3182 3715 3348 3784 ἱερόν.
3389 3715 3463 3767 Οὐ
3504 3715 3666 3784 μόνον

2075 3804 2122 3858 δ’
2161 3806 2333 3876 ἐφῆκε
2360 3807 2473 3868 τοῖς
2497 3803 2872 3876 αἰχμαλώτοις
2891 3809 2994 3876 τὴν
3017 3805 3299 3868 ἐπάνοδον,
3326 3808 3420 3860 καὶ
3440 3808 3537 3877 τὴν
3563 3806 3665 3874 τῆς

2076 3897 2288 3961 πόλεως
2327 3897 2422 3950 καὶ
2449 3896 2544 3950 τοῦ
2570 3897 2700 3950 ναοῦ
2719 3897 3106 3964 ἐξανάστασιν,
3132 3898 3265 3952 ἀλλὰ
3284 3899 3376 3951 καὶ
3397 3898 3466 3952 τὰ
3491 3898 3662 3970 σκεύη

2075 3989 2143 4042 τὰ
2166 3987 2260 4042 τοῦ
2284 3988 2414 4043 ναοῦ
2433 3988 2469 4042 ἃ
2494 3988 2964 4060 Ναϐουχοδονόσορ
2986 3992 3068 4054 είς
3093 3990 3394 4044 Βαϐυλῶνα
3410 3991 3663 4060 ἐκόμισε,

2080 4081 2420 4152 συνέπεμψε,
2463 4081 2741 4151 παραδοὺς
2797 4080 2975 4136 ταῦτα
3012 4083 3205 4151 φέρειν
3240 4082 3546 4153 Μιθριδάτῃ
3587 4082 3666 4151 τῷ

2076 4173 2240 4227 αὐτοῦ
2275 4173 2636 4243 γαζοφυλάκι,
2699 4174 2794 4228 καὶ
2839 4173 2918 4245 τῷ
2956 4175 3284 4245 Ζοροϐάϐελ..
3350 4174 3664 4227 Ἐπέστειλε

2075 4263 2130 4316 δὲ
2159 4264 2251 4317 καὶ
2281 4265 2394 4326 τοῖς
2423 4265 2482 4316 ἐν
2513 4263 2686 4334 Συρία
2715 4264 3050 4334 σατράπαις,
3095 4264 3448 4332 συναίρεσθαι
3479 4264 3666 4326 αὐτοῖς

2075 4355 2166 4407 ἐπὶ
2210 4356 2276 4424 τῇ
2329 4355 2437 4406 τῶν
2476 4355 2654 4426 ἔργων
2692 4355 2974 4425 οἰκοδομῇ,
3015 4356 3109 4408 καὶ
3137 4355 3236 4425 τὴν
3275 4356 3523 4426 δαπάνην
3563 4356 3664 4408 αὑ-

2075 4449 2200 4508 τοὺς
2229 4449 2487 4516 χορηγεῖν
2518 4447 2701 4499 πᾶσαν
2739 4447 2804 4499 ἐκ
2856 4446 2964 4498 τῶν
2996 4446 3295 4517 βασιλικῶν
3338 4447 3661 4519 χρημάτων.

2077 4536 2265 4590 Ταῦτα
2301 4537 2395 4590 τοῦ
2450 4522 2636 4607 Κόρου
2673 4537 3057 4602 θεσπίσαντος,
3100 4537 3433 4611 ἐξώρμησαν
3463 4540 3515 4591 οἱ
3552 4537 3664 4591 τῶν

2075 4629 2169 4683 δύο
2205 4630 2386 4699 φυλῶν
2415 4630 2676 4699 ἄρχοντες
2721 4633 2820 4702 τῆς
2860 4648 2918 4684 τε
2967 4629 3064 4685 τοῦ
3117 4631 3288 4685 Ἰούδα
3316 4633 3537 4700 καὶτῆς
3569 4631 3664 4684 Βε-

2076 4719 2397 4790 νιαμίτιδος,
2427 4720 2481 4772 οἵ
2526 4736 2587 4772 τε
2638 4720 2865 4774 Λευῖται
2917 4720 3016 4775 καὶ
3067 4722 3115 4774 οἱ
3159 4721 3342 4791 ἱερεῖς.
3384 4716 3575 4776 Πολλοὶ
3605 4721 3663 4774 δὲ

2077 4814 2134 4866 ἐν
2163 4816 2229 4884 τῇ
2257 4812 2537 4867 Βαϐυλῶνι
2562 4813 2915 4884 κατέμειναν,
2947 4813 3047 4877 τὰς
3076 4817 3304 4886 κτήσεις
3337 4816 3664 4868 καταλιπεῖν

2076 4905 2175 4976 οὐχ
2197 4904 2530 4975 αἱρούμενοι.
2569 4905 3046 4974 Παραγενομένοις
3075 4907 3131 4959 δὲ
3162 4908 3243 4969 εἰς
3285 4907 3658 4977 Ἱεροσόλυμα,

2075 4999 2126 5052 οἱ
2155 4998 2248 5052 τοῦ
2279 4997 2464 5068 Κύρου
2501 4997 2702 5060 πάντες
2746 4999 3056 5068 συνήργουν
3087 4998 3272 5062 αὐτοῖς
3321 4999 3402 5060 είς
3433 5000 3533 5061 τὰς
3579 4999 3660 5051 ot-

2077 5089 2335 5159 κοδομὰς,
2363 5090 2455 5142 καὶ
2482 5090 2874 5159 συνέπραττον.
2904 5085 3086 5143 Ἦσαν
3109 5090 3154 5143 δ’
3186 5091 3235 5143 οἱ
3269 5090 3662 5153 ἐπανελθόντες

2080 5183 2339 5253 μυριάδες
2364 5181 2652 5252 τέσσαρες,
2685 5180 2933 5251 δισχίλιοί
2971 5198 3030 5234 τε
3061 5181 3153 5234 καὶ
3187 5179 3480 5246 ἑξακόσιοι.
3517 5183 3657 5252 Ἤδη

2075 5277 2131 5329 δὲ
2157 5278 2288 5347 περὶ
2325 5274 2424 5346 τὴν
2457 5273 2748 5343 οἰκοδομὴν
2776 5275 2874 5343 τῆς
2905 5273 3115 5335 πόλεως
3145 5273 3506 5334 σπευδόντων,
3563 5273 3660 5326 καὶ

2076 5369 2169 5422 τοῦ
2203 5369 2355 5432 ναοῦ,
2397 5366 2465 5420 τὰ
2499 5366 2657 5435 πέριξ
2687 5365 2839 5435 ἔθνη,
2892 5364 2986 5418 καὶ
3020 5364 3256 5434 μάλιστα
3285 5365 3345 5418 τὸ
3371 5365 3660 5420 Χουθαίων

395 5455 526 5517 rint,
559 5472 740 5526 neque
777 5458 984 5512 tributa
1015 5473 1305 5526 pensuros,
1351 5473 1530 5528 neque
1562 5458 1712 5513 dicto
1741 5460 1974 5514 audien-

2078 5460 2171 5525 οὓς
2203 5457 2572 5528 Σαλμανασὰρ
2606 5455 2905 5528 μετῴκισεν
2936 5458 3015 5518 είς
3049 5457 3384 5527 Σαμάρειαν,
3411 5459 3500 5511 ὅτε
3532 5459 3660 5520 τοὺς

398 5554 479 5600 tes
511 5545 743 5602 futuros.
782 5547 875 5603 llis
908 5556 960 5603 et
993 5548 1246 5618 pluribus
1267 5549 1390 5604 aliis
1416 5550 1637 5618 scriptis
1660 5550 1709 5604 ei
1745 5566 1968 5620 persua-

2087 5535 2433 5624 Ἰσραηλίτας
2465 5547 2864 5621 ὲξῃμαλώτισε,
2899 5547 3243 5620 φθονοῦντες,
3279 5551 3406 5616 τοὺς
3447 5553 3654 5623 σατρά-

1609 5711 1810 5774 Varia;
1837 5711 2145 5774 lectiones
2175 5719 2237 5775 et
2267 5720 2459 5774 notae.

479 5827 555 5897 (6)
596 5831 956 5900 Ταναοξάρη.
987 5833 1065 5887 [ta
1088 5832 1432 5906 XenOphon;
1466 5845 1519 5891 at
1540 5837 1662 5894 cod.
1696 5837 1852 5893 Colb.
1888 5838 1970 5893 Τα

2083 5839 2188 5912 ἀρῃ
2220 5839 2462 5912 ρταιΐοτι.
