4092 6404
313 371 423 436 313

1569 386 1983 452 ANNALIUM
2025 390 2170 452 LIB.
2219 393 2316 455 ιν.

3489 394 3596 459 3M

313 501 424 547 πας
458 482 831 549 ἐδεξιώσαντο
888 493 1174 561 πρότερον.
1209 494 1284 565 μὴ
1314 496 1620 569 ἐπαρήγειν
1641 505 1754 566 τοῖς
1788 503 1913 556 ’1ου-

2021 515 2235 571 serunt,
2268 515 2329 562 ut
2352 506 2506 563 urbis
2530 517 2585 563 et
2618 509 2804 578 templi
2854 509 3305 567 instaurationem
3340 513 3599 582 prohibe-

311 578 485 640 6z£otg
516 580 599 641 εἰς
626 578 727 651 τὴν
759 583 1075 655 οἰκοδομήν.
1115 583 1248 641 Εἶτα
1279 590 1375 643 τοῦ
1412 592 1595 663 Κύρου
1625 596 1722 665 τὴν
1756 596 1902 665 ζωὴν

312 670 747 749 κιταλύσαντος,
786 676 1090 746 Καμϐύσου
1125 679 1178 732 δὲ
1211 681 1304 736 τοῦ
1353 686 1542 750 παιδ“ς
1568 687 1776 741 ἐκείνου
1806 688 1904 760 τὴν

311 765 495 834 ἀρχὴν
556 765 976 836 διαδεξαμένου,
1020 773 1295 841 γράφουσι
1327 775 1406 845 τῷ
1442 778 1740 851 Καμϐύσῃ,
1783 780 1904 834 δια-

314 854 608 919 ϐλλλοντες
644 857 771 921 τοὺς
810 858 1098 928 Ἐϐραίους
1127 861 1202 925 ὡς
1235 864 1390 930 ἔθνος
1423 869 1792 925 ἀποστάτικήν
1842 889 1903 925 τε

315 947 413 999 καὶ
450 947 851 1012 ἀνυπότακτον,
883 953 979 1003 καὶ
1006 955 1054 1005 εί
1092 953 1191 1025 τὴν
1221 956 1376 1010 πόλιν
1402 960 1496 1012 καὶ
1528 961 1620 1012 τὸν
1647 962 1777 1015 ναὸν
1811 964 1905 1017 ὲκ-

268 1104 276 1110 .
316 1039 620 1106 τελέσουσι,
645 1039 920 1108 λέγοντες,
946 1042 1071 1097 οὔτε
1092 1045 1295 1116 φόρους
1317 1048 1607 1115 δώσουσιν,
1631 1051 1745 1106 οὗθ’
1771 1055 1905 1108 ὑπα-

318 1129 622 1186 ιιπύσονται.
656 1131 871 1198 Ταῦτα,
931 1136 1025 1189 καὶ
1065 1138 1238 1192 πλείω
1284 1141 1515 1195 τοιαῦτα
1560 1144 1902 1216 γράψαντες,

314 1224 545 1277 ἔπεισαν
593 1226 756 1279 αὐτὸν
795 1227 1044 1282 κωλύσαι
1102 1230 1202 1301 τὴν
1230 1232 1334 1301 τῆς
1386 1234 1597 1297 πόλεως
1656 1236 1754 1290 καὶ
1806 1237 1903 1291 τοῦ

314 1316 445 1368 νιοῦ
501 1318 944 1390 άνοικοδὸμησιν,
1003 1323 1096 1375 καὶ
1128 1323 1399 1396 ἐπεσχέθη
1449 1326 1518 1381 τὰ
1566 1328 1708 1401 ἔργα
1740 1329 1904 1401 μέχρι

312 1408 409 1463 hi
434 1409 698 1480 δευτέρου
717 1412 873 1477 ἔτους
898 1413 996 1478 τῆς
1022 1413 1302 1485 βασιλείας
1323 1420 1554 1490 Δαρείου
1579 1421 1676 1474 τοῦ
1706 1422 1906 1476 ’Υστά-

313 1508 480 1568 σπου,
502 1503 587 1555 ἐπ’
612 1502 706 1574 ἔτη
733 1505 911 1560 ἐννέα.
941 1508 1249 1580 Καμϐύσης
1279 1510 1389 1582 γὰρ
1416 1512 1559 1566 ἑπτὰ
1578 1513 1907 1584 βασιλεύσας

311 1593 438 1661 ἔτη,
473 1594 570 1648 καὶ
598 1598 1122 1669 καταστρεψάμενος
1157 1604 1215 1656 ὲν
1237 1601 1450 1668 τούτοις
1481 1605 1580 1677 τὴν
1608 1608 1904 1675 Αἴγυπτον,

313 1686 668 1756 ὑποστρέψας
699 1690 757 1741 ὲν
803 1691 1084 1761 Δαμασκῷ
1143 1693 1486 1765 ἐτελεύτησε,
1542 1697 1651 1751 τῶν
1698 1699 1908 1766 Μάγων

312 1781 416 1843 τῖς
452 1778 732 1849 βασιλείας
790 1784 1077 1853 ἑγκρατῶν
1127 1788 1466 1858 γενομένων.
1516 1792 1699 1847 Καλὸν
1727 1793 1909 1848 δὲκαὶ

313 1870 419 1938 τὴν
452 1873 820 1941 περὶτούτων
858 1877 1114 1947 διήγησιν
1161 1881 1498 1957 ποιήσασθαι
1539 1886 1599 1938 ὲν
1641 1886 1906 1960 ἐπιτομῇ.
1940 1859 1986 1915 Β

318 1962 414 2033 Τῷ
451 1964 727 2040 Καμϐύσῃ
764 1962 834 2039 ἦν
861 1968 1116 2040 ἀδελφὸς,
1148 1973 1293 2029 κατὰ
1331 1974 1430 2045 μὲν
1457 1976 1550 2031 τὸν
1589 1975 1911 2048 Ξενοφῶντα

318 2055 699 2130 Ταναοξάρης,
730 2060 872 2117 κατὰ
903 2062 962 2116 δὲ
989 2066 1083 2118 τὸν
1113 2066 1399 2136 Ἡρόδοτον
1428 2070 1680 2143 Σμέρδης
1706 2073 1912 2144 ὀνομα-

318 2148 573 2218 ζόμενος.
644 2153 866 2220 Ἐδοξεν
914 2152 1010 2213 οὖν
1062 2160 1122 2212 ὲν
1179 2160 1441 2233 Αἰγύπτῳ
1494 2165 1578 2234 τῷ
1638 2167 1913 2241 Καμϐύσῃ

319 2244 649 2314 τυγχάνοντι
699 2248 824 2302 καθ’
856 2246 1063 2316 ὕπνους
1093 2270 1179 2318 τις
1231 2256 1459 2320 ἐπιστὰς
1501 2257 1704 2328 λέγειν,
1752 2261 1828 2325 ὡς
1855 2263 1913 2327 ἐς

317 2335 416 2387 τὸν
444 2334 726 2406 βασιλικὸν
754 2341 986 2407 καθίσας
1022 2343 1213 2416 θρόνον
1240 2348 1268 2401 6
1299 2347 1569 2421 Σμέρδης,
1594 2353 1660 2422 τῇ
1693 2352 1909 2426 κεφαλῇ

316 2427 415 2520 τοῦ
436 2428 609 2520 πόλου
631 2431 1034 2504 προσψαύσειε.
1054 2437 1252 2501 Δείσας
1271 2439 1367 2494 οὖν
1388 2458 1457 2495 πε
1465 2443 1522 2514 pl.
1547 2446 1613 2516 τῇ
1638 2445 1911 2520 βασιλείᾳ,

316 2516 414 2568 fw
469 2518 809 2594 Πρηξάσπην
855 2527 1176 2596 παραυτίκα
1205 2531 1578 2602 παραπέμπει
1603 2535 1662 2597 ἐς
1712 2516 1911 2602 Σοῦσα,

317 2610 621 2667 κτενοῦντα
648 2613 826 2687 λάθρα
857 2617 949 2673 τὸν
997 2620 1252 2690 ἀδελφόν.
1285 2623 1398 2676 Καὶ
1426 2625 1455 2678 6
1484 2625 1584 2695 μὲν
1632 2626 1777 2681 οὕτω
1807 2630 1918 2684 διέ-

316 2702 532 2775 φθαρτο
558 2721 572 2738 ⁸
600 2709 629 2762 6
653 2706 710 2761 δὲ
742 2710 1052 2784 Καμϐύσης
1081 2712 1141 2766 τὸ
1166 2713 1346 2784 χρεὼν
1371 2717 1474 2770 ούκ
1502 2717 1757 2789 ἐξέφυγε.
1793 2721 1915 2774 Δύω

316 2795 433 2864 γάρ
455 2792 599 2867 ἦσαν
639 2800 859 2870 ἀδελφοὶ
886 2803 1084 2873 Μῆδοι,
1124 2805 1292 2875 μάγοι
1326 2807 1701 2881 κεκλημένοι,
1741 2808 1915 2885 ὧντῷ

323 2887 428 2956 μὲν
454 2889 777 2963 Κατιζίθης,
810 2893 890 2964 τῷ
939 2895 996 2949 δὲ
1023 2897 1280 2971 Σμέρδης
1312 2897 1383 2970 ἦν
1415 2903 1484 2956 τὰ
1540 2903 1806 2975 ὀνόματα.
1853 2907 1913 2962 Ὁ

323 2980 385 3034 δὲ
418 2982 665 3056 Σμέρδης
693 2985 754 3038 οὐ
782 2986 877 3041 τοῦ
904 2988 1175 3060 ὀνόματος
1204 2992 1484 3048 ἐκοινώνει
1508 2997 1668 3067 μόνον
1695 3000 1914 3074 Σμέρδῃ

321 3074 403 3143 τῷ
441 3074 624 3145 Κύρου
656 3078 831 3145 παιδὶ,
859 3079 998 3135 ἀλλὰ
1029 3082 1239 3138 καὶτοῦ
1275 3086 1451 3152 είδους
1476 3087 1662 3145 αὐτοῦ.
1693 3090 1913 3146 Τούτων

2013 605 2114 651 ret.
2152 595 2231 650 Ita
2257 612 2397 667 opus
2432 598 2759 666 impeditum
2805 608 2888 654 est
2940 616 3117 669 usque
3173 601 3241 656 ad
3287 604 3596 657 secundum

2010 702 2216 743 annum
2240 689 2387 743 Darii
2419 690 2586 755 regis,
2613 691 2708 745 lilii
2740 689 3021 762 Hystaspis
3046 708 3144 762 per
3170 708 3344 748 annos
3374 710 3596 749 novem.

2010 781 2147 836 Nam
2199 781 2500 852 Cambyses
2546 798 2673 837 cum
2718 791 2930 852 septem
2966 794 3252 855 regnasset
3301 802 3497 847 annos,
3541 797 3599 842 et

2009 873 2301 944 Egyptum
2336 874 2668 945 subegisset,
2700 873 2828 929 inde
2866 890 3127 929 reversus
3154 876 3400 930 Damasci
3433 877 3594 941 obiit,

2012 982 2183 1035 regno
2210 982 2239 1021 a
2265 967 2438 1036 magis
2463 976 2757 1035 occupato,
2804 966 2873 1021 de
2906 967 3109 1036 quibus
3144 974 3201 1021 et
3230 967 3321 1021 hic
3355 967 3600 1021 breviter

2010 1068 2096 1114 est
2157 1058 2475 1113 dicendum.
2533 1059 2695 1129 170
2741 1057 3041 1131 Cambyses
3095 1058 3322 1112 fratrem
3379 1058 3594 1123 habuit,

1984 1167 2174 1226 .quem
2221 1152 2530 1223 XenOphon
2591 1153 2992 1217 Tanaoxarem,
3047 1151 3362 1207 Herodotus
3412 1150 3599 1205 Smer-

2011 1245 2123 1301 dim
2156 1245 2414 1316 appellat.
2464 1245 2626 1300 Visus
2652 1244 2820 1315 igitur
2855 1251 2941 1298 est
2984 1244 3040 1298 in
3085 1244 3299 1299 somnis
3342 1241 3597 1313 Cambysi

2013 1336 2070 1391 in
2101 1336 2337 1409 Egypto
2367 1336 2548 1406 agenti
2597 1336 2824 1406 quidam
2853 1336 3063 1403 dicere,
3088 1350 3093 1354 ·
3115 1335 3413 1396 Smerdim,
3447 1334 3599 1404 regio

2013 1429 2211 1484 throno
2254 1437 2548 1497 occupato,
2599 1428 2780 1497 capite
2826 1428 2998 1482 cmlos
3051 1427 3348 1497 attingere.
3405 1427 3598 1494 Regno

2014 1523 2182 1594 igitur
2207 1531 2479 1588 metuens,
2531 1522 2862 1591 Prexaspem
2912 1520 3055 1577 Susa
3100 1521 3290 1584 mittit,
3345 1520 3437 1589 qui
3487 1518 3600 1572 fra-

2014 1622 2155 1671 trem
2185 1614 2496 1670 clanculum
2537 1613 2855 1683 perimeret.
2887 1611 2967 1667 Ac
2997 1612 3088 1667 ille
3120 1611 3342 1681 quidem
3367 1611 3441 1663 ita
3472 1624 3572 1678 per

2014 1708 2100 1775 iit,
2136 1707 2234 1764 sed
2272 1706 2571 1777 Cambyses
2628 1704 2727 1760 fati
2777 1704 2888 1759 vim
2938 1719 3049 1759 non
3094 1703 3308 1772 effugit.
3350 1702 3598 1755 Fuerunt

2014 1801 2162 1856 enim
2203 1798 2315 1855 duo
2347 1796 2547 1851 fratres
2584 1794 2751 1861 Medi,
2795 1807 3031 1864 quorum
3082 1794 3225 1848 alter
3270 1792 3596 1851 Catizithes,

2013 1891 2155 1947 alter
2203 1887 2452 1945 Smerdis
2504 1885 2830 1950 vocabatur,
2891 1883 3237 1955 professione
3293 1882 3458 1951 magi.
3521 1882 3599 1936 Ac

2013 1981 2260 2038 Smerdis
2310 1995 2419 2034 non
2470 1986 2685 2034 tantum
2727 1990 2954 2042 nomen,
3006 1975 3104 2030 sed
3141 1973 3373 2029 formam
3430 1971 3599 2027 etiam

2013 2089 2138 2129 cum
2164 2070 2382 2128 Smerdi
2412 2070 2538 2142 Cyri
2579 2067 2695 2124 ﬁlio
2728 2082 3081 2124 communem
3136 2064 3396 2120 habebat.
3442 2064 3599 2119 Alte-

2013 2180 2136 2220 rum
2159 2162 2459 2234 Cambyses
2482 2176 2708 2217 suarum
2737 2175 2925 2216 rerum
2950 2165 3268 2215 curatorem
3291 2155 3592 2225 delegerat.

2012 2258 2154 2313 Dum
2182 2257 2350 2328 igitur
2396 2271 2491 2311 rex
2529 2256 2588 2310 in
2626 2253 2863 2334 Egypto
2909 2251 3253 2314 morabatur,
3295 2246 3600 2302 Catizithes

2012 2353 2163 2410 estde
2208 2348 2476 2413 Smerdis,
2525 2362 2693 2419 quam
2729 2344 2890 2419 pauci
2936 2350 3161 2409 norant,
3212 2340 3455 2412 cognita,
3507 2353 3598 2393 re-

2013 2460 2184 2517 gnum
2219 2442 2479 2499 invadere
2514 2441 2800 2497 destinat:
2830 2437 2999 2508 idque
3049 2433 3208 2491 fratri
3239 2432 3335 2503 qui
3383 2429 3600 2486 Smerdi

2014 2543 2071 2591 et
2092 2532 2318 2588 nomine
2346 2540 2403 2588 et
2429 2529 2783 2587 lineamentis
2817 2525 3069 2597 corporis
3096 2523 3399 2596 persimilis
3426 2529 3598 2579 esset.

2014 2625 2202 2689 tradit,
2232 2639 2341 2678 non
2376 2631 2437 2677 ut
2488 2621 2646 2677 fratri
2689 2630 2814 2683 suo,
2848 2618 2944 2672 sed
2995 2624 3057 2671 ut
3106 2613 3235 2686 Cyri
3266 2613 3404 2677 filio,
3443 2610 3602 2666 fratri

2013 2716 2320 2789 Cambysis,
2352 2724 2407 2770 et
2431 2730 2712 2786 praecones
2752 2712 2957 2784 passim
2992 2709 3249 2774 dimittit,
3278 2707 3373 2778 qui
3409 2706 3598 2762 Smer-

2014 2810 2128 2866 dim
2153 2810 2278 2882 Cyri
2318 2810 2489 2864 filium
2529 2823 2712 2879 regem
2752 2806 3115 2876 proclament.
3162 2803 3239 2857 Ea
3271 2814 3332 2855 re
3358 2798 3602 2869 cognita,

1996 2900 2312 2973 Cambyses
2346 2901 2657 2969 Prexaspen
2695 2898 2933 2959 incusat,
2969 2903 3030 2949 ut
3068 2893 3322 2948 mandata
3363 2906 3473 2945 non
3503 2904 3603 2944 exi

2015 3001 2267 3049 secutum
2307 2990 2434 3060 :qui
2468 3004 2593 3044 cum
2618 2986 2936 3051 afﬁrmaret,
2971 2985 3198 3039 fratrem
3229 3024 3244 3050 ,
3281 2979 3602 3052 quem‘ipse

2016 3094 2074 3141 et
2102 3082 2397 3139 occidisset
2427 3090 2483 3137 et
2513 3080 2826 3151 sepelisset,
2874 3076 2927 3133 ei
2963 3091 3073 3131 non
3112 3087 3337 3128 movere
3377 3070 3607 3127 seditio-

314 3165 414 3218 τδν
465 3166 653 3237 ἕτερον
682 3172 1015 3244 φροντιστὴν
1049 3173 1188 3239 ,τῶν
1245 3176 1444 3231 ἑαυτοῦ
1503 3181 1847 3250 πραγμάτων
1884 3184 1913 3237 6

2018 3192 2146 3232 nem
2187 3189 2535 3247 :praeconem
2564 3173 2659 3243 qui
2686 3170 2987 3236 Smerdim,
3025 3167 3153 3240 Cyri
3183 3166 3381 3230 ﬁlium,
3421 3177 3607 3234 regem

317 3258 633 3329 Καμϐύσης
694 3261 980 3336 ἐκέκτητο.
1034 3266 1399 3337 Χρονίζοντος
1442 3270 1488 3324 δ’
1533 3273 1593 3327 ὲν
1648 3273 1914 3347 Αἰγύπτῳ

317 3351 515 3415 αὑτοῦ,
545 3352 707 3422 γνοὺς
737 3355 832 3409 τδν
865 3356 1028 3426 φόνον
1057 3358 1151 3411 τοῦ
1187 3360 1434 3431 Σμέρδου
1464 3362 1560 3416 τοῦ
1595 3363 1691 3418 τοῦ
1723 3365 1913 3438 Κύρου

319 3445 516 3508 παιδὸς
538 3448 569 3500 6
620 3448 942 3520 Κατιξίθης,
970 3452 1069 3505 καὶ
1103 3452 1181 3517 ὡς
1210 3453 1416 3523 ὀλίγοις
1448 3457 1477 3510 6
1499 3458 1716 3512 ἐκείνου
1745 3459 1915 3516 θάνα-

316 3554 415 3598 τος
448 3536 744 3605 ἔγνωσται,
780 3539 1069 3596 ἐπιθέσθαι
1090 3545 1155 3615 τῇ
1183 3542 1436 3616 βασιλείᾳ
1467 3528 1772 3619 ἐσκέψατο’
1820 3552 1917 3607 καὶ

316 3627 418 3680 τὸν
457 3629 689 3697 ἀδελφὺν
738 3631 1142 3702 ὁμωνυμοῦντα
1175 3633 1256 3706 τῷ
1289 3635 1527 3709 Σμέρδῃ,
1582 3640 1673 3693 καὶ
1711 3640 1916 3713 πολλὴν

320 3720 466 3790 πρὸς
495 3721 705 3776 ἐκεῖνον
730 3722 1033 3795 ἐμφέρειαν
1062 3723 1281 3796 ἔχοντα,
1319 3728 1401 3791 είς
1424 3728 1516 3783 τὸν
1543 3729 1734 3802 θρόνον
1783 3734 1917 3788 ἐκά-

321 3812 446 3868 θισε
498 3815 591 3868 τὸν
623 3816 918 3884 βασίλειον,
954 3817 1056 3888 οὐχ
1085 3817 1163 3882 ὡς
1213 3820 1417 3874 οίκετον
1467 3822 1766 3894 ὁμαίμονα,
1800 3824 1919 3881 ἀλλ’

321 3908 402 3971 ὡς
452 3908 548 3961 τού
582 3909 769 3980 Κύρου
824 3911 962 3977 υίδν,
998 3910 1094 3965 καὶ
1146 3911 1243 3967 τοῦ
1273 3913 1580 3984 Καμϐύσου
1624 3918 1916 3989 ὁμόγνιον·

322 4001 423 4054 καὶ
451 4003 702 4071 κήρυκας
732 4001 1003 4072 διέπεμψε
1037 4004 1341 4077 πανταχοῦ,
1392 4005 1624 4077 βασιλέα
1672 4010 1767 4064 τὸν
1801 4011 1918 4067 Κύ-

327 4110 428 4161 ρου
458 4095 709 4166 Σμέρδην
736 4097 1130 4165 ἀγγέλλοντας.
1164 4098 1370 4153 Μαθὼν
1421 4096 1515 4155 οὖν
1544 4103 1718 4158 ταῦτα
1775 4106 1868 4160 καὶ
1892 4107 1921 4160 6

324 4183 663 4255 Καμϐύσης,
702 4185 796 4240 τὸν
827 4187 1170 4260 Πρηξάσπην
1200 4190 1505 4258 ἀνέκρινεν,
1534 4193 1611 4258 ὡς
1661 4195 1737 4266 μὴ
1777 4197 1921 4269 πλη-

330 4273 590 4345 ρώσαντα
627 4277 678 4329 οί
701 4275 765 4330 τὺ
800 4278 1121 4332 κελευσθέν.
1165 4279 1228 4333 Ὃ
1276 4280 1335 4334 δὲ
1364 4281 1692 4349 διεϐεϐαίου,
1723 4286 1801 4356 μὴ
1830 4288 1921 4342 τὸν

325 4366 560 4438 ἀδελφὸν
614 4370 995 4442 ἑπαναστῆναι
1052 4373 1203 4443 αὐτῷ
1230 4389 1246 4405 ·
1316 4376 1554 4431 Ἐκεῖνον
1609 4380 1719 4451 γὰρ
1783 4381 1916 4449 ἐγὼ,

326 4458 539 4528 ἔλεγεν,
567 4460 645 4525 ὡς
669 4464 733 4516 σὺ
762 4464 1040 4527 ἑνετείλω,
1075 4466 1303 4520 ἔκτανόν
1333 4485 1391 4521 τε
1422 4471 1518 4523 καὶ
1554 4469 1752 4542 ἔθαψα.
1786 4474 1920 4528 Συλ-

2019 3270 2078 3325 in
2136 3268 2386 3324 exercitu
2440 3263 2844 3337 proclamabat,
2897 3259 3367 3330 comprehenSum
3427 3261 3606 3322 rogat,

2016 3380 2150 3420 num
2179 3363 2295 3433 ipse
2328 3359 2601 3417 Smerdim
2636 3356 2857 3422 viderit,
2893 3361 2951 3410 et
2978 3368 3111 3408 num
3158 3350 3229 3407 de
3276 3348 3425 3404 illius
3452 3360 3609 3400 man-

2017 3456 2146 3513 dato
2174 3456 2278 3511 ista
2303 3452 2640 3525 proclamet?
2668 3447 2986 3519 Respondet
3013 3445 3201 3509 homo,
3242 3457 3301 3497 se
3327 3437 3606 3495 Smerdim

2018 3565 2130 3604 non
2159 3547 2385 3612 vidisse,
2411 3545 2506 3601 sed
2534 3546 2691 3617 jussu
2722 3541 2861 3611 Magi
2902 3540 3068 3611 regiae
3106 3535 3355 3608 magistri
3389 3547 3453 3588 ea
3480 3544 3612 3601 pro-

2018 3642 2279 3699 clamare.
2328 3638 2628 3710 Cambyses
2675 3636 2843 3707 igitur
2892 3632 3131 3689 veritate
3180 3629 3309 3685 inde
3361 3625 3607 3696 cognita,

2018 3736 2247 3793 fratrem
2277 3749 2309 3789 a
2348 3748 2408 3790 se
2453 3741 2661 3787 temere
2705 3728 2952 3785 occisum
2983 3726 3155 3797 luget,
3185 3731 3243 3778 et
3280 3720 3485 3776 bellum
3530 3715 3613 3769 in-

2018 3828 2164 3884 ferre
2222 3825 2395 3897 magis
2454 3831 2634 3895 parat.
2685 3820 2792 3878 Sed
2842 3820 2976 3875 dum
3021 3818 3080 3873 in
3139 3829 3345 3887 equum
3413 3808 3609 3875 insilit,

2018 3923 2207 3993 elapso
2236 3918 2430 3989 vagina
2480 3914 2661 3987 gladio
2694 3911 2977 3969 letbaliter
3005 3910 3062 3964 in
3105 3908 3314 3963 femore
3358 3902 3614 3993 vulnera-

2020 4021 2132 4078 tus,
2181 4010 2330 4082 quod
2380 4009 2528 4064 illius
2571 4006 2681 4067 loci
2741 4019 2945 4060 nomen
2988 4009 3159 4064 esset,
3222 3995 3422 4069 rogat?
3468 3992 3608 4048 Cum

2000 4104 2304 4161 Ecbatana
2350 4100 2483 4166 dici,
2538 4111 2865 4168 responsum
2921 4100 3118 4151 esset:
3173 4090 3252 4147 ibi
3292 4088 3398 4145 sibi
3447 4083 3613 4160 fatale

2021 4213 2144 4255 esse
2179 4194 2342 4261 mori,
2389 4191 2707 4263 respondet.
2756 4189 3063 4256 Acceperat
3106 4183 3255 4239 enim
3295 4178 3610 4242 oraculum,

2023 4303 2083 4343 se
2125 4284 2417 4341 Ecbatanis
2452 4281 2782 4336 moriturum
2815 4295 2831 4332 :
2863 4286 2920 4333 et
2957 4277 3228 4331 hactenus
3274 4276 3513 4341 putarat,
3549 4282 3613 4323 se

2022 4377 2320 4434 Ecbatanis
2365 4373 2593 4429 Medicis
2642 4371 2950 4431 obiturum,
3005 4380 3133 4422 cum
3186 4362 3476 4419 oraculum
3540 4357 3614 4412 de

2000 4469 2318 4527 Ecbatanis
2336 4467 2511 4540 Syriae
2537 4467 2788 4521 locutum
2827 4468 2996 4518 esset.
3038 4460 3117 4514 lta
3160 4455 3397 4511 moritur
3440 4451 3616 4508 orbus

324 4552 608 4623 ληφθῆναι
635 4554 822 4611 τοίνυν
847 4556 1062 4611 κελεύει
1095 4559 1402 4630 Καμϐύσης
1427 4560 1520 4615 τὸν
1551 4563 1610 4615 ὲν
1640 4565 1722 4634 τῷ
1752 4583 1913 4637 στρα⁴

2025 4565 2240 4631 liberis,
2272 4576 2399 4619 cum
2429 4573 2606 4616 annos
2637 4563 2853 4628 septem
2885 4562 2940 4610 et
2976 4551 3222 4625 quinque
3255 4559 3477 4602 menses
3523 4557 3616 4597 re.

324 4643 408 4714 τῷ
441 4644 808 4715 κηρύσσοντα,
834 4647 927 4701 τὸν
957 4648 1053 4702 τοῦ
1093 4647 1280 4722 Κύρού
1312 4650 1561 4722 Σμέρδην
1595 4651 1918 4722 βασιλεῦσαι

2026 4665 2268 4732 gnasset.

328 4738 584 4809 Περσῶν·
646 4739 760 4793 Κολ-
804 4739 1136 4810 συλληφθεὶς
1171 4741 1460 4811 ἠρωτᾶἣτο,
1515 4744 1567 4796 εἰ
1622 4744 1786 4811 αὐτὸς
1831 4747 1927 4804 τὸν
1966 4728 2216 4823 Σμέρδην
2274 4745 2515 4817 ἑώρακε,
2545 4742 2641 4797 καὶ
2674 4741 2725 4795 εί
2750 4739 2960 4801 ἐκεῖνος
2983 4733 3133 4805 αὑτῷ
3162 4730 3470 4787 ἐνετείλατο
3505 4728 3593 4782 at.

328 4848 453 4899 γειν
483 4834 630 4905 ἅπερ
670 4833 880 4903 φησίνς
922 4834 983 4889 '0
1016 4833 1075 4889 δὲ
1104 4834 1180 4905 μὴ
1215 4834 1517 4891 θεάσασθαι
1553 4837 1648 4891 τὸν
1681 4840 1930 4915 Σμέρδην
1968 4842 2434 4915 ἀνταπεκρίνατο,
2509 4836 2664 4908 παρὰ
2700 4835 2758 4890 δὲ
2821 4832 2915 4889 τοῦ
2950 4834 3144 4900 Μάγου
3176 4830 3271 4883 τοῦ
3296 4827 3407 4881 τῶν
3443 4825 3598 4896 βασι-

326 4925 494 4979 λείων
540 4927 1019 4998 ἐπιτροπεύοντος,
1061 4927 1238 4981 ταῦτα
1293 4927 1475 4998 λέγειν
1528 4931 1915 5005 ἐπιταχθῆναι.
1956 4938 2125 5002 Γνοὺς
2162 4935 2259 4991 οὖν
2326 4932 2630 4988 ἐντεῦθενὸ
2654 4927 2964 5001 Καμϐύσης
2986 4928 3047 4979 τὸ
3073 4919 3593 4993 ἀληθὲς.ὲθρήνησε

331 5017 437 5085 μὲν
468 5017 546 5081 ὡς
575 5019 757 5089 μάτην
787 5019 1009 5083 κτείνας
1041 5018 1135 5073 τὸν
1176 5018 1428 5088 ἀδελφὺν,
1477 5019 1708 5093 ὥρμησε
1747 5023 1793 5077 δ’
1856 5026 2058 5081 αὐτίκα
2094 5027 2238 5082 κατὰ
2300 5025 2411 5080 τῶν
2454 5025 2649 5095 μάγων
2700 5014 3118 5090 στρατεύεσθαι.
3169 5011 3610 5083 ’Λναθρώσκοντι

325 5114 386 5167 δέ
415 5115 462 5167 οἱ
497 5114 590 5166 ἐπὶ
615 5114 710 5167 τὸν
746 5114 937 5177 ῖππονο
964 5112 1060 5168 τοῦ
1087 5113 1293 5169 ωλέου
1335 5113 1432 5168 τοῦ
1466 5114 1658 5185 ξίφους
1682 5117 1712 5171 ὁ
1775 5118 1959 5192 μύκης
1997 5122 2249 5188 ἐξέπεσε,
2279 5122 2375 5176 καὶ
2397 5115 2690 5191 γυμνωθὲν
2716 5112 2779 5168 τὸ
2808 5111 2963 5180 ξίφος
2987 5107 3140 5163 παίει
3166 5104 3334 5161 αὑτοῦ
3374 5102 3468 5156 τὸν
3495 5115 3609 5192 μη-

332 5207 427 5278 ρδν
454 5208 707 5280 καιρίως.
734 5208 952 5279 Ἠρετο
980 5202 1098 5273 οὖν,
1117 5208 1266 5271 ὅπως
1295 5208 1329 5279 ἡ
1356 5207 1515 5271 πόλις
1539 5208 1800 5275 καλοῖτο;
1832 5190 1926 5265 καί
1954 5214 2145 5284 μαθὼν
2198 5215 2276 5279 ὡς
2358 5211 2691 5274 Ἐκϐάτανα,
2731 5201 2908 5270 εἷπεν,
2963 5200 3039 5264 ὡς
3073 5194 3342 5253 Ἐνταῦθά
3384 5209 3475 5265 μοι
3508 5190 3610 5244 πέ-

331 5319 555 5374 πρωται
616 5302 900 5374 τελευτᾷν.
944 5300 1248 5372 Ἔκέχρητο
1292 5300 1402 5373 γὰρ
1435 5302 1589 5375 αὐτῷ
1634 5305 1694 5359 ὲν
1735 5304 2090 5371 Ἐκϐατάνοις
2155 5307 2375 5375 μέλλειν
2442 5304 2647 5359 θανεῖν.
2717 5299 2829 5354 Καὶ
2861 5299 2890 5352 6
2931 5295 3031 5367 μὲν
3060 5293 3214 5363 παρὰ
3252 5291 3367 5350 τοῖς
3399 5287 3458 5340 ὲν
3484 5286 3611 5375 Μηέ

331 5396 424 5467 δίᾳ
461 5394 818 5457 Ἐκϐατάνοις
845 5393 1022 5447 ἐδόκει
1057 5393 1254 5465 πρώην
1285 5393 1346 5446 τὸ
1371 5392 1525 5457 τέλος
1555 5394 1720 5449 αὐτὸν
1786 5374 2221 5468 καταλήψεσθαι.
2277 5399 2336 5453 '0
2369 5397 2427 5452 δὲ
2490 5394 2741 5468 χρησμὸς
2778 5391 2880 5444 οὐκ
2922 5390 3109 5441 ἐκεῖνα
3131 5383 3344 5452 ἐδήλουν
3380 5378 3517 5433 ἀλλὰ
3545 5374 3618 5430 τὰ

331 5490 393 5543 ἑν
424 5486 596 5559 Συρίᾳ
636 5485 968 5540 Ἐκϐάτανα.
1012 5485 1072 5539 '0
1107 5485 1209 5556 μὲν
1243 5484 1340 5540 οὖν
1374 5485 1495 5557 μεθ’
1521 5485 1738 5558 ἡμέρας
1770 5488 1923 5552 τινὰς
1959 5490 2191 5564 τελευτᾷ
2219 5491 2410 5561 ἄπαις,
2452 5486 2786 5560 βασιλεύσας
2854 5481 2942 5536 ἐπ’
2970 5480 3065 5550 ἐτη
3093 5476 3259 5542 ἑπτὰ,
3287 5475 3386 5528 ἐπὶ
3429 5472 3593 5527 πέντε

335 5580 527 5653 μησίν.

406 5673 484 5726 B'.
522 5671 584 5725 Ὀ
631 5670 688 5724 δὲ
737 5669 955 5738 Μάγος,
982 5667 1077 5722 τοῦ
1114 5668 1413 5739 Καμϐύσου
1443 5667 1720 5736 θανόντος,
1753 5670 1929 5736 ἀδεῶς

338 5767 723 5828 ἱϐασίλευσεν,
748 5762 929 5833 ἐαυτῷ
953 5764 1045 5817 τὸν
1062 5763 1157 5817 τοῦ
1184 5762 1370 5834 Κύρου
1402 5763 1653 5833 Σμέρδην
1683 5765 1920 5833 ἐπιγρα-

338 5859 578 5933 φόμενος
600 5872 615 5887 ⁸
652 5857 746 5912 καὶ
782 5856 1005 5929 πέμψας
1033 5857 1111 5921 εἰς
1145 5856 1254 5911 πᾶν
1278 5854 1430 5921 ἔθνος
1462 5848 1538 5914 ὧν
1569 5850 1761 5929 ἦρχεν,
1793 5857 1920 5911 ἀτέ-

2106 5670 2174 5727 II.
2209 5669 2289 5725 Eo
2311 5674 2553 5726 mortuo,
2583 5662 2771 5732 Magus
2792 5671 3022 5714 securus
3046 5652 3270 5709 tenebat
3299 5650 3619 5720 imperium.

2034 5771 2309 5828 usurpans
2347 5751 2593 5810 Smerdis
2617 5749 2745 5821 Cyri
2796 5747 2892 5803 filii
2933 5760 3135 5802 nomen
3172 5759 3186 5796 :
3234 5753 3292 5799 et
3324 5741 3509 5797 missis
3561 5740 3618 5794 in

2034 5850 2189 5922 17],
2221 5862 2413 5906 omnes
2447 5843 2760 5917 provincias
2797 5839 3013 5914 legatis,
3047 5835 3269 5895 triennii
3302 5833 3618 5890 immunitan
