4092 6406
481 377 591 444 315

1755 370 2082 438 JOANNIS
2116 369 2440 430 ΖΟΝΑΠᾸΞ

3639 375 3755 441 316

484 501 594 548 tem
635 491 960 564 proclamat.
1000 487 1139 545 Cum
1189 497 1375 545 autem
1419 487 1531 559 jam
1585 501 1804 542 menses
1860 492 2083 554 septem-

2189 486 2328 534 latav
2360 483 2527 534 πᾶσιν
2569 481 2657 534 ἐπ’
2688 480 2781 549 ἔτη
2816 481 2943 553 τρία
2972 481 3263 551 ἐκήρυξεν.
3303 484 3444 555 Ἤδη
3487 485 3545 540 δὲ
3582 489 3761 558 μῆνας

482 592 787 655 regnasset,
820 582 926 638 hoc
967 583 1132 636 modo
1161 588 1247 636 est
1269 579 1514 649 agnitus.
1545 577 1748 635 Otanes
1781 576 2068 632 nobilitate

483 685 542 730 et
591 676 791 747 opibus
836 675 1186 731 Persicorum
1230 673 1543 744 principum
1603 673 1756 726 nullo
1816 669 2066 732 inferior,

486 769 652 823 tiliam
677 768 918 824 habebat
959 767 1351 839 Phazdymiam,
1382 764 1639 836 Cambysi
1670 773 1920 833 nuptam.
1967 761 2073 816 Ea-

484 860 610 915 dem
644 860 853 932 Magus,
890 871 952 916 nt
979 870 1035 916 et
1059 861 1276 916 caeteris
1300 859 1467 929 regiis
1500 856 1850 919 concubinis,
1884 855 2072 908 uteba-

487 959 598 1004 tur.
625 950 708 1004 Ah
757 966 824 1006 ea
868 962 1026 1021 paler
1058 951 1199 1006 clam
1231 966 1331 1021 per
1384 948 1794 1004 internuntium
1846 945 2068 1015 quaerit,

485 1055 620 1095 num
666 1055 794 1096 cum
842 1041 1058 1097 Smerdi
1107 1041 1233 1113 Cyri
1281 1042 1394 1097 lilio
1422 1040 1790 1097 concumbat?
1839 1039 1930 1094 illa
1984 1052 2073 1091 re-

487 1133 721 1202 spondet
779 1150 838 1188 se
868 1149 972 1189 nec
993 1133 1199 1189 vidisse
1228 1134 1353 1206 Cyri
1389 1133 1685 1197 Smerdim,
1725 1147 1904 1202 neque
1927 1130 2071 1185 scire

487 1225 616 1294 quis
645 1224 719 1280 sit
747 1225 796 1280 is
823 1241 950 1280 cum
983 1242 1094 1296 quo
1119 1227 1382 1281 dormiat.
1429 1227 1595 1281 Pater
1625 1225 1810 1279 denuo
1843 1224 1912 1279 ad
1949 1239 2069 1278 eam

487 1315 682 1382 mittit,
724 1327 784 1371 ut
810 1333 972 1372 suum
996 1319 1315 1373 mandatum
1347 1318 1430 1372 vel
1469 1332 1594 1372 cum
1624 1316 1874 1387 periculo
1913 1331 2073 1372 exse-

487 1416 711 1474 quatur,
755 1407 800 1462 si
857 1408 929 1464 sit
967 1423 1153 1480 opus:
1193 1424 1257 1464 ac
1310 1415 1498 1464 monet
1541 1417 1623 1474 ut,
1681 1406 1904 1477 quando
1945 1421 2070 1460 cum

487 1513 618 1570 rege
666 1499 927 1567 dormiat,
977 1503 1099 1574 ejus
1153 1501 1483 1556 dormientis
1533 1515 1699 1555 aures
1743 1507 2072 1556 contrectet.

486 1589 623 1644 Nam
653 1591 698 1646 si
731 1591 928 1647 habeat
959 1608 1144 1657 aures,
1185 1592 1474 1648 sciendum
1537 1605 1659 1648 eam
1685 1606 1811 1646 cum
1855 1589 2073 1646 Smerdi

485 1679 616 1753 Cyri
651 1681 762 1739 lilio
806 1685 1178 1741 concumbere
1210 1701 1225 1738 :
1268 1685 1355 1742 sin
1389 1685 1596 1750 minus,
1639 1683 1854 1755 Magum
1888 1683 2077 1740 Smer-

487 1773 603 1829 dim
651 1776 1080 1834 existimandum
1129 1795 1276 1836 esse.
1321 1779 1486 1834 Paret
1531 1777 1844 1850 Phaadymia
1888 1776 2072 1848 patri:

2177 575 2352 646 ἄρξας
2411 574 2573 640 ἑπτὰ,
2604 575 2754 636 ὅστις
2786 569 2853 645 ἦν
2884 575 3132 646 ἐγνώσθη
3154 593 3168 607 ο
3199 576 3450 648 ἐγνώσθη
3489 579 3535 632 δ’
3562 577 3758 643 οὕτως.

2189 666 2417 734 Ὀτάνης
2444 661 2514 737 ἦν
2549 665 2697 733 γένει
2730 666 2827 718 καὶ
2862 664 3079 736 πλούτῳ
3113 666 3342 737 Περσῶν
3369 670 3484 732 τοῖς
3520 667 3763 738 πρώτοις

2177 757 2488 826 ἐνάμιλλος.
2538 757 2744 810 Τούτου
2801 755 3081 829 θυγατέρα
3130 759 3438 829 Καμϐύσης
3489 762 3670 833 ἔσχεν,
3724 765 3760 834 ἢ

2176 850 2446 922 Φαιδυμίη
2484 850 2768 920 ἐκέκλητο.
2805 851 2991 922 Ταύτῃ
3033 853 3127 905 καὶ
3164 855 3192 906 6
3230 854 3422 922 Μάγος
3465 856 3757 927 ἐκέχρητο,

2178 939 2371 1010 ὥσπερ
2414 942 2508 995 καὶ
2555 943 2676 1005 ταῖς
2710 942 2927 1006 λοιπαῖς
2955 943 3023 1008 ἃς
3051 937 3234 1015 εὗρεν,
3261 947 3343 1010 είς
3381 946 3449 1000 τά
3489 947 3758 1017 βασίλεια.

2180 1032 2410 1102 Πέμψας
2459 1032 2551 1086 οὖν
2589 1035 2618 1087 6
2651 1034 2857 1103 πατὴρ,
2900 1033 3092 1106 ἠρώτα
3125 1037 3300 1108 αὐτὴν
3337 1036 3534 1108 λάθρα,
3583 1042 3632 1092 εί
3680 1040 3762 1109 τῷ

2179 1125 2368 1194 Κύρου
2402 1125 2642 1198 Σμέρδῃ,
2673 1125 2777 1178 εἷθ’
2815 1127 2991 1197 ἑτέρῳ
3020 1129 3125 1180 τινὶ
3152 1129 3548 1195 συνευνάζοιτο.
3604 1130 3670 1185 Ἦ
3703 1133 3762 1186 δὲ

2183 1220 2312 1290 μήτ’
2361 1218 2564 1274 ἰδέσθαι
2617 1219 2714 1274 τὸν
2759 1221 2946 1292 Κύρου
2996 1223 3248 1293 Σμέρδην
3298 1225 3768 1296 ἀνταπεκρίνατο,

2184 1311 2310 1380 μήτ’
2339 1310 2536 1364 εἰδέναι
2586 1305 2740 1379 ᾧτινι
2801 1312 3236 1382 συγκοιτάζοιτο.
3281 1315 3340 1369 '0
3386 1317 3445 1370 δὲ
3474 1319 3566 1370 καὶ
3595 1318 3769 1371 πάλιν

2182 1403 2391 1456 στέλλει
2424 1405 2558 1471 παρ’
2591 1403 2786 1476 αὐτὴν,
2819 1405 3154 1458 κινδυνεύειν
3183 1407 3322 1478 αὐτῇ
3356 1409 3764 1478 ἐντελλόμενος,

2182 1495 2231 1548 εί
2285 1494 2549 1565 δεήσειεν,
2588 1496 2676 1550 ἵνα
2719 1495 2987 1569 πληρώσῃ
3030 1499 3306 1570 πατρικὴν
3345 1501 3589 1570 ἐντολήν.
3653 1503 3770 1556 Kal

2184 1588 2482 1654 ὑποτιθεὶς,
2538 1589 2781 1658 ὁπηνίκα
2841 1590 3193 1659 συγκοιμῷτο
3243 1591 3320 1660 τῷ
3381 1592 3612 1661 βασιλεῖ,
3668 1595 3771 1646 καὶ

2186 1679 2538 1734 ὑπνώττοντα
2586 1682 2751 1734 αὑτὸν
2791 1681 2928 1751 γνῷ,
2963 1681 3173 1750 ψαῦσαι
3213 1682 3324 1736 τῶν
3367 1683 3524 1737 ὢτων
3574 1686 3775 1740 αὑτοῦ.

2187 1775 2297 1828 Καὶ
2327 1777 2377 1827 εί
2410 1775 2509 1843 μὲν
2538 1774 2732 1844 ἔχοντα
2759 1769 2875 1828 ὦτα
2904 1775 3080 1845 γνοίη,
3111 1776 3312 1830 ειδέναι
3355 1776 3431 1839 ὡς
3469 1778 3546 1848 τῷ
3578 1779 3771 1848 Κύρου

488 1879 728 1936 eumque
759 1882 950 1926 carere
989 1870 1242 1936 auribus,
1285 1871 1382 1942 qui
1431 1887 1547 1927 rem
1591 1845 1782 1926 secum
1824 1845 2078 1933 haberet,

2189 1868 2404 1940 Σμέρδῃ
2436 1868 2755 1936 συγγίνεται
2773 1885 2787 1900 ο
2815 1871 2864 1923 εί
2895 1869 2952 1922 δὲ
2982 1871 3054 1942 μὴ
3086 1871 3224 1940 ἔχοι,
3247 1870 3338 1924 τὸν
3363 1845 3556 1940 Μάγον
3585 1845 3773 1943 Σμέρ-

489 1955 632 2025 patri
658 1957 954 2028 signiﬁcat.
1001 1961 1340 2016 Praeciderat.
1375 1971 1561 2017 autem
1591 1961 1641 2016 ei
1685 1959 1864 2029 Cyrus
1894 1973 2079 2022 aures,

491 2047 565 2103 ob
599 2047 862 2106 delictum
897 2051 1199 2122 quoddam.
1239 2053 1448 2109 Otanes
1490 2067 1752 2108 arcanum
1787 2051 1922 2106 illud
1954 2067 2079 2105 cum

491 2139 706 2206 amicis,
734 2141 1037 2213 Aspathine
1065 2155 1123 2201 et
1149 2145 1390 2217 Gobrya,
1421 2146 1716 2200 Persarum
1738 2142 2084 2215 principibus

491 2235 908 2292 communicat:
941 2237 1036 2309 qui
1071 2253 1195 2293 cum
1229 2237 1373 2292 idem
1405 2238 1559 2308 prius
1583 2243 1771 2294 essent
1791 2235 2080 2307 suspicati,

492 2325 679 2380 statim
713 2325 874 2382 ﬁdem
904 2327 1134 2385 habent.
1179 2329 1450 2385 Statuunt
1496 2329 1666 2402 igitur
1699 2329 1838 2384 alios
1861 2344 2084 2400 quoque

491 2415 601 2472 sibi
661 2418 966 2490 adjungere
1021 2437 1037 2474 :
1097 2425 1301 2479 Otanes
1359 2423 1780 2494 lntaphernem,
1837 2423 2085 2495 Cobryas

493 2506 872 2582 Megabyzum,
927 2515 1258 2584 Aspathines
1351 2516 1662 2587 Hydarnem
1733 2525 1789 2571 et
1857 2515 2080 2572 Darium

494 2595 781 2670 Hystaspis
811 2603 1004 2668 lilium,
1033 2607 1129 2676 qui
1156 2623 1350 2664 recens
1383 2625 1450 2664 ex
1492 2610 1678 2665 Persia
1722 2611 1861 2666 Susa
1894 2628 2084 2682 perve-

493 2700 673 2748 nerat.
701 2693 805 2762 Qui
835 2712 960 2752 cum
995 2715 1108 2755 rem
1145 2701 1345 2771 cupide
1379 2701 1704 2769 audivisset,
1735 2704 1858 2773 ejus
1895 2706 2081 2759 statim

493 2787 877 2856 aggredienda:
934 2791 994 2846 ﬁt
1040 2805 1275 2849 auctor:
1337 2796 1486 2866 quod
1520 2797 1566 2852 si
1603 2797 1689 2852 vel
1737 2798 1891 2852 illum
1933 2799 2081 2854 diem

496 2871 753 2944 ignavum
782 2879 924 2935 elabi
952 2893 1294 2953 paterentur,
1329 2902 1388 2941 se
1420 2887 1650 2942 insidias
1694 2888 1846 2960 Mago
1877 2890 2087 2946 iudica-

496 2973 705 3024 turum.
739 2969 988 3030 Consilio
1030 2976 1152 3047 ejus
1190 2987 1248 3032 et
1294 2979 1485 3034 caeteri
1528 2981 1766 3044 assensi,
1799 2982 2082 3051 negotium

494 3072 813 3129 capessunt.
850 3065 987 3121 Nam
1034 3077 1091 3123 et
1140 3068 1244 3123 alia
1297 3080 1531 3126 conatus
1572 3075 1883 3128 maturandi
1917 3090 2084 3131 causa

2183 1959 2283 2030 δην
2312 1959 2480 2013 αὑτὸν
2511 1958 2780 2030 νομίζειν.
2812 1961 3068 2016 Πείθεται
3097 1963 3174 2032 τῷ
3214 1963 3384 2031 πατρὶ
3415 1965 3770 2036 ἡΦαιδυμίη,

2184 2053 2277 2104 καὶ
2313 2051 2520 2118 γνοῦσα
2547 2052 2640 2105 τὸν
2677 2052 2814 2124 αὐτῇ
2855 2053 3250 2124 συγγινόμενον
3285 2048 3401 2108 ὦτα
3433 2056 3507 2126 μὴ
3550 2055 3776 2124 ἔχοντα,

2184 2139 2426 2208 ἐσήμηνε
2469 2138 2548 2210 τῷ
2598 2141 2790 2210 πατρί.
2836 2141 2949 2195 Οὔκ
2983 2137 3096 2212 εἶχε
3144 2143 3190 2195 δ’
3224 2137 3361 2210 ὦτα,
3411 2145 3492 2198 ὅτι
3528 2147 3555 2196 6
3586 2146 3773 2215 Κῦρός

2186 2234 2316 2286 ποτὲ
2349 2233 2524 2287 ταῦτα
2552 2234 2620 2288 δι’
2650 2235 2960 2306 ἁμάρτημά
2984 2254 3037 2291 τι
3075 2239 3374 2308 ἀπέτεμεν.
3425 2240 3486 2295 ’0
3517 2242 3574 2294 δὲ
3614 2242 3777 2295 Ὀτά-

2185 2343 2284 2396 νης
2317 2326 2620 2397 Ἀσπαθίνη
2655 2329 2749 2381 καὶ
2770 2329 3002 2400 Γωϐρύα
3028 2331 3368 2400 πρωτεύουσι
3399 2333 3508 2388 τῶν
3539 2335 3775 2404 Περσῶν

2186 2422 2281 2473 καὶ
2314 2419 2462 2490 αὐτῷ
2493 2421 2864 2490 φιλουμένοις,
2895 2423 3206 2476 κοινούνται
3245 2425 3307 2497 δὴ
3336 2426 3396 2478 τὸ
3425 2427 3769 2499 ἀπόρρητον.

2185 2512 2249 2566 Οἱ
2287 2512 2345 2566 δὲ
2378 2514 2473 2566 καὶ
2502 2511 2694 2583 πρώην
2736 2515 2794 2567 έν
2844 2514 3050 2587 ὑποψίᾳ.
3090 2515 3244 2578 ὅντες
3281 2515 3376 2570 τοῦ
3419 2519 3771 2589 πράγματος,

2185 2607 2348 2670 εὐθὺς
2387 2607 2514 2669 τοὺς
2554 2605 2747 2674 λόγους
2782 2607 3052 2672 ἐδέξαντο.
3094 2609 3316 2674 Ἐδοξεν
3342 2609 3642 2672 οὖναύτοῖς
3672 2613 3774 2664 καὶ

2185 2703 2407 2771 ἑτέρους
2441 2703 2992 2772 προσεταιρίσασθαι.
3018 2706 3129 2758 Καὶ
3170 2707 3401 2775 Ὀτάνης
3437 2706 3536 2777 μὲν
3565 2708 3775 2774 ἐπάγε-

2184 2813 2277 2848 ται
2313 2797 2686 2868 Ὶνταφέρνην,
2716 2797 2980 2865 Γωϐρύας
3018 2797 3076 2850 δὲ
3117 2799 3461 2866 Μεγάϐυζον,
3501 2800 3773 2872 Ὑδάρνην

2185 2887 2241 2938 δὲ
2278 2885 2637 2956 Ἀσπαθίνης,
2672 2887 2767 2940 καὶ
2820 2887 3033 2958 Δαρείῳ
3084 2888 3140 2941 δὲ
3190 2887 3269 2957 τῷ
3319 2889 3626 2943 Ὑστάσπου
3665 2892 3773 2960 υίῷ

2186 2975 2315 3044 ἄρτι
2345 2977 2480 3045 πρὸς
2504 2975 2682 3030 Σοῦσα
2716 2978 2780 3030 ὲκ
2813 2979 3076 3048 Περσίδος
3105 2979 3336 3043 ἐλθόντι,
3370 2981 3430 3033 τὸ
3453 2982 3772 3053 ἀπόρρητον

2187 3070 2569 3125 ἐκοινώσαντο.
2609 3070 2671 3123 Ὀ
2709 3071 2766 3124 δὲ
2807 3071 2902 3124 καὶ
2934 3072 3153 3139 ἐδέξατο
3180 3074 3269 3126 τὸν
3299 3074 3478 3142 λόγον,
3511 3079 3604 3128 καὶ
3631 3078 3772 3148 πρδς

495 3147 788 3210 inciderat.
843 3156 981 3212 Cum
1040 3160 1191 3215 enim
1239 3162 1448 3217 scirent
1495 3164 1663 3235 magi,
1723 3166 2075 3238 Prexaspem,

2189 3164 2284 3232 τὴν
2315 3162 2517 3233 πρᾶξιν
2550 3163 2749 3216 αὐτίκα
2775 3165 2954 3235 ὀρμᾷν
2989 3165 3394 3220 συνεϐούλευεν·
3430 3169 3462 3238 ἣ
3501 3171 3599 3239 τῆς
3623 3147 3772 3238 παρ-

497 3243 747 3304 Smerdis
769 3248 895 3320 Cyri
926 3249 1022 3306 lilii
1053 3263 1398 3323 perpetrasse
1429 3254 1655 3320 caedem,
1695 3267 1860 3327 atque
1909 3259 1986 3314 ob
2025 3260 2079 3316 id

2189 3255 2356 3326 ούσης
2391 3255 2604 3326 ἡμέρας
2645 3256 2901 3325 διακενῆς
2935 3259 3375 3328 παρερχομένης,
3415 3261 3574 3325 αὐτὸς
3614 3261 3771 3329 ἔλεγε

496 3333 715 3394 facinus
763 3340 906 3396 male
941 3341 1137 3398 audire
1184 3359 1213 3397 a
1263 3344 1490 3400 Persis:
1551 3347 1793 3401 amicitia
1830 3363 1957 3402 cum
2013 3366 2082 3405 eo

498 3428 658 3496 inita,
716 3447 1023 3504 magnaque
1074 3436 1332 3506 polliciti,
1377 3437 1747 3508 jurejurando
1798 3441 2080 3498 hominem

499 3521 936 3591 obstrinxerant,
974 3543 1043 3583 ne
1069 3527 1158 3584 cui
1205 3540 1581 3585 commentum
1605 3532 1739 3588 illud
1775 3533 2082 3606 detegeret.

498 3609 636 3678 Qum
660 3629 786 3668 cum
813 3614 907 3670 ille
944 3617 1314 3686 promisisset,
1365 3620 1793 3690 subjunxerunt,
1821 3640 1880 3679 se
1911 3626 2085 3680 advo-

501 3711 726 3762 catnros
763 3707 1031 3778 populum
1069 3709 1137 3764 ad
1187 3711 1388 3766 muenia
1425 3712 1620 3781 regiae;
1648 3715 1732 3779 ei,
1770 3717 1908 3770 turri
1953 3732 2086 3772 eon-

503 3809 720 3858 scensa.
777 3800 1256 3869 proclamandum,
1311 3804 1570 3860 omnibus
1633 3807 2083 3876 exaudientibus,

504 3886 778 3944 Smerdin:
814 3889 945 3962 Cyri
978 3891 1172 3956 lilium,
1205 3903 1263 3948 et
1307 3909 1417 3949 non
1460 3895 1651 3959 alium,
1699 3913 1821 3952 esse
1877 3915 2084 3970 regem.

502 3977 640 4034 Nam
664 3996 722 4036 se
753 3981 830 4036 illi
864 3984 1199 4054 pepercisse,
1231 4002 1335 4040 nec
1367 3987 1659 4052 occidisse,
1693 3999 1753 4044 ut
1783 3990 2086 4064 Cambyses

498 4073 781 4145 iussisset.
806 4075 943 4130 Cum
968 4085 1025 4132 et
1066 4077 1183 4133 haec
1210 4078 1574 4148 promisisset,
1608 4091 1949 4137 convocatur
1991 4100 2088 4153 po-

503 4166 709 4237 pulus:
741 4167 1046 4239 Prexaspes
1087 4170 1282 4224 turrim
1334 4171 1492 4240 172
1521 4172 1871 4234 conscendit,
1913 4173 2086 4230 bene-

505 4258 629 4314 llcia
653 4275 684 4315 a
711 4259 855 4332 Cyro
882 4261 939 4315 in
970 4261 1166 4317 Persas
1205 4262 1404 4316 collata
1443 4278 1860 4321 commemorat.
1886 4267 2086 4322 Filium

503 4350 628 4423 ejus
678 4351 932 4408 Smerdin
975 4367 1036 4408 se
1084 4368 1115 4406 a
1165 4352 1434 4425 Cambyse
1483 4365 1739 4412 coactum
1791 4358 2085 4423 occidisse,

505 4458 695 4514 magos
728 4453 914 4501 tenere
949 4445 1244 4515 imperium
1285 4445 1520 4501 aﬂirmat
1553 4463 1567 4500 :
1601 4448 1796 4502 Persas
1835 4464 2090 4505 exsecra—

2189 3349 2444 3418 γενέσθαι
2485 3347 2563 3420 τῷ
2595 3349 2773 3418 Μάγῳ
2806 3350 3054 3420 μηνυτὴς
3095 3354 3192 3423 τῆς
3238 3353 3552 3422 ἐπιϐουλῆς.
3589 3356 3778 3410 Ἐπεί-

2193 3442 2404 3509 σθησαν
2438 3443 2505 3512 τῇ
2533 3441 2817 3512 συμϐουλῇ
2844 3443 2938 3496 τοῦ
2964 3444 3215 3512 Δαρείου,
3248 3446 3341 3498 καὶ
3375 3446 3423 3498 οί
3452 3445 3650 3512 λοιποὶ,
3678 3449 3777 3501 καὶ

2189 3533 2285 3588 τοῦ
2310 3534 2472 3604 ἔργου
2508 3533 2744 3603 εἴχοντο·
2782 3535 2990 3603 Συνέϐη
3031 3535 3089 3589 δέ
3126 3554 3178 3589 τι
3212 3539 3306 3590 καὶ
3343 3538 3556 3610 ἕτερον,
3585 3541 3612 3593 ὃ
3646 3543 3774 3594 έπι-

2193 3625 2427 3678 σπεῦσαι
2455 3625 2655 3688 αὐτοὺς
2683 3626 2908 3694 ἠρέθισε
2948 3627 3047 3696 τὴν
3074 3628 3408 3698 ἐγχείρησιν.
3435 3631 3647 3690 Είδέτες
3664 3633 3775 3703 γάρ

2191 3718 2240 3770 οξ
2275 3717 2461 3786 μάγοι,
2485 3717 2566 3769 ὃτι
2605 3717 2948 3789 Πρηξάσπης
2971 3720 3370 3790 ὲχειρούργησε
3405 3722 3495 3776 τὸν
3527 3725 3774 3794 Σμέρδου

2193 3810 2352 3876 φόνον
2365 3807 2456 3862 τοῦ
2477 3808 2658 3879 Κύρου
2679 3810 2883 3873 παιδὸς.
2901 3811 2996 3864 καὶ
3027 3811 3110 3864 ὅτι
3137 3812 3225 3865 διὰ
3240 3812 3398 3866 τοῦτο
3419 3816 3514 3868 καὶ
3533 3817 3590 3868 ὲν
3622 3817 3776 3887 αἰτίᾳ

2193 3904 2305 3964 τοῖς
2336 3899 2576 3972 Πέρσαις
2606 3902 2778 3965 ἐστὶν,
2829 3902 3341 3972 προσκαλεσάμενοι
3386 3905 3571 3972 αὐτὸν,
3616 3909 3774 3976 φίλον

2192 4012 2252 4047 τε
2303 3995 2609 4060 ἐποιοῦντο,
2666 3994 2761 4046 καὶ
2809 3995 2995 4064 ὅρκοις
3061 3997 3619 4067 προκατελάμϐανον,
3679 4001 3778 4053 καὶ

2193 4088 2477 4156 λαμπραῖς
2531 4085 2881 4156 ὑποσχέσεσι,
2939 4086 3014 4155 μή
3065 4103 3174 4138 τινι
3216 4086 3396 4139 αὐτῶν
3439 4089 3678 4158 ἐκφῆναι
3715 4090 3777 4142 τὸ

2197 4181 2465 4250 σόφισμα.
2519 4177 2913 4248 Καταθεμένου
2956 4178 3001 4231 δ’
3030 4179 3241 4231 ἐκείνου
3283 4179 3532 4250 ποιήσειν
3577 4181 3779 4247 ταῦτα,

2197 4275 2549 4342 προσεπῆγον
2577 4271 2938 4338 συγκαλέσειν
2988 4269 3050 4322 τὺ
3099 4269 3306 4338 πλῆθος
3350 4271 3454 4324 ὑπὸ
3494 4272 3556 4324 τὸ
3596 4275 3779 4342 τεῖχος

2195 4363 2306 4416 τῶν
2340 4361 2654 4432 βασιλείων,
2684 4360 2847 4414 αὐτὸν
2881 4359 2928 4413 δ’
2967 4360 3060 4413 ἐπὶ
3113 4359 3325 4429 πύργον
3359 4360 3659 4423 ἀναϐάντα,
3695 4363 3778 4426 είς

2197 4457 2435 4527 ἐπήκοον
2460 4454 2626 4507 πᾶσιν
2655 4452 2937 4521 ἐκϐοῆσαι,
2966 4452 3043 4516 ὡς
3069 4452 3171 4506 ύπὸ
3195 4453 3439 4524 Σμέρδου
3468 4452 3562 4507 τοῦ
3591 4454 3782 4526 Κύρου

509 4543 622 4602 tur,
644 4536 691 4592 si
711 4536 767 4591 id
790 4537 1007 4592 facinus
1049 4535 1288 4592 inultum
1333 4538 1536 4592 sinant.
1581 4537 1677 4592 His
1699 4538 1886 4604 dictis,
1913 4556 1972 4595 se
2021 4540 2083 4596 de

2196 4548 2362 4610 υἱέος,
2385 4547 2486 4613 οὐχ
2510 4543 2600 4614 ὑφ’
2621 4543 2808 4614 ἑτέρου
2835 4543 2890 4597 δὲ
2913 4542 3315 4612 βασιλεύονται.
3340 4544 3640 4598 Φεισασθαι
3666 4545 3779 4614 γάρ

508 4637 665 4686 turre
686 4629 1073 4700 praecipitavit,
1119 4644 1184 4684 ac
1217 4637 1469 4685 mortuus
1517 4636 1623 4684 est.
1668 4630 1893 4699 Septem
1927 4631 2094 4703 igitur

509 4733 588 4788 illi
616 4748 680 4787 ea
724 4747 782 4785 re
825 4731 1037 4794 audita,
1078 4731 1264 4786 statim
1297 4730 1365 4783 ad
1401 4732 1605 4800 regiam
1650 4731 1927 4798 feruntur,
1981 4751 2093 4790 non

511 4825 938 4899 prohibentibus
967 4825 1310 4890 custodibus,
1350 4825 1675 4894 dignitatem
1706 4842 1900 4881 eorum
1935 4843 2096 4883 reve-

511 4923 654 4976 ritis.
682 4919 961 4989 Progressi
994 4919 1048 4973 in
1079 4918 1284 4982 aulam,
1317 4918 1372 4972 in
1398 4919 1706 4984 eunuchos,
1737 4918 1834 4989 qui
1869 4922 2095 4976 nuntios

511 5009 659 5065 ultro
705 5008 958 5077 citroque
990 5006 1362 5078 perferebant,
1419 5006 1690 5063 incidunt.
1745 5009 1874 5074 Eos,
1918 5013 2091 5082 rogati

510 5105 645 5178 quid
687 5103 966 5168 venirent,
1015 5111 1074 5157 et
1124 5101 1390 5156 ulteriore
1448 5117 1744 5172 progressu
1800 5105 2094 5174 prohibiti,

511 5197 797 5260 occidunt,
822 5204 881 5252 et
901 5209 1136 5267 propere
1176 5193 1583 5264 ingrediuntur.
1616 5194 1777 5265 Magi,
1823 5196 1915 5266 qui
1949 5196 2097 5252 intus

509 5291 898 5348 cunuchorum
925 5288 1224 5344 tumultum
1264 5295 1588 5356 cognorant,
1625 5286 1691 5342 ad
1731 5287 1840 5340 vim
1869 5288 2094 5357 propul-

511 5385 740 5442 sandam
789 5397 850 5439 se
899 5390 1144 5452 parant:
1184 5388 1350 5448 atque
1391 5379 1532 5433 alter
1573 5379 1665 5448 qui
1714 5378 1926 5433 hastam
1955 5379 2098 5434 arri-

514 5485 734 5550 puerat,
773 5475 1135 5545 Aspathinem
1186 5473 1242 5527 in
1290 5471 1532 5537 femore,
1592 5471 1982 5540 lntaphernem
2041 5472 2095 5526 in

517 5571 657 5627 facie
696 5570 969 5632 vulnerat,
1003 5567 1151 5622 unde
1195 5566 1359 5620 laesus
1401 5565 1450 5620 ei
1501 5572 1586 5618 est
1637 5564 1835 5618 oculus
1870 5577 1886 5616 :
1937 5564 2097 5619 alteri

519 5675 682 5716 arcus
721 5659 828 5714 fuit
868 5658 1104 5724 inutilis,
1151 5673 1276 5713 cum
1343 5671 1434 5711 res
1477 5655 1730 5711 cominus
1791 5665 2096 5726 gereretur.

519 5754 708 5822 Itaque
730 5753 786 5807 in
808 5752 1107 5808 thalamum
1133 5767 1193 5806 se
1223 5749 1481 5819 proripit,
1508 5749 1819 5818 insequitur
1851 5747 2100 5819 Gobryas

519 5853 579 5901 ct
607 5841 803 5901 Darius
830 5859 844 5897 :
874 5858 939 5899 ac
967 5843 1060 5900 ille
1090 5857 1309 5914 magum
1340 5840 1690 5912 amplectitur
1720 5857 1732 5898 :
1769 5841 2102 5916 hic_vcritus

2196 4639 2388 4706 αὐτοῦ,
2421 4639 2516 4692 καὶ
2548 4637 2624 4709 μὴ
2661 4618 2870 4692 math:
2904 4636 3090 4704 αὐτὸν,
3132 4637 3208 4700 ὡς
3244 4640 3271 4690 6
3295 4637 3601 4708 Καμϐύσης
3627 4637 3780 4708 αὖτῷ

2196 4733 2524 4787 ἐνετείλατο.
2559 4731 2900 4802 Συνθεμένου
2923 4731 2979 4784 δὲ
3009 4731 3106 4785 καὶ
3139 4731 3314 4784 ταῦτα
3347 4731 3616 4802 ποιήσειν,
3649 4747 3781 4782 συν-

2194 4828 2334 4898 ῆκτο
2375 4827 2472 4898 μὲν
2496 4827 2558 4880 τὸ
2586 4824 2811 4895 πλῆθος,
2847 4826 3190 4896 Πρηξάσπης
3229 4825 3287 4879 δὲ
3321 4826 3414 4878 ἐπὶ
3448 4825 3538 4878 τὸν
3562 4826 3776 4894 πύργον

2195 4921 2376 4992 ἀνῄει,
2409 4919 2505 4974 καὶ
2558 4918 2740 4983 ἔλεξεν
2789 4917 2890 4970 ὅσα
2939 4918 3054 4980 τοῖς
3111 4917 3353 4988 Πέρσαις
3396 4915 3575 4984 ἀγαθὰ
3626 4916 3783 4985 παρὰ

2196 5013 2381 5084 Κύρου
2428 5011 2710 5080 γεγόνασι.
2777 5009 3104 5078 Προσετίθει
3148 5010 3229 5072 δὲ,
3288 5009 3364 5072 ὡς
3415 5010 3508 5062 τὸν
3565 5009 3781 5061 ἐκείνου

2198 5107 2364 5160 παῖδα
2419 5104 2514 5157 τὸν
2559 5102 2810 5174 Σμέρδην
2855 5101 3021 5160 αὐτὸς
3061 5101 3264 5166 ἀνέλοι,
3317 5100 3413 5155 τοῦ
3471 5099 3778 5170 Καμϐύσου

2200 5197 2511 5268 βιάσαντος.
2576 5193 2717 5256 Τοὺς
2782 5193 2994 5262 μάγους
3055 5193 3114 5246 δὲ
3161 5193 3262 5262 τὴν
3306 5191 3588 5263 βασιλείαν
3632 5191 3780 5260 ἔχειν

2198 5288 2592 5360 ὲπληροφόρει.
2625 5286 2737 5340 Καὶ
2769 5286 3018 5356 ἐπηρᾶτο
3058 5284 3322 5354 Πέρσαις,
3361 5287 3409 5337 εἰ
3459 5284 3533 5356 μὴ
3579 5283 3780 5345 αὐτοὺς

2197 5381 2461 5436 τίσαιντο.
2495 5377 2686 5431 Ταῦτα
2736 5375 2932 5440 εἰπὼν,
2965 5376 3160 5430 ἑαυτὸν
3202 5377 3630 5446 κατεκρήμνισε,
3685 5375 3781 5428 καὶ

2199 5473 2492 5527 ἀπέθανεν.
2533 5472 2596 5524 Ol
2625 5469 2682 5523 δὲ
2707 5469 2847 5522 ἐπτά
2876 5467 3070 5538 ἄνδρες
3106 5470 3161 5520 ὲν
3191 5471 3258 5538 τῇ
3286 5468 3391 5536 ὁδῷ
3414 5468 3482 5520 τά
3519 5469 3658 5520 κατὰ
3687 5468 3780 5520 τὸν

2202 5565 2542 5636 ῐιρηξάσπην
2574 5561 2866 5630 μαθόντες,
2897 5559 3161 5630 ὥρμησαν
3191 5560 3356 5622 εὐθὺς
3385 5559 3475 5612 ἐπὶ
3504 5559 3579 5611 τὰ
3620 5557 3780 5627 βασί-

2200 5655 2345 5718 λεια,
2382 5656 2477 5706 καὶ
2503 5651 2778 5723 εἰσῄεσαν,
2822 5652 2974 5719 παρὰ
3004 5649 3113 5703 τῶν
3152 5648 3408 5717 φυλάκων
3455 5647 3530 5718 μὴ
3571 5647 3782 5701 κωλυό-

2205 5762 2356 5816 μενοι
2382 5760 2395 5774 ·
2427 5742 2652 5814 ᾑδοῦντο
2674 5743 2784 5812 γάρ
2811 5741 2910 5811 τὴν
2945 5740 3222 5810 ὑπεροχὴν
3245 5739 3354 5793 τῶν
3381 5740 3610 5810 ἀνδρῶν.
3637 5741 3783 5809 Παρ-

2202 5839 2448 5904 ελθὸντες
2475 5837 2520 5892 δ’
2555 5837 2638 5903 εἰς
2663 5836 2760 5909 τὴν
2795 5835 2986 5907 αὐλὴν,
3016 5835 3268 5908 ἐνέτυχον
3297 5840 3410 5899 τοῖς
3443 5833 3782 5906 ἀγγελιαςῦ-
