4092 6402
273 357 383 426 317
1560 365 1972 429 ANNAIJUM
2005 370 2153 432 LIB.
2201 373 2303 443 IV,
3440 374 3546 444 318

275 488 395 545 ροις
440 469 744 542 εὐνούχοις,
792 470 844 524 οἳ
882 471 1023 542 σφᾶς
1079 469 1330 542 ήρὼτων,
1376 471 1501 526 ὅτου
1549 472 1848 544 χρῄζοντες

1956 493 2027 534 ne
2055 480 2295 534 amicum
2340 480 2395 536 in
2441 481 2688 539 tenebris
2738 480 3100 550 interﬁceret,
3133 490 3275 539 astat
3305 485 3541 541 otiosus.

271 565 503 636 ἥκοιεν,
551 565 792 621 ἐκώλυόν
839 583 899 620 τε
945 564 1280 638 προσωτέρῳ
1318 565 1480 622 ἱέναι.
1526 568 1589 622 οι
1637 568 1698 621 δὲ
1731 568 1848 632 τοὺς

1959 567 2043 629 Ob
2063 585 2183 624 eam
2211 585 2322 625 rem
2363 586 2392 625 a
2420 571 2635 644 Gobrya
2673 572 3020 645 obiurgatus,
3039 581 3097 630 et
3134 575 3222 630 vel
3249 583 3545 644 utrumque

274 656 379 728 μὲν
425 657 546 712 ἐκεῖ
588 657 968 728 διεχρήσαντο.
1001 657 1159 712 αὐτοὶ
1182 648 1239 712 δέ
1264 657 1550 729 δρομαίως
1575 660 1848 732 είσῄεσαν.

1957 661 2210 730 trajicere
2269 665 2478 732 jussus,
2545 666 2787 736 pugione
2846 666 3057 737 Magum
3133 667 3284 722 ferit.
3345 668 3542 722 Caeteri

267 749 337 802 υι
373 748 540 818 μάγοι
569 749 614 803 δ’
644 750 799 814 ὄντες
829 749 1003 816 ἐντὸς,
1031 751 1126 804 καὶ
1155 751 1264 804 τῶν
1311 750 1584 823 εὐνούχων
1632 755 1848 822 γνόντες

1952 751 2145 817 etiam,
2191 752 2364 808 altero
2413 755 2619 821 occiso,
2662 759 2842 827 capita
2895 760 3186 828 utriusque
3235 767 3542 828 amputant,

263 840 363 893 τὸν
395 839 653 912 θόρυϐον,
683 841 986 912 ἐτράποντο
1019 841 1155 912 πρὸς
1181 840 1376 912 ἀλκήν.
1414 843 1528 897 Καὶ
1561 845 1588 898 6
1619 844 1720 914 μὲν
1752 845 1848 914 τὴν

1953 856 2130 912 eaque
2163 841 2429 911 ferentes,
2474 847 2682 901 relictis
2715 848 2957 915 duobus,
3010 859 3126 903 tum
3167 849 3239 903 ob
3287 851 3539 905 vulnera.

270 930 500 1001 αίχμὴν,
543 932 573 984 6
604 931 664 985 δέ
696 932 758 985 τὸ
781 932 937 996 τόξον
975 931 1445 1001 μετεχειρίσαντο,
1491 934 1587 986 καὶ
1623 933 1848 1005 θάτερος

1955 942 2073 988 tum
2098 933 2164 989 ad
2189 937 2346 1006 regire
2369 939 2697 1004 custodiam,
2718 950 3042 1002 excurrunt,
3070 958 3336 999 caesorum
3361 944 3542 1011 capita

274 1021 378 1088 μὲν
404 1023 468 1090 τῇ
498 1021 671 1092 αίχμῇ
721 1021 1054 1090 Ἀσπαθίνην
1099 1019 1248 1072 παίει
1281 1020 1426 1074 κατὰ
1457 1020 1656 1092 μηρὸν,
1685 1021 1775 1076 τὸν
1805 1022 1848 1078 δ’

1957 1026 2143 1082 Persis
2180 1029 2499 1094 ostendunt,
2530 1047 2648 1085 rem
2689 1045 2896 1102 geSIam
2938 1045 3182 1090 narrant.
3225 1036 3305 1089 [lli
3351 1036 3543 1090 fraude

267 1111 624 1185 Ἶνταφέρνην
679 1115 802 1169 κατ’
851 1113 997 1184 ὄψιν,
1047 1113 1170 1168 ὅθεν
1225 1113 1434 1175 ἐκεῖνος
1495 1112 1700 1186 ἐϐλάϐη
1759 1115 1848 1169 τὸν

1959 1115 2260 1184 intellecta,
2292 1135 2478 1191 magos
2503 1137 2697 1178 omnes
2727 1124 2920 1178 obvios
2941 1125 3220 1180 occidunt.

269 1200 571 1273 ὀφθαλμόν.
603 1204 688 1258 Τὰ
721 1203 852 1270 τόξα
886 1204 930 1257 δ’
972 1199 1043 1276 ἦν
1069 1203 1355 1274 ἄπρακτα.
1389 1202 1578 1271 χερσὶν
1621 1204 1854 1274 ἐγγύθεν
1892 1205 2080 1271 αὐτοῖς
2101 1209 2430 1280 χρωμένοις.
2472 1215 2582 1268 Kal
2646 1217 2673 1269 6
2702 1216 2876 1271 ταῦτα
2901 1219 3152 1289 κατέχων
3183 1219 3361 1272 εἰσέδυ
3402 1213 3540 1284 πρὸς

269 1293 536 1368 οάλαμον.
580 1299 1043 1353 Συνεισπίπτουσι
1077 1299 1122 1352 δ’
1152 1301 1305 1373 αὐτῷ
1344 1302 1610 1372 Γωϐρύας
1651 1317 1710 1354 τε
1777 1299 1873 1354 καὶ
1905 1301 2157 1371 Δαρεῖος.
2206 1306 2318 1359 Kal
2339 1309 2366 1359 6
2399 1306 2499 1377 μὲν
2533 1310 2851 1382 συνεπλάκη
2877 1311 2954 1380 τῷ
2980 1312 3155 1382 Μάγῳ
3181 1328 3194 1342 ο
3224 1312 3450 1377 Δαρεῖος
3482 1307 3540 1360 δὲ

265 1389 496 1459 ἀπορῶν
523 1390 613 1445 διὰ
639 1391 856 1456 σκότος,
891 1393 988 1445 καὶ
1012 1391 1200 1457 δεδιὼς
1231 1393 1306 1466 μὴ
1336 1394 1430 1449 τὸν
1459 1395 1678 1466 ἑταῖρον
1730 1392 1936 1466 πλήξῃ,
1969 1395 2156 1449 ἵστατο
2225 1397 2534 1469 ἄπρακτος.
2604 1400 2868 1470 Γωϐρύας
2898 1403 2953 1455 δέ
2986 1403 3152 1472 ἤρετο
3195 1401 3320 1454 ὅτου
3374 1400 3536 1469 χάριν

267 1486 446 1558 ἀργὸς
481 1485 734 1551 ἵσταται;
777 1485 852 1540 ὅδ’
883 1480 1005 1539 εἷπε
1037 1486 1100 1540 τὸ
1129 1485 1336 1540 αἴτιον·
1373 1489 1469 1543 καὶ
1501 1487 1582 1554 ὃς,
1611 1485 1765 1541 Ὠθει
1829 1490 1891 1541 τὸ
1932 1487 2084 1554 ξίφος
2133 1491 2230 1544 καὶ
2260 1491 2328 1546 δι’
2355 1493 2580 1564 ἀμφοῖν,
2617 1493 2814 1567 ἔφησε.
2845 1497 2957 1550 Kal
2984 1499 3013 1550 6
3047 1499 3273 1566 Δαρεῖος
3312 1491 3422 1552 ὦσε
3477 1496 3541 1549 τὸ

259 1577 620 1650 ἐγχειρίδιον,
643 1575 739 1630 καὶ
766 1575 863 1628 τοῦ
884 1576 1078 1644 Μάγου
1107 1576 1364 1650 ἐπέτυχε.
1395 1577 1724 1638 κτείναντες
1791 1573 1884 1633 οὖν
1923 1581 2020 1633 καὶ
2081 1581 2172 1634 τὸν
2219 1582 2428 1654 ἕτερον,
2474 1586 2525 1639 οί
2569 1588 2749 1642 λοιποί⁸
2791 1587 2990 1660 ἔτεμον
3031 1589 3133 1654 τὰς
3157 1589 3401 1660 κεφαλὰς
3438 1589 3538 1644 καὶ

259 1674 499 1745 ἀμφοῖν,
534 1671 629 1726 καὶ
670 1669 800 1731 τοὺς
833 1668 934 1739 μὲν
961 1667 1056 1723 δύο
1104 1671 1234 1734 τοὺς
1267 1669 1618 1742 τραυματίας
1665 1669 1847 1725 αὐτῶν
1885 1670 1978 1725 δια
2047 1690 2106 1725 τε
2140 1674 2212 1730 τὰ
2281 1676 2600 1747 τραύματα,
2639 1681 2738 1736 καὶ
2781 1680 2881 1750 τὴν
2913 1682 3012 1751 τῆς
3053 1683 3406 1755 ἀκροπόλεως
3432 1701 3539 1753 (pa-

259 1764 465 1836 λακὴν,
497 1763 795 1817 κατέλιπον
822 1765 882 1816 ἐν
912 1761 1247 1833 αὐτῇοοίδέ
1270 1762 1452 1816 λοιποὶ
1507 1762 1607 1824 τὰς
1671 1759 1915 1828 κεφαλὰς
1955 1763 2344 1834 ἐπιφερόμενοι
2397 1767 2508 1821 τῶν
2566 1770 2781 1840 μάγων,
2841 1770 3080 1838 ἐξέθεον,
3141 1773 3237 1828 καὶ
3292 1774 3536 1846 Πέρσαις

257 1859 475 1920 ταύτας
507 1856 806 1922 ἐδείκνυον,
845 1856 941 1909 καὶ
967 1854 1266 1927 ἐξηγοῦντο
1298 1855 1359 1910 τὺ
1429 1853 1679 1925 γεγονός.
1719 1853 1784 1907 Ol
1823 1852 1881 1906 δὲ
1922 1853 2023 1920 τὴν
2095 1857 2316 1928 ἀπάτην
2345 1861 2632 1930 μαθόντες,
2662 1864 2906 1920 ἔκτεινον
2941 1859 2985 1935 ᾧ
3011 1865 3080 1921 ἂν
3107 1867 3217 1923 τῶν
3241 1869 3432 1938 μάγων
3456 1873 3542 1925 ἐν·

261 1949 487 2021 ἐτυχον.

338 2044 414 2098 Γ.
456 2041 611 2097 Ἐπεὶ
650 2041 708 2095 δὲ
757 2039 996 2110 κατέστη
1041 2041 1070 2094 6
1115 2038 1367 2112 θόρυϐος,
1404 2037 1502 2094 καὶ
1552 2036 1654 2110 Ιήδη
1704 2035 1848 2101 τινὲς

2026 2038 2120 2095 ΙΙΙ.
2150 2039 2342 2112 Sopito
2377 2055 2506 2114 post
2527 2047 2736 2118 aliquot
2769 2048 2888 2104 dies
2921 2052 3181 2119 tumultu,
3210 2051 3278 2109 de
3312 2069 3540 2126 compo-

259 2135 474 2209 ἡμέραι
500 2133 881 2206 παρήλθοσαν,
911 2130 1262 2186 ἐϐουλεύοντο
1291 2130 1422 2202 περὶ
1446 2131 1548 2201 τῆς
1575 2129 1684 2184 τῶν
1711 2147 1848 2200 πρα-

1952 2132 2150 2188 nendis
2169 2134 2337 2191 rebus
2365 2136 2694 2196 deliberant.
2713 2139 2792 2196 Ac
2809 2140 3014 2198 Otanes
3033 2141 3424 2200 democratiam
3452 2149 3540 2202 in-

259 2231 499 2300 γμάτων
527 2227 864 2299 οίκονομίας.
889 2227 1001 2281 Kal
1042 2226 1276 2297 Ὀτάνης
1309 2225 1410 2294 μὲν
1442 2222 1848 2295 δημοκρατείαν

1952 2223 2306 2290 stituendam,
2331 2227 2654 2301 Megabysus
2675 2232 3104 2300 aristocratiam,
3125 2237 3319 2292 Darius
3337 2238 3538 2294 iterum

259 2321 487 2375 ἐλίσθαι
522 2318 780 2391 παρῄνει,
801 2317 1262 2388 άριστοκρατείαν
1287 2315 1344 2370 δὲ
1378 2317 1406 2370 6
1433 2312 1784 2381 Μεγάϐυζος,
1821 2315 1851 2366 6

260 2411 324 2465 δέ
358 2427 421 2479 γε
452 2411 679 2479 Δαρεῖος
713 2406 995 2478 βασιλείαν
1035 2409 1132 2461 καὶ
1163 2405 1320 2471 αὖθις
1352 2407 1682 2479 αἱρήσεσθαι
1726 2424 1852 2460 συν-

259 2502 541 2558 εϐούλευε.
597 2501 894 2554 Συνὲθεντο
943 2494 1037 2552 οὖν
1070 2500 1138 2570 τῇ
1186 2498 1378 2553 τούτου
1421 2496 1618 2570 γνώμῃ
1668 2495 1762 2552 καὶ
1798 2497 1850 2551 οί

259 2597 535 2667 τέσσαρες
564 2595 614 2648 οί
651 2592 852 2647 λοιποί.
871 2591 982 2646 Kal
1010 2591 1191 2658 ἔδοξεν
1215 2591 1422 2657 αὐτοῖς,
1453 2588 1712 2660 ἐπιϐῆναι
1741 2589 1849 2642 τῶν

263 2691 478 2755 ἵππων,
515 2687 609 2742 καὶ
654 2688 782 2742 ὅτου
825 2685 893 2740 ἂν
942 2687 971 2738 6
1016 2685 1206 2750 ἵππος,
1238 2683 1389 2754 ἡλίου
1441 2681 1846 2748 ἀνατείλαντος,

260 2780 574 2856 χρεμετίσῃ
620 2781 680 2834 ἐν
732 2777 812 2849 τῷ
862 2775 1178 2848 προαστείῳ
1240 2773 1595 2844 γενομένων,
1659 2773 1848 2828 τοῦτον

264 2877 416 2947 ἔχειν
447 2872 548 2944 τήν
589 2870 892 2943 βασιλείαν.
925 2871 1152 2940 Δαρεῖος
1184 2867 1242 2922 δέ
1271 2868 1370 2940 τὴν
1403 2866 1600 2938 βουλὴν
1648 2865 1726 2934 τῷ
1759 2867 1849 2919 ίπο

265 2967 498 3038 ποκόμῳ
522 2964 691 3020 αὑτοῦ
719 2963 1052 3033 ἐξηγήσατο.
1080 2957 1190 3014 Ἦν
1216 2959 1272 3013 δὲ
1296 2958 1461 3028 σοφὸς
1487 2959 1515 3012 ό
1541 2959 1701 3030 ἀνὴρ,
1727 2958 1844 3024 καὶ,

262 3062 496 3134 Θάρρει,
533 3052 580 3113 ὧ
629 3056 890 3119 δέσποτα,
918 3055 1048 3124 ἔφη,
1089 3052 1166 3117 ὡς
1205 3052 1273 3124 σὴ
1299 3050 1456 3104 ἔσται
1499 3051 1532 3120 ή
1575 3047 1846 3122 βασιλεία.

261 3151 575 3224 Γενομένης
621 3149 716 3205 οὖν
761 3147 976 3212 νυκτὸς,
1007 3146 1234 3219 θήλειαν
1267 3145 1436 3199 ἵππον
1467 3143 1648 3199 λαϐὼν
1690 3144 1759 3216 ἢν
1817 3144 1846 3197 6

259 3245 497 3318 Δαρείου
557 3243 822 3316 ἔστεργεν
880 3241 1073 3305 ἵππος,
1137 3238 1235 3295 καὶ
1279 3239 1452 3310 δήσας
1501 3239 1582 3301 είς
1624 3237 1687 3292 τδ
1713 3253 1848 3309 προ-

261 3341 486 3396 άστειον
514 3337 764 3406 ἐπήγαγε
790 3333 1100 3439 τδνιῖππον,
1118 3332 1217 3434 καὶ
1248 3331 1515 3439 περιῇγεν
1550 3331 1715 3439 ain-6‘:
1747 3332 1849 3400 ἀγ-
1872 3378 1919 3439 C

261 3431 365 3502 χοῦ
389 3432 460 3502 τῇ
483 3426 700 3499 θηλείᾳ,
725 3425 820 3480 καὶ
843 3424 1022 3500 τέλος,
1047 3423 1254 3494 ἐφῆκεν
1283 3421 1510 3493 ὀχεῦσαι
1530 3421 1631 3495 τὴν
1655 3422 1842 3477 ἵππον.

265 3522 483 3579 Ἐωθεν
531 3521 590 3578 δέ
625 3518 739 3574 τῶν
773 3516 915 3572 ἐπτὰ
953 3515 1421 3588 παραγενομένων
1467 3515 1549 3578 είς
1602 3513 1664 3568 τὺ
1713 3530 1847 3584 προ-

263 3617 509 3681 άστειον,
545 3613 642 3668 καὶ
671 3609 1125 3678 διεξελαυνόντων
1154 3609 1214 3661 ἐν
1249 3607 1420 3677 αὐτῷ,
1446 3606 1522 3671 ὡς
1545 3606 1662 3660 ἐκεῖ
1684 3605 1846 3676 γεγό-

261 3725 424 3765 νασιν
449 3705 695 3775 ἔνθαπερ
735 3705 770 3775 ἡ
806 3702 998 3774 θήλεια
1041 3701 1208 3765 ἵππος
1239 3699 1474 3765 ἐδέδετο,
1511 3701 1593 3762 είς
1621 3699 1846 3770 μνήμην

258 3801 476 3871 ταύτης
507 3798 538 3852 6
563 3794 796 3867 Δαρείου
833 3794 1004 3857 ἵππος
1035 3793 1132 3848 ίὼν
1165 3791 1552 3862 ἐχρεμάτισεν,
1585 3790 1696 3844 κάκ
1725 3789 1848 3844 τού-

257 3909 358 3948 του
391 3891 473 3963 τῷ
506 3888 724 3960 Δαρείῳ
754 3889 788 3959 ή
826 3885 1077 3958 βασιλεία
1113 3886 1506 3957 προσγέγονεν.
1535 3883 1598 3937 Ol
1631 3882 1730 3953 μὲν
1753 3881 1847 3935 οῦν

258 3983 428 4039 τοῦτό
459 3998 596 4052 φασι
634 3977 1056 4051 μηχανήσασθαι
1094 3976 1188 4031 τὸν
1238 3977 1482 4046 Οἰϐαρέα
1524 3974 1706 4046 (τοῦτο
1735 3972 1846 4046 γὰρ

260 4078 344 4144 τῷ
370 4077 467 4131 τοῦ
507 4071 1066 4144 Δαρείουιίπποκόμῳ
1099 4070 1275 4140 ὄνομα
1302 4065 1415 4142 ἦν)⁶
1442 4069 1492 4122 οί
1525 4069 1570 4122 δ’
1605 4069 1846 4139 ἑτεροῖον

259 4167 410 4227 εἷναί
465 4183 602 4239 φασι
650 4164 712 4220 τὸ
761 4163 954 4218 τούτου
1006 4163 1328 4234 μηχάνημα.
1362 4161 1474 4232 Τῆς
1514 4159 1626 4230 γὰρ
1677 4159 1846 4212 ἵππου

260 4261 507 4329 ἐκείνης,
568 4260 637 4332 ῆν
693 4257 723 4310 6
758 4256 990 4326 Δαρείου
1031 4257 1197 4319 ἵππος
1245 4254 1439 4324 ἐφίλει,
1475 4254 1585 4309 τῶν
1627 4252 1847 4326 ἄρθρων

260 4353 570 4424 ἐπιψαῦσαι
617 4353 686 4422 τῇ
730 4350 877 4421 χειρὶ
907 4349 1004 4403 καὶ
1032 4349 1133 4418 τὴν
1173 4351 1332 4418 χεῖρα
1366 4345 1636 4416 κρύπτειν
1681 4348 1740 4398 ἐν
1778 4347 1846 4416 τῇ

259 4445 572 4519 ἁναξυρίδι.
611 4446 754 4514 Ἤδη
781 4444 838 4497 δὲ
872 4442 968 4496 τοῦ
1011 4441 1163 4512 ήλίου
1205 4440 1540 4510 ἀνίσχοντος,
1586 4437 1681 4491 καὶ
1720 4437 1848 4500 τοὺς

261 4540 470 4604 ἵππους
526 4535 936 4593 ἀναϐαινόντων
978 4533 1088 4586 τῶν
1144 4532 1286 4584 ἐπτὰ
1327 4529 1553 4583 ἐκείνων
1613 4528 1845 4599 ἀνδρῶν,

259 4629 652 4702 προσαγαγεῖν»
697 4625 864 4680 αὐτὸν
904 4623 1006 4696 τὴν
1060 4625 1221 4695 χεῖρα
1253 4624 1370 4687 ⁸σοῖς
1405 4622 1501 4678 τοῦ
1544 4625 1712 4677 ἵππου
1749 4622 1845 4678 τοῦ

1951 2316 2263 2388 eligendum
2281 2335 2402 2376 esse
2428 2337 2611 2391 regem
2632 2334 2843 2379 censet.
2866 2324 3038 2396 Cujus
3059 2330 3352 2384 sententiae
3373 2341 3538 2385 eteae-

1951 2407 2052 2460 teri
2087 2417 2328 2477 quatuor
2381 2412 2661 2483 principes
2695 2414 3001 2486 sull‘ragati,
3049 2418 3364 2484 decrevere,
3407 2437 3541 2475 con-

1951 2500 2297 2557 scendendos
2321 2518 2443 2560 esse
2470 2519 2669 2574 equos:
2699 2515 2756 2561 et
2775 2507 2934 2577 cujus
2956 2523 3155 2578 equus,
3178 2520 3373 2566 exorto
3395 2513 3536 2576 sole,

1951 2609 2080 2648 cum
2127 2594 2182 2649 in
2217 2595 2550 2652 suburbium
2590 2600 2978 2667 pervenerint,
3012 2602 3226 2671 primus
3251 2603 3536 2669 binnierit,

1951 2684 2071 2754 ejus
2094 2688 2484 2756 esseﬁregnum.
2511 2687 2568 2743 ld
2598 2689 2882 2746 decretum
2909 2693 3107 2747 Darius
3151 2709 3252 2750 suo
3281 2697 3536 2765 equisoni

1949 2775 2157 2844 aperit:
2176 2777 2268 2846 qui
2292 2793 2416 2834 cum
2433 2781 2518 2834 vir
2533 2780 2776 2850 prudens
2794 2790 2964 2849 esset,
2981 2783 3128 2840 bono
3154 2786 3340 2840 animo
3357 2786 3538 2840 domi-

1950 2882 2081 2922 num
2101 2870 2548 2944 essejubet,ejus
2562 2875 2711 2929 enim
2732 2890 2960 2945 regnum
2985 2876 3126 2932 fore.
3141 2878 3316 2932 Noctu
3335 2894 3534 2948 equam

1949 2971 1980 3012 a
2006 2958 2154 3016 Darii
2189 2976 2335 3031 equo
2363 2963 2668 3019 adamatam
2694 2965 2752 3019 in
2777 2964 3047 3021 suburbio
3075 2967 3296 3038 alligat,
3331 2983 3536 3037 equum

1947 3065 2119 3121 prope
2158 3052 2307 3109 illam
2346 3053 2587 3122 adducit,
2607 3071 2673 3112 ac
2693 3057 2931 3129 denique
2954 3059 3023 3114 ad
3047 3059 3253 3115 coitum
3272 3060 3534 3117 admittit.

1948 3141 2107 3198 Mane
2137 3159 2263 3200 cum
2290 3155 2500 3217 septem
2523 3147 2627 3202 viri
2658 3149 2716 3204 in
2750 3151 3081 3208 suburbium
3123 3155 3535 3222 convenissent,

1948 3247 2168 3305 quaque
2195 3251 2334 3306 equa
2363 3237 2580 3309 alligata
2614 3238 2818 3310 fuerat,
2848 3244 3174 3310 transirent,
3205 3246 3361 3316 173
3391 3247 3537 3302 Darii

1948 3339 2126 3396 equus
2164 3327 2310 3385 illius
2339 3331 2662 3388 recordatus
2679 3333 2917 3390 hinniit:
2945 3335 3134 3406 itaque
3151 3338 3348 3392 Darius
3372 3353 3540 3409 regno

1949 3418 2160 3488 potitus
2174 3429 2280 3476 est.
2296 3421 2557 3479 Nonnulli
2574 3423 2741 3496 igitur
2756 3426 2906 3482 Darii
2925 3427 3247 3497 equisonem
3265 3428 3535 3486 OEbarem

1950 3509 2058 3566 hoc
2087 3511 2459 3570 machinatum
2487 3531 2607 3572 esse
2629 3516 2836 3584 lerunt,
2860 3519 2954 3574 alii
2975 3519 3254 3576 diversum
3274 3522 3536 3593 quiddam

1953 3604 2200 3661 tradunt.
2221 3607 2358 3662 Nam
2385 3623 2541 3679 equa:
2557 3623 2590 3664 a
2608 3609 2757 3666 Darii
2783 3625 2930 3680 equo
2963 3612 3252 3681 adamatae,
3279 3615 3536 3686 genitalia

1951 3709 2324 3757 contrectasse
2364 3718 2553 3768 manu,
2583 3719 2760 3774 eaque
2797 3705 2946 3761 intra
2974 3707 3379 3778 subligaculum
3408 3723 3543 3763 con-

1950 3793 2085 3860 dita,
2123 3810 2250 3852 cum
2280 3795 2394 3852 sole
2425 3797 2535 3867 jam
2574 3798 2786 3854 oriente
2812 3809 3024 3869 septem
3069 3799 3174 3854 viri
3203 3816 3376 3870 equos
3404 3817 3541 3856 con-

1949 3887 2297 3954 scenderent,
2331 3886 2476 3942 Darii
2500 3889 2624 3959 equi
2651 3904 2815 3946 nares
2835 3892 3086 3961 palpasse
3116 3909 3130 3946 :
3163 3893 3254 3962 qui
3281 3907 3542 3964 percepto

1951 3979 2146 4046 odore,
2177 3981 2360 4036 statim
2400 3996 2524 4036 eum
2556 3981 2783 4038 fremitu
2823 3983 3112 4038 hinnierit.
3145 3983 3264 4040 Hoe
3294 3986 3413 4041 sive
3444 3987 3540 4052 ita,

1950 4073 2071 4128 sive
2116 4073 2283 4128 aliter
2319 4073 2528 4128 factum
2574 4074 2763 4138 fuerit,
2804 4090 2974 4144 regno
3016 4089 3168 4132 certe
3209 4077 3417 4147 potitus
3457 4087 3542 4133 est

1949 4162 2148 4218 Darius
2178 4179 2192 4216 :
2229 4163 2323 4233 qui
2359 4164 2608 4234 privatus
2637 4165 2819 4220 adbuc
2849 4177 3039 4220 votum
3073 4167 3281 4223 fecerat
3320 4169 3452 4233 Deo,
3485 4170 3532 4224 si

1951 4272 2047 4311 rex
2073 4263 2220 4312 esset
2258 4255 2455 4321 lactus,
2490 4272 2549 4313 se
2580 4273 2706 4313 vasa
2753 4259 3129 4330 reliqua,quae
3156 4261 3338 4317 adhuc
3361 4261 3537 4333 Baby-

1948 4349 2076 4404 lone
2102 4358 2308 4414 essent,
2339 4349 2546 4412 omnia,
2583 4350 2640 4404 in
2674 4351 2938 4421 templum
2971 4351 3535 4424 Hierosolymitanum

1949 4440 2310 4496 remissurum
2358 4455 2499 4497 esse.
2533 4441 2605 4497 Et
2645 4443 2774 4512 quia
2811 4452 3083 4500 vetustate
3112 4445 3370 4502 amicitiae
3410 4461 3538 4502 cum

1950 4533 2294 4590 Zorobabele
2323 4535 2656 4607 eonjunctus
2681 4544 2825 4602 erat,
2849 4552 2976 4592 eum
3002 4552 3199 4593 recens
3222 4538 3541 4612 Hierosoly-

1951 4625 2057 4680 mis
2096 4625 2404 4696 profectum
2446 4640 2574 4682 cum
2602 4627 2728 4682 aliis
2753 4627 2971 4685 duobus
3001 4628 3070 4684 ad
3102 4629 3412 4686 custodiam
3455 4629 3542 4686 sui

261 4719 500 4793 Δαρείου
535 4718 835 4790 μυκτῆρσι,
866 4715 962 4771 καὶ
992 4715 1088 4770 τὸν
1117 4715 1319 4770 αὐτίκα
1357 4715 1686 4786 αίσθόμενον
1716 4733 1845 4787 φρι-

1953 4720 2205 4789 corporis
2233 4718 2586 4775 adhibuerat.
2629 4719 2766 4775 Cum
2799 4728 2983 4775 autem
3031 4722 3211 4791 primo
3259 4719 3346 4776 sui
3387 4721 3541 4792 regni

269 4810 555 4884 μάξασθαί
600 4825 663 4862 τε
714 4809 811 4862 καὶ
858 4807 1204 4878 χρεμετίσαι.
1238 4805 1360 4859 Εἴθ’
1378 4805 1470 4862 οῦν
1513 4805 1710 4872 οὕτως,
1745 4805 1847 4860 εἰτ’

261 4902 516 4968 ἐκείνως,
555 4901 584 4953 6
614 4901 844 4970 Δαρεῖος
889 4899 989 4968 τῆς
1033 4896 1314 4968 βασιλείας
1351 4897 1636 4968 ἐπέτυχεν.
1680 4890 1851 4961 Οὗτος

177 4981 189 4991 ’
261 4991 364 5050 οὖν
411 4992 632 5064 ἰδιώτης
688 4990 786 5056 ὣν,
817 4990 1024 5060 ηὔξατο
1070 4989 1150 5060 τῷ
1185 4989 1327 5060 Θεῷ,
1360 4991 1410 5044 εί
1451 4993 1661 5058 γένοιτο
1691 4990 1850 5060 βασι-

257 5089 417 5152 λεὺς,
447 5086 630 5141 πάντα
651 5083 720 5138 τὰ
745 5082 917 5152 σκεύη
939 5080 1034 5136 τοῦ
1062 5081 1222 5144 Θεοῦ.
1247 5081 1349 5136 ὅσα
1373 5082 1439 5156 ἦν
1469 5081 1550 5137 ἔτι
1582 5083 1640 5137 ἐν
1674 5083 1853 5137 Βαϐυ-

252 5178 418 5241 λῶνι,
450 5175 690 5248 πέμψειν
723 5177 806 5238 είς
833 5173 924 5228 τὸν
947 5176 1006 5228 ἐν
1041 5172 1445 5244 Ἰεροσολύμοις
1471 5176 1620 5230 ναόν.
1654 5172 1763 5230 Ἦν
1793 5177 1849 5231 δὲ

255 5268 414 5340 αὐτῷ
458 5269 629 5324 πάλαι
683 5266 778 5321 καὶ
816 5267 956 5338 πρὸς
995 5265 1090 5320 τὸν
1123 5267 1436 5338 Ζοροϐάϐελ
1463 5268 1646 5337 φιλία,
1687 5269 1754 5323 δι’
1782 5271 1850 5342 ἥν

259 5362 362 5417 καὶ
406 5359 906 5432 σωματοφυλακεῖν
951 5359 1073 5429 μεθ’
1100 5361 1308 5430 ἐτέρων
1337 5358 1431 5414 δύο
1459 5359 1682 5431 ἠξίωτο,
1725 5363 1850 5432 ἄρτι

259 5454 326 5520 ἐξ
350 5453 625 5523 ’ἰεροσολύ
634 5469 753 5524 μων
780 5451 918 5523 πρὸς
949 5452 1112 5506 αὑτὸν
1141 5452 1591 5524 ἅφικόμενος.’[’ᾦ
1614 5452 1672 5507 δέ
1695 5455 1847 5523 πρώ-

258 5563 342 5616 τῳ
375 5544 486 5599 ἔτει
521 5545 621 5615 τῆς
652 5543 818 5598 αὐτοῦ
856 5543 1134 5614 βασιλείας
1172 5545 1336 5597 πότον
1367 5546 1482 5606 τοῖς
1521 5546 1846 5613 μεγιστᾶσιν

256 5637 430 5694 αὐτοῦ
477 5639 707 5709 Δαρεῖος
744 5636 1064 5707 ἡτοίμασεν.
1103 5635 1192 5698 Ὠς
1241 5635 1288 5688 δ’
1320 5636 1696 5708 εὐωχηθέντες
1747 5638 1846 5690 ἀν-

258 5729 487 5792 έλυσαν,
527 5727 624 5781 καὶ
652 5725 818 5790 αὐτὸς
843 5726 937 5780 ἐπὶ
965 5728 1032 5796 τῇ
1078 5728 1236 5797 κοιτῇ
1267 5726 1564 5797 κατέδαρτε
1589 5743 1603 5758 ·
1647 5728 1844 5798 μικρὸν

255 5817 354 5876 οὖν
390 5819 682 5890 ὑπνώσας,
712 5817 1037 5890 ἀφύπνωσε,
1070 5819 1166 5879 καὶ
1200 5819 1342 5892 μετὰ
1373 5823 1483 5878 τῶν
1513 5839 1810 5894 σωματοφυ

1953 4824 2100 4866 anno
2131 4811 2386 4866 convivio
2410 4820 2694 4882 mag-nates
2721 4811 3050 4882 excepisset.
3088 4827 3152 4868 ac
3193 4822 3316 4883 post
3345 4827 3541 4868 eorum

1952 4903 2182 4968 abitum,
2229 4919 2420 4974 parum
2467 4903 2525 4958 in
2576 4903 2780 4960 lectulo
2808 4903 3124 4974 dormisset,
3157 4913 3536 4977 experrectus,

1953 5011 2079 5051 cum
2099 4997 2214 5052 suis
2235 4999 2557 5055 custodibus
2577 4999 2934 5069 colloquitur,
2953 5006 3011 5054 et
3036 4999 3270 5070 singulis
3295 4999 3541 5069 singulas

1954 5088 2285 5157 qumstiones
2325 5089 2606 5160 proponit.
2647 5089 2855 5155 Primo,
2885 5106 2955 5144 an
2986 5093 3172 5144 vinum
3207 5091 3392 5144 omnia
3422 5090 3543 5143 vin-

1955 5179 2077 5234 cat?
2123 5181 2306 5246 alteri,
2358 5197 2428 5237 an
2483 5183 2616 5238 rex?
2664 5183 2827 5238 tertio
2857 5183 2926 5256 (is
2959 5183 3268 5239 Zorobabel
3307 5180 3432 5251 fuit)
3466 5196 3537 5234 an

1952 5273 2235 5338 mulieres,
2261 5290 2465 5346 easque
2489 5275 2732 5330 veritas?
2759 5276 3039 5345 pollicitus
3067 5275 3258 5329 victori
3286 5271 3534 5343 praemia,

1953 5371 2014 5418 ut
2039 5380 2364 5435 purpuram,
2403 5366 2646 5437 cydarim
2693 5366 2991 5438 byssinam,
3033 5374 3092 5420 et
3133 5372 3385 5433 torquem
3431 5377 3535 5416 an-

1953 5471 2110 5510 reum
2160 5466 2420 5527 gestaret,
2480 5473 2544 5513 ac
2604 5465 2933 5527 potestatem
2997 5456 3228 5511 haberet
3273 5470 3342 5509 ex
3395 5467 3534 5508 auro

1950 5548 2198 5610 bibendi,
2243 5557 2300 5605 et
2349 5548 2406 5604 in
2460 5549 2604 5604 lecto
2660 5563 2830 5603 aureo
2877 5547 3212 5610 dormiendi,
3249 5555 3305 5600 et
3360 5559 3529 5599 curru

1949 5642 2133 5697 aureis
2162 5642 2331 5699 frenis
2360 5641 2594 5697 vehendi
2622 5659 2636 5695 :
2674 5650 2844 5710 utque
2868 5639 3178 5710 proximum
3201 5655 3232 5694 a
3257 5655 3316 5694 se
3346 5638 3529 5694 locum

1948 5742 2181 5801 teneret,
2219 5743 2278 5789 et
2309 5749 2444 5789 suus
2484 5741 2748 5803 cognatus
2776 5739 3092 5786 vocaretur.
3141 5731 3298 5785 Mane
3330 5744 3526 5799 proce-

1945 5827 2098 5884 ribus
2147 5827 2454 5894 accersitis,
2498 5840 2770 5898 quemque
2805 5825 3106 5882 satellitum
3157 5822 3518 5896 qumstionem
