4092 6408
587 380 697 443 319

1847 381 2171 444 JOA‘NNIS
2206 378 2530 440 ΖΟΝᾹΒΕ

3739 367 3856 429 330

583 509 740 548 s'tam
767 492 1050 548 declarare
1074 495 1252 564 jubet.
1279 497 1500 552 Primus
1526 496 1692 568 igitur
1724 495 1837 550 vini
1869 493 2166 563 potentiam

2272 491 2454 545 λάκων
2477 487 2693 556 ὡμίλει,
2727 483 2820 538 καὶ
2843 483 3046 536 τούτων
3071 481 3290 551 ἑκάστῳ
3313 479 3498 547 ἀγῶνα
3527 479 3687 548 λόγου
3722 497 3828 549 προ

582 587 822 650 extollit,
877 586 1025 656 quod
1083 590 1299 642 animos
1333 591 1682 644 abutentium
1734 588 2036 654 deciperet,
2078 584 2160 638 af-

583 676 764 732 fectus
797 688 1055 744 mutaret,
1093 690 1147 735 et
1175 680 1359 735 ebrios
1398 683 1572 735 variis
1601 680 1778 734 modis
1803 679 2164 734 transforma-

584 780 690 824 ret.
720 771 873 825 Alter
913 787 1094 842 regem
1123 782 1386 842 prastare
1421 774 1684 828 omnibus
1713 772 1979 841 disputat,
2035 784 2160 824 cum

587 863 841 918 homines
888 865 960 918 ob
1009 867 1336 936 sapientiam
1378 867 1592 920 emteris
1623 867 1884 919 omnibus
1917 864 2162 918 antecel-

584 951 704 1005 lant
737 971 748 1005 :
803 953 872 1006 iis
906 962 1089 1007 autem
1123 955 1325 1025 quibus
1361 957 1465 1010 alia
1496 963 1744 1025 parcant,
1786 969 1941 1020 rcges
1985 953 2162 1021 impe-

585 1054 728 1100 rent.
761 1046 829 1100 At
859 1045 1162 1102 Zorobabel
1194 1049 1369 1117 majus
1401 1064 1524 1103 esse
1560 1047 1732 1101 robur
1759 1047 2050 1104 mulierum
2074 1061 2163 1100 as-

588 1138 725 1191 serit
785 1152 801 1192 :
855 1154 983 1192 nam
1034 1155 1102 1194 ex
1171 1141 1254 1196 eis
1316 1148 1373 1195 et
1437 1155 1594 1209 reges
1653 1139 1842 1204 nasci,
1896 1148 1953 1193 et
2017 1139 2162 1192 vini-

585 1233 778 1280 tores:
840 1241 936 1283 cas
998 1229 1064 1282 ab
1129 1229 1390 1284 omnibus
1414 1239 1468 1284 οι
1499 1231 1821 1299 parentibus
1864 1239 1920 1284 et
1975 1230 2165 1299 patriae

585 1324 644 1369 et
696 1317 1042 1374 eharissimis
1094 1322 1408 1391 quibusque
1472 1323 1733 1391 anteponi
1791 1339 1804 1376 :
1869 1337 1965 1376 eas
2029 1322 2164 1391 ipsis

584 1407 806 1476 regibus
856 1411 1142 1478 imperare,
1197 1413 1291 1481 qui
1338 1428 1397 1468 se
1432 1414 1768 1468 submittant
1819 1422 1876 1468 et
1922 1415 2164 1470 adnlcn-

584 1502 678 1546 tur
731 1496 777 1548 si
835 1496 968 1566 quid
1053 1499 1178 1553 illas
1231 1514 1378 1570 aegre
1450 1500 1596 1554 ferre
1657 1502 1971 1570 cognorint.
2056 1499 2164 1555 Sed

585 1581 874 1636 veritatem
925 1594 1109 1639 tamen
1187 1586 1557 1656 potentiorem
1621 1603 1744 1644 esse
1814 1588 2162 1643 mulieribus.

587 1670 748 1742 174
798 1672 982 1742 Ipsum
1026 1676 1174 1730 enim
1210 1677 1378 1731 Deum
1399 1693 1650 1733 veracem
1686 1688 1745 1734 et
1785 1695 1906 1734 esse
1939 1688 1995 1735 et
2040 1695 2167 1748 per-

583 1759 763 1816 hiberi
819 1780 833 1817 :
882 1780 1119 1836 cumque
1158 1777 1352 1823 caetera
1416 1769 1622 1824 caduca
1671 1771 1819 1836 sint,
1877 1770 2163 1826 veritatem

2269 584 2486 652 τίθησιο
2527 579 2606 648 τῷ
2655 577 2862 647 πρώτῳ
2900 575 3019 644 μὲν,
3062 575 3110 626 εἰ
3144 575 3172 626 ό
3194 567 3338 635 οἶνος
3371 572 3592 624 πάντων
3622 575 3852 640 κρατεῖς

2267 675 2349 745 τῷ
2380 673 2619 742 δευτέρῳ
2649 669 2727 730 δὲ,
2762 672 2810 722 εξ
2833 670 2881 721 οἱ
2915 667 3190 738 βασιλεῖςς
3221 664 3300 732 τῷ
3328 664 3385 716 δέ
3430 680 3495 732 γε
3523 663 3697 732 λοιπῷ
3733 656 3852 732 (οὗ-

2269 784 2360 828 τος
2388 766 2442 818 δὲ
2469 766 2494 817 ὁ
2526 760 2835 833 Ζοροϐάϐελ
2856 755 2946 829 ἦν)
2987 759 3035 811 εί
3066 758 3122 810 αί
3156 759 3442 825 γυναῖκες,
3477 754 3573 808 καὶ
3597 755 3777 808 αὐτῶν
3817 757 3854 825 ἡ

2271 857 2536 925 ἀλήθειας
2584 854 2678 906 καὶ
2710 851 2790 920 τῷ
2817 852 3103 920 νικήσαντι
3148 847 3322 918 γέρας
3355 845 3551 900 δώσειν
3583 847 3856 914 ὑπέσχετο

2270 948 2614 1014 νικητήριον,
2641 941 2931 1012 πορφύραν
2959 940 3172 1008 φορεῖν,
3195 939 3292 990 καὶ
3323 937 3537 1008 κίδαριν
3562 937 3850 1006 βυσσίνην,

2271 1039 2366 1090 καὶ
2391 1035 2776 1104 περιαυχένιον
2813 1033 3070 1102 χρύσεον,
3104 1030 3199 1083 καὶ
3236 1031 3294 1081 ὲν
3329 1029 3624 1098 ἐκπώμασι
3666 1029 3853 1081 πίνειν

2270 1129 2516 1198 χρυσοῖς,
2549 1127 2641 1178 καὶ
2672 1125 2764 1177 ἐπὶ
2802 1123 3029 1193 χρυσίου
3059 1121 3366 1186 καθεύδειν,
3400 1123 3494 1176 καὶ
3521 1122 3675 1191 ἅρμα
3710 1141 3852 1192 χρυ·-

2279 1219 2560 1289 σοχάλινον
2611 1217 2778 1286 ἔχειν,
2832 1215 2928 1268 καὶ
2976 1213 3096 1282 μετ’
3136 1213 3301 1266 αὑτὸν
3341 1213 3710 1284 προεδρεύειν,
3754 1217 3854 1267 καὶ

2273 1308 2510 1378 συγγενῆ
2537 1305 2816 1360 καλεῖσθαι
2848 1303 3041 1359 αὑτοῦ.
3069 1303 3308 1373 Ὄρθρου
3336 1305 3517 1356 τοίνυν
3537 1305 3664 1365 τοὺς
3691 1322 3854 1372 μεγι-

2274 1405 2476 1464 στᾶνας
2509 1401 3034 1472 μεταπεμψάμενος,
3069 1397 3178 1450 τῶν
3208 1396 3690 1464 σωματοφυλάκων
3718 1397 3854 1450 ἔκα-

2275 1511 2400 1547 στον
2431 1492 2652 1546 ἐκέλευε
2702 1493 2835 1562 περὶ
2861 1489 2958 1543 τοῦ
3000 1489 3390 1562 προϐλήματος
3423 1489 3852 1556 ἀποφαίνεσθαι.

2271 1587 2366 1638 καὶ
2392 1587 2421 1637 ὁ
2460 1584 2559 1653 μὲν
2588 1581 2686 1653 τὴν
2718 1583 2872 1652 ἰσχὺν
2903 1581 3067 1651 ἐξῆρε
3119 1581 3216 1634 τοῦ
3268 1583 3439 1647 οἴνου,
3489 1581 3566 1644 ὡς
3610 1584 3708 1649 τὴν
3737 1585 3852 1635 τῶν

2273 1675 2723 1746 καταχρωμένων
2767 1673 3088 1736 ἀπατῶντος
3134 1674 3397 1734 διάνοιαν,
3447 1674 3538 1726 καὶ
3589 1674 3690 1735 τὰς
3741 1675 3854 1726 τῶν

2271 1766 2460 1836 ψυχῶν
2498 1765 2774 1828 διαθέσεις
2815 1763 3268 1835 μεταποιοῦντος,
3304 1764 3398 1816 καὶ
3433 1765 3628 1826 ἄλλους
3669 1764 3730 1828 ἐξ
3754 1765 3854 1818 άλ-

581 1868 706 1907 csse
739 1853 1102 1912 immortalem
1135 1868 1190 1913 et
1221 1868 1506 1915 aeternam.
1544 1862 1602 1915 ln
1632 1862 1797 1932 hujus
1834 1862 2163 1916 sententiam

2272 1861 2374 1913 λων
2404 1857 2773 1929 ἐργαζομένου
2803 1857 2930 1919 τοὺς
2953 1855 3302 1918 οἰνωθέντας.
3337 1855 3396 1909 Ὀ
3420 1857 3478 1909 δὲ
3506 1857 3597 1909 τὸν
3621 1857 3870 1926 βασιλέα

585 1956 712 1994 cum
763 1943 990 1998 ivisseut
1018 1961 1231 2009 omnes.
1275 1959 1335 2004 ut
1379 1951 1470 2020 qui
1499 1951 1566 2006 de
1601 1951 1829 2007 veritate
1859 1954 2165 2009 rectissime

586 2035 958 2090 d‘sseruisset:
988 2038 1184 2095 Darius
1201 2042 1250 2094 ei
1278 2044 1546 2111 permisit.
1593 2053 1652 2098 ut
1678 2054 1873 2113 praeter
1897 2044 2165 2114 promissa

586 2125 832 2193 prmmia,
861 2129 1082 2196 quidvis
1103 2131 1270 2186 etiam
1293 2135 1611 2203 postularet.
1635 2135 1704 2189 At
1732 2137 1824 2190 ille
1858 2152 2040 2206 regem
2065 2137 2165 2190 ad-

589 2226 798 2281 monet,
819 2221 1280 2286 quemadmodum
1308 2226 1548 2281 vovisset
1598 2226 1644 2280 si
1680 2242 1847 2295 regno
1871 2228 2164 2297 potiretur.

587 2322 645 2359 se
697 2317 753 2362 et
797 2311 1057 2379 templum
1112 2313 1664 2388 Hierosolymitanum
1708 2320 2162 2386 iustauraturum,

585 2407 641 2450 et
670 2413 796 2454 vasa
826 2417 946 2470 qua:
973 2403 1250 2476 Babylone
1275 2409 1485 2480 reliqua
1523 2420 1729 2476 essent,
1766 2412 2122 2468 remissurum
2149 2431 2163 2468 :

587 2489 657 2543 Et
684 2492 813 2560 lure,
841 2495 1043 2566 inquit,
1075 2509 1215 2569 peto.
1253 2501 1348 2557 His
1375 2519 1468 2558 rex
1504 2505 1826 2569 delectatus,
1859 2508 2051 2562 scribit
2096 2507 2164 2562 ad

586 2591 855 2654 satrapas,
923 2598 984 2643 ut
1041 2592 1267 2648 cedrina
1328 2595 1475 2666 ligna
1526 2597 1807 2668 prtebeant
1863 2599 1929 2653 ad
1977 2601 2165 2670 templi

585 2682 943 2746 structuram,
970 2691 1026 2737 et
1055 2684 1122 2738 ad
1158 2686 1314 2742 urbis
1348 2687 1806 2745 instaurationem
1837 2691 2166 2748 Zorobabeli

588 2767 700 2822 sint
729 2770 1046 2842 adjumento
1077 2797 1090 2831 :
1125 2794 1318 2836 omnes
1361 2782 1658 2846 Israelitas,
1693 2785 1868 2855 quiin
1920 2785 2164 2840 Judream

587 2861 806 2932 abeant,
857 2867 1110 2924 libertate
1163 2881 1220 2926 et
1266 2873 1617 2929 immunitate
1661 2875 1829 2930 donat
1873 2893 1889 2930 :
1926 2876 1993 2930 ad
2031 2886 2167 2930 tem-

589 2952 739 3019 plum
784 2956 1198 3016 instanrandum
1245 2980 1274 3019 ι.
1318 2965 1522 3018 talenta
1579 2966 1829 3036 largitur,
1881 2982 2009 3021 vasa
2047 2982 2169 3036 (pne

585 3058 757 3112 penes
788 3049 965 3119 ipsum
1000 3063 1180 3120 erant,
1215 3056 1420 3112 mittit:
1454 3067 1509 3112 et
1531 3073 1870 3128 quaecunque
1893 3057 2068 3129 Cyrus
2101 3059 2168 3113 de

585 3133 794 3196 Judaeis
829 3147 1224 3217 promulgarat.
1248 3149 1437 3207 eadem
1467 3159 1524 3204 et
1568 3151 1682 3220 ipse
1715 3151 2026 3205 conﬁrmat.

2274 1954 2493 2005 πάντων
2524 1950 2814 2021 ὑπερέχειν
2853 1948 3272 2019 ἐφιλοσόφησεν,
3306 1950 3382 2013 ὡς
3402 1951 3511 2003 τῶν
3542 1949 3854 2020 ἀνθρώπων

2273 2044 2624 2114 κρατούντων
2645 2043 2756 2096 τῶν
2785 2041 2964 2097 ἄλλων
2997 2042 3255 2096 ἁπάντων
3281 2041 3372 2110 διά
3397 2042 3612 2110 σοφίας,
3642 2041 3858 2095 τούτων

2273 2137 2317 2190 δ’
2349 2135 2416 2188 αὖ
2443 2129 2524 2199 οἷς
2555 2135 2773 2189 ἅπαντα
2798 2134 3192 2195 ὑποτάσσεται,
3224 2133 3588 2204 κυριευόντων
3611 2133 3720 2186 τῶν
3751 2133 3858 2202 βα-

2275 2211 2488 2282 σιλέων.
2536 2227 2594 2280 '0
2622 2225 2680 2279 δέ
2705 2242 2768 2294 γε
2797 2225 3127 2297 Ζοροϐάϐελ,
3161 2225 3261 2288 τὰς
3296 2228 3567 2293 γυναῖκας
3598 2241 3858 2295 κρειττο-

2273 2323 2452 2374 νεύειν
2484 2320 2583 2391 τὴν
2619 2319 2773 2390 ίσχὺν
2807 2319 3151 2388 ἀπεφήνατο,
3182 2317 3259 2380 ὡς
3299 2318 3394 2370 καὶ
3425 2317 3535 2369 τῶν
3583 2316 3860 2386 βασιλέων

2272 2414 2341 2468 δι’
2370 2413 2552 2466 αὐτῶν
2585 2411 2918 2481 γενομένων,
2951 2411 3046 2464 καὶ
3089 2409 3199 2463 τῶν
3223 2409 3321 2472 τὰς
3353 2409 3635 2478 ἀμπέλους
3664 2409 3722 2461 δὲ
3752 2427 3859 2476 φυ-

2273 2506 2563 2569 τευόντων,
2595 2504 2692 2558 καὶ⁵
2730 2503 2951 2557 πάντων
2984 2501 3159 2564 αὑτὰς
3193 2501 3401 2570 γονέων
3435 2518 3495 2554 τε
3535 2502 3859 2570 προτιμών-

2272 2617 2403 2664 των,
2452 2599 2545 2653 καὶ
2585 2597 2697 2652 τῶν
2727 2595 3007 2668 πατρίδων
3053 2595 3148 2648 καὶ
3181 2595 3290 2648 τῶν
3335 2594 3608 2662 φιλτάτιον
3632 2594 3856 2646 αὐτῶν·

2273 2691 2368 2744 καὶ
2411 2690 2520 2742 τῶν
2563 2688 2832 2759 βασιλέων
2875 2687 2922 2741 δ’
2970 2687 3152 2741 αὐτῶν
3181 2688 3404 2755 κρατεῖν
3443 2687 3541 2748 τὰς
3585 2688 3862 2753 γυναῖκας

2273 2782 2686 2836 κολακευόντων
2711 2781 2902 2846 αὑτὰς,
2938 2782 3032 2834 καὶ
3059 2781 3532 2848 ταπεινουμένων,
3559 2780 3609 2832 εἰ
3634 2780 3775 2831 κατά
3800 2797 3860 2832 τι

2275 2873 2736 2946 δυσχεραινούσας
2765 2874 2943 2941 γνοῖεν
2972 2871 3164 2932 αὑτάς.
3197 2870 3415 2924 Μᾶλλον
3442 2871 3498 2924 δὲ
3524 2869 3731 2922 τούτων
3759 2868 3864 2921 δύ-

2277 2962 2472 3016 νασθαι
2508 2963 2606 3034 τὴν
2640 2960 2924 3030 ἀλήθειαν,
2951 2961 3080 3014 ἐπεὶ
3115 2955 3209 3012 καὶ
3244 2962 3271 3012 ὁ
3299 2959 3432 3022 Θεὸς
3461 2959 3666 3029 ἀληθής
3708 2960 3858 3022 έστι,

2275 3055 2371 3110 καὶ
2401 3051 2546 3106 οὕτω
2569 3035 2853 3115 καλεῖται,
2889 3051 2983 3103 καὶ
3012 3051 3078 3104 τά
3111 3051 3212 3121 μὲν
3243 3051 3379 3104 ἄλλα
3412 3051 3611 3120 θνητάο
3640 3050 3861 3102 ἀθάνα-

2275 3164 2367 3199 τον
2401 3146 2458 3198 δὲ
2491 3144 2682 3216 χρῆμά
2721 3145 2874 3196 ἐστιν
2903 3145 2938 3214 ἡ
2973 3143 3223 3213 ἀλήθεια,
3262 3144 3360 3197 καὶ
3397 3143 3588 3198 ἀίδιον.
3626 3145 3862 3197 Πάντων

585 3229 645 3284 δὲ
691 3238 755 3306 τῇ
801 3235 994 3309 γνώμῃ
1027 3239 1218 3293 τούτου
1256 3239 1518 3311 θεμένων,
1549 3243 1624 3306 ὡς
1659 3243 1858 3314 ἄριστα
1923 3245 2053 3314 περὶ
2101 3242 2201 3311 τῆς
2240 3240 2500 3310 ἀληθείας
2554 3239 3020 3308 φιλοσοφήσαντος
3073 3237 3102 3289 ὁ
3145 3239 3370 3305 Δαρεῖος
3440 3237 3772 3305 αίτήσασοαι
3828 3237 3862 3289 ὃ

591 3323 866 3392 βούλεται,
900 3327 1073 3398 πάρεξ
1122 3330 1230 3383 τῶν
1260 3331 1681 3400 ὑπεσχημένων,
1723 3333 2048 3404 ἐπέτρεψεν.
2095 3333 2156 3385 '0
2196 3334 2252 3386 δὲ
2284 3333 2382 3400 τῆς
2407 3331 2573 3400 εὐχῆς
2605 3329 2768 3383 αὐτὸν
2803 3329 3133 3398 ἀνέμνησεν,
3202 3331 3290 3400 ἢν,
3323 3331 3371 3382 εί
3395 3329 3550 3383 λάϐοι
3573 3328 3671 3397 τὴν
3735 3329 3846 3397 βα-

591 3415 822 3483 σιλείαν,
849 3420 1136 3489 πεποίητο.
1159 3419 1308 3491 Αὕτη
1339 3423 1395 3476 δὲ
1430 3419 1520 3494 ἦν,
1555 3426 1648 3476 τὺν
1674 3425 1731 3478 έν
1765 3424 2161 3496 Ἰεροσολύμοις
2199 3423 2296 3478 τοῦ
2358 3422 2494 3476 Θεοῦ
2530 3423 2940 3477 κατασκευάσαι
2969 3421 3115 3482 ναὸν.
3140 3421 3596 3490 ἀποκαταστῆσαι
3657 3422 3715 3474 δὲ
3742 3424 3851 3476 καὶ

587 3505 659 3558 τὰ
693 3508 885 3577 σκεύη,
910 3509 1010 3562 ὅσα
1043 3508 1126 3564 ἔτι
1162 3512 1220 3564 έν
1254 3513 1536 3568 Βαϐυλῶνι
1569 3515 1998 3585 περιελέλειπτο.
2065 3513 2173 3569 Kal
2237 3515 2435 3578 τοῦτο,
2497 3513 2623 3584 ἔφη,
2655 3515 2722 3568 τὸ
2747 3513 2972 3583 αἴτημα
3003 3514 3066 3567 τὸ
3092 3513 3258 3582 ἐμόν.
3296 3513 3516 3576 Ἡσθεὶς
3539 3515 3581 3565 δ’
3607 3516 3700 3566 ἐπὶ
3724 3517 3862 3568 τοὺ-

589 3613 707 3660 τοις
762 3598 792 3650 6
845 3599 1121 3669 βασιλεὺς,
1161 3604 1365 3672 γράφει
1395 3607 1510 3668 τοῖς
1556 3607 1890 3676 σατράπαις,
1937 3607 2162 3676 κέδρινα
2203 3606 2336 3671 ξύλα
2366 3608 2626 3676 χορηγεῖν
2652 3607 2732 3670 είς
2759 3605 2857 3676 τὴν
2885 3606 3175 3676 οἰκοδομὴν
3203 3605 3298 3658 τοῦ
3333 3603 3488 3666 ναοῦ.
3547 3607 3642 3658 καὶ
3703 3622 3854 3677 συγ-

591 3692 1034 3754 κατασκευάζειν
1064 3693 1164 3762 τὴν
1184 3693 1338 3748 πόλιν
1369 3694 1446 3764 τῷ
1470 3696 1799 3766 Ζοροϐάϐελ,
1832 3696 1926 3750 καὶ
1957 3697 2166 3761 πάντας
2201 3697 2330 3760 τοὺς
2398 3699 2478 3762 είς
2501 3697 2598 3768 τὴν
2666 3696 2928 3750 Ἰουδαίαν
2957 3696 3292 3758 ἀπελθόντας
3322 3697 3704 3766 αἰχμαλώτους
3736 3699 3858 3752 τῶν

591 3778 942 3853 Ἰσραηλιτῶν
1010 3785 1333 3858 ἐλευθέρους
1396 3783 1536 3839 εἶναι
1597 3789 1692 3842 καὶ
1755 3788 2004 3855 ἀτελεῖς,
2072 3789 2165 3842 καὶ
2237 3790 2478 3845 τάλαντα
2544 3789 2765 3860 δοθῆναι
2823 3791 3166 3860 πεντήκοντα
3221 3791 3301 3852 είς
3360 3789 3460 3859 τὴν
3552 3791 3856 3862 ἀνέγερσιν

590 3878 685 3930 τοῦ
721 3874 876 3930 ναοῦ.
916 3875 1027 3930 Καὶ
1059 3877 1130 3930 τά
1157 3878 1325 3949 σκεύη
1357 3879 1412 3932 δὲ
1445 3881 1620 3934 πάντα
1650 3882 1752 3936 ὅσα
1792 3877 1863 3953 ἦν
1897 3883 2030 3953 παρ’
2103 3881 2276 3954 αὐτῷ,
2331 3881 2572 3953 ἔπεμψε,
2631 3883 2728 3937 καὶ
2784 3882 2887 3936 ὅσα
2945 3880 3130 3952 Κῦρος
3182 3881 3313 3949 περὶ
3391 3881 3502 3934 τῶν
3567 3882 3854 3938 Ἰουδαίων

590 3969 868 4028 ἐθέσπισε.
907 3968 1080 4023 ταῦτα
1113 3971 1208 4025 καὶ
1245 3973 1468 4041 Δαρεῖος
1505 3974 1954 4044 προσδιετάξατο.

659 4057 747 4113 lV.
782 4057 876 4114 His
904 4060 1141 4128 peractis
1167 4099 1182 4125 ,
1218 4061 1520 4118 Zorobabel
1558 4064 1890 4136 Babylonem
1938 4066 2163 4138 proﬁci-

2335 4064 2410 4118 A'.
2434 4054 2612 4115 Ἦκεν
2641 4055 2758 4124 οὖν,
2793 4057 3000 4113 τούτων
3033 4057 3340 4126 γεγονότων
3380 4059 3461 4123 είς
3497 4056 3797 4114 Βαϐυλῶνα
3829 4064 3863 4114 ὀ

587 4149 786 4213 Scitur,
833 4158 888 4205 et
940 4151 1298 4222 popularibus
1343 4155 1457 4209 suis
1504 4156 1687 4211 latum
1738 4157 1899 4214 alTert
1927 4158 1996 4212 de
2027 4159 2166 4230 regis

2277 4151 2608 4224 Ζοροϐάϐελ,
2641 4150 2734 4204 καὶ
2778 4151 2892 4212 τοῖς
2935 4149 3231 4218 ὁμοφύλοις
3276 4151 3344 4204 τὰ
3386 4150 3541 4220 παρά
3573 4150 3668 4203 τοῦ
3695 4152 3862 4220 βασι-

593 4241 928 4308 benignitate
982 4243 1259 4298 nuntium.
1331 4243 1543 4311 Quibus
1603 4247 1770 4318 igitur
1827 4248 1979 4303 cordi
2049 4257 2166 4304 erat

2275 4246 2411 4308 λέως
2441 4243 2874 4314 εὐηγγελίσατοο
2903 4242 2996 4294 καὶ
3028 4242 3144 4294 ὅσοι
3180 4241 3596 4312 προτεθύμηντο
3625 4243 3864 4295 ἐπανελ-

592 4332 827 4397 reditus,
889 4333 928 4387 ii
993 4333 1385 4407 Hierosolyma'
1437 4352 1496 4392 se
1565 4339 1875 4405 conferunt,
1932 4355 2166 4410 quorum

2274 4336 2389 4390 θεῖν
2446 4337 2528 4399 είς
2578 4335 2958 4406 Ἰεροσόλυμα,
2995 4332 3269 4404 ἀπῄεσαν.
3328 4335 3401 4386 Τὸ
3455 4334 3512 4388 δὲ
3555 4336 3861 4401 κεφάλαιον

593 4439 809 4479 summa
854 4425 955 4480 fuit
984 4428 1255 4498 myriades
1299 4445 1532 4484 ccccuu
1555 4439 1610 4486 et
1637 4431 1807 4484 millia
1838 4447 1932 4486 vni
1960 4431 2168 4501 absque

594 4514 801 4572 Levitis
828 4528 883 4572 et
917 4519 1249 4588 ianitoribus
1273 4532 1328 4576 et
1357 4522 1528 4576 sacris
1566 4523 1740 4577 servis
1783 4537 1846 4576 ac
1877 4523 2167 4590 ministris,

594 4606 688 4673 qui
745 4607 1000 4662 reducem
1048 4610 1308 4679 populum
1361 4611 1757 4681 sequebantur.
1809 4613 2017 4668 Horum
2063 4614 2176 4670 dux

595 4695 702 4750 fuit
746 4697 1070 4766 Zorobabel,
1123 4699 1433 4757 Salatbielis
1481 4703 1647 4767 ﬁlius,
1677 4719 1743 4759 ex
1774 4705 1916 4759 tribu
1948 4707 2175 4762 Judaica

596 4797 651 4841 et
696 4788 917 4844 Davidis
947 4792 1282 4859 posteritate,
1311 4802 1366 4848 et
1398 4794 1560 4850 Jesus
1598 4797 1850 4854 Josedeci
1897 4799 2176 4868 pontiﬁcis

594 4879 762 4937 ﬁlius.
809 4883 1014 4938 Pneter
1041 4883 1142 4939 bos
1175 4895 1230 4939 et
1259 4887 1632 4945 Mardocbwns
1682 4899 1736 4944 et
1779 4891 2043 4956 Gcrcbus,
2081 4892 2179 4947 de-

594 4972 723 5028 lecti
747 4991 777 5028 a
808 4977 1010 5046 populo
1039 4993 1054 5032 :
1085 4977 1275 5034 urbem
1311 4979 1566 5050 ingressi,
1605 4983 1845 5039 victimis
1880 4983 2177 5039 immolatis

596 5064 786 5134 templi
824 5066 1242 5124 mdiﬁcationem
1291 5069 1669 5139 auspicantur,
1712 5088 1884 5141 eaque
1920 5073 2175 5128 celeriter

2273 4426 2382 4479 τῶν
2411 4425 2684 4480 ἀπιόντων
2706 4420 2775 4496 ἦν
2804 4425 3065 4494 μυριάδες
3095 4424 3450 4495 τετρακόσιαι
3477 4424 3552 4495 (7)
3585 4424 3862 4495 ἑξήκοντα

2273 4517 2368 4570 δύο
2416 4517 2511 4570 καὶ
2540 4515 2959 4585 ὀκτακισχίλιοι,
2987 4517 3121 4587 άτερ
3155 4515 3400 4570 Λευῖτῶν
3431 4533 3491 4570 τε
3519 4518 3612 4569 καὶ
3661 4517 3859 4570 Πυλω-

2273 4609 2384 4681 ρῶν
2410 4608 2507 4663 καὶ
2527 4609 2730 4662 δούλων
2760 4610 2922 4679 ἱερῶν
2949 4610 3043 4662 καὶ
3068 4609 3444 4680 θεραπόντων,
3482 4610 3532 4664 οἳ
3563 4614 3677 4673 τοίς
3717 4611 3857 4663 ἁναο

2272 4703 2550 4757 ϐαίνουσιν
2581 4704 2823 4759 εἵποντο.
2858 4702 3120 4772 Ἥγεμὼν
3165 4703 3222 4756 δὲ
3267 4703 3476 4756 τούτων
3506 4697 3575 4773 ἦν
3607 4703 3856 4772 Ζοροϐά-

2273 4797 2388 4861 ϐελ,
2421 4797 2696 4868 Σαλαθιὴλ
2725 4799 2877 4861 παῖς.
2917 4799 2982 4849 ὲκ
3023 4797 3122 4867 τῆς
3153 4795 3326 4849 Ἰούδα
3370 4795 3546 4864 φυλῆς
3581 4795 3858 4862 ἀπόγονος

2271 4889 2366 4942 τοῦ
2387 4888 2574 4953 Δαϐὶδ,
2599 4889 2694 4942 καὶ
2722 4888 2938 4958 Ἰησοῦς
2966 4888 3080 4951 υίὸς
3110 4888 3364 4941 Ἰωσεδὲκ
3392 4887 3485 4940 τοῦ
3516 4888 3854 4958 ἀρχιερέωςο

2272 4981 2412 5048 πρὸς
2442 4979 2656 5043 τούτοις
2687 4979 2746 5032 δὲ
2776 4980 3124 5050 Μαρδοχαῖος
3158 4980 3252 5032 καὶ
3278 4978 3447 5049 Γερὲϐ
3483 4981 3546 5030 ὲκ
3571 4976 3667 5030 τοῦ
3713 4977 3858 5047 πλή-

2273 5071 2402 5136 θους
2437 5073 2790 5143 κεχρισμένοι
2817 5072 3077 5144 ἄρχοντες
3115 5072 3192 5141 (8)
3221 5068 3386 5142 ἦσαν.
3407 5070 3766 5133 ’Δπελθόντες
3795 5070 3855 5122 δὲ

1773 5231 1970 5292 Variae
2003 5231 2309 5294 lectiones
2354 5237 2414 5294 et
2456 5241 2646 5294 notae.

665 5396 741 5466 (7)
775 5394 1071 5464 Μυριάδες
1103 5397 1502 5463 τετρακοσίαι.
1536 5394 1610 5450 lta
1660 5395 1786 5452 cod.
1830 5411 1934 5450 ms.

594 5467 795 5522 millies
841 5466 990 5520 mille
1025 5467 1333 5521 sexcenties
1367 5468 1540 5530 mille,
1583 5466 1750 5520 vicies
1785 5467 1960 5521 octies
1992 5467 2162 5521 mille.

1968 5405 2164 5466 quater
2197 5400 2237 5454 D
2267 5395 2590 5452 Castalionis
2647 5402 3011 5466 numerantur
3066 5393 3238 5448 40000
3287 5392 3693 5466 Israelitarum;
3725 5391 3856 5460 qui-

2269 5466 2373 5520 bus
2399 5483 2522 5520 cum
2547 5469 2713 5527 servi,
2733 5465 2965 5528 ancillas,
2984 5473 3258 5528 cantores,
3284 5465 3521 5532 psaltria:
3542 5463 3850 5526 adduntur,

595 5538 896 5592 lmmensus
929 5537 1018 5592 hic
1049 5546 1134 5590 est
1177 5552 1461 5600 numerus,
1495 5546 1552 5592 et
1588 5534 1816 5590 fortasse
1867 5536 2059 5600 falsus,
2099 5551 2167 5590 ex
2269 5536 2408 5590 ﬁunt
2447 5537 2643 5593 49952.
2710 5535 2875 5589 Vetus
2929 5535 3214 5587 translatio
3267 5543 3523 5588 numerat
3573 5532 3853 5588 lsraelitas

596 5605 876 5687 imperitia
935 5607 1223 5687 scriptoris
1277 5605 1796 5687 atque_oseitantia.
1835 5607 1929 5687 qui
1971 5621 2071 5687 pro
2104 5623 2166 5687 μ,

595 5675 685 5738 40,
725 5675 904 5743 posuit
939 5694 992 5739 υ,
1029 5676 1155 5736 500.
1183 5684 1238 5730 et

596 5743 894 5814 Jasephum
920 5745 1142 5814 quidem
1169 5743 1286 5798 lib.’
1308 5745 1592 5812 Antiquit.,
1627 5760 1676 5796 xu
1715 5743 2169 5798 tantumdcm’le-

597 5816 764 5882 gitur.
805 5813 912 5870 Sed
941 5813 1137 5871 ’Esdrae
1189 5815 1284 5870 lib.
1323 5830 1400 5883 ιιι,
1432 5829 1553 5883 cap.
1603 5815 1656 5884 5,
1703 5831 1767 5869 cx
1811 5817 2169 5872 conversione

2267 5606 2462 5670 42540,
2495 5621 2683 5661 servos
2725 5615 2780 5660 et
2811 5604 3038 5658 ancillas
3071 5604 3232 5663 7559,
3264 5614 3520 5658 cantores
3563 5611 3620 5658 et
3659 5612 3854 5658 canta-

1273 5691 1374 5744 pro
1399 5675 1658 5742 χιλιάδες.
1693 5672 1988 5744 μυριάδεςξ
2007 5672 2166 5744 Αρὺά

2272 5677 2440 5730 trices
2464 5676 2591 5738 565,
2637 5675 2730 5744 qui
2752 5674 2963 5744 iaciunt
2991 5673 3188 5727 49942.
3215 5672 3302 5744 W.

2341 5747 2417 5812 (8)
2465 5742 2856 5814 Κεχριὰμένοι
2887 5742 3196 5814 ἄρχοντες.
3258 5742 3335 5797 lta
3378 5743 3503 5798 cod.
3550 5759 3652 5800 ms.
3705 5745 3852 5798 uncti

2273 5813 2635 5888 magistratus.
2664 5813 2937 5885 Josephus
2965 5813 3132 5870 habet
3167 5815 3508 5886 κεκριμένοι.
