4092 6404
296 387 398 452 321

1540 380 1953 443 ANNALIUM
2000 377 2149 437 LIB.
2189 377 2286 438 IV.

3464 373 3572 435 322

295 504 378 564 εἰς
419 497 800 571 Ἱεροσόλυμα,
829 495 1050 560 ἔθυσαν,
1096 494 1323 565 καὶτῆς
1361 494 1653 564 οἰκοδομῆς
1692 493 1880 563 ἀπήρ-

1985 488 2255 551 absoluta,
2286 484 2620 551 sacerdotes,
2649 483 2852 540 Levitae
2873 494 2930 540 et
2962 484 3166 555 Asaphi
3203 485 3362 540 liberi
3401 487 3571 542 Deum

295 594 460 660 ξαντο
488 589 585 643 τοῦ
625 588 780 642 ναοῦ.
807 588 918 640 Καὶ
943 588 971 639 ὁ
1005 586 1106 658 μὲν
1139 586 1267 651 ναὸς
1299 587 1494 640 θᾶττον
1517 585 1677 639 ἔλαϐε
1700 585 1875 647 τέλος.

293 680 759 751 ’Λπαρτισθέντος
820 678 865 731 δ’
905 679 1007 750 ήδη
1055 679 1149 732 τοῦ
1192 677 1365 749 ἱεροῦ,
1402 679 1452 731 οἰ
1489 678 1654 747 ἱερεῖς
1692 677 1787 729 καί
1828 676 1880 728 οἱ

294 775 524 827 Λευῖται
546 771 644 824 καὶ
667 771 719 824 ot
749 767 927 838 Ἀσάφ
960 770 1151 832 παῖδες
1174 769 1380 838 ὕμνουν
1401 769 1489 844 τὸν
1508 768 1661 822 Θεόν.
1680 767 1800 820 Τῶν
1820 765 1879 819 δὲ

294 861 550 932 πατριῶν
576 861 626 914 οἰ
651 859 1016 932 πρεσϐύτεροι
1049 860 1143 913 τὸν
1175 864 1304 930 πρὶν
1331 860 1460 914 ναὸν
1481 861 1602 923 ταῖς
1634 859 1880 929 μνήμαις

297 951 724 1016 ἀναπολοῦντες,
757 951 854 1006 καὶ
882 951 976 1004 τὸν
1007 952 1134 1020 ἄρτι
1178 951 1554 1021 γεγενημένον
1603 949 1881 1003 ἐνδεέστε-

304 1065 399 1117 ρον
445 1045 685 1116 ὁρῶντες
731 1043 828 1098 τοῦ
860 1043 1053 1109 πάλαι,
1095 1045 1179 1108 εἰς
1235 1043 1449 1115 δάκρυα
1503 1043 1600 1096 καὶ
1646 1041 1880 1113 θρήνους

302 1140 629 1208 προήγοντο,
665 1137 761 1190 καὶ
805 1137 838 1206 ἡ
877 1137 1086 1190 τούτων
1131 1137 1348 1207 οἰμωγὴ
1390 1132 1737 1206 ὑπερεφώνει
1778 1135 1880 1202 τὴν

310 1226 419 1280 τῶν
442 1225 764 1294 σαλπίγγων
791 1227 950 1296 ὴχήν.
986 1226 1256 1295 Προσίασι
1280 1225 1326 1278 δ’
1357 1225 1407 1278 οἰ
1438 1226 1778 1295 Σαμαρεῖται
1799 1223 1879 1294 τῷ

299 1316 630 1385 Ζοροϐάϐελ,
669 1316 750 1369 ἐτι
794 1316 888 1369 τοῦ
933 1316 1063 1370 ναοῦ
1102 1315 1551 1386 άνεγειρομένου,
1599 1315 1881 1382 ἀξιοῦντες

300 1406 747 1475 συγκοινωνῆσαι
771 1407 958 1471 αὐτοῖς
979 1408 1082 1478 τῆς
1111 1407 1400 1478 οἰκοδομῆς
1427 1407 1522 1462 τοῦ
1553 1408 1708 1462 ναοῦ.
1743 1407 1802 1461 '0
1822 1408 1880 1461 δὲ

294 1497 398 1568 τῆς
434 1497 536 1566 μὲν
561 1497 853 1567 οἰκοδομῆς
879 1499 1083 1562 αὐτοὺς
1124 1500 1419 1569 μετασχεῖν
1443 1500 1504 1552 οὐ
1539 1499 1875 1570 προσήκατο,

296 1590 633 1653 προσκυνεῖν
658 1587 701 1639 δ’
722 1588 781 1640 ὲν
817 1587 966 1658 αύτῷ
1000 1588 1189 1658 ἔλεγεν
1238 1591 1422 1652 αὐτοῖς
1453 1589 1689 1659 ἐφιέναι.
1737 1589 1882 1660 Πρὸς

293 1674 476 1726 ταῦτα
507 1675 558 1726 οἰ
582 1676 920 1746 Σαμαρεῖται
944 1677 1312 1750 ἠχθέσθησαν,
1333 1680 1428 1732 καί
1450 1680 1700 1733 πείθουσι
1725 1677 1795 1732 τὰ
1822 1681 1880 1732 ἐν

296 1769 473 1839 Συρίᾳ
512 1768 663 1837 ἔθνη,
694 1769 956 1840 δεηθῆναι
992 1769 1100 1823 τῶν
1135 1771 1454 1842 σατραπῶν,
1498 1773 1744 1842 ἐπισχεῖν
1783 1771 1877 1824 τοῦ

1982 580 2285 635 celebrant.
2319 577 2588 633 Tribuum
2621 595 2753 634 vero
2793 580 3062 644 seniores,
3111 579 3342 648 repetita
3371 581 3575 650 prioris
3642 567 3648 570 ’

1984 669 2170 738 templi
2189 668 2616 740 magnificentia,
2632 669 2777 739 quod
2799 684 2991 724 recens
3009 669 3142 724 illud
3159 670 3318 741 longe
3341 672 3572 728 inferius

1981 775 2104 816 esse
2155 769 2474 825 cernerent,
2525 760 2601 815 ita
2661 761 3014 832 illaerymant
3048 772 3213 831 atque
3244 763 3453 830 lugent,
3514 774 3574 818 ut

1981 868 2174 908 eorum
2212 853 2449 923 ejulatus
2496 867 2694 908 sonum
2753 854 3010 908 tubarum
3076 864 3382 924 superaret.
3429 856 3568 910 Dum

1982 945 2249 1014 templum
2331 944 2688 1010 conderetur,
2770 945 3100 1000 Samaritani
3173 946 3570 1001 Zorobabelern

1981 1032 2207 1098 adeunt,
2234 1041 2482 1104 petentes
2507 1049 2565 1090 se
2585 1035 2641 1090 in
2665 1044 2961 1091 structura:
2983 1037 3302 1091 societatem
3325 1037 3568 1092 admitti.

1981 1122 2040 1176 ld
2080 1123 2172 1177 ille
2216 1133 2434 1178 recusat
2463 1143 2477 1178 :
2503 1133 2759 1180 caeterum
2788 1142 2850 1180 ea
2881 1127 3154 1192 absoluta,
3195 1129 3239 1184 si
3265 1131 3320 1182 in
3365 1131 3571 1198 templo

1982 1215 2211 1269 adorare
2240 1215 2434 1278 velint,
2472 1215 2660 1270 licere.
2692 1215 2768 1270 Ea
2799 1216 3016 1286 repulsa
3059 1217 3312 1272 homines
3345 1217 3569 1284 irritati,

1981 1306 2152 1378 Syrize
2183 1308 2442 1377 gentibus
2479 1317 2737 1364 auctores
2766 1319 2896 1364 sunt
2921 1310 3142 1378 petendi
3173 1326 3202 1363 a
3233 1311 3487 1380 satrapis.
3513 1322 3574 1365 ut

1980 1398 2169 1466 templi
2205 1398 2623 1454 aedificationem
2682 1398 3032 1469 prohibeant.
3080 1400 3269 1471 Itaque
3314 1402 3574 1471 prtesitlcs

1983 1489 2157 1561 Syriae
2215 1489 2373 1560 175
2416 1502 2472 1546 et
2525 1490 2824 1547 Phtenicize
2879 1490 3257 1563 Hierosolyma
3311 1493 3568 1562 profecti,

1983 1593 2212 1654 rogant,
2274 1585 2432 1654 cujus
2489 1598 2756 1639 concessu
2821 1585 3086 1653 templum
3135 1585 3311 1640 instar
3359 1585 3574 1640 castelli

1981 1675 2274 1738 aedificent,
2323 1683 2381 1729 et
2437 1675 2627 1730 urbem
2689 1675 2872 1730 muris
2925 1675 3243 1731 fortissimis
3312 1677 3575 1746 cingant?

1983 1765 2288 1822 Zorobabel
2342 1774 2399 1822 et
2455 1768 2701 1836 pontifex
2759 1767 2920 1822 Jesus
2974 1767 3026 1822 id
3071 1768 3306 1838 primum
3345 1768 3574 1839 aCyro,

297 1860 435 1913 ναοῦ
458 1863 558 1930 τὴν
593 1861 903 1934 ἀνέγερσιν.
919 1863 1250 1928 Ἀναϐάντες
1269 1864 1324 1917 δὲ
1351 1865 1434 1928 εἰς
1461 1863 1812 1936 Ἱεροσόλυμα
1830 1866 1880 1918 οἰ

1985 1857 2184 1913 deinde
2222 1873 2253 1912 a
2288 1857 2453 1913 Dario
2478 1859 2644 1914 etiam
2681 1860 3010 1929 permissum
3040 1873 3184 1926 esse,
3211 1859 3569 1929 respondent.

289 1952 504 2024 Συρίας
531 1953 866 2024 ὲπάρχοντες
884 1953 982 2008 καὶ
1001 1955 1276 2026 Φοινίκης,
1296 1955 1551 2025 ἠρώτων,
1572 1959 1718 2020 τίνος
1745 1973 1879 2024 συγ-

289 2043 654 2112 χωρήσαντος
679 2043 754 2108 ώς
780 2043 1042 2114 φρούριον
1074 2039 1168 2098 τὸν
1214 2045 1342 2098 ναὸν
1386 2046 1755 2118 ἀνεγείρουσι,
1786 2046 1882 2100 καὶ

293 2135 367 2202 τῇ
397 2134 551 2186 πόλει
591 2134 747 2205 τείχη
799 2135 1005 2206 σφόδρα
1050 2135 1473 2206 περιϐάλλουσιν
1509 2137 1748 2208 ἰσχυράς
1786 2138 1884 2190 Ζο-

289 2223 536 2294 ροϐάϐελ
565 2224 623 2276 δὲ
647 2225 741 2277 καὶ
758 2227 786 2279 ὁ
803 2226 1098 2298 ἀρχιερεὺς
1123 2226 1354 2298 Ἰησοῦς,
1376 2227 1441 2281 ὲκ
1462 2227 1643 2306 Κύρου
1667 2227 1883 2298 πρῶτον

295 2316 678 2386 ἐπιτραπῆναι
727 2315 828 2388 τὴν
886 2318 1177 2388 οἰκοδομὴν
1221 2319 1454 2385 ἔφασαν,
1507 2315 1788 2383 εῖθάὖθις
1818 2321 1883 2372 ὲκ

295 2407 399 2460 τοῦ
427 2410 678 2479 Δαρείου.
708 2410 771 2463 Οἱ
796 2410 841 2462 δ’
867 2410 1104 2481 ἔπαρχοι
1137 2411 1247 2466 τῶν
1272 2412 1375 2482 τῆς
1405 2411 1608 2483 Συρίας
1641 2413 1738 2467 καὶ
1764 2414 1885 2466 Φοι-

298 2499 464 2570 νίκης
498 2499 714 2570 χωρῶν,
769 2499 869 2572 τὴν
920 2503 1020 2572 μὲν
1071 2501 1183 2556 τῶν
1214 2502 1392 2573 ἔργων
1441 2503 1729 2574 οἰκοδομὴν
1763 2506 1883 2557 ὲπι-

303 2591 465 2658 σχεῖν
525 2591 626 2642 οὐκ
657 2590 1132 2663 ἐκριναν,Δαρείῳ
1159 2591 1216 2647 δὲ
1240 2593 1584 2666 παραχρῆμα
1612 2594 1881 2665 ἔγραψαν.

301 2679 430 2732 Τῶν
473 2678 532 2732 δὲ
585 2679 860 2735 Ἰουδαίων
899 2683 1350 2753 κατεπτηχότων,
1401 2685 1474 2754 μὴ
1512 2685 1778 2756 μεταδόξῃ
1806 2685 1884 2756 τῷ

303 2770 522 2840 βασιλεῖ
551 2774 680 2843 περὶ
699 2769 774 2828 ὧν
806 2773 1183 2846 ᾠκονόμησεν,
1206 2776 1462 2845 ’Δγγαῖος
1487 2778 1581 2831 καὶ
1611 2777 1886 2847 Ζαχαρίας

300 2865 358 2915 οἱ
390 2864 672 2934 προφῆται
709 2866 934 2938 θαρῤεῖν
965 2867 1164 2930 αὐτοὺς
1201 2868 1546 2940 παρώρμων,
1591 2868 1688 2924 καὶ
1719 2867 1887 2939 μηδὲ)

306 2953 621 3024 ὑφορᾶσθαι
651 2956 970 3028 ἀϐούλητον.
1005 2959 1366 3023 Πιστεύοντες
1404 2954 1498 3015 οὖν
1523 2961 1634 3024 τοῖς
1669 2961 1887 3031 προφή-

301 3063 453 3111 ταις,
487 3048 862 3118 ἐντεταμένως
913 3049 1124 3122 είχοντο
1153 3052 1250 3120 τῆς
1289 3051 1599 3122 οἰκοδομῆς.
1661 3055 1888 3123 Δαρεῖος

301 3137 368 3190 δὲ
397 3140 496 3200 τὰς
524 3139 813 3204 ἐπιστολὰς
865 3140 1179 3212 δεξάμενος,
1214 3145 1312 3197 καὶ
1337 3143 1434 3208 τὰς
1464 3145 1574 3197 τῶν
1604 3144 1881 3215 Σαμαρει-

301 3228 420 3282 τῶν
455 3232 816 3303 κατηγορίας,
847 3233 930 3286 ὃτι
968 3237 1068 3304 τήν
1123 3251 1183 3288 τε
1231 3235 1384 3290 πόλιν
1433 3235 1720 3307 ὀχυροῦσιν
1754 3237 1884 3290 Ἴου⁸

302 3323 472 3389 δαῖοι,
497 3326 592 3377 καὶ
618 3324 712 3379 τὸν
737 3326 864 3378 ναὸν
881 3325 1257 3398 οἰκοδομοῦσιν
1279 3327 1350 3390 ώς
1375 3328 1657 3401 φρούριον,
1680 3331 1774 3382 καὶ
1803 3332 1886 3385 ὅτι

303 3415 623 3488 Καμϐύσης
672 3416 772 3487 τὴν
802 3417 1010 3472 τούτων
1064 3417 1339 3472 ἐκώλυσεν
1371 3420 1684 3490 οἰκοδομὴν,
1723 3439 1888 3491 προσ-

299 3510 503 3576 έταξεν
534 3513 594 3563 ὲν
625 3513 736 3574 τοῖς
764 3510 1066 3581 βασιλικοῖς
1097 3512 1455 3584 ὑπομνήμασι
1485 3514 1789 3585 ζητηθῆναι
1819 3514 1887 3568 τὰ

303 3602 440 3672 περὶ
467 3602 678 3666 τούτου,
713 3604 806 3657 καὶ
836 3603 1036 3675 εύρέθη
1060 3603 1119 3657 ἒν
1159 3605 1513 3669 Ἐκϐατάνοις
1536 3609 1602 3677 τῇ
1638 3605 1794 3676 βάρει
1817 3609 1883 3679 τῇ

302 3695 367 3746 ὲν
404 3693 590 3764 Μηδίᾳ
623 3695 1034 3764 γεγραμμένον,
1075 3695 1151 3758 ὼς
1182 3693 1261 3765 τῷ
1295 3696 1500 3766 πρώτῳ
1527 3695 1756 3767 έτειτῆς
1785 3697 1884 3750 αύ-

300 3780 404 3834 τοῦ
434 3782 719 3851 βασιλείας
749 3783 932 3854 Κῦρος
956 3786 1212 3840 ἐκέλευσε
1243 3786 1336 3841 τὸν
1367 3787 1492 3840 ναὸν
1520 3787 1886 3858 οἰκοδομηθῆ-

303 3891 400 3926 ναι
430 3875 521 3927 τὸν
555 3876 614 3928 ἐν
676 3876 1094 3948 Ἰεροσολύμοις,
1129 3878 1221 3931 καὶ
1249 3878 1310 3931 τὸ
1349 3878 1752 3948 θυσιαστήριον,
1790 3879 1886 3932 καὶ

302 3964 408 4036 τὴν
437 3966 518 4028 εἰς
547 3966 721 4020 ταῦτα
747 3968 993 4038 δαπάνην
1037 3970 1104 4022 ἐκ
1135 3969 1244 4022 τῶν
1277 3968 1574 4040 βασιλικῶν
1605 3968 1886 4033 διετάξατο

305 4060 582 4127 γίνεσθαι,
627 4061 724 4115 καὶ
761 4061 834 4115 τά
880 4063 976 4117 τοῦ
1008 4063 1141 4116 ναοῦ
1193 4061 1363 4134 σκεύη
1403 4062 1756 4132 ἀποδοθῆναι,
1788 4066 1886 4116 καὶ

306 4153 677 4207 συλλαϐέσθαι
738 4155 874 4225 πρὸς
912 4155 974 4208 τὸ
1025 4154 1188 4224 ἔργον
1235 4158 1347 4217 τοῖς
1395 4156 1574 4207 ἐκεῖσε
1624 4155 1886 4224 ἄρχουσιν

303 4246 590 4309 ἐκέλευσε,
625 4247 722 4298 καὶ
746 4247 921 4300 τελεῖν
948 4250 1064 4311 τοῖς
1105 4245 1379 4310 Ἰουδαίοις
1408 4247 1488 4308 εἰς
1522 4244 1712 4302 θυσίαν
1751 4245 1886 4297 ταύ-

305 4355 438 4408 ρους
470 4338 566 4390 καὶ
591 4337 782 4407 κριοὺς
814 4339 909 4390 καὶ
932 4337 1102 4408 ἄρνας
1133 4338 1230 4391 καὶ
1251 4338 1497 4407 ἐρίφους,
1526 4335 1807 4406 σεμίδαλίν
1826 4353 1886 4388 τε

306 4431 406 4482 καὶ
433 4426 578 4482 οἶνον
601 4431 694 4482 καὶ
721 4429 922 4486 ἔλαιον.
954 4429 1139 4482 Ταῦτα
1166 4431 1223 4480 ἐν
1250 4431 1361 4490 τοῖς
1397 4429 1756 4499 ὑπομνήμασι
1783 4431 1888 4480 Δα-

1983 1952 2104 2019 Quo
2132 1953 2214 2008 illi
2251 1953 2460 2016 audito,
2490 1967 2603 2008 non
2639 1951 2988 2019 impedienda
3013 1965 3182 2020 opera
3209 1960 3572 2017 censuerunt,

1982 2045 2078 2100 sed
2129 2045 2293 2101 Dario
2339 2046 2526 2101 statim
2559 2045 2922 2115 scripserunt.
2950 2044 3170 2100 Iudaeos
3213 2052 3396 2111 autem
3443 2057 3572 2113 per-

1986 2135 2208 2192 territos
2246 2152 2310 2193 ac
2355 2143 2688 2202 metuentes,
2716 2151 2786 2190 ne
2828 2150 3010 2206 regem
3041 2133 3394 2189 liberalitatis
3460 2147 3576 2188 suae

1981 2223 2296 2294 paeniteret,
2335 2225 2569 2296 Aggaaus
2621 2233 2678 2278 et
2724 2223 3020 2278 Zacharias
3073 2220 3356 2292 prophetas
3414 2219 3576 2274 bonis

1983 2316 2184 2372 animis
2208 2331 2328 2373 esse
2369 2318 2590 2388 jubent,
2625 2330 2804 2386 neque
2844 2313 3062 2369 molesti
3094 2312 3400 2383 quidquam
3449 2326 3574 2366 sus-

1983 2408 2180 2479 picari.
2239 2408 2410 2478 Igitur
2458 2407 2747 2477 prophetis
2769 2405 2918 2472 freti,
2971 2406 3320 2460 continenter
3369 2403 3576 2460 instant

1983 2500 2164 2570 operi.
2227 2499 2424 2554 Darius
2484 2508 2668 2554 autem
2729 2496 2931 2552 litteris
2983 2505 3040 2551 et
3099 2495 3575 2550 Samaritanorum

1985 2590 2432 2646 accusationibus
2487 2589 2750 2658 acceptis,
2785 2587 2932 2658 quod
2979 2586 3153 2643 Judaei
3199 2585 3394 2640 urbem
3449 2600 3576 2640 mu-

1986 2682 2191 2747 nirent,
2231 2689 2289 2736 et
2319 2681 2581 2750 templum
2607 2679 2818 2734 castelli
2854 2679 3026 2732 instar
3048 2684 3421 2738 exstruerent,
3448 2692 3573 2732 cum

1985 2789 2178 2830 eorum
2225 2771 2514 2828 aedificatio
2558 2787 2588 2826 a
2615 2769 2882 2841 Cambyse
2906 2767 3182 2838 prohibita
3224 2767 3410 2831 fuerit,
3460 2767 3572 2822 haec

1986 2865 2046 2921 in
2077 2864 2243 2935 regiis
2293 2861 2667 2918 monumentis
2700 2861 2906 2930 inquiri
2937 2859 3135 2931 jubet;
3171 2873 3237 2914 ac
3289 2860 3571 2913 inventum

1987 2964 2072 3012 est
2128 2953 2424 3010 Ecbatanis
2477 2953 2554 3025 (id
2613 2951 2805 3007 Media:
2855 2951 3140 3006 castellum
3191 2949 3294 3019 est)
3340 2948 3397 3002 in
3436 2948 3576 3003 turri

1989 3046 2276 3116 scriptum,
2321 3043 2525 3115 Cyrum
2577 3055 2723 3096 anno
2779 3039 2932 3111 regni
2982 3040 3067 3094 sui
3111 3038 3289 3108 primo
3318 3039 3577 3110 iussisse,

1992 3138 2254 3208 templum
2288 3144 2345 3192 et
2387 3134 2690 3190 sacrarium
2723 3131 3280 3204 Hierosolymitanum
3322 3131 3572 3194 exstrui,

1986 3236 2044 3283 et
2093 3237 2346 3299 sumptus
2425 3225 2493 3281 ad
2542 3239 2662 3279 eam
2715 3239 2832 3278 rem
2888 3239 2958 3278 ex
3008 3222 3159 3293 regia
3208 3219 3574 3292 suppeditari,

1991 3321 2287 3391 templique
2331 3334 2460 3374 vasa
2513 3316 2753 3382 restitui,
2811 3325 2869 3370 et
2912 3314 3126 3369 vicinos
3155 3322 3415 3383 praetores
3437 3328 3578 3382 opus

1988 3413 2124 3468 illud
2177 3411 2435 3481 adjuvare
2477 3426 2491 3464 :
2531 3415 2588 3463 et
2641 3407 2848 3463 Judaeis
2898 3404 2967 3460 ad
3025 3403 3295 3460 sacrificia
3334 3402 3577 3473 pendere

1989 3509 2198 3566 tauros,
2221 3501 2444 3567 arietes,
2471 3513 2642 3569 agnos
2662 3508 2711 3552 et
2754 3495 2960 3562 haedos,
2985 3494 3357 3564 similamque,
3383 3493 3576 3547 vinum

1987 3599 2044 3648 et
2083 3592 2288 3647 oleum.
2331 3589 2458 3645 Haec
2498 3591 2694 3644 Darius
2721 3602 2846 3642 cum
2878 3585 2933 3640 in
2968 3584 3384 3640 commentariis
3424 3583 3577 3638 inve-

1986 3687 2181 3750 nisset,
2218 3681 2544 3754 praesidibus
2573 3681 2628 3734 in
2672 3679 2816 3734 hanc
2870 3677 3202 3733 sententiam
3244 3676 3572 3746 rescripsit:

1987 3772 2306 3844 Exemplum
2336 3771 2474 3826 vobis
2503 3771 2745 3824 mandati
2768 3769 2893 3840 Cyri
2934 3770 2990 3822 in
3019 3768 3368 3822 monumentis
3398 3784 3574 3838 reper.

1987 3879 2100 3923 tum
2151 3869 2302 3920 mitto
2347 3883 2368 3920 :
2399 3873 2557 3936 atque
2597 3865 2808 3918 omnino
2848 3864 2905 3917 id
2949 3862 3068 3931 ﬁeri
3099 3861 3235 3929 volo,
3307 3864 3446 3928 quod
3480 3861 3575 3915 illo

1985 3962 2302 4014 continetur.
2351 3956 2553 4010 Valete.
2612 3955 2778 4024 Regis
2831 3954 3115 4009 voluntate
3159 3953 3399 4022 cognita,
3440 3967 3573 4022 pro-

1987 4050 2290 4105 vinciarum
2315 4048 2532 4102 illarum
2562 4046 2893 4116 praetoribus
2913 4045 3134 4100 Judteos
3155 4043 3569 4115 adjuvantibus,

1991 4143 2307 4212 temploque
2330 4139 2492 4196 annis
2513 4149 2723 4209 septem
2743 4138 3018 4203 absoluto,
3044 4136 3304 4193 lsraelitae
3319 4135 3574 4191 victimas

1987 4232 2363 4297 immolarunt,
2411 4229 2773 4299 pristinorum
2836 4229 3110 4282 bonorum
3167 4226 3566 4280 renovatrices.

1986 4325 2045 4379 In
2085 4325 2226 4379 feSto
2263 4323 2594 4394 Azymorum
2627 4335 2821 4376 omnes
2861 4335 2892 4375 e
2918 4319 3072 4391 pagis
3107 4320 3163 4374 in
3204 4319 3396 4374 urbem
3435 4334 3570 4374 con-

1989 4416 2266 4470 ﬂuxerunt
2300 4432 2331 4478 _:
2392 4420 2727 4482 peractoque
2788 4411 3079 4476 sacrificio,
3141 4408 3289 4480 quod
3359 4407 3570 4464 Pascha

311 4523 460 4591 ρεῖος
493 4518 695 4592 εὑρὼν,
723 4519 1034 4592 ἀντέγραψε
1065 4521 1180 4582 τοῖς
1205 4519 1590 4572 ὲπεσταλκόσι⁶
1624 4520 1694 4574 Τὸ
1721 4519 1883 4573 ἀντι-

1990 4507 2217 4572 dicitur,
2250 4505 2604 4561 festivitatem
2648 4503 3126 4559 concelebrarunt.
3161 4502 3266 4569 Qui
3308 4500 3569 4557 Hieroso-

308 4628 542 4681 γράφον
570 4612 712 4681 ὑμῖν
728 4611 837 4680 τῆς
857 4611 1208 4680 ἐπιστολῆς,
1223 4611 1294 4665 ἐν
1314 4610 1438 4677 τοῖς
1458 4609 1890 4679 ὑπομνήμασιν

306 4703 502 4771 εὑρὼν
524 4704 650 4770 τοῖς
681 4704 896 4771 Κύρου,
929 4703 1308 4768 ἀπέσταλκα,
1334 4703 1434 4755 καί
1459 4702 1761 4771 ,βούλομαι
1790 4717 1890 4770 τε·

304 4797 522 4851 νέσθαι
574 4795 796 4862 πάντα,
859 4771 940 4861 ὦς
1003 4793 1265 4862 περιέχει
1315 4792 1492 4861 αὐτή.
1566 4793 1883 4861 Ἕρῤωσθε.

305 4887 538 4949 Γνόντες
565 4886 624 4937 δὲ
657 4884 756 4956 τὴν
793 4884 888 4937 τοῦ
916 4884 1182 4955 βασιλέως
1213 4881 1537 4953 προαίρεσιν
1559 4883 1609 4935 οἱ
1643 4880 1752 4935 τῶν
1775 4899 1887 4951 χω-

306 4979 424 5050 ρῶν
457 4980 686 5032 ὲκείνων
729 4975 1207 5046 ἐπιτροπεύοντες,
1244 4977 1550 5047 συνήργουν
1599 4977 1714 5037 τοῖς
1752 4974 1886 5027 ἰου-

303 5070 503 5131 δαίοις.
537 5069 646 5120 Καὶ
693 5066 1016 5139 ᾠκοδομήθη
1057 5067 1116 5122 ὲν
1146 5067 1323 5120 ἔτεσιν
1357 5068 1498 5120 ἑπτὰ
1535 5067 1564 5119 ὀ
1605 5069 1753 5133 ναὸς,
1789 5067 1885 5120 καὶ

303 5165 511 5218 ἔθυσαν
539 5165 590 5216 οἱ
618 5163 954 5234 Ἰσραηλῖται
978 5160 1170 5225 Θυσίας
1210 5161 1587 5225 ἀνανεωτικὰς
1608 5161 1716 5215 τῶν
1751 5179 1886 5231 προσ

302 5259 485 5329 τέρων
512 5257 756 5326 ἀγαθῶν.
786 5256 902 5326 Τῆς
924 5256 981 5309 δὲ
1009 5256 1118 5309 τῶν
1150 5254 1405 5325 ’Δζύμων
1455 5255 1653 5325 ἑορτῆς
1699 5254 1888 5306 ἐνστά-

305 5368 431 5420 σης,
479 5348 752 5421 συνερρύη
808 5349 919 5412 πᾶς
950 5349 978 5401 ὁ
1009 5347 1138 5410 λαὸς
1192 5347 1257 5400 ὲκ
1282 5347 1391 5399 τῶν
1439 5347 1643 5416 κωμῶν
1671 5346 1749 5408 εἰς
1786 5345 1884 5417 τὴν

303 5446 489 5507 πόλιν,
526 5443 623 5496 καὶ
641 5443 741 5512 τὴν
764 5441 958 5511 ἑορτὴν
980 5440 1210 5510 ἤγαγον,
1233 5441 1326 5492 καὶ
1358 5436 1458 5509 τὴν
1488 5437 1681 5508 Πάσχα
1712 5452 1884 5507 προσ·

304 5533 718 5605 αγορευομένην
771 5531 964 5586 θυσίαν
1022 5530 1298 5583 ἐτέλεσαν.
1349 5526 1696 5598 Κατῲκησαν
1747 5527 1792 5580 δ’
1826 5529 1884 5580 ὲν

318 5623 721 5696 Ἱεροσολύμοις
797 5619 1043 5689 πολιτείᾳ
1117 5619 1394 5690 χρώμενοι
1445 5619 1880 5688 ἀριστοκρατικῇ

309 5717 450 5788 μετὰ
487 5713 831 5783 ὀλιγαρχίας.
860 5712 923 5764 Oi
955 5713 1062 5781 γὰρ
1133 5712 1298 5777 ίερεῖς
1331 5709 1748 5777 προεστήκεσαν
1772 5705 1882 5760 τῶν

306 5805 679 5880 πραγμάτων,
720 5803 879 5872 ἄχρις
905 5796 966 5856 οὗ
990 5800 1114 5866 τοὺς
1151 5798 1525 5870 Ἀσαμωναίου
1552 5797 1752 5868 συνέϐη
1780 5797 1879 5868 βα-

1988 4598 2150 4669 lymis
2196 4595 2583 4660 consederant,
2633 4593 2867 4650 formam
2921 4593 3239 4664 reipublicae
3270 4600 3570 4648 tenuerunt

1987 4705 2056 4744 ex
2083 4688 2409 4758 optimatum
2457 4695 2514 4743 et
2551 4702 2856 4758 paucorum
2885 4695 3157 4757 potestate
3186 4695 3568 4757 contempera-

1989 4791 2121 4835 tam.
2149 4779 2370 4834 Summa
2403 4795 2588 4835 rerum
2611 4779 2758 4834 enim
2794 4794 2967 4849 usque
2993 4779 3060 4834 ad
3083 4794 3311 4850 regnum
3340 4779 3570 4834 Asamo~

1987 4889 2236 4928 amorum
2268 4887 2436 4943 penes
2462 4871 2775 4928 sacerdotes
2800 4871 2922 4926 fuit.
2951 4871 3088 4926 Nam
3123 4882 3249 4926 ante
3283 4872 3570 4942 captivita-

1991 4975 2098 5021 tem
2141 4965 2365 5036 quidem
2398 4965 2618 5034 regibus
2647 4980 2746 5034 per
2774 4978 2948 5019 annos
2984 4979 3166 5019 nux"
3195 4979 3412 5019 menses
3436 4980 3486 5019 vr
3509 4971 3566 5018 et

1988 5060 2107 5114 dies
2160 5075 2196 5113 ι
2253 5068 2575 5128 paruerunt.
2631 5059 2776 5113 Ante
2855 5072 3050 5128 reges,
3105 5057 3455 5128 magistratus
3523 5056 3563 5111 ii

1987 5152 2280 5223 praefuere,
2309 5151 2401 5220 qui
2447 5151 2662 5222 judices
2699 5148 3063 5215 vocabantur,
3107 5156 3162 5203 et
3215 5147 3560 5201 dictatores:

1985 5248 2090 5296 sub
2147 5242 2349 5312 quibus
2399 5250 2456 5296 et
2498 5240 2632 5310 ipsis
2676 5255 2851 5294 annos
2885 5240 3045 5310 176
3081 5237 3320 5309 amplius
3363 5253 3394 5292 ι)
3440 5245 3566 5306 post

1985 5333 2190 5387 Mosam
2229 5341 2284 5386 et
2315 5331 2499 5387 Jesum
2528 5337 2783 5400 egerunt.
2824 5327 3150 5383 Samaritani
3196 5335 3376 5380 tamen
3425 5323 3568 5378 infe-

1985 5425 2055 5479 sti
2111 5425 2337 5488 Judwis,
2393 5423 2564 5478 multa
2633 5423 2777 5476 mala
2847 5421 3137 5475 dederunt.
3190 5415 3559 5484 Quamobrem

1986 5517 2290 5574 Zorobabel
2322 5527 2379 5571 et
2402 5516 2494 5571 alii
2527 5531 2577 5569 tv
2599 5531 2666 5569 ex
2690 5512 3098 5584 magistratibus
3123 5525 3246 5564 cum
3270 5524 3337 5565 eo
3366 5508 3559 5563 Hiero-

1986 5610 2210 5679 solymis
2261 5607 2425 5676 legati
2476 5607 2544 5660 ad
2598 5604 2820 5657 Darium
2874 5603 3111 5656 iverunt.
3159 5598 3404 5666 Quorum
3460 5612 3558 5652 rex

1985 5702 2226 5774 querelis
2245 5699 2496 5769 cognitis,
2532 5697 2600 5751 ad
2634 5695 2922 5765 magistros
2949 5694 3208 5763 equitum
3221 5700 3278 5746 et
3303 5699 3554 5746 senatum

1986 5793 2247 5853 Samaria
2288 5789 2509 5860 scripsit
2555 5806 2571 5845 :
2608 5803 2677 5843 ne
2722 5784 2932 5842 molesti
2971 5795 3154 5840 essent
3194 5784 3417 5848 Judxis,
3460 5783 3555 5838 sed
