4092 6402
540 367 650 433 323
1815 361 2141 423 JOANNXS
2181 361 2506 422 zonam:
3701 365 3820 430 3.3;

539 499 570 540 ο
625 485 776 555 regio
810 484 942 538 fisco
997 482 1326 538 tributorum
1361 476 1639 541 Samariac,
1695 477 1877 530 omnia
1924 489 2112 543 suppe-

2234 473 2472 525 σιλεύειν
2511 468 2794 539 ἐκγόνους.
2849 470 2960 540 Πρὸ
3006 470 3106 540 μὲν
3137 471 3245 542 γὰρ
3270 472 3366 542 τῆς
3402 473 3818 544 αἰχμαλωσίας,

537 577 783 631 ditarent
809 577 875 630 ad
904 575 1171 630 sacrilicia
1213 573 1544 627 necessaria.

2239 562 2623 617 ἐϐασιλεύοντο
2651 563 2744 616 ἐπὶ.
2773 561 2871 632 ἐτη
2897 564 3231 617 πεντακόσια
3261 568 3678 636 τριακονταδύο,
3705 573 3819 642 μῆ-

538 684 637 730 νας
669 667 749 733 ἓξ,
782 668 997 738 ἡμέρας
1034 667 1190 720 δέκα.
1230 665 1344 735 Πρὸ
1373 664 1430 716 δὲ
1458 663 1567 718 τῶν
1613 659 1878 731 βασιλέων
1925 658 2184 728 ἄρχοντες
2226 656 2425 719 αὐτοὺς
2471 656 2678 709 διεῖπον
2749 655 2800 708 οἱ
2867 657 3409 727 προσαγορευόμενοι
3453 661 3660 726 κριταὶ,
3717 667 3819 720 καὶ

545 759 828 830 μόναρχοι.
862 763 971 813 Καὶ
998 759 1188 812 τοῦτον
1212 755 1624 824 πολιτευόμενοι
1652 753 1746 805 τὸν
1789 751 1994 822 τρόπον
2031 751 2118 803 ἐπ’
2156 749 2302 802 ἔτεσι
2332 749 2578 802 πλείοσιν
2611 747 2642 818 ἦ
2677 748 3058 813 πεντακοσίοις
3085 749 3368 822 διήγαγον,
3435 752 3574 823 μιτά
3643 755 3818 810 Μωῦ-

541 856 644 924 σῆν
685 871 745 906 τε
783 857 878 908 καὶ
941 855 1170 926 Ἰησοῦν.
1231 854 1296 906 Ol
1343 852 1402 904 δέ
1440 867 1504 918 γε
1545 850 1822 919 Σαμαρεῖς
1863 847 2120 917 ἀπεχθῶς
2161 847 2297 915 πρὸς
2361 845 2558 906 αὐτοὺς
2579 844 2938 915 διακείμενοι,
2998 847 3168 902 πολλὰ
3199 849 3349 903 κακὰ
3371 851 3499 914 τοὺς
3519 849 3815 916 Ἰουδαίους

541 943 883 1014 εἰργάζοντο.
923 946 1190 1015 Πρέσϐεις
1214 940 1309 996 οὖν
1340 941 1401 1006 ἐξ
1433 939 1826 1010 Ἰεροσολύμων
1853 938 1990 1007 πρὸς
2035 938 2262 1006 Δαρεῖον
2301 934 2609 1001 ἐστάλησαν
2631 973 2648 998 ,
2679 933 3009 1002 Ζοροϐάϐελ,
3041 938 3136 991 καὶ
3165 937 3275 992 τῶν
3349 940 3633 1011 ἀρχόντων
3685 944 3813 997 ἓτε-

543 1056 628 1110 ροι
667 1041 956 1109 τέσσαρες.
1012 1035 1218 1092 Μαθὼν
1264 1035 1320 1088 δὲ
1351 1037 1378 1088 ὁ
1427 1033 1681 1104 βασιλεὺς
1716 1031 1785 1084 τὰ
1847 1030 1990 1084 κατά
2037 1029 2148 1082 τῶν
2191 1027 2496 1098 Σαμαρέων
2555 1029 2881 1097 αἰτιάματα,
2957 1029 3166 1101 ἔγραψε
3221 1033 3359 1101 πρὶς
3405 1036 3533 1101 τοὺς
3600 1039 3815 1112 ἱππάρ-

540 1148 670 1201 χους
700 1131 778 1200 ιθ)
819 1131 916 1199 τῆς
960 1127 1276 1198 Σαμαρείας
1323 1127 1416 1178 καὶ
1444 1127 1542 1195 τὴν
1571 1121 1790 1193 βουλὴν,
1855 1122 1982 1192 μήτ’
2030 1121 2270 1190 ἐνοχλεῖν
2343 1119 2650 1185 Ἰουδαίοις,
2700 1120 2839 1173 ἀλλὰ
2894 1123 2991 1174 καὶ
3047 1125 3305 1193 χορηγεῖν
3347 1126 3535 1191 αὐτοῖς
3593 1131 3658 1184 ἐκ
3711 1132 3812 1188 τοῦ

541 1221 827 1297 βασιλικοῦ
861 1219 1264 1290 γαζοφυλακίου
1292 1220 1404 1272 τῶν
1435 1218 1618 1288 φόρων
1649 1217 1746 1285 τῆς
1777 1215 2118 1286 Σαμαρείας,
2160 1213 2322 1268 πανθ’
2356 1213 2459 1268 ὅσα
2493 1215 2631 1285 πρὸς
2667 1216 2766 1278 τὰς
2811 1214 3008 1280 Θυσίας
3035 1217 3221 1282 αὐτοῖς
3248 1220 3368 1271 ἐστι
3393 1221 3663 1291 χρήσιμα.

611 1319 674 1375 ν.
729 1316 892 1372 Dario
928 1323 1168 1376 mortuo,
1201 1311 1408 1366 Xerxes
1451 1311 1596 1366 ﬁlius
1629 1309 1840 1379 paterni
1879 1317 1936 1362 et
1967 1306 2121 1376 regni

537 1422 594 1469 et
639 1410 858 1481 pietatis
907 1420 1216 1469 successor,
1244 1419 1371 1471 erga
1404 1403 1625 1457 Judaeos
1653 1404 1861 1471 optime
1889 1399 2122 1454 allectus

537 1504 661 1558 fuit.
701 1501 835 1556 Erat
869 1507 1052 1553 autem
1084 1512 1152 1552 eo
1193 1505 1437 1566 tempore
1468 1495 1746 1564 Babylone
1775 1492 2001 1558 Esdras,
2035 1490 2122 1544 vir

536 1595 737 1656 bonus,
763 1602 819 1646 et
862 1589 1109 1645 Mosaicae
1154 1589 1292 1658 legis
1317 1587 1706 1658 peritissimus.
1735 1585 1786 1640 ls
1818 1599 1943 1639 cum
1976 1598 2034 1637 se
2066 1581 2121 1636 in

537 1685 682 1756 regis
766 1681 1066 1738 amicitiam
1142 1680 1509 1743 insinuasset,
1583 1687 1749 1746 atque
1825 1673 2124 1730 ascendere

537 1778 935 1850 Hierosolyma,
968 1773 1174 1830 Judaeis
1197 1769 1532 1841 quibusdam
1567 1767 1889 1838 Babyloniis
1936 1781 2123 1820 secum

536 1866 816 1929 adductis,
851 1868 1104 1932 cuperet,
1145 1874 1332 1930 regem
1361 1857 1565 1922 oravit,
1607 1864 1668 1910 ut
1690 1870 1748 1910 se
1783 1870 1883 1924 per
1911 1854 2126 1908 litteras

534 1960 770 2028 satrapis
809 1954 1242 2011 commendaret.
1288 1951 1404 2006 Rex
1434 1950 1600 2020 igitur
1633 1946 1948 2017 hujusmodi
1989 1945 2124 2002 scri-

537 2051 618 2105 bit
649 2050 864 2103 litteras
893 2064 906 2100 :
937 2044 1065 2099 Mea
1097 2042 1447 2097 humanitatis
1489 2055 1598 2094 esse
1635 2047 1804 2102 ratus,
1837 2046 1893 2091 ut
1929 2039 2019 2107 qui
2061 2052 2124 2090 ea:

536 2140 792 2196 lsraelitis
847 2137 1131 2199 voluerint,
1198 2131 1579 2202 Hierosolyma
1638 2130 1910 2184 discedant
1960 2143 1980 2182 :
2029 2131 2122 2182 hoc

535 2234 802 2300 negotium
832 2229 1018 2284 Esdras
1062 2226 1264 2282 Scriba:
1295 2235 1344 2280 et
1369 2227 1562 2278 divina:
1600 2222 1731 2292 legis
1764 2221 1946 2276 lectori
1979 2221 2119 2275 dedi.

541 2323 644 2389 Qui
696 2324 857 2394 igitur
888 2321 1136 2382 voluerit,
1164 2318 1361 2372 abeat:
1395 2326 1443 2370 et
1485 2316 1740 2387 quidquid
1792 2314 1914 2368 auri
1959 2326 2119 2382 atque

535 2418 741 2487 argenti
789 2418 842 2469 in
901 2416 1112 2485 regione
1159 2410 1569 2481 Babyloniorum
1619 2409 1889 2460 inventum
1938 2405 2118 2474 fuerit,

535 2509 641 2562 Deo
667 2516 1051 2571 consecratum,
1070 2506 1123 2559 id
1153 2519 1306 2558 omne
1315 2503 1473 2574 jubeo
1487 2500 1715 2569 perferri
1730 2496 2118 2568 Hierosolyma.

535 2602 610 2655 Tu
668 2616 812 2664 vero,
858 2599 1058 2662 Esdra,
1121 2610 1446 2668 quaecunque
1504 2593 1596 2646 tibi
1647 2592 1759 2646 uisa
1797 2592 2018 2660 fuerint,
2056 2604 2121 2644 ea

532 2692 790 2762 perﬁcito,
815 2691 1062 2760 impensis
1088 2705 1115 2743 e
1144 2689 1270 2758 ﬁsco
1297 2688 1440 2758 regio
1468 2684 1714 2754 sumptis.
1747 2679 2120 2737 Sacerdotibus

531 2800 709 2850 porro,
764 2783 977 2847 Levitis,
1023 2787 1071 2834 et
1119 2779 1358 2834 omnibus
1426 2776 1608 2842 templi
1651 2773 1906 2828 ministris
1956 2785 2121 2842 neque

532 2877 811 2937 tributum,
865 2889 1032 2943 neque
1063 2871 1314 2942 quidqam
1358 2868 1508 2923 aliud
1540 2866 1820 2922 molestum
1862 2863 2120 2936 imperari

2303 1303 2383 1360 E'.
2413 1306 2645 1376 Δαρείου
2694 1305 2752 1359 δέ
2804 1307 3268 1377 τελευτήσαντος,
3319 1313 3655 1383 παραλαϐὼν
3706 1335 3812 1390 την

2229 1398 2515 1468 βασιλειαν
2547 1401 2574 1451 ὁ
2605 1401 2736 1462 παῖς
2768 1399 2936 1452 αὐτοῦ
2957 1399 3189 1472 Ξέρξης,
3245 1405 3338 1456 καὶ
3371 1405 3472 1475 τὴν
3505 1407 3643 1476 πρὸς
3671 1409 3811 1464 Θεὸν

2229 1491 2514 1546 εὐσέϐειαν
2533 1491 2827 1556 διεδέξατο,
2858 1494 2952 1545 καὶ
3005 1493 3141 1564 πρὸς
3171 1495 3299 1558 τοὺς
3341 1495 3632 1564 Ἰουδαίους
3678 1500 3810 1572 ἐσχε

2154 1633 2197 1689 Β
2229 1580 2774 1689 φιλοτιμόταταζἯν
2803 1585 2849 1638 δ’
2875 1587 2933 1639 ἐν
2954 1587 3238 1640 Βαϐυλῶνι
3268 1588 3390 1642 τότε
3415 1591 3518 1656 Ἐξ
3521 1609 3644 1662 ρας,
3665 1595 3811 1667 ἀνὴρ

2229 1676 2455 1742 ἀγαθὸς,
2477 1677 2574 1729 καὶ
2603 1675 2712 1729 τῶν
2741 1677 2924 1746 νόμων
2945 1678 3190 1742 Μωσέως
3219 1681 3300 1744 είς
3327 1683 3626 1753 ἐμπειρῗαν
3646 1685 3812 1756 ἀκρι-

2225 1767 2508 1830 ϐέστατος.
2539 1759 2714 1830 Οὗτος
2741 1768 2895 1836 φίλος
2913 1770 2992 1839 τῷ
3013 1769 3190 1842 Ξέρξῃ
3219 1772 3452 1838 γίνεται,
3477 1777 3570 1830 καὶ
3601 1777 3816 1848 ἀναϐῆ-

2223 1875 2314 1911 ναι
2342 1858 2576 1928 θελήσας
2606 1860 2689 1921 εἰς
2730 1859 3103 1930 Ἰεροσόλυμα,
3127 1862 3222 1913 καί
3247 1879 3404 1927 τινας
3427 1864 3814 1935 ἐπαγαγέσθαι

2222 1947 2332 2001 τῶν
2366 1948 2426 2001 ἐν
2483 1947 2766 2003 Βαϐυλῶνι
2833 1949 3124 2020 Ἐϐραίων,
3162 1951 3359 2022 ἐδεήθη
3413 1954 3510 2007 τοῦ
3543 1953 3814 2024 βασιλέως

2221 2040 2312 2093 διὰ
2340 2043 2688 2112 γραμμάτων
2729 2042 2896 2095 αὑτοῦ
2923 2043 3191 2115 γνωρίσαι
3222 2047 3336 2108 τοῖς
3368 2048 3680 2118 σατράπαις
3705 2047 3812 2101 a6-

2221 2134 2335 2189 τόν.
2377 2135 2436 2188 '0
2465 2135 2524 2186 δέ
2553 2136 2755 2204 γράφει
2789 2134 2966 2189 ταῦτα
2987 2151 3001 2167 ·
3037 2135 3152 2205 Τῆς
3177 2137 3439 2204 ἐμαυτοῦ
3465 2143 3810 2210 φιλανθρω-

2222 2226 2365 2291 πίας
2388 2225 2569 2294 ἔργον
2599 2222 2754 2278 εἶναι
2791 2226 3070 2293 νομίσας,
3104 2227 3172 2280 τὸ
3205 2226 3349 2294 τοὺς
3381 2227 3810 2298 βουλομένους

2221 2316 2342 2371 τῶν
2374 2319 2773 2386 Ἰσραηλιτῶν
2825 2319 3233 2388 συναπαίρειν
3251 2323 3340 2387 είς
3389 2321 3811 2393 Ἰεροσόλυμα,

2226 2407 2404 2478 Ἔζρςι
2423 2411 2564 2477 ἱερεῖ
2585 2409 2681 2464 καὶ
2706 2410 3069 2480 ἀναγνώστῃ
3097 2411 3203 2466 τοῦ
3231 2414 3394 2467 θείου
3413 2415 3603 2482 νόμου
3628 2414 3812 2470 ταῦτο

2222 2503 2588 2572 προσέταξα,
2636 2503 2736 2558 καὶ
2766 2505 3200 2574 ὀβουλόμενος
3242 2506 3452 2561 ἀπίτω.
3493 2507 3603 2560 Kal
3627 2506 3813 2578 dpro-

2213 2611 2326 2662 ρος
2359 2594 2457 2646 καὶ
2505 2594 2758 2662 χρυσὸς,
2791 2592 2940 2658 ὅσος
2988 2592 3066 2647 ἂν
3115 2596 3387 2662 εὑρεθείη
3413 2594 3485 2649 ἐν
3524 2595 3603 2666 τῇ
3644 2597 3811 2668 χώρᾳ

2221 2683 2341 2738 τῶν
2364 2686 2768 2740 Βαϐυλωνίων
2794 2683 3225 2754 ὠνομασμένος
3247 2686 3362 2758 (10)
3397 2686 3479 2754 τῷ
3501 2687 3642 2753 Θεῷ,
3668 2689 3810 2744 τοῦ.

2219 2793 2328 2830 τον
2357 2775 2556 2830 πάντα
2585 2777 2812 2830 κελεύω
2859 2781 2948 2844 εὶς
2989 2777 3387 2848 Ἰεροσόλυμα
3414 2779 3803 2850 κομισθῆναι.

2221 2866 2332 2921 Καὶ
2369 2866 2489 2922 ὅσα
2515 2867 2591 2922 ἂν
2619 2866 2951 2936 ἐννοήσῃς,
2982 2863 3028 2922 ὦ
3061 2867 3258 2938 Ἔζρα,
3289 2871 3601 2926 καὶταῦτα
3626 2871 3808 2942 ἔργα-

528 2968 668 3022 t'olo.
700 2967 911 3038 Tuque,
961 2965 1156 3028 Esdra,
1199 2980 1296 3034 pro
1325 2962 1503 3016 divina
1558 2967 1653 3014 tua
1690 2958 1954 3028 sapientia
2009 2955 2108 3010 de-

2223 2972 2349 3022 σαι,
2390 2956 2506 3025 τὴν
2542 2961 2628 3024 εις
2656 2959 2810 3013 αὐτὰ
2866 2957 3150 3025 δαπάνην
3194 2959 3265 3013 ἐκ
3319 2959 3426 3014 τοῦ
3468 2961 3808 3026 ,ϐασιλικοῦ

528 3062 737 3130 signato
770 3061 978 3131 judices
1030 3057 1158 3128 legis
1195 3057 1410 3128 peritos,
1451 3054 1539 3123 qui
1587 3053 1644 3106 in
1679 3049 1840 3122 Syria
1903 3056 2117 3117 totaque

529 3151 800 3206 Phoenicia
839 3151 930 3220 jus
981 3150 1180 3214 dicant,
1223 3156 1272 3200 et
1319 3143 1685 3216 ignorantibus
1723 3144 1887 3212 legem
1924 3156 2119 3211 cogno-

529 3244 776 3296 scendam
817 3241 1078 3295 exhibeto.
1133 3237 1286 3292 Hanc
1336 3235 1624 3306 epistolam
1671 3233 1873 3288 Esdras
1913 3231 2118 3288 ludatis

529 3334 805 3405 Babylone
857 3330 1188 3402 degentibus
1254 3328 1409 3399 legit,
1471 3334 1528 3381 et
1579 3327 1832 3396 exempla
1888 3323 2008 3395 ejus
2057 3323 2115 3377 in

528 3443 722 3483 oniues
769 3423 1081 3497 provincias
1139 3421 1205 3475 ad
1255 3419 1552 3491 populares
1601 3432 1731 3472 suos
1780 3415 1929 3470 misit
1970 3432 1984 3468 :
2019 3415 2115 3484 qui

528 3532 722 3572 omnes
747 3530 913 3586 supra
942 3513 1166 3567 modum
1190 3509 1485 3566 exbilarati
1515 3517 1666 3575 sunt,
1693 3507 1914 3578 quidam
1945 3507 2113 3561 etiam

527 3626 654 3667 cum
681 3625 778 3665 sua
811 3623 872 3663 re
904 3606 1163 3662 familiari
1197 3619 1257 3660 se
1287 3602 1617 3675 Babylonem
1647 3600 2025 3666 contulerunt,
2052 3608 2113 3653 ut

529 3706 772 3760 redirent
801 3701 1202 3772 Hierosolyma.
1257 3697 1364 3753 Sed
1407 3697 1702 3751 universus
1743 3693 2110 3748 lsraelitarum

528 3797 763 3866 populus
814 3793 925 3848 illic
980 3790 1204 3845 mansit.
1255 3788 1332 3842 Ea
1382 3787 1450 3841 de
1496 3799 1660 3841 causa
1694 3782 1968 3853 Josephus
2008 3781 2108 3846 ait,

527 3887 664 3942 duas
693 3893 906 3940 tantum
941 3883 1118 3938 tribus
1169 3889 1280 3934 tam
1324 3879 1380 3934 in
1419 3879 1636 3947 Europa
1672 3891 1837 3946 quam
1881 3875 1939 3928 in
1981 3873 2111 3928 Asia

529 3993 720 4048 parere
752 3975 1049 4031 Romanis:
1072 3973 1261 4029 decem
1284 3986 1416 4026 vero
1439 3971 1584 4025 ultra
1612 3967 1945 4038 Euphratem
1965 3979 2108 4032 esse,

525 4086 761 4141 quarum
775 4067 989 4124 inﬁnita
1005 4067 1078 4122 sit
1095 4064 1408 4128 multitudo,
1427 4062 1586 4132 cujus
1601 4061 1726 4115 iniri
1745 4059 1931 4114 nullus
1944 4065 2110 4128 queat

527 4177 811 4216 numerus.
848 4159 1049 4214 Esdras
1089 4157 1258 4228 igitur
1285 4155 1475 4210 multis
1509 4151 1888 4222 Hierosolyma
1919 4164 2106 4206 secum

526 4252 814 4324 profectis,
857 4263 1088 4304 munera
1117 4263 1236 4318 qua:
1265 4246 1497 4311 Xerxes,
1547 4245 1778 4316 ejusque
1805 4243 2107 4300 consiliarii

2218 3047 2666 3119 γαζοφυλακίου
2726 3053 3124 3120 ποιούμενος·
3181 3050 3280 3105 καί
3319 3051 3445 3118 τοῖς
3482 3053 3706 3123 ἱερεῦσι
3735 3053 3812 3109 δὲ

2217 3144 2317 3197 καὶ
2342 3143 2618 3209 Αευΐταις
2648 3143 2745 3196 καὶ
2777 3141 2930 3198 πᾶσι
2958 3142 3084 3208 τοῖς
3104 3142 3210 3198 τοῦ
3237 3145 3397 3212 ἱεροῦ
3422 3143 3806 3215 δουλευταῖς,

2215 3238 2366 3308 μήτε
2391 3237 2618 3305 φόρους
2647 3237 2803 3306 μήτε
2831 3237 2990 3290 ἄλλο
3026 3253 3080 3290 τι
3125 3236 3415 3306 φορτικὸν
3444 3238 3806 3310 ἐπιταγῆναι

2216 3330 2464 3382 κελεύω.
2517 3329 2625 3382 Kal
2655 3327 2738 3380 σὺ
2773 3327 2842 3381 δὲ
2861 3328 3014 3381 κατὰ
3039 3328 3154 3395 τὴν
3199 3327 3309 3382 τοῦ
3355 3328 3504 3383 Θεοῦ
3546 3331 3801 3400 σοφίαν,

2220 3419 2416 3489 Ἐφα,
2447 3419 2775 3486 ἀπόδειξον
2797 3421 3025 3490 κριτὰς,
3059 3422 3219 3489 ὅπως
3241 3421 3562 3484 δικάζωσιν
3586 3424 3656 3477 ἐν
3681 3427 3805 3479 Συ-

2207 3517 2313 3584 ρίᾳ
2357 3516 2455 3569 καὶ
2515 3513 2767 3583 Φοινίκῃ
2807 3513 3002 3582 πάσῃ,
3031 3514 3193 3592 ,τοὺς
3218 3514 3660 3586 ἐπισταμένους
3688 3517 3802 3572 τὸν

2213 3610 2435 3676 νόμον·
2482 3606 2580 3660 καὶ
2631 3604 2757 3672 τοῖς
2796 3605 3090 3673 ἀγνοοῦσι
3121 3604 3403 3675 παρέξεις
3457 3607 3650 3661 αὐτὸν
3683 3622 3803 3676 μα-

2213 3697 2362 3751 θεῖν.
2415 3696 2612 3751 Λαϐὼν
2673 3695 2732 3749 δὲ
2785 3695 2997 3766 ταύτην
3057 3695 3268 3768 Ἔζρας
3324 3694 3424 3767 τὴν
3477 3696 3797 3769 ἐπιστολὴν,

2212 3789 2428 3856 ἀνέγνω
2463 3790 2521 3841 ἐν
2569 3787 2854 3840 Βαϐυλῶνι
2895 3789 3013 3851 τοῖς
3050 3787 3168 3840 ἐκεῖ
3240 3787 3534 3851 Ἰουδαίοις,
3589 3789 3683 3842 καὶ
3733 3789 3799 3843 τι

2211 3883 2548 3953 ἀντίγραφον
2601 3881 2774 3951 αὐτῆς
2824 3881 2962 3952 πρὸς
2995 3881 3206 3946 πάντας
3246 3881 3461 3952 ἔπεμψε
3510 3884 3639 3948 τοὺς
3664 3886 3800 3956 ὀμο-

2211 3974 2388 4038 εῦνεῖς
2413 3992 2428 4006 ·
2463 3975 2513 4028 οἳ
2550 3975 2790 4036 ἅπαντες
2826 3975 3248 4045 ὑπερήσθησαν.
3302 3973 3496 4028 Πολλοὶ
3525 3973 3575 4029 δ’
3611 3977 3796 4031 αὐτῶν

2212 4068 2307 4119 καὶ
2331 4065 2429 4129 τὰς
2458 4066 2686 4136 κτήσεις
2722 4065 3090 4130 ἀναλαϐόντες
3110 4108 3125 4132 ,
3161 4061 3330 4136 ἦλθον
3359 4068 3440 4130 είς
3469 4067 3798 4135 Βαϐυλῶνα,

2211 4159 2282 4212 ἵν’
2315 4158 2696 4212 ἐπανέλθωσιν
2720 4159 2802 4222 εἰς
2841 4158 3218 4232 Ἱεροσόλυμα.
3289 4157 3349 4213 ’0
3393 4159 3452 4213 δὲ
3507 4162 3616 4225 πᾶς
3662 4161 3796 4227 λαὸς

2210 4253 2319 4306 τῶν
2367 4251 2725 4324 Ἰσραηλιτῶν
2775 4253 2922 4307 κατά
2979 4252 3165 4324 χώραν
3211 4252 3441 4323 ἔμεινεο
3473 4254 3673 4310 διὸκαὶ
3695 4256 3796 4311 δύο

524 4315 579 4398 et
645 4315 928 4412 Babylonii
994 4315 1256 4395 Israelita:
1317 4337 1429 4392 Deo
1487 4315 1780 4398 dunarant.
1851 4349 2105 4405 magnam

2212 4340 2384 4408 φυλὰς
2407 4315 2501 4394 ἐπί
2614 4343 2711 4412 τῆς
2733 4340 2920 4405 Ἀσίας
2945 4315 3039 4395 κᾶι
3061 4315 3161 4412 τῆς
3189 4315 3462 4414 Εύρὼπης
3494 4343 3794 4416 Ῥωμαίοις

524 4436 736 4504 argenti
767 4441 824 4486 et
859 4431 983 4485 aeris
1010 4443 1280 4484 summam
1313 4442 1459 4498 gazae
1491 4425 1838 4490 custodibus,
1874 4426 2106 4496 provin-

525 4525 738 4580 ciarum
775 4522 1105 4593 praetoribus
1155 4520 1370 4574 litteras
1404 4518 1550 4588 regis
1592 4517 1797 4582 reddit,
1825 4517 1921 4586 qui
1956 4517 2106 4588 genti

525 4616 793 4670 honorem
829 4614 1168 4676 habuerunt,
1193 4610 1563 4679 omnibusque
1585 4609 1754 4664 rebus
1787 4609 2107 4680 adiumento

525 4707 770 4761 fuerunt.
814 4703 1009 4758 Postea
1057 4717 1184 4756 cum
1233 4700 1596 4756 intellexisset
1641 4699 1908 4770 quosdam
1936 4714 1967 4754 e
2002 4715 2106 4770 po-

526 4797 676 4868 pulo,
712 4794 1096 4851 sacerdotibus
1139 4803 1196 4848 et
1241 4792 1449 4848 Levitis
1492 4791 1825 4860 alienigenas
1875 4791 2102 4848 duxisse

525 4903 725 4944 uxores
761 4904 774 4940 :
829 4902 927 4942 eos
977 4887 1168 4941 multis
1212 4885 1474 4956 lacrymis
1518 4893 1575 4940 et
1615 4883 1828 4939 crebris
1878 4884 2104 4940 monitis

525 4984 766 5054 impulit,
801 4993 861 5037 ut
912 4999 1006 5038 eas
1057 4997 1164 5036 una
1217 4997 1342 5038 cum
1373 4981 1567 5037 liberis
1609 4981 1896 5052 ejicerent.
1937 4979 2102 5037 Festo

524 5073 1006 5130 tabernaculorum
1057 5073 1238 5130 omnis
1277 5073 1394 5128 fere
1437 5073 1676 5144 populus
1713 5081 2098 5143 congregatus,

519 5168 589 5224 ab
623 5166 794 5221 Esdra
820 5165 1000 5237 petiit,
1036 5175 1100 5221 ut
1132 5165 1283 5236 leges
1311 5165 1578 5220 Mosaicas
1620 5165 1861 5234 legeret:
1895 5164 2099 5234 quibus

517 5261 744 5325 auditis,
763 5258 1056 5316 commissa
1083 5258 1301 5328 piacula
1319 5257 1708 5328 deplorarunt.
1741 5255 1849 5312 Sed
1867 5254 2096 5321 Esdras,

520 5356 577 5412 in
603 5354 743 5409 festo
777 5368 888 5407 non
913 5366 1035 5407 esse
1061 5350 1500 5422 lacrymandum,
1523 5349 1661 5405 dixit
1689 5365 1703 5402 :
1735 5347 1832 5405 sed
1859 5361 2097 5419 operan-

518 5447 647 5505 dum
669 5448 868 5515 sacris,
899 5454 956 5502 et
985 5443 1416 5511 convivandum,
1445 5461 1509 5501 ac
1537 5444 1688 5515 leges
1721 5443 1775 5496 in
1809 5449 2093 5512 posterum

2205 4433 2483 4504 ὑπηκόους
2510 4430 2673 4500 εῖναι,
2703 4436 2872 4505 φησὶν
2904 4435 2933 4487 ὁ
2971 4435 3255 4501 Ἰώσηπος,
3295 4438 3398 4502 τὰς
3426 4437 3484 4491 δὲ
3519 4438 3652 4494 δέκα
3681 4456 3790 4509 φυ-

2204 4523 2300 4589 λὰς
2365 4526 2543 4596 πέραν
2598 4522 2740 4580 εἶναι
2800 4526 2897 4580 τοῦ
2932 4525 3250 4597 Εὐφράτου,
3317 4531 3592 4601 μυριάδας
3619 4530 3792 4598 οὔσας

2203 4615 2492 4685 ἀπείρους,
2531 4617 2628 4670 καὶ
2679 4617 2903 4688 ἀριθμῷ
2975 4620 3293 4688 γνωσθῆναι
3331 4621 3408 4693 μὴ
3457 4621 3791 4696 δυναμένας.

2206 4709 2352 4779 Πρὸς
2391 4709 2599 4780 Ἐζραν
2627 4710 2690 4763 δὲ
2731 4710 2923 4764 πολλοὶ
2973 4711 3065 4764 τὸν
3115 4712 3355 4784 ἀριθμὸν
3400 4715 3790 4786 ἀφικνοῦνται,

2201 4804 2298 4856 καὶ
2326 4803 2423 4856 σὺν
2481 4802 2632 4873 αὐτῷ
2683 4803 3085 4873 παραγίνονται
3142 4808 3223 4869 είς
3276 4807 3647 4879 Ἰεροσόλυμα.
3675 4810 3791 4867 Καὶ

2203 4891 2592 4962 παραδέδωκεν
2626 4895 2655 4946 ό
2691 4893 2899 4964 Ἐζρας
2925 4897 3040 4958 τοῖς
3073 4895 3442 4965 γαζοφύλαξιν
3464 4937 3479 4964 ,
3515 4899 3550 4953 ἃ
3591 4901 3620 4954 ὁ
3650 4901 3792 4972 Ξέρ-

2199 4985 2299 5055 ξης
2330 4984 2425 5038 καὶ
2458 4985 2509 5038 ol
2545 4984 2845 5055 σύμϐουλοι
2902 4986 3098 5050 αὐτοῦ,
3158 4991 3253 5042 καὶ
3307 4991 3356 5042 οἱ
3399 4990 3459 5043 ἐν
3500 4990 3788 5052 Βαϐυλῶνι

2212 5078 2572 5150 Ἰσραηλῖται,
2595 5077 2674 5149 τῷ
2703 5077 2823 5149 Θεῷ
2849 5080 3218 5152 ἐδωρήσαντο,
3239 5084 3322 5147 εἰς
3345 5083 3517 5138 πολλὰ
3542 5085 3790 5143 τάλαντα

2200 5170 2467 5241 ἀργυρίου
2521 5171 2617 5223 καὶ
2648 5170 2856 5240 χαλκοῦ
2911 5175 3368 5244 συμποσούμενα,
3404 5178 3503 5230 καὶ
3531 5181 3646 5242 τοῖς
3671 5180 3787 5234 τῶν

2201 5259 2396 5332 χωρῶν
2452 5261 2875 5333 ἐπιτροπεύουσι
2913 5263 2982 5317 τὰ
3012 5267 3323 5338 γράμματα
3355 5267 3452 5321 τοῦ
3508 5268 3783 5341 βασιλέως

2199 5353 2498 5409 ἐπέδωκεν.
2527 5353 2591 5406 Ol
2621 5353 2679 5406 δὲ
2710 5353 2773 5407 τὺ
2797 5355 2948 5420 ἔθνος
2975 5358 3269 5429 ἐτίμησαν,
3302 5360 3398 5414 καὶ
3427 5363 3566 5432 πρὸς
3596 5365 3784 5419 πᾶσαν

2199 5442 2393 5513 χρείαν
2417 5443 2790 5516 συνήργησαν.
2843 5445 3012 5510 Γνοὺς
3038 5448 3083 5500 δ’
3113 5447 3330 5514 ἔπειτα,
3384 5447 3460 5513 ὥς
3491 5467 3639 5515 τινες
3680 5455 3781 5510 τοῦ

1707 5611 1915 5674 Varia;
1958 5609 2272 5673 lectiones
2314 5618 2379 5674 et
2411 5619 2609 5674 notae.

569 5739 675 5822 ,(ίθ)
709 5739 856 5807 Τοὺς
905 5741 1266 5822 ιππαρχρυς.
1305 5741 1383 5797 Ita
1413 5741 1539 5798 cod.
1569 5758 1684 5822 ms.
1706 5749 1762 5799 et
1806 5741 2098 5816 Josephus.

513 5806 747 5868 Wdlﬁus
778 5806 1433 5900 τοροευοτᾲςὺπᾶρχους,
1461 5812 1778 5885 ριατεοιοε.

2282 5739 2393 5824 (ιο)
2433 5741 2885 5824 ςῼνομασμᾷνος
2928 5741 3030 5824 τῷ.
3059 5744 3202 5809 Θεῷ.
3258 5743 3602 5824 Nominatum

2208 5811 2310 5882 pro
2343 5811 3149 5886 dedicatum.i'Azptspmpévog,
3195 5815 3640 5886 καθωσιωμένος.
3678 5811 3773 5876 ιν.
