4092 6478
310 385 420 448 325

1547 379 1958 443 ANNAHUM
2004 377 2149 438 LIB.
2188 377 2286 436 ιν.

3479 377 3589 440 396

313 496 556 568 πλήθους
589 492 686 547 καὶ
707 493 814 546 τῶν
839 491 1028 563 ἱερέων
1063 491 1287 545 καὶτῶν
1317 491 1562 547 Λευῗτῶν
1590 489 1900 550 ἀλλοεθνεῖς

2018 487 2400 544 )bscrvandas.
2442 487 2506 542 Et
2540 487 2630 542 hic
2668 486 2891 557 quidem
2939 500 3108 542 senex
3151 485 3314 542 obiit.
3347 487 3582 555 Quidam

309 593 580 661 γυναῖκας
635 587 937 658 ἠγάγοντο,
984 585 1210 640 ἔπεισεν
1247 586 1450 648 αὐτοὺς
1503 585 1735 654 δάκρυσι
1772 582 1905 634 πολ-

310 684 425 746 λοῖς
465 682 562 734 καὶ
597 680 836 739 πυκναῖς
871 678 1296 744 παραινέσεσι-δ,
1326 677 1583 730 ἐκϐαλεῖν
1613 676 1711 738 τὰς
1747 675 1903 727 ἀλλο-

312 775 512 836 εθνεῖς,
553 773 650 824 καὶ
683 773 751 825 τά
779 772 837 836 ἐξ
867 770 1049 824 αὐτῶν
1080 768 1432 840 γεννηθέντα.
1486 769 1597 838 Τῆς
1622 767 1819 838 ἑορτῆς
1848 764 1906 818 δὲ

313 868 416 935 τῆς
470 864 857 934 Σκηνοπηγίας
917 864 1245 933 ἐπιστάσης,
1300 862 1487 933 σχεδὸν
1544 861 1692 916 ἅπαν
1719 863 1778 915 τὺ
1810 861 1906 915 τοῦ

316 956 450 1010 λαοῦ
498 955 704 1025 πλῆθος
764 954 1129 1022 συνεληλυθὸς
1177 955 1257 1016 είς
1312 954 1505 1025 αὐτὴν,
1535 955 1780 1024 ἠξίωσαν
1812 958 1907 1006 τδν

325 1047 554 1116 Ἷείζραν,
591 1046 720 1108 τοὺς
751 1047 954 1116 νόμους
982 1046 1408 1114 ἀναγνωσθῆναι
1460 1045 1556 1098 τοῦ
1606 1047 1907 1109 Μωῦσέως.

325 1137 437 1189 Kal
463 1133 798 1197 ἀκούσαντες
828 1134 1062 1198 τούτων,
1113 1135 1194 1196 είς
1251 1134 1470 1204 δάκρυα
1527 1135 1909 1206 προήχθησαν,

326 1227 719 1298 δυσφοροῦντες
747 1228 878 1298 περὶ
903 1227 1012 1280 τῶν
1043 1226 1453 1296 παρελθόντων.
1489 1228 1695 1298 Ἔζρας
1726 1229 1805 1294 δὲ,
1837 1230 1910 1299 μὴ

326 1322 436 1374 δεῖν
465 1321 568 1390 ἔφη
620 1321 860 1391 θρηνεῖν,
889 1320 1086 1390 ἑορτῆς
1137 1319 1305 1391 οΰσης
1327 1336 1343 1352 ο
1385 1321 1672 1392 ἑορτάζειν
1709 1320 1786 1382 δὲ,
1815 1321 1913 1374 καὶ

327 1411 654 1482 εύωχεῖσθκι
680 1450 698 1478 ,
734 1411 832 1465 καὶ
886 1414 1076 1482 τηρεῖν
1099 1411 1227 1475 τοὺς
1269 1412 1472 1481 νόμους
1503 1413 1582 1475 είς
1609 1411 1669 1465 τὸ
1696 1411 1912 1483 μέλλον.

329 1504 442 1559 Καὶ
467 1506 495 1556 ὁ
531 1506 629 1574 μὲν
661 1503 892 1576 γηραιὸς
914 1503 1293 1576 ἐτελεύτησεν.
1324 1504 1448 1557 Τῶν
1477 1505 1522 1557 δ’
1552 1503 1914 1574 αἰχμαλώτων

327 1610 418 1656 τις
452 1593 700 1663 Νεεμίας
758 1595 858 1664 τὴν
908 1593 1128 1664 κλῆσιν,
1181 1594 1417 1665 οἰνοχόος
1451 1594 1528 1648 ῶν
1562 1594 1656 1647 τοῦ
1686 1591 1914 1662 Ξέρξου,

330 1685 441 1756 πρὸ
459 1685 569 1737 τῶν
595 1686 816 1738 Σούσων
840 1684 1183 1755 περιπατῶν,
1212 1685 1398 1752 ξένους
1425 1683 1534 1739 εἶδέ
1557 1703 1709 1748 τινας
1729 1688 1919 1740 είσιόν-

330 1794 436 1840 τας
462 1775 562 1847 τὴν
587 1777 746 1830 πόλιν
764 1790 780 1805 '
811 1778 910 1830 καὶ
937 1777 1179 1840 ἀκούσας
1223 1777 1402 1830 αὐτῶν
1469 1777 1746 1848 Ἐϐραϊστὶ
1799 1780 1916 1849 ὁμι-

332 1867 596 1929 λούντων,
633 1866 954 1935 προσελθὼν
979 1867 1337 1930 ἐπυνθάνετο,
1362 1866 1528 1921 πόθεν
1557 1865 1667 1922 εἷεν
1689 1869 1918 1935 ;⁹Ἠκειν

333 1957 379 2009 δ’
411 1959 475 2010 ἐκ
511 1958 622 2011 τῶν
668 1958 936 2028 Ἰεροσολύ
949 1975 1086 2029 μων,
1117 1959 1406 2025 εἰπόντων,
1449 1976 1568 2024 πως
1600 1961 1782 2015 αὐτῶν
1803 1961 1919 2031 ἔχει

333 2050 398 2102 τὸ
429 2050 656 2118 πλῆθος,
691 2053 789 2102 καὶ
841 2051 873 2120 ή
909 2051 1252 2120 μητρόπολις
1315 2052 1686 2122 Ἱεροσόλυμα,
1738 2069 1922 2122 προσ-

337 2155 370 2208 η
382 2137 629 2208 ρώτησεν
661 2154 677 2170 ·
707 2139 1168 2208 ἀποκριναμένων
1192 2140 1271 2203 δὲ,
1305 2141 1490 2204 κακῶς
1539 2141 1721 2212 ἔχειν’
1748 2143 1924 2196 πολλὰ

336 2231 449 2301 γὰρ
487 2229 637 2284 δεινά
663 2229 734 2283 τὰ
765 2231 927 2300 πέριξ
958 2230 1086 2301 ἔθνη
1119 2232 1306 2294 αὐτοῖς
1343 2231 1593 2301 ἐπάγειν,
1629 2233 1925 2305 ἐδάκρυσεν

337 2325 366 2376 ὁ
389 2321 610 2385 νεανίας
647 2321 760 2393 (Η)
787 2340 800 2354 ο
841 2323 939 2376 καὶ
983 2324 1085 2393 τῆς
1113 2322 1264 2394 ῶρας
1318 2325 1644 2394 ἐπιστάσης,
1682 2326 1759 2388 ὡς
1788 2321 1925 2397 εἶχε,

338 2415 685 2484 διακονήσων
708 2414 786 2486 τῷ
812 2414 1047 2484 βασιλεῖ,
1081 2416 1452 2487 εἰσελήλυθεν.
1492 2419 1552 2471 Ὀ
1581 2418 1636 2471 δέ
1671 2418 1930 2489 βασιλεὺς

343 2504 675 2574 σκυθρωπὸν
698 2505 865 2558 αὐτὸν
906 2505 1268 2576 θεασάμενος,
1297 2509 1465 2578 ἤρετο
1503 2507 1638 2562 διότι
1658 2513 1927 2581 κατηφιᾷς

2006 590 2190 634 autem
2235 595 2302 634 ex
2358 578 2615 649 captivis,
2665 578 2863 634 Xerxis
2902 578 3190 647 pincerna,
3222 588 3350 634 ante
3380 581 3580 635 muenia

2007 672 2274 728 Susorum
2309 671 2693 735 deambulans,
2735 684 2862 725 cum
2908 669 3156 738 hospites
3191 670 3458 739 quosdam
3491 688 3588 727 ur-

2008 761 2132 816 hem
2185 761 2581 832 ingredientes,
2635 761 2730 830 qui
2790 760 3058 815 Hebraice
3103 760 3588 832 colloquebautur,

2008 853 2260 917 vidisset,
2305 861 2460 923 rogat
2490 852 2584 922 qui
2609 852 2755 907 sint?
2790 851 2930 908 Cum
2969 866 3028 907 se
3067 850 3464 924 Hierosolymis
3491 871 3590 909 ve-

2011 945 2162 1001 nisse
2192 946 2617 1016 responderent,
2649 945 2718 1000 de
2757 953 2904 1000 statu
2949 945 3140 1016 populi
3182 954 3238 1000 et
3270 948 3594 1017 metropolis

2011 1047 2415 1110 percontatur:
2466 1053 2707 1108 cumque
2754 1037 3140 1102 intellexisset,
3194 1051 3284 1092 res
3330 1038 3473 1092 male
3532 1053 3593 1093 se

2014 1131 2242 1195 habere,
2268 1138 2326 1185 et
2352 1131 2540 1186 multis
2569 1130 2730 1186 malis
2761 1128 2898 1184 afﬁci
2923 1128 3143 1184 Iudaeos
3176 1143 3207 1184 a
3237 1127 3434 1184 vicinis
3457 1143 3594 1200 geu-

2017 1223 2188 1286 tibus,
2223 1223 2530 1292 lacrymat:
2564 1229 2621 1276 et
2663 1221 2800 1275 hora
2830 1221 3071 1274 instante
3098 1219 3214 1290 regi
3245 1219 3590 1275 ministratu-

2013 1330 2132 1376 rus,
2173 1315 2251 1369 ita
2281 1315 2360 1368 uti
2390 1322 2533 1379 erat,
2573 1311 2920 1367 cmnaculum
2969 1309 3298 1380 ingreditur.
3329 1309 3433 1377 Qui
3467 1326 3595 1365 cum

2019 1408 2254 1462 tristitia:
2286 1422 2508 1464 causam
2541 1411 2986 1476 percontaretur,
3014 1403 3207 1472 patriae
3257 1403 3599 1459 calamitates

2016 1515 2458 1555 commemorans
2497 1497 2773 1562 Neemias,
2829 1505 2953 1550 orat
2983 1510 3168 1566 regem
3209 1502 3270 1548 ut
3296 1495 3402 1550 sibi
3435 1496 3602 1551 liceat

2017 1607 2084 1647 eo
2130 1591 2428 1660 proﬁcisci,
2467 1599 2524 1646 et
2562 1603 2752 1644 muros
2777 1597 3087 1652 exstruere,
3119 1595 3175 1641 et
3205 1585 3356 1658 quod
3393 1589 3602 1657 templo

2020 1684 2204 1738 adhuc
2253 1682 2421 1747 desit,
2471 1681 2763 1752 perlicere.
2796 1679 2912 1735 Rex
2956 1678 3252 1749 postulatis
3295 1678 3512 1744 annuit,
3545 1687 3604 1734 et

2021 1775 2292 1846 postridie
2343 1776 2557 1830 litteras
2597 1773 2651 1829 ei
2700 1773 2796 1829 dat
2841 1772 2909 1827 ad
2959 1771 3277 1838 Phoenicim,
3331 1771 3505 1843 Syriae
3545 1780 3605 1827 et

2023 1866 2286 1920 Samariae
2349 1865 2662 1934 praesidem,
2725 1864 2931 1934 quibus
2978 1863 3278 1934 jubebatur
3334 1863 3605 1918 honorem

2025 1959 2232 2012 habere
2269 1955 2635 2018 adolescenti,
2672 1963 2730 2009 et
2764 1963 3018 2023 sumptus
3045 1953 3427 2009 aediﬁcationis
3461 1969 3606 2025 prae-

2027 2048 2180 2103 bere.
2206 2047 2370 2102 Venit
2398 2047 2566 2118 igitur
2601 2044 3003 2116 Hierosolyma,
3039 2058 3166 2100 cum
3195 2058 3396 2115 magno
3431 2059 3608 2116 popu-

2027 2141 2226 2195 larium
2269 2139 2559 2205 comitatu,
2609 2153 2755 2193 anno
2799 2139 2953 2209 regni
2987 2137 3188 2192 Xerxis
3235 2152 3340 2192 xxv
3374 2137 3610 2194 redditis

2027 2229 2280 2299 praesidis
2322 2230 2527 2285 litteris
2567 2251 2580 2285 :
2633 2238 2691 2286 et
2730 2227 3153 2283 mdilicationem
3203 2226 3508 2298 oppidatim
3548 2237 3610 2286 ct

2026 2325 2255 2381 vicatim
2289 2323 2598 2390 distribuit,
2637 2332 2698 2379 ut
2725 2338 2792 2378 ea
2824 2336 2990 2393 quam
3022 2321 3264 2391 primum
3293 2320 3612 2379 absolvere-

2031 2424 2143 2470 tur.
2175 2415 2350 2470 Judaei
2397 2415 2568 2485 igitur
2599 2415 2754 2484 operi
2788 2415 3174 2484 accinguntur,
3203 2413 3286 2472 sic
3317 2415 3613 2484 nominati,

2025 2522 2100 2561 ex
2133 2523 2244 2576 quo
2273 2507 2363 2561 die
2389 2506 2769 2578 Hierosolyma
2816 2505 3094 2576 Babylone
3129 2505 3432 2562 redierunt.
3471 2507 3612 2564 Nam

341 2601 372 2650 ὁ
397 2599 456 2649 δὲ
489 2599 590 2663 τῆς
621 2596 797 2666 λύπης
845 2599 997 2652 αῖτια
1022 2595 1170 2663 εἷπε,
1211 2601 1281 2653 τά
1316 2600 1418 2672 τῆς
1473 2601 1737 2673 πατρίδος
1765 2605 1915 2658 αὐτοί

2035 2599 2185 2653 tribu
2215 2598 2441 2654 Judaiea
2473 2599 2718 2668 primum
2769 2599 2827 2653 in
2863 2598 2984 2653 loca
3032 2597 3125 2653 illa
3158 2613 3401 2666 reversa,
3429 2607 3487 2654 et
3509 2599 3616 2670 ipsi

341 2688 761 2758 δυστυχήματα.
783 2689 894 2742 Kal
917 2690 1100 2744 ἐδέετο
1125 2692 1550 2763 συγχωρηθῆναι
1568 2694 1717 2764 αὐτῷ
1734 2712 1915 2766 πορευ-

2032 2690 2209 2746 Judaei
2257 2690 2434 2745 vocati
2486 2697 2638 2756 sunt,
2677 2699 2736 2746 et
2781 2705 2982 2746 nomen
3024 2690 3238 2761 regioni
3269 2691 3616 2751 indiderunt.

345 2779 534 2847 θῆναι,
559 2780 656 2832 καὶ
686 2780 746 2833 τό
772 2797 832 2832 τε
861 2783 1043 2850 τεῖχος
1079 2782 1385 2853 ἀνεγεῖραι,
1412 2785 1510 2837 καὶ
1545 2784 1642 2838 τοῦ
1682 2787 1832 2856 ἱεροῦ
1873 2788 1915 2841 τί

2034 2783 2308 2840 Caeterum
2348 2782 2700 2848 Ammanitae,
2739 2781 2994 2837 Moabitae
3022 2791 3080 2838 et
3109 2781 3442 2838 Samaritani
3479 2798 3621 2840 mte-

345 2871 539 2923 λεῖπον
597 2871 1020 2942 ἀναπληρῶσαι.
1077 2873 1190 2925 Kal
1242 2873 1272 2925 ό
1325 2872 1578 2943 βασιλεὺς
1641 2877 1915 2930 κατένευσε

2037 2876 2192 2931 nium
2239 2883 2576 2930 structuram
2605 2889 2749 2946 aegre
2791 2874 3053 2938 ferentes,
3091 2875 3332 2946 aggressi
3373 2874 3619 2944 Judaeos,

350 2962 490 3032 πρὸς
520 2960 618 3031 τὴν
675 2963 938 3034 αἴτησιν·
983 2963 1080 3017 καὶ
1113 2963 1333 3018 δίδωσιν
1368 2965 1519 3036 αὐτῷ
1575 2969 1640 3036 τῇ
1702 2967 1915 3039 ἐπιούσνε

2039 2967 2243 3023 multos
2289 2967 2636 3029 occiderunt,
2680 2966 2783 3036 ipsi
2835 2966 3004 3021 etiam
3054 2965 3296 3022 Neemiae
3345 2966 3616 3023 insidiati.

350 3053 647 3122 ἐπιστολὴν
707 3055 844 3125 πρὸς
888 3055 980 3108 τδν
1043 3055 1146 3124 τῆς
1178 3058 1437 3130 Φοινίκης
1472 3059 1566 3112 καὶ
1604 3060 1806 3130 Συρίας
1843 3078 1912 3114 κα

2038 3061 2116 3114 Ac
2149 3059 2388 3130 populus
2431 3058 2502 3114 iis
2543 3058 2712 3114 rebus
2755 3057 3137 3128 perturbatus,
3193 3073 3392 3129 parum
3441 3057 3623 3115 abfuit

351 3145 669 3216 Σαμαρείας
703 3147 1007 3218 ἐπίτροπον
1053 3148 1452 3223 ὲντελλομένην
1490 3151 1662 3223 αὐτῷ,
1703 3153 1914 3224 τιμῆσα

2045 3153 2207 3222 178
2233 3153 2370 3222 quin
2397 3166 2537 3221 opus
2559 3150 2878 3206 inchoatum
2907 3150 3212 3207 desereret.
3249 3151 3452 3207 Verum
3481 3149 3625 3206 Nee-

349 3240 447 3290 τὸν
482 3239 748 3310 Νεεμίαν,
779 3242 875 3293 καὶ
902 3242 1215 3313 χορηγῆσαι
1238 3244 1339 3305 τάς
1373 3245 1454 3307 είς
1483 3246 1586 3316 τὴν
1621 3246 1915 3317 οίκοδομίαπ

2045 3247 2185 3301 mias
2211 3245 2544 3300 satellitibus
2577 3243 2820 3314 praesidii
2853 3259 3019 3299 causa
3057 3243 3267 3310 ascitis,
3302 3250 3626 3300 constanter

348 3331 622 3395 δαπάνας.
672 3326 847 3386 Ἧκεν
879 3330 972 3388 οὖν
994 3335 1074 3398 είς
1118 3333 1492 3406 Ἱεροσόλυμα,
1537 3336 1750 3390 πολλῶν
1789 3337 1915 3408 αὐτῇ

2045 3355 2432 3409 perseverans,
2451 3348 2621 3393 noctu
2644 3346 2704 3392 et
2726 3337 2964 3393 interdiu
2992 3338 3196 3394 mcenia
3225 3337 3381 3393 urbis
3409 3336 3622 3396 obibat.

351 3427 418 3477 ἐκ
448 3425 560 3478 τῶν
581 3425 872 3495 ὁμοφύλων
905 3429 1315 3498 συνεπομένων,
1345 3431 1600 3499 πέμπτον
1635 3430 1731 3484 καὶ
1778 3431 1915 3484 είκο-

2047 3431 2291 3500 Eamque
2335 3445 2639 3486 aerumnam
2675 3445 2771 3500 per
2812 3430 3102 3485 biennium
3131 3438 3189 3484 et
3219 3444 3441 3486 menses
3486 3444 3638 3500 quav

351 3516 486 3569 στὸν
535 3515 655 3580 ἔτος
685 3518 1074 3588 βασιλεύοντος
1123 3520 1350 3592 Ξέρξου,
1387 3521 1484 3574 καὶ
1513 3520 1613 3590 τὴν
1648 3522 1915 3594 ἐπιστολὴι

2044 3534 2172 3578 tuor
2217 3525 2491 3589 toleravit,
2526 3523 2709 3580 donec
2753 3523 2897 3578 muri
2941 3523 3179 3578 absoluti
3218 3530 3428 3591 essent,
3477 3538 3625 3579 anno

349 3607 434 3677 τῷ
458 3607 746 3677 ἐπιτρόπῳ
785 3608 896 3662 τῶν
924 3610 1199 3680 ρηθεισῶν
1219 3611 1418 3682 χωρῶν
1470 3611 1798 3667 ἐπιδέδωκε.
1834 3615 1914 3686 Th

2042 3616 2262 3686 imperii
2301 3614 2501 3671 Xerxis
2527 3631 2716 3681 xxviii,
2745 3624 2803 3670 et
2830 3630 3018 3671 mense
3046 3631 3120 3671 Ix.
3150 3614 3400 3686 Cumque
3429 3615 3624 3671 urbem

351 3695 412 3748 δὲ
437 3696 530 3750 τοῦ
554 3698 769 3766 τείχους
799 3701 1090 3772 οίκοδομὴν
1118 3703 1362 3773 διένειμε
1385 3701 1462 3774 τῷ
1497 3703 1615 3772 λαῷ
1661 3706 1803 3759 κατὰ
1832 3703 1913 3757 κώ

2041 3707 2428 3778 iulrequenter
2461 3708 2702 3763 habitari
2728 3708 2965 3774 videret,
3013 3709 3294 3777 persuasit
3315 3705 3624 3763 sacerdoti-

357 3803 472 3856 μας
503 3790 600 3841 καὶ
640 3792 850 3857 πόλεις,
884 3792 952 3845 ἶν’
989 3795 1074 3846 ὅτι
1109 3795 1348 3864 τάχιστα
1383 3793 1615 3866 ἀνυσθῇ.
1671 3795 1782 3848 Kal
1812 3795 1912 3849 Ἰου

2042 3799 2147 3854 bus
2176 3809 2234 3854 et
2265 3799 2493 3863 Levitis,
2525 3807 2587 3854 ut
2629 3803 2778 3870 agris
2807 3799 3020 3854 relictis
3060 3797 3118 3853 in
3159 3813 3282 3854 eam
3309 3813 3371 3854 se
3402 3797 3631 3854 confer-

352 3877 503 3932 δαῖοι
532 3881 632 3951 μὲν
661 3884 799 3953 πρὸς
830 3886 894 3938 τὸ
922 3885 1086 3957 ἔργον
1109 3888 1614 3955 παρεσκευάζοντο,
1645 3886 1789 3942 οὕτω
1810 3887 1913 3959 κλη

2043 3901 2189 3950 rent.
2234 3889 2388 3947 Obiit
2433 3891 2687 3946 Neemias
2737 3906 2929 3956 senex,
2971 3891 3057 3945 vir
3102 3889 3284 3947 bonus
3319 3898 3378 3947 et
3416 3889 3628 3963 justus.

357 3969 572 4040 θέντες,
601 3976 662 4040 ἐξ
681 3972 751 4048 ἦς
781 3977 994 4050 ἡμέρας
1025 3980 1091 4032 ἐκ
1114 3979 1442 4043 Βαϐυλῶνος
1466 3981 1768 4052 ἀνέϐησαν.
1807 3981 1914 4035 ’Δπ

2045 3997 2386 4054 suorumque
2417 3984 2768 4054 popularium
2797 3982 3260 4039 studiosissimus.

355 4065 472 4132 γὰρ
505 4065 606 4135 τῆς
627 4065 800 4120 Ἰούδα
834 4068 1006 4138 φυλῆς
1029 4068 1254 4142 πρώτης
1286 4069 1553 4143 ἐλθούσης
1583 4073 1664 4135 είς
1693 4072 1938 4134 ἐκείνους
1977 4072 2106 4136 τοὺς
2146 4074 2372 4140 τόπους,
2437 4075 2591 4128 αὐτοί
2655 4091 2718 4128 τε
2764 4074 3016 4128 Ἰουδαῖοι
3065 4075 3162 4128 καὶ
3186 4075 3221 4146 ἡ
3247 4073 3403 4146 χώρα
3429 4072 3636 4146 δμοίως

357 4157 622 4221 ἐξαύτῶν
647 4161 1059 4230 μετωνόμαστο.
1083 4161 1423 4232 Ἀμμανῖται
1449 4163 1506 4216 δὲ
1565 4165 1657 4217 καὶ
1715 4164 2012 4218 Μωαϐῖται
2050 4165 2146 4217 καὶ
2175 4166 2545 4237 Σαμαρεῖται,
2591 4169 2656 4238 τῇ
2686 4165 2795 4219 τῶν
2832 4165 3032 4236 τειχῶν
3068 4165 3328 4236 οίκοδομῇ
3366 4163 3624 4236 ἤχθοντο,

359 4255 461 4309 καὶ
492 4255 677 4316 αὐτοῖς
712 4256 1046 4310 ἐπετίθεντο.
1081 4257 1192 4312 Kal
1219 4257 1512 4321 πλείστους
1537 4257 1836 4324 ἐκτίννυον,
1887 4256 1983 4309 καὶ
2053 4257 2204 4330 αὑτῷ
2233 4259 2313 4330 τῷ
2346 4260 2561 4330 Νεεμία
2613 4258 2998 4314 ἐπεϐούλευον.
3049 4257 3161 4311 Καὶ
3187 4257 3250 4310 τὺ
3280 4257 3383 4327 μὲν
3425 4255 3634 4329 πλῆθος

357 4351 577 4415 τούτοις
613 4352 1112 4422 ἐκταραττόμενον,
1162 4353 1366 4424 μικροῦ
1397 4353 1496 4419 τῆς
1527 4350 1820 4421 οἰκοδομῆς
1871 4350 1938 4404 ἂν
1975 4349 2214 4423 ἀπέστη.
2269 4351 2516 4422 Νεεμίας
2584 4351 2643 4404 δὲ
2691 4350 2881 4421 στίφος
2921 4366 2975 4403 τι
3041 4347 3295 4418 φυλακῆς
3342 4347 3508 4402 ῑνεκα
3534 4347 3631 4401 τοῦ

360 4446 622 4516 σώματος
653 4447 1128 4517 προστησάμενος,
1157 4445 1408 4518 ἀτρύτως
1436 4447 1676 4514 ἐπέμενε
1703 4443 1920 4515 νύκτωρ
1948 4461 2007 4497 τε
2042 4444 2136 4499 καὶ
2173 4444 2294 4516 μεθ’
2345 4445 2582 4516 ἡμέραν,
2636 4445 2738 4515 τῆς
2759 4445 2970 4507 πόλεως
2997 4443 3092 4498 τὸν
3149 4444 3350 4498 κύκλον
3372 4441 3630 4515 περιιὼν,

360 4541 464 4596 καὶ
488 4538 694 4609 ταύτην
732 4538 832 4610 τὴν
868 4538 1249 4610 ταλαιπωρίαν
1283 4537 1578 4608 ὑπέμεινεν
1610 4537 1706 4590 ἐπὶ
1740 4536 1944 4590 διετίαν
1980 4539 2080 4591 καὶ
2150 4537 2331 4608 μῆνας
2377 4540 2677 4610 τέσσαρας.
2725 4537 2816 4593 Ἐν
2875 4537 3119 4609 τοσούτῳ
3157 4539 3269 4610 γάρ
3307 4537 3487 4610 χρόνῳ
3513 4539 3631 4602 τοῖς

373 4616 779 4703 Ἰεροσολύμοις
800 4633 862 4684 τὸ
888 4634 1066 4700 τεῖχος
1114 4633 1445 4702 ἀπήρτιστο,
1480 4631 1652 4702 ὀγδόῳ
1685 4632 1782 4686 καὶ
1809 4632 2043 4703 είκοστῷ
2094 4631 2195 4702 τῆς
2258 4630 2462 4704 Ξέρξου
2499 4631 2780 4704 βασιλείας
2847 4631 2980 4698 ἔτει,
3031 4632 3166 4704 μηνὶ
3204 4632 3437 4704 ὲννάτῳ.
3497 4630 3636 4686 Νεε-

364 4729 500 4795 μίας
529 4725 584 4776 ae
619 4726 718 4794 τὴν
750 4726 910 4780 πόλιν
938 4725 1372 4796 ὀλιγανδροῦσαν
1389 4723 1555 4794 ὁρῶν,
1589 4722 1938 4792 παρεκάλεσε
1978 4725 2107 4787 τοὺς
2150 4725 2319 4796 ἱερεῖς
2368 4727 2463 4779 καὶ
2492 4725 2750 4791 Λευίτας,
2773 4723 2872 4796 τὴν
2901 4723 3090 4796 χώραν
3118 4723 3498 4794 ὲκλειπόντας,
3554 4725 3639 4788 είς

360 4819 470 4889 τὴν
502 4819 658 4872 πόλιν
701 4820 1160 4889 μεταναστεῦσαι.
1200 4817 1555 4888 Ἐτελεύτησε
1592 4817 1652 4871 δὲ
1706 4817 1956 4889 Νεεμίας
1991 4819 2227 4892 γηραιὸς
2258 4819 2398 4890 ἀνὴρ
2462 4819 2701 4892 χρηστὸς
2745 4821 2837 4872 τὸν
2863 4818 3087 4888 τρόπον,
3119 4819 3214 4874 καὶ
3244 4817 3478 4885 δίκαιος,
3537 4818 3638 4874 καὶ

365 4911 790 4983 φιλοτιμότατος
822 4911 961 4981 πρὸς
998 4911 1125 4972 τοὺς
1158 4909 1466 4979 ὁμοεθνεῖς.
1886 4943 1888 4950 τ

447 5008 540 5072 ς’.
572 5003 1016 5074 Τελευτήσαντος
1048 5003 1106 5056 δὲ
1144 5001 1371 5072 Ξέρξου,
1405 5003 1440 5072 ἡ
1470 4999 1717 5072 βασιλεία
1751 5001 1832 5064 είς
1854 5000 1915 5054 τὸ

2018 5009 2030 5058 ι
2127 5001 2217 5056 Vl.
2262 4999 2443 5056 Xerxe
2498 5013 2721 5070 quoque
2765 5006 3006 5063 mortuo,
3066 4995 3214 5053 ﬁlius
3261 4996 3384 5066 ejus
3437 4993 3636 5068 Cyrus,

367 5096 493 5150 υίδν
549 5093 718 5148 αὑτοῦ
782 5093 989 5164 Κῦρον,
1049 5094 1108 5148 ὃν
1143 5095 1239 5147 καὶ
1299 5091 1670 5162 Ἀρταξέρξην
1708 5090 1915 5144 καλοῦσ

2058 5107 2221 5165 quem
2265 5100 2324 5146 et
2363 5092 2721 5146 Artaxerxem
2748 5098 2969 5155 vocant,
3012 5105 3182 5160 regno
3213 5088 3445 5159 potitus,
3473 5087 3640 5142 tertio

366 5189 669 5260 μετέπεσε.
699 5185 792 5256 Τῷ
825 5185 960 5255 γοῦν
992 5184 1164 5256 τρίτῳ
1191 5184 1303 5237 ἔτει
1330 5184 1428 5253 τῆς
1463 5181 1742 5252 βασιλείας
1765 5179 1915 5235 αὐτοὶ

2059 5184 2282 5256 imperii
2325 5183 2412 5239 sui
2459 5197 2625 5246 anno,
2673 5182 2844 5237 duces
2869 5191 2924 5236 et
2947 5191 3196 5250 satrapas
3226 5177 3639 5250 provinciarum

363 5287 499 5348 τοὺς
528 5282 807 5354 ἡγεμόνας
830 5277 997 5332 αὑτοῦ
1025 5277 1270 5340 καὶτοὺς
1291 5275 1580 5345 σατράπας
1611 5274 1718 5328 τῶν
1741 5275 1915 5328 οἰκεία

2062 5292 2289 5335 suarum
2324 5290 2424 5347 per
2457 5276 2667 5331 multos
2692 5274 2812 5330 dies
2840 5273 3148 5345 magniﬁcis
3173 5269 3442 5328 conviviis
3472 5283 3644 5326 excec-

367 5377 614 5438 καλέσας
670 5373 863 5437 ἐθνῶν,
915 5371 1002 5440 ἐφ’
1035 5371 1253 5442 ἡμέρας
1294 5367 1499 5432 πολλάς
1523 5368 1704 5422 είστία
1738 5368 1915 5421 τούτοι

2063 5370 2165 5439 pit.
2212 5367 2420 5437 Regina
2459 5380 2681 5436 quoque
2709 5364 2878 5420 Vasta
2920 5362 3190 5419 matronis
3225 5360 3454 5432 epulum
3500 5373 3645 5430 pra}.

370 5468 709 5530 πολυτελῶς.
746 5465 858 5519 Kal
882 5464 918 5535 ἡ
943 5463 1233 5534 βασίλισσα
1260 5459 1319 5516 δὲ
1350 5459 1596 5531 Οὺάστη,
1618 5461 1743 5524 ταῖς
1772 5476 1911 5528 γυνα

2064 5460 2186 5515 buit
2215 5476 2229 5516 :
2258 5474 2424 5530 quam
2456 5457 2633 5515 forma
2659 5465 3013 5529 praestantem
3053 5452 3336 5521 omnibus,
3373 5467 3472 5510 rex
3509 5466 3650 5509 cono

1575 5619 1778 5686 Variae
1802 5617 2113 5684 lectiones
2159 5625 2224 5682 et
2257 5624 2452 5683 notaa.

453 5757 571 5830 (tl)
608 5754 1046 5830 Ἐδᾴκρυᾳενῤ
1071 5751 1341 5830 νεανίας.
1369 5747 1549 5809 Credo
1593 5747 1889 5822 legendum

2018 5747 2261 5820 ίεεμίας,
2305 5747 2452 5806 sicut
2521 5743 2686 5818 paulo
2726 5753 2852 5816 post
2932 5740 3266 5802 Viennensis
3310 5739 3485 5800 codex
3538 5754 3644 5812 pro

378 5822 606 5887 νεανίαν
639 5826 812 5884 habet
835 5823 1101 5895 Νεεμίαν.
1127 5822 1217 5879 W.
