4092 6402
481 345 589 408 327

1769 321 2094 388 JOANNIS
2133 319 2460 381 ΖΟΝΛΗΕ

3652 307 3766 371 323

472 456 617 512 vivis
644 453 760 509 suis
787 459 1077 508 ostentare
1103 448 1358 520 cupiens,
1402 443 1471 500 ad
1502 440 1817 498 convivium
1849 434 2061 491 accersi
2089 488 2091 494 ,

2193 429 2250 492 ἢν
2297 430 2501 500 ὁμοίως
2543 427 2856 499 συνεκρότει
2891 419 3219 494 συμπόσιον,
3255 416 3322 488 ἢν
3364 414 3552 470 κάλλει
3583 417 3775 480 πάσας

473 554 654 619 juoet.
686 545 783 599 llla
813 551 1133 608 recusante,
1164 551 1221 595 et
1249 537 1475 593 nuntios
1500 534 1816 604 complures
1861 527 2065 584 infecta

476 657 540 697 re
587 640 950 696 dimittente:
999 636 1197 700 iratus,
1252 629 1442 686 uxoris
1486 624 1893 684 contumaciam
1942 634 2067 677 cum

480 745 694 803 septem
750 731 1042 784 Persarum
1115 723 1474 781 senatoribus
1531 716 1905 773 communicat
1951 730 1964 768 :
2011 710 2068 766 hi

483 827 605 898 ejus
636 822 927 896 ejicienda:
968 827 1232 874 auctores
1265 825 1416 870 sunt.
1453 813 1656 884 Ejecta:
1693 823 1828 864 vero
1854 802 2073 860 deside-

487 920 631 973 rium
670 917 862 986 iniquo
888 913 1076 968 animo
1104 909 1329 972 ferenti,
1361 906 1596 962 suadent
1625 901 1809 964 amici,
1861 905 1920 952 ut
1955 896 2072 950 for-

484 1026 666 1068 mosas
690 1009 936 1078 virgines
959 1005 1204 1074 colligat,
1228 1014 1534 1069 earumque
1560 989 2072 1066 prmstantissimam

485 1117 716 1159 uxorem
749 1101 935 1155 ducat.
971 1099 1135 1153 Paret
1169 1093 1408 1150 consilio
1445 1105 1581 1145 rex:
1627 1085 1926 1152 multisque
1962 1079 2076 1134 vir-

483 1197 710 1268 ginibus
753 1191 1020 1257 collectis,
1058 1188 1338 1259 Babylone
1385 1183 1590 1256 puella,
1624 1179 1814 1235 Juda‘a
1849 1187 2073 1268 genere,

485 1265 712 1348 inventa
755 1294 863 1351 est,
908 1301 976 1339 ex
1027 1283 1174 1338 tribu
1215 1277 1596 1350 Benjamitica,
1638 1269 1908 1328 ambobus
1938 1265 2076 1322 orba

486 1380 830 1453 parentibus,
897 1391 1020 1446 qua:
1069 1390 1101 1428 a
1150 1383 1352 1444 patruo
1419 1365 1767 1422 Mardochxo
1826 1359 2076 1429 principe

483 1473 802 1529 Iudaeorum
835 1468 1206 1529 educabatur,
1242 1463 1481 1518 Esthera
1507 1458 1756 1514 nomine.
1793 1455 1926 1509 Eam
1958 1466 2075 1514 rex,

484 1565 674 1634 lepore
718 1561 840 1631 ejus
889 1567 1105 1629 captus,
1160 1569 1389 1610 uxorem
1441 1550 1616 1614 ducit,
1660 1555 1718 1601 et
1767 1544 2078 1598 diademate

483 1633 664 1710 ornat.
718 1652 956 1707 Patruus
1004 1649 1137 1704 item
1183 1647 1304 1718 ejus
1367 1640 1746 1699 Mardoclimus
1802 1633 2080 1704 Babylone

485 1748 622 1803 Susa
657 1743 1064 1816 commigravit,
1110 1749 1174 1797 ut
1221 1739 1430 1810 regiam
1481 1734 1881 1803 frequentaret,
1917 1735 1974 1781 et
2011 1724 2079 1780 de

484 1850 652 1910 nepte
695 1853 795 1893 sua
846 1803 1296 1908 percontaretur.
1343 1829 1538 1898 Neque
1582 1825 1732 1880 enim
1779 1821 1870 1875 illa
1926 1817 2074 1873 unde
2111 1803 2150 1858 Β

486 1947 616 1994 nata
654 1945 826 1999 esset,
859 1933 1132 1988 indicarat
1171 1947 1187 1986 :
1224 1941 1406 1998 neque
1461 1925 1606 1994 ipse,
1655 1921 1897 1990 aliquam
1948 1930 2076 1970 cum

488 2030 582 2085 illa
633 2025 1105 2082 necessitudinem
1165 2021 1271 2076 sibi
1327 2015 1677 2074 intercedere
1727 2009 2075 2066 ostendebat.

488 2121 721 2176 Tulerat
759 2125 944 2172 autem
991 2130 1088 2170 rex
1129 2113 1331 2183 legem,
1379 2124 1451 2164 ne
1490 2107 1617 2178 quis
1658 2104 1727 2159 ad
1761 2118 1820 2158 se
1851 2102 1908 2156 in
1939 2099 2079 2155 solio

489 2209 780 2266 sedentem
816 2205 1111 2261 accederet
1139 2202 1434 2257 invocatus
1465 2216 1478 2252 :
1517 2197 1612 2267 qui
1648 2209 1810 2250 secus
1837 2191 2080 2257 fecisset,

490 2301 678 2358 statim
716 2300 787 2355 ab
815 2295 1233 2369 apparitoribus
1261 2291 1447 2348 securi
1483 2289 1772 2351 feriretur,
1820 2285 1927 2340 nisi
1965 2284 2081 2353 ipse

491 2395 702 2465 virgam
747 2405 916 2462 quam
951 2403 1117 2443 manu
1154 2392 1398 2451 teneret,
1437 2383 1515 2436 illi
1550 2378 1917 2451 porrexisset:
1959 2390 2081 2432 eam

492 2488 644 2543 enim
674 2485 770 2556 qui
799 2484 1078 2554 attigerat,
1108 2477 1386 2535 indemnis
1412 2485 1553 2531 erat.
1581 2473 1719 2529 Cum
1749 2480 1934 2526 autem
1971 2469 2082 2524 duo

492 2577 739 2636 eunuchi
780 2577 897 2648 regi
947 2573 1183 2630 insidias
1234 2575 1539 2633 struerent,
1594 2565 1946 2622 Barnabazus
1989 2559 2085 2616 Ju-

497 2673 669 2736 daeus,
725 2683 922 2726 servus
960 2666 1190 2722 alterius
1231 2661 1499 2725 eunuchi,
1546 2658 1614 2713 iis
1661 2652 2083 2716 animadversis,

500 2779 616 2820 rem
649 2763 717 2818 ad
757 2759 1160 2817 Mardocbaeum
1197 2755 1400 2811 defert.
1443 2750 1604 2822 179
1633 2750 1730 2804 llle
1758 2762 1856 2818 per
1887 2744 2087 2800 Esthe-

501 2870 620 2909 ram
684 2853 752 2909 ad
808 2866 1038 2923 regem:
1075 2848 1174 2920 qui
1225 2843 1504 2902 eunuchis
1555 2843 1612 2896 in
1657 2851 1878 2895 crucem
1922 2834 2084 2898 actis,

501 2946 906 3002 Mardochmum
940 2943 996 2998 in
1022 2938 1451 2998 commentarios
1476 2932 1731 2996 inscribi,
1766 2939 1822 2986 et
1852 2931 1909 2984 in
1938 2928 2089 2997 regia

501 3052 730 3094 manere
776 3037 952 3108 jubet.
1002 3034 1268 3089 Amanem
1314 3041 1483 3099 porro
1527 3023 1766 3078 amicum
1808 3031 2088 3075 summum

505 3131 674 3201 regis,
706 3143 899 3184 omnes
931 3125 1240 3180 adorabant
1269 3138 1283 3175 :
1321 3117 1472 3190 quod
1516 3130 1642 3172 cum
1685 3111 2086 3168 Mardochaeum
2117 3139 2160 3196 α

506 3232 736 3295 propter
779 3222 956 3291 legem
996 3211 1283 3272 Iudaicam
1330 3208 1755 3283 praetermittere
1796 3201 2090 3275 cognovis-

507 3324 614 3378 set,
656 3312 976 3382 indignatus
1007 3308 1058 3364 ei
1105 3307 1266 3369 dixit,
1307 3320 1365 3360 se
1397 3319 1428 3358 a
1457 3301 1644 3358 Persis
1678 3297 1934 3370 ingenuis
1959 3295 2091 3351 ado-

510 3406 626 3461 rari
659 3426 671 3460 :
706 3421 807 3461 cur
842 3405 956 3470 ille,
988 3401 1083 3472 qui
1109 3413 1304 3455 servus
1335 3405 1502 3460 esset,
1528 3395 1672 3449 idem
1710 3407 1822 3447 non
1848 3388 2093 3446 faceret?

508 3509 733 3569 totaque
762 3505 925 3568 gente
974 3493 1122 3564 apud
1164 3505 1349 3563 regem
1393 3496 1674 3552 accusata,
1717 3483 1880 3556 petiit
1923 3491 1986 3537 ut
2027 3496 2093 3538 ea

509 3591 763 3648 funditus
809 3588 1246 3657 exstirparetur,
1273 3584 1348 3638 ita
1393 3589 1456 3636 ut
1495 3580 1663 3636 nulla:
1711 3576 1960 3647 reliquiae
2001 3590 2095 3629 su-

506 3689 819 3754 peressent.
853 3679 932 3734 Ne
978 3691 1113 3731 vero
1151 3673 1377 3730 tributis
1408 3687 1519 3727 rex
1568 3668 1941 3731 fraudaretur,
1977 3664 2095 3735 ipse

508 3773 879 3845 quadraginta
926 3769 1141 3840 argenti
1186 3766 1359 3821 millia
1409 3780 1468 3819 se
1517 3762 1774 3817 daturum
1813 3766 1899 3814 est
1930 3756 2096 3827 polli-

506 3867 672 3920 citus.
729 3865 844 3918 Rex
875 3861 1072 3917 Amani
1129 3868 1185 3915 et
1234 3858 1524 3930 pecuniam
1570 3865 1627 3910 et
1673 3854 1928 3909 homines
1965 3867 2098 3907 con-

512 3959 704 4022 donat,
735 3965 794 4010 ut
826 3971 922 4010 eos
943 3968 1044 4009 suo
1077 3953 1352 4008 arbitratu
1388 3958 1606 4007 tractet.
1643 3949 1694 4006 Is
1721 3949 1891 4020 igitur
1908 3947 2096 4003 statim

508 4047 755 4101 edictum
789 4044 1012 4098 nomine
1057 4042 1202 4112 regis
1236 4042 1292 4095 in
1318 4055 1512 4095 omnes
1545 4038 1859 4108 provincias
1903 4036 2094 4100 mittit,

513 4140 603 4194 his
652 4138 886 4193 verbis:
929 4135 1035 4190 Eos
1080 4135 1171 4205 qui
1222 4134 1286 4187 ab
1320 4132 1489 4187 altera
1535 4141 1689 4202 patre
1741 4146 1854 4184 meo
1890 4129 2100 4183 Amane

505 4233 843 4304 judicuntur,
887 4243 1066 4282 omnes
1109 4243 1228 4280 cum
1269 4225 1522 4280 uxoribus
1567 4233 1626 4278 et.
1652 4223 1828 4277 liberis
1871 4221 2100 4288 interﬁci

511 4325 654 4389 colo,
692 4323 848 4394 idque
878 4319 1000 4390 ﬁeri
1045 4335 1136 4373 xw
1181 4317 1266 4372 die
1302 4317 1496 4372 mensis
1541 4332 1616 4372 xtl
1658 4315 1752 4369 hoc
1791 4331 1954 4369 anno.
2004 4314 2102 4368 liis

519 4414 720 4470 litteris
771 4413 826 4466 in
876 4411 1044 4465 urbes
1078 4418 1132 4464 et
1165 4407 1482 4478 provincias
1511 4406 1762 4476 perlatis,
1793 4405 2102 4460 internecio

2171 519 2437 586 νικῶσαν,
2469 520 2741 591 ἠθέλησεν
2769 522 2797 573 6
2831 516 3091 590 βασιλεὺς
3125 515 3241 576 τοῖς
3271 511 3422 581 αὐτῷ
3454 511 3776 580 συμποσιά-

2173 612 2360 677 ζουσιν
2392 612 2691 678 ἐπιδεῖξαιο
2742 612 2837 665 καὶ
2873 607 3096 680 πέμψας
3127 606 3286 676 ἥκειν
3326 602 3499 673 αὐτὴν
3544 602 3775 656 ἐκέλευε

2173 707 2329 776 παρά
2363 706 2425 759 τὸ
2457 705 2787 778 συμπόσιον.
2824 704 2890 757 Ἡ
2925 703 2981 756 δὲ
3007 702 3109 755 οὐκ
3141 699 3415 763 ἐπείθετο,
3450 697 3548 751 καὶ
3571 696 3783 751 πολλά-

2173 809 2260 856 κις
2287 793 2622 858 στείλαντος,
2658 791 2941 855 ἀνένδοτος
2969 785 3062 862 ἦν.
3124 789 3386 859 Ὠργίσθη
3421 787 3516 841 οὖν
3550 791 3577 841 6
3613 787 3780 858 βασι-

2171 883 2298 947 λεὺς
2339 885 2429 938 διά
2496 885 2598 956 τὴν
2658 883 2969 949 ἀπείθειαν,
3001 883 3096 936 καὶ
3143 881 3426 936 κοινοῦται
3467 885 3583 944 τοῖς
3631 883 3780 935 ἐτττά

2171 977 2284 1030 τῶν
2303 977 2531 1048 Περσῶν
2561 976 2891 1048 συμϐούλοις
2913 975 3014 1046 τῆς
3031 974 3296 1044 γυναικὸς
3321 975 3421 1046 τὴν
3456 975 3772 1028 ἀπείθειαν.

2176 1069 2242 1123 Οἱ
2265 1069 2308 1122 δ’
2336 1069 2596 1123 ἐκϐαλεῖν
2621 1069 2796 1141 αὐτὴν
2847 1069 2960 1122 δεῖν
2993 1067 3240 1138 ἔκριναν.
3273 1069 3382 1120 Καὶ
3413 1068 3445 1137 ή
3487 1067 3587 1138 μὲν
3615 1069 3783 1120 ἐκϐέ-

2177 1162 2346 1233 ϐλητο
2369 1180 2383 1194 ο
2413 1165 2442 1217 6
2468 1163 2512 1216 δ’
2544 1161 2765 1233 ἤχθετο,
2808 1161 2946 1232 πρὸς
2979 1160 3150 1231 αὐτὴν
3183 1161 3468 1230 ἐρωτικῶς
3491 1159 3781 1230 διακείμε-

2177 1274 2288 1320 νος.
2315 1255 2476 1310 Οὕτω
2498 1255 2543 1308 δ’
2572 1255 2753 1325 ἔχοντι
2780 1253 3174 1308 συνεϐούλευον
3203 1254 3252 1305 οἱ
3275 1253 3444 1321 φίλοι,
3472 1252 3781 1321 παρθένους

2179 1349 2479 1416 εὐπρεπεῖς
2515 1345 2860 1416 πανταχόθεν
2891 1345 3248 1413 συναγαγεῖν,
3283 1344 3378 1396 καὶ
3401 1344 3501 1412 τὴν
3535 1361 3782 1413 προκριο

2181 1443 2370 1495 θεῖσαν
2403 1442 2550 1506 ἕξειν
2570 1443 2829 1510 γυναῖκα.
2861 1440 3124 1494 Πείθεται
3151 1442 3217 1511 τῇ
3257 1439 3540 1510 συμϐουλῇ
3571 1439 3777 1510 ταύτην

2181 1536 2278 1590 καὶ
2310 1536 2526 1589 πολλῶν
2563 1535 2856 1607 παρθένων
2892 1536 3314 1607 ἀθροισθεισῶν,
3350 1534 3549 1604 εὑρέθη
3581 1536 3639 1587 ἐν
3669 1535 3781 1588 Βα-

2183 1629 2386 1683 ϐυλῶνι
2439 1629 2575 1701 κόρη
2616 1647 2721 1698 τις,
2769 1629 3003 1682 Ἰουδαία
3035 1628 3096 1681 τὸ
3129 1629 3311 1696 γένος,
3361 1628 3426 1680 ἐκ
3469 1627 3643 1698 φυλῆς
3677 1627 3782 1696 τῆς

2183 1723 2583 1794 Βενιαμίτιδος,
2609 1722 2824 1794 ὀρφανὴ
2848 1723 2945 1776 καὶ
2979 1722 3188 1792 ἀμφοῖν
3214 1719 3324 1773 τῶν
3357 1720 3584 1789 γονέων,
3607 1723 3781 1789 ,παρὰ

2179 1816 2255 1884 τῷ
2289 1816 2420 1885 θείῳ
2467 1817 2802 1888 Μαρδοχαίῳ
2826 1817 3166 1886 τρεφομένη,
3199 1814 3310 1868 τῶν
3339 1813 3573 1884 πρώτων
3624 1815 3781 1882 παρὰ

2179 1913 2294 1974 τοῖς
2317 1909 2601 1972 Ἰουδαίοις
2621 1927 2634 1941 ·
2666 1907 2871 1978 Ἐσθὴρ
2892 1903 2960 1978 ἦν
2981 1910 3048 1978 τῇ
3069 1907 3209 1976 κόρῃ
3234 1906 3296 1959 τὸ
3325 1906 3523 1975 ὄνομα.
3556 1905 3783 1970 Ἡσθεὶς

2180 1998 2275 2055 οὖν
2303 2002 2481 2074 ταύτῃ
2529 2001 2557 2053 ό
2588 2000 2872 2070 βασιλεὺς,
2901 2001 2983 2063 είς
3013 2001 3254 2066 γυναῖκα
3274 1998 3482 2066 ταύτην
3513 1998 3782 2068 ἠγάγετο,

2182 2093 2278 2144 καὶ
2305 2092 2656 2161 περιτίθησιν
2691 2092 2832 2160 αὐτῇ
2864 2089 2925 2142 τὸ
2955 2089 3224 2160 διάδημα,
3261 2090 3356 2143 καὶ
3383 2092 3410 2143 ό
3438 2089 3582 2153 θεῖος
3607 2090 3786 2159 αὐτῆς

2182 2188 2248 2239 ἐκ
2282 2183 2609 2248 Βαϐυλῶνος
2668 2185 2751 2247 εἰς
2787 2183 2964 2235 Σοῦσα
3004 2185 3318 2254 μετῴκησε,
3350 2185 3482 2250 περὶ
3536 2182 3604 2236 τὰ
3628 2181 3788 2253 βασί-

2182 2277 2303 2330 λεια
2328 2275 2650 2345 διατρίϐων,
2679 2275 2775 2328 καὶ
2808 2275 2938 2346 περὶ
2969 2275 3071 2343 τῆς
3104 2273 3397 2344 ἀδελφιδῆς
3437 2271 3789 2342 πυνθανόμε-

2184 2386 2296 2433 νος.
2332 2367 2473 2422 Οὔτε
2536 2368 2648 2438 γάρ
2691 2360 2879 2438 ἐκείνη
2939 2366 3100 2436 δῆλον
3151 2364 3214 2418 τὸ
3261 2364 3442 2430 ἔθνος,
3494 2363 3555 2429 ἐξ
3608 2358 3787 2433 οὗπερ

2185 2459 2508 2530 ἐτύγχανεν,
2541 2458 2719 2522 ἔθετο,
2749 2457 2876 2510 οὔτε
2903 2459 2931 2511 6
2956 2456 3306 2527 Μαρδοχαῖος
3329 2456 3430 2526 τὴν
3458 2454 3593 2524 πρὸς
3614 2455 3791 2525 αὐτὴν

2186 2552 2462 2623 ὡμολόγει
2521 2551 2874 2619 συγγένειαν.
2931 2548 3127 2601 Ἐθετο
3157 2549 3214 2601 δέ
3239 2547 3404 2618 νόμον
3439 2547 3468 2599 6
3505 2545 3789 2616 βασιλεὺς,

2186 2645 2330 2698 ὥστε
2361 2643 2566 2714 μηδένα
2616 2644 2667 2695 οἱ
2699 2641 2794 2696 ἐπὶ
2822 2639 2918 2694 τοῦ
2969 2640 3166 2712 θρόνου
3224 2638 3522 2710 καθημένῳ
3547 2638 3791 2708 ἄκλητον

2187 2739 2496 2808 προσιέναι,
2521 2735 2554 2806 ἢ
2584 2735 2846 2805 θνήσκειν
2889 2733 2984 2786 τὸν
3021 2730 3164 2785 οὕτω
3199 2732 3500 2802 προσιόντα
3525 2731 3630 2784 ὑπὸ
3677 2731 3791 2784 τῶν

2189 2831 2342 2899 αὐτῷ
2373 2828 2794 2900 περισταμένων
2830 2825 3250 2895 πελεκυφόρων,
3293 2827 3342 2877 εί
3376 2823 3453 2894 μὴ
3488 2825 3696 2887 ἐκεῖνος
3729 2823 3792 2876 δν

2191 2925 2250 2978 ἐν
2281 2923 2442 2994 χερσὶ
2471 2923 2696 2992 κατεῖχε
2721 2919 2889 2988 λύγον
2914 2919 3156 2984 ἐξέτεινε
3193 2917 3332 2989 πρὸς
3367 2917 3563 2970 αὐτόν·
3620 2918 3648 2970 6
3679 2919 3792 2986 γὰρ

2191 3016 2286 3071 τοῦ
2314 3016 2482 3086 λύγου
2515 3015 2851 3084 ἁπτόμενος,
2885 3012 3177 3074 ἀκίνδυνος
3201 3007 3292 3082 ἦν.
3325 3009 3796 3063 Ἐπιϐουλευσάν-

2192 3129 2302 3165 των
2338 3111 2396 3164 δέ
2425 3109 2503 3180 τῷ
2537 3107 2749 3179 βασιλεῖ
2777 3102 3122 3178 ’Λρταξέρξῃ
3147 3103 3259 3157 δύω
3293 3103 3565 3173 εὐνούχων
3597 3102 3793 3170 αὑτοῦ,

2195 3202 2557 3271 Βαρνάϐαζος
2590 3200 2816 3271 οἰκέτης
2844 3198 2939 3251 τοῦ
2966 3199 3180 3269 ἐτέρου,
3228 3197 3291 3249 τὸ
3333 3196 3506 3264 γένος’
3541 3195 3616 3248 ὢν
3655 3197 3798 3249 Ἰουο

2195 3298 2368 3361 δαῖος,
2401 3297 2586 3358 συνεὶς
2614 3294 2715 3365 τὴν
2763 3291 3088 3360 ἐπιϐουλὴν,
3120 3289 3200 3362 τῷ
3231 3288 3568 3360 Μαρδοχαίῳ
3604 3289 3797 3358 ἀπήγ-

2195 3391 2372 3461 γειλε,
2399 3390 2495 3444 καὶ
2537 3387 2597 3452 δς
2647 3385 2738 3440 διὰ
2763 3387 2864 3455 τῆς
2909 3383 3114 3455 Ἐσθὴρ
3141 3382 3220 3454 τῷ
3252 3382 3468 3454 βασιλεῖ
3511 3385 3637 3444 τοὺς
3664 3383 3794 3435 ἐπι-

2196 3483 2425 3546 ϐούλους
2480 3480 2776 3551 ἐμήνυσεν.
2823 3479 2884 3532 ’0
2921 3477 2978 3531 δὲ
3009 3477 3136 3539 τοὺς
3193 3475 3294 3546 μέν
3333 3475 3642 3545 -εύνούχους
3668 3477 3799 3528 ἀνε-

2199 3574 2512 3646 σταύρωσε,
2569 3571 2663 3626 τοῦ
2715 3570 2773 3624 δὲ
2799 3568 3149 3641 Μαρδοχαίου
3175 3567 3236 3621 τὸ
3276 3568 3453 3636 ὄνομα
3501 3566 3798 3620 ἐκέλευσεν

2197 3665 2548 3739 ἐγγραφῆναι
2605 3665 2721 3727 τοῖς
2751 3663 3140 3733 ὑπομνήμασι,
3175 3661 3269 3713 κα)⁵
3313 3659 3646 3730 προσμένειν
3679 3661 3798 3723 τοῖς

2201 3760 2502 3834 βασιλείοις
2551 3756 2739 3811 αὐτόν.
2786 3755 2964 3826 Ἀμάν
2995 3755 3055 3808 δέ
3113 3755 3268 3823 φίλον
3303 3754 3430 3808 ὄντα
3473 3753 3551 3823 τῷ
3583 3751 3799 3823 βασιλεῖ

2204 3858 2263 3920 ἐς
2291 3855 2360 3908 τὰ
2391 3851 2634 3924 μάλιστα
2660 3850 2901 3911 ἅπαντες
2929 3845 3332 3918 προσεκύνουν.
3360 3843 3710 3915 Μαρδοχαίου
3735 3835 3802 3894 δὲ’

2205 3949 2282 4021 μὴ
2308 3944 2745 4019 προσκυνοῦντος
2799 3941 2891 3995 διὰ
2943 3941 3037 3993 τὸν
3071 3940 3238 4010 νόμον
3265 3938 3452 4003 αὐτὸν,
3499 3938 3690 4008 μαθὼν
3718 3937 3798 3999 ὠς

2213 4041 2474 4104 Ἰουδαῖός
2506 4041 2676 4102 ἐστιν,
2717 4036 3073 4107 ἠγανάκτησε
3114 4035 3209 4087 καὶ
3239 4029 3395 4086 εἶπεν
3438 4030 3612 4100 αὐτῷ,
3637 4030 3713 4092 ὠς
3743 4030 3798 4082 οἱ

2205 4136 2307 4206 μὲν
2339 4133 2619 4203 ἐλεύθεροι
2652 4131 2860 4199 Πέρσαι
2885 4125 3291 4200 προσκυνοῦσιν
3319 4123 3505 4188 αὐτὸν,
3531 4124 3559 4176 6
3589 4124 3647 4176 δὲ
3673 4121 3801 4175 δοῦ-

2201 4229 2294 4292 λος
2313 4225 2412 4292 ῶν,
2457 4225 2685 4291 ἀπαξιοῖ
2735 4221 2897 4276 τοῦτο
2955 4225 3154 4274 ποιεῖν.
3223 4217 3544 4290 Προσελθὼν
3589 4215 3682 4270 οὖν
3717 4217 3799 4285 τῷ

2207 4319 2423 4393 βασιλεῖ
2460 4317 2765 4387 κατηγόρει
2808 4313 2903 4367 τοῦ
2934 4313 3123 4376 ἔθνους
3165 4312 3387 4376 παντὸς,
3415 4311 3510 4363 καὶ
3544 4307 3662 4381 ᾔτει
3699 4326 3802 4360 κε-

2203 4414 2393 4468 λεῦσαι
2430 4412 2729 4483 πρόρριζον
2764 4408 3065 4462 ἀπολέσθαι
3107 4407 3262 4472 αὐτὸ,
3294 4407 3388 4459 καὶ
3423 4405 3497 4476 μή
3533 4422 3584 4457 τι
3608 4403 3801 4474 λείψα-

517 4505 724 4562 Judzeis
784 4501 1104 4573 parabatur.
1146 4477 1296 4555 Idem
1343 4497 1500 4552 Susis
1551 4497 1718 4550 etiam
1765 4495 2091 4566 agitabatur.

2208 4523 2297 4560 νον
2323 4477 2490 4558 αὐτού
2516 4477 2864 4556 καταλιπεῖν.
2895 4500 3014 4553 Ἵνα
3046 4500 3148 4569 μέν
3180 4515 3263 4550 τοι
3289 4494 3647 4567 μὴ’ζημιωθῇ
3670 4496 3801 4557 τοὺς

521 4596 899 4651 Mardocbaeus
933 4601 1142 4655 autem,
1184 4605 1310 4645 cum
1341 4589 1478 4660 quid
1517 4596 1700 4642 actum
1727 4595 1876 4643 esset
1901 4602 2078 4659 cogno

521 4690 715 4753 visset,
747 4699 968 4740 saccum
1009 4682 1261 4747 indutus,
1294 4690 1349 4735 et
1377 4681 1606 4751 pulvere
1636 4680 1859 4750 oppleto
1902 4681 2104 4750 capite,

524 4773 832 4840 clamitans,
871 4785 1090 4847 gentem
1132 4773 1472 4827 immeritam
1511 4771 1706 4838 deleri,
1737 4781 1865 4827 ante
1899 4773 2106 4844 regiam

524 4872 761 4926 astabat.
798 4867 990 4937 Neque
1021 4865 1171 4921 enim
1207 4881 1275 4921 eo
1312 4865 1506 4920 habitu
1538 4864 1752 4935 ingredi
1778 4864 1979 4920 decere
2013 4881 2106 4919 ar-

524 4958 1049 5028 bitrabatur.~Quod
1086 4973 1211 5014 cum
1251 4958 1318 5013 ad
1365 4957 1608 5031 reginam
1649 4958 1940 5013 Estheram
1973 4973 2106 5028 per-

523 5056 696 5112 latum
732 5062 898 5120 esset,
943 5053 1112 5108 misso
1156 5051 1433 5118 eunucho,
1463 5066 1686 5107 causam
1717 5051 1901 5106 luctus
1941 5065 2008 5105 ex
2040 5065 2108 5105 eo

525 5148 746 5220 quaerit.
780 5147 876 5203 Ille
907 5147 1041 5216 quid
1071 5147 1383 5209 accidisset,
1421 5145 1682 5201 eunucho
1716 5152 1928 5211 narrat,
1967 5147 2107 5215 petit

528 5250 592 5294 ut
622 5239 713 5294 illa
743 5237 889 5308 apud
920 5251 1103 5308 regem
1138 5252 1239 5307 pro
1272 5235 1478 5307 populo
1510 5234 1840 5290 intercedat.
1871 5234 1973 5290 Cui
2008 5235 2106 5290 Es-

528 5333 686 5387 tltera
732 5331 974 5386 vicissim
1024 5331 1263 5395 nuntiat,
1301 5329 1482 5384 vereri
1531 5343 1610 5392 se,
1655 5328 1702 5384 si
1745 5327 2000 5382 invocata
2039 5326 2107 5381 ad

521 5441 714 5496 regem
743 5423 1064 5490 accesserit,
1099 5438 1169 5478 ne
1199 5421 1504 5478 occidatur.
1536 5420 1854 5490 Respondet
1885 5419 2105 5474 Mardo-

529 5517 738 5580 chaeus,
776 5530 888 5568 non
921 5513 998 5568 illi
1025 5512 1318 5582 privatam,
1361 5509 1458 5565 sed
1490 5510 1671 5580 gentis
1701 5508 1978 5578 publicam
2024 5521 2110 5562 sa-

531 5606 702 5661 lutem
731 5620 853 5661 esse
887 5603 1244 5674 spectandam
1274 5619 1288 5656 :
1321 5602 1378 5657 id
1426 5603 1531 5658 nisi
1583 5601 1801 5666 fecerit,
1841 5601 2106 5671 populum

535 5696 729 5765 utique
761 5696 1028 5751 divinitus
1059 5695 1126 5749 iri
1153 5703 1567 5760 conservatum,
1607 5693 1782 5764 ipsam
1817 5709 1952 5748 vero
1982 5707 2109 5748 cum

537 5797 767 5859 paterna
814 5788 979 5845 domo
1025 5788 1402 5845 interituram.
1457 5786 1694 5843 Proinde
1745 5785 1934 5858 regina
1980 5800 2110 5841 eum

2210 4594 2414 4666 φόρους
2449 4593 2655 4657 αὐτῶν,
2688 4590 2854 4652 αὐτὸς
2892 4587 3262 4658 ἐπηγγείλατο
3297 4585 3491 4638 δώσειν
3528 4582 3799 4654 μυριάδας

2209 4686 2479 4757 ἀργυρίου
2506 4684 2806 4755 τέσσαρας.
2845 4681 2906 4737 Ὀ
2939 4679 3039 4752 μὲν
3077 4679 3169 4733 οὖν
3237 4678 3413 4747 Ἀμὰν
3445 4676 3564 4748 ᾔτει
3593 4675 3796 4728 ταῦτα.

2221 4781 2282 4833 Ὀ
2307 4780 2362 4833 δὲ
2387 4777 2641 4848 βασιλεὺς
2667 4776 2762 4830 καὶ
2786 4774 2849 4828 τὸ
2885 4772 3153 4845 ἀργύριον
3201 4769 3350 4841 αύτῷ
3379 4769 3666 4840 χαρίζεται
3701 4768 3804 4820 καὶ

2208 4873 2336 4936 τοὺς
2361 4871 2711 4942 ἀνθρώπους,
2741 4867 2884 4921 ὥστε
2913 4865 3154 4936 χρῆσθαι
3181 4862 3396 4924 τούτοις
3415 4862 3492 4926 ὡς
3523 4860 3800 4932 βούλεται,

2210 4963 2422 5017 Αὐτίκα
2443 4959 2536 5016 οὖν
2569 4960 2849 5029 διάταγμα
2882 4955 3036 5024 παρά
3075 4954 3170 5008 τοῦ
3213 4952 3385 5022 Ἀμάν
3421 4950 3679 5020 ἐπέμφθη
3722 4953 3806 5014 εἰς

2211 5056 2393 5111 πάντα
2414 5054 2482 5108 τὰ
2516 5053 2667 5122 ἔθνη,
2701 5051 2778 5116 ὡς
2798 5053 2863 5105 ἐκ
2883 5048 2975 5103 τοῦ
3013 5047 3300 5120 βασιλέως,
3323 5044 3580 5115 περιέχον
3604 5043 3800 5098 ταῦτα·

2214 5149 2363 5214 Τοὺς
2395 5145 2813 5216 δηλουμένους
2865 5143 2987 5201 ὑπὸ
3042 5141 3150 5197 τοῦ
3187 5140 3473 5209 δευτέρου
3523 5157 3643 5208 μου
3689 5155 3805 5192 πα-

2208 5239 2346 5306 τρὸς
2385 5237 2582 5308 Ἀμὰν,
2631 5237 2857 5292 κελεύω
2901 5235 3133 5301 πάντας
3165 5235 3288 5289 σὺν
3319 5233 3552 5304 γυναιξὶ
3586 5230 3686 5284 καὶ
3711 5229 3805 5283 τέ-

2212 5346 2381 5394 κνοις
2425 5326 2784 5393 ἀπολέσθαι,
2833 5329 2934 5381 καὶ
2988 5327 3165 5380 τοῦτο
3195 5325 3474 5396 γενέσθαι
3497 5323 3803 5391 ,ϐούλομαι

2211 5420 2289 5490 τῇ
2318 5421 2564 5490 τετάρτῃ
2587 5421 2686 5474 καὶ
2717 5419 2938 5488 δεκάτῃ
2972 5419 3082 5474 τοῦ
3107 5415 3448 5472 δωδεκάτου
3469 5416 3668 5484 μηνὸς
3691 5413 3803 5468 τοῦ

2212 5513 2544 5580 ἐνεστῶτος
2591 5513 2788 5579 ἔτους.
2821 5512 3027 5565 Τούτου
3078 5510 3440 5581 κομισθέντος
3489 5507 3584 5559 τοῦ
3622 5505 3806 5575 γράμ-

2221 5620 2392 5671 ματος
2437 5604 2518 5667 εἱς
2565 5605 2666 5666 τὰς
2717 5603 2906 5666 πόλεις
2967 5602 3189 5665 καὶτὰς
3241 5599 3446 5672 χώρας,
3478 5597 3642 5671 ἡτῶν
3669 5598 3805 5650 Ἰου-

2216 5695 2384 5749 δαίων
2414 5696 2662 5750 ἀπώλεια
2694 5694 3044 5766 ὴτοιμάζετο.
3098 5689 3259 5762 Εἶχον
3303 5691 3358 5744 δὲ
3391 5690 3486 5743 καὶ
3523 5691 3571 5742 οἱ
3605 5691 3661 5742 ἐν
3690 5690 3804 5750 τοῖς

2214 5787 2438 5852 Σούσοις
2474 5788 2694 5860 ὁμοίως.
2761 5789 2820 5842 ὐ
2845 5786 2901 5842 δέ
2940 5784 3290 5857 Μαρδοχαῖος
3327 5781 3517 5854 μαθὼν
3546 5781 3608 5836 τὸ
3654 5781 3808 5851 γενό-
