4092 6406
424 336 538 432 329

1693 361 2103 421 ANNALIUM
2149 359 2296 422 ΗΒ.
2346 360 2441 419 iV.

3599 351 3706 416 330
3726 414 3731 417 _

420 500 607 554 μενον,
671 481 878 536 σάκκον
929 482 1104 547 ἐνδὺς,
1161 487 1256 538 καὶ
1309 504 1728 558 καταχεάμενος
1770 488 2018 548 σποδιὰν,

2134 481 2263 536 Susa
2294 481 2396 544 ire,
2422 488 2477 533 et
2508 478 2716 535 Judmis
2745 476 2925 531 Susiis
2954 475 3124 530 tridui
3144 475 3415 548 jejunium
3451 490 3549 545 pro
3588 488 3712 529 sese

419 577 574 638 ἐϐόα,
630 575 715 629 ὅτι
785 577 957 648 μηδὲν
997 576 1266 648 ἀδικῆσαν
1310 578 1468 644 ἔθνος
1513 581 1845 652 ἀναιρεῖται.
1906 579 2017 632 Καὶ

420 675 560 743 πρδς
590 671 659 723 τὰ
688 670 939 741 βασίλεια
960 671 1155 739 ἐλθὼν,
1181 674 1343 739 ἐκτὸς
1370 675 1580 732 ἵστατο.
1621 677 1695 731 Οὐ
1725 675 1834 747 γὰρ
1861 673 2016 746 ἠξίου

424 762 567 832 μετὰ
589 761 840 815 τοιούτου
883 764 1163 832 σχήματος
1197 764 1487 821 είσελθεῖν.
1520 766 1560 819 Γ
1564 766 1730 820 νοῦσα
1758 767 1815 821 δὲ
1854 766 2018 820 τοῦτο

436 854 642 924 Ἑσθὴρ
700 855 733 926 ἡ
791 853 1104 926 βασίλισσα,
1160 856 1421 928 εὐιοῦχον
1469 857 1609 930 πρὸς
1674 859 2020 931 Μαρδοχαῖον

426 947 745 1012 ἀπέστειλε,
783 948 1130 1015 γνωσόμενον
1148 949 1276 1003 ὃτου
1312 950 1478 1022 χάριν
1520 951 1727 1006 πενθεῖ.
1788 951 1848 1005 '0
1874 950 1929 1004 δὲ
1952 951 2021 1005 τά

430 1039 716 1108 συμϐάντα
746 1037 827 1110 τῷ
870 1039 1114 1110 εὐνούχῳ
1154 1039 1447 1111 ἐγνώρισε,
1484 1041 1583 1096 καὶ
1639 1042 1769 1116 περὶ
1811 1043 2021 1097 τούτων

428 1132 684 1204 εεηθῆναι
706 1131 805 1186 τοῦ
847 1131 1114 1200 βασιλέως
1144 1138 1211 1204 τῇ
1257 1132 1458 1207 Ἐσθὴρ
1487 1134 1817 1191 ἐνετέλλετο.
1861 1136 1924 1189 Ἦ
1964 1136 2020 1189 δὲ

432 1224 681 1295 μαθοῦσα
703 1223 899 1283 ταῦτα.
930 1224 1084 1297 δηλοῖ
1107 1225 1279 1298 αὐτῷ,
1324 1226 1409 1279 ὅτι
1443 1225 1519 1298 μὴ
1562 1226 1828 1299 κληθεῖσα
1866 1232 2023 1298 παρᾶ

427 1318 525 1371 τοῦ
559 1318 847 1390 βασιλέως,
897 1317 1140 1372 δέδοικεν
1166 1319 1242 1382 ὡς
1284 1318 1664 1384 ἀποθανεῖται,
1700 1323 1750 1374 εί
1784 1322 2021 1393 ἄκλητος

430 1411 583 1481 αὐτῷ
623 1410 945 1479 προσέλθοι.
997 1411 1348 1484 Μαρδοχαῖος
1391 1411 1449 1465 δὲ
1491 1407 1683 1484 ἐδήλου
1738 1417 1902 1486 αὐτῇ.
1945 1418 2020 1487 μὴ

430 1500 532 1573 τὴν
584 1500 724 1554 ίδίαν
780 1499 1060 1571 σωτηρίαν
1116 1502 1361 1567 σκοπεῖν,
1392 1501 1450 1555 ἀλ
1464 1500 1530 1555 λὰ
1558 1500 1657 1574 τὴν
1687 1502 1782 1556 τοῦ
1812 1503 2020 1568 ἔθνους.

432 1596 498 1649 El
529 1594 577 1646 δ’
608 1591 693 1657 οὒ,
737 1592 958 1647 ἔσεσθαι
999 1591 1099 1663 μὲν
1125 1593 1346 1656 πάντως
1383 1594 1581 1666 ἐκείνῳ
1612 1594 1723 1667 (12)
1764 1594 2023 1667 βοήθειαν

433 1688 502 1740 ἐκ
532 1685 691 1752 θεοῦ,
725 1686 896 1757 αὐτὴν
921 1685 981 1740 δὲ
1008 1685 1104 1740 καὶ
1126 1686 1218 1739 τὶν
1245 1686 1501 1759 πατρῷον
1524 1684 1673 1742 οἶκον
1702 1689 1877 1760 αὐτῆς
1903 1689 2023 1745 δια-

432 1780 839 1851 φθαρήσεσθαι.
882 1780 948 1833 ’ll
980 1779 1038 1832 δὲ
1079 1762 1393 1834 ἐνετέλλετο
1423 1779 1576 1852 αὑτῷ
1602 1781 1683 1847 είς
1719 1783 1899 1838 Σοῦσα
1926 1800 2024 1839 πο·

436 1874 703 1943 ρευθέντι,
753 1873 1178 1944 παρασκευάσαι
1232 1876 1358 1936 τοᾉς
1417 1874 1536 1928 ἐκεῖ
1599 1875 1892 1940 Ἰουδαίους
1928 1895 2022 1949 νη-

434 1966 661 2019 στεῦσαι
692 1970 841 2037 τρεῖς
865 1967 1081 2037 ἡμέρας
1112 1965 1255 2038 ὑπὲρ
1282 1967 1473 2037 αὐτῆς.
1521 1968 1631 2021 Καὶ
1678 1969 2021 2041 Μαρδοχαῖος

437 2059 541 2127 μὲν
569 2058 740 2121 οὕτως
769 2058 1049 2128 ἐποίησεν.
1087 2058 1155 2113 Ἦ
1189 2053 1235 2112 δ’
1275 2059 1481 2128 Ἐσθὴρ
1509 2061 1717 2131 ῥίψασα
1748 2066 1888 2119 κατὰ
1921 2068 2023 2135 γῆς

434 2152 639 2222 ἑαυτὴν
698 2152 840 2222 μετὰ
888 2152 1156 2222 πενθίμου
1211 2151 1462 2222 ἐσθῆτος,
1516 2156 1611 2209 καὶ
1643 2157 1878 2227 ἄτροφος
1931 2162 2026 2215 ἐπὶ

435 2248 615 2313 τρισν
659 2245 897 2314 ἡμέραις
926 2246 1280 2315 διαμείνασα,
1328 2245 1509 2300 ἐδέετο
1543 2247 1639 2301 τοῦ
1672 2250 1833 2306 Θεοῦ.
1868 2254 2026 2308 Merit

433 2339 489 2391 δὲ
515 2341 613 2400 τὰς
639 2341 789 2407 τρεῖς
830 2339 1044 2408 ἡμέρας
1088 2340 1296 2412 κόσμον
1328 2346 1837 2417 μεταμφιασαμένη
1871 2347 2026 2417 βασί-

435 2428 599 2491 λειον,
636 2430 735 2482 σὺν
769 2428 890 2485 δυσὶ
925 2430 1334 2502 θεραπαινίσιν,
1364 2429 1439 2488 ὦν
1469 2441 1534 2509 τῇ
1576 2439 1675 2508 μὲν
1708 2440 1928 2509 κούςοως
1957 2436 2025 2513 ἦν

438 2521 856 2592 ἐπερειδομένη,
895 2525 926 2593 ὴ
970 2524 1027 2578 δὲ
1064 2523 1128 2578 τὸ
1161 2526 1300 2598 βαθὺ
1341 2528 1434 2582 τοῦ
1470 2531 1700 2601 χιτῶνος
1731 2534 1826 2587 καὶ
1861 2535 2027 2605 μέχρι

437 2616 539 2685 τῆς
570 2618 672 2685 γῆς
700 2618 1005 2688 κεχυμένον
1056 2619 1252 2692 ἄκροις
1282 2622 1536 2696 ἀπῃώρει
1582 2624 1892 2691 δακτύλοις,
1923 2623 2025 2701 ἧκε

441 2708 579 2778 πρὸς
622 2708 714 2761 τὸν
765 2710 1095 2779 κρατοῦντα,
1152 2711 1326 2784 εἰσῄει
1349 2713 1406 2767 δὲ
1454 2717 1595 2784 μετὰ
1631 2716 1806 2781 δέους.
1847 2719 1935 2781 Ὡς
1971 2719 2028 2772 δὲ

440 2801 586 2855 κατὰ
641 2801 938 2871 πρόσωπον
972 2802 1140 2858 αὑτοῦ
1202 2808 1295 2858 ἐπὶ
1350 2806 1444 2860 τοῦ
1503 2808 1696 2878 θρόνου
1729 2809 2029 2881 βασιλικῶς

444 2893 816 2965 καθεζομένου
841 2895 1086 2964 ἐγένετο,
1124 2900 1478 2968 προσιδόντος
1514 2902 1688 2974 αὐτὴν
1725 2902 2027 2976 βλοσυρῶς,

445 2987 679 3057 πάρεσις
709 2986 816 3041 ύπὺ
842 2987 935 3040 τοῦ
966 2988 1118 3052 δέους
1143 2987 1417 3059 λαμϐάνει
1450 2993 1641 3064 αὐτὴν,
1672 2996 1768 3049 καὶ
1802 2997 1866 3068 τῇ
1901 3000 2030 3067 περὶ

446 3083 689 3150 πλευρὰν
720 3082 873 3156 ἰούσῃ
905 3085 1178 3139 ἐπέπεσεν
1207 3087 1439 3158 ἀχανής.
1475 3088 1534 3140 '0
1560 3087 1613 3142 δὲ
1644 3087 1899 3158 βασιλεὺς
1924 3089 2032 3141 δεί-

2124 572 2371 629 indicere
2393 572 2574 643 jubet.
2615 572 2775 626 Paret
2817 569 3239 625 Mardochteus:
3276 569 3397 639 ipsa
3438 576 3712 639 prostrata

2124 664 2305 730 humi,
2340 674 2493 720 veste
2525 662 2744 735 lugubri
2772 661 2991 721 induta.
3027 676 3126 733 per
3159 669 3273 716 tres
3301 660 3422 717 dies
3447 661 3574 716 cibo
3600 676 3711 715 non

2122 767 2366 830 gustato,
2401 757 2575 813 Deum
2599 766 2742 813 orat.
2778 755 2850 812 Iis
2881 756 3110 828 elapsis.
3135 765 3333 811 ornatu
3362 754 3517 828 regio
3542 755 3714 819 culta,

2124 874 2249 912 cum
2285 857 2504 913 duabus
2538 857 2778 923 ancillis,
2815 870 3049 927 quarum
3098 854 3256 910 alteri
3286 853 3486 909 leviter
3511 853 3716 908 innite-

2127 952 2311 1015 batur,
2352 951 2524 1006 altera
2575 949 2902 1021 promissam
2960 957 3173 1004 vestem
3226 955 3285 1002 et
3334 946 3488 1001 humi
3537 946 3715 1001 fusam

2124 1043 2358 1100 summis
2403 1042 2592 1115 digitis
2643 1042 2955 1106 allevabat.
3008 1056 3197 1113 regem
3253 1039 3404 1105 adit,
3460 1041 3717 1109 perculsa

2127 1146 2276 1191 metu
2306 1152 2321 1189 :
2355 1152 2599 1208 cumque
2626 1135 2682 1190 in
2718 1144 3080 1206 consnectum
3109 1134 3231 1206 ejus
3256 1134 3310 1189 in
3334 1133 3489 1206 regio
3513 1133 3717 1189 throno
3758 1130 3761 1133 ’

2131 1227 2295 1299 180
2323 1227 2595 1291 sedentis,
2624 1242 2689 1281 ae
2731 1233 2951 1281 torvum
2986 1223 3195 1279 tuentis
3228 1222 3492 1285 venisset,
3529 1220 3722 1276 exani-

2129 1327 2272 1372 mata
2309 1327 2482 1380 metu,
2534 1316 2591 1371 in
2632 1315 2890 1370 ancillam
2942 1312 3099 1368 lateri
3157 1311 3534 1368 adhaerentem
3587 1326 3721 1381 pro-

2126 1409 2359 1466 cumbit.
2389 1408 2507 1464 Rex
2534 1416 2742 1467 autem,
2762 1406 2949 1460 divina
2974 1401 3321 1472 providentia
3344 1401 3426 1459 sic
3455 1411 3719 1456 eventum

2128 1504 2478 1563 moderante,
2513 1502 2653 1556 solio
2676 1499 2880 1565 exsilit,
2909 1498 3132 1553 mulieri
3164 1507 3418 1552 metuens
3443 1516 3456 1551 :
3484 1512 3721 1565 eamque

2130 1596 2277 1651 ulnis
2313 1604 2601 1664 exceptam
2644 1592 3046 1663 complectens,
3089 1599 3146 1646 et
3189 1591 3337 1645 bono
3369 1606 3490 1645 esse
3531 1590 3721 1644 animo

2125 1689 2349 1763 jubens,
2391 1687 2591 1749 reﬁcit,
2640 1697 2897 1757 porrecta
2947 1686 3098 1755 virga
3152 1699 3344 1747 aurea,
3390 1691 3721 1752 sceptroque

2128 1784 2185 1838 in
2230 1798 2427 1836 manus
2460 1779 2513 1836 ei
2549 1779 2775 1834 tradito.
2825 1777 2922 1832 llla
2970 1786 3252 1845 resumpta
3299 1775 3519 1838 ﬁducia,
3562 1778 3720 1846 petit,

2132 1884 2193 1930 ut
2219 1889 2344 1929 cum
2382 1873 2592 1928 Amane
2637 1870 2705 1927 ad
2755 1885 2815 1926 se
2859 1878 3231 1925 comessatqu
3272 1867 3479 1923 veniat.
3514 1868 3725 1921 Annuit

2130 1987 2227 2025 rex
2252 1988 2264 2023 :
2291 1983 2530 2039 cumque
2566 1965 3009 2038 venisset,jubet
3037 1980 3158 2019 eam
3184 1964 3369 2020 dicere
3395 1964 3526 2034 quid
3552 1964 3725 2019 velit?

2132 2077 2258 2120 nam
2285 2062 2423 2117 nihil
2459 2076 2570 2115 non
2613 2060 3057 2130 impetraturam.
3110 2057 3203 2113 Illa
3251 2073 3308 2112 se
3343 2056 3610 2127 postridie
3638 2056 3726 2110 di-

2132 2167 2348 2212 cturam
2397 2156 2497 2215 ait.
2540 2153 2585 2209 si
2635 2154 2822 2209 denuo
2870 2167 2996 2208 cum
3048 2154 3257 2206 Amane
3289 2151 3356 2207 ad
3405 2152 3723 2206 convivium

2132 2251 2373 2307 veniret.
2424 2249 2576 2321 Rege
2634 2262 2884 2312 assensu,
2946 2246 3121 2301 Aman
3185 2246 3375 2300 lwtitia
3441 2247 3724 2300 (‘Xsltllitllﬁ

2130 2343 2422 2416 egreditur
2452 2362 2465 2397 :
2491 2341 2722 2411 visoque
2745 2340 2801 2395 in
2834 2340 2957 2395 aula
2990 2338 3357 2402 Mardoehreo,
3390 2338 3724 2411 indignatur,

2135 2452 2196 2492 se
2225 2437 2295 2491 ab
2327 2451 2395 2492 co
2444 2449 2554 2491 non
2585 2432 2830 2489 adorari.
2880 2433 3037 2487 Domi
3079 2430 3237 2486 uxori
3275 2447 3388 2486 sure
3433 2440 3490 2486 et
3532 2431 3722 2487 amicis

2136 2529 2328 2593 refert,
2368 2536 2611 2598 quantus
2639 2541 2669 2580 a
2700 2525 2886 2595 regina
2919 2524 3086 2579 etiam
3119 2524 3225 2580 sibi
3254 2523 3327 2580 sit
3357 2524 3535 2580 honos
3567 2525 3726 2579 habi-

2140 2631 2247 2684 tus,
2283 2635 2562 2691 quamque
2602 2618 2848 2690 graviter
2903 2616 3231 2671 illardoclnei
3272 2628 3634 2687 conspectum
3669 2618 3725 2673 in

2137 2715 2261 2768 aula
2312 2714 2473 2770 ferat.
2521 2711 2774 2781 Cumque
2826 2711 2896 2765 al)
2936 2726 3110 2765 uxore
3152 2720 3301 2766 esset
3349 2714 3612 2776 mou'tus,
3669 2723 3727 2766 ut

2140 2805 2345 2875 liamum
2384 2819 2413 2858 ι.
2441 2803 2757 2860 cubitorum
2798 2799 3167 2855 excidendum
3212 2809 3456 2864 curaret,
3484 2808 3541 2851 et
3566 2814 3728 2853 mane

2138 2914 2167 2951 a
2208 2913 2333 2966 rege
2379 2904 2615 2967 peteret.
2662 2903 2721 2948 ut
2773 2893 3183 2948 Mardochmum
3217 2891 3270 2945 in
3311 2906 3533 2946 crucem
3566 2906 3726 2962 agere

2140 2992 2374 3046 liceret:
2401 2990 2708 3061 approbato
2749 2987 3010 3051 Consilio,
3065 3000 3257 3040 servos
3292 2984 3503 3054 lignum
3533 2999 3729 3054 parare

2135 3088 2317 3153 jubet,
2347 3083 2514 3155 idque
2543 3083 2596 3137 in
2625 3082 2752 3135 aula
2786 3081 3001 3153 erigere
3041 3080 3106 3133 ad
3159 3076 3491 3133 Mardochaﬂ
3521 3075 3728 3147 suppli-

446 3192 543 3238 οας
592 3176 724 3245 περὶ
755 3178 822 3247 τῇ
865 3176 1108 3244 γυναικὶ,
1157 3177 1253 3231 τοῦ
1304 3177 1442 3231 Θεοῦ
1496 3179 2028 3250 προμηθευσαμένου

2140 3181 2309 3236 cium.
2337 3179 2415 3234 Eo
2446 3186 2662 3249 parato,
2690 3176 2836 3232 Deus
2862 3182 3027 3230 noctu
3062 3174 3175 3244 regi
3210 3187 3468 3229 somnum
3494 3170 3727 3224 adimit:

443 3268 622 3332 τοῦτο,
645 3268 989 3339 ἀνεπήδησεν
1019 3271 1085 3323 ἐκ
1103 3269 1199 3322 τοῦ
1229 3269 1444 3341 θρόνου,
1474 3271 1573 3324 καὶ
1601 3274 1725 3336 ταῖς
1756 3272 2030 3340 ἀγκάλαις

443 3360 618 3432 αὐτὴν
672 3359 962 3415 ὑπολαϐὼν
1015 3363 1284 3418 ἀνεκτᾶτο
1332 3364 1834 3435 κατασπασάμενος
1863 3404 1877 3427 ,
1937 3367 2031 3418 καὶ

441 3453 674 3524 οάρρεῖν
730 3452 1182 3524 ἐγκελευόμενος,
1240 3455 1335 3507 καὶ
1398 3455 1498 3526 τὴν
1552 3456 1749 3526 ῥάϐδον
1785 3459 2030 3520 ἐκτείνας

444 3545 612 3599 αὑτοῦ
645 3545 747 3611 τὴν
781 3546 1012 3616 χρυσῆν,
1045 3548 1140 3600 καὶ
1180 3546 1244 3600 τὸ
1276 3548 1563 3620 σκῆπτρον
1594 3549 1884 3620 ἐνθέμενος
1913 3555 2034 3615 ταῖς

443 3641 636 3712 χερσὶν
669 3639 864 3708 αὐτῆς.
935 3639 1001 3693 Ἣ
1038 3639 1097 3693 δὲ
1125 3639 1378 3693 ἐντεῦθεν
1431 3643 1888 3713 ἀναθαρσήσασα,
1947 3645 2033 3713 ἐφ’

443 3733 692 3787 ἑστίασιν
744 3733 909 3785 αὑτὸν
949 3732 1089 3803 μετὰ
1117 3732 1212 3786 τοῦ
1282 3734 1458 3804 ’Λμάν
1495 3734 1632 3801 πρὸς
1681 3735 1853 3807 αὐτὴν
1878 3737 2032 3806 ἠξίου

442 3826 644 3880 ἐλθεῖν.
693 3827 781 3890 Ὡς
839 3826 896 3879 δὲ
961 3827 1250 3894 ἐπένευσε,
1291 3829 1389 3881 καὶ
1438 3829 1719 3900 παρῆσαν,
1777 3830 2034 3883 ἐκέλευεν

443 3918 631 3991 ἐκείνῃ
661 3920 690 3971 ὁ
725 3917 980 3988 βασιλεὺς
1003 3917 1202 3991 δηλοῦν
1233 3919 1261 3972 ὅ
1291 3936 1343 3971 τι
1371 3917 1648 3988 βούλεται,
1674 3920 1903 3991 μηδενὸς
1926 3924 2034 3991 γὰρ

443 4012 825 4073 ἀτευκτήσειν.
880 4011 946 4064 'll
987 4011 1041 4064 δὲ
1078 4014 1158 4075 εἰς
1188 4012 1288 4082 τὴν
1321 4013 1593 4067 ἐπιοῦσαν
1618 4014 1854 4084 φράζειν
1885 4016 2036 4085 αὐτῷ

441 4106 546 4175 τὴν
576 4103 836 4175 βούλησιν
859 4103 1064 4173 ἔλεγεν,
1099 4106 1147 4156 εἰ
1177 4105 1340 4158 πάλιν
1375 4107 1511 4175 πρὸς
1562 4106 1734 4177 αὐτὴν
1763 4108 1904 4177 μετὰ
1938 4107 2033 4161 τοῦ

456 4199 633 4269 ’Δμὰν
661 4198 748 4267 ἐφ’
780 4197 1028 4251 ἑστίασιν
1059 4197 1227 4253 ἔλθοι.
1256 4197 1364 4251 Τοῦ
1393 4199 1452 4252 δὲ
1498 4198 1735 4269 βασιλέω
1799 4202 2033 4272 ὑποσχο-

446 4291 639 4359 μένου,
674 4290 983 4361 περιχαρὴς
1013 4289 1042 4339 ὁ
1078 4290 1252 4360 Ἀμὰν
1275 4288 1424 4360 ἐξῄει
1449 4307 1462 4320 ·
1498 4292 1593 4343 καὶ
1619 4290 1741 4343 ἰδὼν
1762 4294 1855 4344 τὸν
1886 4292 2037 4362 Μαρ-

439 4383 661 4453 δοχαῖον
684 4385 744 4436 ὲν
766 4385 830 4454 τῇ
854 4382 1016 4453 αὐλῇ,
1043 4382 1452 4453 ἠγανάκτησεν,
1474 4384 1557 4437 ὅτι
1588 4386 1663 4454 μὴ
1692 4382 1839 4453 αἱ.τῷ
1865 4402 2034 4456 προσ-

442 4476 705 4546 εκύνησε.
735 4476 845 4529 Καὶ
867 4476 1008 4529 οἴκοι
1039 4473 1213 4528 ἐλθὼν
1241 4475 1380 4544 πρὸς
1402 4474 1501 4545 τὴν
1525 4476 1765 4544 γυναῖκα
1792 4477 2033 4540 καὶτοὺς

2136 3270 2228 3342 qui
2263 3286 2387 3326 cum
2414 3269 2687 3340 vigilaret,
2720 3267 3056 3338 privatarum
3090 3280 3277 3320 rerum
3300 3265 3733 3321 commentarios

2136 3364 2377 3419 scribam
2426 3363 2625 3418 atTerrc
2671 3370 2727 3416 et
2771 3359 3233 3431 recitarejubet:
3276 3360 3329 3414 in
3361 3360 3567 3430 quibus
3598 3375 3727 3416 cum

2135 3457 2343 3512 lectum
2374 3464 2543 3523 esset,
2569 3453 2978 3510 Mardochaeum
3009 3453 3278 3508 detulisse
3317 3453 3606 3509 eunuchos
3644 3454 3729 3507 in-

2136 3550 2432 3604 sidiatores
2465 3547 2630 3620 regis,
2686 3558 2744 3603 et
2786 3548 2969 3603 scriba
3015 3548 3202 3601 statim
3245 3545 3311 3601 ad
3360 3546 3509 3602 aliud
3556 3561 3731 3618 caput

2136 3653 2481 3717 properaret,
2517 3659 2612 3698 rex
2639 3658 2766 3698 eum
2800 3640 3063 3705 inhibuit,
3098 3653 3453 3712 percontans,
3486 3656 3554 3695 an
3585 3644 3728 3697 scri-

2136 3745 2291 3808 ptum
2336 3744 2485 3792 esset
2530 3735 2819 3805 praemium
2864 3749 2975 3804 quo
3010 3733 3250 3788 donatus
3276 3733 3471 3789 esset?
3500 3733 3597 3788 illo
3627 3749 3728 3788 ne-

2136 3836 2322 3900 gante,
2365 3837 2534 3898 quota
2570 3825 2707 3883 hora
2740 3828 2918 3880 noctis
2957 3834 3106 3880 esset
3152 3833 3306 3896 rogat
3336 3841 3351 3878 :
3388 3839 3514 3880 eum
3543 3825 3733 3880 audis-

2139 3931 2226 3979 set
2266 3920 2575 3977 diluculum
2622 3934 2773 3986 esse,
2828 3933 3224 3989 quemcunque
3254 3917 3559 3972 amicorum
3602 3931 3730 3972 ante

2140 4015 2350 4085 regiam
2407 4012 2750 4075 invenirent,
2808 4011 2956 4065 intro
3008 4013 3191 4064 vocari
3239 4009 3418 4079 jubet.
3471 4009 3734 4065 Inventus

2138 4118 2318 4162 autem
2351 4114 2438 4161 est
2465 4109 2671 4167 Aman,
2702 4105 2793 4175 qui
2825 4105 3037 4168 aderat,
3081 4113 3142 4158 ut
3175 4102 3581 4158 Marduehaeum
3623 4120 3726 4174 po-

2138 4209 2338 4254 sceret.
2374 4200 2433 4253 Ei
2471 4199 2746 4254 accersito
2783 4214 2875 4251 rex
2910 4214 2923 4250 :
2956 4195 3184 4253 Consule
3217 4195 3364 4261 mihi,
3405 4196 3603 4264 inquit,
3628 4213 3732 4265 quo

2137 4295 2333 4343 honore
2359 4292 2427 4343 sit
2455 4288 2761 4358 aﬁiciendus
2791 4288 3009 4364 quidem
3035 4287 3159 4342 mihi
3176 4285 3440 4340 dilectus?
3467 4288 3558 4342 Ille
3585 4296 3735 4342 ratus

2136 4398 2300 4452 quam
2329 4381 2662 4437 sententiam
2692 4380 2961 4444 dixisset,
2996 4394 3118 4435 eam
3144 4378 3198 4433 in
3230 4393 3384 4433 suam
3409 4394 3524 4433 rem
3555 4379 3737 4434 dictu-

2138 4460 2286 4540 rum,
2310 4476 2400 4543 qui
2434 4473 2546 4546 regi
2580 4473 2806 4530 charior
2838 4481 2983 4529 esset
3018 4472 3273 4529 caeteris:
3308 4471 3448 4526 Eum
3470 4512 3484 4536 ,
3514 4473 3694 4543 inquit
3718 4512 3734 4534 ,

441 4570 656 4637 φίλους,
690 4569 930 4638 διηγεῖτο
958 4568 1080 4631 οἵας
1110 4566 1208 4622 καὶ
1241 4567 1396 4640 παρὰ
1419 4570 1518 4637 τῆς
1541 4567 1866 4639 βασιλίσσης
1898 4571 2028 4623 ἀπο-

2145 4572 2191 4624 ai
2226 4569 2489 4625 illustrem
2521 4567 2740 4624 reddere
2767 4568 3016 4634 uolueris,
3051 4569 3211 4637 facito
3239 4573 3297 4620 ut
3331 4582 3463 4637 equo
3490 4568 3731 4629 vehatur,

441 4663 601 4716 λαύει
620 4665 811 4733 τιμῆς,
845 4664 940 4715 καὶ
968 4661 1042 4724 ὼς
1066 4659 1297 4732 ἄχθεται
1324 4659 1414 4714 τὸν
1433 4661 1784 4732 Μαρδοχαῖον
1816 4660 2034 4732 βλέπων

441 4759 502 4810 ἐν
536 4758 604 4827 τῇ
635 4756 796 4825 αὐλῇ.
854 4754 966 4824 ἰ’ἧς
1018 4752 1076 4806 δὲ
1107 4753 1368 4821 γυναικὸς
1424 4751 1595 4806 αὑτοῦ
1628 4757 1907 4824 φησὰσης,
1943 4771 2035 4807 κε-

441 4849 632 4903 λεῦσαι
662 4851 899 4920 κοπῆναι
928 4846 1088 4911 ξύλον
1121 4846 1465 4916 πεντήκοντα
1494 4846 1735 4915 πήχεων,
1762 4847 1858 4899 καὶ
1885 4845 2036 4917 πρωῒ

442 4942 601 5011 παρὰ
643 4939 738 4992 τοῦ
766 4938 1032 5009 βασιλέως
1066 4934 1439 5006 αἰτησάμενον
1490 4935 1921 5007 ἀνασταυρῶσαι
1946 4938 2035 4990 τὸν

441 5032 817 5103 Μαρδοχαῖον,
853 5031 949 5101 τὴν
1000 5028 1230 5098 γνώμην
1258 5026 1690 5096 ἀποδεξάμενος,
1726 5027 2033 5098 προσέταξε

439 5128 556 5190 τοῖς
588 5125 850 5189 οἰκέταις,
886 5121 1044 5186 ξύλον
1072 5120 1386 5190 ἑτοιμάσαι,
1426 5122 1524 5173 καὶ
1547 5120 1747 5189 στῆσαι
1784 5119 1947 5173 τοῦτο
1975 5123 2033 5173 ὲν

440 5222 512 5289 τῇ
550 5219 687 5287 αὐλῇ
714 5216 850 5287 πρὸς
893 5211 1164 5285 τιμωρίαν
1195 5210 1576 5284 Μαρδοχαίου.
1607 5211 1722 5265 Καὶ
1754 5209 1816 5263 τὸ
1847 5210 1947 5282 μὲν
1970 5206 2039 5283 ἦν

440 5311 701 5378 ἕτοιμον
733 5311 762 5362 ὁ
809 5306 867 5360 δὲ
912 5306 1046 5368 Θεὸς
1076 5307 1180 5376 τῆς
1214 5303 1410 5366 νυκτὸς
1465 5302 1685 5372 ἐκείνης
1717 5304 2038 5373 ἀφαιρεῖται

443 5404 537 5454 τὸν
569 5401 738 5454 ὕπνον
761 5399 1180 5481 τοῦεβασιλέως.
1211 5397 1271 5451 Ὀ
1286 5396 1344 5450 δὲ
1377 5393 1699 5464 ἀγρυπνῶν,
1731 5396 1825 5449 τὸν
1857 5411 2040 5466 γραμ·

447 5497 631 5564 ματέα
671 5492 977 5563 κομίσαντα
1026 5491 1133 5543 τῶν
1182 5489 1327 5542 ἰδίων
1386 5486 1641 5558 πράξεων
1680 5489 1749 5541 τὰ
1789 5486 2039 5559 ὑπομνή-

448 5605 599 5656 ματα
629 5586 741 5657 (l5)
773 5585 1175 5654 ἀναγινώσκειν
1204 5582 1484 5637 ἐκέλευσε.
1516 5581 1626 5635 Καὶ
1656 5580 2035 5647 ἀναγινωσκοο

2141 4663 2262 4731 pari
2294 4673 2465 4715 terum
2505 4667 2643 4716 veste
2680 4661 2921 4723 indutus,
2962 4668 3011 4712 et
3049 4676 3215 4714 aureo
3254 4666 3441 4729 torque
3490 4674 3733 4723 ornatus.

2141 4764 2190 4807 et
2230 4753 2424 4824 aliquis
2466 4769 2533 4807 ea:
2577 4753 2888 4806 necessariis
2922 4753 3106 4806 amicis
3139 4754 3241 4805 tuis
3277 4753 3610 4817 antecellens,
3645 4769 3738 4817 per

2142 4856 2310 4901 totam
2368 4846 2549 4900 urbem
2598 4844 2939 4915 proclamet:
2990 4844 3107 4899 Tali
3156 4848 3355 4898 honore
3407 4845 3541 4915 aﬁici
3590 4860 3735 4905 eum,

2142 4956 2294 5011 quem
2338 4956 2432 4994 rex
2475 4942 2673 4993 honore
2703 4939 2918 5008 aﬂiciat.
2954 4937 3200 4994 Consilio
3252 4939 3562 4993 delectatus
3599 4954 3689 4991 rer
3720 4956 3732 4990 :

2146 5030 2303 5100 18],
2348 5028 2560 5094 Quare,
2606 5028 2807 5099 inquit,
2849 5027 3246 5082 Mardochwum
3276 5027 3546 5091 Inda-um,
3576 5028 3734 5080 dato-

2143 5139 2242 5194 que
2275 5139 2408 5195 equo
2442 5130 2492 5176 et
2517 5132 2680 5187 veste,
2705 5130 2754 5174 et
2788 5137 2994 5191 torque,
3025 5121 3180 5174 illum
3221 5120 3470 5176 autecede
3508 5129 3557 5172 et
3606 5137 3735 5189 pro-

2142 5215 2360 5271 clama:
2386 5225 2442 5270 tu
2475 5218 2613 5270 enim
2641 5216 2844 5271 amicus
2868 5231 2920 5270 es
2946 5231 3092 5269 meus
3124 5215 3354 5268 maxime
3385 5214 3733 5267 necessarius.

2139 5308 2266 5365 Haec
2319 5317 2495 5363 autem
2532 5304 2616 5365 illi
2665 5327 2699 5364 a
2746 5325 2828 5362 me
2874 5308 3201 5370 tribuentur,
3253 5306 3316 5359 ob
3368 5316 3735 5359 conservatam

2138 5403 2305 5455 vitam
2361 5417 2555 5455 meam.
2608 5400 2709 5455 His
2743 5402 2919 5454 Aman
2970 5397 3201 5459 auditis,
3250 5395 3631 5466 perturbatus.
3677 5406 3736 5451 et

2136 5495 2325 5548 animo
2359 5503 2621 5560 aestuans,
2668 5503 2853 5549 tamen
2900 5492 3207 5563 egreditur,
3245 5506 3451 5560 equum
3483 5491 3731 5553 adducit,

2133 5594 2190 5640 et
2220 5601 2524 5657 purpuram
2552 5594 2719 5657 atque
2742 5597 3017 5655 torquem.
3051 5583 3301 5654 Cumque
3328 5583 3734 5640 Mardoclneum

1616 5675 1813 5737 Variae
1837 5677 2145 5739 lectiones
2191 5690 2253 5742 et
2290 5691 2484 5744 notae.

525 5784 636 5851 ita)
667 5781 908 5846 Πάντως
933 5780 1176 5851 ἐκείνῳ.
1193 5778 1332 5833 Cod.
1358 5777 1514 5833 Coll).
1543 5779 1752 5851 ἐκείνῃ.

527 5836 642 5925 {is}
670 5836 797 5907 ίΤών
826 5836 992 5905 ἰδίων
1031 5836 1311 5919 sepelietur
1342 5855 1411 5903 τὰ
1442 5836 1863 5917 -ὺπσμνήῇατα,
1913 5851 2028 5906 Vidi

2138 5853 2268 5905 loss.
2298 5849 2443 5906 med.
2475 5848 2694 5905 Grzecit.
2730 5849 2783 5904 iu
2813 5848 3197 5920 Ἀναμνὴσεις,

786 5955 1059 6010 Parnm“
1107 5950 1224 6007 Gtt.
1258 5948 1609 6011 CXXXIV.

3331 5943 3401 6001 11
