4092 6410
359 392 460 456 331
1644 385 1951 450 ΙΟΑΝΝΙΞ

2054 385 2333 448 υΝΑΗᾹΞ
3538 378 3649 441 332

350 516 481 564 ante
528 509 731 579 regiam
785 507 1090 565 invenisset
1127 522 1286 564 sacco
1324 506 1601 572 indutum,
1638 518 1937 577 purpuram

2054 501 2248 573 μένων,
2311 502 2513 574 εὑρέθη
2557 501 2800 573 μηνυῑῆξ
2836 500 3181 571 Μαρδοχαῖος
3230 497 3530 567 γενόμενος
3563 496 3644 551 τὼ

350 602 583 658 induere
617 601 797 672 jubet.
834 603 903 657 At
938 603 1052 668 ille,
1087 601 1352 666 Pessime,
1376 601 1580 671 inquit,
1614 599 1949 661 mortalium,

2054 591 2260 662 βασιλεῖ
2306 592 2608 663 ἐπιϐουλῆς
2644 593 2944 662 εὐνούχων.
3006 591 3324 661 Φράσαντος
3375 589 3432 642 δέ
3484 587 3654 644 τοῦτο

347 698 498 752 itane
545 698 736 752 nostris
780 697 939 751 malis
967 696 1243 752 insultas?
1273 695 1381 751 Sed
1408 709 1534 750 cum
1572 693 1941 749 intellexisset

2054 685 2213 754 μόνον
2236 685 2333 739 τοῦ
2365 684 2767 757 γραμματέως,
2816 684 2914 738 καὶ
2958 684 3299 756 μεταϐάντος
3326 683 3413 751 ἐφ’
3451 682 3653 754 ἑτέραν

347 801 414 841 ea
433 787 539 843 sibi
564 787 733 842 tribui
764 802 993 842 munera
1021 803 1051 843 a
1080 803 1230 859 rege,
1256 788 1417 858 cujus
1446 788 1637 847 vitam,
1674 782 1935 839 indicatis

2054 778 2269 849 πρᾶξιν,
2296 779 2534 848 ἐπέσχεν
2566 779 2596 831 6
2625 777 2902 849 βασιλεὺς,
2931 778 3242 847 πυθόμενος
3264 777 3314 829 εί
3337 775 3452 847 εχει
3478 775 3654 846 γέρας

352 879 741 935 cunuchorum
779 878 1018 946 insidiis,
1068 886 1808 948 conservassetzpurpuram
1853 875 1938 928 iu-

2054 870 2201 941 αὐτῷ
2234 869 2388 923 δοθὲν
2440 870 2971 941 ἀναγεγραμμένον.
3043 871 3134 934 Ὠς
3163 871 3210 923 δ’
3235 870 3441 941 ἤκουσε
3477 868 3651 939 μηδὲν

1644 385 1972 450 ΙΟΑΝΝΙΞ
2012 385 2333 448 ΖΟΝΑΗᾸΞ

236 982 261 991 ‘
352 970 495 1037 duit,
518 970 661 1026 collo
679 979 931 1041 torquem
961 970 1361 1033 accommodat,
1385 979 1440 1024 et
1460 982 1605 1038 equo
1632 979 1944 1022 conscenso

2054 955 2214 1026 εἶναι,
2255 961 2341 1023 τίς
2362 961 2421 1015 δέ
2455 961 2540 1033 εἴη
2573 961 2676 1032 τῆς
2709 961 2908 1025 νυκτὸς
2942 958 3064 1033 ὥρα
3095 962 3299 1032 ἦρετο;
3332 959 3542 1016 Μαθὼν
3569 959 3651 1019 δέ,

352 1063 558 1133 passim
583 1063 777 1121 urbem
800 1062 1019 1129 circuit,
1039 1062 1392 1134 przeccdcnte
1409 1062 1640 1125 Amane,
1660 1068 1717 1114 et
1734 1057 1947 1128 procla-

2055 1054 2130 1118 ὡς
2178 1053 2378 1126 ὄρθρος
2429 1054 2535 1127 ήδη
2587 1055 2771 1119 ἐστὶν,
2812 1054 3073 1108 ἐκέλευσε
3126 1055 3238 1109 τῶν
3291 1053 3466 1124 φίλων
3493 1053 3551 1107 ὃν
3584 1051 3654 1104 ἂν

360 1165 548 1211 mante
597 1172 613 1209 :
648 1153 738 1211 Sic
760 1156 1025 1211 honorare
1081 1172 1255 1227 regem
1278 1172 1395 1209 eum
1435 1170 1583 1225 quem
1611 1152 1819 1223 diligat.
1868 1149 1949 1204 Ita

2057 1147 2164 1216 πρὸ
2218 1147 2319 1217 τῆς
2374 1146 2547 1217 αὐλῆς
2604 1147 2866 1218 εὕρωσιν,
2909 1146 3212 1203 εἰσκαλεῖν.
3280 1145 3499 1217 Εὑρέθη
3542 1146 3654 1197 δέὸ
3718 1206 3723 1211 η

350 1249 733 1305 ﬂardochmus
765 1250 959 1304 urbem
988 1247 1420 1309 circumvectus,
1471 1245 1537 1300 ad
1559 1259 1746 1315 regem
1773 1241 1943 1297 redit.

2069 1238 2244 1307 ’Λμάν
2267 1238 2527 1310 ταχύνας.
2550 1242 2639 1292 ἵνα
2672 1240 2764 1292 τὸν
2783 1241 3133 1310 Μαρδοχαῖον
3150 1240 3469 1310 αἰτήσηται.
3501 1237 3654 1304 Κλη-

365 1348 512 1401 θέντι
538 1348 595 1402 δέ
619 1343 774 1402 εἶπεν
809 1350 837 1401 6
870 1347 1126 1418 βασιλεύς
1146 1364 1160 1378 ⁸
1194 1345 1668 1415 Συμόούλευσόν
1686 1358 1809 1411 μοι,
1861 1336 1988 1405 πῶς
2017 1335 2096 1391 ἂν
2127 1334 2446 1405 τιμήσαιμι
2474 1353 2610 1404 τινα
2670 1337 3074 1404 στεργόμενον
3108 1337 3207 1391 ὐπ’
3248 1334 3442 1404 ἐμοῦ;
3497 1334 3557 1386 Ὀ
3593 1332 3654 1387 δὲ

350 1441 738 1511 λογισάμενος,
775 1441 842 1511 ἢν
868 1439 935 1493 ἂν
961 1439 1037 1509 δῷ
1066 1441 1299 1509 γνώμην
1325 1437 1468 1507 ὑπὲρ
1515 1432 1714 1491 ἑαυτοῦ
1763 1432 1971 1499 ταύτην
2004 1427 2203 1483 δώσειν
2273 1427 2641 1499 (στέργεσθαι
2690 1428 2800 1499 γὰρ
2836 1429 3001 1481 αὐτὸν
3054 1428 3161 1483 ὑπὸ
3207 1425 3305 1482 τοῦ
3369 1425 3646 1498 βασιλέως

350 1534 465 1593 τῶν
492 1532 672 1586 ἄλλων
703 1530 970 1602 μᾶλλον),
1018 1532 1091 1585 El
1137 1530 1419 1595 βούλοιο,
1466 1518 1595 1599 ἐφη,
1630 1525 1850 1581 τοῦτον
1892 1522 2173 1588 δοξάσαι,
2232 1522 2499 1588 ποίησον
2545 1521 2639 1591 ἐφ’
2687 1522 2878 1577 ἵππου
2930 1518 3240 1588 βαδίζειν,
3274 1518 3394 1589 τὴν·
3453 1520 3654 1585 αὑτήν

290 1612 315 1633 ’
348 1644 448 1682 σοι
469 1623 701 1693 ἐσθῆτα
728 1623 1056 1695 φοροῦντα,
1094 1620 1195 1676 καὶ
1218 1620 1645 1691 περιαυχένιον
1666 1614 1946 1688 χρυσοῦν
1973 1612 2216 1682 ἔχοντα,
2257 1611 2359 1666 καί
2407 1614 2697 1681 προϊόντα
2727 1612 2849 1667 τῶν
2880 1612 3230 1682 ἀναγκαίων
3279 1626 3399 1665 σου
3442 1613 3645 1682 φίλων

346 1723 459 1775 ἕνα
488 1722 830 1791 κηρύσσειν
848 1720 924 1776 δι’
947 1722 1100 1791 ὅλης
1124 1718 1237 1790 τῆς
1266 1719 1523 1783 πόλεως,
1550 1714 1643 1769 ὅτι
1680 1711 1906 1777 Ταύτης
1931 1706 2215 1777 τυγχάνει
2244 1704 2352 1774 τῆς
2377 1706 2574 1775 τιμῆς,
2613 1708 2685 1761 ὃν
2708 1706 2784 1762 ἂν
2819 1708 3125 1774 ,βασιλεὺς
3153 1706 3402 1777 τιμήσῃ.
3434 1707 3655 1771 Ἡσθεὶς

346 1815 440 1869 οὖν
460 1818 525 1886 τῇ
558 1816 884 1889 παραινέσει
903 1817 932 1869 6
949 1812 1202 1885 βασιλεύς
1222 1828 1238 1843 ο
1274 1809 1693 1881 Ἐπιζήτησον,
1717 1803 1872 1876 φησὶ,
1901 1798 2281 1869 Μαρδοχαῖον
2297 1799 2404 1853 τόν
2438 1799 2757 1866 Ἰουδαῖον,
2778 1801 2880 1856 καί
2910 1800 3057 1868 δοὺς
3073 1800 3284 1865 ἐκείνῳ
3301 1800 3410 1855 τὸν
3431 1801 3650 1863 ἵππον,

348 1909 448 1962 καὶ
478 1908 595 1977 τὴν
615 1908 874 1978 στολὴν,
910 1906 1011 1962 καί
1046 1906 1155 1961 τὸν
1179 1904 1502 1974 στρεπτὸν,
1530 1899 1814 1970 προάγων
1863 1893 2053 1949 αὐτοῦ
2079 1891 2180 1947 καὶ
2217 1891 2476 1961 κήρυττε
2497 1909 2511 1922 ·
2545 1895 2627 1949 σὺ
2658 1892 2772 1964 γάρ
2804 1912 2906 1964 μοι
2934 1896 3116 1964 φΙλος
3144 1896 3647 1966 ἀναγκαιότατος.

356 2004 552 2059 Ταῦτα
583 2002 653 2055 δὲ
684 2002 847 2068 αὐτῷ
897 1999 1035 2070 παρ’
1082 1996 1229 2070 ἐμοῦ
1260 1998 1453 2060 ἔσται,
1509 1990 1783 2049 σώσαντὶ
1814 2005 1935 2059 μου
1976 1985 2091 2052 τὴν·
2129 1983 2362 2055 ψυχήν.
2405 1983 2626 2040 Τούτων
2693 1986 2938 2051 ἀκούσας
2987 1987 3284 2061 συνεχύθη,
3364 1989 3461 2043 καὶ
3507 1990 3650 2059 πλη-

348 2099 468 2165 γεὶς
496 2097 605 2151 ὑπὸ
630 2093 969 2168 ἀμηχανίας,
996 2094 1150 2164 ὅμως
1181 2090 1385 2156 ἔξεισιν
1409 2090 1559 2158 ἄγων
1610 2088 1703 2140 τον
1757 2084 1953 2143 ἵππον,
1993 2080 2090 2132 καὶ
2122 2078 2223 2148 τὴν
2283 2078 2601 2149 πορφύραν,
2653 2080 2748 2132 καὶ
2780 2080 2872 2133 τὸν
2908 2080 3199 2150 στρεπτόν.
3233 2080 3345 2133 Καὶ
3374 2082 3468 2138 τὸν
3497 2084 3647 2155 Μαρ-

348 2190 575 2262 δοχαῖον
622 2187 731 2259 πρὸ
784 2188 887 2257 τῆς
934 2186 1107 2256 αὐλῆς
1134 2183 1314 2256 εὑρὼν
1349 2181 1557 2237 σάκκον
1582 2174 1957 2247 ἐνδεδυμένον,
1990 2169 2647 2262 ἐκᾶευσενῌένδύσασθαι
2713 2171 2814 2240 τὴν
2852 2172 3165 2243 πορφύραν.
3244 2171 3306 2228 '0
3340 2173 3419 2238 δέ,
3462 2177 3644 2232 Κάκι-

350 2259 483 2350 me,
533 2276 708 2347 εἷπεν,
737 2276 1088 2347 ἀνθρώπων,
1117 2276 1307 2343 οὕτως
1333 2271 1505 2345 ἡμῶν
1542 2269 1673 2336 ταῖς
1702 2263 2046 2337 συμφοραῖς
2082 2259 2381 2331 ἐγγελᾷςς
2410 2261 2581 2327 Γνοὺς
2607 2262 2689 2326 δὲ,
2717 2263 2794 2327 ὡς
2824 2266 2998 2334 γέρας
3024 2263 3172 2335 αύτῷ
3198 2264 3372 2321 ταῦτα
3406 2268 3527 2323 ἀντὶ
3551 2272 3652 2342 τῆς

352 2377 627 2446 σωτηρίας
650 2373 929 2446 παρέσχεν
950 2375 978 2426 ὁ
1005 2371 1286 2442 βασιλεὺς,
1313 2367 1618 2440 μηνύσαντι
1649 2364 1750 2434 τὴν
1772 2360 1880 2415 τῶν
1910 2356 2196 2446 εὐνούχων
2215 2355 2536 2423 ἐπιϐουλὴν,
2561 2355 2810 2411 ἐνδύεται
2834 2357 2937 2427 τὴν
2971 2356 3284 2429 πορφύραν,
3315 2360 3413 2413 καὶ
3433 2364 3648 2431 περιτί-

352 2444 586 2524 θεταιήτδ
621 2444 1024 2537 περιαυχένιον,
1060 2463 1156 2517 καὶ
1188 2461 1386 2525 ἐπιϐὰς
1404 2460 1494 2514 τὸν
1516 2459 1707 2521 ἵππον,
1741 2456 1800 2508 ἐν
1824 2444 2260 2537 κύκλῳᾷπεριῄει
2286 2446 2386 2515 τὴν
2407 2446 2584 2512 πόλιν,
2618 2447 2902 2537 προϊόντος
2925 2447 3106 2518 Ἀμάν
3125 2450 3222 2504 καὶ
3246 2450 3650 2521 κηρύσσοντος,

349 2564 433 2617 ὃτι
466 2561 666 2626 Οὕτως
697 2535 848 2628 τιμᾷ
868 2555 1173 2623 ,ϐασιλεὺς
1203 2553 1278 2609 ὃν
1321 2553 1402 2608 ἂν
1434 2549 1684 2619 στέρξῃ.
1738 2548 1798 2600 '0
1831 2544 1931 2615 μὲν
1981 2535 2075 2594 οὖν
2107 2540 2208 2609 τὴν
2242 2537 2395 2591 πόλιν
2434 2536 2762 2609 περιελθὼν,
2794 2538 2933 2612 πρὸς
2962 2541 3056 2596 τὸν
3085 2537 3318 2610 βασιλέα
3345 2542 3651 2620 ἐπάνεισιν.

424 2652 535 2710 νιι.
574 2655 820 2706 Amanus
875 2664 1010 2703 vero
1075 2646 1302 2702 domum
1354 2655 1646 2714 regressus
1677 2678 1692 2703 ,
1756 2648 1944 2692 casum

2121 2630 2196 2682 Z'.
2248 2629 2424 2696 Ἀμὰν
2459 2629 2515 2681 δέ
2541 2628 2683 2682 οἴκοι
2712 2630 3053 2701 ὑπέστρεψε,
3092 2632 3190 2684 καὶ
3233 2632 3303 2688 τὰ
3358 2636 3652 2704 συμϐάντα

354 2749 507 2803 illum
536 2746 760 2816 plorans
792 2742 949 2798 uxori
984 2740 1236 2811 exponit.
1277 2740 1493 2793 Interea
1514 2734 1747 2790 veniunt
1772 2743 1951 2785 eunu-

353 2841 444 2895 chi
483 2840 550 2893 ab
596 2836 865 2899 Esthera,
900 2834 992 2904 qui
1025 2834 1287 2888 Amanem
1334 2843 1568 2901 propere
1616 2825 1684 2881 ad
1738 2835 1951 2879 caenam

352 2937 434 2991 ire
479 2933 698 3004 jubent.
747 2929 994 2996 Quorum
1044 2940 1187 2981 unus
1245 2938 1412 2978 cruce
1466 2920 1520 2974 in
1575 2919 1696 2991 ejus
1743 2913 1955 2970 aedibus

351 3028 467 3083 visa
490 3068 504 3092 ,
554 3039 681 3080 cum
717 3038 747 3078 e
781 3021 985 3076 famulo
1021 3018 1341 3078 didicisset,
1366 3030 1487 3069 eam
1534 3012 1605 3094 ab
1645 3012 1854 3063 Amane
1884 3005 1951 3059 ad

355 3117 685 3175 Μαι-ἀθοθωί
721 3113 1087 3184 supplicium,
1120 3124 1284 3181 quem
1321 3122 1352 3162 a
1400 3120 1530 3176 rege
1573 3102 1954 3173 postulaturus

358 3221 538 3275 esset,
576 3217 823 3281 paratam
878 3220 1044 3260 esse:
1084 3212 1199 3258 tum
1233 3200 1457 3272 quidem
1507 3196 1642 3252 abit.
1685 3191 1953 3250 Convivia

366 3320 499 3357 vero
551 3317 722 3372 prope
780 3298 958 3362 (inito,
991 3312 1084 3351 rex
1127 3294 1311 3350 dicere
1337 3290 1495 3363 jubet
1539 3288 1786 3358 reginam
1817 3282 1951 3353 quid

355 3396 535 3452 velit?
589 3395 657 3448 At
689 3393 779 3446 illa
808 3391 987 3462 gentis
1017 3403 1132 3444 suae
1160 3386 1447 3445 interitum
1477 3380 1729 3451 deplorat
1754 3421 1768 3444 ,
1798 3391 1950 3430 sese-

357 3505 465 3561 que
514 3502 621 3541 una
676 3501 801 3540 cum
847 3484 936 3537 illa
989 3480 1159 3535 exitio
1189 3477 1519 3532 destinatam
1564 3485 1686 3526 esse
1739 3466 1949 3527 refert,

358 3597 536 3651 caque
566 3579 830 3635 Amanem
866 3574 1110 3646 petiisse.
1143 3570 1227 3626 Ob
1266 3583 1389 3639 qua:
1420 3582 1513 3620 rex
1551 3561 1909 3634 perturbatus
1934 3597 1950 3620 ,

357 3692 391 3731 e
448 3672 702 3728 convivio
767 3683 825 3724 se
885 3665 1142 3738 proripit.
1207 3664 1378 3716 Aman
1440 3658 1729 3712 Estheram
1785 3662 1949 3717 orat,

360 3780 603 3836 cumque
632 3763 687 3818 in
724 3761 928 3818 lectum
960 3757 1250 3829 prolapsus
1281 3761 1425 3809 esse'
1453 3792 1466 3815 ,
1504 3750 1709 3820 reginae
1737 3745 1952 3816 suppli-

360 3874 493 3915 caus
519 3896 533 3919 ,
580 3871 678 3911 rex
722 3854 1051 3925 ingressus:
1081 3847 1314 3906 Pessime
1337 3887 1353 3912 ,
1395 3843 1599 3915 inquit,
1641 3841 1803 3896 etiam
1839 3840 1948 3893 vim

356 3950 516 4004 uxori
567 3959 697 4000 mea
737 3944 936 4007 inferre
975 3937 1189 4013 paras?
1228 3934 1353 3991 Mox
1388 3930 1680 3988 eunuchus
1726 3942 1948 3999 quoque

360 4039 553 4100 adest,
586 4045 643 4089 et
673 4035 743 4089 de
778 4047 943 4089 cruce
975 4029 1178 4094 refert,
1210 4039 1376 4097 quam
1402 4024 1459 4078 in
1488 4021 1712 4078 Amanis
1734 4019 1949 4075 edibus

362 4128 703 4183 Mardochzeo
751 4131 992 4193 paratam
1038 4120 1272 4176 viderat.
1316 4118 1433 4172 Rex
1458 4129 1591 4170 vero
1622 4115 1887 4167 Amancm
1918 4123 1951 4164 e

359 4218 594 4288 vestigio
623 4217 690 4271 de
733 4231 797 4269 ea
848 4209 1292 4283 suspendijubet
1321 4227 1335 4262 :
1362 4208 1548 4278 itaque
1604 4203 1696 4261 ille
1738 4201 1949 4274 periit,

360 4323 417 4367 et
440 4325 572 4380 opes
600 4309 720 4378 ejus
760 4305 962 4374 reginae
995 4304 1187 4357 donat.
1246 4299 1589 4371 Cognitaque
1619 4293 1949 4366 cognatione

362 4399 690 4454 Mardocluul
723 4406 779 4452 et
811 4394 1089 4459 Estheraa,
1121 4407 1249 4447 eum
1277 4390 1572 4453 annulum,
1603 4400 1768 4456 quem
1799 4388 1954 4461 prius

362 4497 538 4548 Aman
568 4490 871 4553 habuerat,
896 4487 950 4544 ei
985 4486 1098 4542 dat.
1151 4484 1337 4538 Eidem
1363 4492 1423 4537 et
1448 4481 1634 4552 regina
1663 4478 1953 4535 facultates

364 4584 593 4639 Amauis
639 4581 892 4652 largitur,
940 4586 998 4632 ct
1036 4590 1220 4647 regem
1267 4582 1427 4638 orat,
1481 4583 1544 4629 ut
1591 4570 1950 4626 Hebraeorum

362 4680 582 4744 gentem
643 4669 889 4741 periculo
953 4667 1175 4722 liberet.
1236 4663 1376 4719 Tum
1432 4663 1522 4718 ille
1576 4677 1678 4717 suo
1727 4662 1952 4716 nomine

362 4781 484 4821 eam
531 4764 775 4819 scribere
829 4759 1119 4831 permisit,
1167 4755 1437 4828 quidquid
1518 4754 1670 4810 velit.
1731 4754 1953 4809 Litterae

365 4873 536 4931 porro
589 4856 706 4911 haec
738 4854 1095 4908 continebant
1145 4868 1158 4905 :
1209 4853 1474 4904 Amauem
1525 4848 1685 4917 182
1745 4857 1806 4901 ut
1850 4850 1951 4902 im-

366 4947 601 5020 probum
650 4955 707 5000 et
761 4945 1037 5015 ingratum
1102 4943 1464 5003 accusabant,
1517 4940 1667 5008 quod
1719 4939 1954 4994 insontis

366 5040 555 5112 populi
590 5039 818 5094 exitium
866 5035 1219 5107 postulasset.
1269 5031 1673 5087 Mardocbacum
1702 5042 1952 5085 serrato-

365 5149 483 5189 rem
558 5131 940 5189 nominabant.
1008 5127 1229 5185 Judazos
1291 5125 1681 5191 celebrabant,
1743 5134 1804 5178 ut
1856 5123 1952 5193 qui

366 5225 572 5291 Optima
603 5223 925 5296 reipublicae
948 5220 1121 5276 forma
1147 5226 1469 5284 uterentur,
1500 5226 1557 5272 ct
1588 5215 1758 5273 Deum
1801 5215 1952 5272 cole-

1976 3980 2023 4042 C

2060 2722 2263 2774 κλαίων
2313 2722 2382 2792 τῇ
2420 2721 2645 2789 γυναικὶ
2706 2721 2972 2792 διηγεῖτο.
3016 2723 3110 2778 Ἐν
3154 2723 3369 2791 τούτοις
3418 2722 3556 2800 ἧκον
3586 2733 3651 2785 ἐκ

2056 2816 2156 2884 τῆς
2198 2814 2404 2885 Ἐσθὴρ
2465 2814 2740 2886 εὐνοῦχοι,
2791 2818 2887 2870 ἐπὶ
2934 2817 2996 2871 τὺ
3053 2818 3274 2874 δεῖπνον
3323 2822 3651 2895 τὸν-Ἀμὰν

2056 2907 2499 2972 ἐπισπεύδοντες.
2545 2903 2641 2971 Εἲς
2673 2909 2731 2965 δέ
2762 2910 2977 2965 τούτων
3013 2912 3141 2966 ίδὼν
3179 2912 3273 2967 τὸν
3320 2917 3558 2988 σταυρὸν
3589 2923 3649 2972 ἐν

2056 3004 2120 3070 τῇ
2154 3000 2303 3072 οἰκίᾳ
2338 3001 2530 3066 αὐτοῦ,
2566 3004 2661 3055 καὶ
2715 3003 2905 3073 μαθὼν
2934 3005 3092 3076 παρά
3121 3024 3216 3060 του
3249 3008 3359 3060 τῶν
3391 3010 3645 3073 οἰκετῶν,

2056 3092 2130 3145 ὡς
2162 3094 2254 3145 ἐπὶ
2278 3094 2627 3163 Μαρδοχαῖον
2648 3094 2839 3150 τοῦτον
2858 3097 3167 3169 ἡτοίμασαν
3211 3100 3346 3168 πρὸς
3371 3102 3648 3173 τιμωρίαν

2030 3187 2520 3255 ἀἰττιθησὸμ.ενον,
2551 3189 2672 3241 τότε
2704 3188 2804 3258 μὲν
2834 3189 3103 3257 ἀπῆλθεν.
3149 3192 3241 3253 Ὠς
3294 3191 3340 3245 δ’
3375 3195 3408 3263 ﬂ
3441 3195 3645 3264 εὐωχία

2057 3278 2195 3345 πρὸς
2221 3279 2374 3342 τέλος
2405 3274 2497 3351 ἦν,
2526 3279 2800 3349 ἐπέτρεπε
2818 3284 2884 3352 τῇ
2910 3281 3206 3355 βασιλίσσῃ
3232 3283 3413 3352 λέγειν
3437 3288 3464 3340 6
3487 3286 3647 3357 βασι-

2054 3368 2180 3432 λεὺς
2222 3370 2345 3438 τίνα
2384 3375 2563 3437 αἰτεῖς
2603 3373 2668 3426 Ἦ
2691 3362 2746 3426 δέ
2777 3374 2868 3426 τὸν
2906 3373 3001 3427 τοῦ
3032 3374 3166 3428 λαοῦ
3201 3376 3451 3431 κίνδυνον
3496 3381 3648 3433 ἀπω-

2054 3462 2274 3533 δύρετο,
2312 3465 2407 3518 καὶ
2440 3464 2583 3534 μετὰ
2612 3463 2708 3518 τοῦ
2744 3466 2937 3530 ἔθνους
2972 3466 3163 3537 ἔλεγεν
3198 3467 3519 3525 ἐκδεδόσθαι
3552 3473 3647 3524 καὶ

2053 3556 2191 3625 αὐτὴ
2218 3556 2357 3626 πρὸς
2391 3555 2701 3621 ἀπώλειαν,
2738 3557 2836 3610 καὶ
2868 3557 2958 3611 τὸν
3000 3558 3176 3627 Ἀμαν
3224 3559 3405 3613 ταῦτα
3431 3560 3643 3631 ἐπῆγεν

2054 3646 2406 3715 αἰτήσασθαι.
2444 3646 2830 3718 Ταραχθέντος
2863 3648 2921 3700 δέ
2968 3650 3108 3719 πρὸς
3156 3649 3319 3703 τοῦτο
3356 3651 3452 3704 τοῦ
3484 3652 3645 3721 βασι-

2052 3739 2211 3805 λέως,
2245 3741 2338 3793 καὶ
2360 3740 2810 3810 ἐκπεπηδηκότος
2835 3741 2922 3795 τοῦ
2954 3743 3288 3812 συμποσίου,
3318 3744 3418 3814 τῆς
3441 3742 3645 3817 Ἐσθὴρ

2052 3831 2081 3883 6
2116 3832 2291 3900 ’Δμὰν
2320 3832 2518 3897 ἐδέετο,
2573 3835 2670 3886 καὶ
2698 3834 2792 3886 ἐπὶ
2850 3836 2952 3905 τῆς
3000 3837 3189 3908 κλίνης
3238 3838 3501 3904 πεσόντος
3549 3841 3642 3892 καὶ

2056 3923 2395 3986 ἱκετεύοντος
2468 3923 2571 3995 τὴν
2626 3924 2977 3995 βασίλισσαν,
3026 3928 3362 3983 ἐπεισελθὼν
3415 3932 3444 3985 6
3490 3931 3641 4002 βασι-

2054 4014 2212 4081 λεὺς,
2250 4008 2325 4069 Ὦ
2352 4015 2623 4082 κάκιστε,
2681 4012 2825 4083 εἷπε,
2860 4018 2958 4072 καί
2988 4018 3308 4084 βιάζεσθαι
3359 4040 3480 4092 μου
3529 4023 3644 4091 τὴν

2052 4107 2309 4177 γυναῖκα
2353 4108 2714 4177 ἐπιχειρεῖς;
2761 4110 2851 4163 Ἐν
2889 4112 3107 4175 τούτοις
3165 4113 3360 4184 παρὼν
3394 4118 3421 4168 6
3453 4115 3642 4168 εὐνοῦ-

2052 4217 2169 4272 χος,
2208 4204 2338 4275 περὶ
2363 4201 2460 4256 τοῦ
2496 4202 2757 4276 σταυροῦ,
2792 4199 2971 4271 εἶπεν,
3005 4204 3064 4259 ὃν
3110 4200 3249 4259 εἶδεν
3280 4205 3372 4259 ἐπὶ
3426 4204 3645 4276 Μαρδο-

2053 4297 2206 4365 χαῖον
2242 4296 2670 4366 ήτοιμασμένον.
2707 4296 2815 4350 Καὶ
2844 4299 2871 4349 6
2905 4295 3166 4366 βασιλεὺς
3192 4297 3397 4350 αὐτίκα
3427 4297 3641 4350 κελεύει

2055 4385 2143 4439 τὸν
2189 4385 2364 4455 ’Δμάν
2397 4385 2486 4438 ἐπ’
2518 4386 2733 4442 ἐκείνου
2786 4387 2882 4441 τοῦ
2935 4387 3176 4458 σταυροῦ
3228 4389 3637 4458 κρεμασθῆναι.

2053 4478 2163 4529 Καὶ
2194 4479 2222 4532 ὁ
2257 4478 2359 4547 μὲν
2393 4475 2569 4541 οὕτως
2599 4480 2873 4547 ἀπώλετο,
2900 4481 3001 4551 τὴν
3031 4481 3087 4534 δὲ
3111 4480 3305 4534 οὐσίαν
3337 4480 3506 4536 αὑτοῦ
3536 4481 3638 4534 δώ-

2057 4589 2150 4643 ρον
2173 4571 2407 4641 ἔσχηκεν
2433 4573 2466 4641 ἡ
2500 4572 2814 4643 βασίλισσα.
2851 4576 3015 4639 Γνοὺς
3048 4575 3107 4629 δὲ
3128 4575 3227 4647 τὴν
3260 4576 3401 4647 πρὸς
3437 4576 3645 4645 ἘΟ-θὴρ

2052 4664 2149 4715 τοῦ
2209 4664 2562 4735 Μαρδοχαίου
2605 4666 2931 4734 συγγένειαν
3005 4669 3033 4720 6
3084 4666 3364 4737 βασιλεὺς,
3424 4668 3643 4722 δίδωσιν

2055 4753 2204 4824 αὐτῷ
2234 4753 2326 4807 τὸν
2349 4755 2665 4822 δακτύλιον,
2699 4755 2760 4809 ὃν
2791 4757 2961 4811 ἔδωκε
3002 4765 3135 4829 πρὶν
3176 4760 3253 4828 τῷ
3296 4759 3492 4829 Ἀμάν.
3536 4762 3641 4813 Καὶ

2052 4850 2087 4920 ἡ
2145 4846 2432 4918 βασίλισσα
2498 4849 2598 4919 τὴν
2661 4850 2874 4904 ἐκείνου
2923 4854 3120 4921 κτῆσιν
3173 4851 3250 4921 τῷ
3312 4853 3643 4923 Μαρδοχαίῳ

2055 4943 2351 5012 παρέχετο,
2403 4942 2497 4996 καὶ
2541 4942 2639 4998 τοῦ
2717 4945 2970 4998 κινδύνου
3047 4945 3360 5010 ἀπαλλάξαι
3411 4949 3473 5000 τὸ
3532 4947 3641 4999 τῶν

2083 5028 2334 5099 Εὸραίων
2365 5029 2517 5094 ἔθνος
2559 5028 2653 5084 τοῦ
2694 5030 2963 5102 βασιλέως
2993 5033 3195 5089 ἐδέετο.
3257 5034 3367 5087 Καὶ
3401 5034 3461 5099 ὃς
3503 5041 3640 5109 γρά-

2055 5133 2177 5186 φειν
2205 5118 2242 5174 ἃ
2269 5118 2527 5189 βούλεται
2565 5122 2625 5189 ἐξ
2658 5123 2929 5193 ὀνόματος
2962 5124 3132 5179 αὐτοῦ
3161 5125 3337 5196 ἐφῆκε
3382 5127 3516 5198 περὶ
3543 5127 3641 5180 τοῦ

2055 5210 2262 5276 ἔθνους.
2299 5213 2383 5266 Τὰ
2441 5214 2498 5267 δέ
2545 5217 2834 5287 γραφέντα
2878 5213 3021 5290 ἦσαν
3073 5218 3324 5273 τοιαῦτα·
3375 5220 3481 5273 Τοῦ
3544 5221 3641 5291 μὲν

366 5330 490 5371 rem.
524 5336 535 5369 :
566 5331 744 5385 neque
772 5313 1042 5385 supplicio
1067 5319 1279 5366 tantum
1303 5309 1371 5364 ab
1407 5310 1615 5362 Amatne
1643 5315 1949 5378 praeparato

2068 5306 2239 5376 Ἀμάν
2270 5309 2640 5380 κατηγόρουν,
2671 5308 2746 5373 ὡς
2773 5311 3020 5383 πονηροῦ
3053 5314 3147 5366 καὶ
3174 5313 3521 5382 ἀγνώμονος,
3548 5317 3637 5367 καὶ

363 5423 463 5465 eos
492 5409 805 5464 liberabant
826 5450 838 5467 .
871 5406 969 5462 sed
1011 5414 1068 5462 ct
1118 5405 1332 5459 honore
1364 5401 1703 5467 adiciebant,
1733 5412 1789 5456 et
1831 5402 1948 5458 suis

363 5499 579 5570 legibus
631 5508 822 5567 pacate
876 5499 1067 5553 vivere
1126 5496 1434 5553 sinebant:
1480 5495 1603 5550 data
1649 5503 1955 5565 potestate,

367 5602 430 5646 ut
473 5607 570 5645 xm
616 5593 707 5646 die
748 5592 956 5647 mensis
995 5606 1067 5646 xu
1098 5588 1192 5660 qui
1236 5596 1321 5644 est
1360 5587 1528 5652 Adar,
1555 5587 1958 5643 ulciscerentur

365 5694 463 5736 eos
494 5697 523 5735 a
560 5683 764 5751 quibus
786 5682 899 5737 laesi
931 5690 1134 5737 essent.
1175 5679 1611 5749 Maudabantque
1641 5681 1954 5749 provincia-

367 5787 489 5827 rum
516 5774 774 5844 satrapis,
807 5784 867 5828 ut
888 5776 971 5828 eis
996 5774 1316 5844 adiumento
1350 5783 1556 5837 essent,
1585 5772 1652 5827 ad
1680 5773 1955 5826 ulciscen-

367 5860 467 5916 dos
508 5862 782 5919 inimicos.
831 5862 1105 5918 Castorum
1136 5862 1354 5916 Susiani
1384 5862 1554 5917 Judaei
1581 5901 1595 5924 ,
1621 5860 1949 5917 Mardocbaei

2056 5401 2426 5470 αἰτησαμένου
2458 5398 2646 5465 ἔθνους
2696 5401 2998 5468 ἀπώλειαν,
3045 5404 3214 5476 μηδὲν
3250 5405 3638 5474 ἀδικήσαντος.

2052 5493 2157 5545 Τὸν
2185 5493 2241 5546 δέ
2288 5510 2352 5563 γε
2394 5494 2741 5566 Μαρδοχαῖον
2803 5497 3028 5568 σωτῆρα
3072 5497 3325 5564 ἐκάλουν,
3370 5501 3465 5551 καὶ
3516 5499 3639 5561 τοὺς

2062 5588 2350 5653 Ἰουδκίους
2384 5589 2475 5642 τὸν
2506 5589 2728 5659 ἄριστον
2784 5574 3243 5660 πολιτευομένους
3291 5592 3513 5663 τρόπον,
3547 5592 3637 5644 καὶ

2048 5679 2141 5731 τὸν
2170 5681 2306 5733 Θεὸν
2340 5681 2695 5752 σεϐομένους·
2731 5684 2826 5737 καὶ
2847 5684 2908 5736 οὐ
2948 5683 3113 5753 μόνον
3144 5684 3286 5753 σφᾶς
3318 5685 3418 5752 τῆς
3460 5702 3636 5753 τιμω-

2052 5771 2174 5842 ρίας
2217 5773 2456 5827 ἀπέλυον
2503 5776 2585 5838 εἰς
2629 5776 2699 5844 ἥν
2733 5777 2762 5829 6
2829 5776 3006 5846 ’Λμάν
3045 5777 3247 5837 αὐτοὺς
3307 5776 3637 5849 ἐξῃτήσατο,

2050 5864 2188 5919 ἀλλὰ
2211 5866 2307 5921 καὶ
2352 5867 2522 5934 τιμῆς
2562 5868 2772 5934 ἠξίουν,
2811 5868 2908 5923 καὶ
2946 5870 3061 5932 τοῖς
3093 5868 3246 5932 ἰδίοις
3273 5868 3459 5932 νόμοις
3497 5887 3636 5931 ϊμιιι-
