4092 6418
458 445 570 511 333

1745 437 2149 500 ANNALiUM
2194 439 2340 502 LIB.
2387 443 2486 503 IV.
3628 444 3723 499 "1!,

467 553 692 618 μένους,
749 550 852 621 ζῇν
891 551 1010 618 μετ’
1058 550 1284 621 εἰρήνης
1324 549 1632 620 ἐπέτρεπον
1661 569 1674 582 ο
1725 551 1819 603 καὶ
1856 551 2037 604 ὲδίδουε

2163 561 2364 606 eventu
2419 552 2661 622 cognito,
2710 553 3028 609 felicitatem
3094 570 3214 608 eam
3277 554 3557 624 publicam
3617 570 3731 608 vss-.-

460 641 770 711 ἀμύνεσθαι
795 644 859 712 τῇ
893 642 1330 713 τρισκαιδεκάτῃ
1357 644 1544 714 ἡμέρᾳ
1604 642 1698 696 τοῦ
1738 642 2046 696 δωδεκάτου

464 733 656 803 μηνὸς,
701 734 757 795 ὃς
789 735 938 786 ἐστιν
989 734 1184 802 Ἄδαρ,
1248 741 1378 796 τους
1418 734 1619 796 αὐτοὺς
1653 734 2045 802 ἀδικήσαντας.

463 827 574 880 Καὶ
604 831 718 890 τοῖς
763 829 875 880 τῶν
911 830 1112 898 χωρῶν
1162 831 1476 899 σατράπαις
1528 829 1786 882 ἐκέλευον
1828 828 2048 897 βοηθεῖν

461 919 666 982 αὐτοῖς,
709 918 797 971 ἴνα
829 921 958 984 τοὺς
1016 921 1247 992 ἐχθροὺς
1312 921 1769 990 μετελεύσωνται.
1805 921 1868 975 Οἱ
1907 921 1962 974 δὲ
1991 923 2049 974 ἐν

461 1009 681 1073 Σούσοις
727 1010 972 1064 Ἰουδαῖοι
1002 1013 1072 1065 τά
1112 1014 1254 1066 κατὰ
1283 1013 1375 1066 τὸν
1415 1014 1767 1084 Μαρδοχαῖον
1802 1013 2048 1080 γνόντες,

461 1099 642 1167 κοινὴν
677 1099 777 1169 τὴν
807 1100 1120 1172 εὐπραγίαν
1151 1103 1453 1172 ἡγήσαντο,
1480 1106 1574 1156 καὶ
1601 1104 1744 1157 κατὰ
1777 1103 1876 1173 τὴν
1898 1121 2050 1170 τρισ-

460 1191 790 1262 καιδεκάτην
819 1192 916 1244 τοῦ
954 1193 1127 1264 Ἀδαρ
1167 1195 1360 1264 μηνὸς,
1414 1195 1474 1257 ὃς
1530 1195 1674 1248 κατὰ
1722 1195 2048 1257 Μακεδόνας

460 1281 697 1352 Δύστρος
723 1283 1064 1353 ὠνόμασται,
1092 1287 1144 1338 οἴ
1170 1302 1228 1338 τε
1257 1288 1315 1338 ὲν
1359 1286 1583 1347 Σούσοις
1631 1287 1881 1340 Ἰουδαῖοι
1916 1286 2047 1356 περὶ

457 1375 855 1439 πεντακοσίους
903 1378 1239 1430 ἀπέκτειναν
1300 1379 1412 1432 τῶν
1469 1378 1703 1449 ἐχθρῶν,
1738 1381 1837 1433 καὶ
1883 1382 1932 1433 οἱ
1987 1383 2046 1432 ἐν

455 1468 577 1529 ταῖς
611 1466 807 1530 ἄλλαις
838 1467 1028 1521 πόλεσι
1071 1487 1131 1522 τε.
1167 1473 1260 1522 καὶ
1313 1470 1522 1540 χώραις
1577 1472 2046 1542 ἑπτακισμυρίους

459 1557 934 1626 πεντακισχιλίους
955 1559 1263 1614 ἀπώλεσαν.
1285 1564 1347 1614 υἱ
1372 1561 1416 1614 δ’
1435 1564 1493 1614 ἐν
1513 1562 1734 1626 Σούσοις
1757 1565 1851 1615 καί
1868 1567 1931 1632 τῇ
1952 1565 2048 1617 καὶ

456 1648 584 1715 ἑξῆς
617 1649 806 1720 ἡμέρᾳ
850 1652 1206 1719 τριακοσίους
1247 1652 1594 1724 διέφθειραν,
1630 1654 1789 1706 τοῦτο
1815 1659 2018 1724 αἱτησα

460 1740 630 1809 μένης
677 1741 901 1813 Ἐσθῆρ’
933 1743 1030 1796 καὶ
1053 1745 1106 1797 οἱ
1154 1745 1288 1796 δέκα
1319 1744 1416 1797 τοῦ
1467 1746 1641 1814 Ἀμὰν
1693 1746 1883 1809 παῖδες
1915 1752 2041 1798 τινε-

459 1831 884 1902 σταυρὼθησαν,
919 1839 1298 1907 χαρισαμένου
1324 1839 1415 1890 καὶ
1448 1839 1608 1892 τοῦτο
1645 1839 1739 1892 τοῦ
1773 1839 2038 1910 βασιλέως

457 1924 618 1994 αὐτῇ.
656 1924 768 1992 Τὴν
796 1925 854 1979 δὲ
889 1930 1499 1999 τεσσαρεσκαιδεκάτην
1523 1933 1617 1983 τοῦ
1647 1931 1815 2002 μηνὸς
1846 1933 2038 2004 ἑορτά-

457 2033 618 2085 σιμον
653 2018 714 2072 τὸ
750 2019 906 2083 ἐθνος
945 2019 1094 2075 ἂπαν
1125 2023 1375 2091 ἐποίησε,
1421 2025 1514 2076 καὶ
1555 2023 1744 2078 ἔκτοτε
1771 2023 1871 2087 τὰς
1903 2025 2037 2094 ἠμέ-

457 2127 560 2179 ρας
592 2113 686 2164 καὶ
710 2112 877 2181 ἄμφω
903 2113 1246 2184 ἑορτάζουσι,
1278 2117 1586 2187 Φρουραίας
1615 2120 1821 2181 ταύτας
1868 2136 2038 2187 προσ-

455 2204 839 2273 αγορεύοντες.
912 2206 972 2258 '0
1022 2206 1078 2259 δὲ
1115 2208 1462 2278 Μαρδοχαῖος
1515 2210 1692 2279 μέγας
1726 2228 1784 2264 τε
1819 2206 1912 2281 ἦν,
1945 2213 2040 2264 καὶ

457 2291 732 2346 συνδιείπε
762 2294 841 2364 τῷ
869 2294 1080 2364 βασιλεῖ
1103 2295 1201 2366 τὴν
1232 2297 1431 2368 ἀρχήν.
1477 2299 1590 2369 Τῆς
1614 2299 1658 2352 δ’
1692 2300 2037 2372 ἀρχιερωσὺο

456 2401 554 2452 νης
587 2387 667 2448 εἰς
704 2386 960 2441 Ἰωάνναν
1013 2389 1440 2461 μεταπεσούσης
1479 2394 1574 2445 τὸν
1619 2395 1733 2446 υἱὸν
1777 2393 1978 2457 Ἰωδαὲ,
2011 2397 2039 2448 ό

453 2473 680 2545 ἀδελφὸς
702 2477 870 2531 αὑτοῦ
922 2479 1132 2549 Ἰησοῦς
1167 2481 1319 2550 φίλος
1343 2481 1420 2534 ὢν
1446 2483 1651 2552 Βαγὼα
1681 2485 1772 2538 τοῦ
1802 2503 2039 2557 στρατη-

454 2566 557 2636 γοῦ
592 2569 688 2638 τῆς
710 2566 1076 2640 Ἀρταξέρξου
1118 2571 1426 2643 δυνάμεως,
1461 2575 1758 2646 ὑπόσχεσιν
1779 2575 1901 2646 ἔσχε
1938 2580 2037 2646 τὴν

453 2659 872 2731 ἀρχιερωσύνην
904 2661 1114 2716 λαϐεῖν.
1154 2663 1257 2718 Διὰ
1306 2664 1516 2736 ταύτην
1545 2666 1678 2735 γοῦν
1707 2669 1807 2740 τὴν
1854 2671 2036 2724 αἰτίαν

450 2753 482 2806 ὀ
534 2754 794 2818 Ἰωάννας
852 2754 1237 2827 παροξυνθεὶς,
1283 2759 1343 2810 ἐν
1395 2759 1475 2830 τῷ
1541 2760 1655 2832 ναῷ
1706 2762 1888 2816 ἀνεῖλε
1941 2762 2036 2816 τὸν

453 2843 705 2914 ἀδελφόν.
742 2847 852 2900 Καὶ
880 2850 908 2901 ό
941 2848 1174 2918 Βαγώας
1205 2849 1367 2914 εὐθὺς
1401 2852 1652 2919 ἐπιστὰς,
1677 2854 1758 2916 είς
1786 2854 1881 2907 τὸν
1908 2857 2036 2910 ναόν

451 2952 513 2989 τε
543 2937 816 3008 εἰσῆλθεν,
871 2938 1064 3005 εἰπὼν,
1115 2939 1190 3004 ὡς
1243 2942 1315 2996 Ei
1353 2945 1408 2996 οι
1434 2943 1541 2996 τὸν
1588 2945 1784 3013 φόνον
1828 2945 1900 2999 ἐν
1956 2947 2036 3013 τῷ

450 3028 577 3094 ναῷ
630 3031 1069 3100 τολμήσαντες,
1119 3033 1496 3102 εἰσέρχονται
1535 3035 1606 3088 ἐν
1651 3036 1834 3102 αὐτῷ.
1875 3039 2036 3108 κάγὼ

449 3121 874 3192 εὶσελεύσομαι
902 3123 1309 3192 καθαρώτερος
1339 3127 1658 3195 τυγχάνων
1679 3127 1901 3182 αὐτῶν.
1927 3132 2035 3183 Καὶ

448 3213 539 3266 ἐπ’
569 3213 746 3267 ἔτεσιν
768 3215 907 3269 ἑπτὰ
929 3217 1056 3280 τοὺς
1078 3217 1368 3282 Ἰουδαίους
1386 3220 1658 3274 ἐκάκωσε.
1683 3221 1790 3274 Τοῦ
1809 3221 2034 3277 Ἰωάννα

449 3307 508 3360 δὲ
556 3307 658 3377 τὴν
715 3307 864 3379 ζωὴν
909 3311 1410 3382 καταστρέψαντος,
1471 3311 1778 3383 διαδέχεται
1801 3315 1898 3386 τὴν
1931 3318 2030 3386 ἁρ-

447 3401 788 3474 χιερωσῦνην
819 3403 848 3456 ό
877 3403 994 3468 υίὸς
1044 3403 1212 3457 αὑτοῦ
1244 3402 1418 3459 Ὶωάδ.
1477 3399 1587 3458 Ἦν
1621 3406 1678 3459 δὲ
1727 3408 1820 3459 καὶ
1853 3409 2030 3479 τούτῳ

447 3494 567 3547 ἀδελ
580 3494 678 3564 φὺς
705 3497 1032 3566 Μανασσῆς,
1062 3490 1108 3565 ᾧ
1135 3496 1521 3568 Σαναϐαλέτης
1570 3498 1798 3568 Δαρείου
1831 3505 2034 3571 σατρά-

449 3601 562 3654 πης
589 3584 684 3637 τοῦ
719 3585 1036 3640 τελευταίου
1090 3585 1354 3656 βασιλέως
1388 3587 1638 3656 Περσῶν,
1687 3588 1788 3660 τὴν
1834 3590 2032 3644 ἑαυτοῦ

448 3675 731 3746 θυγατέρα
759 3676 1050 3746 συνῴκισε,
1083 3676 1314 3731 Νικασὼ
1354 3677 1724 3750 καλουμένην.
1745 3681 1808 3733 Οἱ
1840 3681 1895 3735 δὲ
1921 3682 2030 3738 τῶν

455 3768 912 3839 Ἱεροσολυμιτῶν
953 3771 1178 3838 λογάδες
1228 3770 1572 3837 ἐστασίαζον,
1612 3773 1694 3827 ὄτι
1745 3773 2032 3847 ἀλλοφύλῳ

451 3857 770 3929 συνῴκησεν
793 3861 821 3913 ὁ
853 3859 947 3912 τοῦ
993 3860 1300 3930 ἀρχιερέως
1339 3859 1589 3928 ἀδελφὸς,
1622 3861 1718 3916 καὶ
1747 3862 1778 3932 ἦ
1813 3863 2032 3928 διαζεύ-

447 3951 681 4019 γνυσθαι
711 3951 917 4022 ταύτης
949 3952 1228 4014 ἐκέλευον,
1261 3951 1294 4020 ἢ
1329 3949 1426 4005 τοῦ
1450 3951 1846 4025 θυσιαστηρίου
1895 3956 2032 4010 ἀπέ-

448 4042 664 4113 χεσθαι.
708 4042 772 4096 '0
798 4043 854 4096 δὲ
877 4043 1017 4114 πρὸς
1045 4042 1138 4096 τδν
1161 4042 1426 4112 πενθερὸν
1447 4044 1804 4116 ἀφικόμενος,
1835 4047 2032 4121 διηγή-

450 4150 582 4190 σατο
608 4134 804 4189 ταῦτα.
842 4134 952 4189 Τοῦ
986 4135 1043 4188 δὲ
1074 4134 1481 4198 Σαναϐαλιτου,
1525 4137 1625 4192 καὶ
1662 4136 1764 4209 τὴν
1801 4139 2032 4208 ἱερωσύ-

446 4243 546 4297 νην
570 4225 720 4297 αὑτῷ
753 4228 1123 4299 συντηρήσειν
1148 4226 1611 4299 ὑπισχνουμένου,
1636 4229 1734 4282 καὶ
1764 4229 2031 4300 ἀρχιερέα

447 4319 778 4385 ἀποδείξειν,
821 4319 916 4372 καὶ
953 4320 1220 4390 ἡγεμόνα,
1253 4316 1328 4372 ὧν
1366 4319 1528 4384 αὐτὸς
1569 4315 1709 4392 ἦρχε
1741 4321 1944 4386 τόπων,
1983 4325 2033 4378 εί

444 4411 548 4480 τῆς
581 4410 748 4464 αὐτοῦ
776 4410 1053 4481 θυγατρὸς
1087 4411 1164 4482 μὴ
1201 4412 1518 4481 ἀπόσχοιτο,
1552 4414 1647 4466 καὶ
1668 4413 1796 4466 ναὸν
1822 4413 2029 4468 οίκοδο-

451 4505 648 4574 μήσειν
671 4502 765 4555 ἐπὶ
787 4503 882 4556 τοῦ
913 4502 1140 4575 Γαριζὶν
1161 4503 1342 4569 ὅρους,
1362 4502 1392 4556 δ
1410 4502 1520 4558 τῶν
1543 4505 1686 4558 κατὰ
1713 4505 2030 4578 Σαμάρειαν

2147 643 2476 712 judicarunt
2499 686 2514 711 ,
2564 655 2620 701 et
2650 662 2743 702 xm
2792 647 2882 702 die
2921 647 3127 702 mensis
3178 647 3345 712 Adar,
3376 649 3469 718 qui
3503 662 3530 701 a
3566 646 3734 702 Mace-

2152 737 2394 794 donibus
2449 739 2678 810 Dystrus
2735 739 2960 803 dicitur,
3016 739 3237 796 circiter
3293 757 3325 795 ι)
3382 757 3446 794 ex
3500 740 3734 798 iuitnicts

2151 827 2474 884 occiderunt
2509 846 2524 882 :
2557 830 2650 898 qui
2683 844 2814 884 vero
2858 831 2911 884 in
2945 829 3067 885 aliis
3097 830 3328 885 urbibus
3359 839 3414 885 et
3439 830 3734 900 provinciis

2151 920 2465 992 degebant,
2504 939 2641 976 ωιτν
2678 923 2849 977 millia
2893 923 3258 978 sustulerunt.
3298 921 3468 976 Iidem
3517 921 3733 978 Susiani

2150 1017 2315 1068 etiam
2350 1016 2618 1084 postridie
2653 1032 2751 1072 ccc
2780 1019 2936 1087 jussu
2997 1015 3247 1071 Estltcra:
3305 1014 3727 1079 interfecerunt,

2150 1123 2184 1162 ι
2212 1107 2654 1163 Amauisliberis
2705 1109 2757 1161 in
2783 1123 2980 1162 cruces
3018 1106 3199 1162 actis:
3235 1121 3300 1161 ea
3345 1121 3563 1176 quoque
3612 1122 3668 1161 re
3698 1122 3732 1163 ι

2151 1215 2278 1269 rege
2329 1214 2589 1254 concessa
2635 1198 2879 1268 coujugi.
2931 1213 3018 1252 xtv
3067 1211 3197 1251 vero
3241 1195 3386 1250 diem
3436 1204 3549 1249 tota
3601 1210 3734 1266 gens

2151 1290 2350 1346 festum
2399 1305 2520 1345 esse
2566 1291 2732 1360 jussit
2770 1307 2784 1342 :
2818 1301 2983 1359 atque
3029 1288 3100 1343 ab
3155 1303 3222 1342 eo
3255 1295 3502 1356 tempore
3541 1286 3734 1342 ambos

2151 1381 2252 1437 ltos
2285 1382 2404 1436 dies
2456 1381 2627 1437 festos
2661 1382 2902 1446 ducunt,
2940 1391 2994 1436 et
3033 1380 3403 1451 praesidiarios
3434 1380 3728 1450 appellant.

2152 1474 2527 1530 Mardocltzeus
2583 1484 2765 1530 autctn
2830 1491 3061 1544 magnus
3119 1474 3332 1536 evasit.
3368 1483 3424 1529 ct
3479 1473 3623 1544 regis
3676 1474 3730 1528 in

2149 1565 2584 1620 administrando
2634 1566 2867 1634 imperio
2917 1565 3115 1620 socius.
3142 1563 3283 1620 Cum
3316 1579 3445 1618 vero
3477 1563 3731 1618 sacerdo-

2152 1657 2286 1710 tium
2331 1656 2397 1710 ad
2452 1655 2720 1711 Joannatn
2763 1656 2948 1711 Jodais
2981 1655 3148 1709 ﬁlium
3199 1655 3452 1710 rediisset
3510 1672 3526 1710 :
3573 1655 3728 1710 fratri

2147 1750 2267 1818 ejus
2293 1749 2422 1804 Jesu
2441 1789 2456 1812 ,
2478 1749 2660 1802 amico
2693 1747 2880 1818 Bagoa:
2905 1747 3063 1801 ducis
3092 1747 3381 1816 copiarum
3414 1747 3730 1803 Artaxerxis

2149 1841 2203 1910 id
2264 1842 2594 1910 promissum
2655 1839 2852 1894 fuerat.
2911 1837 3028 1906 Qua
3078 1853 3135 1892 re
3176 1834 3414 1893 Joannas
3460 1837 3729 1902 irritatus,

2148 1931 2371 1986 fratrem
2443 1931 2498 1984 in
2560 1929 2681 1984 aede
2745 1929 2991 1984 sustulit.
3053 1929 3265 2000 Bagoas
3319 1928 3484 1998 igitur
3543 1929 3728 1983 statim

2146 2023 2337 2085 adest,
2370 2037 2435 2076 ac
2485 2022 2745 2090 templum
2791 2022 3074 2091 ingressus
3103 2038 3116 2074 :
3151 2022 3211 2076 Si
3253 2022 3292 2074 ii
3334 2022 3425 2090 qui
3452 2023 3644 2075 cu'dent
3673 2022 3728 2074 in

2147 2113 2338 2184 templo
2364 2116 2773 2178 commiserunt,
2811 2112 3020 2182 inquit,
3051 2111 3305 2182 tempium
3338 2113 3724 2182 ingrediuntur.

2145 2214 2196 2258 et
2252 2221 2345 2276 ego
2389 2207 2679 2276 ingrediar,
2713 2205 2802 2276 qui
2846 2221 2967 2259 sum
3011 2203 3120 2259 illis
3157 2206 3362 2274 purior,
3409 2212 3466 2258 ct
3509 2203 3728 2258 Judmos

2146 2311 2245 2366 per
2282 2310 2465 2349 annos
2493 2311 2567 2350 vn
2598 2297 2835 2349 vexavit.
2872 2295 3096 2350 Joannac
3124 2294 3382 2350 defuncto
3411 2295 3544 2351 Juad
3582 2295 3727 2351 ﬁlius

2146 2389 2199 2442 in
2253 2387 2575 2459 pontiﬁcatu
2624 2387 2890 2442 succedit.
2941 2387 2994 2442 Is
3034 2387 3260 2442 fratrem
3291 2388 3484 2442 habuit
3511 2387 3722 2443 blattas.

2144 2495 2294 2540 sem.
2347 2479 2436 2534 cui
2489 2477 2844 2534 Sanabalctes
2896 2479 3044 2534 Darii
3109 2480 3373 2549 postremi
3431 2481 3722 2535 Persarum

2145 2573 2291 2643 regis
2337 2582 2614 2641 satrapes,
2669 2570 2835 2625 ﬁliam
2896 2570 3149 2625 Nicasom
3200 2570 3254 2625 in
3309 2573 3723 2628 matrimonium

2144 2663 2392 2718 dederat.
2420 2663 2526 2719 Sed
2553 2678 2677 2718 cum
2711 2659 3192 2731 Hierosolymitani
3225 2679 3483 2742 proceres
3517 2667 3723 2720 tumul-

2151 2765 2466 2821 tuarentur,
2535 2755 2681 2824 quod
2755 2753 3050 2825 'pontiﬁcis
3124 2754 3296 2810 frater
3376 2757 3722 2827 peregrinam

2143 2865 2369 2904 uxorein
2410 2847 2663 2911 haberet,
2689 2861 2922 2916 eamque
2961 2847 3044 2901 vel
3072 2848 3386 2918 repudiare,
3412 2847 3498 2903 vel
3537 2863 3722 2904 sacra-

2143 2941 2226 2995 rio
2259 2939 2818 3010 abstinerejubcrent
2865 2954 2880 2992 :
2914 2938 3190 2993 Manasses
3221 2954 3414 2994 socero
3441 2942 3720 3010 negotium

2141 3032 2422 3104 exposuit.
2468 3031 2570 3088 Cui
2619 3031 2710 3087 ille
2749 3030 3064 3101 pollicetur,
3089 3045 3148 3085 se
3187 3031 3237 3085 ei
3265 3040 3321 3085 et
3349 3031 3719 3086 sacerdotium

2141 3132 2594 3180 conservaturum
2619 3163 2634 3185 ,
2689 3134 2853 3192 atque
2886 3122 3051 3176 etiam
3088 3120 3401 3191 pontiﬁcem
3443 3131 3498 3176 et
3524 3123 3718 3177 ducem

2142 3234 2334 3274 eorum
2383 3218 2627 3272 locorum
2656 3215 2859 3286 quibus
2892 3215 3006 3286 ipse
3038 3216 3357 3285 imperaret.
3379 3221 3718 3280 tcreaturunt

2139 3312 2182 3367 si
2217 3313 2380 3365 filiam
2434 3308 2592 3382 183
2649 3325 2808 3366 suam
2865 3309 3129 3365 retineret
3169 3327 3182 3364 :
3239 3318 3293 3364 et
3341 3310 3393 3363 iu
3439 3309 3718 3376 Garizino,

2143 3405 2617 3460 Samaritanorum
2678 3401 2944 3455 montium
2989 3399 3276 3464 altissimo,
3318 3399 3386 3454 de
3448 3401 3718 3455 sententia

2140 3497 2286 3552 Darii
2337 3496 2479 3567 regis
2515 3495 2810 3549 Persarum
2840 3533 2854 3554 ,
2898 3492 3166 3562 templum
3220 3490 3718 3564 Hierosolymitauo

2140 3589 2416 3644 illustrius
2468 3601 2590 3642 esse
2642 3583 3020 3640 conditorum.
3077 3582 3172 3639 His
3228 3583 3719 3652 pollicitationibus

2137 3679 2414 3734 Manasscs
2460 3675 2773 3738 adductus,
2827 3677 2970 3744 aput
3026 3672 3406 3727 Sauabaletem
3473 3675 3713 3728 mansit:

2136 3770 2204 3828 ad
2225 3783 2463 3839 eumque
2509 3783 2567 3823 se
2613 3767 2769 3822 multi
2800 3767 2966 3822 etiam
2998 3765 3088 3819 atii
3132 3765 3446 3820 sacerdotes
3492 3764 3715 3821 Israeli-

2139 3863 2272 3926 tici,
2301 3862 2505 3918 talibus
2556 3859 2819 3931 implicati
2870 3858 3180 3928 coniugiis,
3215 3857 3590 3912 contulerunt.
3641 3860 3718 3911 Ac

2137 3955 2496 4011 Sanabaletcs
2543 3951 2766 4023 quidem
2807 3951 2860 4004 in
2891 3965 2956 4003 eo
2990 3960 3108 4004 erat
3129 3989 3144 4013 ,
3174 3955 3235 4002 ut
3271 3963 3301 4002 a
3333 3947 3495 4002 Dario
3527 3949 3714 4017 templi

2136 4047 2194 4102 in
2245 4045 2504 4102 Gariziuo
2550 4041 2824 4100 condendi
2863 4041 3181 4096 facultatem
3227 4039 3568 4109 impetraret.
3605 4039 3713 4094 Sed

2136 4153 2266 4209 rege
2300 4137 2368 4191 ad
2416 4136 2586 4191 Issum
2621 4135 2690 4188 ab
2728 4131 3038 4188 Alexandro
3071 4129 3378 4202 proﬂigato,
3411 4129 3716 4200 desperatis

2137 4229 2286 4283 illius
2313 4227 2483 4282 rebus
2509 4266 2524 4291 ,
2573 4239 2698 4279 eum
2736 4233 2862 4277 octo
2898 4221 3173 4285 millibus,
3205 4220 3408 4288 quibus
3448 4232 3714 4290 prati-rat,

2137 4320 2204 4376 ad
2231 4317 2601 4375 Alexandrum
2638 4313 2920 4385 proiectus
2946 4352 2961 4377 ,
3009 4313 3252 4382 seipsum
3296 4322 3353 4368 et
3403 4313 3716 4383 provincias

2131 4409 2183 4465 ei
2235 4407 2424 4463 tradit.
2453 4406 2498 4460 A
2538 4419 2647 4473 quo
2687 4411 2943 4471 receptus
2970 4441 2984 4463 ,
3013 4401 3124 4470 jam
3173 4402 3439 4457 audacter
3487 4419 3710 4458 causam

2137 4501 2323 4575 generi
2376 4508 2433 4554 et
2467 4497 2654 4565 tetnpli
2698 4494 2958 4550 Gariziuii
3008 4495 3281 4563 preponit.
3318 4492 3443 4549 Voti
3488 4510 3716 4564 compos

448 4596 599 4648 ἐστὶν
628 4594 770 4667 ὁρῶν
799 4594 1156 4666 ὑψηλότατον,
1186 4594 1280 4650 τοῦ
1307 4597 1364 4648 ὲν
1412 4595 1811 4665 Ἱεροσολύμοις
1839 4599 2026 4668 κρείτ-

2144 4599 2310 4650 iactus
2331 4634 2346 4658 ,
2375 4590 2634 4658 omnique
2668 4586 2854 4641 studio
2899 4594 3179 4640 structura
3228 4584 3479 4641 absoluta
3505 4626 3520 4652 ,
3548 4603 3715 4657 gene-

447 4704 580 4740 τονα
622 4688 1095 4758 ἐπαγγελλομένου
1133 4687 1272 4760 μετά
1327 4689 1553 4758 γνώμης
1606 4689 1700 4742 τοῦ
1762 4689 2031 4759 βασιλέως

2144 4701 2262 4743 rum
2289 4683 2603 4756 pontiﬁcem
2631 4678 2936 4735 constituit.

447 4779 678 4850 Δαρείου
703 4795 718 4811 ο
783 4779 1044 4851 ἐπαρθεὶς
1072 4779 1287 4842 τούτοις
1316 4781 1344 4832 ό
1396 4781 1719 4850 Μανασσῆς.
1764 4783 2032 4852 κατέμενε
2072 4780 2226 4851 παρὰ
2281 4775 2358 4845 τῷ
2418 4772 2790 4842 Σαναϐαλέτῃ.
2823 4771 3040 4823 Πολλῶν
3075 4771 3131 4825 δὲ
3154 4772 3249 4824 καὶ
3285 4771 3464 4825 ἄλλων
3519 4773 3710 4841 ἱερέων

444 4876 542 4928 καὶ
593 4875 946 4946 Ἰσραηλιτῶν
999 4873 1264 4939 τοιούτοις
1303 4875 1504 4945 γάμοις
1551 4876 2026 4946 ὲμπεπλεγμένων
2067 4878 2268 4939 πάντες
2301 4873 2568 4942 συνῄεσαν
2625 4868 2764 4939 πρὸς
2814 4868 2904 4921 τὸν
2953 4868 3274 4940 Μανασσῆν.
3337 4869 3397 4920 '0
3452 4871 3550 4938 μὲν
3618 4869 3711 4923 οῦν

447 4971 830 5043 Σαναόαλέτης
851 4973 929 5042 τῷ
953 4972 1168 5043 βασιλεῖ
1197 4973 1409 5042 Δαρείῳ
1433 4972 1534 5042 τὴν
1575 4972 1708 5042 περὶ
1777 4973 1878 5042 τῆς
1916 4972 2212 5046 οἰκοδομῆς
2243 4970 2341 5024 τοῦ
2370 4966 2501 5021 ναοῦ
2531 4969 2588 5019 ὲν
2621 4965 2848 5035 Γαριζὶν
2911 4965 3137 5030 ἀξίωσιν
3193 4967 3496 5036 προσάγειν
3557 4968 3711 5040 ἡτοί-

448 5077 649 5131 μαστο.
692 5062 750 5114 ’3
784 5061 841 5116 δὲ
866 5061 1302 5132 τῷἋλεξάνδρῳ
1337 5060 1632 5132 συμϐαλὼν
1655 5063 1715 5114 ὲν
1736 5063 1898 5133 Ἰσσῷ
1935 5063 2034 5134 τῆς
2059 5062 2342 5124 Κιλικίας,
2391 5059 2487 5111 καὶ
2514 5057 2771 5129 ἡττηθεὶς
2815 5057 3039 5126 ἔφυγεν.
3065 5058 3368 5126 ’Λτ-ογνοῦς
3415 5055 3509 5113 οὖν
3542 5059 3571 5110 ό
3621 5062 3714 5113 Σα-

446 5153 758 5224 ναβαλέτης
814 5157 1064 5226 Δαρεῖον,
1101 5155 1182 5225 τῷ
1227 5154 1568 5226 Ἀλεξάνδρῳ
1612 5157 1868 5226 πρόσεισι
1930 5159 2029 5212 σὺν
2062 5155 2493 5224 ὀκτακισχιλίοις
2551 5152 2660 5205 τῶν
2721 5153 2813 5206 ὑπ’
2850 5154 3038 5216 αὑτὸν,
3076 5157 3168 5206 καὶ
3205 5153 3398 5207 εαυτὸν
3438 5153 3532 5208 καὶ
3585 5157 3711 5215 τοῦς

444 5251 646 5311 τόπους
678 5241 757 5302 ὧν
781 5243 952 5319 ἦρχεν
979 5249 1138 5318 ἔλεγε
1171 5249 1522 5322 παραδιδόναι
1572 5249 1747 5321 αὐτῷ.
1819 5251 2266 5322 Προσδεξαμένου
2325 5249 2385 5302 δὲ
2435 5247 2531 5301 τοῦ
2571 5247 2928 5314 Ἀλεξάνδρου
2987 5249 3173 5312 αὑτὸν,
3207 5245 3427 5317 θαρρῶν
3460 5247 3562 5318 ἢδη
3587 5249 3714 5316 περὶ

443 5342 539 5395 τοῦ
566 5341 846 5412 γαμϐροῦ,
889 5344 986 5394 καὶ
1028 5346 1127 5412 τῆς
1173 5341 1270 5396 τοῦ
1304 5344 1434 5396 ναοῦ
1463 5343 1810 5414 άνεγέρσεως
1868 5345 1928 5397 ἐν
1967 5343 2047 5416 τῷ
2084 5344 2332 5416 Γαριζὶν,
2363 5339 2644 5411 προσῆγεν
2681 5339 2855 5404 άξίιοτσ
2880 5361 2926 5393 ν.
2969 5342 3078 5394 Καὶ
3112 5341 3438 5410 ἐπιτραπεὶς
3497 5343 3597 5411 τὴν
3627 5344 3708 5395 οἰ-

445 5433 708 5502 κοδομὴν,
736 5433 834 5486 σὺν
866 5436 1016 5506 πάσῃ
1045 5434 1254 5506 σπουδῇ
1287 5436 1378 5488 τὸν
1403 5436 1532 5489 ναὸν
1564 5435 1910 5506 ᾠκοδόμησε,
1941 5439 2035 5490 καὶ
2075 5437 2375 5505 Μανασσῆν
2409 5434 2780 5506 τδνχαμδρὸν
2811 5436 3077 5504 ἀρχιερέα
3108 5435 3466 5504 κατέστησεν.

516 5497 597 5576 ﬂ".
631 5497 785 5576 (Errat
846 5525 904 5576 δὲ
951 5497 1146 5596 μ’νείαν
1189 5497 1284 5579 τδῦ
1347 5497 1701 5597 Ἀλεξάνδρου
1871 5497 2027 5598 eiei;

2201 5497 2342 5584 Vlll:
2381 5497 2656 5596 Sed-Jquia
2687 5497 2743 5579 in
2787 5497 3078 5579 Ali-attridri
3129 5497 3464 5580 mentio-nem
3515 5529 3709 5584 incidi-

444 5615 690 5684 ἱστορίας
755 5613 913 5682 λόγος
975 5617 1297 5687 πεποίηται,
1333 5617 1503 5670 καλὸν
1562 5621 1654 5671 καὶ
1702 5620 1894 5672 τούτου
1926 5621 2025 5683 τὰς

2144 5633 2250 5675 nus
2271 5658 2286 5682 ,
2321 5631 2428 5670 non
2471 5617 2712 5668 alienum
2740 5614 2903 5667 fuerit
2933 5655 2946 5678 ,
2977 5613 3140 5681 hujus
3164 5615 3329 5667 etiam
3379 5631 3466 5668 res
3496 5633 3709 5687 gestas,

443 5710 678 5779 πράξεις
710 5728 769 5764 τε
801 5713 896 5765 καὶ
923 5710 990 5763 τὰ
1052 5709 1183 5781 ἤθη,
1237 5711 1332 5765 καὶ
1357 5710 1482 5763 ὅθεν
1536 5714 1648 5764 κάκ
1689 5711 1852 5766 τίνων
1897 5711 2024 5779 ἔφυ,

2144 5723 2310 5762 nores
2354 5717 2408 5762 et
2466 5707 2674 5760 natales
2735 5705 3106 5774 perstringere
3164 5705 3408 5760 breviter
3460 5723 3477 5762 :
3535 5724 3710 5779 eoque

442 5803 569 5857 κατ’
603 5804 910 5876 ἐπιδρομὴν
939 5802 1332 5874 διηγήσασθαι,
1377 5805 1474 5858 καὶ
1499 5803 1676 5868 οὕτως
1703 5803 1866 5868 αὖθις
1889 5807 2027 5858 ἐπα-

2144 5802 2292 5864 'acto,
2345 5798 2411 5853 ad
2449 5799 2713 5853 institutae
2765 5799 3006 5858 lt_is:oritc
3058 5800 3254 5853 seriem
3313 5802 3497 5857 redi-re
3553 5819 3567 5857 :
3627 5804 3710 5856 vel

441 5897 704 5966 ναγαγείν
733 5897 826 5951 τὸν
847 5895 1004 5967 λόγον
1033 5895 1172 5967 πρὸς
1210 5895 1311 5967 τὴν
1355 5898 1667 5969 συνέχειαν.
1736 5897 1844 5951 Καὶ
1888 5894 2024 5966 μᾶλ-

2144 5908 2188 5950 :a
2240 5891 2308 5948 de
2349 5906 2551 5957 causa,
2584 5889 2753 5965 quod.
2783 5890 3160 5962 literosolytua
3204 5892 3342 5948 adiit
3394 5907 3452 5950 ct
3526 5895 3593 5950 ab
3639 5911 3708 5949 eo
