4092 6398
311 450 419 514 335

1599 443 1930 508 JOANNlS
1964 443 2291 506 ΖΟΝΑΒιΕ

3500 448 3607 511 336

309 558 518 630 aliquid
567 556 936 615 admiratione
974 555 1202 627 dignum
1237 562 1293 609 et
1334 551 1582 624 pontillci
1607 561 1664 608 et
1696 553 1899 624 populo

2026 571 2117 618 .ov,
2170 555 2254 607 ὅτι
2287 553 2383 607 καὶ
2435 555 2552 618 τοῖς
2616 553 3021 627 Ἱεροσολύμοις
3071 550 3228 620 οὗτος
3264 558 3294 608 6
3345 555 3607 627 βασιλεὺς

308 659 548 722 accidit,
587 666 754 728 atque
807 655 921 726 ipse
969 653 1214 708 divinam
1280 650 1575 722 quamdam
1629 649 1898 705 visionem

308 753 607 824 exposuit.
659 758 718 804 ut
760 741 1033 818 Josephds
1081 745 1289 810 refert,
1318 761 1440 814 qua:
1495 744 1548 798 in
1606 759 1898 815 progressu

310 849 432 918 ejus
459 847 706 900 historiae
750 840 1084 897 referentur.
1130 839 1230 893 Hic
1261 838 1497 908 Philippi
1550 839 1693 908 regis
1725 837 1903 891 Mace-

311 939 518 994 donum
558 937 702 992 lilius
751 935 895 1000 fuit,
945 943 1108 988 natus
1136 947 1204 986 ex
1237 930 1581 1002 Olympiade.
1633 931 1905 984 Caeterum

313 1032 634 1088 fabulantur
681 1044 810 1085 eum
844 1027 1150 1082 Hammone
1180 1033 1362 1079 satum
1407 1040 1526 1078 esse
1551 1065 1566 1090 ,
1594 1023 1687 1094 qui
1721 1022 1905 1092 specie

314 1124 574 1180 draconis
608 1119 986 1194 Olympiadem
1007 1119 1176 1174 fuerit
1205 1118 1510 1187 amplexus.
1543 1115 1904 1171 Hammonem

315 1224 498 1269 autem
529 1213 720 1269 Jovem
768 1210 1046 1280 appellant
1091 1227 1104 1262 :
1153 1210 1251 1264 sed
1299 1207 1406 1262 hoc
1449 1206 1760 1262 fabulosum
1799 1215 1906 1260 est.

315 1309 456 1366 Illud
487 1317 678 1363 autem
715 1303 914 1370 fertur,
951 1314 1182 1358 matrem
1215 1303 1340 1372 ejus
1377 1310 1504 1356 ante
1533 1315 1655 1354 eam
1685 1307 1908 1354 noctem

317 1419 426 1474 qua
466 1417 590 1455 cum
644 1398 900 1468 Philippo
938 1394 1347 1459 concubuerit,
1380 1393 1599 1449 somnio
1642 1402 1867 1463 putasse
1892 1434 1908 1460 ,

319 1495 528 1559 fulmen
567 1493 622 1547 in
656 1500 875 1546 uterum
918 1504 1080 1544 suum
1119 1487 1374 1557 illapsum
1402 1501 1526 1542 esse
1547 1525 1563 1550 ,
1589 1494 1753 1557 atque
1782 1487 1911 1542 inde

320 1603 570 1660 magnam
627 1584 904 1640 exstitisse
959 1581 1234 1637 flammam
1285 1599 1298 1634 :
1350 1596 1474 1651 quae
1525 1596 1652 1636 cum
1706 1582 1911 1651 passim

321 1689 614 1752 vagaretur
655 1721 669 1745 ,
727 1685 1106 1731 evanesceret.
1202 1673 1335 1728 Post
1403 1673 1627 1743 nuptias
1669 1713 1684 1736 ,
1748 1682 1911 1742 puta-

321 1774 416 1828 bat
458 1771 742 1842 Philippus
796 1785 856 1824 se
913 1768 1232 1838 imprimere
1281 1765 1524 1834 sigillum
1577 1773 1737 1819 utero
1788 1780 1917 1819 uxo-

324 1865 442 1928 ris,
511 1863 690 1917 leonis
739 1860 1001 1929 imagine.
1075 1857 1133 1912 Id
1161 1857 1440 1913 somnium
1506 1857 1914 1928 coniectoribus

2007 649 2350 720 ἐπεδήμησε,
2385 648 2480 702 καί
2519 667 2573 702 τι
2603 647 2889 717 θαύματος
2921 650 3078 717 ἀξιον
3107 651 3304 720 γέγονε
3335 649 3477 721 πρὸς
3506 651 3602 704 τὸν

2009 742 2271 812 ἀρχιερέα
2301 745 2395 794 καὶ
2430 741 2521 794 τὸν
2542 741 2669 794 λα’.ν
2700 743 2758 808 ἐξ
2794 741 2990 796 αὑτοῦ.
3039 742 3150 795 Καὶ
3178 741 3344 805 αὑτός
3377 758 3430 794 τι
3455 741 3605 794 θεῖον

2008 835 2194 904 ὅραμα
2229 833 2557 903 διηγήσατο,
2583 834 2660 895 ὡς
2705 835 2972 904 Ἰώσηπος
3019 835 3244 904 ἱστορεῖ,
3275 833 3312 888 ἃ
3341 834 3550 902 προῖὼν
3580 835 3610 886 6

2007 928 2167 996 λόγος
2189 928 2331 997 μετὰ
2347 929 2450 997 τὴν
2482 930 2613 999 περὶ
2641 929 2811 981 αὐτοῦ
2847 928 3091 998 ἱστορίαν
3112 928 3223 999 (Hi
3243 926 3470 993 διδάξει.
3511 921 3611 981 0i:-

2009 1038 2100 1084 τος
2113 1021 2384 1075 Φιλίππου
2416 1021 2515 1092 μὲν
2532 1017 2601 1092 ἦν
2628 1021 2724 1075 τοῦ
2744 1021 3080 1075 Μακεδόνων
3101 1021 3373 1092 βασιλέως
3391 1020 3528 1085 υἱὸς,
3548 1019 3609 1086 ἐξ

2010 1114 2379 1186 Ὀλυμπιάδος
2413 1117 2562 1186 αὐτῷ
2589 1117 2900 1187 γεννηθείς.
2937 1115 3258 1170 Μυθεύεται
3283 1114 3338 1168 δὲ
3371 1116 3604 1184 ’Δμμωο

2011 1226 2101 1264 νος
2138 1205 2282 1264 εἶναι
2326 1211 2465 1276 υίὸς,
2510 1211 2570 1262 ὲν
2634 1209 2766 1262 εῖδει
2817 1209 3120 1280 δράκοντος
3159 1209 3228 1278 τῇ
3278 1205 3611 1277 Ὀλυμπιάδι

2015 1304 2503 1368 συνευνασθέντος.
2539 1303 2819 1374 Ἀμμωνα
2872 1303 2929 1356 δὲ
2976 1305 3069 1355 τὸν
3105 1300 3204 1354 Δία
3237 1299 3441 1370 φασίνο
3470 1298 3609 1353 άλλά

2014 1395 2176 1448 τοῦτο
2198 1395 2298 1464 μὲν
2333 1393 2530 1464 μῦθος.
2573 1393 2814 1461 Λέγεται
2839 1392 2897 1445 δὲ
2934 1393 3036 1464 τὴν
3065 1392 3280 1462 μητέρα
3302 1387 3472 1442 αὐτοῦ
3502 1387 3614 1457 πέλ)

2013 1489 2110 1556 τῆς
2141 1485 2356 1550 νυκτὸς,
2383 1480 2512 1558 ᾖτῷ
2535 1485 2789 1555 Φιλίππῳ
2810 1482 3294 1554 συγκατηυνάσθη,
3325 1481 3385 1533 ὲν
3411 1480 3612 1550 ὀνείρῳ

2017 1579 2161 1642 Ξιὶξαι
2190 1578 2460 1648 κεραυνὸν
2485 1579 2752 1647 ἐμπεσεῖν
2781 1576 2954 1645 αὐτῆς
2993 1578 3060 1646 τῇ
3091 1574 3319 1644 γαστρὶ,
3344 1572 3456 1626 κάκ
3481 1570 3610 1625 τού·

2013 1688 2108 1723 του
2151 1670 2267 1741 πῦρ
2298 1655 2605 1741 ὲξαφθῆναι
2668 1668 2829 1732 πολὺ,
2880 1669 3176 1722 καὶτοῦτο
3217 1666 3402 1735 πάντη
3447 1665 3615 1734 φερό-

2019 1781 2182 1834 μενον
2221 1763 2564 1832 διαλυθῆναι.
2612 1762 2770 1816 Μετά
2813 1761 2868 1814 δὲ
2911 1761 3002 1814 τὸν
3047 1762 3228 1830 γάμον
3267 1761 3294 1812 6
3338 1755 3613 1818 Φίλιππος

2016 1859 2142 1913 καθ’
2181 1859 2386 1922 ὕπνους
2411 1857 2614 1921 ἐδόκει,
2648 1855 2925 1926 σφραγῖδα
2947 1858 3013 1925 τῇ
3047 1853 3254 1923 γαστρὶ
3287 1851 3390 1920 τῆς
3415 1866 3614 1918 γυναι-ν

321 1956 444 2010 aliis
487 1955 648 2009 aliter
702 1949 1229 2021 interpretantibus,
1279 1947 1607 2003 Aristander
1661 1948 1906 2017 reginam

2026 1955 2114 2020 κὸς
2148 1952 2451 2013 ἐπιϐαλεῖν,
2485 1949 2859 2019 ὲγγελγύιρθαι
2893 1947 2952 2001 δὲ
2975 1950 3042 2019 τῇ
3092 1943 3354 2015 σφραγῖδι
3396 1941 3611 1995 λέοντα.

323 2054 469 2106 ferre
519 2059 740 2104 uterum
793 2045 1079 2116 respondit
1129 2062 1143 2098 :
1200 2058 1379 2113 neque
1433 2042 1581 2098 enim
1630 2041 1912 2112 obsignari

323 2147 506 2202 solere
547 2145 730 2198 inania
778 2159 791 2200 :
827 2123 1082 2212 puerum
1133 2154 1265 2193 vero
1297 2138 1390 2209 qui
1422 2155 1489 2194 ex
1537 2153 1604 2193 eo
1642 2145 1912 2207 conceptu

324 2246 760 2307 exspectaretur,
793 2234 908 2288 fore
948 2231 1260 2286 animosum
1283 2271 1296 2295 ,
1332 2238 1389 2284 et
1417 2230 1641 2285 leonino
1667 2231 1909 2300 ingenio.

327 2333 498 2387 Natus
555 2339 640 2384 est
691 2344 757 2382 eo
807 2327 929 2390 «lie,
961 2341 1072 2395 quo
1117 2323 1366 2394 Ephesia:
1408 2324 1590 2377 Diana:
1643 2325 1914 2392 templum

327 2422 727 2491 conflagravit:
777 2418 941 2490 184
991 2428 1049 2473 et
1081 2417 1218 2488 Magi
1269 2417 1494 2487 quidam
1529 2417 1640 2471 illic
1673 2418 1914 2471 circum-

327 2527 615 2570 cursantes
638 2554 652 2577 ,
678 2513 1062 2581 exclamarunt
1089 2550 1103 2574 ,
1141 2525 1397 2580 magnum
1441 2510 1582 2564 Asia:
1615 2511 1816 2562 malum
1861 2518 1917 2562 et

328 2609 695 2665 calamitatem
747 2622 814 2659 eo
845 2605 934 2658 die
983 2613 1173 2658 natum
1230 2620 1372 2659 esse.
1427 2603 1550 2656 Fuit
1606 2604 1794 2656 colore
1844 2603 1916 2656 ita

329 2700 587 2763 candido,
623 2698 749 2753 utis
774 2699 919 2752 circa
951 2685 1150 2751 faciem
1194 2705 1251 2751 et
1286 2705 1482 2766 pectus
1518 2695 1757 2749 maxime
1789 2710 1920 2764 pur-

329 2799 674 2865 purasceret.
725 2789 924 2844 Suavis
955 2788 1085 2842 item
1115 2803 1146 2840 e
1177 2802 1411 2855 corpore
1445 2795 1500 2840 et
1525 2801 1620 2840 ore
1650 2787 1771 2857 ejus
1802 2785 1916 2838 fra-

329 2886 522 2957 grabat
547 2883 683 2938 odor
710 2900 722 2935 :
758 2882 916 2952 cuius
950 2881 1141 2949 utique
1173 2895 1338 2934 causa
1364 2879 1470 2934 fuit
1492 2879 1642 2933 calor
1672 2887 1728 2933 et
1757 2879 1921 2932 ardor

329 2977 621 3049 corporis,
677 2990 787 3046 quo
853 2975 1150 3039 humores,
1210 2973 1356 3026 unde
1432 2982 1626 3041 putere
1687 2988 1920 3042 corpora

330 3081 581 3144 queant,
634 3068 1128 3124 consumebantur.
1171 3066 1352 3119 Animi
1406 3066 1732 3135 gravitatem
1783 3080 1922 3135 puer

331 3169 634 3224 etiamnum
685 3179 798 3234 prae
839 3178 900 3218 se
957 3161 1103 3216 tulit.
1153 3159 1288 3214 Nam
1336 3173 1463 3213 cum
1512 3157 1794 3212 celeritate
1829 3171 1924 3226 pe-

333 3266 464 3315 tllllll
507 3260 751 3320 valeret,
794 3263 1054 3325 rogatus,
1092 3268 1160 3307 an
1207 3251 1472 3323 Olympia:
1509 3251 1565 3304 in
1605 3249 1784 3306 stadio
1824 3251 1924 3304 de-

333 3367 600 3410 cursurus
638 3348 830 3406 esset?
876 3346 1165 3418 respondit
1226 3363 1284 3401 se
1322 3345 1635 3410 facturum,
1671 3345 1715 3399 si
1770 3360 1927 3415 reges

332 3451 746 3501 concertatores
819 3439 1076 3494 haberet.
1125 3437 1264 3494 Cum
1331 3437 1417 3492 vel
1491 3436 1626 3491 urbs
1695 3436 1928 3505 insignis

334 3548 533 3608 capta,
587 3535 672 3590 vel
741 3533 976 3589 illustris
1046 3531 1276 3586 victoria
1339 3538 1492 3600 parta
1573 3543 1604 3583 a
1672 3524 1930 3598 Philippo

335 3632 719 3695 nuntiabatur,
770 3627 930 3698 quasi
979 3642 1122 3697 agre
1178 3625 1396 3690 ferens,
1445 3625 1512 3679 ad
1555 3626 1792 3693 a'quales
1838 3624 1927 3678 di-

335 3726 495 3780 cebat
531 3723 732 3778 :Pater
778 3718 977 3774 nullius
1022 3719 1244 3790 egregiae
1286 3720 1361 3772 rei
1390 3719 1653 3790 vobiscum
1683 3718 1928 3788 gerendw

336 3817 665 3872 occasionem
700 3815 826 3868 mihi
864 3812 1148 3866 relicturus
1187 3819 1282 3866 est.
1342 3810 1650 3880 Bucephala
1681 3827 1827 3881 equo
1855 3810 1926 3866 ad

336 3909 652 3980 Philippum
667 3908 854 3968 allato,
877 3906 971 3976 qui
1005 3905 1267 3960 tredecim
1286 3906 1507 3959 talentis
1523 3905 1925 3973 aastimabatur,

338 4021 438 4057 nec
460 4017 731 4057 sessorem
767 4011 880 4054 tum
929 3998 1296 4063 admittebat,
1323 4014 1425 4052 nec
1453 4014 1639 4054 vocem
1675 3998 1920 4063 ferebat,

337 4111 462 4147 cum
497 4094 751 4163 Philippo
782 4093 1194 4156 ostenderetur,
1241 4092 1311 4146 ob
1337 4107 1569 4161 eamque
1610 4108 1725 4147 rem
1757 4091 1928 4146 inuti-

336 4192 404 4244 lis
446 4198 732 4259 putaretur
767 4206 779 4242 :
821 4186 1076 4252 Qualem,
1111 4186 1324 4256 inquit,
1352 4201 1544 4257 equum
1571 4187 1632 4240 ob
1661 4188 1926 4241 tractandi

335 4283 657 4353 imperitiam
696 4279 1162 4350 rejiciunt?Quod
1206 4279 1414 4333 dictum
1449 4288 1606 4350 pater
1629 4281 1930 4348 reprehen-

335 4378 474 4430 dens
508 4399 517 4425 -.
552 4373 623 4427 'l'n
661 4389 800 4437 vero,
858 4374 1060 4441 inquit,
1091 4387 1209 4423 eum
1249 4377 1482 4424 tractare
1520 4371 1760 4441 poteris?
1789 4371 1927 4425 Tum

337 4469 427 4522 ille
459 4485 473 4521 ;
504 4466 711 4519 Rectius
745 4467 923 4535 utique
947 4463 1125 4534 quovis
1149 4462 1291 4528 alio;
1320 4463 1706 4534 permissuque
1731 4465 1927 4534 patris,

339 4555 628 4627 prehensis
657 4555 890 4609 habenis
909 4595 926 4618 ,
957 4569 1083 4607 cum
1110 4551 1179 4607 ad
1211 4553 1385 4609 solem
1411 4555 1690 4610 convertit
1720 4573 1734 4610 :
1777 4557 1924 4626 quod

337 4647 590 4702 fortassis
621 4646 1123 4709 animadverterat,
1157 4661 1284 4700 eum
1325 4646 1536 4702 umbra)
1575 4655 1703 4703 ante
1735 4651 1919 4704 oculos

2035 4671 2132 4718 τες
2164 4653 2530 4721 χρήσασθαι,
2564 4653 3058 4723 ἁποπέμπονταιί
3092 4654 3249 4707 Καὶὸ
3282 4654 3466 4722 πατὴρ
3501 4654 3622 4704 ὲπιο
3721 4709 3732 4719 α

337 4743 634 4812 agitatione
669 4739 1007 4808 perturbari.
1059 4737 1307 4809 Cumque
1347 4755 1474 4795 eum
1507 4741 1792 4811 paululum
1833 4743 1956 4803 de»

339 4833 620 4888 mulsisset
657 4847 822 4884 manu
849 4871 865 4894 ,
905 4831 1098 4885 insiliit
1137 4841 1302 4902 atque
1334 4829 1540 4888 insedit
1577 4851 1591 4887 :
1622 4841 1680 4888 et
1709 4850 1931 4905 parum-

340 4941 437 4996 per
463 4925 789 4979 cohortatus
811 4965 827 4990 ,
857 4925 924 4978 ad
957 4939 1183 4979 cursum
1231 4925 1464 4981 dimisit.
1495 4925 1653 4992 Quod
1701 4928 1797 4998 qui
1851 4929 1906 4982 vi

337 5020 583 5085 debaut,
615 5019 836 5074 solliciti
873 5031 1054 5076 erant.
1100 5020 1378 5076 Utautem
1423 5023 1606 5078 alacer
1658 5031 1715 5080 et
1776 5011 1936 5080 laetus

341 5113 760 5178 revertebatur,
841 5113 1077 5183 Philippi
1153 5114 1385 5169 comites
1474 5115 1856 5172 exclamabant
1903 5133 1927 5170 .:

339 5207 455 5274 ipse
484 5223 612 5261 vero
649 5221 742 5261 rex
771 5221 879 5277 pra:
914 5205 1104 5260 li-titia
1144 5206 1646 5276 lacrymabundus,
1691 5224 1928 5278 puerum

339 5299 689 5356 deosculatus
720 5317 734 5354 :
763 5300 1020 5365 Quwrito,
1058 5299 1258 5368 inquit,
1285 5298 1388 5366 ﬁli,
1421 5316 1643 5371 regnum
1679 5302 1772 5356 tibi
1793 5320 1931 5372 par:

2023 2051 2086 2102 Οἱ
2121 2049 2218 2119 μὲν
2266 2045 2360 2099 οὖν
2405 2044 2556 2099 ἄλλοι
2601 2046 2824 2114 μάντεις
2862 2037 3037 2104 ἄλλως
3084 2041 3176 2093 τὸν
3213 2041 3426 2108 ὄνειρον
3459 2035 3615 2107 ἔκριο

2022 2163 2132 2198 νον.
2181 2142 2570 2213 ’Δρίστανδρος
2627 2140 2740 2211 (15)
2775 2141 2832 2193 δὲ
2881 2139 3037 2192 κύειν
3093 2137 3197 2208 ἔφη
3245 2137 3344 2207 τὴν
3378 2150 3619 2205 σφραγι-

2025 2239 2276 2291 σθεῑσαν’
2311 2237 2385 2305 μὴ
2421 2237 2530 2305 γάρ
2561 2235 2624 2302 δὴ
2657 2232 3057 2302 σφραγίζεσθαι
3080 2236 3146 2284 τά
3171 2230 3327 2294 κενά,
3354 2228 3615 2298 θυμοειδῆ

2023 2329 2068 2382 δ’
2125 2327 2500 2395 ἀποϐήσεσθαι
2567 2328 2658 2378 καὶ
2718 2323 2986 2393 λεοντώδη
3043 2322 3135 2375 τὸν
3185 2319 3614 2390 τεχθησόμενον.

2038 2420 2333 2489 Ἐγεννήθη
2367 2419 2423 2472 δὲ
2455 2419 2578 2470 καθ’
2621 2419 2688 2488 ἢν
2728 2417 2946 2486 ἡμέραν
2977 2419 3032 2467 ἐν
3070 2414 3329 2485 Ἑφέσῳὸ
3353 2413 3481 2476 ναὸς
3513 2412 3618 2480 τῆς

2039 2515 2357 2586 ’Δρτεμίδος
2391 2513 2776 2581 ὲνεπὲπρηστο
2799 2527 2810 2538 ·
2841 2512 2930 2563 ὅτε
2965 2508 3060 2563 καί
3093 2526 3240 2570 τινες
3274 2509 3393 2560 ἐκεῖ
3414 2506 3618 2578 παρόν-

2025 2625 2118 2668 τες
2157 2607 2266 2659 τῶν
2295 2607 2510 2676 μάγων,
2541 2604 2848 2666 διαθέοντες
2879 2603 3015 2672 ἄτην
3047 2603 3142 2655 καὶ
3179 2601 3467 2672 συμφοράν
3523 2598 3621 2670 βα-

2030 2704 2180 2770 ρεῖαν
2218 2700 2319 2769 τὴν
2354 2699 2568 2768 ἡμέραν
2603 2698 2822 2767 ἐκείνην
2854 2699 2920 2765 τῇ
2965 2697 3121 2766 Ἀσία
3167 2696 3349 2748 τεκεῖν
3405 2691 3618 2760 ἔλεγον.

2029 2791 2138 2847 Ἤν
2159 2794 2215 2846 δὲ
2243 2793 2340 2863 τὴν
2370 2795 2540 2863 χρόαν
2580 2792 2768 2856 λευκὸς
2793 2793 2821 2845 6
2851 2791 3207 2862 Ἀλέξανδρος
3239 2806 3254 2820 ·
3286 2791 3318 2861 ἡ
3356 2788 3622 2858 λευκότης

2027 2890 2072 2944 δ’
2097 2889 2434 2959 ὲφοινίστετο
2468 2889 2596 2958 περ)⁸
2626 2887 2685 2938 τὸ
2724 2887 2918 2956 στῆθος
2953 2885 3192 2956 μάλιστα
3229 2885 3324 2937 καὶ
3348 2884 3410 2936 τὸ
3443 2883 3620 2952 πρόσ-

2028 2999 2177 3036 ωπον
2199 2998 2212 3012 ο
2247 2982 2339 3034 καὶ
2374 2980 2529 3050 ἡδεῖά
2552 2997 2636 3042 τις
2666 2980 2730 3032 ὲκ
2776 2977 2870 3032 τοῦ
2916 2979 3128 3047 χρωτὸς
3166 2976 3334 3029 αὐτοῦ
3383 2975 3621 3029 ἀπέπνει

2029 3075 2306 3145 ἀποφορὰ,
2337 3079 2446 3129 κάκ
2477 3075 2573 3126 τοῦ
2606 3076 2894 3144 στόματος.
2921 3073 3128 3126 Τούτου
3155 3071 3200 3126 δ’
3227 3073 3403 3125 αἴτιον
3427 3074 3459 3141 ἡ
3493 3071 3618 3143 θερ-

2035 3169 2204 3240 μάτης
2238 3168 2301 3221 ἂν
2332 3169 2415 3238 εἴη
2476 3167 2572 3220 τοῦ
2613 3167 2870 3236 σώματος
2894 3183 2906 3197 ·
2939 3166 3189 3238 πυρῶδες
3217 3165 3326 3236 γάρ
3399 3163 3480 3231 ὃν,
3525 3164 3624 3218 καὶ

2033 3261 2400 3332 πολύθερμον,
2436 3260 2699 3331 ἀνήλισκε
2732 3260 2798 3312 τά
2831 3259 2997 3332 ὑγρά,
3026 3261 3118 3311 καὶ
3151 3258 3306 3312 οὐδὲν
3353 3256 3618 3311 ἐπιπολά-

2031 3354 2144 3416 ζειν
2166 3353 2330 3405 αὐτοῦ
2356 3351 2432 3422 τῷ
2457 3351 2670 3420 σώματι
2704 3351 3071 3422 σηπεδονῶδες
3097 3353 3200 3404 εἴα.
3241 3351 3623 3421 Παρενέφαινε

2029 3447 2085 3499 δὲ
2118 3445 2372 3498 παιδόθεν
2403 3444 2502 3516 τὴν
2531 3443 2859 3516 ὲμὸρίθειαν
2888 3445 2982 3496 τοῦ
3017 3443 3397 3513 φρονήματος.
3434 3439 3620 3497 Ποδὼ-

2030 3556 2133 3609 κης
2169 3538 2278 3608 γὰρ
2307 3537 2406 3602 ὢν,
2440 3538 2580 3609 πρὸς
2627 3537 2755 3600 τοὺς
2809 3538 3108 3607 ἐρομένους
3140 3539 3190 3589 εί
3251 3535 3622 3606 Ὀλυμπιάσιν

2030 3629 2362 3698 ἀγωνίσεται
2406 3629 2645 3690 στάδιον,
2685 3625 2860 3693 εἶπεν,
2903 3629 2951 3682 εἰ
3005 3628 3325 3699 βασιλεῦσιν
3364 3631 3623 3696 ἀνταγω-

2029 3720 2284 3773 νίσασθαι
2329 3721 2577 3788 ἔμελλεν.
2643 3721 2703 3773 Ei
2752 3721 2808 3774 δὲ
2867 3721 3022 3784 πῦλις
3052 3739 3135 3782 τις
3179 3721 3290 3772 τῶν
3338 3719 3623 3789 ἐπιφανῶν

2031 3816 2235 3868 albi-na
2271 3818 2422 3883 παρὰ
2448 3816 2540 3868 τοῦ
2580 3818 2782 3884 πατρὸς
2809 3817 2958 3886 αὐτῷ
2977 3817 3291 3886 ἀπηγγέλη.
3325 3816 3357 3886 ἢ
3385 3818 3443 3869 ὲν
3469 3817 3623 3888 μάχῃ

2032 3909 2156 3977 νίκη
2209 3912 2467 3978 γεγονυῖα
2520 3911 2852 3981 περιφανὴς,
2910 3910 3102 3981 ὥσπερ
3148 3911 3455 3981 ἀχθόμενος
3507 3912 3622 3974 τοῖς

2035 4003 2206 4074 ἡλιξιν
2233 4004 2440 4072 ἔλεγεν,
2497 4003 2571 4064 ὡς
2609 4003 2801 4056 Οὐδὲν
2843 4005 2973 4072 ἐμοὶ
3019 4005 3143 4058 σὺν
3174 4005 3316 4074 ὑμῖν
3350 4009 3382 4060 ὁ
3421 4004 3622 4071 πατὴρ

2030 4097 2354 4165 ἀπολείψει
2391 4098 2674 4166 λαμπρόν
2727 4114 2781 4150 τι
2821 4098 3004 4166 ἔργον
3061 4098 3472 4164 ἐνδείξασθαι.
3512 4098 3622 4154 Τοῦ

2034 4190 2356 4260 Βουκεφάλα
2422 4193 2535 4264 (ιϐ)
2593 4192 2637 4244 δ’
2690 4192 2862 4245 ἵππου
2938 4192 3299 4261 κομισθέντος
3365 4192 3622 4264 Φιλίππῳ

2033 4283 2392 4353 τρισκαίδεκα
2428 4284 2708 4338 ταλάντων
2773 4285 2962 4354 τιμῆς,
3003 4284 3098 4336 καὶ
3151 4284 3289 4355 μήτε
3338 4284 3624 4355 ἀναϐάτην

2037 4377 2423 4447 προσιεμένου,
2461 4378 2536 4441 ὼς
2562 4377 2640 4448 τῷ
2673 4378 2932 4446 Φιλίππῳ
2971 4378 3248 4430 ἐδείκνυτο
3280 4378 3355 4447 μή
3408 4395 3466 4430 τε
3509 4395 3622 4446 φω-

2034 4470 2132 4539 νὴν
2190 4469 2577 4540 ὑπομένοντος,
2637 4470 2938 4522 κάντεῦθεν
2991 4471 3338 4540 δυσχρήστου
3369 4471 3624 4536 δόξαντος

2037 4561 2233 4630 κομιδῇ
2261 4577 2274 4592 ·
2309 4554 2449 4611 Οἶον
2477 4560 2689 4621 ἵππον,
2723 4562 2750 4611 6
2783 4559 3131 4628 Ἀλέξανδρος
3174 4560 3301 4629 ἔφη,
3352 4558 3434 4628 μὴ
3465 4559 3626 4612 εἰδό-

2032 4748 2208 4814 etuti»;
2267 4745 2439 4816 αὐτῷ,
2486 4742 2638 4800 εἴπεο
2699 4748 2783 4801 Σὺ
2849 4747 2918 4800 δὲ
2979 4747 3323 4816 χρήσασθαι
3377 4745 3625 4814 δυνήσῃ

2039 4837 2230 4903 uorti);
2279 4838 2336 4892 '0
2365 4839 2410 4891 δ’
2449 4840 2730 4910 ἀπεκρίθη
2753 4855 2769 4872 ⁸
2807 4839 3060 4894 Βέλτιον
3092 4837 3168 4894 ἂν
3195 4839 3404 4908 ἐτέρου
3433 4839 3626 4903 τούτῳ

2034 4936 2410 5004 χρησαίμην.
2455 4937 2566 4989 Καὶ
2599 4937 2914 5008 χρήσασθαι
2950 4937 3028 5007 τῷ
3082 4937 3234 5007 ἵππῳ
3270 4935 3623 5008 ἐπιτραπεὶς,

2038 5028 2375 5100 παραλαϐὼν
2403 5029 2503 5100 τὴν
2544 5030 2724 5102 ἡνίαν,
2757 5029 3063 5101 ἐπέστρεψε
3113 5031 3251 5100 πρὸς
3295 5031 3386 5084 τὸν
3425 5030 3580 5100 ἥλιον
3605 5043 3620 5058 ⁸

2039 5120 2217 5184 συνεὶς
2265 5109 2419 5189 ῐσως,
2469 5123 2550 5175 ὅτι
2591 5127 2655 5194 τῇ
2713 5125 2846 5196 σκιᾷ
2897 5125 3004 5195 πρὸ
3056 5124 3225 5178 αὑτοῦ
3284 5121 3626 5193 σαλευομένη

2038 5212 2440 5284 διεταράττετο.
2484 5215 2667 5286 Βραχὺ
2710 5217 2767 5270 δὲ
2822 5217 3150 5289 καταψήσας
3201 5217 3366 5272 αὑτὸν
3397 5217 3626 5286 ἁνέθορε

2040 5313 2135 5360 καὶ
2171 5308 2344 5379 ὲπέὅη
2377 5308 2571 5364 αὑτοῦ.
2619 5312 2729 5365 Καὶ
2757 5313 3203 5384 παρακαλπάσας
3251 5311 3362 5384 (l7)
3402 5311 3628 5386 μικρὸν,

1505 5442 2042 5507 νει-ἱωιθοίὶοηοε
2089 5458 2149 5507 et
2184 5459 2379 5512 notae.

409 5547 719 5672 (1.4)Ῡῧ1ετὰ
783 5548 897 5614 τὴν
956 5549 1084 5616 περὶ
1149 5547 1338 5602 αὐτοῦ
1391 5551 1684 5618 ἱστορίαν.
1738 5552 1919 5607 Malim

409 5635 500 5669 τα.
602 5657 615 5670 .

341 5633 500 5669 κατα.
531 5633 586 5670 VV
602 5657 615 5670 .

2026 5553 2160 5632 Reg.
2196 5571 2251 5623 p.
2283 5556 2380 5632 ῌϐ
2412 5567 2466 5610 et
2487 5559 2514 5632 _l
2530 5557 2610 5611 ΤΟ.
2651 5559 2922 5629 Καθάπερ
2949 5561 3038 5613 τὸν
3070 5561 3426 5632 Ἀλέξανδρον
3460 5565 3625 5628 ἵππος

2023 5623 2452 5701 ῥλβουκξςράλας,
2476 5628 2559 5701 ita
2589 5632 2754 5684 etiam
2795 5623 3103 5701 appellatur
3129 5623 3222 5688 ab'
3242 5623 3536 5691 Eustathio
3569 5623 3624 5691 ni

413 5687 985 5766 (liii'Apt'azapzeq.
1008 5690 1095 5766 _I_Ia
1118 5691 1293 5766 codd.
1328 5707 1459 5747 mss.
1494 5693 1589 5748 sed
1631 5693 1919 5763 legendum

2026 5695 2190 5748 Iliad.
2225 5687 2288 5764 β’,
2318 5713 2369 5766 p.
2396 5687 2499 5751 309
2523 5713 2579 5754 et
2615 5703 2759 5756 aliis.

341 5759 729 5833 exrl’lutajcho
758 5769 814 5811 et
834 5761 964 5833 aliis
1008 5763 1422 5833 Ἀρίστανδρος.

414 5829 526 5896 (lli)
566 5829 946 5906 Βρυκεερίὶλα.
988 5829 1164 5896 Quem
1198 5829 1674 5906 ῃίίι’Βουκέφα).ον
1704 5848 1924 5892 vocaut.

343 5897 736 5954 Constantinus
769 5899 1045 5955 Manasscs
1071 5919 1127 5971 p.
1163 5905 1262 5957 170
1293 5922 1356 5957 ex
1381 5897 1543 5964 codd.
1569 5907 1843 5962 Allatiano
1873 5919 1929 5963 et

2033 5767 2760 5910 ἰῃίῖίῖέλξῆιρακαλπάσας.
2809 5773 2945 5830 Vide
2989 5773 3169 5830 Gloss.
3203 5774 3352 5832 med.
3396 5775 3624 5834 Graecit.
