4092 6432
450 395 555 459 337
1282 404 1287 407 ⁷
1688 401 2068 464 ΑΝΝΑΙᾸΙΗ

2167 406 2304 467 LIB.
2341 408 2444 471 IV.
3625 409 3739 472 338

449 504 633 576 ἀφῆκε
664 504 802 574 πρὸς
827 504 1050 576 δρόμον.
1070 507 1352 576 Ἠγωνίων
1389 507 1435 562 δ’
1463 509 1514 562 οἱ
1542 509 1854 581 βλέποντες.
1904 514 2047 585 Ἤδη

2168 535 2277 575 tam
2313 527 2364 575 te
2392 518 2710 577 Macedonia
2740 539 2844 577 non
2870 526 3064 594 capiet.
3112 525 3338 597 Ingenio
3380 525 3483 580 fuit
3533 525 3599 580 ad
3640 525 3740 577 im-

448 594 498 650 δ’
528 598 970 668 ἐπιστραφέντος
1012 598 1111 652 σὺν
1171 601 1483 672 φρονήματι
1511 605 1612 658 καὶ
1652 605 1821 676 χαρᾷ.
1853 605 1903 658 oi
1943 606 2045 676 μὲν

2167 622 2340 669 )erata
2400 615 2756 681 contumaci,
2797 615 2891 671 sed
2929 594 3237 685 rationibus
3286 627 3335 672 et
3388 617 3742 672 suasionibus

454 692 586 762 περὶ
628 691 901 746 Φίλιππον
966 692 1294 762 ἀνεϐόησαν,
1352 695 1567 758 ἐκεῖνος
1609 695 1667 749 δὲ
1722 698 2047 767 χαρμόσυνα

454 784 768 853 προήνεγκε
805 782 1042 855 δάκρυα,
1074 786 1172 838 καὶ⁵
1203 786 1441 857 φιλήσας
1481 787 1575 841 τὸν
1613 790 1804 854 παῖδα,
1847 791 2045 859 Ζήτει,

454 875 692 942 τέκνον,
715 875 841 949 ἔφη,
868 881 969 933 σοι
991 879 1326 944 βασιλείαν
1348 881 1680 952 ἀνάλογον,
1710 886 2052 941 Μακεδονία

456 970 570 1040 γάρ
606 988 682 1025 σε
720 972 792 1026 οὐ
822 972 1020 1041 χωρεῖ.
1046 969 1155 1027 Ἦν
1186 974 1243 1027 δὲ
1284 976 1315 1043 ή
1348 974 1513 1045 φύσις
1543 977 1693 1048 αὐτῷ
1720 979 2050 1052 δυσκίνητος

464 1066 561 1134 μὲν
580 1066 1000 1138 ὲπιτασσομένῳ
1022 1085 1034 1098 ·
1075 1067 1123 1120 εἰ
1149 1067 1205 1120 δὲ
1235 1068 1384 1140 λόγῳ
1415 1087 1499 1134 τις
1532 1071 1697 1124 αὐτὸν
1729 1072 1825 1125 καὶ⁵
1870 1073 2054 1128 πειθοῖ

464 1159 677 1231 μετῄει,
738 1159 1046 1232 πειθήνιος.
1104 1163 1369 1232 Ὠμίλησε
1423 1165 1479 1219 δὲ
1536 1164 1613 1236 τῷ
1661 1166 2051 1237 Ἀριστοτέλει,

464 1251 753 1323 μετασχὼν
783 1252 845 1306 οὐ
883 1253 1047 1323 μόνον
1076 1254 1173 1307 τοῦ
1205 1255 1400 1324 ἠθικοῦ
1430 1257 1525 1310 καὶ
1554 1258 1837 1313 πολιτικοῦ
1864 1259 2052 1328 λόγου,

462 1346 602 1400 am
627 1347 723 1401 καὶ
755 1346 867 1401 τῶν
923 1350 1413 1422 ἀπορῤητοτέρων,
1452 1350 1547 1416 οὓς
1593 1354 1693 1408 οὐκ
1746 1355 2055 1409 ἐκοινοῦντο

465 1436 709 1503 πολλοῖς,
742 1440 1081 1502 ὲποπτικοὺς
1114 1442 1211 1494 καὶ
1245 1443 1705 1512 ἀκροαματικοὺς
1761 1445 2054 1511 καλοῦντες

444 1530 689 1595 αὐτούς.
744 1532 977 1601 Φέρεται
1012 1533 1121 1603 γὰρ
1164 1535 1304 1607 πρὸς
1334 1535 1685 1608 Ἀριστοτέλη
1732 1538 1900 1592 αὑτοῦ
1930 1539 2049 1591 ἑπι-

466 1622 698 1687 στόλιον,
726 1622 901 1688 οὕτως
935 1626 1082 1698 ἔχοι·
1115 1618 1241 1682 Οὐκ
1268 1627 1456 1697 ὀρθῶς
1480 1630 1801 1698 ἐποίησας.
1835 1631 2056 1697 ἐκδοὺς

463 1715 607 1782 τοὺς
632 1716 1116 1787 ἀκροαματικοὺς
1166 1719 1286 1774 τῶν
1317 1722 1536 1790 λόγων.
1586 1721 1713 1777 Τίνι
1775 1723 1888 1795 γὰρ
1938 1724 2059 1779 τῶν

463 1808 674 1863 ἄλλων
702 1809 1036 1883 διοίσομεν,
1078 1817 1130 1868 εὶ
1176 1817 1306 1869 καθ’
1338 1816 1451 1882 οὓς
1484 1818 1929 1888 ἐπαιδεύθημεν
1952 1821 2056 1875 λό-

2153 708 2447 763 tractabili.
2518 705 2776 779 Magistro
2855 725 2987 764 usus
3059 718 3145 764 est
3205 709 3502 766 Aristotele
3560 729 3571 763 :
3636 724 3741 765 nec

2151 794 2460 851 doctrinam
2496 796 2565 853 de
2610 798 2858 858 moribus
2901 798 3170 854 duntaxat
3213 840 3226 860 ,
3266 799 3613 870 gerendaque
3658 814 3743 853 re-

2154 891 2375 963 publica
2420 890 2704 962 percepit,
2738 891 2833 946 sed
2879 898 2934 947 et
2962 907 3291 947 arcanarum
3334 882 3519 948 rerum
3560 891 3742 946 scien-

2156 986 2289 1041 tiam
2316 1004 2329 1040 :
2361 1001 2484 1056 quae
2513 985 2660 1055 quod
2702 984 2894 1054 paucis
2937 982 3466 1047 communicaretur,
3491 982 3743 1054 epoptira

2157 1088 2214 1133 et
2265 1074 2635 1133 acroamatica
2679 1076 2987 1139 dicebatur,
3035 1092 3268 1146 quarum
3320 1091 3518 1131 vocum
3577 1074 3747 1129 altera

2156 1167 2486 1237 inspiciendi
2516 1208 2530 1233 ,
2565 1168 2734 1222 altera
2757 1167 3105 1223 auscultandi
3144 1167 3424 1223 notionem
3454 1166 3641 1221 habet.
3671 1166 3751 1221 Ac

2156 1258 2548 1314 circumfertur
2593 1260 2712 1330 ejus
2769 1259 3084 1329 epistolium
3136 1259 3201 1314 ad
3249 1259 3641 1318 Aristotelem.
3694 1258 3748 1313 in

2157 1351 2301 1406 hanc
2329 1351 2660 1407 sententiam
2713 1371 2726 1407 :
2761 1351 2883 1406 Non
2938 1352 3096 1422 185
3145 1360 3284 1409 recte
3308 1352 3515 1422 fecisti,
3556 1368 3753 1405 acroa-

2159 1446 2366 1499 maticis
2387 1445 2834 1513 disputationibus
2856 1445 3030 1498 editis.
3075 1442 3213 1498 Num
3241 1460 3346 1515 qua
3372 1459 3428 1496 re
3450 1442 3576 1497 aliis
3608 1459 3752 1513 prur-

2158 1536 2428 1602 cellemus,
2465 1538 2511 1592 si
2533 1554 2594 1591 ea
2620 1536 2862 1591 doctrina
2888 1554 2994 1608 qua
3018 1535 3211 1590 eruditi
3231 1552 3436 1596 sumus,
3460 1536 3754 1589 communis

2159 1630 2564 1685 critonmibus?
2609 1630 2677 1683 At
2707 1629 2804 1683 ille
2848 1628 3135 1698 respondit
3174 1646 3187 1681 :
3228 1626 3299 1680 Et
3337 1626 3504 1680 editas
3541 1633 3755 1704 esse,“

2160 1741 2266 1778 non
2315 1724 2503 1778 editas.
2578 1722 2789 1790 Quibus
2838 1723 3026 1777 verbis
3072 1720 3469 1779 obscuritatem
3534 1720 3753 1774 illarum

2164 1830 2385 1881 rerum,
2421 1822 2478 1870 et
2535 1812 2877 1883 intelligendi
2933 1810 3313 1867 difficultatem
3382 1806 3754 1879 signiﬁcabat.

462 1916 629 1968 τους.
670 1899 837 1960 οὗτοι
879 1904 1124 1960 πάντων
1165 1908 1413 1963 ἔσονται
1449 1912 1675 1975 κοινοῖς
1716 1911 1776 1964 Ὀ
1817 1912 1873 1965 δὲ
1927 1912 2057 1966 ἀντ-

2167 1908 2444 1964 Medieiuze
2467 1922 2579 1962 non
2605 1906 2894 1962 scientiam
2925 1905 3211 1967 duntaxat,
3245 1904 3339 1959 sed
3384 1904 3560 1973 ipsam
3586 1899 3753 1953 etiam

466 1991 806 2059 επέστειλεν,
834 1995 907 2058 ὡς
950 1995 1355 2062 Ἔκδέδονται,
1408 2001 1509 2054 καὶ
1546 2003 1659 2056 οὐκ
1685 2002 2054 2058 ἐκδέδονται⁶

465 2081 553 2134 διὰ
612 2084 820 2140 τούτων
873 2088 1053 2159 δηλῶν
1105 2091 1206 2160 τὴν
1246 2091 1539 2161 ἀσάφειαν,
1599 2094 1695 2147 καὶ
1744 2095 1804 2148 τὸ
1857 2095 2060 2148 δυσκα-

465 2174 895 2244 τὶληπτον.Καὶ
910 2184 1007 2252 τῆς
1033 2184 1287 2254 ἰατρικῆς
1303 2185 1358 2238 δὲ
1387 2187 1448 2239 οὐ
1476 2186 1537 2239 τὸ
1568 2188 1906 2258 θεωρητικὸν
1939 2207 2063 2259 μετ-

465 2266 551 2337 ῄει
596 2272 781 2339 μόνον,
836 2273 976 2329 ἀλλά
1034 2280 1133 2333 καὶ
1189 2278 1291 2350 τὴν
1340 2281 1544 2347 πρᾶξιν
1599 2281 1792 2352 αὐτήν.
1842 2279 2060 2348 Ἐξκαι·

465 2359 693 2434 δεκέτης
731 2365 787 2420 δὲ
832 2368 1098 2436 γεγονὼς,
1150 2372 1245 2425 καὶ
1281 2371 1377 2425 τοῦ
1426 2373 1803 2445 φρονήματος,
1836 2375 1929 2428 καὶ
1963 2375 2061 2443 τῆς

2153 2000 2435 2056 actionem
2481 1997 2759 2055 tractavit.
2803 1998 2993 2053 Annos
3020 2003 3183 2050 uatus
3214 2011 3302 2050 xvi
3343 2009 3467 2049 cum
3500 1989 3756 2064 generosi

2155 2102 2212 2149 et
2258 2090 2417 2146 fortis
2443 2089 2612 2145 animi
2655 2089 2765 2161 jam
2806 2086 3110 2158 specimiua
3157 2084 3384 2147 ederet,
3417 2098 3582 2153 supra
3631 2095 3758 2135 mov-

2158 2187 2291 2242 dutn
2340 2201 2373 2239 a
2423 2195 2579 2253 patre
2624 2182 2932 2238 amabatur.
2984 2179 3123 2236 Cum
3178 2195 3289 2248 quo
3340 2185 3521 2231 tamen
3564 2173 3613 2229 ei
3645 2190 3755 2228 nun

2159 2279 2368 2352 Optime
2401 2276 2698 2341 convenit,
2738 2275 2809 2330 ob
2842 2288 3062 2328 amores
3088 2273 3236 2327 illius
3262 2268 3410 2325 aetati
3438 2266 3753 2331 indecoros,

2158 2382 2216 2428 et
2244 2369 2437 2425 matris
2463 2366 2790 2439 zelotypiam
2816 2372 2874 2423 et
2904 2364 3279 2435 asperitatem.

467 2455 723 2525 ἀνδρείας
750 2460 1064 2533 ἀπόπειραν
1088 2463 1410 2537 ἤδηδιδοῦς,
1441 2466 1848 2539 ὃπερηγαπᾶτο
1900 2467 2038 2537 πρὸς
2079 2464 2173 2519 τοῦ
2212 2462 2462 2535 πατρός⁹
2490 2461 2578 2514 διὰ
2626 2460 2683 2512 δὲ
2731 2458 2861 2522 τοὺς
2924 2457 3055 2527 παρ’
3106 2456 3326 2529 ἡλικίαν
3387 2454 3600 2527 ἔρωτας
3653 2450 3749 2507 τοῦ

465 2549 760 2616 φιλίππου,
809 2557 904 2610 καὶ
940 2555 1002 2610 τὸ
1037 2556 1141 2629 τῆς
1207 2558 1415 2632 μητρὸς
1478 2557 1786 2630 ζηλότυπον
1855 2560 1955 2615 καὶ
2022 2557 2366 2631 βαρύθυμον,
2413 2556 2441 2608 ὁ
2495 2552 2851 2620 Ἀλέξανδρος
2894 2550 3023 2621 ἔσχε
3073 2551 3215 2621 πρὸς
3244 2549 3335 2602 τὸν
3365 2547 3583 2618 πατέρα
3636 2547 3756 2600 δια*

472 2644 670 2716 φοράς.

543 2742 622 2797 Θν.
649 2743 964 2798 Παυσανίου
994 2745 1053 2800 δὲ
1092 2747 1188 2801 τὸν
1220 2747 1489 2803 Φίλιππον
1519 2750 1853 2814 κτείναντος,
1884 2747 2061 2820 παρέ-

471 2830 602 2886 λαϐε
626 2834 728 2904 τὴν
756 2834 1038 2905 βασιλείαν
1061 2837 1235 2894 εἴκοσι
1257 2842 1545 2913 τυγχάνων
1573 2845 1734 2899 ἑτων.
1764 2845 1875 2897 Καὶ
1903 2860 2064 2897 τετα-

472 2927 768 2998 ραγμένων
792 2929 1062 2985 πάντοθεν
1088 2936 1155 3005 τῇ
1183 2934 1325 3007 ἀρχῇ
1351 2935 1460 2990 τῶν
1487 2938 1860 3009 πραγμάτων,
1888 2937 2064 3012 τόλμῃ

475 3020 571 3072 καὶ
601 3019 761 3090 βάρει
793 3024 1146 3094 φρονήματος
1174 3026 1316 3081 αύτά
1350 3028 1491 3099 ταχὺ
1529 3031 1933 3100 κατεστήσατο,
1966 3031 2067 3095 τὰς

2227 2742 2322 2801 IX.
2349 2741 2605 2813 Philippo
2629 2757 2659 2797 a
2680 2741 2954 2797 Pausania
2985 2739 3302 2806 interfecto,
3335 2742 3391 2796 in
3430 2756 3601 2814 regno
3632 2753 3761 2795 suc-

2162 2839 2349 2903 cessit,
2402 2852 2580 2893 annos
2619 2852 2688 2890 xx
2741 2844 2955 2891 natus:
2993 2842 3050 2891 et
3100 2834 3354 2905 quamvis
3400 2849 3490 2889 res
3530 2831 3751 2903 imperii

2163 2931 2413 3001 undique
2453 2929 2688 2985 turbata:
2710 2935 2917 2993 essent,
2940 2943 3034 2983 eas
3070 2936 3253 2982 tamen
3282 2926 3513 2981 audacia
3536 2934 3592 2980 et
3624 2940 3760 2981 con-

2166 3023 2274 3079 silii
2308 3022 2576 3095 gravitate
2612 3016 2879 3076 Celeriter
2916 3021 3231 3089 composuit
3274 3035 3287 3072 :
3341 3018 3552 3073 Thebis
3579 3017 3758 3088 captis

476 3111 578 3178 μὲν
605 3112 793 3182 Θήϐας
821 3114 960 3169 ἐλὼν
1000 3118 1095 3171 καὶ
1127 3121 1514 3188 κατασκάψας,
1542 3123 1640 3177 καὶ
1670 3123 1798 3187 τοὺς
1828 3123 2059 3186 ἁλόντας

2168 3125 2223 3169 et
2251 3113 2483 3175 eversis,
2516 3112 2860 3182 captivisque
2889 3110 3151 3175 venditis,
3178 3118 3235 3165 et
3262 3125 3395 3180 pace
3425 3125 3549 3166 cum
3584 3108 3760 3165 Athe-

473 3203 586 3258 τῶν
612 3203 870 3274 Θηϐαίων
920 3209 1279 3280 ἀποδόμενος,
1321 3212 1629 3283 Ἀθηναίοις
1656 3215 1713 3269 δέ
1740 3233 1804 3285 γε
1830 3217 2058 3271 σπεισά-

482 3312 666 3367 μενος.
694 3296 823 3352 Ὅτε
858 3299 953 3353 καὶ
994 3301 1327 3371 Τιμόκλειαν
1360 3307 1595 3373 γυναῖκα
1646 3305 1916 3376 Θηϐαίαν,
1970 3311 2067 3362 καὶ

473 3386 588 3441 τῶν
630 3389 917 3459 ἐπιφανῶν
963 3390 1114 3464 Θρᾲξ
1162 3411 1247 3457 τις
1276 3393 1386 3447 τῶν
1417 3395 1706 3467 ἡγεμόνων
1755 3396 2067 3470 κατῄσχυνε

476 3478 836 3552 βιασάμενος,
882 3478 1004 3537 εἶτα
1040 3484 1172 3556 περὶ
1221 3488 1524 3557 χρημάτων
1555 3488 1864 3563 ἀνέκρινεν.
1907 3490 1974 3545 Ἦ
2010 3491 2068 3545 δὲ

480 3573 644 3642 μόνον
703 3575 868 3629 αὑτὸν
903 3575 1259 3630 ἀπολαϐοῦσα
1306 3581 1386 3641 εἰς
1438 3577 1620 3652 φρέαρ
1652 3580 1973 3652 ἀπήγαγεν,
2008 3583 2067 3636 ὲν

476 3667 662 3737 τούτῳ
702 3667 920 3737 φαμένη
958 3669 1068 3723 τῶν
1099 3670 1403 3740 κειμηλίων
1435 3673 1787 3745 κατακρύψαι
1811 3673 1883 3730 τὰ
1930 3674 2067 3730 κάλ-

477 3755 660 3812 λιστα.
693 3757 801 3812 Τοῦ
835 3759 881 3812 δ’
916 3760 1186 3831 ἡγεμόνος
1216 3762 1591 3829 ὲπικλιθέντος
1621 3764 1699 3836 τῷ
1731 3768 1942 3838 στομίῳ
1972 3765 2069 3821 τοῦ
2102 3824 2103 3827 η

478 3852 735 3921 φρέατος,
788 3846 931 3907 ὦσεν
961 3853 1124 3908 αὑτὸν
1150 3856 1182 3926 ή
1210 3855 1349 3928 γυνὴ
1391 3856 1513 3910 κατ’
1546 3858 1735 3925 αὐτοῦ,
1760 3861 1856 3913 καὶ
1884 3859 2068 3925 λίθους

478 3943 690 3998 ἀνωθεν
724 3942 964 4012 βαλοῦσα
998 3945 1267 4002 ἔκτεινεν.
1329 3949 1435 4003 Ἢν
1464 3948 1687 4019 δέσμιον
1736 3949 1874 4022 πρὸς
1906 3951 2070 4005 αὐτὸν

479 4033 742 4105 ἀχθεῖσαν
768 4037 1045 4110 ὲρὼτησεν
1072 4037 1101 4091 ό
1148 4037 1506 4113 Αλέξανδρος,
1536 4040 1657 4113 ἥτις
1674 4041 1794 4114 sin;
1817 4041 1897 4109 ,Ἦ
1927 4041 1984 4100 δὲ
2009 4042 2069 4099 ἀο
2094 4086 2124 4103 α

479 4128 747 4198 τρέστως,
780 4131 1086 4200 Θεαγένους
1143 4134 1262 4204 είμὶ
1292 4130 1499 4206 ἀδελφὴ
1522 4176 1536 4198 .
1591 4138 1956 4208 ἁπεκρίνατο,
1988 4139 2071 4204 ,ὃς

480 4222 619 4293 πρὸς
649 4224 917 4279 Φίλιππον
947 4226 1121 4298 ᾑρέθη
1156 4229 1485 4301 στρατηγὸς,
1526 4232 1621 4284 καὶ
1649 4232 1792 4304 ὑπὲρ
1814 4233 1915 4306 τῆς
1957 4234 2070 4288 Ἐλ-

479 4312 663 4385 λήνων
692 4317 1096 4388 ἀγωνιζόμενος
1132 4319 1468 4393 ὲλευθερίας,
1504 4322 1721 4377 ἔπεσεν.
1763 4324 2068 4397 Ἀγάμενος

478 4406 579 4463 οὖν
601 4414 701 4483 τήν
725 4427 784 4464 τε
833 4412 1321 4484 μεγαλοφροσύνην
1347 4416 1448 4487 τῆς
1477 4420 1739 4487 γυναικὸς
1766 4420 1792 4472 ό
1815 4421 2068 4489 Ἀλέξαν-

2171 3205 2459 3262 nieusibus
2486 3204 2650 3269 faela,
2687 3203 2742 3258 in
2783 3201 3099 3258 Thebarum
3150 3202 3369 3259 excidio
3414 3202 3600 3257 Thrax
3627 3200 3756 3271 qui-

2170 3300 2295 3356 dam
2330 3299 2442 3356 dux
2473 3300 2743 3354 illustrem
2777 3309 3083 3352 matronam
3134 3295 3474 3352 Timocleam
3517 3294 3572 3350 vi
3624 3310 3761 3351 con-

2169 3392 2444 3464 stupravit
2478 3409 2492 3447 :
2524 3406 2591 3446 ac
2622 3389 2846 3455 deinde,
2878 3376 2971 3444 ubi
3004 3387 3238 3459 pecunia
3263 3387 3386 3459 ejus
3426 3394 3595 3443 esset.
3627 3399 3759 3456 per-

2171 3491 2428 3541 contatus
2453 3492 2558 3545 est.
2584 3498 2750 3554 quem
2782 3482 2873 3537 illa
2894 3481 3074 3537 solum
3097 3481 3165 3536 ad
3199 3489 3427 3550 puteum
3456 3477 3756 3548 quemdam

2171 3578 2422 3642 deduxit,
2465 3578 2522 3631 in
2561 3590 2738 3647 eoque
2765 3590 2825 3631 se
2866 3583 3192 3630 ornamenta
3240 3590 3336 3629 sua
3385 3571 3757 3644 pulcherrima
3808 3630 3813 3635 ,

2171 3670 2528 3728 abscondisse
2566 3668 2705 3724 dixit
2741 3685 2754 3721 :
2788 3682 3028 3737 cumque
3054 3666 3164 3721 dux
3206 3664 3272 3719 ad
3301 3665 3575 3721 oriﬁcium
3607 3664 3755 3734 putei

2171 3779 2295 3820 sese
2320 3763 2661 3826 inclinasset,
2701 3760 2904 3814 mulier
2937 3775 3065 3813 eum
3098 3758 3344 3826 impulit,
3377 3773 3441 3813 ac
3478 3758 3755 3826 dejectum

2173 3853 2321 3910 saxis
2372 3853 2593 3925 injectis
2644 3851 2944 3907 interfecit.
2990 3851 3124 3905 Eam
3169 3849 3482 3906 Alexander
3515 3848 3758 3903 vinctam

2173 3947 2242 4002 ad
2270 3962 2330 4003 se
2358 3944 2680 4017 perductam
2713 3942 3079 4014 interrogavit
3103 3984 3116 4001 .
3145 3958 3267 4013 qua:
3292 3942 3475 3998 esset?
3504 3940 3760 4011 Respon-

2174 4039 2256 4098 dit
2288 4038 2380 4098 illa
2417 4036 2713 4112 intrepide,
2749 4052 2806 4096 se
2839 4034 3149 4111 Tbcagenis
3182 4050 3303 4094 esse
3345 4048 3633 4106 sororem,
3665 4033 3762 4110 qui

2175 4136 2286 4189 dux
2320 4144 2513 4188 contra
2567 4131 2883 4204 Philippum
2915 4132 3127 4187 electus
3155 4175 3167 4197 ,
3205 4148 3304 4202 pro
3338 4132 3662 4188 delensionc
3694 4134 3763 4186 li-

2172 4228 2408 4283 bertatis
2430 4225 2748 4282 Graecorum
2779 4225 3122 4280 occubuerit.
3156 4226 3286 4294 Ejus
3314 4225 3481 4298 igitur
3519 4226 3763 4282 indolem

2171 4333 2228 4376 et
2271 4320 2442 4376 animi
2490 4321 2923 4392 magnitudinem
2982 4319 3306 4384 admiratus,
3355 4320 3584 4375 I‘beram
3635 4335 3766 4375 cum

2172 4415 2365 4471 liberis
2386 4415 2502 4470 suis
2526 4414 2762 4470 dimisit.
2789 4413 2926 4471 Cum
2952 4414 3020 4469 ad
3044 4414 3345 4485 Diogenem
3372 4414 3764 4484 Sinopensem,

481 4501 631 4571 δρος,
679 4503 773 4557 καὶ
801 4503 865 4557 τὸ
898 4506 1243 4577 παράστημα
1271 4507 1374 4578 τῆς
1401 4507 1605 4582 ψυχῆς,
1642 4511 1938 4585 ἐλευθέραν
1975 4514 2068 4569 σὺν

2179 4508 2557 4580 qulCoriuthi
2595 4506 2851 4579 degebat,
2900 4507 3163 4571 venisset,
3216 4522 3454 4579 eumque
3499 4508 3647 4565 dicta
3680 4525 3766 4565 sa-

482 4597 600 4659 τοῖς
634 4595 851 4660 τέκνοις
866 4597 1137 4653 ἀπέλυσε.
1165 4598 1310 4671 Πρὸς
1335 4601 1597 4675 Διογένην
1624 4602 1680 4657 δὲ
1708 4603 1802 4658 τὸν
1825 4605 2068 4662 Σινωπέα

2175 4602 2289 4658 lute
2344 4609 2588 4672 rogasset
2619 4617 2631 4653 :
2663 4601 2806 4657 Num
2840 4616 2948 4670 qua
2985 4615 3046 4656 re
3075 4600 3301 4672 egeret?
3334 4601 3621 4672 respondit
3647 4602 3764 4667 ille,

485 4688 620 4760 περὶ
661 4688 930 4760 Κόρινθον
963 4690 1314 4764 διατρίϐοντα
1347 4694 1624 4763 ἀπελθὼν,
1660 4697 1756 4752 καὶ
1787 4696 1925 4771 ήλίῳ
1949 4699 2068 4753 θαλ-

2175 4697 2279 4753 sibi
2317 4710 2460 4767 opus
2483 4710 2605 4752 esse
2635 4697 2821 4752 calore
2851 4693 3025 4761 solis;
3057 4705 3229 4765 utque
3264 4694 3397 4749 inde
3423 4680 3763 4764 discederet,

486 4782 731 4852 πόμενον
784 4783 1066 4854 εὑρηκὼς,
1110 4787 1400 4856 ἠσπάσατό
1428 4806 1488 4842 τε
1520 4790 1613 4843 τὸν
1647 4790 1840 4863 ἄνδρα,
1878 4795 1974 4848 καὶ⁸
2023 4797 2068 4861 εί

2175 4788 2358 4860 petiit.
2387 4786 2703 4844 Alexandro
2737 4788 3009 4859 digresso,
3043 4788 3276 4843 comites
3314 4788 3439 4859 ejus
3465 4787 3764 4861 Diogenem

482 4888 630 4939 τινος
664 4875 859 4939 δέοιτο,
898 4877 1087 4948 ἤρετο.
1125 4878 1184 4932 '0
1213 4879 1272 4934 δὲ
1294 4880 1397 4950 τῆς
1416 4879 1514 4935 τοῦ
1542 4881 1698 4953 ήλίου
1727 4880 1883 4939 εἶπεν
1908 4886 2068 4951 ἀλέας

2178 4881 2531 4938 deridebant.
2559 4883 2777 4949 Quibus
2806 4884 2897 4939 ille
2924 4883 3221 4939 sublimem
3253 4883 3359 4937 viri
3391 4884 3636 4938 animum
3670 4884 3761 4938 ad-

484 4965 719 5032 δεῖσθαι,
776 4969 872 5022 καὶ
909 4971 1248 5043 μεταστῆναι
1281 4971 1445 5027 αὐτὸν
1473 4973 1647 5046 ἠξίου.
1697 4977 1976 5041 Ἀπιόντος
2013 4979 2071 5032 δὲ

484 5057 583 5113 τοῦ
616 5056 995 5129 Ἀλεξάνδρου,
1022 5061 1073 5114 οἱ
1104 5062 1236 5129 περὶ
1269 5062 1432 5131 αὐτὸν
1463 5065 1779 5133 κατεγέλων
1824 5066 1920 5121 τοῦ
1951 5069 2073 5122 Διο-

485 5151 705 5222 γένους.
746 5151 808 5207 ’0
838 5152 897 5207 δὲ
918 5153 1056 5222 πρὸς
1081 5154 1278 5220 αὐτοὺς
1296 5155 1423 5229 ἔφη,
1450 5157 1751 5228 θαυμάζων
1783 5160 1843 5214 τὸ
1871 5160 2076 5232 ὑπερο-

485 5244 682 5298 πτικὸν
736 5243 832 5298 τοῦ
870 5245 1086 5318 ἀνδρὸς,
1122 5245 1199 5311 ὡς
1260 5249 1323 5302 Εί
1384 5250 1459 5321 μὴ
1494 5250 1850 5325 Ἀλέξανδρος
1901 5252 2077 5324 ήμην,
2108 5267 2119 5275 ·

485 5337 749 5409 Διογένης
775 5339 843 5393 ἂν
870 5338 1042 5410 ἤμην.
1087 5339 1371 5410 Ὀρμήσας
1403 5341 1458 5395 δὲ
1492 5345 1571 5404 εἰς
1603 5345 1701 5413 τὴν
1731 5346 1790 5397 ἐν
1812 5347 1878 5416 τῇ
1920 5343 2081 5415 Ἀσία

489 5429 785 5501 στρατείαν
809 5430 945 5501 (18),
977 5431 1038 5485 οὐ
1065 5431 1332 5503 πρότερον
1379 5433 1481 5505 τῆς
1523 5436 1652 5505 νηὸς
1699 5437 1899 5508 ἐπέϐη,
1951 5438 2080 5505 πρὶν

486 5522 571 5596 τῷ
604 5523 705 5594 μιν
725 5522 838 5578 τῶν
866 5522 1103 5596 ἑταίρων
1128 5523 1301 5595 ἀγρὸν
1326 5524 1648 5596 ἀπονεῖμαι,
1678 5529 1756 5600 τῷ
1780 5528 1838 5583 δὲ
1856 5530 2079 5601 κώμην,
2124 5542 2131 5547 ·

2181 4970 2434 5038 miratus,
2465 4972 2603 5027 dixit
2660 4988 2740 5035 se,
2795 4972 2903 5028 nisi
2932 4971 3244 5029 Alexander
3272 4983 3442 5039 esset,
3466 4974 3765 5045 Diogenem

2180 5076 2302 5117 esse
2338 5063 2502 5119 velle.
2542 5062 2679 5121 Cum
2726 5063 3022 5120 Asiaticam
3062 5063 3483 5135 expeditionem
3537 5064 3764 5118 molire-

2182 5165 2295 5219 tur,
2327 5172 2523 5212 navem
2555 5172 2665 5212 non
2690 5158 3019 5213 conscendit
3053 5156 3233 5228 prius,
3261 5172 3426 5227 quam
3457 5157 3764 5213 amicorum

2179 5250 2305 5306 aliis
2333 5265 2515 5321 agros,
2544 5250 2671 5306 aliis
2696 5266 2885 5322 pagos,
2915 5251 3040 5306 aliis
3071 5250 3282 5306 reditus
3314 5251 3529 5320 aliquos
3563 5250 3766 5307 donas-

2180 5352 2286 5399 set.
2316 5341 2363 5399 Α
2400 5342 2662 5399 Perdicca
2694 5351 2935 5415 rogatus,
2997 5343 3123 5414 quid
3166 5342 3367 5414 sibiipsi
3419 5355 3714 5415 reseruare:
3743 5345 3769 5399 .7

2183 5434 2364 5507 Spem,
2419 5435 2624 5505 inquit.
2662 5433 2803 5492 Cum
2826 5434 3240 5505 Hellespontum
3279 5433 3595 5506 traiecisset
3618 5478 3630 5501 ,
3678 5454 3768 5493 sa-

2183 5541 2354 5601 trapae
2387 5528 2539 5584 Darii
2599 5529 2747 5585 circa
2802 5528 3096 5583 transitum
3144 5524 3372 5583 Grauici
3423 5542 3548 5584 cum
3605 5522 3771 5601 186

1683 5649 1884 5712 Variae
1916 5649 2224 5713 lectiones
2270 5657 2333 5711 et
2363 5662 2553 5711 notae.

566 5765 681 5833 (l8)
723 5767 825 5829 Εἰς
882 5763 1023 5838 Th}:
1047 5764 1119 5838 ea;
1158 5760 1252 5838 τῆΔ
1280 5732 1455 5833 Ἀονίᾳ
1495 5771 1839 5838 στρατείαν.
1873 5769 1953 5826 lta
1981 5770 2081 5826 ha-

496 5833 633 5912 bent
676 5852 832 5912 mssa,
862 5844 919 5889 at
959 5834 1531 5912 Wolﬁusnlegendum
1567 5833 1803 5911 putabat
1848 5842 1943 5895 ἐπὶ
1981 5840 2081 5912 τὴν

512 5907 718 5963 Ἀσίαν.
780 5908 1014 5977 Haecque
1073 5903 1261 5961 subdit
1297 5903 1540 5965 FAuctor
1571 5903 1756 5969 hoster
1799 5928 1903 5968 non
1947 5903 2078 5969 adeo

2187 5769 2447 5825 barbarus
2478 5777 2575 5829 est.
2605 5770 2699 5824 sed
2739 5778 2816 5824 est
2842 5769 3023 5823 multis
3065 5769 3121 5823 in
3172 5767 3298 5825 locis
3335 5767 3678 5839 deprauatus,
3708 5772 3770 5822 ut

2188 5857 2276 5896 me
2301 5841 2523 5897 collatio
2544 5840 2797 5897 codicum
2824 5839 3034 5898 docuit.
