4074 6426
320 355 430 420 339

1593 352 1922 416 JOANNIS
1960 353 2301 415 ZONARIB

3510 351 3623 417 340

320 466 533 538 magnis
578 465 757 537 cepiis
805 474 1196 522 oecurrenunt.
1248 461 1519 523 Militibus
1550 474 1737 523 autem
1781 482 1909 538 pro-

2015 466 2093 539 τῷ
2109 465 2167 520 δὲ
2198 466 2460 538 πρόσοῖον
2480 465 2666 538 ἄλλην.
2691 465 2799 520 Τοῦ
2818 464 2873 520 δὲ
2895 464 3225 535 Περδίκκου,
3258 464 3319 518 Τί
3341 464 3417 529 δ’,
3445 460 3625 530 diﬁc-

274 590 283 593 -
321 560 647 614 funditatem
679 567 733 614 et
765 558 1032 630 impetum
1063 558 1332 624 ﬂuminis,
1373 568 1542 632 atque
1604 558 1775 615 etiam
1816 560 1916 613 ho-

319 652 485 706 stium
517 651 927 722 aggressionem
970 649 1485 717 reforznidantibns,
1516 650 1634 721 ipse
1664 666 1789 706 cum
1821 666 1913 705 χιιι

319 746 569 814 equitum
614 742 812 797 turmis
863 742 1068 797 flumen
1112 753 1199 798 est
1245 744 1552 813 ingressus.
1601 742 1913 812 eademque

319 852 489 908 Opera
522 846 580 893 et
626 837 807 907 ipsum
837 848 893 892 et
928 837 1117 893 hostes
1150 846 1207 893 et
1237 839 1386 908 ripas
1414 837 1643 894 altiores
1672 853 1737 893 ae
1771 854 1911 906 prte-

321 937 512 998 rnptas
543 937 630 983 est
659 928 1027 998 periclitatus,
1051 938 1113 985 ut
1143 928 1353 984 furiose
1382 929 1557 1001 magis
1586 944 1753 998 quam
1789 944 1917 999 pru-

319 1021 519 1076 denter
558 1023 829 1078 transisse
875 1030 1185 1091 putaretur.
1228 1021 1485 1077 Flumine
1510 1020 1579 1080 a'd
1612 1021 1763 1077 hunc
1798 1038 1918 1076 mo-

319 1114 451 1168 dum
497 1120 783 1183 superato,
822 1111 1244 1167 tumultuariam
1278 1126 1518 1182 pugnam
1555 1110 1907 1167 committere

320 1213 407 1261 est
450 1216 679 1261 coaetus
711 1221 725 1259 :
757 1213 815 1261 et
859 1204 1048 1260 multis
1081 1211 1274 1259 contra
1319 1218 1378 1259 se
1428 1202 1725 1259 ruentibus
1771 1202 1979 1281 (erat

319 1299 470 1352 enim
509 1314 575 1352 ex
605 1297 777 1353 armis
811 1297 1034 1370 notus),
1062 1296 1262 1368 jaculis
1292 1312 1401 1350 non
1423 1304 1510 1353 est
1545 1296 1909 1351 vulneratus:
1946 1280 1977 1302 ’⁸

321 1388 418 1444 sed
442 1389 667 1460 quidam
697 1389 818 1461 ejus
849 1389 1017 1457 galeae
1049 1396 1263 1443 tantum
1290 1388 1461 1443 ictum
1495 1387 1678 1459 gladio
1698 1387 1912 1451 intulit,

327 1494 389 1538 nt
444 1482 678 1553 capillos
718 1482 886 1538 etiam
939 1481 1357 1553 perstringeret.
1407 1481 1546 1537 Dum
1601 1497 1782 1553 pugna
1840 1484 1914 1536 ita

327 1574 791 1638 committeretur,
827 1573 1193 1630 Macedonicae
1211 1573 1386 1645 copim
1409 1572 1709 1634 Granicum
1739 1581 1919 1629 trans-

328 1669 538 1733 ierunt,
595 1684 833 1744 quarum
885 1668 997 1724 vim
1046 1667 1195 1724 Darii
1247 1668 1455 1725 milites
1504 1683 1613 1722 non
1653 1668 1914 1734 ferentes,

328 1760 471 1833 fuge
502 1775 562 1817 se
597 1760 957 1816 mandarunt.
984 1759 1117 1832 Eius
1154 1759 1327 1832 praelii
1358 1774 1651 1816 successus
1676 1759 1916 1816 Alexan-

2016 556 2220 624 σιλεῦ,
2259 557 2499 626 σεαυτῷ
2543 561 2966 625 καταλείπεις-ς
2993 558 3262 621 εἰπόντος,
3309 558 3424 622 Τὰς
3466 558 3623 611 ἐλπίς

2016 650 2154 724 δα;.,²
2179 652 2387 715 ἐκεῖνος
2438 652 2735 722 άντέφησε.
2770 654 3028 707 Διαϐάντι
3055 652 3111 705 δέ
3139 652 3234 707 τὸν
3280 650 3614 722 Ὶεῖλλήσπον-

2017 757 2130 804 τον,
2153 743 2204 795 οἱ
2232 741 2326 796 τοῦ
2347 743 2578 812 Δαρείου
2608 743 2888 817 σατράπαι
2915 742 3059 813 μετὰ
3079 743 3306 814 βαρεία;
3331 742 3621 813 δυνάμεως

2021 835 2152 906 περὶ
2176 834 2277 907 τὴν
2303 835 2398 889 τοῦ
2444 837 2717 908 Γρανικοῦ
2752 837 3008 892 διάϐασιν
3068 836 3219 907 αὐτῷ
3254 837 3615 906 συνηντήκει-

2020 943 2140 981 σαν.
2175 926 2297 981 τῶν
2331 928 2390 982 δέ
2431 929 2565 999 περὶ
2602 929 2767 983 αὐτὸν
2789 929 2853 983 τὸ
2883 928 3050 1000 βάθος
3093 928 3345 982 δεδιότων
3379 927 3478 981 τοῦ
3507 943 3610 981 πο·-

2016 1020 2217 1091 ταμοῦ,
2256 1019 2352 1076 τοῦ
2388 1022 2573 1094 ροθίου
2623 1040 2683 1077 τε
2738 1021 2839 1093 τὴν
2882 1022 3081 1093 φοράν,
3120 1022 3215 1077 καὶ
3240 1021 3339 1092 τὴν
3360 1021 3454 1075 ἐπὶ
3487 1020 3618 1075 τού-

2017 1130 2129 1177 τοις
2158 1114 2268 1168 τῶν
2326 1115 2611 1184 πολεμίων
2648 1114 2921 1177 ἐπίθεσιν,
2956 1116 3168 1179 ἐκεῖνος
3201 1114 3301 1168 σὺν
3333 1114 3479 1179 ίλαις
3528 1115 3621 1168 in:-

2025 1206 2170 1260 πέων
2196 1208 2560 1277 τρισκαίδεκα
2593 1207 2855 1279 ἐμϐάλλει
2886 1207 2963 1279 τῷ
2988 1207 3249 1279 ῥεύματι,
3306 1208 3447 1278 πρὸς
3481 1209 3622 1263 αὐτὸ

2018 1296 2483 1365 ἀποκινδυνεύων,
2503 1300 2600 1353 καὶ
2618 1300 2753 1370 πρλις
2767 1301 2895 1364 τοὺς
2913 1300 3208 1365 ἐναντίους,
3223 1301 3318 1354 καὶ
3336 1300 3471 1370 πρὸς
3492 1302 3622 1354 ἀπο·

2019 1388 2210 1453 ϐάσεις
2238 1390 2500 1459 ὀχθώδεις
2556 1392 2651 1445 καί
2675 1391 3033 1463 ἀπορρῶγας.
3067 1392 3161 1445 Διὸ
3207 1392 3305 1446 καὶ
3362 1392 3615 1461 μανικῶς

2022 1479 2247 1550 μᾶλλον,
2278 1480 2398 1532 ἀλλ’
2421 1482 2483 1534 οὐ
2514 1482 2903 1552 στρατηγικῶς
2930 1482 3078 1549 ἔδοξε
3108 1483 3234 1536 τότε
3283 1484 3616 1555 ποιήσασθαι

2017 1564 2119 1645 τὴν
2146 1573 2421 1628 διάϐασιν.
2480 1574 2639 1629 Οὕτω
2668 1576 2725 1629 δὲ
2747 1575 2962 1641 διαϐὰς,
3022 1575 3236 1646 φύρδην
3269 1577 3618 1648 ἠναγκάζετο

2023 1664 2319 1736 μάχεσθαι.
2356 1667 2468 1720 Καὶ
2501 1667 2716 1721 πολλῶν
2746 1670 2887 1740 πρὸς
2940 1669 3105 1724 αὑτὸν
3135 1669 3482 1741 ὡρμηκότων
3519 1664 3614 1740 (ἦν

2020 1758 2130 1830 γάρ
2157 1760 2223 1813 ἐκ
2249 1758 2358 1813 τῶν
2388 1758 2574 1814 ὃπλων
2604 1761 2911 1832 διάδηλος),
2936 1762 3283 1826 ἀκοντισθεὶς
3311 1762 3413 1834 μέν
3433 1763 3534 1816 οὐκ
3558 1764 3616 1814 ἐ·-

327 1852 432 1909 dro
463 1868 675 1925 magna
704 1852 987 1911 felicitatis
1013 1852 1120 1907 fuit
1147 1851 1390 1909 occasio.
1433 1852 1570 1908 Nam
1608 1859 1667 1908 et
1694 1851 1914 1908 Sardeis

2020 1851 2231 1923 τρὼθη,
2265 1854 2450 1908 κοπίδι
2497 1854 2554 1909 δὲ
2580 1855 2643 1909 τὸ
2671 1856 2875 1929 κράνος
2907 1856 3077 1913 αὑτοῦ
3107 1856 3416 1927 πλήξαντός
3443 1874 3614 1922 τινος,
3696 1888 3699 1891 ι

320 1944 377 2001 in
421 1944 765 2002 deditionem
808 1943 1048 2015 accepit,
1078 1952 1137 2001 et
1164 1944 1378 2015 reliqua
1423 1959 1486 2001 se
1515 1958 1643 2000 cum
1673 1959 1742 2000 eo
1780 1958 1918 1999 cou-

315 2039 648 2111 junxerunt.
704 2037 839 2095 lude
884 2037 955 2093 ad
1003 2052 1159 2094 oram
1196 2037 1531 2093 maritimam
1574 2051 1912 2104 conversus,

320 2131 722 2205 Pamphyliam,
766 2131 1020 2197 Ciciliam
1074 2138 1134 2188 et
1179 2131 1525 2188 thnieiam
1578 2132 1915 2202 occupavit,

322 2224 701 2296 Pisidiamqne
732 2234 790 2283 et
813 2225 1133 2298 Phrygiam.
1180 2222 1393 2280 Deinde
1432 2223 1814 2297 Paphlagones
1858 2231 1917 2279 et

322 2319 681 2388 Cappadoces
713 2318 955 2391 subegit.
998 2316 1199 2375 Darius
1223 2326 1411 2375 autem
1443 2317 1602 2375 Susis
1631 2316 1914 2388 profectus

319 2420 408 2466 est
437 2423 562 2467 cum
607 2427 676 2469 nc
722 2412 987 2474 millibus.
1021 2420 1136 2467 tum
1195 2412 1483 2468 exercitus
1531 2409 1913 2482 magnitudine

318 2505 521 2566 elatus.
556 2514 673 2560 tum
697 2520 766 2561 eo
788 2504 983 2568 fretus,
1020 2505 1169 2576 quod
1195 2504 1567 2561 Alexandrum
1595 2504 1667 2561 oh
1694 2503 1913 2575 longio-

320 2613 438 2655 rem
476 2599 530 2654 in
564 2597 759 2655 Cicilia
791 2614 1004 2655 moram
1036 2599 1230 2655 timere
1265 2598 1660 2654 arbitrabatur.
1692 2597 1749 2652 ld
1777 2613 1911 2654 vero

320 2687 393 2742 ob
426 2687 679 2744 morbum
714 2687 883 2744 fiebat
914 2704 928 2741 :
964 2689 1123 2761 cujus
1154 2689 1444 2744 curatione
1475 2703 1507 2743 a
1533 2685 1752 2743 caeteris
1782 2702 1906 2741 om-

320 2782 486 2839 nibus
519 2782 755 2839 medicis
779 2782 1070 2854 desperata
1093 2825 1108 2850 ,
1141 2783 1293 2840 solus
1322 2782 1617 2853 Philippus
1646 2782 1904 2838 Acarnan

317 2876 370 2930 ei
420 2875 750 2931 medicinam
798 2875 1069 2932 adhibere
1120 2891 1291 2933 ausus
1336 2886 1465 2932 est:
1503 2890 1627 2931 cum
1679 2873 1909 2945 quidem

318 2968 615 3025 Parmenio
640 2969 977 3041 scripsisset,
1008 2970 1164 3025 illum
1188 2985 1218 3024 a
1244 2968 1410 3026 Dario
1433 2975 1759 3039 corruptum
1787 2983 1911 3024 esse

321 3062 643 3133 iungentibus
670 3064 1000 3120 muneribus
1031 3072 1090 3119 et
1125 3048 1625 3133 pollicitationibus
1649 3100 1665 3127 ,
1702 3060 1749 3117 si
1778 3077 1907 3117 eum

319 3157 656 3215 sustulisset.
686 3158 764 3212 Ea
796 3157 1032 3229 epistola
1058 3157 1369 3216 Alexander
1404 3157 1570 3220 lecta,
1601 3166 1905 3212 asservata-

2020 1943 2186 2015 μέχρι
2227 1943 2490 1999 τοσούτου
2520 1946 2617 2001 τοῦ
2661 1950 2897 2020 κράνους
2930 1949 3195 2004 καθίκετο
3229 1950 3263 2018 ὴ
3289 1948 3501 2021 πληγὴ,
3530 1948 3610 2013 ὡς

2015 2038 2112 2092 καὶ
2132 2038 2244 2091 τῶν
2268 2038 2476 2110 τριχῶν
2505 2039 2672 2095 αὐτοῦ
2699 2041 3061 2112 παραψαῦσαι
3091 2042 3198 2113 τὴν
3224 2041 3447 2097 κοπίδα.
3493 2042 3611 2114 Τῆς

2018 2129 2200 2203 μάχης
2226 2129 2279 2185 δ’
2296 2130 2444 2185 οὕτω
2473 2133 2907 2206 συνισταμένης,
2935 2134 3030 2191 τὸν
3055 2133 3327 2205 Γρανικὸν
3349 2135 3405 2188 αἱ
3421 2134 3614 2190 Μακε-

2012 2220 2221 2276 δονικαὶ
2269 2222 2531 2294 δυνάμεις
2563 2223 2956 2297 διαϐεϐήκασιο
3010 2225 3106 2282 καὶ
3136 2228 3186 2281 οί
3238 2225 3338 2282 τοῦ
3369 2225 3607 2297 Δαρείου

2011 2314 2199 2371 οὐκέτι
2222 2316 2472 2390 ἀντεῖχον
2481 2357 2500 2385 ,
2521 2318 2640 2373 ἀλλ’
2663 2319 2884 2374 ἔκλιναν
2904 2322 2986 2384 είς
3007 2322 3212 2393 φυγήν.
3248 2320 3345 2375 Ἐκ
3360 2319 3492 2389 γοῦν
3514 2323 3615 2392 τῆς

2017 2411 2201 2481 μάχης
2231 2411 2441 2483 ταύτης
2474 2412 2646 2485 πολλή
2676 2432 2759 2478 τις
2813 2413 3036 2482 ἐγένετο
3062 2414 3200 2484 πρὸς
3240 2414 3501 2487 εὐτυχίαν
3531 2416 3614 2488 τῷ

2026 2498 2366 2574 Ἀλεξάνδρῳ
2390 2502 2553 2573 φορά.
2598 2503 2669 2557 Δῖ
2722 2521 2785 2557 τε
2837 2505 2948 2575 γάρ
2983 2504 3212 2575 Σάρδεις
3244 2507 3293 2560 oi
3332 2507 3618 2578 προσεχώ-

2016 2610 2216 2666 ρησαν,
2256 2596 2353 2647 καὶ
2396 2594 2570 2651 τᾶλλα
2620 2596 2978 2668 προσέθεντο.
3055 2594 3344 2651 Ἐντεῦθεν
3394 2598 3474 2659 εἰς
3509 2597 3611 2669 τὴν

2012 2684 2294 2753 παραλίαν
2319 2686 2612 2754 ἐτράπετο,
2640 2690 2736 2741 καὶ
2763 2688 2860 2757 τήν
2885 2704 2940 2740 τε
2974 2687 3306 2757 Παμφυλίαν
3333 2687 3485 2758 ἔσχε,
3511 2690 3610 2741 καὶ

2012 2777 2271 2832 Κιλικίαν
2292 2796 2355 2832 τε
2384 2779 2480 2833 καὶ
2510 2780 2793 2852 Φοινίκην,
2829 2779 3078 2834 Πισιδίαν
3119 2798 3178 2833 τε
3220 2782 3313 2834 καὶ
3340 2782 3609 2851 Φρυγία-ιο

2012 2865 2132 2923 εἶτα
2204 2871 2567 2940 Παφλαγόνας
2629 2872 2726 2925 καὶ
2807 2871 3192 2936 Καππαδόκας
3245 2871 3607 2942 ἐχειρώσατο.

2011 2965 2238 3036 Δαρεῖος
2299 2964 2358 3018 δέ
2397 2965 2463 3018 ἐκ
2509 2965 2732 3019 Σούσων
2767 2964 2866 3018 σὺν
2900 2964 3169 3035 ἐξήκοντα
3202 2967 3467 3036 μυριάσιν
3497 2964 3612 3035 ὥρ-

2015 3073 2183 3127 μησε,
2214 3056 2294 3127 τῷ
2330 3074 2391 3111 τε
2432 3056 2637 3128 πλήθει
2667 3058 2768 3128 τῆς
2824 3059 3090 3127 στρατιάς
3144 3059 3483 3128 ἐπηρμένος,
3515 3059 3612 3112 καὶ

2012 3150 2212 3221 θάρσος
2237 3150 2400 3222 ἔχων,
2423 3152 2499 3216 ῶς
2523 3151 2836 3216 δειλιῶντος
2865 3150 3245 3221 Ἀλεξάνδρου,
3264 3151 3348 3204 ὅτι
3373 3153 3468 3205 ἐπὶ⁵
3494 3168 3604 3221 μα-

317 3262 426 3316 que
450 3287 466 3311 ,
502 3263 566 3303 ac
592 3264 653 3303 re
678 3248 886 3303 nemini
918 3249 1325 3305 communicata
1349 3287 1365 3313 ,
1406 3247 1633 3302 calicem
1664 3246 1901 3303 medica-

2017 3244 2152 3316 κρδν
2197 3244 2403 3309 ἐκεῖνος
2450 3245 2509 3299 ἐν
2560 3244 2789 3317 Κιλικία
2828 3244 3089 3315 διέτριϐε·
3120 3243 3183 3298 τὸ
3217 3244 3274 3298 δὲ
3320 3243 3411 3298 διὰ
3442 3244 3603 3299 νόσον

318 3340 489 3394 menti
522 3356 551 3394 a
587 3340 841 3410 Philippo
870 3339 1118 3396 oblatum
1148 3340 1362 3411 accepit
1395 3340 1579 3396 alacer
1619 3357 1633 3393 ι
1662 3339 1740 3395 illi
1776 3354 1909 3394 vero

224 3428 233 3437 ’
318 3433 606 3502 epistolam
635 3432 808 3487 dedit.
842 3432 934 3489 Sic
960 3432 1099 3488 alter
1132 3432 1296 3498 bibit,
1325 3433 1466 3489 alter
1499 3433 1651 3505 legit,
1677 3444 1909 3504 uterque

319 3528 555 3581 alterum
616 3527 843 3583 intuens
892 3544 905 3580 :
948 3525 1261 3581 Alexander
1320 3526 1474 3581 vultu
1545 3524 1797 3597 jucunde
1853 3534 1910 3579 et

322 3619 481 3673 hilari
514 3661 528 3680 .
570 3618 860 3689 Philippus
895 3620 1128 3675 sollicito
1162 3628 1219 3675 et
1260 3618 1600 3689 perturbato.
1641 3616 1782 3675 Cum
1812 3633 1911 3673 au-

322 3721 430 3765 tem
467 3710 664 3765 Darius
715 3721 905 3766 contra
948 3708 1323 3766 Alexandrum
1352 3708 1679 3773 festinaret,
1708 3722 1816 3771 ne,
1851 3714 1911 3761 ut

319 3802 559 3866 dicebat,
582 3802 770 3857 hostes
797 3802 1143 3873 aufugerent,
1173 3801 1439 3874 Amyntas
1468 3800 1690 3857 Macedo
1724 3808 1908 3855 trans-

320 3895 445 3964 fuga
497 3895 641 3949 bono
690 3894 875 3948 animo
918 3909 1047 3949 eum
1103 3907 1228 3950 esse
1279 3893 1446 3965 jussit
1486 3907 1716 3962 :neque
1759 3892 1909 3947 enim

320 3988 622 4059 fugiturum
667 3987 1074 4053 Alexandrum,
1119 3987 1217 4043 sed
1263 3988 1448 4043 statim
1495 3994 1687 4041 contra
1730 3985 1909 4056 ipsum

319 4081 525 4136 iturum
547 4096 688 4136 esse.
713 4079 1025 4136 Commisso
1047 4090 1233 4135 autem
1259 4080 1314 4132 in
1338 4078 1455 4133 Isso
1473 4075 1679 4133 Ciliciae
1699 4075 1908 4147 praelio,

319 4189 577 4244 magnum
616 4172 839 4244 quidem
894 4182 955 4229 et
987 4172 1161 4243 ipsius
1204 4170 1311 4226 loci
1349 4170 1616 4243 angustiae
1659 4182 1910 4224 momen-

320 4276 437 4322 tum
478 4267 641 4339 187
678 4266 990 4322 Alexandro
1028 4264 1096 4320 ad
1124 4262 1414 4320 victoriam
1444 4262 1781 4326 attulerunt,
1814 4258 1909 4316 sed

319 4361 495 4429 ipsius
537 4359 840 4415 dexteritas
886 4367 943 4414 et
990 4357 1214 4413 solertia
1267 4356 1431 4427 longe
1493 4355 1690 4426 majus.
1757 4353 1914 4409 Tunc

318 4453 465 4508 inter
499 4452 778 4524 principes
801 4467 1071 4522 pugnans,
1096 4466 1230 4507 ense
1248 4449 1427 4505 femur
1455 4455 1540 4503 est
1570 4449 1909 4504 vulneratus.

323 4545 621 4601 Victoriam
670 4544 941 4599 illustrem
992 4543 1263 4612 adeptus,
1317 4541 1482 4597 Dario
1524 4540 1649 4612 fuga
1702 4540 1908 4609 elapso,

2011 3333 2105 3410 ἦν,
2167 3337 2257 3392 ὅτε
2290 3338 2431 3408 πρδς
2475 3337 2585 3391 τῶν
2630 3338 2809 3391 ἄλλων
2858 3338 2960 3408 μέν
2993 3338 3321 3407 ἀπέγνωστο
3372 3339 3603 3410 ἰατρῶν,

2010 3428 2284 3492 Φίλιππος
2306 3428 2367 3483 δὲ
2393 3430 2555 3499 μόνος
2584 3429 2614 3482 ό
2657 3427 2929 3501 Ἀκαρνὰν
2958 3429 3235 3500 ἐθάρσησε
3274 3431 3606 3501 φαρμακεῦ·

2014 3535 2108 3575 σαι
2138 3520 2327 3575 αὐτόν.
2357 3521 2465 3574 Τοῦ
2500 3519 2557 3574 δὲ
2592 3519 2987 3591 Παρμενίωνος
3021 3521 3332 3589 φθάσαντος
3361 3523 3605 3576 ἐπιστεῖ-

2012 3613 2101 3668 λαι
2149 3613 2323 3685 αὐτῷ,
2361 3613 2470 3668 ὑπὸ
2523 3613 2754 3685 Δαρείου
2802 3611 3133 3685 διεφθάρθαι
3195 3614 3288 3669 τὸν
3337 3614 3611 3669 Φίλιππον

2011 3704 2243 3777 δωρεαῖς
2275 3705 2549 3777 μεγάλαις
2578 3707 2674 3761 καὶ
2698 3706 3084 3776 ὖποσχέσεσιν,
3112 3706 3163 3759 εί
3194 3707 3362 3761 αὐτὸν
3399 3709 3607 3763 ἀνέλοιο

2011 3798 2116 3871 τὴν
2145 3798 2439 3870 ἐπιστολὴν
2467 3799 2699 3868 ἐπῆλθε,
2725 3799 2823 3851 καὶ
2850 3797 3041 3869 μηδενὶ
3081 3800 3211 3872 περὶ
3235 3799 3408 3870 αὐτῆς
3430 3801 3607 3871 ἐκφή-

2012 3909 2133 3959 νας,
2163 3889 2276 3963 εἷχε
2300 3892 2436 3962 παρ’
2459 3891 2665 3963 ἐαυτῷ.
2696 3892 2857 3964 Ἀρτι
2886 3890 2943 3944 δὲ
2969 3891 3064 3946 τοῦ
3087 3892 3360 3946 Φιλίππου
3393 3893 3490 3964 τὴν
3512 3892 3612 3947 κύ-

2013 3984 2143 4039 λικα
2166 3983 2261 4038 τοῦ
2290 3985 2587 4057 φαρμάκου
2618 3988 3070 4056 προσαγαγόντος
3103 3986 3273 4056 αὐτῷ,
3308 3986 3471 4052 αὐτὸς
3506 3986 3612 4056 μὲν

2014 4076 2238 4150 θαρρῶν
2285 4075 2507 4143 ἐδέξατο
2566 4077 2796 4149 ταύτην,
2833 4080 3034 4152 ἐκείνῳ
3063 4079 3121 4134 δὲ
3160 4080 3262 4152 τὴν
3308 4080 3610 4150 ἐπιστολὴν

2012 4169 2337 4242 ἐνεχείρισε.
2382 4171 2494 4223 Καὶ
2544 4169 2574 4222 ὁ
2616 4169 2718 4242 μὲν
2771 4170 2982 4235 ἔπινεν,
3027 4173 3055 4226 ὀ
3091 4171 3151 4226 δὲ
3210 4171 3606 4239 ἀνεγίνωσκεν,

2015 4262 2311 4334 ἐνορῶντες
2341 4263 2620 4334 ἀλλήλοις,
2663 4266 2692 4319 ό
2722 4262 2823 4334 μὲν
2865 4264 3220 4335 Ἀλέξανδρος
3244 4266 3301 4318 ἐν
3333 4263 3456 4332 ὕψει
3499 4281 3608 4333 χα-

2017 4354 2212 4426 ριέσσῃ
2239 4355 2334 4408 καὶ
2358 4356 2545 4428 ξλαρᾷ,
2566 4356 2595 4408 ὁ
2610 4355 2668 4410 δέ
2691 4355 2960 4420 Φίλιππος
2987 4357 3046 4410 ἐν
3073 4357 3318 4428 περιδεεῐ
3339 4356 3434 4411 καὶ
3455 4356 3611 4408 τεθο-

2019 4444 2330 4517 ρυϐημένῃ.
2364 4445 2472 4500 Τοῦ
2501 4446 2559 4498 δὲ
2586 4446 2819 4520 Δαρείου
2855 4447 3185 4512 σπεύδοντος
3216 4448 3305 4501 ἐπ’
3352 4446 3609 4513 Ἀλέξαν-

2016 4533 2164 4604 δρον,
2216 4533 2303 4600 ἶν’,
2338 4534 2414 4598 ὠς
2449 4534 2629 4605 ἔλεγε,
2678 4537 2754 4607 μὴ
2785 4538 3176 4609 ἀποδράσωσιν
3243 4541 3294 4592 οἱ
3330 4539 3607 4608 πολέμιοι,

319 4653 489 4693 curru
534 4644 591 4691 et
624 4652 756 4692 arcu
792 4638 914 4708 ejus
941 4644 1026 4692 est
1075 4609 1284 4705 potitus
1321 4651 1335 4689 :
1368 4644 1546 4690 castra
1592 4609 1627 4689 α
1666 4632 1914 4688 Macedo-

2022 4625 2290 4680 Μακεδὼν
2332 4626 2610 4698 Ἀμύντας
2649 4628 2724 4683 ὢν
2753 4630 3059 4703 αὐτόμολος
3092 4630 3227 4703 παρ’
3263 4631 3434 4702 αὐτῷ,
3465 4633 3611 4704 Θάρ-

319 4730 489 4785 nibus
519 4729 733 4800 direpta
761 4739 930 4795 sunt,
961 4745 1027 4784 ac
1059 4728 1209 4784 Darii
1243 4728 1542 4783 tentorium
1586 4742 1714 4783 cum
1750 4725 1913 4781 mini-

319 4821 544 4887 steriis,
613 4821 851 4892 Opibus,
917 4820 1180 4892 omnique
1264 4827 1528 4892 apparatu
1601 4817 1914 4876 Alexandro

317 4920 660 4982 exemptum.
736 4912 947 4969 Deinde
1006 4927 1133 4968 eum
1203 4912 1255 4968 ei
1308 4912 1700 4975 nuntiaretur,
1761 4911 1908 4967 Darii

318 5012 551 5060 matrem
578 5043 593 5069 ,
635 5019 863 5060 uxorem
903 5013 960 5060 et
986 5004 1127 5060 duas
1169 4999 1309 5061 filias
1337 5003 1582 5076 captivas
1607 5003 1735 5060 duci
1764 5043 1781 5069 ,
1809 5003 1913 5057 Da-

318 5097 463 5152 rium
507 5112 611 5167 pro
639 5106 858 5153 mortuo
889 5097 1242 5168 deplorantes
1264 5136 1280 5161 ,
1327 5096 1474 5168 quod
1527 5096 1650 5169 ejus
1683 5110 1910 5151 currum

308 5198 373 5241 et
405 5203 594 5241 arcum
639 5197 860 5258 captum
906 5187 1174 5244 vidissent
1208 5205 1222 5242 :
1270 5194 1583 5244 commotus
1613 5201 1682 5243 eo
1713 5185 1913 5241 nuntio

318 5287 544 5349 propter
569 5279 808 5336 fortuna:
851 5280 1278 5337 inconstantiam
1305 5321 1322 5348 ,
1352 5279 1651 5351 quemdam
1686 5281 1753 5334 ad
1785 5295 1913 5333 mu-

318 5372 481 5429 lieres
503 5374 706 5439 mittit,
737 5373 832 5447 qui
858 5373 941 5430 eis
964 5374 1197 5439 indicet,
1228 5374 1443 5428 Darium
1476 5372 1663 5428 vivere
1683 5413 1699 5439 ,
1732 5387 1914 5442 neque

315 5463 400 5518 eis
427 5463 727 5534 quidquam
768 5465 1034 5521 molestiae
1064 5465 1279 5521 illatum
1310 5465 1403 5521 iri.
1444 5464 1635 5534 Neque
1668 5465 1815 5519 enim
1851 5478 1911 5519 se

319 5555 543 5609 Darium
592 5556 804 5612 hostem
856 5556 1108 5627 judicare
1134 5599 1148 5623 ,
1172 5556 1270 5612 sed
1314 5571 1442 5612 cum
1479 5570 1547 5611 eo
1577 5554 1647 5609 de
1680 5554 1914 5625 imperio

320 5656 536 5703 certare
577 5666 591 5704 :
627 5664 808 5719 neque
834 5648 904 5703 de
927 5650 1251 5706 ministeriis
1280 5665 1402 5720 quae
1435 5648 1715 5705 habebant
1743 5648 1912 5718 quid-

317 5752 484 5807 quam
533 5740 615 5794 eis
663 5738 941 5804 detraxit,
992 5756 1173 5811 neque
1223 5741 1277 5794 in
1320 5748 1677 5809 conspectum
1719 5754 1909 5794 earum

317 5830 505 5895 venit,
537 5845 718 5900 neque
773 5844 968 5901 passus
994 5840 1080 5887 est
1129 5841 1190 5886 ut
1235 5831 1307 5887 ab
1338 5832 1451 5886 ullo
1482 5830 1785 5902 quidquam
1829 5831 1912 5891 iu—

317 5919 539 5998 dignum
573 5922 657 5981 vel
686 5925 1068 6003 sustinerent,
1106 5924 1192 5982 vel
1225 5931 1628 5997 exspeaarent.

2021 4719 2127 4788 ρει,
2152 4716 2280 4789 ἔφη.
2302 4712 2348 4773 ὦ
2370 4719 2629 4787 δέσποτα,
2652 4721 2715 4775 οὐ
2746 4721 2856 4792 γὰρ
2884 4720 3146 4790 φεύξεται
3167 4723 3197 4775 δ
3231 4721 3610 4795 Ἀλέξανδρο·,

2016 4809 2135 4863 ἀλλ’
2165 4811 2292 4866 ὅσον
2320 4810 2423 4883 ἤδη
2452 4811 2723 4884 βαδιεῖται
2757 4814 2896 4886 πρὸς
2928 4813 3014 4868 σέ.
3082 4815 3170 4868 Ἑν
3229 4813 3386 4885 Ἰσσῷ
3418 4814 3474 4889 δὲ
3508 4816 3607 4885 τῆς

2015 4902 2276 4968 Κιλικίας
2330 4906 2435 4976 τῆς
2488 4907 2671 4978 μάχης
2705 4907 3201 4979 συγκροτηθείσης,
3268 4908 3472 4979 πολλὴν
3507 4909 3606 4979 μὲν

2015 4994 2111 5048 καὶ
2160 4996 2189 5048 ὁ
2217 4997 2384 5060 τόπος
2414 4997 2504 5051 διὰ
2537 4998 2638 5069 τὴν
2685 5000 2955 5053 στένωσιν
2992 4999 3242 5070 παρέσχε
3294 5001 3471 5070 ῥοπὴν
3526 4999 3606 5069 τῷ

2029 5085 2391 5157 Ἀλεξάνδρῳ,
2433 5087 2609 5142 πλείω
2636 5091 2682 5142 δ’
2730 5091 2896 5154 αὐτὸς
2924 5091 3104 5160 ἐαυτῷ
3147 5091 3340 5160 δεξιῶς
3373 5109 3610 5163 στρατη-

2016 5183 2216 5251 γήσας,
2282 5183 2372 5237 ὅτε
2423 5185 2519 5238 καὶ
2551 5186 2645 5239 τὸν
2683 5188 2863 5258 μηρὸν
2913 5188 3133 5260 ἐπλήγη
3190 5187 3358 5258 ξίφει,
3406 5190 3464 5242 ἐν
3495 5191 3606 5251 τοῖς

2017 5278 2326 5350 προμάχοις
2371 5278 2798 5349 ἀγωνιζόμενος.
2862 5283 3190 5353 Περιφανῶς
3240 5283 3298 5337 δὲ
3349 5284 3606 5353 νικήσας.

2016 5374 2243 5442 Δαρεῖον
2281 5372 2383 5441 μὲν
2437 5374 2536 5444 οὐχ
2589 5371 2702 5428 εἷλε
2733 5376 2998 5446 φυγόντα,
3027 5377 3087 5430 τὸ
3128 5376 3284 5448 ἅρμα
3324 5376 3384 5431 δὲ
3424 5376 3609 5430 καὶτὸ

2014 5463 2168 5531 τόξον
2190 5463 2359 5518 αὐτοῦ
2395 5462 2580 5518 ἔλαϐε.
2615 5466 2689 5519 Τὸ
2718 5468 2773 5521 δὲ
2800 5468 3030 5539 Δαρείου
3056 5468 3426 5534 στρατόπεδον
3449 5469 3604 5540 διηρ-

2013 5557 2165 5626 πάγη
2196 5558 2349 5625 παρὰ
2380 5557 2490 5610 τῶν
2527 5558 2887 5626 Μακεδόνων,
2922 5562 2955 5632 ἡ
2990 5561 3181 5631 μέντοι
3241 5559 3339 5614 τοῦ
3371 5561 3606 5630 Δαρείου

2017 5648 2192 5717 σκηνὴ
2225 5649 2302 5720 τῷ
2354 5649 2692 5722 Ἀλεξάνδρῳ
2716 5652 2955 5727 ἐξῄρητο
2973 5655 3114 5723 μετά
3148 5658 3247 5725 τῆς
3281 5655 3606 5722 θεραπείας,

2016 5742 2111 5794 καὶ
2141 5739 2235 5793 τοῦ
2292 5740 2546 5803 πλούτου,
2581 5744 2672 5797 καὶ
2704 5745 2803 5810 τῆς
2836 5744 3003 5814 ἄλλης
3035 5745 3416 5818 παρασκευῆς.
3470 5742 3609 5798 Εἶτα

2012 5834 2113 5902 τὴν
2142 5833 2380 5904 μητέρα,
2414 5839 2510 5888 και
2540 5836 2642 5905 τὴν
2677 5839 2916 5903 γυναῖκα
2950 5838 3208 5909 Δαρείου,
3246 5839 3340 5892 καὶ
3360 5836 3472 5891 δύω
3503 5836 3602 5889 θυ-

2014 5927 2257 6001 γατέρας
2301 5925 2685 5998 αἰχμαλώτους
2718 5928 2953 6001 ἄγεσθαί
2985 5947 3070 5997 τις
3130 5929 3391 6002 ἀγγέλλει
3423 5927 3602 6003 αὑτῷ,
