4074 6430
342 332 446 396 347

1622 334 1953 397 JOANNlS
1995 335 2321 400 ZONARxE

3520 335 3632 399 358

343 447 557 517 μητέρα
593 445 890 516 βασιλικῶς
941 447 1360 516 κεκοσμημένον
1393 445 1710 502 ἀπέστειλε.
1743 448 1848 502 Τὸν
1880 448 1937 501 δὲ
1969 448 2202 519 Βῆσσον,
2229 448 2289 512 ὃς
2361 436 2568 501 ἐκεῖνον
2619 447 2819 512 ἀνεῖλε,
2860 445 3301 517 διεσφενδόνησε,
3343 447 3464 500 δυσ)⁸
3526 447 3624 518 βίᾳ

337 539 572 594 κλιθείσι
619 539 861 610 δένδροις
903 539 1358 612 προσαρτηθῆναι
1419 539 1682 603 κελεύσας
1739 541 1924 604 αὐτὸν,
1957 537 2078 594 εἶτα
2111 540 2360 612 μεθεῖναι
2422 541 2491 594 τὰ
2519 540 2736 612 δένδρα,
2769 540 2863 594 καὶ
2888 539 3032 593 οὕτω
3060 538 3472 609 διασπασθῆναι
3536 541 3632 593 τὸν

339 631 652 704 ἄνθρωπον,
689 632 924 685 ἑκάστου
955 633 1064 686 τῶν
1091 632 1328 703 δένδρων
1363 633 1504 702 μετὰ
1555 633 1918 704 σφοδρότητος
1953 635 2034 698 εἰς
2099 635 2198 706 τὴν
2233 634 2372 688 κατὰ
2411 633 2574 703 φύσιν
2615 634 2942 704 ὡρμηκότος
2972 633 3257 687 ἀνάτασιν.
3318 635 3413 697 Είς

3499 633 3635 705 ,η’

341 723 536 780 κανίαν
565 724 621 777 δὲ
650 725 830 778 ἀπιὼν
865 726 996 795 περὶ
1041 726 1103 777 τὸ
1145 725 1439 796 Ὑρκάνιον
1470 725 1730 796 πέλαγος,
1764 727 1792 780 ὃ
1836 728 1931 780 καὶ
1967 728 2215 782 Κάσπιον
2275 727 2520 796 λέγεται,
2557 726 2850 798 βαρϐάρων
2884 726 3050 779 τινῶν
3094 726 3189 779 τὸν
3236 726 3405 780 ἵππον
3463 725 3635 781 αὐτοῦ

339 818 435 870 τὸν
491 815 852 886 Βουκεφάλαν
906 819 1308 887 ἀφελομένων,
1368 818 1784 889 ἐϐαρυθύμησε,
1845 821 1940 874 καὶ
1972 819 2199 890 πέμψας
2257 820 2526 889 ἠπείλησε
2563 819 2773 882 πάντας
2803 819 3152 884 ἀποκτενεῖν,
3184 820 3233 872 εί
3295 819 3370 890 μὴ
3400 820 3490 874 τὸν
3541 820 3636 872 ἴπ-

343 929 446 965 πον
477 910 625 980 αὺτῷ
677 912 1062 982 ἀναπέμψειαν
1087 929 1100 942 ·
1152 915 1203 966 οί
1233 914 1291 967 δὲ
1339 918 1436 968 καὶ
1469 916 1563 968 τὸν
1597 915 1786 979 ἵππον,
1838 917 1934 968 καὶ
1968 917 2196 979 ἑαυτοὺς
2233 917 2386 987 αύτῷ
2419 916 2780 988 ἐνεχείρισαν.

415 1001 532 1056 XII.
567 1002 698 1058 Ind-3
725 1003 778 1059 in
816 1002 1132 1060 Parthicam
1163 1015 1248 1062 est
1274 1006 1576 1075 profectus.
1603 1008 1694 1061 ubi
1721 1009 1940 1077 primun

2120 1009 2220 1065 IB'.
2277 1007 2560 1064 Ἐντεῦθεν
2609 1010 2693 1071 είς
2723 1009 2824 1072 τὴν
2884 1008 3166 1080 Παρθικὴν
3214 1008 3637 1080 ἀναζεύγνυσιν,

346 1093 692 1148 barbaricam
729 1106 937 1151 vestem
977 1096 1196 1161 induit,
1242 1099 1451 1154 Medica
1492 1101 1675 1154 minus
1722 1117 1930 1170 super-

348 1189 512 1252 bam,
563 1189 782 1244 Persica
832 1191 1294 1256 insolentiorem,
1351 1195 1500 1263 quod
1554 1197 1931 1264 spectaculum

349 1297 618 1351 arrogans
644 1283 824 1337 visum
847 1294 931 1339 est
955 1286 1374 1342 Macedonibus.
1414 1287 1455 1341 E
1486 1288 1720 1358 captivis
1749 1289 1937 1343 tricies

349 1375 500 1430 mille
536 1392 738 1445 pueros
761 1377 1010 1433 delectos
1029 1421 1041 1443 ,
1067 1391 1124 1434 et
1148 1379 1354 1436 Graecis
1383 1380 1586 1436 litteris
1605 1382 1850 1447 erudiri,
1884 1393 1938 1437 et

349 1471 459 1524 ritu
511 1471 868 1525 Macedonum
925 1472 1128 1528 armari
1167 1473 1352 1543 jussit.
1408 1475 1650 1529 Roxanat
1685 1474 1941 1530 formosae

351 1562 606 1615 mulieris
659 1563 943 1619 amoribus
977 1575 1205 1619 eatenus
1241 1565 1505 1630 indulsit,
1549 1575 1611 1620 ut
1649 1581 1770 1621 eam
1805 1567 1943 1636 legi-

352 1654 489 1707 lituo
522 1654 625 1708 sibi
656 1657 1012 1712 matrimonio
1038 1659 1321 1729 jungeret.
1364 1659 1443 1713 Ex
1478 1659 1673 1713 amicis
1701 1657 1940 1728 Hephae-

353 1747 632 1810 stionem,
665 1747 758 1816 qui
791 1748 1054 1802 vestitum
1101 1751 1223 1820 ejus
1260 1749 1556 1812 laudabat,
1592 1750 1940 1817 similemque

354 1847 566 1890 vestem
591 1845 648 1891 et
680 1838 796 1908 ipse
823 1839 1103 1905 induerat,
1135 1840 1432 1895 Alexandri
1465 1851 1774 1901 amantem;
1810 1841 1946 1896 Cra-

353 1937 534 1983 terum
567 1945 734 1996 vero,
766 1933 912 2000 quia
942 1934 1136 2002 patriis
1172 1933 1442 1988 institutis
1471 1949 1580 1988 non
1613 1934 1942 2000 recedebat,

354 2023 499 2091 regis
533 2029 808 2078 amantem
858 2025 1209 2094 appellabat:
1246 2027 1448 2096 illoque
1491 2028 1637 2098 apud
1674 2027 1947 2082 barbaros

355 2113 652 2176 utebatur,
700 2129 799 2184 per
845 2113 1135 2170 Craterum
1201 2116 1596 2174 Macedonibus
1635 2126 1692 2173 et
1739 2116 1947 2172 Griecis

355 2205 751 2273 respondebat.
795 2206 1069 2261 Philotam
1107 2207 1491 2264 Parmenionis
1523 2207 1721 2267 filium.
1759 2223 1946 2264 rerum

355 2305 632 2365 gestarum
647 2298 880 2369 gloriam
894 2300 998 2354 sibi
1023 2311 1077 2356 et
1094 2301 1234 2371 patri
1253 2301 1648 2362 vindicantem,
1665 2302 1950 2358 elAlexan-

357 2388 520 2440 drum
541 2388 954 2445 adolescentem
975 2394 1370 2462 appellantem.
1392 2394 1756 2465 deprehensis
1779 2396 1947 2452 etiam

357 2478 602 2547 insidiis,
631 2485 876 2538 sustulit.
905 2486 1120 2541 Patrem
1143 2503 1362 2556 quoque
1386 2488 1505 2557 ejus
1529 2488 1948 2544 Parmenionem

359 2573 415 2627 in
451 2573 626 2628 Media
655 2575 1024 2631 occidendum
1051 2579 1290 2634 curavit.
1323 2579 1388 2632 Et
1429 2582 1668 2635 amicum
1699 2579 1908 2636 Clitum
1933 2621 1948 2647 ,

361 2671 487 2720 cum
521 2668 576 2722 in
608 2670 867 2724 convivio
908 2681 1162 2741 poemata
1187 2676 1240 2727 in
1265 2673 1438 2728 duces
1459 2674 1728 2744 quosdam
1754 2690 1950 2731 recens

359 2760 542 2815 victos
569 2776 597 2814 a
629 2763 887 2818 barbaris
928 2765 1072 2820 facta
1103 2777 1442 2822 canerentur
1462 2811 1474 2828 .
1505 2783 1680 2839 eaque
1709 2768 1946 2823 Alexan-

361 2853 462 2908 der
519 2855 760 2911 libenter
803 2858 1050 2924 audiret,
1104 2876 1216 2930 prae
1242 2859 1544 2917 insolentia
1582 2871 1638 2916 et
1679 2862 1954 2920 ebrietate

359 2948 726 3019 refragantem
759 2961 814 3006 et
849 2953 1230 3024 indignantem
1268 2964 1321 3007 et
1365 2954 1695 3025 gloriantem
1729 2994 1743 3015 ,
1777 2953 1951 3008 male-

364 3042 624 3113 dictaque
667 3045 1046 3116 ingerentem,
1102 3048 1343 3116 primum
1389 3047 1533 3101 malo
1598 3046 1782 3116 petiit.
1847 3045 1954 3100 Sed

2039 1103 2169 1156 ἔνθα
2199 1102 2413 1172 πρῶτον
2447 1101 2793 1174 βαρϐαρικὴν
2827 1102 3020 1170 στολὴν
3059 1103 3374 1169 ἐνεδύσατο,
3410 1107 3504 1159 καὶ
3535 1108 3637 1177 τῆς

2041 1196 2141 1266 μὲν
2176 1194 2431 1265 Μηδικῆς
2453 1196 2827 1264 ἀτυφοτέραν,
2859 1195 2959 1263 τῆς
2994 1197 3049 1249 δὲ
3078 1197 3355 1267 Περσικῆς
3387 1199 3638 1270 σοϐαρω-

2038 1289 2223 1359 τέραν.
2257 1287 2471 1358 Ἐδόκει
2495 1289 2549 1342 δὲ
2581 1292 2695 1351 τοῖς
2721 1289 3001 1342 Μακεδόσι
3032 1289 3095 1342 τὸ
3124 1290 3305 1359 θέαμα
3352 1294 3637 1362 φορτικόν.

2052 1379 2477 1450 Ἐπιλεξάμενος
2534 1381 2592 1436 δὲ
2639 1382 3006 1454 τρισμυρίους
3036 1385 3238 1450 παῖδας
3295 1385 3404 1438 τῶν
3434 1387 3640 1456 αἱχμα·

2040 1473 2252 1537 λὼτων,
2285 1474 2538 1528 ἐκέλευσε
2582 1476 2890 1546 γράμματα
2948 1479 3092 1545 σφᾶς
3151 1478 3447 1548 Ἐλληνικὰ
3493 1479 3643 1532 ἐκδι-

2041 1567 2360 1631 δάσκεσθαι,
2423 1569 2518 1620 καὶ⁹
2573 1567 2716 1622 κατὰ
2772 1569 3091 1633 Μακεδόνας
3147 1571 3494 1634 ὁπλίζεσθαι.
3526 1572 3640 1639 Τῆς

2053 1655 2329 1726 Ῥωξάνης
2361 1656 2418 1709 δὲ
2467 1656 2682 1727 ὡραίας
2727 1659 2985 1729 ἐρασθεὶς
3022 1660 3306 1728 γυναικὸς,
3339 1661 3439 1714 οὐκ
3466 1659 3639 1722 ἄλλως

2043 1748 2180 1818 αὐτῇ
2213 1748 2574 1822 προσῆλθενῆ
2603 1753 2746 1804 κατὰ
2777 1751 2965 1821 νόμον.
3010 1751 3134 1804 Τῶν
3173 1753 3230 1806 δὲ
3261 1753 3435 1822 φίλων
3468 1752 3639 1806 αὐτοῦ

2043 1838 2137 1892 τὸν
2165 1838 2265 1909 μὲν
2309 1839 2690 1908 Ἡφαιστίωνα
2729 1841 3065 1896 ἐπαινοῦντα
3092 1843 3194 1914 τὴν
3226 1843 3424 1915 στολὴν
3452 1845 3520 1914 ἢν
3551 1845 3643 1896 ἐν-

2046 1931 2160 1997 έδυ,
2191 1931 2288 1984 καὶ
2319 1932 2526 2002 ὁμοίως
2558 1931 2709 2004 αὐτῷ
2735 1935 3282 2005 μεταμφιασάμενον,
3309 1933 3639 1999 Φιλαλέξαν-

2046 2025 2173 2096 δρον
2205 2025 2416 2088 ἐκάλει,
2445 2024 2539 2078 τὸν
2569 2026 2859 2098 Κρατερὸν
2884 2027 2942 2080 δὲ
2972 2027 3049 2097 μὴ
3079 2028 3413 2097 παρεξιόντα
3434 2026 3507 2081 τὰ
3535 2028 3646 2081 πά-

2046 2131 2200 2186 τρια,
2230 2114 2625 2169 Φιλοϐασιλέα·
2660 2116 2754 2169 καὶ
2785 2116 2846 2168 τὸ
2875 2116 2976 2186 μὲν
3004 2117 3140 2188 πρὸς
3162 2119 3291 2180 τοὺς
3328 2115 3644 2187 βαρϐάρους

2049 2209 2343 2279 ἐκέχρητο,
2389 2208 2477 2262 διὰ
2521 2208 2578 2263 δέ
2606 2207 2701 2262 τοῦ
2755 2209 3046 2279 Κρατεροῦ
3080 2212 3192 2272 τοῖς
3228 2209 3508 2264 Μακεδόσι
3548 2213 3648 2263 καὶ

2049 2303 2165 2363 τοῖς
2194 2299 2459 2367 Ἕλλησιν
2489 2299 2850 2371 ἐχρημάτιζε.
2872 2300 3120 2353 Φιλώταν
3143 2300 3200 2354 δὲ
3233 2300 3323 2354 τὸν
3350 2306 3464 2355 υἱον
3495 2301 3650 2370 Παρ-

1979 2378 2023 2432 Β
2057 2393 2318 2463 μενίωνος
2354 2391 2834 2464 μεγαλαυχούντα,
2871 2393 2948 2457 ὡς
3007 2397 3139 2466 παρ’
3189 2395 3359 2447 αὑτοῦ
3418 2395 3514 2448 καὶ
3546 2393 3644 2446 τοῦ

2054 2483 2264 2552 πατρὸς
2311 2481 2482 2536 αὐτοῦ
2534 2483 2646 2537 τῶν
2705 2484 3156 2556 κατορθωμάτων
3190 2485 3516 2554 γινομένων,
3551 2486 3648 2538 καὶ

2055 2579 2343 2650 μειράκιον
2365 2578 2457 2633 τὸν
2489 2578 2842 2649 Ἀλέξανδρον
2865 2579 3226 2649 ὀνομάζοντα,
3254 2575 3375 2633 εἶτα
3405 2581 3500 2632 καὶ
3530 2581 3650 2632 ἐπι-

2051 2669 2381 2726 ϐουλεύοντα
2418 2673 2600 2740 γνοὺς,
2637 2672 2839 2726 ἀνεῖλε.
2893 2672 3123 2743 Πέμψας
3180 2672 3238 2725 δὲ
3269 2671 3350 2734 είς
3409 2671 3648 2742 Μηδίαν,

2052 2763 2150 2816 καὶ
2179 2765 2270 2818 τὸν
2297 2766 2514 2836 πατέρα
2545 2764 2712 2819 αὐτοῦ
2748 2765 2892 2835 (ἐκεῖ
2922 2766 3030 2836 γὰρ
3061 2763 3149 2836 ἦν)
3185 2765 3646 2836 προσαπέκτεινε.

2055 2855 2164 2909 Καὶ
2190 2855 2284 2910 τὸν
2325 2856 2560 2911 Κλεῖτον
2608 2857 2664 2910 δὲ
2716 2857 2828 2911 τῶν
2887 2856 3125 2927 ἑταίρων
3177 2857 3275 2910 ἕνα
3311 2858 3651 2926 τυγχάνοντα

2053 2951 2208 3020 παρὰ
2227 2950 2416 3017 πότον,
2445 2950 2728 3022 ᾀδομένων
2755 2950 3085 3021 ποιημάτων
3118 2950 3199 3012 εἷς
3229 2967 3386 3013 τινας
3415 2966 3654 3021 στρατη-

2053 3043 2190 3112 γοὺς
2242 3043 2633 3113 πεποιημένων
2687 3043 2949 3113 ἔναγχος,
2987 3043 3326 3114 ἡττηθέντας
3361 3044 3466 3095 ὑπὸ
3511 3041 3649 3111 βαρο

361 3149 488 3190 Cum
523 3152 590 3190 ne
614 3138 694 3193 sic
718 3139 944 3208 quidem
974 3139 1331 3209 impudentia:
1347 3147 1404 3194 et
1425 3138 1674 3213 audaciae
1698 3154 1810 3194 suae
1843 3153 1950 3193 mo-

2056 3137 2267 3210 ϐάρων,
2311 3137 2408 3190 καλ⁸
2432 3136 2526 3190 τοῦ
2575 3135 2938 3208 Ἀλεξάνδρου
2976 3136 3147 3206 ἡδέως
3196 3137 3378 3190 αὐτῶν
3415 3135 3649 3189 άκούονυ

366 3227 500 3282 dum
521 3230 610 3285 ille
633 3239 903 3296 statuens,
931 3229 1472 3301 Euripidisiambum
1507 3248 1523 3284 :

2057 3244 2174 3292 τος,
2204 3225 2614 3298 τραχυνόμενον
2650 3227 2746 3281 καὶ
2773 3227 3193 3295 ἀγανακτοῦντα
3243 3228 3337 3280 καὶ
3369 3225 3652 3296 μεγαλαυ-

365 3323 568 3393 χοῦντα
614 3325 718 3378 ὑπ’)
771 3324 1063 3387 αὐθαδείας
1115 3325 1210 3377 καὶ
1269 3324 1462 3396 μέθης,
1519 3324 1613 3379 καὶ
1645 3323 1767 3378 κατ’
1822 3321 1990 3378 αὐτοῦ
2025 3320 2488 3392 βλασφημοῦντα,
2553 3321 2771 3392 πρῶτον
2825 3320 2927 3392 μὲν
2978 3318 3136 3390 μήλῳ
3169 3319 3385 3373 ἔϐαλεν.
3441 3320 3563 3371 Ἔτι
3609 3308 3655 3370 δ’

363 3416 786 3486 ἀναιδευόμενόν
811 3434 870 3470 τε
901 3417 997 3471 καὶ
1027 3417 1455 3490 θρασυνόμενον,
1493 3419 1590 3472 καὶ
1622 3417 1693 3471 τὰ
1718 3416 1814 3472 τοῦ
1844 3413 2142 3488 Εὐριπίδου
2176 3413 2404 3486 ἰαμϐεῖα
2432 3413 2667 3484 λέγοντα
2692 3429 2709 3446 ο

439 3553 554 3608 Heu
606 3571 766 3625 quam
809 3569 1052 3624 perversa
1112 3553 1439 3608 consuetudo
1479 3553 1698 3610 ercice
1737 3555 1862 3608 est!

366 3695 424 3741 et
466 3686 560 3756 qui
607 3695 952 3754 sequuntur,
996 3695 1321 3742 recenseret
1354 3704 1368 3742 :
1401 3687 1513 3743 bile
1559 3688 1958 3745 elfervescente

369 3779 528 3833 hasta
560 3779 854 3848 trajectum
881 3777 1184 3844 interfecit,
1217 3779 1410 3849 iraque
1445 3795 1572 3835 mox
1603 3779 1807 3851 sopita,
1837 3781 1959 3852 ejus

370 3873 638 3929 facinoris
670 3873 967 3941 paenitens,
1003 3871 1217 3942 sibiipsi
1251 3887 1450 3928 manus
1484 3874 1790 3941 attulisset,
1846 3876 1957 3932 nisi

370 3981 400 4020 a
428 3965 762 4020 satellitibus
788 3964 1074 4020 cohibitus
1095 3964 1313 4020 fuisset.
1334 3966 1393 4020 In
1414 3965 1720 4022 thalamum
1752 3968 1956 4032 illatus,

370 4071 492 4111 eam
526 4064 745 4109 noctem
769 4063 826 4109 et
855 4064 1104 4110 secutam
1133 4055 1188 4110 in
1217 4055 1478 4128 lacrymis
1502 4058 1636 4128 egit,
1666 4058 1960 4130 jacuitque

369 4144 830 4218 tiesperabundus
861 4155 915 4201 et
951 4147 1180 4213 tacitus,
1225 4155 1441 4202 tantum
1480 4149 1808 4219 gravissime
1861 4166 1958 4205 su-

372 4243 612 4311 spirans.
639 4241 832 4311 Neque
868 4240 1036 4294 ullius
1058 4241 1221 4296 amici
1252 4243 1560 4296 orationem
1586 4242 1956 4310 admittebat,

373 4336 550 4389 donec
576 4333 902 4388 Aristander
932 4349 1109 4404 augur
1131 4350 1261 4390 eum
1290 4335 1527 4390 visionis
1548 4335 1616 4390 de
1639 4335 1786 4392 Clito
1808 4337 1963 4391 obla-

375 4435 477 4490 t:e,
509 4435 564 4480 et
598 4427 667 4480 de
698 4425 979 4481 ominibus
1016 4426 1349 4495 quibusdam
1391 4427 1710 4492 admonuit,
1758 4428 1962 4498 quibus

375 4516 598 4571 fatalem
641 4518 789 4572 illius
828 4517 986 4586 192
1025 4533 1216 4573 casum
1269 4516 1440 4573 fuisse
1485 4519 1772 4589 arguebat.
1821 4519 1960 4576 Tum

378 4608 600 4662 demum
622 4609 772 4662 enim
801 4609 1054 4662 minuere
1081 4608 1290 4662 luctum
1320 4610 1510 4678 cmpit.
1535 4609 1960 4680 [inpressionem

381 4705 435 4760 in
466 4703 674 4756 Indiam
712 4705 986 4769 facturus,
1007 4718 1132 4757 cum
1164 4711 1461 4772 apparatos
1489 4719 1690 4759 currus
1715 4707 1960 4772 videret,

380 4797 622 4866 primum
655 4794 770 4848 suis
791 4833 806 4860 ,
841 4791 1044 4847 deinde
1073 4795 1382 4847 amicorum
1414 4792 1622 4862 injecto
1651 4793 1805 4865 igne,
1839 4811 1966 4865 pos—

1983 3530 2030 3594 C
2139 3546 2211 3601 οτ
2233 3563 2338 3616 μοι
2361 3547 2492 3602 καθ’
2545 3544 2789 3601 Ἑλλάδ’
2821 3545 2903 3612 ὡς
2940 3545 3133 3612 κακῶς
3175 3546 3478 3616 νομίζεται
3498 3549 3518 3601 .'

2062 3684 2254 3740 καὶτὰ
2299 3684 2489 3748 λοιπὰ,
2545 3685 2864 3754 ὑπερζέσας
2910 3683 3069 3754 θυμῷ
3099 3687 3128 3738 ό
3171 3686 3659 3758 Ἀλέξανδρος,αῇ

2059 3779 2174 3848 χμῇ
2198 3775 2452 3839 διελάσας
2486 3776 2837 3830 ἀπέκτεινεν.
2862 3775 3070 3828 Αὐτίκα
3102 3775 3161 3829 δέ
3190 3775 3282 3830 τοῦ
3317 3777 3492 3846 θ’.)μοῦ
3523 3796 3662 3830 παυ-

2062 3867 2255 3930 θέντος
2299 3864 2728 3938 μεταμεληθεὶς,
2763 3864 2993 3936 ὥρμησε
3038 3867 3132 3919 καὶ
3167 3867 3360 3920 ἑαυτὸν
3421 3868 3656 3927 ἀνελεῖν,

2061 3957 2333 4030 ἐπεσχέθη
2393 3958 2578 4030 μέντοι
2634 3957 2787 4028 παρὰ
2823 3957 2934 4010 τῶν
2991 3959 3501 4029 σωματοφυλάκων,
3562 3963 3657 4012 καὶ

2062 4052 2356 4125 εἰσηνέχθη
2387 4051 2525 4123 πρὸς
2581 4051 2850 4121 θάλαμον,
2883 4051 3014 4104 ἔνθα
3045 4052 3144 4120 τὴν
3201 4053 3374 4106 νύκτα
3435 4053 3529 4106 καὶ
3555 4053 3657 4124 τὴν

2065 4146 2187 4219 μετ’
2210 4147 2379 4217 αὐτὴν
2405 4146 2626 4217 ἡμέραν
2657 4146 2712 4197 ἐν
2745 4143 2967 4212 θρήνοις
3000 4144 3303 4214 διαγαγὼν,
3334 4147 3658 4217 ἀπειρηκὼς

2062 4243 2264 4307 ἔκειτο,
2297 4241 2551 4308 ἄναυδος,
2582 4241 2789 4294 στένων
2847 4241 3008 4310 μόνον
3060 4239 3364 4311 βαρύτατα.
3404 4241 3514 4294 Καὶ
3547 4241 3661 4293 τῶν

2065 4335 2237 4404 φίλων
2288 4333 2572 4386 είσιόντων
2625 4332 2763 4402 πρδς
2794 4332 2980 4396 αὑτὸν,
3013 4333 3074 4385 ού
3109 4333 3367 4404 προσίετο
3408 4333 3532 4396 τοὺς
3567 4333 3660 4385 λό-

2064 4445 2196 4496 γους
2233 4425 2438 4482 αὑτῶν.
2477 4424 2870 4497 ’Δριστάνδρου
2935 4423 2994 4476 δέ
3044 4423 3138 4477 τοῦ
3197 4425 3442 4494 μάντεως
3483 4424 3662 4494 ὅψεως

2065 4520 2227 4574 αὐτὸν
2254 4519 2690 4588 ἀναμνήσαντος,
2725 4517 2797 4588 ἢν
2825 4511 2935 4569 εἶδε
2968 4517 3097 4584 περὶ.
3129 4517 3223 4570 τοῦ
3257 4516 3510 4582 Κλείτου,
3568 4515 3662 4570 καί

2064 4629 2228 4665 τινων
2261 4609 2509 4681 σημείων
2540 4608 2736 4679 ἐκείνῳ
2783 4607 3123 4678 γενομένων,
3162 4606 3257 4660 καὶ
3281 4607 3542 4677 είμαρτὸν
3583 4601 3662 4660 εἶ-

2067 4721 2156 4756 ναι
2183 4703 2243 4756 τὺ
2269 4701 2566 4772 γενόμενον
2621 4699 2897 4768 λέγοντος,
2931 4698 3139 4771 ἤρξατο
3193 4698 3478 4754 ἐνδιδόναι.
3513 4699 3663 4754 Μέλ-

2068 4797 2178 4849 λων
2211 4794 2270 4848 δέ
2297 4795 2378 4855 είς
2405 4792 2503 4865 τὴν
2569 4793 2803 4863 Ἰνδικὴν
2837 4792 3133 4863 ἐμϐάλλειν
3160 4835 3175 4859 ,
3211 4794 3663 4863 συνεσκευασμέ-

382 4897 562 4941 tremo
603 4888 772 4942 etiam
813 4887 1174 4942 lllaeedonum
1201 4929 1215 4952 ,
1257 4886 1512 4941 comburi
1552 4885 1738 4957 jussit.
1786 4884 1846 4940 ld
1873 4885 1950 4939 fa-

2063 4907 2170 4942 νων
2197 4887 2304 4941 τῶν
2333 4885 2583 4957 ἁμαξῶν,
2624 4885 2882 4956 πρώταις
2935 4888 3034 4956 μὶν
3063 4889 3184 4947 ταῖς
3221 4886 3452 4947 οἰκείαις
3503 4886 3662 4952 ἐνῆκε

379 4989 532 5034 ctum
579 4979 770 5048 paucis
823 4980 1118 5034 molestum
1170 4978 1295 5034 fuit.
1364 4977 1585 5049 Reliqui
1625 4993 1792 5042 vero,
1839 4993 1950 5033 cuu

2066 4981 2199 5052 πῦρ,
2238 4975 2359 5034 εἶτα
2387 4979 2482 5034 καὶ
2512 4980 2635 5042 ταῖς
2663 4978 2772 5031 τῶν
2802 4978 2996 5046 φίλων,
3034 4978 3128 5031 καὶ
3183 4978 3322 5046 μετὰ
3355 4977 3530 5029 ταῦτα
3569 4975 3664 5028 καὶ

383 5071 648 5137 clamore,
679 5080 737 5125 et
767 5071 925 5140 quasi
957 5069 1143 5125 afﬂatu
1173 5071 1413 5140 quodam
1441 5070 1688 5124 numinis
1707 5069 1950 5126 concitat

2063 5073 2163 5135 τὰς
2189 5073 2297 5126 τῶν
2331 5071 2666 5126 Μακεδόνων
2695 5072 3056 5142 καταπρῆσαι
3089 5070 3367 5123 ἐκέλευσε.
3403 5068 3576 5121 Τοῦτο
3607 5069 3665 5119 δὲ

383 5171 591 5225 essent,
629 5162 1034 5233 profectionem
1064 5162 1334 5235 aggressi,
1361 5162 1737 5218 Alexandrum
1773 5162 1942 5219 alacri

2067 5163 2314 5233 γεγονὸς,
2345 5161 2566 5230 ὀλίγους
2593 5161 2694 5233 μὲν
2724 5159 3003 5230 ἐλύπησεν
3024 5176 3038 5191 ⁸
3072 5160 3121 5212 οἱ
3147 5160 3204 5213 δὲ
3225 5159 3410 5212 λοιποὶ
3448 5159 3544 5230 βοῇ
3571 5159 3666 5212 καοὶ

385 5258 516 5312 tatis
544 5255 610 5310 ad
642 5256 1039 5326 capessendam
1085 5255 1340 5312 militiam
1381 5255 1776 5326 impleverunt.
1832 5256 1950 5312 Cun

2073 5255 2456 5329 ἐνθουσιασμῷ
2515 5255 2656 5327 πρὸς
2709 5255 2770 5308 ab
2832 5253 2996 5324 ἔργον
3059 5254 3380 5323 ὡρμήκασι,
3431 5253 3524 5304 καὶ
3575 5252 3667 5304 τὶν

385 5364 519 5403 vero
539 5351 648 5421 jam
691 5357 750 5404 et
789 5348 1159 5404 formidabilis
1197 5354 1371 5412 esset,
1419 5362 1485 5402 ac
1516 5346 1950 5417 delinquentibu;

2083 5348 2434 5420 Ἀλέξανδρον
2470 5347 2781 5418 προθυμίας
2810 5347 2948 5416 πρὸς
2972 5347 3074 5417 τὴν
3107 5345 3402 5416 στρατείαν
3435 5345 3667 5414 ἐνέπλη-

387 5441 777 5508 inexorabilis,
815 5443 871 5498 in
907 5444 1084 5498 multa
1107 5441 1354 5514 pericula
1403 5441 1458 5496 in
1502 5441 1710 5512 prteliis
1739 5439 1935 5496 incidit

2075 5459 2196 5497 σαν.
2235 5442 2372 5507 Ἤδη
2403 5441 2459 5495 δέ
2490 5442 2585 5495 καὶ
2618 5441 2848 5510 φοϐερὸς
2871 5436 2960 5510 ἦν,
2996 5443 3090 5493 καὶ
3149 5439 3529 5508 ἀπαραίτητος
3570 5457 3667 5492 κο-

387 5541 446 5587 et
476 5535 714 5603 insignia
748 5537 976 5591 vulnera
1011 5536 1251 5607 accepit.
1275 5535 1509 5591 Maxima
1540 5544 1724 5590 tamen
1753 5535 1950 5590 exerci'

2069 5531 2275 5602 λαστὴς
2303 5532 2411 5583 τῶν
2439 5530 2935 5600 πλημμελούντων.
2975 5532 3170 5585 Πολλοὶ
3227 5531 3328 5600 μὲν
3382 5527 3476 5584 οὖν
3517 5531 3662 5584 κατὰ

391 5623 472 5678 tui
501 5625 777 5693 pernicies
800 5641 831 5680 e
863 5627 1098 5697 penuria
1120 5635 1462 5682 commeatus
1501 5632 1558 5680 et
1598 5624 1743 5680 aeris
1767 5624 1950 5679 intem.

2072 5625 2170 5686 τὰς
2201 5627 2380 5695 μάχας
2424 5624 2576 5694 αὐτῷ
2611 5625 2915 5678 συνέπεσον
2946 5625 3206 5689 κίνδυνοι,
3246 5625 3341 5677 καὶ
3389 5623 3667 5682 νεανικοῖς

392 5716 548 5784 perie
573 5717 850 5784 provenit.
894 5718 1000 5774 Sed
1047 5721 1166 5788 ipse
1193 5735 1258 5774 ea
1291 5727 1416 5774 erat
1441 5717 1672 5773 audacia
1701 5756 1717 5782 ,
1739 5724 1802 5771 ut
1832 5715 1948 5770 nibi

2069 5718 2350 5786 ἀπήντησε
2407 5715 2712 5786 τραύμασι.
2748 5716 2860 5785 Τὴν
2895 5716 2951 5768 δὲ
3009 5714 3271 5785 πλείστην
3304 5713 3512 5784 φθορὰν
3564 5711 3668 5780 τῆς

391 5807 531 5864 viris
557 5807 798 5866 fortibus
831 5811 1105 5868 obsistere
1132 5827 1292 5883 posse
1319 5854 1334 5880 ,
1371 5811 1512 5869 nihil
1540 5811 1756 5883 ignavis
1789 5818 1950 5865 tutun

2076 5809 2342 5880 στρατιᾶς
2400 5809 2628 5880 ἀπορίαι
2682 5809 2793 5866 τῶν
2853 5809 3172 5879 ἀναγκαίων
3204 5809 3299 5864 καί
3334 5802 3666 5878 δυσκρασίαι
