4074 6400
330 325 439 390 349
1581 334 1998 400 ANNALIUM
2031 340 2183 403 LIB.
2229 342 2330 403 IV.
3509 355 3624 416 350

325 436 424 492 τοῦ
457 437 810 510 περιέχοντος
837 440 1269 512 ἀπειργάσαντο.
1302 442 1476 506 Αὐτὸς
1504 443 1561 497 δὲ
1582 444 1671 498 διὰ
1712 445 1921 515 τόλμαν

2033 462 2146 504 esse
2191 450 2582 505 arbitraretur.
2646 453 2867 509 Petram
2919 455 3218 526 quamdam
3275 464 3617 531 prmruptam

327 529 484 582 οὐδὲν
516 528 655 601 ᾤετο
679 534 793 595 τοῖς
820 533 1143 603 Θαρσαλέοις
1171 535 1470 596 ἀνάλωτον,
1501 535 1622 620 οὐδέ
1649 553 1700 589 τι
1726 537 1924 607 ὀχυρὸν

2033 557 2149 596 Cum
2179 543 2495 607 junioribus
2541 545 2908 603 Macedonum
2949 565 3277 621 aggressus,
3321 528 3618 622 quemdam

330 625 446 685 τοῖς
488 623 779 695 ἀτόλμοις.
817 626 1002 698 Πέτρᾳ
1044 627 1100 681 δέ
1142 645 1249 681 τινι
1295 629 1559 700 ἀποτόμῳ
1597 629 1926 700 προσϐαλὼν

2033 634 2174 690 inter
2213 651 2311 691 eos
2343 639 2574 694 nomine
2599 639 2981 696 Alexandrum
3027 642 3391 700 cohortatus:
3426 647 3492 700 At
3527 658 3618 710 te,

333 716 436 770 σὺν
468 720 581 780 τοῖς
628 718 922 790 νεωτέροις
987 721 1096 773 τῶν
1151 721 1506 785 Μακεδόνων,
1570 723 1926 793 Ἀλέξανδρόν

2033 727 2229 795 inquit,
2257 727 2340 781 vel
2368 738 2584 799 propter
2613 747 2825 797 nomen,
2855 742 3132 786 strenuum
3164 751 3270 788 esse
3300 737 3465 790 decet.
3506 737 3620 791 illa-'-

328 827 453 863 τινα
480 812 538 863 ὲν
568 811 779 876 τούτοις
812 813 1154 881 καλούμενον
1205 815 1690 884 προσαγορεύσας,
1739 815 1930 870 Ἀλλά

2033 819 2336 876 cedonibns
2383 824 2721 892 prolundum
2759 825 3058 896 quemdam
3103 826 3329 882 ﬂuvium
3381 833 3620 885 transire

331 902 549 969 σοίγε,
603 898 748 964 εἷπε,
802 904 900 957 καὶ
933 904 1032 958 διὰ
1083 904 1199 973 τὴν
1251 904 1482 973 κλῆσιν
1527 906 1930 974 ἀνδραγαθεῖν

2033 911 2410 969 dubitantibus
2441 934 2454 969 :
2498 915 2629 983 Cur,
2667 919 2870 988 inquit,
2909 937 3002 990 ego
3037 923 3274 974 omnium
3306 923 3616 979 mortalium

335 993 651 1062 προσήκει.
688 996 941 1064 Ποταμὸν
973 997 1030 1050 δὲ
1063 997 1235 1067 βαθὺν
1261 997 1372 1050 τῶν
1389 998 1720 1052 Μακεδόνων
1749 1000 1928 1069 περᾷν

2033 1003 2394 1070 ignavissimus
2428 1015 2617 1062 natare
2649 1026 2754 1064 non
2789 1011 2997 1065 didici?
3037 1011 3172 1067 Cum
3204 1013 3366 1083 legati
3393 1014 3614 1070 urbium

334 1085 662 1151 ὀκνούντων,
705 1089 768 1143 Τί
799 1089 933 1160 γὰρ,
987 1085 1165 1154 εἶπεν,
1223 1093 1258 1144 ὀ
1305 1089 1596 1155 κάκιστος
1645 1089 1762 1158 ἐγὼ
1799 1091 1934 1142 νεῖν

335 1181 450 1233 οὐκ
477 1181 738 1250 ἕμαθον;
781 1182 869 1245 Ὠς
896 1183 954 1236 δὲ
987 1183 1245 1254 παρῆσαν
1293 1183 1552 1250 πρέσϐεις
1593 1183 1728 1252 πρὸς
1761 1182 1928 1234 αὐτὸν

334 1273 443 1326 ἀπὸ
484 1274 594 1328 τῶν
637 1276 1120 1346 πολιορκουμένων
1171 1277 1406 1336 πόλεων,
1457 1278 1485 1329 6
1540 1274 1924 1344 πρεσϐύτατος

334 1367 539 1433 αὐτῶν,
567 1371 832 1439 Ἄκουφις
877 1370 1138 1440 τοῦνομα,
1169 1371 1446 1441 ἠρώτησε,
1480 1371 1537 1424 τί
1576 1369 1653 1424 ἂν
1693 1368 1933 1422 ποιοῦν-

333 1475 433 1523 τες
471 1463 636 1527 φίλοι
671 1461 858 1516 αὐτοῦ
902 1462 1284 1533 ,λογίζοιντος
1347 1464 1405 1516 '0
1453 1463 1509 1515 δὲ
1555 1459 1930 1529 Ἀλέξανδρος.

331 1550 635 1619 Εισὲμὲν,
655 1548 830 1618 εἶπεν,
859 1556 1213 1624 αἱρήσονται
1236 1555 1521 1624 ἄρχοντα,
1543 1552 1673 1622 ἐμοὶ
1688 1551 1757 1605 δὲ
1776 1550 1930 1619 πέμ-

335 1643 571 1709 ψουσιν
593 1645 821 1714 ἄνδρας
835 1647 1056 1704 ἑκατὸν
1068 1649 1212 1715 τοὺς
1233 1650 1546 1717 ἀρίστους.
1567 1645 1814 1706 Γελάσας
1833 1638 1930 1696 οὖν

2025 1110 2166 1162 quas
2203 1098 2512 1165 obsidebat,
2547 1101 2613 1155 ad
2645 1117 2772 1156 eum
2803 1104 3111 1169 venissent,
3148 1121 3457 1174 eorumque
3485 1119 3618 1163 natu

2027 1185 2302 1240 maximus
2341 1189 2600 1260 Acuphis.
2635 1203 2888 1263 rogaret,
2929 1195 3114 1264 quibus
3161 1197 3453 1250 rationibus
3504 1199 3618 1268 ejus

2029 1279 2324 1334 amicitiam
2369 1283 2467 1336 sibi
2514 1285 2906 1342 conciliarent?
2937 1286 3250 1341 Alexander
3279 1289 3566 1357 respondit
3601 1309 3613 1344 :

2031 1367 2091 1421 Si
2123 1381 2171 1422 te
2203 1374 2499 1444 principem
2529 1379 2798 1446 crearint,
2830 1389 2880 1432 et
2908 1381 3039 1435 mihi
3065 1383 3203 1435 viros
3232 1386 3619 1451 prmstantissi-

2029 1475 2143 1513 mos
2169 1472 2376 1518 centum
2409 1468 2667 1522 miserint.
2704 1469 2786 1524 Ad
2813 1470 2930 1525 haec
2973 1472 3162 1527 ridens
3202 1472 3486 1542 Acuphis:
3521 1475 3619 1527 At-

2027 1553 2118 1621 qui
2141 1594 2154 1616 ,
2195 1554 2407 1625 inquit,
2441 1576 2537 1614 rea:
2571 1561 2758 1617 melius
2787 1565 3091 1635 imperabo,
3133 1566 3179 1619 si
3207 1567 3298 1620 tibi
3329 1583 3433 1620 non
3485 1569 3621 1638 opti-

2029 1660 2160 1708 mos,
2199 1653 2292 1702 sed
2323 1654 2572 1721 pessimos
2615 1657 2828 1711 misero.

334 1735 473 1802 πρὸς
523 1738 699 1791 ταῦτα
753 1742 782 1794 6
833 1742 1120 1812 Ἄκουφις,
1189 1743 1374 1798 Ἀλλὰ
1410 1741 1704 1807 βέλτιον,
1766 1732 1944 1802 εἶπεν,
1980 1736 2160 1805 ἄρξω,
2191 1737 2237 1796 ὦ
2262 1745 2553 1813 βασιλεῦ,
2609 1753 2659 1804 et
2695 1751 2833 1816 τοὺς
2861 1752 3189 1818 κακίστους
3232 1769 3352 1814 σοι,
3385 1754 3480 1806 καὶ
3535 1754 3620 1823 μὴ

331 1829 478 1894 τοὺς
501 1831 790 1900 ἀρίστους
819 1836 1040 1890 στελῶ.

405 1923 499 1976 II".
540 1925 600 1978 Ὀ
641 1925 824 1996 μέντοι
859 1929 1098 2001 Ταξίλης
1133 1930 1334 2001 μοίρας
1399 1931 1586 2002 ἄρχων
1615 1927 1718 1996 τῆς
1766 1925 1924 2008 ἰνδι-

2105 1925 2248 1984 ΧΙΙΙ.
2297 1929 2555 1999 Taxilcs,
2604 1934 2700 2004 qui
2748 1935 2917 1990 ludia:
2975 1935 3116 2004 parti
3169 1935 3351 1992 omnis
3397 1941 3616 2009 generis

333 2016 438 2084 κῆς
472 2017 774 2089 Παμφόρου
821 2037 882 2074 τε
915 2022 1006 2076 καὶ
1049 2022 1393 2093 εὐδαίμονος,
1433 2023 1536 2076 οὐκ
1584 2018 1924 2088 άποδεούσης

329 2105 633 2173 Αἰγύπτου,
669 2109 833 2180 σοφὸς
863 2112 921 2165 δὲ
953 2111 1028 2164 ὢν
1055 2112 1218 2184 ἀνὴρ,
1256 2112 1483 2183 πέμψας
1512 2111 1803 2182 ἠσπάσατο
1834 2111 1927 2164 τὸν

344 2199 722 2273 Ἀλέξανδρον,
755 2203 874 2270 καὶ,
909 2204 976 2258 Τί
1016 2203 1113 2258 δεῖ
1153 2205 1437 2273 πολέμων
1492 2204 1656 2274 ἡμῖν.
1695 2203 1824 2273 ἔφη,
1874 2205 1927 2258 ei

326 2291 482 2362 μήτε
513 2293 674 2362 ὕδωρ
731 2295 1219 2366 ἀφαιρησόμενος
1269 2295 1438 2366 ὑμῶν
1481 2297 1715 2366 ἀφῖξαι,
1771 2295 1928 2366 μήτε

330 2385 566 2455 τροφὴν
597 2387 936 2458 ἀναγκαίαν
959 2407 979 2455 ;
1025 2389 1152 2454 τοῖς
1175 2389 1228 2442 δ’
1260 2389 1473 2456 ἄλλοις
1502 2392 1555 2444 ει
1579 2390 1699 2458 μὲν
1729 2389 1922 2457 κρείτ-

333 2494 457 2531 των
477 2474 544 2544 ὦ,
585 2479 817 2550 ἕτοιμός
852 2485 975 2552 ειμι
1017 2478 1089 2537 εὗ
1113 2483 1310 2537 ποιεῖν
1330 2499 1343 2513 ’
1398 2485 1452 2536 ει
1481 2482 1548 2536 δὲ
1579 2482 1798 2550 ἥττων,
1849 2485 1924 2537 οὐ

331 2574 533 2642 φεύγω
552 2574 728 2643 χάριν
757 2576 925 2645 ἔχειν
946 2577 1017 2631 εὖ
1044 2578 1273 2634 παθών.
1314 2577 1532 2641 Ἡσθεὶς
1559 2573 1653 2632 οὖν
1677 2577 1772 2630 ἐπὶ
1799 2577 1926 2630 τού-

329 2682 444 2728 τοις
472 2669 500 2719 ό
536 2667 911 2739 Ἀλέξανδρος,
942 2670 1112 2739 Ἐγὼ,
1157 2672 1344 2740 φησιν,
1378 2670 1745 2741 ἀγωνιοῦμαι
1777 2674 1926 2741 πρὸς

330 2757 430 2818 σὲ,
463 2758 561 2812 καὶ
589 2759 995 2831 διαμαχοῦμαι
1037 2762 1169 2830 ταῖς
1219 2764 1485 2834 χάρισιν,
1513 2762 1595 2830 ῶς
1621 2781 1742 2833 μου
1774 2781 1924 2833 χρη·

328 2850 477 2914 στὸς
523 2851 609 2904 ὢν
649 2852 736 2922 μὴ
768 2855 1070 2924 περιγένῃ.
1100 2856 1297 2910 Λαϐὼν
1341 2856 1398 2910 δὲ
1430 2856 1579 2928 δῶρα
1603 2856 1796 2922 πολλὰ,
1830 2858 1925 2911 καὶ

331 2943 554 2998 πλείονα
605 2947 929 3019 παρασχὼν,
963 2949 1114 3014 τέλος
1137 2951 1286 3020 χίλια
1323 2951 1566 3004 τάλαντα
1589 2950 1926 3021 νομίσματος

330 3038 480 3108 αὐτῷ
537 3042 878 3113 ἐδωρήσατο.
936 3047 1317 3116 Σπεισάμενος
1353 3047 1410 3100 δέ
1462 3064 1572 3101 τινι
1623 3047 1781 3101 πόλει
1815 3046 1925 3100 τῶν

343 3134 602 3200 Ἰνδικῶν,
635 3139 900 3204 ἀπιόντας
959 3140 1172 3194 ἐκεῖθεν
1239 3142 1369 3205 τοὺς
1438 3143 1496 3214 έν
1548 3141 1686 3212 αὐτῇ
1739 3142 1927 3210 μισθο-

333 3227 639 3296 φοροῦντας
704 3230 817 3284 τῶν
891 3234 1298 3302 μαχιμωτάτων
1364 3233 1588 3298 Ἰνδῶν,

333 3335 424 3372 νεν
483 3319 771 3383 ἆπανταςυ
844 3322 872 3376 ὃ
918 3326 1032 3387 τοῖς
1114 3325 1280 3377 αὐτοῦ
1351 3325 1672 3394 πολεμικοῖς
1744 3325 1928 3396 ἔργοις

330 3407 423 3465 οἶά
448 3430 526 3472 τι,
552 3413 714 3482 κηὶὶς
741 3417 1055 3486 πρόσεστιν.
1085 3411 1218 3470 Εἶτα
1255 3419 1392 3489 πρὸς
1431 3418 1624 3489 Πῶρον
1649 3421 1929 3489 ἐμαχέσαο

330 3521 416 3566 το,
453 3505 546 3556 καὶ
572 3504 766 3559 τοῦτον
796 3511 984 3577 χώρας
1018 3509 1252 3579 Ἰνδικῆς
1283 3509 1662 3576 βασιλεύοντα,
1687 3512 1747 3565 τὸ
1772 3513 1930 3582 μέγε-

335 3596 428 3659 Οος
458 3598 554 3650 τοῦ
583 3598 839 3668 σώματος
874 3601 1071 3672 ἔχοντα
1103 3605 1183 3666 εἰς
1233 3604 1512 3675 τέσσαρας
1558 3606 1759 3675 πήχεις
1793 3607 1927 3659 ἁναι·

331 3691 526 3759 τρέχον
553 3697 644 3743 καὶ
672 3693 978 3765 σπιθαμήν.
1009 3695 1216 3750 Τοῦτον
1242 3698 1472 3766 νικήσας
1501 3698 1596 3751 καὶ
1619 3697 1800 3763 ζῶντα
1830 3698 1929 3752 λα-

334 3781 506 3835 ϐὼνό
537 3783 914 3856 Ἀλέξανδρος,
976 3785 1256 3858 ἠρώτησε,
1304 3789 1426 3853 πῶς
1481 3790 1549 3843 ἂν
1602 3791 1757 3862 αὐτῷ
1788 3793 1927 3863 χρὴ·

337 3893 495 3929 σαιτο
519 3893 532 3906 ο
564 3879 592 3929 6
611 3878 690 3940 δὲ,
721 3879 1079 3946 Βασιλικῶς,
1123 3882 1484 3954 ἀπεκρίνατο.
1508 3885 1928 3956 Πυνθανομένου

329 3967 389 4020 δὲ
416 3967 511 4020 τοῦ
533 3968 910 4042 Ἀλεξάνδρου,
968 3970 1023 4024 εῐ
1061 3989 1114 4025 τι
1152 3973 1248 4028 καὶ
1287 3972 1473 4043 ἕτερον
1507 3975 1656 4041 λέγει
1679 4015 1695 4036 ,
1736 3977 1765 4029 6
1807 3978 1931 4029 Πῶ-

335 4077 452 4132 ρος,
495 4062 720 4126 Πάντα,
755 4062 881 4134 ἔφη,
917 4065 998 4130 τῷ
1013 4064 1362 4132 βασιλικῶς
1389 4067 1653 4123 ἔνεστιν.
1687 4069 1932 4138 Ἀφῆκεν

339 4148 438 4206 οὖν
461 4154 647 4221 αὐτὸν,
683 4157 779 4210 καὶ
802 4157 995 4228 ἄρχειν
1022 4157 1246 4226 δέδωκε,
1275 4161 1566 4231 σατράπην
1594 4161 1930 4232 ὀνομαζόμε·

335 4268 450 4316 νον,
482 4252 544 4304 οὐ
577 4253 740 4322 μόνον
767 4247 843 4306 ὧν
875 4249 1016 4325 ἦρχε
1053 4254 1270 4327 πρώην.
1303 4256 1439 4310 ἀλλὰ
1473 4260 1568 4310 καὶ
1600 4258 1778 4311 ἄλλων
1805 4259 1935 4312 πολ-

334 4342 467 4398 λῶν.
513 4344 603 4396 Ἐν
626 4343 798 4416 ταύτῃ
832 4348 898 4416 τῇ
931 4347 1076 4418 μάχῃ
1113 4348 1208 4401 καὶ
1231 4348 1260 4400 6
1296 4347 1650 4416 Βουκεφάλας
1673 4351 1930 4420 τρωθεὶς,

337 4438 479 4506 μετὶι
507 4440 702 4509 καιρὸν
736 4439 1111 4511 ἐτελεύτησεν,
1154 4441 1254 4512 ἤδη
1296 4442 1630 4514 ὑπέργηρως
1667 4443 1930 4512 γεγονώς.

347 4533 407 4583 '0
436 4532 492 4585 δὲ
542 4533 896 4603 Ἀλέξανδρος
925 4534 1188 4605 ἤλγησεν,
1240 4535 1317 4598 ὥς
1349 4553 1472 4590 τινα
1523 4537 1676 4606 φίλον
1715 4539 1928 4592 άποϐα-
1963 4576 2006 4632 D

332 4625 463 4679 λὼν.
501 4626 566 4679 Ol
608 4626 793 4694 μέντοι
840 4627 1152 4691 Μακεδόνες
1183 4631 1241 4681 ὲν
1271 4631 1336 4700 τῇ
1373 4630 1508 4700 πρὸς
1548 4630 1742 4701 Πῶρον
1780 4631 1928 4704 μάχῃ

333 4719 738 4789 πεπονηκότες,
793 4721 895 4773 οὐκ
930 4721 1212 4775 ἐπείθοντο
1279 4722 1637 4795 Ἀλεξάνδρῳ,
1695 4725 1790 4777 καὶ
1837 4726 1932 4779 τὶν

335 4811 561 4882 Γάγγην
618 4813 867 4884 ποταμὸν
921 4814 1162 4884 περάσαι
1224 4814 1550 4885 βιαζομένῳ,
1607 4811 1766 4886 εὖρος
1831 4818 1930 4888 μὲν

335 4902 528 4974 ἔχοντα
565 4905 816 4969 σταδίους
847 4906 1116 4976 ἑξήκοντα
1146 4907 1285 4979 πρὸς
1325 4907 1447 4961 δυσὶ
1476 4908 1613 4978 (22),
1665 4909 1830 4977 βάθος
1871 4911 1930 4965 δὲ

329 4997 562 5066 ὀργυιὰς
591 4999 810 5053 ἑκατόν.
851 5001 910 5053 '0
947 4999 1005 5052 δὲ
1035 5001 1396 5072 δυσθυμήσας
1425 5002 1687 5070 άπρόῖτος
1728 5003 1841 5075 (25)
1869 5005 1928 5057 ἐν

332 5096 401 5163 τῇ
432 5095 604 5161 σκηνῇ
641 5093 858 5162 ἔμενεν,
898 5093 1069 5164 ἣττης
1105 5095 1461 5164 λογιζόμενος
1521 5097 1929 5164 συγκατάθεσιν

331 5187 397 5238 τὸ
420 5186 512 5240 τὸν
545 5187 766 5256 Γάγγην
809 5187 884 5258 μὴ
913 5187 1228 5259 παρελθεῖν.
1267 5187 1390 5241 Τῶν
1429 5188 1486 5242 δὲ
1519 5189 1692 5257 φίλων
1747 5208 1930 5262 παρα-

334 5280 669 5345 καλούντων,
695 5279 790 5333 καὶ
812 5281 921 5336 τῶν
953 5281 1305 5352 στρατιωτῶν
1327 5280 1753 5335 ἀντιϐολούντων
1793 5284 1935 5354 μετὰ

335 5371 644 5444 κλαυθμοῦ,
703 5373 968 5428 ὲνδέδωκέ
1000 5391 1060 5427 τε
1095 5375 1190 5428 καὶ
1224 5372 1581 5442 ἀνεζεύγνυε.
1637 5372 1818 5428 Πολλά
1873 5373 1932 5428 δὲ

2037 2021 2320 2078 fructuum
2375 2024 2548 2081 feraci
2580 2041 2646 2082 ac
2682 2028 2854 2083 beatae
2880 2069 2893 2093 ,
2939 2029 3172 2100 quaeque
3204 2029 3437 2102 rEgypto
3477 2033 3615 2089 nihil

2036 2112 2294 2181 cederet,
2345 2115 2682 2187 imperabat,
2741 2121 2827 2174 vir
2866 2121 3120 2190 sapiens,
3183 2122 3366 2178 missis
3422 2123 3621 2195 legatis

2034 2207 2349 2264 Alexandro
2383 2211 2624 2266 salutato
2651 2230 2664 2265 :
2693 2211 2854 2278 Quid,
2899 2213 3104 2284 inquit,
3145 2214 3281 2268 bello
3311 2215 3461 2270 nobis
3490 2233 3621 2287 opus

2035 2311 2143 2367 est,
2190 2304 2238 2356 si
2275 2305 2374 2358 liuc
2419 2307 2642 2368 venisti,
2681 2314 2739 2358 ut
2767 2307 2915 2360 nobis
2943 2324 3112 2378 neque
3162 2324 3358 2378 aquam
3383 2349 3399 2375 ,
3457 2324 3625 2381 neque

2038 2396 2236 2449 victum
2269 2399 2629 2454 necessarium
2653 2401 2931 2470 eriperes?
2965 2401 3167 2455 ca‘teris
3200 2411 3376 2455 autem
3429 2402 3583 2454 rebus
3605 2442 3620 2463 ,

2035 2491 2080 2542 si
2110 2488 2229 2558 plus
2271 2507 2486 2560 possum
2509 2531 2524 2553 ,
2559 2501 2784 2561 paratus
2811 2510 2929 2546 sum
2964 2495 3034 2546 ad
3061 2494 3514 2564 benefaciendum.
3563 2493 3624 2548 Si

2035 2579 2227 2631 minus.
2257 2594 2361 2632 non
2392 2594 2577 2633 recuso
2599 2595 2696 2647 pro
2729 2582 2951 2647 acceptis
2980 2581 3244 2649 beneﬁciis
3274 2581 3465 2635 habere
3499 2596 3626 2650 gra-

2037 2673 2190 2724 tiam.
2225 2670 2321 2726 llis
2355 2671 2663 2726 Alexander
2695 2672 3042 2727 delectatus:
3082 2672 3220 2744 Ego,
3255 2672 3474 2742 inquit,
3506 2689 3622 2726 cer-

2037 2762 2156 2815 tabo
2194 2773 2364 2816 tecum
2400 2762 2663 2832 beneﬁciis
2688 2803 2702 2826 ,
2747 2774 2796 2817 et
2837 2780 2904 2818 ne
2935 2775 3026 2818 tua
3070 2765 3392 2835 benignitate
3431 2765 3620 2819 vincar

2033 2855 2335 2910 elaborabo.
2363 2857 2728 2927 Acceptisque
2765 2857 2953 2912 multis
2985 2858 3329 2922 muneribus,
3356 2858 3607 2927 pluribus

2035 2948 2206 3013 datis,
2244 2946 2486 3018 denique
2523 2948 2673 3003 mille
2717 2949 2920 3003 talenta
2953 2949 3003 3002 ei
3038 2948 3268 3002 donavit
3318 2947 3460 3003 Pace
3494 2962 3619 3002 cum

2035 3042 2174 3096 urbe
2229 3042 2466 3112 quadam
2512 3041 2704 3097 Indica
2735 3043 2916 3107 facta,
2961 3042 3164 3098 milites
3219 3042 3313 3112 qui
3373 3041 3621 3112 praesidii

2037 3151 2200 3190 causa
2259 3134 2519 3189 conducti
2571 3134 2796 3189 fuerant
2838 3151 2868 3188 e
2926 3135 3367 3190 bellicosissimis
3429 3133 3619 3196 ludis,

1673 3234 1930 3289 ἁπέκτει-
1953 3229 1999 3289 C
2039 3227 2198 3297 193
2230 3242 2300 3282 ex
2326 3241 2394 3282 ea
2433 3226 2786 3282 discedentes
2811 3267 2824 3288 .
2860 3227 3154 3282 universos
3185 3228 3389 3282 occidit
3419 3245 3430 3281 :
3475 3227 3623 3296 quod

2033 3319 2248 3374 bellicis
2279 3320 2399 3391 ejus
2435 3321 2699 3390 operibus
2752 3319 3068 3390 ignominiae
3121 3319 3298 3374 veluti
3351 3321 3623 3374 maculam

2032 3412 2330 3482 quamdam
2366 3411 2670 3482 impressit-
2701 3412 2910 3467 Deinde
2942 3427 3069 3467 cum
3116 3413 3262 3468 Poro
3288 3422 3344 3466 ιιι
3375 3414 3494 3482 ipso
3529 3412 3624 3467 ln—

2041 3507 2146 3563 diaa
2177 3521 2306 3577 rege
2336 3506 2600 3577 pugnavit
2628 3547 2642 3566 .
2685 3506 2782 3576 qui
2809 3515 3037 3562 statura:
3063 3517 3184 3561 erat
3206 3516 3442 3576 quatuor
3470 3507 3628 3561 cubi-

2035 3610 2217 3657 torum
2249 3609 2308 3656 et
2339 3601 2650 3671 spithamaa.
2683 3599 2857 3668 Quem
2883 3615 3011 3657 cum
3049 3599 3255 3654 victum
3287 3610 3622 3668 captumque

2033 3703 2302 3766 rogasset,
2328 3694 2609 3765 quomodo
2655 3693 2980 3750 tractandus
3005 3702 3154 3749 esset
3177 3712 3187 3744 :
3207 3692 3509 3762 Regaliter,
3541 3692 3624 3744 in-

2036 3787 2180 3856 quit.
2205 3785 2578 3841 Percontante
2607 3785 2943 3850 Alexandro,
2983 3783 3236 3853 nunquid
3261 3784 3408 3838 aliud
3428 3784 3622 3848 vellet,

2037 3879 2352 3950 respondit,
2382 3880 2438 3934 in
2466 3879 2635 3951 regali
2668 3878 2997 3934 tractatione
3027 3877 3212 3932 inesse
3241 3878 3454 3932 omnia.
3484 3877 3623 3932 Eum

2034 3975 2204 4045 igitur
2248 3974 2540 4030 dimissum
2569 4015 2584 4034 ,
2641 3984 2902 4044 satrapen
2951 3973 3249 4044 appellavit
3296 3988 3406 4026 non
3433 3987 3629 4027 carmn

1987 4107 2006 4123 ..
2034 4069 2306 4124 duntaxat
2327 4068 2741 4139 provinciarum
2766 4067 2973 4138 quibus
2993 4067 3146 4136 prius
3173 4067 3496 4135 imperarat,
3526 4065 3624 4120 sed

2033 4171 2092 4216 et
2146 4161 2380 4214 aliarum
2436 4158 2761 4213 multarum.
2821 4159 2881 4213 lu
2931 4173 2994 4212 ea
3041 4173 3225 4228 pugna
3277 4155 3624 4225 Bucephalas

2034 4256 2200 4312 etiam
2227 4255 2574 4319 vulneratus,
2601 4253 2767 4324 paulo
2790 4263 2938 4324 post,
2961 4253 3071 4323 jam
3097 4251 3394 4307 admodum
3425 4267 3618 4317 senex,

2037 4349 2219 4404 obiit:
2255 4348 2418 4419 cujus
2447 4347 2666 4402 obitum
2699 4345 3015 4401 Alexander
3055 4360 3162 4399 non
3206 4358 3368 4398 secus
3402 4342 3581 4397 doluit
3607 4382 3625 4408 ,

2039 4459 2103 4498 ac
2125 4444 2168 4498 si
2194 4443 2432 4498 amicum
2458 4441 2756 4496 amisisset.
2781 4439 2917 4496 Cum
2937 4438 3267 4494 Macedones
3290 4452 3471 4508 pugna
3496 4452 3625 4492 cum

2041 4535 2185 4590 Poro
2235 4533 2533 4589 commissa
2565 4529 2798 4602 fatigati,
2828 4527 3144 4583 Alexandro
3171 4526 3414 4597 Gangem
3437 4525 3628 4589 etiam,

2039 4627 2196 4698 cujus
2217 4625 2453 4682 latitudo
2485 4639 2684 4682 versus
2711 4637 2970 4679 occasum
2997 4621 3300 4676 stadiorum
3335 4635 3470 4687 mi,
3501 4635 3628 4690 pro-

2039 4720 2284 4777 funditas
2309 4735 2338 4775 ο
2369 4733 2667 4791 orgyarum
2701 4725 2852 4780 erat,
2884 4717 2936 4769 vi
2968 4714 3295 4780 transiture,
3317 4729 3432 4768 non
3467 4729 3622 4784 pare-

2038 4821 2204 4870 rent:
2255 4813 2444 4868 animo
2468 4827 2615 4882 aeger
2637 4850 2654 4875 ,
2692 4809 2748 4864 in
2782 4808 3144 4864 tabernaculo
3189 4807 3452 4863 desidens
3472 4848 3487 4871 ,
3519 4822 3628 4860 non

2037 4906 2248 4978 prodiit
2270 4906 2327 4960 in
2351 4905 2658 4976 publicum,
2707 4902 2940 4974 perinde
2962 4917 3085 4957 esse
3103 4900 3386 4972 judicans,
3411 4900 3456 4954 si
3485 4897 3630 4954 Gan-

2036 5017 2158 5072 gem
2217 5011 2332 5054 non‘
2374 4997 2700 5061 transisset,
2730 5011 2793 5050 ac
2831 4995 2878 5051 εἰ
2910 4995 3119 5050 victum
3151 5010 3210 5048 se
3246 4992 3626 5049 conﬁteretur.

2028 5093 2138 5148 Sed
2173 5091 2367 5146 amicis
2413 5088 2821 5145 obtestantibus
2853 5096 2909 5142 et
2942 5086 3214 5141 militibus
3257 5099 3382 5140 cum
3410 5083 3626 5154 ploratu

2031 5183 2509 5257 supplicantibus,
2539 5180 2764 5236 tandem
2793 5179 2998 5242 cessit,
3040 5177 3405 5246 exercituque
3447 5174 3617 5229 redu-

2032 5290 2123 5337 cto
2148 5321 2164 5345 ,
2201 5277 2376 5332 multa
2406 5274 2624 5344 navigia
2656 5284 2712 5330 et
2743 5285 2894 5328 rates
2924 5270 3242 5326 fabricavit.
3273 5267 3479 5337 quibus
3511 5269 3622 5319 tlu-
3716 5332 3724 5340 1

2033 5372 2184 5428 mina
2211 5369 2514 5440 trajiceret,
2538 5367 2788 5422 exterius
2813 5377 3037 5435 quoque
3065 5375 3216 5415 mare
3243 5358 3622 5428 inspecturus,

1522 5487 1724 5550 Variae
1756 5488 2064 5555 lectiones
2111 5464 2172 5551 et
2213 5497 2409 5550 notae.

407 5616 541 5688 (2'2)
578 5613 1106 5688 Ἐξήκονταηξτρὸς
1148 5613 1355 5688 δυσίν.
1387 5611 1528 5668 Cod.
1568 5627 1673 5688 ms.
1710 5613 1756 5666 λ’
1788 5614 1927 5684 πρὸς

332 5683 790 5742 δυσί.’Λιϊίοηυε
829 5687 884 5740 in
923 5685 1020 5740 lib.
1066 5684 1192 5739 Rer.
1233 5684 1462 5738 indicar.
1496 5683 1691 5738 scribit
1734 5683 1926 5755 patere

329 5757 599 5830 Gangem,
633 5772 743 5830 qua
771 5757 1009 5813 maxime
1034 5764 1302 5830 angustus
1329 5763 1436 5822 est,
1461 5755 1530 5810 ad
1559 5763 1786 5812 centum
1809 5764 1926 5813 sta-

331 5829 445 5889 dia.

2108 5613 2224 5686 (25)
2270 5609 2592 5686 Ἀρτρρττοᾳ
2627 5605 2704 5660 Ita
2750 5619 2886 5686 Ipse.
2945 5598 3116 5686 codd.
3156 5598 3442 5686 Illeg’ZeL

2035 5669 2713 5761 Viennensis'anpdcnog,
2750 5673 2858 5761 Sed
2886 5672 3128 5744 priorem
3156 5669 3449 5727 lectionem
3472 5682 3624 5731 secus

2037 5764 2131 5812 tus
2159 5763 2248 5814 est
2281 5759 2343 5809 ut
2367 5745 2656 5807 meliorem
2695 5745 2996 5818 interpres.
