4074 6418
388 344 523 415 ’351

1697 350 2021 412 JOANNlS
2061 341 2386 408 ΖΟΝΑῐὶᾸζ

3595 330 3709 403 352

419 475 473 519 et
512 463 1026 534 jlraaternavigamlu
1067 464 1233 518 urbes
1270 462 1506 533 subegit.
1535 463 1672 519 Cum
1721 475 1906 520 autem
1941 465 2006 522 ad

2124 459 2390 530 πορθμεῖα
2419 456 2513 510 καὶ
2539 453 2757 527 σχεδίας
2791 452 3127 523 πηξάμενος,
3161 451 3450 523 ἐκομίζετο
3480 452 3569 507 διὰ
3597 455 3711 507 τῶν

424 559 616 613 Mallos
644 558 1017 627 pervenisset,
1042 558 1305 612 ludorum
1332 556 1791 627 pugnacissimos.
1816 574 2010 630 parum

423 652 495 706 ab
523 651 752 706 interitu
785 649 985 705 abfuit.
1018 649 1154 704 Nam
1181 664 1307 704 eum
1338 649 1551 720 primus
1575 665 1673 720 per
1693 651 1870 706 scalas
1893 667 2015 705 mu-

426 761 550 799 rum
576 743 1027 802 conscendisset,
1065 742 1241 811 iisque
1271 742 1631 797 comminutis
1652 742 1723 797 ab
1757 742 2014 798 hostibus

424 844 740 907 peteretur,
768 835 976 903 impetu
1013 834 1066 886 in
1093 832 1306 888 medios
1334 833 1521 888 hostes
1543 833 1775 901 desiliit,
1799 842 1854 888 et
1882 850 2010 888 casu

423 937 614 983 rectus
634 927 808 992 stetit,
840 942 906 981 ac
943 927 1163 981 barbari
1197 925 1437 995 primum
1461 925 1696 996 dispersi
1728 937 1889 981 sunt:
1916 926 2010 982 sed

427 1034 561 1074 eum
607 1021 786 1073 solum
833 1034 955 1073 esse
986 1036 1111 1074 cum
1157 1018 1376 1074 duobus
1426 1018 1695 1076 duntaxat
1724 1020 2015 1090 armigeris

424 1109 762 1180 conspicati,
811 1111 882 1166 ad
927 1111 1305 1167 defensionem
1382 1113 1671 1177 conversi,
1756 1112 2015 1168 cominus

424 1214 554 1255 eum
583 1199 877 1258 feriebant.
912 1203 1145 1270 Quidam
1181 1219 1312 1259 vero
1336 1203 1554 1273 longius
1584 1202 1883 1266 absistens,
1922 1218 2017 1257 sa-

426 1289 620 1361 gittam
650 1306 719 1346 ex
746 1308 879 1347 arcu
912 1293 1171 1348 emissam
1203 1293 1259 1348 in
1282 1293 1504 1350 ossibus
1527 1293 1675 1349 circa
1720 1308 2013 1348 mammam

426 1382 660 1438 deﬁxit:
691 1400 815 1454 quae
869 1385 1025 1455 plaga
1075 1386 1158 1441 sic
1204 1401 1345 1442 eum.
1379 1385 1651 1456 perculit,
1704 1392 1765 1439 ut
1792 1384 2018 1440 cederet

427 1484 595 1547 atque
632 1477 997 1533 inclinaretnr
1018 1518 1031 1537 .
1064 1479 1110 1533 is
1138 1495 1271 1534 vero
1298 1481 1392 1549 qui
1428 1495 1556 1534 eum
1592 1479 1787 1544 icerat,
1820 1478 2017 1533 stricto

425 1565 608 1635 gladio
636 1577 973 1623 accurrerct.
1015 1568 1121 1624 Sed
1162 1570 1459 1625 Peucestas
1486 1577 1542 1625 et
1590 1569 1879 1625 Lemnaeus
1930 1584 2020 1623 re—

425 1674 547 1730 gem
574 1658 958 1722 defendentes,
990 1663 1155 1717 ambo
1185 1672 1318 1719 sunt
1348 1664 1646 1727 vulnerati,
1678 1662 1821 1718 alter
1849 1664 2016 1718 etiam

426 1757 701 1806 mortuus.
765 1750 1076 1807 Alexander
1120 1763 1349 1819 autem,
1403 1764 1786 1824 propugnante
1831 1754 2018 1808 adhuc

2114 551 2403 622 ποταμῶν,
2429 548 2604 603 θέλων
2651 547 2752 618 τὴν
2779 546 2886 613 ἔξω
2918 545 3195 600 θάλασσαν
3217 546 3455 600 ἐπιδεῖν·
3485 546 3582 600 καὶ
3603 563 3713 602 πα-

2118 643 2372 714 ραπλέων
2427 639 2716 701 ἀπέϐαινε,
2775 638 2872 691 καὶ
2931 636 3121 701 πόλεις
3175 636 3481 709 ἐχειροῦτο.
3532 637 3623 691 Ἐν
3651 637 3714 692 δέ

2116 737 2356 800 Μαλλοῖς
2405 731 2670 803 γεγονὼς,
2715 731 3131 803 μαχιμωτάτοις
3180 729 3333 785 οὖσιν
3377 730 3579 795 Ἰνδῶν,
3618 749 3713 801 μι..

2115 827 2253 900 κροῦ
2295 824 2658 882 ἐκινδύνευσε.
2698 824 2924 894 Πρῶτος
2958 824 3070 894 γάρ
3099 822 3191 876 διὰ
3222 823 3492 893 κλίμακος
3521 822 3617 878 ἐπὶ
3649 824 3713 879 τὺ

2115 925 2297 992 τεῖχος
2316 919 2544 985 ἀναϐὰς,
2577 920 2680 987 τῆς
2709 918 2979 987 κλίμακος
3010 915 3419 988 συντριϐείσης,
3471 917 3568 971 καὶ
3595 917 3711 971 τῶν

2117 1011 2400 1082 πολεμίων
2444 1007 2849 1078 ἐπιτιθεμένων
2886 1005 2984 1060 καὶ
3033 1004 3344 1076 βαλλόντων
3390 1006 3578 1072 αὐτὸν,
3616 1022 3716 1060 συ-

2118 1103 2359 1175 στρέψας
2389 1100 2584 1155 ἐαυτὸν
2615 1101 2696 1163 εἰς
2724 1099 2930 1170 μέσους
2959 1096 3170 1152 ἀνωθεν
3193 1096 3377 1167 ἀφῆκε
3405 1099 3532 1164 τοὺς
3559 1100 3713 1153 ἐναν-

2115 1196 2261 1260 τίους
2282 1209 2296 1222 ·
2329 1195 2426 1248 καὶ
2455 1193 2597 1247 κατὰ
2628 1192 2800 1263 τύχην
2828 1190 2989 1261 ὀρθὸς
3012 1190 3171 1262 ἔστη,
3196 1190 3295 1244 καὶ
3320 1191 3382 1245 τὸ
3416 1192 3518 1263 μὲν
3550 1194 3711 1265 πρῶ-

2122 1307 2216 1343 τον
2241 1291 2289 1342 οί
2320 1286 2589 1359 βάρϐαροι
2621 1285 3056 1354 ἐσκεδάσθησαν.
3086 1285 3311 1349 Ἰδόντες
3343 1285 3400 1340 δὲ
3424 1286 3589 1341 αὐτὸν
3615 1287 3712 1341 καὶ

2118 1382 2228 1437 δύω
2262 1381 2457 1452 μόνους
2484 1376 2854 1442 ύπχσπιστάς,
2878 1377 3398 1449 ἐπαναστραφέντες
3414 1378 3716 1451 ἠμύνοντο,

2119 1477 2214 1530 atati.
2241 1474 2579 1546 ἀγχεμάχοις
2605 1471 2793 1535 ὅπλοις
2844 1471 3204 1543 ἐτίτρωσκον.
3238 1466 3337 1535 Εἷς
3382 1472 3430 1526 δ’
3467 1472 3716 1535 ἀποστὰς

2124 1569 2267 1639 βέλει
2301 1568 2366 1621 ἐκ
2398 1566 2556 1630 τόξου
2608 1565 2787 1635 βαλὼν
2814 1564 2978 1618 αὐτὸν
3005 1606 3020 1629 ,
3052 1567 3165 1629 τοῖς
3208 1566 3337 1635 περὶ
3393 1566 3487 1619 τὸν
3539 1565 3716 1635 μαζὸν

2119 1664 2329 1725 ὀστέοις
2349 1661 2411 1713 τὸ
2443 1660 2596 1731 βέλος
2628 1658 3020 1728 ἐνέπειρε,καὶ
3044 1659 3221 1722 οὕτως
3254 1658 3420 1713 αὑτοῦ
3456 1659 3717 1714 καθίκετο

2125 1754 2159 1823 ἠ
2186 1751 2393 1824 πληγὴ,
2416 1750 2492 1815 ὼς
2516 1749 2760 1803 ἐνδοῦναί
2794 1766 2854 1802 τε
2885 1751 2977 1803 καὶ
3005 1749 3328 1821 καμφθῆναι
3354 1767 3367 1782 ο
3400 1750 3524 1803 ὅθεν
3562 1751 3591 1802 ὀ
3622 1749 3718 1820 βα-

425 1840 693 1897 Peucesta
720 1883 735 1908 ,
775 1842 1075 1898 barbarum
1114 1860 1144 1899 a
1177 1861 1289 1915 quo
1331 1845 1654 1901 vulneratus
1690 1857 1831 1905 erat.
1869 1847 2010 1901 occi-

2125 1815 2237 1899 λὼν
2281 1815 2466 1909 αὐτὸν,
2514 1844 2655 1914 μετὰ
2694 1843 2883 1911 ξίφους
2934 1815 3233 1913 ἐπέδρα-μεξ
3289 1815 3716 1906 Πευκέσταςϋδὲ

425 1932 548 1988 dit:
580 1935 882 2006 multisque
908 1936 1237 1993 vulneribus
1278 1938 1523 2008 acceptis
1545 1981 1561 2000 .
1602 1938 1763 2010 195
1796 1954 1920 1993 eum
1960 1939 2016 1993 in

426 2026 570 2081 collo
589 2026 756 2082 etiam
784 2028 994 2099 tragula
1011 2029 1153 2085 ictus
1169 2040 1336 2091 esset.
1357 2031 1426 2087 ad
1447 2047 1665 2087 murum
1686 2033 1980 2087 inclinatus
1998 2074 2015 2099 ,

426 2116 700 2173 barbaros
716 2118 985 2176 intuetur.
1007 2123 1231 2176 Interim
1261 2139 1292 2178 a
1311 2123 1701 2180 Macedonibus
1718 2125 2018 2195 congloba-

426 2209 501 2265 tis
536 2218 750 2281 raptus,
776 2227 1055 2283 sensuque
1084 2214 1386 2271 destitutus
1416 2216 2027 2284 exportatur.Cumau-

425 2305 538 2353 tem
560 2300 711 2356 acies
733 2301 944 2372 sagitta:
971 2304 1082 2358 ossi
1108 2304 1424 2371 inhaereret,
1453 2306 1506 2361 iu
1530 2306 1877 2362 extrahendo
1914 2308 2023 2362 telo

425 2392 721 2447 acerrimis
744 2392 1038 2450 doloribus
1061 2396 1298 2451 affectus
1324 2437 1337 2460 ,
1372 2398 1427 2451 in
1459 2397 1628 2451 animi
1660 2397 1905 2467 deliquia
1934 2397 2020 2451 in-

427 2480 589 2547 cidit,
616 2491 677 2538 ut
702 2483 772 2540 de
800 2484 913 2539 vita
938 2487 1061 2557 ejus
1084 2497 1269 2543 actum
1299 2499 1612 2558 putaretur.
1643 2489 1848 2545 Tamen
1873 2489 2019 2560 peri-

425 2573 555 2629 cqu
586 2574 816 2638 evitato.
848 2592 974 2633 cum
1000 2578 1251 2650 longiore
1284 2590 1534 2652 tempore
1561 2591 1874 2646 curaretur,
1903 2581 2017 2637 Ma-

425 2666 740 2727 cedonibus
768 2672 891 2743 ejus
920 2672 1147 2729 videndi
1180 2674 1463 2731 desiderio
1495 2675 1969 2731 tumultuantibus
1997 2715 2013 2741 ,

426 2755 484 2812 in
516 2762 762 2817 medium
799 2756 1090 2835 processit.

2126 1939 2222 1993 καὶ
2252 1937 2532 2007 Λημναῖος
2565 1934 3034 2005 ύπεραπίσαντες,
3098 1933 3195 1988 καὶ
3246 1934 3418 2005 ἀμφω
3470 1934 3720 2007 ἐτρώθη-

2130 2012 2251 2094 σαν,
2285 2031 2381 2085 καὶ
2412 2031 2440 2084 ὀ
2487 2029 2588 2100 μὲν
2614 2029 2845 2099 τέθνηκε
2872 2046 2887 2060 ο
2914 2029 3233 2090 Πευκέστας
3263 2028 3321 2082 δέ
3345 2029 3428 2081 ἔτι
3451 2028 3711 2097 ἠμύνετο,

2127 2125 2220 2178 τὸν
2248 2124 2305 2177 δὲ
2331 2120 2623 2193 τρώσαντα
2654 2121 2816 2175 αὐτὸν
2858 2121 3142 2192 βάρϐαρον
3194 2121 3405 2174 ἀνεῖλεν
3464 2120 3716 2186 Ἀλέξαν-

2125 2216 2270 2287 δρος.
2303 2213 2583 2286 Πολλαχοῦ
2620 2213 2677 2267 δέ
2715 2212 2971 2283 τρωθεὶς,
3022 2207 3141 2266 εἶτα
3174 2212 3271 2266 καὶ
3317 2212 3460 2267 κατά
3505 2213 3600 2266 τοῦ
3630 2215 3720 2266 τέ-

2121 2324 2303 2370 νοντος
2335 2305 2525 2375 ὑπέρῳ
2547 2303 2789 2376 βληθεὶς,
2818 2304 2896 2375 τῷ
2935 2304 3104 2374 τείχει
3136 2303 3551 2377 προσερεισθεὶς
3578 2305 3719 2375 πρὸς

2121 2400 2250 2463 τοὺς
2289 2398 2602 2471 βαρϐάρους
2647 2397 2990 2452 ἀπέϐλεπεν.
3037 2398 3127 2452 Ἐν
3158 2397 3402 2469 τοσούτῳ
3446 2397 3492 2451 δ’
3523 2397 3716 2467 ἀθροιο

2123 2493 2363 2548 σθέντων
2390 2491 2500 2548 τῶν
2527 2490 2881 2555 Μακεδόνων,
2911 2490 3219 2559 ἁρπασθεὶς
3248 2490 3332 2554 εις
3369 2491 3471 2561 τὴν
3509 2493 3719 2559 σκηνὴν

2122 2584 2471 2656 ἀναισθητῶν
2503 2584 2812 2655 ἐκομίζετο.
2857 2585 2971 2638 Ἑνὶ
3017 2585 3073 2638 δέ
3099 2586 3211 2637 τῶν
3236 2584 3442 2639 ὀστέων
3464 2585 3562 2655 τῆς
3598 2585 3723 2637 ἀκί-

2121 2678 2211 2741 δος
2241 2678 2608 2748 ἐμπαγείσης,
2640 2674 2736 2751 τοῦ
2765 2675 2949 2730 οίστού
2992 2676 3314 2747 ἑλκομένου,
3367 2676 3555 2732 ὀδύναι
3605 2678 3723 2748 δρι-

2128 2772 2277 2841 μεῖαι
2317 2770 2413 2824 καὶ
2445 2767 2799 2841 λειποθυμίαι
2827 2769 3092 2838 ἐγίνοντο,
3119 2769 3195 2834 ὡς
3229 2770 3326 2824 καὶ
3355 2770 3540 2825 θανεῖν
3570 2772 3720 2824 ἐκεῖ-

424 2866 520 2906 νον
565 2854 883 2920 ἐλπίζεσθαι
925 2858 1062 2929 (24).
1107 2860 1302 2929 Ὅμως
1356 2861 1545 2932 μέντοι
1598 2861 1691 2916 τὸν
1747 2860 1996 2916 κίνδυνον
2041 2862 2289 2936 διαδρὰς,
2348 2861 2447 2916 καὶ
2495 2862 2690 2934 χρόνον
2751 2862 2926 2916 πλείω
2983 2857 3457 2934 θεραπευόμενος,
3515 2854 3597 2928 είς
3631 2865 3718 2917 θό-

426 2946 593 3018 ρυϐον
618 2949 745 3013 τοὺς
778 2952 1097 3019 Μακεδόνας
1130 2956 1376 3022 ἐνέϐαλε,
1417 2956 1723 3023 ποθοῦντας
1756 2960 1889 3014 ἰδεῖν
1914 2958 2101 3026 αὐτὸν,
2132 2962 2231 3017 καὶ
2262 2959 2592 3032 προσῆλθεν.

502 3041 643 3099 XIV.
686 3043 1023 3105 Conﬁrmata
1071 3052 1389 3108 valetudine
1430 3053 1668 3109 ulterius
1716 3057 2019 3128 pergendo,

2198 3059 2297 3112 ΙΝ.
2338 3056 2744 3129 ’Δναρῤωσθεὶς
2773 3057 2831 3112 δὲ
2865 3051 3028 3120 αὖθις
3069 3054 3498 3128 παρεκομίζετο,
3530 3052 3721 3126 χώραν

425 3139 631 3195 multas
668 3142 982 3211 provincias
1002 3154 1060 3200 et
1090 3147 1261 3209 urbes
1290 3148 1533 3218 subegit.
1564 3148 1819 3220 Cumque
1838 3168 2010 3222 quos-

428 3231 556 3287 dam
581 3231 1082 3307 Gymnosophistas
1116 3239 1380 3309 cepisset,
1411 3241 1605 3311 eisque
1635 3244 1839 3300 multas
1882 3244 2027 3300 ditii-

385 3324 395 3333 ’
428 3328 566 3384 ciles
595 3332 930 3399 quaestiones
946 3336 1350 3405 proposuisset,
1383 3340 1708 3395 muneribus
1735 3339 1899 3407 datis,
1920 3341 2025 3397 bo-

427 3419 610 3476 mines
636 3420 864 3480 dimisit.
898 3425 1117 3483 Taxiles
1148 3444 1302 3496 vero,
1338 3430 1433 3485 uni
1473 3432 1618 3487 inter
1661 3432 1787 3501 illos
1812 3435 2023 3492 celebri

428 3511 634 3573 Calano
679 3517 981 3585 persuasit,
1038 3528 1101 3574 ut
1152 3523 1533 3579 Alexandrum
1583 3528 1931 3583 conveniret.
1971 3527 2024 3584 Is

429 3604 642 3660 corium
672 3608 894 3665 aridum
932 3613 1190 3683 projecit,
1229 3624 1286 3669 et
1308 3616 1430 3688 ejus
1457 3628 1705 3674 extrema
1738 3636 1837 3690 per
1868 3621 2021 3677 vices

429 3698 668 3755 calcavit
704 3717 720 3756 :
755 3703 903 3772 quod
934 3705 1067 3760 dum
1091 3704 1272 3774 ﬁeret,
1306 3708 1429 3764 alia:
1457 3719 1645 3780 partes
1695 3714 2028 3774 attolleban-

430 3797 546 3854 tur.
579 3792 718 3849 Cum
755 3805 940 3852 autem
975 3799 1218 3855 medium
1249 3802 1519 3859 calcasset
1552 3820 1617 3860 ac
1661 3796 2026 3877 compressis-

430 3892 542 3950 set,
580 3894 756 3941 totum
799 3889 1014 3944 corium
1047 3892 1299 3961 quietum
1344 3895 1548 3951 mansit
1600 3904 1659 3952 et
1715 3897 2022 3956 immobile.

432 3974 555 4043 Quo
601 3981 855 4051 exemplo
905 3983 1167 4039 monebat
1207 3984 1589 4042 Alexandrum
1659 4005 1733 4046 ne
1761 3989 1816 4046 in
1859 3993 2017 4062 regni

428 4071 877 4129 extremitatibus
906 4090 966 4129 se
996 4076 1335 4143 contineret,
1363 4077 1460 4134 sed
1489 4079 1671 4135 media
1701 4091 2021 4153 occuparet,

434 4169 499 4223 ut
527 4171 586 4218 et
611 4163 1065 4237 circumjacentia
1108 4168 1231 4224 loca
1259 4169 1314 4224 in
1338 4167 1523 4227 ofﬁcio
1578 4172 2022 4230 continerentur.

432 4252 657 4325 Septem
684 4257 970 4314 mensibus
1016 4275 1118 4330 per
1146 4260 1376 4319 ﬂumina
1420 4263 1477 4318 in
1524 4279 1679 4320 mare
1733 4266 2023 4331 devectus,

432 4344 615 4403 fertur
662 4349 898 4407 navibus
942 4349 1224 4410 Oceanum
1285 4354 1592 4427 ingressus,
1637 4356 1875 4427 indeque
1933 4374 2024 4412 re-

432 4453 652 4502 versus.
686 4443 923 4500 navibus
947 4443 1203 4502 dextram
1234 4444 1437 4502 Indicae
1470 4448 1717 4519 regionis
1741 4464 1897 4505 oram
1938 4449 2023 4504 Ie-

2056 4416 2103 4475 D

2126 3166 2186 3203 τε
2215 3148 2419 3222 πολλὴν
2446 3150 2547 3204 καὶ
2582 3149 2769 3215 πόλεις
2798 3148 3176 3221 χειρούμενος.
3208 3147 3331 3201 Τῶν
3358 3147 3416 3202 δέ
3442 3164 3715 3217 γυμνοσο-

2126 3239 2336 3313 φιστῶν
2362 3257 2517 3305 τινας
2547 3240 2856 3307 συλλαϐὼν,
2893 3240 2987 3295 καὶ
3024 3240 3331 3311 ἐρωτήσεις
3364 3239 3552 3303 αὐτοῖς
3583 3240 3719 3294 i=6-

2128 3350 2259 3405 ρους
2288 3332 2650 3405 προθέμενος,
2690 3335 3032 3404 ἐδωρήσατο,
3089 3334 3186 3388 καὶ
3215 3334 3452 3405 ἀφῆκεν,
3491 3333 3630 3387 Ἕνα
3661 3334 3719 3388 δὲ

2125 3427 2235 3483 τῶν
2261 3429 2319 3482 ἐν
2344 3427 2471 3499 δόξῃ
2497 3427 2629 3498 παρ’
2654 3428 2838 3491 αὐτοῖς
2855 3429 3052 3490 ὄντων,
3074 3428 3326 3483 Κάλανον
3354 3427 3718 3499 κεκλημένον,

2126 3518 2350 3574 ἔπεισεν
2379 3520 2407 3572 ὀ
2429 3516 2667 3589 Ταξίλης
2700 3518 2840 3589 πρὸς
2885 3516 3241 3588 Ἀλέξανδρον
3274 3517 3596 3588 ἀφικέσθαι.
3620 3513 3723 3573 Οὗ-

2124 3630 2219 3677 τος
2236 3611 2443 3685 βύρσαν
2472 3611 2648 3684 ξηρὰν
2674 3611 2909 3667 ἐνώπιον
2937 3610 3033 3665 τού
3068 3611 3337 3682 βασιλέως
3366 3610 3718 3675 καταϐαλὼν,

2128 3705 2347 3777 περιῄει
2388 3706 2458 3758 τά
2493 3705 2639 3774 ἄκρα
2665 3703 2875 3773 ταύτης
2905 3704 3097 3758 πατῶν
3134 3720 3148 3737 ·
3181 3706 3215 3775 η
3238 3704 3294 3758 δέ
3321 3705 3378 3757 ἐν
3409 3704 3566 3775 μέρει
3612 3705 3721 3758 τῶν

2126 3801 2314 3872 ἄκρων
2345 3798 2648 3870 πιεζομένη
2698 3800 2765 3869 τῇ
2803 3798 3183 3870 συμπατήσει,
3206 3799 3317 3862 τοῖς
3345 3798 3526 3858 ἄλλοις
3555 3798 3723 3870 ⁴ᾔρετο

2131 3894 2377 3966 μέρεσιν.
2408 3889 2540 3947 Εἶτα
2575 3892 2742 3962 μέσον
2766 3892 2940 3961 αὐτὴν
2973 3893 3323 3963 πατήσαντος
3372 3894 3466 3946 καλ⁵
3495 3892 3724 3961 συσχόν-

2125 4005 2239 4052 τος,
2271 3988 2306 4057 ἡ
2333 3986 2429 4057 ὅλη
2456 3984 2630 4058 βύρσα
2668 3983 2903 4055 ἡτρέμει
2931 3985 3026 4038 καὶ
3064 3984 3323 4052 ἀκίνητος
3353 3977 3446 4054 ἦν.
3477 3980 3721 4053 Παρῄνει

2126 4080 2181 4133 δὲ
2206 4080 2294 4133 διὰ
2327 4077 2430 4131 «co-3
2483 4077 2911 4148 ὑποδείγματος,
2953 4077 3045 4131 τὶν
3086 4075 3445 4146 Ἀλέξανδρον
3482 4075 3556 4146 μὴ
3609 4078 3724 4138 τοῖς

2127 4173 2319 4242 ἄκροις
2352 4172 2452 4240 τῆς
2485 4172 2664 4245 ἀρχῆς
2699 4171 3125 4244 ἐμφιλοχωρεῖν,
3161 4172 3231 4224 τά
3279 4171 3419 4239 μέσα
3447 4170 3505 4223 δὲ
3560 4172 3725 4224 κατέ-

2128 4284 2265 4338 χειν,
2301 4266 2367 4320 ἴν’
2394 4266 2538 4320 οὕτω
2567 4267 2660 4320 καὶ⁸
2685 4266 2754 4320 τὰ
2787 4264 2949 4336 πέριξ
2975 4266 3165 4335 ἠρέμα
3284 4263 3460 4317 Ἐπτά
3494 4262 3550 4317 δέ
3583 4263 3722 4334 μησὶ

2126 4357 2216 4411 διὰ
2243 4357 2353 4411 τῶν
2383 4358 2645 4428 ποταμῶν
2674 4358 2755 4422 είς
2775 4359 2874 4429 τὴν
2906 4357 3186 4412 θάλασσαν
3231 4357 3526 4427 ὑπαχθεὶς,
3563 4356 3722 4420 λέγε-

2127 4467 2217 4504 ται
2251 4452 2373 4515 ταῖς
2395 4450 2590 4505 ναυσὶν
2614 4453 2695 4514 είς
2723 4450 2817 4505 τὸν
2845 4450 3103 4505 Ὠκεανὸν
3123 4449 3405 4521 ἐμϐαλεῖν.
3433 4438 3568 4502 Εἶτα
3595 4450 3723 4502 ἁνα-

434 4546 564 4602 gere
588 4532 779 4604 jussis,
823 4537 943 4606 ipse
990 4538 1237 4607 pedestri
1288 4541 1492 4597 itinere
1529 4539 1914 4611 proﬁciscens,
1970 4542 2020 4597 in

2128 4540 2404 4611 στρέφων,
2453 4539 2556 4605 τὰς
2627 4539 2730 4610 μὲν
2759 4539 2893 4603 ναῦς
2952 4538 3264 4611 παραπλεῖν
3317 4537 3376 4590 ἐν
3426 4536 3578 4608 δεξιᾷ
3618 4535 3720 4606 τὴν

435 4632 740 4681 extremam
765 4627 1011 4697 inopiam
1038 4628 1303 4691 incidisse
1338 4650 1353 4687 :
1377 4641 1702 4702 tantamque
1722 4631 2020 4687 multitudi-

2140 4632 2372 4705 Ἰνδικὴν
2405 4633 2665 4704 ἐχούσας,
2708 4632 3023 4688 ἐκέλευσεν.
3048 4631 3225 4696 Αὐτὸς
3253 4630 3312 4686 δέ
3350 4629 3492 4700 πεζῇ
3524 4645 3722 4698 πορευ-

438 4733 567 4773 nem
600 4718 880 4791 amisisse,
924 4730 986 4777 ut
1039 4738 1151 4778 non
1203 4734 1403 4794 quarta
1451 4724 1736 4782 exercitus
1781 4739 1930 4796 pars,
1960 4722 2020 4780 ot

2130 4725 2343 4796 όμενος,
2389 4724 2467 4790 είς
2489 4723 2727 4796 ἐσχάτην
2759 4723 3000 4796 ἀπορίαν
3021 4722 3352 4796 κατήντησε,
3392 4721 3488 4775 καὶ
3518 4718 3721 4787 πλῆθος

437 4810 685 4875 morbos,
715 4813 922 4869 malum
955 4815 1184 4879 victum,
1217 4826 1412 4873 aestum
1440 4826 1497 4874 et
1524 4816 1747 4884 famem,
1774 4833 1842 4873 ex
1877 4817 2020 4874 India

2131 4818 2388 4873 τοσοῦτον
2416 4817 2725 4885 ἀπώλεσεν,
2756 4815 2900 4871 ὥστε
2950 4816 3050 4887 τῆς
3088 4816 3353 4889 στρατιᾶς
3382 4815 3518 4887 μηδὲ
3541 4815 3601 4868 τὸ
3630 4814 3724 4867 τέο

439 4914 840 4963 reverteretur.
893 4905 1119 4979 Inopem
1151 4910 1300 4966 enim
1352 4910 1699 4982 provinciam
1745 4920 2020 4983 pertrans-

2127 4927 2332 4983 ταρτον
2377 4909 2444 4964 ἐκ
2485 4912 2586 4979 τῆς
2631 4908 2863 4980 Ἰνδικῆς
2893 4907 3340 4979 ἀνακομισθῆναι
3388 4907 3481 4962 διά
3527 4906 3722 4969 νόσους

440 4996 580 5063 ibat,
618 5012 743 5068 qua:
795 5014 1005 5070 paucas
1039 5015 1174 5061 oves
1204 5001 1467 5070 habebat,
1525 5003 1757 5059 marinis
1791 5002 2020 5073 piscibut

2131 5004 2230 5058 καὶ
2263 5001 2509 5075 πονηρὰς
2538 5000 2775 5067 διαίτας,
2792 5000 2890 5056 καὶ¹
2918 5002 3180 5071 καύματα
3211 5001 3308 5056 καὶ
3337 4999 3524 5070 λιμόν.
3555 5000 3723 5053 Ἀποο

443 5089 518 5144 ali
559 5089 772 5159 solitas,
824 5090 1041 5148 insuavi
1087 5102 1146 5150 et
1170 5093 1391 5152 foetenti
1430 5111 1621 5153 carne.
1659 5095 1934 5153 Caeterum
1967 5110 2020 5151 ea

2135 5110 2228 5164 ρον
2274 5092 2383 5164 γὰρ
2419 5090 2558 5164 διῄει
2581 5089 2793 5164 χώραν,
2860 5091 3021 5160 ὀλίγα
3048 5090 3302 5164 πρόϐατα
3347 5090 3603 5161 ἔχουσαν,
3629 5089 3724 5142 καὶ

443 5182 646 5239 diebus
671 5199 739 5239 ιι
766 5195 1047 5256 superata,
1077 5203 1204 5245 eum
1237 5188 1562 5246 Gedrosiam
1618 5190 1903 5259 copiosam
1944 5205 2020 5246 re-

2129 5187 2306 5242 ταῦτα
2335 5185 2643 5249 θαλαττίοις
2677 5183 2858 5254 ίχθύσι
2892 5182 3231 5255 τρεφόμενα.
3274 5184 3596 5257 κα“ι.σάρκα
3630 5198 3724 5250 μο-

442 5275 663 5347 gionem
688 5275 983 5348 attigisset,
1005 5286 1063 5335 et
1084 5279 1390 5336 exercitum
1431 5291 1489 5336 et
1536 5282 1896 5352 semetipsum
1942 5296 2036 5337 co-

446 5369 879 5427 messationibus
919 5370 1134 5428 refecit.
1166 5374 1374 5430 Deinde
1400 5374 1468 5430 ad
1512 5391 1668 5430 mare
1722 5375 2032 5441 descendit,

445 5469 506 5514 et
588 5459 875 5531 improbos
952 5462 1126 5520 duces
1205 5466 1481 5521 multavit.
1573 5466 1708 5521 Nam
1778 5467 2034 5536 superior

446 5554 747 5623 expeditio,
774 5564 831 5612 et
862 5555 929 5611 ad
970 5555 1163 5614 Mallos
1201 5571 1491 5630 acceptum
1540 5558 1764 5623 vulnus,
1790 5568 1847 5614 et
1884 5557 2029 5612 mul-

2129 5279 2344 5352 χθηράν
2384 5278 2579 5350 ἔχοντα
2618 5277 2715 5332 καὶ
2740 5277 2976 5349 δυσώδη.
3005 5278 3098 5333 Ἐν
3119 5277 3387 5347 ἐξήκοντα
3415 5276 3460 5330 δ’
3486 5276 3724 5347 ἡμέραις

2139 5370 2363 5425 διελθὼν
2393 5369 2491 5442 τὴν
2522 5369 2707 5442 χώραν
2738 5371 2977 5442 ἐκείνην,
3002 5371 3098 5424 καὶ
3123 5371 3224 5440 τῆς
3249 5370 3563 5439 Γεδρωσίας
3584 5368 3723 5437 ἀψά-

2144 5481 2330 5533 μενος,
2364 5466 2423 5517 ἐν
2457 5464 2714 5533 ἀφθόνοις
2739 5465 2980 5532 ἐγένετο,
3012 5464 3106 5517 καὶ
3130 5464 3228 5533 τήν
3249 5479 3307 5516 τε
3338 5463 3573 5533 δύναμιν
3600 5463 3720 5515 ἀνε-

2139 5556 2327 5619 κτᾶτο,
2360 5556 2457 5610 καὶ
2485 5556 2648 5622 αὐτὸς
2702 5557 2982 5629 ἐκώμαζε.
3015 5555 3377 5611 Καταϐαίνων
3426 5556 3471 5611 δ’
3502 5553 3597 5609 ἐπὶ
3629 5552 3712 5612 θάο

1651 5718 1851 5781 Varite
1882 5716 2188 5778 lectiones
2233 5724 2294 5778 et
2328 5724 2517 5780 notze.

524 5843 639 5915 (24)
687 5845 1085 5911 Ἐλπίζεσθαι.
1130 5847 1269 5905 Vide
1308 5847 1488 5906 Gloss.
1539 5849 1689 5908 med.
1718 5849 1941 5909 (ἱειεοὶι.
1985 5850 2020 5906 ii

2124 5864 2177 5907 lC
2212 5865 2364 5909 V006.
