4074 6400
275 417 386 480 353

1518 417 1931 482 ANNALIUM
1976 419 2127 481 LIB.
2159 420 2257 483 IV.

3455 418 3565 486 351

272 533 506 593 λασσαν,
537 527 768 593 ἐκόλαζε
801 527 932 591 τοὺς
968 526 1242 600 πονηροὺς
1270 524 1376 580 τῶν
1408 527 1759 599 στρατηγῶν.
1809 529 1875 582 Ἦ

1982 529 2242 587 titudinis
2274 531 2559 598 interitus,
2589 530 2904 589 elﬁciebant
2936 541 2998 588 ut
3026 531 3341 608 Alexander
3362 548 3567 606 super-

272 624 387 696 γάρ
416 622 532 676 ἀνω
564 619 848 692 στρατεία,
889 620 986 674 καὶ
1020 621 1082 674 τὸ
1139 620 1272 691 περὶ
1317 619 1589 684 Μαλλοὺς
1620 622 1868 693 τραῦμα,

271 718 376 771 καὶ
407 717 442 787 ἡ
471 713 567 768 τοῦ
596 713 839 783 πλήθους
882 710 1084 782 φθορὰ,
1112 713 1367 767 ἀπιστεῖν
1400 716 1469 785 τῇ
1500 714 1747 786 σωτηρίᾳ⁵
1772 715 1872 768 αύ-

269 809 373 864 τοῦ
400 805 812 878 παρεσκεύασε,
843 808 939 859 καὶ
985 807 1115 870 τοὺς
1147 807 1496 878 στρατηγοὺς
1542 809 1639 861 καὶ
1669 808 1873 878 σατρά-

276 919 393 965 πας
425 902 505 963 εἰς
557 899 721 970 ὓϐριν
778 900 874 953 καὶ
933 897 1151 952 ἀδικίαν
1201 899 1494 970 ἠρέθισεν·
1532 900 1582 952 οἱ
1628 899 1686 953 δὲ
1734 900 1873 969 πρὸς

276 994 623 1050 ἀποστασίαν
673 994 803 1053 τοὺς
860 993 1174 1065 ὑποφόρους
1234 993 1517 1065 ἐκίνησαν.
1555 994 1872 1047 ’Δϐουλίτου

272 1089 337 1143 δέ
395 1087 505 1143 τῶν
565 1086 1028 1159 σατραπευόντων
1086 1086 1204 1150 ἐνὸς
1264 1088 1340 1158 μή
1400 1104 1457 1141 τι
1515 1086 1627 1141 τῶν
1690 1086 1868 1157 ζωαρ-

273 1179 393 1233 κῶν
436 1178 852 1249 ἐτοιμάσσντος,
912 1174 1229 1247 νομίσματα
1291 1176 1352 1230 δέ
1421 1178 1873 1247 προσαγαγόντος

273 1270 430 1340 αὐτῷ
450 1269 727 1341 τρισχίλια
758 1269 1025 1333 τάλαντα,
1046 1268 1382 1339 παραθεῖναι
1428 1268 1604 1323 ταῦτα
1632 1271 1744 1332 τοῖς
1783 1268 1874 1323 ῖπο

277 1380 407 1427 ποις
432 1364 712 1417 ἐκέλευσε.
766 1362 862 1433 Μὴ
904 1360 1200 1415 ἐσθιόντων
1234 1361 1315 1427 δέ,
1352 1363 1413 1416 Τί
1458 1361 1704 1432 ὄφελος,
1740 1361 1871 1432 ἔφη,

274 1457 510 1511 τούτων
533 1454 722 1526 ήμῖνς
784 1455 872 1509 Ἐν
918 1453 977 1508 δέ
1023 1454 1262 1527 Πέρσαις
1304 1454 1620 1525 γενόμενος,
1665 1453 1873 1506 καὶτὸν

275 1547 469 1617 Κύρου
493 1545 666 1616 τάφον
688 1545 1081 1617 ὀρωρυγμένον
1112 1544 1260 1610 ἰδὼν,
1296 1544 1588 1598 ἀπέκτεινε
1617 1544 1711 1598 τὸν
1741 1542 1871 1613 ὀρύ-

277 1641 453 1707 ξαντα
489 1639 750 1693 Πελλαῖον
796 1639 948 1693 δντα.
977 1638 1242 1693 καὶιοὺδέ
1285 1637 1397 1691 τῶν
1432 1638 1686 1709 ἀσήμων.
1743 1634 1870 1707 Εἶχε

277 1736 341 1790 δέ
367 1736 396 1788 ὀ
452 1733 639 1805 Κύρου
674 1733 847 1801 τάφος
903 1731 1372 1803 ἐπιγεγραμμένα
1435 1729 1624 1785 ταυτί·
1655 1725 1732 1786 Ὦ
1762 1730 1870 1783 ἄν·

1974 634 2093 679 stcs
2129 638 2254 681 esse
2278 639 2390 680 non
2416 626 2765 683 crederetur.
2793 625 2951 682 Unde
2980 626 3219 683 ducibus
3251 637 3309 683 et
3327 629 3568 700 satrapis

1974 714 2430 772 insolentioribus
2456 716 2619 772 factis
2666 726 2726 773 et
2767 718 3010 790 injustis,
3041 721 3227 790 populi
3264 720 3569 793 vectigales

1974 807 2043 861 ad
2108 807 2478 864 defeetionetn
2556 819 2973 879 spectavi-runt.
3014 809 3152 865 Cum
3213 826 3280 865 ex
3326 812 3567 883 satrapis

1973 900 2199 970 quidam
2234 901 2492 956 Abulitus
2525 902 2739 955 nullum
2767 910 3139 957 commeatum
3175 901 3333 973 195
3367 918 3565 974 paras-

1974 1002 2079 1058 set,
2102 992 2197 1047 sed
2244 1001 2329 1048 ter
2366 993 2522 1048 mille
2564 994 2769 1048 talenta
2798 994 3098 1060 attulisset,
3143 1010 3207 1049 ea
3232 994 3396 1064 equis
3429 1011 3560 1067 pro-

1976 1082 2106 1151 poni
2134 1082 2337 1153 jussit;
2388 1084 2481 1153 qui
2522 1098 2651 1140 cum
2707 1098 2817 1136 non
2848 1082 3081 1139 ederem
3115 1101 3131 1138 :
3167 1083 3323 1152 Qua,
3361 1085 3564 1156 inquit,

1977 1174 2124 1228 nobis
2160 1166 2236 1229 est
2276 1176 2502 1230 istorum
2571 1173 2831 1230 utilitas?
2856 1172 2916 1229 ln
2956 1176 3203 1232 Persiam
3254 1177 3561 1247 profectus,

1974 1268 2105 1321 dum
2132 1266 2261 1338 Cyri
2287 1268 2603 1337 sepulcrum
2626 1267 2890 1325 elIossum
2921 1268 3178 1335 vidisset,
3212 1268 3567 1333 ell‘ossorem,

1974 1360 2229 1428 quamvis
2254 1374 2364 1414 non
2389 1360 2693 1416 obscurum
2718 1360 2998 1417 hominem
3026 1362 3311 1430 Pellaeum,
3334 1362 3567 1420 occidit.

1974 1452 2145 1507 Erant
2172 1463 2357 1508 autem
2384 1454 2499 1510 haec
2524 1455 2785 1525 inscripta
2818 1456 3079 1526 sepulcro
3111 1454 3241 1528 Cyri
3270 1471 3286 1510 :
3334 1454 3379 1511 0
3408 1458 3568 1511 homo

1974 1547 2211 1616 quisquis
2236 1562 2310 1610 es,
2336 1555 2387 1601 et
2432 1548 2778 1617 undecunque
2825 1550 2973 1603 venis
3012 1548 3162 1611 (nam
3190 1557 3242 1602 te
3284 1560 3569 1603 venturum

1973 1656 2083 1693 esse
2106 1639 2258 1712 scio).
2288 1657 2382 1712 ego
2422 1640 2595 1713 Cyrus
2626 1658 2767 1705 sum,
2792 1643 2881 1710 qui
2927 1640 3110 1697 Persis
3142 1643 3426 1713 imperium
3476 1658 3570 1712 pe-

1972 1733 2101 1798 peri.
2139 1732 2215 1786 Ne
2245 1735 2410 1804 igitur
2436 1735 2682 1804 exiguam
2713 1736 2850 1787 hanc
2881 1741 3081 1787 terram
3143 1735 3273 1788 mihi
3304 1735 3567 1799 invideas,

262 1832 501 1898 θρωπε,
539 1825 711 1892 ὅστις
737 1821 813 1892 εἴ,
841 1825 939 1879 καὶ
971 1828 1160 1879 πόθεν
1189 1825 1378 1893 ἥκεις,
1416 1822 1505 1878 ὅτι
1553 1822 1664 1893 γὰρ
1700 1822 1870 1891 ἥξεις

1979 1843 2093 1897 qua:
2129 1842 2304 1880 meum
2327 1842 2523 1896 corpus
2555 1828 2803 1896 contegit.
2833 1826 2966 1892 Quae
3018 1825 3159 1880 lecta
3196 1826 3564 1881 Alexandrum

277 1920 439 1984 οῖδα,
464 1919 581 1991 ἐγὼ
609 1919 806 1985 Κῦρός
830 1920 969 1989 ειμι,
1007 1920 1040 1972 ό
1063 1916 1325 1987 Πέρσαις
1349 1916 1733 1987 κτησάμενος
1755 1915 1872 1983 τὴν

277 2011 503 2081 ἀρχήν.
537 2010 633 2079 Μὴ
664 2008 781 2066 οὖν
812 2009 924 2079 τῆς
952 2011 1166 2080 ὀλίγης
1187 2027 1290 2075 μοι
1341 2010 1565 2077 ταύτης
1602 2008 1716 2078 τῆς
1762 2007 1877 2080 γῆς

279 2105 629 2177 φθονήσῃς,
662 2105 701 2173 ἢ
730 2106 954 2174 τούμὸν
993 2103 1168 2174 σῶμα
1201 2106 1657 2171 περικαλύπτει.
1686 2102 1877 2157 Ταῦτα

279 2201 326 2254 δ’
351 2198 780 2266 ἀναγνωσθέντα
806 2198 900 2251 τὸν
944 2197 1297 2268 Ἀλέξανδρον
1322 2196 1606 2266 περιπαθῆ
1645 2195 1880 2266 πεποιή-

281 2314 436 2361 κασι,
468 2295 835 2363 λογισάμενον
876 2295 939 2347 τὸ
980 2292 1091 2347 τῶν
1120 2293 1471 2363 πραγμάτων
1496 2292 1874 2363 ἀστάθμητον.

280 2390 398 2460 Τὴν
425 2391 483 2444 δὲ
515 2389 794 2458 θυγατέρα
824 2388 1057 2457 Δαρείου
1089 2388 1189 2458 τὴν
1211 2385 1513 2457 Στάτειραν
1535 2385 1714 2453 ἐαυτῴ
1738 2402 1875 2455 μνη-

281 2479 682 2550 στευσάμενος,
739 2480 837 2533 καὶ
888 2480 1019 2542 τοὺς
1052 2479 1265 2548 γάμους
1295 2477 1491 2540 τελῶν,
1525 2478 1744 2547 ἑκάστῳ
1766 2475 1876 2530 τῶν

282 2568 638 2642 ἑστιωμένων
699 2568 1118 2642 ἐννακισχιλίων
1174 2570 1346 2622 ὄντων
1407 2569 1609 2639 φιάλην
1663 2569 1876 2639 χρυσῆν

279 2666 621 2735 ἐδωρήσατο,
652 2667 746 2718 καὶ
770 2664 939 2718 τᾶλλα
972 2680 1033 2717 τε
1066 2662 1485 2735 ἐλαμπρύνατο,
1516 2662 1611 2715 καὶ
1639 2664 1710 2714 τὰ
1738 2662 1877 2732 χρέα

282 2757 432 2828 ὑπὲρ
464 2757 571 2810 τῶν
600 2756 930 2825 ὀφειλόντων
957 2755 1290 2820 κατέϐαλεν,
1326 2754 1497 2825 ὀλίγῳ
1541 2754 1731 2809 δέοντα
1774 2773 1878 2825 μυ-

286 2852 421 2922 ρίων
455 2852 763 2905 ταλάντων.
784 2849 915 2903 Ὅτε
947 2850 1042 2902 καὶ
1086 2848 1404 2918 Ἀντιγένης
1428 2846 1538 2900 τῶν
1590 2848 1877 2918 ἡγεμόνων

281 2941 365 3007 εἷς
398 2943 638 3013 ὀφείλειν
665 2942 1041 3014 πλασάμενος,
1069 2940 1166 2995 καί
1190 2957 1314 3004 τινα
1363 2936 1707 3011 παραγαγὼν
1740 2939 1875 3008 ψευ-

279 3042 391 3106 δῶς
421 3040 733 3112 δανειστὴν,
781 3040 877 3120 καὶ
931 3038 1113 3092 λαϐὼν
1152 3038 1213 3091 τὸ
1247 3037 1536 3108 ἀργύριον,
1586 3034 1873 3105 ἐφωράθη.

297 3133 611 3206 Ὀργισοεὶς
642 3133 737 3189 οὖν
772 3135 800 3187 ὀ
829 3132 1108 3204 βασιλεὺς,
1138 3132 1426 3203 ἀπήλασεν
1458 3130 1623 3183 αὐτὸν
1645 3131 1744 3197 τῆς
1778 3129 1879 3182 αὐ-

1979 1928 2294 1979 moverunt.
2316 1934 2504 1973 rerum
2528 1920 2898 1972 humanarum
2934 1917 3362 1974 inconstantiam
3393 1933 3532 1989 rcpu

1981 2020 2211 2066 tantem.
2269 2011 2418 2065 Darii
2470 2010 2581 2066 lilia
2649 2010 2852 2066 Statira
2902 2026 3076 2067 uxore
3110 2011 3297 2077 ducta,
3346 2011 3569 2081 nuptias

1978 2104 2291 2167 celebrans,
2316 2103 2552 2174 singulis
2590 2103 2867 2168 convisis,
2905 2104 3000 2173 qui
3052 2104 3246 2158 novies
3277 2101 3427 2158 mille
3449 2103 3570 2157 fue-

1978 2206 2128 2258 runt,
2158 2194 2399 2264 phialam
2445 2210 2670 2249 auream
2706 2195 2957 2250 donavit.
2992 2193 3209 2250 Etcum
3263 2193 3480 2250 caeteris
3508 2195 3565 2248 in

1979 2286 2148 2340 rebus
2177 2286 2470 2356 splendide
2495 2301 2555 2342 se
2584 2288 2779 2357 gessit,
2808 2298 2922 2341 tum
2965 2302 3039 2342 aes
3062 2287 3301 2342 alienum
3329 2301 3428 2356 pro
3463 2286 3565 2340 de-

1979 2375 2256 2432 bitoribus
2292 2376 2572 2442 dissolvit,
2618 2380 2780 2443 cujus
2833 2391 3047 2432 summa
3104 2376 3330 2431 circiter
3360 2375 3567 2430 xmille

1978 2473 2245 2526 talentum
2275 2470 2401 2525 fuit.
2430 2470 2570 2524 Tum
2597 2466 2909 2540 Antigenes
2955 2468 3181 2538 quidam
3214 2484 3280 2521 ex
3308 2466 3567 2531 ducibus,

1978 2561 2250 2616 creditore
2271 2559 2597 2625 subornato,
2630 2570 2687 2614 et
2710 2560 2781 2613 oh
2804 2558 2937 2613 aeris
2956 2559 3122 2613 alieni
3146 2556 3561 2612 simulationem

1978 2660 2202 2722 accepta
2239 2652 2492 2723 pecunia,
2531 2666 2561 2705 a
2608 2667 2735 2722 rege
2770 2666 2866 2720 per
2896 2649 3242 2705 iracundiam
3267 2658 3325 2704 et
3355 2648 3565 2703 duea'u

1978 2747 2226 2816 privatus
2248 2754 2352 2807 est,
2373 2754 2428 2799 et
2461 2745 2585 2799 aula
2609 2761 2674 2798 ex
2700 2755 2858 2799 .ctus.
2890 2742 2993 2808 Qui
3030 2732 3159 2797 cum
3197 2759 3267 2797 ex
3297 2741 3564 2798 iniustitia

1978 2840 2085 2894 sibi
2137 2854 2336 2892 manus
2401 2838 2666 2892 illaturus
2717 2852 2839 2891 esse
2889 2845 3201 2905 putaretur,
3253 2835 3305 2889 id
3361 2836 3572 2890 veritus

1978 2931 2318 2994 Alexander,
2347 2930 2427 2984 ira
2474 2928 2674 2998 posita,
2709 2927 3005 2998 pecuniam
3046 2928 3096 2981 ei
3140 2925 3385 2997 reliquit.
3427 2929 3570 2983 Cum

1976 3035 2159 3078 autem
2200 3023 2357 3093 pueri
2385 3021 2572 3077 tricies
2595 3022 2763 3083 tttilte,
2790 3036 2931 3090 quos
2950 3019 3138 3074 doceri
3166 3020 3434 3090 iusserat,
3504 3020 3561 3074 in

1977 3117 2130 3172 viros
2168 3118 2339 3170 I'ortes
2364 3124 2420 3168 et
2452 3115 2705 3177 decoros,
2747 3123 2803 3167 ct
2834 3113 2887 3166 iu
2928 3112 3429 3168 exercitationibus
3453 3128 3563 3167 non

278 3198 527 3299 λῆςξκαὶ
550 3228 653 3299 τὴν
691 3198 991 3299 ἡγεμονίαν
1015 3198 1294 3295 ἀφείλετο.
1335 3223 1443 3278 Τοῦ
1467 3224 1523 3278 δέ
1557 3224 1664 3279 ὑπὸ
1696 3222 1876 3290 λύπης

1983 3205 2238 3261 sinistros
2264 3204 2588 3265 evasissent,
2617 3201 2763 3256 iisut
2801 3198 3115 3255 Alexander
3159 3199 3566 3260 delectabatur,

280 3290 482 3375 ἑαυτὸν
533 3290 984 3391 ὑποπτευομένου
1062 3290 1527 3389 διαχειρίσασθαι,
1603 3316 1786 3379 δείσας
1848 3315 1876 3367 ὀ

1982 3297 2058 3353 ita
2097 3295 2427 3352 Macedones
2454 3293 2872 3348 mordebantur.
2917 3291 3167 3362 Cumque
3208 3290 3459 3345 inﬁrmos
3505 3300 3565 3345 et

294 3414 671 3485 Ἀλέξανδρος,
701 3413 796 3466 καὶ⁸
822 3414 920 3482 τὴν
944 3411 1118 3482 ὀργὴν
1145 3411 1352 3482 ἀνῆκεν
1372 3410 1541 3477 αὐτῷ,
1578 3409 1674 3461 καὶ
1695 3407 1876 3476 ἀφῆκε

277 3528 355 3562 τα
385 3510 669 3579 χρήματα.
725 3505 848 3559 Τῶν
874 3505 934 3559 δὲ
972 3505 1185 3574 παίδων
1239 3503 1348 3556 τῶν
1379 3503 1747 3573 τρισμυρίων,
1782 3498 1878 3564 οὓς

278 3599 939 3663 διδάσκεσθαιέκέλευσε,
980 3599 1076 3651 καὶ
1108 3596 1377 3667 γενναίων
1432 3596 1755 3649 ἀποϐάντων
1780 3594 1878 3647 καὶ

278 3693 610 3765 εὐπρεπῶν,
656 3697 754 3746 καὶ
811 3693 914 3746 οὐκ
963 3690 1155 3760 ἀφυῶν
1183 3692 1306 3752 ταῖς
1353 3689 1680 3759 ἀσκήσεσιν,
1714 3689 1742 3740 ὀ
1777 3685 1877 3756 μὲν

292 3786 647 3857 Ἀλέξανδρος
676 3787 857 3856 ἥδετο,
888 3785 939 3838 οἱ
968 3785 1025 3837 δέ
1059 3781 1376 3845 Μακεδόνες
1412 3779 1722 3834 ἐδάκνοντο.
1754 3779 1875 3832 Κα-

275 3881 677 3950 ταπέμποντος
698 3878 754 3930 δὲ
776 3877 901 3938 τοὺς
929 3875 1178 3936 ἀσθενεῖς
1205 3873 1301 3926 καὶ
1336 3869 1777 3941 πεπηρωμένους
1800 3868 1877 3932 ὡς

276 3974 367 4035 εἰς
389 3971 700 4032 θάλασσαν,
742 3966 904 4040 ὕϐριν
928 3964 1185 4037 ἡγεῖσθαι
1206 3961 1351 4017 τοῦτ’
1382 3962 1569 4030 ελεγον
1613 3961 1711 4013 καὶ
1743 3975 1881 4029 προ-

280 4063 668 4136 πηλακισμὸν,
699 4062 795 4116 καὶ
818 4062 1028 4122 πάντας
1083 4056 1337 4111 ἐκέλευον
1367 4055 1608 4125 ἀφιέναι,
1641 4053 1738 4106 καὶ
1766 4054 1879 4115 τοῖς

278 4160 432 4221 νέοις
492 4156 789 4226 ἀρκεῖσθαι
844 4152 1256 4224 πυρριχισταῖς.
1323 4146 1633 4217 Ὀργισθεὶς
1692 4143 1738 4197 δ’
1784 4145 1879 4196 ἐπὶ

1980 3391 2270 3447 mutilatos
2298 3388 2366 3444 ad
2416 3403 2567 3443 mare
2616 3387 2862 3441 mitteret
2902 3403 2917 3440 :
2958 3384 3357 3440 contumeliam
3388 3396 3445 3439 et
3480 3384 3568 3438 in-

1980 3482 2341 3540 scctationcm
2372 3481 2426 3536 id
2447 3480 2649 3534 factum
2698 3477 3233 3547 interpretabantur,
3282 3474 3569 3545 petebant-

1979 3590 2088 3646 que
2112 3583 2171 3629 ut
2198 3588 2257 3628 se
2286 3587 2478 3628 omnes
2499 3570 2827 3634 dimitteret,
2858 3568 3015 3624 novis
3044 3568 3165 3622 istis
3205 3565 3570 3622 saltatoribus

1979 3650 2299 3724 contentus.
2344 3664 2429 3721 0b
2461 3664 2516 3720 id
2558 3664 2731 3719 iratus
2778 3662 3107 3728 Alexander,
3137 3660 3317 3715 Persis
3377 3667 3568 3714 custo-

1980 3783 2101 3838 dias
2124 3779 2448 3838 mandavit:
2497 3778 2593 3834 sed
2645 3775 3039 3832 Macedonibus
3094 3773 3312 3843 culpam
3364 3771 3569 3842 depre-

1980 3875 2238 3931 cantibus
2264 3873 2323 3928 in
2355 3872 2588 3943 gratiam
2611 3869 2875 3939 receptis,
2904 3867 3130 3921 inutiles
3152 3864 3442 3936 magniﬁce
3463 3863 3572 3918 do-

1980 3980 2141 4026 natos
2177 3968 2405 4033 dimisit,
2464 3975 2633 4036 atque
2682 3964 2978 4032 Antipatro
3023 3959 3245 4030 scripsit
3287 3968 3349 4013 ut
3393 3958 3571 4013 eisin

1982 4062 2383 4120 certaminibus
2403 4069 2461 4116 et
2489 4056 2726 4114 theatris
2779 4055 3089 4126 principem
3135 4054 3337 4118 locum,
3386 4060 3444 4107 et
3472 4065 3569 4105 cn-

1982 4171 2147 4213 ronas
2169 4152 2417 4226 gestandi
2446 4157 2777 4221 potestatem
2808 4146 2985 4202 daret.
3033 4146 3106 4202 Ut
3163 4144 3441 4199 Ecbatana
3470 4158 3566 4198 te—

279 4249 503 4312 τούτοις
552 4245 930 4317 Ἀλέξανδρος,
1000 4246 1112 4306 τοῖς
1187 4242 1427 4311 Πέρσαις
1479 4238 1580 4302 τὰς
1632 4237 1876 4308 φυλακάς

1985 4260 2164 4313 uerat,
2204 4244 2554 4317 Hephaestion
2600 4243 2917 4300 febricitare
2951 4241 3138 4310 coepit,
3164 4249 3440 4309 auctoque
3476 4240 3567 4293 in-

279 4342 666 4415 παραδέόωκε.
689 4337 1141 4401 Ταπεινωθὲντας
1166 4334 1211 4388 δ’
1236 4333 1395 4399 αὖθις
1413 4334 1538 4397 τοὺς
1557 4331 1878 4393 Μακεδόνας

279 4438 635 4508 προσήκατο,
666 4433 763 4488 καὶ
801 4432 1047 4487 ἀπέλυσε
1085 4431 1213 4494 τοὺς
1243 4427 1578 4500 ἀχρήστους,
1620 4425 1867 4497 δωρησά-

283 4544 457 4602 μενος
491 4522 930 4597 μεγαλοπρεπῶς
954 4539 967 4553 ·
991 4525 1087 4576 καὶ
1116 4521 1197 4590 τῷ
1218 4521 1564 4594 ’Λντιπάτρῳ
1591 4518 1876 4573 ἐπέστειλε

1985 4340 2349 4413 temperantia
2380 4336 2576 4392 morbo
2615 4335 2875 4390 decessit.
2936 4334 3074 4388 Eum
3112 4348 3300 4386 casum
3329 4330 3570 4386 Alexanr

1983 4438 2105 4502 der,
2140 4450 2248 4489 non
2281 4441 2343 4487 ut
2373 4431 2514 4485 ratio
2562 4427 2827 4500 postulat,
2860 4425 3022 4481 tulit:
3068 4424 3165 4480 sed
3213 4424 3485 4479 medicum
3514 4425 3569 4478 in

1985 4542 2205 4584 crucem
2244 4524 2378 4596 egit,
2400 4536 2573 4592 equos
2597 4530 2653 4575 et
2693 4519 2871 4572 mulos
2899 4515 3113 4571 tonderi
3139 4513 3334 4586 jussit,
3362 4522 3418 4568 et
3442 4517 3568 4583 pin-

282 4634 449 4694 παρά
479 4622 605 4684 τοὺς
661 4618 883 4685 ἀγῶνάς
925 4635 986 4670 τε
1017 4619 1113 4671 καὶ
1164 4616 1233 4670 τά
1270 4613 1476 4687 θέατρα
1526 4614 1876 4687 προεδρεύειν

1988 4618 2179 4674 nacula
2211 4615 2452 4686 dempsit
2478 4612 2819 4675 civitatibus,
2844 4618 2900 4665 et
2922 4611 3190 4664 musicam
3215 4617 3380 4677 atque
3406 4606 3574 4661 tibias

282 4717 513 4778 abt.b;,
543 4714 639 4766 καὶ
659 4711 1147 4780 ἐστεφανωμέν)υς
1178 4706 1531 4771 καθέζεσθαι.
1571 4706 1658 4759 Ἐν
1681 4705 1880 4760 Ἐκϐα-

281 4810 475 4871 τάνοις
505 4807 562 4859 δὲ
586 4804 889 4875 γενομένου
919 4801 1111 4866 αὐτοῦ,
1144 4801 1174 4854 ὀ
1218 4799 1556 4869 Ἡφαιστίων
1585 4798 1879 4872 ἐπύρεττε,

284 4904 390 4956 καὶ
414 4901 474 4966 ἐξ
520 4898 831 4952 ἀκολάστου
868 4893 1083 4964 διαίτης
1116 4893 1219 4963 τῆς
1267 4892 1425 4947 νόσου
1457 4891 1879 4962 κρατυνθείσης,

284 4993 545 5058 ἐξέλιπεν
571 5007 585 5023 ο
620 4990 722 5041 οὐκ
756 4987 994 5058 ῆνεγκεν
1032 4982 1128 5039 οὖν
1158 4983 1410 5054 λογισμῷ
1439 4984 1502 5037 τὸ
1530 4983 1704 5047 πάθος
1730 4984 1883 5036 Ἀλέ-

286 5087 544 5155 ξανδρος,
565 5082 705 5136 ἀλλά
735 5082 829 5134 τὸν
859 5081 961 5151 μὲν
1000 5078 1189 5150 ἰατρὸν
1214 5076 1657 5150 ἀνεσταύρωσεν,
1679 5077 1880 5139 ἵππους

282 5176 345 5228 δὲ
384 5176 563 5240 κεῖραι
597 5172 693 5223 καὶ
725 5168 989 5239 ἡμιόνους
1017 5166 1345 5234 προσέταξε,
1380 5168 1596 5229 καὶτὰς
1627 5166 1880 5230 ἐπάλξεις

283 5252 538 5336 περιεῖλε
575 5264 686 5317 τῶν
729 5264 966 5329 πόλεων,
997 5262 1093 5315 καὶ
1128 5261 1401 5331 μουσικὴν
1434 5262 1529 5314 καὶ
1575 5259 1776 5323 αὐλοὺς
1822 5261 1881 5313 ἐν

282 5359 371 5429 τῷ
395 5358 752 5429 στρατοπέδῳ
775 5356 942 5411 πολὺν
964 5354 1159 5426 χρόνον
1184 5354 1551 5408 κατέπαυσεν.
1601 5353 1882 5415 Ἀπιόντος

284 5453 344 5504 δέ
382 5454 465 5514 είς
499 5450 822 5513 Baduuini,
880 5447 1131 5517 Νέαρχος
1182 5445 1511 5516 ἐπανῆλθεν,
1550 5443 1882 5509 εἰσπλεύσας

284 5541 449 5607 αὖθις
473 5545 557 5607 είς
585 5542 676 5597 τὸν
726 5542 1019 5613 Εὐφράτην
1066 5544 1131 5594 ἐκ
1164 5541 1265 5609 τῆς
1301 5538 1547 5610 μεγάλης
1581 5537 1877 5610 θαλάσσης,

284 5640 491 5706 λέγων,
547 5635 853 5699 Χαλδαίους
909 5635 1062 5705 αὑτῷ
1097 5633 1483 5703 συγγενέσθαι,
1525 5632 1880 5704 βουλεύοντας

283 5728 598 5802 ἀπέχεσθαι
648 5728 749 5799 τῆς
793 5726 1115 5790 Βαϐυλῶνος
1165 5724 1541 5797 Ἀλέξανδρον.
1604 5726 1664 5779 ’0
1715 5724 1773 5778 δὲ
1807 5727 1882 5796 μὴ

286 5821 552 5896 προσχὼν
586 5821 666 5895 τῷ
693 5822 838 5890 λόγῳ
871 5820 1061 5891 ἀπῄει.
1088 5820 1200 5874 Καὶ
1231 5819 1367 5890 πρὸς
1402 5820 1516 5883 τοῖς
1550 5818 1760 5889 τείχεσι
1793 5835 1883 5886 γει

290 5918 545 5990 δομένου,
568 5916 804 5988 κόρακες
831 5913 1090 5983 ἀλλήλοις
1128 5912 1428 5984 μαχόμενοι
1460 5911 1694 5965 ἐνώπιον
1716 5909 1882 5964 αὑτοῦ

1983 4712 2150 4782 longo
2183 4719 2433 4779 tempore
2462 4707 2517 4760 in
2543 4704 2741 4761 castris
2771 4702 3037 4757 inhibuit.
3068 4700 3401 4770 Babylonem
3442 4713 3575 4769 pzo-

1985 4802 2254 4860 liciscenti
2276 4800 2563 4857 Nearchus
2595 4797 2755 4868 196
2801 4794 3068 4853 occurrit.
3100 4792 3335 4864 navigiis
3374 4808 3405 4846 e
3446 4805 3571 4846 ma-

1983 4912 2092 4969 gno
2116 4895 2256 4951 mari
2286 4894 2344 4949 in
2373 4892 2714 4962 Euphratem
2761 4880 3058 4943 revectusi
3096 4884 3190 4956 qui
3245 4882 3564 4946 nuntiabat.

1984 5005 2043 5044 se
2077 4999 2433 5059 congressum
2469 4998 2590 5036 «sse
2620 4995 2745 5035 cum
2780 4976 3073 5037 Chaldaeis.
3124 4976 3217 5045 qui
3252 4972 3571 5029 Alexandro

1982 5078 2265 5137 vitandam
2317 5091 2439 5133 esse
2492 5074 2826 5145 Babylonem
2880 5077 3193 5126 censerent.
3233 5068 3438 5122 Verum
3480 5064 3572 5119 ille

1984 5174 2237 5244 neglecta
2295 5185 2361 5224 ea
2402 5166 2806 5229 admonitione,
2862 5163 3152 5234 pergebat.
3201 5158 3339 5215 Cum
3387 5167 3572 5212 autem

1984 5265 2261 5322 mmnibus
2284 5262 2734 5335 propinquasset.
2763 5256 2915 5311 corvi
2953 5255 3101 5309 inter
3130 5268 3190 5307 se
3216 5251 3568 5314 dimicantes,

1986 5372 2177 5413 coram
2239 5370 2309 5411 eo
2357 5352 2749 5408 conciderunt.
2802 5347 3130 5402 Nuntiatum
3169 5343 3220 5397 ei
3257 5356 3426 5411 porro
3464 5348 3568 5403 est,

1983 5447 2381 5519 Apollodorum
2414 5454 2705 5514 praetorem
2736 5436 3052 5504 Babylonis,
3084 5447 3186 5503 pro
3224 5446 3292 5486 eo
3319 5444 3438 5486 rem
3480 5429 3568 5484 di-

1985 5541 2170 5596 vinam
2200 5536 2416 5591 fecisse.
2446 5531 2600 5599 Quod
2626 5532 2759 5586 cum"
2793 5529 3128 5599 Pythagoras
3168 5537 3427 5593 aruspex,
3467 5522 3571 5593 qui

1985 5633 2039 5687 id
2079 5643 2297 5687 sacrum
2322 5625 2549 5686 fecerat,
2585 5638 2692 5675 non
2724 5626 2972 5690 negaret,
3002 5626 3059 5672 et
3099 5613 3365 5669 de'modo
3394 5611 3573 5669 sacri-
3651 5652 3658 5657 .

1986 5725 2097 5781 licii
2151 5730 2400 5795 rogatus,
2445 5717 2604 5788 jecur
2635 5713 2767 5779 ,siue
2828 5710 3010 5780 capite
3065 5707 3236 5763 fuisse
3293 5704 3570 5760 dixisset:

1987 5819 2169 5886 Papae,
2203 5814 2404 5884 inquit.
2429 5821 2483 5864 ut
2517 5822 2677 5879 grave
2699 5804 2844 5861 istud
2876 5803 3179 5874 prodigium
3210 5799 3326 5855 est!
3353 5796 3573 5867 aruspi-

1987 5924 2219 5970 eemuuc
2273 5905 2586 5962 indemnem
2649 5896 2884 5953 dimisit.
2945 5894 3093 5952 inter
3157 5894 3265 5950 alia
3320 5890 3570 5955 prodigia
