4074 6398
501 411 612 479 355

1805 417 2129 480 JOANNIS
2168 419 2492 482 ΖΟΝΑΠΕ

3695 430 3805 495 356

503 525 673 580 etiam
717 524 854 580 illud
882 524 1023 581 fuit:
1061 539 1188 581 cum
1217 534 1401 582 vestes
1436 523 1789 595 deposuisset
1822 535 1879 582 ut
1925 544 2081 600 unge-

2204 531 2422 586 ἔπεσον.
2459 533 2698 605 Ἠγγέλη
2733 532 2969 606 δἀύτῷ,
3001 535 3076 599 ὡς
3127 536 3531 610 Ἀπολλόδωρος
3561 542 3591 597 ὁ
3625 561 3798 615 στραι

501 623 678 683 rctur,
711 623 766 670 et
788 617 900 687 pila
917 616 1159 683 luderet,
1179 616 1589 683 adolescentes,
1618 617 1928 674 collusores
1950 621 2092 690 ejus,

497 713 554 759 et
581 706 688 775 ipsi
715 719 900 762 vestes
948 706 1197 772 exuturi,
1245 706 1440 762 vident
1486 706 1784 778 quemdam
1833 707 1889 762 in
1944 709 2096 780 regio

497 792 640 847 solio
675 793 837 849 tacite
861 795 1173 860 sedentem,
1211 796 1361 867 regia
1389 807 1544 852 veste
1584 796 1862 864 indutum,
1895 808 1951 853 et
1978 800 2098 855 dia-

499 882 722 939 demate
763 895 1046 943 ornatum.
1089 887 1196 955 Qui
1223 903 1350 943 cum
1387 899 1679 959 rogaretur
1733 894 1860 961 quis
1899 894 2096 948 esset?

496 973 593 1028 diu
619 976 771 1030 nulla
795 993 930 1032 voce
953 979 1123 1045 edita,
1156 980 1246 1035 vix
1271 981 1492 1036 tandem
1530 983 1840 1053 respondit,
1879 1000 1937 1040 se
1960 985 2092 1040 Dio-

496 1067 717 1138 nysium
784 1070 993 1136 vocari,
1052 1087 1256 1142 genere
1310 1073 1667 1140 Messenium,
1712 1085 1769 1131 et
1817 1077 2092 1146 captivum

495 1159 794 1216 adductum
820 1178 944 1218 esse
973 1175 1200 1234 propter
1237 1166 1455 1238 objecta
1497 1168 1733 1223 crimina
1758 1187 1772 1222 :
1799 1169 1896 1224 sed
1926 1171 2093 1226 Sera-

497 1255 681 1324 pidem
711 1257 816 1312 sibi
856 1258 1079 1314 vincula
1109 1260 1361 1326 solvisse,
1389 1271 1447 1316 et
1473 1262 1584 1317 huc
1617 1264 1948 1333 perductum
1970 1266 2092 1336 jus-

500 1347 667 1413 sisse,
723 1358 877 1404 veste
920 1359 978 1405 et
1018 1351 1336 1407 diademate
1379 1354 1638 1424 sumptis,
1676 1355 1844 1410 tacite
1877 1357 2090 1413 sedere.

500 1442 582 1497 Eo
618 1445 844 1500 homine
876 1445 1190 1501 Alexander
1232 1447 1302 1502 de
1324 1458 1512 1504 vatum
1550 1451 1788 1506 consilio
1829 1467 1859 1507 e
1907 1454 2092 1509 medio

498 1535 740 1603 sublato,
787 1554 932 1609 aeger
999 1541 1210 1606 animo,
1267 1542 1542 1598 sollicitus
1598 1553 1658 1598 et
1707 1547 2089 1616 perturbatus,

495 1625 636 1681 nihil
697 1645 810 1684 non
861 1631 916 1684 in
966 1646 1130 1686 omen
1179 1634 1456 1689 vertebat.
1519 1634 1698 1691 Lotus
1739 1637 1808 1692 ad
1855 1637 2088 1693 Mediam

491 1732 867 1777 comessatum
913 1723 1076 1790 abiit,
1130 1725 1324 1796 ibique
1371 1737 1540 1782 nocte
1573 1729 1628 1783 in
1689 1731 1906 1799 poculis
1945 1741 2090 1800 acta,

493 1815 764 1882 postridie
823 1816 1147 1873 febricitare
1191 1819 1381 1889 cmpit.
1443 1821 1696 1892 Cumque
1728 1824 2090 1882 vehementer

491 1904 699 1969 sitiret,
734 1907 935 1963 hausto
967 1910 1096 1963 vino
1144 1909 1510 1972 phreneticus
1555 1913 1816 1968 decessit.
1853 1916 2087 1982 Quidam
2126 1907 2164 1960 Β

488 1996 659 2063 igitur
689 1998 794 2052 hoc
825 1999 989 2053 modo
1015 2016 1143 2056 eum
1165 2001 1372 2056 obiisse
1401 2007 1646 2059 tradunt.
1689 2006 1796 2060 Alii
1839 2024 2087 2074 narrant,

486 2101 614 2140 cum
643 2087 763 2144 dies
786 2092 976 2159 plures
1002 2092 1402 2160 febricitasoet,
1445 2097 1665 2164 lavisse,
1694 2099 1882 2170 itaque
1926 2114 2089 2158 aucto

488 2181 684 2237 morbo
711 2193 924 2238 mutum
949 2185 1215 2256 jacuisse.
1271 2187 1602 2244 Macedones
1632 2207 1791 2256 vero,
1826 2202 2086 2264 tanquam

484 2287 554 2328 eo
583 2285 802 2331 mortuo
819 2279 1174 2346 perturbatos
1189 2280 1520 2336 vociferatos
1545 2297 1667 2338 esse
1685 2293 1877 2339 contra
1895 2285 2086 2352 duces,

487 2365 670 2422 donec
692 2369 909 2438 apertis
938 2370 1153 2427 foribus
1171 2372 1545 2429 Alexandrum
1569 2377 1626 2429 in
1655 2376 1800 2432 lecto
1817 2377 2086 2436 iacentem

487 2460 734 2516 viderint
760 2466 885 2534 :qui
911 2474 1026 2520 tum
1045 2467 1269 2522 demum
1297 2467 1622 2524 decesserit.
1645 2469 1879 2538 Quidam
1930 2473 2087 2528 aiunt

485 2561 674 2620 postea
694 2570 972 2612 rumorem
1000 2558 1290 2614 exstitisse
1309 2574 1529 2615 veneno
1549 2563 1909 2631 exstinctum,
1933 2566 2083 2636 quod

481 2657 649 2699 suasu
676 2655 728 2700 et
746 2647 966 2718 ingenio
981 2650 1299 2706 Aristotelis
1309 2652 1522 2722 pararit
1537 2652 1846 2724 Antipater.
1866 2655 2082 2727 Aquam

483 2749 670 2792 autem
695 2755 816 2795 esse
831 2742 1067 2810 gelidam
1084 2752 1140 2799 et
1165 2745 1450 2815 glacialem
1478 2759 1509 2800 e
1534 2755 1690 2816 petra
1741 2745 2080 2815 Nonacrina,

493 2831 678 2885 tenuis
701 2833 842 2888 roris
869 2834 1045 2890 instar
1061 2837 1458 2904 exundantem,
1489 2853 1652 2909 quam
1695 2841 1897 2912 ungula
1939 2843 2082 2898 asini

479 2925 779 2993 excipiant.
810 2927 1000 2998 Neque
1025 2929 1177 2984 enim
1210 2931 1322 2985 ullo
1340 2931 1452 2986 alio
1472 2946 1602 2987 vase
1623 2932 1924 3001 contineri,
1944 2935 2080 3006 quin

479 3013 782 3086 frigiditate
803 3021 1179 3077 etacrimonia
1210 3023 1330 3094 ejus
1352 3033 1667 3093 rumpatur.
1693 3024 1801 3081 Sed
1827 3027 2079 3098 plerique

485 3107 590 3164 hoc
655 3120 715 3163 ut
773 3113 1220 3168 commentitium
1289 3113 1598 3169 refellunt:
1658 3115 1867 3172 indicio
1918 3119 2077 3190 197

488 3215 615 3257 esse
667 3203 816 3272 quod
872 3205 1110 3260 cadaver
1161 3205 1305 3276 ejus,
1345 3220 1472 3260 cum
1514 3205 1634 3261 dies
1671 3208 1986 3278 complures
2020 3210 2077 3264 in

479 3293 834 3352 lociscalidis
855 3298 1170 3368 neglectum
1197 3299 1433 3370 jaceret,
1467 3297 1706 3355 ducibus
1755 3301 1900 3356 inter
1950 3316 2074 3358 sese

481 3389 814 3456 rixantibus,
840 3392 1049 3446 nullam
1080 3392 1280 3446 veneni
1306 3400 1492 3447 notam
1516 3393 1798 3461 habuerit,
1835 3395 1934 3450 sed
1975 3411 2076 3466 pu-

479 3495 602 3534 rum
627 3480 910 3547 manserit,
947 3481 1104 3553 quasi
1146 3497 1340 3538 recens
1356 3493 1527 3540 esset.
1554 3484 1776 3551 Fertur,
1811 3501 1936 3541 cum
1987 3489 2072 3542 in-

479 3578 626 3626 stare
666 3571 772 3626 sibi
818 3588 1010 3627 necem
1037 3574 1522 3643 animadverteret,
1552 3576 1793 3632 voluisse
1825 3578 1966 3633 clam
2016 3594 2074 3634 se

480 3662 538 3717 in
565 3663 905 3734 Euphratem
945 3665 1290 3739 demergere,
1320 3679 1383 3722 ut
1406 3684 1439 3724 e
1472 3678 1776 3740 conspectu
1819 3671 2073 3727 sublatus

480 3757 799 3827 Opinionem
830 3759 1060 3816 aﬂ‘erret
1096 3762 1440 3830 hominibus,
1480 3779 1562 3832 se,
1600 3775 1660 3820 ut
1703 3765 1813 3822 diis
1851 3767 2074 3838 genitus

486 3862 657 3920 esset,
691 3851 766 3907 ita
795 3854 862 3908 ad
894 3854 1030 3910 deos
1058 3856 1312 3921 rediisse,
1378 3857 1477 3914 sed
1519 3873 1646 3914 cum
1673 3859 2074 3926 Roxane,con-

478 3941 605 3998 silio
631 3944 751 4015 ejus
776 3947 1022 4016 cognito,
1057 3947 1391 4014 obstitisset,
1425 3963 1552 4004 cum
1580 3949 1789 4019 gemitu
1811 3950 2018 4007 dixisse
2056 3970 2070 4007 :

477 4035 685 4094 lucide:
723 4042 872 4107 mihi,
907 4043 1454 4113 mulier,|divinitatis
1486 4045 1717 4116 gloriam
1756 4056 1809 4102 et
1855 4048 2079 4102 immor-

477 4130 730 4187 talitatis.
757 4133 849 4189 Sic
879 4133 1193 4192 Alexander
1248 4135 1318 4192 ad
1361 4144 1578 4192 tantum
1635 4136 1878 4196 fortuna
1922 4139 2080 4196 fasti-

473 4247 622 4315 gium
657 4261 904 4317 evectus,
925 4251 1185 4308 decessit.

2199 625 2368 694 τηγὺς
2398 625 2741 689 Βαϐυλῶνος,
2761 626 2850 696 εἴη
2874 629 3006 698 περὶ
3037 629 3205 682 αὐτοῦ
3239 631 3414 694 θύσας
3433 649 3448 664 ·
3489 634 3585 688 τοῦ
3621 637 3678 690 δὲ
3703 639 3801 691 θύ-

2201 733 2395 781 σαντος
2421 717 2690 787 μάντεως,
2722 719 2780 780 ὃς
2815 720 3146 791 Πυθαγόρας
3170 723 3483 794 ὠνόμαστο,
3516 727 3590 800 μὴ
3625 733 3798 800 ἀρνη-

2200 810 2462 881 σαμένου,
2500 810 2758 882 ἠρώτησε
2791 813 2884 866 τὸν
2923 814 3130 885 τρόπον
3156 816 3250 869 τοῦ
3288 817 3560 888 θύματος.
3603 823 3711 875 Τοῦ
3737 823 3798 878 δὲ

2199 904 2492 970 φήσαντος,
2557 903 2752 956 ἄλοὸον
2815 901 2962 957 ἐἶναι
3014 907 3074 959 τὸ
3106 902 3289 980 ἧπαρ,
3327 913 3552 976 Παπαὲ,
3614 912 3794 981 εἶπεν,

2198 997 2461 1067 ἰσχυρὸν
2489 997 2556 1051 τὸ
2580 999 2854 1068 σημεῖον.
2896 1002 3006 1054 Καὶ
3027 1002 3119 1054 τὸν
3155 1004 3353 1073 μάντιν
3386 1006 3564 1060 ἀθῶον
3582 1009 3793 1079 ἀφῆκε.

2197 1091 2409 1162 Σημεῖα
2447 1093 2493 1146 δ’
2529 1093 2683 1164 αύτῷ
2709 1095 2804 1146 καὶ
2834 1094 2974 1148 ἄλλα
2999 1098 3284 1164 γεγόνασι,
3339 1100 3434 1153 καὶ
3473 1103 3636 1168 τούτο
3688 1105 3747 1157 δέ
3775 1121 3792 1135 ο

2195 1181 2616 1252 ἀποδυσαμένου
2651 1184 2762 1255 γὰρ
2791 1184 2930 1256 πρὸς
2989 1186 3238 1260 ἄλειμμα
3288 1193 3386 1244 καὶ
3418 1165 3657 1263 σςαῗραν
3692 1196 3794 1248 αύ-

2195 1275 2312 1338 τοῦ,
2338 1275 2387 1327 οἱ
2412 1276 2686 1329 νεανίσκοι
2719 1278 2766 1329 οἱ
2801 1279 3185 1350 σφαιρίζοντες
3235 1283 3525 1338 ἐκδύεσθαι
3561 1289 3793 1355 μέλλον-

2195 1390 2306 1436 τες,
2343 1374 2517 1446 ὁρῶσί
2547 1393 2670 1429 τινα
2693 1378 2751 1430 ὲν
2785 1377 2863 1449 τῷ
2901 1378 2997 1432 τοῦ
3030 1378 3301 1449 βασιλέως
3333 1380 3511 1451 θρόνῳ
3543 1380 3796 1450 καθήμε-

2195 1485 2284 1521 νον
2306 1470 2511 1539 σιωπῇ,
2545 1469 2900 1541 ἐνδεδυμένον
2946 1475 3047 1541 τὴν
3095 1472 3292 1543 στολὴν
3343 1475 3442 1542 τὴν
3489 1473 3790 1543 βασίλειον,

2195 1561 2290 1612 καὶ
2323 1560 2383 1611 τὸ
2407 1559 2647 1630 διάδημα
2701 1563 3122 1634 περικείμενον.
3185 1566 3282 1626 Ὃς
3337 1566 3787 1635 ἀνακρινόμενος,

2193 1648 2342 1712 ὅστις
2374 1651 2483 1720 εῐη,
2520 1652 2615 1704 ἐπὶ
2661 1653 2798 1706 πολὺ
2832 1653 2930 1722 μὲν
2967 1654 3180 1722 ἄφωνος
3231 1651 3320 1727 ἦν,
3383 1657 3536 1725 μόλις
3568 1657 3623 1708 δέ
3661 1675 3791 1710 ποτε

2194 1743 2472 1808 Διονύσιος
2524 1745 2627 1816 ἔφη
2681 1747 2994 1813 καλεῖσθαι,
3029 1749 3088 1801 τὺ
3118 1749 3174 1801 δὲ
3212 1750 3370 1818 γένος
3395 1743 3532 1803 εἶναι
3567 1751 3791 1818 Μεσσί-

2193 1852 2327 1900 νιος,
2353 1836 2575 1906 δέσμιος
2608 1838 2655 1891 δ’
2686 1839 2918 1910 ἀχθῆναι
2949 1841 3036 1894 διὰ
3071 1841 3431 1912 κατηγορίαν,
3467 1841 3630 1895 λῦσαι
3659 1844 3715 1894 δὲ
3739 1845 3787 1896 οἱ

2193 1927 2286 1980 τὸν
2314 1929 2562 1999 Σάραπιν
2582 1929 2654 1983 τὰ
2692 1931 2871 2002 δεσμὰ
2895 1950 2908 1964 ο
2940 1934 3034 1986 καὶ
3071 1934 3353 2002 ἀγαγόντα
3383 1932 3565 2003 δεῦρο,
3593 1934 3788 1986 κελεῦ-

2194 2037 2286 2073 σαι
2309 2023 2410 2089 τὴν
2436 2023 2633 2094 στολὴν
2658 2024 2755 2078 καὶ
2780 2027 2841 2078 τὸ
2863 2025 3108 2096 διάδημα
3133 2026 3485 2096 περιθέσθαι.
3523 2027 3617 2080 καὶ
3646 2027 3788 2079 καθ-

2191 2111 2412 2178 έζεσθαι
2450 2117 2659 2186 σιωπῇ.
2733 2117 2840 2169 Τὸν
2879 2119 2978 2187 μὲν
3025 2115 3120 2170 οὖν
3151 2118 3443 2186 ἄνθρωπον
3474 2121 3500 2172 ό
3532 2121 3789 2186 Ἀλεξιν-

2189 2205 2335 2278 δρος,
2364 2209 2439 2273 ὡς
2471 2211 2519 2262 oi
2555 2212 2784 2281 μάντεις
2821 2211 3136 2278 ύπετίθουν,
3168 2214 3470 2280 ἠφάνισεν·
3522 2215 3685 2280 αὐτὸς
3727 2218 3785 2270 δὲ

2189 2298 2412 2368 ἠθύμει,
2438 2301 2536 2354 καὶ
2558 2301 2821 2372 περιδεὴς
2852 2303 2945 2355 καὶ
2967 2304 3296 2374 ταραχώδης
3340 2305 3656 2372 γενόμενος.
3691 2308 3781 2360 ού-

2187 2388 2277 2442 δὲν
2315 2384 2384 2460 ἦν
2412 2390 2440 2443 ὃ
2492 2390 2569 2461 μὴ
2616 2393 2782 2462 τέρας
2834 2393 3121 2464 πεποίητο.
3171 2397 3524 2464 Λουσάμενος
3569 2397 3649 2461 δὲ,
3687 2400 3781 2451 καὶ

2189 2483 2330 2552 πρὸς
2361 2483 2578 2553 Μηδίαν
2633 2485 2930 2556 πορευθεὶς
2990 2489 3411 2556 κωμασόμενος,
3474 2490 3637 2541 κάκεῖ
3677 2489 3786 2560 τὴν

2186 2575 2358 2629 νύκτα
2379 2575 2658 2647 διαγαγὼν
2689 2579 2750 2631 έν
2779 2577 2858 2649 τῷ
2885 2578 3065 2649 κόμῳ,
3103 2582 3197 2633 καὶ
3231 2581 3330 2650 τὴν
3352 2581 3615 2636 ἐπιοῦσαν
3641 2584 3780 2652 mit-

2187 2686 2309 2740 ραν,
2341 2668 2548 2739 ἤρξατο
2580 2669 2901 2742 πυρέσσειν,
2962 2672 3254 2742 Πυρέττων
3289 2675 3343 2727 δὲ
3398 2675 3491 2728 καὶ
3541 2675 3780 2746 διψήσας

2186 2763 2456 2832 σφιδρῶς,
2494 2764 2649 2816 ἔπιεν
2695 2761 2861 2830 οἶνον,
2919 2767 3014 2819 καὶ
3066 2772 3436 2838 φρενητιὰσας
3479 2769 3772 2824 ἀπέθανεν.

2185 2848 2278 2916 Εἷς
2317 2855 2416 2924 μὲν
2449 2854 2542 2908 οὖν
2592 2856 2620 2908 ὁ
2659 2857 2762 2925 τῆς
2796 2858 3014 2911 ἐκείνου
3073 2858 3334 2928 τελευτῆς
3378 2859 3538 2928 λόγος
3594 2855 3772 2922 οὗτος.

2185 2945 2411 3018 Ἕτερος
2437 2946 2481 2999 δ’
2513 2945 2649 3017 ἔχει,
2686 2948 2773 3017 ἐφ’
2798 2949 3014 3020 ἡμέρας
3046 2949 3214 3002 αὐτὸν
3237 2948 3530 3022 πυρέττειν
3555 2951 3777 3015 πλείους

2181 3039 2277 3092 καὶ
2307 3038 2583 3106 λούεσθαι,
2614 3040 2760 3095 οὕτω
2794 3042 2850 3096 δὲ
2909 3043 3326 3113 κραταιωθῆναι
3381 3044 3475 3096 τὸν
3511 3044 3772 3114 πυρετὸν,

2180 3132 2257 3194 ὡς
2312 3132 2528 3202 ἄφωνον
2583 3134 2800 3188 κεῖσθαι
2873 3136 3078 3189 αὐτόν·
3135 3138 3262 3198 τοὺς
3329 3136 3388 3189 δὲ
3448 3137 3774 3193 Μακεδόνας

2183 3223 2532 3295 θορυϐεῖσθαι
2593 3224 2669 3290 ὡς
2743 3225 3003 3290 θανόντος
3079 3227 3272 3290 αὐτοῦ,
3325 3229 3425 3282 καὶ
3492 3228 3775 3300 καταὸοᾷν

2181 3318 2290 3372 τῶν
2352 3318 2679 3389 ἡγεμόνων,
2742 3319 2850 3383 ἕως
2935 3322 3120 3384 αὐτοῖς
3178 3322 3234 3374 αἱ
3295 3320 3458 3392 θύραι
3516 3321 3775 3392 ἠνοίχθη-

2183 3427 2300 3477 σαν,
2368 3413 2462 3464 καὶ
2513 3413 2603 3464 τὸν
2679 3411 3043 3484 Ἀλέξανδρον
3094 3415 3152 3466 ὲν
3217 3417 3282 3484 τῇ
3355 3414 3514 3485 κλίνη
3585 3417 3774 3467 κατεῖ-

2179 3503 2292 3571 δον,
2346 3507 2442 3558 καὶ
2481 3503 2630 3574 μετὰ
2661 3505 2837 3558 ταῦτα
2896 3506 3136 3573 ἐξέλιπε.
3169 3507 3307 3560 Φασὶ
3334 3507 3392 3560 δέ
3449 3525 3595 3570 τινες
3637 3525 3770 3577 μετ-

2180 3595 2375 3649 έπειτα
2408 3596 2566 3665 λόγον
2595 3597 2876 3665 γενέσθαι,
2897 3599 2970 3661 ὡς
2999 3600 3104 3652 ὑπὸ
3123 3600 3419 3670 φαρμάκου
3451 3598 3767 3668 διέφθαρτο,

2176 3688 2270 3741 καὶ
2303 3687 2394 3741 τὸν
2441 3687 2795 3760 Ἀριστοτέλη
2862 3690 3210 3757 Ἀντιπάτρῳ
3261 3690 3570 3759 σύμϐουλον
3616 3690 3772 3757 γενέ-

2175 3781 2300 3834 σθαι
2353 3781 2452 3852 τῆς
2505 3782 2783 3853 πράξεως,
2844 3786 2938 3835 καὶ
2965 3782 3034 3836 δι’
3074 3783 3286 3835 ἐκείνου
3344 3782 3679 3854 κομισθῆναι
3706 3784 3771 3836 τὸ

2173 3875 2485 3944 φάρμακον.
2520 3875 2595 3929 Τὸ
2625 3876 2684 3929 δὲ
2741 3875 2888 3946 ὕδωρ
2921 3874 3060 3929 εἷναι
3092 3876 3302 3946 ψυχρὸν
3331 3875 3428 3929 καὶ
3449 3875 3767 3943 παγετῶδες

2173 3966 2286 4019 ἀπὸ
2322 3967 2529 4039 πέτρας
2587 3968 2736 4032 τινὸς
2796 3973 2854 4022 ὲν
2907 3969 3220 4040 Νωνακρίδι
3261 3968 3450 4039 οὔσης,
3495 3968 3525 4020 ὃ
3573 3971 3770 4040 δρόσον

2175 4057 2368 4132 ὥσπερ
2394 4061 2599 4132 λεπτὴν
2623 4061 3132 4134 ἀναλαμῦάνοντες,
3156 4064 3240 4125 εἰς
3268 4061 3392 4115 ὄνου
3423 4061 3598 4133 χηλὴν
3624 4061 3768 4115 ἀπο·

2173 4152 2456 4208 τίθενται·
2505 4155 2664 4210 οὐδὲν
2708 4156 2818 4226 γὰρ
2854 4155 3046 4226 ἕτερον
3102 4157 3327 4225 ἀγγεῖον
3390 4155 3577 4224 στέγει
3607 4153 3766 4219 αὐτὸ,

2176 4247 2292 4301 ἀλλ’
2333 4248 2438 4301 ὑπὸ
2488 4249 2835 4320 ψυχρότητος
2869 4252 2966 4304 καὶ
3009 4249 3346 4319 δριμύτητος
3384 4250 3764 4304 διακόπτεται.

473 4342 536 4392 υἱ
563 4341 620 4394 δὲ
649 4342 874 4407 πλείους
913 4343 1228 4398 πεπλάσθαι
1263 4343 1422 4414 φασὶ,
1453 4342 1534 4415 τῷ
1594 4343 1874 4417 φαρμάκῳ
1915 4343 2098 4400 θανεῖν
2127 4347 2221 4400 τὸν
2266 4343 2638 4416 Ἀλέξανδρον,
2669 4344 2762 4396 καὶ
2793 4341 2952 4396 τοῦτο
2976 4342 3408 4415 τεκμηριοῦνται
3458 4345 3523 4396 ὲκ
3575 4343 3671 4396 τοῦ
3700 4345 3764 4398 τὸ

474 4432 634 4502 σῶμα
684 4433 769 4502 ἐφ’
793 4435 1008 4504 ἡμέρας
1037 4434 1291 4499 πλείονας
1330 4436 1591 4504 κείμενον
1621 4437 1680 4490 ὲν
1705 4435 1895 4501 τόποις
1961 4437 2189 4509 θερμοῖς
2256 4437 2628 4507 ἀτημέλητον,
2690 4436 2801 4490 τῶν
2831 4437 3121 4507 ἡγεμόνων
3153 4439 3288 4507 πρὸς
3310 4436 3575 4508 ἀλλήλους
3629 4456 3762 4491 στα-

473 4527 802 4588 σιασὰντων,
863 4523 1033 4593 μηδὲν
1083 4525 1327 4594 ἐμφῆναι
1381 4525 1644 4598 τοιαύτης
1695 4528 1906 4598 φθορᾶς
1961 4532 2212 4598 σημεῖον,
2283 4530 2420 4583 ἀλλὰ
2489 4530 2732 4600 καθαρὸν
2762 4529 3057 4598 διαμεῖναι,
3125 4533 3216 4583 καὶ
3264 4528 3443 4582 δοκεῖν
3504 4531 3760 4599 πρόσφα-

471 4633 586 4670 τον.
636 4616 875 4684 Λέγεται
904 4617 982 4683 δὲ,
1020 4617 1098 4681 ὡς
1133 4619 1298 4687 γνοὺς
1333 4620 1435 4690 ἥδη
1478 4622 1758 4675 ἐκλείπειν
1787 4623 1936 4693 αὑτῷ
1993 4625 2054 4675 τὸ
2099 4624 2385 4694 βιώσιμον,
2456 4625 2736 4695 ίγὸουλήθη
2794 4627 2853 4688 ἐς
2913 4624 3007 4676 τὸν
3061 4623 3359 4692 Εὐφράτην
3400 4627 3760 4678 καταποντῶ-

475 4709 854 4779 σαιλαθρηδδν
879 4710 1200 4775 έαυτδν,ἴνα
1221 4716 1515 4783 γενόμενος
1535 4715 1773 4785 ἀφανὴς,
1795 4718 2057 4786 παράσχῃ
2083 4717 2244 4782 δόξαν
2302 4719 2378 4782 ὡς
2439 4721 2521 4782 είς
2558 4719 2716 4782 θεοὺς
2779 4717 3170 4789 μετελήλυθεν,
3228 4718 3286 4782 ἐξ
3320 4719 3546 4773 ἐκείνων
3601 4721 3758 4788 γενό-

475 4818 657 4871 μενος.
703 4803 768 4854 'll
798 4801 854 4854 δὲ
888 4803 1133 4876 Ῥωξάνη
1166 4804 1326 4859 τοῦτο
1350 4807 1578 4874 γνοῦσα,
1603 4806 1790 4880 εἶργεν
1824 4810 1975 4878 αὐτῷ
2025 4812 2086 4861 τὸ
2123 4813 2463 4883 ἐγχείρημα.
2529 4812 2590 4866 Ὀ
2619 4812 2674 4865 δὲ
2735 4812 2855 4881 μετ’
2887 4814 3139 4883 οἰμωγῆς
3169 4812 3295 4885 ἔφη,
3346 4815 3423 4877 ὡς
3471 4815 3761 4883 Ἑφθόνη-

469 4913 588 4964 σας
617 4896 751 4965 ἄρα,
789 4898 989 4964 γύναι,
1021 4915 1125 4966 μοι
1163 4897 1351 4966 δόξης
1381 4901 1486 4953 τοῦ
1524 4900 1842 4969 θεωθῆναι,
1877 4902 1973 4980 καί
2011 4901 2099 4970 μὴ
2142 4905 2388 4970 θανεῖν;
2434 4905 2494 4957 '0
2563 4905 2662 4976 μὲν
2692 4900 2785 4959 οὖν
2848 4903 3198 4977 Ἀλέξανδρος
3245 4905 3420 4968 οὕτως
3481 4909 3562 4972 είς
3614 4911 3759 4980 μέγα

468 4987 640 5058 τύχης
673 4987 990 5056 προαχθεὶς,
1015 4987 1390 5058 ἐτελεύτησεν.
1959 4979 1962 4982 ’
3476 4995 3482 5001 ’

540 5080 656 5135 XV.
691 5080 792 5135 llic
826 5096 995 5150 porro
1023 5081 1157 5136 dum
1191 5081 1396 5154 Tyrum
1432 5082 1750 5152 obsidebat,
1786 5103 1885 5158 per
1908 5087 2056 5145 litte-

2237 5086 2339 5142 lE'.
2369 5088 2499 5142 Ὅτε
2539 5087 2594 5140 δὲ
2630 5086 2728 5158 τὴν
2763 5085 2940 5155 Τύρον
2963 5085 3297 5156 ἐπολιόρκει,
3338 5090 3652 5156 ἐπιστείλας
3675 5093 3755 5164 τῷ

472 5191 563 5228 ras
591 5189 620 5228 a
649 5174 914 5243 pontilice
943 5173 1259 5229 Judazorum
1289 5176 1473 5245 petiit,
1506 5177 1710 5232 auxilia
1749 5179 1856 5234 sibi
1891 5181 2056 5244 mitti,

2183 5184 2268 5235 τῶν
2306 5181 2578 5234 Ἰουδαίων
2606 5180 2879 5250 ἀρχιερεῖ,
2904 5179 3059 5248 ἠξίου
3085 5183 3406 5253 συμμαχίαν
3428 5185 3578 5256 αύτῷ
3610 5187 3756 5256 πέμ-

468 5277 525 5320 et
553 5267 732 5320 lorum
764 5266 996 5336 praeberi
1031 5267 1329 5330 exercitui,
1392 5267 1612 5337 sibique
1647 5284 1712 5323 ea
1742 5269 1882 5334 dari,
1936 5288 2059 5342 quae

2183 5293 2304 5339 τειν,
2343 5274 2438 5329 καὶ
2473 5273 2682 5344 ἀγορὰν
2724 5272 2802 5343 τῷ
2833 5273 3230 5345 στρατεύματι,
3266 5279 3360 5330 καὶ
3405 5277 3508 5332 ὅσα
3535 5281 3751 5350 Δαρείῳ

470 5361 748 5428 pensitare
777 5358 940 5412 Dario
978 5357 1125 5412 soliti
1148 5367 1358 5411 essent.
1389 5356 1528 5411 Cum
1565 5368 1752 5413 autem
1803 5363 2050 5430 pontifex

2183 5365 2573 5436 Batauocpdpouv
2623 5363 2775 5434 αὑτῷ
2811 5365 3044 5420 διδόναι.
3083 5365 3190 5418 Τοῦ
3231 5365 3290 5418 δὲ
3313 5367 3618 5438 ἀρχιερέως
3648 5371 3750 5440 ὄρ·

470 5467 529 5506 se
572 5451 939 5523 jurejurando
1010 5449 1346 5523 obstrictum
1398 5464 1521 5506 esse
1579 5451 1765 5518 Dario,
1788 5469 1857 5508 ne
1904 5470 2056 5510 arma

467 5555 662 5598 contra
719 5545 872 5597 illum
935 5542 1130 5606 ferret,
1186 5542 1439 5605 dixisset,
1495 5543 1662 5614 idque
1708 5545 1930 5602 vivente
1963 5547 2057 5602 illo

471 5634 804 5689 violaturum
837 5645 1138 5706 negasset:
1194 5634 1509 5690 Alexander
1542 5636 1740 5702 iratus,
1794 5653 1854 5694 se
1913 5641 2055 5695 bello

491 5726 772 5781 ietiturum
847 5728 1225 5800 Hierosolyma
1285 5729 1696 5794 comminatur,
1787 5743 2055 5803 captaque

491 5815 635 5888 Tyro,
666 5828 856 5874 contra
890 5820 1084 5874 urbem
1116 5819 1509 5885 proﬁciscitur.
1535 5821 1606 5875 At
1638 5821 1896 5892 pontifex"
1925 5826 2054 5882 Joa-

503 5925 569 5968 us
599 5911 668 5968 ob
701 5913 846 5982 regis
872 5914 1008 5986 iram
1031 5913 1249 5984 anxius,
1282 5913 1451 5969 Deum
1487 5921 1630 5983 orat,
1664 5931 1733 5970 ne
1785 5920 2050 5990 populum

2160 5476 2289 5514 κους
2318 5459 2532 5530 Δαρείῳ
2574 5458 2760 5511 δοῦναι
2802 5461 3100 5529 φήσαντος,
3148 5460 3224 5530 μὴ
3268 5456 3400 5530 ἆραι
3435 5462 3748 5517 κατάὑτοῦ

2157 5553 2318 5614 ὅπλα,
2345 5553 2442 5605 καὶ
2461 5550 2682 5614 τούτους
2707 5551 2907 5615 ζῶντος
2932 5553 3163 5622 Δαρείου
3194 5554 3269 5624 μὴ
3296 5547 3745 5624 παραϐήσεσθαιο

2155 5645 2387 5716 όργίσθη
2412 5644 2784 5714 Ἀλέξανδρος,
2829 5646 2924 5698 καὶ
2950 5647 3220 5717 ἠπείλησε
3253 5648 3580 5718 στρατεύειν
3602 5647 3745 5703 κατὰ

2155 5741 2253 5809 τῆς
2287 5739 2524 5792 Ἰουδαία
2562 5779 2574 5792 .
2623 5739 2686 5790 Ἀ
2700 5754 2785 5807 ρτι
2819 5738 2877 5791 δὲ
2905 5739 3003 5809 τὴν
3029 5739 3208 5809 Τύρον
3239 5739 3622 5810 παρειληφὼς,
3650 5743 3745 5794 ἐπὶ

2157 5835 2222 5885 τὰ
2259 5831 2612 5900 Ἰεροσόλυμα
2659 5830 2942 5902 ὥρμησεν.
2989 5832 3050 5883 '0
3084 5831 3141 5884 δὲ
3170 5833 3462 5903 ἀρχιερεὺς
3487 5833 3645 5886 Ἰωὰδ
3685 5835 3746 5886 ὲν

2157 5924 2368 5994 ἀγωνίᾳ
2423 5919 2491 5994 ἦν
2529 5923 2618 5977 διὰ
2649 5923 2748 5995 την
2812 5923 2907 5976 τοῦ
2964 5923 3229 5994 βασιλέως
3287 5924 3476 5996 ὀργὴν,
3511 5926 3606 5980 καὶ
3644 5925 3743 5980 τοῦ
