4074 6408
422 359 531 423 363

1694 346 2016 411 JOANNIS
2053 316 2397 410 zonam:

3609 344 3719 414 366

427 463 818 522 historicorum
866 464 954 519 vel
1002 462 1315 536 sapientum
1353 462 1473 534 ejus
1506 460 1878 517 meminisset.
1914 459 2005 517 Cui

2125 460 2317 533 δρειαν
2340 455 2833 533 παραγενομένων,
2862 459 3051 532 καὶτῷ
3084 459 3299 528 βασιλεῖ
3327 460 3425 524 τάς
3447 477 3504 514 τε
3536 461 3719 534 διφθέ-

426 558 743 614 Demetrius
774 555 936 625 dixit,
966 557 1244 612 neminem
1284 554 1457 610 fuisse
1488 570 1684 609 ausum
1715 554 1898 625 legum
1944 554 2003 609 il-

424 651 604 705 larum
657 648 1091 719 descriptionem
1140 647 1462 718 suscipere,
1507 662 1574 702 eo
1609 645 1759 717 quod
1810 644 2013 703 divinae

423 741 557 804 sint,
588 751 645 796 et
674 739 971 795 nonnullos
998 737 1280 794 temerarii
1302 745 1535 793 conatus
1577 753 1770 808 poenas
1793 735 2013 793 dedisse

424 833 694 889 divinitus
721 832 1010 904 irrogatas.
1053 830 1190 886 Nam
1214 830 1636 900 Theopompum
1672 844 1768 884 eas
1803 827 2012 885 descri-

424 938 675 997 pturum.
698 940 889 981 errore
922 923 1124 980 mentis
1155 924 1297 979 ultra
1330 923 1450 978 dies
1484 922 1708 993 triginta
1739 920 1911 978 fuisse
1931 920 2012 976 af-

425 1022 632 1078 fectum
666 1036 681 1078 :
739 1020 901 1090 cujus
941 1016 1199 1072 amentia:
1231 1030 1400 1071 causa
1430 1015 1671 1085 cognita,
1707 1028 1807 1084 per
1832 1013 2010 1069 inter-

424 1114 569 1170 valla
599 1112 779 1168 morbi
812 1111 1060 1181 placasse
1099 1110 1309 1164 Deum:
1351 1122 1416 1164 ac
1450 1106 1665 1162 somnio
1693 1106 2006 1170 monitum,

424 1188 575 1257 illius
625 1200 756 1255 mali
806 1214 1030 1255 causam
1066 1211 1189 1252 esse
1223 1196 1499 1251 curiosam
1554 1210 1743 1250 rerum
1794 1194 2010 1250 divina-

421 1310 546 1350 rum
584 1292 968 1348 tractationem
995 1332 1010 1357 ,
1055 1299 1111 1345 et
1150 1287 1398 1360 profanis
1431 1287 1752 1343 hominibus
1780 1301 1878 1344 eas
1915 1288 2007 1343 in-

420 1388 682 1459 vulgandi
732 1384 976 1439 studium
1009 1422 1024 1448 ,
1066 1381 1276 1436 omisso
1314 1395 1382 1436 eo
1423 1395 1633 1451 opere,
1696 1380 1765 1435 ad
1815 1396 2006 1436 sanam

421 1489 665 1535 tuentem
702 1490 984 1531 reversum
1021 1489 1166 1529 esse.
1204 1472 1564 1529 Theodocten
1603 1487 1827 1544 quoque
1871 1488 2008 1543 poe-

420 1581 530 1623 tam
579 1568 850 1639 lragicum
920 1567 973 1619 in
1012 1565 1196 1620 fabula
1245 1563 1485 1635 quadam
1533 1578 1820 1620 sacrarum
1860 1563 2012 1620 litte-

417 1676 607 1715 rarum
644 1659 982 1713 mentionem
1028 1656 1306 1711 facturum
1334 1697 1350 1723 ,
1381 1672 1448 1711 ex
1487 1654 1781 1712 oculorum
1817 1655 2009 1713 dolore

416 1763 679 1809 creatum
714 1768 731 1813 ;
773 1764 1054 1819 causaque
1089 1748 1332 1819 cognita,
1385 1755 1616 1805 exorato
1643 1748 1779 1815 Deo,
1825 1748 2008 1805 visum

415 1845 712 1917 recepisse.
745 1842 865 1898 Rex
904 1841 1079 1897 libros
1105 1849 1364 1911 acceptos
1399 1839 1656 1895 adoravit
1691 1858 1706 1896 :
1751 1849 1810 1896 et
1860 1841 2013 1897 viros

415 1933 1233 2000 muniﬁcentissime'donatos,
1270 1931 1520 1988 donariis
1544 1931 1776 2003 templo,
1801 1940 1860 1988 et
1885 1932 2010 2004 pul-

417 2030 712 2087 cherrimis
773 2027 1102 2082 muneribus
1156 2024 1405 2097 pontiﬁci
1466 2024 1701 2093 missis,
1746 2025 2009 2082 Hieroso-

416 2109 563 2198 lyma
615 2121 852 2177 remisit.
882 2122 959 2174 Ac
989 2116 1295 2174 Hebraicas
1338 2117 1648 2188 scripturas
1689 2117 1798 2173 hoc
1838 2117 2005 2173 modo

416 2216 589 2273 fuisse
629 2227 926 2271 conversas
973 2209 1253 2280 Iosephus
1287 2208 1475 2265 tradit.
1513 2209 1626 2265 Alii
1659 2224 1794 2266 vero
1818 2217 2010 2266 aucto-

416 2348 510 2390 res
555 2338 687 2388 sunt
724 2330 1058 2399 interpretes
1112 2340 1225 2381 non
1279 2341 1391 2382 uno
1444 2325 1501 2380 in
1544 2326 1669 2382 loco
1709 2339 2011 2397 congrega-

419 2437 508 2485 tos
569 2423 923 2481 conversioni
975 2436 1240 2483 vacasse.
1291 2419 1389 2477 sed
1436 2419 1599 2476 binos
1669 2418 1844 2476 fuisse
1893 2418 2010 2475 dis-

416 2517 676 2580 tributos,
719 2523 778 2569 et
821 2514 876 2568 in
917 2510 1294 2583 peculiaribus
1341 2509 1703 2567 conclavibus
1746 2525 1849 2566 suo
1887 2526 2010 2565 mu-

422 2623 556 2663 nere
580 2606 823 2670 functos,
857 2603 1119 2673 ﬁnitaque
1154 2602 1614 2672 interpretatione
1643 2604 2005 2672 convenisse;

415 2708 474 2755 et
503 2699 849 2769 singulorum
890 2695 1228 2765 scripturam
1254 2692 1549 2748 collatione
1572 2693 1713 2749 facta
1745 2709 1873 2749 cum
1896 2709 2005 2751 ca:-

416 2792 577 2855 teris,
598 2804 780 2860 neque
816 2786 1108 2843 sententiis
1143 2802 1324 2856 neque
1359 2786 1546 2842 verbis
1575 2786 2005 2859 discrepantem,

2113 573 2217 627 ρας
2247 557 2477 627 χρυσοῖς
2506 554 2807 625 γράμμασι
2825 555 2920 606 τὸν
2943 555 3111 625 νόμον
3135 554 3369 625 ἐχούσας
3396 555 3719 627 ἐγγεγραμ-

2116 654 2304 724 μένον,
2339 652 2434 704 κα¹ι
2480 652 2549 704 τὰ
2577 651 2731 717 παρά
2780 650 2877 704 τοῦ
2908 650 3217 723 ἀρχιερέως
3254 650 3409 721 αύτῷ
3444 651 3716 708 σταλέντα

2112 740 2266 825 δξῦρα
2296 744 2848 815 προσκεκομικότων,
2879 742 2908 795 ὁ
2945 742 3206 814 βασιλεὺς
3236 742 3384 814 ἥσθη
3423 744 3717 815 διαφερόνο

2111 855 2245 905 τως,
2290 840 2388 891 καὶ
2432 839 2724 907 ἠσπάσατο
2773 838 2902 898 τοὺς
2943 835 3173 906 ἀνδρας,
3206 839 3301 889 καὶ
3358 838 3715 909 συνειστιάθη

2113 930 2322 995 αὐτοῖς,
2359 932 2453 983 καὶ
2482 928 2588 983 ἀνά
2637 929 2766 1001 τρία
2815 928 3022 982 δέδωκε
3052 928 3319 993 τάλαντα,
3347 929 3443 983 καὶ
3468 930 3718 984 καταλύ-

2114 1039 2231 1086 σεις
2264 1022 2452 1087 αὐτοῖς
2502 1022 2775 1093 ἡτοίμασε
2828 1019 3162 1084 καλλίστας’
3221 1018 3342 1074 εἶτα
3373 1023 3717 1094 παραλαϐὼν

2113 1113 2316 1179 αὐτοὺς
2353 1114 2383 1171 ὁ
2410 1113 2755 1191 Δημήτριος,
2788 1112 2886 1165 καὶ
2926 1113 3018 1175 *είς
3071 1110 3169 1166 ἕνα
3199 1106 3351 1165 οἶκον
3401 1112 3717 1184 ἀπαγαγὼν

2113 1208 2348 1281 ἤρεμον,
2408 1206 2575 1280 ἔργου
2609 1205 2835 1277 ἔχεσθαι
2883 1203 3215 1277 παρεκάλει.
3272 1205 3337 1259 Ol
3382 1206 3439 1260 δὲ
3469 1207 3546 1273 ὼς
3582 1208 3716 1280 ἐνῆν

2114 1302 2421 1372 φιλοτίμως
2477 1301 2686 1373 ἀκριϐῆ
2742 1303 2842 1374 τὴν
2875 1301 3181 1374 ἑρμηνείαν
3231 1300 3500 1358 ἐτίθεντο.
3528 1301 3637 1356 Τοῦ
3669 1304 3719 1357 δ’

2112 1395 2279 1466 ἔργου
2309 1396 2368 1449 ὲν
2404 1393 2785 1466 ἑϐδομήκοντα
2817 1394 2914 1450 καὶ
2939 1394 3087 1448 δυεῖν
3116 1393 3362 1465 ἡμέραιν
3385 1394 3719 1465 τετελεσμέ-

2113 1504 2232 1554 νου,
2255 1487 2353 1541 καὶ
2377 1487 2490 1541 τῶν
2523 1489 2993 1559 μεταγραφέντων
3019 1487 3490 1556 ἀναγνωσθέντων
3519 1488 3594 1558 τῷ
3627 1488 3721 1559 βα-

2115 1580 2278 1646 σιλεῖ,
2307 1582 2521 1643 ἐκεῖνος
2548 1579 2646 1634 καὶ
2682 1579 2930 1652 ἔχαιρεν,
2955 1581 3040 1634 ὃτι
3065 1582 3145 1644 είς
3180 1579 3344 1651 ἔργον
3375 1582 3545 1635 αὐτοῦ
3579 1599 3719 1654 προ·

2114 1671 2261 1745 ήχθη
2292 1670 2354 1726 τδ
2391 1670 2671 1744 βούλημα,
2727 1672 2826 1726 καὶ
2871 1671 2972 1744 τὴν
2999 1670 3249 1727 διάνοιαν
3279 1672 3388 1742 ,τοῦ
3418 1674 3720 1745 νομοθέτου

2114 1766 2212 1820 καὶ
2243 1764 2347 1836 τὴν
2374 1763 2572 1836 σοφίαν
2596 1762 3029 1837 ὑπερεθαύμαζε
3056 1779 3070 1794 °
3103 1762 3200 1819 καί¹
3226 1764 3447 1837 ηπόρει,
3479 1765 3598 1830 πῶς
3625 1766 3720 1819 οὐ·

2114 1860 2227 1925 δαὶς
2244 1860 2369 1916 οὔτε
2394 1861 2504 1916 τῶν
2531 1859 2829 1931 ἱστορικῶν
2845 1857 2970 1913 οὔτε
2990 1857 3099 1915 τῶν
3120 1859 3300 1915 ἀλλων
3333 1858 3514 1929 σοφῶν
3542 1860 3719 1932 αὐτῆς

2118 1952 2464 2026 ἐπεμνήσθη.
2524 1953 2673 2025 Ἔφη
2724 1953 2783 2007 δὲ
2841 1951 2992 2024 αύτῷ
3053 1954 3080 2006 ό
3140 1952 3459 2024 Δημήτριος
3508 1953 3720 2022 μηδένα

2116 2047 2392 2119 τολμῆσαι
2449 2045 2549 2116 τῆς
2600 2045 2713 2099 τῶν
2740 2044 2924 2116 νόμων
2962 2043 3171 2099 τούτων
3204 2044 3539 2116 ἀναγραφῆς
3573 2045 3722 2114 ἄψα-

2119 2140 2265 2204 σθαι,
2303 2139 2394 2193 διά
2419 2139 2479 2192 τὸ
2510 2138 2665 2192 θείαν
2692 2139 2867 2209 αὐτὴν
2896 2132 3041 2193 εἶναι
3064 2152 3079 2168 ⁶
3108 2138 3205 2193 καὶ
3235 2139 3316 2193 ὅτι
3347 2137 3497 2201 τινὲς
3531 2138 3719 2208 ἐγχει-

2120 2236 2389 2307 ρήσαντες
2417 2230 2652 2298 τούτοις,
2680 2231 2994 2302 ἐϐλάϐησαν
3025 2230 3131 2285 ὑπὸ
3154 2231 3248 2285 τοῦ
3277 2229 3439 2287 Θεοῦ.
3463 2231 3720 2301 Θεόπεμ-

2114 2344 2250 2393 πτος
2295 2326 2427 2399 γὰρ,
2485 2324 2773 2398 βουληθεὶς
2826 2325 2958 2398 περὶ
3015 2324 3226 2380 τούτων
3261 2323 3716 2394 συγγράψασθαι,

2112 2419 2320 2491 ὶϐλάϐη
2357 2417 2457 2483 τὰς
2499 2418 2705 2490 φρένας
2732 2418 2818 2487 ἐφ’
2865 2416 3107 2489 ἡμέραις
3163 2416 3385 2473 πλείοσι
3415 2417 3525 2470 τῶν
3560 2417 3718 2486 τριά-

2111 2528 2308 2567 κοντα*
2334 2511 2434 2566 καὶ
2459 2513 2637 2575 συνεὶς
2663 2510 2786 2564 ὅθεν
2809 2510 2961 2584 αὐτῷ
2986 2511 3019 2582 ή
3046 2509 3448 2581 παραφροσύνη
3470 2510 3714 2578 ἐγένετο,

2111 2606 2170 2658 έν
2194 2605 2309 2670 τοῖς
2345 2604 2744 2674 διαλείμμασιν
2767 2602 3092 2670 ἐξιλάσκετο
3118 2602 3211 2657 τὸν
3246 2602 3404 2657 Θεόν.
3441 2603 3617 2673 Ὄναρ
3649 2618 3713 2655 τε

2113 2693 2275 2758 εἶδεν,
2326 2695 2404 2759 ὡς
2438 2696 2591 2766 αὐτῷ
2620 2695 2682 2748 τὸ
2713 2695 2887 2757 πάθος
2951 2693 3298 2767 συμϐέϐηκε,
3342 2692 3716 2765 περιεργαζο-

2119 2791 2268 2861 μένῳ
2301 2786 2369 2841 τά
2395 2786 2538 2851 θεῖα,
2589 2786 2687 2840 καὶ
2719 2788 2799 2848 εἰς
2827 2789 3044 2850 κοινοὺς
3099 2785 3425 2857 ἀνθρώπους
3451 2785 3715 2855 ἐκφέρειν

416 2897 516 2952 per
566 2881 752 2936 omnia
806 2878 1176 2935 consensisse.
1226 2879 1304 2933 Ac
1353 2878 1831 2949 interpretationis
1867 2880 2005 2937 ratio

2116 2881 2294 2935 ταῦτα
2316 2879 2632 2949 θελήσαντι.
2680 2877 3087 2950 Ἀποσχόμενος
3113 2876 3206 2931 οῦν
3237 2876 3333 2931 τοῦ
3364 2877 3551 2949 ἔργου,
3579 2891 3714 2928 κατ-

414 2974 519 3029 sub
538 2971 829 3027 Ptolemaeo
846 2966 1207 3038 Philadelpho
1237 2967 1355 3023 sive
1393 2967 1532 3035 haec,
1553 2967 1669 3025 sive
1695 2968 1786 3023 illa
1813 2968 1939 3025 fuit.

2119 2974 2252 3044 έστη
2307 2973 2401 3026 τὸν
2452 2971 2601 3026 νοῦν.
2641 2971 2805 3024 Ἀλλά
2834 2968 2929 3025 καὶ
2977 2970 3297 3038 Θεόδεκτος,
3331 2965 3509 3033 εἶπεν,
3540 2970 3568 3023 ὁ
3599 2968 3713 3020 τῶν

414 3064 746 3137 τραγῳδιῶν
795 3061 1052 3134 ποιητὴς,
1084 3060 1256 3116 θέλων
1285 3062 1344 3117 ἒν
1390 3078 1499 3116 τινι
1526 3060 1771 3134 δράματι
1835 3063 1948 3118 τῶν
2010 3068 2068 3120 ὲν
2108 3070 2177 3140 τῇ
2203 3067 2324 3140 ἱερᾷ
2360 3067 2530 3139 βίϐλῳ
2557 3066 2968 3140 γεγραμμένων
2993 3066 3329 3138 μνησθῆναι,
3363 3067 3615 3135 ἀλγήσας
3638 3065 3709 3118 τὰ

413 3157 642 3227 ῦμματα
702 3151 1005 3224 ἐπηρώθη·
1066 3152 1163 3206 καὶ
1191 3151 1253 3205 τὸ
1299 3154 1475 3208 αῐτιον
1497 3155 1685 3222 γνοὺς,
1708 3155 2004 3228 ἀπηλλάγη
2045 3157 2146 3227 τῆς
2200 3161 2514 3231 συμφορᾶς,
2559 3157 2774 3230 δεηθεὶς
2830 3157 2927 3211 τοῦ
2963 3157 3126 3215 Θεοῦ.
3181 3156 3379 3211 Λαϐὼν
3445 3157 3540 3210 οὖν
3607 3161 3710 3219 τὰς

414 3250 637 3322 βίϐλους
690 3249 719 3301 ὁ
778 3245 1060 3319 βασιλεὺς,
1092 3249 1188 3301 καὶ
1239 3249 1630 3321 προσκυνήσας
1655 3249 1876 3319 αὑταῖς,
1905 3255 2001 3305 καὶ
2041 3253 2441 3325 δωρησάμενος
2470 3253 2585 3316 τοῖς
2645 3252 2878 3323 ἀνδράσι
2940 3252 3361 3325 φιλοτιμότατα,
3385 3253 3482 3307 καὶ
3506 3251 3712 3323 suos-

410 3363 570 3421 ματα
603 3344 822 3409 στείλας
878 3346 936 3398 ὲν
991 3343 1071 3413 τῷ
1101 3343 1238 3413 ναῷ,
1298 3346 1398 3399 καὶ
1431 3344 1585 3418 δῶρα
1633 3346 1906 3402 κάλλιστα
1928 3348 2007 3421 τῷ
2041 3351 2316 3422 ἀρχιερεῖ,
2355 3348 2681 3403 ἐπανελθεῖν
2743 3349 2962 3420 ἀφῆκεν
3022 3349 3107 3413 είς
3144 3346 3526 3418 Ἰερουσαλήμ.
3550 3347 3711 3402 υῦτω

412 3441 519 3514 μὲν
544 3440 644 3512 τὴν
666 3436 968 3510 ἑρμηνείαν
995 3437 1106 3491 τῶν
1145 3437 1459 3510 Ἑϐραϊκῶν
1486 3439 1725 3511 Γραφῶν
1748 3443 2005 3510 γενέσθαι
2048 3443 2338 3515 ἱστόρησεν
2405 3445 2433 3497 ὁ
2475 3440 2784 3515 Ἰώσηποςο
2835 3441 3017 3516 ἕτεροι
3087 3441 3145 3495 δὲ
3200 3441 3275 3513 μὴ
3324 3440 3461 3511 ὁμοῦ
3519 3441 3710 3494 συνελ-

408 3538 611 3598 θόντας
638 3534 774 3603 φασὶ
800 3535 927 3597 τοὺς
955 3534 1221 3605 ἑρμηνεῖς
1265 3530 1374 3586 τῶν
1400 3532 1649 3604 ,Γραφῶν
1674 3533 2014 3605 ποιήσασθαι
2052 3538 2154 3606 τὴν
2225 3538 2612 3609 παράφρασιν,
2638 3534 2755 3591 ἀλλ’
2790 3536 2899 3592 ἀνά
2956 3535 3070 3589 δύω
3106 3534 3451 3607 διαιρεθῆναι
3484 3535 3706 3603 αὐτοὺς,

408 3630 508 3685 καὶ
535 3630 594 3683 εν
618 3625 950 3692 ἰδιαζούσαις
987 3626 1223 3689 διαίταις
1251 3623 1415 3690 ὄντας
1448 3624 1705 3679 ἐκθέσθαι
1728 3628 1833 3695 τὴν
1893 3627 2194 3700 ἑρμηνείαν
2219 3644 2235 3659 θ
2270 3631 2367 3684 καὶ
2420 3630 2564 3702 μετά
2592 3629 2652 3685 τδ
2714 3630 2868 3694 τέλος
2896 3628 3035 3700 ὁμοῦ
3087 3628 3390 3691 συνελθεῖν,
3458 3630 3556 3682 καὶ
3606 3631 3709 3692 τὰς
3780 3682 3785 3685 .

407 3724 661 3780 ἑκάστων
703 3718 1056 3792 συγγραφὰς,
1109 3718 1569 3792 παραϐληθείσας
1632 3719 1919 3792 ἀλλήλαις,
1984 3721 2284 3793 εὑρεθῆναι
2346 3724 2487 3795 μήτε
2518 3722 2666 3779 κατά
2715 3723 2865 3787 νοῦν,
2907 3721 3048 3793 μήτε
3078 3722 3185 3792 μὴν
3217 3721 3361 3775 κατά
3387 3720 3562 3785 λέξεις
3586 3719 3708 3774 δια-

409 3813 722 3889 φωνούσας,
761 3811 902 3869 ἀλλά
937 3811 1264 3884 συμφώνους
1300 3813 1359 3868 ὲν
1392 3810 1625 3869 ἀπασιν.
1678 3813 1747 3868 Ἦ
1811 3814 1916 3887 μὲν
1976 3812 2073 3869 οῦν
2111 3815 2386 3888 ἑρμηνεία
2428 3817 2524 3870 ἐπὶ
2567 3815 2911 3887 Πτολεμαίου
2950 3810 3049 3868 τοῦ
3096 3812 3430 3885 Φιλαδέλφου
3464 3813 3640 3877 οὕτως
3668 3813 3706 3885 ἢ

406 3910 637 3974 ἐκείνως
666 3906 909 3977 ἐγένετο.

479 4004 650 4064 XVII.
676 4002 857 4061 Judaei
892 4010 1079 4059 autem
1113 4000 1392 4058 Antiocho
1426 4001 1623 4074 Magno
1655 4002 1800 4059 Asiae
1824 4002 2002 4074 impe-

2178 3998 2280 4054 lZ'.
2319 3998 2385 4052 Οί
2417 3996 2476 4052 δὲ
2508 3995 2780 4063 Ἰουδαῖοι,
2838 3995 3119 4069 Ἀντιόχου
3151 3996 3249 4051 τοῦ
3300 3998 3540 4068 μεγάλου
3591 3997 3712 4072 (29)

408 4106 592 4165 rante,
615 4105 673 4155 et
696 4111 824 4152 cum
866 4095 1152 4167 Eupatore
1172 4094 1470 4151 Ptolemaeo
1496 4103 1554 4151 et
1578 4094 1700 4167 ejus
1735 4093 1848 4151 ﬁlio
1874 4094 2004 4151 Pto-

408 4189 606 4245 lemaeo
638 4185 930 4258 Epiphane
972 4184 1180 4241 bellum
1218 4196 1467 4257 gerente,
1497 4185 1740 4257 graviter
1764 4193 1896 4242 sunt
1920 4185 2004 4241 af-

410 4279 568 4346 ﬂicti,
613 4293 785 4350 seque
830 4292 957 4335 cum
1006 4276 1286 4334 Antiocho
1317 4277 1529 4333 victore
1567 4277 2000 4349 conjunxerunt.

404 4360 516 4425 Sed
543 4384 671 4425 cum
717 4368 1048 4424 Ptolemaeus
1100 4368 1422 4439 Epiphanes
1458 4369 1618 4439 201
1663 4380 1788 4439 post
1828 4370 2003 4439 patris

406 4464 646 4528 obitum,
694 4460 1018 4533 ingentibus
1051 4460 1231 4530 copiis
1270 4460 1326 4515 in
1371 4459 1734 4532 Coelesyriam
1775 4460 1997 4528 missis,

409 4555 613 4609 multas
646 4552 818 4608 urbes
845 4551 1202 4623 subegisset,
1250 4551 1399 4607 bello
1434 4561 1668 4622 urgente
1714 4561 1901 4622 partes
1940 4553 2003 4608 il-

407 4647 521 4701 lius
574 4642 775 4710 secuti,
825 4644 895 4699 ad
930 4641 1271 4698 Antiochum
1312 4657 1510 4698 rursus
1546 4642 1817 4699 victorem
1851 4643 2000 4698 ultro

407 4735 778 4803 transierunt,
819 4735 986 4806 eique
1009 4733 1258 4790 amicitia
1296 4733 1434 4789 inita
1459 4735 1515 4791 in
1542 4735 1739 4791 urbem
1773 4743 1999 4807 recepto

407 4829 732 4901 adjumento
791 4827 1021 4884 fuerunt
1084 4826 1155 4882 ad
1205 4826 1490 4884 Ptolemaei
1558 4827 1880 4899 praesidium
1941 4829 1999 4885 in

407 4934 536 4975 arce
569 4917 964 4975 obsidendum.
1018 4915 1229 4974 Deinde
1259 4933 1395 4989 pace
1422 4929 1480 4975 et
1508 4918 1774 4977 allinitate
1802 4922 1999 4979 Antio-

408 5012 549 5066 chus
579 5025 708 5066 cum
738 5009 1035 5066 Ptolemaeo
1068 5009 1297 5082 juncta,
1339 5009 1506 5067 ﬁliam
1556 5011 1607 5066 ei
1654 5011 1999 5084 Cleopatram

405 5101 738 5173 despondet,
787 5101 906 5159 doti
952 5100 1085 5156 data
1114 5100 1436 5174 leesyria,
1468 5103 1773 5171 Phoenicia,
1810 5104 1999 5162 Iudaea

404 5207 460 5249 et
485 5195 758 5252 Samaria.
817 5195 944 5250 Haec
966 5193 1106 5251 Onia
1144 5193 1403 5264 pontiﬁce
1442 5196 1765 5253 acciderunt
1804 5217 1818 5254 :
1871 5215 1998 5255 nam

406 5289 671 5345 Eleazaro
696 5288 963 5345 defuncto
988 5288 1260 5344 successit
1290 5296 1524 5359 patruus
1553 5289 1850 5357 Manasses,
1874 5303 2000 5362 post

2115 4088 2497 4163 βασιλεύοντος
2546 4088 2650 4159 τῆς
2678 4088 2895 4156 Ἀσίας,
2944 4091 3042 4144 καὶ
3090 4091 3405 4162 μαχομένου
3445 4092 3581 4161 πρδς
3612 4093 3709 4145 τὸν

2112 4184 2415 4254 Εὐπάτορα
2474 4181 2836 4253 Πτολεμαῖον,
2896 4182 2993 4236 καὶ
3027 4184 3169 4252 πρὸς
3201 4181 3295 4236 τὸν
3343 4178 3557 4236 ἐκείνου
3588 4185 3709 4238 υἱὸν

2111 4276 2202 4330 τὸν
2258 4275 2535 4346 Ἐπιφανῆ
2570 4273 2939 4344 Πτολεμαῖον,
3008 4273 3260 4344 σφοδρῶς
3314 4275 3702 4346 ἐκακώθησαν.

2110 4366 2361 4437 Νικήσας
2389 4364 2447 4418 δὲ
2477 4364 2507 4417 ὁ
2555 4363 2854 4434 Ἀντίοχος,
2886 4364 2987 4435 τὴν
3023 4363 3287 4418 Ἰουδαίαν
3337 4366 3701 4435 προσάγεται.

2109 4459 2216 4513 Τοῦ
2257 4456 2304 4512 δ’
2363 4456 2704 4527 Ἐπιφανοῦς
2767 4455 3114 4526 Πτολεμαίου
3170 4457 3310 4527 μετά
3340 4458 3408 4512 θά
3442 4475 3571 4511 ατον
3606 4459 3703 4513 τοῦ

2109 4547 2318 4619 πατρὸς
2343 4545 2513 4600 αὐτοῦ
2553 4547 2648 4599 ἐπὶ
2675 4546 2777 4616 τὴν
2800 4544 3007 4616 Κοίλην
3047 4545 3253 4616 Συρίαν
3280 4546 3527 4617 μεγάλην
3558 4549 3706 4600 στεί-

2096 4640 2299 4703 λαντος
2332 4638 2592 4708 δύναμιν,
2616 4641 2712 4692 καὶ
2750 4637 2954 4701 πολλὰς
2983 4636 3245 4700 λαϐόντος
3280 4637 3488 4701 πόλεις,
3515 4640 3610 4692 καὶ
3640 4640 3703 4692 τὸ

2107 4739 2219 4795 τῶν
2276 4737 2551 4792 Ἰουδαίων
2602 4736 2756 4800 ἔθνος
2812 4734 3229 4806 πολεμούμενον
3295 4733 3595 4806 προσέθ;το
3622 4731 3703 4802 τῷ

2120 4832 2434 4900 Ἐπιφανεῖ.
2479 4825 2648 4893 Αὖθις
2671 4830 2731 4883 δὲ
2756 4828 2852 4882 τοῦ
2878 4829 3156 4898 Ἀντιόχου
3177 4829 3520 4901 νικήσαντος,
3542 4828 3701 4878 ἐλαυ-

2110 4927 2241 4988 σίως
2279 4924 2531 4978 Ἰουδαῖοι
2563 4921 2703 4996 πρὸς
2727 4925 2895 4978 αύτζν
2930 4920 3332 4994 μετετέθησαν,
3365 4921 3463 4974 καὶ
3496 4921 3578 4982 είς
3600 4921 3711 4989 τὴνς

2109 5018 2266 5073 πόλιν
2300 5016 2467 5070 αὐτὸν
2496 5016 2865 5082 εἰσεδέξαντο,
2923 5014 3021 5069 καὶ
3047 5015 3176 5077 τοὺς
3211 5016 3271 5066 έν
3300 5015 3367 5085 τῇ
3399 5011 3701 5084 ἀκροπόλει

2109 5110 2490 5179 φυλάσσοντας
2542 5106 2642 5161 τοῦ
2692 5107 3038 5178 Πτολεμαίου
3094 5104 3442 5177 στρατιώτας
3473 5106 3702 5175 πολιορ-

2108 5202 2295 5257 κοῦντι
2354 5203 2769 5273 συνεμάχησαν.
2817 5200 3137 5255 Κάντεῦθεν
3185 5200 3364 5268 φίλιον
3421 5198 3573 5268 αὐτῷ
3622 5196 3702 5259 ,τδ

2108 5294 2261 5359 ἔθνος
2302 5295 2542 5363 ἐγένετο.
2604 5290 2738 5347 Εἶτα
2775 5292 3071 5348 σπένδεται
3111 5294 3212 5365 μὲν
3252 5291 3334 5362 τῷ
3370 5292 3698 5362 Πτολεμαίῳ

406 5398 570 5451 quem
622 5381 982 5452 pontiﬁcatus
1040 5381 1098 5437 in
1157 5381 1354 5439 Oniam
1395 5392 1482 5438 est
1523 5384 1776 5450 collatus,
1817 5384 1996 5441 Simo-

2115 5388 2406 5457 Ἀντίοχος,
2438 5389 2532 5442 καὶ
2559 5387 2722 5457 κῆδσς
2753 5388 2965 5440 τίθεται
2997 5387 3135 5457 πρὸς
3163 5386 3355 5448 αὑτὸν,
3389 5386 3489 5455 τὴν
3523 5384 3699 5452 θυγα-

408 5476 493 5528 nis
521 5476 664 5531 Justi
698 5475 893 5531 ﬁlium.
929 5476 1122 5534 Simon
1157 5490 1328 5546 porro
1365 5475 1613 5533 Eleazari
1652 5477 1826 5534 frater
1856 5478 1998 5544 fuit,

2106 5483 2241 5553 τέρα
2269 5481 2395 5545 δοὺς
2445 5480 2598 5552 αὐτῷ
2628 5480 2987 5552 Κλεοπάτραν
3006 5496 3024 5513 ο
3059 5480 3153 5534 καὶ
3184 5480 3269 5542 είς
3316 5479 3525 5550 φερνὴν
3556 5494 3700 5549 παρ-

1577 5623 1778 5684 Varize
1826 5622 2134 5687 lectiones
2184 5633 2246 5687 et
2284 5633 2475 5688 notm.

481 5744 595 5813 (“29)
638 5745 946 5827 ‘Arngzoy
971 5744 1086 5827 τοῦ
1131 5744 1427 5827 μεγάλου.
1460 5745 1630 5827 cujus
1671 5762 1761 5802 res
1786 5759 1989 5827 gestas,

2101 5751 2412 5820 equitatum
2462 5765 2588 5806 cum
2640 5747 2950 5819 elephantis
2999 5747 3384 5821 proﬂigarunt,
3418 5757 3480 5821 _u_t
3516 5756 3602 5803 est
3634 5747 3693 5804 in

411 5824 461 5867 et
482 5831 716 5883 pugnam
739 5819 864 5881 cuiu
888 5815 1096 5871 Galatia
1122 5816 1193 5870 ab
1219 5831 1287 5871 eo
1309 5815 1686 5883 commissam,
1722 5815 1845 5875 cum
1869 5821 1990 5888 ejus
2102 5815 2274 5877 laniis
2296 5836 2428 5878 mss.
2456 5815 3038 5892 Eudociaa'Augustu‘,
3065 5815 3299 5891 et'apud
3335 5818 3563 5875 Suidam
