4074 6394
401 399 515 461 3135

1670 389 2079 456 ANNALIUM
2120 391 2270 454 LIB.
2311 392 2409 456 IV.

3579 401 3689 462 θος

401 521 525 581 rex:
563 510 665 581 τήν
689 526 747 562 τε
786 509 989 580 Κοίλην
1015 507 1240 578 Συρίαν,
1278 505 1371 561 καὶ
1403 502 1680 576 ⁶ἳ¹οινίκην,
1718 505 1816 560 καὶ
1862 505 1998 560 ’1ουο

2103 513 2164 558 ut
2194 511 2280 560 est
2311 503 2646 576 expositum.
2672 503 2727 562 ls
2757 503 2925 578 igitur
2957 504 3130 564 Onias
3162 522 3229 564 ex
3257 509 3488 566 avaritia
3509 521 3567 567 et
3601 511 3688 566 in-

397 605 576 664 δαίαν,
611 603 749 656 ἀλλὰ
810 602 919 670 μὴν
952 601 1046 654 καὶ
1077 601 1423 671 Σαμάρειαν.
1486 597 1677 653 Ταῦτα
1700 597 1757 652 δὲ
1789 599 1994 669 συνέϐη

397 697 488 748 ἐπὶ
519 694 826 765 ἀρχιερέως
871 692 1072 748 Ὀνίου.
1130 693 1238 748 Τὸν
1269 691 1382 764 γὰρ
1447 692 1716 764 Ἐλεάζαρ
1760 691 1996 748 θανόντα

399 789 429 840 ό
455 787 598 850 θεῖος
627 785 802 840 αὐτοῦ
831 784 1110 854 διεδέξατο
1145 785 1470 854 Μανασσῆς.
1505 783 1647 839 Μεθ’
1669 784 1732 838 δν
1757 784 1862 856 τῆς
1889 787 1995 859 ἁρ-

400 879 746 951 χιερωσύνης
807 878 993 942 Ὀνίας
1032 875 1254 947 ἠξίωτο,
1319 877 1568 946 Σίμωνος
1618 877 1697 933 ὢν
1754 879 1870 945 υίδς
1898 879 1996 936 τοῦ

399 970 647 1024 Atinios.
710 969 896 1038 Σίμων
951 968 1010 1023 δὲ
1063 967 1158 1022 τοῦ
1203 968 1472 1042 Ἐλεάζαρ
1505 965 1574 1040 ἦν
1635 970 1888 1043 ἁδελφὸς,
1918 971 1996 1038 ὡς

400 1061 709 1134 ἱστόρηται.
727 1060 786 1116 Ὀ
809 1058 942 1129 γοῦν
963 1059 1257 1133 εἰρημένος
1295 1061 1498 1127 Ὀνίας,
1531 1060 1620 1116 διὰ
1648 1063 1997 1135 φιλοχρημα-

397 1157 520 1209 τίαν
560 1157 656 1210 καλ⁵
685 1154 930 1219 διανοίας
955 1155 1246 1210 ἀσθένειαν
1295 1154 1372 1226 μὴ
1401 1155 1528 1220 δοὺς
1553 1156 1634 1228 τῷ
1671 1159 1996 1230 Πτολεμαίῳ
2023 1183 2032 1187 ·

397 1250 487 1299 τὸν
513 1246 720 1317 δασμὸν
757 1246 849 1299 τὸν
887 1247 1127 1317 ἐτήσιον,
1164 1245 1226 1298 δν
1274 1247 1325 1300 οῖ
1363 1247 1474 1319 πρὸ
1500 1247 1670 1302 αὐτοῦ
1699 1251 1813 1312 τοῖς
1841 1249 1998 1321 βασι-

399 1336 584 1390 λεῦσιν
635 1336 1073 1408 ὲδασμοφόρουν,
1137 1336 1400 1410 ἠρέθισεν
1440 1338 1605 1393 αὑτὸν
1646 1341 1729 1406 είς
1783 1340 1993 1414 ὀργήν·

399 1429 628 1499 πέμψας
649 1427 744 1485 οὖν
771 1431 800 1484 ό
831 1429 1193 1502 Πτολεμαῖος,
1229 1428 1448 1501 ἠπείλει
1475 1431 1668 1497 κακῶς
1707 1432 1997 1505 διαθήσειν

398 1522 496 1575 καὶ
524 1521 587 1574 τὸ
613 1521 771 1586 ἔθνος
803 1521 901 1576 καὶ
938 1521 1038 1596 τὴν
1069 1525 1248 1581 πόλιν.
1294 1527 1354 1582 ⁸0
1387 1528 1446 1582 δὲ
1494 1526 1792 1600 ἀρχιερεὺς
1821 1527 1998 1599 ἡττώ-

401 1632 563 1684 μενος
605 1615 914 1688 χρημάτων
961 1617 1328 1684 ἀδυσώπητος
1376 1616 1469 1693 ἦν.
1516 1619 1717 1693 Ἰωσὴφ
1769 1620 1826 1675 δὲ
1881 1619 1997 1686 υίδς

397 1703 635 1770 Τωσίου,
679 1705 776 1760 τοῦ
803 1707 851 1761 δ’
879 1707 1189 1780 ἀρχιερέως
1237 1711 1578 1784 ἀδελφιδοῦς,
1613 1712 1870 1786 ἠρώτησε
1903 1713 1996 1769 τὸν

399 1796 566 1863 θεῖον,
595 1801 648 1852 εί
695 1798 915 1854 δίδωσιν
941 1801 1096 1876 αὐτῷ
1123 1804 1262 1875 πρὸς
1317 1807 1417 1860 τον
1477 1805 1820 1878 Πτολεμαῖον
1865 1824 1995 1878 πρε-

2097 595 2246 664 genii
2279 595 2664 652 imbecillitate
2697 613 2810 652 non
2858 597 2991 653 dato
3021 598 3232 654 tributo
3261 616 3468 668 annuo,
3521 617 3690 674 quem

2097 689 2222 758 ejus
2277 689 2602 746 decessorcs
2656 690 2882 762 regibus
2935 691 3182 762 pendere
3230 695 3380 749 soliti
3442 695 3690 762 fuerant,

2097 781 2380 838 Ptolemaei
2408 791 2601 838 contra
2632 797 2690 838 se
2713 783 3062 839 iracundiam
3082 785 3404 850 concitavit,
3438 797 3497 842 ut
3521 788 3693 844 misso

2097 873 2341 945 quodam
2367 875 2743 940 minitaretur,
2779 890 2838 931 se
2864 885 2922 932 et
2952 877 3294 947 populumet
3324 879 3518 933 urbem
3550 880 3694 936 male

2097 972 2492 1022 tractaturum.
2527 965 2802 1024 Cancrum
2825 983 2950 1024 cum
2970 968 3217 1039 pontifex
3242 985 3355 1040 prae
3378 986 3568 1026 amere
3600 988 3694 1042 pc-

2096 1051 2440 1114 cuniae'nihil
2471 1059 2539 1114 iis
2566 1060 2734 1116 minis
2767 1070 3107 1119 moveretur.
3139 1072 3195 1117 et
3223 1062 3465 1133 Joseplio
3507 1063 3696 1121 fratris

2095 1149 2183 1206 sui
2225 1150 2415 1207 Tobiie
2465 1151 2582 1208 ﬁlio
2626 1154 2834 1224 petenti
2877 1156 3268 1219 concessisset,
3308 1166 3370 1208 ut
3401 1156 3467 1210 ad
3514 1156 3696 1213 Ptole-

2098 1254 2296 1296 mtcum
2325 1243 2432 1300 iret
2470 1262 2484 1300 :
2519 1245 2612 1300 ille
2647 1244 2790 1313 regis
2833 1245 3073 1316 legatum
3115 1246 3359 1316 hospitio
3403 1248 3694 1319 magnifice

2097 1343 2412 1405 exceptum,
2434 1345 2492 1392 et
2531 1339 2856 1394 muneribus
2883 1338 3144 1409 pretiosis
3181 1339 3446 1395 donatum
3475 1341 3696 1410 praemi-

2096 1425 2191 1491 sit,
2219 1442 2279 1484 se
2299 1439 2738 1488 consecuturum
2763 1430 3068 1502 pollicitus.
3104 1429 3207 1498 Qui
3229 1431 3297 1486 ad
3333 1431 3692 1488 Ptolemaeum

2099 1534 2383 1588 reversus,
2408 1536 2534 1592 quae
2561 1522 2704 1578 facta
2735 1523 2850 1580 sint
2881 1534 3302 1590 commemorat,
3334 1524 3563 1594 Iosephi
3597 1525 3696 1580 bo-

2096 1610 2328 1667 nitatem
2374 1614 2643 1685 exponit:
2688 1629 2964 1685 eumque,
3020 1615 3210 1672 multis
3257 1616 3382 1686 ejus
3435 1615 3694 1672 laudibus

2094 1703 2242 1772 apud
2272 1719 2458 1775 regem
2485 1714 2542 1761 et
2570 1707 2814 1778 reginam
2839 1709 3310 1768 commemoratis.
3334 1709 3574 1781 legatum
3596 1713 3695 1767 ad-

2097 1791 2217 1848 fore
2248 1792 2404 1850 dicit.
2443 1794 2656 1850 Deinde
2681 1811 2808 1851 cum
2831 1795 3108 1868 Iosephus
3137 1797 3346 1868 paratis
3382 1799 3550 1856 rebus
3576 1803 3694 1858 suis

401 1889 658 1946 σᾶεῦσαι.
695 1892 805 1948 Τοῦ
845 1892 904 1947 δὲ
936 1894 1362 1967 ἐπιτρέψαντος,
1413 1897 1510 1953 τὸν
1560 1899 1627 1953 ἑκ
1670 1899 1766 1953 τοῦ
1800 1901 1998 1954 Πτολε-

2100 1882 2488 1941 Alexandriam
2515 1887 2779 1952 venisset,
2805 1902 2870 1944 ac
2897 1888 3257 1944 Ptolemteum
3299 1891 3537 1961 Memphi
3567 1908 3692 1949 esse

399 1984 567 2054 μαίου
602 1985 874 2040 σταλέντα
925 1986 1127 2052 ξενίζει
1176 1989 1578 2061 φιλοτιμότατα
1600 2006 1614 2020 ·
1650 1991 1748 2045 καὶ
1787 1993 1996 2064 δωρεὰς

397 2076 551 2148 αὐτῷ
582 2077 900 2143 πολυτελεῖς
957 2082 1287 2153 παρασχὼν,
1343 2083 1731 2155 προέπεμψεν,
1764 2085 1995 2156 ἕψεσθαι

399 2173 494 2226 καὶ
523 2172 688 2236 αὐτὸς
723 2172 1120 2245 ὑποσχόμενος.
1171 2176 1287 2230 Καὶ
1324 2177 1352 2230 ὁ
1389 2175 1490 2246 μὲν
1547 2175 1826 2246 ἐπανῆλθε
1858 2177 1996 2248 πρὸς

399 2263 740 2333 Πτολεμαῖον
767 2266 837 2320 τὰ
861 2267 1130 2336 γεγονότα
1157 2270 1404 2340 μηνύων,
1433 2270 1530 2326 καὶ
1549 2269 1648 2343 τὴν
1667 2269 1764 2324 τοῦ
1794 2268 1995 2342 Ἰωσὴφ

397 2357 751 2426 χρηστότητα
783 2357 1172 2430 διηγούμενος,
1213 2360 1308 2415 καὶ
1340 2359 1518 2428 λέγων
1541 2361 1632 2416 τὸν
1661 2362 1836 2433 ἄνδρα
1870 2362 1996 2430 ἀφί-

398 2447 590 2516 ξεσθαι
618 2449 1126 2521 πρεσϐευσὸμενον,
1156 2452 1253 2508 καὶ
1299 2453 1476 2509 πολλὰ
1507 2454 1702 2508 τούτου
1737 2455 1873 2524 πρὸς
1904 2453 1995 2507 τδν

401 2539 632 2610 βασιλέα
658 2541 755 2596 καὶ
782 2542 882 2612 τὴν
911 2542 1244 2613 βασίλισσαν
1273 2543 1489 2609 διεξιὼν
1515 2543 1792 2614 ἐγκώμια.
1841 2544 1902 2600 '0
1937 2545 1996 2599 δὲ

411 2630 612 2701 Ἰωσὴφ
636 2633 1220 2703 παρασκευασάμενος
1252 2633 1392 2705 μετὰ
1419 2633 1595 2688 ταῦτα
1625 2634 1706 2695 είς
1737 2631 1997 2698 Ἀλεξάν-

397 2722 588 2793 δρειαν
644 2725 1048 2796 παραγέγονεν.
1124 2723 1392 2788 Ἀκούσας
1442 2725 1502 2780 δὲ
1558 2727 1616 2780 ὲν
1652 2725 1880 2796 Μέμφει
1903 2726 1995 2781 τὸν

402 2813 742 2885 Πτολεμαῖον
766 2813 931 2882 εἶναι,
956 2815 1126 2889 ἀπῄει
1153 2817 1484 2888 ὑπαντήσων
1506 2818 1677 2890 αύτῷ.
1715 2817 1914 2890 Ἔτυχε
1937 2817 1995 2872 δὲ

400 2906 430 2957 δ
460 2903 718 2976 βασιλεὺς
743 2907 836 2959 ἐπὶ
865 2906 1146 2978 ὀχήματος
1171 2909 1312 2976 μετὰ
1337 2908 1436 2978 τῆς
1469 2909 1732 2977 γυναικὸς
1765 2909 1996 2976 καθεξό-

403 3012 569 3065 μενος
589 3013 602 3026 ο
635 2995 820 3068 παρῆν
847 2996 904 3052 δὲ
939 2999 1036 3052 καὶ
1067 3001 1094 3052 ὁ
1129 3004 1262 3071 παρ’
1295 3001 1463 3055 αὑτοῦ
1491 3001 1585 3055 τοῦ
1621 3003 1824 3073 Ἰωσὴφ
1854 3003 1995 3068 ξενι-

401 3087 575 3152 σθείς.
610 3091 708 3154 ’ος
745 3089 870 3144 tam
901 3091 1088 3160 αὐτοι,
1116 3087 1306 3159 Οὗτος,
1345 3093 1454 3165 ἔφη
1491 3094 1570 3166 τῷ
1603 3094 1836 3166 βασιλεῖ,
1863 3098 1994 3168 περὶ

399 3174 466 3235 οὗ
495 3197 578 3234 σοι
629 3182 965 3255 ἀπήγγειλα,
1019 3184 1095 3249 ὡς
1129 3186 1336 3256 ἀγαθός
1388 3188 1507 3241 ἐστι
1559 3189 1655 3242 καὶ
1707 3187 2064 3279 φιλότιμοςα

401 3275 643 3339 νεανίας.
672 3275 783 3330 Καὶ
803 3279 831 3330 ὁ
867 3277 1222 3347 Πτολεμαῖος,
1258 3277 1521 3343 ἀκούσας,
1547 3280 1765 3350 πρῶτός
1795 3298 1857 3334 τε
1893 3283 1994 3336 αὐ-

401 3363 496 3417 τδν
524 3367 963 3439 προσηγόρευσε,
997 3369 1094 3422 καὶ
1119 3370 1393 3441 ἀναϐῆναι
1425 3373 1519 3424 ἐπὶ
1552 3371 1613 3425 τὸ
1640 3372 1824 3444 ὖχημα
1854 3391 1996 3446 παρ-

402 3457 715 3514 εκέλευσεν.
743 3461 1082 3532 Δίτιωμένου
1099 3462 1159 3516 δὲ
1179 3462 1272 3518 τὸν
1291 3463 1558 3535 ἀρχιερέα
1580 3465 1674 3518 τοῦ
1701 3465 1991 3535 βασιλέως,

403 3551 782 3622 Συγγίνωσκε,
811 3552 990 3624 ἔλεγε,
1027 3555 1120 3610 διὰ
1147 3556 1208 3608 τὸ
1230 3557 1410 3628 γῆρας
1441 3557 1614 3628 αὐτῷ.
1648 3558 1772 3620 Τοῖς
1804 3576 1862 3612 τε
1885 3561 1995 3631 γὰρ

403 3645 743 3717 πρεσϐύταις
771 3648 864 3702 καὶ
890 3649 1006 3713 τοῖς
1027 3648 1244 3719 νηπίοις
1282 3649 1450 3720 ὁμοία
1495 3651 1646 3706 ἐστὶν
1687 3652 1958 3724 ηδιὰνοια
1978 3671 1992 3687 ο

404 3740 567 3810 ἡμεῖς
597 3740 655 3794 δέ
689 3757 772 3795 σοι
801 3741 852 3795 οί
907 3741 1022 3796 νέοι
1053 3743 1238 3798 πᾶσαν
1265 3743 1365 3816 τὴν
1413 3744 1646 3817 ὀφειλὴν
1681 3746 1997 3819 καταθήσοο

405 3849 530 3902 μεν.
583 3833 680 3888 Ἐκ
698 3833 902 3888 τούτων
936 3836 1031 3888 ἐπὶ
1077 3835 1242 3891 πλέον
1298 3837 1502 3909 ηπρδς
1529 3838 1697 3894 αὐτὸν
1749 3839 1995 3894 ἐπέδωκε

405 3923 500 3977 τοῦ
531 3924 798 3996 βασιλέως
827 3926 1094 3990 διάθεσις.
1124 3927 1429 4000 Γενομένου
1451 3929 1508 3984 δὲ
1527 3931 1588 3985 ὲν
1609 3930 1998 4003 Ἀλεξανδρείᾳ

407 4015 503 4068 τοῦ
540 4013 833 4086 βασιλέως,
873 4017 1073 4080 ἰδόντες
1097 4019 1149 4070 οι
1183 4017 1392 4090 πρῶτοι
1418 4021 1522 4091 τῆς
1553 4020 1754 4093 Συρίας
1779 4022 1998 4093 (ἔτυχον

407 4105 520 4178 γὰρ
547 4105 820 4172 ἐλθόντες,
882 4106 970 4160 ἵνα
1001 4107 1071 4162 τὰ
1102 4107 1235 4180 τέλη
1271 4107 1380 4163 τῶν
1411 4108 1624 4162 πόλεων
1675 4109 1996 4179 ὲξωνήσωνο

408 4214 522 4266 ται,
543 4200 664 4253 κατ’
689 4199 811 4264 ἔτος
843 4199 937 4254 τοῦ
971 4199 1240 4272 βασιλέως
1264 4198 1440 4254 ταῦτα
1459 4203 1572 4265 τοῖς
1625 4200 1736 4256 τῶν
1788 4201 1998 4258 πόλεων

411 4294 819 4364 πιπράσκοντος
839 4294 1132 4367 δυνατοῖς)
1167 4292 1259 4349 τὸν
1297 4292 1498 4366 Ἰωσὴφ
1527 4293 1680 4366 αύτῷ
1715 4297 1998 4365 συγκαθή-

419 4401 606 4455 μενον,
642 4385 1048 4459 ὲδυσχέραινον.
1091 4385 1190 4448 Εἰς
1232 4385 1621 4457 ὀκτακισχίλια
1669 4384 1727 4438 δὲ
1757 4385 2000 4442 τάλαντα

409 4476 481 4531 τὰ
502 4478 600 4546 τῆς
627 4477 832 4550 Κοίλης
853 4478 1056 4549 Συρίας
1081 4477 1233 4548 τέλη,
1252 4477 1346 4532 καὶ
1369 4477 1442 4532 τὰ
1471 4478 1569 4549 τῆς
1598 4479 1880 4548 Φοινίκης,
1904 4480 2001 4533 καὶ

2099 1975 2449 2033 audivisset:
2507 1977 2728 2032 obviam
2793 1977 2872 2032 illi
2928 1979 3342 2048 proficiscitur,
3396 1996 3505 2036 una
3563 1998 3690 2038 cum

2100 2082 2269 2124 uxore
2312 2068 2369 2123 in
2400 2085 2567 2124 curru
2601 2069 2841 2138 sedenti,
2879 2086 2946 2125 eo
2977 2086 3199 2142 quoque
3230 2082 3500 2142 prasente
3527 2092 3690 2145 quem

2099 2160 2343 2232 hospitio
2363 2172 2676 2233 acceperat,
2709 2173 2765 2218 et
2792 2163 2908 2234 regi
2937 2163 3184 2228 dicente,
3219 2181 3349 2220 eum
3376 2166 3696 2224 adolescen-

2101 2261 2208 2307 tem
2250 2267 2410 2321 esse,
2438 2256 2598 2324 cujus
2640 2254 2945 2310 bonitatem
2986 2265 3043 2310 et
3092 2256 3485 2313 liberalitatem
3542 2275 3691 2314 com-

2097 2343 2434 2400 mendasset.
2473 2345 2805 2401 Ptolemaeus
2845 2347 3013 2417 igitur
3039 2348 3194 2416 prior
3221 2347 3522 2419 Josephnm
3552 2351 3691 2406 allo-

2097 2444 2261 2491 cutus
2281 2476 2296 2502 ,
2347 2452 2575 2492 currum
2606 2439 2983 2495 conscendere
3009 2441 3206 2511 jubet,
3247 2449 3306 2497 et
3333 2441 3402 2497 de
3428 2442 3693 2513 pontiﬁce

2104 2529 2379 2596 queritur.
2408 2525 2684 2598 Joaephus
2711 2543 2844 2585 vero
2869 2538 3089 2585 aetatem
3115 2546 3406 2596 excusans,
3438 2534 3579 2602 petit
3632 2544 3693 2590 ut

2097 2616 2148 2670 ei
2174 2632 2268 2670 rex
2293 2617 2512 2672 veniam
2545 2618 2660 2674 det.
2689 2619 2826 2674 Nam
2862 2635 3024 2676 senes
3051 2628 3107 2676 et
3135 2636 3342 2691 pueros
3360 2624 3550 2678 eadem
3567 2639 3693 2682 esse

2097 2709 2419 2769 sententia:
2467 2726 2526 2767 se
2574 2726 2708 2768 vero
2744 2712 3124 2770 adolescentes
3147 2754 3162 2780 ,
3213 2715 3484 2788 quidquid
3523 2717 3695 2773 debe-

2098 2812 2290 2868 retur,
2331 2805 2738 2874 persoluturos.
2787 2806 2929 2862 Hinc
2977 2809 3154 2879 magis
3192 2810 3360 2864 etiam
3395 2822 3558 2868 aucta
3607 2823 3694 2869 est

2099 2895 2244 2966 regis
2272 2911 2400 2965 erga
2443 2896 2597 2952 illum
2651 2897 3062 2955 benevolentia.
3115 2901 3265 2973 Rege
3297 2903 3690 2963 Alexandriam

2097 3002 2348 3057 reverso,
2401 3006 2662 3062 proceres
2694 2990 2866 3064 Syriae
2902 3001 3192 3064 (venerant
3237 2995 3387 3051 enim
3429 2997 3498 3052 ad
3542 3001 3693 3068 redi-

2098 3085 2298 3139 menda
2323 3085 2634 3156 vectigalia,
2663 3101 2787 3156 qua:
2814 3086 3140 3156 potentibus
3161 3088 3378 3146 civibus
3407 3107 3500 3146 rex
3531 3101 3696 3163 quot-

2098 3179 2259 3232 annis
2324 3178 2566 3233 vendere
2643 3177 2890 3251 solebat)
2957 3179 3122 3250 202
3183 3181 3487 3252 conspicati
3538 3187 3696 3244 lose-

2103 3268 2275 3339 phum
2315 3269 2390 3325 illi
2417 3270 2683 3336 assidere,
2712 3270 2980 3342 indignati
3006 3283 3135 3326 sunt
3185 3290 3198 3326 :
3252 3289 3489 3345 cumque
3519 3278 3696 3335 octies

2103 3361 2256 3416 mille
2289 3361 2513 3416 circiter
2559 3361 2780 3417 talentis
2817 3362 3490 3434 vectigalia'Caalesyriae,
3533 3368 3696 3426 Phae-

2103 3455 2284 3520 niciae,
2342 3455 2542 3511 ludam
2590 3466 2647 3510 et
2698 3455 2962 3511 Samarim
3033 3457 3374 3522 licerentur,
3420 3459 3696 3531 Josephus

2103 3547 2336 3618 duplum
2365 3548 2583 3603 obtulit.
2623 3547 2745 3604 Non
2780 3547 3061 3604 abnuente
3093 3564 3245 3621 rege,
3293 3550 3390 3606 sed
3424 3567 3492 3607 an
3525 3568 3695 3623 spon-

2105 3654 2263 3695 sores
2309 3640 2558 3704 haberet,
2605 3650 2872 3712 rogante:
2917 3642 3202 3711 respondit
3245 3658 3305 3699 se
3339 3657 3438 3699 eos
3480 3646 3697 3715 prmdes

2105 3732 2384 3798 daturum,
2445 3732 2652 3803 quibus
2707 3732 2872 3788 fidem
2924 3748 3034 3787 non
3095 3734 3469 3805 abrogaturus
3527 3748 3694 3793 esset.

2104 3825 2377 3896 Pergente
2404 3827 2749 3897 interrogare
2772 3826 3001 3897 quinam
3035 3826 3071 3880 ii
3099 3829 3330 3883 essent?
3361 3829 3448 3894 Te,
3492 3831 3695 3901 inquit,

2105 3934 2222 3984 rex,
2246 3935 2569 3991 uxoremque
2615 3929 2767 3975 tuam
2809 3935 3090 3990 sponsores
3125 3920 3212 3975 do.
3257 3923 3336 3977 Ac
3368 3923 3697 3980 Ptolemaeus

2105 4026 2232 4067 cum
2265 4011 2377 4067 risu
2397 4012 2744 4068 exactionem
2773 4011 3126 4082 vectigalium
3164 4013 3242 4068 illi
3275 4016 3571 4084 promittit.
3593 4019 3697 4074 Ac-

2106 4102 2284 4173 ceptis
2333 4102 2502 4174 igitur
2534 4103 2772 4159 militum
2815 4102 3044 4158 circiter
3077 4103 3296 4159 duobus
3325 4103 3606 4175 millibus,
3639 4109 3696 4164 in

2103 4183 2329 4267 Syriam
2352 4195 2696 4252 contendens
2719 4235 2734 4263 ,
2764 4211 2889 4250 cum
2925 4196 3251 4251 Ascalonem
3287 4198 3551 4266 venisset,
3577 4215 3641 4256 ac
3665 4217 3696 4257 a

2105 4287 2326 4344 civibus
2370 4303 2482 4344 non
2509 4287 2675 4344 modo
2706 4289 2848 4344 nihil
2879 4289 3236 4359 impetraret,
3275 4289 3370 4345 sed
3403 4301 3697 4350 contume-

2107 4383 2200 4439 liis
2227 4382 2394 4439 etiam
2417 4380 2734 4438 adiceretur
2764 4399 2778 4440 :
2813 4381 3154 4452 primoribus
3179 4383 3600 4453 comprehensis
3641 4401 3692 4440 ea

2109 4475 2332 4542 occisis,
2365 4490 2674 4547 eorumque
2713 4475 2916 4546 opibus
2961 4473 3279 4546 publicatis.
3327 4476 3439 4546 regi
3483 4475 3551 4530 ad
3584 4475 3698 4532 duo

423 4568 708 4634 Ἰουδαίας,
745 4570 842 4623 καὶ
868 4569 1212 4642 ιΣαμαρείας
1249 4568 1579 4641 ὠνουμένων
1630 4570 1741 4624 τῶν
1787 4571 1846 4625 ὲν
1879 4573 1998 4636 ταῖς

2111 4567 2283 4622 millia
2317 4567 2653 4622 talentorum
2692 4567 2902 4621 mittit:
2949 4568 3046 4636 qui
3093 4566 3234 4620 actis
3256 4565 3606 4633 collaudatis,
3643 4569 3694 4624 ei

413 4660 604 4716 πόλεσι
645 4661 916 4728 δυνατῶν,
961 4662 991 4715 ὁ
1032 4661 1234 4734 Ἰωσὴφ
1267 4661 1590 4718 διπλασίονα
1629 4661 1824 4718 δώσειν
1874 4665 2001 4717 ὑπι-

417 4752 796 4823 σχνεῖτο.·Τοῦ
847 4753 904 4808 δὲ
936 4754 1208 4826 βασιλέως
1240 4755 1698 4822 κατανεύσαντος,
1734 4756 1998 4828 ἐρομένου

413 4844 496 4910 δὲ,
521 4846 571 4898 εί
595 4845 722 4910 τοὺς
749 4845 1192 4919 ἐγγυησομένους
1220 4847 1388 4902 αὐτὸν
1415 4847 1530 4919 ἔχει
1559 4864 1572 4879 '
1598 4847 1788 4916 Δώσω,
1818 4846 1997 4919 εἶπεν,

412 4935 758 5008 ἀνθρώπους,
804 4934 886 5002 οἶς
921 4939 1023 4992 οὐκ
1049 4938 1407 5010 ἀπιστήσετε.
1453 4940 1585 5003 Καὶ,
1617 4940 1776 5005 Τίνες
1808 4936 1996 5010 obeat;

415 5030 888 5102 προσερονμένου,
924 5029 1024 5096 Σὲ,
1057 5025 1233 5096 εἶπεν,
1255 5024 1303 5086 ὦ
1325 5029 1616 5100 βασιλεῦ,
1641 5031 1881 5102 ποιητὴν
1901 5051 2006 5104 τυ-

414 5120 594 5177 ναῖκα
633 5123 749 5192 τὴν
777 5123 904 5192 σὴν
928 5123 1419 5195 ἐγγυησομένους
1439 5142 1544 5195 μοι
1578 5124 1808 5197 δίδωμι.
1833 5127 1872 5180 Γ
1875 5127 2005 5182 ελάρ

417 5229 517 5277 σας
543 5213 600 5268 δὲ
636 5215 666 5268 ὁ
698 5214 1060 5286 Πτολεμαῖος,
1089 5217 1473 5288 συνεχώρησεν
1503 5218 1654 5287 αὐτῷ
1681 5218 1791 5270 τῶν
1819 5219 2006 5291 φόρων

420 5307 518 5375 τὴν
547 5306 861 5378 εἴσπραξιν.
891 5303 1090 5364 Λαϐὼν
1112 5307 1206 5362 οὖν
1225 5307 1565 5380 στρατιώτας
1585 5310 1661 5374 ώς
1684 5309 2002 5382 δισχιλίους,

2109 4659 2380 4732 quidquid
2415 4659 2550 4716 velit
2583 4658 2764 4715 facere
2797 4660 3089 4730 permittit.
3121 4659 3198 4715 Ea
3238 4675 3296 4715 re
3327 4657 3449 4732 Syri
3493 4661 3696 4726 territi,

2107 4753 2352 4824 Josepho
2385 4751 2648 4810 alacriter
2691 4761 2990 4822 suscepto.
3045 4750 3252 4808 tributa
3286 4753 3696 4823 pependerunt.

2108 4846 2268 4904 Unde
2295 4861 2495 4918 magno
2518 4845 2678 4900 lucro
2705 4843 2873 4911 facto,
2899 4843 3114 4915 magnis
3151 4845 3481 4901 muneribus
3513 4846 3698 4901 Ptole-

2106 4954 2267 5007 maeo,
2293 4937 2619 5010 CleOpatrte,
2651 4946 2710 4993 et
2745 4937 2945 4994 aulicis
2970 4952 3167 4994 eorum
3196 4937 3458 4993 omnibus
3492 4938 3698 5003 missis.

2105 5049 2174 5089 ea
2220 5031 2486 5088 felicitate
2521 5046 2621 5102 per
2651 5045 2830 5087 annvus
2871 5030 3016 5086 duos
3065 5040 3123 5086 et
3169 5030 3364 5102 viginti
3409 5040 3494 5086 est
3541 5045 3698 5085 usus.

2107 5125 2244 5183 Cum
2272 5133 2460 5180 autem
2493 5122 2632 5179 duas
2671 5137 2875 5178 uxores
2905 5121 3176 5187 duxisset,
3208 5137 3239 5177 e
3269 5122 3453 5193 priore
3480 5131 3694 5192 septem

2106 5220 2335 5282 liberos,
2381 5234 2448 5274 ex
2492 5217 2667 5273 altera
2699 5216 2892 5272 fratris
2929 5217 3018 5272 sui
3063 5215 3177 5272 lilia
3225 5231 3389 5270 unam
3419 5214 3694 5272 duntaXat.

2108 5311 2322 5383 prolem
2355 5310 2623 5380 suscepit,
2669 5324 2836 5380 quam
2885 5308 2990 5365 hac
3026 5308 3242 5363 ratione
3288 5305 3463 5362 duxit.

418 5400 499 5460 είς
533 5399 734 5470 Συρίαν
772 5398 1087 5471 ἐξώρμησε.
1142 5399 1441 5469 Γενόμενος
1476 5401 1522 5455 δ’
1569 5403 1626 5455 ὲν
1669 5403 2007 5471 Ἀσκάλωνι,
2046 5403 2123 5470 ὡς
2191 5403 2346 5464 οὐδὲν
2377 5403 2585 5456 ἐδίδουν
2650 5401 2824 5473 αὐτῷ,
2855 5402 2993 5457 ἀλλὰ
3028 5401 3124 5455 καὶ
3155 5397 3547 5471 προσύϐριζον,
3569 5397 3694 5452 συλ-

419 5489 601 5546 λαϐὼν
650 5495 776 5556 τοὺς
835 5493 1219 5560 πρωτεύοντας
1265 5495 1512 5563 ἔκτεινε,
1553 5499 1650 5552 καὶ
1717 5499 1818 5562 τὰς
1885 5499 2078 5564 οὐσίας
2109 5498 2394 5571 δημεύσας
2447 5497 2651 5563 αὐτῶν,
2699 5496 2778 5568 τῷ
2805 5496 3018 5566 βασιλεῖ
3062 5493 3306 5565 επεμψεν
3353 5493 3426 5557 ὼς
3461 5492 3696 5563 δισχίλυ

421 5586 681 5641 τάλαντα.
725 5585 786 5639 '0
815 5585 898 5651 δὲ,
924 5587 996 5640 τὰ
1024 5590 1395 5661 πεπραγμένα
1439 5590 1756 5654 ἐπαινέσας,
1790 5591 2012 5661 ἐφίησιν
2051 5591 2202 5663 αὐτῷ
2263 5593 2442 5644 ποιεῖν
2472 5591 2501 5642 ὃ
2559 5606 2610 5642 τι
2641 5589 2918 5661 βούλεται.
2967 5587 3140 5642 Τοῦτο
3167 5587 3336 5659 φόϐον
3367 5590 3480 5653 τοῖς
3505 5588 3696 5661 Σύροις

418 5677 666 5743 ἐνέϐαλε,
713 5681 808 5732 καὶ
867 5682 1115 5753 ἐδέχοντο
1169 5683 1474 5756 προθύμως
1506 5683 1597 5736 τὸν
1639 5683 1863 5754 Ἰωσὴφ,
1904 5685 2002 5738 καὶ
2039 5685 2167 5748 τοὺς
2227 5685 2430 5755 φόρους
2464 5683 2692 5738 ἐδίδουν.
2759 5683 3050 5753 Κερδήσας
3085 5681 3130 5735 δ’
3163 5683 3226 5736 ὲκ
3257 5682 3462 5736 τούτων
3502 5685 3694 5746 πολλὰ,

420 5774 641 5848 μεγάλα
660 5774 738 5846 τῷ
770 5773 984 5846 βασιλεῖ
1006 5779 1102 5832 καὶ
1129 5781 1197 5850 τῇ
1229 5775 1558 5848 Κλεοπάτρᾳ
1585 5775 1802 5830 ἔστελλε
1860 5775 2035 5848 δῶρα,
2079 5777 2177 5832 καὶ
2225 5780 2361 5832 πᾶσι
2417 5779 2533 5841 τοῖς
2606 5776 2735 5848 περὶ
2792 5777 3011 5841 αὐτοὺς,
3052 5775 3176 5832 ὅθεν
3206 5775 3300 5830 ἰπὶ
3335 5774 3431 5846 ἐτη
3481 5775 3573 5830 δύο
3601 5775 3690 5830 καὶ

842 5969 855 5991 ἰ
860 5970 907 6001 ’ν
940 5993 950 6000 .
