4074 6388
364 391 466 453 267

1641 380 1966 444 JUANNIS
2002 381 2326 444 ZONAR/E

3531 382 3639 446 368

365 512 541 562 εἴκοςι
602 502 700 573 τῆς
750 503 1007 575 εὐτυχίας
1043 500 1251 570 ταύτης
1291 497 1601 569 ἀπήλαυσε.
1654 495 1879 562 Γυναιξῖ
1936 493 1996 548 δὲ
2036 495 2186 552 δυεῖν
2245 493 2600 564 συνοικήσας,
2659 493 2725 546 ἐκ
2758 493 2857 563 μὲν
2911 491 3010 564 τῆς
3053 494 3182 564 μιᾶς
3233 493 3429 560 παῖδας
3492 497 3646 567 ἔσχεν

365 613 530 670 επτά,
565 609 630 659 ἐκ
668 603 725 655 δὲ
749 603 844 673 τῆς
873 601 1070 670 λοιπῆς
1097 598 1194 650 ἕνα
1234 590 1335 666 (ἦν
1363 592 1408 646 δ’
1445 591 1588 663 α’ύτη
1618 592 1958 660 ἀδελφόπαις
1997 590 2222 654 αὑτοῦ),
2265 584 2410 662 ᾖπερ
2436 587 2608 652 οὕτως
2643 587 2952 658 συνῴκησε.

434 702 620 759 XVIII.
671 698 809 755 Cum
849 691 1246 750 saltatriculam
1299 687 1598 759 quamdam
1653 685 1955 756 deperiret,

2134 684 2241 739 IH'.
2290 683 2680 754 Ὀρχηστρίδος
2719 681 2939 753 ἠράσθη
2975 681 3145 746 τινὸς,
3191 681 3290 734 καὶ
3326 681 3407 751 τῷ
3444 685 3650 753 ταύτης

367 811 532 869 atque
567 793 734 848 animi
763 785 1141 860 mgritudincm
1191 780 1347 835 fratri
1393 778 1736 850 aperuisset;
1771 775 1860 828 ille
1894 787 1952 827 se

368 890 576 948 amoris
601 885 912 940 ministrum
939 879 1057 933 fore
1075 874 1380 947 pollicitus,
1403 881 1569 926 noctu
1602 870 1770 923 ﬁliam
1795 883 1952 923 suam

370 988 436 1042 ad
483 997 612 1040 cum
644 976 895 1034 deduxit.
931 973 1052 1039 Quo
1087 971 1290 1039 smpius
1335 967 1517 1028 facto,
1562 973 1728 1033 atque
1769 974 1957 1015 amore

371 1087 558 1137 aucto,
591 1083 908 1138 arcanoque
939 1062 1163 1134 cognito
1186 1101 1201 1126 ,
1234 1058 1422 1114 l'ratris
1456 1055 1625 1110 ﬁliam
1671 1044 1959 1108 mﬁrimo-

373 1173 466 1225 nio
495 1167 600 1223 sibi
628 1161 832 1236 junxit,
863 1175 928 1213 ex
949 1169 1124 1226 eaque
1149 1152 1320 1206 ﬁlium
1356 1151 1666 1221 llyrcanum
1693 1145 1958 1214 suscepit.

371 1262 477 1329 Qui
505 1233 680 1314 annos
714 1249 981 1308 tredecim
1009 1255 1193 1308 natus,
1235 1250 1291 1297 et
1322 1240 1672 1312 prudentiam
1713 1247 1769 1291 et
1814 1233 1961 1289 acri-

373 1354 614 1410 moniam
666 1361 820 1402 suam
862 1337 1280 1398 demonstravit.
1318 1335 1454 1390 Nam
1504 1333 1703 1386 missus
1733 1345 1763 1384 a
1807 1336 1962 1399 patre

373 1464 496 1502 rum
552 1459 648 1497 ccc
703 1442 868 1493 boum
910 1433 1058 1505 jugis
1101 1432 1165 1485 ad
1231 1425 1498 1496 pnedium
1554 1419 1832 1492 quoddam
1877 1416 1963 1470 bi-

373 1545 542 1595 duum
581 1533 838 1589 dissitum
885 1529 1084 1582 itinere
1115 1565 1129 1588 ,
1159 1516 1834 1584 excolendum,jugorum
1881 1509 1966 1563 lo-

375 1636 452 1689 ris
487 1645 596 1686 non
630 1623 874 1695 acceptis
905 1637 920 1676 :
951 1634 1076 1673 cum
1119 1613 1346 1670 bulbuci
1380 1612 1763 1668 hortarentur,
1810 1611 1871 1658 ut
1898 1618 1963 1658 ea

371 1745 474 1799 per
507 1721 765 1779 nuntium
811 1733 842 1771 a
871 1720 1026 1786 patre
1063 1716 1309 1780 peteret,
1344 1717 1540 1760 eorum
1587 1699 1822 1755 consilio
1854 1711 1961 1751 non

372 1816 672 1890 acquievit,
691 1810 786 1868 sed
820 1826 854 1864 ι
882 1809 1049 1864 boum
1075 1803 1224 1876 jugis
1253 1797 1572 1863 immolatis,
1596 1807 1792 1849 carnes
1819 1792 1966 1845 inter

373 1885 661 1986 operarios
703 1903 1012 1965 distribuit,
1060 1907 1118 1954 et
1166 1894 1484 1967 tergoribus
1514 1888 1753 1945 concisis
1795 1885 1966 1940 boves

373 1978 618 2077 alligavit
662 2020 677 2056 :
713 2008 880 2068 atque
911 1993 987 2047 ita
1018 2005 1189 2061 opere
1233 1986 1489 2043 conlecto
1515 1982 1741 2037 domum
1778 1978 1962 2032 rediit.

2059 774 2301 845 ἔκαμνεν
2327 773 2516 845 ἔρωτι.
2549 773 2766 845 Μηνύει
2807 773 2865 826 δὲ
2903 775 2964 826 τὸ
3005 772 3179 836 πάθος
3207 774 3287 843 τῷ
3329 774 3548 846 ἀδελφῷ
3571 795 3584 808 ο
3621 779 3651 830 6

2059 869 2117 923 δὲ
2149 867 2587 939 διακονήσασθαι
2618 869 2667 921 οἰ
2703 867 2844 936 πρὸς
2888 866 2982 920 τὸν
3020 866 3200 937 ἔρωτα
3234 868 3610 937 ἐπηγγείλατο
3631 886 3644 900 ·

2061 961 2156 1013 καί
2187 958 2386 1022 νυκτὸς
2437 957 2537 1030 τὴν
2571 957 2770 1012 ἐαυτοῦ
2802 957 3084 1028 θυγατέρα
3117 957 3256 1029 πρὸς
3293 960 3385 1012 τὸν
3419 960 3650 1030 ἀδελφὸν

2059 1049 2288 1121 ἀγαγὼν
2334 1051 2754 1120 συγκατέκλινε.
2791 1051 2903 1105 Καὶ
2934 1053 3125 1104 τούτου
3169 1054 3470 1120 γενομένου
3515 1055 3652 1106 πολ-

2059 1141 2241 1206 λάκις,
2275 1142 2383 1212 ἦρα
2418 1141 2805 1211 σφοδρότερον.
2825 1140 2935 1193 Τοῦ
2964 1141 3021 1195 δὲ
3051 1141 3288 1211 ἀδελφοῦ
3319 1141 3378 1196 τὺ
3410 1159 3654 1213 κεκρυμ-

2065 1237 2226 1308 μένον
2271 1235 2422 1307 αύτῷ
2464 1235 2909 1308 φανερώσαντες,
2949 1234 3235 1305 συνῴκησε
3268 1238 3334 1307 τῇ
3367 1234 3649 1305 ἀδελφιδῇ,

2063 1328 2156 1382 καὶ
2194 1327 2254 1393 ἐξ
2280 1328 2454 1396 αὐτῆς
2495 1329 2611 1380 υίδν
2641 1327 2823 1397 ἔσχεν,
2873 1327 3144 1398 Ὑρκανὸν
3184 1327 3427 1390 καλέσας
3461 1329 3649 1381 αὐτόν.

2061 1421 2433 1492 Τρισκαίδεκα
2461 1421 2518 1475 δὲ
2556 1422 2800 1490 γεγονὼς
2835 1420 2975 1475 ἐτῶν
3005 1416 3184 1485 οὗτος,
3214 1420 3316 1491 τήν
3340 1437 3401 1473 τε
3432 1420 3652 1474 σύνεσιν

2064 1515 2278 1568 ἐδείκνυ
2321 1516 2416 1569 καὶ
2447 1515 2545 1588 τὴν
2585 1516 2920 1588 ἐντρέχειαν.
2979 1516 3115 1578 Aab;
3148 1516 3257 1586 γὰρ
3287 1514 3437 1586 αύτῷ
3475 1517 3502 1566 ὁ
3544 1532 3652 1566 πασ-

2063 1609 2169 1678 τὴρ
2215 1605 2386 1679 ζεύγη
2439 1607 2580 1678 βοῶν
2633 1609 2946 1680 τριακόσια,
2980 1608 3292 1679 ἐξέπεμψεν
3341 1611 3422 1672 εἰς
3464 1606 3652 1678 χώραν

2062 1701 2210 1754 δυεῖν
2236 1701 2474 1771 ἡμέραιν
2528 1702 2863 1774 ἀπέχουσαν,
2923 1701 3024 1775 τὴν
3088 1703 3194 1774 γῆν
3254 1702 3651 1773 ἐργασόμενον,

2064 1796 2191 1857 τοὺς
2219 1795 2452 1865 ἰμάντας
2474 1795 2584 1850 τῶν
2609 1794 2794 1864 ζυγῶν
2819 1793 3293 1865 παρακατασχὼν.
3312 1795 3371 1846 '0
3391 1794 3473 1859 δὲ,
3498 1794 3654 1860 γενό-

2069 1906 2230 1959 μενος
2271 1889 2427 1952 ἐκεῖ,
2480 1889 2576 1942 καὶ
2623 1889 2699 1959 μὴ
2737 1887 2879 1959 ἔχων
2913 1888 3172 1958 ἱμάντας,
3222 1885 3332 1941 τῶν
3372 1885 3655 1958 βοηλατῶν

2068 1981 2312 2036 στέλλειν
2353 1980 2489 2053 πρὸς
2521 1980 2616 2034 τὸν
2652 1981 2871 2052 πατέρα
2914 1981 3043 2045 τοὺς
3085 1981 3413 2052 αἰτήσοντας
3454 1979 3655 2043 αὐτοὺς

375 2107 443 2158 At
472 2063 628 2170 pater
653 2107 776 2150 eam
793 2063 1152 2145 calliditatem
1177 2081 1507 2143 admiratus,
1534 2077 1689 2131 illum
1720 2087 1832 2144 prae
1856 2085 1961 2125 caa-

2072 2077 2177 2170 δεῖν
2209 2073 2508 2142 λεγόντων,
2538 2076 2604 2145 τῇ
2651 2074 2752 2144 μὲν
2783 2074 3012 2127 ἐκείνων
3041 2072 3321 2144 συμϐουλῇ
3378 2073 3437 2125 ού
3481 2088 3655 2142 προσ-

368 2162 512 2250 teris
543 2188 692 2253 ﬁliis,
734 2197 880 2254 (egre
908 2181 962 2237 id
995 2175 1336 2240 ferentibus,
1375 2181 1432 2227 et
1466 2168 1672 2224 amavit
1699 2175 1753 2220 i-t
1779 2162 1964 2236 magni

371 2270 528 2342 fecit.
575 2282 716 2339 Nato
755 2285 940 2332 autem
980 2272 1095 2327 ﬁlio
1148 2269 1466 2327 Ptolemaeo,
1504 2261 1786 2334 principes
1837 2272 1964 2328 pro-

376 2379 687 2432 vinciarum
739 2371 818 2425 illi
875 2365 1191 2438 parentium
1246 2358 1632 2416 Alexandriam
1690 2355 1845 2408 ibant
1897 2350 1963 2404 ad

377 2473 538 2543 203
588 2465 896 2522 natalitium
944 2461 1145 2515 festum
1213 2451 1628 2509 celebrandum.
1692 2443 1967 2515 Iosephus

594 2556 666 2612 ob
702 2562 920 2610 aetatem
965 2547 1189 2611 tardus,
1233 2543 1473 2613 aliquem
1503 2556 1570 2595 ex
1604 2536 1730 2591 ﬁliis
1774 2549 1841 2589 eo
1885 2534 1966 2587 ire

373 2650 622 2723 jubebat.
655 2642 884 2701 (laeteris
922 2649 1106 2695 autem
1144 2631 1556 2695 recusantibus,
1590 2628 1876 2699 Ilyreanus
1908 2637 1966 2677 se

380 2749 586 2798 iturum
627 2737 848 2806 recipit,
877 2749 941 2788 ac
971 2730 1110 2803 patri
1143 2738 1338 2783 auctor
1364 2731 1472 2788 est,
1507 2736 1575 2777 ne
1602 2731 1831 2774 munera
1871 2714 1968 2770 illo

381 2839 582 2898 mittat,
613 2830 710 2887 sed
739 2808 1112 2884 Alexandrino
1137 2814 1486 2890 procuratori
1521 2811 1751 2875 scribat,
1787 2817 1846 2862 ut
1867 2823 1969 2861 au-

381 2945 505 2986 rum
529 2925 636 2983 sibi
661 2923 776 2985 del,
797 2935 910 2990 quo
936 2928 1167 2971 munera
1189 2919 1492 2980 comparet.
1521 2906 1638 2969 Ille,
1657 2899 1969 2959 collaudato

381 3024 480 3080 lilii
535 3017 796 3079 consilio,
846 3005 1194 3082 procuratori
1236 3001 1465 3063 scribit,
1503 2997 1600 3068 qui
1631 3010 1740 3050 non
1785 2992 1971 3047 minus

383 3117 563 3172 tribus
609 3108 858 3166 millibus
901 3103 1170 3159 talentum
1223 3091 1694 3152 administrabat,
1767 3093 1830 3141 ut
1879 3083 1971 3139 det

383 3210 497 3265 ﬁlio
533 3213 805 3278 quantum
833 3198 883 3255 ei
928 3211 1069 3267 opus
1095 3193 1196 3248 sit.
1225 3191 1414 3260 Neque
1448 3199 1583 3242 vero
1617 3181 1849 3255 putabat
1884 3177 1972 3232 ul-

384 3315 466 3361 ιιι-ιι
497 3318 531 3356 x
553 3273 764 3354 talenta
797 3293 1102 3364 petiturum
1144 3284 1210 3340 ad
1241 3297 1475 3338 munera
1512 3277 1626 3348 regi
1663 3273 1969 3331 otl‘crenda.

384 3397 506 3459 Illo,
554 3389 800 3460 acceptis
854 3384 1082 3446 litteris,
1125 3374 1515 3434 Alexandriam
1555 3381 1743 3434 eunte,
1774 3365 1973 3438 reliqui

385 3484 612 3557 Iosephi
647 3479 809 3538 liberi
849 3473 1096 3548 paternis
1127 3469 1323 3527 amicis
1351 3466 1637 3531 scribunt,
1673 3471 1736 3518 ut
1771 3461 1978 3532 Hyrca-

384 3549 532 3634 num.
551 3591 650 3648 per
675 3570 907 3627 insidias
936 3563 1173 3622 e‘medio
1199 3560 1416 3615 tollant.
1445 3555 1552 3612 Sed
1590 3569 1730 3626 puer
1759 3549 1976 3607 reddita

384 3663 733 3742 procuratori
761 3657 1019 3731 epistola,
1049 3661 1186 3725 quot
1221 3649 1443 3706 talentis
1479 3661 1620 3719 opus
1651 3652 1834 3706 esset,
1881 3655 1976 3695 ro-

384 3735 568 3833 gatus,
603 3772 729 3813 cum
763 3753 915 3808 mille
936 3747 1208 3821 petiisset,
1245 3759 1310 3799 ac
1340 3758 1374 3796 κ
1403 3750 1616 3797 tantum
1644 3735 1974 3806 accepisset,

385 3829 568 3912 iratus
589 3849 868 3906 hominem
896 3845 951 3898 in
976 3839 1196 3898 vincula
1219 3835 1464 3906 coniicit.
1499 3829 1829 3887 Ptolemaeus
1843 3839 1977 3882 vero

387 3949 542 4003 misit
590 3943 658 3999 ad
712 3955 866 4004 eum,
912 3949 1084 4006 seque
1133 3929 1325 3987 mirari
1372 3925 1530 3991 dixit,
1582 3938 1684 3978 cur
1730 3921 1786 3976 in
1841 3933 1978 3974 cou-

384 4049 638 4112 spectum
661 4049 822 4092 suum
849 4045 964 4086 non
998 4025 1263 4090 venisset,
1309 4035 1375 4076 ac
1396 4027 1690 4091 paternum
1712 4025 1978 4083 procura-

388 4149 563 4192 tnt'ett't
600 4125 914 4186 vinxisset?
955 4123 1052 4179 Illo
1090 4115 1501 4190 respondente,
1552 4125 1613 4167 se
1641 4108 1835 4165 venire
1873 4119 1979 4160 no-

384 4229 554 4282 luisse
585 4225 765 4278 donec
797 4229 1032 4273 munera
1067 4216 1356 4284 parasset,
1387 4221 1454 4261 ac
1482 4217 1707 4260 servum
1736 4199 1808 4256 ob
1837 4213 1976 4254 con-

385 4317 684 4376 tumaciam
727 4311 992 4368 multasse
1039 4325 1054 4362 :
1098 4303 1224 4361 risit
1263 4315 1384 4365 rex,
1411 4295 1574 4370 pueri
1613 4288 1979 4365 magnanimi-

387 4421 558 4468 tatem
606 4406 933 4462 admiratus.
986 4398 1287 4455 Enimvero
1328 4396 1679 4464 procurator,
1721 4398 1848 4440 cum
1894 4383 1979 4437 in-

386 4504 669 4574 telligeret
699 4512 864 4569 opem
895 4492 1006 4550 sibi
1029 4490 1166 4547 ferri
1204 4504 1236 4543 a
1271 4485 1515 4551 nemine,
1542 4481 1688 4538 datis
1715 4478 1866 4534 mille
1891 4483 1976 4530 ta-

388 4597 576 4660 lentis,
600 4589 845 4648 vinculis
874 4586 1168 4642 liberatur.
1192 4579 1478 4653 Ilyrcanus
1499 4583 1684 4631 autem
1714 4588 1745 4628 c
1769 4583 1976 4642 pueros

2066 2169 2252 2239 έσχεν,
2271 2167 2433 2230 αὐτὸς
2455 2166 2511 2220 δὲ
2543 2166 2681 2222 δέκα
2705 2166 2877 2237 ζεύγη
2907 2166 3248 2229 καταθύσας,
3284 2166 3353 2220 τὰ
3387 2166 3488 2236 μὲν
3517 2164 3656 2235 κρέα

2065 2266 2178 2326 τοῖς
2225 2263 2493 2333 ἐργάταις
2541 2261 2809 2331 διένειμε,
2863 2261 2965 2323 τάς
3014 2260 3072 2314 δὲ
3113 2259 3277 2331 δορὰς
3326 2259 3658 2330 κατατεμὼν

2065 2357 2280 2418 τούτοις
2310 2355 2615 2428 προσέδησε
2643 2356 2773 2417 τοὺς
2803 2355 3025 2427 ζυγορς,
3053 2353 3150 2407 καὶ
3185 2355 3331 2408 οὓτω
3365 2355 3462 2424 τὴν
3488 2357 3656 2425 ἐργα-

2069 2453 2194 2508 σίαν
2234 2453 2472 2522 ποιήσας
2521 2450 2946 2522 ἐπανελήλυθεν.
2994 2451 3056 2506 Ὀ
3084 2451 3142 2506 δὲ
3168 2452 3375 2522 πατὴρ,
3403 2451 3502 2522 τὴν
3537 2450 3662 2504 ἐπί-

2066 2563 2218 2601 νοιαν
2265 2544 2434 2600 αὐτοῦ
2481 2544 2668 2614 γνοὺς,
2702 2545 2797 2598 καὶ
2835 2543 3154 2615 ἐθαύμασεν
3188 2545 3356 2598 αὐτὴν
3383 2544 3479 2598 καὶ
3523 2544 3664 2615 ἠγά-

2069 2655 2236 2708 πησε,
2279 2638 2509 2692 καὶ-τῶν
2539 2637 2717 2692 ἀλλων
2752 2637 3026 2708 προετίμα
3060 2638 3218 2691 υίῶν·
3243 2639 3291 2690 οἰ
3317 2637 3376 2690 δὲ
3404 2637 3657 2708 ἤχθοντο.

2069 2730 2160 2800 Τῷ
2185 2730 2241 2783 δὲ
2275 2730 2608 2800 Πτολεμαίῳ
2639 2729 3003 2800 γεννηθέντος
3043 2729 3185 2795 υίοῦ,
3224 2730 3274 2782 οἰ
3307 2729 3517 2801 πρῶτοι
3549 2729 3664 2784 τῶν

2069 2821 2164 2876 ὑπ’
2197 2822 2361 2876 αὐτὸν
2409 2823 2607 2893 χωρῶν
2651 2821 2932 2893 ἑώρταζον
2975 2822 3046 2876 τά
3086 2821 3363 2890 γενέθλια,
3404 2821 3663 2884 ἀπιόντες

2070 2917 2154 2978 εἰς
2215 2915 2650 2981 Ἀλεξάνδρειαν.
2713 2917 2916 2987 Ἰωσὴφ
2950 2914 3029 2982 δὲ,
3079 2913 3158 2984 τῷ
3207 2915 3356 2986 γήρᾳ
3401 2914 3666 2985 δυσκόμιο

2072 3025 2198 3072 στος
2233 3008 2349 3079 (50)
2382 3009 2648 3077 γεγονὼς,
2694 3009 2804 3062 τῶν
2837 3008 3048 3062 παίδων
3091 3009 3190 3062 ἐνα
3244 3009 3364 3061 ἐκεῖ
3399 3001 3664 3062 ἀπελθεῖν

2072 3101 2469 3173 προετρέπετο.
2495 3099 2617 3154 Τῶν
2642 3101 2699 3154 δέ
2737 3101 3132 3173 πρεσϐυτέρων
3172 3101 3662 3174 παραιτουμένων,

2071 3198 2101 3251 6
2147 3194 2420 3267 Ὑρκανὸς
2465 3195 2733 3249 κατέθετο
2787 3195 3074 3263 ἀπελθεῖν,
3124 3196 3221 3249 καὶ
3271 3195 3664 3249 συνεϐούλευσε

2001 3324 2046 3384 C
2214 3285 2385 3384 πατρὶ
2419 3284 2516 3384 *μὴ
2545 3285 2805 3384 ’πέμπειν
2856 3287 3088 3342 αὐτόθεν
3113 3287 3264 3360 δῶρα
3309 3287 3391 3358 τῷ
3427 3287 3664 3358 βασιλεῖ,

2078 3377 2381 3431 ἐπιστεῖλαι
2413 3375 2471 3430 δὲ
2502 3375 2581 3448 τῷ
2612 3379 2672 3430 ἐν
2718 3378 3101 3451 Ἀλεξανδρείᾳ
3157 3379 3434 3452 οἰκονόμῳ
3481 3397 3668 3452 παρα-

2079 3471 2228 3540 σχεῖν
2272 3468 2425 3539 αύτῷ
2493 3469 2738 3541 χρυσίον,
2785 3471 2877 3526 ῖνα
2905 3471 2975 3525 δι’
3006 3471 3177 3526 αὐτοῦ
3213 3472 3444 3544 πρίηται
3492 3473 3666 3546 δῶρα.

2087 3562 2149 3615 '0
2193 3562 2273 3627 δέ,
2309 3561 2405 3617 τὸν
2446 3562 2565 3618 υἰδν
2607 3563 2907 3628 ἐπαινέσας
2949 3564 3050 3636 τῆς
3085 3563 3422 3636 συμϐουλῆς,
3460 3566 3669 3638 γράφει

2076 3651 2156 3723 τῷ
2195 3653 2489 3725 οίκονόμῳ,
2525 3656 2638 3710 τῶν
2684 3656 2744 3709 ἐν
2798 3656 3186 3730 Ἀλεξανδρείᾳ
3221 3661 3528 3730 χρημάτων
3564 3659 3668 3714 οὐκ

2076 3743 2379 3800 ἐλαττόνων
2424 3746 2599 3802 όντων
2645 3747 2972 3820 τρισχιλίων
3027 3751 3334 3818 ταλάντων,
3366 3751 3553 3807 δοῦναι
3587 3751 3670 3824 τῷ

2079 3835 2180 3907 υίῷ
2223 3837 2484 3908 χρήματα
2529 3839 2675 3893 δσων
2721 3839 2788 3895 ἂν
2832 3840 3027 3914 δεηθῇ,
3081 3841 3312 3908 ἐλπίσας
3371 3844 3448 3916 μὴ
3495 3843 3675 3898 πλείω

2077 3930 2212 3985 δέκα
2249 3929 2474 3987 ἔσεσθαι
2498 3932 2785 3989 ταλάντων
2815 3935 2918 4006 τὴν
2946 3935 3043 3989 ἐπὶ
3076 3938 3144 4008 τῇ
3181 3936 3364 4009 δωρεᾷ
3389 3936 3486 3992 τοῦ
3515 3937 3673 4008 βασι-

2079 4025 2217 4090 λέως
2241 4024 2513 4096 δαπάνην.
2566 4025 2764 4081 Λαϐὼν
2788 4009 2884 4083 οὖν
2909 4026 3010 4100 τὴν
3036 4029 3337 4103 ἐπιστολὴν
3375 4031 3669 4104 Ὑρκανὸς,
3784 4011 3789 4019 ’

2078 4117 2248 4191 ἀπῄει
2277 4118 2417 4190 πρὸς
2454 4118 2894 4192 Ἀλεξάνδρειαν·
2935 4121 2984 4175 οἰ
3021 4120 3081 4176 δέ
3118 4121 3300 4176 λοιποὶ
3328 4121 3423 4177 τοῦ
3464 4123 3669 4193 Ἰωσὴφ

2081 4211 2274 4273 παῖδες
2304 4211 2582 4281 γράφουσι
2616 4212 2730 4276 τοῖς
2758 4214 3050 4285 πατρικοῖς
3071 4212 3314 4284 ἑταίροις
3354 4212 3675 4267 ἐπιϐουλεῦ-

2085 4318 2174 4356 σαι
2207 4301 2288 4372 τῷ
2331 4302 2608 4375 Ὑρκανῷ,
2661 4304 2758 4360 καὶ
2789 4303 3102 4376 διαφθεῖραι
3145 4305 3333 4360 αὐτόν.
3373 4303 3674 4376 Γενόμενος

2080 4393 2126 4448 δ’
2151 4395 2210 4448 ἐν
2253 4393 2663 4466 Ἀλεξανδρείᾳ,
2717 4397 2820 4467 τὴν
2866 4396 3166 4469 ἐπιστολὴν
3203 4396 3298 4450 τοῦ
3345 4396 3554 4466 πατρὸς
3594 4396 3674 4468 τῷ

2082 4487 2356 4558 οἰκονόμῳ
2384 4487 2666 4542 ἐπέδωκεν
2691 4502 2704 4518 ⁸
2747 4490 2776 4542 6
2804 4487 2864 4542 δὲ
2902 4489 3071 4561 ἤρετο
3110 4487 3297 4541 πόσων
3333 4487 3529 4559 χρῄζει
3573 4503 3675 4539 ται

2083 4581 2317 4646 λάντων,
2372 4584 2468 4634 καὶ
2514 4580 2595 4647 ὃς,
2646 4581 2887 4636 Χιλίωνο
2932 4584 2961 4636 6
3001 4581 3048 4636 δ’
3067 4581 3352 4653 οἰκονόμος
3395 4583 3457 4635 ού
3507 4579 3677 4633 πλείω

388 4683 810 4745 robustissimos
847 4687 905 4734 et
936 4677 1252 4731 litterarum
1291 4683 1492 4742 gnaros
1527 4666 1734 4722 talento
1783 4663 1971 4733 singu-

2084 4672 2217 4726 δέκα
2263 4674 2529 4746 παρεῖχεν
2550 4687 2565 4703 °
2597 4673 2880 4745 ὀργισθεὶς
2910 4674 2968 4728 δὲ
2995 4673 3024 4726 6
3059 4676 3213 4742 παῖς,
3258 4676 3352 4729 τὸν
3387 4675 3675 4745 οίκο.όμον

390 4781 479 4835 los
502 4777 662 4839 emit,
695 4782 751 4829 et
785 4769 1017 4827 totidem
1047 4765 1291 4837 virgines
1322 4759 1615 4818 tantidem.
1639 4756 1780 4813 Aliis
1814 4755 1983 4823 igitur

397 4873 538 4926 dena
564 4865 768 4922 talenta
801 4861 922 4934 regi
954 4855 1345 4922 offerentibus,
1383 4853 1452 4911 iis
1477 4865 1612 4909 vero
1637 4849 1734 4921 qui
1763 4844 1987 4903 muniﬁ-

392 4958 671 5017 centiores
699 4969 824 5011 esse
846 4949 1166 5015 studebant,
1199 4946 1390 5003 vicena
1421 4959 1532 5000 non
1562 4937 1942 5013 supergressis
1967 4955 1982 4993 :

391 5055 680 5127 Hyrcanus
712 5060 917 5119 pueros
942 5053 1000 5100 et
1044 5040 1288 5114 virgines
1317 5037 1433 5110 regi
1463 5045 1521 5092 et
1543 5034 1850 5106 Cleopatra:
1880 5030 1982 5087 ob-

392 5149 541 5213 tulit,
587 5157 826 5216 quorum
875 5137 1113 5211 quilibet
1161 5133 1381 5206 singula
1431 5131 1637 5187 talenta
1689 5127 1982 5184 aﬂ‘errent.

392 5241 580 5313 Regiis
616 5252 784 5312 porro
834 5232 1029 5291 amicis
1061 5241 1117 5288 et
1147 5226 1418 5285 ministris
1461 5225 1762 5280 multorum
1807 5221 1988 5276 talen-

394 5343 509 5390 tum
543 5347 776 5389 tnunera
821 5327 996 5385 dedit.
1025 5323 1356 5382 Ptolemaeus
1397 5330 1583 5376 autem
1623 5331 1856 5387 puerum
1887 5313 1986 5369 ad-

391 5429 642 5489 miratus,
667 5426 922 5480 hortatus
943 5429 1048 5486 est,
1072 5428 1134 5474 ut
1165 5423 1381 5488 peteret
1420 5426 1541 5484 quae
1576 5410 1759 5466 vellet.
1784 5409 1834 5464 Is
1855 5421 1990 5464 vero

393 5535 505 5575 non
557 5518 708 5573 aliud
755 5516 937 5588 petiit,
969 5513 1075 5568 nisi
1126 5519 1190 5567 ut
1229 5507 1376 5580 patri
1422 5515 1480 5562 et
1519 5504 1788 5560 fratribus
1827 5501 1898 5557 de
1928 5513 1990 5556 se

398 5610 687 5666 scriberet.
715 5609 776 5665 Id
806 5607 937 5666 fecit
964 5604 1317 5671 Ptolemaeus,
1341 5612 1582 5670 eumque
1603 5594 1864 5668 regaliter
1888 5592 1992 5648 do-

2088 4765 2383 4835 ἐδέσμησε.
2415 4765 2528 4818 Καὶ
2556 4766 2586 4819 6
2631 4766 2992 4838 Πτολεμαῖος,
3032 4767 3252 4833 στείλας
3286 4767 3426 4839 πρὸς
3468 4767 3677 4839 ’Υρκα-

2089 4857 2202 4923 νὸν,
2237 4855 2547 4928 θαυμάζειν
2570 4857 2749 4927 ἔλεγε,
2786 4859 2904 4924 πῶς
2931 4859 3054 4914 οὔτε
3075 4859 3234 4931 ὤφθη
3261 4860 3431 4932 αὐτῷ,
3462 4865 3558 4914 καὶ
3583 4863 3677 4914 τιν

2090 4946 2186 5002 τοῦ
2243 4948 2454 5020 πατρὸς
2511 4947 2702 5022 έδησεν
2772 4951 3088 5023 οἰκονόμον.
3141 4952 3202 5005 '0
3254 4952 3314 5006 δὲ
3368 4951 3444 5024 μὴ
3498 4951 3678 5006 ἐλθεῖν

2093 5037 2221 5110 ἐφη,
2268 5041 2582 5112 περιμένων
2613 5041 2906 5112 ἑτοιμάσαι
2944 5045 3017 5098 τά
3067 5043 3221 5116 δῶρα
3240 5061 3254 5074 ·
3283 5045 3378 5098 τὸν
3404 5046 3461 5098 δὲ
3489 5044 3678 5098 δοῦλον

2092 5131 2348 5199 κολάσαι,
2386 5127 2470 5196 οἷς
2510 5132 2778 5201 ἐπέταξεν
2822 5134 3242 5206 ἀπειθήσαντα·
3275 5135 3365 5189 διὰ
3419 5134 3596 5189 ταῦτα
3649 5137 3679 5189 6

2088 5221 2347 5294 βασιλεὺς
2385 5223 2486 5288 καίι
2532 5225 2788 5293 ἐγέλασε,
2824 5227 2919 5279 καὶ
2950 5227 3052 5297 τὴν
3081 5225 3177 5280 τοῦ
3207 5225 3399 5290 παιδὸς
3442 5226 3681 5296 μεγαλο-

2089 5312 2368 5386 φροσύνην
2413 5314 2751 5386 ἐθαύμασεν,
2817 5316 2878 5370 '0
2933 5318 2992 5371 δὲ
3049 5317 3253 5390 Ἀρίων
3301 5318 3329 5371 6
3364 5318 3675 5387 οἰκονόμος,

2087 5407 2252 5476 γνοὺς
2282 5407 2358 5471 ὡς
2387 5407 2490 5462 οὐκ
2524 5406 2676 5463 ἐστιν
2707 5409 2857 5480 αὐτῷ
2891 5411 3110 5481 ἀρωγὴ,
3133 5409 3260 5474 δοὺς
3297 5409 3370 5464 τὰ
3399 5402 3551 5480 χίλια
3578 5409 3678 5462 τά-

2097 5501 2290 5568 λαντα,
2342 5500 2452 5554 τῶν
2497 5501 2716 5572 δεσμῶν
2761 5503 2952 5576 ἐλύθη.
2989 5505 3049 5558 Ὀ
3091 5502 3359 5577 Ὑρκανὸς
3383 5503 3441 5556 δέ
3480 5503 3680 5566 παῖδας

2091 5593 2290 5650 ἑκατὸν
2333 5595 2744 5666 ἀκμαιοτάτους
2787 5600 2885 5655 καὶ
2917 5599 3232 5674 γράμματα
3258 5598 3477 5663 εἰδότας
3525 5597 3674 5670 ὡνη-

1591 5759 1795 5824 Variae
1824 5759 2134 5824 lectiones
2180 5767 2244 5824 et
2276 5767 2467 5824 uotae.

477 5866 590 5938 (50)
617 5868 1055 5938 Δυσκόμιστος.
1109 5865 1333 5925 Phrasis
1392 5863 1600 5923 nostris
1651 5863 1876 5933 usitata,
1906 5863 1998 5935 qui
2037 5862 2246 5919 n‘estoit
2285 5877 2380 5933 pas
2404 5861 2647 5933 portatif.
