4074 6450
396 389 505 449 369

1644 392 2054 456 ANNALIUM
2090 391 2236 453 LIB.
2287 393 2385 455 IV.

3577 394 3685 454 37o

400 523 554 565 σατο.
604 505 877 561 ταλάντου
913 506 1216 577 πριάμενος
1245 503 1498 572 ἕκαστον,
1542 508 1639 562 καὶ
1679 508 1989 580 παρθένους

2095 517 2281 562 natum
2323 503 2616 578 ablegavit.
2665 506 2885 562 Fratres
2929 521 3064 562 vero
3105 508 3328 578 cognito
3374 507 3684 563 honorifica

405 601 671 664 τοσαύτας
701 601 1057 655 ίσοταλάντου
1085 603 1272 673 τιμῆς.
1291 602 1413 656 Τῶν
1449 602 1582 670 γοῦν
1610 602 1790 657 ἀλλων
1811 604 1992 657 ἀπάν-

396 711 506 746 των
551 692 660 746 τῶν
709 694 810 764 μὲν
855 693 961 747 ἀνά
1000 694 1132 748 δέκα
1167 694 1409 748 τάλαντα
1463 696 1860 764 προσαγόντων
1911 695 1992 766 τῷ

400 785 632 853 βασιλεῖ,
681 785 794 839 τῶν
842 787 900 840 δὲ
943 787 1120 854 μείζω
1150 788 1516 858 δωρουμένων
1573 789 1673 856 οὐχ
1709 789 1988 859 ὑπερϐάν-

397 896 505 930 των
551 879 620 930 τά
670 879 899 938 είκοσιν,
954 881 982 932 6
1033 879 1302 951 Ὑρκανὸς
1345 883 1475 943 τοὺς
1505 881 1703 944 παῖδας
1745 881 1844 934 καὶ
1891 880 1992 944 τὰς

396 968 709 1040 παρθένους
743 970 822 1041 τῷ
847 971 1068 1042 βασιλεῖ
1095 973 1190 1026 καὶ
1221 975 1289 1044 τῇ
1319 973 1651 1044 Κλεοπάτρᾳ
1681 973 1995 1045 προσήνεγ-

397 1079 517 1128 κεν,
548 1055 624 1117 ὧν
647 1063 884 1130 ἕκαστος
908 1066 1005 1119 καὶ
1027 1065 1298 1120 τάλαντον
1317 1067 1504 1137 ἔφερε.
1533 1067 1646 1120 Καὶ
1671 1068 1789 1131 τοῖς
1819 1067 1996 1136 φίλοις

395 1157 456 1210 δὲ
506 1157 602 1211 τοῦ
659 1159 952 1228 βασιλέως,
1000 1162 1097 1215 καὶ
1157 1163 1271 1226 τοῖς
1336 1163 1469 1233 περὶ
1529 1161 1630 1232 τὴν
1690 1161 1995 1234 θεραπείαν

396 1249 564 1312 αὑτοῦ
599 1252 816 1306 πολλῶν
842 1253 1123 1308 ταλάντων
1149 1255 1303 1327 δῶρα
1336 1256 1666 1326 παρέσχετο.
1685 1254 1994 1324 Θαυμάσας

394 1342 454 1397 δὲ
500 1343 842 1414 Πτολεμαῖος
891 1347 984 1400 τὸν
1022 1347 1212 1414 παῖδα,
1257 1349 1433 1402 αίτεῖν
1469 1347 1506 1403 ἀ
1562 1346 1816 1418 βούλεται
1856 1364 1994 1417 προ-

393 1437 684 1509 ετρέπετο.
723 1439 784 1496 Ὀ
829 1439 886 1494 δὲ
922 1441 1078 1495 οὐδὲν
1109 1441 1313 1514 ᾔτησεν
1356 1440 1389 1511 ἢ
1422 1440 1500 1512 τῷ
1540 1440 1712 1510 πατρὶ
1742 1439 1840 1493 καὶ
1876 1440 1992 1504 τοῖς

396 1529 650 1601 ἀδελφοῖς
681 1530 895 1603 γράψαι
928 1534 1060 1603 περὶ
1084 1532 1277 1588 αὑτοῦ.
1300 1535 1366 1588 Ὃ
1393 1533 1629 1604 ποιήσας
1653 1532 1683 1585 6
1707 1529 1984 1603 βασιλεὺς,

397 1623 492 1675 καὶ
541 1624 842 1693 βασιλικῶς
889 1626 1042 1697 αύτῷ
1075 1627 1494 1699 δωρησάμενος,
1527 1623 1864 1695 ἐξέπεμψεν.
1919 1623 1986 1676 Ol

2098 599 2222 670 ejus
2268 599 2482 662 reditu,
2518 599 2739 654 obviam
2785 601 2990 669 egressi
3027 614 3178 665 sunt,
3224 603 3344 670 ejus
3375 604 3683 673 perimendi

2100 708 2266 748 causa
2287 733 2301 758 ,
2337 709 2404 746 ne
2437 704 2592 762 patre
2623 693 2846 762 quidem
2889 694 3164 765 refragato
3198 709 3265 748 ex
3298 694 3579 750 iracundia
3613 697 3684 750 ob

2101 782 2434 853 insumptam
2465 783 2778 852 pecuniam.
2814 783 3096 839 Fratribus
3122 799 3250 839 eum
3292 785 3525 850 adortis,
3559 801 3685 840 cum

2097 891 2166 930 ex
2199 890 2394 931 eorum
2435 875 2766 932 satellitibus
2797 877 2979 943 multi,
3017 885 3132 930 tum
3172 877 3417 946 ipsorum
3451 877 3563 931 duo
3593 893 3680 932 ce-

2097 967 2375 1023 ciderunt.
2420 966 2792 1034 Quamobrem
2828 968 3075 1034 territus,
3119 975 3176 1023 et
3208 968 3350 1023 ultra
3387 968 3685 1024 Iordanem

2098 1061 2401 1132 profectus,
2438 1061 2641 1116 bellum
2686 1061 2967 1117 Arabibus
2997 1061 3162 1134 204.
3195 1061 3425 1143 intulit:
3457 1071 3514 1116 et
3536 1077 3683 1116 sum-

2099 1162 2299 1223 ptuoso
2338 1153 2566 1208 castello
2603 1163 2908 1216 exstructo,
2959 1163 3146 1224 partes
3179 1155 3300 1209 illas
3335 1169 3432 1224 per
3475 1165 3685 1223 septrtu

2096 1263 2274 1304 annos
2322 1247 2534 1311 tenuit,
2573 1248 2817 1318 quandiu
2871 1249 3049 1320 Magni
3091 1249 3348 1304 Antiochi
3394 1247 3540 1302 filius
3584 1248 3685 1302 Se-

2098 1342 2296 1397 leucus
2334 1341 2505 1414 Syriae
2539 1343 2748 1412 potitus
2782 1350 2887 1397 est.
2935 1342 3035 1398 Cui
3085 1359 3210 1398 cum
3257 1342 3426 1397 frater
3489 1342 3683 1396 Antio-

2097 1435 2237 1490 chus
2256 1434 2575 1505 Epiphanes
2603 1440 2965 1492 successisset
2997 1439 3025 1491 ι’
3058 1452 3172 1506 prae
3210 1445 3357 1491 metu
3386 1436 3554 1499 illius,
3594 1451 3684 1489 ne-

2097 1544 2218 1584 cem
2261 1529 2371 1585 sibi
2413 1529 2704 1595 conscivit,
2738 1531 2900 1602 cujus
2930 1531 3220 1601 pecuniam
3265 1530 3575 1587 Antiochus
3601 1544 3686 1584 at“

2096 1622 2266 1693 cepit.

392 1713 454 1768 δὲ
484 1713 730 1785 ἀδελφοὶ,
767 1716 1037 1787 μαθόντες
1065 1718 1364 1773 ἐπανιόντα
1392 1719 1537 1789 μετά
1591 1718 1784 1788 τιμῆς,
1823 1713 2049 1786 ἐξῆλθον
2084 1716 2497 1786 ὑπαντήσαντες
2541 1716 2694 1788 αὐτῷ
2741 1717 2839 1771 καὶ
2900 1717 3347 1789 διαφθεροῦντες.
3406 1716 3546 1788 μηδέ
3595 1714 3685 1768 τοῦ

397 1809 609 1879 πατρὸς
663 1810 1017 1876 κωλύσαντος
1077 1813 1170 1866 ὑπ’
1200 1813 1376 1884 ὀργῆς
1415 1817 1516 1884 τῆς
1572 1810 1662 1866 διά
1721 1810 1822 1882 τὴν
1877 1811 1989 1864 τῶν
2027 1808 2334 1881 χρημάτων
2378 1811 2652 1883 δαπάνην.

2734 1813 3106 1884 Ἐπιθεμένων
3154 1813 3212 1866 δέ
3250 1813 3301 1866 of.
3375 1811 3485 1865 τῶν
3531 1809 3683 1864 ἀδελ--

393 1898 536 1968 φῶν,
561 1901 749 1955 πολλοί
778 1919 838 1956 τε
867 1903 977 1956 τῶν
1006 1903 1106 1957 σὺν
1133 1903 1324 1968 αὐτοῖς
1348 1903 1685 1969 έπεσον,καὶ
1745 1903 1805 1969 ἐξ
1869 1901 2054 1956 αὐτῶν
2091 1903 2209 1958 δύο.
2260 1903 2457 1966 Δείσας
2495 1899 2591 1958 οὖν
2637 1902 2729 1958 διὰ
2777 1903 2978 1968 ταῦτα,
3023 1907 3107 1968 είς
3153 1904 3217 1958 τὸ
3253 1904 3427 1974 πέραν
3468 1901 3686 1972 ἀπῆλθε

395 1993 492 2047 τοῦ
530 1994 828 2066 Ἰορδάνου,
855 1998 953 2050 καὶ
983 1996 1246 2068 ἐπολέμει
1277 1998 1396 2062 τοῖς
1429 1996 1661 2066 Ἄραψι,
1695 1997 1790 2050 καὶ
1822 1995 1983 2067 βάριν
2017 1998 2138 2052 ἐκεῖ
2199 1995 2475 2066 πολυτελῆ
2537 1996 3000 2069 ᾠκοδόμησε,καὶ
3023 1997 3262 2069 κατέσχε
3291 1997 3359 2050 τά
3396 1998 3514 2050 ἐκεῖ
3542 1995 3685 2066 μέρη

394 2086 492 2139 ἐπὶ
538 2085 635 2158 ἔτη
689 2087 854 2154 ἐπτά,
896 2089 984 2159 ἐφ’
1017 2089 1146 2144 ὅσον
1192 2091 1221 2144 6
1265 2089 1364 2144 τοῦ
1414 2089 1658 2160 μεγάλου
1707 2089 1988 2160 Ἀντιόχου
2029 2090 2149 2154 υίδς
2219 2089 2488 2155 Σέλευκος
2527 2092 2627 2161 τῆς
2665 2092 2870 2165 Συρίας
2937 2092 3236 2164 ἐκράτησε.
3266 2091 3472 2145 Τούτου
3501 2090 3558 2144 δὲ
3589 2089 3683 2142 θαι

393 2177 600 2244 νόντος,
637 2180 735 2234 καὶ
764 2178 860 2234 τοῦ
890 2179 1126 2251 ἀδελφοῦ
1156 2180 1328 2235 αὑτοῦ
1370 2180 1652 2251 Ἀντιόχου
1677 2178 1777 2251 τὴν
1805 2183 1984 2252 ἀρχὴν
2024 2182 2444 2254 διαδεξαμένου,
2466 2183 2560 2239 τοῦ
2630 2186 2963 2256 Ἐπιφανοῦς
2992 2185 3355 2258 καλουμένου,
3419 2183 3686 2256 φοϐηθεὶς

392 2276 426 2328 6
474 2275 739 2347 Ὑρκανὸς
772 2277 960 2344 αὑτὸν,
1001 2277 1262 2349 αὐτόχειρ
1296 2278 1494 2333 ἑαυτοῦ
1521 2278 1761 2348 γίνεται.
1804 2277 1994 2331 καὶτά
2031 2279 2298 2350 χρήματα
2333 2279 2502 2333 αὑτοῦ
2539 2282 2568 2333 6
2604 2280 2882 2353 Ἀντίοχος
2909 2280 3098 2335 ἔλαϐε.

469 2390 570 2448 18⁸.
610 2393 860 2465 Τελευτᾷ
890 2392 950 2447 δὲ
991 2394 1092 2449 καὶ
1131 2395 1161 2448 6
1213 2392 1522 2466 Ἐπιφανής
1557 2393 1923 2465 Πτολεμαῖος.
1966 2394 1991 2448 6

2168 2393 2311 2450 XIX.
2365 2395 2660 2452 Ptolemaeo
2692 2411 2914 2467 quoque
2965 2398 3252 2469 Epiphane
3300 2398 3522 2471 Egypti
3565 2414 3687 2470 rege

392 2487 498 2559 τῆς
539 2486 825 2556 Αἰγύπτου
868 2488 1112 2561 κρατῶν,
1144 2488 1241 2544 δύο
1277 2489 1478 2553 παῖδας
1507 2488 1818 2550 νεωτάτους
1846 2487 1990 2543 πάνυ

393 2580 744 2636 καταλιπών·
778 2574 856 2637 ὧν
890 2585 920 2636 6
944 2582 1045 2654 μὲν
1077 2582 1412 2654 Φιλομήτωρ
1439 2582 1730 2653 ἐκέκλητο,
1761 2581 1992 2635 Φύσκων

391 2677 455 2731 δέ
506 2691 572 2744 γε
623 2676 653 2729 6
703 2673 929 2746 ἕτερος·
968 2674 1180 2730 τούτων
1240 2675 1672 2747 καταφρονήσας
1716 2673 1992 2746 Ἀντίοχος

395 2767 689 2841 στρατεύει
745 2767 833 2821 ἐπ’
860 2767 1168 2836 Αῐγυπτονο
1210 2765 1330 2821 ἀλλ’
1358 2763 1718 2837 ἀπεκρούσθη
1760 2763 1990 2837 ταύτης,

395 2863 508 2916 τῶν
547 2859 841 2932 Ῥωμαίων
869 2859 1180 2930 ἀπέχεσθαι
1211 2859 1314 2930 τῆς
1349 2857 1540 2930 χώρας
1583 2857 1992 2928 ἐντειλαμένων

396 2953 574 3022 αὐτῷ.
639 2951 887 3008 Ἐκεῖθεν
931 2953 980 3006 δ’
1021 2950 1286 3019 ἐπανιὼν,
1344 2952 1438 3007 ἐπὶ
1501 2949 1568 3004 τὰ
1631 2949 1989 3022 Ἰεροσόλυμα

395 3048 652 3118 ὥρμησε,
700 3046 797 3100 καὶ
834 3044 1069 3116 κατέσχε
1109 3044 1211 3116 τὴν
1245 3044 1402 3098 πόλιν
1437 3043 1711 3114 ἀμαχητὶ,
1745 3042 1994 3110 ἀνοιξάν-

396 3157 509 3194 των
563 3137 715 3209 αύτῷ
765 3137 868 3202 τὰς
920 3137 1123 3202 πύλας,
1180 3137 1298 3190 ὅσοι
1335 3138 1435 3208 τῆς
1491 3137 1708 3192 ἐκείνου
1763 3135 1994 3207 γνώμης

394 3232 723 3304 ἐτύγχανον.
763 3232 1036 3296 Θανόντος
1061 3234 1172 3303 γὰρ
1213 3232 1394 3285 Ὀνίου
1421 3230 1516 3286 τοῦ
1545 3231 1879 3304 ἀρχιερέως,
1911 3229 1988 3299 τῷ

398 3324 618 3396 ἀδελφῷ
662 3323 828 3378 αὐτοῦ
893 3323 1074 3394 Ἰησοῦ
1140 3323 1415 3395 Ἀντίοχος
1471 3323 1574 3394 τὴν
1623 3323 1792 3394 τιμὴν
1848 3339 1994 3392 παρα

399 3420 595 3491 ἐσχεν·
636 3418 918 3490 ὀργισθεὶς
957 3417 1014 3470 δὲ
1053 3415 1229 3485 αὐτῷ,
1266 3415 1425 3480 αὖθις
1475 3415 1555 3488 τῷ
1587 3417 1847 3488 νεωτέρῳ
1891 3415 1994 3486 τὴν

398 3511 825 3585 ἀρχιερωσύνην
883 3510 1194 3582 ἀπένειμεν
1255 3509 1495 3581 ἀδελφῷ,
1572 3510 1726 3580 Ὀνία
1786 3510 1990 3564 καλου-

400 3611 570 3681 μένῳ.
599 3609 805 3680 Σίμωνι
835 3607 947 3678 γάρ
982 3607 1154 3679 τριῶν
1187 3606 1501 3678 γενομένων
1531 3607 1761 3669 παίδων,
1789 3606 1885 3660 καὶ
1911 3589 1992 3671 εἰς

2095 2499 2338 2555 mortuo,
2367 2488 2587 2544 duobus
2634 2490 2881 2559 parvulis
2920 2489 3106 2546 ﬁliolis
3164 2492 3396 2556 relictis,
3446 2507 3687 2561 quorum

2094 2583 2235 2636 alter
2255 2581 2618 2647 Philometor,
2644 2583 2788 2638 alter
2820 2582 3067 2655 Physcon
3109 2584 3415 2640 vocabatur
3446 2601 3460 2637 :
3493 2584 3684 2640 Antio-

2095 2675 2259 2742 chus,
2289 2684 2456 2730 :etate
2483 2691 2781 2744 puerorum
2809 2684 3148 2746 contempta,
3183 2676 3484 2757 Egyptum
3541 2679 3687 2734 bello

2095 2766 2256 2837 petit,
2291 2765 2360 2822 ab
2387 2780 2563 2836 eaque
2585 2767 2842 2836 repulsus
2879 2777 2988 2833 est,
3019 2767 3286 2824 Romanis
3309 2769 3685 2831 ediceutibus.

2095 2867 2158 2914 ut
2187 2858 2279 2914 illa
2312 2859 2598 2929 provincia
2637 2859 2961 2916 abstineret.
2995 2861 3128 2916 Inde
3157 2861 3400 2927 rediens,
3426 2863 3683 2919 Hierosoo

2095 2952 2238 3024 lyma
2259 2953 2569 3019 contendit,
2595 2953 2847 3024 urbcque
2859 2956 2999 3010 citra
3017 2955 3432 3012 dimicationem
3457 2958 3684 3027 potitur,

2093 3046 2305 3112 apertis
2327 3046 2504 3116 portis
2538 3062 2639 3116 per
2669 3046 2846 3117 ipsius
2895 3047 3178 3104 studiosos
3235 3060 3509 3119 receptus.
3547 3051 3684 3105 Nam

2094 3147 2220 3209 post
2249 3139 2464 3194 obitum
2504 3139 2658 3197 Oniaz
2684 3141 2984 3211 pontificis,
3019 3142 3330 3198 Antiochus
3357 3143 3682 3213 dignitatem

2096 3231 2246 3288 illam
2293 3231 2352 3288 in
2395 3233 2584 3289 Jesum
2643 3235 2869 3290 fratrem
2927 3236 3077 3291 illius
3133 3238 3687 3310 contuleratzeique

2096 3323 2292 3390 iratus,
2333 3325 2493 3381 fratri
2523 3327 2644 3398 ejus
2666 3327 2866 3382 minori
2903 3328 3226 3396 tradiderat,
3252 3331 3478 3386 nomine
3507 3329 3683 3387 Onite.

2094 3417 2230 3472 Nam
2259 3434 2384 3473 cum
2415 3417 2604 3474 Simon
2631 3429 2745 3475 tres
2766 3421 2908 3476 filios
2926 3423 3281 3494 suscepisset,
3313 3425 3682 3480 sacerdotium

2096 3511 2164 3566 ad
2196 3527 2324 3568 eum
2351 3527 2545 3569 omnes
2568 3515 2818 3584 pervenit
2847 3531 2859 3565 :
2895 3530 2960 3570 ac
2985 3517 3147 3572 Jesus
3178 3533 3238 3573 se
3260 3517 3520 3574 Iasonem
3575 3534 3680 3574 no-

2097 3605 2350 3669 minavit,
2384 3604 2552 3660 Onias
2574 3606 2908 3670 Menelaum,
2966 3619 3200 3677 ortoque
3261 3609 3496 3665 dissidio
3541 3611 3686 3666 inter

395 3706 526 3768 τοὺς
563 3704 716 3774 τρεῖς
756 3703 790 3772 ή
829 3699 1216 3774 ἀρχιερωσύνη
1247 3698 1610 3771 περιελήλυθε
1635 3715 1650 3732 ο
1691 3700 1787 3752 καὶ
1827 3699 1857 3751 6
1891 3699 1991 3768 μὲν

2100 3695 2220 3762 bos,
2250 3697 2675 3768 populiquoque
2701 3699 3013 3754 secessione
3034 3699 3200 3766 facta,
3228 3701 3416 3771 plures
3437 3700 3684 3758 aJaSODe

410 3795 622 3869 Ἰησοῦς
671 3794 898 3848 Ἰάσωνα
951 3795 1345 3863 μετωνόμασεν
1393 3791 1607 3858 ἐαυτὸν,
1639 3793 1667 3844 6
1707 3790 1765 3844 δὲ
1811 3791 1990 3854 Ὀνίας

399 3889 718 3946 Μενέλαον·
761 3887 1160 3949 στασιάσαντος
1197 3880 1291 3938 οὖν
1345 3884 1441 3938 τοῦ
1488 3882 1667 3954 Ἰησοῦ
1713 3883 1850 3955 πρὸς
1901 3883 1992 3936 τὸν

410 3983 617 4048 Ὀνίαν,
651 3982 745 4034 τὸν
771 3983 867 4034 καὶ
895 3979 1198 4042 Μενέλαον,
1217 3979 1317 4032 καὶ
1348 3978 1376 4031 6
1399 3976 1528 4038 λαὸς
1568 3975 1834 4046 ἐμερίσθη
1853 3991 1866 4005 ·
1897 3974 1993 4028 καὶ

395 4078 446 4128 οἱ
479 4075 581 4141 μὲν
615 4074 835 4138 πλείους
865 4073 940 4142 τῷ
986 4072 1201 4124 Ἰάσωνι
1233 4069 1648 4140 προσετίθεντο,
1682 4069 1732 4122 oi
1764 4068 1808 4122 δ’
1840 4067 1993 4122 ἄλλοι

393 4169 478 4238 τῷ
509 4162 850 4239 Με-.ελάῳ,ᾧ
879 4169 975 4220 καὶ
998 4168 1046 4220 οἱ
1079 4166 1291 4218 Τωϐίου
1318 4165 1510 4228 παῖδες
1538 4160 1680 4234 ἦσαν
1715 4181 1993 4232 συνεπαρ-

396 4262 651 4331 ήτοντες.
687 4259 1176 4329 Καταπονούμενοι
1205 4259 1261 4311 δὲ
1300 4261 1416 4321 τοῖς
1458 4258 1724 4322 πλείοσιν,
1754 4253 1902 4311 οὗτοί
1931 4276 1991 4312 τε

396 4356 497 4409 καὶ
545 4356 575 4409 6
626 4354 910 4417 Μενέλαος
945 4355 1085 4424 πρὸς
1128 4352 1406 4422 Ἀντίοχον
1459 4351 1842 4422 ἀνεχώρησαν,
1895 4351 1993 4406 καὶ

394 4448 528 4511 τοὺς
587 4449 854 4510 πατρίους
905 4447 1109 4516 νόμους
1181 4445 1457 4508 λιπόντες,
1517 4444 1838 4514 ἡλλήνισαν,
1893 4445 1992 4500 καὶ

391 4542 499 4611 τὴν
521 4543 633 4594 τῶν
664 4542 881 4595 αἰδοίων
914 4539 1223 4610 περιτομὴν
1253 4537 1610 4608 ἐπεκάλυψαν
1647 4539 1992 4592 ἐπισπάσανο

391 4655 510 4702 τες.
545 4638 670 4692 Τῶν
720 4634 852 4706 γοῦν
895 4634 1000 4705 τῆς
1031 4634 1243 4687 τούτων
1275 4632 1472 4704 μοίρας
1507 4632 1846 4697 ἀνοιξάντων
1890 4635 1992 4696 τάς

396 4732 580 4794 πύλας
624 4729 727 4797 τῆς
771 4727 984 4790 πόλεως
1017 4725 1097 4798 τῷ
1140 4727 1434 4795 Ἐπιφανεῖ
1467 4723 1753 4795 Ἀντιόχῳ,
1778 4725 1990 4796 ἐγκρα-

393 4827 498 4898 τὴς
549 4826 761 4886 ἐκεῖνος
793 4821 895 4890 τῆς
953 4819 1166 4882 πόλεως
1216 4818 1440 4886 γέγονε,
1471 4817 1566 4870 καὶ
1600 4817 1834 4882 πολλοὺς
1888 4819 1990 4889 μὲν

391 4919 716 4978 ἀπέκτεινε,
752 4913 1018 4985 χρήματα
1049 4912 1108 4964 δὲ
1140 4910 1312 4965 πολλά
1367 4911 1630 4981 συλήσας,
1663 4912 1744 4970 εἰς
1780 4911 1990 4965 Ἀντιό-

391 5027 552 5082 χειαν
580 5007 942 5072 ἐπανέςευξε.
980 5003 1136 5059 Μετὰ
1166 5004 1226 5058 δὲ
1254 5003 1349 5058 δύο
1370 5004 1466 5076 ἔτη
1503 4999 1662 5068 αὖθις
1700 5006 1782 5068 είς
1825 5005 1991 5077 Ἰερο-

2096 3797 2393 3854 steterunt,
2425 3791 2962 3856 eaeteriaMenelao,
3017 3793 3106 3848 cui
3161 3803 3219 3849 et
3277 3793 3465 3851 Tobiae
3520 3795 3691 3850 liberi

2095 3896 2258 3951 Opem
2288 3881 2556 3938 tulerunt.
2589 3881 2697 3938 Sed
2719 3897 2846 3938 cum
2886 3899 2917 3938 a
2949 3886 3146 3956 majori
3199 3897 3354 3956 parte
3405 3887 3686 3958 opprime-

2095 3986 2307 4039 rentur,
2340 3973 2409 4030 ad
2458 3973 2791 4030 Antiochum
2851 3990 2910 4030 se
2971 3979 3354 4044 contulerunt,
3396 3989 3453 4034 et
3486 3982 3686 4050 patriis

2099 4067 2372 4122 institutis
2401 4069 2660 4130 desertis,
2685 4067 3003 4124 Graecorum
3024 4086 3210 4127 mores
3229 4080 3362 4126 sunt
3389 4075 3628 4143 amplexi
3665 4094 3679 4130 :

2095 4164 2381 4230 ascitoque
2421 4161 2712 4230 praeputio,
2764 4162 3152 4232 pudendorum
3202 4164 3682 4224 eireumeisionem

2096 4255 2282 4308 velare
2313 4254 2668 4308 studuerttnt.
2699 4254 2784 4310 Ab
2816 4259 3016 4311 horum
3042 4257 3210 4327 igitur
3238 4257 3479 4315 factione
3509 4261 3684 4330 portis

2095 4347 2321 4419 apertis,
2357 4348 2496 4402 urbe
2515 4349 2725 4417 potitus
2749 4349 3057 4406 Antiochus
3102 4351 3440 4421 Epiphanes,
3491 4354 3684 4411 multis

2095 4440 2313 4502 occisis,
2349 4455 2546 4511 magna
2571 4442 2803 4510 pecunia
2855 4453 3032 4510 rapta,
3086 4443 3436 4500 Antiochiam
3489 4449 3676 4504 rediit.

2095 4532 2329 4586 Biennio
2351 4541 2475 4602 post
2495 4533 2677 4587 denuo
2710 4532 3088 4606 Hierosolyma
3119 4537 3390 4606 ascendit,
3439 4550 3496 4595 et
3542 4542 3682 4598 urbe

2095 4625 2225 4681 dolo
2259 4633 2549 4697 occupata,
2585 4641 2655 4680 ne
2710 4627 2778 4682 iis
2819 4629 3047 4698 quidem
3109 4633 3380 4700 pepercit,
3417 4649 3448 4689 a
3479 4635 3682 4707 quibus

2096 4727 2354 4790 receptus
2385 4719 2563 4775 fuerat
2591 4737 2604 4774 :
2639 4720 2733 4775 sed
2761 4730 2816 4776 et
2845 4723 3050 4793 templo
3071 4725 3328 4794 spoliato,
3357 4737 3414 4784 et
3448 4731 3684 4786 abscon-

2095 4811 2230 4868 ditis
2263 4813 2540 4870 thesauris
2562 4813 2783 4882 ablatis,
2814 4823 2872 4870 et
2896 4815 3159 4887 legitimis
3194 4821 3486 4878 sacrificiis
3511 4825 3683 4880 inter-

2095 4904 2298 4967 dictis,
2333 4916 2392 4963 et
2438 4907 2577 4962 urbe
2606 4907 2848 4978 direpta,
2909 4919 2967 4966 et
3013 4914 3216 4983 populo
3265 4917 3464 4985 partim
3515 4933 3678 4982 creso,

2095 4997 2297 5067 partim
2329 5006 2514 5068 capto,
2541 5006 2596 5054 et
2632 4999 3006 5070 pulcherrima
3035 5004 3188 5060 urbis
3217 5015 3374 5075 parte
3429 5008 3677 5072 incensa,

391 5104 611 5174 σόλυμα
657 5100 826 5171 ἀνέϐη
871 5099 1168 5170 Ἀντίοχος,
1200 5097 1294 5150 καὶ
1328 5097 1516 5168 ἀπάτῃ
1568 5097 1853 5169 κρατήσας
1884 5101 1985 5170 τῆς

2095 5099 2148 5146 et
2167 5091 2350 5161 porcis
2378 5092 2435 5146 in
2468 5095 2675 5164 templo
2701 5096 3018 5162 immolatis,
3057 5098 3276 5153 tandem
3309 5101 3511 5156 moenia
3543 5116 3682 5170 quo-

391 5193 633 5260 πόλεως,
687 5191 811 5245 ούδέ
865 5191 977 5245 τῶν
1029 5187 1438 5260 είσδεξαμένων
1489 5189 1654 5242 αὑτὸν
1700 5189 1984 5260 ἐφείσατο,

389 5285 536 5343 ἀλλά
579 5285 677 5339 καὶ⁵
721 5285 815 5338 τὸν
854 5284 983 5338 ναὸν
1035 5283 1304 5354 συλήσας,
1337 5280 1434 5337 καὶ
1465 5281 1594 5345 τοὺς
1626 5282 1985 5352 ἀποκρύφους

392 5379 710 5450 θησαυροὺς
762 5377 1141 5448 ἀφελόμενος,
1199 5376 1300 5440 τάς
1348 5393 1408 5430 τε
1466 5375 1737 5446 νομίμους
1791 5375 1987 5442 θυσίας

392 5471 673 5536 κωλύσας,
715 5472 812 5525 καὶ
854 5469 954 5541 τὴν
1000 5469 1159 5523 πόλιν
1204 5469 1539 5540 διαρπάσας,
1576 5470 1672 5523 καὶ
1719 5469 1849 5532 τοὺς
1887 5470 1988 5538 μὲν

391 5567 494 5619 τοῦ
534 5563 670 5618 λαοῦ
713 5564 956 5628 κτείνας,
989 5564 1118 5628 τοὺς
1146 5563 1193 5618 δ’
1227 5562 1617 5634 αἰχμαλώτους
1656 5561 1989 5633 ἀπαγαγὼν,

395 5658 496 5712 καὶ
545 5658 844 5728 ἐμπρήσας
891 5657 962 5711 τὰ
993 5658 1094 5727 τῆς
1128 5657 1341 5721 πόλεως
1393 5657 1678 5717 κάλλιστα.
1713 5657 1812 5709 καὶ
1855 5655 1993 5722 σύας

393 5751 569 5814 θύσας
617 5751 676 5801 ἐν
703 5749 784 5820 τῷ
826 5749 962 5820 ναῷ,
996 5750 1150 5814 τέλος
1191 5750 1288 5803 καὶ
1317 5749 1386 5804 τά
1416 5749 1574 5821 τείχη
1607 5749 1852 5816 καθεῖλε,
1894 5753 1992 5806 καὶ

391 5843 493 5901 τὴν
525 5841 586 5897 ἐν
615 5839 686 5912 τῇ
719 5839 872 5896 κάτω
908 5840 1061 5895 πόλει
1091 5841 1270 5899 ἀκοαν
1313 5841 1704 5908 οἰκοδομήσας,
1741 5841 1991 5907 φρουρὰν

2095 5199 2205 5254 que
2244 5185 2420 5241 diruit
2452 5206 2467 5243 :
2508 5197 2902 5260 exstructaque
2935 5204 3060 5245 arce
3105 5191 3384 5246 inferioris
3413 5191 3588 5256 urbis,
3623 5204 3681 5248 et

2094 5277 2453 5338 Macedonico
2509 5283 2770 5352 praesidio
2835 5283 3114 5354 imposito,
3173 5284 3435 5353 populum
3495 5288 3677 5357 coegit

2097 5391 2230 5432 suos
2256 5376 2392 5433 deos
2432 5378 2638 5443 colere,
2665 5390 2718 5434 et
2753 5379 3180 5434 circumcisione
3220 5394 3519 5447 puerorum
3556 5384 3681 5435 abs-

2097 5471 2296 5535 tinere,
2344 5471 2551 5528 relictis
2591 5471 2688 5537 ibi,
2724 5471 2817 5542 qui
2861 5474 2927 5526 ad
2969 5473 3069 5525 ista
3113 5471 3364 5525 facienda
3419 5474 3570 5528 cives
3626 5475 3679 5527 vi

2091 5563 2510 5633 compellerent.
2570 5561 2690 5628 Quo
2733 5573 2982 5632 tempore
3045 5561 3340 5617 Eleazarus
3397 5563 3685 5633 sacerdos.

2090 5657 2321 5727 ejusque
2352 5656 2613 5725 discipuli
2641 5655 2962 5718 Machabzei,
3017 5669 3142 5708 eum
3197 5664 3372 5710 matre
3419 5671 3516 5710 sua
3578 5673 3678 5727 pro

2091 5750 2406 5806 divinarum
2435 5748 2596 5819 205
2615 5749 2796 5819 legum
2822 5748 3176 5803 observantia
3197 5751 3499 5804 certamina
3526 5751 3676 5804 obic-

2093 5851 2240 5896 ruut.
2273 5841 2365 5896 Λα·
2388 5839 2422 5894 ii
2455 5839 2549 5904 qui
2575 5839 2682 5894 vim
2721 5838 2996 5896 susti::ere
3042 5855 3151 5896 non
3190 5847 3465 5906 poterant.
3499 5839 3684 5906 impe-
