4074 6460
374 395 481 464 371

1665 399 1700 461 J
1707 399 1914 462 OANN
1921 399 1996 461 IS
2037 397 2362 460 ZONAR/ﬁ

3571 395 3684 460 8'2

376 527 498 576 rata
524 514 804 573 iaciebant
839 527 855 566 :
894 513 990 586 qui
1021 528 1157 571 vero
1179 513 1470 586 generosis
1497 513 1714 586 praediti
1746 515 1969 580 animis,

2079 513 2412 568 Μακεδόνων
2445 511 2508 564 ἐν
2538 508 2717 584 ταύτῃ
2747 509 3102 580 κατέστησεν
3124 526 3137 541 ·
3169 507 3447 582 ἠνάγκαζε
3500 506 3555 562 δὲ
3587 509 3682 563 καὶ

378 609 807 682 ἰηίσυίεειιὶειίε
859 607 1322 672 adversabantur,
1371 606 1589 663 acerbis
1633 607 1979 662 cruciatibus

379 702 705 767 interibant,
733 708 827 756 aut
857 701 1165 756 semineces
1190 699 1246 754 in
1277 713 1474 755 cruces
1517 699 1846 770 agebantur.
1870 699 1979 754 Eo—

379 809 505 850 rum
533 809 669 850 vero
695 807 918 852 uxores.
944 792 1132 862 pueris
1155 806 1296 862 quos
1349 789 1856 856 circumcidissent,
1907 788 1977 846 de

380 887 542 943 collis
568 902 761 942 carum
795 888 1106 959 suspensis,
1139 887 1412 958 tyrannici
1467 887 1738 944 satellites
1774 887 1976 957 laqueo

377 981 776 1050 praefocabant.
807 980 968 1048 Quod
1001 980 1176 1036 sicubi
1228 981 1433 1036 librum
1493 980 1778 1036 ﬂebraicae
1826 979 1977 1036 Scri-

378 1081 556 1142 pturae
589 1073 955 1139 invenissent,
998 1088 1124 1129 eum
1153 1072 1472 1138 abolebant,
1503 1088 1822 1144 possessore
1875 1073 1979 1127 mi-

377 1166 691 1223 serabiliter
709 1167 1024 1223 interfecto.
1052 1167 1242 1238 Itaque
1266 1166 1599 1223 Samaritani
1629 1182 1741 1222 non
1781 1169 1892 1238 jam
1915 1182 1974 1224 se

375 1255 694 1311 Iudaeorum
745 1266 1010 1328 cognatos
1057 1257 1328 1328 proilteri,
1379 1257 1475 1312 sed
1539 1255 1802 1312 Sidonios
1852 1274 1974 1315 sese

377 1351 689 1413 nominare,
725 1358 780 1404 et
813 1348 1143 1405 Gariziniam
1169 1347 1342 1404 aadem
1365 1348 1666 1404 Graecanici
1697 1349 1850 1405 Iovis
1880 1365 1975 1420 ap-

378 1439 607 1509 pellare.
645 1440 919 1498 Caeterum
949 1451 1070 1498 erat
1095 1451 1208 1496 tum
1263 1441 1526 1498 sacerdos
1567 1445 1795 1520 nomine
1838 1443 1972 1498 Mat-

379 1533 601 1596 tathias.
643 1533 792 1590 ﬁlius
820 1535 1072 1600 Joannis,
1113 1536 1372 1607 Symonis
1416 1552 1611 1607 nepos,
1661 1537 1972 1593 Asamonaei

377 1641 678 1695 pronepos,
715 1629 960 1696 quinque
995 1628 1232 1684 filiorum
1267 1638 1445 1700 pater,
1495 1629 1726 1686 Joannis
1770 1645 1974 1700 cogno-

378 1729 567 1775 mento
601 1718 830 1782 Gatldis,
883 1719 1126 1776 Simonis
1177 1721 1390 1788 Tathis,
1453 1719 1611 1776 Juda:
1649 1721 1970 1787 Machabmi,

376 1814 621 1868 Eleazari
677 1815 858 1880 Aut-ae,
894 1815 1148 1870 Jonathie
1189 1814 1390 1884 Appbi.
1422 1814 1560 1871 Cum
1600 1825 1787 1870 autem
1835 1814 1972 1885 rcgii

2083 607 2146 662 τὸ
2183 605 2390 678 πλῆθος
2414 604 2546 668 τοὺς
2573 603 2666 657 ὑπ’
2698 603 2868 657 αὑτοῦ
2904 603 3298 675 νομιζομένους
3330 602 3487 667 θεοὺς
3522 603 3680 654 σέϐε-

2083 702 2232 768 σθαι,
2256 699 2354 754 καὶ
2381 699 2450 753 τὰ
2474 699 2645 754 τέκνα
2675 698 2750 769 μὴ
2793 697 3174 766 περιτέμνειν
3208 699 3304 751 καὶ
3333 696 3461 756 τοὺς
3496 696 3682 768 βιαζο-

2082 795 2286 865 μένους
2328 792 2506 848 ταῦτα
2537 791 2803 861 πράττειν
2830 790 3148 845 κατέλιπεν.
3185 791 3318 844 Ὅτε
3353 791 3452 844 καὶ
3490 792 3682 848 Ἐλεά-

2079 886 2185 958 ζαρ
2216 888 2244 940 6
2263 887 2466 958 ἱερεὺς,
2502 886 2597 938 καὶ
2626 884 2675 937 oi
2703 882 2896 938 τούτου
2917 884 3193 952 φοιτηταί,
3224 884 3273 936 oi
3317 885 3680 942 Μακκαϐαῖοι

2075 978 2304 1051 δηλαδὴ,
2334 980 2433 1035 σὺν
2463 981 2529 1052 τῇ
2565 977 2806 1052 σφετέρᾳ
2833 978 3004 1050 μητρὶ
3027 979 3126 1050 τῆς
3160 977 3270 1031 τῶν
3302 977 3469 1031 θείων
3496 981 3682 1048 νόμιον

2078 1074 2332 1144 φυλακῆς
2373 1075 2789 1148 ὕπερήθλησαν.
2824 1075 2888 1130 Oi
2925 1075 3025 1146 μὲν
3055 1070 3151 1128 οὖν
3181 1077 3247 1146 τῇ
3302 1074 3395 1144 βίᾳ.
3426 1074 3673 1144 νικώμε-

2079 1184 2182 1233 νοι,
2237 1169 2352 1230 τοῖς
2408 1167 2876 1238 ἐπι-τεταγμένοις
2924 1167 3246 1220 ὲπείθοντο’
3305 1167 3422 1222 ὅσοι
3468 1167 3526 1220 δὲ
3579 1167 3682 1230 τὰς

2076 1259 2258 1331 ψυχὰς
2296 1259 2598 1332 ἐτύγχανον
2649 1261 2919 1329 εὐγενεῖς,
2959 1259 3035 1330 μὴ
3070 1261 3397 1323 ὑπείκοντες
3425 1261 3548 1323 ταῖς
3579 1277 3684 1313 πα-

2079 1353 2341 1422 ρανόμοις
2387 1355 2703 1422 ἐπιταγαῖς,
2739 1352 2958 1424 πικρῶς
3013 1354 3070 1405 ἔν
3124 1352 3387 1424 βασάνοις
3439 1352 3681 1422 ἀπέθνη-

2080 1461 2232 1509 σκον,
2279 1446 2312 1516 ἢ
2347 1445 2426 1500 ἔτι
2466 1445 2667 1517 μικρὸν
2695 1447 3029 1516 ἐμπνέοντες
3059 1445 3525 1514 ἀνεσταυροῦντο.
3565 1445 3680 1507 Τὰς

2075 1541 2132 1594 δὲ
2175 1543 2447 1610 γυναῖκας
2497 1540 2704 1606 αὐτῶν,
2739 1541 2834 1594 καὶ
2865 1541 2993 1604 τοὺς
3046 1541 3252 1603 παῖδας
3289 1538 3383 1603 οὓς
3423 1540 3678 1608 περιέτε-

2079 1652 2235 1704 μνον,
2271 1636 2336 1688 ὲκ
2367 1633 2478 1688 τῶν
2507 1636 2804 1706 τραχήλων
2844 1634 3030 1688 αὐτῶν
3053 1633 3402 1706 ἐξαρτῶντες
3424 1632 3680 1704 ἀπῆγχον

2074 1729 2126 1783 οί
2156 1725 2252 1781 τοῦ
2282 1727 2556 1797 τυράννου
2581 1728 2882 1799 ὑπηρέται.
2909 1727 3022 1780 Καὶ
3049 1727 3227 1780 εῖτιου
3261 1725 3447 1796 βίϐλος
3474 1726 3676 1796 εὑρέθη

2075 1821 2179 1891 τῆς
2231 1819 2537 1892 Ἐϐραῖκῆς
2580 1819 2834 1890 Γραφῆς,
2883 1819 3064 1890 αὐτήν
3117 1835 3179 1872 τε
3239 1818 3531 1888 ἠφάνιζον,
3584 1817 3680 1870 καὶ

375 1907 647 1964 satellites
672 1908 725 1960 in
747 1923 940 1961 eorum
968 1909 1150 1962 vicum
1191 1909 1501 1974 venissent,
1545 1917 1598 1962 et
1627 1907 1970 1962 Mattatbiam

2079 1917 2206 1979 τοὺς
2249 1891 2756 1984 ἔχονταςνοίκτρῶς
2799 1912 3092 1966 ἁπόλλυον.
3137 1910 3236 1964 Διὰ
3275 1909 3453 1965 ταῦτα
3488 1912 3536 1963 oi
3574 1911 3664 1963 Σα-

377 1998 644 2068 primum,
682 2007 736 2052 ut
774 1999 1011 2055 aliorum
1053 2000 1385 2071 principem,
1449 1999 1560 2054 ritu
1606 1998 1800 2055 Graeco
1854 2014 1972 2054 rem

377 2091 624 2146 divinam
656 2092 836 2148 facere
856 2091 1197 2164 jussissent:
1232 2091 1352 2164 ipse
1382 2107 1510 2148 cum
1579 2090 1708 2147 ﬁliis
1764 2093 1971 2157 renuit,

378 2185 571 2240 etalio
599 2186 694 2256 qui
732 2187 1095 2252 sacriﬁcarat,
1158 2193 1216 2243 et
1265 2185 1408 2242 duce
1455 2185 1645 2256 Apelle
1699 2185 1973 2257 tyrannici

379 2279 548 2335 edicti
577 2281 833 2335 ministro
863 2295 962 2350 per
994 2280 1434 2352 indignationem
1482 2279 1814 2345 interiectis,
1847 2293 1972 2336 ara-

377 2387 490 2443 que
512 2389 729 2435 eversa.
749 2375 804 2429 in
822 2375 1181 2432 soiitudinem
1202 2375 1510 2432 contendit.
1532 2373 1972 2442 Quorumtemu-

376 2464 589 2521 latione
618 2466 712 2520 alii
737 2482 962 2537 quoque
991 2468 1149 2523 multi
1182 2467 1424 2535 incitati,
1447 2483 1578 2523 cum
1608 2468 1884 2524 uxoribus
1917 2479 1976 2526 et

378 2558 791 2615 liberiseotlem
848 2559 1251 2630 profugientes,
1315 2560 1373 2616 in
1434 2560 1723 2631 speluncis
1802 2561 1972 2617 vitam

376 2663 631 2722 egerunt.
684 2651 886 2707 Verum
926 2652 1182 2709 Antiochi
1227 2653 1400 2710 duces
1446 2653 1755 2711 contractis
1799 2653 1976 2725 copiis

373 2760 474 2799 eos
505 2744 564 2798 in
595 2742 838 2800 Sabbato
872 2748 1135 2816 aggressi,
1171 2746 1379 2802 multos
1413 2745 1475 2800 in
1504 2745 1808 2817 speluncis,
1861 2762 1972 2802 non

375 2844 748 2906 repugnantes
768 2837 840 2892 ob
854 2835 980 2892 festi
997 2838 1194 2901 otium,
1219 2838 1670 2895 combusseruut.
1693 2839 1799 2906 Qui
1830 2839 1972 2894 cladi

374 2928 787 2999 superfuerant,
821 2929 890 2985 ad
932 2929 1272 2986 Mattathiam
1336 2930 1728 3002 confugerunt.
1781 2932 1832 2986 Is
1874 2947 1974 2988 eos

376 3021 632 3076 hortatus
657 3063 673 3088 ,
707 3032 768 3076 ut
816 3021 874 3076 in
932 3022 1188 3078 Sabbatis
1210 3023 1377 3079 etiam
1418 3035 1751 3095 pugnarent,
1803 3039 1873 3080 ne
1899 3025 1970 3079 ab

376 3113 631 3170 hostibus
665 3115 1016 3173 occasionem
1056 3115 1181 3170 festi
1219 3117 1576 3186 captantibus
1607 3116 1834 3187 impune
1865 3131 1972 3173 cm-

2081 2009 2342 2078 μαρεῖται
2381 2005 2570 2059 οὐκέτι
2619 2007 2857 2069 ἑαυτοὺς
2906 2003 3022 2058 τῶν
3062 2004 3342 2057 Ἰουδαίων
3391 2004 3678 2070 συγγενεῖς

2076 2100 2419 2172 ὡμολόγουν,
2463 2097 2605 2152 ἀλλὰ
2649 2097 2938 2160 Σιδωνίους
2969 2097 3265 2166 ὠνόμαζον
3295 2096 3548 2160 ἑαυτοὺς,
3582 2096 3679 2149 καὶ

2077 2195 2137 2248 τδ
2175 2197 2235 2248 ὲν
2263 2193 2343 2265 τῷ
2389 2190 2618 2262 Γαριζιν
2654 2191 2788 2260 παρ’
2821 2191 3010 2254 αὐτοῖς
3039 2190 3190 2261 ἱερὸν
3233 2189 3520 2258 Ἑλληνίου
3552 2188 3676 2249 Διὸς

2077 2289 2557 2358 προσηγόρευσαν.
2600 2281 2714 2340 Ἦν
2773 2285 2831 2338 δὲ
2887 2301 2974 2346 τις
3028 2285 3153 2336 τότε
3209 2283 3398 2356 ἱερεὺς
3445 2282 3676 2351 ὀνόματι

2075 2381 2419 2446 Ματταθίας,
2455 2381 2571 2444 υίὸς
2610 2378 2892 2442 Ἰωάννου,
2931 2377 3027 2432 τοῦ
3072 2375 3330 2447 Συμεὼν,
3360 2374 3457 2429 τοῦ
3517 2376 3678 2428 Ἀσα-

2081 2473 2345 2544 μωναίου,
2371 2468 2415 2541 ᾧ
2437 2468 2582 2544 ἦσαν
2610 2471 2717 2526 υἱοὶ
2757 2470 2945 2534 πέντε,
2987 2467 3250 2537 Ἰωάννης
3277 2469 3304 2520 ό
3333 2465 3678 2537 καλούμενος

2075 2565 2305 2636 Γαδδῆς,
2345 2565 2530 2636 Σίμων
2575 2565 2603 2619 6
2645 2561 2872 2631 κληθεὶς
2921 2559 3130 2630 Θαθῑκ,
3185 2557 3390 2621 Ἰούδας
3415 2560 3447 2612 6
3473 2555 3677 2610 καλού-

2081 2677 2242 2730 μενος
2293 2657 2682 2729 Μακκαϐαῖος,
2717 2654 2990 2725 Ἐλεάζαρ
3033 2654 3063 2707 ό
3112 2651 3412 2721 λεγόμενος
3464 2647 3674 2720 Λῦραν,

2090 2753 2356 2808 Ἰωνάθαν
2380 2753 2413 2805 ὁ
2439 2751 2784 2823 κεκλημένος
2823 2748 3090 2819 Ἀφφοῦς.
3135 2747 3434 2802 Ἐλθόντων
3467 2746 3561 2800 οὖν
3593 2747 3675 2810 είς

2076 2846 2181 2915 τὴν
2208 2844 2412 2916 κώμην
2443 2843 2630 2898 αὐτῶν
2667 2843 2776 2896 τῶν
2811 2841 3140 2912 βασιλικῶν,
3173 2841 3267 2893 καὶ
3299 2839 3450 2894 θύειν
3483 2838 3675 2892 κελευ-

2077 2938 2249 2992 όντων
2298 2936 2727 3006 καθ”Ἐλληνας
2778 2935 2876 2989 τὸν
2921 2933 3251 2988 Ματταθίαν
3301 2933 3542 3002 πρῶτον,
3598 2929 3676 2993 ὡς

2076 3030 2189 3083 τῶν
2218 3029 2398 3083 ἄλλων
2430 3028 2810 3102 πρωτεύοντα,
2849 3029 3060 3090 ἐκεῖνος
3092 3027 3346 3079 ἀνένευεν
3373 3041 3387 3054 ·
3421 3025 3496 3087 ὡς
3541 3023 3585 3075 δ’
3615 3024 3675 3074 ἒς

2077 3123 2240 3178 θυσεν
2271 3122 2482 3196 ἕτερος,
2515 3122 2686 3194 ζήλου
2707 3121 2978 3193 πλησθεὶς
3012 3121 3041 3172 ό
3071 3118 3393 3180 Ματταθίας
3428 3117 3527 3170 σὺν
3557 3118 3672 3178 τοῖς

375 3208 665 3272 derentur,
702 3208 952 3263 collectis
981 3208 1216 3274 viribus,
1258 3218 1316 3264 et
1357 3224 1480 3264 aras
1505 3210 1728 3274 evertit,
1774 3222 1833 3264 et
1867 3225 1967 3266 ne-

2079 3216 2248 3281 υί-έσι,
2284 3216 2380 3268 τὸν
2429 3214 2674 3269 θύσαντά
2703 3231 2761 3268 τε
2800 3215 3121 3277 ἀπέκτεινε,
3161 3211 3256 3267 καὶ
3300 3209 3392 3262 τὸν
3432 3227 3674 3278 στρατη-

376 3300 530 3354 fariis
560 3300 733 3354 sacris
764 3299 1006 3369 pollutos
1021 3301 1254 3367 occidit,
1288 3311 1344 3356 et
1379 3316 1586 3370 pueros
1644 3302 1971 3357 circumcidi

372 3391 555 3462 jussit.
587 3390 668 3448 Ita
696 3389 934 3462 imperio
967 3407 1067 3462 per
1115 3408 1288 3448 unum
1325 3408 1532 3448 annum
1591 3403 1768 3465 gesto,
1833 3393 1976 3448 tilios

375 3484 446 3539 ad
471 3484 827 3540 concordiam
859 3493 916 3542 et
951 3485 1037 3542 sui
1068 3486 1480 3543 mulationem
1513 3487 1864 3551 cohortatus,
1891 3496 1976 3552 ut,

376 3575 424 3632 Si
461 3593 604 3648 opus
619 3585 788 3645 esset,
822 3593 930 3648 pro.
953 3578 1076 3650 lege
1106 3594 1212 3635 nec
1244 3587 1486 3636 mortem
1514 3589 1784 3650 oppetere
1816 3579 1984 3637 dubi-

379 3679 586 3737 tarent,
625 3687 693 3728 ex
717 3671 916 3729 morbo
957 3671 1227 3729 decessit.

2073 3305 2169 3374 γον
2223 3304 2514 3377 Ἀπελλῆν,
2567 3305 2627 3368 ὃς
2672 3304 2826 3358 θύειν
2869 3301 3178 3375 ἠνάγκαζε,
3230 3302 3326 3356 καὶ
3359 3300 3452 3353 τὸν
3491 3299 3677 3369 βωμὸν

2075 3396 2350 3460 καθελὼν,
2400 3397 2541 3468 μετὰ
2571 3396 2689 3450 τῶν
2730 3397 2864 3450 υίῶν
2896 3395 3232 3468 ἐξώρμησεν
3269 3396 3350 3456 είς
3391 3393 3491 3463 τὴν
3541 3392 3676 3460 ἐρη-

2084 3509 2205 3561 μον.
2235 3489 2432 3545 Πολλοὶ
2459 3490 2514 3545 δὲ
2549 3490 2646 3544 καὶ
2668 3490 2842 3554 ἄλλοι,
2873 3490 3098 3552 τούτους
3126 3485 3494 3557 ζηλώσαντες,
3532 3485 3674 3554 μετὰ

2083 3584 2199 3639 τῶν
2233 3583 2516 3652 γυναικῶν
2546 3583 2642 3636 καὶ
2668 3582 2778 3636 τῶν
2810 3582 3018 3636 τέκνων
3052 3581 3257 3649 ἔφυγον
3285 3580 3364 3640 είς
3398 3580 3498 3647 τήν
3544 3575 3675 3644 ἔρη-

2092 3693 2221 3747 μον,
2253 3677 2352 3730 καὶ
2383 3678 2442 3730 ὲν
2493 3673 2783 3746 σπηλαίοις
2805 3673 3019 3744 διῆγον.
3055 3673 3120 3727 Οἱ
3151 3669 3243 3724 τοῦ
3286 3669 3570 3737 Ἀντιόχου
3618 3664 3677 3720 δὲ

379 3766 705 3839 στρατηγοὶ.
740 3766 974 3838 δύναμιν
1024 3766 1412 3839 ἀθροίσαντες,
1463 3768 1711 3840 ἐπῆλθον
1751 3770 1964 3836 αὐτοῖς,
2008 3772 2106 3826 καὶ
2133 3771 2573 3840 προσϐάλλουσιν
2631 3771 2690 3822 ἐν
2749 3769 3038 3839 Σαϐϐάτῳ,
3071 3768 3165 3820 καὶ
3196 3763 3430 3826 πολλοὺς
3461 3763 3518 3813 ὲν
3551 3761 3671 3820 τοῖς

379 3862 670 3934 σπηλαίοις
699 3859 1060 3930 κατέφλεξαν,
1100 3861 1224 3914 οὐδὲ
1253 3861 1635 3932 ἀμυνομένοπ
1675 3860 1770 3915 διὰ¹
1822 3861 1884 3915 τὸ
1943 3864 2044 3932 τῆς
2082 3862 2300 3932 ἡμέρας
2348 3861 2541 3932 ἀργόν.
2592 3863 2658 3914 Oi
2705 3860 2760 3914 δὲ
2812 3857 3198 3920 διασωθέντες,
3247 3854 3324 3924 τῷ
3373 3849 3666 3920 Ματταθίᾳ.

378 3955 732 4028 προσέθεντο.
773 3955 832 4008 Ὁ
857 3953 1037 4009 δὲκαὶ
1068 3957 1127 4009 ὲν
1155 3956 1459 4020 Σαϐϐάτοις
1493 3957 1694 4019 αὐτοὺς
1760 3955 1998 4030 παρῄνει
2042 3957 2336 4026 μάχεσθαι,
2379 3958 2467 4010 ἵνα
2537 3957 2612 4026 μὴ
2663 3955 2885 4018 ἀπόνως
2932 3953 3134 4015 αὐτοὺς
3175 3947 3572 4022 διαφθείρωσιν
3619 3946 3670 3996 οἱ

378 4051 634 4121 πολέμιοι
687 4051 938 4113 ἐπιόντες
999 4049 1144 4103 κατὰ
1175 4049 1248 4103 τὰ.
1281 4048 1573 4107 Σάϐϐατα·
1633 4048 1964 4119 συναγαγὼν
2003 4046 2100 4105 οὖν
2135 4049 2367 4120 δύναμιν
2409 4052 2437 4104 6
2502 4048 2848 4110 Ματταθίας,
2893 4047 3020 4110 τούς
3049 4061 3110 4098 τε
3141 4043 3361 4114 βωμοὺς
3427 4038 3672 4102 καθεῖλε,

379 4146 478 4201 καὶ
519 4146 648 4210 τοὺς
685 4144 1066 4212 ἀσεϐήσαντας
1105 4145 1338 4211 ἔκτεινε,
1372 4146 1468 4200 καὶ
1510 4145 1638 4208 τοὺς
1671 4143 1748 4216 μὴ
1813 4145 2263 4218 περιτμηθέντας
2289 4144 2400 4198 τῶν
2435 4144 2644 4196 παίδων
2703 4141 2958 4195 ἐκέλευσε
3022 4133 3473 4208 περιτέμνεσθαι.
3539 4133 3677 4200 ’Δρ-

380 4243 479 4312 ξας
525 4242 585 4299 δὲ
633 4241 723 4297 ἐπ’
752 4240 1026 4308 ἐνιαυτὸν,
1075 4243 1170 4296 καὶ
1219 4242 1483 4312 νοσήσας,
1515 4243 1628 4304 τοῖς
1665 4239 1826 4294 παισὶ
1883 4241 1976 4296 τὸν
2016 4241 2185 4297 αὑτοῦ
2211 4238 2374 4310 ζῆλον
2441 4239 2731 4310 μιμεῖσθαι
2794 4235 3093 4308 παρῄνεσε,
3122 4232 3219 4288 καὶ
3257 4231 3404 4303 ὑπὲρ
3452 4229 3553 4284 τῶν
3585 4229 3675 4282 νό-

383 4338 589 4406 μων,εί
619 4336 830 4408 δεήσει,
864 4335 1075 4400 θανεῖν,
1093 4335 1190 4390 καὶ
1219 4334 1473 4406 ἀλλήλοις
1492 4337 1762 4404 ὁμονοεῖν.
1781 4332 1974 4388 Ταῦτα
2011 4334 2199 4396 αὐτοῖς
2223 4332 2630 4401 ἐντειλάμενος,
2660 4329 3008 4400 ἐτελεύτησε.

451 4429 570 4487 XX.
599 4430 770 4488 Judas
794 4430 952 4489 illius
993 4429 1141 4485 ﬁlius
1169 4429 1264 4498 qui
1292 4437 1349 4484 et
1379 4427 1748 4494 M‘acbabaeus,
1786 4443 1972 4483 rerum

2157 4429 2242 4481 K'.
2271 4426 2384 4493 Τὴν
2425 4425 2485 4479 δὲ
2531 4423 2644 4478 τῶν
2694 4423 3041 4494 πραγμάτων
3087 4415 3426 4492 προστασίαν
3469 4416 3501 4470 6
3543 4416 3677 4478 παῖς

384 4523 871 4581 administratione
911 4530 1192 4591 suscepta,
1217 4521 1452 4576 fratrum
1487 4533 1546 4576 et
1597 4521 1834 4576 aliorum
1869 4534 1974 4589 ope

2085 4519 2252 4574 αὐτοῦ
2297 4518 2524 4584 Ἰούδας,
2543 4520 2570 4572 6
2601 4517 2698 4572 καὶ
2729 4515 3120 4580 Μακκαϐαῖος,
3154 4511 3555 4585 περιεζώσατο,
3577 4509 3676 4562 καὶ

386 4615 854 4674 hostibusJudaea
878 4614 1143 4685 expulsis.
1186 4613 1484 4683 populares
1513 4628 1543 4667 a
1579 4612 1786 4682 quibus
1831 4612 1974 4681 leges

2089 4614 2483 4683 συναραμένων
2533 4610 2685 4683 αύτῷ
2735 4610 2846 4664 τῶν
2895 4626 2957 4663 τε
3001 4607 3287 4678 συγγόνων
3328 4606 3426 4661 καὶ
3474 4602 3674 4666 ἄλλων,

385 4710 606 4765 violata:
634 4714 816 4773 erant,
837 4705 1126 4776 suppliciis
1147 4704 1355 4768 altecit,
1385 4711 1442 4758 et
1472 4703 1828 4774 Apollonium
1879 4701 1979 4758 Sa-

384 4803 577 4860 maria:
606 4810 899 4875 praetorem
927 4814 1056 4857 cum
1079 4798 1317 4854 maxima
1341 4799 1507 4870 206
1528 4797 1809 4854 exercitus
1823 4807 1980 4868 parte

382 4896 607 4954 cecidit.
639 4895 762 4963 Quo
782 4893 988 4949 Cilicia:
1013 4901 1217 4962 praetor
1255 4891 1507 4963 cognito,
1530 4906 1656 4948 eum
1681 4904 1977 4962 aggressus

379 5001 470 5047 est
513 5007 527 5044 :
567 4988 664 5045 sed
707 4985 1052 5059 proﬂigatus,
1089 4984 1146 5039 in
1184 4984 1308 5056 fuga
1337 5000 1462 5040 cum
1493 4983 1686 5040 multis
1746 4998 1980 5040 suorum

381 5083 606 5142 cecidit.
635 5080 1009 5151 Quamobrem
1047 5080 1226 5135 iratus
1251 5077 1586 5145 Antiochus,
1625 5077 1800 5150 Lysia;
1841 5092 1974 5133 sua-

379 5194 507 5233 rum
541 5190 730 5232 rerqu
782 5172 1029 5229 curatori
1069 5171 1256 5246 jussit,
1307 5181 1370 5227 ut
1421 5169 1666 5227 Iudaeam
1730 5170 1973 5241 subigat,

381 5271 762 5344 Hierosolyma
791 5275 1024 5334 evertat,
1051 5277 1106 5322 et
1130 5274 1350 5338 gentem
1385 5265 1490 5322 sub
1512 5280 1718 5322 corona
1749 5263 1971 5321 vendas.

382 5369 436 5425 is
462 5383 588 5424 cum
612 5376 728 5421 tres
751 5361 924 5418 duces
951 5376 1076 5418 cum
1110 5359 1434 5431 ingentibus
1491 5357 1675 5429 copiis
1706 5358 1972 5424 misisset,

382 5459 554 5515 ludas
576 5456 824 5513 hostium
857 5451 1222 5509 multitudine
1241 5462 1564 5522 conspecta,
1603 5465 1736 5507 suos
1767 5451 1976 5508 milites

383 5551 646 5608 fiduciam
677 5551 736 5606 in
772 5550 886 5605 Deo
911 5544 1372 5616 col-locarejussit
1400 5562 1415 5599 :
1449 5551 1505 5600 et
1526 5545 1744 5622 vesperi
1787 5560 1976 5601 caena-

383 5655 496 5708 tus,
536 5643 750 5698 crebris
780 5641 933 5712 pyris
967 5641 1023 5694 in
1055 5639 1251 5696 castris
1271 5637 1544 5706 accensis,
1582 5647 1976 5709 nocturnoque

382 5736 584 5793 itinere
620 5734 790 5798 facto,
823 5732 969 5788 circa
1008 5733 1318 5811 diluculum
1375 5731 1565 5788 hostes
1610 5731 1862 5797 adortus,
1918 5731 1975 5787 in

382 5842 569 5900 pugna
603 5835 660 5881 et
689 5827 817 5896 iuga
859 5825 1001 5879 ultra
1045 5826 1150 5878 tria
1196 5825 1369 5879 millia
1406 5825 1704 5882 interfecit.
1745 5825 1791 5880 A
1827 5824 1974 5881 caule

187 5993 199 6002 _
300 5985 305 5990 _
393 5917 640 5978 hostium
670 5933 947 5987 reversus,
985 5917 1436 6001 castramdiripuit
1465 5938 1476 5976 :
1510 5920 1768 5992 ctopima
1793 5919 1976 5990 prada

2081 4706 2210 4770 τοὺς
2257 4705 2554 4777 πολεμίους
2598 4706 2663 4758 ὲκ
2692 4707 2791 4775 τῆς
2840 4702 3027 4776 χώρας
3077 4701 3361 4766 ἀπώσατο,
3397 4697 3496 4754 καὶ
3547 4698 3676 4758 τοὺς

2085 4796 2589 4869 παρανομήσαντας
2621 4795 2731 4849 τῶν
2763 4795 3055 4866 ὁμοφύλων
3092 4793 3373 4848 ἐκόλασεν.
3397 4787 3675 4846 Ἀπολλώ-

2085 4905 2199 4952 νιος
2227 4889 2285 4942 δὲ
2315 4889 2343 4943 6
2372 4887 2473 4959 τῆς
2505 4887 2824 4961 Σαμαρείας
2841 4885 3176 4958 στρατηγὸς,
3201 4885 3346 4939 κατὰ
3363 4882 3459 4938 τοῦ
3501 4879 3676 4937 Ἰούδα

2083 4981 2448 5054 στρατεύσας,
2478 4982 2642 5046 αὐτός
2695 4999 2755 5035 τε
2799 4979 3014 5044 πίπτει,
3043 4978 3138 5034 καὶ
3169 4975 3412 5035 πλεῖστοι
3443 4973 3552 5028 τῶν
3576 4972 3676 5026 σὺν

2081 5073 2254 5146 αὐτῷ.
2279 5073 2460 5144 ’Δπερ
2477 5073 2504 5125 6
2522 5073 2621 5144 τῆς
2639 5071 2895 5136 Κιλικίας
2915 5069 3104 5142 μαθὼν
3118 5066 3450 5138 στρατηγὸς,
3469 5061 3675 5132 ἐπῆλθε

2081 5167 2228 5224 κατὰ
2277 5167 2372 5222 τοῦ
2419 5165 2816 5228 Μακκαϐαίου,
2860 5164 2960 5220 καὶ
3013 5159 3346 5233 συμϐαλλὼν
3384 5157 3672 5227 τρέπεται,

2081 5261 2178 5315 καὶ
2233 5260 2458 5333 θνήσκει
2480 5274 2494 5290 ’
2527 5259 2580 5313 oi
2608 5258 2652 5313 8?
2686 5259 2779 5312 ὑπ’
2814 5257 2980 5312 αὑτὸν
3017 5251 3590 5327 ἔφυγον.Ἑπιδιὼξας
3615 5248 3675 5302 δὲ

2079 5354 2108 5406 6
2142 5351 2370 5418 Ἰούδας,
2410 5350 2639 5416 πολλοὺς
2671 5349 2860 5405 αὐτῶν
2881 5350 3195 5403 ἀπέκτεινε.
3227 5345 3331 5400 Διὰ
3355 5343 3534 5400 ταῦτα
3561 5341 3675 5397 τοί-

2081 5467 2177 5506 νυν
2197 5450 2475 5524 ὀργισθεὶς
2500 5453 2529 5505 6
2557 5450 2856 5520 Ἀντίοχος,
2881 5447 3061 5520 Λυσία
3085 5444 3170 5517 τῷ·
3188 5445 3300 5498 τῶν
3328 5440 3672 5513 πραγμάτων

2081 5545 2250 5602 αὐτοῦ
2284 5545 2568 5615 ἐπιτρόπῳ
2596 5540 3088 5612 καταστρέψασθαι
3123 5539 3225 5609 τὴν.
3255 5538 3518 5593 Ἰουδαίαν
3549 5536 3674 5589 ixi-

2079 5639 2265 5706 λευσε,
2293 5637 2389 5693 καὶ⁹
2417 5637 2479 5691 τὸ
2509 5637 2667 5699 ἔθνος,
2693 5632 3216 5706 ἀνδραποδίσασθαι,
3250 5631 3346 5685 καὶ
3386 5627 3669 5684 κατασκά-

2080 5733 2180 5803 ψαι
2239 5731 2342 5803 τὴν
2413 5728 2796 5801 Ἰερουσαλήμ.
2839 5727 2898 5780 '0
2947 5727 3030 5791 δὲ,
3078 5727 3234 5796 τρεῖς
3277 5722 3670 5801 ἐπιλεξάμενος

2083 5826 2416 5898 στατηγοῦς,
2453 5823 2668 5895 ἔπεμψε
2705 5821 2846 5894 μετὰ
2880 5819 3105 5893 βαρείας
3127 5818 3436 5889 δυνάμεως.
3469 5814 3673 5878 Ἰούδας

2090 5920 2168 5989 δὲ,
2209 5921 2265 5974 τὸ
2301 5919 2500 5989 πλῆθος
2529 5918 2634 5974 τῶν
2667 5915 2923 5973 ἐναντίων
2964 5914 3108 5981 ἰδὼν,
3137 5914 3230 5970 ἐπὶ
3256 5914 3346 5969 τὸν
3365 5911 3501 5967 Θεὸν
3528 5909 3673 5966 τιοι.
