4074 6402
388 341 500 403 3ἷό
1236 350 1246 357 ’
1666 341 1997 403 ANNALIU

2115 340 2259 403 LIB.
2307 345 2403 405 1v.
2498 312 2501 313 ί
3577 340 3685 402 374

391 474 481 506 ναι
513 455 612 518 τάς
644 453 871 518 ἐλπίδας
925 456 1161 528 παρῄνει
1218 457 1332 519 τοῖς
1365 456 1484 526 μετ’
1526 457 1716 512 αὑτοῦ.
1748 459 1856 512 Kal.
1884 457 1991 511 δειο

2102 459 2422 532 magnisque
2454 459 2654 530 opibus
2687 459 2881 530 partis,
2914 458 3071 512 hetus
3101 458 3325 510 domum
3359 475 3416 512 se
3450 461 3679 528 recepit.

389 548 602 617 πιήσας
643 546 909 616 ἑσπέρας,
951 550 1102 618 πυρά
1133 565 1190 600 τε
1225 548 1398 602 πολλά
1434 550 1490 601 ἐν
1521 548 1598 618 τῷ
1631 552 1986 622 στρατοπέδῳ

2093 551 2357 621 Sequenti
2408 568 2553 606 anno
2601 550 2812 622 Lysias,
2857 549 3111 618 pluribus
3153 550 3326 618 eupiis
3378 549 3592 607 accitis.
3633 550 3686 604 in

385 639 578 704 λιπὼν,
603 639 692 693 διὰ
721 640 819 708 τῆς
861 641 1056 705 νυκτὸς
1106 634 1356 706 ὁδεύσας,
1401 642 1709 696 ἐπιτίθεται
1747 646 1859 708 τοῖς
1891 646 1986 698 τοῦ

2090 639 2335 695 εἰυιιςιιειῐη
2356 641 2777 710 impressionem
2803 639 2954 702 fecit,
2981 653 3219 708 quorum
3249 639 3690 708 przeeursoribus

387 734 664 803 Ἀντιόχου
695 734 822 803 περὶ
853 734 944 786 τὸν
978 734 1186 806 ὄρθρον
1209 753 1222 766 ·
1252 737 1347 788 καὶ
1384 736 1608 798 πολλοὺς
1661 737 1761 806 μὲν
1807 738 1982 808 μαχό-

2093 747 2123 786 a
2148 733 2288 787 Jutla
2326 734 2626 803 superatis,
2661 734 2936 802 reliquum
2983 733 3288 787 exercitum
3332 733 3687 788 Antiochiam

385 842 547 893 μενος
603 825 918 889 ἀπέκτεινε,
948 829 1073 890 τοὺς
1103 827 1158 878 δέ
1208 825 1433 890 λοιποὺς
1480 828 1811 893 δτώκων,ῶς
1843 830 1984 902 ὑπὲρ

2091 825 2333 888 reduxit,
2373 836 2433 882 ut
2461 841 2585 880 cum
2630 825 2823 895 majori
2854 840 3085 879 numero
3107 823 3354 881 Iudaeam
3387 832 3686 894 repeteret.

383 916 713 988 τ,·ισχιλίους
791 918 1002 973 πεσεῖν.
1075 917 1188 971 Kal.
1269 917 1409 988 μετὰ
1485 917 1585 989 τὴν
1657 915 1827 992 ἧτταν
1879 921 1988 975 τῶν

2091 917 2262 974 Judas
2281 928 2467 974 autem
2486 917 2551 972 ad
2582 918 2991 988 repurgandum
3017 916 3282 986 templum
3307 916 3685 988 Hierosolyma

381 1008 642 1062 ἐναντίων
691 1008 1010 1064 ἐπανελθὼν
1046 1011 1075 1064 6
1100 1009 1328 1075 Ἰούδας,
1363 1011 1664 1065 ἐσκύλευσε
1691 1013 1753 1066 τὸ
1779 1012 1986 1068 τούτων

2092 1013 2396 1084 profectus,
2422 1027 2548 1068 cum
2582 1012 2638 1068 id
2669 1012 2950 1068 desertum
2988 1019 3044 1068 et
3111 1010 3313 1066 alicubi
3379 1017 3686 1066 crematum

380 1102 772 1172 στρατόπεδον,
825 1103 920 1158 καὶ
965 1102 1119 1158 λείαν
1168 1103 1372 1176 πολλὴν
1427 1104 1661 1160 πλοῦτόν
1698 1125 1757 1161 τε
1803 1107 1987 1161 λαϐὼν

2093 1105 2416 1176 reperisset,
2437 1105 2610 1172 ﬂevit,
2636 1121 2817 1177 eoque
2840 1114 3164 1176 repurgato,
3201 1119 3330 1160 rasa
3353 1119 3494 1158 nova
3521 1118 3685 1158 aurea

383 1193 649 1265 ἄφθονον,
677 1195 756 1258 είς
787 1194 887 1262 τὴν
915 1196 1132 1250 οἰκείαν
1184 1196 1495 1267 ὑπέστρεψε
1540 1196 1769 1269 χαίρων.
1802 1199 1893 1268 Τῷ
1930 1199 1988 1253 δ’

2093 1197 2301 1265 intulit,
2333 1199 2688 1264 candelabra,
2712 1213 2982 1264 mensam,
3019 1213 3170 1252 aram
3205 1216 3218 1254 :
3262 1205 3320 1252 et
3362 1212 3567 1252 novum
3603 1211 3691 1250 sa-

379 1283 590 1336 ἐπιόντι
645 1282 878 1356 ἐνιαυτῷ
923 1287 1244 1357 στράτευμα
1279 1287 1467 1341 πλεῖον
1499 1288 1525 1340 6
1549 1288 1756 1352 Λυσίας
1794 1288 1984 1360 ἀθροί-

2091 1292 2334 1347 erarium
2369 1308 2434 1347 ex
2466 1292 2743 1362 lapidibus
2789 1291 2937 1347 ferro
2983 1307 3094 1346 non
3146 1290 3349 1346 excisis
3388 1290 3683 1353 exstruxit,

378 1392 503 1443 σας,
535 1377 790 1432 ἐνέϐαλεν
820 1380 901 1444 είς
925 1379 1025 1452 τὴν
1055 1380 1346 1438 Ἰουδαίαν.
1374 1380 1485 1437 Kal.
1517 1385 1632 1446 τοῖς
1650 1383 1984 1455 προδρόμοις

2089 1384 2279 1448 sumit,
2312 1386 2630 1440 holocausta
2660 1368 2882 1450 obtulit,
2913 1399 3087 1456 panes
3117 1385 3376 1439 inmensa
3403 1383 3681 1454 apposuit.

378 1467 575 1522 τούτου
628 1470 911 1542 συμμίξας
940 1474 968 1526 6
1014 1471 1244 1538 Ἰούδας,
1303 1474 1448 1546 νικᾷ.
1499 1474 1592 1528 Διὸ
1641 1473 1740 1546 τὴν
1789 1475 1984 1547 λοιπὴν

2090 1475 2216 1531 llaec
2276 1475 2469 1531 eadem
2527 1475 2617 1532 die
2658 1475 2797 1531 facta
2845 1488 2996 1541 sunt,
3042 1492 3158 1546 quo
3215 1476 3483 1546 templum
3567 1476 3687 1545 pol-

377 1560 614 1633 δύναμιν
643 1563 672 1614 6
701 1564 912 1628 Λυσίας
955 1564 1269 1631 ἀναλαϐὼν,
1293 1566 1376 1630 είς
1403 1565 1745 1638 Ἀντιόχειαν
1776 1569 1948 1622 ἐπανέ
1967 1598 1979 1609 ο

2158 1577 2265 1624 tum
2351 1568 2582 1636 fuerat,
2642 1578 2699 1626 et
2752 1571 2937 1626 cultus
3027 1569 3378 1641 profanatus,
3434 1566 3684 1623 triennio

377 1652 559 1720 ζευξε,
591 1654 686 1708 καὶ
746 1655 1197 1726 παρεσκευάζετο
1241 1658 1379 1728 μετὰ
1427 1657 1676 1729 μείζονος
1728 1663 1986 1732 στρατιᾶς

2088 1662 2296 1732 elapso,
2328 1664 2633 1719 secundum
2669 1663 2912 1719 Danielis
2964 1665 3276 1728 oraculum,
3330 1661 3525 1718 annis'
3555 1668 3684 1716 ante

378 1746 466 1808 εἰς
518 1746 618 1818 τὴν
657 1747 926 1803 Ἰουδαίαν
957 1748 1241 1818 ἐμϐαλεῖν.
1286 1749 1356 1804 Ὃ
1380 1767 1443 1820 γε
1482 1747 1591 1822 μὴν
1620 1749 1851 1817 Ἰούδας,
1891 1751 1975 1813 είς

2088 1767 2216 1808 cccc
2248 1760 2306 1808 et
2335 1769 2432 1808 vui
2475 1754 2708 1810 editum.
2739 1756 2822 1811 Ab
2851 1770 2918 1810 eo
2969 1765 3218 1826 letnprrre
3264 1753 3466 1811 festum
3516 1762 3685 1824 agunt

385 1832 744 1911 Ἰεροσόλυμα
773 1839 1169 1905 ἀναϐὰς,ὥστε
1215 1841 1307 1895 τὸν
1345 1842 1472 1898 ναὸν
1519 1843 1852 1914 ἐκκαθᾶραι,
1888 1844 1982 1898 καὶ

2089 1845 2262 1900 ,Ιυιῑαεί
2295 1846 2613 1903 instaurata:
2654 1847 2959 1918 religionis,
2994 1846 3142 1918 quod
3177 1845 3405 1901 Lumina
3451 1853 3679 1900 vocant.

374 1929 585 2002 ἔρημον
628 1931 792 1986 αὐτὸν
825 1933 1104 2005 εὑρηκὼς,
1139 1934 1234 1987 καὶ
1260 1933 1317 1987 ἐν
1356 1951 1467 1987 τισι
1507 1936 1974 2007 καταπεπρησμέο

2087 1935 2357 1992 Praeterea
2391 1939 2581 1994 urbem
2614 1940 2890 1996 moenibus
2926 1939 3314 2001 circumdedit,
3347 1936 3682 2008 etprms‘dio

375 2041 488 2091 νον,
503 2023 801 2096 ἐθρήνησε.
825 2025 1096 2098 Καθάρας
1114 2026 1170 2080 δέ
1189 2026 1376 2091 αὑτὸν,
1405 2027 1576 2098 σκεύη
1600 2028 1762 2082 καινὰ
1781 2028 1984 2082 είσιεκό⁶

2087 2026 2305 2082 muniit.
2333 2027 2451 2084 Jam
2473 2028 2602 2099 quia
2633 2029 2877 2083 finitima:
2906 2038 3099 2101 gentes
3126 2045 3194 2083 ex
3228 2027 3437 2083 invidia
3475 2027 3680 2082 multus

375 2130 529 2184 μισε,
561 2116 808 2189 λυχνίαν,
837 2116 1139 2190 τράπεζαν,
1174 2117 1381 2190 βωμὸν,
1401 2120 1630 2192 χρύσεα,
1650 2121 1746 2174 καὶ
1794 2119 1984 2176 θυσια-

2083 2116 2307 2176 ίυόαεοε
2342 2135 2442 2190 per
2468 2121 2700 2177 insidias
2721 2122 3008 2178 caedebant
3043 2139 3058 2177 :
3091 2136 3186 2178 eas
3211 2120 3381 2177 Judas
3402 2119 3565 2175 bellis
3596 2119 3680 2178 ul-

374 2210 598 2280 στήριον
623 2210 812 2265 καινὸν
839 2213 902 2266 ἐκ
917 2211 1106 2278 λίθων,
1128 2213 1190 2267 ού
1215 2213 1799 2285 σιδήρῳ,τετμημένον
1826 2213 1970 2284 ἀνῳ-

2083 2211 2398 2267 ciscebatur
2419 2228 2485 2269 ac
2515 2213 2874 2282 reprimebat.
2912 2214 3187 2270 Caeterum
3213 2212 3524 2268 Antiochus
3551 2227 3678 2267 cum

377 2299 707 2373 κοδόμησεν,
736 2302 1010 2376 ἐθυμίασέ
1060 2323 1121 2359 τε
1160 2305 1255 2359 καὶ
1310 2305 1702 2372 ὡλοκαύτωσε,
1730 2307 1826 2360 καὶ
1877 2307 1982 2378 ἀρ-

2083 2302 2388 2359 audivisset
2424 2305 2618 2360 urbem
2653 2305 2708 2359 in
2741 2305 2930 2360 Persia
2962 2320 3086 2362 esse
3110 2305 3455 2377 Elymaidem
3479 2303 3680 2374 opibus

374 2407 506 2456 τους
543 2395 637 2449 ἐπὶ
697 2395 796 2467 τὴν
853 2396 1141 2470 τράπεζαν
1200 2398 1394 2470 ἔθηκε.
1449 2399 1648 2466 Γέγονε
1692 2397 1749 2452 δέ
1805 2399 1980 2454 ταῦτα

2071 2384 2483 2462 abundantem,
2509 2407 2566 2453 et
2597 2398 2785 2452 fanum
2824 2397 2877 2451 in
2931 2413 2998 2453 ea
3043 2397 3232 2452 Diana:
3269 2396 3532 2470 pretiosis
3577 2395 3680 2450 do-

375 2487 523 2540 κατά
581 2488 682 2558 τὴν
737 2489 976 2562 ἡμέραν,
1027 2490 1154 2546 καθ’
1196 2493 1262 2564 ἢν
1293 2494 1321 2547 6
1358 2492 1486 2556 ναὸς
1517 2493 1780 2562 ἐμιάνθη,
1812 2495 1906 2548 καὶ
1943 2495 1978 2566 ἠ

2081 2488 2256 2542 uariis
2295 2487 2562 2544 refertum
2602 2504 2614 2541 :
2649 2499 2842 2545 contra
2888 2499 3010 2544 eam
3057 2486 3452 2559 proﬁciscitur.
3504 2486 3610 2541 Sed
3647 2501 3679 2540 a

375 2575 652 2649 θρησκεία
686 2580 1032 2654 ἐϐεϐηλὼθη,
1064 2583 1236 2656 τριῶν
1287 2583 1678 2656 παρελθόντων
1712 2584 1979 2640 ἐνιαυτῶν

2081 2580 2298 2636 civibus
2325 2581 2379 2635 in
2411 2581 2585 2635 aciem
2638 2581 2877 2652 egressis
2927 2580 2997 2635 ab
3045 2581 3343 2636 obsidione
3397 2579 3676 2650 repulsus,

377 2673 525 2725 κατά
561 2673 662 2744 τὴν
700 2674 797 2728 τοῦ
839 2677 1040 2748 Δανιὴλ
1095 2678 1426 2750 πρόρρησιν,
1460 2678 1570 2750 πρὸ
1603 2681 1978 2751 τετρακοσίων

2082 2666 2208 2745 fuga
2269 2688 2329 2728 se
2386 2673 2723 2745 Babylonem
2794 2673 3026 2742 recepit,
3083 2673 3342 2744 plurimis
3403 2671 3677 2728 militibus

381 2761 482 2814 καὶ
517 2762 663 2818 ὀκτὼ
693 2771 997 2840 γενομένην
1027 2766 1190 2823 ἐτῶν.
1225 2771 1338 2823 Kal.
1387 2768 1579 2824 ἔκτοτε
1626 2768 1978 2840 ἑορτάζουσιν

2084 2767 2319 2822 amissis.
2359 2766 2494 2821 Eam
2522 2766 2735 2822 cladem
2785 2765 3021 2832 dolenti,
3060 2774 3124 2821 ut
3160 2764 3247 2820 sui
3288 2765 3460 2820 duces
3507 2763 3673 2819 etiam

374 2853 429 2909 οί
457 2855 707 2912 Ἰουδαῖοι
737 2859 838 2931 τὴν
870 2859 1177 2933 ἀνάκτησιν
1205 2862 1306 2933 τῆς
1335 2861 1663 2934 θρησκείας,
1688 2863 1852 2917 Φῶτα
1878 2879 1980 2916 κα-

2083 2873 2113 2912 a
2162 2857 2368 2913 Judaeis
2419 2856 2549 2912 victi
2595 2865 2806 2922 essent,
2865 2859 3175 2910 nuntiatur.
3227 2854 3388 2912 Unde
3433 2868 3676 2910 mmrore

376 2946 598 3013 λοῦντες
624 2951 818 3023 αὑτήν.
843 2953 1104 3024 Τειχίσας
1137 2954 1196 3008 δέ
1235 2956 1336 3026 τὴν
1372 2953 1554 3019 πόλιν,
1585 2955 1836 3024 φύλακας
1882 2955 1978 3026 ἐγ-

2081 2959 2245 3007 aucto
2268 2951 2324 3006 in
2358 2950 2614 3005 morbum
2650 2949 2868 3012 incidit,
2905 2963 2973 3004 ex
3001 2963 3110 3016 quo
3144 2963 3269 3003 cum
3298 2947 3404 3003 sibi
3434 2946 3676 3002 morien-

376 3040 739 3109 κατέστησεν.
778 3042 864 3110 Ὦς
897 3045 954 3099 δὲ
980 3047 1048 3100 τὰ
1086 3046 1249 3118 πέριξ
1281 3047 1410 3118 ἔθνη
1441 3047 1674 3112 πολλοὺς
1703 3047 1816 3102 τῶν
1838 3047 1976 3102 Ἰου-

2079 3041 2211 3097 dum
2233 3057 2356 3098 esse
2378 3041 2614 3105 videret,
2640 3041 2756 3096 suis
2789 3042 3059 3096 ministris
3085 3039 3406 3096 convocatis
3441 3037 3495 3093 id
3555 3038 3668 3094 sibi

371 3127 544 3185 δαίων
580 3131 910 3207 διέφθειρεν,
939 3136 1297 3208 ἐνεδρεύοντα
1329 3139 1418 3192 διὰ
1453 3139 1782 3211 βασκανίαν,
1814 3139 1974 3194 πολέ-

2079 3133 2334 3191 accidere
2358 3133 2500 3190 dixit
2533 3133 2695 3205 207
2722 3134 2794 3188 ob
2822 3142 3043 3205 gentem
3093 3131 3384 3188 Judaicam
3443 3131 3672 3186 infesta-

379 3238 504 3290 μοις
527 3191 728 3289 αὐτούς
754 3191 1023 3295 ὁΙἸούδας
1063 3191 1308 3302 ἧμύνετο

2079 3227 2211 3292 tam,
2243 3234 2303 3283 et
2336 3191 2956 3297 ιεωριυῖιῖεἶιοιῑειῦιπι.
3006 3223 3105 3279 nis
3135 3223 3302 3279 dictis
3345 3220 3669 3293 exspiravit,

371 3311 679 3387 Ἀντίοχος,
719 3320 910 3390 μαθὼν
950 3323 1110 3379 πόλιν
1141 3319 1289 3378 εἶναι
1322 3326 1380 3379 ἐν
1405 3329 1472 3398 τῇ
1505 3325 1732 3397 Περσίδι
1758 3323 1978 3396 πλούτῳ

2075 3319 2232 3390 regni
2268 3325 2527 3374 curatore
2560 3317 2756 3373 relicto
2794 3315 3051 3387 Philippo
3077 3315 3318 3386 quodam
3349 3330 3416 3370 ex
3453 3313 3669 3382 amicis,

371 3407 639 3476 κομῶσαν
669 3410 974 3485 Ἐλυμαΐδα
1003 3415 1431 3488 ὠνομασμένην,
1463 3419 1556 3472 καλ⁵
1599 3418 1750 3490 ἱερὸν
1785 3416 1980 3488 Ἀρτέ-

2072 3413 2164 3468 cui
2207 3411 2472 3467 annulum
2509 3419 2564 3466 et
2592 3410 2870 3476 diadema,
2899 3408 3009 3465 filio
3039 3425 3139 3465 suo
3161 3408 3438 3464 Antiocho
3465 3423 3668 3479 appor-

371 3500 528 3569 μιδος
559 3503 618 3556 ἐν
647 3505 786 3577 αὐτῇ
825 3507 1036 3580 πλῆρες
1059 3509 1437 3582 ἀναθημάτων
1485 3509 1830 3574 πολυτελῶν,
1856 3509 1972 3582 ὥρ-

2073 3503 2261 3570 tanda,
2299 3502 2474 3558 dedit.
2509 3501 2589 3558 De
2616 3503 2775 3574 cujus
2809 3501 2965 3557 obitu
2998 3499 3193 3571 Lysias
3221 3500 3430 3556 certior
3481 3498 3671 3588 reddi-

368 3607 550 3660 μησεν
579 3595 670 3648 ἐπ’
696 3599 869 3672 αὐτὴν
904 3601 999 3654 καὶ
1055 3601 1389 3674 ἐπολιόρκει.
1424 3601 1865 3673 ’Λποκρουσθεὶς
1914 3600 1974 3655 δέ

2072 3605 2182 3659 tus,
2216 3594 2390 3650 ﬁlium
2411 3594 2535 3667 ejus
2561 3609 2747 3666 regem
2771 3591 3095 3659 declaravit,
3120 3591 3421 3664 Eupatoris
3442 3591 3670 3648 nomine

367 3685 526 3755 παρὰ
556 3688 668 3742 τῶν
708 3692 766 3745 ἐν
789 3695 856 3764 τῇ
888 3693 1043 3748 πόλει
1107 3693 1545 3762 ἐπεξελθόντων,
1561 3697 1783 3767 φεύγων
1837 3689 1975 3766 ἧκεν
2073 3689 2272 3745 indito.

364 3779 450 3844 εις
468 3781 786 3852 Βαϐυλῶνα,
805 3788 900 3842 καὶ
931 3789 1033 3860 τῆς
1059 3793 1321 3862 στρατιᾶς
1349 3791 1642 3856 πλείστους
1704 3789 2008 3848 ἀπέϐαλεν.
2048 3784 2335 3854 Ἀλγοῦντι
2380 3782 2436 3837 δέ
2479 3783 2573 3837 διά
2604 3778 2765 3835 τοῦτο
2800 3777 2880 3852 τῷ
2947 3779 3216 3852 Ἀντιόχῳ
3255 3778 3583 3848 ἀγγέλλεται
3631 3781 3667 3851 ἠ

363 3872 479 3928 τῶν
512 3880 837 3952 στρατηγῶν
859 3873 1024 3954 ἧττα,
1053 3885 1087 3955 ή
1121 3883 1232 3938 ὑπὸ
1256 3885 1558 3942 Ἰουδαίων.
1598 3887 1713 3941 Kal.
1743 3884 1839 3939 τοῦ
1895 3881 2217 3952 ἀλγήματος
2285 3876 2704 3948 προστεθέντος,
2761 3873 2991 3945 ἐνόσησε
3012 3891 3026 3906 ο
3061 3874 3159 3929 καὶ
3215 3875 3381 3945 γνοὺς
3424 3876 3501 3939 ὡς
3527 3875 3665 3928 ἀπο..

365 3963 662 4039 ϐιώσεται,
698 3975 822 4039 τοὺς
855 3974 948 4028 ὑπ’
992 3976 1158 4031 αὐτὸν
1207 3979 1564 4044 συνεκάλεσε,
1618 3978 1713 4032 καὶ
1763 3978 1998 4045 πάσχειν
2036 3971 2212 4034 οὕτως
2255 3965 2436 4034 εἶπεν,
2494 3969 2578 4021 ὅτι
2610 3968 2669 4021 τδ
2699 3966 2811 4021 τῶν
2854 3966 3134 4022 Ἰουδαίων
3183 3966 3338 4032 ἐθνος
3379 3967 3663 4022 ἐκάκωσε»

365 4067 469 4121 καὶ
493 4068 730 4140 ἐσύλησε
764 4069 856 4123 τὸν
890 4071 1041 4127 ναόν.
1095 4073 1285 4127 Ταῦτα
1343 4074 1543 4143 λέγων,
1615 4073 1935 4140 ἐξέπνευσε,
1995 4069 2268 4122 Φίλιππον
2317 4062 2430 4120 τῶν
2483 4061 2656 4130 φίλων
2704 4060 2802 4115 ἕνα
2869 4057 3190 4115 καταλιπὼν
3232 4059 3336 4130 τῆς
3387 4059 3666 4131 βασιλείας

363 4160 695 4231 ἐπίτροπον,
727 4161 822 4216 καὶ
845 4161 1147 4233 δοὺςαύτῷ
1177 4164 1238 4218 τὸ
1265 4165 1509 4236 διάδημα
1543 4165 1641 4218 καὶ
1693 4165 1787 4219 τὸν
1823 4159 2134 4223 δακτύλιον,
2166 4156 2255 4210 ἵνα
2301 4153 2479 4208 ταῦτα
2533 4151 2742 4226 κομίσῃ
2788 4149 2868 4222 τῷ
2935 4152 3039 4222 υἱῷ
3105 4151 3392 4223 Ἀντιόχῳ.
3470 4151 3530 4205 Ὀ
3603 4151 3664 4206 δὲ

367 4253 606 4319 Λυσίας,
661 4252 895 4308 θανόντα
953 4255 1145 4326 μαθὼν
1179 4257 1273 4312 τὸν
1305 4258 1606 4332 Ἀντίοχον,
1634 4261 1726 4313 τὸν
1781 4257 1992 4313 ἐκείνου
2033 4252 2152 4308 υἱὸν
2182 4249 2432 4314 ἀπέδειξε
2464 4246 2712 4319 βασιλέα,
2747 4246 2984 4310 καλέσας
3021 4247 3334 4316 Εὐπάτορα.

437 4347 570 4402 KA'.
597 4349 660 4402 Oi
697 4348 742 4402 δ’
787 4351 846 4402 ἐν
887 4353 955 4421 τῇ
1005 4349 1153 4424 ἄκρᾳ
1183 4353 1290 4406 τῶν
1324 4352 1719 4425 Ἱεροσολύμων
1759 4354 1959 4409 Μακε-

2142 4343 2289 4400 ΧΧΙ.
2315 4340 2587 4399 Caeterum
2623 4338 3019 4396 Macedonibus
3046 4341 3138 4410 qui
3172 4337 3571 4409 Hierosolymis
3606 4340 3663 4395 in

362 4440 520 4503 δόνες
551 4441 793 4498 ἐκάκουν
832 4446 961 4507 τοὺς
983 4443 1304 4512 Ἰουδαίους,
1327 4446 1579 4510 ἀνιόντας
1611 4449 1693 4510 είς
1714 4446 1775 4498 τὸ
1809 4444 1957 4516 ἱερὸν

2067 4435 2326 4509 praesidio
2357 4433 2537 4490 relicti
2567 4439 2749 4495 erant,
2786 4431 3009 4488 Iudaeos
3034 4433 3130 4505 qui
3157 4433 3214 4488 in
3273 4434 3537 4503 templum
3569 4449 3660 4488 sa-

359 4533 462 4585 ἐπὶ
478 4531 555 4603 τῷ
587 4529 766 4586 οὖσαι.
786 4532 877 4586 Διδ
897 4532 1102 4598 ἐξελεῖν
1124 4535 1354 4591 ἔσπευδε
1387 4535 1486 4608 τὴν
1512 4537 1759 4608 φρουρὰν
1776 4538 1805 4590 6
1825 4515 1964 4589 Ἰού-

2067 4527 2353 4586 criﬁcandi
2392 4541 2525 4596 ergo
2566 4523 2966 4592 ascendebant,
3018 4523 3433 4589 infestantibus,
3490 4523 3665 4580 Judas

358 4625 484 4688 δας,
548 4623 645 4678 καὶ
693 4625 984 4696 καρτερῶς
1042 4625 1354 4698 ἐπολιόρκει
1399 4627 1595 4698 αὐτήν.
1653 4626 1720 4680 Ὃ
1774 4613 1964 4697 μαθὼν

2071 4620 2302 4680 tollendi
2345 4617 2585 4689 praesidii
2628 4618 2886 4688 cupidus,
2946 4617 3235 4672 castellum
3275 4617 3498 4672 fortiter
3559 4631 3661 4686 op-

357 4717 393 4772 6
413 4717 542 4780 παῖς
555 4715 832 4786 Ἀντίοχος
851 4716 1121 4788 ὠργίσθη,
1138 4719 1230 4771 καὶ
1252 4719 1392 4789 μετά
1417 4718 1659 4791 μεγάλης
1679 4718 1966 4786 δυνάμεως

2068 4711 2370 4785 pugnabat.
2423 4709 2505 4764 Eo
2560 4723 2700 4779 puer
2763 4708 3074 4763 Antiochus
3126 4708 3384 4763 nuntiato
3461 4709 3658 4771 iratus,

359 4807 652 4880 ἐξώρμησε
677 4807 818 4862 κατα
844 4809 1224 4879 τῆςἸουδαίας
1253 4811 1347 4865 καὶ
1362 4809 1965 4883 Ίερουσαλήμ.’1ούδας

2066 4805 2320 4875 ingentes
2371 4800 2563 4872 copias
2621 4810 2814 4856 contra
2866 4798 3113 4856 Iudaeam
3170 4809 3226 4856 et
3276 4799 3661 4872 Hierosolyma

355 4901 442 4967 δὲ,
475 4900 797 4972 ἀπαντήσας
821 4901 993 4970 αύτῷ,
1019 4901 1128 4956 τῶν
1149 4903 1476 4975 προδρόμων
1498 4907 1626 4976 περὶ
1643 4903 1962 4970 ἑξακοσίους

2067 4898 2221 4955 ducit
2253 4917 2266 4953 :
2297 4897 2388 4953 cui
2447 4895 2622 4953 Iudas
2690 4895 2911 4951 obviam
2956 4895 3269 4978 profectus,
3325 4910 3394 4951 ex
3447 4912 3661 4967 prepu-

356 4993 602 5064 ἀναιρεῖ.
645 4993 758 5048 Καὶ
787 4993 1056 5065 Ἐλεάζαρ
1107 4997 1136 5049 6
1170 4995 1264 5049 τοῦ
1305 4994 1482 5050 Ἰούδα
1509 4997 1833 5068 ὁμαίμων,ὁ
1866 4995 1964 5050 καὶ

2065 4993 2393 5065 gnatoribus
2446 4991 2514 5047 ad
2570 5005 2637 5046 uc
2708 4989 2936 5046 occidit.
2999 4991 3298 5046 Eleazarus
3364 5008 3496 5046 vero
3562 5006 3658 5046 co-

355 5079 549 5152 Αὖραν
580 5080 940 5152 καλούμενος,
974 5083 1087 5137 τῶν
1144 5085 1458 5156 ἐλεφάντων
1496 5085 1589 5142 τὸν
1627 5086 1964 5158 ὑψηλότατον

2062 5099 2362 5162 gnomento
2409 5089 2580 5153 Aura,
2628 5086 2784 5144 Judaa
2827 5087 3013 5152 frater,
3072 5087 3126 5142 in
3174 5087 3503 5142 altissimum
3543 5090 3659 5143 ele-

359 5169 498 5244 ἰδὼν
535 5173 884 5244 ὡπλισμένον
941 5175 1150 5248 θώραξι
1214 5177 1545 5248 βασιλικοῖς,
1598 5180 1694 5235 καὶ
1754 5179 1963 5251 οίηθεὶς

2064 5187 2356 5258 phantum,
2421 5184 2590 5256 regiis
2653 5183 2977 5239 thoracibus
3039 5193 3336 5250 armatum,
3400 5192 3556 5240 ratus
3603 5184 3656 5239 ei

354 5266 509 5337 αὐτῷ
543 5267 863 5338 ἐποχεῖσθαι
916 5268 1010 5323 τὸν
1070 5269 1320 5341 βασιλέα,
1367 5274 1510 5344 μετὰ
1559 5272 1798 5342 σφοδρᾶς
1861 5273 1956 5343 ὁρ-

2063 5296 2247 5352 regem
2306 5279 2572 5346 insidere,
2631 5293 2830 5350 magno
2871 5278 3080 5348 impetu
3131 5277 3408 5343 invectus,
3456 5277 3656 5334 belluas

359 5357 470 5431 μῆς
485 5359 724 5432 ἐπῆλθεν
761 5361 1051 5432 αὐτῷ,καὶ
1086 5363 1192 5418 ὑπὸ
1237 5363 1337 5438 τὴν
1373 5368 1624 5438 γαστέρα
1652 5367 1748 5420 τοῦ
1765 5366 1958 5439 θηρίου

2061 5381 2312 5428 ventrem
2351 5373 2546 5438 subiit,
2607 5373 2768 5443 cujus
2822 5371 3128 5427 interfectae
3186 5372 3351 5426 ruina
3424 5387 3651 5442 oppres-

353 5451 913 5524 γενόμενος,ἐπληξεν
931 5454 1116 5519 αὑτὸν,
1130 5455 1227 5510 καὶ
1245 5457 1594 5513 ἀπέκτεινεν.
1625 5459 1685 5510 '0
1701 5457 1748 5512 δ’
1769 5459 1962 5513 ἐπικα-

2061 5482 2175 5532 sus,
2230 5476 2287 5522 et
2333 5466 2452 5537 ipse
2510 5464 2747 5522 interiit.
2796 5463 2970 5519 Judas
3037 5476 3221 5518 autem
3285 5463 3503 5520 viribus
3552 5465 3655 5520 ho-

355 5545 668 5609 ⁶τασεισθεὶς
696 5545 776 5617 τῷ
794 5545 1132 5619 Ἐλεαζάρῳ,
1167 5549 1260 5603 καὶ
1290 5552 1488 5614 πιέσας
1508 5551 1671 5606 αὐτὸν
1689 5552 1770 5624 τῷ
1797 5551 1958 5623 βάρει

2061 5560 2232 5613 stium
2293 5558 2449 5624 visis,
2509 5555 2891 5626 Hierosolyma
2949 5555 3136 5619 rediit,
3187 5555 3255 5610 ad
3314 5556 3652 5613 tolerandam

353 5628 456 5693 ἰοὖ
487 5638 1064 5712 σῶματος,ἔφθειρεν.
1095 5641 1275 5712 Ὀρῶν
1304 5643 1363 5697 δὲ
1393 5647 1491 5715 τὴν
1521 5645 1632 5698 τῶν
1673 5646 1957 5718 πολεμίων

2061 5649 2410 5706 obsidionem
2475 5664 2536 5704 se
2591 5656 2908 5718 paraturus.
2970 5647 3244 5704 Antiocho
3326 5651 3495 5722 igitur
3563 5669 3654 5707 ur-

360 5731 520 5801 ίσχὺν
541 5735 570 5786 ὁ
602 5732 831 5797 Ἰούδας,
860 5735 939 5796 είς
983 5733 1341 5807 Ἰεροσόλυμα
1372 5738 1669 5808 ἐπανῆλθε,
1691 5741 1786 5794 καὶ
1817 5739 1956 5811 πρὸς

2061 5743 2190 5799 bem
2225 5748 2599 5813 oppugnante,
2640 5749 2697 5795 et
2739 5738 3132 5796 defensoribus
3163 5741 3378 5798 hostem
3429 5751 3654 5800 strenue

361 5821 682 5894 πολιορκίαν
711 5825 1179 5896 παρεσκευάζετο.
1198 5827 1479 5901 Ἀντίοχος
1512 5830 1570 5886 δέ
1595 5832 1675 5895 εἰς
1721 5831 1953 5903 Ἱεροσό-

2062 5834 2559 5907 ρτορυιειωιὶὺυε,
2641 5832 2712 5889 ob
2786 5843 3130 5891 commeatus
3193 5835 3437 5907 inopiam
3492 5836 3651 5893 multi
