4074 6442
463 387 572 454 375

1749 391 2074 455 JOANNIS
2110 393 2433 454 ZONARE

3635 389 3744 453 376

463 499 848 574 diffugiebant.
896 505 1004 563 Sed
1042 521 1167 562 cum
1221 505 1414 578 Lysias
1455 506 1566 564 dux
1625 519 1682 566 et
1740 507 2030 564 Antiochus

2151 505 2297 578 λυμα
2331 505 2525 570 ἐλθὼν,
2548 503 2862 577 ἐπολιόρκει
2899 503 3091 575 αὐτὴν,
3116 503 3400 575 καρτερῶς
3438 503 3554 558 τῶν
3590 503 3738 560 Evam-

463 595 892 666 intellexissent,
945 599 1282 671 Philippum,
1331 615 1498 671 quem
1546 600 1794 658 moriens
1851 600 2047 658 Antio-

460 683 603 742 chus
653 689 808 759 regni
858 699 1170 746 curatorem
1223 691 1546 763 reliquerat,
1613 693 1908 766 imperium
1940 695 2046 750 silzi

459 777 747 836 vindicare
790 797 805 835 :
860 781 929 838 iis
965 784 1381 841 conditionibus
1419 802 1544 842 eum
1603 788 1846 843 obsessis
1889 786 2046 858 pepi-

459 881 682 938 gerunt,
733 882 793 929 ut
851 875 936 931 eis
992 877 1187 948 patriis
1240 877 1457 950 legibus
1505 879 1588 935 uti
1638 879 1854 936 liceret.
1934 881 2045 936 An-

461 963 682 1022 tiochus
711 982 844 1022 vero
894 969 950 1024 in
994 970 1187 1026 urbem
1244 984 1524 1043 receptus,
1589 985 1716 1028 cum
1773 974 2043 1046 templum

459 1058 892 1116 munitissimum
933 1077 1054 1118 esse
1113 1063 1361 1130 vidisset,
1421 1074 1609 1136 spreto
1657 1066 2041 1139 jurejurando.

455 1164 650 1206 everso
694 1167 880 1212 muro.
944 1143 1299 1227 abductoque
1342 1156 1483 1213 Onia
1538 1157 1823 1229 pontiﬁce,
1862 1159 1956 1230 qui
1988 1169 2045 1215 ct

458 1243 740 1303 Menelaus
772 1247 1084 1316 dicebatur,
1121 1249 1218 1320 qui
1246 1251 1392 1320 patri
1429 1266 1531 1307 suo
1563 1253 1794 1324 cogendi
1822 1254 2045 1312 Judaeos

452 1335 522 1392 ad
547 1340 724 1408 patria
764 1339 1020 1398 instituta
1053 1341 1312 1398 violanda
1339 1353 1536 1399 auctor
1561 1344 1785 1412 fuisset,
1820 1348 2043 1404 multis-

451 1443 560 1498 que
593 1429 754 1486 malis
784 1446 1008 1488 causam
1058 1433 1408 1504 praebuisset,
1449 1435 1709 1495 discessit
1741 1457 1755 1495 :
1799 1454 2042 1512 eumque

452 1523 735 1580 lierraeam
771 1525 1002 1582 missum
1032 1526 1272 1598 denique
1307 1529 1557 1596 sustulit,
1600 1531 1884 1588 hominem
1939 1533 2044 1587 im-

451 1613 631 1684 pium,
660 1629 787 1671 cum
813 1631 994 1673 annos
1022 1635 1054 1673 κ
1087 1619 1400 1676 sacerdotio
1445 1624 1670 1680 functus
1697 1634 1866 1681 esset.
1900 1627 2043 1682 Pon-

449 1706 654 1764 tificem
692 1725 828 1766 vero
854 1711 1164 1784 designavit
1189 1713 1487 1779 Alcimum,
1519 1715 1614 1787 qui
1640 1727 1696 1772 et
1720 1717 2042 1776 Joachimus

447 1795 765 1853 dicebatur.
792 1798 1109 1872 Philippum
1135 1817 1357 1873 quoque
1387 1815 1706 1875 superatum
1733 1815 1790 1862 et
1815 1819 2035 1880 captum

449 1890 679 1946 occidit.
709 1890 982 1948 Caeterum
1010 1895 1200 1961 Unias,
1231 1896 1476 1954 Simonis
1499 1897 1641 1956 Justi
1671 1900 1838 1969 filius,
1873 1919 2037 1974 quem

450 1990 609 2050 pater
635 1985 904 2052 moriens,
931 1985 1224 2043 utdictum
1275 1999 1380 2055 est,
1416 2006 1650 2061 puerum
1717 1994 2037 2065 reliquerat,

447 2091 575 2130 cum
602 2075 916 2134 Antlochus
937 2079 1323 2150 pontiﬁcatum
1351 2083 1570 2140 Alcimo
1597 2099 1627 2138 a
1645 2084 1860 2143 familia
1896 2104 2042 2159 pon-

447 2168 617 2226 tiﬁcia
653 2170 836 2228 alieno
867 2171 1135 2240 dedisset,
1179 2174 1231 2229 in
1277 2173 1574 2248 Egyptnm
1633 2178 1900 2251 confugit,
1958 2190 2040 2236 at-

445 2275 554 2331 que
575 2277 606 2318 a
643 2261 944 2342 Ptolemaeo
975 2264 1280 2322 honorifice
1310 2279 1624 2339 susceptus,
1647 2271 1772 2327 loco
1797 2273 1850 2327 in
1873 2273 2041 2345 208

447 2353 860 2425 Heliopolitana
891 2356 1116 2429 regione
1150 2370 1334 2430 capto,
1372 2361 1638 2432 templum
1680 2361 1854 2419 instar
1907 2365 2039 2421 Hie-

443 2446 825 2520 rosolymitani
887 2450 1160 2508 condidit.
1226 2453 1540 2510 Demetrius
1593 2472 1765 2528 porro
1816 2459 2035 2518 Seleuci

442 2534 615 2603 ﬁlius,
654 2552 781 2594 cum
816 2540 994 2595 Roma
1021 2541 1078 2624 in
1129 2540 1301 2614 Syrias
1357 2543 1623 2614 Tripolim
1676 2545 2032 2619 profugisset,

439 2627 716 2686 Antiocho
739 2641 797 2688 et
827 2632 987 2704 Lysia
1015 2635 1458 2706 comprehensis,
1487 2647 1788 2709 utrumque
1805 2641 2032 2708 occidit,

439 2721 689 2778 secundo
723 2738 869 2778 anno
903 2725 1060 2797 regni
1117 2727 1404 2783 Antiochi.
1447 2727 1608 2800 Apud
1650 2730 1804 2789 hunc
1834 2732 2035 2790 Deme-

438 2815 609 2872 trium
673 2815 923 2876 Alcimus
983 2821 1278 2892 pontifex,
1339 2831 1397 2878 et
1450 2823 1771 2880 Judaorum
1810 2827 2035 2883 exsules

438 2923 506 2964 ac
527 2909 926 2981 improbissimi
951 2913 1183 2984 quique,
1208 2914 1408 2972 ludam
1435 2916 1810 2974 Machabasum
1851 2929 1909 2976 et
1943 2931 2034 2976 to-

438 3013 552 3060 tam
591 3013 810 3076 gentem
833 3006 902 3063 de
928 3007 1240 3064 interfectis
1273 3010 1418 3081 regis
1451 3011 1644 3067 amicis
1674 3025 2030 3071 accusarunt.

437 3097 558 3166 Qua
616 3099 1003 3156 criminatione
1054 3100 1336 3168 irritatus,
1384 3104 1710 3160 Bacchidem
1775 3107 2033 3163 intimum

2151 599 2537 668 ἀμυνομένων.
2565 596 2730 652 Ἀλλὰ
2760 595 2972 668 τροφῆς
2997 593 3360 666 ἐπιλιπούσης
3384 595 3590 660 αὐτοῖς,
3611 595 3744 648 πολ-

2149 685 2232 738 λοὶ
2257 685 2673 756 ἀπεδίδρασκον.
2695 683 2802 738 Τοῦ
2835 683 3406 754 μέντοιφιλίππουβν
3444 685 3744 756 ἐπίτροπον

2147 779 2247 849 τῆς
2278 778 2559 849 βασιλείας
2603 778 2853 847 ⁴θνήσκων
2887 779 2916 831 6
2943 777 3223 850 ‘Avrloxoc
3264 778 3440 842 εῐασε,
3486 796 3742 850 σφετερι-

2149 872 2381 942 ζομένου
2408 870 2506 942 τὴν
2538 869 2844 941 βασιλείαν,
2868 870 3074 932 Λυσίας
3105 872 3134 924 6
3163 873 3470 938 στρατηγὸς
3503 874 3599 926 καὶ
3631 872 3744 927 ’Δνο

2147 967 2351 1038 τίοχος,
2381 965 2602 1034 γνόντες
2635 964 2822 1027 τοῦτο,
2857 965 2970 1026 τοῖς
3028 961 3512 1035 πολιορκουμένοις
3557 965 3743 1018 ἐσπεί-

2148 1077 2333 1127 σαντο,
2353 1059 2494 1113 ὥστε
2531 1058 2728 1119 αὐτοὺς
2757 1057 2874 1120 τοῖς
2902 1055 3180 1127 πατρῴοις
3200 1056 3504 1128 κεχρῆσθαι
3530 1057 3740 1128 νόμοις.

2147 1151 2460 1223 Είσδεχθεὶς
2488 1149 2584 1205 οὖν
2610 1151 2690 1214 είς
2725 1151 2822 1221 τὴν
2843 1149 3002 1202 πόλιν
3034 1148 3336 1220 ’Λντίοχο;,
3364 1151 3460 1204 καὶ
3497 1149 3622 1204 ίδὼν
3652 1151 3744 1203 τὸν

2146 1244 2275 1300 ναδν
2297 1242 2674 1316 ὀχυρώτατον.
2715 1241 2846 1305 τοὺς
2877 1241 3074 1312 ὅρκους
3123 1240 3386 1312 ἠθέτησε,
3414 1241 3511 1295 καὶ
3537 1242 3600 1295 τὸ
3631 1245 3745 1295 τεῖ-

2145 1356 2243 1410 χος
2296 1337 2646 1408 κατέσκαψε,
2676 1336 2774 1390 καὶ⁸
2801 1335 2974 1399 οὕτως
3007 1334 3322 1406 ὑπέστρεψε
3345 1351 3360 1368 ο
3388 1335 3481 1389 καὶ
3518 1336 3611 1390 τὶν
3639 1336 3744 1408 ἀρ-

2145 1447 2231 1501 χιε
2242 1429 2341 1503 ρέα
2367 1429 2558 1485 Ὀνίαν
2583 1428 2956 1500 ἐπαγόμενος,
2972 1427 3031 1493 δς
3055 1429 3150 1482 καὶ
3169 1427 3447 1491 Μενέλαος
3469 1428 3741 1492 ἐκαλεῖτο,

2143 1523 2220 1586 ὡς
2273 1521 2542 1576 πείσαντα
2608 1520 2703 1574 τὸν
2758 1520 2976 1591 πατέρα
3034 1519 3204 1574 αὑτοῦ
3269 1519 3399 1585 τοὺς
3450 1521 3744 1585 Ἰουδαίους

2145 1614 2434 1688 βιάζεσθαι
2458 1614 2779 1685 παραϐῆναι
2808 1613 2877 1668 τὰ
2902 1613 3002 1684 ἔθη
3043 1613 3112 1667 τά
3145 1613 3376 1686 πάτρια,
3405 1614 3499 1668 καὶ
3527 1614 3744 1669 πολλῶν

2143 1707 2333 1763 κακῶν
2367 1709 2662 1778 γενόμενον
2690 1707 2888 1772 αίτιον,
2914 1707 2975 1762 ὃν
3003 1708 3100 1761 καὶ
3118 1706 3341 1777 πέμψας
3360 1709 3440 1771 είς
3469 1707 3741 1780 Βέρῤοιαν

2144 1801 2244 1870 τῆς
2274 1800 2476 1872 Συρίας
2500 1799 2832 1870 διέφθειρεν,
2875 1799 2973 1871 ἐτη
3014 1799 3146 1854 δέκα
3179 1801 3279 1870 τῆς
3320 1800 3740 1873 ἀρχιερωσύνης

2145 1893 2520 1962 κρατήσαντα,
2543 1892 2808 1960 γεγονότα
2823 1891 2880 1944 δὲ
2895 1891 3087 1963 ἀσεϐῆ.
3108 1893 3166 1944 Ἀ
3177 1908 3290 1962 ρχιε
3302 1894 3426 1963 ρεὺς
3441 1892 3498 1946 δὲ
3516 1892 3741 1962 γέγονεν

2146 1985 2437 2051 Ἀλκιμος,
2462 1983 2522 2049 δς
2549 1983 2646 2038 καὶ
2673 1983 2938 2055 Ἰωακεὶμ
2965 1985 3239 2040 ὲκαλείτο.
3273 1985 3334 2039 Ὀ
3364 1985 3408 2039 δ’
3436 1986 3740 2057 Ἀντίοχος,

2141 2077 2465 2149 πολεμήσας
2500 2077 2636 2148 πρὸς
2655 2077 2950 2142 Φίλιππον,
2977 2080 3073 2134 καὶ
3099 2081 3515 2150 χειρωσάμενος
3549 2081 3739 2146 αὐτὸν,

2141 2171 2403 2224 ἔκτεινεν.
2433 2167 2584 2224 Ἰδὼν
2612 2170 2669 2224 δὲ
2704 2171 2733 2223 6
2766 2169 2863 2224 τοῦ
2892 2172 3198 2244 ἀρχιερέως
3245 2172 3491 2243 Σίμωνος
3518 2174 3614 2227 τοῦ
3644 2177 3738 2227 Δι-

2140 2265 2298 2320 καίου
2327 2264 2444 2329 υίὸς
2471 2263 2677 2330 Ὀνίας,
2707 2262 2769 2318 ὃν
2815 2263 3032 2317 παιδίον
3065 2265 3092 2318 ό
3122 2263 3310 2336 πατὴρ
3339 2263 3634 2331 τελευτῶν,
3661 2265 3740 2328 ὡς

2138 2361 2378 2432 εἴρηται,
2399 2357 2822 2424 καταλέλοιπεν,
2849 2358 2933 2412 ὅτι
2963 2357 3064 2430 τὴν
3097 2357 3520 2430 ἀρχιερωσύνην
3550 2357 3741 2412 Ἀλκί-

2141 2471 2229 2524 μῳ
2267 2454 2502 2508 δέδωκεν
2530 2453 2558 2506 6
2584 2452 2880 2524 Ἀντίοχος,
2908 2453 2984 2524 μὴ
3041 2451 3121 2524 τῷ
3151 2451 3301 2522 γένει
3336 2453 3416 2524 τῷ
3468 2453 3737 2525 ἀρχιερα-

2137 2544 2277 2618 τικῷ
2331 2546 2706 2617 προσήκοντι,
2746 2545 2944 2616 φεύγει
2980 2544 3124 2615 πρὸς
3160 2545 3499 2616 Πτολεμαῖον
3529 2547 3610 2610 είς
3645 2546 3741 2601 Αε-

2137 2655 2379 2707 γυπτον·
2403 2639 2500 2692 καὶ
2516 2638 2798 2710 τιμηθεὶς,
2821 2636 3096 2710 λαμϐάνει
3125 2637 3294 2692 τόπον
3325 2639 3383 2691 ὲν
3407 2637 3487 2707 τῷ
3522 2638 3740 2693 Ἡλιου-

2137 2729 2340 2804 πολίτῃ
2371 2730 2546 2803 νομῷ,
2605 2731 2703 2785 καὶ
2739 2729 2888 2802 ἱερὸν
2917 2731 3038 2784 ἐκεῖ
3081 2728 3404 2802 ᾠκοδόμησε
3434 2729 3513 2800 τῷ
3542 2731 3601 2782 έν
3637 2730 3739 2784 Ἰε-

2139 2821 2466 2895 ροσολύμοις
2514 2822 2898 2895 παρεμφερές.
2951 2823 3265 2894 Δημήτριος
3304 2823 3385 2890 δὲ,
3415 2825 3606 2892 φυγὼν
3670 2823 3736 2876 ἐκ

2150 2912 2400 2987 Ῥώμης,
2465 2915 2495 2970 6
2555 2915 2826 2970 Σελεύκου
2874 2915 3012 2980 υἱὸς.
3071 2917 3167 2970 καὶ
3225 2915 3582 2986 καταντήσας
3635 2915 3734 2988 τίς

2136 3007 2340 3080 Συρίας
2374 3009 2457 3071 είς
2488 3007 2776 3081 Τρίπολιν,
2816 3007 2911 3062 τόν
2959 3025 3022 3062 τε
3052 3007 3333 3080 Ἀντίοχον
3369 3010 3465 3064 καὶ
3495 3009 3587 3062 τὸν
3623 3009 3737 3063 Λυ-

2139 3099 2263 3154 σίαν
2291 3099 2592 3165 συλλαϐὼν,
2612 3100 2708 3156 καὶ
2737 3101 2911 3172 ἄμφω
2937 3100 3270 3172 διέφθειρεν,
3298 3103 3394 3155 ἐπὶ
3424 3101 3520 3156 δύο
3545 3105 3736 3156 ἐνιαυ-

436 3191 680 3248 amicum
704 3209 830 3250 cum
873 3194 1130 3250 maximis
1161 3196 1339 3265 copiis
1397 3198 1573 3262 misit,
1634 3200 2030 3272 mandavitque

2136 3194 2266 3258 τοὺς
2289 3193 2387 3248 τοῦ
2425 3193 2708 3266 Ἀντιόχου
2733 3193 3188 3265 βασιλεύσαντος.
3213 3194 3407 3268 Τούτῳ
3437 3195 3516 3266 τῷ
3543 3198 3737 3266 Δημη-

437 3292 502 3340 ut
533 3284 732 3342 ludam
765 3295 824 3343 et
855 3303 988 3343 suos
1017 3289 1319 3345 occideret.
1349 3290 1400 3345 ιε
1432 3290 1488 3346 in
1535 3291 1781 3348 Iudaeam
1844 3294 2032 3366 profe-

436 3386 583 3446 ctus,
616 3377 817 3434 Iudam
845 3389 903 3436 et
931 3380 1162 3439 fratrem
1192 3382 1315 3453 ejus
1337 3383 1404 3439 ad
1450 3398 1640 3454 pacem
1683 3387 2026 3456 provocavit.

439 3469 551 3528 Sed
592 3470 705 3528 illis
724 3471 888 3529 ﬁdem
915 3473 966 3529 ei
992 3488 1103 3529 non
1131 3473 1491 3539 habentibus,
1553 3476 1780 3546 quidam
1826 3478 2028 3549 plebeii

443 3562 708 3622 homines
731 3566 1099 3638 jurejurando
1116 3577 1368 3640 accepto,
1401 3569 1469 3624 ad
1502 3569 1659 3626 illum
1711 3571 2029 3644 transfuge.

438 3667 590 3724 runt,
619 3659 715 3729 qui
744 3667 932 3729 spreta
964 3660 1256 3733 religione,
1310 3678 1377 3717 ιι
1433 3679 1630 3720 eorum
1685 3663 2027 3730 interfectis,

436 3757 670 3806 ceteros
688 3763 721 3803 a
757 3749 1066 3824 transfugio
1092 3751 1370 3808 deterruit
1395 3764 1491 3811 :et
1518 3754 1588 3810 iis
1616 3755 1712 3827 qui
1747 3755 2026 3828 regionem

435 3840 772 3909 incolebant,
809 3841 1025 3900 Alcimo
1063 3844 1310 3916 pontifici
1334 3861 1532 3918 parere
1584 3847 1779 3917 jussis,
1832 3849 2031 3905 Antio-

433 3933 617 3991 chiam
647 3935 834 3991 rediit.
872 3936 1122 3994 Alcimus
1146 3953 1280 3995 vero
1325 3940 1575 4012 singulos
1622 3941 1825 3998 blande
1883 3943 2026 3998 allo-

433 4026 680 4100 quendo,
703 4036 764 4084 et
810 4029 1074 4085 omnibus
1092 4031 1203 4087 sibi
1239 4031 1576 4098 conciliatis,
1629 4035 2027 4091 ccleriterma-

431 4135 602 4192 gnum
628 4122 934 4177 exercitum
958 4121 1212 4178 exsulum
1244 4124 1440 4196 majori
1481 4140 1549 4179 ex
1588 4135 1768 4196 parte,
1811 4137 1868 4183 et
1920 4128 2025 4182 im-

430 4213 654 4281 piorum
685 4211 998 4281 hominum,
1026 4213 1324 4281 contraxit,
1349 4216 1554 4286 quibus
1584 4217 1652 4272 ad
1701 4217 1858 4274 Iudae
1899 4227 2021 4274 stu-

429 4303 620 4361 diosos
637 4305 998 4362 trucidandos
1027 4306 1311 4362 utebatur.
1346 4307 1509 4374 Quod
1549 4310 1865 4380 exemplum
1892 4326 2017 4368 cum

429 4395 602 4451 ludas
626 4395 682 4450 in
707 4397 998 4453 adversam
1029 4397 1324 4453 factionem
1371 4407 1744 4471 retorqueret,
1772 4402 2020 4457 Alcimus

431 4487 772 4544 Demetrium
798 4489 1061 4559 perpulit,
1105 4491 1516 4546 utNieanorem
1540 4508 1664 4546 cum
1703 4494 2020 4564 ingentibus

429 4580 608 4650 copiis
649 4590 841 4636 contra
900 4581 1099 4636 Judam
1154 4583 1416 4648 mitteret,
1476 4585 1896 4658 mandaretque,
1949 4607 2018 4646 ne

429 4673 583 4742 genti
615 4681 890 4742 parceret.
921 4673 973 4728 ls
1001 4673 1056 4727 in
1083 4673 1327 4729 Judasam
1365 4676 1668 4747 profectus.
1699 4679 1895 4735 Judam
1923 4699 2022 4752 per

426 4765 675 4834 speciem
707 4763 1112 4835 pacificationis
1143 4765 1272 4822 dolo
1288 4783 1487 4839 capere
1520 4770 1762 4826 instituit
1802 4794 1813 4828 :
1851 4789 1882 4829 a
1910 4790 2022 4845 quo

429 4856 542 4913 tide
571 4856 702 4912 data
736 4867 1096 4931 acceptaque,
1131 4875 1258 4915 cum
1283 4861 1461 4932 COpiis
1510 4863 1566 4918 in
1611 4865 1804 4922 urbem
1863 4882 2021 4923 rece-

429 4959 582 5022 ptus,
609 4949 756 5006 inter
793 4950 1148 5007 salutandum
1211 4963 1269 5008 et
1317 4955 1747 5026 colloquendum
1801 4958 2018 5030 signmn

431 5043 526 5099 dat
551 5043 694 5110 suis,
727 5042 986 5098 utvirum
1021 5045 1520 5115 comprehendant.
1567 5047 1639 5104 At
1681 5049 1775 5104 ille
1808 5050 2022 5107 insidiis

423 5135 851 5203 animadversis,
881 5135 947 5190 ad
965 5136 1185 5193 Judazos
1209 5138 1526 5208 prosiliens,
1543 5141 1758 5212 elIugit.
1780 5142 2022 5199 Nicanor

425 5227 598 5298 igitur
627 5241 694 5282 eo
731 5239 934 5283 conatu
965 5227 1288 5295 frustratus,
1318 5230 1430 5301 jam
1460 5244 1652 5300 aperto
1694 5233 1868 5288 Marte
1903 5249 2018 5289 rem

425 5337 646 5393 gerens,
670 5323 926 5393 superior
960 5323 1157 5388 factus,
1181 5323 1322 5378 Juda
1356 5323 1409 5378 in
1455 5338 1642 5380 arcem
1701 5324 2019 5398 Hierosoly-

427 5415 696 5469 mitanam
745 5417 1057 5486 compulso,
1088 5416 1334 5472 minatur
1370 5417 1598 5487 populo,
1631 5418 1688 5472 ni
1738 5419 1892 5475 illum
1918 5421 2018 5476 de-

427 5505 581 5571 dant,
615 5523 673 5563 se
713 5511 979 5580 templum
1029 5525 1380 5567 eversurum.
1417 5511 1588 5567 Judas
1627 5529 1759 5568 vero
1811 5533 1941 5571 suos
1982 5533 2019 5571 ιι

428 5598 580 5654 viros
604 5599 672 5654 ad
700 5617 814 5656 rem
850 5603 1069 5658 fortiter
1101 5604 1399 5675 gerendam
1461 5606 1805 5672 cohortatus,
1844 5609 2020 5680 impe-

429 5700 547 5744 tum
572 5692 629 5746 in
658 5693 845 5749 hostes
875 5695 1028 5758 facit,
1083 5699 1288 5754 multos
1339 5699 1521 5765 caadit,
1575 5716 1640 5756 ac
1687 5703 1832 5758 inter
1876 5704 2016 5759 alios

431 5781 611 5851 ipsum
641 5798 855 5854 quoque
887 5785 1214 5844 Nicanorem
1251 5807 1266 5846 :
1305 5791 1507 5862 reliqui
1537 5794 1593 5849 in
1647 5792 1768 5866 fuga
1821 5810 2013 5853 omnes

2132 3286 2270 3359 τρίῳ
2298 3289 2328 3343 6
2354 3287 2651 3359 ἀρχιερεὺς
2675 3286 2945 3358 Ἄλκιμος
2973 3287 3314 3360 προσελθὼν,
3344 3288 3570 3342 καὶτῶν
3597 3287 3735 3342 Ίου·

2130 3381 2302 3437 δαίων
2362 3381 2555 3436 πολλοὶ
2612 3380 2855 3451 φυγάδες
2911 3381 3008 3436 καὶ
3056 3381 3309 3453 πονηροὶ,
3383 3383 3734 3453 κατηγόρουν

2131 3473 2312 3529 Ἰούδα
2355 3472 2451 3530 τοῦ
2489 3473 2883 3540 Μακκαϐαίου,
2927 3474 3026 3528 καὶ
3056 3473 3152 3528 τοῦ
3181 3474 3370 3539 έονους
3403 3473 3626 3541 παντὸς,
3654 3473 3735 3538 ὡς

2129 3573 2258 3636 τοὺς
2288 3571 2457 3626 αὐτοῦ
2486 3571 2680 3642 φίλους
2711 3571 3117 3629 ἀπεκτονότων.
3145 3571 3206 3626 ’0
3230 3571 3310 3639 δὲ,
3342 3569 3733 3642 παροξυνθεὶς,

2131 3662 2344 3734 πέμπει
2370 3663 2648 3734 Βακχίδην
2691 3662 2843 3736 αὐτῷ
2872 3663 3216 3718 οἰκειότατον
3269 3665 3411 3734 μετά
3459 3664 3734 3734 μεγίστης

2129 3755 2438 3827 δυνάμεως.
2457 3756 2842 3827 ἐντειλάμενος
2861 3757 3016 3826 αύτῷ
3037 3758 3246 3810 κτεῖναι
3268 3756 3473 3810 καὶτὸν
3495 3755 3735 3823 Ἰούδαν,

2131 3846 2226 3900 καὶ
2277 3847 2406 3910 τοὺς
2448 3845 2548 3901 σὺν
2595 3846 2770 3918 αὐτῷ.
2797 3847 2918 3910 Ὃς,
2957 3847 3040 3910 είς
3085 3846 3186 3919 τὴν
3218 3847 3486 3902 Ἰουδαίαν
3535 3845 3734 3917 ἐλθὼν,

2129 3935 2347 4008 έπεμψε
2383 3937 2523 4009 πρὸς
2553 3936 2648 3992 τὸν
2671 3936 2878 3992 Ἰούδαν
2923 3938 3018 3992 καὶ
3060 3938 3190 4002 τοὺς
3239 3938 3408 3993 αὐτοῦ
3436 3939 3733 4008 ἀδελφοὺς,

2127 4031 2222 4084 ἐπὶ
2269 4031 2497 4101 εἰρήνην
2557 4029 2757 4094 αὐτοὺς
2803 4030 3010 4085 καλῶν.
3044 4031 3109 4085 οι
3148 4031 3208 4086 δὲ
3237 4031 3338 4086 οὐκ
3395 4031 3736 4087 ἐπίστευσαν

2127 4119 2299 4192 αὐτῷ.
2329 4119 2486 4186 Τινὲς
2515 4121 2571 4176 δέ
2591 4121 2701 4174 τῶν
2715 4121 2813 4174 τοῦ
2839 4121 2902 4192 δή
2913 4139 3043 4191 μου,
3068 4122 3328 4187 λαϐόντες
3350 4125 3548 4195 ὅρκους
3575 4127 3734 4197 παρὰ

2129 4213 2426 4285 Βακχίδου,
2459 4210 2771 4283 προσῆλθον
2790 4211 2961 4284 αὐτῷ,
2981 4213 3066 4278 6;,
3095 4213 3205 4268 τῶν
3233 4214 3415 4284 ὅρκων
3443 4232 3734 4287 καταφρο-

2125 4306 2317 4376 νήσας,
2363 4304 2634 4376 ἐξήκοντα
2679 4303 2890 4361 τούτων
2939 4306 3256 4372 ἀπέκτεινε,
3293 4309 3390 4362 καὶ
3441 4307 3587 4364 οὕτω
3619 4311 3732 4364 τῶν

2123 4396 2331 4450 λοιπῶν
2389 4397 2489 4469 τὴν
2538 4397 2715 4468 όρμὴν
2763 4397 2856 4451 τοῦ
2915 4398 3068 4470 αὐτῷ
3112 4402 3400 4470 προσιέναι
3457 4403 3728 4473 ἀνέκοᾲε.

2129 4489 2255 4553 Τοῖς
2285 4488 2331 4543 δ’
2365 4491 2425 4545 ὲν
2451 4492 2518 4561 τῇ
2557 4489 2712 4561 χώρᾳ
2746 4491 2884 4544 πᾶσι
2915 4490 3252 4562 προσέταξεν
3289 4493 3595 4549 ὑπακούειν
3626 4496 3730 4550 τοῦ

2127 4581 2436 4656 ἀρχιερέως
2465 4582 2754 4652 Ἀλκίμου.
2785 4584 2898 4638 Καὶ
2923 4584 3104 4640 ταῦτα
3130 4583 3603 4657 διαπραξάμενος,
3639 4589 3726 4653 είς

2126 4675 2462 4746 Ἀντιόχειαν
2492 4673 2821 4746 ἐπανῆλθεν.
2843 4677 3114 4748 ’Ἄλκιμος
3146 4678 3225 4745 δὲ,
3250 4679 3387 4750 πρὸς
3411 4681 3574 4752 χάριν
3592 4681 3724 4750 δμισ

2125 4769 2235 4822 λῶν
2252 4768 2490 4836 ἑκάστῳ,
2520 4769 2616 4822 καὶ
2635 4768 2846 4834 πάντας
2874 4770 3328 4841 ὑποποιούμενος,
3352 4774 3490 4843 ταχὺ
3517 4774 3726 4846 πολλὴν

2129 4859 2383 4926 συνέλεξε
2441 4858 2698 4929 δύναμιν,
2723 4853 2800 4915 ὧν
2837 4862 2887 4914 οί
2944 4862 3168 4927 πλείους
3198 4867 3262 4918 ὲκ
3291 4863 3403 4918 τῶν
3463 4867 3725 4936 φυγάδων

2123 4947 2267 5022 ἦσαν
2309 4953 2404 5006 καὶ
2437 4951 2673 5016 ἀσεϐῶν,
2702 4951 2772 5005 δι’
2801 4945 2880 5007 ὧν
2905 4954 3035 5018 τοὺς
3062 4957 3131 5009 τὰ
3163 4954 3339 5011 Ἰούδα
3378 4958 3722 5026 φρονοῦντας

2125 5045 2402 5099 ὲκτίννυε·
2436 5045 2531 5098 καὶ
2562 5043 2766 5108 Ἰούδας
2806 5043 2853 5097 δ’
2882 5045 3154 5117 ἑτέρωθεν
3191 5049 3319 5109 τοὺς
3342 5050 3413 5104 τὰ
3449 5049 3719 5122 ’Δλκίμου

2124 5137 2470 5209 πράττοντας
2495 5135 2828 5205 διέφθειρεν,
2860 5136 2886 5188 6
2921 5136 2978 5190 δὲ
3003 5137 3094 5191 τὸν
3117 5139 3430 5211 Δημήτριον
3457 5142 3600 5196 κατὰ
3619 5141 3723 5196 τοῦ

2123 5230 2298 5285 Ἰούδα
2316 5230 2563 5302 ἠρέθιζε.
2596 5230 2815 5301 Πέμπει
2848 5231 3033 5285 τοίνυν
3059 5230 3218 5294 αὖθις
3246 5233 3276 5285 6
3309 5233 3566 5303 βασιλεὺς
3617 5237 3720 5290 Νι-

2123 5324 2352 5394 κάνωρα
2417 5323 2558 5392 μετά
2610 5323 2879 5393 μεγίστης
2932 5323 3137 5394 χειρὸς,
3187 5325 3573 5398 ἐντειλάμενος
3617 5327 3715 5382 τοῦ

2122 5417 2313 5480 ἔθνους
2357 5415 2432 5485 μὴ
2461 5415 2778 5484 φείσασθαι.
2810 5417 3102 5480 Κάκεῖνος,
3137 5416 3414 5482 ἀπελθὼν,
3436 5417 3574 5489 δόλῳ
3613 5437 3717 5473 κα-

2121 5512 2348 5581 τασχεῖν
2403 5508 2730 5580 ἐπεχείρησε
2772 5509 2866 5561 τὸν
2922 5507 3148 5572 Ἰούδαν,
3169 5511 3264 5563 καὶ
3315 5510 3452 5581 πρὸς
3483 5513 3715 5584 εἰρήνην

2122 5602 2483 5674 προεκαλεῖτο
2516 5602 2703 5656 αὐτόν’
2725 5603 2753 5655 6
2779 5601 2859 5666 δὲ,
2880 5601 3096 5666 πίστεις
3115 5603 3239 5665 δοὺς
3271 5606 3366 5656 καὶ
3389 5605 3590 5670 λαϐὼν,
3617 5607 3711 5659 τὸν

2121 5700 2422 5770 Νικάνωρα
2460 5698 2602 5769 μετὰ
2624 5698 2722 5767 τῆς
2741 5698 3028 5768 δυνάμεως
3051 5697 3384 5766 εἰσεδέξατο,
3406 5701 3500 5752 καὶ
3532 5700 3712 5752 ἀσπα-

2125 5799 2360 5868 σάμενος
2413 5796 2575 5850 αύτδν
2610 5796 2638 5849 6
2665 5794 2926 5866 Νικάνωρ
2952 5797 3045 5849 καὶ
3077 5795 3454 5868 προσομιλῶν,
3482 5795 3714 5868 σημεῖον
