4074 6410
396 325 506 385 379

390 525 650 580 lonathas
681 543 846 596 porro
873 529 1076 584 caedem
1109 530 1300 586 fratris
1323 532 1551 590 Joannis
1582 538 1822 605 ulturus,
1852 555 1978 595 cum

1669 333 1999 400 JOANNIS
2033 340 2354 402 ΖΟΝᾹΜΞ

391 436 644 490 ttzeorum
688 433 832 493 filios
876 436 1102 494 obsides
1150 449 1406 512 sumptos
1437 441 1491 498 lu
1523 459 1656 502 arce
1691 449 1937 504 conclusi

2036 451 2066 506 Α
2095 451 2268 522 αὐτῷ,
2297 452 2375 518 ὡς
2404 453 2549 526 τάχα
2585 456 2674 511 διὰ
2721 458 2812 513 τίον
2837 461 3004 532 νόμον

3580 366 3684 429 3⁸ξο

3043 464 3121 536 μὴ
3145 471 3469 544 μτχομένῳ.
3509 477 3572 530 '0
3628 479 3686 532 δὲ

2085 542 2217 612 περὶ
2246 543 2435 614 ψυχῶν
2480 541 2621 601 εἶναι
2653 550 2834 619 φήσας
2878 554 2968 606 τὸν
3007 557 3278 627 κίνδυνον,
3323 564 3683 634 ἀντετάξατο,

387 617 617 671 Δηιοτεοί
652 618 750 672 filii
790 621 1012 690 nuptias
1037 623 1404 691 celebrantes,
1441 643 1706 697 sponsum
1729 640 1786 685 et
1814 647 1937 701 spor

2086 637 2182 688 καὶ
2209 636 2445 703 πολλοὺς
2505 617 2858 711 ἀποκτείνας,
2895 648 3162 706 καὶκατὰ
3195 653 3464 728 Βακχίδου
3505 617 3682 734 ὁρμή-ἶ

382 721 499 761 sam
541 724 667 763 cum
717 723 1046 781 sumptuoso
1099 717 1366 771 comitatu
1414 733 1481 772 ex
1531 719 1670 776 urbe
1703 722 1754 775 in
1775 723 1937 778 'urbet

2084 743 2185 791 σας
2215 729 2290 792 ὡς
2338 730 2557 803 πλήξων
2581 735 2768 800 αὑτὸν,
2809 741 2903 792 καὶ
2957 743 3274 815 ἀποτυχὼν.
3329 751 3412 812 είς
3451 753 3546 806 τὸν
3581 773 3684 809 πο·

380 795 691 853 ducerent:
748 800 967 856 insidiis
1025 803 1079 857 in
1132 816 1319 861 monte
1370 809 1610 878 quodam
1669 812 1974 879 collocatis,

378 904 576 946 omnes
603 891 888 959 interficit,
931 904 988 950 et
1016 912 1079 950 ea
1111 912 1234 966 qum
1263 898 1518 956 ferebant
1551 902 1765 972 diripit.
1800 905 1976 976 Dege-

345 978 472 1043 _bat
499 991 686 1038 autem
725 1000 852 1041 cum
887 986 1058 1043 fratre
1091 990 1142 1042 in
1198 990 1441 1048 fluminis
1487 996 1802 1063 paludibus.
1842 997 1976 1054 Bac-

373 1073 570 1131 chides
609 1087 794 1131 autem
823 1079 1018 1133 relicto
1050 1081 1104 1134 in
1132 1082 1321 1139 Judzea
1358 1088 1636 1154 praasidio,
1671 1090 1738 1144 ad
1779 1091 1972 1147 Deme-

370 1166 540 1220 triqu
564 1177 648 1222 est
679 1184 952 1224 reversus.
987 1172 1070 1226 Ab
1097 1188 1164 1226 eo
1191 1183 1462 1245 tempore,
1493 1181 1696 1250 populo
1715 1183 1784 1237 ad
1819 1184 1968 1238 hien-

374 1256 527 1310 uium
554 1259 742 1326 quiete
767 1276 1055 1326 concessa,
1085 1265 1350 1324 Jonathas
1374 1281 1428 1324 et
1449 1273 1536 1326 sui
1569 1284 1750 1330 metus
1773 1293 1970 1347 exper-

369 1359 453 1404 tes
517 1351 572 1405 in
621 1352 807 1408 Judma
855 1359 1057 1412 versati
1109 1369 1260 1418 sunt.
1310 1362 1426 1429 Qua
1471 1365 1540 1420 de
1579 1381 1744 1423 causa
1788 1369 1964 1426 Judaai

365 1439 680 1495 desertores
711 1445 820 1513 regi
852 1445 1128 1501 Demetrio
1155 1449 1492 1519 significant.
1529 1455 1574 1509 si
1610 1457 1738 1526 quis
1766 1469 1963 1514 contra

361 1528 659 1586 Ionatham
696 1535 969 1597 mittatur.
1005 1538 1286 1594 hominem
1320 1543 1439 1596 sine
1472 1544 1664 1601 labore
1704 1562 1960 1618 compre-

365 1623 593 1676 hensum
634 1625 719 1679 iri.
779 1625 1082 1683 Bacchides
1125 1630 1294 1700 igitur
1343 1633 1396 1687 in
1451 1636 1699 1692 Judzeam
1733 1641 1958 1706 missus,

356 1728 486 1768 cum
517 1719 666 1770 omni
719 1719 971 1774 adhibito
999 1723 1186 1777 studio
1215 1739 1342 1778 eum
1388 1743 1587 1796 capere
1612 1745 1722 1784 non
1752 1743 1957 1802 possit,

359 1821 390 1860 t.
431 1808 666 1864 selectos
727 1813 900 1868 exiis
941 1817 1036 1884 qui
1091 1831 1204 1870 rem
1241 1818 1379 1874 falso
1431 1821 1496 1874 ad
1551 1839 1734 1894 regem
1800 1827 1963 1882 detu-

357 1897 576 1968 lissent,
629 1905 858 1960 occidit.
921 1907 1189 1965 Jonathas
1245 1928 1378 1966 vero
1432 1931 1563 1970 cum
1628 1918 1852 1994 Simone
1903 1930 1959 1977 ct

355 1989 525 2045 sociis
577 1991 632 2047 in
673 1996 927 2052 turribus
969 2014 1110 2068 quas
1161 2001 1217 2056 in
1278 2003 1504 2061 deserto
1546 2018 1845 2078 struxerat,
1899 2031 1959 2070 se

361 2080 608 2136 tenebat.
638 2083 788 2150 Quas
819 2086 952 2142 dum
984 2089 1286 2149 Bacchides
1331 2107 1636 2170 oppugnat,
1667 2101 1836 2160 fratre
1867 2107 1954 2161 Si-

357 2185 522 2226 mone
557 2172 613 2228 in
642 2177 868 2231 castello
898 2179 1112 2249 relicto,
1144 2183 1285 2239 clam
1319 2188 1642 2257 egreditur:
1679 2201 1734 2248 et
1763 2196 1952 2252 mult's

353 2275 420 2316 ex
464 2277 599 2332 agro
631 2267 943 2328 conductis.
975 2282 1140 2326 noctu
1183 2274 1235 2329 in
1273 2275 1462 2333 hostes
1497 2279 1764 2352 impetum
1797 2284 1950 2351 facit,

352 2365 420 2406 ac
451 2355 656 2411 multos
687 2357 827 2428 ipse,
879 2363 1086 2419 multos
1121 2364 1314 2421 Simon
1342 2370 1524 2436 caedit,
1569 2374 1712 2429 clam
1744 2384 1802 2431 ct
1833 2379 1951 2448 ipse

345 2447 577 2502 castello
624 2464 904 2521 egressus,
957 2455 1402 2518 obsidionalibus
1453 2467 1726 2526 machinis
1760 2470 1951 2528 incen-

345 2532 446 2588 sis.
503 2537 578 2592 Ea
606 2539 764 2596 clade
810 2545 1143 2603 Bacchidem
1176 2562 1434 2609 moestum
1483 2560 1780 2617 recedendi
1816 2579 1950 2620 cau-

343 2639 460 2680 sam
495 2629 784 2690 honestam
814 2652 1064 2708 quaerere
1092 2657 1220 2698 cum
1254 2644 1620 2708 intellexisset
1652 2653 1942 2724 Jonathas,

342 2733 446 2787 per
479 2721 690 2794 legatos
714 2727 863 2786 illius
893 2734 1194 2794 amicitiam
1238 2743 1394 2812 petit.
1439 2742 1612 2811 Quam
1647 2763 1773 2802 cum
1806 2721 1942 2806 Bac;

340 2813 535 2873 chides
565 2834 627 2874 ea
663 2825 986 2885 conditione
1015 2835 1344 2904 accepisset,
1395 2846 1457 2894 ut
1491 2843 1725 2912 captivis
1759 2847 1942 2902 utrin-

340 2920 451 2977 que
493 2912 765 2984 redditis,
833 2920 1201 2993 jurejurando
1247 2927 1622 2998 aﬂirmarent,
1681 2925 1939 2994 neutrum

329 2999 497 3056 alteri
534 3004 798 3080 deinceps
849 3028 1001 3070 arma
1055 3017 1340 3074 illaturum
1387 3035 1402 3076 :
1451 3023 1762 3097 digressus.
1826 3047 1936 3088 non

335 3094 579 3162 amplius
610 3099 832 3159 Iudaeos
863 3104 1085 3165 invasit.
1122 3109 1393 3170 Jonathas
1420 3094 1554 3173 vere
1581 3121 1933 3190 popularium

328 3191 738 3260 rempublicam
769 3213 1000 3256 securus
1031 3203 1468 3277 administravit,
1501 3225 1566 3267 ac
1595 3215 1934 3284 snpplicium

325 3275 402 3332 .de
435 3279 621 3351 impiis
655 3289 917 3356 sumpsit.

329 3372 590 3446 ἐξελθὼν,
622 3382 718 3436 καὶ
753 3385 985 3453 πολλοὺς
1037 3391 1104 3444 ὲκ
1155 3391 1258 3463 τῆς
1324 3395 1512 3468 χώρας
1575 3403 1926 3472 συναγαγὼν.

327 3559 720 3632 ἐμπρήσαντες
756 3570 853 3624 καὶ
883 3572 984 3636 τὰς
1013 3575 1446 3652 πολιορκητικάς
1477 3588 1757 3658 μηχανάς.

326 3650 547 3725 Ἐζήτει
574 3657 622 3712 δ’
653 3661 835 3714 αἰτίαν
863 3663 965 3734 τῆς
990 3650 1277 3742 ἀναζυγῆς
1318 3650 1596 3750 stiti-parti;
1662 3650 1775 3736 Kal.

2079 822 2256 890 ταμὸν
2312 824 2484 895 ἥλατο
2539 830 2680 900 μετὰ
2738 832 2847 885 τῶν
2889 835 3148 904 ἑταίρων,
3221 840 3317 894 καὶ
3371 843 3679 917 διενήξατο.

2083 913 2191 967 Καὶ
2245 915 2578 989 ὁΒακχίδης
2627 922 2709 986 είς
2768 925 2870 993 τὴν
2909 928 2967 980 ἐν
3033 929 3436 1002 Ἰεροσολύμοις
3497 913 3680 1010 άκραν

2078 1005 2409 1079 ὑπέστρεψε,
2447 1014 2540 1065 καὶ
2593 1014 2702 1066 τῶν
2756 1016 2989 1086 πρώτων
3026 1021 3128 1090 τῆς
3159 1023 3422 1090 Ἰουδαίας
3473 1031 3670 1096 παῖδας

2075 1099 2320 1170 ὁμήρους
2347 1103 2546 1169 λαϐὼν,
2590 1108 2670 1171 είς
2708 1109 2808 1178 τὴν
2832 1111 3014 1182 ἄκραν
3049 1114 3380 1171 ἐνέκλεισεν.
3451 1117 3676 1192 Ἰωνάθῃ

2072 1191 2117 1245 δ’
2149 1194 2388 1264 ἐμέλησε
2419 1197 2510 1249 τὸν
2539 1197 2700 1266 φόνον
2727 1204 3038 1273 τιμωρῆσαι
3065 1205 3160 1258 τοῦ
3190 1206 3424 1277 ἀδελφοῦ
3478 1212 3672 1267 Ἰωάνο-

2073 1301 2188 1338 νου.
2218 1285 2404 1359 Γάμον
2421 1289 2478 1342 δὲ
2502 1290 2613 1344 τῶν
2644 1291 2738 1345 τοῦ
2763 1292 3074 1366 Ἀμαραίου
3104 1298 3314 1354 παίδων
3339 1302 3668 1371 τελούντων,

2072 1379 2168 1430 καὶ
2217 1381 2283 1433 ἐκ
2333 1381 2544 1446 πόλεως
2592 1384 2674 1448 είς
2721 1385 2922 1458 ἑτέραν
2985 1387 3082 1442 τὸν
3135 1393 3373 1464 νυμφίον
3428 1396 3525 1448 καὶ
3570 1398 3670 1470 τὴν

2068 1470 2293 1541 νύμφην
2331 1475 2580 1541 ἀγόντων
2610 1477 2752 1546 μετὰ
2781 1477 3118 1547 πολυτελοῦς
3152 1488 3517 1559 προπομπῆς,
3543 1491 3666 1545 ἑνε-

2065 1561 2299 1632 δρεύσας
2334 1567 2544 1630 ἐκεῖνος
2576 1569 2633 1620 ὲν
2663 1568 2780 1639 δρει
2834 1572 2978 1640 μετὰ
3011 1575 3122 1627 τῶν
3169 1579 3296 1648 περὶ
3321 1579 3506 1645 αὑτὸν,
3547 1584 3669 1636 ἐπι-

2065 1654 2270 1709 τίθεται
2307 1659 2420 1720 τοῖς
2453 1659 2511 1711 ἐν
2561 1662 2625 1732 τῇ
2663 1665 2880 1733 πομπῇ.
2918 1665 3011 1719 καὶ
3044 1667 3353 1737 διέφθειρεν
3391 1671 3664 1738 ἅπαντας,

2067 1749 2161 1798 καὶ
2193 1746 2229 1800 ἂ
2253 1747 2451 1818 ἔφερον
2480 1751 2753 1823 διήρπαξε
2786 1752 3101 1824 ξύμπαντα.
3146 1759 3353 1830 Διῆγον
3405 1763 3451 1816 δ’
3478 1764 3666 1820 Ἰωνά⁹

2066 1838 2166 1909 οης
2201 1841 2296 1894 καὶ
2327 1843 2514 1913 Σίμων
2552 1845 2696 1914 μετὰ
2727 1847 2839 1901 τῶν
2871 1851 3004 1920 περὶ
3045 1851 3246 1916 αὐτοὺς

2061 1932 2155 1985 τοῦ
2191 1936 2460 2005 ποταμοῦ.
2499 1937 2776 2010 Βακχίδης
2817 1940 2897 2007 δὲ,
2952 1945 3200 2016 φρουρὰν
3252 1947 3333 2010 είς
3391 1949 3663 2005 Ἰουδαίαν

2060 2027 2405 2093 καταλιπὼν,
2440 2032 2580 2103 πρὸς
2612 2033 2706 2087 τὸν
2757 2037 3078 2108 Δημήτριον
3127 2041 3463 2112 ἐπανῆλθεν.
3497 2045 3664 2116 Ἤρε-

2059 2119 2292 2187 tto-ivro;
2342 2121 2388 2175 δ’
2419 2122 2609 2178 ἔκτοτε
2635 2127 2726 2180 τοῦ
2757 2128 2950 2194 ἔθνους
3002 2133 3092 2185 ἐπ’
3127 2133 3226 2205 ἐτη
3248 2135 3364 2200 δύο,
3402 2138 3659 2211 Ἰωνάθης

2056 2212 2153 2263 καὶ
2203 2212 2253 2266 οί
2296 2214 2431 2282 περὶ
2468 2215 2636 2270 αὐτὸν
2674 2218 2773 2271 σὺν
2805 2220 2959 2292 ἀδείᾳ
2987 2223 3045 2276 ἐν
3083 2228 3146 2296 τῇ
3176 2225 3334 2298 χώρᾳ
3363 2227 3657 2298 διέτριϐον.

2056 2303 2117 2354 Oi
2155 2300 2250 2358 οὖν
2280 2305 2663 2376 ἀσεϐήσαντες
2701 2310 2955 2366 Ἰουδαῖοι
2994 2315 3130 2384 πρὸς
3163 2318 3254 2370 τὸν
3295 2317 3521 2388 βασιλέα
3553 2324 3658 2391 Δη-

2055 2393 2289 2463 μήτριον
2316 2395 2622 2464 πέμπουσι,
2655 2399 2944 2471 δηλοῦντες
2998 2407 3214 2472 ἀπόνως
3241 2408 3333 2462 τὸν
3372 2411 3653 2484 Ἰωνάθην,

2051 2485 2100 2538 εί
2131 2488 2410 2560 πεμφθείη
2467 2507 2554 2555 τις
2615 2492 2704 2546 ἐπ’
2758 2495 2948 2564 αὐτὸν,
3005 2500 3509 2575 συλληφθήσεσθαι.
3543 2506 3655 2560 Καὶ

2050 2577 2260 2646 πέμπει
2292 2581 2382 2634 τὸν
2416 2581 2691 2650 Βακχίδην
2717 2585 2745 2638 6
2776 2585 3053 2655 βασιλεύς.
3099 2591 3158 2644 '0
3181 2592 3262 2660 δὲ,
3281 2597 3360 2656 εἰς
3385 2594 3483 2665 τὴν
3511 2596 3652 2649 Ἰου-

2046 2670 2206 2724 δαίαν
2239 2672 2433 2738 ἐλθὼν,
2480 2676 2575 2729 καὶ
2606 2677 2970 2735 συλλαϐέσθαι
3013 2683 3107 2737 τον
3138 2685 3422 2757 Ἰωνάθην,
3472 2689 3651 2742 καίτοι

2047 2765 2376 2830 σπωδάσας,
2404 2768 2501 2837 οὐχ
2535 2764 2646 2830 οἷός
2674 2787 2731 2824 τε
2766 2770 2866 2838 ὢν,
2899 2775 3247 2846 πεντήκοντα
3285 2781 3350 2831 ἐκ
3378 2779 3487 2832 τῶν
3519 2781 3649 2849 περὶ

2044 2854 2305 2926 Ἰωνάθην
2335 2857 2413 2928 τῷ
2441 2858 2657 2928 βασιλεῖ
2690 2862 2786 2931 τὴν
2818 2866 3103 2935 ἀναφοράν
3139 2869 3487 2938 ποιησάντων
3520 2875 3646 2937 τοὺς

2045 2944 2386 3014 προκρίτους
2415 2946 2492 3011 ὡς
2549 2949 2958 3022 ψευσαμένους,
2995 2957 3348 3014 ἀπέκτεινεν.
3385 2962 3645 3033 Ἰωνάθης

2040 3031 2099 3087 δὲ
2129 3034 2224 3087 καὶ
2261 3035 2446 3106 Σίμων
2479 3041 2575 3092 καὶ
2603 3041 2653 3093 oi
2705 3045 2834 3112 περὶ
2882 3046 3105 3115 αὐτοὺς,
3138 3049 3216 3114 είς
3271 3053 3372 3120 τὴν
3433 3031 3644 3126 ἔρημον

3306 1855 3389 1919 εἰς
3450 1860 3516 1909 τὰ
3566 1858 3661 1929 ’ἑλη

1965 3166 2008 3224 C
2041 3125 2425 3197 ἀνεχώρησαν,
2458 3129 2585 3184 ἔνθα
2615 3133 2861 3205 πύργους
2883 3139 3274 3214 οἰκοδομήσας,
3308 3125 3640 3216 προσέμενεο

2043 3217 2139 3270 καὶ
2170 3219 2198 3270 ὁ
2229 3219 2506 3292 Βακχίδης
2547 3224 2738 3290 ἐλθὼν,
2771 3231 3090 3303 ἐπολιόρκει
3139 3235 3328 3296 αὐτόν.
3381 3239 3642 3310 Ἰωνάθης

2042 3309 2242 3376 δὲ,τὺν
2273 3312 2504 3382 ἀδελφὸν
2532 3315 2656 3370 ἐκεῖ
2703 3318 2882 3375 λιπὼν
2932 3325 3178 3396 Σίμωνα,
3234 3329 3405 3394 αὐτὸς·
3463 3309 3640 3402 λάθρα

1971 3407 2192 3480 νύκτωρ
2246 3411 2326 3482 τῷ
2393 3413 2638 3488 Βακχίδῃ
2666 3419 2760 3473 καὶ
2811 3423 2878 3492 τῇ
2913 3423 3082 3478 αὑτοῦ
3133 3427 3444 3498 προσέϐαλε
3475 3447 3639 3500 aspa-

323 3467 443 3538 τιᾷ.
472 3469 586 3526 Καὶ
615 3473 852 3541 πολλοὺς
887 3479 988 3549 μὲν
1034 3482 1200 3548 αὐτὸς
1232 3467 1434 3555 ἀνεῖλε,
1477 3467 1733 3558 πολλούς⁷
1777 3467 1833 3551 δὲ
1869 3467 1965 3554 καὶ
2001 3503 2030 3556 6
2064 3467 2272 3574 Σίμων,
2296 3467 2309 3482 ⁸
2341 3467 2973 3580 ὑπεξελθών-’διάκέἱίνδς

3009 3517 3120 3570 ἀπὸ
3176 3518 3284 3575 τῶν
3321 3524 3344 3574 ὲ
3351 3543 3415 3592 ρυ
3424 3521 3632 3590 μάτων,

1794 3590 2118 3666 Ἀθυμήσας
2157 3597 2214 3651 δὲ
2247 3596 2337 3652 διὰ
2367 3597 2544 3656 ταῦτα
2572 3603 2600 3655 6
2658 3603 2933 3680 Βακχίδης
2955 3648 2970 3674 ,
3035 3611 3236 3680 ἤθελεν
3309 3590 3632 3682 ἀναζεῦξαι.

1827 3686 1856 3739 6
1892 3685 2177 3760 Ἰωνάθης,
2203 3689 2365 3744 τοῦτο
2403 3692 2615 3776 μαθὼν,
2660 3700 3025 3770 πρεσϐεύεται
3069 3707 3199 3777 περὶ
3256 3709 3462 3777 φιλίας,
3531 3712 3620 3765 ἵνα

324 3743 584 3818 ἑκάτεροι
644 3752 900 3826 ἀλλήλοις
958 3759 1267 3832 ἀντιδῶσινν
1332 3743 1443 3831 οὓς-
1481 3743 1674 3841 Erl-0V,
1738 3743 2177 3848 αίχμαλώτουξ;-’
2214 3743 2525 3854 Δεξάμὲνος
2575 3743 2672 3844 ὀίω
2705 3743 2842 3861 ι’τὴν
2899 3743 3205 3864 πρεσϐείάν
3254 3743 3293 3854 ἴ
3328 3749 3626 3874 Beatam.

325 3843 614 3874 ιιι-ιιιηὲοα...
676 3851 782 3874 II..\
828 3852 886 3874 1.,
1216 3862 1228 3874 ι
1468 3868 1481 3874 -
1551 3870 1623 3874 -__
1660 3872 1693 3874 η

325 3843 638 3902 σπένδεται.
676 3851 788 3905 Καὶ
822 3852 1046 3925 ὤμοσαν
1085 3862 1290 3932 μηκέτι
1356 3868 1482 3921 κατ’
1538 3870 1792 3941 ἀλλήλων

1860 3877 2206 3947 στρατεύειν,
2261 3881 2359 3936 καὶ
2421 3884 2553 3948 τοὺς
2606 3886 2994 3957 αἰχμαλώτους
3063 3893 3388 3964 ἠλλάξαντο.
3445 3899 3554 3952 Kal
3597 3901 3628 3952 6

318 3935 426 4006 μὲν
469 3939 770 4016 Βακχίδης,
809 3947 1184 4025 ὑποστρέψας,
1240 3958 1429 4015 οὐκέτι
1471 3969 1616 4018 κατὰ
1665 3935 1772 4037 τῆς
1849 3935 2115 4036 Ἰουδαίας

2181 3974 2453 4047 ἐπῆλθεν·
2507 3979 2540 4032 6
2605 3979 2662 4033 δὲ
2720 3981 2983 4056 Ἰωνάθης
3038 3987 3227 4053 ἀδείας
3286 3989 3490 4062 τυχὼν,
3551 3989 3621 4047 τὰ

320 4031 434 4085 τῶν
463 4033 746 4108 ὁμοεθνῷν
776 4039 985 4097 διίθυνε
1019 4050 1347 4120 πράγματα,
1405 4054 1636 4122 ἐκόλαζέ
1668 4031 1760 4112 τεΓ
1787 4061 1916 4126 τοὺς
1955 4031 2357 4135 ἀσεϐήσαντας.

392 4130 590 4229 XXII}.
620 4135 910 4229 _Ca:terum
957 4142 1271 4204 Alexander
1310 4151 1572 4209 Antiochi
1607 4157 1915 4229 Epiphania

315 4217 488 4290 ﬁlius,
516 4223 855 4286 Ptolemaide
883 4247 983 4303 per
1005 4238 1380 4306 proditionem
1400 4217 1689 4316 occupata,
1717 4217 1915 4307 heme-

312 4312 484 4370 trium
517 4320 885 4390 perturbavit,
921 4335 983 4381 ut
1038 4332 1228 4401 copias
1257 4312 1636 4407 contraheret,
1658 4351 1716 4397 et
1740 4343 1912 4400 Jona-

311 4404 426 4462 tltm
458 4410 763 4469 amicitiam
799 4417 1238 4494 societatemque
1284 4437 1598 4498 expeteret,
1621 4404 1910 4502 potestate

317 4496 448 4559 data
474 4505 755 4564 exercitus
801 4513 1227 4583 conscribendi,
1275 4529 1334 4575 et
1355 4496 1583 4591 pueros
1625 4496 1852 4584 obsides
1879 4547 1911 4586 a

314 4587 592 4648 Bacchide
623 4594 679 4650 in
703 4601 931 4657 castello
957 4606 1253 4664 conclusos
1282 4587 1616 4683 recipiendi.
1643 4619 1911 4679 Jonathas

314 4679 1234 4782 igitur-"Hierosolymaprofectus,
1269 4679 1417 4774 regis
1439 4705 1672 4775 epistola
1702 4713 1909 4782 populo

309 4776 368 4824 et
397 4769 672 4830 militibus
695 4779 1060 4847 praesidiariis
1083 4769 1444 4849 audientibus
1466 4769 1719 4866 recitata:
1743 4769 1902 4873 2.11

308 4875 523 4930 pueros
572 4880 642 4920 ex
727 4884 858 4926 arce
916 4887 1171 4948 receptos
1241 4885 1572 4952 parentibus
1638 4894 1903 4960 restituit,

309 4961 478 5023 atque
503 4955 699 5012 urbem
732 4973 980 5033 renovat,
1016 4971 1222 5027 moenia
1252 4973 1547 5033 instaurat.
1589 4955 1904 5041 Alexandro

307 5057 531 5115 quoque
581 5051 906 5111 societatem
957 5059 1079 5130 ejus
1126 5073 1446 5134 expetente,
1494 5079 1552 5125 et
1599 5074 1901 5132 amicitiam

300 5231 586 5298 pontificia
633 5237 776 5293 Stola
826 5241 884 5297 in
933 5243 1074 5300 festo
1123 5246 1658 5325 Tabernaculoru'm,
1698 5273 1899 5331 quarto

298 5330 430 5393 post
449 5323 606 5381 Judae
637 5329 823 5387 fratris
857 5334 1144 5394 interitum
1176 5356 1324 5399 anno
1353 5345 1572 5412 induta,
1601 5323 1808 5411 milites
1842 5365 1899 5412 et

296 5428 455 5470 arma
489 5430 667 5487 parat.
712 5423 1026 5484 Alexander
1076 5447 1208 5490 vero
1253 5435 1536 5496 Demetrio
1582 5444 1702 5501 acie
1746 5447 1896 5504 victo

299 5505 452 5607 (nam
499 5509 546 5565 is
605 5514 657 5567 in
715 5517 1019 5586 palustrem
1049 5522 1236 5580 locum
1286 5543 1414 5583 cum
1462 5547 1608 5602 equo
1641 5535 1891 5607 illapsus,

300 5597 452 5692 unde
493 5616 779 5677 emergere
819 5611 968 5669 haud
1023 5616 1186 5675 facile
1239 5632 1480 5692 poterat,
1513 5597 1605 5683 _ab
1637 5597 1893 5689 hostibus

2097 4162 2226 4220 Kl".
2247 4165 2602 4240 Ἀλέξανδρος
2624 4168 2681 4223 δὲ
2697 4171 2792 4226 τοῦ
2823 4173 3155 4245 Ἐπιφανοῦς
3171 4177 3450 4251 Ἀντιόχου
3477 4183 3615 4248 υίὸς,

2019 4257 2121 4326 τὴν
2148 4258 2504 4330 Πτολεμαΐδα
2528 4261 2594 4315 ὲκ
2629 4265 2927 4334 προδοσίας
2971 4270 3350 4340 παρειληφὼς,
3383 4274 3616 4342 ἐτάραξε

2017 4349 2114 4404 τὸν
2142 4351 2478 4424 Δημήτριον,
2524 4353 2670 4409 ὥστε
2720 4357 2818 4411 καὶ
2858 4361 2958 4424 τὰς
3009 4361 3272 4434 δυνάμεις
3335 4365 3614 4438 ἀθροίζειν

1945 4491 1990 4545 D
2019 4441 2116 4495 καὶ
2141 4441 2361 4514 πέμψαι
2387 4444 2527 4517 πρὸς
2568 4446 2830 4520 Ἰωνάθην
2853 4453 2985 4524 περὶ
3014 4455 3229 4521 εὐνοίας
3258 4459 3353 4512 καὶ
3385 4476 3612 4533 συμμα-

2017 4532 2163 4604 χίας.
2222 4535 2531 4610 Ἑπέτρεπέ
2558 4557 2620 4594 τε
2670 4542 2824 4614 αὐτῷ
2845 4547 3171 4619 στράτευμα
3201 4532 3480 4624 συνιστᾷν,
3515 4553 3610 4609 καὶ

2012 4624 2108 4690 οὒς
2131 4627 2194 4682 ἐν
2232 4630 2299 4699 τῇ
2340 4629 2490 4702 ἄκρᾳ
2516 4632 2872 4691 κατέκλεισεν
2893 4638 2922 4690 6
2960 4637 3234 4712 Βακχίδης
3269 4646 3466 4708 παῖδας
3529 4647 3608 4709 ὡς

2010 4716 2415 4789 ὁμηρεύοντας,
2451 4721 2768 4793 παρεχώρει
2790 4724 3113 4782 ἀπολαϐεῖν.
3145 4729 3454 4800 Δεξάμενος
3511 4729 3606 4788 οὖν

2009 4813 2110 4884 τὴν
2139 4813 2436 4886 ἐπιστολὴν
2476 4816 2741 4890 Ἰωνάθης
2783 4820 2881 4874 τοῦ
2921 4823 3212 4894 βασιλέως,
3252 4828 3333 4891 είς
3373 4826 3605 4897 Ἰεροσό-

2008 4905 2158 4975 λυμα
2177 4908 2551 4978 παραγέγονεο
2590 4911 2686 4965 καὶ
2709 4911 2920 4985 ταύτην
2959 4917 3040 4980 είς
3068 4917 3310 4989 ἐπήκοον
3329 4919 3425 4974 τοῦ
3471 4920 3602 4975 λαοῦ

2006 4995 2105 5050 καὶ
2135 4997 2246 5051 τῶν
2275 4998 2539 5068 φυλάκων
2569 5003 2806 5072 ἀνέγνω,
2847 5006 2946 5061 καὶ
3001 5010 3130 5074 τοὺς
3189 5013 3392 5075 παῖδας
3423 5012 3604 5069 λαϐὼν

2003 5088 2071 5142 ἑκ
2101 5088 2203 5160 τῆς
2233 5090 2591 5162 ἀκροπόλεως
2621 5097 2737 5159 τοίς
2765 5097 3021 5165 γονεῦσιν
3051 5102 3355 5163 ἀπέδωκεν.
3382 5107 3602 5178 ἑκάστῳ

1883 5187 1899 5227 ε
2003 5177 2097 5234 τὸν
2147 5179 2302 5237 ίδιον.
2373 5183 2486 5236 Kal
2544 5185 2711 5251 αὐτὸς
2770 5189 2828 5242 ὲν
2875 5191 3280 5264 Ἰεροσολύμοις
3333 5196 3596 5268 διέτριϐε,

2003 5272 2266 5337 καινίζων
2288 5275 2390 5347 τὴν
2419 5276 2600 5344 πόλιν,
2651 5281 2746 5334 καὶ
2786 5281 2864 5336 τὰ·
2896 5285 3052 5356 τείχη
3104 5288 3276 5358 αὐτῆς
3313 5291 3596 5345 ἀνοικοδο-

2004 5365 2145 5437 μῶν.
2175 5367 2388 5438 Γράφει
2418 5369 2476 5424 δὲ
2500 5373 2595 5426 καὶ
2637 5373 2998 5450 Ἀλέξανδρος
3040 5383 3290 5456 Ἰωνάθῃ,
3328 5385 3409 5448 είς
3458 5403 3597 5456 cup.-

2002 5458 2211 5528 μαχίαν
2236 5460 2425 5516 καλῶν
2462 5463 2653 5532 αὐτὸν,
2694 5467 2794 5520 καὶ
2828 5469 2985 5538 φίλον
3010 5471 3360 5544 ποιούμενος,
3385 5476 3480 5530 καὶ
3495 5476 3593 5549 τὴν

1997 5550 2426 5627 ἀρχιερωσύνην
2477 5557 2630 5629 αὐτῷ
2671 5563 3002 5635 παρασχὼν,
3050 5569 3144 5623 καὶ
3180 5569 3334 5643 δῶρα
3375 5589 3592 5644 πεπομ-

1997 5641 2133 5711 φώς.
2173 5645 2233 5698 '0
2263 5645 2345 5712 δὲ,
2378 5648 2676 5720 δεξάμενος
2700 5653 2801 5725 τὴν
2844 5658 3161 5732 ἐπιστολὴν,
3190 5641 3289 5734 τὴν
3321 5641 3589 5737 ἀρχιερα-

298 5689 736 5767 Circumventus,
764 5711 820 5758 et
838 5707 1164 5766 vulneribus
1180 5715 1486 5786 confectus,
1519 5722 1708 5777 multis
1734 5725 1890 5794 prius

298 5778 608 5827 inlprfnnlic
710 5809 855 5827 ..η-τη
905 5802 1054 5827 ..ηηηε
1109 5819 1162 5827 -.-
1212 5805 1442 5827 :_.-_,--.‘
1720 5817 1752 5827 ,ι
1826 5818 1836 5827 .

2041 5689 2133 5707 _,.
2196 5689 2228 5698 ν
2265 5689 2345 5712 π,
2380 5689 2672 5720 ...γυνη-νς
2711 5689 2800 5725 ..ιν
2844 5689 3161 5732 ςιιιυιυισιν,
3190 5689 3289 5734 την
3321 5689 3587 5737 αρχέερει-

2036 5734 2154 5805 ικὴν
2189 5735 2388 5807 στολὴν
2418 5741 2812 5810 περιϐάλλεται
2847 5749 2989 5801 κατὰ
3017 5751 3116 5821 τὴν
3153 5753 3252 5824 τῆς
3301 5755 3587 5827 Σκηνοπη-

297 5778 653 5856 interfectis,
709 5809 856 5852 anno
901 5802 1057 5869 regni
1106 5819 1162 5860 χι
1212 5805 1446 5882 interiit)

1503 5829 1672 5887 regno
1718 5817 1889 5889 Syria:

2036 5824 2118 5891 ia;
2179 5828 2396 5900 ἑορτὴν,
2443 5833 2728 5906 τεσσάρων
2776 5838 3231 5913 ἐκμετρηθέντων
3290 5848 3579 5917 ἐνιαυτῶν,
