4074 6392
396 350 505 414 383

1661 359 1994 423 IOANNIS
2031 361 2357 424 ΖΟΝᾹΒᾸΞ

3569 371 3684 436 584

398 462 642 517 στάντων
696 464 885 533 αὐτὸν,
953 466 1106 538 μόλις
1173 469 1220 525 δ’
1267 470 1374 524 ὑπὸ
1431 469 1539 524 τῶν
1594 472 2083 542 σωματοφυλάκων
2123 474 2516 548 ἐξαρπασοεὶς,
2574 477 2903 552 ἐφ’ἡμέρας
2965 482 3147 538 ἔκειτο
3203 486 3501 556 τέσσαρας,
3547 489 3689 557 μήτε

394 558 617 622 συνιεὶς,
670 561 810 631 μήτε
866 562 1054 632 μέντοι
1094 564 1491 636 φθεγγόμενος.
1540 566 1882 634 Ἀνενεγκὼν
1919 566 1977 619 δὲ
2015 568 2084 637 τῇ
2158 567 2389 640 πέμπτῃ
2425 569 2535 624 τῶν
2563 573 2810 640 ἡμερῶν,
2875 577 2973 630 καὶ
3001 577 3104 646 τὴν
3139 578 3496 652 Ἀλεξάνδρου
3533 583 3690 648 δεξά⁸

397 668 564 720 μενος
629 656 898 728 κεφαλὴν,
969 657 1123 728 παρὰ
1179 660 1274 713 τοῦ
1329 661 1441 715 τῶν
1486 660 1742 733 Ἀράϐων
1790 662 2057 718 δυνάστου
2098 663 2448 734 πεμφθεῖσαν
2508 665 2680 736 αὐτῷ,
2728 670 2822 722 καὶ
2878 669 3130 740 ἡδυνθεὶς
3182 675 3274 727 ἐπὶ
3334 679 3400 747 τῇ
3478 679 3688 731 ἐκείνου

391 745 593 818 φθορᾷ.
622 751 716 804 καὶ
745 752 909 815 αὐτὸς
942 754 1082 820 μετὰ
1121 755 1318 825 μικρὸν
1345 758 1696 830 ἐτελεύτησε.

469 843 660 900 XXIV.
720 847 1035 905 Demetrius
1090 851 1334 908 Nicanor
1378 854 1508 911 Asia
1561 858 1805 926 potitus.
1851 877 1966 917 cum

2157 847 2284 904 ΚΧ.
2353 850 2700 920 Παραλαϐὼν
2739 853 2798 907 δὲ
2850 856 2952 925 τὴν
2999 857 3101 925 τῆς
3158 859 3345 920 Ἀσίας
3402 860 3688 929 βασιλείαν

393 945 524 1006 post
579 937 956 994 Alexandrum
1017 957 1196 998 annos
1243 945 1491 1016 quinque
1544 962 1852 1018 regnasset.
1888 953 1986 1007 ιιεί-

395 1029 525 1083 litcs
560 1030 841 1087 Ptolemaei
884 1049 1248 1105 corrumpere
1295 1041 1484 1109 ccepit.
1521 1051 1578 1096 et
1619 1045 1899 1100 societatis
1929 1056 1986 1102 et

395 1122 680 1177 aﬁinitatis
729 1124 1022 1181 immemor
1051 1144 1064 1181 :
1103 1129 1198 1197 qui
1225 1147 1350 1185 cum
1385 1133 1537 1188 elusa
1589 1136 1737 1192 illius
1767 1139 1984 1195 callidi-

395 1221 531 1277 tate,
562 1216 953 1272 Alexandriam
995 1220 1257 1281 redirent.
1289 1224 1601 1293 elephantis
1634 1229 1750 1297 ipse
1778 1233 1984 1299 potitus

393 1316 501 1362 est.
537 1308 774 1364 Jonatha
809 1327 940 1366 vero
976 1329 1159 1369 arcem
1182 1316 1761 1390 llicrosolymitanam,
1790 1326 1842 1379 in
1875 1344 1982 1395 qua

395 1398 757 1455 Macedonum
805 1413 862 1457 et
907 1403 1228 1459 Juda'orum
1277 1406 1627 1465 desertorum
1663 1414 1980 1481 praesidium

393 1505 534 1556 crat,
559 1504 952 1564 oppugnante:
983 1497 1210 1566 quidam
1248 1510 1414 1555 noctu
1467 1502 1662 1572 elapsi,
1712 1505 1989 1563 Demetrio

392 1585 740 1640 obsidionem
791 1589 1141 1646 nuntiarunt.
1204 1593 1255 1647 Is
1304 1611 1427 1649 cum
1487 1600 1734 1654 exercitu
1792 1602 1982 1657 Ptole-

393 1677 634 1733 maidcm
695 1682 999 1749 profectus,
1055 1684 1349 1742 Jonatham
1399 1705 1500 1759 per
1545 1689 1761 1748 littcras
1805 1694 1870 1748 ad
1922 1711 1980 1750 sc

391 1775 648 1829 accersit.
720 1777 813 1831 Ille
850 1794 982 1833 vero
1033 1795 1142 1833 non
1176 1783 1378 1836 omissa
1433 1785 1751 1842 obsidione.
1794 1805 1977 1843 sarcr-

390 1863 615 1918 dotihus
654 1875 711 1920 et
745 1869 932 1937 populi
986 1872 1306 1926 senioribus
1337 1877 1660 1944 assumptis.
1717 1879 1979 1950 illataque

392 1971 590 2026 magna
635 1960 896 2026 pecunia,
947 1961 1287 2020 Demetrium
1333 1967 1550 2036 placat:
1586 1985 1614 2024 a
1657 1987 1767 2040 quo
1802 1973 1977 2028 honos

385 2049 439 2103 ei
481 2049 707 2106 habitus
737 2061 842 2108 est.
889 2062 945 2108 et
1000 2056 1283 2126 pontiﬁcia
1330 2059 1573 2129 dignitas
1627 2067 1974 2123 conﬁrmata.

386 2142 526 2198 Cum
560 2161 693 2201 vero
721 2147 1063 2203 Demetrium
1090 2151 1258 2208 rebus
1291 2157 1502 2224 pacatis
1525 2160 1739 2214 nullum
1769 2161 1974 2216 hellmn

2085 941 2400 1013 Δημήτριος
2431 943 2460 995 6
2491 943 2758 1016 Νικάνωρ
2807 945 2949 1016 μετὰ
2995 947 3350 1019 Ἀλέξανδρον
3387 952 3482 1022 ἔτη
3522 953 3682 1021 βασι-

2083 1036 2355 1092 λεύσαντα
2386 1039 2570 1105 πέντε,
2603 1040 2809 1111 ἦρξατο
2836 1043 3174 1115 διαφθείρειν
3207 1047 3270 1100 τὸ
3327 1046 3422 1100 τοῦ
3480 1049 3681 1103 Πτολε-

2088 1129 2255 1200 μαίου
2287 1133 2708 1200 στρατιωτικὸν,
2735 1135 2837 1204 τῆς
2870 1153 2929 1189 τε
2961 1139 3290 1210 συμμαχίας
3344 1141 3440 1193 καὶ
3476 1159 3684 1211 συγγε-

2084 1224 2233 1285 νείας
2265 1225 2685 1297 ἀμνημονήσας.
2718 1229 2783 1281 Ol
2811 1231 2913 1298 μὲν
2935 1227 3029 1284 οὗν
3062 1235 3418 1302 στρατιῶται,
3441 1235 3540 1306 τὴν
3568 1239 3686 1290 πεῖο

2087 1330 2187 1382 ραν
2215 1315 2424 1370 ἐκείνου
2469 1317 2953 1391 διακρουσάμενοι,
2985 1325 3063 1388 είς
3098 1325 3522 1397 Ἀλεξάνδρειαν
3558 1331 3684 1384 άνε-

2083 1407 2365 1479 χώρησαν,
2391 1409 2499 1462 τῶν
2528 1410 2573 1464 δ’
2604 1411 2916 1482 ἐλεφάντων
2945 1416 3277 1486 ἐκράτησεν.
3332 1418 3592 1493 Ἰωνάθης
3619 1424 3680 1478 δὲ

2083 1497 2112 1548 6
2140 1498 2437 1569 ἀρχιερεὺς
2463 1502 2780 1574 ἐπολιόρκει
2813 1506 2915 1574 τὴν
2941 1507 3050 1559 τῶν
3092 1509 3486 1582 Ἰεροσολύμων
3513 1516 3680 1585 ἀκρό-

2084 1588 2262 1651 πολιν,
2294 1590 2526 1659 ἔχουσαν
2563 1593 2714 1648 ἔνδον
2759 1597 3086 1663 Μακεδόνας
3119 1606 3416 1673 φρουροὺς,
3449 1606 3542 1658 καὶ
3571 1608 3684 1660 τῶν

2083 1680 2472 1754 ἀσεϐησάντων
2493 1686 2768 1742 Ἰουδαίων
2800 1692 2976 1756 τινάς·
3005 1685 3082 1746 ὧν
3103 1711 3271 1760 τινες,
3301 1698 3497 1762 νυκτὸς
3527 1700 3680 1765 ἐξελ-

2083 1769 2292 1836 θόντες,
2337 1774 2416 1843 τῷ
2459 1779 2758 1849 Δημητρίῳ
2789 1783 2891 1852 τὴν
2944 1785 3268 1856 πολιορκίαν
3303 1789 3679 1860 ἀπήγγειλαν.

2088 1863 2196 1916 Καὶ
2229 1864 2288 1929 ὃς
2339 1861 2445 1938 ἧκε
2505 1870 2604 1923 σὺν
2664 1873 2896 1944 δυνάμει
2949 1877 3084 1946 πρὸς
3135 1880 3419 1952 Ἰωνάθην,
3471 1887 3568 1938 καὶ
3621 1889 3680 1941 ἐν

2085 1956 2414 2026 Πτολεμαΐδι
2471 1963 2790 2033 γενόμενος,
2851 1967 3056 2038 γράφει
3130 1973 3281 2043 αύτῴ
3331 1975 3466 2045 πρὸς
3513 1981 3680 2032 αὐτὸν

2081 2049 2403 2115 ἀφικέσθαι.
2445 2053 2504 2106 '0
2539 2055 2594 2108 δὲ
2625 2055 2722 2127 τὴν
2758 2060 3084 2132 πολιορκίαν
3113 2066 3216 2118 οὐκ
3265 2067 3494 2133 ἔπαυσε,
3549 2074 3677 2133 τοὺς

2085 2141 2249 2210 ίερεῖς
2277 2143 2334 2196 δὲ
2370 2146 2463 2199 καὶ
2495 2149 2624 2210 τοὺς
2674 2150 2768 2203 τοῦ
2815 2153 2944 2206 λαοῦ
2978 2158 3388 2226 πρεσϐυτέρους
3423 2165 3677 2232 παραλα-

389 2236 704 2302 timentcm,
762 2241 834 2294 ob
883 2241 1173 2299 imminuta
1221 2204 1516 2315 stipendia,
1558 2252 1796 2308 militum
1849 2253 1966 2308 odia

2080 2204 2340 2298 θάλψαι
2392 2204 2653 2309 χρήματα
2709 2242 2882 2298 πολλὰ
2933 2204 3198 2318 κομίζων,
3237 2204 3536 2326 ἧτκεῖπρδζ
3585 2258 3678 2309 τὸν

386 2330 725 2398 suscepisse,
759 2331 982 2402 quidam
1015 2351 1082 2391 ex
1115 2337 1414 2394 Alexandri
1443 2341 1683 2400 ducibus
1715 2345 1974 2418 Tryphon

385 2423 780 2492 cognovisset.
836 2441 867 2481 a
934 2427 1152 2485 Malcho
1204 2432 1387 2490 Arabe
1439 2436 1737 2495 Alexandri
1800 2441 1972 2497 ﬁlium

382 2508 746 2580 Antiochum,
786 2517 883 2588 qui
933 2519 1008 2574 ibi
1059 2521 1434 2592 educabatur,
1495 2530 1699 2596 aufert,
1743 2536 1890 2602 quod
1921 2536 1972 2592 ei

385 2611 678 2673 paternum
734 2607 1031 2680 imperium
1082 2629 1142 2670 se
1185 2617 1330 2673 velle
1379 2621 1678 2679 restituere
1738 2626 1970 2683 diceret.

382 2693 701 2757 Demetrius
740 2712 927 2760 autem
975 2706 1232 2764 Jonathtr
1266 2713 1534 2772 societate
1563 2719 1758 2775 multis
1807 2723 1971 2790 polli-

378 2786 746 2848 citationibus
775 2793 1092 2865 impetrata.
1126 2816 1192 2857 ac
1225 2803 1403 2862 tribus
1449 2807 1698 2866 millibus
1729 2786 1970 2870 militum

377 2877 450 2932 ab
476 2894 546 2934 eo
584 2885 849 2953 acceptis,
881 2887 1285 2956 Antiochenos.
1337 2897 1434 2967 qui
1477 2898 1550 2954 ob
1589 2913 1845 2972 acceptas
1884 2905 1971 2960 in-

377 2967 550 3040 |urias
575 2986 994 3045 succensentes,
1016 2983 1350 3042 seditionem
1380 3003 1690 3059 moverant,
1711 2995 1765 3050 in
1783 2995 1967 3069 fugam

378 3060 578 3125 vertit,
628 3064 826 3122 urbem
885 3070 1172 3137 incendit,
1231 3077 1437 3134 multos
1493 3083 1742 3140 occidit:
1790 3060 1970 3145 donec

375 3167 529 3209 arma
553 3171 782 3227 ponere.
801 3169 857 3216 et
878 3178 937 3218 se
967 3164 1131 3238 213
1150 3167 1297 3225 illius
1319 3171 1446 3228 tldei
1483 3177 1805 3244 permittere
1830 3191 1961 3238 sunt

379 3248 584 3304 coacti.
637 3251 927 3312 Seditione
968 3257 1074 3314 hoc
1136 3263 1302 3316 modo
1357 3280 1694 3338 compressa,
1743 3273 1967 3332 Iudaeos

375 3335 542 3394 donis
617 3342 851 3402 aﬁ‘ectos
930 3347 1308 3426 Hierosolyma
1403 3335 1966 3428 remisilplonathze

375 3431 584 3500 gratias
621 3436 754 3507 egit.
802 3437 910 3495 Sed
957 3451 1082 3512 post
1113 3445 1252 3503 adeo
1291 3452 1579 3520 promissis
1625 3472 1737 3512 non
1783 3461 1961 3526 stetit,

373 3531 437 3578 ιιι
478 3533 537 3580 et
590 3527 797 3584 bellum
845 3533 896 3588 ei
955 3534 1200 3594 minatus
1237 3539 1452 3599 fuerit:
1493 3544 1663 3617 idque
1722 3565 1784 3606 re
1845 3553 1963 3622 ipsa
1991 3553 2036 3610 ϐ

377 3614 678 3682 intulisset.
720 3622 829 3678 nisi
865 3625 1131 3698 Tryphon
1177 3647 1244 3688 ex
1280 3633 1483 3693 Arabia
1539 3614 1595 3694 in
1625 3641 1842 3714 Syriam
1867 3614 1964 3702 Ire-

375 3723 594 3775 versus,
631 3713 966 3775 Antiochum
993 3731 1109 3778 tum
1141 3724 1614 3788 adolescentulum
1650 3713 1964 3796 diademate

372 3816 650 3869 ornasset.
683 3823 748 3864 ac
796 3810 1076 3870 Demetrio
1118 3817 1326 3876 bellum
1382 3823 1682 3892 intulisset,
1720 3833 1963 3901 acceptis

375 3891 444 3946 iis
476 3894 764 3963 militibus,
797 3903 894 3971 qui
947 3904 1020 3960 ob
1075 3909 1480 3978 stipendiorum
1515 3891 1962 3978 imminutionem

375 3984 529 4040 Illum
557 3989 919 4060 reliquerant.
972 3999 1024 4054 ls
1063 4001 1325 4073 Tryphon
1370 4008 1563 4076 praelio
1598 4011 1799 4078 victor,
1833 4030 1959 4070 cum

374 4077 727 4138 Antiochiam
757 4093 815 4140 et
844 4089 1171 4159 elephantes
1224 4097 1484 4166 cepisset,
1534 4077 1851 4162 Demetrius
1902 4109 1959 4166 in

370 4166 621 4227 Ciliciam
647 4174 782 4232 abit.
811 4177 1080 4240 Jonatbas
1115 4201 1248 4241 vero
1272 4188 1342 4244 ab
1381 4189 1658 4250 Antiocho
1689 4213 1862 4268 puero
1891 4202 1958 4257 ad

370 4258 501 4317 belli
548 4266 871 4326 societatem
927 4277 1272 4343 accersitus,
1324 4281 1377 4336 ei
1427 4298 1488 4340 se
1542 4295 1599 4341 et
1633 4289 1846 4346 socium
1903 4304 1960 4350 et

368 4354 606 4411 amicum
634 4358 777 4427 fore,
818 4373 876 4419 et
909 4365 1193 4425 Demetrio
1214 4371 1422 4430 bellum
1462 4376 1743 4435 illaturum
1799 4385 1960 4454 polli-

366 4456 546 4505 cetur.
593 4451 664 4507 Et
704 4469 821 4509 rem
868 4458 1054 4513 statim
1095 4477 1409 4533 aggressus,
1442 4467 1630 4525 eﬁ‘ecit
1674 4482 1735 4526 ut
1769 4451 1958 4534 multa:

370 4536 541 4592 urbes
588 4539 828 4611 Syriaca:
878 4561 910 4601 a
959 4548 1240 4607 Demetrio
1291 4555 1359 4609 ad
1415 4557 1570 4613 illum
1627 4561 1954 4625 deﬁcerent.

367 4625 577 4682 Deinde
621 4629 848 4688 Simone
899 4634 1072 4694 fratre
1127 4640 1182 4694 in
1239 4642 1427 4700 Iudam
1483 4648 1699 4717 relicto,
1761 4667 1955 4713 contra

367 4717 631 4776 Demetrii
694 4723 867 4782 duces
929 4738 1017 4784 est
1089 4733 1393 4802 profectus.
1472 4739 1664 4799 Simon
1732 4763 1954 4819 quoque

365 4807 577 4866 Besura
613 4813 818 4873 Iudaeae
864 4820 1155 4889 oppidum,
1195 4825 1251 4880 in
1298 4843 1410 4897 quo
1451 4831 1714 4892 Demetrii
1751 4807 1953 4908 Iprae‘si—

2078 2329 2417 2399 Δημήτριον.
2455 2332 2565 2385 Καὶ
2596 2332 2810 2400 τούτοις
2840 2337 3005 2391 αὑτὸν
3033 2339 3399 2411 θεραπεύσας,
3425 2348 3670 2420 ἐτιμήθη

2079 2419 2212 2487 παρ’
2262 2420 2454 2488 αὐτοῦ,
2513 2425 2610 2478 καὶ
2661 2427 2763 2496 τὴν
2788 2428 3211 2504 ἀρχιερωσύνην
3262 2436 3660 2498 ἐϐεϐαιώσατο.

2087 2503 2178 2570 Ὦς
2205 2506 2264 2561 δέ
2319 2510 2394 2581 μή
2436 2528 2584 2577 τινος
2637 2515 2999 2588 ἐπικειμένου
3049 2523 3315 2595 πολέμου,
3349 2529 3442 2583 τὸν
3479 2533 3674 2600 μισθὸν

2073 2598 2186 2652 τῶν
2222 2604 2578 2672 στρατιωτῶν
2597 2605 2911 2676 ἠλάττωσεν
2935 2614 2964 2665 6
2992 2616 3331 2687 Δημήτριος,
3367 2598 3674 2678 κάντεῦθεν

2073 2685 2143 2764 ἦν
2174 2693 2363 2758 αὐτοῖς
2389 2697 2641 2768 μισητός.
2675 2700 2844 2765 Γνοὺς
2873 2703 2935 2757 τὸ
2969 2705 3110 2777 πρὸς
3136 2685 3304 2764 αύτὸν
3327 2713 3488 2782 μῖσος
3513 2714 3668 2770 Ἀλε-

2074 2781 2304 2855 ξάνδρου
2350 2803 2438 2851 τις
2506 2793 2838 2861 στρατηγὸς,
2868 2795 3106 2868 Τρύφων
3148 2781 3487 2873 ἐπικληθεὶς,
3533 2811 3670 2879 πρὸς

2073 2874 2300 2947 Μάλχον
2357 2878 2451 2935 τὸν
2507 2883 2724 2954 Ἄραϐα
2775 2890 3167 2958 παραγίνεται,
3219 2896 3315 2950 καὶ
3353 2899 3520 2952 παῖδα
3573 2874 3670 2957 τοῦ

2071 2965 2427 3040 Ἀλεξάνδρου
2453 2971 2733 3046 Ἀντίοχον
2753 2981 3095 3051 τρεφόμενον
3130 2989 3260 3058 παρ’
3285 2993 3436 3063 αὐτῷ
3461 2997 3668 3064 ἐζήτει,

2068 3056 2246 3128 λέγων
2277 3063 2760 3139 ἀποκαταστήσειν
2805 3073 2958 3144 αὐτῷ
3002 3076 3104 3146 τὴν
3148 3056 3419 3153 πατρῴαν
3451 3056 3665 3159 spx-av;

2067 3148 2164 3202 καὶ
2185 3149 2246 3215 ὃς
2267 3152 2480 3210 δίδωσι.
2505 3159 2822 3231 Δημήτριος
2857 3163 2937 3229 δέ,
2965 3167 3100 3238 πρὸς
3127 3148 3392 3244 Ἰωνάθην
3423 3148 3664 3245 στείλας,

2069 3245 2389 3316 συμμαχίαν
2407 3248 2612 3318 ἐζήτει,
2634 3254 2842 3316 πολλὰς
2870 3259 3023 3331 αὐτῷ
3053 3263 3538 3339 ἐπαγγελλόμενος
3563 3277 3665 3346 χάο

2066 3353 2244 3408 ριτας.
2276 3340 2493 3412 Πέμπει
2538 3345 2719 3400 τοίνυν
2747 3349 2898 3421 αὐτῷ
2929 3357 3287 3425 τρισχιλίους.
3335 3363 3406 3416 δι’
3451 3359 3527 3421 ὧν
3560 3340 3665 3424 ἐ-πο

2065 3430 2410 3497 αναστάντας
2454 3436 2605 3508 αὑτῷ
2634 3440 2762 3505 τοὺς
2801 3443 3097 3517 Ἀντιοχεῖς
3127 3449 3194 3504 δι’
3246 3455 3569 3527 ἀπέχθειαν,
3595 3463 3663 3534 ἢν

2067 3519 2321 3593 ἔτρεφον,
2357 3526 2440 3579 ὅτι
2475 3529 2661 3596 κακῶς
2692 3532 2933 3607 ἔπασχον
2988 3540 3081 3593 ὑπ’
3132 3545 3326 3612 αὐτοῦ,
3366 3551 3658 3624 ἐτρέψατο,

2070 3613 2166 3667 καί⁹
2200 3615 2298 3686 τὴν
2329 3617 2487 3672 πόλιν
2517 3621 2813 3696 ἐνέπρησε,
2844 3629 2939 3684 καὶ
2960 3631 3191 3692 πολλοὺς
3213 3639 3392 3694 αὐτῶν
3423 3643 3659 3718 ἔκτεινε,

2070 3705 2270 3776 μέχρις
2299 3709 2639 3783 ἐϐιάσθησαν
2671 3717 2976 3776 ἀποθέσθαι
3013 3729 3081 3780 τὰ
3119 3729 3393 3794 ὅπλα,κα⁶ι
3429 3738 3658 3806 ἑαυτοὺς

2065 3797 2218 3869 αὐτῷ
2245 3803 2608 3871 παραδοῦναι.
2643 3808 2707 3862 Ἦ
2731 3811 2832 3882 μὲν
2858 3810 2954 3870 οὖν
2984 3818 3176 3884 στάσις
3207 3822 3383 3890 οὕτως
3412 3829 3654 3902 ἐπαύθη

2064 3890 2093 3943 6
2127 3890 2185 3944 δὲ
2235 3895 2364 3958 τοὺς
2409 3897 2700 3966 Ἰουδαίους
2743 3905 3032 3979 ἀνέπεμψε
3071 3913 3210 3982 πρὸς
3245 3917 3524 3992 Ἰωνάθην,
3559 3890 3660 3979 αύ-

2063 3983 2177 4046 τοίς
2211 3984 2312 4056 μὲν
2339 3986 2759 4062 δωρησάμενος,
2787 3997 2986 4071 ἐκείνῳ
3013 4003 3070 4055 δὲ
3088 4003 3325 4077 χάριτας
3345 3983 3652 4085 ὁμολογῶν.

2065 4075 2340 4150 ’Υστερον
2370 4080 2428 4136 δὲ
2453 4083 2549 4136 καὶ
2577 4086 2680 4151 τὰς
2711 4088 3042 4163 ὑποσχέσεις
3074 4075 3390 4170 sesamo,
3410 4111 3505 4162 καὶ
3526 4075 3655 4166 ,πόέ

2061 4166 2232 4240 λεμον
2265 4171 2565 4245 ἠπείλησεν
2585 4179 2758 4250 αὐτῷ.
2787 4184 2902 4238 Καὶ
2931 4166 3145 4259 ἤγαγεν
3171 4192 3239 4247 ἂν
3263 4166 3534 4270 είςνέργον
3557 4205 3655 4270 τὰς

2062 4263 2321 4330 ἀπειλὰς,
2361 4269 2516 4339 εἰμὴ
2549 4272 2810 4344 Τρύφων,
2850 4279 2916 4332 ὲκ
2966 4281 3072 4350 τῆς
3120 4263 3516 4358 Ἀραϐίας-είς
3552 4263 3655 4367 τὴν

2061 4353 2264 4425 Συρίαν
2317 4357 2657 4430 ἐπανελθὼν,
2701 4365 2781 4436 τῷ
2840 4369 3137 4445 Ἀντιόχῳ,
3187 4353 3652 4456 -μειρακίῳντότε

2058 4448 2409 4519 τυγχάνοντι,
2437 4452 2681 4526 διάδημα
2735 4463 3056 4532 περιέθετο,
3092 4448 3206 4522 κάὶή
3237 4448 3477 4546 πόλεμον
3517 4483 3654 4548 πρὸς

2057 4540 2152 4594 τὸν
2183 4543 2500 4618 Δημήτριον
2525 4553 2916 4626 συνεκρότησε,
2943 4540 3468 4636 προσχωρησάντων
3498 4540 3652 4645 αύτῷ

2057 4633 2170 4686 τῶν
2197 4640 2576 4709 στρατιωτῶν,
2604 4644 2721 4698 ὅσοι
2757 4647 2847 4702 διὰ
2896 4650 2998 4722 τὴν
3039 4656 3273 4724 μείωσιν
3306 4661 3403 4715 τοῦ
3442 4667 3651 4734 μισθώ-

2060 4744 2235 4797 ματος
2284 4732 2718 4792 καταλελοίπασι
2781 4741 2877 4796 τὸν
2931 4745 3273 4818 Δημήτριον.
3316 4732 3648 4829 Ἐπικρατέ-

2060 4837 2253 4890 στερος
2287 4820 2383 4878 οὗν
2410 4827 2438 4880 6
2465 4827 2705 4899 Τρύφων
2761 4832 2824 4886 ἐν
2853 4837 2921 4906 τῇ
2976 4839 3130 4911 μάχῃ
3180 4820 3501 4915 γενόμενος,
3551 4851 3649 4904 καὶ

364 4899 520 4957 dium
542 4915 684 4970 erat,
718 4907 774 4963 in
803 4925 898 4966 eas
931 4915 1214 4985 angustias
1243 4919 1534 4982 obsidione
1560 4899 1850 5000 compulit,
1893 4945 1954 4992 ut

2069 4916 2160 4984 τὴν
2199 4916 2538 4991 Ἀντιόχειαν
2567 4922 2859 4996 λαμϐάνει,
2887 4899 2988 4984 καί
3032 4899 3158 4996 τὀῧς
3191 4899 3538 5006 ’ἐλέφαντας
3583 4943 3647 4998 '0

365 4993 473 5052 ﬁde
533 5008 760 5070 accepta
826 5005 1032 5063 milites
1088 5009 1473 5084 discederent,
1532 5029 1588 5076 et
1644 4993 1948 5084 suum’illi

363 5090 685 5160 praesidium
733 5093 1020 5167 imposuit.
1084 5100 1351 5164 Jonathas
1382 5124 1515 5166 vero
1557 5113 1818 5173 Demetrii
1848 5120 1952 5176 du-

363 5181 526 5241 cibus
552 5185 879 5259 proﬁigatis,
929 5200 988 5248 et
1037 5193 1106 5250 ad
1137 5197 1248 5252 duo
1289 5199 1463 5257 millia
1493 5202 1738 5262 hostium
1766 5212 1947 5280 caesis,

361 5273 743 5352 Hierosolyma
789 5299 1080 5350 reversus,
1127 5288 1340 5362 legatos
1383 5293 1615 5352 Romam
1674 5301 1826 5358 misit
1880 5306 1947 5360 ad

359 5369 656 5437 pristinam
711 5374 1020 5433 amicitiam
1072 5384 1472 5442 renovandam.
1520 5388 1625 5455 Qui
1670 5393 1950 5461 prioribus

362 5460 606 5521 decretis
656 5480 688 5521 a
738 5479 937 5526 senatu
965 5471 1342 5541 conﬁrmatis,
1395 5477 1452 5533 in
1485 5460 1947 5553 redituSSpartam

361 5564 642 5612 venerunt
671 5557 837 5629 (nam
874 5561 930 5618 id
976 5578 1200 5636 quoque
1234 5568 1528 5624 mandarat
1559 5571 1862 5646 Jonathas)
1891 5586 1950 5633 et

361 5661 392 5702 a
421 5644 710 5728 Spartanis
747 5664 1000 5709 amanter
1027 5659 1244 5728 excepti
1271 5672 1422 5727 sunt,
1468 5663 1674 5722 Iudaeis
1702 5644 1947 5726 amicitia

361 5748 420 5794 et
457 5725 727 5800 societate
772 5748 1065 5815 promissa.
1112 5751 1374 5809 Demetrii
1432 5755 1606 5814 duces
1658 5773 1942 5832 acceptam

359 5835 577 5892 cladem
606 5843 882 5898 resarcire
912 5843 1222 5912 cupientes.
1255 5850 1489 5917 majore:
1531 5854 1724 5926 Copias
1752 5867 1946 5917 contra

2059 5007 2118 5061 δὲ
2140 5010 2460 5084 Δημήτριος
2481 5016 2562 5081 είς
2584 5017 2845 5073 Κιλικίαν
2873 5021 3114 5094 ἀπῆλθε,
3161 5028 3260 5080 καὶ
3289 5029 3319 5081 6
3346 5033 3479 5096 παῖς
3522 5033 3646 5092 Ἀν-

2051 5102 2234 5174 τίοχος
2258 5107 2340 5168 είς
2375 5111 2703 5183 συμμαχίαν
2753 5113 2850 5169 τὸν
2900 5116 3162 5190 Ἰωνάθην
3201 5124 3642 5190 μετεκαλέσατο.

2064 5194 2125 5248 Ὀ
2151 5195 2210 5248 δέ
2248 5198 2405 5268 φίλος
2431 5196 2575 5256 εῖναι
2615 5206 2714 5259 καὶ
2749 5206 3044 5281 σύμμαχος
3076 5213 3378 5286 ὡμολόγει,
3415 5221 3510 5276 καὶ
3541 5242 3646 5278 πο.

2053 5289 2315 5360 λεμήσειν
2343 5293 2422 5365 τῷ
2453 5297 2758 5370 Δημητρίῳ
2790 5303 3078 5369 κατέθετο,
3111 5308 3210 5361 καλ⁸
3239 5309 3473 5386 ὥρμησε
3504 5317 3644 5390 πρὸς

2051 5381 2216 5456 ἔργον
2247 5387 2433 5454 εὐθύς.
2467 5391 2577 5446 Καὶ
2604 5395 2826 5464 πρῶτον
2850 5398 3035 5464 πόλεις
3065 5381 3638 5484 πολλὰςπροσχωρῆέ

2055 5492 2146 5528 σαι
2181 5475 2260 5546 τῷ
2291 5475 2552 5552 Ἀντιόχῳ
2577 5485 2908 5555 πεποίηκεν,
2957 5489 3284 5557 ἀποστάσας
3317 5475 3415 5548 τοῦ

2051 5567 2229 5638 τρίου,
2261 5564 2382 5624 εἶτα
2406 5572 2640 5644 ἀδελφὺν
2668 5577 2894 5648 Σίμωνα
2929 5582 2987 5636 ἐν
3021 5585 3087 5654 τῇ
3122 5583 3360 5660 Ἰουδαίᾳ
3408 5564 3638 5646 καταλί-

2051 5661 2195 5728 πὼν,
2229 5665 2372 5719 κατὰ
2398 5665 2508 5720 τῶν
2531 5668 2626 5721 τοῦ
2648 5671 2972 5744 Δημητρίου
2997 5677 3182 5750 ὲχὼρη
3193 5695 3252 5734 σε
3281 5686 3635 5755 στρατηγῶν.

2051 5753 2166 5806 Καὶ
2201 5755 2230 5807 6
2263 5754 2450 5824 Σίμων
2470 5757 2722 5832 Βέσουρα
2748 5764 3066 5836 ἐπολιόρκει
3095 5771 3200 5840 τῆς
3225 5753 3497 5841 ἰουδαίας
3524 5797 3634 5849 χω-

2050 5847 2191 5918 ρίον,
2221 5847 2329 5904 ὑπὸ
2352 5845 2464 5902 τῶν
2513 5850 2607 5906 τοῦ
2657 5855 2978 5930 Δημητρίου
3031 5865 3424 5938 κατεχόμενον,
3483 5845 3632 5945 (δί-τῇ
