4074 6418
364 383 470 447 385

1628 375 2040 440 ANNALIUM
2077 373 2228 440 LIB.
2278 375 2380 439 IV.

3535 379 3640 445 386

363 492 660 564 πολιορκίᾳ
697 489 1226 564 στενοχωρηθέντες,
1263 489 1484 551 πίστεις
1513 488 1798 552 λαϐόντες,
1831 484 1948 551 ἐξέ-

2064 485 2342 540 lonatham
2374 483 2725 541 eduxerunt:
2752 483 2846 556 qui
2895 498 3022 541 cum
3058 495 3286 559 repente
3319 487 3403 544 eis
3445 504 3638 545 occur-

362 591 518 642 λιπον
544 587 605 640 τδ
630 585 856 658 χωρίον,
893 585 988 638 καὶ
1022 585 1274 655 φρουρὰν
1331 581 1474 636 ἰδίαν
1503 583 1533 634 ὁ
1573 580 1759 651 Σίμων
1783 579 1952 632 κατέ‹

364 698 563 751 στησεν
593 681 652 732 ἐν
675 677 852 744 αὐτῷ.
888 677 1148 746 Ἰωνάθης
1173 675 1251 740 δὲ,
1290 676 1407 738 τοῖς
1449 672 1781 745 στρατηγοῖς
1813 686 1952 741 συμ-

367 773 529 844 μίξας
550 770 646 825 τοῦ
673 769 1015 841 Δημητρίου,
1037 769 1126 832 -είς
1167 767 1350 837 φυγήν
1382 784 1443 820 τε
1502 766 1705 829 αὐτοὺς
1746 764 1952 835 τρέπε·-

292 892 294 894 τ
363 881 477 927 ται,
536 862 634 914 καὶ
669 860 802 930 περὶ
852 859 1152 931 δισχιλίους
1196 857 1408 912 ἀνελὼν
1464 853 1810 927 ὑπέστρεψεν
1869 854 1952 916 εἰς

375 953 750 1024 Ἰεροσόλυμα.
783 953 896 1007 Kal.
920 953 1000 1015 είς
1035 951 1256 1022 Ῥώμην
1285 948 1586 1021 πρεσϐείαν
1626 950 1950 1019 ἐποιήσατο,

364 1047 464 1117 τὴν
499 1046 776 1118 προτέραν
809 1045 998 1114 φιλίαν
1033 1041 1102 1115 ἢν
1134 1042 1274 1114 πρὸς
1317 1042 1380 1095 τὸ
1425 1040 1581 1104 ἔθνος
1608 1036 1778 1110 εἶχον,
1816 1041 1954 1094 ava-

369 1135 708 1191 νεώσασοαι.
743 1137 810 1189 0i
843 1137 901 1190 δέ
925 1136 1028 1204 τῆς
1057 1135 1259 1204 βουλῆς
1311 1133 1381 1188 τὰ
1421 1133 1698 1205 πρότερον
1747 1132 1952 1202 ἐψηφι-

372 1229 545 1296 σμένα
600 1230 697 1280 xal
747 1223 906 1288 αὖθις
953 1227 1263 1296 ἐκύρωσαν.
1313 1225 1779 1295 Ἐπανερχόμενοι
1817 1223 1874 1276 δέ
1903 1221 1954 1274 οἱ

369 1320 654 1390 πρέσϐεις,
695 1318 792 1372 καὶ
817 1320 899 1382 εἰς
925 1321 1024 1389 τὴν
1060 1319 1320 1389 Σπάρτην
1351 1317 1641 1387 ἀφίκοντο,
1669 1316 1766 1369 καὶ
1791 1316 1954 1369 τοῦτο

372 1413 773 1483 ἐντεταλμένον
800 1412 1017 1483 ἔχοντες
1072 1411 1224 1484 παρὰ
1273 1411 1368 1464 τοῦ
1428 1409 1708 1465 Ἰωνάθου.
1747 1409 1857 1462 Καὶ
1903 1409 1954 1462 οἱ

370 1508 718 1577 Σπαρτιᾶται
744 1507 801 1560 δέ
834 1505 962 1567 τοὺς
1005 1505 1349 1575 πρεσϐευτὰς
1400 1503 1748 1574 φιλοφρόνως
1783 1517 1957 1573 προσ-

368 1603 600 1670 ήκαντο,
657 1601 757 1652 καὶ
793 1599 1062 1669 ψήφισμα
1082 1599 1218 1665 περὶ
1249 1598 1439 1668 φιλίας
1488 1598 1588 1652 καὶ
1630 1596 1957 1668 συμμαχίας

368 1696 508 1765 πρὸς
561 1690 854 1752 Ἰουδαίους
883 1689 1092 1746 ἔθεντο.
1134 1689 1243 1744 Τοῦ
1291 1688 1610 1760 Δημητρίου
1672 1691 1858 1760 μέντοι
1903 1689 1955 1740 οἱ

369 1782 675 1855 στρατηγοὶ
713 1781 814 1852 τὴν
851 1776 1034 1852 ἦτταν
1085 1781 1547 1854 ἀναμαχέσασθαι
1599 1779 1953 1843 σπεύδοντες,

2057 577 2243 644 rissct,
2274 593 2384 631 non
2413 578 2530 632 ausi
2581 585 2776 647 aperto
2825 578 2995 633 Marte
3049 595 3174 634 cum
3225 595 3293 635 eo
3339 583 3639 652 congredi,

2055 679 2221 724 noctu
2256 669 2542 738 fugerunt.
2573 670 2725 738 Quos
2757 685 2908 737 cum,
2955 671 3080 742 fuga
3115 673 3332 743 cognita
3368 674 3634 743 interdiu,

2054 775 2399 831 persequens
2433 777 2543 816 non
2598 760 2836 832 adeptus
2889 771 3056 825 esset.
3098 778 3166 818 ex
3215 764 3418 820 Arabia
3453 766 3637 822 Naha-

2057 853 2326 907 thaeorum
2358 868 2553 923 magna
2587 853 2769 922 praeda
2803 861 2860 908 et
2885 853 3075 909 multis
3100 854 3338 924 captivis
3361 854 3638 920 abductis,

2056 941 2312 998 recedit:
2363 957 2428 997 ac
2486 943 2694 1013 populo
2735 953 3044 998 convocato
3086 944 3317 1008 suadet,
3371 956 3432 1000 ιιι
3482 945 3641 1001 urbis

2055 1035 2260 1090 moenia
2290 1027 2580 1101 renovent,
2607 1043 2665 1090 et
2707 1037 2898 1090 ruinas
2927 1052 3213 1092 murorum
3260 1040 3447 1109 templi
3481 1042 3641 1096 resti-

2055 1136 2236 1182 tuant.
2270 1128 2350 1182 Eo
2379 1129 2615 1184 consilio
2644 1131 2908 1184 omnibus
2941 1131 3211 1201 probato,
3247 1135 3361 1202 ipse
3399 1136 3446 1188 ei
3484 1135 3641 1204 Operi

2057 1222 2326 1285 intentus,
2360 1221 2644 1276 Simonem
2679 1221 2904 1278 fratrem
2957 1225 3208 1294 ablegat,
3245 1238 3307 1280 ut
3356 1228 3639 1298 regionem

2059 1314 2115 1369 in
2183 1323 2302 1369 tuto
2365 1314 2620 1370 collucet.
2679 1316 2994 1371 Demetrius
3063 1318 3116 1371 in
3188 1319 3639 1389 Mesopoumiam

2057 1406 2363 1476 profectus,
2422 1417 2482 1463 ut
2525 1407 2858 1480 Babylonem
2909 1421 2966 1465 et
3003 1412 3319 1481 superiores
3366 1415 3644 1484 satrapias

2058 1501 2360 1570 acciperet.
2393 1500 2462 1555 ab
2503 1500 2702 1556 incolis
2741 1501 2948 1558 Grzrcis
2975 1503 3140 1576 214
3162 1513 3220 1559 et
3247 1505 3641 1561 Macedonibus

2058 1593 2398 1650 deditionem
2445 1601 2501 1650 et
2561 1609 2784 1666 operam
2837 1597 2903 1650 ad
2954 1598 3341 1653 debellandum
3381 1598 3641 1655 Arsacem

2059 1682 2390 1738 Parthorum
2420 1701 2604 1757 regem
2635 1687 3051 1758 pollicentibus,
3085 1692 3416 1761 susceptus§z
3451 1691 3642 1763 prmlio

2059 1788 2184 1828 cum
2220 1775 2440 1830 Parthis
2487 1779 2806 1841 commisso,
2861 1779 3128 1834 omnibus
3177 1783 3351 1849 copiis
3403 1783 3641 1849 amissis,

371 1876 518 1947 μετὰ
556 1876 844 1946 δυνάμεως
894 1875 1149 1939 πλείονος
1219 1870 1388 1947 ἦλθον
1432 1875 1577 1928 κατὰ
1623 1873 1720 1927 τοῦ
1775 1873 1959 1928 Ἰωνά-

2064 1865 2180 1934 ipse
2224 1866 2463 1934 capitur.
2506 1866 2586 1921 Eo
2614 1867 2879 1922 Demetrii
2921 1884 3050 1923 casu
3083 1871 3328 1939 cognito,
3378 1870 3642 1944 Tryphon

370 1973 467 2025 οου
501 1973 640 2042 (55).
694 1971 755 2024 '0
807 1969 864 2024 δὲ
938 1965 1098 2032 αὖθις
1158 1969 1346 2032 αὐτοῖς
1389 1967 1556 2035 ὀξέως
1609 1968 1950 2039 ἀπήντησεν.

367 2061 884 2124 ’Λποδειλιάσαντες
911 2059 969 2113 δέ
1003 2058 1145 2131 πρὸς
1195 2057 1444 2131 φανερὰν
1501 2058 1686 2130 μάχην
1725 2059 1954 2112 ἀντικα-

367 2156 640 2225 ταστῆναι
677 2154 858 2224 αὐτῷ,
904 2153 1105 2214 νυκτὸς
1176 2151 1402 2221 ἔφυγον.
1449 2151 1588 2205 Μεθ’
1638 2150 1854 2222 ἡμέραν
1897 2150 1956 2203 δὲ

370 2249 532 2316 γνοὺς
559 2251 659 2316 τὴν
688 2247 872 2316 φυγὴν
898 2246 1186 2315 Ἰωνάθης,
1225 2245 1486 2311 ἐπεδίωξε
1517 2245 1640 2315 μὲν,
1685 2245 1748 2297 οὐ
1783 2243 1955 2297 κατέ-

369 2340 501 2393 λαϐε
537 2340 614 2392 δέ’
652 2341 772 2392 ἀλλ’
793 2339 1158 2409 είςἈραϐίαν
1196 2336 1391 2404 ἐλθὼν,
1426 2339 1660 2402 καὶτοῖς
1693 2337 1959 2410 Ναϐατη-

369 2439 484 2500 νοῖς
517 2433 792 2500 ἐπελθὼν,
823 2435 919 2488 καὶ
943 2431 1097 2488 λείαν
1132 2432 1348 2486 ἐκεῖθεν
1392 2433 1678 2496 ἀπελάσας
1727 2431 1956 2502 πολλὴν,

370 2531 468 2583 καὶ
495 2526 886 2599 αἰχμαλώτους
932 2524 1138 2590 λαϐὼν,
1193 2524 1490 2594 ἐπανῆλθε.
1526 2523 1862 2593 Συναγαγὼν
1902 2523 1961 2577 δέ

369 2621 464 2675 τὸν
497 2622 649 2685 λαὸν,
686 2617 1045 2673 συνεϐούλευε
1097 2616 1168 2670 τὰ
1202 2616 1358 2688 τείχη
1390 2615 1502 2669 τῶν
1558 2616 1960 2687 Ἰεροσολύμων

370 2713 748 2776 ἀνακαινίσαι,
782 2713 878 2765 καὶ
898 2711 1215 2782 ἀνορθῶσαι
1246 2711 1373 2764 ὅσον
1403 2709 1498 2762 τοῦ
1537 2709 1834 2780 περιϐόλου
1861 2709 1957 2764 τοῦ

375 2805 525 2876 ἱερςῦ
556 2802 863 2874 καθῄρητο.
895 2802 1006 2856 Καὶ
1056 2803 1339 2873 ἀρεσάσης
1384 2803 1522 2855 πᾶσι
1563 2800 1667 2872 τῆς
1713 2801 1962 2872 συμϐου-

372 2899 496 2970 λῆς,
521 2898 686 2957 αὐτὸς
709 2896 810 2967 μὲν
858 2895 1023 2967 ἔργου
1049 2896 1254 2966 εἴχετο,
1274 2894 1368 2948 τὸν
1389 2894 1448 2947 δέ
1481 2894 1713 2963 ἀδελφὸν
1737 2895 1961 2965 Σίμωνα

373 2988 590 3060 έπεμψε
614 2987 715 3058 τὴν
746 2986 935 3059 χώραν
962 2987 1438 3059 ἀσφαλισόμενον.
1485 2985 1549 3040 ’0
1565 2985 1624 3040 δέ
1658 3002 1722 3055 γε
1769 2987 1962 3058 Δημή-

372 3099 527 3153 τριος
559 3083 640 3144 είς
669 3082 1102 3153 Μεσοποταμίαν
1118 3075 1278 3155 ἧκεν,
1309 3080 1387 3146 ὼς
1405 3079 1506 3152 τὴν
1533 3079 1834 3135 Βαϐυλῶνα
1865 3081 1963 3137 καὶ

373 3176 472 3241 τὰς
509 3176 623 3231 ἄνω
649 3174 960 3248 σατραπίας
993 3175 1476 3248 παραληψόμενος.
1519 3177 1583 3230 Οἱ
1615 3175 1727 3247 γὰρ
1755 3175 1962 3239 ταύτας
1987 3215 2033 3276 0

377 3267 762 3333 κατοικοῦντες
837 3267 1100 3340 Ἕλληνες
1161 3271 1255 3321 xal
1336 3267 1650 3330 Μακεδόνες
1708 3266 1963 3338 παραδώο

377 3381 493 3418 σειν
519 3361 750 3430 ἑαυτοὺς
778 3359 932 3432 αὐτῷ
982 3360 1416 3430 ἐπηγγέλλοντο,
1451 3361 1556 3414 καὶ
1605 3377 1963 3428 συγκαταπο-

376 3457 640 3527 λεμήσειν
670 3454 955 3527 Ἀρσάκην
979 3454 1076 3508 τὸν
1115 3452 1352 3526 Πάρθων
1396 3452 1650 3524 βασιλέα.
1691 3455 1806 3508 Kal.
1849 3453 1965 3508 ἐδέ-

379 3548 540 3616 ξαντο
573 3547 756 3601 τοίνυν
800 3546 990 3600 αὐτόν.
1053 3545 1164 3600 Kal
1221 3544 1301 3617 τῷ
1345 3545 1594 3619 Ἀρσάκῃ
1643 3545 1963 3615 συμϐαλὼν,

377 3641 480 3711 τὴν
518 3638 742 3694 ἃπασαν
771 3637 1016 3692 ἀπέϐαλε
1046 3639 1330 3710 στρατιὰν,
1373 3638 1470 3691 καὶ
1520 3637 1690 3701 αὐτὸς
1727 3637 1961 3710 ἐλήφθη.

379 3731 621 3803 Τρύφων
647 3729 707 3784 δέ
738 3729 905 3799 γνοὺς
938 3727 1170 3784 τοιαῦτα
1200 3728 1271 3782 τὰ
1311 3727 1444 3799 περὶ
1477 3727 1574 3782 τὸν
1619 3729 1962 3801 Δημήτριον,

379 3823 742 3879 ἐπεϐούλευεν
776 3821 1070 3892 Ἀντιόχῳ,
1112 3821 1439 3876 ἀποκτεῖναι
1477 3820 1646 3874 αὐτὸν
1692 3821 1963 3892 μελετῶν,

381 3917 479 3969 καὶ
517 3913 616 3986 την
672 3913 851 3986 ἀρχὴν
911 3910 1366 3981 σφετερίσασθαι.
1425 3910 1722 3966 Ἐδεδοίκει
1778 3912 1966 3982 μέντοι

380 4007 475 4060 τὸν
513 4005 796 4076 Ἰωνάθην,
821 4004 953 4057 ὄντα
987 4000 1141 4072 φίλον
1174 4002 1252 4073 τῷ
1307 4001 1594 4072 Ἀντιόχῳ.
1629 4002 1741 4055 Kal.
1763 4002 1966 4056 ἐσπευ-

381 4099 472 4152 δεν
505 4097 669 4152 αύτίν
699 4096 922 4168 πρῶτον
953 4097 1142 4167 ἀπάτῃ
1173 4094 1338 4159 ἐλεῖν,
1392 4095 1490 4148 καὶ
1521 4092 1698 4156 οὕτως
1747 4095 1967 4164 ἐπιχει-

385 4195 552 4262 ρῆσαι
577 4192 691 4254 τοῖς
726 4191 871 4244 κατὰ
902 4189 996 4242 τὸν
1042 4188 1340 4258 Ἀντίοχον.
1379 4187 1471 4240 Διὸ
1526 4187 1624 4240 καὶ
1649 4188 1730 4250 είς
1760 4186 1970 4240 Σκυθό-

384 4281 544 4336 πολιν
569 4282 811 4346 άπεισιν,
831 4279 964 4334 ἔνθα
995 4279 1092 4333 καὶ
1126 4280 1386 4347 Ἰωνάθης
1414 4279 1564 4351 αὐτῷ
1582 4280 1680 4335 σὺν
1706 4282 1969 4353 τέσσαρσι

387 4373 618 4446 μυριάσι
652 4372 913 4444 μαχίμων
942 4374 1283 4444 ἀπήντησεν.
1324 4372 1384 4427 '0
1403 4373 1462 4426 δέ
1491 4371 1750 4437 ὑπούλως
1799 4375 1968 4428 αὑτὸν

386 4467 712 4537 ὑπέρχεται,
747 4465 942 4537 δώροις
974 4482 1034 4520 τε
1061 4466 1156 4520 καὶ
1178 4467 1364 4536 τιμαῖς
1388 4464 1756 4535 δεξιούμενος,
1787 4467 1971 4521 πᾶσαν

2058 1958 2362 2029 cupiditate
2383 1959 2537 2030 regni
2555 1961 2888 2033 occupandi,
2907 1965 3032 2017 vitae
3052 1964 3305 2019 Antiochi
3324 1964 3641 2020 insidiatur.

2059 2049 2164 2106 Sed
2191 2052 2320 2121 quia
2351 2051 2602 2108 Jonathze
2630 2054 2931 2109 amicitiam
2970 2071 3095 2109 cum
3129 2071 3256 2128 rege
3288 2056 3644 2121 formidabat,

2058 2157 2126 2196 eo
2159 2144 2316 2213 prius
2343 2159 2441 2214 per
2463 2144 2654 2200 dolum
2705 2156 2890 2216 capto,
2921 2157 3040 2202 tum
3096 2150 3320 2204 detnum
3380 2149 3646 2206 invadere

2059 2235 2398 2291 Antiochum
2426 2239 2482 2292 in
2505 2239 2692 2294 animo
2727 2239 2988 2297 habebat.
3035 2242 3227 2312 Itaque
3261 2243 3644 2314 Scytlmpolim

2059 2329 2195 2392 abit,
2230 2329 2322 2384 ubi
2355 2330 2650 2386 Jonatham
2679 2347 2806 2387 cum
2845 2332 3210 2404 quadraginta
3254 2335 3644 2391 bellicosorum

2060 2422 2307 2477 millibus
2362 2423 2582 2478 obviam
2644 2439 2928 2496 egressum
2982 2424 3178 2481 fraude
3241 2427 3644 2495 circumvenit,

2059 2515 2389 2571 muneribus
2438 2525 2495 2572 et
2549 2515 2862 2573 honoribus
2923 2519 3320 2586 conciliatum,
3377 2528 3439 2574 ut
3489 2524 3645 2577 omni

2060 2609 2380 2678 suspicione
2417 2609 2699 2680 adempta,
2729 2609 3013 2666 incautum
3048 2612 3411 2682 opprimeret.
3439 2612 3651 2670 Suadet

2061 2699 2232 2771 igitur
2269 2709 2332 2754 ut
2365 2701 2672 2756 exercitum
2708 2701 2938 2756 missum
2978 2701 3166 2757 faciat.
3216 2703 3351 2759 Nam
3399 2719 3459 2759 se
3485 2704 3649 2773 paulo

2061 2803 2188 2865 post
2217 2808 2343 2847 cum
2380 2793 2502 2863 ipso
2535 2792 2934 2849 Ptolemaidem
2971 2793 3206 2861 iturum,
3253 2793 3322 2849 ad
3356 2797 3550 2851 urbem
3589 2804 3650 2852 et

2063 2884 2250 2940 omnia
2287 2883 2740 2954 t-ircumjacentia
2761 2884 2986 2940 castella
3011 2885 3356 2955 accipienda.
3377 2887 3651 2945 Jonathas

2066 2975 2206 3033 nihil
2280 2976 2411 3031 mali
2470 2973 2821 3045 suspicatus,
2880 2975 3191 3031 exercitum
3245 2977 3523 3034 dimittit:
3576 2994 3648 3037 ac

2068 3072 2219 3127 mille
2236 3073 2507 3128 duntaxat
2531 3069 2666 3125 viris
2682 3069 2937 3135 retentis,
2960 3070 3301 3128 Ptolemaide
3325 3075 3646 3144 conclusus,

2066 3166 2306 3238 capitur,
2329 3167 2564 3222 comites
2581 3165 2702 3238 ejus
2718 3163 3074 3220 occiduntur.
3103 3164 3235 3232 Qua-
3252 3163 3650 3239 Hierosolymis

2064 3261 2321 3316 nuntiata
2379 3261 2584 3331 populo
2619 3269 2900 3316 terrorem
2927 3258 3316 3324 incusserunt,
3354 3261 3428 3316 ob
3457 3271 3651 3332 gentes

2065 3355 2354 3422 ﬁnitimas,
2401 3353 2638 3411 Jonatha
2684 3364 2884 3425 capto,
2925 3362 3121 3409 contra
3173 3353 3396 3410 Iudaeos
3442 3355 3652 3411 tumul-

2067 3456 2312 3505 tuantes.
2373 3445 2482 3502 Sed
2518 3445 2745 3513 Simon,
2802 3445 3056 3502 oratione
3105 3445 3329 3511 habita,
3379 3448 3648 3518 populum

2066 3541 2360 3598 conﬁrmat
2388 3556 2403 3593 :
2439 3537 2510 3594 ab
2535 3553 2713 3610 eoque
2740 3538 2853 3594 dux
2878 3539 3090 3594 electus
3113 3578 3129 3606 ,
3165 3539 3378 3594 militiae
3427 3539 3651 3597 idoneis

2067 3633 2408 3692 convocatis.
2445 3631 2726 3688 mmnibus
2774 3632 2959 3698 urbis,
3017 3642 3073 3688 et
3125 3633 3386 3688 omnibus
3435 3649 3558 3704 qua:
3578 3633 3649 3688 ad

2066 3726 2420 3782 securitatem
2454 3725 2833 3795 pertinerent,
2888 3724 3120 3790 etfratis,
3167 3727 3452 3797 Tryphoni
3482 3727 3651 3783 Jona~

2069 3817 2219 3873 tham
2240 3817 2519 3888 captivum
2547 3815 2604 3870 in
2627 3815 2873 3872 Iudaeam
2905 3818 3224 3884 adducenti,
3253 3833 3377 3874 cum
3403 3819 3651 3875 exercitu

2068 3909 2313 3965 occurrit
2343 3923 2358 3961 :
2391 3907 2578 3978 eique,
2634 3915 2858 3963 centum
2893 3909 3105 3978 argenti
3157 3910 3362 3965 talenta
3418 3919 3476 3966 et
3510 3911 3654 3967 duos

2067 4003 2318 4060 Junathw
2352 4002 2497 4058 ﬁlios
2543 4000 2770 4056 obsides
2805 4002 3132 4072 postulanti,
3175 4001 3220 4057 si
3247 4001 3472 4056 fratrem
3512 4003 3652 4057 solvi

2070 4096 2235 4150 vellet
2280 4111 2294 4149 :
2336 4093 2440 4149 etsi
2494 4092 2737 4149 hominis
2788 4092 3204 4162 improbitatem
3268 4093 3650 4164 intelligebat,

2073 4197 2278 4254 tamen,
2304 4201 2376 4241 ne
2405 4185 2513 4241 sibi
2546 4184 2736 4240 fratris
2791 4185 2943 4239 salus
3001 4185 3250 4255 neglecta
3281 4185 3501 4239 crimini
3551 4186 3653 4240 da-

2071 4289 2257 4340 retur.
2325 4287 2384 4334 et
2439 4279 2734 4348 pecuniam
2805 4285 2862 4331 et
2927 4292 3136 4346 pueros
3200 4278 3370 4332 misit.
3441 4278 3654 4344 Quibus

2071 4373 2335 4445 Tryphon
2391 4369 2666 4440 acceptis,
2725 4349 2902 4439 pactis
2956 4382 3068 4422 non
3108 4367 3317 4423 stetit:
3375 4370 3472 4423 sed
3527 4386 3652 4424 cum

2071 4467 2319 4524 exercitu
2354 4462 2731 4534 Hierosolyma
2791 4460 3099 4526 contendit,
3145 4461 3519 4532 subsequente
3570 4462 3656 4518 Si-

386 4556 558 4610 θέλων
590 4556 850 4611 ὑπόνοιαν
882 4555 1109 4624 ἐξελεῖν,
1161 4555 1229 4612 ἶν’
1287 4557 1454 4611 αὐτὸν
1492 4555 1808 4625 ἀφύλακτον
1863 4556 1962 4630 λή-

2076 4575 2261 4623 mone,
2293 4565 2351 4612 et
2377 4571 2445 4612 ex
2474 4555 2710 4610 adverso
2736 4563 2918 4609 castra
2965 4553 3206 4609 locante.
3256 4554 3458 4609 Verum
3495 4555 3656 4626 capia

385 4650 564 4720 ψοιτο.
592 4649 706 4704 Kal.
740 4649 1096 4705 συνεϐούλευε
1124 4649 1225 4722 τὴν
1285 4650 1389 4721 μέν
1446 4651 1716 4722 στρατιὰν
1755 4651 1970 4706 άπολῦ-

390 4759 502 4804 σαι,
539 4739 705 4804 αὐτὸς
738 4741 797 4796 δέ
846 4739 966 4812 μετ’
1005 4741 1189 4810 ὀλίγον
1233 4742 1316 4805 είς
1364 4742 1709 4814 Πτολεμαΐδα
1740 4760 1973 4813 συναφι-

388 4833 586 4888 κέσθαι
615 4832 789 4906 αὐτῷ,
816 4835 917 4902 τὴν
945 4833 1103 4887 πόλιν
1133 4833 1630 4905 παραληψόμενος,
1664 4836 1762 4890 καὶ
1789 4835 1973 4890 πάντα

387 4925 458 4979 τά
489 4926 604 4979 ἐκεῖ
633 4923 990 4996 ὀχυρώματα.
1022 4923 1134 4978 Kal.
1169 4923 1451 4995 Ἰωνάθης,
1495 4923 1665 4994 μηδὲν
1694 4925 1975 4998 ύποτοπή-

389 5033 513 5082 σας,
538 5015 599 5070 τὸ
622 5017 946 5088 στράτευμα
970 5014 1206 5087 ἔστρεψε
1227 5031 1244 5047 ο
1273 5015 1482 5086 χιλίους
1510 5015 1556 5068 δ’
1591 5014 1734 5087 ἔχων
1768 5017 1966 5088 μόνους

388 5108 578 5180 ἀπῄει.
629 5109 725 5171 Εἰς
775 5109 834 5163 δέ
879 5109 1226 5178 Πτολεμαΐδα
1286 5108 1739 5176 κατακλεισθεὶς,
1803 5111 1970 5173 αὐτὸς

391 5201 494 5271 μὲν
526 5201 844 5272 ζωγρεῖται,
867 5201 918 5255 οί
939 5202 998 5256 δέ
1027 5204 1126 5256 σὺν
1155 5200 1306 5274 αύτῷ
1325 5200 1756 5272 διαφθείρονται.
1793 5201 1972 5275 Ἀπερ

387 5294 438 5346 ot
464 5294 523 5346 ἐν
561 5293 969 5366 Ἰεροσολύμοις
1005 5293 1300 5364 μαθόντες,
1331 5295 1412 5356 είς
1435 5292 1558 5357 δέος
1587 5293 1852 5348 ἐνέπεσον
1879 5295 1973 5349 διὰ

387 5386 460 5439 τά
493 5386 659 5457 πέριξ
713 5387 869 5460 ἔθνη,
912 5386 950 5442 ἃ
981 5388 1176 5456 γνόντα
1229 5389 1328 5458 τὴν
1360 5385 1643 5442 Ἰωνάθου
1703 5387 1972 5456 σύλληψιν

391 5481 537 5534 κατὰ
568 5483 677 5535 τῶν
707 5482 978 5536 Ἰουδαίων
1011 5483 1288 5552 κεκίνητο.
1330 5481 1516 5551 Σίμων
1544 5480 1603 5534 δέ
1652 5481 1730 5552 τῷ
1769 5481 1972 5552 πλήθει

2073 4655 2220 4709 nivis
2278 4651 2616 4722 impeditus,
2685 4647 2742 4703 in
2807 4646 3022 4720 Syriam
3085 4662 3355 4703 converso
3415 4647 3654 4714 itinere,

2069 4744 2364 4802 Jonatham
2408 4739 2712 4796 interfecit.
2766 4740 2960 4796 Fratre
3007 4750 3136 4810 post
3175 4740 3405 4794 tertium
3446 4755 3653 4793 annum

2070 4835 2430 4908 pontificatus
2457 4842 2698 4896 mortuo,
2731 4831 2921 4887 Simon
2969 4831 3158 4902 p0puli
3202 4831 3483 4903 suﬂ'ragiis
3519 4847 3656 4902 pon-

2074 4927 2210 4983 tifex
2254 4926 2608 4990 declaratus,
2665 4923 3062 4980 Macedonibus
3131 4923 3336 4979 tributa
3375 4923 3657 4994 pensitare

2075 5019 2312 5075 destitit.
2369 5017 2450 5073 Ac
2509 5017 2739 5073 Judaica
2795 5031 2933 5088 gens
2992 5017 3098 5072 sub
3160 5019 3282 5089 ejus
3340 5017 3656 5088 principatu

2079 5126 2347 5182 perquam
2376 5109 2655 5165 fortunata
2687 5109 2814 5176 fuit,
2846 5119 2904 5166 et
2928 5108 3178 5164 ﬁnitimis
3211 5109 3430 5180 populis
3472 5107 3656 5162 domi-

2081 5213 2235 5269 nata,
2269 5202 2471 5257 multas
2501 5201 2669 5257 nrbes
2688 5203 2912 5266 evertit,
2943 5218 3013 5257 ne
3038 5202 3279 5257 hostium
3305 5198 3656 5269 receptacula

2075 5305 2302 5352 essent:
2349 5305 2594 5349 montem
2639 5292 2994 5359 altissimum,
3031 5294 3086 5347 in
3117 5307 3227 5363 quo
3255 5307 3353 5346 arx
3389 5288 3657 5344 aedificata

2074 5387 2277 5448 fuerat.
2335 5386 2648 5441 continenti
2709 5385 2933 5440 triennii
2992 5384 3184 5438 labore
3226 5382 3390 5454 215
3418 5381 3475 5436 in
3506 5380 3658 5452 plani

2079 5480 2210 5534 ticm
2241 5479 2473 5547 redegit,
2511 5485 2574 5531 ut
2606 5478 2870 5547 templum
2899 5475 3190 5531 emineret.

388 5572 710 5646 ὡμιληκὼς,
774 5575 870 5629 καὶ
923 5575 1352 5648 παραθαρρύνας
1407 5573 1566 5641 αὐτὸ,
1621 5572 1850 5644 ἡγεμὼν
1903 5571 1997 5626 ὑπ’
2038 5571 2206 5626 αὑτοῦ
2251 5570 2519 5640 αἱρεῖται,
2581 5574 2678 5624 καὶ
2738 5569 3102 5640 συναθροίσας
3171 5569 3236 5623 τὸ
3287 5566 3659 5641 μάχιμοντοῦ

1586 5713 1783 5777 νοτίδι
1822 5711 2128 5776 lectiones
2163 5719 2226 5774 et
2264 5720 2456 5773 nota).

461 5817 580 5912 (3'5)
615 5838 722 5895 Kal
771 5837 840 5907 ὃς
874 5832 986 5910 ἧκε
1020 5837 1144 5893 σὺν
1168 5837 1421 5910 δυνάμει
1468 5837 1620 5908 πρὸς
1656 5835 1962 5908 Ἰωνάθην.

2064 5847 2118 5889 ro
2139 5832 2282 5917 κατά
2308 5831 2586 5889 Ἰωνάθου.
2626 5832 2720 5890 W.
