4074 6398
425 368 533 435 387
1720 362 2042 427 JOANNIS
2079 358 2405 427 ZDNARE
3601 364 3708 430 3:8

418 481 577 547 λαοῦ,
606 481 717 536 τῶν
751 483 948 554 τειχῶν
974 483 1302 555 ἐπεμελεῖτο
1324 480 1425 551 τῆς
1461 478 1698 544 πόλεως,
1738 481 1834 533 καὶ
1863 477 2067 542 παντὸς
2129 479 2227 534 τοῦ
2278 481 2416 551 πρδς
2445 479 2748 551 ἀσφάλειαν
2798 480 2906 535 τῶν
2935 481 3282 553 πραγμάτων
3354 484 3700 552 ἐφρόντιζεν.

427 583 493 634 ‘0
521 581 622 652 μέν
644 598 729 634 τοι
764 581 1008 651 Τρύφων
1046 582 1126 642 είς
1155 577 1428 632 Ἰουδαίαν
1475 576 1728 645 ἀφίκετο,
1772 575 1870 630 καὶ
1906 575 2001 629 τὸν
2039 575 2304 648 Ἰωνάθην
2362 576 2588 648 δέσμιον
2612 578 2785 646 ἄγων,
2845 577 2940 630 καὶ
2962 579 2992 630 ό
3013 578 3206 648 Σίμων
3233 580 3385 650 αὐτῷ
3419 582 3516 634 σὺν
3545 582 3716 636 δυνά.

423 690 516 742 μει
544 671 886 740 ἀπήντησεν.
930 669 990 724 '0
1014 669 1073 723 δὲ
1099 668 1237 739 πρὸς
1256 665 1423 723 αὐτὸν
1449 665 1686 737 ἔπεμψε,
1708 665 1888 736 δηλῶν
1907 665 2106 719 ἑκατὸν
2127 667 2398 738 ἀργυρίου
2421 667 2661 722 τάλαντα
2684 667 2892 732 δοῦναι,
2913 668 3006 724 καὶ
3047 669 3142 723 δύο
3163 670 3274 724 τῶν
3303 672 3563 726 Ἰωνάθου
3587 673 3711 728 παί-

420 766 535 822 δων
556 765 826 834 ὁμήρους,
857 764 908 817 εἰ
963 761 1220 834 βούλεται
1272 759 1509 832 λυθῆναι
1530 758 1622 811 τὸν
1653 757 1906 829 ἀδελφόν.
1947 757 2010 812 '0
2049 759 2236 829 Σίμων
2264 761 2322 814 δέ
2364 763 2571 833 συνῆκε
2630 761 2730 830 μὲν
2757 760 2858 831 τὴν
2884 763 3230 832 κακουργίαν
3251 763 3348 816 τοῦ
3367 764 3703 834 Τρύφωνος,

423 858 508 909 ἵνα
536 857 594 910 δὲ
630 855 706 926 μὴ
735 855 920 908 αἰτίαν
943 854 1120 924 σχοίη,
1143 853 1214 906 ὡ.
1249 852 1325 922 μὴ
1344 850 1516 905 θέλων
1545 848 1720 904 σῶσαι
1784 849 1881 904 τὸν
1939 850 2195 920 ἀδελφὸν,
2236 853 2333 906 καὶ
2392 851 2462 905 τὰ
2517 851 2785 922 χρήματα
2817 851 3056 921 έπεμψε,
3091 853 3342 918 καὶτοὺς
3379 855 3600 919 παῖδας.
3635 857 3706 910 Ἀ

420 946 602 1001 λαϐὼν
633 949 662 1000 ὁ
696 945 954 1016 Τρύφων,
987 947 1088 998 οὒκ
1115 943 1353 1014 ἐφύλαξε
1402 945 1505 1003 τάς
1569 941 1869 1012 συνθήκας,
1935 942 2075 997 ἀλλά
2115 942 2258 1012 μετά
2303 945 2402 1014 τῆς
2453 945 2722 1014 στρατιᾶς
2771 943 2927 1014 ἀνῄει
2987 945 3132 1016 πρὸς
3192 947 3265 1000 τὰ
3320 948 3704 1026 Ἰεροσόλυμα⁸

427 1039 800 1110 [παρωμάρτει
823 1039 880 1091 δέ
911 1038 1006 1091 καὶ
1038 1039 1066 1090 ό
1091 1038 1300 1107 Σίμων,
1349 1036 1437 1091 ἀεὶ
1495 1026 1745 1090 ἐναντίον
1809 1037 2547 1108 καταστρατοπεδευόμενος.
2579 1035 2730 1092 Χιὼν
2756 1036 2814 1090 δέ
2846 1035 3018 1107 πολλὴ
3067 1039 3311 1093 πεσοῦσα
3363 1040 3696 1096 διεκώλυσεν

421 1129 574 1201 αὒτῷ
611 1129 710 1200 τὴν
734 1130 814 1193 είς
853 1129 1208 1200 Ἰεροσόλυμα
1256 1125 1467 1198 ἄφιξιν,
1506 1125 1605 1180 καὶ
1633 1126 1715 1189 είς
1752 1126 1956 1198 Συρίαν
1995 1127 2268 1197 ἐτράπετο
2315 1143 2331 1160 ·
2364 1130 2462 1184 καὶ
2511 1127 2691 1184 ἀπιὼν
2719 1125 2811 1181 τὸν
2846 1125 3110 1198 Ἰωνάθην
3150 1130 3468 1185 ἀπέκτεινε.
3514 1131 3702 1200 Σίμων

421 1225 480 1277 δὲ
502 1223 754 1288 θανόντος
783 1226 878 1280 τοῦ
904 1225 1138 1295 ἀδελφοῦ
1163 1226 1446 1288 Ἰωνάθου,
1477 1223 1616 1296 μετά
1640 1219 1888 1294 τριετίαν
1921 1219 2021 1290 τῆς
2044 1220 2462 1294 ἀρχιερωσύνης
2484 1222 2645 1286 αὐτὸς
2670 1225 2961 1294 ἀρχιερεὺς
2995 1225 3102 1280 ὑπὸ
3128 1223 3224 1278 τοῦ
3255 1225 3498 1296 πλήθους
3532 1227 3706 1296 πρού-

425 1319 680 1386 6έ6λητο,
713 1320 806 1374 καὶ
828 1320 1015 1374 οὐκέτι
1046 1321 1251 1390 φόρους
1277 1321 1392 1382 τοῖς
1415 1316 1698 1372 Μακεδόσι
1729 1311 2063 1384 παρέσχετο.
2100 1313 2386 1386 Εὐτύχησε
2407 1315 2465 1370 δέ
2496 1317 2560 1369 τὸ
2595 1315 2751 1379 ἔθνος
2781 1318 2869 1370 ἐπ’
2903 1317 3070 1372 αὐτοῦ
3097 1318 3327 1390 σφόδρα,
3365 1321 3460 1373 καὶ
3493 1321 3603 1374 τῶν
3644 1338 3707 1374 τε

427 1413 729 1483 περιοίκων
753 1412 928 1467 ἐθνῶν
953 1413 1307 1484 ἐκυρίευσαν,
1336 1409 1432 1465 καὶ
1462 1409 1669 1474 πολλὰς
1711 1409 1822 1466 τῶν
1855 1407 2068 1461 πόλεων
2104 1407 2576 1480 κατεστρέψαντο,
2618 1409 2708 1464 ῖνα
2738 1408 2814 1483 μὴ
2843 1405 2956 1466 εῐεν
2976 1413 3090 1476 τοῖς
3117 1411 3333 1484 ἐχθροῖς
3363 1415 3704 1488 ὁρμητήρια.

425 1505 537 1558 Kal
565 1506 627 1558 τὸ
657 1505 808 1577 ὅρος,
844 1505 930 1575 ἐφ’
958 1498 1020 1558 οὗ
1054 1503 1409 1576 ήάκρόπολις
1433 1501 1778 1575 ᾠκοδόμητο,
1799 1499 1924 1554 λίαν
1945 1497 2007 1552 δν
2047 1499 2279 1570 ὑψηλὸν,
2313 1501 2374 1558 ἐν
2437 1501 2623 1574 τρισὶν
2683 1501 2866 1557 ἔτεσιν
2927 1503 3222 1577 ἐνδελεχῶς
3266 1507 3581 1575 πονοῦντες,
3624 1512 3709 1578 εις

422 1597 655 1652 πεδιάδα
695 1598 1066 1669 μετήνεγκαν,
1095 1599 1172 1663 ὡς
1220 1596 1289 1652 ἂν
1333 1597 1422 1668 εἴη
1448 1596 1514 1651 τὸ
1562 1597 1711 1670 ἱερὸν
1757 1593 2187 1666 ὑπερκείμενον.

1539 1943 1902 2035 LIBER
1991 1939 2579 2050 QUINTUS.

498 2144 542 2202 l.
576 2143 839 2215 Tryphon
858 2149 1044 2198 autem
1061 2139 1396 2198 Antiochum
1425 2145 1794 2209 cegnomento
1815 2135 2011 2203 Deum,

2191 2135 2272 2192 A'.
2313 2135 2374 2191 Ὃ
2397 2136 2458 2192 δέ
2496 2152 2561 2204 γε
2595 2135 2836 2207 Τρύφων
2865 2134 2959 2189 τὸν
3001 2135 3304 2207 Ἀντίοχον,
3341 2137 3401 2202 ὃς
3434 2139 3533 2195 καὶ
3569 2140 3708 2204 Θείς

423 2237 588 2307 cujus
615 2243 769 2290 tutor
794 2243 937 2300 erat,
967 2243 1168 2304 quarto
1198 2233 1354 2305 regni
1398 2245 1550 2288 anno
1591 2229 1897 2293 interfecit,
1952 2235 2014 2284 et

425 2343 551 2382 eum
595 2342 720 2382 esse
763 2338 1044 2382 mortuum
1095 2325 1389 2397 vulgabat:
1421 2333 1480 2382 et
1530 2323 1802 2380 militibus
1843 2334 2013 2392 pecu-

425 2420 572 2474 niam
608 2418 996 2488 pollicebatur,
1025 2417 1071 2473 si
1103 2432 1164 2472 se
1212 2431 1397 2488 regem
1431 2423 1738 2480 creassent,
1775 2414 1868 2485 qui
1913 2427 2014 2484 spe

425 2509 606 2580 magni
637 2511 778 2565 lucri
818 2509 1070 2580 impulsi,
1114 2509 1386 2566 voluntati
1425 2509 1551 2579 ejus
1595 2507 2010 2564 satisfecerunt.

424 2601 534 2657 Sed
568 2599 834 2671 Tryphon
856 2600 967 2654 voti
995 2615 1224 2670 compos
1274 2600 1478 2664 factus,
1529 2597 1884 2653 simulatione
1916 2597 2013 2652 de-

424 2703 591 2759 tecta,
627 2694 864 2748 militum
889 2694 1108 2748 animos
1137 2706 1168 2746 a
1199 2706 1261 2748 se
1291 2690 1584 2758 alienavit,
1612 2701 1758 2747 uteo
1786 2689 2012 2747 deserto

423 2789 494 2843 ad
523 2788 916 2858 Cleopatram,
971 2783 1242 2841 Demetrii
1292 2798 1562 2849 uxorem,
1607 2782 1874 2839 Seleuciae
1923 2781 2011 2836 in-

423 2881 632 2937 clusam
683 2879 848 2934 irent.
898 2877 1031 2944 Quae
1073 2875 1410 2932 Antiochum
1467 2874 1859 2939 obcrrantem,
1909 2872 2011 2942 qui

424 2970 688 3026 Servator
721 2969 1052 3032 vocabatur,
1100 2968 1366 3022 Demetrii
1428 2966 1683 3029 fratrem,
1739 2977 1908 3034 atque
1937 2964 2011 3020 ob

423 3061 776 3135 Tryphonem
827 3061 1033 3132 passim
1083 3061 1407 3125 exclusum,
1460 3072 1559 3130 spe
1606 3057 1928 3128 nuptiarum
1955 3065 2016 3114 et

422 3156 582 3225 regni
632 3155 701 3210 ad
757 3169 817 3210 se
865 3152 1214 3210 accersivit:
1267 3151 1480 3215 verita,
1557 3164 1629 3204 ne
1696 3148 2012 3204 Seleuciani

424 3244 618 3300 urbem
672 3243 955 3316 Tryphoni
1008 3242 1312 3298 traderent.
1360 3241 1462 3308 Qui
1512 3255 1638 3296 cum
1700 3239 2010 3297 Seleuciam

422 3336 692 3403 venisset,
722 3344 916 3391 contra
947 3335 1301 3408 Tryphonem
1337 3334 1731 3405 proficiscitur,
1769 3348 2012 3406 eumque

425 3429 660 3495 victum,
717 3435 775 3483 et
805 3427 965 3500 Syria
1011 3427 1301 3499 superiore
1345 3427 1609 3498 ejectum,
1665 3427 1719 3482 in
1780 3427 2008 3484 castello

423 3521 701 3592 quodam,
751 3536 862 3591 quo
909 3520 1269 3593 confugerat,
1310 3520 1557 3587 obsidet,
1603 3520 1830 3577 Simone
1871 3538 2010 3592 pon-

423 3611 574 3666 tilice
632 3611 698 3666 ad
760 3611 1065 3667 amicitiam
1135 3626 1292 3667 suam
1353 3611 1621 3679 invitato,
1691 3629 1857 3683 quam
1919 3614 2011 3670 ille

423 3701 758 3770 amplexus,
837 3700 1051 3756 cibaria
1131 3701 1406 3757 militibus
1481 3702 1821 3774 suppeditat.
1903 3703 2012 3759 Sed

425 3789 715 3859 Tryphon,
772 3805 898 3846 cum
941 3790 1071 3846 inde
1117 3790 1420 3862 Apameam
1468 3793 1825 3866 profugisset,
1873 3795 2012 3851 urbe

423 3891 764 3952 expugnata,
801 3889 998 3953 captus
1045 3882 1348 3948 occiditur,
1393 3896 1520 3938 cum
1572 3885 1872 3940 triennium
1925 3900 2014 3940 re-

423 3981 669 4043 gnasset.
688 3973 998 4029 Antiochus
1014 3988 1146 4030 vero
1173 3975 1499 4030 meritorum
1524 3973 1765 4032 Simonis
1780 3976 2011 4043 oblitus,

423 4066 792 4122 Ccndebaaum
819 4067 888 4122 ad
919 4067 1246 4124 vastandam
1292 4069 1540 4126 Iudaeam
1564 4108 1580 4134 ,
1618 4077 1676 4126 et
1726 4067 2010 4126 Simonem

424 4159 1012 4229 comprehendendum
1075 4159 1286 4216 mittit:
1328 4175 1441 4230 quo
1507 4159 1700 4214 Simon
1757 4158 2008 4228 devicto,

423 4252 702 4321 reliquum
731 4252 912 4308 aetatis
960 4261 1156 4322 pacate
1181 4252 1386 4326 exigit,
1426 4268 1554 4309 cum
1582 4251 1788 4308 Judazae
1834 4268 2012 4309 annos

421 4359 522 4398 vnn
579 4343 912 4414 praefuisset.
975 4343 1144 4400 Periit
1194 4349 1382 4400 autem
1439 4343 1660 4400 insidiis
1729 4343 2010 4400 Ptolemazi

423 4433 616 4505 generi
649 4434 758 4502 sui,
788 4450 958 4490 uxore
993 4443 1050 4488 et
1093 4435 1315 4491 duobus
1354 4435 1484 4493 ﬁliis
1530 4436 1588 4490 in
1613 4434 1833 4491 vincula
1877 4450 2011 4492 con-

421 4525 604 4596 iectis.
638 4525 774 4580 Nam
797 4527 998 4584 tertius
1032 4527 1275 4583 Joannes
1297 4568 1314 4595 ,
1371 4529 1468 4598 qui
1503 4529 1671 4584 etiam
1719 4527 2009 4600 Hyrcanus

423 4618 753 4683 vocabatur,
799 4617 1112 4690 effugerat:
1164 4627 1222 4675 et
1251 4619 1324 4675 ob
1365 4629 1596 4690 paterna
1631 4620 1903 4676 beneficia
1939 4620 2009 4676 ab

424 4709 868 4780 Hierosolymitis
887 4719 1144 4781 receptus
1167 4721 1274 4776 est,
1298 4711 1592 4768 Ptolemaeo
1609 4728 1718 4767 non
1741 4712 2005 4769 admisso.

2115 2231 2417 2303 ἐπεκλήθη,
2463 2231 2710 2300 τέσσαρα
2747 2229 3154 2301 βασιλεύσαντα
3193 2233 3314 2306 ἐτη,
3370 2233 3706 2306 διέφθειρεν,

2115 2321 2501 2398 ἐπιτροπεύων
2521 2320 2714 2377 αὑτοῦ.
2749 2323 2863 2376 Kal
2887 2322 2981 2376 τὸν
3018 2323 3120 2394 μὶν
3142 2323 3219 2390 ὡς
3255 2325 3526 2380 ἀποθάνοι
3546 2326 3707 2398 διήγο

2115 2397 2298 2483 γελλε,
2328 2417 2444 2479 τοῖς
2482 2415 2540 2470 δέ
2588 2414 2959 2485 στρατιώταις
2995 2417 3380 2488 ἐπηγγέλλετο
3419 2397 3707 2491 χρήματα,

2113 2507 2164 2560 ei
2195 2508 2359 2561 αὑτὸν
2389 2507 2828 2580 βασιλεύσουσιν.
2864 2508 2954 2578 Οἳ,
2987 2510 3254 2582 κερδῆσαι
3276 2511 3449 2567 πολλά
3480 2513 3707 2583 ἠλπικό-

2115 2618 2230 2668 τες,
2259 2601 2466 2657 εῖλοντο
2489 2603 2654 2657 αὐτὸν
2685 2603 2949 2674 ἄρχοντα.
2976 2603 3174 2657 Λαϐὼν
3208 2603 3266 2659 δέ
3291 2605 3392 2676 τὴν
3422 2606 3707 2677 βασιλείαν

2113 2693 2144 2747 δ
2171 2692 2428 2765 Τρύφων,
2467 2693 2781 2748 ἀπεδύσατο
2809 2694 2909 2766 τὴν
2963 2695 3280 2767 ὑπόκρισιν,
3307 2696 3403 2751 καὶ
3453 2699 3704 2768 μισῆσαν

2115 2786 2281 2841 αὐτὸν
2305 2785 2367 2839 τὸ
2399 2787 2820 2857 στρατιωτικὸν,
2851 2786 2988 2858 πρὸς
3015 2787 3382 2860 Κλεοπάτραν
3404 2789 3699 2860 ἀφίστατο,

2113 2876 2214 2948 τήν
2269 2875 2362 2930 τοῦ
2419 2879 2741 2960 Δημητρίου
2800 2879 3066 2946 γυναῖκα,
3126 2878 3600 2950 ἐγκεκλεισμένην
3643 2881 3703 2934 ἐν

2113 2970 2410 3042 Σελευκείᾳ
2434 2971 2834 3042 τυγχάνουσαν.
2879 2969 3193 3041 Ἀλωμένου
3215 2969 3274 3025 δέ
3304 2969 3605 3045 Ἀντιόχου,
3641 2973 3705 3037 ὃς

2114 3060 2364 3114 ἐκαλεῖτο
2400 3061 2613 3132 Σωτὴρ,
2639 3061 2958 3135 Δημητρίου
3008 3062 3066 3116 δὲ
3094 3057 3164 3134 ἦν
3191 3063 3450 3134 ἀδελφὸς,
3482 3067 3577 3119 καί
3607 3067 3707 3120 ἐκσ-

2115 3153 2434 3224 κλειομένου
2491 3153 2761 3210 πάντοθεν
2812 3155 2903 3209 διὰ
2941 3154 3240 3226 Τρύφωνα,
3291 3157 3503 3227 πέμπει
3565 3158 3703 3229 πρὸς

2115 3245 2279 3300 αὐτὸν
2306 3247 2339 3316 ή
2371 3243 2727 3316 Κλεοπάτρα,
2757 3245 3003 3302 καλοῦσα
3034 3248 3132 3302 ἐπὶ
3180 3248 3346 3319 γάμῳ
3387 3249 3485 3302 καὶ
3543 3248 3704 3318 βασιο

2113 3335 2255 3408 λείᾳ.
2310 3336 2537 3390 Ἐδεδίει
2585 3339 2692 3409 γὰρ
2741 3337 2817 3410 μὴ
2852 3338 2954 3409 τὴν
3002 3337 3157 3393 πόλιν
3207 3341 3257 3394 ot
3304 3340 3594 3404 Σελευκεῖς
3626 3340 3705 3411 τῷ

2123 3429 2376 3501 Τρύφωνι
2407 3429 2662 3485 δώσουσι.
2704 3430 3005 3501 Γενόμενος
3048 3425 3144 3487 οῦν
3193 3431 3256 3485 ἐν
3294 3434 3360 3504 τῇ
3409 3432 3704 3506 Σελευκείᾳ

2114 3524 2142 3576 ὁ
2175 3523 2472 3595 Ἀντίοχος,
2513 3523 2655 3579 κατά
2682 3524 2776 3579 τοῦ
2817 3524 3116 3597 Τρύφωνος
3156 3525 3421 3599 ὥρμησε·
3475 3530 3572 3583 καὶ
3621 3547 3701 3583 νι-

2116 3615 2293 3684 κήπας
2325 3615 2510 3682 αὐτὸν,
2545 3615 2648 3686 τῆς
2678 3617 2793 3672 ἄνω
2848 3619 3054 3689 Συρίας
3098 3617 3349 3684 ἐξέϐαλε,
3394 3623 3492 3675 καὶ
3539 3621 3620 3684 είς
3648 3640 3703 3676 τι

2114 3707 2376 3779 φρούριον
2400 3709 2788 3778 καταφυγόντα
2833 3709 3168 3782 ἐπολιόρκει,
3194 3711 3402 3766 καὶτὸν
3439 3713 3705 3785 ἀρχιερέα

2113 3799 2337 3870 Σίμωνα
2369 3800 2451 3864 είς
2499 3799 2684 3870 φιλίαν
2723 3803 3105 3874 προεκαλεῖτο.
3156 3803 3215 3859 '0
3249 3803 3306 3857 δὲ
3355 3803 3576 3870 ἐδέξατο
3603 3805 3706 3876 τήν

2112 3889 2439 3963 πρόκλησιν,
2467 3891 2564 3947 καὶ
2589 3893 2706 3957 τοῖς
2734 3894 3094 3965 πολιορκοῦσι
3144 3896 3240 3950 τὸν
3273 3896 3550 3969 Τρύφωνα
3577 3916 3706 3971 τρο-

2115 3982 2222 4053 φὰς
2241 3983 2573 4055 ἐχορήγησε.
2595 3984 2792 4053 Φυγὼν
2823 3984 2868 4042 δ’
2892 3986 3108 4042 ἐκεῖθεν
3135 3990 3163 4042 ό
3186 3989 3446 4061 Τρύφων,
3479 3993 3576 4045 καὶ
3603 4009 3703 4062 γε-

2112 4075 2342 4144 νόμενος
2377 4076 2460 4138 είς
2511 4075 2843 4147 Ἀπάμειαν,
2895 4079 3286 4152 πολιορκηθεὶς
3342 4082 3580 4156 ἐλήφθη,
3609 4085 3706 4140 καὶ

2109 4164 2401 4238 διεφθάρη,
2425 4168 2512 4222 ἐπ’
2537 4167 2686 4222 ἔτεσι
2713 4167 3049 4240 βασιλεύσας
3105 4174 3310 4245 τρισίν.
3328 4175 3386 4230 '0
3424 4176 3703 4249 Ἀντίοχος

2111 4257 2192 4324 δὲ,
2223 4257 2395 4330 λήθην
2425 4258 2535 4314 τῶν
2558 4259 2667 4315 ὑπὸ
2697 4261 2946 4332 Σίμωνος
2977 4264 3130 4334 αὐτῷ
3171 4267 3488 4336 γενομένων
3543 4287 3704 4342 ποιη-

2115 4347 2374 4418 σάμενος,
2407 4349 2619 4405 στέλλει
2661 4353 2995 4410 Κενδεϐαῖον
3035 4356 3136 4427 τὴν
3179 4356 3446 4414 Ἰουδαίαν
3494 4364 3704 4436 πορθῆ-

2116 4458 2226 4507 σαι,
2253 4443 2348 4497 καὶ
2373 4443 2465 4497 τὸν
2489 4443 2714 4515 Σίμωνα
2735 4449 3032 4519 κατασχεῖν
3058 4451 3466 4523 ἐντειλάμενος.
3513 4456 3700 4526 Σίμων

2113 4533 2170 4588 δὲ
2199 4533 2349 4605 αύτῷ
2375 4536 2804 4606 ἀντικαταστάς,
2837 4541 2988 4611 νικᾷ.
3023 4542 3138 4597 Καὶ
3164 4543 3466 4616 εἰρηνικῶς
3500 4547 3562 4599 τὸ
3590 4547 3700 4600 λοι-

2114 4627 2216 4682 πὸν
2247 4627 2478 4699 διήγαγε
2514 4629 2618 4702 τῆς
2671 4631 2841 4704 ζωῆς,
2887 4634 3062 4705 ἄρξας
3123 4639 3210 4709 τῆ,
3289 4638 3554 4703 Ἰουδαίας
3599 4639 3698 4709 ἐτη

2112 4719 2279 4778 ὀκτώ.
2310 4721 2552 4795 Τελευτᾷ
2600 4723 2658 4779 δὲ
2720 4725 2874 4796 παρὰ
2933 4727 3279 4799 Πτολεμαίου
3308 4730 3404 4785 τοῦ
3440 4730 3697 4803 γαμϐροῦ

423 4800 476 4856 Is
511 4809 749 4871 paterno
791 4803 1109 4858 sacerdotio
1162 4805 1396 4875 potitus,
1452 4805 1752 4862 Ptolemaeo
1801 4805 2006 4861 bellum

2114 4812 2546 4878 ἐπιϐουλευθείς.
2585 4815 2698 4869 Καὶ
2728 4817 2762 4888 ή
2790 4818 2929 4889 γυνὴ
2960 4818 3057 4873 τοῦ
3083 4819 3353 4890 Σίμωνος,
3397 4824 3492 4876 καὶ
3521 4800 3572 4877 οἱ
3600 4800 3700 4877 δύο

424 4891 634 4958 intulit,
663 4893 718 4947 in
745 4895 975 4949 castello
1005 4895 1227 4964 Dagone
1253 4896 1438 4966 agenti
1473 4912 1487 4949 :
1532 4906 1590 4952 at
1623 4904 1683 4951 ut
1715 4896 2007 4952 obsidione

2119 4902 2336 4969 παῖδες,
2371 4903 2797 4975 συλληφθέντες,
2825 4909 3113 4981 ἐδέθησαν.
3133 4911 3193 4965 '0
3222 4913 3405 4984 τρίτος
3441 4914 3698 4985 Ἰωάννης

425 4983 790 5051 praevalebat,
847 4985 928 5040 sic
989 4985 1372 5041 misericordia
1427 4986 1622 5043 matris
1663 4997 1721 5043 et
1765 4987 2002 5043 fratrum

2114 4994 2386 5064 διέφυγεν,
2419 4995 2478 5060 ὃς
2503 4999 2595 5051 καὶ
2621 4998 2891 5068 Ὑρκανὸς
2919 5001 3187 5056 ἐκαλεῖτο.
3217 4983 3330 5058 Kal
3355 4983 3695 5079 προσεδέχθήη

423 5077 771 5133 vincebatur.
820 5077 932 5134 Hos
958 5078 1286 5136 Ptolemams
1322 5080 1380 5136 in
1410 5095 1630 5136 murum
1680 5080 2006 5151 productos,

2114 5086 2263 5159 παρὰ
2285 5087 2394 5140 τῶν
2444 5088 2898 5160 Ἱεροσολυμιτῶν
2931 5093 3020 5146 διά
3045 5095 3142 5156 τὰς
3165 5093 3261 5146 τοῦ
3291 5096 3503 5166 πατρὸς
3534 5097 3682 5168 εὐερ-

423 5168 481 5224 in
534 5180 839 5242 conspectu
894 5170 1046 5226 illius
1109 5172 1449 5228 cruciabat:
1514 5173 1771 5242 quamvis
1830 5185 2011 5228 matre

2114 5180 2324 5246 γεσίας,
2356 5181 2741 5252 ἀπωσαμένων
2761 5184 2991 5239 ἐλθόντα
3019 5185 3110 5239 τὸν
3142 5186 3500 5257 Πτολεμαῖον.
3536 5189 3700 5244 Ἀπο-

423 5261 766 5329 obtestante,
827 5279 898 5319 ne
963 5279 1064 5319 sua
1113 5279 1284 5320 causa
1329 5267 1554 5336 segnius
1606 5273 1816 5335 ageret.
1867 5265 2006 5319 Dum

2114 5270 2292 5325 λαὸὼν
2317 5271 2375 5325 δὲ
2396 5271 2494 5344 τήν
2523 5273 2752 5345 πάτριον
2785 5275 3091 5348 ἱερωσύνην
3115 5278 3142 5330 ό
3181 5278 3450 5350 Ὑρκανὸς
3482 5281 3575 5331 ἐπὶ
3603 5279 3686 5331 τὸι

422 5355 639 5410 obsidio
667 5355 744 5409 ita
794 5356 1061 5421 trahitur,
1110 5357 1380 5426 septimus
1417 5370 1599 5411 annus
1640 5354 1844 5421 instat,
1897 5370 2008 5426 quo

2115 5363 2448 5434 Πτολεμαῖον
2483 5365 2874 5437 ἐστράτευσεν,
2905 5370 2986 5432 είς
3019 5369 3202 5440 έρυμά
3232 5388 3284 5423 τι
3307 5371 3504 5438 Δαγὼν
3535 5371 3695 5438 λεγό-

422 5443 628 5498 Judaeis
654 5444 830 5499 otium
863 5461 1026 5518 agere
1077 5447 1302 5502 solitum
1347 5455 1434 5502 est
1463 5464 1478 5500 :
1517 5461 1696 5517 eaque
1722 5446 1792 5501 de
1841 5463 2008 5502 causa

2118 5472 2278 5525 μενον
2311 5455 2460 5512 ὄντα.
2493 5459 2603 5511 Καὶ
2621 5460 2844 5531 ἐκράτει
2895 5461 2995 5531 μὲν
3025 5465 3094 5533 τῇ
3141 5462 3457 5534 πολιορκίᾳ,
3490 5465 3696 5535 ήττᾶτο

428 5539 570 5591 bello
603 5538 946 5606 intermisso,
985 5539 1316 5596 Ptolemaeus
1358 5539 1541 5594 occisa
1571 5547 1748 5594 matre
1789 5549 1846 5594 et
1896 5541 2010 5595 fra-

2114 5548 2170 5601 δὲ
2197 5548 2275 5620 τῷ
2305 5551 2443 5619 πρὸς
2479 5551 2581 5623 τήν
2641 5554 2857 5624 μητέρα
2906 5557 3001 5608 καὶ
3031 5557 3158 5612 τοὺς
3205 5556 3474 5625 ἀδελφοὺς
3500 5557 3689 5626 οἴκτῳ.

429 5627 608 5681 tribus
631 5627 892 5698 Hyrcani,
925 5629 992 5684 ad
1027 5631 1308 5688 Zenonem
1346 5631 1594 5703 Cotylam
1611 5631 2011 5701 Philadelphia:

2126 5634 2186 5686 ’ὓ
2217 5635 2327 5704 γάρ
2362 5638 2712 5709 Πτολεμαῖος,
2747 5643 2967 5711 ἀνάγων
3011 5645 3104 5698 ἐπὶ
3142 5645 3203 5697 τὸ
3241 5647 3422 5716 τεῖχος
3468 5647 3690 5712 αὐτοὺς,

427 5718 595 5788 216
621 5729 912 5789 tyrannum
948 5725 1216 5796 confugit.
1266 5725 1580 5780 Antiochus
1634 5740 1768 5782 vero
1798 5725 2010 5781 Simoni

2115 5724 2173 5790 ἐξ
2200 5725 2450 5778 ἀπόπτου
2497 5728 2756 5799 ᾐκίζετο·
2796 5735 2828 5803 ή
2875 5733 3060 5802 μέντοι
3120 5737 3306 5807 μήτηρ
3346 5735 3560 5791 ἱκέτευε
3616 5737 3692 5806 μὴ

428 5810 500 5864 ob
546 5821 825 5881 acceptam
878 5813 1090 5871 cladem
1127 5820 1331 5886 iratus,
1382 5817 1628 5875 Iudaeam
1685 5819 1923 5878 invasit:
1958 5829 2011 5876 et

2121 5819 2518 5891 μαλακίζεσθαι
2541 5822 2610 5876 δι’
2671 5824 2863 5896 αὑτήν.
2917 5826 3259 5900 Τριόομένης
3318 5827 3365 5882 δ’
3419 5827 3566 5882 οὕτω
3592 5826 3694 5896 τῆς
