4074 6408
387 342 496 407 889

1659 350 2068 416 ANNALIUM
2107 354 2256 419 LIB.
2298 356 2400 421 IV.

3579 374 3688 440 390

385 463 729 537 πολιορκίας,
758 461 1037 517 ἐνίσταται
1067 464 1129 516 τδ
1157 463 1391 536 ἕϐδομον
1421 465 1562 534 ἔτος,
1604 469 1730 522 καθ’
1779 469 1808 522 6
1842 468 1960 524 είθι-

2085 486 2245 541 agros
2296 474 2618 544 populatus,
2656 474 2970 547 Hyrcanum
3031 479 3272 552 obsidet,
3327 505 3392 544 ex
3437 495 3687 553 turribus

385 575 510 612 σται
545 560 658 620 τοῖς
703 557 987 620 Ἰουδαίοις
1035 558 1252 628 ἀργεῖν.
1288 559 1400 612 Καὶ
1427 559 1517 614 διόι
1559 561 1722 616 τοῦτο
1775 564 1982 617 Πτολε-

385 653 547 721 μαῖος
580 649 798 714 ἀνεθεὶς
824 649 914 703 τοῦ
951 650 1214 720 πολέμου,
1257 653 1460 705 κτείνει
1489 653 1588 726 τήν
1625 657 1844 727 μητέρα
1880 657 1978 712 τοῦ

393 743 666 813 Ὑρκανοῦ
719 743 812 798 καὶ
856 742 986 805 τοὺς
1023 743 1310 812 ἀδελφοὺς,
1338 745 1436 798 καὶ
1472 746 1664 816 φεύγει
1694 749 1831 818 πρὸς
1866 750 1980 822 Ζή-

380 855 526 894 νωνα
567 838 658 890 τὸν
695 835 969 900 Κοτυλᾶν,
1001 836 1092 889 τὸν
1121 837 1226 906 τῆς
1259 837 1654 907 Φιλαδελφείας
1676 841 1974 914 τύραννον.

390 929 664 998 Ἀντίοχος
686 928 764 994 δὲ,
801 928 1153 998 χαλεπαίνων
1183 929 1262 999 τῷ
1295 930 1525 1001 Σίμωνι,
1547 932 1616 986 δι’
1645 932 1681 987 ἃ
1715 935 1973 1003 πέπονθε,

377 1022 444 1090 τῇ
493 1018 732 1091 Ἰουδαίᾳ
781 1018 1010 1088 ἐπῆλθε,
1049 1020 1146 1073 καὶ
1198 1021 1302 1091 τὴν
1346 1021 1532 1094 χώραν
1580 1026 1974 1098 καταδραμὼν,

379 1109 694 1181 ἐπολιόρκει
729 1111 822 1163 τὸν
879 1111 1190 1182 Ὑρκανόν·
1240 1115 1336 1168 καὶ
1380 1114 1629 1185 πύργους
1678 1119 1975 1192 ἀνεγείρας

377 1201 746 1271 ὑψηλοτάτους
782 1203 924 1256 κατά
951 1203 1011 1255 τὸ
1048 1203 1260 1274 βόρειον
1293 1207 1460 1276 μέρος
1501 1208 1606 1277 τῆς
1654 1211 1888 1277 πόλεως,
1913 1213 1974 1281 ἐξ

377 1293 560 1347 αὐτῶν
586 1292 665 1366 τῷ
702 1293 876 1366 τείχει
908 1296 1310 1366 προσέϐαλλεν.
1364 1299 1536 1353 Ἢνυε
1590 1300 1637 1355 δ’
1687 1304 1842 1360 οὐδὲν
1887 1306 1976 1362 διά

376 1402 435 1438 τε
463 1386 829 1458 γενναιότητα
871 1387 983 1442 τῶν
1014 1389 1192 1454 ἐντὸς,
1237 1389 1336 1444 καὶ
1377 1390 1468 1445 διὰ
1505 1391 1821 1466 ὀχυρότητα
1863 1397 1974 1451 τῶν

375 1477 596 1549 τειχῶν,
639 1480 738 1532 καὶ
778 1479 978 1544 ὕδατος
1025 1481 1324 1551 ἀφθονίαν,
1382 1481 1444 1550 ἐξ
1495 1485 1812 1556 ἐπομϐρίας
1838 1489 1971 1561 ἄρτι

377 1571 690 1641 συμϐᾶσαν.
738 1571 940 1637 Δείσας
997 1572 1056 1626 δὲ
1106 1575 1137 1628 6
1197 1575 1472 1645 Ὑρκανὸς
1526 1578 1602 1650 μή
1660 1579 1973 1636 ἐπιλίποιεν

379 1663 566 1726 αὐτοῖς
591 1664 659 1719 τὰ
681 1666 985 1734 ἀναγκαῖα,
1019 1666 1182 1738 μόνον
1209 1667 1272 1722 τὸ
1296 1668 1544 1741 μάχιμον
1581 1671 1680 1727 τοῦ
1727 1674 1973 1748 πλήθους

2085 562 2393 643 altissimis,
2460 582 2599 635 quas
2657 569 2724 623 ad
2779 575 3214 640 septentrionem
3250 583 3538 651 excitarat,
3583 589 3685 644 im-

2083 661 2270 721 petum
2303 654 2356 709 in
2399 658 2598 712 Inmnia
2631 658 2859 717 faciens.
2893 664 3000 719 Sed
3025 667 3162 721 nihil
3193 671 3535 740 prolicit-bat,
3567 687 3682 736 tum

2083 745 2155 798 ob
2205 745 2561 804 defensorum
2623 752 3033 821 fortitudinem,
3091 769 3205 815 tum
3260 764 3333 818 ob
3391 783 3679 827 murorum

2082 835 2424 906 firmitatem,
2462 857 2844 917 aquarumque
2897 850 3113 920 copiam
3170 869 3236 908 ex
3285 856 3463 914 imbre
3516 865 3681 919 modo

2079 930 2388 985 collectam.
2414 933 2686 990 Caeterum
2717 938 3000 1010 Hyrcanus
3021 946 3230 1001 veritus
3264 963 3332 1003 ne
3368 965 3680 1010 commeatu

2080 1024 2438 1094 deficere-tur,
2475 1029 2757 1088 bellicosis
2786 1034 3057 1092 duntaxat
3102 1042 3357 1107 retentis,
3403 1045 3677 1116 reliquam

2078 1119 2494 1177 multitudinem
2519 1125 2656 1180 urbe
2703 1127 2954 1196 expulit:
2993 1131 3089 1201 qui
3123 1147 3250 1187 cum
3299 1135 3371 1189 ab
3401 1137 3682 1196 Antiocho

2076 1213 2234 1267 abire
2271 1229 2382 1268 non
2425 1215 2768 1286 sinerentur,
2815 1231 2972 1278 extra
3011 1227 3214 1281 muenia
3266 1231 3674 1290 moriebantur.

2075 1308 2226 1374 Quos
2252 1307 2288 1362 ii
2324 1308 2420 1378 qui
2452 1308 2603 1366 intus
2644 1322 2806 1367 erant
2847 1315 3116 1382 miserati,
3175 1320 3232 1374 in
3281 1321 3477 1378 urbem
3515 1340 3675 1381 rece-

2079 1412 2304 1472 perunt.
2340 1401 2446 1459 Sed
2470 1419 2598 1459 cum
2638 1404 2838 1461 festum
2875 1406 3386 1467 Tabernaculorum
3414 1414 3673 1484 instaret,

2078 1495 2372 1567 Hyrcanus
2395 1496 2466 1550 ab
2497 1496 2769 1553 Antiocho
2796 1508 3008 1570 septem
3039 1500 3255 1557 dierum
3303 1504 3574 1567 inducias.
3601 1508 3673 1564 ad

2074 1586 2279 1643 festum
2316 1587 2712 1644 celebrandum
2736 1630 2750 1656 ,
2796 1591 2990 1661 petiit:
3026 1608 3168 1663 quas
3215 1595 3309 1651 ille
3356 1612 3467 1652 non
3506 1601 3676 1654 modo

2077 1681 2384 1745 concessit,
2407 1681 2502 1736 sed
2532 1690 2588 1737 et
2612 1681 2866 1738 victimas
2883 1693 3241 1754 sumptuosas
3269 1703 3394 1743 cum
3422 1689 3671 1746 donariis

372 1754 798 1828 ἀπολεξάμενος,
829 1759 957 1823 τοὺς
989 1757 1187 1824 ἄλλους
1215 1758 1417 1826 ἐξέωσε
1446 1763 1548 1834 τῆς
1594 1765 1807 1833 πόλεως
1825 1783 1845 1803 ο
1875 1768 1960 1836 οὓς

2073 1768 2249 1836 misit,
2283 1769 2356 1825 ob
2382 1784 2504 1826 eam
2534 1771 2794 1842 pietatem
2828 1772 2910 1828 Pii
2942 1787 3369 1845 cognomentum
3409 1778 3666 1850 adeptus.

370 1849 399 1902 6
428 1849 704 1922 Ἀντίοχος
732 1851 997 1908 ἀπελθεῖν
1043 1853 1261 1908 ἐκεῖθεν
1287 1853 1392 1908 οὐκ
1420 1828 1546 1912 εία·
1585 1858 1663 1926 οἱ,
1713 1828 1812 1916 καὶ
1863 1828 1960 1930 ἔξω

2071 1859 2206 1928 Quae
2232 1828 2428 1917 eadem
2480 1828 2740 1934 Hyrcano
2771 1879 2939 1920 causa
2971 1828 3097 1932 ftiit,
3143 1828 3671 1942 ut-per—legatosa'h

369 1938 483 1993 τῶν
507 1941 707 2011 τειχῶν
733 1943 1166 2014 προσμένοντες,
1198 1946 1290 2002 διὰ
1315 1948 1479 2004 τοῦτο
1502 1951 1854 2026 ἀπέθνησκον
1875 1971 1892 1990 ’
1917 1959 1968 2014 oi

367 2032 412 2086 δ’
436 2034 611 2101 ἐντὸς,
643 2035 929 2103 ἐλεοῦντες
954 2038 1178 2107 αὐτοὺς,
1238 2042 1583 2112 είσεδέξαντο
1634 2046 1814 2114 αὖθις.
1851 2051 1968 2123 Τῆς

369 2126 758 2198 Σκηνοπηγίας
781 2129 841 2183 δέ
863 2130 1159 2202 ἐνστάσης,
1185 2133 1216 2187 6
1247 2134 1542 2207 Ὑρκανὸς,
1576 2139 1797 2206 στείλας
1828 2143 1964 2215 πρὸς

366 2221 460 2273 τὸν
495 2221 794 2293 Ἀντίοχον,
835 2223 1036 2296 ἀνοχὴν
1063 2225 1250 2297 ἐζήτει
1284 2230 1565 2298 γενέσθαι,
1594 2232 1685 2288 διὰ
1707 2233 1806 2307 τὴν
1838 2237 1964 2310 ἐορ-

367 2314 465 2386 τήν
497 2317 581 2384 ἐφ’
603 2316 821 2388 ἡμέρας
850 2319 1014 2374 ἑπτά.
1062 2319 1122 2374 '0
1160 2321 1220 2375 δέ
1261 2325 1358 2377 καὶ
1382 2323 1482 2396 τήν
1524 2326 1730 2400 ἀνοχὴν
1765 2329 1962 2400 ἔδωκε,

366 2407 464 2461 καὶ
500 2406 696 2462 θυσίαν
724 2408 995 2482 πολυτελῆ
1057 2411 1158 2466 σὺν
1201 2412 1552 2486 ἀναθήμασιν
1591 2416 1864 2490 επεμψεν,
1900 2420 1964 2475 ὃν

367 2498 455 2552 διὰ
477 2500 577 2570 τὴν
607 2499 745 2573 πρὸς
780 2501 841 2555 τὸ
863 2501 1022 2556 Θεῖον
1051 2503 1342 2559 εὐσέϐειαν
1390 2509 1484 2560 καὶ
1516 2508 1738 2582 Εὐσεϐῆ
1770 2512 1965 2567 ἐκάλε-

369 2607 492 2645 σαν.
514 2591 685 2656 Γνοὺς
707 2593 765 2647 δὲ
794 2593 896 2667 τὴν
933 2595 1079 2667 πρὸς
1101 2595 1193 2650 τὸν
1214 2596 1352 2652 Θεὸν
1381 2598 1478 2652 τοῦ
1515 2599 1797 2674 Ἀντιόχου
1827 2605 1963 2659 αίδὼ

380 2683 670 2755 Ὑρκανὸς,
700 2686 1142 2757 ἐπρεσϐεύσατο,
1175 2687 1280 2759 τὴν
1311 2689 1546 2761 πάτριον
1577 2692 1766 2759 αὐτοῖς
1821 2697 1962 2752 ἀποο

366 2775 586 2846 δοθῆναι
619 2776 899 2832 πολιτείαν
923 2778 1274 2850 αἰτούμενος.
1337 2782 1397 2836 '0
1449 2783 1527 2850 δὲ,
1566 2787 1615 2839 εί
1658 2789 1962 2859 παραδοῖεν

2071 1952 2170 2008 illo
2195 1963 2440 2024 peteret,
2475 1963 2537 2010 ut
2580 1954 2818 2026 patriam
2854 1957 2974 2012 suis
3006 1957 3224 2014 civibus
3266 1963 3664 2032 rempublicam

2070 2045 2411 2101 restitueret.
2443 2046 2544 2102 Cui
2580 2047 2869 2118 respondit
2908 2049 3242 2115 Antiochus,
3279 2052 3327 2108 si
3359 2068 3510 2110 arma
3547 2063 3664 2111 tra-

2069 2135 2284 2203 derent,
2315 2146 2372 2194 et
2399 2138 2468 2196 de
2501 2140 2822 2196 civitatibus
2845 2150 3001 2197 extra
3029 2142 3273 2199 Judmam
3303 2145 3424 2201 sitis
3453 2147 3662 2204 tributa

2066 2229 2408 2300 penderent,
2439 2238 2497 2286 et
2525 2232 2846 2303 praesidium
2893 2235 3243 2305 accipereut,
3298 2252 3360 2293 se
3405 2246 3462 2292 et
3515 2239 3664 2295 bello

2067 2337 2389 2406 abstinere,
2456 2348 2514 2395 et
2580 2341 2876 2410 postulatis
2936 2358 3133 2398 eorum
3185 2361 3432 2402 annuere
3495 2347 3660 2404 velle.

2065 2425 2238 2483 Judaei
2273 2445 2408 2485 vero
2457 2440 2654 2487 caetera
2703 2434 2979 2503 amplexi,
3043 2437 3662 2510 praesidium-repudia-

2064 2531 2237 2577 runt:
2271 2537 2336 2577 ac
2364 2538 2463 2592 pro
2515 2537 2584 2579 eo
2613 2523 2890 2581 dederunt
2933 2527 3188 2594 obsides,
3222 2532 3546 2602 argentique
3583 2541 3662 2588 ta-

2063 2612 2214 2668 lenta
2265 2615 2588 2686 quingenta.
2635 2615 2752 2672 Hac
2785 2620 3000 2674 ratione
3057 2621 3308 2690 mitigato
3358 2623 3656 2690 Antiocho,

2063 2704 2357 2774 solutaque
2426 2705 2761 2772 obsidione,
2840 2707 3128 2780 Hyrcanus
3193 2727 3224 2767 e
3295 2723 3657 2770 monumento

2063 2795 2292 2851 Davidis
2323 2797 2426 2851 tria
2458 2798 2631 2852 millia
2670 2801 2938 2856 talentum
2975 2801 3361 2873 deprompsit:
3407 2806 3657 2877 initaque

364 2867 634 2948 ταδόπλα,
670 2864 814 2933 εἷπε,
853 2872 952 2924 καὶ
988 2872 1188 2944 φόρους
1217 2873 1396 2927 τελεῖν
1450 2877 1593 2948 ὑπὲρ
1627 2880 1738 2934 τῶν
1779 2882 1958 2938 ἄλλων

2062 2904 2189 2942 cum
2240 2889 2520 2945 Antiocho
2553 2893 2829 2957 amicitia,
2868 2909 2997 2949 eum
3035 2895 3088 2949 in
3121 2895 3312 2950 urbem
3339 2883 3572 2967 recepit:
3600 2908 3657 2954 ct

365 2960 690 3015 κατάθοιντο
712 2962 948 3029 πόλεων,
975 2964 1109 3035 ἄτερ
1132 2965 1232 3035 τῆς
1259 2967 1548 3034 Ἰουδαίας,
1580 2972 1677 3025 καὶ
1705 2976 1954 3045 φρουρὰν

2062 2994 2254 3037 contra
2293 2983 2528 3039 Parthos
2553 2985 2851 3041 ducentem
2898 2987 3196 3042 comitatus
3246 2998 3370 3043 est:
3404 2989 3494 3044 ubi
3527 2993 3653 3048 cum

362 3052 755 3121 3έξαιντο,καὶ
805 3053 902 3108 τοῦ
945 3056 1191 3123 πολέμου
1256 3059 1582 3128 ἀφέξεσθαι,
1633 3065 1732 3119 καὶ
1783 3067 1957 3124 τᾶλλα

2062 3077 2268 3132 Arsace
2321 3093 2658 3150 congressus
2690 3080 3018 3149 Antiochus,
3063 3097 3191 3137 cum
3246 3083 3450 3154 majore
3496 3094 3653 3155 parte

365 3147 639 3216 ποιήσειν,
671 3147 708 3200 ἃ
733 3148 1003 3214 ἀξιοῦσιν.
1051 3151 1298 3205 Ἰουδαῖοι
1341 3155 1399 3209 δὲ
1429 3156 1498 3210 τὰ
1530 3157 1630 3225 μὲν
1669 3159 1806 3216 ἄλλα
1836 3163 1956 3217 ἐδέ-

2064 3171 2344 3226 exercitus
2377 3147 2576 3243 ct'ipse
2605 3173 2792 3244 periit.

363 3257 543 3310 χοντο,
591 3243 691 3342 ἐπὶ
952 3247 1168 3342 φρουρᾷ
1211 3248 1274 3301 οὐ
1313 3249 1629 3317 κατένευον,
1683 3253 1802 3308 ἀλλ’
1867 3260 1993 3318 ἀντὶ
2029 3264 2239 3336 ταύτης
2290 3267 2538 3337 ὁμήρους
2586 3243 2858 3334 ἐδίδοσαν,
2927 3269 3023 3323 καὶ
3072 3269 3343 3342 ἀργυρίου
3413 3271 3653 3327 τάλαντα

362 3339 720 3436 πενταπόσια.
746 3338 1025 3436 Ἐνδόντος
1053 3340 1098 3394 δ’
1137 3343 1231 3395 ἐπὶ
1252 3343 1471 3410 τούτοις
1501 3347 1595 3401 τοῦ
1629 3348 1929 3424 Ἀντιόχου,
1975 3361 2009 3430 ή
2071 3362 2362 3433 πολιορκία
2413 3362 2605 3435 ἐλύθη.
2640 3364 2910 3436 Ὑρκανὸς
2943 3365 3025 3434 δὲ,
3050 3338 3144 3418 τὸν
3181 3338 3278 3420 τοῦ
3312 3367 3478 3421 Δαϐὶδ
3499 3371 3653 3423 ἀνοί-

363 3431 461 3540 ξας
499 3434 690 3540 τάςρον,
747 3434 1025 3540 τρισχίλια
1071 3437 1618 3540 ’ἐκεψενῌάργυρίου
1685 3446 1927 3505 τάλαντα
1968 3455 2170 3510 ἔλαϐε·
2206 3431 2390 3526 ιριλίαν
2413 3459 2470 3512 δὲ
2506 3431 2645 3532 πρὸς
2700 3431 2976 3532 Ἀντίοχον
3011 3431 3441 3532 ποιησάμενος,
3485 3466 3545 3520 ὲν
3581 3469 3649 3540 τῇ

361 3529 516 3611 πόλει
534 3529 698 3630 αὐτον
719 3531 1053 3630 εἰσεδέξατο.
1071 3533 1293 3588 Καὶέπὶ
1316 3535 1571 3607 Πάρθους
1594 3543 1952 3612 στρατεύοντι
1985 3553 2446 3626 συνεξώρμησεν,
2514 3529 2646 3610 ἔνθα
2708 3557 2788 3628 τῷ
2814 3529 3064 3629 Ἀρσάκῃ
3097 3529 3419 3630 πολεμήσας
3441 3529 3650 3614 Ἀντίοῖ

360 3639 476 3694 χος,
501 3625 579 3696 τῷ
603 3626 812 3680 πλείονι
835 3627 937 3698 τῆς
967 3629 1230 3698 στρατιᾶς
1258 3632 1353 3685 καὶ
1381 3633 1544 3699 αὐτὸς
1574 3640 1949 3700 συναπώλετο.

435 3759 511 3815 B'.
540 3711 776 3816 Γίνετέ
793 3767 849 3818 δὲ
875 3767 977 3838 τῆς
1003 3769 1113 3823 τῶν
1136 3769 1328 3842 Σύρων
1351 3771 1636 3843 βασιλείας
1658 3777 1907 3851 διάδοχος
1927 3784 1956 3835 6

2133 3782 2200 3839 ll.
2239 3785 2301 3839 Ei
2353 3785 2407 3840 in
2463 3800 2631 3857 regno
2695 3785 2868 3857 Syria:
2926 3784 3242 3841 Demetrius
3289 3785 3484 3854 frater,
3530 3787 3644 3842 sub

359 3861 588 3933 ἀδελφὸς
618 3864 782 3918 αὑτοῦ
823 3867 1167 3938 Δημήτριος,
1225 3869 1493 3936 λύσαντος
1535 3874 1814 3945 Ἀρσάκου
1849 3879 1954 3932 αὐ-

2062 3878 2467 3948 expeditionem
2494 3879 2756 3934 Antiochi
2790 3879 3010 3934 solutus
3043 3880 3113 3933 ab
3147 3879 3379 3944 Arsace,
3413 3894 3644 3938 succes-

358 3956 473 4022 τὸν,
499 3957 665 4028 ἡνίκα
689 3959 802 4021 τοῖς
842 3959 1082 4030 Πάρθοις
1125 3961 1365 4032 ἐπῆλθεν
1399 3964 1697 4038 Ἀντίοχος.
1747 3970 1955 4041 ’Υρκα-

2062 3969 2146 4024 sit.
2191 3969 2465 4025 Caeterum
2540 3979 2667 4040 post
2714 3969 2976 4024 Antiochi
3009 3970 3322 4035 interitum,
3351 3970 3645 4043 Hyrcanus

360 4049 452 4113 νὸς
484 4049 564 4117 δὲ,
595 4049 880 4122 Ἀντιόχου
919 4052 1200 4118 θανόντος,
1232 4055 1437 4120 πολλὰς
1478 4057 1589 4112 τῶν
1621 4059 1724 4130 τῆς
1749 4063 1957 4132 Συρίας

358 4141 572 4196 πόλεων
601 4136 738 4205 εἷλε,
766 4143 864 4202 καὶ
889 4143 993 4214 τῆς
1019 4144 1331 4217 Ἰδουμαίας
1354 4147 1572 4220 ἐτέρας.
1599 4151 1713 4206 Καὶ
1747 4153 1956 4208 ὑποτά-

359 4232 455 4297 ξας
479 4234 608 4297 τοὺς
666 4233 1032 4304 Ἰδουμαίους,
1079 4237 1393 4309 ἐπέτρεπεν
1435 4240 1624 4308 αὐτοῖς
1671 4241 1774 4314 τὴν
1795 4245 1854 4297 ὲν
1883 4248 1951 4318 τῇ

359 4330 518 4402 χώρᾳ
535 4330 846 4402 διατριϐὴν,
880 4331 932 4384 εί
962 4333 1406 4403 περιτέμνοιντο,
1432 4335 1530 4388 καὶ
1553 4335 1802 4407 χρῶνται
1833 4338 1955 4392 ἕθε-

360 4439 448 4476 σιν
477 4422 818 4487 Ἰουδαϊκοῖς.
854 4425 917 4478 Ol
947 4423 1006 4478 δὲ
1029 4423 1118 4478 διὰ
1145 4424 1246 4489 τὰς
1293 4427 1565 4498 πατρίδας
1598 4429 1697 4483 καὶ
1725 4432 1826 4502 τὴν
1854 4448 1952 4484 πε-

361 4516 595 4586 ριτομὴν
617 4515 712 4568 καὶ
734 4515 908 4571 τᾶλλα
932 4517 1280 4588 ὑπήνεγκαν.
1313 4520 1633 4592 Δημήτριος
1676 4520 1734 4576 δὲ
1783 4539 1952 4595 στρα-

355 4609 538 4663 τεύειν
559 4609 818 4677 ἐγνωκὼς
852 4610 950 4664 ἐπὶ
991 4611 1284 4684 Ὑρκανὸν,
1323 4613 1593 4685 ἀνεκόπη,
1623 4615 1736 4670 τῶν
1761 4615 1953 4688 Σύρων

357 4703 455 4756 καὶ
493 4702 604 4755 τῶν
640 4702 996 4773 στρατιωτῶν
1014 4704 1326 4774 μισούντων
1357 4705 1520 4760 αὐτὸν
1546 4707 1635 4761 διὰ
1659 4712 1947 4781 πονηρίαν,

358 4798 458 4851 καὶ
497 4796 1099 4868 διακηρυκευσαμένων
1153 4798 1292 4869 πρὸς
1331 4799 1669 4871 Πτολεμαῖον
1711 4801 1805 4856 τὸν
1843 4803 1950 4856 Φύ-

358 4905 547 4943 σκωνα
578 4886 762 4944 δοῦναι
799 4888 987 4962 αὐτοῖς
1005 4904 1130 4942 τινα
1162 4889 1274 4943 τῶν
1323 4891 1402 4962 τῷ
1449 4891 1706 4964 Σελεύκῳ
1738 4910 1950 4966 προση-

355 4981 590 5043 κόντων,
621 4979 720 5050 τῆς
759 4979 1040 5050 βασιλείας
1065 4980 1524 5053 ἀντιληψόμενον.
1565 4986 1664 5049 Ὃς
1691 4983 1948 5052 Ἀλέξαν-

355 5075 483 5146 δρον
511 5074 730 5143 ἔπεμψε
789 5075 882 5128 τὸν
925 5074 1225 5146 λεγόμενον
1291 5076 1546 5133 Ζεϐινᾶν.
1599 5077 1802 5151 Μάχης
1850 5079 1946 5135 οὖν

362 5169 530 5235 μέσον
563 5166 730 5220 αὑτοῦ
756 5167 852 5222 καὶ
877 5167 1199 5239 Δημητρίου
1218 5169 1716 5240 συγκροτηθείσης,
1743 5169 1944 5241 τρέπε·

355 5279 450 5316 ται
476 5261 818 5331 Δημήτριος,
870 5260 967 5315 καὶ
1000 5259 1196 5330 φεύγει
1240 5262 1324 5325 είς
1348 5260 1718 5332 Πτολεμαΐδα.
1744 5261 1838 5334 Μὴ
1859 5261 1952 5319 δε·-

357 5352 508 5424 χθεὶς
529 5352 586 5406 δὲ
618 5352 775 5420 παρὰ
816 5351 1185 5419 Κλεοπάτρας
1208 5352 1310 5423 τῆς
1336 5353 1624 5419 γυναικὸς,
1663 5353 1744 5416 είς
1773 5352 1950 5426 Τύρον

357 5443 592 5513 ἀπέδρα.
642 5442 835 5506 Ἀλοὺς
897 5441 976 5507 δὲ,
1033 5443 1130 5497 καὶ
1169 5441 1344 5496 πολλὰ
1393 5441 1607 5507 παθὼν,
1653 5440 1947 5512 διεφθάρη.

368 5536 728 5604 Ἀλέξανδρος
766 5536 823 5588 δὲ
872 5537 971 5603 τὴν
1029 5534 1314 5606 βασιλείαν
1349 5534 1715 5606 παραλαϐὼν,
1758 5533 1946 5604 φιλίαν

357 5631 596 5682 ποιεῖται
641 5629 775 5697 πρὸς
820 5628 1113 5697 Ὑρκανόν.
1178 5626 1626 5691 Ἐπαναστὰντος
1678 5626 1736 5680 δὲ
1791 5623 1944 5696 αύτῷ

366 5721 645 5790 Ἀντιόχου
681 5721 776 5773 τοῦ
813 5720 1056 5790 Γρυποῦ,
1093 5720 1188 5774 τοῦ
1241 5720 1436 5785 παιδὸς
1470 5719 1808 5791 Δημητρίου,
1838 5719 1940 5788 ήτ-

359 5812 566 5879 τηθεὶς,
601 5814 659 5867 ἐν
696 5816 762 5876 τῇ
798 5813 946 5877 μάχη
1012 5811 1285 5868 ἀπώλετο.
1340 5811 1608 5876 Βασιλεὺς
1644 5811 1699 5866 δὲ
1739 5808 1942 5881 Συρίας

2053 4063 2258 4116 multas
2305 4060 2560 4134 Syriacas
2604 4062 2792 4129 urbes,
2827 4061 3083 4117 Idumam
3123 4063 3330 4117 multas
3359 4063 3551 4133 cepit:
3584 4072 3644 4120 et

2053 4152 2300 4208 subactis
2330 4152 2586 4214 Idumaeis
2643 4167 2709 4208 ea
2742 4152 3059 4209 conditione
3101 4153 3157 4207 in
3206 4154 3384 4224 patria
3427 4153 3640 4209 versari

2061 4244 2364 4311 concessit,
2405 4245 2453 4300 si
2515 4243 3056 4300 circumciderentur
3085 4253 3143 4300 et
3172 4245 3422 4300 moribus
3447 4245 3640 4301 iudai-

2052 4337 2135 4392 cis
2177 4345 2491 4392 uterentur.
2535 4335 2644 4404 Qui
2689 4351 2880 4392 amore
2919 4337 3118 4393 natalis
3155 4337 3282 4403 soli,
3311 4346 3370 4394 et
3389 4339 3640 4394 circum-

2051 4427 2344 4491 cisionem,
2390 4437 2446 4484 et
2491 4428 2704 4497 reliqua
2755 4427 3086 4483 tolerarunt.
3135 4426 3274 4484 Cum
3304 4437 3490 4484 autem
3529 4429 3637 4486 De-

2053 4520 2287 4576 metrius
2321 4520 2529 4576 bellum
2559 4519 2766 4576 inferre
2821 4520 3075 4592 Hyrcano
3119 4521 3428 4588 statuisset,
3468 4536 3535 4576 ea
3578 4537 3640 4577 re

2052 4611 2355 4683 impeditus
2375 4621 2482 4672 est.
2517 4611 2666 4681 quod
2691 4609 2816 4683 Syri
2863 4619 2921 4666 et
2955 4611 3183 4678 milites,
3209 4611 3331 4683 ejus
3368 4611 3639 4681 improbi-

2052 4713 2220 4760 tatem
2269 4704 2554 4770 detestati,
2609 4719 2710 4776 per
2739 4703 2903 4774 217
2935 4703 3336 4759 caduceatores
3381 4718 3413 4759 a
3452 4704 3639 4762 Ptole-

2051 4811 2191 4852 mare
2225 4795 2514 4868 Physcone
2545 4796 2842 4866 petierant,
2875 4805 2938 4850 ut
2969 4795 3073 4854 sibi
3102 4801 3190 4863 ξολ
3225 4794 3444 4852 Seleuci
3473 4795 3638 4852 fami-

2050 4888 2124 4944 lia
2180 4887 2339 4944 dar-et
2403 4889 2690 4958 aliquem,
2741 4887 2840 4957 qui
2895 4902 3128 4958 regnum
3185 4888 3520 4957 susciperet.
3581 4887 3639 4943 ls

2049 4979 2426 5036 Alexandrum
2484 4979 2750 5035 Zebinam
2812 4978 3007 5043 misit,
3055 4993 3086 5034 a
3145 4994 3259 5050 quo
3322 4979 3639 5036 Demetrius

2049 5075 2256 5136 victus,
2294 5072 2689 5128 Ptolemaidem
2745 5087 2805 5128 sc
2857 5071 3072 5142 recepit
3117 5089 3134 5126 :
3191 5071 3292 5130 sed
3347 5071 3419 5126 ab
3448 5073 3638 5141 quore

2049 5163 2352 5236 Cleopatra,
2376 5163 2660 5232 exclusus,
2685 5163 2892 5236 Tyrum
2925 5162 3198 5235 confugit,
3235 5163 3332 5220 ubi
3355 5171 3551 5234 captus
3578 5172 3637 5220 et

2048 5257 2400 5313 excruciatus
2425 5257 2610 5328 periit.
2638 5255 2950 5314 Alexander
2977 5265 3162 5312 autem
3195 5270 3367 5327 regno
3401 5255 3632 5326 potitus,

2047 5348 2348 5404 amicitiam
2379 5364 2507 5405 cum
2535 5348 2789 5416 Hyrcano
2838 5348 3050 5421 pepigit
3079 5365 3095 5403 :
3132 5348 3229 5403 sed
3253 5348 3326 5404 ab
3357 5348 3635 5404 Antiocho

2047 5438 2232 5512 Grypo
2305 5439 2570 5497 Demetrii
2650 5438 2765 5496 filio
2832 5453 3066 5510 regnum
3130 5439 3239 5495 sibi
3311 5439 3633 5496 vindicante

2046 5533 2251 5600 victus,
2281 5532 2338 5587 in
2375 5517 2558 5604 pugna
2590 5531 2876 5590 occubuit.
2907 5533 2962 5588 ls
3004 5532 3335 5601 Antiochus,
3369 5542 3631 5604 suscepto

2046 5625 2218 5698 Syriae
2281 5641 2474 5697 regno.
2520 5640 2646 5681 cum
2712 5623 2886 5682 fratre
2941 5625 3216 5682 Antiocho
3263 5637 3630 5698 cognomento

2041 5717 2336 5789 Cyziceno,
2367 5719 2516 5788 quod
2558 5717 2738 5790 Cyzici
2776 5716 3049 5774 educatus
3087 5729 3256 5782 esset,
3291 5735 3390 5790 per
3423 5720 3630 5774 multos

2043 5825 2220 5866 annos
2271 5809 2477 5866 bellum
2523 5810 2716 5883 gessit.
2763 5808 2895 5867 Erat
2940 5819 3127 5868 autem
3176 5811 3224 5868 is
3269 5811 3530 5868 Antiochi
3595 5827 3628 5865 a
