4074 6396
369 349 469 420 391
1649 330 1977 398 .IOANNIS
2016 325 2345 392 zemas
2466 407 2471 412 η
3551 304 3658 369 39-2

370 467 590 526 Parthis
617 462 921 524 interfecti.
951 459 1223 518 Demetrii
1253 455 1465 523 fratris,
1503 453 1670 519 ﬁlius,
1703 448 1959 508 uterinus

2084 468 2089 495 ι
2127 443 2406 513 Ἀντίοχος
2437 407 2595 505 οὗτος
2629 436 2951 508 γενόμενος,
2971 427 3065 484 ἐπὶ
3097 425 3314 491 πολλοῖς
3339 422 3486 477 ἔτεσι
3517 419 3662 492 μετὰ

1182 553 1320 608 Nam
1380 515 1687 618 Cleopatra;
1735 542 1959 599 duobus

2084 536 2165 592 τοῦ
2187 534 2419 606 ἀδελφοῦ
2447 533 2750 602 Ἀντιόχου,
2778 528 2876 583 τοῦ
2897 521 3290 594 ἐπικληθέντος
3320 515 3660 588 Κυζικηνοῦ,

906 609 1066 704 7:
1111 647 1354 718 primum
1408 609 1709 702 Demetrio,
1752 633 1958 693 deinde

2084 631 2150 685 ίτι
2176 631 2234 684 ἐν
2261 627 2488 697 Κυζίκῳ
2514 623 2751 695 ἐτράφη,
2795 619 2929 688 περὶ
2955 619 3054 685 τῆς
3091 610 3373 686 βασιλείας
3401 609 3662 723 ἐμάχετο.

371 747 673 811 Antiocho,
709 754 772 801 ut
802 752 930 799 ante
973 741 1323 812 scripsimus.
1356 737 1435 791 Ac
1473 751 1503 789 e
1535 730 1820 790 Demetrio
1849 727 1964 783 An-

375 840 626 897 tiochum
657 837 903 910 Grypum
940 852 956 889 :
993 849 1062 890 ex
1098 829 1377 888 Antiocho
1420 826 1736 886 Servatore,
1770 820 1968 910 Deme-

376 933 472 990 trii
495 933 686 998 fratre,
703 909 1037 1002 Cyzicenum
1059 922 1394 980 Antiochum
1417 915 1680 987 suscepit.
1704 911 1808 980 Qui
1832 909 1966 964 dum

377 1027 526 1082 inter
557 1039 678 1080 sese
724 1021 1120 1094 digladiantur,
1166 1016 1454 1087 Hyrcanus
1503 1009 1694 1080 quiete
1744 1004 1964 1066 fruens,

379 1123 620 1184 utroque
645 1117 988 1181 contempto,
1019 1106 1246 1172 defecit,
1287 1118 1471 1174 neque
1511 1099 1819 1171 quidquam
1852 1109 1972 1148 am-

379 1210 528 1279 plius
559 1206 644 1262 eis
671 1203 976 1276 pependit:
1018 1217 1082 1256 ac
1113 1199 1316 1256 Judaea:
1358 1193 1636 1251 fructibus
1659 1205 1758 1262 per
1789 1187 1970 1244 otium

381 1299 659 1371 perceptis
689 1338 704 1363 ,
736 1296 1011 1352 inﬁnitam
1043 1293 1338 1366 pecuniam
1374 1286 1578 1359 coegit.
1617 1283 1759 1340 Cum
1783 1288 1971 1336 autem

382 1393 692 1449 Samariam
735 1405 835 1461 per
879 1388 1023 1443 filios
1048 1400 1181 1442 suos
1215 1379 1599 1438 Aristobulum
1641 1385 1700 1432 et
1740 1372 1975 1443 Antigo-

383 1506 515 1544 num
553 1485 859 1548 obsideret,
885 1477 1220 1538 Samaritani
1249 1483 1482 1547 urgente
1507 1471 1675 1536 fame,
1710 1462 1973 1523 Antiochi

379 1577 635 1652 Cyziceni
683 1591 843 1646 opem
888 1572 1296 1642 implorarunt,
1335 1567 1433 1639 qui
1486 1578 1616 1622 cum
1656 1557 1976 1652 Aristobulo

384 1647 718 1740 congressus
767 1665 1034 1721 vincitur.
1089 1660 1303 1718 Deinde
1356 1652 1753 1728 redintegratis
1797 1647 1978 1722 copiis

387 1759 626 1834 Hyrcani
679 1773 839 1830 agros
883 1763 1088 1821 vastat,
1147 1762 1309 1808 utea
1358 1751 1577 1806 ratione
1622 1743 1977 1803 obsidionem

2068 719 2176 778 Ἦν
2204 723 2262 776 δὲ
2289 716 2445 784 οὗτος
2468 719 2586 783 υίὸς
2607 715 2892 786 Ἀντιόχου
2917 709 3012 766 τοῦ
3032 708 3287 770 θανόντος
3311 707 3368 758 ὲν
3399 701 3664 773 Πάρθοις,

2070 815 2167 872 τοῦ
2216 811 2450 884 ἀδελφοῦ
2512 809 2860 882 Δημητρίου,
2918 805 2996 870 ὡς
3049 799 3386 874 έτεροθαλὴς
3433 794 3668 865 ἁδελφθις

2073 908 2337 980 ὑπάρχων
2369 904 2466 961 τοῦ
2493 902 2713 975 Γρυποῦ
2750 899 3054 970 Ἀντιόχου.
3089 897 3154 950 Ἢ
3191 894 3299 965 γὰρ
3332 889 3666 980 Κλεοπάτρα

2072 979 2200 1064 τοῖς
2217 999 2339 1054 δυσὶ
2367 995 2687 1067 συνῴκησεν
2719 992 2994 1062 ἀδελφοῖς,
3015 988 3095 1060 τῷ
3124 983 3426 1060 Δημητρίῳ
3451 981 3509 1036 δὲ
3537 979 3669 1051 πρό-

2071 1109 2252 1165 τερον,
2291 1091 2392 1146 καὶ
2433 1090 2515 1162 τῷ
2541 1087 2809 1158 Ἀντιόχῳ
2849 1083 3170 1153 μετέπειτα,
3231 1079 3308 1141 ὡς
3350 1074 3667 1147 προγέγρα-

2072 1200 2227 1237 πται.
2253 1182 2365 1237 Καὶ
2396 1183 2462 1235 ὲκ
2503 1179 2604 1252 μὲν
2637 1175 2960 1249 Δημητρίου
2994 1173 3088 1227 τὸν
3144 1171 3182 1224 Γ
3189 1169 3362 1241 ρυπδν
3388 1167 3668 1235 Ἀντίοχον

2072 1276 2293 1330 ετεκενο
2326 1273 2386 1340 ἐξ
2417 1273 2700 1343 Ἀντιόχου
2734 1269 2792 1324 δὲ
2830 1267 2928 1322 τοῦ
2969 1265 3225 1335 Σωτῆρος
3282 1260 3381 1317 τοῦ
3430 1257 3670 1326 ἀδελφοῦ

2074 1368 2392 1442 Δημητρίου
2438 1366 2532 1421 τὸν
2582 1361 2897 1434 Κυζικηνὸν
2940 1359 3220 1426 Ἀντίοχον
3249 1354 3526 1424 ιγείνατο.
3575 1351 3672 1405 Ἐν

2077 1462 2188 1533 ὅσῳ
2215 1459 2275 1514 δὲ
2304 1452 2453 1514 οὗτοι
2495 1457 2634 1528 πρὸς
2690 1453 2964 1525 ἀλλήλους
3017 1450 3310 1521 ιμάχοντο,
3333 1448 3362 1500 ό
3422 1444 3673 1516 Υρκανδς

2076 1552 2303 1627 ἠρέμει,
2333 1555 2430 1605 καὶ
2455 1546 2886 1620 καταφρονήσας
2913 1541 3026 1598 τῶν
3077 1539 3376 1611 ’Δντιόχων
3428 1537 3673 1608 ἀπέστη,

2079 1643 2250 1718 μηδὲν
2275 1643 2357 1699 ἔτι
2387 1643 2652 1713 παρέχων
2681 1638 2872 1702 αὐτοῖς
2897 1653 2912 1669 ⁶
2965 1635 3066 1693 καὶ
3097 1635 3242 1690 κατὰ
3278 1631 3479 1706 σχολὴν
3505 1633 3676 1703 ἐκαρ-

2078 1736 2250 1793 ποῦτο
2278 1735 2382 1808 τὴν
2409 1733 2702 1802 Ἰουδαίαν,
2733 1732 2812 1798 ὡς
2836 1730 3068 1802 ἄπειρόν
3112 1746 3168 1782 τι
3199 1727 3408 1799 πλῆθος
3455 1725 3678 1797 χρημά-

386 1855 602 1910 solvere
627 1859 940 1923 cogeretur.
980 1847 1090 1904 Sed
1119 1847 1251 1903 dum
1285 1844 1474 1900 multis
1495 1854 1726 1898 suorum
1755 1836 1979 1894 amissis

2084 1848 2191 1886 των
2220 1828 2579 1899 συναγαγεῖν.
2611 1823 2963 1896 Στρατεύσας
2989 1823 3050 1878 δὶ
3079 1823 3178 1878 καὶ
3206 1821 3302 1878 επὶ
3330 1821 3675 1891 Σαμάρειαν,

384 1946 654 2017 Tripolim
685 1942 918 2008 recedit,
946 1939 1237 2014 Hyrcanus
1276 1936 1588 1995 Samariam
1628 1940 1849 2005 captam
1875 1945 1979 2004 pe-

385 2037 539 2093 nitus
591 2035 765 2090 delet.
806 2033 1009 2089 Fertur
1054 2041 1266 2096 autem,
1312 2045 1382 2086 eo
1415 2029 1508 2084 die
1549 2041 1661 2099 quo
1705 2027 1820 2080 duo
1858 2022 1982 2096 ejus

389 2129 486 2184 filii
520 2143 647 2184 cum
680 2125 954 2182 Antiocho
986 2131 1326 2196 pugnarunt,
1361 2120 1493 2177 dum
1522 2119 1677 2176 solus
1703 2124 1765 2174 nt
1792 2115 1980 2188 ponti-

389 2223 480 2278 fex
505 2222 560 2276 in
600 2219 844 2277 sacrario
881 2216 1120 2283 suffiret,
1150 2215 1376 2271 audisse
1418 2228 1638 2277 vocem,
1670 2225 1797 2282 qua
1823 2208 1981 2266 dice-

389 2325 497 2379 ret,
556 2311 894 2368 Antiochum
947 2308 1116 2365 modo
1161 2323 1194 2364 a
1242 2307 1362 2365 suis
1407 2303 1536 2361 filiis
1579 2318 1702 2362 esse
1745 2300 1982 2366 victum,

390 2404 560 2476 idque
601 2416 862 2474 egressus
904 2399 1195 2456 nuntiasse
1255 2396 1463 2470 populo
1507 2413 1522 2450 :
1575 2408 1682 2451 nec
1709 2392 1984 2464 deceptus

388 2505 495 2552 est.
538 2493 650 2552 Sed
697 2493 832 2549 dum
877 2490 1165 2566 prosperis
1225 2489 1468 2546 fortuna:
1513 2486 1740 2544 ﬂatibus
1780 2484 1984 2548 utitur.

391 2587 656 2644 invidiam
681 2585 1004 2642 Judteorum
1025 2582 1275 2655 eﬂ'ugere
1304 2596 1418 2639 non
1451 2581 1656 2653 potuit.
1689 2575 1986 2634 Pharisais

392 2675 632 2733 maxime
682 2674 942 2741 invisus,
1001 2672 1098 2746 qui
1143 2680 1371 2730 suntex
1420 2669 1604 2728 tribus
1657 2669 1982 2726 Judaeorum

391 2769 567 2826 sectis
594 2783 612 2824 :
643 2775 702 2822 et
729 2781 856 2823 cum
884 2765 1059 2822 fatum
1088 2763 1384 2828 aliirment,
1426 2770 1614 2819 tamen
1641 2759 1895 2832 quaedam
1926 2759 1984 2816 in

393 2869 586 2915 nostra
643 2873 767 2914 esse
833 2866 1132 2929 potestate,
1187 2871 1253 2913 ac
1301 2855 1533 2912 fortuito
1583 2852 1832 2919 evenire,
1881 2865 1988 2908 nec

393 2951 585 3008 omnia
643 2949 767 3006 fieri
815 2949 1140 3006 necessario
1185 2955 1464 3006 statuunt.
1529 2943 1734 3002 Esseni
1791 2953 1987 3000 contra

397 3042 574 3097 fatum
631 3055 823 3096 rerum
866 3039 1117 3096 omnium
1162 3039 1453 3095 dominum
1503 3035 1876 3101 constituunt,
1930 3043 1990 3090 et

405 3132 733 3189 hominibus
762 3131 949 3188 omnia
983 3131 1095 3187 fato
1122 3130 1450 3199 contingere
1477 3135 1732 3184 censent.
1764 3124 1987 3182 Saddu-

2080 1922 2396 1996 έπολιόρκει
2442 1920 2621 1993 αὐτὴν
2659 1919 2749 1975 διὰ
2779 1917 2892 1973 τῶν
2927 1916 3063 1972 υίῶν
3099 1913 3271 1972 αὑτοῦ
3318 1912 3678 1987 Ἀριστοϐού-

2079 2016 2176 2072 λου
2200 2016 2298 2071 καὶ
2321 2014 2661 2084 Ἀντιγόνου.
2688 2009 2870 2084 Λιμοῦ
2888 2009 2948 2065 δὲ
2972 2009 3076 2082 τὴν
3110 2007 3268 2063 πόλιν
3289 2005 3596 2072 πιέζοντος,
3625 2003 3679 2058 οῖ

2081 2109 2363 2183 Σαμαρεῖς
2394 2106 2476 2172 είς
2507 2103 2834 2178 συμμαχίαν
2867 2100 3314 2176 μετεκαλέσαντο
3344 2098 3436 2154 τὸν
3459 2097 3675 2152 Ἄντίο-

2083 2220 2181 2276 χον
2206 2201 2300 2257 τδν
2331 2199 2672 2272 Κυζικηνὸν,
2702 2197 2763 2262 δς
2788 2199 2902 2262 τοῖς
2926 2195 3058 2268 περὶ
3083 2191 3502 2266 ⁹Αριστιίϐουλον
3535 2207 3680 2258 συμ-

2084 2293 2267 2352 ϐαλὼν
2294 2294 2548 2366 ἡττᾶται.
2606 2285 2722 2345 Eis‘
2781 2286 2944 2352 αὖθις
2998 2284 3262 2351 συλλέξας
3321 2283 3550 2353 πλῆθος,
3580 2281 3683 2353 τὴν

2085 2388 2272 2462 χῶραν
2301 2385 2528 2458 ἐπόρθει
2551 2383 2649 2439 τοῦ
2687 2379 2987 2454 Ὑρκανοῦ,
3043 2379 3112 2434 ἵν’
3156 2376 3333 2442 οὕτως
3386 2375 3684 2448 ἀναγκάσῃ

2085 2481 2255 2538 αὐτὸν
2303 2479 2467 2536 λῦσαι
2521 2479 2623 2551 τὴν
2661 2473 3006 2549 πολιορκίμν.
3057 2462 3296 2534 Πολλοὺς
3349 2467 3407 2524 δὲ
3437 2469 3548 2521 τῶν
3581 2469 3683 2522 σὺν

2087 2574 2240 2647 αὐτῷ
2293 2571 2646 2637 ἀποϐάλλων,
2698 2570 2917 2641 ἀπῆρεν
2947 2566 3030 2631 είς
3078 2562 3364 2637 Τρίπολιν.
3410 2559 3683 2632 Ὑρκανὸς

2085 2667 2167 2732 δὲ,
2194 2664 2294 2738 τὴν
2317 2663 2640 2736 Σαμάρειαν
2671 2659 2834 2727 ἑλὼν,
2863 2660 3046 2714 πᾶσαν
3071 2656 3331 2728 ἠφάνισε.
3360 2652 3594 2721 Λέγεται
3624 2651 3685 2705 δὲ

2088 2758 2213 2816 καθ’
2239 2757 2308 2832 ἢν
2335 2758 2555 2830 ἡμέραν
2573 2756 2626 2810 οί
2658 2752 2768 2810 υίοὶ
2789 2751 2960 2807 αὑτοῦ
2981 2750 3060 2822 τῷ
3084 2748 3350 2819 Ἀντιόχῳ
3383 2747 3682 2818 ἐμάχοντο,

2087 2850 2254 2917 αὐτὸς
2299 2849 2379 2916 ὡς
2441 2847 2740 2920 ἀρχιερεὺς
2808 2845 2972 2917 μόνος
3023 2845 3084 2898 έν
3145 2841 3227 2912 τῷ
3273 2839 3391 2911 ναῷ
3444 2835 3682 2907 θυμιῶν,

2087 2941 2324 3001 ἀκοῦσαι
2359 2939 2572 3012 φωνῆς.
2602 2939 2678 3005 ῶς
2700 2939 2752 2994 oi
2779 2938 2975 3003 παῖδες
3001 2935 3174 2993 αὑτοῦ
3202 2935 3330 3007 ἄρτι
3357 2933 3685 3004 νενικήκασι

2087 3038 2181 3093 τὸν
2212 3035 2491 3106 ’Δντίοχον
2511 3049 2528 3067 ⁶
2561 3034 2659 3089 καὶ
2687 3030 2928 3099 ἐξελθὼν
2947 3028 3258 3103 ἀπήγγειλε
3284 3028 3364 3100 τῷ
3396 3025 3595 3097 πλήθει
3622 3023 3688 3081 τδ

2090 3129 2384 3186 ἀκουσθέν.
2411 3128 2526 3184 Καὶ
2547 3128 2778 3198 γέγονεν
2807 3125 3005 3190 οὕτως.
3054 3124 3434 3196 Εὑπραγήσας
3455 3121 3516 3177 δδ
3554 3121 3687 3194 ’Υρ-

396 3230 496 3287 cari
536 3227 648 3285 fato
694 3227 1010 3300 repudiato,
1045 3226 1213 3297 218
1255 3235 1459 3282 nostras
1499 3221 1774 3280 voluntati
1809 3217 1982 3276 ascri-

2096 3224 2291 3286 κανδς.
2322 3219 2604 3293 έφθονήθη
2651 3221 2807 3292 παρὰ
2851 3217 2964 3273 τῶν
2995 3216 3300 3282 Ἰουδαίων,
3355 3215 3598 3286 μάλιστα
3635 3213 3686 3269 δ’

397 3321 543 3377 bunt
573 3319 782 3386 omnia,
819 3327 877 3374 et
907 3333 1106 3375 causas
1151 3319 1428 3373 bonorum
1463 3330 1495 3370 a
1517 3313 1681 3370 nobis
1716 3311 1986 3383 pondere,

397 3421 458 3470 et
495 3429 598 3470 nos
640 3413 953 3469 temeritate
985 3419 1178 3467 nostra
1211 3410 1363 3466 ultro
1398 3406 1661 3479 amplecti
1705 3405 1989 3461 deteriora

397 3505 738 3561 existimant.
783 3503 1047 3559 Pharisaei
1091 3517 1283 3574 porro,
1331 3517 1570 3573 quorum
1606 3513 1804 3571 magna
1864 3505 1988 3553 erat

400 3597 549 3668 apud
581 3597 848 3668 populum
874 3595 1198 3660 auctoritas,
1223 3608 1348 3649 cum
1375 3592 1590 3662 pridem
1617 3589 1780 3646 amici
1805 3595 1994 3644 essent

401 3688 703 3760 Hyrcano,
761 3687 971 3758 quippe
1037 3702 1204 3757 quem
1267 3685 1606 3756 discipulum
1655 3683 1991 3747 habuerant,

402 3789 530 3854 post
580 3781 768 3836 nescio
818 3796 928 3851 qua
973 3779 1043 3835 de
1094 3794 1260 3834 causa
1306 3787 1426 3833 orta
1474 3776 1778 3842 simultate,
1824 3774 1896 3830 ab
1927 3774 1997 3830 iis

403 3872 655 3937 avulsus,
681 3870 737 3926 in
774 3871 1208 3927 Sadducaeorum
1239 3868 1571 3925 sententiam
1602 3865 1902 3930 concessit,
1929 3879 1996 3920 ac

403 3963 548 4019 ritus
579 3963 648 4018 ab
679 3963 792 4018 illis
829 3961 1064 4018 traditos
1109 3961 1332 4017 abolere
1384 3958 1648 4015 instituit.
1677 3957 1816 4012 Nam
1851 3954 1995 4012 Sad-

403 4055 580 4113 duczei
621 4071 689 4112 ea
736 4071 838 4127 pro
868 4056 1088 4128 legibus
1134 4053 1391 4110 habenda
1439 4050 1824 4115 afﬁrmabant,
1872 4063 1996 4120 qua:

405 4147 465 4204 in
495 4149 704 4220 scripta
729 4149 901 4204 relata
930 4157 1118 4204 essent
1147 4165 1162 4202 :
1194 4162 1317 4218 qua
1332 4161 1464 4202 vero
1489 4145 1649 4215 quasi
1675 4159 1775 4214 per
1798 4155 1997 4197 manus

407 4240 788 4309 traderentur,
833 4257 899 4297 ea
949 4257 1060 4296 non
1094 4239 1444 4296 observanda
1475 4253 1620 4293 esse.
1668 4237 1738 4292 Et
1788 4235 1894 4290 hac
1928 4235 1999 4290 de

2091 3313 2337 3386 ἐμισεῖτο
2364 3312 2519 3384 παρὰ
2541 3311 2652 3366 τῶν
2701 3310 3058 3383 Φαρισαίων
3086 3310 3138 3364 οί
3188 3309 3234 3364 δ’
3267 3308 3378 3363 είσὶ
3436 3308 3539 3378 μία
3577 3307 3688 3361 τῶν

2094 3407 2247 3480 παρὰ
2272 3406 2554 3471 Ἰουδαίοις
2593 3404 2894 3478 αἱρέσεων,
2934 3403 3104 3476 τριῶν
3150 3400 3354 3457 οὐσῶν.
3388 3393 3554 3457 Οὗτοι
3585 3399 3688 3470 μὲν

2092 3498 2188 3554 οὖν
2219 3499 2268 3552 οί
2293 3500 2584 3568 Φαρισαῖοι
2614 3495 2969 3568 είμαρμένην
2997 3491 3313 3561 δοξάζουσι,
3341 3490 3467 3546 τινὰ
3490 3489 3548 3542 δὲ
3587 3487 3690 3542 καὶ

2094 3592 2184 3662 ἐφ’
2204 3593 2339 3663 ἡμῖν
2367 3585 2533 3653 εἶναι,
2571 3589 2900 3660 συμϐαίνειν
2936 3603 2994 3640 τε
3024 3586 3120 3640 καὶ
3147 3584 3225 3656 μὴ
3249 3581 3526 3652 γίνεσθαι.
3560 3581 3692 3634 Ἐσ-

2097 3685 2254 3753 σηνοὶ
2277 3681 2336 3736 δὲ
2367 3682 2591 3737 πάντων
2623 3680 2827 3752 κυρίαν
2856 3679 2958 3751 τὴν
2987 3679 3034 3732 εί
3044 3677 3339 3749 μαρμένην
3368 3673 3690 3744 νομίζουσιν

2097 3771 2265 3843 εἶναι,
2293 3778 2390 3831 καί
2449 3775 2632 3829 πάντα
2663 3775 2778 3838 τοῖς
2829 3770 3146 3843 ἀνθρώποις
3191 3769 3252 3836 ἐξ
3295 3769 3514 3837 ἐκείνης
3548 3782 3688 3835 συμ-

2097 3868 2333 3924 ϐαίνειν.
2372 3867 2733 3924 Σαδδουκαῖοι
2753 3865 2812 3920 δὲ
2840 3863 2941 3936 τὴν
2973 3862 3075 3936 μὲν
3101 3862 3457 3934 εἱμαρμένην
3487 3856 3692 3912 ἐκϐάλ-

2096 3959 2273 4028 λουσι,
2311 3960 2493 4015 πάντα
2517 3959 2574 4012 δὲ
2603 3957 2690 4028 ἐφ’
2722 3959 2860 4027 ἡμῖν
2891 3955 3156 4020 τίθενται,
3192 3955 3290 4009 καὶ
3315 3951 3428 4006 τῶν
3467 3948 3692 4019 ἀγαθῶν

2097 4054 2246 4124 ἡμᾶς
2265 4053 2480 4115 ἑαυτοῖς
2508 4050 2719 4113 αίτίους
2740 4042 2884 4102 εἶναι
2906 4047 3276 4109 διδάσκοντες,
3304 4044 3400 4098 καὶ
3428 4041 3498 4096 τὰ
3524 4043 3695 4112 χείρω

2098 4145 2167 4201 δι’
2201 4143 2464 4199 ἀϐουλίαν
2492 4142 2588 4211 ἀφ’
2616 4139 2830 4196 ἑαυτῶν
2853 4138 3155 4213 αἱρεῖσθαι.
3184 4137 3309 4194 Τῶν
3345 4135 3478 4206 γοῦν
3518 4135 3694 4205 Φαρι-

2103 4238 2274 4291 σαίων
2315 4237 2586 4307 πρότερον
2643 4233 2842 4304 φιλίως
2900 4232 3140 4303 ἑχόντων
3197 4231 3336 4300 πρὸς
3399 4226 3694 4299 Ὑρκανὸν,

407 4350 579 4391 causa
608 4335 918 4404 ,Pbarisaeis
962 4335 1176 4391 invisus
1209 4333 1315 4390 fuit
1361 4350 1377 4388 :
1433 4332 1531 4402 qui
1575 4328 1739 4386 annis
1782 4342 1894 4382 uno
1943 4338 1982 4382 οι

2104 4325 2381 4398 (μαθητὴς
2423 4327 2533 4397 γὰρ
2601 4324 2789 4379 αὐτῶν
2837 4321 3112 4393 ἐγεγόνει)
3159 4321 3366 4393 συνέϐη
3395 4320 3455 4387 ἐξ
3506 4318 3693 4379 αἰτίας

313 4419 319 4432 “
415 4428 642 4498 triginta
673 4426 915 4483 feliciter
953 4427 1166 4483 exactis
1194 4427 1357 4482 obiit.
1392 4424 1536 4480 ﬁlios
1565 4431 1700 4478 natu
1730 4419 1982 4476 maxime:

2101 4419 2248 4483 τινὸς
2278 4419 2484 4490 ἔχθραν
2519 4417 2833 4490 κτήσασθαι
2888 4417 3028 4488 πρὸς
3068 4415 3260 4470 αὐτόν.
3303 4414 3611 4469 Ἢδύναντο
3634 4410 3695 4464 δέ

411 4518 711 4589 imperium
742 4521 1051 4576 amissuros
1075 4535 1223 4574 esse.

2103 4506 2253 4566 οὗτοι
2287 4511 2440 4583 παρὰ
2467 4510 2546 4578 τῷ
2571 4510 2772 4581 πλήθει
2800 4509 3029 4580 σφόδρα.
3064 4508 3335 4580 Ὑρκανὸς
3385 4507 3442 4561 δὲ
3477 4508 3544 4576 τῇ
3585 4503 3698 4556 τῶν

411 4611 793 4666 Σαδδουκαίων
873 4611 1195 4684 προσετίθει
1246 4609 1436 4682 μοίρᾳ,
1494 4609 1610 4663 τῶν
1676 4605 1995 4678 Φαρισαίων
2031 4605 2400 4676 ἀπορῤαγεὶς,
2476 4603 2573 4657 καὶ
2613 4601 2684 4656 τὰ
2745 4604 2838 4656 ὑπ’
2867 4601 3052 4656 αὐτῶν
3079 4600 3464 4674 παραδοθέντα
3486 4599 3698 4670 νόμιμα

413 4711 725 4767 καταλῦσαι
757 4711 1042 4783 προέθετο.
1069 4711 1133 4764 Ol
1155 4709 1509 4764 Σαδδουκαῖοι
1534 4707 1644 4780 γὰρ
1669 4708 1855 4760 ἐκεῖνα
1885 4704 1999 4756 δεῖν
2037 4701 2302 4773 ἡγεῖσθαι
2359 4700 2571 4771 νόμιμα
2602 4699 2816 4768 ελεγον,
2875 4699 2944 4753 τὰ
2988 4699 3360 4771 γεγραμμένα
3381 4713 3395 4727 ⁸
3423 4700 3494 4753 τὰ
3526 4697 3585 4752 δὲ
3632 4698 3699 4751 ὲκ

413 4804 768 4875 παραδόσεως
811 4803 886 4874 μὴ
918 4805 1129 4874 τηρεῖν.
1160 4802 1260 4855 Διὰ
1305 4800 1478 4855 ταῦτα
1528 4798 1803 4870 μεμίσητο
1841 4795 1996 4867 παρὰ
2028 4794 2138 4847 τῶν
2203 4791 2521 4862 Φαρισαίων
2548 4792 2578 4845 ό
2651 4791 2943 4862 Ὑρκανός.
2995 4787 3212 4854 Βιώσας
3237 4790 3295 4844 δὲ
3325 4789 3567 4861 εὐτυχῶς
3598 4790 3694 4842 ἐπὶ

413 4898 512 4968 ῑτη
538 4896 832 4969 τριάκοντα
853 4896 987 4968 πρὸς
1015 4897 1120 4962 ἑνὶ,
1147 4895 1512 4966 ἐτελεύτησεν
1537 4893 1624 4962 ἐφ’
1645 4893 1786 4955 υἱοῖς
1814 4891 2004 4944 πέντε.
2037 4890 2276 4957 Λέγεται
2306 4886 2365 4940 δὲ
2418 4885 2513 4938 καὶ
2551 4883 2891 4955 προφητείας
2921 4881 3246 4953 ἀξιωθῆναι,
3279 4881 3374 4936 καὶ
3410 4882 3700 4953 προειπεῖν

413 4997 550 5067 περὶ
577 4996 686 5048 τῶν
713 4993 808 5048 δύο
826 4993 990 5047 αὐτλῦ
1019 4992 1227 5046 παίδων
1253 4991 1364 5046 τῶν
1395 4988 1811 5064 πρεσϐυτέρων,
1838 4986 1912 5050 ῶς
1942 4985 2006 5038 οὐ
2042 4982 2270 5056 μενοῦσι
2301 4980 2411 5034 τῶν
2441 4981 2794 5051 πραγμάτων
2827 4978 3035 5048 κύριοι.

487 5091 579 5146 lll.
647 5087 900 5160 Hyrcano
957 5084 1267 5150 defuncto,
1322 5084 1698 5156 principatum
1759 5082 1976 5152 suscepi

2181 5075 2258 5129 I".
2298 5075 2739 5143 Τελευτήσαντος
2794 5072 2850 5125 δὲ
2927 5069 3234 5143 Ὑρκανοῦ,
3286 5069 3702 5140 Ἀριστόϐουλος

416 5183 772 5243 Aristobulus
801 5198 814 5234 :
861 5194 1025 5250 quem
1061 5193 1188 5232 cum
1224 5179 1280 5232 in
1317 5191 1548 5248 regnum
1578 5181 1924 5231 commutare
1952 5187 1981 5227 e

2102 5169 2203 5241 τὴν
2242 5167 2418 5240 ἀρχὴν
2453 5166 2753 5234 διεδέξατο,
2790 5166 2888 5220 καὶ
2937 5167 3019 5228 είς
3067 5163 3349 5234 βασιλείαν
3383 5165 3700 5234 μεταθεῖναι

417 5277 738 5349 placuisset,
771 5273 1024 5329 diadema
1069 5271 1311 5340 sumpsit
1365 5282 1662 5324 ccccnxxxr
1696 5266 1855 5320 annis
1881 5278 1982 5335 pos

2103 5259 2312 5330 ταύτην
2361 5258 2520 5327 δόξαν
2569 5258 2759 5329 αὐτῷ,
2817 5256 3059 5326 διάδημα
3131 5255 3500 5327 περιτίθεται,
3563 5259 3704 5326 μετὰ

417 5347 582 5439 quam
616 5366 861 5437 populus
893 5365 1170 5436 Babylone
1203 5361 1583 5430 Hierosolyma
1616 5355 1862 5411 redierat
1895 5372 1909 5408 :
1944 5371 1982 5409 an

2106 5353 2440 5425 τετρακόσια
2470 5351 2566 5422 ἐτη
2599 5351 2698 5404 καὶ
2735 5349 3067 5419 ὀγδοήκοντα
3118 5349 3256 5418 πρὸς
3289 5348 3391 5410 ἐνὶ,
3421 5347 3608 5413 έξότου
3636 5349 3704 5401 ὲκ

417 5469 650 5514 caeteros
697 5457 898 5512 fratres
946 5466 1001 5510 et
1045 5464 1280 5508 matrem
1311 5452 1381 5507 de
1413 5451 1732 5522 principatu
1768 5457 1982 5503 conten

2117 5446 2440 5509 Βαϐυλῶνος
2465 5447 2492 5498 ό
2519 5444 2646 5507 λαὸς
2669 5446 2748 5506 εἰς
2784 5441 3146 5515 Ἰερουσαλὴμ
3170 5440 3499 5510 ἐπανῆλθεν.
3533 5439 3702 5503 Οὗτος

420 5552 668 5616 dentem,
725 5551 782 5604 in
831 5549 1052 5604 vincula
1104 5547 1370 5624 coniecit,
1420 5543 1755 5614 Antigonum
1819 5548 1982 5594 auten

2114 5539 2243 5604 τοὺς
2279 5540 2380 5609 μὲν
2413 5537 2608 5599 ἄλλους
2631 5536 2741 5590 τῶν
2767 5535 3038 5602 ἀδελφῶν,
3073 5537 3169 5588 καὶ
3192 5535 3293 5604 τὴν
3330 5533 3546 5605 μητέρα
3577 5533 3707 5602 περὶ

419 5649 581 5695 aetate
609 5642 714 5696 sibi
745 5642 1060 5712 proximum
1084 5640 1298 5704 dilexit,
1332 5638 1449 5708 pari
1486 5637 1698 5692 honore
1724 5634 1982 5704 dignatus

2116 5633 2215 5704 τῆς
2237 5633 2416 5704 ἀρχῆς
2443 5629 2596 5701 αὐτῷ
2621 5627 3013 5699 διενεχθεῖσαν,
3038 5627 3293 5698 καθεῖρξε
3319 5642 3337 5662 ο
3370 5626 3464 5679 τὸν
3489 5625 3546 5680 δὲ
3585 5624 3703 5694 μετ’

423 5729 668 5783 Tandem
695 5741 921 5786 matrem
952 5731 1096 5786 fame
1128 5727 1369 5784 necavit.
1403 5727 1624 5799 Adjecit
1654 5734 1712 5781 et
1744 5725 1982 5794 Antigon

2117 5726 2281 5780 αὑτὸν
2307 5723 2619 5792 Ἀντίγονον
2648 5720 2866 5791 ὴγάπα,
2895 5718 2993 5773 καὶ
3024 5717 3135 5774 τῶν
3163 5716 3560 5790 ὁμοίωνέιγξίου.
3591 5717 3708 5787 Τὴν

423 5818 654 5886 caedem,
695 5824 984 5880 calumniis
1027 5821 1320 5894 impulsus.
1350 5822 1488 5878 Nam
1519 5836 1646 5877 cum
1686 5819 1794 5889 his,
1831 5833 1978 5891 aegro

2122 5819 2223 5890 μὲν
2253 5815 2347 5874 οὖν
2380 5817 2601 5890 μητέρα
2641 5813 2790 5887 λιμῷ
2824 5811 3126 5885 διέφθειρε.
3158 5811 3467 5884 Προσέθετο
3500 5810 3560 5866 δὲ
3610 5810 3701 5864 καὶ
