4074 6444
357 376 464 440 393

1625 372 2031 438 ANNALIUM
2076 372 2224 433 LIB.
2270 374 2344 434 V.

3503 381 3615 444 394

353 491 447 544 τὸν
492 487 722 559 ἀδελφὺν
771 488 865 543 τὸν
913 489 1243 559 Ἀντίγονον,
1289 486 1566 552 διαϐολαῖς
1611 484 1930 548 πιστεύσας.

2039 489 2189 537 tante
2233 483 2578 552 Aristobulo,
2610 484 2788 542 victor
2829 484 2899 540 ab
2932 487 3285 557 expeditione
3337 505 3613 557 reversus,

353 575 642 648 Λαμπρῶς
691 577 802 647 γάρ
842 577 1010 639 αὐτοῦ
1042 578 1151 632 ἀπὸ
1186 577 1480 649 στρατείας
1517 575 1934 640 ἐπανελθόντος,

355 667 530 722 ἐνόσει
555 670 584 722 ὁ
615 669 1056 741 Ἀριστόϐουλος.
1099 670 1533 743 Ἐορταζομένης
1564 669 1622 722 δὲ
1656 669 1755 738 τῆς
1797 669 1940 739 Σκη-

353 761 644 830 νοπηγίας,
677 759 847 831 ἀνέϐη
879 763 960 826 είς
989 763 1050 816 τὸ
1101 762 1246 833 ἱερὸν
1275 765 1304 816 ὁ
1333 761 1639 829 ’Δντίγονος
1669 758 1808 831 μετά
1829 759 1940 812 τῶν

355 851 489 921 περὶ
519 852 686 906 αὑτὸν
714 853 972 916 ὁπλιτῶν,
1007 851 1429 924 κεκοσμημένος
1458 851 1747 922 λαμπρῶς.
1785 850 1849 902 Oi
1883 848 1941 904 δὲ

356 941 546 998 τοῦτον
572 945 709 1014 πρὸς
730 946 823 999 τὸν
847 945 1078 1015 ἀδελφόν
1105 945 1510 1010 διαϐάλλοντες,
1541 943 1618 1014 μὴ
1640 942 1764 998 κατ’
1797 940 1941 996 ἰδιώο

356 1053 458 1106 την
497 1036 662 1090 αὐτὸν
708 1038 897 1106 ἔλεγον
927 1036 1104 1092 ἐλθεῖν
1132 1039 1212 1102 είς
1239 1037 1339 1110 τὴν
1369 1036 1585 1108 ἑορτὴν,
1615 1034 1756 1090 ἀλλά
1781 1032 1941 1099 βασι-

355 1127 482 1199 λικῇ
506 1130 849 1199 κεχρημένον
871 1130 1224 1201 λαμπρότητι
1242 1147 1256 1161 ο
1277 1131 1374 1184 καὶ
1397 1131 1480 1183 δτι
1506 1127 1646 1199 μετά
1667 1127 1940 1194 τοσαύτης

351 1219 684 1294 δορυφορίας
719 1223 1074 1292 στρατιωτῶν
1121 1221 1401 1287 ἀνελθὼν,
1457 1221 1774 1291 βουλεύεται
1818 1221 1938 1272 κατ’

353 1313 547 1368 αὑτοῦ.
585 1297 1003 1385 ’,τριστάσουλος
1024 1315 1104 1378 δὲ,
1146 1315 1240 1368 καὶ
1271 1315 1372 1384 τῆς
1398 1315 1604 1377 οἰκείας
1634 1313 1940 1383 ἀσφαλείας

355 1405 679 1474 φροντίζων,
718 1405 943 1460 καὶτοῦ
990 1406 1224 1475 ἀδελφοῦ
1268 1405 1538 1480 προνοῶν,
1587 1405 1644 1457 ἓν
1691 1421 1796 1457 τινι
1829 1403 1940 1455 τῶν

356 1495 628 1562 ὑπογείων
675 1497 911 1566 ἀφεγγεῖ
966 1497 1094 1559 τοὺς
1158 1494 1640 1565 σωματοφύλακας
1699 1494 1937 1555 ἵστησιν,

272 1579 276 1583 ’
355 1586 737 1657 ἐντειλάμενος
783 1586 992 1642 ἀόπλου
1053 1587 1154 1659 μὲν
1196 1588 1293 1642 τοῦ
1338 1587 1575 1656 ἀδελφοῦ
1632 1587 1936 1656 φείδεσθαι,

356 1679 590 1732 κτείνειν
619 1680 678 1734 δὲ
712 1681 877 1734 αὐτὸν
901 1680 1045 1751 μετὰ
1075 1680 1186 1734 τῶν
1209 1681 1394 1734 ὃπλων
1434 1679 1754 1751 ἐρχόμενον.
1791 1680 1940 1750 Πέμο

2042 572 2547 630 Tabernaculorum
2593 576 2735 632 festo
2767 576 3058 649 magnifice
3086 590 3317 636 ornatus
3345 597 3471 637 cum
3501 585 3618 639 suis

2039 666 2373 723 satellitibus
2398 669 2453 722 in
2488 670 2755 739 templum
2793 670 3136 727 ascendisset
3167 689 3180 725 :
3211 673 3265 727 id
3293 673 3498 730 factum
3529 695 3619 731 ea-

2040 760 2403 817 lumniatores
2449 762 2527 817 ita
2569 762 3102 833 interpretabantur,
3141 779 3269 819 eum
3311 766 3379 820 ad
3413 766 3615 822 festum

2041 867 2153 907 non
2205 868 2359 908 more
2402 852 2621 923 plebeio
2668 854 2904 918 venisse,
2967 854 3063 910 sed
3119 857 3273 927 regio
3323 857 3618 927 splendore

2043 959 2204 999 nsum
2235 959 2379 1010 esse,
2411 953 2467 1000 et
2489 945 2618 1016 quia
2645 961 2770 1001 eum
2798 954 2948 1002 tanta
2970 947 3210 1002 militum
3237 963 3400 1003 manu
3431 965 3621 1005 ascen-

2041 1035 2205 1100 derit,
2240 1037 2470 1092 consilia
2509 1049 2700 1094 contra
2739 1055 2921 1110 regem
2961 1040 3192 1110 agitare.
3237 1041 3616 1105 Aristobulus,

2041 1129 2136 1198 qui
2167 1136 2224 1182 et
2252 1143 2367 1184 suae
2396 1131 2680 1186 securitati
2711 1139 2769 1184 et
2812 1130 3002 1187 fratris
3053 1133 3364 1189 rationibus
3395 1138 3620 1190 consul-

2044 1229 2158 1273 tum
2205 1220 2394 1286 vellet,
2448 1222 2783 1277 satellitibus
2822 1223 2962 1287 suis,
3014 1223 3066 1277 in
3100 1225 3337 1294 quodam
3378 1226 3622 1283 obscuro

2041 1310 2412 1366 subterraneo
2466 1312 2587 1366 loco
2637 1313 2992 1379 constitutis,
3050 1316 3293 1380 mandat,
3347 1327 3407 1373 ut
3464 1318 3618 1374 fratri

2043 1402 2236 1457 inermi
2286 1411 2537 1472 parcant,
2596 1413 2870 1459 armatum
2915 1406 3187 1462 occidant.
3240 1409 3406 1463 Mittit
3461 1419 3520 1465 et
3551 1411 3620 1466 ad

2041 1493 2402 1563 Antigonum,
2445 1509 2684 1564 eumque
2729 1495 2998 1550 inermem
3052 1497 3241 1553 venire
3283 1499 3464 1569 jubet.
3512 1500 3621 1555 Sed

2042 1588 2162 1658 ejus
2191 1601 2352 1652 uxor,
2383 1596 2442 1642 et
2471 1587 2568 1657 qui
2603 1602 2730 1642 cum
2761 1601 2828 1642 ea
2859 1598 3052 1644 contra
3111 1589 3450 1662 Antigonum
3485 1608 3623 1648 cou-

2042 1681 2341 1750 spirarant,
2386 1681 2584 1736 nuntio
2609 1694 3012 1751 persuaserunt
3031 1693 3088 1740 ut
3108 1684 3341 1750 diceret,
3370 1686 3620 1755 fratrem,

355 1788 449 1824 πει
469 1771 526 1824 δὲ
553 1774 646 1825 καὶ
669 1773 808 1844 πρὸς
830 1774 924 1826 τὸν
942 1773 1273 1842 ’Δντίγονον,
1295 1773 1496 1828 ἄοπλον
1517 1772 1682 1826 αὐτὸν
1702 1771 1936 1827 κελεύων

2042 1773 2190 1844 quod
2222 1773 2464 1830 audierit
2510 1789 2640 1829 eum
2689 1789 2834 1830 nova
2879 1790 3031 1831 arma
3063 1792 3309 1847 parasse,
3345 1787 3531 1849 petere
3563 1791 3626 1836 ut

351 1862 535 1933 ἥκειν.
584 1863 650 1918 Ἥ
678 1838 738 1918 δέ
763 1865 858 1919 τοῦ
894 1838 1312 1939 Ἀριστοϐούλου
1365 1865 1503 1937 γυνὴ
1539 1865 1632 1920 καὶ
1670 1865 1722 1920 οί
1761 1864 1934 1938 ταύτῃ

2041 1838 2291 1920 armatus
2329 1880 2390 1921 se
2421 1865 2788 1936 spectandum
2824 1865 2928 1938 ipsi
2957 1838 3220 1938 prie-beat.
3260 1838 3450 1927 Atille
3486 1872 3622 1927 nihil

355 1956 797 2027 συμφρονοῦντες
845 1957 991 2011 κατὰ
1041 1957 1136 2011 τοῦ
1183 1958 1518 2026 Ἀντιγόνου,
1566 1957 1796 2011 ἔπεισαν
1842 1958 1937 2012 τὸν

354 2048 622 2103 σταλέντα
649 2048 833 2118 λέγειν
877 2050 958 2121 τῷ
985 2049 1302 2122 Ἀντιγόνῳ,
1328 2051 1402 2114 ὼς
1430 2051 1697 2114 Ἀκούσας
1723 2053 1750 2104 ό
1778 2049 1937 2105 ἀδελ-

357 2143 456 2211 φός
480 2158 598 2204 σου,
624 2143 706 2194 ὅτι
738 2141 878 2195 ὅπλα
907 2141 1075 2195 καινά
1114 2141 1553 2207 κατεσκεύασας,
1599 2143 1740 2208 ἀξιοῖ
1762 2141 1934 2194 ὠπλι-

355 2234 553 2304 σμένον
593 2233 769 2288 έλθεῖν
809 2251 893 2298 σε,
926 2235 992 2288 ἶν’
1023 2234 1123 2289 ίδοι
1169 2235 1330 2290 αύτά.
1363 2235 1423 2289 '0
1466 2235 1544 2302 δὲ,
1589 2236 1758 2307 μηδὲν
1801 2235 1937 2289 ύπορ

351 2323 616 2389 πτεύσας,
663 2325 1015 2397 ἐνδεδυμένος
1065 2327 1166 2400 τὴν
1205 2328 1537 2394 πανοπλίαν,
1583 2329 1773 2401 ἀπῄει.
1825 2330 1937 2382 Καὶ

349 2417 642 2487 γενόμενος
695 2419 838 2473 κατὰ
891 2420 987 2473 τὸν
1048 2420 1368 2493 Στράτωνος
1427 2421 1659 2494 πύργον,
1710 2423 1846 2476 ὅπου
1905 2423 1936 2474 ὁ

346 2511 513 2574 τόπος
538 2509 846 2580 ἀφώτιστος
869 2509 959 2585 ἦν,
990 2512 1263 2569 κτείνεται
1296 2513 1449 2587 παρά
1470 2514 1580 2568 τῶν
1607 2531 1936 2584 σωματοφυ-

347 2601 554 2657 λάκων.
585 2602 788 2667 Ἰούδας
813 2605 872 2658 δέ
898 2622 984 2670 τις
1015 2606 1270 2670 Ἐσσαῖος
1303 2607 1366 2660 τδ
1391 2607 1568 2676 γένος,
1605 2607 1778 2661 πολλά
1803 2624 1938 2677 προσ

346 2694 525 2761 λέγων
581 2696 677 2750 καὶ
732 2696 1057 2766 ἀληθεύων,
1121 2696 1247 2752 ίδὼν
1297 2699 1422 2751 τότε
1476 2699 1569 2751 τὸν
1629 2697 1936 2767 Ἀντίγονον

347 2787 620 2856 παριόντα
665 2786 726 2840 τὸ
761 2787 930 2858 ἱερὸν,
983 2788 1308 2860 ἀνεϐόησεν,
1355 2789 1655 2843 ἀποθανεῖν
1705 2789 1936 2861 ἐπευχό-

349 2893 535 2946 μενος,
563 2879 641 2940 ὼς
684 2876 1074 2950 διεψευσμένος
1103 2894 1117 2909 ⁶
1147 2881 1380 2952 προεῖπε
1405 2881 1514 2950 γὰρ
1538 2879 1701 2935 αὑτὸν
1731 2880 1934 2946 ζῶντος

341 2968 445 3022 τοῦ
479 2971 792 3039 Ἀντιγόνου
851 2972 976 3026 κατ’
1026 2972 1246 3044 ἐκείνην
1299 2972 1634 3045 θανούμενον
1666 2973 1768 3045 τὴν
1798 2974 1937 3045 ἠμέ-

343 3079 451 3134 ραν
481 3063 538 3116 ὲν
579 3063 658 3134 τῷ
708 3064 1024 3136 Στράτωνος
1069 3064 1268 3138 πύργῳ
1297 3082 1314 3098 ο
1343 3066 1436 3121 τὸν
1466 3066 1525 3121 δὲ
1551 3066 1802 3130 σταδίους
1827 3068 1934 3120 ἀπ-

2041 1961 2170 2016 mali
2212 1959 2524 2031 suspicans,
2561 1960 2875 2030 panopliam
2911 1959 3139 2016 indutus
3177 1961 3294 2016 abit
3323 1978 3340 2018 :
3372 1973 3429 2018 ct
3459 1964 3628 2036 219

2037 2070 2166 2110 cum
2213 2053 2282 2108 ad
2329 2052 2605 2110 Stratonis
2654 2053 2854 2109 turrim
2893 2054 3160 2119 venisset,
3216 2055 3310 2109 ubi
3354 2055 3627 2114 obscurus

2040 2148 2131 2204 ille
2151 2148 2307 2203 locus
2337 2157 2478 2214 erat,
2530 2161 2561 2201 a
2608 2146 2948 2202 satellitibus
2976 2146 3274 2203 occiditur.
3297 2149 3469 2205 ludas
3493 2167 3627 2206 vero

2038 2240 2261 2310 quidam
2298 2237 2533 2303 Essaeus,
2562 2237 2734 2293 multa
2758 2253 2891 2294 vere
2929 2238 3226 2309 praedicere
3249 2239 3469 2304 solitus,
3497 2257 3622 2296 cum

2039 2333 2376 2404 Antigonum
2412 2331 2680 2401 templum
2712 2329 2998 2401 praeterire
3029 2339 3145 2386 tum
3171 2331 3408 2400 videret,
3443 2335 3628 2391 excla-

2041 2425 2231 2491 mavit,
2262 2432 2496 2478 mortem
2529 2423 2635 2478 sibi
2663 2422 2768 2494 ipsi
2799 2422 3156 2494 imprecatus,
3183 2424 3332 2495 quod
3355 2425 3448 2481 ille
3479 2424 3626 2482 vive.

2039 2525 2164 2582 ret,
2207 2531 2372 2586 quem
2411 2530 2483 2571 eo
2521 2515 2612 2570 die
2659 2515 2714 2570 in
2767 2513 3048 2571 Stratonis
3100 2516 3240 2571 turri
3289 2516 3623 2573 moriturum

2036 2602 2175 2658 falso
2213 2603 2447 2658 dixisset
2478 2619 2492 2656 :
2526 2617 2649 2672 qua:
2676 2617 2802 2657 cum
2841 2605 3118 2660 sexcentis
3151 2605 3347 2660 stadiis
3375 2606 3620 2672 abesset,

2039 2712 2150 2752 non
2205 2711 2366 2766 posse
2414 2695 2788 2766 Antigonum,
2833 2694 2924 2750 die
2956 2695 3068 2766 jam
3127 2696 3457 2763 inclinante,
3491 2697 3625 2754 illuc

2039 2789 2351 2860 pervenire.
2385 2787 2517 2854 Quae
2546 2787 2678 2841 dum
2709 2786 2881 2843 Judas
2912 2787 3144 2852 diceret,
3187 2789 3477 2844 nuntiatur
3507 2789 3625 2844 An-

2039 2884 2262 2954 tigonus
2294 2881 2349 2937 in
2388 2881 2484 2936 illo
2512 2895 2704 2950 specu,
2739 2878 2835 2950 qui
2883 2888 2938 2934 et
2977 2879 3115 2948 ipse,
3156 2881 3625 2949 quemadmodum

2038 2975 2316 3032 maritima
2358 2974 2631 3038 Caesarea,
2659 2971 2938 3029 Stratonis
2970 2971 3145 3027 turris
3178 2972 3504 3040 vocabatur,
3539 2973 3626 3030 in-

2042 3067 2328 3125 terfectus.
2375 3067 2458 3122 Eo
2509 3065 2579 3120 ad
2616 3065 2768 3121 hunc
2819 3063 3045 3119 modum
3089 3064 3328 3131 sublato,
3377 3066 3626 3123 vindicta

338 3157 494 3225 ἐχειν
517 3153 858 3222 ἑξακοσίους,
895 3156 972 3222 ὡς
1004 3156 1268 3212 ἀδύνατον
1303 3151 1445 3211 εἶναι
1477 3157 1568 3212 τὸν
1625 3156 1935 3227 Ἀντίγονον

2039 3162 2227 3220 statim
2259 3160 2520 3217 fraternae
2551 3158 2718 3214 cazdis
2748 3172 2943 3228 pmnas
2973 3156 3156 3228 exegit
3181 3156 3250 3212 ab
3277 3155 3624 3216 Aristobulo.

339 3249 469 3301 ἐκεῖ
492 3249 846 3321 γενήσεσθαι,
879 3251 981 3322 ἥδη
1027 3251 1125 3322 τῆς
1153 3251 1366 3322 ἡμέρας
1401 3251 1711 3324 κλινούσης.
1741 3251 1931 3306 Ταῦτα

336 3342 598 3412 λέγοντος
629 3343 726 3398 τοῦ
759 3343 958 3410 Ἰούδα,
985 3343 1315 3413 ἀγγέλλεται
1343 3344 1595 3408 κτανθεὶς
1622 3343 1934 3414 Ἀντίγονος

335 3439 404 3491 ἐν
458 3436 539 3507 τῷ
588 3435 855 3508 ὑπογείῳ,
913 3436 943 3490 δ
973 3437 1068 3490 καὶ
1092 3436 1226 3491 αὐτὸ
1271 3437 1586 3508 Στράτωνος
1644 3437 1934 3508 ὠνόμαστο

334 3529 560 3601 πύργος
588 3529 901 3601 ὁμωνύμως
929 3533 999 3604 τῇ
1036 3529 1294 3603 παραλίῳ
1338 3530 1670 3602 Καισαρείᾳ.
1705 3530 1798 3600 Τῷ
1831 3529 1934 3602 μὲν

333 3622 442 3680 οὖν
469 3626 766 3696 Ἀντιγόνῳ
795 3625 1008 3681 τοιοῦτο
1032 3627 1226 3696 γέγονε
1255 3625 1409 3691 τέλος
1430 3642 1446 3658 ⁵
1476 3625 1571 3680 τδν
1593 3625 1651 3679 δὲ
1684 3625 1934 3696 Ἀριστό-

333 3717 542 3773 ϐουλον
595 3717 759 3781 εὐθὺς
814 3719 848 3790 ἠ
887 3718 1011 3790 δίκη
1062 3717 1301 3789 μετῆλθε
1333 3720 1434 3790 τῆς
1485 3717 1928 3788 ἀδελφοκτονίας,

332 3813 444 3868 καὶ
469 3811 884 3882 διαφθαρέντων
910 3812 1062 3883 αύτῷ
1093 3814 1203 3866 τῶν
1234 3812 1410 3877 ἐντὸς,
1462 3809 1605 3884 αἷμα
1643 3811 1934 3884 ἀνέφερεν,

328 3907 363 3961 ὅ
391 3921 486 3968 τις
508 3904 622 3960 τῶν
648 3905 846 3976 ἐκείνῳ
884 3904 1306 3976 ὑπηρετούντων
1338 3905 1677 3975 ὲκκομίζων,
1703 3905 1935 3961 ὤλισθεν

2037 3256 2174 3312 Nam
2205 3271 2330 3311 eum
2377 3269 2446 3310 ex
2481 3252 2760 3310 intestinis
2791 3251 3076 3323 corruptis
3117 3251 3440 3323 sanguinem
3481 3255 3627 3326 rejec

2045 3349 2240 3413 cisset,
2275 3361 2402 3403 cum
2434 3345 2690 3400 minister
2715 3343 2978 3408 efferens,
3011 3343 3065 3397 in
3092 3357 3160 3398 eo
3185 3342 3305 3398 loco
3339 3343 3437 3401 ubi
3467 3343 3628 3400 Anti-

2038 3455 2216 3513 gonus
2239 3455 2414 3495 caesus
2441 3447 2582 3502 erat,
2610 3451 2811 3492 cruore
2847 3435 3032 3492 adhuc
3076 3450 3398 3506 conspersa,
3435 3437 3626 3508 lapsus

2035 3532 2255 3595 effudit,
2291 3541 2353 3585 ut
2376 3543 2504 3585 eum
2533 3528 2628 3584 illo
2658 3526 3007 3583 misceretur.
3032 3526 3154 3595 Quo
3178 3528 3532 3583 Aristobulus
3555 3543 3626 3583 ex

2035 3642 2230 3683 eorum
2250 3625 2346 3696 qui
2381 3623 2435 3679 id
2467 3622 2723 3678 viderant
2751 3623 2994 3678 clamore
3020 3623 3265 3694 cognito,
3291 3623 3625 3693 lacrymans.

2035 3729 2236 3790 praeter
2272 3716 2378 3771 alia
2423 3713 2558 3770 illud
2604 3728 2829 3785 quoque
2870 3713 3093 3780 effatus,
3126 3715 3296 3786 impia
3341 3730 3439 3770 sua
3481 3714 3626 3771 facta

2039 3814 2233 3884 utique
2275 3811 2448 3866 Deum
2499 3808 2674 3863 latere
2728 3822 2839 3862 non
2891 3809 3161 3877 potuisse,
3215 3807 3472 3876 moritur,
3499 3823 3626 3863 cum

2041 3921 2212 3962 unum
2249 3909 2536 3974 regnasset
2563 3915 2796 3955 annum.

324 4000 422 4062 είς
465 3996 559 4050 τὸν
607 3996 796 4063 τόπον,
853 3993 917 4052 οὗ
965 3998 1001 4058 ό
1055 3995 1360 4064 Ἀντίγονος
1415 3995 1656 4068 ὲσφάγη,
1708 3995 1796 4072 ,έτι
1841 3997 1938 4051 τοῦ
1965 4016 1972 4024 '~
2009 3999 2242 4068 αἵματος
2288 3992 2503 4047 ἐκείνου
2547 3990 2741 4061 ἔχοντα
2791 3987 3037 4055 σπίλους,
3111 3991 3210 4044 καὶ
3275 3989 3514 4061 ἐξέχεεν,
3551 3993 3630 4053 ὡς

320 4091 721 4162 ἀναμεμίχθαι
749 4092 1085 4162 ἀμφοτέρων
1133 4092 1204 4145 τά
1254 4092 1488 4161 αἵματα.
1538 4092 1848 4163 Γενομένης
1912 4093 1971 4147 δέ
2014 4093 2143 4163 βοῆς
2165 4089 2320 4161 παρὰ
2350 4089 2462 4142 τῶν
2495 4086 2740 4149 ἰδόντων,
2774 4083 2966 4154 μαθὼν
2993 4085 3056 4139 τὺ
3093 4085 3311 4156 συμϐὰν
3379 4087 3630 4157 Ἀριστό-

320 4186 558 4248 ϐουλος,
591 4184 834 4255 οἰμώξας
886 4184 1138 4255 προήχθη
1178 4185 1259 4249 εἰς
1298 4186 1531 4258 δάκρυα,
1569 4187 1665 4240 καὶ
1726 4186 1844 4240 Οὐκ
1909 4187 2018 4256 ἄρα
2050 4185 2260 4256 λήσειν,
2293 4179 2473 4245 εἶπεν,
2523 4177 2750 4250 ἔμελλον
2774 4177 2868 4231 τὸν
2899 4177 3035 4233 Θεὸν
3059 4178 3149 4231 ἐπ’
3192 4179 3447 4233 ἀσεϐέσιν
3483 4179 3629 4236 οὕτω

317 4280 684 4351 τολμήμασι.
729 4278 842 4333 Καὶ
877 4279 1016 4333 ἄλλα
1043 4279 1101 4332 δὲ
1125 4278 1390 4345 ἐπειπὼν,
1429 4279 1792 4351 ἀποθνήσκει,
1837 4279 2166 4348 βασιλεύσας
2198 4276 2467 4331 ἐνιαυτόν.

403 4379 491 4430 Δν.
523 4373 763 4444 Σαλώμη
791 4374 849 4428 δὲ
877 4375 911 4445 ἠ
943 4374 1159 4430 ἐκείνου
1205 4373 1368 4445 γυνὴ,
1401 4373 1437 4444 ἥ
1485 4377 1582 4428 καὶ
1607 4374 1936 4450 Ἀλεξάνδρα

2106 4372 2197 4427 ιν.
2261 4369 2479 4426 Salome
2543 4377 2730 4426 autem
2752 4409 2768 4435 ,
2804 4383 2926 4440 qua:
2958 4373 3016 4422 et
3049 4367 3361 4425 Alexandra
3388 4371 3627 4427 vocaba-

317 4468 632 4539 ἑκέκλητο,
659 4465 870 4521 λύσασα
890 4467 1019 4531 τοὺς
1052 4467 1318 4536 ἀδελφοὺς
1348 4467 1446 4521 τοῦ
1471 4467 1664 4540 ἀνδρὸς
1695 4468 1936 4540 (δεδεμέ-

2039 4467 2224 4529 batur,
2248 4463 2449 4519 fratres
2479 4464 2665 4518 mariti
2714 4461 2955 4518 vinculis
3001 4460 3187 4526 solvit,
3225 4469 3284 4515 et
3329 4461 3624 4530 Janneam,

317 4578 467 4624 νους
523 4559 635 4629 γὰρ
696 4555 843 4629 εἶχεν
900 4559 1103 4622 αὐτοὺς
1185 4559 1624 4631 Ἀριστόϐουλος)
1713 4561 1936 4630 βασιλέα

2044 4557 2140 4628 qui
2199 4565 2254 4612 et
2301 4554 2632 4619 Alexander,
2681 4555 3030 4625 grandiorem
3091 4562 3149 4610 et
3193 4554 3626 4610 moderatiorem

318 4653 673 4721 καθίστησιν
695 4649 959 4718 Ἰαννέαν,
979 4651 1073 4704 τὸν
1098 4650 1194 4703 καὶ
1215 4650 1596 4722 Ἀλέξανδρον,
1619 4651 1932 4723 προύχοντα

2039 4648 2283 4714 cancris,
2326 4662 2511 4718 regem
2558 4647 2848 4702 constituit
2893 4665 2907 4702 :
2953 4647 3048 4718 qui
3088 4663 3264 4718 regno
3321 4657 3624 4719 suscepto,

316 4743 746 4815 καθ’·ηλικίαν,
785 4743 884 4798 καὶ
921 4740 1318 4814 μετριώτατον.
1372 4745 1472 4807 Ὃς
1516 4743 1616 4816 τὴν
1652 4744 1935 4814 βασιλείαν

2039 4745 2271 4796 alterum
2290 4755 2359 4795 ex
2388 4737 2655 4794 fratribus
2672 4739 2840 4794 rebus
2867 4739 3030 4793 novis
3054 4738 3371 4795 studentem
3399 4740 3626 4808 occidit,

317 4835 710 4909 παραλαϐὼν,
740 4835 945 4889 κτείνει
981 4835 1081 4906 μὲν
1115 4833 1510 4904 νεωτερίζοντα
1549 4835 1644 4889 τὸν
1685 4835 1784 4889 ἕνα
1825 4837 1936 4891 τῶν

2039 4835 2320 4899 alterum,
2386 4833 2563 4903 quieti
2634 4830 2841 4902 ingenii
2912 4831 3230 4897 hominem,
3305 4834 3623 4891 honoravit.

2036 4925 2204 4981 Bellis
2252 4932 2446 4980 contra
2500 4924 2771 4994 quosdam
2825 4923 3019 4994 gestis,
3070 4924 3211 4980 alias
3251 4925 3454 4992 victor,
3486 4926 3626 4982 alias

2038 5017 2217 5074 victus
2249 5053 2265 5080 ,
2328 5015 2552 5071 tandem
2609 5014 2684 5070 ob
2747 5025 2953 5069 motam
3033 5013 3414 5080 seditionem,
3481 5030 3622 5070 con-

2040 5119 2123 5164 tra
2187 5109 2480 5179 populares
2544 5122 2768 5178 quoque
2826 5122 2982 5163 arma
3049 5108 3218 5177 cepit.
3283 5107 3423 5162 Nam
3492 5123 3620 5164 cum

2041 5199 2095 5253 in
2128 5200 2268 5254 festo
2311 5198 2700 5254 immolaturus
2721 5212 2872 5252 aram
2910 5198 3344 5261 conscendisset,
3384 5199 3623 5268 populus

2038 5307 2166 5347 eum
2207 5290 2410 5362 thyrsis
2439 5289 2734 5345 cedrorum
2767 5289 2930 5360 petiit
2969 5288 3163 5359 (moris
3198 5288 3349 5343 enim
3391 5297 3532 5352 erat,
3561 5299 3624 5344 ut

2042 5383 2095 5438 in
2129 5381 2271 5438 festo
2301 5380 2813 5438 Tabernaeulorum
2843 5381 3063 5451 thyrsos
3097 5379 3407 5449 palmarum
3441 5387 3498 5435 et
3522 5397 3620 5436 ce-

2040 5475 2268 5530 drorum
2315 5475 2370 5529 in
2418 5473 2674 5529 manibus
2712 5471 3016 5544 gestarent)
3043 5479 3103 5527 et
3148 5471 3409 5526 eonvitiis
3436 5471 3622 5530 inces-

2040 5568 2114 5622 sit
2160 5583 2175 5622 :
2229 5565 2434 5636 quibus
2482 5573 2832 5629 commotus,
2880 5563 3109 5619 circiter
3159 5577 3215 5617 vr
3265 5562 3438 5619 millia
3473 5566 3622 5620 occi-

2039 5659 2142 5714 dit.
2176 5657 2385 5713 Deinde
2408 5657 2598 5729 praelio
2619 5657 2800 5712 vietus
2827 5655 2896 5710 ab
2916 5653 3214 5721 Arabibus,
3245 5654 3622 5730 Hierosolyma

314 4929 599 5001 ἀδελφῶν
626 4945 642 4960 ⁸
669 4928 762 4982 τὸν
787 4929 834 4982 δ’
870 4927 1060 4998 ἕτερον
1105 4926 1489 4998 ἀπραγμόνως
1519 4928 1702 4993 ζῶντα
1747 4927 1932 4998 ἐτίμα.

314 5023 484 5081 Πολέ
489 5037 627 5092 μους
641 5020 700 5074 δέ
717 5037 872 5084 τινας
887 5020 1262 5090 ποιησάμενος
1277 5021 1414 5090 πρός
1432 5036 1608 5084 τινας,
1626 5019 1722 5072 καὶ
1739 5019 1818 5091 πῆ
1837 5021 1938 5089 μὲν

315 5119 656 5189 κρατήσας,
699 5109 816 5164 ἔστι
839 5109 886 5162 δ’
916 5109 1053 5163 ὅπου
1079 5111 1173 5163 καὶ
1193 5108 1470 5189 ἡττηθεὶς,
1496 5107 1650 5171 τέλος
1675 5107 1770 5162 καὶ
1799 5107 1938 5179 πρὸς

311 5183 466 5271 cei);
489 5201 800 5275 ὁμοφύλους
820 5197 956 5273 ἦρεν
978 5199 1144 5267 ὅπλα,
1174 5183 1302 5254 κατδ
1325 5198 1493 5254 αὑτοῦ
1513 5197 1933 5261 στασιάσαντας.

326 5297 588 5371 Ἐορτῆς
609 5295 719 5366 γὰρ
749 5293 940 5364 οὔσης,
973 5291 1179 5347 καύτοῦ
1210 5292 1305 5345 ἐπὶ
1341 5291 1438 5346 τοῦ
1473 5288 1661 5361 βωμοῦ
1685 5288 1938 5344 ἀνελθόν·

312 5411 420 5458 τος
472 5390 556 5453 ὡς
606 5387 886 5453 θύσοντας,
917 5386 1148 5460 κιτρίοις
1167 5386 1332 5442 αὐτὸν
1355 5387 1416 5439 τὺ
1456 5385 1661 5455 πλῆθος
1710 5382 1938 5438 ἔϐαλλον

315 5487 530 5559 (ἔθους
555 5481 711 5545 ὄντος
737 5483 795 5534 ὲν
819 5481 887 5551 τῇ
916 5478 1272 5551 Σκηνοπηγία
1291 5478 1526 5549 θύρσους
1557 5474 1817 5546 φοινίκων
1841 5475 1940 5528 καὶ

315 5572 577 5648 κιτρίων
623 5575 684 5626 ὲν
740 5574 926 5645 χεροῖν
971 5569 1165 5641 ἔχειν),
1195 5570 1292 5624 καὶ
1326 5569 1516 5640 ὕϐρεις
1543 5566 1711 5621 αὐτοῦ
1769 5565 1938 5621 κατέ-

313 5689 492 5748 χεον.
539 5660 642 5721 Οἷα
665 5661 1034 5735 παροξυνθεὶς
1067 5663 1096 5714 ὁ
1124 5661 1504 5732 Ἀλέξανδρος,
1554 5660 1761 5714 κτείνει
1807 5656 1938 5729 περὶ

315 5747 757 5834 ἑξακισχιλίους
809 5753 1013 5809 αὐτῶν.
1050 5748 1184 5807 Εἶτα
1246 5752 1494 5823 συνάψας
1559 5753 1740 5824 μάχην
1800 5755 1936 5824 πρδς

2041 5749 2267 5821 refugit.
2326 5749 2406 5805 Ad
2454 5764 2580 5805 eam
2626 5747 2843 5804 cladem
2884 5747 3120 5804 accessit
3165 5749 3355 5819 populi
3395 5750 3621 5817 seditio,

319 5851 625 5932 .A9a6ac,
674 5850 770 5902 καὶ
822 5846 1122 5918 ἡττηθεὶς,
1171 5843 1391 5915 φεύγων
1442 5847 1523 5908 είς
1585 5845 1936 5919 Ἱεροσόλυμα

2043 5856 2170 5898 cum
2214 5856 2326 5903 ouo
2359 5855 2460 5912 per
2502 5855 2688 5898 annos
2725 5856 2779 5898 vt
2820 5838 3164 5908 dimicando,
3198 5855 3299 5911 per
3327 5839 3622 5913 stipendia-

672 5945 944 6006 PATROL.
993 5941 1110 6003 Gn.
1160 5939 1480 6002 CXXXIV.
3237 5933 3309 5996 13
