4074 6400
412 368 519 432 395

1699 363 2018 424 JOANNIS
2055 363 2380 424 ZONAR/E

3583 363 3694 428 396

417 485 531 538 rios
580 482 783 538 Cilices
833 487 889 534 et
932 479 1164 542 Pisidas,
1209 493 1320 532 non
1349 477 1638 548 pauciores
1684 493 1712 530 ι.
1751 477 1989 532 millibus

2101 479 2488 548 παραγίνεται,
2525 480 2621 535 καὶ
2654 479 2789 552 πρὸς
2842 480 2942 552 τὴν
2994 478 3386 550 κακοπραγίαν
3412 477 3563 550 αύτῷ
3595 477 3693 533 τοῦ

408 574 627 631 occidit.
671 573 786 638 Qua
820 572 887 627 de
929 584 1094 625 causa
1145 568 1428 623 hominum
1460 567 1516 620 in
1563 581 1691 621 eum
1736 565 1863 620 odia
1894 581 1992 619 au-

411 667 680 734 gebantur
712 703 725 728 ,
779 663 916 717 adeo
954 670 1014 716 ut
1064 675 1190 715 cum
1246 661 1636 728 interrogaret,
1688 657 1819 728 quid
1875 656 1984 711 sibi

406 757 678 828 agendum
711 765 854 810 esset
883 756 947 809 ad
974 751 1274 808 abolendas
1313 751 1657 811 inimicitias,
1691 747 1992 804 multitudo

411 849 814 918 responderet,
885 845 937 900 ei
1005 843 1354 898 moriendum
1423 856 1566 896 esse.
1627 841 1792 910 220
1864 842 1993 895 Post

411 944 526 996 hzec
575 940 748 996 Judaei
818 938 1090 1007 plurimi,
1146 945 1404 1005 suscepto
1471 949 1597 989 cum
1677 931 1991 987 Alexandro

411 1035 554 1088 bello
584 1076 597 1092 .
657 1033 938 1102 perierunt
968 1070 984 1094 ,
1024 1037 1082 1084 et
1125 1044 1251 1083 eum
1297 1031 1491 1082 urbem
1542 1025 1836 1095 quamdam
1890 1039 1990 1079 ex-

407 1133 743 1194 pugnasset,
806 1123 860 1176 in
918 1135 1084 1191 quam
1146 1119 1517 1190 potentissimi
1587 1117 1988 1187 confugerant,

407 1233 503 1271 eos
573 1217 950 1286 Hierosolyma
1027 1212 1288 1283 perduxit
1339 1227 1354 1263 :
1420 1219 1478 1265 et
1527 1210 1748 1264 eminus
1799 1207 1992 1263 cenvi-

316 1291 322 1295 l
409 1312 557 1364 vium
607 1323 731 1361 cum
785 1306 1115 1360 mulieribus
1182 1303 1512 1367 celebrans,
1560 1318 1657 1372 per
1716 1315 1990 1356 summam

409 1401 798 1457 crudelitatem
846 1414 977 1454 nccc
1003 1399 1060 1452 in
1094 1411 1293 1452 cruces
1321 1395 1578 1458 sublatis,
1610 1394 1814 1450 liberos
1850 1408 1990 1448 uxo-

407 1508 605 1564 resque
632 1508 827 1548 eorum
874 1490 930 1546 in
972 1497 1276 1559 conspectu
1318 1489 1540 1543 illorqu
1575 1487 1762 1541 adhuc
1794 1487 1994 1540 viven-

411 1585 549 1638 tium
579 1592 799 1638 mactat.
860 1581 976 1635 Hoc
1018 1579 1246 1633 immani
1282 1579 1528 1634 facinore
1565 1578 1620 1632 id
1659 1585 1995 1632 consecutus

407 1687 516 1741 est,
537 1684 595 1730 ut
619 1674 1064 1731 adversariorum
1087 1672 1153 1725 ad
1177 1687 1269 1726 vni
1294 1673 1464 1726 millia
1485 1671 1796 1726 exsulatum
1822 1669 1990 1735 irent,

411 1776 472 1823 ut
512 1768 630 1838 ipse
660 1765 922 1836 deinceps
962 1765 1080 1818 otio
1110 1764 1390 1818 frueretur
1430 1780 1444 1818 :
1487 1763 1665 1818 donec
1685 1761 1994 1816 Antiochus

2106 571 2294 634 ἔθνους
2329 571 2676 640 ἐπιθεμένου,
2710 573 2888 625 ἐτεσιν
2924 570 2983 636 ἒξ
3016 573 3327 641 μαχόμενος
3388 570 3525 639 πρὸς
3557 570 3694 624 αὐτὸ

2097 662 2322 733 (ἔτρεφε
2379 664 2488 734 γὰρ
2537 662 2763 726 Πισίδας
2811 662 2908 716 καὶ
2965 661 3252 730 Κίλικας),
3283 661 3386 714 ούκ
3433 660 3692 723 ἐλάττους

2095 758 2314 828 ἀναιρεῖ
2347 758 2628 829 μυριάδων
2660 757 2852 811 πέντε.
2881 757 2958 810 Δι’
2981 756 3018 810 ἃ
3045 755 3127 808 ἔτι
3159 755 3362 826 μᾶλλον
3388 755 3685 824 ueniente,

2096 848 2239 901 ὥστε
2276 849 2415 918 πρὸς
2462 850 2646 914 αύτδν,
2704 849 2757 902 τί
2807 851 2894 903 δεῖ
2935 847 3212 916 γενέσθαι,
3255 845 3687 915 πυνθανόμενον,

2094 937 2236 992 ὥστε
2282 938 2598 992 παύσασθαι
2626 939 2722 1010 τὴν
2745 939 3094 1010 δυσμένειαν,
3123 939 3186 992 τὸ
3235 937 3440 1009 πλῆθος
3481 938 3691 992 ἀποθα-

2094 1031 2210 1084 νεῖν
2247 1031 2413 1084 αύτὸν
2455 1031 2740 1102 ὲξεόὁησε.
2775 1032 2888 1086 Καὶ
2925 1033 3066 1100 μετὰ
3091 1031 3270 1085 ταῦτα
3319 1031 3379 1084 δὲ
3436 1031 3687 1084 Ἰουδαῖοι

2094 1122 2176 1192 τῷ
2205 1123 2549 1195 Ἀλεξάνδρῳ
2581 1125 2874 1194 ἐμάχοντο,
2913 1124 3008 1178 καὶ
3055 1124 3297 1177 πλεῖστοι
3341 1124 3684 1177 ἀπώλλυντο.

2097 1215 2482 1279 Κατακλείσας
2512 1215 2570 1268 δὲ
2620 1216 2748 1279 τοὺς
2801 1215 3214 1279 δυνατωτάτους
3266 1215 3450 1268 αὐτῶν
3484 1216 3542 1268 ἔν
3579 1232 3688 1268 τινι

2097 1306 2277 1369 πόλει,
2310 1306 2621 1376 ἐπολιόρκει
2649 1323 2664 1338 ο
2701 1307 2798 1360 καὶ
2837 1307 3123 1376 κρατήσας
3161 1304 3366 1371 αὐτῶν,
3392 1307 3688 1376 ἀπήγαγεν

2096 1399 2178 1460 εἰς
2220 1397 2595 1469 Ἱεροσόλυμα.
2640 1400 2750 1453 Καὶ
2793 1401 2854 1452 ὲν
2887 1399 3120 1469 ἀπόπτῳ
3153 1398 3294 1470 μετὰ
3333 1399 3446 1451 τῶν
3487 1415 3684 1467 γυναι-

2095 1490 2208 1542 κῶν
2241 1489 2602 1560 ἑστιώμενος,
2631 1490 2917 1561 ὠμότατον
2969 1491 3131 1562 ἔργον
3183 1491 3511 1560 πεποίηκεν,
3551 1493 3687 1544 ἀνα-

2098 1581 2425 1650 σταυρώσας
2481 1583 2660 1635 αὐτῶν
2710 1582 3094 1647 ὀκτακοσίους,
3151 1583 3248 1636 καὶ
3304 1583 3434 1646 τοὺς
3489 1585 3688 1646 παῖδας

2094 1673 2276 1726 αὐτῶν
2305 1674 2399 1726 καὶ
2423 1674 2521 1737 τὰς
2541 1676 2806 1742 γυναῖκας
2830 1675 2918 1727 ἐπ’
2943 1675 3102 1744 ὂψεσι
3161 1674 3311 1745 σφῶν
3356 1675 3436 1729 ἔτι
3466 1674 3688 1740 ζώντων

2098 1763 2441 1832 ὰπέστραττε.
2491 1766 2665 1820 Τοῦτο
2722 1769 2782 1820 τὸ
2843 1767 3051 1838 ἀπηνὲς
3100 1766 3263 1837 ἔργον
3313 1767 3500 1820 ἔπεισε
3557 1769 3686 1832 τοὺς

405 1867 773 1929 cognomento
812 1855 1107 1926 Dionysius
1151 1846 1504 1924 expeditione
1544 1863 1737 1908 contra
1767 1853 1989 1908 Judaeos

2095 1855 2528 1918 ἀντιστασιώτας
2592 1855 2763 1910 αὑτοῦ
2823 1857 2955 1927 περὶ
3029 1854 3472 1925 ὀκτακισχιλίους
3522 1856 3685 1918 ὄντας

407 1959 683 2020 suscepta,
722 1959 778 2003 et
801 1948 951 2018 gravi
985 1946 1174 2017 praelia
1199 1946 1516 2010 commisso,
1546 1959 1675 1998 cum
1716 1944 1993 1999 laboranti

407 2057 579 2098 cornu
616 2040 895 2105 subvenit,
921 2039 1100 2093 victor
1121 2037 1270 2092 cadit
1295 2057 1307 2093 :
1334 2054 1445 2106 quo
1470 2046 1690 2091 mortuo
1722 2039 1778 2091 in
1806 2036 1992 2107 fugam

410 2149 603 2189 versus
627 2131 907 2187 exercitus
931 2131 1073 2200 ejus,
1099 2129 1244 2184 fame
1277 2130 1463 2199 periit.
1495 2129 1626 2183 Post
1656 2129 1990 2184 Antiochum

408 2227 605 2281 Aretas
658 2222 970 2294 leesyrize
998 2237 1116 2287 rex,
1165 2221 1476 2276 Alexandro
1525 2221 1643 2276 acie
1685 2222 1850 2286 victo,
1897 2237 1995 2291 per

409 2317 756 2374 conditiones
807 2314 1041 2370 recedit.
1103 2315 1234 2369 Post
1282 2314 1400 2368 haec
1443 2313 1758 2369 Alexander
1810 2314 1997 2367 multis

411 2410 644 2465 urbibus
687 2408 1075 2471 ldumzeorum,
1115 2405 1375 2471 Cilicum,
1423 2405 1747 2460 Plitenicum
1789 2415 1848 2458 et
1891 2404 1994 2474 Sy-

410 2517 598 2556 reruin
633 2499 872 2553 triennio
900 2497 1251 2568 expugnatis,
1299 2497 1676 2567 Hierosolyma
1710 2510 1990 2558 reversus,

407 2611 434 2647 a
467 2592 670 2648 iudicis
699 2591 770 2645 ob
818 2605 908 2644 res
954 2590 1095 2644 bene
1140 2598 1322 2656 gestas
1368 2589 1630 2642 alacriter
1675 2597 1761 2641 est
1792 2602 1992 2641 susce-

408 2693 554 2755 ptus.
590 2683 795 2736 Deinde
819 2681 1014 2735 morbo
1043 2696 1110 2735 ex
1143 2682 1414 2736 ebrietate
1447 2687 1756 2743 contracto,
1791 2687 1847 2732 et
1894 2677 1995 2732 tri-

408 2778 514 2831 bus
540 2775 702 2829 annis
732 2789 857 2828 cum
894 2773 1032 2827 febri
1062 2785 1332 2842 quartana
1362 2771 1728 2835 conflictatus,
1769 2771 1995 2840 expedi-

411 2867 658 2922 tionibus
707 2881 816 2919 non
873 2864 1166 2918 abstinuit.
1233 2863 1410 2930 Quem
1463 2879 1589 2918 eum
1645 2864 1834 2932 regina
1876 2863 1991 2932 jam

411 2960 759 3030 deploratum
795 2955 1011 3023 videns,
1044 2971 1200 3010 suam
1233 2963 1290 3010 et
1320 2956 1621 3010 liberorum
1651 2964 1860 3010 sortem
1891 2956 1994 3009 nii-

409 3063 729 3108 seraretur:
765 3064 885 3104 eam
923 3048 1013 3102 ille
1060 3048 1296 3111 monuit,
1335 3055 1406 3101 ut
1452 3056 1686 3102 mortem
1730 3062 1887 3102 suam
1921 3047 1989 3100 ad

409 3143 616 3200 milites
640 3141 870 3203 celaret,
916 3148 978 3193 ut
1022 3139 1330 3203 castellum,
1355 3138 1500 3207 quod
1537 3138 1854 3203 obsidebat,
1891 3155 1988 3194 ex-
2019 3173 2062 3232 ο

408 3249 722 3308 pugnarent
765 3250 779 3286 :
832 3230 1034 3286 deinde
1070 3231 1266 3286 victrix
1303 3229 1681 3302 Hierosolyma
1716 3245 1989 3300 regressa,

406 3325 696 3398 potestatis
743 3321 950 3392 aliquid
995 3321 1285 3376 Pharisaeis
1343 3321 1741 3389 impertiretur,
1795 3320 1888 3390 qui
1935 3323 1986 3375 ei

410 3417 597 3490 populi
631 3416 811 3471 studia
859 3413 1218 3468 reconciliare
1273 3421 1520 3483 possent,
1571 3414 1643 3467 ob
1686 3429 1828 3482 quos
1871 3414 1986 3483 ipse

410 3508 811 3566 contumeliose
864 3515 1129 3560 tractatos
1175 3505 1356 3576 gentis
1411 3505 1538 3559 odia
1591 3506 1921 3561 incurrisset
1966 3520 1983 3558 :

413 3603 493 3657 Tu
521 3603 702 3672 igitur,
732 3599 930 3667 inquit,
964 3599 1227 3651 accersitis
1272 3613 1454 3650 eorum
1493 3597 1816 3666 principibus
1859 3613 1984 3668 per-

410 3683 624 3757 mittite,
650 3699 707 3744 ut
737 3693 800 3744 de
827 3705 940 3742 meo
965 3687 1220 3741 cadavere
1243 3726 1258 3749 ,
1288 3689 1378 3757 qui
1406 3687 1586 3741 multis
1618 3689 1737 3742 illos
1770 3689 1985 3758 injuriis

410 3784 702 3848 onerorim,
731 3797 826 3836 auo
855 3781 1121 3834 arbitratu
1170 3788 1431 3843 statuant,
1466 3788 1615 3846 teque
1645 3780 1775 3835 nihil
1798 3791 1990 3851 prwter

409 3892 592 3931 eorum
621 3874 945 3928 voluntatem
973 3880 1215 3924 acturam
1249 3869 1543 3940 pollicetor.
1597 3869 1728 3936 Qui:
1760 3875 1806 3926 si
1837 3874 1984 3926 dixe-

406 3971 503 4034 ris,
533 3977 580 4020 et
604 3982 696 4036 ego
712 3961 994 4030 honoriﬁce
1020 3960 1269 4032 sepeliar,
1303 3970 1351 4017 et
1387 3972 1443 4015 tu
1462 3978 1649 4016 secura
1675 3963 1984 4034 imperabis.

410 4060 513 4115 Ubi
551 4058 667 4112 hmo
700 4068 943 4112 .uxorem
991 4052 1318 4116 monuisset,
1367 4053 1588 4107 decedit
1646 4067 1792 4107 anno
1830 4054 1989 4123 regni

407 4164 578 4214 xxvii,
619 4145 799 4202 aetatis
841 4158 988 4198 xux.
1025 4141 1335 4202 Alexandra
1369 4157 1498 4198 vero
1527 4142 1595 4198 de
1633 4143 1818 4197 mariti
1850 4159 1986 4198 con-

411 4242 538 4296 sitio
569 4237 755 4292 omnia
777 4243 1059 4300 exsecuta,
1085 4241 1199 4286 tum
1229 4233 1629 4288 Pharisaeorum
1657 4235 1987 4290 benevolen-

407 4336 537 4389 tiam
570 4331 674 4385 sibi
705 4327 976 4399 adjunxit,
1003 4336 1118 4380 tum
1164 4341 1395 4397 regnum
1427 4327 1818 4395 constabilivit,
1863 4337 1977 4382 tum

407 4425 588 4480 mariti
621 4424 785 4476 funus
806 4419 1142 4474 luculentius
1175 4433 1340 4489 quam
1372 4433 1472 4489 pro
1506 4435 1694 4490 regqu
1726 4422 1980 4492 superio-

409 4532 527 4570 rum
553 4512 953 4570 consuetudine
983 4511 1190 4565 effecit.

2099 1949 2318 2016 φυγεῖν.
2356 1947 2468 2002 Kal.
2497 1949 2525 2001 ὁ
2552 1948 2907 2019 Ἀλέξανδρος
2947 1947 3134 2001 ἔκτοτε
3165 1948 3404 2018 ἠρεμίας
3436 1947 3685 2018 ἀπήλαυ-

2101 2056 2216 2092 σεν.
2272 2039 2508 2093 Ἔπειτα
2543 2039 2835 2110 ’Δντίοχος,
2873 2041 2902 2093 ὁ
2935 2039 3154 2110 κληθεὶς
3199 2040 3501 2105 Διονύσιος,
3545 2040 3685 2093 κατὰ

2097 2132 2198 2201 τῆς
2226 2130 2492 2194 Ἰουδαίας
2541 2131 2860 2201 ἐστράτευε.
2910 2132 3022 2185 Kal.
3069 2131 3248 2202 μάχης
3288 2133 3567 2202 καρτερᾶς
3593 2148 3684 2200 γε·

2097 2223 2336 2292 νομένης
2393 2223 2532 2293 πρὸς
2573 2223 2886 2288 Ἰουδαίους,
2925 2221 3196 2276 ἀπέθανεν
3247 2223 3306 2275 ὲν
3343 2222 3421 2292 τῷ
3463 2223 3688 2292 πολέμῳ

2108 2314 2383 2384 Ἀντίοχος
2425 2314 2613 2380 νικῶν,
2665 2316 2761 2368 καὶ
2793 2315 2868 2386 τῷ
2904 2314 3156 2368 πονοῦντι
3209 2314 3368 2385 μέρει
3408 2331 3680 2386 συνεπαρ-

2097 2411 2268 2478 ήγων.
2307 2407 2576 2468 Θανόντος
2607 2405 2653 2459 δ’
2683 2409 2925 2472 ἐκείνου,
2967 2409 3028 2460 τὸ
3082 2408 3404 2478 στράτευμα
3467 2406 3683 2476 φεύγει,

2096 2499 2197 2552 καὶ
2239 2497 2387 2567 λιμῷ
2415 2498 2817 2569 διαφθείρεται.
2853 2498 3144 2551 Βασιλεύει
3177 2498 3234 2550 δὲ
3273 2499 3391 2568 μετ’
3411 2497 3685 2567 Ἀντίοχον

2096 2590 2197 2660 τῆς
2249 2589 2457 2658 Κοίλης
2498 2591 2701 2660 Συρίας
2755 2590 3006 2660 Ἀρέτας,
3059 2591 3155 2643 καὶ
3199 2590 3544 2658 στρατεύσας
3592 2593 3681 2644 ἐπὶ

2096 2682 2198 2752 τὴν
2237 2681 2528 2746 Ἰουδαίαν,
2571 2683 2664 2736 καὶ
2713 2685 2862 2753 μάχῃ
2897 2684 3129 2750 νικήσας
3179 2681 3553 2753 Ἀλέξανδρον,
3591 2685 3684 2736 ἐπὶ

2097 2775 2401 2842 συνθήκαις
2463 2773 2914 2844 ἀνακεχώρηκεν.
2987 2775 3046 2824 '0
3101 2773 3284 2842 μέντοι
3331 2773 3681 2842 Ἀλέξανδρος

2098 2866 2240 2936 μετὰ
2292 2867 2464 2919 ταῦτα
2503 2867 2688 2930 πόλεις
2748 2866 2886 2919 έλὼν
2957 2865 3157 2927 πολλὰς
3215 2865 3536 2934 Ἰδουμαίων
3587 2865 3680 2918 καὶ

2095 2957 2361 3024 Κιλίκων,
2390 2960 2486 3012 καὶ
2513 2960 2802 3024 Φοινίκων,
2833 2960 2928 3011 καὶ
2965 2957 3173 3029 Σύρων,
3219 2958 3313 3008 καὶ
3348 2955 3530 3026 τρίτον
3561 2955 3680 3018 ἔτος

2093 3052 2153 3104 ιν
2207 3053 2274 3121 τῇ
2333 3053 2596 3120 στρατεία
2649 3051 2959 3120 διηνυκὼς,
3023 3049 3320 3119 ἐπανῆλθε,
3380 3048 3679 3119 προθύμως

2096 3143 2260 3196 αὐτὸν
2285 3141 2376 3196 διὰ
2415 3143 2514 3212 τὴν
2545 3142 2856 3213 εὐπραγίαν
2903 3142 3209 3212 δεχομένων
3248 3141 3356 3194 τῶν
3388 3140 3680 3194 Ἰουδαίων.

2101 3233 2238 3291 Εῐτα
2263 3237 2326 3289 ὲκ
2362 3236 2532 3307 μέθης
2562 3237 2822 3305 νοσήσας,
2861 3237 2954 3288 καὶ
2981 3235 3164 3305 τρισὶν
3199 3233 3348 3286 ἔτεσι
3376 3232 3679 3304 τεταρταίῳ

2101 3328 2322 3398 πυρετῷ
2350 3321 2893 3398 προσπαλαίων,τῶν
2918 3325 3218 3397 στρατειῶν
3252 3324 3354 3378 οὐκ
3386 3325 3678 3394 ἀπέσχετο.

2109 3417 2330 3490 Ὀρῶσα
2371 3418 2428 3473 δὲ
2464 3419 2626 3474 αὑτὸν
2671 3421 2704 3489 ἡ
2748 3416 3036 3488 βασίλισσα
3081 3417 3183 3486 ήδη
3229 3419 3678 3485 ἀπεγνωσμένον,

2099 3511 2304 3580 ἑαυτήν
2334 3527 2393 3563 τε
2433 3512 2530 3564 καὶ
2558 3510 2682 3573 τοὺς
2719 3509 2918 3573 παῖδας
2963 3509 3229 3580 ὠδύρετο.
3271 3506 3332 3562 'U
3361 3507 3420 3560 δὲ
3474 3507 3674 3578 κρύψαι

2097 3603 2189 3656 τὸν
2223 3603 2454 3657 θάνατον
2511 3601 2679 3658 αὑτοῦ
2737 3601 2873 3673 πρὸς
2923 3602 3050 3664 τοὺς
3105 3597 3473 3672 στρατιώτας,
3507 3598 3676 3671 ταύτῃ

2099 3693 2354 3759 ὑπέθετο,
2409 3694 2518 3756 ἕως
2553 3693 2620 3747 ἂν
2661 3693 2821 3764 ἐξέλῃ
2862 3693 2924 3746 τὸ
2964 3692 3166 3763 χωρίον
3226 3691 3405 3764 (ἔτυχε
3466 3690 3574 3759 γάρ
3627 3707 3675 3741 τι

2097 3783 2460 3854 πολιορκῶν),
2493 3783 2686 3837 ἔπειτα
2718 3784 2792 3847 ώς
2839 3783 2948 3844 ἀπὸ
2995 3785 3155 3851 νίκης
3195 3785 3277 3846 είς
3329 3782 3674 3854 Ἰεροσόλυμα

2095 3873 2576 3944 παραγενομένην,
2646 3875 2758 3936 τοῖς
2821 3875 3141 3944 Φαρισαίοις
3194 3872 3444 3938 ἐξουσίας
3507 3889 3677 3943 μετα-

2092 3963 2281 4018 δοῦναί
2345 3981 2513 4028 τινος.
2579 3963 2852 4016 Δύνασθαι
2924 3965 3034 4032 γὰρ
3101 3964 3300 4026 αὐτοὺς
3369 3962 3562 4015 θέσθαι
3617 3961 3678 4013 τὸ

2095 4055 2249 4118 εθνος
2288 4053 2479 4108 εὔνουν
2525 4056 2688 4124 αὐτῇ,
2715 4056 2810 4108 καὶ
2839 4053 3002 4116 αὐτὸς
3041 4053 3099 4106 δὲ
3133 4053 3224 4106 διὰ
3262 4053 3485 4114 τούτους
3519 4052 3674 4118 ἔλεγε

2094 4146 2171 4218 τῷ
2206 4147 2351 4200 ἔθνει
2382 4147 2780 4217 προσκροῦσαι,
2827 4144 3190 4214 ὑϐρισθέντας
3237 4143 3327 4195 ὑπ’
3367 4142 3553 4197 αὑτοῦ.
3589 4143 3674 4194 Σὺ

2093 4242 2337 4302 τοίνυν,
2391 4239 2516 4308 ἔφη,
2576 4235 3088 4307 μεταπεμψαμένη
3163 4234 3306 4300 τοὺς
3374 4235 3673 4303 ἄρχοντας

2091 4331 2286 4401 σφῶν,
2309 4332 2587 4398 ἐπίτρεπε
2617 4328 2876 4398 χρῆσθαί
2898 4345 3040 4394 μου,
3091 4327 3170 4392 ὡς
3213 4327 3568 4390 βούλονται,
3596 4323 3673 4387 τῷ

2089 4443 2158 4479 νε
2181 4425 2306 4492 νρῷ,
2341 4425 2421 4489 ώς
2461 4427 2663 4476 πολλὰ
2691 4425 2780 4486 εἰς
2813 4420 3036 4484 αὐτοὺς
3083 4419 3535 4486 ἐξυϐρίσαντος,
3572 4418 3672 4468 καί

2086 4515 2280 4584 μηδὲν
2343 4513 2503 4580 παρὰ
2545 4513 2660 4578 τὴν
2717 4511 2962 4563 ἐκείνων
3003 4509 3244 4578 γνώμην
3306 4507 3500 4560 ποιεῖν
3535 4507 3672 4560 ὑπι-

411 4609 629 4678 σχνοῦ·
663 4609 825 4661 οὕτω
858 4604 924 4658 δέ
952 4621 1071 4660 σου
1098 4607 1411 4673 εῐπούσης,
1441 4605 1554 4675 ἐγώ
1583 4623 1646 4660 τε
1687 4609 2037 4678 πολυτελῶς
2066 4609 2440 4679 ταφήσομαι,
2474 4606 2574 4660 καί
2596 4606 2678 4660 σὺ
2716 4607 2972 4671 ,βεϐαίως
2991 4606 3212 4674 ἄρξεις.
3238 4603 3424 4659 Ταῦτα
3467 4605 3532 4672 τῇ
3569 4617 3672 4670 γυ·

409 4707 562 4762 ναικὶ
591 4701 946 4772 ὑποθέμενος,
980 4699 1390 4771 τετελεύτηκεν,
1417 4699 1589 4771 ἄρξας
1628 4701 1722 4773 ἔτη
1747 4704 1922 4759 είκοσι
1959 4706 2054 4759 καὶ
2083 4704 2246 4769 ἑπτὰ,
2292 4717 2630 4771 πεντηκοντα
2677 4701 2734 4753 δέ
2764 4716 2829 4767 γε
2854 4701 3047 4768 ζήσας,
3077 4699 3193 4760 ἐνὸς
3227 4697 3458 4758 δέοντος.
3493 4695 3556 4748 Ἢ
3615 4696 3670 4748 δὲ

411 4801 756 4872 Ἀλεξάνδρα,
782 4800 958 4851 πάντα
987 4798 1128 4853 κατὰ
1151 4798 1250 4870 τὴν
1280 4797 1374 4851 τοῦ
1398 4797 1589 4868 ἀνδρὸς
1611 4799 1922 4870 συμῦουλὴν
1971 4801 2195 4872 θεμένη,
2224 4799 2351 4862 τούς
2391 4815 2450 4852 τε
2481 4796 2806 4866 Φαρισαίους
2832 4793 3016 4856 εὔνους
3066 4794 3318 4862 ἐποίησεν
3355 4795 3541 4862 ἑαυτῇ,
3576 4787 3669 4846 καὶ

411 4900 507 4968 τὴν
542 4893 821 4964 βασιλείαν
869 4887 1261 4955 ἐϐεϐαιώσατο,
1300 4890 1391 4943 καὶ
1458 4889 1556 4960 τὴν
1592 4893 1771 4962 ταφὴν
1800 4892 1892 4945 τοῦ
1932 4893 2123 4964 ἀνδρὸς
2152 4891 2538 4964 λαμπροτέραν
2575 4889 2683 4941 τῶν
2715 4888 2820 4960 πρὸ
2846 4887 3014 4940 αὐτοῦ
3051 4885 3316 4957 βασιλέων
3345 4886 3664 4955 εἰργάσατο.

385 4989 404 5016 ⁸
483 4986 544 5041 V.
586 4983 702 5038 Jam
734 4995 857 5034 cum
906 4979 1216 5033 Alexander
1273 4979 1414 5036 duos
1461 4979 1602 5035 ﬁlios
1635 4982 1975 5052 reliquisset,

2157 4983 2234 5036 E'.
2291 4981 2413 5032 Δύω
2456 4980 2512 5032 δὲ
2566 4978 2774 5032 παίδων
2821 4979 3129 5048 γενομένων
3179 4974 3256 5047 τῷ
3308 4973 3666 5045 Ἀλεξάνδρῳ,

411 5080 720 5151 Hyrcanum
751 5080 804 5126 et
835 5071 1238 5136 Aristobulum,
1289 5088 1526 5141 quorum
1557 5073 1647 5128 ille
1673 5074 1831 5128 tardo
1863 5085 1984 5129 erat

411 5167 654 5240 ingenio,
701 5170 758 5218 et
812 5161 878 5216 ad
928 5177 1017 5216 res
1069 5163 1336 5232 gerendas
1393 5163 1608 5234 inepto,
1671 5165 1830 5233 221
1890 5165 1984 5218 hic

409 5264 594 5317 animo
621 5257 863 5312 excitato
889 5263 946 5310 et
973 5254 1165 5316 alacri,
1207 5265 1382 5309 mater
1412 5255 1686 5326 Hyrcano,
1719 5272 1881 5324 quem
1914 5255 1985 5310 ob

407 5350 718 5408 socordiam
769 5345 1086 5416 pontiﬁcem
1140 5345 1488 5416 designarat,
1539 5356 1594 5399 et
1659 5346 1985 5412 Pharisaeis,

407 5442 610 5510 quibus
642 5452 910 5493 summam
943 5451 1128 5490 rerum
1163 5436 1471 5495 mandarat,
1497 5438 1759 5505 populum
1789 5452 1986 5506 parere

409 5533 582 5600 iubet.
611 5529 690 5584 ita
719 5544 846 5582 cum
877 5527 1029 5598 regni
1072 5542 1274 5582 nomen
1305 5543 1475 5597 penes
1504 5529 1701 5597 ipsam,
1734 5531 1982 5582 auctori-

412 5633 496 5676 tas
537 5635 706 5688 penes
736 5620 1038 5674 Pharisaeos
1077 5630 1248 5685 esset,
1295 5620 1446 5690 regio
1496 5628 1687 5688 pacata
1717 5619 1841 5684 fuit,
1876 5621 1983 5675 nisi

412 5711 560 5781 quod
587 5709 847 5764 Pharisaei
880 5710 1126 5780 reginam
1155 5711 1473 5774 turbabant,
1495 5720 1551 5766 et
1581 5712 1891 5778 irritabant,
1922 5723 1984 5766 ut

414 5815 508 5856 eos
529 5799 826 5863 occideret,
848 5799 941 5862 qui
964 5801 1276 5858 Alexandro
1307 5810 1562 5859 auctores
1587 5803 1820 5859 fuissent
1851 5818 1980 5860 accc

2095 5071 2364 5144 Ὑρκανοῦ
2397 5071 2488 5124 καὶ
2517 5069 2955 5139 Ἀριστοϐούλου,
2979 5071 3007 5121 ὁ
3039 5068 3139 5138 μὲν
3183 5066 3462 5136 ’Υρκανὸς
3489 5066 3669 5137 νωθὴς

2086 5168 2148 5219 τὸ
2184 5165 2318 5237 ηθος
2358 5161 2448 5233 ἦν,
2490 5163 2585 5216 καὶ
2618 5164 2754 5234 πρὸς
2785 5160 3129 5231 πραγμάτων
3155 5158 3424 5228 διοίκησιν
3455 5159 3666 5210 anom-

2088 5256 2274 5327 φυκώς
2306 5271 2322 5286 ·
2362 5257 2390 5309 ὁ
2416 5256 2476 5309 δὲ
2505 5256 2772 5324 νεώτερος
2797 5253 3126 5323 δραστήριος
3154 5247 3243 5322 ἦν.
3289 5251 3355 5302 Ἥ
3380 5251 3438 5306 δὲ
3464 5250 3668 5303 τούτων

2089 5351 2275 5419 μήτηρ
2327 5347 2593 5418 ἀρχιερέα
2654 5345 2745 5398 τὸν
2799 5344 3072 5413 ’Υρκανὶν
3119 5342 3207 5394 διὰ
3272 5341 3331 5393 τὸ
3377 5341 3670 5412 ἄπραγμον

2090 5439 2463 5502 ἀποδείκνυσι,
2493 5437 2588 5490 καὶ
2636 5436 2818 5489 πάντα
2859 5436 2971 5498 τοῖς
3010 5433 3329 5502 Φαρισαίοις
3357 5433 3665 5504 ἐπιτρέπει,

2090 5533 2182 5583 καί
2215 5531 2293 5600 τῷ
2355 5530 2553 5600 πλήθει
2599 5529 2811 5592 τούτοις
2867 5526 3123 5578 ἐκέλευσε
3191 5525 3498 5578 πείθεσθαι.
3555 5514 3664 5578 Καὶ

2086 5623 2224 5692 αὑτὴ
2253 5623 2352 5690 μὲν
2383 5617 2498 5691 εἶχε
2531 5620 2632 5690 τῆς
2669 5618 2950 5690 βασιλείας
2986 5617 3047 5670 τὸ
3076 5617 3271 5688 ὄνομα,
3307 5619 3356 5670 οἱ
3377 5617 3665 5687 Φαρισαῖοι

2085 5713 2142 5764 δὲ
2198 5715 2297 5781 τὴν
2363 5712 2539 5784 ίσχύν.
2594 5711 2826 5780 Ἦρέμει
2877 5711 2934 5762 δὲ
2992 5712 3026 5780 ἡ
3081 5710 3256 5781 χώρα,
3315 5709 3493 5781 μόνων
3552 5707 3663 5760 τῶν

2083 5803 2392 5867 Φαρισαίων
2440 5805 2540 5868 τὴν
2591 5801 2911 5869 βασίλισσαν
2950 5803 3350 5869 ταραττόντων,
3389 5802 3486 5854 καὶ
3541 5815 3663 5855 πει-
