4074 6448
428 383 530 445 397
1701 378 2110 440 ANNALIUM
2150 377 2296 435 Llll.
2339 377 2407 435 V.
3586 378 3694 442 393

423 498 625 552 θόντων
656 499 891 553 κτείνειν
938 501 1062 561 τοὺς
1120 499 1632 570 συμϐουλεύσαντας
1665 497 1999 568 Ἀλεξάνδρῳ

2119 492 2243 546 illos
2276 490 2606 562 perimendi.
2662 491 2737 546 Ac
2781 491 2941 547 initio
2989 509 3100 548 uno
3142 495 3348 562 occiso,
3389 503 3514 566 post
3557 497 3696 553 alios

419 592 518 660 τὴν
555 589 666 643 τῶν
695 590 1034 644 ὀκτακοσίων
1079 589 1400 660 διαφθοράν.
1433 588 1572 644 Ἕνα
1599 588 1656 643 δὲ
1685 587 1823 651 τέως
1848 587 2003 641 αὐτοὶ

2117 591 2284 652 atque
2317 583 2462 638 alios
2495 582 2850 637 trucidabant
2877 579 2901 636 ἰ
2935 583 3115 639 donec
3143 585 3244 639 viri
3272 594 3528 656 potentes
3567 603 3694 643 cum

421 680 747 750 σφάττουσι,
777 681 869 733 καὶ
900 681 988 732 ἐπ’
1015 680 1210 751 ἐκείνῳ
1239 680 1433 744 άλλους
1464 681 1555 734 ἐπ’
1581 679 1784 742 ἄλλοις,
1817 678 1922 741 ἓως
1952 679 2003 730 οἱ

2113 676 2456 741 Aristobulo,
2492 677 2581 730 cui
2609 676 2699 730 illa
2725 691 2836 730 non
2870 677 3181 747 placebant,
3206 680 3412 751 regiam
3442 681 3695 751 ingressi,

418 772 640 825 δυνατοὶ
680 771 1043 843 παρελθόντες
1085 774 1167 836 είς
1205 772 1275 826 τὰ
1316 771 1584 842 βασίλεια,
1623 772 1721 825 καὶ
1751 770 2005 842 Ἀριστό-

2115 768 2307 823 multis
2350 767 2541 823 verbis
2579 767 2762 832 factis,
2797 773 2853 822 et
2884 769 3087 825 occisis
3116 770 3438 839 deploratis.
3473 788 3572 828 eos
3599 777 3693 844 qui

419 862 613 925 ϐουλος
638 864 736 916 σὺν
765 863 948 927 αὐτοῖς
982 863 1063 934 (οὐ
1094 863 1205 935 γὰρ
1234 863 1502 934 ἠρέσκετο
1536 864 1649 926 τοῖς
1681 860 2004 935 δρωμένοις)

2117 857 2192 912 ibi
2243 866 2405 912 erant
2448 858 2517 913 ad
2569 857 3011 912 misericordiam
3058 860 3514 928 periclitantium,
3545 864 3695 918 etad

425 953 598 1008 πολλὰ
645 956 914 1018 εἰπόντες,
948 955 1044 1010 καὶ
1081 955 1208 1020 τοὺς
1240 956 1341 1028 ἤδη
1387 956 1696 1026 φθαρέντας
1727 953 2008 1009 ἀποκλαύ-

423 1046 669 1114 σάμενοι,
699 1047 779 1109 εἰς
798 1041 978 1100 οἶκτον
1003 1047 1113 1102 τῶν
1137 1047 1560 1102 κινδυνευόντων
1582 1047 1708 1106 τοὺς
1731 1045 2006 1114 παρόντας

420 1136 703 1208 ἐκίνησαν,
759 1139 858 1193 καὶ
913 1139 992 1202 είς
1041 1139 1280 1211 δάκρυα.
1331 1139 1746 1211 Ἀριστόϐουλος
1798 1139 1856 1192 δὲ
1907 1137 2006 1208 τὴν

424 1231 640 1302 μητέρα
670 1230 760 1285 διὰ
792 1231 968 1287 ταῦτα
1011 1235 1333 1304 κατῃτιᾶτο.
1395 1234 1460 1286 Ἦ
1506 1233 1561 1286 δὲ
1585 1233 1686 1286 οὐκ
1715 1229 1858 1302 εἶχεν
1891 1232 1920 1284 ὅ
1954 1247 2006 1284 τι

421 1323 518 1375 καὶ
552 1321 805 1394 πράξειε.
852 1325 1010 1379 Κατὰ
1056 1327 1247 1380 τοῦτον
1309 1325 1402 1380 τὸν
1456 1327 1654 1396 καιρὸν
1682 1325 2007 1394 ἀγγέλλεται

421 1415 701 1486 Τιγράνης
735 1417 833 1469 σὺν
870 1419 1102 1488 στρατιᾷ
1151 1415 1362 1488 μεγάλῃ
1418 1417 1500 1481 είς
1533 1417 1634 1483 τὴν
1671 1415 1873 1488 Συρίαν
1907 1417 2009 1486 ἐμ-

423 1506 732 1577 ϐεϐληκὼς,
763 1509 858 1561 καὶ¹
886 1509 982 1562 ἐπὶ⁹
1014 1509 1116 1580 τὴν
1159 1509 1424 1564 Ἰουδαίαν
1453 1507 1804 1578 ἀφιξόμενος.
1835 1506 2009 1561 Τοῦτο

421 1597 661 1670 ἐφόϐησε
715 1601 811 1654 καὶ
864 1599 924 1653 τὸ
975 1598 1127 1665 ἔθνος
1197 1601 1294 1654 καὶ
1352 1600 1451 1671 τήν
1509 1598 1854 1670 βασίλισσαν,
1911 1601 2008 1654 καὶ

421 1691 570 1760 δῶρα
605 1693 778 1748 πολλὰ
829 1694 925 1748 καὶ
969 1693 1169 1748 πολλοῦ
1227 1694 1354 1760 ἄξια
1399 1695 1496 1749 καὶ
1548 1693 1812 1764 πρέσϐεις
1859 1693 2010 1764 αύτῷ

422 1783 732 1853 πέμπουσι,
789 1785 890 1856 τὴν
955 1785 1310 1857 Πτολεμαΐδα
1369 1783 1773 1856 πολιορκοῦντι.
1837 1785 1898 1840 Ὀ
1949 1784 2008 1839 δὲ

419 1872 597 1929 ταῦτά
628 1891 688 1928 τε
740 1875 979 1940 ἐδέξατο,
1031 1877 1126 1930 καὶ
1160 1878 1376 1950 χρηστά
1419 1878 1809 1949 ἐπηγγέλλετο.
1845 1879 2008 1952 ’Ἄρτι

418 1967 476 2019 δὲ
505 1967 606 2038 τὴν
642 1968 992 2039 Πτολεμαΐδα
1019 1969 1386 2041 πορθήσαντι,
1411 1971 1740 2040 ἀγγέλλεται
1768 1972 1817 2026 οί
1846 1971 2008 2026 Ἀκέ-

421 2059 546 2120 lae;
574 2059 655 2122 εἰς
675 2059 973 2130 ’Δρμενίαν
996 2060 1274 2132 ὁρμήσας,
1310 2061 1406 2116 καὶ
1433 2063 1522 2117 διὰ
1555 2063 1713 2117 τοῦτο
1736 2063 2007 2134 ἀνεχώρει

423 2150 558 2219 πρὸς
594 2153 694 2222 τὴν
733 2152 967 2207 οἰκείαν.
1010 2153 1123 2224 Τῆς
1156 2154 1214 2208 δὲ
1256 2154 1581 2226 βασιλίσσης
1619 2156 1810 2220 δεινῶς
1849 2173 2011 2226 νοση-

423 2242 620 2312 σάσης,
651 2243 1064 2314 Ἀριστόϐουλος
1109 2244 1286 2314 λάθρα
1314 2245 1649 2313 ὑπεξελθὼν,
1697 2247 1787 2318 ᾔει
1822 2247 1915 2300 ἐπὶ
1940 2247 2010 2301 τὰ

424 2331 704 2402 φρούρια,
756 2333 894 2387 ὅπου
947 2336 995 2388 οἱ
1061 2335 1306 2407 πατρῷοι
1361 2337 1782 2409 κατετάχθησαν
1838 2339 2005 2406 φίλοι,

425 2423 596 2494 μόνης
636 2425 736 2494 τῆς
786 2427 1047 2494 γυναικδς
1088 2427 1268 2482 αὐτοῦ’
1311 2428 1618 2493 συνειδυίας
1670 2432 1736 2500 τῇ
1785 2431 2005 2502 πράξει,

423 2516 517 2566 καὶ
567 2515 838 2587 ὑπεδέχθη
881 2518 1015 2589 παρ’
1055 2518 1257 2574 αὐτῶν.
1296 2518 1609 2592 Λίσθομένη
1640 2521 1760 2593 att,
1821 2524 2007 2598 μήτηρ

421 2604 589 2657 αὐτοῦ
633 2607 732 2676 τὴν
778 2608 1108 2679 ἀπόδρασιν,
1160 2611 1254 2666 καὶ
1306 2612 1390 2666 ὅτι
1434 2613 1613 2668 πάντα
1649 2617 1717 2670 τὰ
1769 2619 2010 2689 φρούρια

421 2693 770 2764 ὑπηγάγετο,
809 2699 869 2751 ἐν
899 2701 1114 2772 μεγάλῃ
1148 2697 1216 2773 ἦν
1256 2707 1472 2775 ταραχῇ
1511 2704 1608 2759 καὶ
1648 2707 1786 2779 αὐτὴ
1816 2709 1912 2762 καὶ
1949 2709 2010 2763 τὸ

421 2785 576 2849 ἔθνος
605 2802 619 2818 ο
652 2787 836 2842 ἔθεντο
859 2789 915 2843 δὲ
944 2791 1044 2863 τὴν
1064 2796 1303 2861 γυναῖκα
1332 2795 1502 2848 αὑτοῦ
1525 2799 1621 2850 καὶ
1653 2799 1782 2862 τοὺς
1809 2800 2008 2865 παῖδας

423 2879 504 2940 είς
527 2879 587 2931 τὸ
616 2879 759 2950 ὑπὲρ
789 2884 884 2937 τοῦ
921 2885 1071 2954 ίεροῦ
1108 2887 1394 2959 φρούριον.
1445 2889 1715 2962 Ὑρκανὸς
1739 2892 1796 2946 δὲ
1826 2896 1922 2948 καὶ
1954 2897 2005 2948 οί

424 2968 534 3019 τῶν
561 2969 832 3025 Ἰουδαῖων
865 2975 1257 3049 πρεσϐύτεροι,
1296 2978 1563 3049 μαθόντες
1591 2980 1666 3045 ὡς
1691 2988 1748 3036 ἐν
1772 2984 2009 3057 ἡμέραις

358 3101 360 3103 .
427 3062 822 3118 πεντεκαίδεκα
868 3066 1086 3137 χωρίων
1129 3069 1305 3124 εῐκοσι
1338 3073 1433 3125 καὶ
1467 3072 1564 3127 δύο
1621 3075 1932 3148 ἐκράτησεν
1975 3081 2003 3133 6

2117 949 2384 1020 lacrymas
2441 960 2883 1006 commoverunt.
2932 951 3287 1008 Aristobulus
3337 954 3504 1008 etiam
3568 971 3693 1012 cum

2114 1050 2290 1098 matre
2317 1051 2611 1112 propterea
2638 1043 3040 1113 expostulavit;
3062 1058 3126 1099 ea
3154 1059 3286 1100 vero
3313 1045 3462 1116 quod
3488 1046 3697 1103 faceret

2115 1145 2228 1186 non
2255 1131 2516 1187 habebat.
2556 1132 2674 1188 Sub
2709 1133 2762 1187 id
2795 1141 3015 1203 tempus
3041 1134 3362 1200 nuntiatur,
3399 1135 3696 1208 Tigranem

2114 1239 2240 1279 cum
2271 1224 2480 1296 ingenti
2509 1223 2758 1280 exercitu
2809 1227 3232 1296 impressionem
3265 1227 3463 1285 fecisse
3493 1231 3547 1285 in
3593 1230 3698 1304 Sy-

2112 1308 2274 1371 riam,
2303 1319 2361 1364 et
2394 1308 2448 1363 in
2479 1309 2722 1364 Iudaeam
2748 1319 3063 1365 venturum.
3095 1312 3174 1367 Ea
3199 1312 3340 1368 fama
3372 1324 3429 1370 et
3458 1317 3694 1386 populus

2111 1411 2164 1455 et
2220 1402 2409 1472 regina
2447 1402 2649 1468 territi,
2689 1403 2862 1457 multa
2908 1419 3136 1459 munera
3189 1406 3371 1476 magni
3400 1408 3564 1477 pretii
3596 1425 3694 1478 per

2111 1492 2323 1560 legatos
2365 1495 2432 1548 ad
2467 1510 2594 1550 eum
2626 1495 3024 1551 Ptolemaidem
3053 1497 3398 1554 obsidentem
3443 1501 3690 1558 mittunt.

2112 1585 2328 1647 Quibus
2368 1587 2460 1641 ille
2493 1587 2760 1658 acceptis,
2787 1603 2886 1645 eos
2931 1589 3094 1644 bonis
3123 1590 3326 1647 animis
3350 1608 3476 1649 esse
3504 1596 3695 1665 jussit.
3759 1649 3766 1654 ,

2115 1676 2223 1732 Sed
2258 1679 2424 1733 modo
2447 1679 2806 1746 Ptoletnaide,
2837 1682 2907 1738 de
2931 1682 3116 1739 Acelai
3153 1683 3210 1737 in
3244 1685 3562 1742 Armeniam
3591 1689 3698 1744 im-

2115 1772 2403 1840 pressione
2429 1772 2637 1827 certior
2661 1772 2859 1840 factus,
2913 1773 3139 1830 domum
3171 1791 3231 1831 se
3259 1776 3328 1831 ad
3357 1793 3454 1834 sua
3489 1781 3692 1837 tuenda

2111 1863 2327 1933 recipit.
2393 1864 2530 1918 Cum
2587 1875 2772 1920 autem
2842 1867 3030 1938 regina
3083 1869 3326 1939 graviter
3373 1881 3688 1942 aegrotaret,

2112 1955 2465 2012 Aristobulus
2504 1958 2644 2013 clam
2689 1973 2968 2029 egressus.
3023 1962 3248 2017 castella
3293 1965 3451 2026 adiit,
3491 1968 3695 2036 quibus

2113 2046 2330 2116 paterni
2370 2047 2538 2103 amici
2581 2060 2877 2119 praeerant,
2918 2051 3036 2106 sola
3084 2068 3255 2108 uxore
3292 2057 3414 2126 ejus
3443 2061 3521 2112 rel
3557 2074 3696 2114 con-

2107 2136 2250 2202 scia,
2289 2145 2347 2192 et
2380 2138 2452 2192 ab
2480 2139 2549 2194 iis
2583 2149 2876 2212 susceptus
2897 2151 3002 2198 est.
3034 2140 3207 2215 Cujus
3237 2144 3364 2217 fuga
3393 2156 3451 2202 et
3499 2151 3697 2205 castel-

2111 2225 2290 2281 lorum
2344 2229 2591 2284 omnium
2651 2233 3018 2303 occupatione
3066 2243 3246 2292 mater
3296 2238 3538 2310 cognita,
3577 2256 3689 2297 non

2113 2319 2234 2388 ipsa
2265 2327 2499 2385 tantum,
2545 2322 2642 2377 scd
2679 2324 2918 2394 populus
2948 2325 3114 2381 etiam
3144 2327 3442 2385 admodum
3473 2343 3695 2402 pertur-

2113 2410 2249 2479 bati,
2288 2429 2513 2470 uxorem
2569 2421 2691 2486 ejus
2735 2427 2793 2474 et
2841 2419 3062 2498 liberos
3091 2419 3147 2474 in
3199 2424 3487 2478 castellum
3541 2426 3688 2495 quod

2114 2517 2280 2574 supra
2325 2503 2590 2577 templum
2618 2516 2724 2574 est,
2763 2512 3189 2566 transtulerunt.
3242 2513 3530 2585 Hyrcanus
3560 2533 3694 2572 vero

2113 2603 2170 2650 et
2201 2596 2516 2653 Iudaeorum
2567 2599 2840 2666 seniores,
2899 2602 2995 2656 ubi
3035 2603 3352 2660 didicerunt
3397 2606 3694 2663 Aristobu-

2113 2686 2227 2740 lum
2255 2687 2454 2743 diebus
2492 2689 2559 2743 xv
2589 2691 2833 2747 eaStellis
2865 2708 2976 2748 χιιι
3019 2695 3255 2764 potitum
3292 2711 3437 2760 esse,
3471 2714 3537 2754 ac
3578 2716 3694 2754 nta—

2116 2794 2277 2848 gnam
2336 2764 2627 2853 pecuniam
2669 2792 2727 2838 et
2760 2785 3066 2840 exercitum
3135 2788 3404 2858 coegisse,
3443 2792 3688 2862 reginam

2107 2883 2365 2939 orarunt,
2422 2883 2484 2930 ut
2526 2886 2828 2946 exponeret
2881 2878 3013 2948 quid
3060 2879 3128 2934 de
3181 2881 3276 2936 illo
3325 2885 3686 2940 statuendum

2111 2965 2302 3021 esset?
2329 2966 2405 3021 Ea
2434 2983 2568 3023 vero
2598 2985 2658 3025 se
2693 2985 2785 3026 res
2819 2987 2928 3026 non
2959 2975 3193 3043 amplius
3225 2989 3449 3042 curare,
3480 2988 3543 3034 ut
3571 2996 3694 3050 quae

2106 3058 2329 3130 jamjam
2366 3062 2632 3118 moritura
2662 3073 2828 3130 esset,
2867 3065 3027 3130 dixit,
3065 3077 3123 3122 et
3158 3067 3294 3138 ipsis
3325 3073 3598 3140 permisit,
3631 3083 3694 3129 ut

329 3213 338 3222 .
437 3152 872 3221 Ἀριστόϐουλος,
910 3159 1212 3215 καὶπολλὰ
1246 3166 1529 3235 συνήγαγε
1575 3168 1859 3239 χρήματα,
1909 3172 2006 3224 καὶ

2110 3165 2171 3205 ea
2214 3161 2441 3222 agerent
2466 3168 2588 3222 quae
2616 3169 2682 3208 ex
2721 3170 2778 3209 re
2810 3155 3030 3225 publica
3072 3171 3194 3213 esse
3218 3158 3555 3229 judicarcnt.
3579 3164 3695 3222 Nec

425 3245 749 3317 συνήθροιζε
774 3253 1115 3323 στράτευμα,
1142 3255 1354 3310 ἐδέοντο
1383 3257 1479 3327 τῆς
1511 3258 1831 3334 βασιλίσσης
1875 3264 2008 3317 ὑπο·

427 3334 617 3393 θέσθαι
663 3340 893 3412 γνώμην
941 3347 1070 3416 περὶ
1123 3346 1564 3418 Ἀριστοϐούλου.
1616 3350 1681 3404 Ἦ
1720 3351 1777 3405 δὲ
1822 3352 2006 3408 οὐκέτι

424 3426 610 3495 μέλειν
672 3432 811 3502 αὐτῇ
864 3434 973 3487 τῶν
1037 3438 1384 3508 πραγμάτων
1449 3438 1704 3507 εἰποῦσα,
1771 3441 1846 3507 ὡς
1901 3443 2004 3517 ἤδη

422 3520 777 3589 ἐκλείπουσα,
834 3527 1010 3598 ἐφῆκε
1060 3528 1326 3601 πράττειν
1381 3531 1600 3600 αὐτοῖς,
1645 3531 1674 3586 δ
1725 3535 2007 3607 συμφέρον

423 3613 692 3683 κρινοῦσι.
724 3617 836 3671 Καὶ
883 3621 1005 3690 μετ’
1056 3621 1118 3675 ού
1160 3622 1296 3676 πολὺ
1327 3625 1716 3697 τετελεύτηκε,
1751 3626 2006 3699 βασιλεύ-

426 3719 569 3758 σασα
590 3704 686 3776 έτη
722 3707 900 3775 ἐννέα,
936 3709 1182 3780 βιώσασα
1213 3713 1271 3766 δὲ
1305 3715 1432 3784 τρία
1480 3716 1576 3769 καὶ
1608 3715 2004 3791 ἐϐδομήκοντα.

424 3798 537 3868 Τῆς
568 3798 928 3873 Ἀλεξάνδρας
987 3803 1173 3874 μέντοι
1227 3805 1520 3880 θανούσης,
1572 3809 1734 3872 εὐθὺς
1767 3810 2008 3882 πόλεμον

424 3891 570 3944 κατὰ
592 3891 687 3945 τοῦ
714 3894 947 3966 ἀδελφοῦ
975 3897 1005 3950 6
1029 3898 1446 3968 Ἀριστόϐουλος
1473 3902 1667 3972 ήρατο,
1699 3901 1795 3957 καὶ
1820 3903 2009 3958 πολλοὶ

421 3981 536 4036 τῶν
560 3987 910 4057 στρατιωτῶν
954 3989 1228 4061 ’Υρκανοῦ
1266 3990 1632 4062 αὐτομολοῦσι
1677 3993 1816 4065 πρὸς
1857 3995 2008 4066 Ἀρι-

427 4075 738 4131 στόϐουλον.
783 4079 842 4133 Ὀ
874 4080 933 4133 δὲ
965 4081 1159 4150 φεύγει
1194 4081 1332 4154 πρὸς
1364 4084 1466 4152 τὴν
1510 4083 1834 4156 ἀκρόπολιν,
1877 4086 2007 4140 ἔνθα

424 4167 520 4219 καὶ
563 4167 595 4238 ή
629 4169 1044 4240 Ἀριστοϐούλου
1073 4173 1212 4244 γυνὴ
1246 4175 1343 4228 καὶ
1370 4176 1420 4228 οἱ
1457 4175 1649 4239 παῖδες
1691 4178 1822 4247 πρὶν
1849 4195 2010 4232 κατε-

423 4257 781 4327 κλείσθησαν.
819 4259 916 4325 Είς
948 4261 1142 4331 λόγους
1167 4263 1222 4316 δὲ
1254 4263 1503 4328 ἐλθόντες
1543 4266 1592 4318 οἱ
1639 4265 1878 4334 ἀδελφοὶ,
1918 4266 2011 4320 λύ-

423 4367 546 4402 ουσι
586 4352 684 4424 τὴν
721 4353 947 4424 ἔχθραν,
972 4354 1114 4409 ὥστε
1141 4355 1452 4426 βασιλεύειν
1481 4357 1581 4427 μὲν
1628 4359 1723 4412 τὸν
1763 4359 2009 4428 Ἀριστό-

425 4444 640 4511 ϐουλον,
684 4447 952 4519 Ὑρκανὸν
988 4449 1046 4503 δὲ
1081 4449 1182 4521 ζῇν
1211 4450 1614 4522 ἀπραγμόνως.
1657 4451 1885 4522 Ὅρκοις
1914 4452 2008 4507 οὖν

2110 3244 2283 3300 multo
2319 3255 2443 3315 post
2469 3247 2740 3302 exstincta
2771 3256 2876 3311 est,
2909 3264 3054 3304 anno
3106 3252 3260 3322 regni
3305 3269 3380 3318 ιι,
3416 3257 3594 3311 aetatis
3631 3275 3688 3312 ιιι

2109 3343 2164 3392 et
2193 3352 2315 3391 Lxx.
2349 3337 2520 3393 Matre
2544 3339 2827 3407 defuncta,
2851 3341 3202 3398 Aristobulus
3230 3347 3414 3400 statim
3443 3348 3694 3420 Hyrcano

2069 3429 2288 3493 _fratri,
2320 3431 2591 3487 militibus
2644 3431 2792 3488 illius
2827 3434 3018 3488 multis
3040 3434 3114 3489 ad.
3155 3435 3341 3506 ipsum
3374 3439 3689 3497 deficienti-

2108 3521 2233 3587 bus,
2271 3522 2475 3577 bellum
2519 3524 2684 3580 infert
2741 3542 2759 3580 :
2811 3527 2904 3596 qui
2949 3542 3074 3582 cum
3118 3527 3175 3582 in
3223 3543 3438 3595 arcem;
3484 3534 3538 3589 in
3580 3551 3687 3605 qua

2108 3613 2319 3669 dudum
2351 3617 2654 3673 Aristobuli
2689 3634 2827 3674 uxor
2855 3630 2912 3675 et
2947 3621 3107 3676 liberi
3153 3625 3402 3682 conclusi
3447 3628 3687 3692 fuerant,

2109 3710 2273 3781 222
2303 3711 2665 3782 confugisset,
2713 3713 2917 3771 fratres
2949 3716 3227 3788 colloquio
3267 3719 3476 3784 habito,
3509 3723 3694 3779 inimi-

2109 3803 2272 3860 citias
2322 3819 2386 3859 ea
2430 3805 2748 3861 conditione
2798 3817 3032 3877 ponunt,
3089 3819 3150 3865 ut
3203 3809 3560 3871 Aristobulus
3602 3833 3689 3872 re-

2108 3907 2276 3963 gnum
2331 3901 2535 3958 teneat,
2590 3894 2878 3967 Hyrcanus
2909 3898 2962 3952 in
2995 3901 3110 3954 otio
3141 3901 3324 3972 degat.
3384 3904 3482 3960 llis
3513 3908 3690 3975 pactis

2103 3986 2464 4056 jurejurando
2491 3987 2738 4052 sancitis,
2765 3988 3118 4046 Aristobulus
3148 3991 3205 4047 in
3236 3994 3439 4064 regiam
3471 4011 3530 4052 se
3555 4014 3689 4053 con-

2110 4078 2254 4143 fert,
2296 4078 2350 4132 in
2384 4078 2688 4135 Aristobuli
2735 4079 2881 4137 ardes
2915 4081 3220 4155 Hyrcanus.
3265 4085 3535 4143 Caeterum
3560 4090 3694 4144 ldu-

2112 4187 2282 4226 mzeus
2330 4172 2555 4242 quidam
2593 4173 2905 4243 Antipater,
2963 4175 3199 4246 Hyrcani
3252 4180 3482 4247 amicus,
3524 4182 3691 4239 homo

2111 4262 2398 4326 factiosus,
2453 4271 2736 4328 strenuus,
2792 4273 2845 4319 et
2901 4265 3157 4332 pecuniis
3199 4266 3509 4335 abundans,
3543 4272 3684 4326 clam

2111 4367 2235 4407 cum
2275 4352 2587 4408 Iudaeorum
2621 4353 2941 4423 proceribus
2973 4355 3363 4425 colloquendo,
3392 4370 3446 4414 et
3477 4361 3693 4416 Aristo-

2114 4444 2302 4500 bultttn
2329 4446 2485 4516 quasi
2515 4447 2642 4500 vita:
2673 4445 2858 4500 fratris
2887 4447 3241 4502 insidiantem
3275 4451 3690 4518 calumniando,

425 4537 854 4606 ἐμπεδὼσαντες
890 4541 988 4604 τὰς
1023 4541 1323 4614 συνθήκας,
1355 4544 1383 4595 6
1411 4543 1513 4614 μὲν
1541 4541 1894 4614 ἀνεχώρησεν
1927 4545 2007 4607 είς

2115 4548 2310 4593 auctor
2330 4549 2415 4593 est
2441 4538 2711 4609 Hyrcano,
2745 4539 2812 4593 ad
2841 4538 3059 4594 Arabia:
3089 4556 3272 4611 regem
3305 4543 3529 4599 Aretam
3563 4562 3691 4602 con-

426 4631 495 4682 τὰ
544 4629 819 4700 βασίλεια,
879 4634 960 4696 είς
1008 4632 1066 4686 δὲ
1113 4633 1215 4704 τὴν
1257 4634 1468 4688 οἰκείαν
1504 4634 1920 4706 Ἀριστοϐούλου
1978 4637 2008 4689 6

439 4721 729 4793 Ὑρκανός.
762 4723 1122 4797 Ἀντίπατρος
1149 4726 1206 4780 δέ
1261 4743 1345 4791 τις
1385 4728 1711 4798 Ἰδουμαῖος,
1749 4727 1901 4798 φίλος
1931 4729 2008 4782 ὢν

438 4813 740 4885 Ὑρκανοῦ,
773 4817 1080 4889 στασιώδης
1111 4817 1168 4872 δὲ
1207 4820 1301 4872 καὶ
1326 4820 1683 4891 δραστήριος,
1717 4825 1811 4874 καὶ
1843 4822 2007 4875 εὐπο-

428 4905 539 4974 ρῶν
581 4907 883 4978 χρημάτων
938 4910 1174 4973 πολλῶν,
1231 4911 1406 4982 λάθρα
1459 4914 1571 4976 τοῖς
1616 4913 2006 4968 δυναστεύουσι

422 4999 537 5052 τῶν
587 5001 864 5056 Ἰουδαίων
914 5002 1323 5074 διαλεγόμενος,
1384 5005 1480 5058 καὶ
1539 5005 1676 5076 πρὸς
1737 5007 2007 5078 Ὑρκανὸν

422 5089 734 5147 διαϐάλλων
782 5094 875 5148 τὸν
934 5097 1386 5166 Ἀριστόϐουλον,
1437 5097 1513 5163 ὡς
1569 5101 1777 5153 κτεῖναι
1840 5099 2007 5152 αὐτὸν

426 5185 843 5256 βουλευόμενον,
908 5189 1088 5241 πείθει
1147 5189 1284 5260 πρδς
1336 5191 1566 5260 Ἀρέταν
1615 5190 1846 5261 βασιλέα
1896 5191 2007 5245 τῶν

439 5276 689 5348 ’Δράϐων
725 5282 940 5349 φυγεῖν.
978 5282 1088 5335 Καὶ
1112 5283 1323 5352 πέμπει
1347 5283 1438 5336 τὸν
1470 5284 1831 5354 Ἀντίπατρον
1871 5283 2008 5352 πρὸς

435 5372 668 5443 Ἀρέταν
716 5377 745 5428 6
798 5375 1088 5446 Ὑρκανὸς,
1141 5377 1353 5439 πίστεις
1407 5374 1733 5445 ληψόμενον,
1783 5373 1859 5436 ώς
1906 5374 2008 5426 οὐκ

420 5463 655 5518 ἐκδώσει
714 5467 878 5520 αὑτὸν
923 5470 1035 5528 τοῖς
1095 5466 1340 5538 ἐχθροῖς,
1401 5465 1774 5536 προσελθόντα
1832 5465 2006 5533 αύτῷ.

421 5555 625 5610 Λαϐὼν
670 5557 727 5611 δὲ
756 5557 991 5623 πίστεις,
1039 5557 1384 5629 ὑπέστρεψεν
1417 5560 1444 5611 6
1484 5559 1862 5627 ’Λντίπατρος,
1910 5555 2006 5607 καὶ

425 5651 901 5723 συμπαρειληφώς
949 5653 1042 5705 τὸν
1082 5651 1350 5722 Ὑρκανὸν
1386 5648 1623 5717 νύκτωρ,
1675 5644 1812 5721 ἧκεν
1859 5649 2008 5716 ἄγων

421 5747 593 5797 αὐτὸν
625 5746 702 5802 εἰς
745 5743 839 5811 τὴν
866 5743 1212 5814 καλουμένην
1235 5743 1451 5815 Πέτραν
1479 5741 1612 5812 πρὸς
1635 5741 1726 5793 τὸν
1753 5739 2001 5810 ’Δρέτα-θ.

426 5835 738 5908 Παρεκαλει
785 5834 880 5889 οὖν
918 5837 946 5890 6
994 5835 1264 5907 Ὑρκανὸς
1321 5835 1481 5888 αὐτὸν
1537 5831 1876 5904 καταχθῆναι
1914 5832 2006 5884 ὑπ’

2113 4627 2379 4697 fugiendi.
2405 4626 2593 4696 Itaque
2611 4627 2900 4699 Hyrcanus
2916 4629 3268 4699 Antipatrum
3294 4632 3390 4687 illo
3412 4635 3605 4703 mittit,
3629 4649 3692 4692 ut

2111 4717 2272 4772 ﬁdem
2296 4717 2365 4773 ab
2388 4733 2454 4772 eo
2477 4717 2734 4788 accipiat,
2760 4734 2818 4774 se
2846 4734 2954 4774 non
2981 4719 3228 4776 deditum
3249 4721 3314 4777 iri
3341 4723 3616 4791 hostibus,
3645 4736 3689 4783 si

2112 4811 2180 4865 ad
2202 4811 2355 4865 illunt
2401 4825 2461 4865 se
2507 4811 2804 4881 receperit.
2846 4812 2918 4866 Ea
2943 4812 3234 4883 impetrata
3259 4829 3516 4873 reversus
3537 4821 3693 4874 Anti-

2112 4913 2289 4972 pater,
2339 4901 2650 4974 llyrcanum
2702 4911 2869 4958 noctu
2900 4919 3090 4958 secum
3139 4905 3358 4961 Petram
3389 4909 3687 4977 perducit:

2111 5011 2294 5066 regem
2325 5007 2448 5053 orat
2476 4997 2782 5069 Hyrcanus,
2819 5005 2878 5051 ut
2908 4997 2962 5051 in
3002 4996 3244 5052 Judzeam
3276 5001 3592 5068 reductum,
3630 5004 3684 5058 in

2109 5106 2340 5162 regnum
2368 5090 2644 5144 restituat.
2692 5088 2850 5154 Quod
2895 5090 2940 5143 si
2991 5088 3102 5153 fiat,
3137 5090 3430 5159 pollicetur
3453 5109 3512 5148 se
3550 5097 3601 5147 ei
3633 5106 3690 5149 et

2111 5185 2450 5257 provinciam
2495 5190 2551 5238 et
2591 5199 2666 5236 xu
2717 5181 2886 5236 urbes
2925 5180 3300 5245 redditurum,
3341 5199 3478 5251 quas
3534 5193 3691 5254 pater

2110 5293 2244 5332 suus
2290 5275 2604 5330 Alexander
2645 5272 2923 5327 Arabibus
2963 5273 3253 5327 ademerit.
3297 5275 3490 5328 Arelas
3521 5275 3690 5344 igitur

2108 5369 2460 5440 expeditione
2507 5375 2785 5436 suscepta,
2841 5364 3232 5420 Aristobulum
3273 5365 3392 5420 acie
3452 5367 3686 5434 victum,

2111 5463 2300 5518 multis
2343 5461 2412 5516 ad
2456 5461 2769 5531 llyrcanum
2825 5456 3216 5512 deficientibus
3243 5496 3256 5520 ,
3305 5457 3686 5529 Hierosolyma

2109 5554 2441 5625 compellit:
2500 5554 2820 5619 impetuque
2871 5549 3040 5612 facto,
3085 5549 3138 5601 in
3194 5549 3398 5619 templo
3446 5551 3688 5614 obsidet,

2109 5645 2278 5699 etiam
2336 5642 2493 5712 plebe
2547 5637 2783 5709 Hyrcani
2834 5646 3019 5706 partes
3061 5645 3275 5704 secuta,
3310 5637 3442 5693 solis
3497 5654 3686 5694 sacer-

2110 5739 2333 5793 dotibus
2378 5732 2755 5790 Aristobulum
2812 5731 3258 5786 defendentibus.
3302 5731 3439 5788 Cutn
3500 5742 3685 5788 autem

2109 5829 2284 5886 .lu-.!a:i
2356 5828 2592 5894 Ouiam,
2662 5826 2843 5884 virum
2923 5827 3134 5897 justum
3196 5836 3253 5882 et
3299 5827 3408 5882 Deo
3455 5826 3686 5881 charum
