4074 6402
379 373 490 433 39'.)

1650 357 1976 422 JOANNIS
2017 354 2344 416 ΖΟΝᾹῐὶίΕ

3543 356 3664 410 400

377 486 471 555 q-ui
548 477 845 552 aliquando
923 478 978 532 in
1057 485 1190 532 :cstu
1260 484 1322 531 et
1396 471 1648 529 siccitate
1727 471 1954 525 imbrem

2071 466 2240 521 αὑτοῦ
2297 468 2380 529 είς
2434 463 2532 536 τὴν
2590 460 2880 527 Ἰουδαίαν,
2940 461 3036 514 καὶ
3086 461 3167 524 εἰς
3223 459 3324 532 τὴν
3377 458 3664 529 βασιλείαν

375 592 406 630 a
488 576 598 629 Deo
694 571 957 644 precibus
1048 569 1372 638 impetrarat
1404 605 1420 630 ,
1512 573 1832 636 rogarent,
1903 570 1965 616 ut

375 665 750 722 Aristobulum
780 677 904 718 cum
954 676 1052 716 sua
1099 659 1339 715 factione
1366 657 1684 716 devoveret.
1717 670 1831 708 non
1864 668 1964 723 pa-

377 760 513 822 ruit,
544 755 639 813 sed
676 769 800 808 cum
829 761 1122 823 cogeretur
1159 767 1173 804 :
1229 748 1275 804 0
1312 749 1446 802 Deus
1472 763 1564 802 rea;
1590 747 1848 809 universi,
1876 745 1964 798 in-

376 851 516 922 quit,
549 849 674 918 quia
699 856 747 900 et
769 847 805 900 ii
833 847 922 916 qui
945 844 1076 897 mihi
1103 851 1302 902 astant,
1327 842 1404 895 tui
1427 849 1574 904 sunt,
1601 838 1963 893 etsacerdom

374 941 464 1012 qui
505 939 828 998 obsidentur,
869 935 1028 988 iidem
1067 936 1186 986 tui:
1222 945 1337 996 oro,
1364 940 1421 984 ut
1445 947 1612 1002 neque
1652 930 1732 984 his
1777 938 1963 982 contra

374 1033 517 1096 illos,
535 1044 701 1100 neque
725 1030 804 1082 his
833 1034 1018 1081 contra
1040 1027 1130 1079 hos
1158 1041 1305 1095 opem
1333 1023 1492 1094 feras.
1520 1023 1630 1077 Hac
1648 1020 1964 1091 precatione

373 1131 617 1196 peracta,
648 1119 834 1176 statim
856 1119 1038 1172 virum
1080 1115 1360 1186 lapidibus
1394 1113 1727 1168 obruerunt.
1771 1110 1962 1178 Neque

372 1230 509 1270 vero
573 1214 750 1268 multo
805 1219 930 1282 post
967 1224 1174 1264 numen
1234 1207 1357 1277 ejus
1411 1204 1712 1274 impietatis
1769 1213 1962 1271 ρωπος

2072 557 2551 628 ἀποκαταστῆναι,
2595 553 3058 625 ὑπισχνούμενος,
3097 553 3148 605 εί
3193 551 3371 606 ταῦτα
3425 557 3660 620 γένοιτο,

2070 647 2265 701 δώσειν
2289 646 2439 716 αὐτῷ
2472 648 2575 718 τήν
2616 663 2677 699 τε
2708 644 2895 716 χώραν
2931 645 3026 696 καὶ
3072 643 3175 706 τὰς
3208 642 3420 697 δώδεκα
3453 645 3661 708 πόλεις,

2069 739 2136 804 ἃς
2169 738 2526 810 Ἀλέξανδρος
2558 741 2586 791 ὁ
2628 738 2814 809 πατὴρ
2852 737 3020 791 αὑτοῦ
3055 738 3167 790 τῶν
3208 736 3459 808 Ἀράϐων
3506 739 3665 805 ἀφεί-

2069 833 2213 888 λετο.
2249 835 2358 888 Καὶ
2389 835 2418 885 ὀ
2451 833 2682 902 Ἀρέτας
2731 833 3101 902 ἐστράτευσεν
3149 832 3242 884 ἐπὶ
3293 831 3386 883 τὸν
3423 831 3666 902 Ἀριστό-

2071 923 2290 989 ϐουλον,
2338 927 2432 977 καὶ
2488 926 2588 994 τῆς
2649 924 2832 994 μάχης
2865 926 3081 994 κρατεῖ.
3113 921 3335 974 Πολλῶν
3381 917 3476 976 οῦν
3524 922 3665 991 πρὸς

2068 1016 2162 1068 τὸν
2214 1016 2486 1085 Ὑρκανὸν
2527 1015 3047 1086 αὐτομολησάντων,
3092 1016 3172 1078 είς
3229 1015 3586 1086 Ἰεροσόλυμα
3633 1017 3664 1070 ό

2082 1108 2498 1178 Ἀριστόϐουλος
2530 1109 2721 1176 ἔφυγε.
2758 1107 2870 1162 Καὶ
2905 1109 2934 1161 ὁ
2977 1107 3188 1176 Ἀραψ,
3211 1107 3289 1178 τῷ
3331 1107 3464 1180 ίερῷ
3490 1125 3664 1179 προσ-

2068 1198 2283 1265 ϐαλὼν,
2335 1200 2655 1272 ἐπολιόρκει
2715 1199 2808 1252 τὸν
2858 1199 3318 1270 Ἀριστόϐουλον,
3370 1199 3662 1271 προστιθε-

2065 1293 2231 1363 μένου
2290 1293 2389 1346 καὶ
2439 1293 2536 1348 τοῦ
2587 1294 2764 1364 δήμου
2818 1292 2898 1362 τῷ
2959 1291 3243 1363 Ὑρκανῷ,
3307 1294 3488 1363 μόνων
3550 1294 3662 1347 τῶν

2071 1383 2267 1455 ἱερέων
2307 1382 2384 1454 τῷ
2409 1383 2814 1455 Ἀριστοϐούλῳ
2859 1386 3314 1455 παραμενόντων.
3367 1383 3554 1438 Ὀνίαν
3602 1384 3660 1441 δέ

373 1305 616 1376 exegit,
649 1303 895 1358 violento
950 1298 1176 1354 turbine
1237 1295 1492 1368 frugibus
1559 1291 1804 1365 regionis
1856 1305 1957 1346 va-

369 1507 517 1557 τινα,
547 1488 719 1559 ἄνδρα
746 1487 956 1542 δίκαιον
976 1488 1073 1539 καὶ
1108 1482 1359 1552 θεοφιλῆ,
1396 1480 1480 1545 ὃς,
1513 1478 1731 1550 αὐχμοῦ
1773 1493 1905 1529 ποτε
1969 1480 2291 1548 γενομένου,
2355 1478 2489 1549 εὐχῇ
2524 1478 2616 1532 τὸν
2647 1478 2782 1533 Θεὸν
2806 1477 3160 1551 δυσωπήσας,
3190 1479 3347 1532 ἔλυσε
3373 1478 3475 1550 τὴν
3498 1480 3657 1550 ἀνομ-

368 1581 550 1651 ϐρίαν,
572 1580 761 1649 ἠξίουν
783 1580 831 1631 oi
856 1577 1103 1632 Ἰουδαῖοι
1124 1573 1388 1642 εὔξασθαι
1407 1572 1549 1625 κατὰ
1571 1567 1994 1640 Ἀριστοϐούλου
2035 1569 2133 1622 καὶ
2181 1568 2290 1621 τῶν
2317 1569 2436 1639 μετ’
2452 1569 2642 1624 αὑτοῦ.
2657 1569 2718 1622 '0
2735 1569 2780 1622 δ’
2805 1570 2906 1622 οὐκ
2924 1570 3196 1624 ἐπείθετο.
3216 1571 3304 1634 Ὠς
3324 1570 3381 1624 δὲ
3399 1569 3657 1639 ἐϐιάσθη,

366 1671 435 1723 *Ω
481 1668 589 1722 Θεὲ
614 1664 886 1732 ,βασιλεῦ
915 1663 1034 1718 τῶν
1065 1663 1246 1728 ὅλων,
1288 1657 1466 1721 εἶπεν,
1503 1658 1593 1712 ὅτι
1623 1657 1722 1711 καί
1784 1659 1837 1710 oi
1905 1656 2034 1724 μετ’
2071 1656 2218 1726 ἐμοῦ
2259 1656 2586 1725 ἑστηκότες
2613 1659 2718 1712 σοί
2750 1660 2891 1724 εισι,
2928 1660 3028 1714 σοι
3071 1659 3141 1713 δὲ
3187 1661 3284 1714 καί
3325 1663 3378 1714 οί
3413 1663 3661 1728 πολιορ-

368 1760 651 1830 κούμενοι
682 1757 883 1826 ἱερεῖς,
915 1756 1146 1826 δέομαι,
1186 1755 1341 1824 μήτε
1371 1753 1522 1807 κατὰ
1551 1751 1782 1805 τούτων
1843 1748 2103 1812 ἐκείνοις
2139 1746 2474 1816 ἐπαρήξῃς,
2542 1747 2698 1818 μήτε
2755 1749 2885 1804 κατ’
2934 1749 3184 1804 ἐκείνων
3223 1752 3480 1817 τούτοις.
3541 1752 3658 1806 Καὶ

366 1855 566 1908 αὐτίκα
594 1853 687 1906 τὸν
717 1851 890 1922 ἄνδρα
917 1847 1309 1918 περιστάντες,
1337 1843 1703 1898 κατέλευσαν.
1765 1841 1883 1893 Οὐκ
1945 1839 2028 1902 είς
2071 1839 2292 1912 μακράν
2335 1841 2392 1894 δὲ
2429 1839 2492 1893 τὸ
2534 1841 2692 1895 Θεῖον
2736 1841 2893 1905 δίκας
2925 1843 3122 1907 αὐτοὺς
3157 1843 3523 1914 εἰσεπράξατο
3557 1844 3658 1914 τῆς

366 1949 648 2014 ἀσεϐείας,
695 1946 1012 2015 πνεύματος
1065 1943 1240 2013 βιαίου
1293 1939 1652 2003 πνεύσαντος,
1709 1937 1806 1990 καὶ
1855 1937 1947 1989 τὸν
1988 1935 2092 2006 τῆς
2122 1935 2306 2006 χώρας
2330 1934 2546 2007 καρπὸν
2569 1935 3014 2006 διαφθείραντος.

441 2044 526 2102 τι.
581 2043 827 2100 Scaurus
860 2054 1032 2111 porro
1077 2054 1108 2093 a
1147 2037 1416 2106 Pompeio
1445 2036 1501 2090 in
1538 2033 1799 2089 Armenia
1834 2031 1954 2086 bel-

2133 2034 2225 2100 CI".
2255 2031 2536 2102 Πεμφθεὶς
2565 2031 2624 2084 δὲ
2665 2031 2818 2103 παρά
2849 2032 3139 2103 Πομπηΐου
3179 2033 3238 2086 ἐν
3265 2033 3530 2105 Ἀρμενίᾳ
3559 2051 3658 2089 πο-

368 2140 482 2193 lnm
518 2151 644 2192 cum
681 2133 926 2204 Tigrane
962 2140 1218 2202 gerente,
1269 2129 1324 2182 in
1361 2126 1576 2196 Syriam
1617 2125 1842 2185 missus,
1871 2123 1956 2177 le-

366 2238 522 2301 gatos
563 2227 632 2280 ab
680 2223 1001 2280 Aristobulo
1048 2229 1106 2276 et
1152 2220 1406 2292 Hyrcano
1452 2217 1686 2287 accepit,
1716 2225 1956 2285 utroque

366 2320 571 2377 auxilia
603 2316 937 2389 postulante,
965 2322 1023 2370 et
1051 2310 1376 2368 Aristobulo
1405 2325 1464 2364 se
1487 2307 1796 2378 conjunxit,
1827 2321 1956 2361 cccc

370 2412 590 2470 talentis
615 2408 897 2480 acceptis:
929 2408 1194 2479 iussoque
1218 2405 1385 2459 Areta
1406 2400 1718 2480 discedere,
1744 2398 1953 2468 alioqui

366 2520 395 2558 a
429 2499 693 2558 Romanis
721 2478 938 2553 hostem
963 2497 1277 2568 judicatum
1320 2492 1411 2555 iri,
1451 2478 1803 2547 obsidionem
1839 2488 1956 2544 dis-

367 2595 568 2651 cussit.
599 2593 675 2648 Ea
701 2591 908 2656 soluta,
944 2587 1303 2644 Aristobulus
1336 2594 1486 2641 moto
1511 2593 1705 2639 contra
1733 2583 1952 2638 Aretam

366 2695 424 2740 et
445 2685 754 2756 Hyrcanum
769 2679 939 2744 bello,
958 2687 1259 2748 utrumque
1286 2675 1478 2731 vincit.
1502 2674 1621 2729 Non
1639 2673 1813 2728 multo
1830 2679 1955 2741 post

368 2777 532 2849 223
581 2774 842 2844 Pompeio
891 2772 1220 2826 Damascum
1265 2767 1540 2839 profecto,
1589 2779 1716 2821 cum
1763 2763 1952 2818 multis

367 2872 493 2925 aliis
521 2884 588 2924 ex
613 2866 776 2931 locis,
815 2875 932 2919 tum
958 2877 1026 2918 ex
1053 2861 1242 2918 Judaea
1287 2858 1452 2930 legati
1494 2865 1792 2920 venerunt,
1828 2853 1954 2908 Ari-

366 2961 574 3018 stobuli
607 2973 810 3013 munus
840 2954 1010 3010 vitem
1045 2966 1272 3008 auream
1300 2967 1332 3005 ο
1367 2949 1635 3004 talentum
1671 2945 1949 3002 ferentes:

367 3070 536 3128 quam
561 3068 621 3108 se
646 3049 928 3120 Iosephus
961 3046 1149 3101 Roma:
1199 3041 1407 3097 vidisse
1449 3038 1669 3102 asserit,
1697 3037 1752 3090 in
1781 3035 1946 3106 Capi-

368 3125 504 3204 tolio
541 3143 874 3200 dedicatam.
917 3135 1135 3209 Legatis
1172 3133 1358 3188 denuo
1388 3130 1764 3193 venientibus,
1795 3125 1951 3182 Anti-

367 3245 528 3308 patro
576 3249 678 3304 pro
739 3230 1015 3298 Hyrcano,
1087 3222 1392 3280 Nieodemo
1451 3235 1551 3291 pro
1603 3217 1947 3282 Aristobulo,

372 3307 667 3392 Pompeius
695 3317 845 3388 ipsos
873 3315 1018 3370 inter
1045 3327 1188 3382 quos
1217 3309 1596 3366 controversia
1631 3309 1724 3372 sit,
1753 3307 1948 3361 adesse

2062 2122 2356 2192 λεμοῦντος
2404 2121 2676 2194 Τιγράνῃ,
2718 2123 2966 2194 Σκαῦρος
3013 2127 3092 2188 είς
3143 2124 3346 2196 Συρίαν
3391 2127 3654 2196 πρέσϐεις

2064 2215 2286 2282 ἐδέξατο
2314 2219 2469 2288 παρά
2495 2234 2553 2270 τε
2587 2217 3011 2286 Ἀριστοϐούλου
3043 2216 3140 2271 καὶ
3184 2217 3482 2288 Ὑρκανοῦ,
3509 2237 3650 2287 συμο

2062 2311 2260 2380 μαχεῖν
2289 2308 2570 2374 ἀξιοῦντος
2600 2309 2888 2381 ἑκατέρου.
2925 2307 3126 2363 Λαϐὼν
3146 2308 3240 2364 οὖν
3268 2310 3360 2364 ὑπ’
3398 2311 3655 2382 Ἀριστο-

2059 2399 2256 2454 ϐούλου
2302 2401 2638 2469 τετρακόσια
2681 2402 2940 2467 τάλαντα,
2973 2400 3124 2472 αύτῷ
3162 2403 3489 2474 προσετέθη.
3538 2405 3652 2456 Καὶ

2057 2491 2330 2555 κελεύσας
2371 2492 2682 2562 ἀναχωρεῖν
2723 2493 2816 2546 τὸν
2845 2491 3104 2562 Ἀρέταν,
3138 2492 3170 2562 ἦ
3207 2494 3469 2564 πολέμιον
3512 2494 3648 2548 Ῥωο

2060 2586 2238 2657 μαίων
2291 2585 2699 2655 κριθήσεσθαι,
2758 2585 2920 2641 ἔλυσε
2973 2586 3076 2658 τὴν
3132 2587 3479 2659 πολιορκίαν.
3537 2582 3649 2650 ἿΙς

2055 2677 2332 2747 λυθείσης.
2360 2677 2389 2730 ὁ
2411 2677 2828 2748 Ἀριστόϐουλος
2856 2679 2952 2730 ἐπὶ
2986 2677 3216 2748 Ἀρέταν
3246 2680 3344 2732 καὶ
3375 2678 3650 2750 Ὑρκαιόν

2056 2767 2472 2841 ἐξεστράτευσε,
2505 2771 2603 2824 καὶ
2644 2770 2940 2841 συμϐαλὼν
2958 2773 3106 2842 νικᾷ.
3144 2771 3280 2826 Μετ’
3313 2771 3374 2825 οῦ
3411 2770 3545 2825 πολὺ
3591 2771 3648 2824 ἑὲ

2055 2863 2347 2933 Πομπηΐου
2389 2862 2728 2931 ἀφικομένου
2756 2865 2837 2926 εἰς
2867 2864 3185 2934 Δαμασκὸν,
3217 2859 3354 2934 ἧκον
3383 2863 3646 2933 πρέσϐενς

2054 2953 2388 3024 πολλαχόθεν
2437 2969 2495 3005 τε
2540 2953 2636 3005 καὶ
2683 2952 2744 3018 ἐξ
2775 2954 3053 3020 Ἰουδαίας,
3093 2955 3266 3026 δῶρον
3308 2954 3368 3021 ἐξ
3399 2955 3585 3024 Ἀριοτ
3616 2982 3646 2998 ο

2053 3042 2250 3098 ϐούλου
2278 3044 2422 3114 μέγα
2453 3046 2798 3116 κομίζοντες,
2840 3047 3090 3117 ἄμπελον
3110 3049 3320 3119 χρυσῆν
3352 3049 3418 3101 ἐκ
3444 3065 3646 3100 πεντα-

2052 3134 2255 3189 κοσίων
2275 3135 2579 3192 ταλάντων.
2601 3137 2821 3209 Ταύτην
2841 3143 3008 3208 φησὶν
3029 3141 3057 3192 ὁ
3079 3139 3345 3210 Ἰώσηπος
3363 3143 3418 3193 ὲν
3451 3139 3642 3210 Ῥώμῃ

2052 3224 2377 3294 θεάσασθαι,
2403 3225 2480 3298 τῷ
2507 3229 2566 3281 ὲν
2593 3229 2929 3301 Καπιτωλίῳ
2962 3230 3076 3301 (54)
3108 3232 3511 3303 ἀνατιθεμὲνην
3531 3234 3640 3288 Διί.

2050 3317 2164 3371 Καὶ
2199 3313 2354 3383 αὖθις
2383 3313 2521 3392 ἧκον
2571 3321 2710 3391 πρὸς
2749 3322 2912 3376 αὐτὸν
2967 3323 3324 3394 Ἀντίπατρος
3369 3323 3469 3393 μὲν
3501 3325 3646 3395 ὑπὲρ

365 3387 543 3487 jubet.
577 3387 929 3466 (iamautem
958 3403 1155 3468 Judaei,
1187 3415 1494 3472 eorumque
1524 3404 1694 3455 duces
1726 3399 1946 3453 Damas-

2064 3407 2358 3476 Ὑρκανοῦ,
2393 3387 2535 3482 ύπὲρ
2572 3387 2629 3465 si
2654 3413 3076 3484 Ἀριστοϐούλου
3110 3387 3443 3482 Νικόδημος.
3495 3413 3553 3467 '0
3586 3387 3643 3468 δὲ

369 3520 497 3562 cum
531 3504 838 3561 venissent,
865 3496 959 3552 alii
993 3508 1225 3566 regnum
1259 3489 1663 3554 detrectabant,
1708 3487 1948 3558 patrium

369 3598 520 3653 enim
565 3609 712 3659 esse,
763 3600 824 3646 ut
868 3586 1230 3660 pontificibus
1284 3591 1515 3655 pareant
1554 3599 1568 3636 :
1622 3581 1748 3635 illos
1794 3593 1950 3645 vero,

369 3684 621 3760 quamvis
678 3679 1043 3738 sacerdotalis
1109 3677 1222 3731 sint
1269 3673 1512 3746 generis,
1575 3670 1952 3727 sacerdotium

370 3794 542 3852 regno
571 3782 962 3833 commutasse.
996 3771 1281 3842 Hyrcanus
1306 3781 1437 3822 vero
1465 3765 1688 3820 fratrem
1727 3777 1954 3818 accusa-

369 3875 488 3940 bat,
509 3871 658 3943 quod
692 3867 1010 3940 principatu
1056 3865 1128 3918 ob
1169 3862 1350 3918 astatis
1385 3859 1804 3933 praerogativam
1844 3857 1951 3912 sibi

371 3966 661 4026 attributo,
689 3961 759 4017 ab
792 3961 889 4014 illo
921 3955 1193 4028 spoliatus
1221 3964 1391 4017 esset,
1418 3954 1611 4008 multis
1634 3953 1803 4007 etiam
1827 3951 1952 4006 aliis

372 4057 701 4115 criminibus
731 4054 787 4108 in
818 4052 974 4106 illum
1009 4050 1305 4119 congestis,
1338 4045 1616 4115 Antipatri
1649 4058 1813 4114 Opera
1837 4057 1952 4096 am-

371 4152 518 4224 plius
556 4149 706 4205 mille
754 4143 1265 4217 probatissimorum
1299 4140 1614 4196 Judaorum
1647 4136 1954 4208 suifragan-

373 4245 544 4300 tibus.
574 4237 930 4295 Aristobulus
961 4242 1176 4295 contra,
1211 4233 1523 4304 Hyrcanum
1565 4229 1636 4285 ob
1679 4230 1950 4300 ignaviam

374 4335 604 4407 ingenii,
633 4347 754 4403 quae
793 4334 1175 4397 contemptum
1214 4327 1266 4380 ei
1294 4324 1455 4380 facile
1497 4331 1739 4393 pareret,
1775 4321 1951 4390 impe-

375 4429 520 4482 rium
553 4425 806 4480 amisisse
828 4462 843 4485 ,
875 4419 1023 4491 quod
1058 4417 1164 4473 sibi
1200 4415 1514 4471 necessario
1558 4412 1952 4468 vindicandum

373 4520 560 4582 fuerit,
609 4532 677 4569 ne
724 4513 794 4568 ab
836 4512 961 4566 aliis
1007 4517 1426 4578 occuparetur:
1472 4519 1652 4574 neque
1696 4518 1754 4558 se
1783 4503 1950 4556 alium

373 4623 541 4681 quam
589 4623 699 4676 quo
752 4613 909 4674 pater
958 4615 1093 4655 usus
1153 4607 1324 4664 esset,
1391 4596 1613 4650 titulum
1664 4608 1950 4664 usurpare.

2053 3501 2256 3564 αὐτοὺς
2310 3500 2486 3554 ἐλθεῖν
2547 3503 2675 3567 τοὺς
2735 3503 3277 3575 διαμφισϐητοῦντας
3324 3505 3639 3561 ἐκέλευσεν.

2052 3590 2434 3662 Ἀφικομένων
2470 3592 2526 3646 δέ
2560 3610 2623 3662 γε
2657 3595 2743 3659 είς
2773 3596 3070 3666 Δαμασκὸν
3093 3596 3204 3650 τῶν
3245 3595 3518 3652 Ἰουδαίων
3547 3601 3644 3652 καὶ⁵

2052 3683 2162 3736 τῶν
2185 3683 2471 3754 ἡγεμόνων
2493 3685 2698 3750 αὐτῶν,
2717 3687 2765 3740 οἱ
2792 3687 2894 3756 μὲν
2915 3687 3101 3758 ἠξίουν
3128 3690 3203 3760 μὴ
3229 3688 3639 3760 βασιλεύεσθα;·

2053 3774 2288 3846 πάτριον
2321 3776 2433 3847 γάρ
2461 3771 2602 3830 εἶναι
2658 3777 2845 3843 αὐτοῖς
2875 3781 3029 3850 παρᾶ
3054 3779 3164 3833 τῶν
3194 3781 3498 3852 ἀρχιερέων
3535 3783 3631 3852 άρ-

2053 3865 2247 3936 χεσθαι
2277 3882 2290 3896 ·
2334 3867 2567 3932 τούτους
2598 3868 2656 3922 δὲ
2703 3869 2799 3922 τοῦ
2849 3875 3044 3938 γένους
3091 3871 3254 3936 ὄντας
3291 3874 3528 3937 ἐκείνου,
3556 3875 3640 3936 είς

2056 3957 2334 4028 βασιλείαν
2369 3959 2469 4029 τὴν
2495 3959 2669 4030 ἀρχὴν
2723 3961 3057 4030 μεταθεῖναι.
3105 3961 3379 4034 Ὑρκανὸς
3416 3963 3474 4017 δὲ
3499 3981 3643 4016 κατ-

2054 4048 2244 4119 ηγόρει
2271 4049 2367 4102 τοῦ
2395 4051 2650 4119 ἀδελφοῦ,
2669 4053 2750 4106 ὅτι
2775 4053 2876 4123 τῆς
2917 4053 3094 4123 ἀρχῆς
3137 4055 3286 4124 αὐτῷ
3309 4057 3644 4126 νεμηθείσης

2051 4141 2140 4194 διὰ
2165 4141 2262 4212 τὴν
2293 4143 2750 4213 πρεσϐυγένειαν,
2777 4144 2871 4198 ὑπ’
2901 4146 3114 4199 ἐκείνου
3137 4147 3344 4214 ταύτην
3366 4145 3642 4218 ἀφῄρητο,

2056 4235 2151 4289 καὶ⁵
2197 4234 2333 4289 ἄλλα
2372 4253 2476 4289 κατ
2547 4235 2714 4289 αὐτοῦ
2772 4237 3038 4309 συνείρων
3089 4239 3266 4293 πολλὰ
3316 4240 3642 4308 αἰτιάματα.

2055 4327 2498 4397 Συνεφθέγγοντο
2523 4328 2580 4381 δὲ
2608 4327 2759 4398 αύτῷ
2785 4329 2962 4384 ταῦτα
2983 4330 3202 4400 λέγοντι
3235 4335 3327 4385 καὶ
3358 4333 3467 4385 τῶν
3492 4333 3644 4386 δοκι-

2057 4423 2324 4492 μωτάτων
2383 4421 2662 4476 Ἰουδαίων
2695 4424 2915 4487 πλείους
2963 4424 2996 4494 ἢ
3051 4425 3236 4496 χίλιοι,
3275 4426 3641 4498 Ἀντιπάτρου

2055 4513 2610 4584 παρασκευάσαντος.
2647 4515 3066 4586 Ἀριστόϐουλος
3105 4519 3163 4570 δὲ
3202 4517 3296 4572 τοῦ
3335 4520 3434 4588 μὲν
3470 4521 3642 4573 ἐκπε-

2056 4606 2171 4656 σεῖν
2216 4605 2316 4674 τῆς
2365 4603 2539 4674 ἀρχῆς
2583 4605 2677 4656 τὸν
2737 4601 3003 4676 ’Υτκανδν
3044 4607 3144 4676 τὴν
3198 4607 3410 4661 ἐκείνου
3477 4609 3641 4673 φύσιν

375 4697 672 4768 Pompeius
704 4695 815 4749 vim
849 4692 1076 4764 quidem
1110 4689 1310 4745 fecisse
1347 4685 1726 4743 Aristobulum
1756 4684 1952 4740 decer-

2059 4696 2236 4750 αίτίαν
2277 4697 2610 4766 εισήγαγεν,
2655 4695 2939 4766 ἄπρακτον
2986 4695 3174 4762 οὖσαν,
3223 4698 3318 4752 καὶ
3357 4700 3444 4754 διά
3483 4700 3642 4755 τοῦτο

375 4794 499 4847 nit:
559 4787 653 4842 sed
709 4793 825 4839 tum
878 4784 1181 4839 clementer
1231 4796 1328 4836 eos
1367 4780 1666 4844 allocutus,
1724 4777 1948 4832 interim

2059 4787 2540 4859 εὐκαταφρόνητον
2561 4804 2575 4818 °
2613 4788 2779 4850 αὐτὸς
2807 4787 2854 4840 δ’
2893 4787 2954 4853 ἐξ
2977 4789 3227 4860 ἀνάγκης
3253 4789 3441 4860 ἔλεγεν
3467 4793 3642 4861 αὐτὴν

375 4881 665 4954 quiescere
711 4877 890 4949 jubet,
930 4877 1108 4930 donec
1149 4875 1266 4944 ipse
1318 4874 1374 4927 in
1411 4870 1657 4927 Iudaeam
1689 4869 1949 4924 veniret:

379 4985 496 5030 tum
545 4971 694 5027 enim
741 4985 800 5024 se
849 4968 1236 5024 ordinaturum
1268 4980 1392 5021 esse
1441 4963 1648 5019 omnia.
1679 4961 1785 5018 Sed
1821 4976 1947 5016 cum

375 5064 729 5123 Aristobulus
761 5077 828 5117 eo
857 5076 968 5116 non
1005 5067 1344 5130 exspectato,
1388 5060 1440 5112 in
1480 5057 1721 5112 Judazam
1767 5071 1954 5110 reces-

375 5161 562 5222 sisset,
592 5165 648 5211 et
680 5153 1074 5209 Alexandriam
1101 5150 1387 5207 castellum
1423 5157 1757 5218 occuparet:
1787 5149 1952 5202 Pom-

377 5251 537 5320 peius
590 5247 787 5310 iratus,
836 5244 982 5300 bello
1032 5249 1315 5312 suscepto,
1359 5256 1486 5296 eum
1541 5240 1609 5295 ad
1656 5255 1715 5295 se
1762 5239 1954 5295 venire

373 5319 557 5413 jussit.
591 5339 686 5394 Ille
717 5335 1071 5393 hortantibus
1113 5334 1308 5389 amicis
1343 5319 1412 5388 ne
1458 5331 1723 5386 Romanis
1760 5331 1958 5386 advers-

379 5439 613 5497 saretur,
658 5431 966 5492 descendit,
999 5442 1273 5496 causaque
1303 5425 1472 5489 dicta,
1506 5439 1572 5480 co
1608 5423 1756 5478 unde
1786 5439 1956 5478 vene-

384 5533 490 5589 rat,
542 5524 727 5578 rediit.
785 5527 863 5578 Ac
918 5521 1179 5592 Pompeio
1227 5519 1458 5589 jubente
1513 5525 1574 5571 ut
1621 5517 1959 5572 munitiones

2058 4880 2336 4943 ὑπελθεῖν,
2367 4879 2520 4950 φόϐῳ
2549 4879 2645 4932 τοῦ
2678 4879 2756 4950 μὴ
2782 4879 2917 4951 πρὸς
2950 4880 3144 4944 ἄλλους
3168 4883 3424 4950 γενέσθαι
3447 4884 3642 4950 αὐτὴν,

2057 4969 2425 5040 ὀνομάζεσθαι
2471 4970 2528 5022 δὲ
2575 4972 2712 5040 ὅπερ
2766 4971 2863 5024 καὶ
2915 4972 2944 5023 ὁ
2999 4973 3208 5042 πατήρ.
3260 4974 3547 5042 Πομπίῖος
3585 4977 3644 5028 δὲ

2061 5063 2184 5132 βίαν
2227 5062 2329 5132 μὲν
2376 5063 2629 5130 κατέγνω
2692 5061 3136 5132 Ἀριστοϐούλου,
3179 5064 3368 5135 πράως
3416 5065 3475 5118 δὲ
3519 5068 3644 5119 τότε

2059 5154 2476 5224 προσομιλήσας
2517 5155 2725 5218 αὐτοῖς,
2762 5154 2998 5224 ἡσυχίαν
3034 5156 3172 5218 τέως
3223 5157 3380 5224 ἄγειν
3424 5158 3644 5211 ἐκέλευο

2063 5259 2194 5301 σεν⁶
2247 5247 2420 5304 ἐλθὼν
2471 5247 2516 5300 δ’
2571 5247 2654 5310 είς
2701 5247 2802 5318 τὴν
2854 5247 3062 5318 χώραν,
3107 5249 3382 5313 διατάξειν
3437 5251 3644 5304 ἕκαστα

2062 5338 2460 5408 ἐπηγγέλλετο.
2537 5337 2651 5391 Οὐκ
2686 5339 2990 5408 ἀναμείνας
3025 5338 3209 5408 μέντοι
3239 5342 3267 5393 ὁ
3298 5340 3646 5410 Ἀριστόϐου-

2058 5429 2182 5494 λος,
2238 5429 2318 5490 είς
2368 5429 2471 5497 τὴν
2528 5427 2793 5481 Ἰουδαίαν
2845 5429 3051 5499 ἀπῆρε.
3113 5429 3223 5480 Καὶ
3281 5430 3558 5500 ὀργισθεὶς
3616 5431 3646 5482 ό

2065 5522 2379 5593 Πομπήϊος,
2421 5521 2755 5593 ἐστράτευσε
2791 5523 2914 5575 κατ’
2951 5521 3140 5578 αὑτοῦ.
3180 5523 3645 5594 Συμπεφευγὸτος

1540 5683 1739 5746 Varia:
1781 5684 2095 5747 lectiones
2139 5692 2199 5746 et
2243 5691 2435 5747 notua.

463 5800 576 5871 (Ἠ)
611 5804 692 5870 Τῷ
713 5804 780 5859 ἐν
808 5801 1177 5870 Καπιτωλίῳ.
1220 5805 1317 5864 Ms.
1344 5808 1420 5878 τῷ
1461 5808 1810 5878 Καπιτωλίῳ,
1848 5809 1954 5864 Ιουέ

2059 5807 2328 5880 ιρῖιοίῑιιο.
