4074 6436
397 451 502 518 ιοι

1672 441 2081 518 ANNALIUM
2124 455 2271 518 LIB.
2308 458 2384 520 γ.

3558 453 3669 520 ιοτ

393 565 442 618 δ’
463 563 544 626 εἰς
570 559 775 645 ἐρυμα,
808 557 1144 630 καλούμενον
1173 556 1569 631 Ἀλεξάνδρων,
1594 561 1818 614 ἐκέλευε
1841 561 1981 632 πρὸς

2090 563 2348 626 traderet.
2375 573 2433 620 et
2465 565 2820 621 castellorum
2849 564 3182 636 prmsidibits
3206 581 3305 623 sua
3342 582 3506 621 manu
3532 566 3671 622 scri4

391 654 558 709 αὑτὸν
577 654 761 723 ἥκειν.
799 653 856 707 '0
885 653 942 706 δέ
962 652 1070 706 τῶν
1097 652 1266 722 φίλων
1291 652 1368 724 μὴ
1397 653 1658 722 πολεμεῖν
1693 655 1986 725 Ῥωμαίοις

395 747 717 815 ἀξιούντων,
753 745 1010 799 κάτεισι·
1063 745 1161 799 καὶ
1205 745 1783 816 δικαιολογησάμενος,
1821 746 1987 801 πάλιν

392 841 518 894 ὅθεν
545 834 688 911 ἧκεν
721 837 1058 909 ὑπέστρεψε.
1097 836 1432 901 Κελεύοντος
1461 838 1517 890 δὲ
1551 839 1842 909 Πομπηίου
1875 823 2012 892 παῖ

397 930 677 998 ραδιδόναι
723 929 792 983 τά
841 928 1116 999 ἐρύματα,
1148 928 1245 982 καί
1293 928 1632 1000 αύτοχείρως
1677 930 1987 984 ἐπιστεῖλαι

392 1023 508 1085 τοῖς
583 1020 949 1095 φρουράρχοις
1007 1019 1301 1090 (ἀπείρητο
1372 1022 1485 1092 γάρ
1543 1019 1754 1074 τούτων
1808 1019 1988 1085 άλλως

397 1111 787 1182 ἀφίστασθαι),
817 1111 1069 1164 πείθεται
1089 1110 1211 1180 μὲν,
1235 1111 1658 1182 δυσανασχετῶν
1694 1111 1751 1166 δὲ
1779 1111 1986 1182 ἀνεχώ-

399 1219 568 1276 ρησεν
617 1204 700 1266 εἰς
758 1201 1136 1274 Ἰεροσόλυμα,
1181 1202 1284 1256 καὶ-
1323 1202 1586 1272 πολεμεῖν
1633 1203 1984 1274 ἡτοιμάζετο.

397 1293 672 1364 Πομπηΐῳ
711 1292 767 1346 δὲ
803 1290 1157 1362 στρατεύοντι
1218 1292 1306 1345 ἐπ’
1356 1291 1522 1346 αὑτὸν
1558 1293 1591 1362 ἠ
1645 1292 1985 1363 Μιθριδάτου

399 1385 679 1455 μεμήνυτο
719 1383 972 1454 τελευτὴ,
1005 1383 1070 1436 ἐκ
1115 1381 1403 1454 Φαρνάκου
1448 1382 1544 1436 τοῦ
1579 1383 1777 1447 παιδὸς
1819 1381 1986 1437 αὐτοῦ

397 1474 702 1546 γενομένη.
732 1474 870 1545 Περὶ
909 1473 1246 1546 Ἱεριχοῦντα
1289 1473 1346 1526 δὲ
1374 1474 1646 1542 γεγονότι,
1677 1467 1740 1529 οῦ
1767 1475 1827 1528 τὸ
1857 1475 1990 1528 61:0-

397 1565 678 1635 ι’άλσαμον
709 1566 992 1637 τρέφεται,
1019 1565 1129 1618 τῶν
1158 1563 1351 1636 μύρων
1380 1565 1441 1618 τὸ
1460 1566 1786 1636 ἀκρότατον,
1821 1565 1850 1618 ὃ
1877 1563 1988 1619 τῶν

398 1657 621 1727 θάμνων
675 1655 1028 1726 τεμνομένων
1081 1654 1196 1720 ὀξεῖ
1269 1653 1403 1725 λίθῳ
1454 1655 1742 1709 ἀναπιδύει
1795 1655 1986 1726 ὥσπερ

397 1751 551 1814 ὀπδς,
583 1747 865 1820 πρόσεισιν
897 1747 925 1801 6
958 1747 1373 1818 Ἀριστόϐουλος
1406 1747 1588 1817 αὐτῷ,
1615 1747 1716 1802 καὶ
1765 1748 1982 1800 ἱκέτευε

401 1840 720 1896 παύσασθαι
748 1839 844 1893 τοῦ
873 1838 1136 1910 πολέμου,
1166 1839 1434 1910 χρήματά
1461 1857 1521 1893 τε
1544 1839 1744 1905 διδοὺς,
1775 1838 1880 1892 καὶ
1905 1839 1989 1903 εἰς

2088 655 2248 710 heret
2278 655 2504 726 (alioqui
2535 657 2685 712 enim
2731 656 2802 712 iis
2843 657 3043 712 cedere
3078 673 3191 712 non
3223 658 3473 726 licebat),
3516 666 3674 728 pare:

2088 747 2180 802 ille
2208 748 2457 817 quidem,
2505 748 2600 803 sed
2636 749 3092 821 indignabundus
3128 748 3506 822 Hierosolyma
3546 765 3702 816 ιντο-ι,

2087 837 2283 901 fectus,
2321 839 2389 894 ad
2435 839 2640 894 bellum
2676 855 2736 896 se
2772 850 2949 910 parat.
2993 841 3259 912 Pompeio
3299 851 3490 896 contra
3521 840 3675 894 illum

2087 929 2336 994 ducenti,
2369 931 2674 987 Mithridati
2705 932 2886 988 caedes
2921 949 2952 988 a
2988 933 3102 988 filio
3145 933 3434 988 Pharnace
3459 939 3676 1002 patrata

2086 1023 2374 1078 nuntiatur
2403 1042 2415 1078 :
2444 1032 2501 1079 et
2533 1025 2602 1080 ad
2635 1025 2999 1082 Hierichunta
3028 1041 3346 1097 progresso,
3394 1025 3488 1080 ubi
3537 1040 3677 1096 opo-

2086 1111 2392 1168 balsamum
2419 1115 2684 1180 nascitur,
2703 1125 3111 1188 unguentorum
3140 1116 3679 1187 praestantissimum,

2087 1205 2237 1275 quod
2273 1206 2568 1264 fruticibus
2623 1215 2789 1264 acuto
2837 1209 3022 1280 lapid’c
3075 1210 3286 1276 incisis,
3325 1209 3494 1264 instar
3525 1209 3678 1264 succi

2087 1297 2346 1358 exsudat.
2365 1297 2724 1354 Aristobulus
2744 1300 3015 1362 occurrit,
3041 1301 3450 1371 supplicans,ut
3471 1297 3678 1353 bellum

2088 1387 2348 1443 omittat:
2386 1404 2448 1444 se
2473 1390 2764 1458 pecuniam
2791 1391 2843 1446 ei
2874 1391 3160 1456 daturum,
3203 1400 3262 1446 et
3285 1390 3682 1462 Hierosolymis

2090 1488 2443 1550 recepturum
2468 1496 2592 1536 esse
2616 1483 2906 1552 pollicens,
2934 1483 3158 1553 quidvis
3177 1483 3375 1555 agendi
3406 1492 3681 1554 potestate

2089 1571 2381 1641 permissa.
2412 1572 2508 1627 llle
2537 1572 2663 1628 data
2696 1575 2878 1638 venia,
2908 1575 3074 1647 224
3097 1575 3390 1630 Gabinium
3415 1575 3482 1630 ad
3511 1590 3681 1644 pecu-

2088 1662 2235 1715 niam
2265 1671 2329 1718 et
2351 1663 2545 1718 urbem
2577 1664 2957 1735 accipiendam
2989 1667 3179 1720 mittit.
3203 1666 3347 1733 Quo,
3371 1666 3679 1722 Aristobuli

2087 1750 2359 1806 militibus
2412 1761 2570 1822 pacta
2622 1753 2814 1823 perﬁci
2872 1754 3316 1825 prohibentibus,
3366 1771 3426 1810 re
3477 1754 3714 1826 infecta.

2089 1856 2337 1906 reverso,
2366 1843 2482 1912 ipse
2513 1845 2818 1915 Pompeius
2853 1846 3177 1903 Aristobulo
3207 1847 3262 1901 in
3288 1847 3510 1902 vincula
3541 1860 3678 1901 con~
3707 1902 3712 1906 .

397 1935 466 1987 τά
504 1931 859 2004 Ἱεροσόλυμα
894 1931 1058 1984 αὐτὸν
1091 1930 1497 2001 εἰσδεχόμενος,
1532 1930 1676 1984 ὥστε
1723 1931 1988 2000 πράττειν

2090 1932 2256 2001 iecto,
2291 1932 2360 1988 ad
2392 1932 2674 1989 civitatem
2714 1935 2868 1991 venit
2907 1951 3019 1990 non
3061 1937 3521 1999 consentientem,
3554 1935 3680 1989 aliis

396 2026 425 2079 ὃ
455 2025 727 2096 βούλεται.
767 2024 826 2078 '0
852 2023 932 2090 δὲ,
957 2023 1226 2092 συγγνοὺς
1255 2022 1428 2092 αύτῷ,
1478 2012 1694 2093 πέμπει
1723 2022 1992 2092 Γαϐήνιον

397 2116 491 2168 ἐπὶ
512 2114 581 2168 τά
609 2115 714 2186 χρή
725 2130 871 2184 ματα
899 2114 994 2167 καὶ
1021 2112 1120 2184 τὴν
1149 2113 1324 2168 πόλιν.
1351 2112 1474 2167 Τῶν
1493 2112 1550 2166 δέ
1575 2110 1990 2182 ’Δριστοϐούλου

399 2207 757 2279 ορτατιωτῶν
808 2207 912 2260 οὐκ
951 2205 1171 2259 ἐώντων
1225 2204 1327 2268 τὰς
1378 2206 1652 2276 συνθήκας
1700 2202 1993 2275 πληρωθῆ-

399 2317 508 2364 ναι,
538 2299 818 2370 ἄπρακτος
878 2297 1196 2370 ἐπανῆλθεν
1225 2299 1253 2351 6
1292 2298 1593 2370 Γαϐήνιοςο
1635 2297 1763 2368 ἥκει
1793 2296 1850 2349 δέ
1895 2296 1990 2350 ἐπὶ

396 2391 497 2458 τὴν
557 2391 729 2460 πόλην
775 2391 1078 2461 Πομπήϊος,
1133 2389 1431 2461 καθείρξας
1489 2389 1582 2443 τὸν
1630 2389 1986 2460 Ἀριστόϐου-

400 2481 512 2535 λον.
554 2483 616 2535 Oi
656 2481 701 2534 δ’
728 2481 876 2535 ἔνδον
915 2483 1015 2552 οὐχ
1058 2481 1358 2552 ὡμονόουν.
1387 2482 1516 2545 Τοῖς
1578 2481 1678 2551 μὲν
1710 2481 1822 2550 γὰρ
1875 2477 1990 2532 ἐδό-

400 2589 488 2627 κει
544 2572 796 2645 δέχεσθαι
859 2574 950 2628 τὸν
1012 2575 1318 2645 Πομπήϊον,
1357 2575 1471 2638 τοῖς
1531 2572 1577 2627 δ’
1636 2571 1987 2644 Ἀριστοϐού-

399 2666 492 2719 λου
566 2664 918 2733 τούναντίον,
985 2665 1062 2733 οἳ,
1107 2665 1206 2720 καὶ
1257 2664 1319 2720 τδ
1375 2665 1520 2737 ἱερὸν
1569 2664 1986 2734 κατειληφότες,

401 2758 482 2822 είς
524 2758 844 2829 πολιορκίαν
900 2757 1400 2829 παρεσκευάζοντο.
1464 2758 1530 2811 Oi.
1581 2757 1626 2811 δ’
1681 2755 1830 2811 ἄλλοι
1883 2754 1986 2827 τὴν

402 2851 559 2905 πόλιν
588 2851 963 2923 ἐγχειρίζουσι
994 2851 1290 2922 Πομπηΐῳ,
1314 2849 1498 2904 καὶτὰ
1537 2847 1806 2920 βασίλεια.
1841 2849 1902 2901 '0
1927 2846 1989 2902 δὲ

402 2943 553 3008 ἐντὸς
612 2942 1227 3015 στρατοπεδευσάμενος
1255 2979 1272 3008 ,
1324 2941 1633 3013 ἐπολιόρκει
1698 2940 1757 2994 τὸ
1815 2939 1982 3010 ἱερόν.

409 3035 660 3100 Ἀλόντος
705 3035 764 3088 δέ
811 3035 938 3106 περὶ
987 3035 1175 3104 τρίτον
1219 3033 1386 3108 μῆνα,
1417 3033 1888 3104 ἐπεισφρήσαντες
1933 3032 1986 3086 οἱ

399 3127 671 3195 πολέμιοι,
697 3125 938 3197 ἔσφαζον
966 3127 1095 3190 τοὺς
1121 3126 1183 3178 ἐν
1213 3123 1384 3196 αὐτῷ.
1427 3124 1491 3178 Οἰ
1525 3124 1582 3178 δέ
1625 3123 1780 3177 οὐδὲν
1819 3117 1985 3196 ἧττον

398 3213 540 3290 ἦσαν
577 3215 995 3288 ἱερουργοῦντες
1049 3217 1145 3270 καὶ
1190 3215 1434 3280 θύοντες,
1480 3214 1643 3284 φόνου
1693 3214 1750 3268 δὲ
1806 3214 1985 3268 πάντα
2011 3256 2059 3312 c

404 3311 743 3382 μεμὲστωτο.
767 3310 831 3365 Οἰ
860 3309 961 3381 μὲν
979 3307 1087 3380 γὰρ
1111 3309 1223 3362 τῶν
1239 3308 1510 3363 Ἰουδαίων
1533 3307 1640 3360 ὑπὸ
1670 3306 1983 3378 Ῥωμαίων,

398 3405 450 3457 οἰ
483 3403 529 3456 δ’
560 3401 655 3457 ὑπ’
687 3401 938 3472 ἀλλήλων
973 3400 1332 3469 ἐσφάττοντο,
1363 3398 1396 3470 ἢ
1430 3400 1527 3454 καὶ
1561 3399 1791 3461 ἑαυτοὺς
1820 3415 1984 3452 κατε-

399 3495 727 3567 κρήμνιζον.
762 3491 1024 3564 Παρῆλθε
1076 3491 1136 3546 δὲ
1179 3494 1262 3555 είς
1297 3491 1360 3546 τὺ
1401 3490 1554 3554 ἐντδς
1595 3488 1689 3544 τοῦ
1741 3488 1872 3544 ναοῦ
1920 3487 1984 3542 τὺ

397 3589 600 3643 ἄϐατον
628 3588 658 3640 6
702 3586 1010 3656 Πομπήϊος,
1039 3584 1135 3638 καὶ
1171 3581 1283 3637 τῶν
1309 3583 1440 3654 περὶ
1473 3580 1637 3634 αὐτόν
1680 3595 1851 3644 τινες,
1884 3578 1983 3632 καὶ

397 3675 542 3733 εἶδον
590 3680 690 3734 ὅσα
741 3680 855 3742 τοῖς
907 3676 1091 3740 ἄλλοις
1127 3675 1270 3745 πλὴν
1320 3675 1432 3728 τῶν
1478 3674 1788 3743 ἀρχιερέων
1840 3665 1984 3741 ἦσαν

398 3774 626 3828 ἀθέατα.
658 3770 891 3834 Οὐδενὸς
940 3769 1127 3839 μέντοι
1191 3765 1304 3820 τῶν
1335 3766 1394 3818 ἐν
1426 3762 1579 3836 αὐτῷ
1611 3762 1985 3834 ἀναθημάτων

396 3867 436 3936 ἢ
459 3865 567 3919 τῶν
589 3863 888 3936 χρημάτων
908 3860 1085 3932 ἥψατο
1105 3859 1176 3912 δι’
1217 3855 1520 3912 εὐσέϐειαν.
1545 3855 1626 3926 Τῇ
1646 3853 1693 3908 δ’
1719 3851 1987 3924 ὑστεραίᾳ

2093 2024 2418 2095 Pompeium
2480 2027 2812 2096 recepturis,
2874 2028 3180 2084 Aristobuli
3240 2043 3374 2084 vero
3435 2027 3679 2082 factione

2091 2119 2436 2174 contrarium
2489 2130 2774 2186 censente,
2825 2137 2948 2193 quae
3004 2124 3211 2193 templo
3258 2131 3550 2193 occupato,
3606 2122 3683 2176 ad

2090 2209 2433 2265 tolerandam
2501 2212 2847 2269 obsidionem
2889 2229 2948 2270 se
2997 2215 3244 2285 parabat.
3287 2215 3435 2271 Urbe
3487 2222 3682 2270 autem

2088 2311 2144 2356 et
2175 2303 2322 2372 regia
2353 2318 2384 2357 a
2416 2305 2633 2360 czeteris
2661 2306 2926 2376 Pompeio
2979 2307 3221 2371 traditis,
3266 2315 3324 2362 et
3370 2307 3572 2362 castris
3616 2306 3672 2360 in

2091 2392 2208 2462 ipsa
2262 2393 2398 2448 urbe
2449 2394 2667 2464 positis,
2699 2411 2765 2451 ac
2811 2396 3019 2466 templo
3066 2397 3232 2452 tertio
3276 2411 3466 2452 mense
3505 2410 3679 2466 expu-

2089 2489 2278 2552 gnato,
2306 2485 2508 2540 milites
2537 2501 2634 2542 eos
2654 2487 2749 2558 qui
2785 2489 2936 2543 intus
2963 2497 3144 2553 erant,
3189 2487 3561 2550 trucidabant,
3591 2486 3680 2540 ni»

2089 2576 2206 2631 hilo
2236 2575 2419 2632 secius
2449 2577 2623 2633 sacris
2663 2588 2979 2648 operantes,
3017 2588 3075 2635 et
3098 2579 3356 2635 victimas
3385 2577 3678 2633 immolan-

2090 2673 2173 2720 tes
2199 2682 2212 2719 :
2235 2680 2299 2720 ac
2324 2665 2570 2721 caedibus
2589 2666 2792 2721 referta
2818 2677 2976 2723 erant
3005 2667 3213 2730 omnia,
3243 2665 3674 2734 Judmisspartim

2087 2769 2119 2809 a
2145 2755 2431 2820 Romanis,
2467 2760 2670 2827 partim
2707 2772 2738 2812 a
2768 2773 2890 2813 sese
2919 2757 3355 2821 intereuntibus,
3380 2757 3467 2812 vel
3490 2755 3674 2826 gladio

2085 2847 2177 2903 vel
2211 2847 2672 2918 prwcipitatione.
2706 2848 3004 2920 Pompeius
3026 2865 3158 2906 vero
3181 2864 3306 2904 cum
3338 2847 3679 2919 quibusdam

2085 2953 2154 2994 ex
2186 2939 2302 2996 suis
2324 2939 2550 3012 adytum
2596 2942 2788 3011 templi
2837 2943 3122 3014 ingressus
3165 2950 3272 3005 est,
3315 2956 3491 3010 eaque
3535 2937 3679 2994 vidit:

2085 3047 2210 3102 qua:
2257 3047 2367 3087 non
2417 3033 2522 3089 nisi
2559 3034 2918 3104 pontiﬁcibus
2963 3035 3154 3090 videre
3201 3035 3286 3090 fas
3326 3041 3414 3090 est
3446 3051 3460 3089 :
3490 3045 3688 3102 neque

2085 3123 2296 3195 tamen,
2318 3139 2427 3194 qua
2447 3133 2568 3179 erat
2597 3124 2826 3195 pietate,
2854 3124 3156 3195 quidquam
3184 3125 3270 3179 vel
3299 3139 3370 3179 ex
3399 3121 3670 3187 donariis,

2086 3216 2175 3284 vel
2197 3232 2264 3272 ex
2292 3216 2550 3286 pecuniis
2570 3218 2775 3288 attigit.
2801 3217 3081 3273 Postridie
3105 3216 3370 3286 populum
3397 3214 3675 3278 hortatus,

2091 3316 2153 3368 ut
2188 3307 2455 3376 templum
2485 3318 2873 3379 repurgarent,
2909 3317 2967 3364 et
2998 3308 3104 3362 rite
3134 3305 3506 3368 immolarent,
3533 3302 3676 3374 llyr-

2089 3411 2230 3453 cano
2273 3396 2656 3466 pontiﬁcatum
2705 3399 2950 3454 restituit
2993 3417 3008 3452 :
3065 3399 3307 3469 bellique
3349 3396 3686 3452 auctoribus

2089 3487 2274 3544 securi
2305 3489 2603 3558 percussis,
2637 3495 2695 3545 et
2733 3491 2943 3546 tributo
2974 3489 3364 3561 Hierosolymis
3392 3487 3673 3558 imposito,

2090 3571 2322 3633 Romam
2355 3579 2576 3636 rediens
2613 3580 2998 3637 Aristobulum
3031 3582 3277 3636 vinctum
3303 3594 3428 3636 curn
3459 3577 3694 3634 duabus.

2092 3668 2334 3734 ﬁliabus,
2387 3670 2730 3743 totidemque
2763 3673 2892 3727 ﬁliis
2921 3687 3110 3728 secum
3141 3671 3391 3728 abduxit.
3429 3669 3690 3737 Quorum-

2093 3769 2226 3815 natu
2261 3762 2434 3833 major
2475 3760 2787 3820 Alexander
2823 3775 3046 3834 arrepta
3087 3764 3235 3834 fuga,
3275 3772 3398 3833 post
3424 3761 3681 3818 Iudaeam

2097 3851 2421 3920 incursavit,
2457 3869 2636 3924 neque
2670 3853 2724 3910 ei
2752 3855 3012 3910 resistere
3037 3852 3321 3926 Hyrcanus
3347 3852 3553 3922 potuit.

396 3958 634 4029 καθᾶραι
669 3954 1042 4027 παραγγείλας
1065 3951 1128 4007 τό
1161 3951 1335 4022 ἱερὸν,
1379 3948 1474 4003 καὶ
1508 3946 1661 4001 θύειν
1697 3945 1968 4018 νομίμως,
1999 3944 2098 4018 τὴν
2125 3945 2541 4018 ἀρχιερωσύνην
2588 3947 2913 4020 παρέδωκεν
2963 3945 3240 4019 Ὑρκανῷ,
3300 3946 3428 4008 τοὺς
3465 3941 3676 4002 αἰτίους

395 4048 488 4103 τοῦ
521 4049 760 4118 πολέμου
784 4047 1004 4101 πελέκει
1030 4044 1490 4116 διαχρησάμενος,
1519 4040 1614 4094 καὶ
1632 4039 1701 4094 τά
1733 4039 2084 4110 Ἰεροσόλυμα
2131 4039 2365 4105 ποιήσας
2426 4039 2731 4110 Ῥωμαίοις
2802 4041 3080 4112 ὕπόφορα.
3139 4041 3428 4112 Πομπήϊος
3488 4035 3546 4091 δέ
3580 4035 3676 4089 ἐπὶ

407 4141 630 4214 Ῥώμην
698 4139 896 4205 ἀπιὼν,
932 4139 1170 4208 ἐπήγετο
1229 4136 1322 4190 τὸν
1392 4132 1810 4205 Ἀριστόϐουλον
1859 4131 2171 4200 δεδεμένον,
2226 4131 2482 4194 καὶτοὺς
2519 4132 2722 4194 παῖδας
2802 4133 2996 4189 αὐτοῦ.
3035 4129 3220 4188 Ἦσαν
3246 4133 3304 4186 δὲ
3364 4129 3517 4200 αύτῷ
3579 4128 3676 4183 δύο

395 4235 688 4306 θυγάτρια,
735 4232 832 4287 καὶ
887 4229 1140 4285 τοσοῦτοι·
1179 4228 1310 4291 υἱοὶ,
1359 4222 1435 4280 ὧν
1489 4225 1520 4279 6
1573 4223 1947 4296 πρεσϐύτερος
1998 4221 2352 4294 Ἀλέξανδρος
2391 4223 2631 4295 ἀπέδρα,
2681 4224 2781 4279 καὶ
2828 4222 2927 4296 τὴν
2995 4223 3258 4278 Ἰουδαίαν
3319 4221 3678 4294 κατέτρεχεν,

395 4320 624 4394 ὕστερον
657 4320 732 4392 μὴ
777 4321 1081 4390 δυναμένου
1121 4315 1217 4370 τοῦ
1269 4313 1542 4386 Ὑρκανοῦ
1578 4312 1728 4383 αὐτῷ
1759 4311 2275 4368 ἀντικαθίστασθαι.

467 4414 543 4471 Ζ’.
576 4415 665 4477 Ὠς
682 4413 740 4467 δέ
753 4409 1112 4482 Γαϐήνιοςείς
1134 4407 1339 4479 Συρίαν
1363 4400 1491 4478 ἧκε,
1507 4405 1722 4476 πέμπει
1737 4403 1874 4476 πρὸς
1893 4403 1988 4458 τδν

409 4505 760 4575 Ἀλέξανδρον
807 4503 1098 4558 ’Λντώνιον
1124 4502 1354 4572 Μάρκον
1382 4499 1522 4570 μετὰ
1552 4497 1991 4570 στρατεύματος.

2169 4404 2284 4461 ἫΙ.
2325 4403 2596 4462 Gabinius
2644 4414 2830 4462 autem
2872 4419 3000 4462 cum
3048 4407 3104 4460 in
3153 4403 3367 4478 Syriam
3411 4405 3674 4467 venisset,

2093 4495 2168 4552 Μ.
2219 4496 2520 4552 Antonium
2573 4513 2704 4553 cum
2754 4497 3003 4554 exercitu
3057 4505 3249 4554 contra
3300 4495 3676 4552 Alexandrum

397 4596 511 4650 Kal.
547 4594 848 4666 γενομένης
879 4592 1086 4663 μάχης,
1123 4589 1439 4644 κτείνουσιν
1476 4590 1526 4642 el
1573 4587 1836 4658 Ῥωμαῖοι
1873 4586 1986 4639 τῶν

2091 4587 2287 4654 mittit,
2322 4589 2416 4658 qui
2452 4590 2641 4659 praelia
2672 4590 2969 4645 commisso
2993 4588 3239 4644 hostium
3268 4587 3337 4643 ad
3371 4586 3474 4642 tria
3504 4587 3690 4643 millia.

397 4685 680 4756 πολεμίων
733 4685 864 4756 περὶ
897 4681 1263 4753 τρισχιλίους,
1289 4681 1386 4734 καὶ
1434 4679 1537 4734 οὐκ
1570 4679 1831 4742 ἐλάττους
1879 4675 1987 4742 ζω-

397 4777 613 4848 γροῦσι.
642 4775 1076 4844 Καταφυγόντος
1104 4772 1163 4826 δὲ
1206 4770 1557 4841 Ἀλεξάνδρου
1585 4769 1676 4822 ἐπί
1699 4787 1752 4824 τι
1782 4769 1990 4841 ἔρυμα,

397 4869 693 4938 λεγόμενον
742 4865 1142 4936 Ἀλεξάνδρων,
1173 4863 1487 4933 ἐπολιόρκει
1535 4859 1715 4915 τοῦτο.
1747 4864 1987 4930 Διαπρε-

401 4960 658 5015 σϐεύεται
682 4958 775 5012 οῦν
803 4958 939 5030 πρὸς
981 4957 1247 5027 Γαϐήνιον
1277 4956 1305 5008 6
1345 4953 1714 5024 Ἀλέξανδρος,
1743 4952 1989 5022 συγγνώ-

402 5069 514 5120 μην
543 5049 734 5117 αἰτῶν,
778 5051 875 5106 καὶ
915 5048 1284 5118 παραδίδωσιν
1330 5047 1369 5101 ὃ.
1418 5047 1673 5117 κατεῖχεν
1712 5045 1984 5116 ἐρύματα.

413 5142 474 5194 ὐ
504 5143 560 5195 δὲ
594 5142 888 5213 ἀρχιερεὺς
927 5140 1202 5210 Ὑρκανὸς
1233 5141 1314 5203 εἰς
1357 5139 1709 5211 Ἰεροσόλυμα
1741 5140 1989 5211 κατήχθη

403 5234 557 5304 παρὰ
598 5232 692 5285 τοῦ
720 5231 1011 5302 Γαϐηνίου.
1061 5232 1119 5284 ’0
1163 5229 1346 5300 μέντοι
1401 5231 1836 5301 Ἀριστόϐουλος,
1875 5232 1992 5284 δια-

401 5324 536 5395 δρὰς
564 5327 629 5378 ἐκ
657 5323 904 5394 Ῥώμης,
940 5322 1037 5376 καὶ
1066 5325 1144 5384 εἰς
1173 5323 1276 5393 τὴν
1314 5322 1580 5377 Ἰουδαίαν
1600 5324 1792 5392 ἐλθὼν,
1823 5324 1992 5395 τειχί-

404 5417 520 5480 ζειν
544 5417 804 5487 ἐπειρᾶτο
828 5415 890 5468 τὸ
926 5413 1320 5494 Ἀλεξάνδρων,
1354 5413 1480 5484 ἄρτι
1511 5415 1989 5486 κατεσκαμμένον.

414 5509 476 5564 '0
529 5510 586 5564 δὲ
618 5508 883 5578 Γαϐήνιος
934 5505 1143 5560 στέλλει
1186 5506 1313 5568 τοὺς
1345 5505 1693 5569 κωλύσοντας
1733 5506 1921 5571 αὐτὸν,
1955 5504 1990 5575 ἢ

405 5602 502 5655 καὶ
535 5599 1000 5671 συλληψομένους.
1034 5595 1228 5650 Πολλοὶ
1256 5595 1312 5649 δὲ
1347 5595 1427 5666 τῷ
1470 5595 1866 5667 Ἀριστοϐούλῳ
1887 5595 1993 5648 τῶν

417 5694 688 5747 Ἰουδαίων
713 5691 1072 5762 προσέρρεον,
1109 5680 1183 5741 ὧν
1226 5690 1275 5742 οἰ
1321 5687 1541 5753 πλείους
1572 5687 1873 5759 ἐτύγχανον
1904 5687 1998 5743 ἀο-

405 5783 846 5847 πλοι.Τοιούτους
865 5783 962 5852 μὲν
979 5775 1072 5835 οὖν
1093 5779 1364 5834 ἀπέλυσεν
1380 5779 1939 5853 Ἀριστόϐουλοςθοὺς
1951 5777 1996 5831 δ’

409 5876 792 5944 ὡπλισμένους
843 5873 1004 5942 ὄντας
1060 5869 1190 5943 περὶ
1223 5869 1664 5945 ὀκτακισχιλίους
1722 5868 1834 5943 εἶχε
1869 5867 1990 5940 μεθ’

2091 4681 2318 4748 cecidit,
2365 4699 2474 4738 non
2515 4683 2875 4754 paucioribus
2918 4683 3116 4754 captis.
3153 4681 3466 4737 Alexander
3489 4689 3676 4736 autem

2092 4771 2145 4826 in
2195 4775 2442 4840 castello,
2492 4775 2641 4846 quod
2690 4775 3092 4831 Alexandriam
3121 4773 3676 4840 vocabatur,.obses—

2091 4875 2206 4927 sus,
2231 4863 2450 4916 veniam
2481 4879 2510 4918 a
2548 4863 2783 4920 Gabinio
2806 4880 2906 4936 per
2938 4865 3152 4936 legatos
3180 4864 3458 4934 impetrat,
3493 4863 3678 4918 muni-

2094 4952 2337 5009 tionibus
2375 4971 2514 5026 quas
2548 4958 2774 5013 tenebat
2816 4957 3055 5026 traditis,
3101 4957 3502 5028 Hyl-canusque
3535 4971 3677 5026 pon-

2095 5042 2230 5098 tifex
2285 5045 2353 5100 ab
2406 5046 2602 5101 eodem
2655 5047 2891 5102 Gabinio
2939 5047 3320 5118 Hierosolyma
3368 5047 3676 5101 reducitur.

2094 5132 2448 5190 Aristobulus
2471 5151 2604 5192 vero
2623 5153 2748 5192 cum
2781 5139 2953 5193 Roma
2975 5140 3028 5192 in
3047 5138 3288 5194 Iudaeam
3313 5137 3674 5207 profugisset,

2095 5242 2159 5282 ac
2182 5227 2579 5283 Alexandriam
2629 5231 2793 5284 modo
2815 5213 3068 5285 eversum
3101 5230 3414 5284 instaurare
3440 5243 3676 5283 conare-

2096 5326 2216 5372 tur;
2244 5317 2512 5375 Gabinius
2533 5321 2720 5391 copias
2744 5321 2914 5386 misit,
2943 5336 3066 5390 quae
3090 5320 3143 5374 id
3168 5319 3549 5390 prohiberent,
3580 5325 3678 5372 aut

2097 5409 2280 5479 ipsum
2323 5410 2492 5465 etiam
2565 5412 3129 5482 comprehenderent.
3182 5411 3289 5466 Sed
3342 5425 3466 5465 cum
3515 5410 3675 5464 multi

2096 5498 2270 5554 Judaei
2332 5502 2527 5572 majori
2577 5511 2831 5572 exparte
2876 5503 3120 5556 inermes
3169 5501 3236 5556 ad
3294 5499 3677 5555 Aristobulum

2099 5589 2468 5656 confluerent,
2522 5593 2738 5648 caeteris
2783 5591 3048 5656 dimissis,
3096 5593 3245 5648 solos
3287 5601 3530 5648 armatos
3580 5591 3677 5662 qui

2099 5682 2168 5737 ad
2195 5699 2291 5738 vm
2342 5685 2516 5738 millia
2540 5684 2716 5749 luere,
2745 5685 3017 5741 retinuit:
3057 5679 3156 5740 ii'a
3187 5685 3452 5740 Romanis
3488 5683 3678 5753 [ιταιίἱο

2101 5772 2480 5844 νίοιί,λριιι·ιὶηι
2505 5776 2814 5843 caeduntur,
2840 5778 3037 5847 partim
3071 5777 3436 5846 dissipantur.
3461 5775 3680 5829 Aristo-

2112 5863 2277 5923 bulus
2308 5880 2440 5922 vero
2474 5866 2636 5940 225
2662 5884 2787 5925 cum
2819 5868 2968 5926 Inillc
2998 5868 3129 5925 viris
3156 5869 3597 5924 Machaeruntcm.
3620 5881 3682 5921 se
