4074 6400
383 423 491 488 ωε

1652 428 1976 489 JOANNIS
2017 387 2340 487 zonam

3547 426 3654 490 404

381 545 618 600 contulit
651 563 662 599 :
702 559 767 600 ac
814 545 984 600 biduo
1033 555 1155 617 post
1196 547 1474 602 sauciatus
1505 557 1561 604 et
1600 558 1815 618 captus,
1855 562 1962 601 una

2067 547 2286 600 ἑαυτοῦ.
2311 543 2422 599 Kal
2440 542 2619 614 μάχης
2645 540 2830 604 αὐτοῖς
2855 540 2989 612 πρὸς
3022 540 3330 612 Ῥωμαίους
3353 561 3653 616 συγκροτη·

379 653 506 692 cum
533 638 809 709 Antigono
839 640 952 695 [ilio
983 639 1122 709 fuga:
1166 641 1319 695 socio
1345 640 1411 695 ad
1441 639 1735 696 Gabinium
1765 639 1966 709 perdu-

380 729 548 794 citur,
578 741 634 785 et
665 731 851 785 denuo
902 732 1133 788 Romam
1179 732 1404 798 missus,
1440 732 1496 787 in
1536 731 1772 787 vinculis
1812 741 1968 786 teneo

385 831 498 888 tur,
530 839 698 891 regno
723 832 778 877 et
811 823 1138 894 pontificatu
1174 824 1474 880 triennium
1517 823 1763 883 functus.
1800 822 1966 878 Gabi-

382 915 512 970 nius
530 932 661 971 vero
683 915 979 988 IE-gyptum
1009 915 1308 987 proiectus,
1337 927 1503 986 atque
1533 915 1660 971 inde
1687 931 1963 983 reversus,

383 1010 594 1078 reperit
635 1009 1010 1065 Alexandrum
1055 1026 1180 1065 cum
1215 1025 1413 1081 magno
1445 1010 1692 1065 exercitu
1718 1009 1963 1065 Iudaeam

381 1098 704 1165 obeuntem,
740 1110 796 1156 et
837 1100 1034 1156 obvios
1079 1117 1329 1171 quosque
1370 1102 1650 1158 Romanos
1682 1101 1966 1155 trucidan-

382 1199 516 1248 tem.
568 1191 707 1246 Cum
745 1208 813 1248 eo
858 1193 1024 1263 igitur
1054 1193 1278 1263 triginta
1307 1193 1624 1249 Judazorum
1652 1193 1821 1247 millia
1855 1191 1962 1246 du-

309 1339 314 1344 .
382 1291 564 1348 ceute,
593 1285 748 1354 juxta
774 1296 1014 1344 montem
1037 1287 1332 1359 ltabyrium
1365 1297 1716 1359 congressus,
1739 1289 1966 1344 circiter

382 1374 574 1431 decem
623 1378 792 1434 millia
839 1379 1060 1444 occidit,
1119 1389 1176 1434 et
1229 1380 1744 1453 Hierosolymitanis
1797 1381 1965 1437 rebus

379 1484 449 1524 ex
499 1470 776 1542 Antipatri
807 1475 1084 1529 sententia
1131 1475 1473 1541 constitutis,
1521 1486 1580 1532 et
1627 1476 1752 1531 aliis
1783 1477 1962 1548 magni

379 1562 735 1633 imperatoris
783 1567 1047 1637 operibus
1086 1569 1270 1634 editis,
1309 1570 1597 1639 provincia
1626 1570 1826 1625 Crasso
1855 1581 1968 1625 tra-

379 1653 516 1718 dita,
574 1655 803 1712 Ruinam
855 1657 1134 1714 discessit.
1192 1660 1424 1716 Crassus
1480 1670 1666 1715 autem
1717 1659 1963 1716 Judzcam

378 1743 683 1813 ingressus,
740 1751 926 1818 templi
975 1749 1459 1822 Hierosolymitani
1495 1753 1807 1822 pecuniam,
1843 1768 1967 1824 quae

377 1836 465 1892 bis
514 1839 665 1894 mille
723 1843 926 1896 talenta
980 1854 1162 1909 erant,
1211 1845 1462 1908 abstulit,
1519 1855 1686 1915 atque
1740 1861 1961 1900 omnem

377 1931 571 2000 templi
598 1945 856 1990 ornatum
878 1936 1157 2005 spoliavit.
1181 1937 1274 2007 qui
1305 1939 1372 1992 ad
1407 1939 1612 1993 talenta
1645 1941 1766 1993 auri
1790 1940 1998 2011 octies,

378 2022 530 2078 mille
558 2025 952 2092 aestimabatur,
988 2029 1193 2099 Rapuit
1243 2039 1300 2084 et
1354 2031 1564 2086 trabem
1603 2047 1669 2085 ex
1717 2032 1836 2086 auri
1869 2047 1966 2088 ccc

377 2112 549 2172 minis
577 2113 957 2172 fabrefactam.
982 2117 1126 2173 Hina
1152 2133 1320 2188 porro
1348 2119 1578 2176 Iudaica
1609 2120 1783 2175 libras
1809 2122 1967 2196 binas

377 2215 434 2262 et
473 2207 761 2264 semissem
799 2209 1010 2278 pendit.
1057 2210 1152 2265 His
1194 2214 1456 2281 acceptis,
1503 2221 1696 2267 contra
1732 2213 1966 2269 Parthos

377 2300 682 2370 profectus,
703 2317 826 2356 cum
852 2303 1096 2358 exercitu
1141 2303 1373 2358 interiit.
1415 2304 1566 2360 Unde
1592 2304 1815 2360 Cassius
1839 2305 1965 2373 fuga

377 2388 623 2457 elapsus,
672 2390 729 2456 in
780 2391 1024 2447 Judaaam
1069 2393 1341 2448 ascendit.
1387 2394 1546 2464 Apud
1579 2412 1766 2465 quem,
1806 2407 1866 2451 ut
1909 2405 1967 2450 et
2007 2415 2010 2417 ’

375 2481 524 2551 apud
568 2481 858 2548 Idumaeos,
900 2485 1133 2539 multum
1183 2487 1364 2556 potuit
1402 2487 1737 2557 Antipater:
1776 2488 1964 2557 ibique

376 2588 550 2629 uxore
578 2574 814 2630 Arabica
856 2575 1042 2641 ducta,
1071 2579 1296 2633 nomine
1323 2577 1522 2650 Cypro,
1565 2589 1804 2648 quatuor
1842 2595 1966 2634 sus-

375 2667 528 2737 cepit
583 2667 764 2732 ﬁlios,
829 2670 1190 2737 Phasaelum,
1254 2672 1566 2738 Herodem,
1632 2674 1961 2745 Joseplium.

377 2758 700 2826 Pheroram,
733 2771 788 2816 et
816 2761 982 2816 tiliam
1012 2762 1293 2818 Salomen.
1324 2763 1622 2833 Aliquanto
1655 2773 1779 2834 post
1801 2765 1965 2820 Caius

375 2849 556 2906 Julius
583 2850 784 2915 Caesar,
816 2863 942 2922 post
967 2854 1210 2925 Pompeii
1246 2865 1302 2911 et
1327 2857 1577 2910 maximae
1606 2857 1776 2926 partis
1799 2872 1963 2912 sena-

376 2951 469 2997 tus
533 2943 738 3015 fugam,
793 2945 1176 3002 Aristobulum
1237 2948 1473 3004 vinculis
1528 2950 1769 3006 solutum
1835 2965 1961 3004 cum

375 3036 626 3092 exercitu
659 3037 712 3091 in
747 3038 959 3110 Syriam
996 3041 1168 3095 mittit
1193 3057 1208 3096 :
1236 3041 1330 3110 qui
1359 3051 1652 3110 antequam
1680 3057 1746 3095 eo
1784 3043 1966 3097 venis-

374 3133 483 3189 set,
513 3141 544 3181 a
576 3126 928 3199 Pompeianis
963 3145 1178 3185 veneno
1209 3130 1463 3185 sublatus
1499 3144 1606 3196 est,
1653 3132 1965 3188 Alexander

2070 639 2279 709 θείσης,
2301 637 2584 709 ἡττῶνται(
2607 635 2879 694 Ἰουδαῖοι.
2897 635 2994 689 καὶ
3017 635 3315 705 φεύγουσι·
3344 640 3442 691 καὶ
3471 641 3519 692 ot
3554 639 3656 708 μὲν

2070 733 2396 796 κτείνονται,
2417 731 2798 786 σκεδάννυνται
2814 730 2871 783 δὲ
2887 729 2938 782 ot
2955 728 3155 784 λοιποί.
3173 730 3582 802 Ἀριστόϐουλος
3599 733 3654 786 δὲ

2072 827 2210 896 μετὰ
2234 825 2422 893 χιλίων
2480 825 2562 887 είς
2596 821 2991 893 Μαχαιροῦντα
3039 822 3310 891 συνέφυγε
3365 824 3506 894 μετά
3551 825 3652 877 τοῦ

2068 918 2259 980 παιδὸς
2287 914 2622 985 Ἀντιγόνου,
2648 914 2998 984 συναπώράν
3010 931 3093 976 τος
3123 915 3188 968 ἐκ
3219 913 3444 984 Ῥώμης
3475 915 3650 985 αὐτῷ.

2067 1009 2225 1066 Μετά
2250 1009 2306 1063 δὲ
2336 1008 2448 1062 δύω
2500 1007 2720 1078 ἡμέρας
2744 1006 3185 1077 τραυματισθείς
3223 1007 3392 1071 ἐάλω,
3425 1007 3521 1061 καὶ⁸
3553 1009 3655 1062 σὺν

2067 1103 2148 1174 τῷ
2177 1103 2279 1175 υίῷ
2319 1102 2616 1172 Ἀντιγόνῳ
2645 1100 2995 1171 αἰχμάλωτος
3028 1101 3167 1171 πρὸς
3199 1101 3468 1172 Γαϐήνιον
3515 1103 3653 1168 ἀγε-

2066 1215 2182 1260 ται,
2213 1197 2310 1250 καὶ
2334 1194 2728 1264 ἀναπέμπεται
2766 1190 2925 1256 αὖθις
2965 1193 3044 1256 είς
3076 1191 3317 1264 Ῥώμην,
3355 1194 3450 1246 καὶ
3475 1194 3653 1258 δεθεὶς

2067 1288 2382 1359 κατείχετο,
2417 1286 2748 1357 βασιλεύσας
2774 1284 2868 1338 καὶ
2900 1285 3338 1355 ἀρχιερατεύσας
3376 1284 3472 1352 ἔτη
3498 1286 3649 1352 τρία.

2069 1380 2337 1452 Γαϐήνιος
2389 1380 2446 1432 δὲ
2505 1379 2674 1450 ἀπῄει
2728 1379 2808 1440 είς
2837 1377 3138 1443 Αἴγυπτον.
3204 1376 3551 1430 Ἐπανελθὼν
3596 1377 3654 1431 δὲ

2067 1473 2302 1534 ἐκεῖθεν,
2340 1462 2469 1540 εὗρε
2498 1470 2590 1522 τὸν
2639 1468 3056 1540 Ἀριστοϐούλου
3076 1467 3243 1522 παῖδα
3279 1467 3653 1537 Ἀλέξανδρον,

2069 1562 2448 1634 στρατεύματι
2500 1561 2724 1632 μεγάλῳ
2772 1561 2872 1632 τὴν
2897 1559 3083 1632 χώραν
3115 1560 3364 1625 ἐπιόντα,
3389 1561 3486 1614 καὶ
3506 1561 3654 1624 ὅσοις

2068 1657 2282 1727 ἐντύχοι
2301 1657 2413 1709 τῶν
2441 1653 2734 1725 Ῥωμαίων
2753 1653 2964 1716 πάντας
2987 1651 3327 1706 κτιννύοντα.
3350 1649 3644 1722 Συμϐαλὰι

2067 1751 2161 1805 οὖν
2185 1751 2362 1822 τούτῳ
2406 1751 2533 1820 περὶ
2563 1748 2625 1802 τὸ
2687 1746 2990 1816 Ἰταϐύριον
3018 1746 3166 1817 ὅρος,
3193 1747 3555 1818 τρισμυρίους
3587 1745 3653 1800 ἄ·-

2068 1863 2220 1915 γοντι
2261 1843 2575 1906 Ἰουδαίους,
2607 1857 2810 1896 κτειιιι
2850 1847 2980 1912 περὶ
3014 1839 3264 1911 μυρίους.
3291 1841 3647 1910 Καταστησά.

2073 1955 2232 2009 μενος
2261 1937 2318 1992 δέ
2353 1937 2420 1990 τὰ
2458 1937 2515 1988 ἐν
2561 1932 2984 2004 Ἰεροσολύμοις,
3017 1932 3095 1992 ὡς
3139 1933 3168 1986 6
3207 1931 3566 2004 Ἀντίπατρος
3591 1934 3654 2003 ἦ.

2070 2030 2215 2094 θελε,
2266 2028 2361 2082 καὶ
2405 2027 2543 2080 ἄλλα
2577 2026 2634 2080 δὲ
2685 2025 3081 2096 στρατηγήσας
3129 2022 3269 2093 ἐργα
3307 2022 3540 2092 μεγάλα,
3574 2025 3654 2085 εἰς

2078 2119 2300 2190 Ῥώμην
2327 2120 2534 2190 ἀπῆρε,
2559 2115 2768 2187 Κράσῳ
2815 2114 3093 2185 παραδοὺς
3113 2114 3216 2184 τὴν
3239 2115 3440 2185 ἀρχήν.
3481 2107 3656 2178 Οὗτος

2068 2212 2124 2268 δὲ
2143 2215 2170 2266 6
2198 2211 2438 2281 Κράσος,
2459 2213 2540 2272 είς
2567 2209 2669 2280 τὴν
2704 2208 2967 2261 Ἰουδαίαν
3001 2206 3198 2268 ἐλθὼν,
3230 2207 3299 2260 τὰ
3329 2208 3389 2260 ἐν
3409 2206 3489 2277 τῷ
3521 2205 3656 2277 ίεῖῷ

2068 2308 2357 2378 χρήματα,
2390 2300 2465 2358 ὧν
2492 2303 2589 2372 οὐχ
2615 2301 2792 2373 ἥψατο
2818 2302 2846 2354 6
2868 2301 3158 2370 Πομπήϊος
3213 2295 3375 2372 (ἦσαν
3402 2299 3460 2352 δὲ
3485 2297 3648 2368 δισχίο

2069 2399 2159 2452 λια
2191 2395 2474 2467 τάλαντα),
2510 2395 2694 2448 πάντα
2719 2392 2993 2464 ἀφείλετο,
3031 2393 3127 2446 καὶ
3155 2391 3233 2446 τοι
3275 2391 3404 2445 ναὸν
3435 2389 3650 2446 περιδύ-

2070 2507 2171 2554 σας
2202 2489 2295 2543 τδν
2325 2489 2529 2558 κόσμον
2585 2487 2766 2541 πάντα
2801 2485 3100 2555 ἐσύλησεν,
3133 2487 3216 2548 είς
3251 2484 3495 2537 τάλαντα
3525 2501 3649 2555 χρυο

2069 2585 2166 2639 σοῦ
2199 2582 2588 2652 ὀκτακισχίλια
2613 2579 3046 2650 ἀριθμούμενον.
3082 2577 3284 2632 Ἐλαϐε
3314 2577 3369 2631 δὲ
3387 2577 3482 2632 καὶ
3501 2577 3656 2630 δοκὸν

2070 2676 2438 2748 σφυρήλατον,
2472 2677 2536 2727 ἐκ
2563 2672 2768 2745 χρυσοῦ
2798 2672 2952 2742 μνῶν
2988 2671 3322 2743 τριακοσίων
3349 2669 3655 2738 πεποιημέ-

2068 2788 2186 2844 νην.
2247 2769 2315 2822 Ἦ
2347 2768 2403 2822 δέ
2453 2767 2562 2838 μνᾶ
2606 2764 2740 2838 παρ’
2782 2764 3066 2827 Ἰουδαίοις
3117 2763 3270 2816 ἐλκει
3317 2763 3512 2834 λίτρας
3543 2763 3655 2815 δύω

2067 2865 2164 2918 καὶ
2189 2862 2474 2933 ἡμίσειαν.
2499 2859 2685 2914 Ταῦτα
2705 2857 2908 2920 λαϐὼν,
2934 2857 3025 2909 ἐπὶ
3057 2855 3307 2928 Πάρθους
3337 2854 3650 2924 ἐξώρμησε,

2067 2959 2162 3011 καὶ
2191 2955 2407 3025 ἐφθάρη
2443 2954 2541 3007 σὺν
2591 2951 2670 3022 τῷ
2701 2950 3098 3022 στρατεύματι.
3133 2948 3381 3010 Κάσσιος
3433 2947 3513 3010 δὲ,
3570 2948 3651 3010 είς

2067 3047 2268 3120 Συρίαν
2326 3046 2540 3100 ἐκεῖθεν
2589 3042 2801 3113 φυγὼν,
2840 3045 2920 3106 είς
2965 3042 3067 3106 τὴν
3131 3042 3399 3096 Ἰουδαίαν
3453 3041 3648 3110 ἀνέϐη.

2065 3140 2226 3208 Μέγα
2256 3136 2392 3207 γοῦν
2431 3137 2562 3208 παρ’
2603 3135 2757 3208 αὐτῷ
2781 3134 3037 3205 δεδύνητο
3066 3137 3094 3189 6
3139 3135 3524 3206 Ἀντίπατρος,
3555 3132 3655 3186 καὶ

374 3218 500 3288 ejus
539 3218 705 3284 illius,
749 3221 904 3290 jussu
956 3221 1225 3291 Pompeii.
1256 3237 1287 3275 a
1319 3221 1579 3292 Scipione
1618 3225 1800 3278 securi
1836 3240 1961 3295 per-

2067 3229 2223 3302 παρά
2269 3228 2616 3300 Ἰδουμαίοις,
2653 3228 2784 3298 παρ’
2816 3221 2897 3290 οἷς
2933 3227 3128 3293 ἄγεται
3165 3227 3279 3288 (55)
3328 3230 3568 3295 γυναῖκα
3593 3226 3654 3290 ἐξ

375 3323 594 3365 cussus.
649 3311 779 3366 Post
822 3312 1071 3382 Pompeii
1117 3314 1403 3368 interitum
1439 3315 1725 3386 Antipater
1759 3317 1962 3373 Caasari

375 3401 434 3457 in
458 3401 692 3475 Egypto
719 3409 932 3474 gerenti
960 3406 1188 3472 bellum,
1221 3416 1506 3464 strenuam
1541 3426 1763 3478 operam
1794 3414 1964 3468 totius

377 3496 509 3552 lelli
543 3506 791 3569 tempore
825 3501 1064 3566 navavit,
1117 3502 1210 3555 ubi
1257 3506 1424 3557 etiam
1476 3505 1677 3559 vulnus
1709 3507 1962 3576 accepit:

375 3598 434 3645 et
490 3605 616 3646 cum
685 3593 994 3664 Antigonus
1051 3609 1272 3663 quoque
1332 3596 1634 3652 Aristobuli
1697 3599 1843 3654 [ilius
1896 3600 1962 3655 ad

375 3682 650 3740 Ctesarem
680 3686 936 3748 venisset.
972 3697 1168 3757 petens
1199 3697 1260 3743 ut
1294 3690 1380 3744 sui
1419 3691 1780 3747 misereretur
1809 3693 1963 3762 prin-

375 3777 562 3847 cipatu
607 3777 832 3848 dejecti,
883 3789 941 3834 et
983 3782 1156 3849 patris
1200 3781 1285 3836 sui
1335 3783 1658 3838 memoriam
1691 3785 1762 3840 ob
1809 3785 1963 3840 illum

377 3869 660 3927 interfecti
686 3882 1015 3928 renovaret:
1050 3873 1360 3944 Antipater,
1382 3876 1478 3945 qui
1511 3886 1624 3931 tum
1651 3876 1724 3931 ibi
1749 3877 1962 3942 aderat,

375 3979 474 4018 sua
499 3963 824 4021 defensione
875 3965 929 4020 id
975 3965 1181 4031 effecit,
1217 3978 1277 4022 ut
1316 3967 1498 4023 Caesar
1536 3969 1810 4041 Hyrcano,
1868 3972 1963 4040 qui

373 4069 540 4110 causa
578 4056 807 4112 meliore
851 4057 955 4112 niti
992 4058 1311 4124 videretur,
1344 4060 1716 4116 sacerdOtium
1755 4063 1965 4117 contir-

377 4159 575 4213 maret,
628 4159 686 4204 et
729 4152 843 4220 ipse
882 4151 1088 4207 Judteae
1134 4162 1466 4222 procurator
1501 4156 1961 4212 constitueretur.

383 4242 573 4311 Itaque
628 4242 844 4298 Caesare
898 4242 1131 4298 Romam
1185 4233 1447 4311 abeunte,
1498 4258 1753 4318 suscepta
1800 4249 1966 4321 226

383 4350 569 4390 rerum
594 4333 796 4391 Iudaeae
824 4351 977 4401 cura,
1008 4338 1138 4406 quia
1168 4338 1480 4409 Hyrcanum
1519 4339 1737 4394 tardum
1781 4350 1837 4396 et
1870 4355 1964 4395 so-

371 4421 604 4476 cordem
652 4437 776 4478 esse
829 4425 1131 4490 cernebat,
1194 4423 1522 4480 Phasaelum
1589 4427 1763 4483 ﬁlium
1828 4440 1962 4485 natu

376 4511 677 4566 maximum
725 4511 1235 4586 Hierosolymorum
1268 4527 1324 4572 et
1359 4517 1717 4574 ﬁnitimarum
1765 4520 1961 4576 civita-

2080 3320 2363 3392 Ἀραϐίας,
2401 3319 2629 3388 Κύπρον
2649 3319 2846 3388 ὄνομα,
2880 3317 2941 3381 ἐξ
2969 3312 3036 3387 ἦς
3063 3316 3211 3387 αύτῷ
3229 3317 3500 3388 τέσσαρες
3528 3315 3654 3384 ἐγέ-

2067 3431 2223 3471 νοντο
2249 3413 2377 3481 υίοὶ,
2408 3411 2694 3482 Φασάηλος
2727 3413 2817 3464 καὶ
2857 3409 3130 3482 Ἡρώδης,
3175 3409 3376 3481 Ἰωσὴφ
3417 3409 3511 3462 καὶ
3550 3409 3654 3461 Φε-

2069 3509 2274 3580 ρώρας,
2331 3507 2426 3560 καὶ
2460 3506 2714 3576 θυγάτηρ
2771 3503 3032 3574 Σαλώμη.
3066 3503 3260 3574 Χρόνῳ
3310 3503 3368 3556 δὲ
3423 3501 3652 3570 ὕστερον

2067 3604 2291 3672 Καῖσαρ
2333 3599 2554 3663 Ἰούλιος
2581 3598 2740 3661 Γάϊος
2763 3595 3060 3666 κατασχὼν
3088 3596 3190 3669 τὴν
3230 3595 3476 3667 Ῥώμην,
3509 3594 3654 3666 μετὰ

2066 3692 2126 3744 τὸ
2161 3691 2450 3761 Πομπήϊον
2509 3689 2608 3742 καὶ
2653 3687 2714 3741 τὸ
2737 3688 2900 3741 πλέον
2941 3687 3040 3757 τῆς
3086 3687 3398 3758 συγκλήτου
3443 3686 3661 3740 ἐκεῖθεν

2067 3785 2284 3850 φυγεῖν,
2315 3781 2486 3844 λύσας
2514 3780 2608 3834 τὸν
2643 3778 3078 3850 Ἀριστόϐουλον,
3099 3781 3180 3842 είς
3207 3779 3414 3850 Συρίαν
3437 3778 3654 3848 ἔπεμψε

2069 3875 2168 3927 σὺν
2199 3872 2595 3944 στρατεύματι.
2645 3871 2808 3926 Ἀλλά
2838 3869 3148 3940 φθάσαντες
3185 3872 3234 3924 οί
3257 3872 3323 3925 τὰ
3357 3873 3652 3942 Πομπηΐου

2068 3965 2395 4037 φρονοῦντες
2447 3964 2755 4036 φαρμάκῳ-
2789 3964 2884 4018 τὸν
2927 3964 3348 4035 Ἀριστόϐουλον
3405 3965 3656 4034 διαφθεί-

2071 4075 2249 4129 ρουσι.
2282 4058 2544 4127 Σκηπίων
2573 4057 2654 4121 δὲ,
2687 4057 3104 4120 ἐπιστείλαντος
3137 4056 3289 4124 αὐτῷ
3340 4057 3653 4129 Πομπηΐου,

2065 4154 2159 4206 τὸν
2204 4150 2620 4223 Ἀριστοϐούλου
2665 4149 3018 4221 Ἀλέξανδρον
3049 4149 3356 4204 ἐπελέκισε.
3405 4150 3562 4205 Μετὰ
3598 4151 3658 4204 δὲ

2066 4251 2160 4300 τὸν
2216 4245 2507 4316 Πομπηΐου
2567 4243 2802 4297 θάνατον
2852 4244 3098 4314 Καίσαρι
3138 4243 3470 4314 πολεμοῦντι
3531 4242 3656 4298 κατ’

2065 4338 2363 4407 Αἴγυπτον,
2397 4339 2477 4400 είς
2501 4334 2672 4390 πολλὰ
2696 4336 2971 4407 χρήσιμον
2996 4337 3192 4388 ἑαυτὸν
3225 4335 3506 4407 παρέσχεν
3542 4335 3658 4390 Ἀν-

2065 4427 2354 4498 τίπατρος,
2386 4425 2528 4480 ὥστε
2571 4427 2664 4480 τὸν
2726 4426 2987 4497 Καίσαρα
3041 4427 3347 4498 κεχρῆσθαι
3387 4425 3540 4497 αύτῷ
3569 4428 3653 4491 είς

2069 4519 2248 4573 πάντα
2280 4517 2372 4572 τὸν
2402 4517 2663 4588 πόλεμον,
2691 4518 2829 4572 ὅπου
2859 4517 2956 4571 καὶ
2981 4518 3261 4590 τρωθῆναι
3309 4517 3656 4588 συμϐέϐηκεν

375 4614 494 4685 tum
526 4615 818 4675 praetorem
842 4607 1094 4678 designat
1119 4625 1133 4662 :
1159 4607 1453 4677 Herodem,
1483 4611 1560 4665 illi
1589 4621 1750 4667 aetate
1777 4613 1960 4682 proxi-

2071 4611 2254 4664 αὐτόν.
2303 4609 2506 4665 Ἐλθὼν
2532 4611 2590 4664 δέ
2615 4611 2709 4666 καὶ
2755 4588 3068 4679 Ἀντίγονος
3092 4610 3216 4663 τότε
3240 4612 3268 4664 6
3308 4609 3656 4680 Ἀριστοϐού-

377 4713 552 4761 mum,
595 4696 897 4752 admodum
935 4699 1368 4766 adolescentem,
1417 4701 1655 4758 Galilaaae
1704 4704 1958 4775 praeﬁcit.

374 4787 480 4853 Qui
512 4801 639 4842 eum
693 4802 967 4859 generoso
1021 4799 1170 4846 esset
1227 4790 1436 4859 animo,
1509 4795 1832 4865 magistratu
1898 4801 1954 4852 in

376 4880 601 4935 virtutis
655 4880 943 4936 materiam
992 4898 1284 4950 converso,
1331 4886 1626 4942 Ezechiam
1682 4889 1959 4946 latronum

377 4974 575 5028 ducem
626 4990 753 5029 cum
804 4989 1002 5044 magno
1036 4977 1201 5046 globo
1231 4977 1444 5050 Syriam
1488 4979 1776 5036 ﬁnitimam
1816 4999 1960 5053 pra:-

375 5067 624 5130 dantem,
671 5066 1159 5136 comprehensum,
1212 5071 1444 5141 ejusque
1497 5071 1778 5126 sociorum
1835 5075 1961 5143 plu-

372 5159 544 5212 rimos
572 5156 798 5212 Occidit.
847 5157 1006 5214 Unde
1046 5158 1199 5230 Syris
1245 5159 1466 5224 cltarus,
1504 5161 1668 5214 etiam
1716 5163 1771 5215 in
1804 5163 1956 5220 Sexti

370 5249 626 5314 Caesaris,
665 5252 761 5321 qui
809 5261 1077 5322 cognatus
1123 5253 1302 5324 Magni
1351 5252 1585 5309 Cmsaris
1623 5255 1792 5326 Syria!
1820 5273 1961 5318 pra:-

371 5351 556 5395 turam
592 5340 840 5410 gerebat,
873 5341 1129 5395 notitiam
1155 5343 1428 5411 pervenit.
1458 5343 1555 5398 Est
1583 5355 1639 5399 et
1664 5345 1962 5402 Pliasaclus

371 5432 600 5487 fratrem
629 5434 942 5490 aaniulatus.
964 5434 1097 5500 Quae
1127 5451 1215 5490 res
1240 5435 1571 5502 ell‘ecerunt,
1596 5449 1657 5492 ut
1674 5439 1964 5508 Antipater

369 5534 427 5580 et
461 5540 492 5580 a
523 5535 686 5596 gente
719 5527 947 5583 Judaica
984 5528 1136 5600 regio
1186 5529 1398 5584 honore
1429 5531 1728 5594 coleretur,
1763 5545 1819 5588 et
1856 5550 1962 5587 una

372 5629 502 5671 cum
534 5618 661 5673 ﬁliis
691 5635 982 5690 procerum
1027 5621 1294 5676 invidiam
1329 5622 1658 5692 susciperet,
1705 5635 1962 5680 metuen-

2068 4701 2162 4756 λου
2202 4702 2341 4774 πρὸς
2370 4702 2654 4772 Καίσαρα,
2689 4701 2863 4756 ἐδεῖτο
2909 4703 3099 4758 λαϐεῖν
3143 4698 3328 4757 οἶκτον
3357 4704 3526 4760 αὐτοῦ
3552 4705 3655 4774 τῆς

2065 4796 2244 4867 ἀρχῆς
2277 4795 2712 4867 ἐκϐεϐλημένου,
2742 4795 2962 4850 καὶτοῦ
2999 4796 3209 4866 πατρὸς
3245 4796 3650 4868 ἀνεμίμνησκε,

2067 4889 2162 4941 καὶ
2178 4889 2254 4950 ώς
2287 4886 2354 4941 δι’
2379 4886 2546 4941 αὐτὸν
2573 4886 2862 4944 ἀποθάνοι.
2894 4886 3094 4960 Παρὼν
3123 4889 3179 4942 δὲ
3209 4889 3304 4942 καὶ
3335 4891 3362 4944 6
3397 4889 3652 4943 ’Δντίπαο

2065 4997 2195 5051 τρος
2250 4980 2594 5050 ἀπελογεῖτο.
2644 4981 2927 5048 Δοξάντων
3001 4982 3058 5035 δὲ
3111 4982 3221 5035 τῶν
3269 4982 3445 5052 λόγων
3486 4985 3652 5038 αὐτοῦ

2065 5072 2572 5145 ἐπικρατεστέρων,
2614 5075 2642 5126 6
2690 5075 2914 5146 Καῖσαρ
2979 5073 3231 5147 ’Υρκανῷ
3273 5077 3373 5146 μὲν
3409 5074 3512 5146 τὴν
3555 5079 3656 5145 ἀρ-

2065 5164 2406 5235 χιερωσύνην
2434 5164 2864 5228 ἐπεϐεϐαίωσεν,
2914 5165 3277 5236 Ἀντίπατρον
3308 5167 3364 5222 δὲ
3396 5168 3651 5231 ἀπέδειξε

2061 5257 2162 5326 τῆς
2200 5257 2463 5321 Ἰουδαίας
2483 5257 2802 5328 ἐπίτροπον.
2845 5259 2934 5321 Ὠς
2957 5259 3013 5312 δὲ
3038 5261 3258 5329 Καῖσαρ
3284 5261 3364 5322 εἰς
3391 5260 3494 5330 τὴν
3526 5261 3652 5313 Ῥώο

2066 5366 2176 5418 μην
2217 5350 2412 5421 ἀπῄει,
2447 5352 2475 5404 6
2515 5350 2873 5420 Ἀντίπατρος
2907 5351 2976 5404 τὰ
3037 5353 3176 5405 κατὰ
3240 5351 3340 5423 τὴν
3387 5351 3654 5406 Ἰουδαίαν

2063 5441 2321 5496 καθίστα.
2353 5443 2567 5513 Βραδὺν
2602 5443 2659 5495 δὲ
2712 5442 2858 5513 ὁρῶν
2891 5443 2986 5496 καὶ
3025 5443 3177 5514 νωθῆ
3209 5444 3302 5497 τὸν
3361 5444 3654 5510 Ὑρκανὸν,

2061 5534 2342 5604 Φασάηλον
2373 5537 2473 5605 μὲν
2505 5536 2596 5592 τὸν
2623 5535 3002 5608 πρεσϐύτατον
3021 5537 3129 5589 τῶν
3159 5537 3387 5604 παίδων,
3427 5537 3656 5608 Ἶεροσο·

2061 5626 2307 5698 λυμιτῶν
2357 5629 2451 5682 καὶ
2485 5628 2594 5684 τῶν
2630 5628 2790 5701 πέριξ
2827 5630 3138 5701 στρατηγὸν
3169 5630 3540 5685 ἀποδείκνυσι·
3567 5629 3657 5682 τὸν

1573 5779 1772 5843 Varite
1809 5780 2117 5847 lectiones
2162 5787 2225 5845 et
2269 5793 2461 5846 noue.

441 5899 556 5968 (35)
589 5903 731 5972 Hap’
780 5899 870 5972 οἷς
925 5906 1152 5974 ἄγεται.
1201 5903 1281 5959 ita
1303 5918 1436 5961 mss.
1468 5913 1523 5963 et
1549 5904 1823 5978 Joseplius
1851 5907 1949 5965 lib.

2067 5927 2104 5982 ι,
2140 5912 2270 5984 παρ’
2305 5905 2402 5969 ὧν.
