  <div class='ocr_page' id='page_1' title='image "/cluster/home/n/w/nwhite01/storage/ocr_20150623/134:no.1/coo.31924054870393/210.png"; bbox 0 0 4074 6418; ppageno 0'>
   <div class='ocr_carea' id='block_1_1' title="bbox 473 315 2040 396">
    <p class='ocr_par' dir='ltr' id='par_1_1' title="bbox 473 315 2032 379">
     <span class='ocr_line' id='line_1_1' title="bbox 473 315 2032 379; baseline 0.002 -3"><span class='ocrx_word' id='word_1_1' title='bbox 473 317 582 378; x_wconf 64' lang='grc'>405</span> <span class='ocrx_word' id='word_1_2' title='bbox 1743 315 2032 379; x_wconf 78' lang='grc' dir='ltr'>ΑΝΝΑιΙ</span> 
     </span>
    </p>
   </div>
   <div class='ocr_carea' id='block_1_2' title="bbox 2147 315 3720 396">
    <p class='ocr_par' dir='ltr' id='par_1_2' title="bbox 2147 321 3720 396">
     <span class='ocr_line' id='line_1_2' title="bbox 2147 321 3720 396; baseline -0.001 -19"><span class='ocrx_word' id='word_1_3' title='bbox 2147 322 2153 377; x_wconf 80' lang='lat' dir='ltr'>l</span> <span class='ocrx_word' id='word_1_4' title='bbox 2187 321 2330 382; x_wconf 82' lang='lat' dir='ltr'>LIB.</span> <span class='ocrx_word' id='word_1_5' title='bbox 2375 321 2440 379; x_wconf 72' lang='grc' dir='ltr'>ν.</span> <span class='ocrx_word' id='word_1_6' title='bbox 3611 329 3720 396; x_wconf 72' lang='grc' dir='ltr'>ωδ</span> 
     </span>
    </p>
   </div>
   <div class='ocr_carea' id='block_1_3' title="bbox 465 427 2040 514">
    <p class='ocr_par' dir='ltr' id='par_1_3' title="bbox 465 427 2040 503">
     <span class='ocr_line' id='line_1_3' title="bbox 465 427 2040 503; baseline -0.001 -16"><span class='ocrx_word' id='word_1_7' title='bbox 465 432 524 488; x_wconf 76' lang='grc' dir='ltr'>δὲ</span> <span class='ocrx_word' id='word_1_8' title='bbox 553 429 671 502; x_wconf 84' lang='grc' dir='ltr'>μετ’</span> <span class='ocrx_word' id='word_1_9' title='bbox 731 427 896 484; x_wconf 80' lang='grc' dir='ltr'>αὐτὸν</span> <span class='ocrx_word' id='word_1_10' title='bbox 960 427 1232 500; x_wconf 77' lang='grc' dir='ltr'>Ἡρώδην,</span> <span class='ocrx_word' id='word_1_11' title='bbox 1273 427 1405 483; x_wconf 79' lang='grc' dir='ltr'>ὅντα</span> <span class='ocrx_word' id='word_1_12' title='bbox 1453 428 1576 482; x_wconf 79' lang='grc' dir='ltr'>λίαν</span> <span class='ocrx_word' id='word_1_13' title='bbox 1611 431 1904 496; x_wconf 79' lang='grc' dir='ltr'>νεώτατον,</span> <span class='ocrx_word' id='word_1_14' title='bbox 1955 435 2040 503; x_wconf 73' lang='grc' dir='ltr'>τῆς</span> 
     </span>
    </p>
   </div>
   <div class='ocr_carea' id='block_1_4' title="bbox 2147 427 3738 514">
    <p class='ocr_par' dir='ltr' id='par_1_4' title="bbox 2158 432 3738 514">
     <span class='ocr_line' id='line_1_4' title="bbox 2158 432 3738 514; baseline 0.004 -27"><span class='ocrx_word' id='word_1_15' title='bbox 2158 435 2293 487; x_wconf 88' lang='lat' dir='ltr'><strong>tium</strong></span> <span class='ocrx_word' id='word_1_16' title='bbox 2340 432 2631 498; x_wconf 89' lang='lat' dir='ltr'><strong>llerodem,</strong></span> <span class='ocrx_word' id='word_1_17' title='bbox 2680 449 2842 503; x_wconf 90' lang='lat' dir='ltr'><strong>quem</strong></span> <span class='ocrx_word' id='word_1_18' title='bbox 2875 433 3199 502; x_wconf 83' lang='lat' dir='ltr'><strong>violentum,</strong></span> <span class='ocrx_word' id='word_1_19' title='bbox 3241 438 3529 506; x_wconf 88' lang='lat' dir='ltr'><strong>audacem,</strong></span> <span class='ocrx_word' id='word_1_20' title='bbox 3573 451 3738 514; x_wconf 83' lang='lat' dir='ltr'><strong>atque</strong></span> 
     </span>
    </p>
   </div>
   <div class='ocr_carea' id='block_1_5' title="bbox 411 521 2040 607">
    <p class='ocr_par' dir='ltr' id='par_1_5' title="bbox 411 521 2040 607">
     <span class='ocr_line' id='line_1_5' title="bbox 411 521 2040 607; baseline -0.001 -29"><span class='ocrx_word' id='word_1_21' title='bbox 411 601 418 607; x_wconf 22' lang='grc' dir='ltr'><em>ι</em></span> <span class='ocrx_word' id='word_1_22' title='bbox 467 523 762 584; x_wconf 73' lang='grc' dir='ltr'><strong>Γαλιλαίας</strong></span> <span class='ocrx_word' id='word_1_23' title='bbox 804 521 1210 593; x_wconf 80' lang='grc' dir='ltr'>προύστήσατο.</span> <span class='ocrx_word' id='word_1_24' title='bbox 1262 522 1516 584; x_wconf 86' lang='grc' dir='ltr'>Γενναῖος</span> <span class='ocrx_word' id='word_1_25' title='bbox 1551 523 1594 575; x_wconf 76' lang='grc' dir='ltr'>δ’</span> <span class='ocrx_word' id='word_1_26' title='bbox 1626 522 1702 575; x_wconf 82' lang='grc' dir='ltr'>ὢν</span> <span class='ocrx_word' id='word_1_27' title='bbox 1729 525 1758 576; x_wconf 80' lang='grc' dir='ltr'>ὁ</span> <span class='ocrx_word' id='word_1_28' title='bbox 1795 523 2040 595; x_wconf 78' lang='grc' dir='ltr'>Ἡρώδης</span> 
     </span>
    </p>
   </div>
   <div class='ocr_carea' id='block_1_6' title="bbox 2147 521 3738 607">
    <p class='ocr_par' dir='ltr' id='par_1_6' title="bbox 2162 525 3738 601">
     <span class='ocr_line' id='line_1_6' title="bbox 2162 525 3738 601; baseline 0.004 -20"><span class='ocrx_word' id='word_1_29' title='bbox 2162 525 2380 595; x_wconf 90' lang='lat' dir='ltr'><strong>imperii</strong></span> <span class='ocrx_word' id='word_1_30' title='bbox 2439 526 2699 594; x_wconf 84' lang='lat' dir='ltr'><strong>cupidum</strong></span> <span class='ocrx_word' id='word_1_31' title='bbox 2764 537 3076 581; x_wconf 86' lang='lat' dir='ltr'><strong>cernerent.</strong></span> <span class='ocrx_word' id='word_1_32' title='bbox 3139 529 3330 598; x_wconf 89' lang='lat' dir='ltr'><strong>Itaque</strong></span> <span class='ocrx_word' id='word_1_33' title='bbox 3387 531 3738 601; x_wconf 76' lang='lat' dir='ltr'><strong>Antipatrum</strong></span> 
     </span>
    </p>
   </div>
   <div class='ocr_carea' id='block_1_7' title="bbox 463 611 2049 687">
    <p class='ocr_par' dir='ltr' id='par_1_7' title="bbox 463 611 2049 687">
     <span class='ocr_line' id='line_1_7' title="bbox 463 611 2049 687; baseline -0.005 -19"><span class='ocrx_word' id='word_1_34' title='bbox 463 618 527 668; x_wconf 66' lang='grc' dir='ltr'>τί)</span> <span class='ocrx_word' id='word_1_35' title='bbox 551 613 830 686; x_wconf 79' lang='grc' dir='ltr'>φρόνημα,</span> <span class='ocrx_word' id='word_1_36' title='bbox 865 611 1124 684; x_wconf 77' lang='grc' dir='ltr'>ἀφορμὴν</span> <span class='ocrx_word' id='word_1_37' title='bbox 1167 612 1247 674; x_wconf 89' lang='grc' dir='ltr'>είς</span> <span class='ocrx_word' id='word_1_38' title='bbox 1280 612 1541 677; x_wconf 82' lang='grc' dir='ltr'>ἐπίδειξιν</span> <span class='ocrx_word' id='word_1_39' title='bbox 1576 615 1777 684; x_wconf 79' lang='grc' dir='ltr'>ἀρετῆς</span> <span class='ocrx_word' id='word_1_40' title='bbox 1810 617 1908 684; x_wconf 79' lang='grc' dir='ltr'>τὴν</span> <span class='ocrx_word' id='word_1_41' title='bbox 1946 618 2049 687; x_wconf 81' lang='grc' dir='ltr'>ἀρ..</span> 
     </span>
    </p>
   </div>
   <div class='ocr_carea' id='block_1_8' title="bbox 465 703 2040 778">
    <p class='ocr_par' dir='ltr' id='par_1_8' title="bbox 465 703 2040 777">
     <span class='ocr_line' id='line_1_8' title="bbox 465 703 2040 777; baseline -0.001 -17"><span class='ocrx_word' id='word_1_42' title='bbox 465 708 570 776; x_wconf 75' lang='grc' dir='ltr'>χὴν</span> <span class='ocrx_word' id='word_1_43' title='bbox 624 705 940 772; x_wconf 80' lang='grc' dir='ltr'>ἐποιήσατο,</span> <span class='ocrx_word' id='word_1_44' title='bbox 979 703 1202 756; x_wconf 72' lang='grc' dir='ltr'>καὶτὸν</span> <span class='ocrx_word' id='word_1_45' title='bbox 1256 703 1593 777; x_wconf 72' lang='grc' dir='ltr'>ἀρχιλῃστὴν</span> <span class='ocrx_word' id='word_1_46' title='bbox 1639 706 1889 768; x_wconf 81' lang='grc' dir='ltr'>Ἐζεκίαν</span> <span class='ocrx_word' id='word_1_47' title='bbox 1951 710 2040 762; x_wconf 65' lang='grc' dir='ltr'>σὺν</span> 
     </span>
    </p>
   </div>
   <div class='ocr_carea' id='block_1_9' title="bbox 2147 703 3732 778">
    <p class='ocr_par' dir='ltr' id='par_1_9' title="bbox 2155 709 3732 778">
     <span class='ocr_line' id='line_1_9' title="bbox 2155 709 3732 778; baseline 0.004 -15"><span class='ocrx_word' id='word_1_48' title='bbox 2155 720 2211 764; x_wconf 90' lang='lat' dir='ltr'>et</span> <span class='ocrx_word' id='word_1_49' title='bbox 2241 709 2383 764; x_wconf 91' lang='lat' dir='ltr'><strong>lilios</strong></span> <span class='ocrx_word' id='word_1_50' title='bbox 2415 709 2533 778; x_wconf 84' lang='lat' dir='ltr'><strong>ejus</strong></span> <span class='ocrx_word' id='word_1_51' title='bbox 2560 709 2840 763; x_wconf 77' lang='lat' dir='ltr'><strong>concitant</strong></span> <span class='ocrx_word' id='word_1_52' title='bbox 2866 725 2876 760; x_wconf 93' lang='lat'>:</span> <span class='ocrx_word' id='word_1_53' title='bbox 2914 725 3094 778; x_wconf 86' lang='lat' dir='ltr'><strong>neque</strong></span> <span class='ocrx_word' id='word_1_54' title='bbox 3123 709 3270 764; x_wconf 90' lang='lat' dir='ltr'><strong>enim</strong></span> <span class='ocrx_word' id='word_1_55' title='bbox 3303 723 3590 768; x_wconf 89' lang='lat' dir='ltr'><strong>curatores</strong></span> <span class='ocrx_word' id='word_1_56' title='bbox 3609 729 3732 769; x_wconf 87' lang='lat' dir='ltr'><strong>esse</strong></span> 
     </span>
    </p>
   </div>
   <div class='ocr_carea' id='block_1_10' title="bbox 468 795 2040 871">
    <p class='ocr_par' dir='ltr' id='par_1_10' title="bbox 468 795 2040 871">
     <span class='ocr_line' id='line_1_10' title="bbox 468 795 2040 871; baseline 0.002 -20"><span class='ocrx_word' id='word_1_57' title='bbox 468 798 690 867; x_wconf 83' lang='grc' dir='ltr'>μεγάλῳ</span> <span class='ocrx_word' id='word_1_58' title='bbox 739 797 919 866; x_wconf 76' lang='grc' dir='ltr'>στίφει</span> <span class='ocrx_word' id='word_1_59' title='bbox 949 795 1019 849; x_wconf 86' lang='grc' dir='ltr'>τά</span> <span class='ocrx_word' id='word_1_60' title='bbox 1055 797 1298 866; x_wconf 85' lang='grc' dir='ltr'>προσεχῆ</span> <span class='ocrx_word' id='word_1_61' title='bbox 1330 797 1431 866; x_wconf 73' lang='grc' dir='ltr'>τῆς</span> <span class='ocrx_word' id='word_1_62' title='bbox 1485 798 1685 868; x_wconf 80' lang='grc' dir='ltr'>Συρίας</span> <span class='ocrx_word' id='word_1_63' title='bbox 1717 800 2040 871; x_wconf 72' lang='grc' dir='ltr'>ληϊζόμενον</span> 
     </span>
    </p>
   </div>
   <div class='ocr_carea' id='block_1_11' title="bbox 2147 795 3742 871">
    <p class='ocr_par' dir='ltr' id='par_1_11' title="bbox 2158 799 3742 869">
     <span class='ocr_line' id='line_1_11' title="bbox 2158 799 3742 869; baseline 0.005 -16"><span class='ocrx_word' id='word_1_64' title='bbox 2158 801 2434 869; x_wconf 82' lang='lat' dir='ltr'><strong>regiarum</strong></span> <span class='ocrx_word' id='word_1_65' title='bbox 2453 799 2822 862; x_wconf 81' lang='lat' dir='ltr'><strong>functionum,</strong></span> <span class='ocrx_word' id='word_1_66' title='bbox 2843 801 2938 855; x_wconf 92' lang='lat' dir='ltr'>sed</span> <span class='ocrx_word' id='word_1_67' title='bbox 2963 801 3238 855; x_wconf 85' lang='lat' dir='ltr'><strong>dominos.</strong></span> <span class='ocrx_word' id='word_1_68' title='bbox 3262 802 3396 857; x_wconf 84' lang='lat' dir='ltr'>Nam</span> <span class='ocrx_word' id='word_1_69' title='bbox 3427 804 3496 857; x_wconf 88' lang='lat' dir='ltr'>ab</span> <span class='ocrx_word' id='word_1_70' title='bbox 3524 803 3742 861; x_wconf 83' lang='lat' dir='ltr'><strong>Herode</strong></span> 
     </span>
    </p>
   </div>
   <div class='ocr_carea' id='block_1_12' title="bbox 467 884 2040 966">
    <p class='ocr_par' dir='ltr' id='par_1_12' title="bbox 467 884 2040 961">
     <span class='ocr_line' id='line_1_12' title="bbox 467 884 2040 961; baseline 0.003 -23"><span class='ocrx_word' id='word_1_71' title='bbox 467 884 767 949; x_wconf 64' lang='grc' dir='ltr'>συλλαϐὼν,</span> <span class='ocrx_word' id='word_1_72' title='bbox 804 885 1030 948; x_wconf 82' lang='grc' dir='ltr'>κτείνει,</span> <span class='ocrx_word' id='word_1_73' title='bbox 1069 885 1162 938; x_wconf 83' lang='grc' dir='ltr'>καὶ</span> <span class='ocrx_word' id='word_1_74' title='bbox 1217 885 1508 948; x_wconf 76' lang='grc' dir='ltr'>πλείστους</span> <span class='ocrx_word' id='word_1_75' title='bbox 1541 887 1667 950; x_wconf 77' lang='grc' dir='ltr'>τοὺς</span> <span class='ocrx_word' id='word_1_76' title='bbox 1730 889 1828 941; x_wconf 82' lang='grc' dir='ltr'>σὺν</span> <span class='ocrx_word' id='word_1_77' title='bbox 1875 889 2040 961; x_wconf 82' lang='grc' dir='ltr'>αὐτῷ·</span> 
     </span>
    </p>
   </div>
   <div class='ocr_carea' id='block_1_13' title="bbox 2147 884 3742 966">
    <p class='ocr_par' dir='ltr' id='par_1_13' title="bbox 2155 891 3742 966">
     <span class='ocr_line' id='line_1_13' title="bbox 2155 891 3742 966; baseline 0.004 -20"><span class='ocrx_word' id='word_1_78' title='bbox 2155 892 2452 947; x_wconf 84' lang='lat' dir='ltr'><strong>Ezechiam</strong></span> <span class='ocrx_word' id='word_1_79' title='bbox 2482 907 2606 946; x_wconf 92' lang='lat' dir='ltr'>cum</span> <span class='ocrx_word' id='word_1_80' title='bbox 2639 891 2828 948; x_wconf 88' lang='lat' dir='ltr'><strong>multis</strong></span> <span class='ocrx_word' id='word_1_81' title='bbox 2871 893 3117 948; x_wconf 82' lang='lat' dir='ltr'><strong>occisum</strong></span> <span class='ocrx_word' id='word_1_82' title='bbox 3156 909 3278 949; x_wconf 85' lang='lat' dir='ltr'><strong>esse</strong></span> <span class='ocrx_word' id='word_1_83' title='bbox 3311 913 3324 948; x_wconf 94' lang='lat'><strong>:</strong></span> <span class='ocrx_word' id='word_1_84' title='bbox 3362 911 3488 950; x_wconf 90' lang='lat' dir='ltr'>cum</span> <span class='ocrx_word' id='word_1_85' title='bbox 3526 897 3742 966; x_wconf 83' lang='lat' dir='ltr'><strong>legibus</strong></span> 
     </span>
    </p>
   </div>
   <div class='ocr_carea' id='block_1_14' title="bbox 465 974 2040 1052">
    <p class='ocr_par' dir='ltr' id='par_1_14' title="bbox 465 974 2040 1046">
     <span class='ocr_line' id='line_1_14' title="bbox 465 974 2040 1046; baseline 0.001 -16"><span class='ocrx_word' id='word_1_86' title='bbox 465 977 588 1030; x_wconf 60' lang='grc' dir='ltr'>ὅθεν</span> <span class='ocrx_word' id='word_1_87' title='bbox 617 978 726 1038; x_wconf 83' lang='grc' dir='ltr'>τοῖς</span> <span class='ocrx_word' id='word_1_88' title='bbox 758 975 951 1046; x_wconf 83' lang='grc' dir='ltr'>Σύροις</span> <span class='ocrx_word' id='word_1_89' title='bbox 974 975 1259 1043; x_wconf 85' lang='grc' dir='ltr'>πεφίλητο.</span> <span class='ocrx_word' id='word_1_90' title='bbox 1293 974 1539 1042; x_wconf 80' lang='grc' dir='ltr'>Ἐγένετο</span> <span class='ocrx_word' id='word_1_91' title='bbox 1565 975 1620 1028; x_wconf 79' lang='grc' dir='ltr'>δὲ</span> <span class='ocrx_word' id='word_1_92' title='bbox 1651 975 1738 1030; x_wconf 68' lang='grc' dir='ltr'>διὰ</span> <span class='ocrx_word' id='word_1_93' title='bbox 1769 977 1927 1032; x_wconf 75' lang='grc' dir='ltr'>τοῦτο</span> <span class='ocrx_word' id='word_1_94' title='bbox 1953 979 2040 1034; x_wconf 75' lang='grc' dir='ltr'>καὶ</span> 
     </span>
    </p>
   </div>
   <div class='ocr_carea' id='block_1_15' title="bbox 2147 974 3740 1052">
    <p class='ocr_par' dir='ltr' id='par_1_15' title="bbox 2152 982 3740 1052">
     <span class='ocr_line' id='line_1_15' title="bbox 2152 982 3740 1052; baseline 0.001 -16"><span class='ocrx_word' id='word_1_95' title='bbox 2152 991 2384 1036; x_wconf 86' lang='lat' dir='ltr'><strong>cautum</strong></span> <span class='ocrx_word' id='word_1_96' title='bbox 2424 982 2516 1045; x_wconf 88' lang='lat' dir='ltr'><strong>sit,</strong></span> <span class='ocrx_word' id='word_1_97' title='bbox 2545 997 2612 1036; x_wconf 90' lang='lat' dir='ltr'>ne</span> <span class='ocrx_word' id='word_1_98' title='bbox 2655 983 2802 1051; x_wconf 87' lang='lat' dir='ltr'><strong>quis,</strong></span> <span class='ocrx_word' id='word_1_99' title='bbox 2835 984 3085 1052; x_wconf 80' lang='lat' dir='ltr'>quamvis</span> <span class='ocrx_word' id='word_1_100' title='bbox 3117 984 3424 1052; x_wconf 88' lang='lat' dir='ltr'><strong>improbus,</strong></span> <span class='ocrx_word' id='word_1_101' title='bbox 3457 986 3574 1039; x_wconf 86' lang='lat' dir='ltr'><strong>sine</strong></span> <span class='ocrx_word' id='word_1_102' title='bbox 3607 1002 3740 1039; x_wconf 90' lang='lat' dir='ltr'><strong>con-</strong></span> 
     </span>
    </p>
   </div>
   <div class='ocr_carea' id='block_1_16' title="bbox 411 1056 2040 1145">
    <p class='ocr_par' dir='ltr' id='par_1_16' title="bbox 411 1066 2040 1145">
     <span class='ocr_line' id='line_1_16' title="bbox 411 1066 2040 1145; baseline 0.001 -25"><span class='ocrx_word' id='word_1_103' title='bbox 411 1082 418 1087; x_wconf 84' lang='lat'>&#39;</span> <span class='ocrx_word' id='word_1_104' title='bbox 466 1068 643 1138; x_wconf 75' lang='grc' dir='ltr'>Σέξτῳ</span> <span class='ocrx_word' id='word_1_105' title='bbox 698 1066 936 1135; x_wconf 76' lang='grc' dir='ltr'>Καίσαρι</span> <span class='ocrx_word' id='word_1_106' title='bbox 970 1066 1270 1145; x_wconf 83' lang='grc' dir='ltr'>γνώριμος,</span> <span class='ocrx_word' id='word_1_107' title='bbox 1295 1066 1408 1118; x_wconf 76' lang='grc' dir='ltr'>ὄντι</span> <span class='ocrx_word' id='word_1_108' title='bbox 1430 1066 1792 1145; x_wconf 34' lang='grc' dir='ltr'>τοῦλμεγάλου</span> <span class='ocrx_word' id='word_1_109' title='bbox 1826 1069 2040 1122; x_wconf 82' lang='grc' dir='ltr'>Καίσα-</span> 
     </span>
    </p>
   </div>
   <div class='ocr_carea' id='block_1_17' title="bbox 2147 1056 3740 1145">
    <p class='ocr_par' dir='ltr' id='par_1_17' title="bbox 2153 1056 3740 1145">
     <span class='ocr_line' id='line_1_17' title="bbox 2153 1056 3740 1145; baseline 0.001 -17"><span class='ocrx_word' id='word_1_110' title='bbox 2153 1073 2265 1128; x_wconf 89' lang='lat' dir='ltr'><strong>cilii</strong></span> <span class='ocrx_word' id='word_1_111' title='bbox 2326 1056 2602 1129; x_wconf 87' lang='lat' dir='ltr'><strong>sententia</strong></span> <span class='ocrx_word' id='word_1_112' title='bbox 2657 1074 3084 1130; x_wconf 85' lang='lat' dir='ltr'><strong>condemnetur.</strong></span> <span class='ocrx_word' id='word_1_113' title='bbox 3136 1075 3422 1145; x_wconf 77' lang='lat' dir='ltr'><strong>Hyrcanus</strong></span> <span class='ocrx_word' id='word_1_114' title='bbox 3471 1091 3595 1130; x_wconf 91' lang='lat' dir='ltr'>cum</span> <span class='ocrx_word' id='word_1_115' title='bbox 3651 1076 3740 1130; x_wconf 86' lang='lat' dir='ltr'>his</span> 
     </span>
    </p>
   </div>
   <div class='ocr_carea' id='block_1_18' title="bbox 2157 616 3816 686">
    <p class='ocr_par' dir='ltr' id='par_1_18' title="bbox 2157 616 3816 686">
     <span class='ocr_line' id='line_1_18' title="bbox 2157 616 3816 686; baseline 0.005 -17"><span class='ocrx_word' id='word_1_116' title='bbox 2157 617 2302 684; x_wconf 87' lang='lat' dir='ltr'><strong>apud</strong></span> <span class='ocrx_word' id='word_1_117' title='bbox 2333 616 2645 686; x_wconf 80' lang='lat' dir='ltr'><strong>Hyrcanum</strong></span> <span class='ocrx_word' id='word_1_118' title='bbox 2670 626 2953 682; x_wconf 82' lang='lat' dir='ltr'><strong>accusant,</strong></span> <span class='ocrx_word' id='word_1_119' title='bbox 2978 626 3034 670; x_wconf 89' lang='lat' dir='ltr'>et</span> <span class='ocrx_word' id='word_1_120' title='bbox 3055 618 3334 674; x_wconf 81' lang='lat' dir='ltr'><strong>hominem</strong></span> <span class='ocrx_word' id='word_1_121' title='bbox 3368 632 3557 676; x_wconf 91' lang='lat' dir='ltr'><strong>contra</strong></span> <span class='ocrx_word' id='word_1_122' title='bbox 3577 623 3730 677; x_wconf 86' lang='lat' dir='ltr'><strong>illum</strong></span> <span class='ocrx_word' id='word_1_123' title='bbox 3806 641 3816 664; x_wconf 76' lang='grc' dir='ltr'><em>ν</em></span> 
     </span>
    </p>
   </div>
   <div class='ocr_carea' id='block_1_19' title="bbox 469 1129 2039 1230">
    <p class='ocr_par' dir='ltr' id='par_1_19' title="bbox 469 1129 2039 1230">
     <span class='ocr_line' id='line_1_19' title="bbox 469 1129 2039 1230; baseline 0.002 -18"><span class='ocrx_word' id='word_1_124' title='bbox 469 1129 561 1228; x_wconf 77' lang='grc' dir='ltr'>ρος</span> <span class='ocrx_word' id='word_1_125' title='bbox 589 1129 866 1227; x_wconf 75' lang='grc' dir='ltr'>συγγενεῖ,</span> <span class='ocrx_word' id='word_1_126' title='bbox 885 1129 1002 1212; x_wconf 43' lang='grc' dir='ltr'>-καί</span> <span class='ocrx_word' id='word_1_127' title='bbox 1029 1129 1270 1228; x_wconf 56' lang='grc' dir='ltr'>ἄρχοντί</span> <span class='ocrx_word' id='word_1_128' title='bbox 1294 1158 1395 1228; x_wconf 86' lang='grc' dir='ltr'>τῆς</span> <span class='ocrx_word' id='word_1_129' title='bbox 1426 1129 1648 1230; x_wconf 52' lang='grc' dir='ltr'>Συᾶαςί</span> <span class='ocrx_word' id='word_1_130' title='bbox 1682 1160 1844 1228; x_wconf 82' lang='grc' dir='ltr'>Ζηλοῖ</span> <span class='ocrx_word' id='word_1_131' title='bbox 1869 1161 1926 1214; x_wconf 81' lang='grc' dir='ltr'>δὲ</span> <span class='ocrx_word' id='word_1_132' title='bbox 1947 1161 2039 1216; x_wconf 84' lang='grc' dir='ltr'>τὸν</span> 
     </span>
    </p>
   </div>
   <div class='ocr_carea' id='block_1_20' title="bbox 464 1249 2042 1320">
    <p class='ocr_par' dir='ltr' id='par_1_20' title="bbox 464 1249 2042 1320">
     <span class='ocr_line' id='line_1_20' title="bbox 464 1249 2042 1320; baseline 0.001 -17"><span class='ocrx_word' id='word_1_133' title='bbox 464 1251 694 1318; x_wconf 77' lang='grc' dir='ltr'>ἀδελφὸν</span> <span class='ocrx_word' id='word_1_134' title='bbox 739 1251 834 1304; x_wconf 78' lang='grc' dir='ltr'>καὶ</span> <span class='ocrx_word' id='word_1_135' title='bbox 860 1249 1165 1318; x_wconf 80' lang='grc' dir='ltr'>Φασάηλος.</span> <span class='ocrx_word' id='word_1_136' title='bbox 1203 1249 1389 1304; x_wconf 85' lang='grc' dir='ltr'>Ταῦτα</span> <span class='ocrx_word' id='word_1_137' title='bbox 1430 1249 1489 1303; x_wconf 86' lang='grc' dir='ltr'>δέ</span> <span class='ocrx_word' id='word_1_138' title='bbox 1520 1251 1694 1304; x_wconf 79' lang='grc' dir='ltr'>ἐποίει</span> <span class='ocrx_word' id='word_1_139' title='bbox 1741 1253 1907 1320; x_wconf 80' lang='grc' dir='ltr'>τιμῆς</span> <span class='ocrx_word' id='word_1_140' title='bbox 1937 1252 2042 1306; x_wconf 76' lang='grc' dir='ltr'>ὑπὸ</span> 
     </span>
    </p>
   </div>
   <div class='ocr_carea' id='block_1_21' title="bbox 461 1339 2037 1414">
    <p class='ocr_par' dir='ltr' id='par_1_21' title="bbox 461 1339 2037 1414">
     <span class='ocr_line' id='line_1_21' title="bbox 461 1339 2037 1414; baseline 0.002 -19"><span class='ocrx_word' id='word_1_141' title='bbox 461 1343 555 1396; x_wconf 73' lang='grc' dir='ltr'>τοῦ</span> <span class='ocrx_word' id='word_1_142' title='bbox 614 1342 800 1404; x_wconf 73' lang='grc' dir='ltr'>ἔθνους</span> <span class='ocrx_word' id='word_1_143' title='bbox 849 1341 1143 1411; x_wconf 79' lang='grc' dir='ltr'>τυγχάνειν</span> <span class='ocrx_word' id='word_1_144' title='bbox 1181 1339 1471 1410; x_wconf 78' lang='grc' dir='ltr'>βασιλικῆς</span> <span class='ocrx_word' id='word_1_145' title='bbox 1499 1341 1592 1396; x_wconf 82' lang='grc' dir='ltr'>τὸν</span> <span class='ocrx_word' id='word_1_146' title='bbox 1657 1341 2037 1414; x_wconf 71' lang='grc' dir='ltr'>Ἀντίπατρον.</span> 
     </span>
    </p>
   </div>
   <div class='ocr_carea' id='block_1_22' title="bbox 464 1432 2041 1488">
    <p class='ocr_par' dir='ltr' id='par_1_22' title="bbox 464 1432 2041 1488">
     <span class='ocr_line' id='line_1_22' title="bbox 464 1432 2041 1488; baseline 0.001 -2"><span class='ocrx_word' id='word_1_147' title='bbox 464 1435 604 1486; x_wconf 62' lang='lat' dir='ltr'><strong>(uae</strong></span> <span class='ocrx_word' id='word_1_148' title='bbox 640 1437 695 1487; x_wconf 81' lang='grc' dir='ltr'>ἐν</span> <span class='ocrx_word' id='word_1_149' title='bbox 737 1433 882 1487; x_wconf 85' lang='grc' dir='ltr'>τέλει</span> <span class='ocrx_word' id='word_1_150' title='bbox 921 1435 1030 1486; x_wconf 82' lang='grc' dir='ltr'>τῶν</span> <span class='ocrx_word' id='word_1_151' title='bbox 1072 1433 1344 1487; x_wconf 81' lang='grc' dir='ltr'>Ἰουδαίων</span> <span class='ocrx_word' id='word_1_152' title='bbox 1376 1433 1462 1486; x_wconf 67' lang='grc' dir='ltr'>διὰ</span> <span class='ocrx_word' id='word_1_153' title='bbox 1506 1432 1678 1486; x_wconf 79' lang='grc' dir='ltr'>ταῦτα</span> <span class='ocrx_word' id='word_1_154' title='bbox 1710 1434 2041 1488; x_wconf 80' lang='grc' dir='ltr'>ἐϐάσκαινον</span> 
     </span>
    </p>
   </div>
   <div class='ocr_carea' id='block_1_23' title="bbox 463 1522 2037 1594">
    <p class='ocr_par' dir='ltr' id='par_1_23' title="bbox 463 1522 2037 1594">
     <span class='ocr_line' id='line_1_23' title="bbox 463 1522 2037 1594; baseline -0.001 -16"><span class='ocrx_word' id='word_1_155' title='bbox 463 1526 540 1594; x_wconf 58' lang='grc' dir='ltr'>τί)</span> <span class='ocrx_word' id='word_1_156' title='bbox 583 1525 930 1593; x_wconf 72' lang='grc' dir='ltr'>Ἀντιπάτρῳ</span> <span class='ocrx_word' id='word_1_157' title='bbox 959 1525 1054 1576; x_wconf 76' lang='grc' dir='ltr'>καὶ</span> <span class='ocrx_word' id='word_1_158' title='bbox 1082 1528 1194 1588; x_wconf 84' lang='grc' dir='ltr'>τοῖς</span> <span class='ocrx_word' id='word_1_159' title='bbox 1221 1526 1354 1588; x_wconf 89' lang='grc' dir='ltr'>υίοῖς</span> <span class='ocrx_word' id='word_1_160' title='bbox 1381 1522 1571 1588; x_wconf 70' lang='grc' dir='ltr'>αὑτοῦ,</span> <span class='ocrx_word' id='word_1_161' title='bbox 1599 1525 1694 1577; x_wconf 72' lang='grc' dir='ltr'>καὶ</span> <span class='ocrx_word' id='word_1_162' title='bbox 1744 1524 2037 1590; x_wconf 87' lang='grc' dir='ltr'>ἐδεδίεσαν,</span> 
     </span>
    </p>
   </div>
   <div class='ocr_carea' id='block_1_24' title="bbox 460 1614 2041 1686">
    <p class='ocr_par' dir='ltr' id='par_1_24' title="bbox 460 1614 2041 1686">
     <span class='ocr_line' id='line_1_24' title="bbox 460 1614 2041 1686; baseline 0.001 -19"><span class='ocrx_word' id='word_1_163' title='bbox 460 1616 694 1683; x_wconf 63' lang='grc' dir='ltr'>ὁρώντς</span> <span class='ocrx_word' id='word_1_164' title='bbox 727 1615 897 1685; x_wconf 82' lang='grc' dir='ltr'>βίαιον</span> <span class='ocrx_word' id='word_1_165' title='bbox 930 1615 1027 1668; x_wconf 79' lang='grc' dir='ltr'>καὶ</span> <span class='ocrx_word' id='word_1_166' title='bbox 1054 1615 1328 1686; x_wconf 80' lang='grc' dir='ltr'>τολμηρὸν</span> <span class='ocrx_word' id='word_1_167' title='bbox 1375 1614 1468 1668; x_wconf 80' lang='grc' dir='ltr'>τὸν</span> <span class='ocrx_word' id='word_1_168' title='bbox 1510 1615 1779 1685; x_wconf 82' lang='grc' dir='ltr'>Ἡρώδην,</span> <span class='ocrx_word' id='word_1_169' title='bbox 1821 1617 1916 1668; x_wconf 78' lang='grc' dir='ltr'>καὶ</span> <span class='ocrx_word' id='word_1_170' title='bbox 1944 1633 2041 1669; x_wconf 81' lang='grc' dir='ltr'>τυο</span> 
     </span>
    </p>
   </div>
   <div class='ocr_carea' id='block_1_25' title="bbox 466 1707 2036 1778">
    <p class='ocr_par' dir='ltr' id='par_1_25' title="bbox 466 1707 2036 1778">
     <span class='ocr_line' id='line_1_25' title="bbox 466 1707 2036 1778; baseline -0.001 -18"><span class='ocrx_word' id='word_1_171' title='bbox 466 1707 708 1776; x_wconf 79' lang='grc' dir='ltr'>ραννίδος</span> <span class='ocrx_word' id='word_1_172' title='bbox 735 1707 969 1776; x_wconf 81' lang='grc' dir='ltr'>ἐρῶντα,</span> <span class='ocrx_word' id='word_1_173' title='bbox 1001 1708 1096 1760; x_wconf 75' lang='grc' dir='ltr'>καὶ</span> <span class='ocrx_word' id='word_1_174' title='bbox 1125 1707 1466 1778; x_wconf 81' lang='grc' dir='ltr'>κατηγόρουν</span> <span class='ocrx_word' id='word_1_175' title='bbox 1503 1709 1865 1778; x_wconf 82' lang='grc' dir='ltr'>Ἀντιπάτρου</span> <span class='ocrx_word' id='word_1_176' title='bbox 1902 1708 2036 1777; x_wconf 63' lang='grc' dir='ltr'>προς</span> 
     </span>
    </p>
   </div>
   <div class='ocr_carea' id='block_1_26' title="bbox 2152 1165 3736 1236">
    <p class='ocr_par' dir='ltr' id='par_1_26' title="bbox 2152 1165 3736 1236">
     <span class='ocr_line' id='line_1_26' title="bbox 2152 1165 3736 1236; baseline 0.002 -19"><span class='ocrx_word' id='word_1_177' title='bbox 2152 1165 2356 1228; x_wconf 82' lang='lat' dir='ltr'><strong>verbis,</strong></span> <span class='ocrx_word' id='word_1_178' title='bbox 2402 1174 2516 1219; x_wconf 90' lang='lat' dir='ltr'>tum</span> <span class='ocrx_word' id='word_1_179' title='bbox 2566 1174 2802 1225; x_wconf 87' lang='lat' dir='ltr'><strong>matrum</strong></span> <span class='ocrx_word' id='word_1_180' title='bbox 2849 1166 3269 1220; x_wconf 80' lang='lat' dir='ltr'><strong>interfectorum</strong></span> <span class='ocrx_word' id='word_1_181' title='bbox 3309 1167 3552 1236; x_wconf 86' lang='lat' dir='ltr'><strong>querelis</strong></span> <span class='ocrx_word' id='word_1_182' title='bbox 3582 1168 3736 1220; x_wconf 89' lang='lat' dir='ltr'><strong>illum</strong></span> 
     </span>
    </p>
   </div>
   <div class='ocr_carea' id='block_1_27' title="bbox 2151 1252 3736 1324">
    <p class='ocr_par' dir='ltr' id='par_1_27' title="bbox 2151 1252 3736 1324">
     <span class='ocr_line' id='line_1_27' title="bbox 2151 1252 3736 1324; baseline 0.003 -18"><span class='ocrx_word' id='word_1_183' title='bbox 2151 1252 2217 1306; x_wconf 90' lang='lat' dir='ltr'>ad</span> <span class='ocrx_word' id='word_1_184' title='bbox 2250 1253 2582 1324; x_wconf 82' lang='lat' dir='ltr'><strong>supplicium</strong></span> <span class='ocrx_word' id='word_1_185' title='bbox 2606 1253 2991 1324; x_wconf 75' lang='lat' dir='ltr'><strong>ﬂagitantium,</strong></span> <span class='ocrx_word' id='word_1_186' title='bbox 3019 1256 3098 1309; x_wconf 90' lang='lat' dir='ltr'>ira</span> <span class='ocrx_word' id='word_1_187' title='bbox 3120 1255 3736 1318; x_wconf 72' lang='lat' dir='ltr'><strong>counmotuleerodem</strong></span> 
     </span>
    </p>
   </div>
   <div class='ocr_carea' id='block_1_28' title="bbox 2149 1346 3737 1418">
    <p class='ocr_par' dir='ltr' id='par_1_28' title="bbox 2149 1346 3737 1418">
     <span class='ocr_line' id='line_1_28' title="bbox 2149 1346 3737 1418; baseline 0.003 -19"><span class='ocrx_word' id='word_1_188' title='bbox 2149 1346 2214 1399; x_wconf 85' lang='lat' dir='ltr'>ad</span> <span class='ocrx_word' id='word_1_189' title='bbox 2247 1360 2468 1400; x_wconf 87' lang='lat' dir='ltr'><strong>causam</strong></span> <span class='ocrx_word' id='word_1_190' title='bbox 2509 1346 2801 1405; x_wconf 84' lang='lat' dir='ltr'><strong>dicendam</strong></span> <span class='ocrx_word' id='word_1_191' title='bbox 2853 1348 3110 1402; x_wconf 83' lang='lat' dir='ltr'><strong>accersit.</strong></span> <span class='ocrx_word' id='word_1_192' title='bbox 3149 1349 3197 1402; x_wconf 91' lang='lat' dir='ltr'><strong>Is</strong></span> <span class='ocrx_word' id='word_1_193' title='bbox 3237 1364 3371 1402; x_wconf 88' lang='lat' dir='ltr'><strong>vero</strong></span> <span class='ocrx_word' id='word_1_194' title='bbox 3425 1363 3550 1411; x_wconf 85' lang='lat' dir='ltr'>cum</span> <span class='ocrx_word' id='word_1_195' title='bbox 3589 1348 3737 1418; x_wconf 87' lang='lat' dir='ltr'><strong>justa</strong></span> 
     </span>
    </p>
   </div>
   <div class='ocr_carea' id='block_1_29' title="bbox 2149 1437 3736 1507">
    <p class='ocr_par' dir='ltr' id='par_1_29' title="bbox 2149 1437 3736 1507">
     <span class='ocr_line' id='line_1_29' title="bbox 2149 1437 3736 1507; baseline 0.001 -15"><span class='ocrx_word' id='word_1_196' title='bbox 2149 1437 2382 1492; x_wconf 85' lang='lat' dir='ltr'><strong>cohorte</strong></span> <span class='ocrx_word' id='word_1_197' title='bbox 2405 1438 2578 1500; x_wconf 82' lang='lat' dir='ltr'><strong>venit,</strong></span> <span class='ocrx_word' id='word_1_198' title='bbox 2607 1452 2676 1492; x_wconf 88' lang='lat' dir='ltr'>ne</span> <span class='ocrx_word' id='word_1_199' title='bbox 2702 1438 2883 1494; x_wconf 89' lang='lat' dir='ltr'><strong>nudus</strong></span> <span class='ocrx_word' id='word_1_200' title='bbox 2907 1447 2964 1493; x_wconf 91' lang='lat' dir='ltr'>et</span> <span class='ocrx_word' id='word_1_201' title='bbox 2996 1437 3368 1492; x_wconf 81' lang='lat' dir='ltr'><strong>incustoditus</strong></span> <span class='ocrx_word' id='word_1_202' title='bbox 3396 1438 3451 1491; x_wconf 93' lang='lat' dir='ltr'>in</span> <span class='ocrx_word' id='word_1_203' title='bbox 3475 1439 3566 1507; x_wconf 85' lang='lat' dir='ltr'><strong>jus</strong></span> <span class='ocrx_word' id='word_1_204' title='bbox 3587 1437 3693 1492; x_wconf 88' lang='lat' dir='ltr'><strong>iret</strong></span> <span class='ocrx_word' id='word_1_205' title='bbox 3716 1455 3736 1494; x_wconf 86' lang='lat'><strong>:</strong></span> 
     </span>
    </p>
   </div>
   <div class='ocr_carea' id='block_1_30' title="bbox 2148 1525 3738 1598">
    <p class='ocr_par' dir='ltr' id='par_1_30' title="bbox 2148 1525 3738 1598">
     <span class='ocr_line' id='line_1_30' title="bbox 2148 1525 3738 1598; baseline -0.003 -17"><span class='ocrx_word' id='word_1_206' title='bbox 2148 1538 2204 1582; x_wconf 90' lang='lat' dir='ltr'>et</span> <span class='ocrx_word' id='word_1_207' title='bbox 2231 1527 2310 1581; x_wconf 89' lang='lat' dir='ltr'>sic</span> <span class='ocrx_word' id='word_1_208' title='bbox 2347 1526 2670 1596; x_wconf 67' lang='lat' dir='ltr'><strong>praetorium</strong></span> <span class='ocrx_word' id='word_1_209' title='bbox 2715 1527 3022 1598; x_wconf 78' lang='lat' dir='ltr'><strong>ingressus,</strong></span> <span class='ocrx_word' id='word_1_210' title='bbox 3068 1528 3143 1581; x_wconf 89' lang='lat' dir='ltr'>ita</span> <span class='ocrx_word' id='word_1_211' title='bbox 3185 1542 3382 1582; x_wconf 87' lang='lat' dir='ltr'><strong>omnes</strong></span> <span class='ocrx_word' id='word_1_212' title='bbox 3413 1525 3632 1591; x_wconf 86' lang='lat' dir='ltr'><strong>terruit,</strong></span> <span class='ocrx_word' id='word_1_213' title='bbox 3673 1535 3738 1579; x_wconf 90' lang='lat' dir='ltr'>ut</span> 
     </span>
    </p>
   </div>
   <div class='ocr_carea' id='block_1_31' title="bbox 2147 1616 3737 1688">
    <p class='ocr_par' dir='ltr' id='par_1_31' title="bbox 2147 1616 3737 1688">
     <span class='ocr_line' id='line_1_31' title="bbox 2147 1616 3737 1688; baseline -0.003 -15"><span class='ocrx_word' id='word_1_214' title='bbox 2147 1619 2370 1674; x_wconf 87' lang='lat' dir='ltr'><strong>nemine</strong></span> <span class='ocrx_word' id='word_1_215' title='bbox 2422 1633 2685 1673; x_wconf 86' lang='lat' dir='ltr'><strong>accusare</strong></span> <span class='ocrx_word' id='word_1_216' title='bbox 2735 1634 2895 1684; x_wconf 87' lang='lat' dir='ltr'><strong>auso,</strong></span> <span class='ocrx_word' id='word_1_217' title='bbox 2944 1634 3139 1673; x_wconf 90' lang='lat' dir='ltr'><strong>omnes</strong></span> <span class='ocrx_word' id='word_1_218' title='bbox 3184 1618 3532 1688; x_wconf 77' lang='lat' dir='ltr'><strong>ambigerem</strong></span> <span class='ocrx_word' id='word_1_219' title='bbox 3597 1616 3737 1686; x_wconf 85' lang='lat' dir='ltr'><strong>quid</strong></span> 
     </span>
    </p>
   </div>
   <div class='ocr_carea' id='block_1_32' title="bbox 2147 1707 3734 1780">
    <p class='ocr_par' dir='ltr' id='par_1_32' title="bbox 2147 1707 3734 1780">
     <span class='ocr_line' id='line_1_32' title="bbox 2147 1707 3734 1780; baseline -0.003 -16"><span class='ocrx_word' id='word_1_220' title='bbox 2147 1709 2422 1780; x_wconf 78' lang='lat' dir='ltr'><strong>agendum</strong></span> <span class='ocrx_word' id='word_1_221' title='bbox 2471 1718 2640 1764; x_wconf 91' lang='lat' dir='ltr'><strong>esset.</strong></span> <span class='ocrx_word' id='word_1_222' title='bbox 2688 1710 2843 1766; x_wconf 87' lang='lat' dir='ltr'><strong>Unus</strong></span> <span class='ocrx_word' id='word_1_223' title='bbox 2883 1720 3064 1764; x_wconf 89' lang='lat' dir='ltr'><strong>tamen</strong></span> <span class='ocrx_word' id='word_1_224' title='bbox 3097 1709 3322 1763; x_wconf 90' lang='lat' dir='ltr'><strong>nomine</strong></span> <span class='ocrx_word' id='word_1_225' title='bbox 3348 1709 3595 1770; x_wconf 86' lang='lat' dir='ltr'><strong>Semeas,</strong></span> <span class='ocrx_word' id='word_1_226' title='bbox 3651 1707 3734 1759; x_wconf 83' lang='lat' dir='ltr'>vir</span> 
     </span>
    </p>
   </div>
   <div class='ocr_carea' id='block_1_33' title="bbox 474 1785 2040 1872">
    <p class='ocr_par' dir='ltr' id='par_1_33' title="bbox 474 1799 2038 1870">
     <span class='ocr_line' id='line_1_33' title="bbox 474 1799 2038 1870; baseline 0.001 -19"><span class='ocrx_word' id='word_1_227' title='bbox 474 1799 765 1868; x_wconf 80' lang='grc' dir='ltr'>Ὑρκανὸν,</span> <span class='ocrx_word' id='word_1_228' title='bbox 798 1801 892 1853; x_wconf 77' lang='grc' dir='ltr'>καὶ</span> <span class='ocrx_word' id='word_1_229' title='bbox 919 1800 1173 1870; x_wconf 74' lang='grc' dir='ltr'>ἠρέθιζον</span> <span class='ocrx_word' id='word_1_230' title='bbox 1207 1799 1330 1853; x_wconf 84' lang='grc' dir='ltr'>κατ’</span> <span class='ocrx_word' id='word_1_231' title='bbox 1360 1799 1524 1853; x_wconf 80' lang='grc' dir='ltr'>αὑτοῦ</span> <span class='ocrx_word' id='word_1_232' title='bbox 1549 1799 1646 1852; x_wconf 80' lang='grc' dir='ltr'>καὶ</span> <span class='ocrx_word' id='word_1_233' title='bbox 1668 1800 1779 1852; x_wconf 84' lang='grc' dir='ltr'>τῶν</span> <span class='ocrx_word' id='word_1_234' title='bbox 1831 1800 2038 1853; x_wconf 83' lang='grc' dir='ltr'>παίδων</span> 
     </span>
    </p>
   </div>
   <div class='ocr_carea' id='block_1_34' title="bbox 2147 1785 3730 1872">
    <p class='ocr_par' dir='ltr' id='par_1_34' title="bbox 2147 1799 3730 1872">
     <span class='ocr_line' id='line_1_34' title="bbox 2147 1799 3730 1872; baseline -0.004 -18"><span class='ocrx_word' id='word_1_235' title='bbox 2147 1802 2342 1872; x_wconf 86' lang='lat' dir='ltr'><strong>iustus,</strong></span> <span class='ocrx_word' id='word_1_236' title='bbox 2374 1800 2670 1855; x_wconf 87' lang='lat' dir='ltr'><strong>etleonina</strong></span> <span class='ocrx_word' id='word_1_237' title='bbox 2693 1800 2960 1871; x_wconf 71' lang='lat' dir='ltr'><strong>praeditus</strong></span> <span class='ocrx_word' id='word_1_238' title='bbox 2993 1800 3216 1862; x_wconf 87' lang='lat' dir='ltr'><strong>liducia,</strong></span> <span class='ocrx_word' id='word_1_239' title='bbox 3239 1799 3379 1863; x_wconf 84' lang='lat' dir='ltr'><strong>dixit</strong></span> <span class='ocrx_word' id='word_1_240' title='bbox 3409 1819 3418 1850; x_wconf 74' lang='grc' dir='ltr'>ε</span> <span class='ocrx_word' id='word_1_241' title='bbox 3452 1799 3730 1866; x_wconf 80' lang='lat' dir='ltr'><strong>EquiJem,</strong></span> 
     </span>
    </p>
   </div>
   <div class='ocr_carea' id='block_1_35' title="bbox 463 1885 2038 1960">
    <p class='ocr_par' dir='ltr' id='par_1_35' title="bbox 463 1885 2038 1960">
     <span class='ocr_line' id='line_1_35' title="bbox 463 1885 2038 1960; baseline -0.001 -19"><span class='ocrx_word' id='word_1_242' title='bbox 463 1887 654 1954; x_wconf 78' lang='grc' dir='ltr'>αὐτοῦ,</span> <span class='ocrx_word' id='word_1_243' title='bbox 683 1888 934 1956; x_wconf 80' lang='grc' dir='ltr'>λέγοντες</span> <span class='ocrx_word' id='word_1_244' title='bbox 964 1888 1038 1960; x_wconf 77' lang='grc' dir='ltr'>μὴ</span> <span class='ocrx_word' id='word_1_245' title='bbox 1068 1889 1397 1959; x_wconf 73' lang='grc' dir='ltr'>ἐπιτρόπους</span> <span class='ocrx_word' id='word_1_246' title='bbox 1455 1885 1596 1941; x_wconf 77' lang='grc' dir='ltr'>εἶναι</span> <span class='ocrx_word' id='word_1_247' title='bbox 1624 1888 1731 1941; x_wconf 84' lang='grc' dir='ltr'>τῶν</span> <span class='ocrx_word' id='word_1_248' title='bbox 1759 1889 1855 1958; x_wconf 84' lang='grc' dir='ltr'>τῆς</span> <span class='ocrx_word' id='word_1_249' title='bbox 1883 1888 2038 1957; x_wconf 85' lang='grc' dir='ltr'>βασι-</span> 
     </span>
    </p>
   </div>
   <div class='ocr_carea' id='block_1_36' title="bbox 461 1979 2040 2050">
    <p class='ocr_par' dir='ltr' id='par_1_36' title="bbox 461 1979 2040 2050">
     <span class='ocr_line' id='line_1_36' title="bbox 461 1979 2040 2050; baseline 0.001 -20"><span class='ocrx_word' id='word_1_250' title='bbox 461 1979 608 2041; x_wconf 81' lang='grc' dir='ltr'>λεία;</span> <span class='ocrx_word' id='word_1_251' title='bbox 627 1980 991 2050; x_wconf 81' lang='grc' dir='ltr'>πραγμάτων,</span> <span class='ocrx_word' id='word_1_252' title='bbox 1017 1980 1150 2033; x_wconf 75' lang='grc' dir='ltr'>άλλά</span> <span class='ocrx_word' id='word_1_253' title='bbox 1167 1979 1454 2042; x_wconf 84' lang='grc' dir='ltr'>δεσπότας.</span> <span class='ocrx_word' id='word_1_254' title='bbox 1477 1981 1586 2032; x_wconf 74' lang='grc' dir='ltr'>Καὶ</span> <span class='ocrx_word' id='word_1_255' title='bbox 1609 1981 1718 2050; x_wconf 79' lang='grc' dir='ltr'>γὰρ</span> <span class='ocrx_word' id='word_1_256' title='bbox 1739 1979 1830 2033; x_wconf 87' lang='grc' dir='ltr'>τδν</span> <span class='ocrx_word' id='word_1_257' title='bbox 1863 1979 2040 2048; x_wconf 80' lang='grc' dir='ltr'>’Πρώ-</span> 
     </span>
    </p>
   </div>
   <div class='ocr_carea' id='block_1_37' title="bbox 460 2070 2038 2140">
    <p class='ocr_par' dir='ltr' id='par_1_37' title="bbox 460 2070 2038 2140">
     <span class='ocr_line' id='line_1_37' title="bbox 460 2070 2038 2140; baseline -0.003 -16"><span class='ocrx_word' id='word_1_258' title='bbox 460 2070 557 2140; x_wconf 88' lang='grc' dir='ltr'>δην</span> <span class='ocrx_word' id='word_1_259' title='bbox 579 2073 786 2124; x_wconf 85' lang='grc' dir='ltr'>κτεῖναι</span> <span class='ocrx_word' id='word_1_260' title='bbox 803 2071 896 2124; x_wconf 86' lang='grc' dir='ltr'>τὸν</span> <span class='ocrx_word' id='word_1_261' title='bbox 929 2070 1202 2133; x_wconf 72' lang='grc' dir='ltr'>Ἑζεκίαν,</span> <span class='ocrx_word' id='word_1_262' title='bbox 1225 2072 1319 2124; x_wconf 72' lang='grc' dir='ltr'>καὶ</span> <span class='ocrx_word' id='word_1_263' title='bbox 1339 2071 1565 2134; x_wconf 79' lang='grc' dir='ltr'>πολλοὺς</span> <span class='ocrx_word' id='word_1_264' title='bbox 1581 2070 1688 2123; x_wconf 78' lang='grc' dir='ltr'>τῶν</span> <span class='ocrx_word' id='word_1_265' title='bbox 1707 2071 1803 2123; x_wconf 79' lang='grc' dir='ltr'>σὺν</span> <span class='ocrx_word' id='word_1_266' title='bbox 1821 2071 2038 2139; x_wconf 80' lang='grc' dir='ltr'>ἐκείνῳ,</span> 
     </span>
    </p>
   </div>
   <div class='ocr_carea' id='block_1_38' title="bbox 461 2161 2039 2234">
    <p class='ocr_par' dir='ltr' id='par_1_38' title="bbox 461 2161 2039 2234">
     <span class='ocr_line' id='line_1_38' title="bbox 461 2161 2039 2234; baseline -0.002 -17"><span class='ocrx_word' id='word_1_267' title='bbox 461 2162 556 2217; x_wconf 76' lang='grc' dir='ltr'>τοῦ</span> <span class='ocrx_word' id='word_1_268' title='bbox 607 2164 773 2232; x_wconf 84' lang='grc' dir='ltr'>νόμου</span> <span class='ocrx_word' id='word_1_269' title='bbox 805 2164 1192 2232; x_wconf 81' lang='grc' dir='ltr'>ἀπειρηκότος,</span> <span class='ocrx_word' id='word_1_270' title='bbox 1222 2163 1509 2234; x_wconf 77' lang='grc' dir='ltr'>ἄνθρωπον</span> <span class='ocrx_word' id='word_1_271' title='bbox 1537 2161 1902 2231; x_wconf 87' lang='grc' dir='ltr'>ἀναιρεῖσθαι,</span> <span class='ocrx_word' id='word_1_272' title='bbox 1936 2161 2039 2214; x_wconf 82' lang='grc' dir='ltr'>κᾶν</span> 
     </span>
    </p>
   </div>
   <div class='ocr_carea' id='block_1_39' title="bbox 461 2252 2038 2324">
    <p class='ocr_par' dir='ltr' id='par_1_39' title="bbox 461 2252 2038 2324">
     <span class='ocr_line' id='line_1_39' title="bbox 461 2252 2038 2324; baseline 0.003 -20"><span class='ocrx_word' id='word_1_273' title='bbox 461 2253 696 2322; x_wconf 71' lang='grc' dir='ltr'>πονηρδς</span> <span class='ocrx_word' id='word_1_274' title='bbox 730 2252 840 2316; x_wconf 74' lang='grc' dir='ltr'>εἴη,</span> <span class='ocrx_word' id='word_1_275' title='bbox 873 2256 922 2306; x_wconf 86' lang='grc' dir='ltr'>εἰ</span> <span class='ocrx_word' id='word_1_276' title='bbox 957 2254 1032 2323; x_wconf 80' lang='grc' dir='ltr'>μὴ</span> <span class='ocrx_word' id='word_1_277' title='bbox 1064 2253 1330 2322; x_wconf 81' lang='grc' dir='ltr'>πρότερον</span> <span class='ocrx_word' id='word_1_278' title='bbox 1353 2254 1458 2309; x_wconf 82' lang='grc' dir='ltr'>ὑπὸ</span> <span class='ocrx_word' id='word_1_279' title='bbox 1487 2253 1580 2306; x_wconf 83' lang='grc' dir='ltr'>τοῦ</span> <span class='ocrx_word' id='word_1_280' title='bbox 1627 2255 1908 2324; x_wconf 82' lang='grc' dir='ltr'>συνεδρίου</span> <span class='ocrx_word' id='word_1_281' title='bbox 1938 2273 2038 2309; x_wconf 85' lang='grc' dir='ltr'>κα-</span> 
     </span>
    </p>
   </div>
   <div class='ocr_carea' id='block_1_40' title="bbox 460 2343 2035 2418">
    <p class='ocr_par' dir='ltr' id='par_1_40' title="bbox 460 2343 2035 2418">
     <span class='ocr_line' id='line_1_40' title="bbox 460 2343 2035 2418; baseline 0.004 -24"><span class='ocrx_word' id='word_1_282' title='bbox 460 2343 715 2414; x_wconf 79' lang='grc' dir='ltr'>τακριθῇ.</span> <span class='ocrx_word' id='word_1_283' title='bbox 767 2343 1038 2416; x_wconf 83' lang='grc' dir='ltr'>Ὑρκανὸς</span> <span class='ocrx_word' id='word_1_284' title='bbox 1073 2345 1129 2397; x_wconf 77' lang='grc' dir='ltr'>δὲ</span> <span class='ocrx_word' id='word_1_285' title='bbox 1171 2345 1382 2410; x_wconf 85' lang='grc' dir='ltr'>τούτοις</span> <span class='ocrx_word' id='word_1_286' title='bbox 1443 2346 1702 2417; x_wconf 73' lang='grc' dir='ltr'>ἠρέθιστο</span> <span class='ocrx_word' id='word_1_287' title='bbox 1737 2348 1816 2410; x_wconf 88' lang='grc' dir='ltr'>είς</span> <span class='ocrx_word' id='word_1_288' title='bbox 1844 2349 2035 2418; x_wconf 87' lang='grc' dir='ltr'>ὀργήν·</span> 
     </span>
    </p>
   </div>
   <div class='ocr_carea' id='block_1_41' title="bbox 461 2431 2040 2506">
    <p class='ocr_par' dir='ltr' id='par_1_41' title="bbox 461 2431 2040 2506">
     <span class='ocr_line' id='line_1_41' title="bbox 461 2431 2040 2506; baseline 0.004 -22"><span class='ocrx_word' id='word_1_289' title='bbox 461 2431 812 2504; x_wconf 75' lang='grc' dir='ltr'>προσεξῆψαν</span> <span class='ocrx_word' id='word_1_290' title='bbox 843 2435 900 2488; x_wconf 85' lang='grc' dir='ltr'>δὲ</span> <span class='ocrx_word' id='word_1_291' title='bbox 948 2437 1048 2505; x_wconf 81' lang='grc' dir='ltr'>τὴν</span> <span class='ocrx_word' id='word_1_292' title='bbox 1081 2437 1250 2505; x_wconf 82' lang='grc' dir='ltr'>ὀργὴν</span> <span class='ocrx_word' id='word_1_293' title='bbox 1301 2436 1393 2488; x_wconf 76' lang='grc' dir='ltr'>καὶ</span> <span class='ocrx_word' id='word_1_294' title='bbox 1424 2436 1480 2487; x_wconf 86' lang='grc' dir='ltr'>αί</span> <span class='ocrx_word' id='word_1_295' title='bbox 1515 2437 1752 2506; x_wconf 83' lang='grc' dir='ltr'>μητέρες</span> <span class='ocrx_word' id='word_1_296' title='bbox 1783 2437 1890 2489; x_wconf 85' lang='grc' dir='ltr'>τῶν</span> <span class='ocrx_word' id='word_1_297' title='bbox 1934 2438 2040 2491; x_wconf 76' lang='grc' dir='ltr'>ὑπὸ</span> 
     </span>
    </p>
   </div>
   <div class='ocr_carea' id='block_1_42' title="bbox 470 2524 2039 2599">
    <p class='ocr_par' dir='ltr' id='par_1_42' title="bbox 470 2524 2039 2599">
     <span class='ocr_line' id='line_1_42' title="bbox 470 2524 2039 2599; baseline 0.003 -23"><span class='ocrx_word' id='word_1_298' title='bbox 470 2524 712 2594; x_wconf 86' lang='grc' dir='ltr'>Ἢρώδου</span> <span class='ocrx_word' id='word_1_299' title='bbox 762 2527 1204 2597; x_wconf 80' lang='grc' dir='ltr'>πεφονευμένων,</span> <span class='ocrx_word' id='word_1_300' title='bbox 1262 2527 1679 2599; x_wconf 74' lang='grc' dir='ltr'>παρακαλοῦσαι</span> <span class='ocrx_word' id='word_1_301' title='bbox 1747 2527 1833 2580; x_wconf 85' lang='grc' dir='ltr'>ἵνα</span> <span class='ocrx_word' id='word_1_302' title='bbox 1883 2528 2039 2592; x_wconf 83' lang='grc' dir='ltr'>δίκας</span> 
     </span>
    </p>
   </div>
   <div class='ocr_carea' id='block_1_43' title="bbox 461 2614 2032 2690">
    <p class='ocr_par' dir='ltr' id='par_1_43' title="bbox 461 2614 2032 2690">
     <span class='ocr_line' id='line_1_43' title="bbox 461 2614 2032 2690; baseline 0.004 -24"><span class='ocrx_word' id='word_1_303' title='bbox 461 2615 673 2686; x_wconf 80' lang='grc' dir='ltr'>ὑπόσχῃ</span> <span class='ocrx_word' id='word_1_304' title='bbox 695 2617 805 2671; x_wconf 85' lang='grc' dir='ltr'>τῶν</span> <span class='ocrx_word' id='word_1_305' title='bbox 833 2619 1261 2688; x_wconf 81' lang='grc' dir='ltr'>πεπραγμένων.</span> <span class='ocrx_word' id='word_1_306' title='bbox 1285 2617 1542 2690; x_wconf 77' lang='grc' dir='ltr'>Κινηθεὶς</span> <span class='ocrx_word' id='word_1_307' title='bbox 1569 2614 1661 2672; x_wconf 81' lang='grc' dir='ltr'>οὖν</span> <span class='ocrx_word' id='word_1_308' title='bbox 1687 2619 1715 2670; x_wconf 85' lang='grc' dir='ltr'><strong>ὁ</strong></span> <span class='ocrx_word' id='word_1_309' title='bbox 1749 2618 2032 2688; x_wconf 80' lang='grc' dir='ltr'>Ὑρκανὸς,</span> 
     </span>
    </p>
   </div>
   <div class='ocr_carea' id='block_1_44' title="bbox 473 2702 2038 2778">
    <p class='ocr_par' dir='ltr' id='par_1_44' title="bbox 473 2702 2038 2778">
     <span class='ocr_line' id='line_1_44' title="bbox 473 2702 2038 2778; baseline 0.001 -20"><span class='ocrx_word' id='word_1_310' title='bbox 473 2707 715 2776; x_wconf 81' lang='grc' dir='ltr'>Ἡρώδην</span> <span class='ocrx_word' id='word_1_311' title='bbox 741 2708 924 2763; x_wconf 84' lang='grc' dir='ltr'>ἐκάλει</span> <span class='ocrx_word' id='word_1_312' title='bbox 948 2709 1330 2778; x_wconf 71' lang='grc' dir='ltr'>δικασόμενον.</span> <span class='ocrx_word' id='word_1_313' title='bbox 1369 2707 1426 2761; x_wconf 85' lang='lat'>&#39;0</span> <span class='ocrx_word' id='word_1_314' title='bbox 1448 2707 1504 2760; x_wconf 78' lang='grc' dir='ltr'>δὲ</span> <span class='ocrx_word' id='word_1_315' title='bbox 1530 2702 1630 2778; x_wconf 74' lang='grc' dir='ltr'>ἧκε</span> <span class='ocrx_word' id='word_1_316' title='bbox 1654 2706 1794 2777; x_wconf 87' lang='grc' dir='ltr'>μετά</span> <span class='ocrx_word' id='word_1_317' title='bbox 1815 2707 2038 2776; x_wconf 71' lang='grc' dir='ltr'>στίφους</span> 
     </span>
    </p>
   </div>
   <div class='ocr_carea' id='block_1_45' title="bbox 462 2798 2040 2872">
    <p class='ocr_par' dir='ltr' id='par_1_45' title="bbox 462 2798 2040 2872">
     <span class='ocr_line' id='line_1_45' title="bbox 462 2798 2040 2872; baseline 0.001 -22"><span class='ocrx_word' id='word_1_318' title='bbox 462 2798 814 2870; x_wconf 80' lang='grc' dir='ltr'>ἀποχρῶντος</span> <span class='ocrx_word' id='word_1_319' title='bbox 855 2801 1026 2872; x_wconf 76' lang='grc' dir='ltr'>αὐτῷ,</span> <span class='ocrx_word' id='word_1_320' title='bbox 1058 2799 1201 2852; x_wconf 86' lang='grc' dir='ltr'>ὥστε</span> <span class='ocrx_word' id='word_1_321' title='bbox 1249 2798 1322 2869; x_wconf 82' lang='grc' dir='ltr'>μὴ</span> <span class='ocrx_word' id='word_1_322' title='bbox 1360 2799 1570 2868; x_wconf 77' lang='grc' dir='ltr'>γυμνὸν</span> <span class='ocrx_word' id='word_1_323' title='bbox 1601 2798 1696 2851; x_wconf 70' lang='grc' dir='ltr'>καὶ</span> <span class='ocrx_word' id='word_1_324' title='bbox 1727 2798 2040 2866; x_wconf 67' lang='grc' dir='ltr'>ἀφύλακτον</span> 
     </span>
    </p>
   </div>
   <div class='ocr_carea' id='block_1_46' title="bbox 465 2888 2034 2961">
    <p class='ocr_par' dir='ltr' id='par_1_46' title="bbox 465 2888 2034 2961">
     <span class='ocr_line' id='line_1_46' title="bbox 465 2888 2034 2961; baseline 0.003 -22"><span class='ocrx_word' id='word_1_325' title='bbox 465 2890 600 2943; x_wconf 85' lang='grc' dir='ltr'>ίέναι</span> <span class='ocrx_word' id='word_1_326' title='bbox 648 2890 784 2960; x_wconf 84' lang='grc' dir='ltr'>πρὸς</span> <span class='ocrx_word' id='word_1_327' title='bbox 827 2890 1004 2960; x_wconf 88' lang='grc' dir='ltr'>δίκην,</span> <span class='ocrx_word' id='word_1_328' title='bbox 1069 2889 1269 2943; x_wconf 86' lang='grc' dir='ltr'>Ἐλθὼν</span> <span class='ocrx_word' id='word_1_329' title='bbox 1296 2890 1351 2944; x_wconf 82' lang='grc' dir='ltr'>δὲ</span> <span class='ocrx_word' id='word_1_330' title='bbox 1389 2893 1446 2943; x_wconf 87' lang='grc' dir='ltr'>ἐν</span> <span class='ocrx_word' id='word_1_331' title='bbox 1495 2888 1573 2960; x_wconf 80' lang='grc' dir='ltr'>τῷ</span> <span class='ocrx_word' id='word_1_332' title='bbox 1606 2889 1868 2961; x_wconf 84' lang='grc' dir='ltr'>συνεδρίῳ</span> <span class='ocrx_word' id='word_1_333' title='bbox 1894 2891 2034 2961; x_wconf 82' lang='grc' dir='ltr'>μετά</span> 
     </span>
    </p>
   </div>
   <div class='ocr_carea' id='block_1_47' title="bbox 462 2980 2040 3054">
    <p class='ocr_par' dir='ltr' id='par_1_47' title="bbox 462 2980 2040 3054">
     <span class='ocr_line' id='line_1_47' title="bbox 462 2980 2040 3054; baseline 0.001 -22"><span class='ocrx_word' id='word_1_334' title='bbox 462 2981 554 3033; x_wconf 73' lang='grc' dir='ltr'>τοῦ</span> <span class='ocrx_word' id='word_1_335' title='bbox 575 2981 820 3051; x_wconf 85' lang='grc' dir='ltr'>στίφους,</span> <span class='ocrx_word' id='word_1_336' title='bbox 851 2980 1192 3052; x_wconf 78' lang='grc' dir='ltr'>κατέπληξεν</span> <span class='ocrx_word' id='word_1_337' title='bbox 1213 2983 1476 3044; x_wconf 72' lang='grc' dir='ltr'>ἅπαντας,</span> <span class='ocrx_word' id='word_1_338' title='bbox 1506 2983 1596 3036; x_wconf 75' lang='grc' dir='ltr'>καὶ</span> <span class='ocrx_word' id='word_1_339' title='bbox 1617 2983 1791 3045; x_wconf 65' lang='grc' dir='ltr'>οὐδεὶς</span> <span class='ocrx_word' id='word_1_340' title='bbox 1817 2983 2040 3054; x_wconf 75' lang='grc' dir='ltr'>ἐθάρρει</span> 
     </span>
    </p>
   </div>
   <div class='ocr_carea' id='block_1_48' title="bbox 2142 1891 3736 1962">
    <p class='ocr_par' dir='ltr' id='par_1_48' title="bbox 2142 1891 3736 1962">
     <span class='ocr_line' id='line_1_48' title="bbox 2142 1891 3736 1962; baseline -0.003 -16"><span class='ocrx_word' id='word_1_341' title='bbox 2142 1893 2264 1957; x_wconf 82' lang='lat' dir='ltr'><strong>uiri,</strong></span> <span class='ocrx_word' id='word_1_342' title='bbox 2315 1908 2417 1945; x_wconf 86' lang='lat' dir='ltr'>non</span> <span class='ocrx_word' id='word_1_343' title='bbox 2453 1893 2669 1944; x_wconf 84' lang='lat' dir='ltr'><strong>memini</strong></span> <span class='ocrx_word' id='word_1_344' title='bbox 2710 1892 2992 1962; x_wconf 83' lang='lat' dir='ltr'><strong>quemdam</strong></span> <span class='ocrx_word' id='word_1_345' title='bbox 3023 1893 3077 1944; x_wconf 87' lang='lat' dir='ltr'>iu</span> <span class='ocrx_word' id='word_1_346' title='bbox 3099 1892 3193 1961; x_wconf 78' lang='lat' dir='ltr'>jus</span> <span class='ocrx_word' id='word_1_347' title='bbox 3224 1899 3465 1944; x_wconf 82' lang='lat' dir='ltr'><strong>vocatum</strong></span> <span class='ocrx_word' id='word_1_348' title='bbox 3497 1892 3572 1944; x_wconf 78' lang='lat' dir='ltr'>sic</span> <span class='ocrx_word' id='word_1_349' title='bbox 3601 1891 3736 1943; x_wconf 75' lang='lat' dir='ltr'><strong>asti-</strong></span> 
     </span>
    </p>
   </div>
   <div class='ocr_carea' id='block_1_49' title="bbox 2121 1982 3734 2053">
    <p class='ocr_par' dir='ltr' id='par_1_49' title="bbox 2121 1982 3734 2053">
     <span class='ocr_line' id='line_1_49' title="bbox 2121 1982 3734 2053; baseline -0.003 -14"><span class='ocrx_word' id='word_1_350' title='bbox 2121 1988 2303 2039; x_wconf 77' lang='lat' dir='ltr'><strong>‘tisse:</strong></span> <span class='ocrx_word' id='word_1_351' title='bbox 2353 2001 2446 2039; x_wconf 87' lang='lat' dir='ltr'>nec</span> <span class='ocrx_word' id='word_1_352' title='bbox 2495 2000 2606 2044; x_wconf 78' lang='lat' dir='ltr'><strong>uos,</strong></span> <span class='ocrx_word' id='word_1_353' title='bbox 2659 1984 2866 2053; x_wconf 79' lang='lat' dir='ltr'><strong>Opinor.</strong></span> <span class='ocrx_word' id='word_1_354' title='bbox 2921 1982 3107 2039; x_wconf 74' lang='lat' dir='ltr'><strong>Omnes</strong></span> <span class='ocrx_word' id='word_1_355' title='bbox 3158 1985 3297 2037; x_wconf 88' lang='lat' dir='ltr'><strong>enim</strong></span> <span class='ocrx_word' id='word_1_356' title='bbox 3373 1983 3450 2035; x_wconf 56' lang='lat' dir='ltr'>rei</span> <span class='ocrx_word' id='word_1_357' title='bbox 3497 1982 3734 2035; x_wconf 82' lang='lat' dir='ltr'><strong>habitum</strong></span> 
     </span>
    </p>
   </div>
   <div class='ocr_carea' id='block_1_50' title="bbox 2143 2073 3732 2146">
    <p class='ocr_par' dir='ltr' id='par_1_50' title="bbox 2143 2073 3732 2146">
     <span class='ocr_line' id='line_1_50' title="bbox 2143 2073 3732 2146; baseline -0.003 -14"><span class='ocrx_word' id='word_1_358' title='bbox 2143 2081 2489 2132; x_wconf 78' lang='lat' dir='ltr'><strong>metuentium</strong></span> <span class='ocrx_word' id='word_1_359' title='bbox 2512 2092 2624 2146; x_wconf 68' lang='lat' dir='ltr'><strong>pra:</strong></span> <span class='ocrx_word' id='word_1_360' title='bbox 2654 2091 2709 2131; x_wconf 71' lang='lat' dir='ltr'>se</span> <span class='ocrx_word' id='word_1_361' title='bbox 2731 2077 2870 2145; x_wconf 76' lang='lat' dir='ltr'><strong>ferre</strong></span> <span class='ocrx_word' id='word_1_362' title='bbox 2897 2074 3090 2129; x_wconf 79' lang='lat' dir='ltr'><strong>solent.</strong></span> <span class='ocrx_word' id='word_1_363' title='bbox 3115 2075 3183 2129; x_wconf 77' lang='lat' dir='ltr'><strong>At</strong></span> <span class='ocrx_word' id='word_1_364' title='bbox 3216 2074 3449 2128; x_wconf 77' lang='lat' dir='ltr'><strong>Heredes</strong></span> <span class='ocrx_word' id='word_1_365' title='bbox 3479 2073 3541 2128; x_wconf 85' lang='lat' dir='ltr'>ob</span> <span class='ocrx_word' id='word_1_366' title='bbox 3563 2073 3732 2128; x_wconf 68' lang='lat' dir='ltr'><strong>cedes</strong></span> 
     </span>
    </p>
   </div>
   <div class='ocr_carea' id='block_1_51' title="bbox 2141 2163 3730 2238">
    <p class='ocr_par' dir='ltr' id='par_1_51' title="bbox 2141 2163 3730 2238">
     <span class='ocr_line' id='line_1_51' title="bbox 2141 2163 3730 2238; baseline -0.003 -18"><span class='ocrx_word' id='word_1_367' title='bbox 2141 2175 2478 2238; x_wconf 66' lang='lat' dir='ltr'><strong>perpetrata:</strong></span> <span class='ocrx_word' id='word_1_368' title='bbox 2508 2168 2563 2220; x_wconf 88' lang='lat' dir='ltr'>in</span> <span class='ocrx_word' id='word_1_369' title='bbox 2589 2167 2854 2236; x_wconf 73' lang='lat' dir='ltr'><strong>judicium</strong></span> <span class='ocrx_word' id='word_1_370' title='bbox 2893 2173 3130 2228; x_wconf 76' lang='lat' dir='ltr'><strong>vocatus,</strong></span> <span class='ocrx_word' id='word_1_371' title='bbox 3163 2173 3401 2218; x_wconf 84' lang='lat' dir='ltr'><strong>armatos</strong></span> <span class='ocrx_word' id='word_1_372' title='bbox 3424 2179 3597 2216; x_wconf 76' lang='lat' dir='ltr'><strong>secum</strong></span> <span class='ocrx_word' id='word_1_373' title='bbox 3629 2163 3730 2215; x_wconf 89' lang='lat' dir='ltr'><strong>ad-</strong></span> 
     </span>
    </p>
   </div>
   <div class='ocr_carea' id='block_1_52' title="bbox 2141 2254 3728 2328">
    <p class='ocr_par' dir='ltr' id='par_1_52' title="bbox 2141 2254 3728 2328">
     <span class='ocr_line' id='line_1_52' title="bbox 2141 2254 3728 2328; baseline -0.004 -16"><span class='ocrx_word' id='word_1_374' title='bbox 2141 2259 2313 2323; x_wconf 77' lang='lat' dir='ltr'><strong>duxit,</strong></span> <span class='ocrx_word' id='word_1_375' title='bbox 2337 2260 2427 2328; x_wconf 85' lang='lat' dir='ltr'>qui</span> <span class='ocrx_word' id='word_1_376' title='bbox 2455 2275 2571 2322; x_wconf 81' lang='lat' dir='ltr'><strong>nos,</strong></span> <span class='ocrx_word' id='word_1_377' title='bbox 2595 2259 2640 2312; x_wconf 79' lang='lat' dir='ltr'>si</span> <span class='ocrx_word' id='word_1_378' title='bbox 2679 2273 2742 2311; x_wconf 75' lang='lat' dir='ltr'><strong>ea:</strong></span> <span class='ocrx_word' id='word_1_379' title='bbox 2781 2257 2894 2327; x_wconf 83' lang='lat' dir='ltr'><strong>lege</strong></span> <span class='ocrx_word' id='word_1_380' title='bbox 2931 2255 3220 2310; x_wconf 76' lang='lat' dir='ltr'><strong>damnatus</strong></span> <span class='ocrx_word' id='word_1_381' title='bbox 3253 2256 3434 2324; x_wconf 77' lang='lat' dir='ltr'><strong>fuerit,</strong></span> <span class='ocrx_word' id='word_1_382' title='bbox 3467 2254 3728 2308; x_wconf 77' lang='lat' dir='ltr'><strong>occidant.</strong></span> 
     </span>
    </p>
   </div>
   <div class='ocr_carea' id='block_1_53' title="bbox 2144 2348 3734 2420">
    <p class='ocr_par' dir='ltr' id='par_1_53' title="bbox 2144 2348 3734 2420">
     <span class='ocr_line' id='line_1_53' title="bbox 2144 2348 3734 2420; baseline -0.001 -17"><span class='ocrx_word' id='word_1_383' title='bbox 2144 2350 2256 2420; x_wconf 80' lang='lat' dir='ltr'>Ego</span> <span class='ocrx_word' id='word_1_384' title='bbox 2305 2359 2484 2405; x_wconf 85' lang='lat' dir='ltr'><strong>tamen</strong></span> <span class='ocrx_word' id='word_1_385' title='bbox 2531 2367 2634 2404; x_wconf 87' lang='lat' dir='ltr'>non</span> <span class='ocrx_word' id='word_1_386' title='bbox 2665 2348 2820 2403; x_wconf 82' lang='lat' dir='ltr'><strong>illum</strong></span> <span class='ocrx_word' id='word_1_387' title='bbox 2875 2349 3322 2420; x_wconf 80' lang='lat' dir='ltr'><strong>reprehenderim,</strong></span> <span class='ocrx_word' id='word_1_388' title='bbox 3365 2348 3458 2402; x_wconf 84' lang='lat' dir='ltr'>sed</span> <span class='ocrx_word' id='word_1_389' title='bbox 3497 2364 3606 2408; x_wconf 76' lang='lat' dir='ltr'><strong>vos,</strong></span> <span class='ocrx_word' id='word_1_390' title='bbox 3638 2350 3734 2416; x_wconf 80' lang='lat' dir='ltr'>qui</span> 
     </span>
    </p>
   </div>
   <div class='ocr_carea' id='block_1_54' title="bbox 2142 2441 3729 2512">
    <p class='ocr_par' dir='ltr' id='par_1_54' title="bbox 2142 2441 3729 2512">
     <span class='ocr_line' id='line_1_54' title="bbox 2142 2441 3729 2512; baseline -0.004 -14"><span class='ocrx_word' id='word_1_391' title='bbox 2142 2455 2349 2499; x_wconf 82' lang='lat' dir='ltr'><strong>tantum</strong></span> <span class='ocrx_word' id='word_1_392' title='bbox 2382 2446 2428 2498; x_wconf 88' lang='lat' dir='ltr'>ei</span> <span class='ocrx_word' id='word_1_393' title='bbox 2463 2445 2730 2499; x_wconf 78' lang='lat' dir='ltr'><strong>licentiam</strong></span> <span class='ocrx_word' id='word_1_394' title='bbox 2763 2443 3031 2497; x_wconf 81' lang='lat' dir='ltr'><strong>dederitis.</strong></span> <span class='ocrx_word' id='word_1_395' title='bbox 3079 2442 3278 2496; x_wconf 85' lang='lat' dir='ltr'><strong>Scitote</strong></span> <span class='ocrx_word' id='word_1_396' title='bbox 3306 2443 3490 2512; x_wconf 83' lang='lat' dir='ltr'><strong>igitur,</strong></span> <span class='ocrx_word' id='word_1_397' title='bbox 3518 2441 3729 2512; x_wconf 79' lang='lat' dir='ltr'><strong>justum</strong></span> 
     </span>
    </p>
   </div>
   <div class='ocr_carea' id='block_1_55' title="bbox 2141 2533 3729 2606">
    <p class='ocr_par' dir='ltr' id='par_1_55' title="bbox 2141 2533 3729 2606">
     <span class='ocr_line' id='line_1_55' title="bbox 2141 2533 3729 2606; baseline -0.004 -16"><span class='ocrx_word' id='word_1_398' title='bbox 2141 2552 2251 2590; x_wconf 76' lang='lat' dir='ltr'><strong>esse</strong></span> <span class='ocrx_word' id='word_1_399' title='bbox 2280 2535 2486 2589; x_wconf 87' lang='lat' dir='ltr'><strong>Deum:</strong></span> <span class='ocrx_word' id='word_1_400' title='bbox 2519 2547 2567 2589; x_wconf 88' lang='lat' dir='ltr'>et</span> <span class='ocrx_word' id='word_1_401' title='bbox 2603 2551 2756 2606; x_wconf 80' lang='lat' dir='ltr'><strong>quem</strong></span> <span class='ocrx_word' id='word_1_402' title='bbox 2795 2551 2880 2589; x_wconf 74' lang='lat' dir='ltr'><strong>vos</strong></span> <span class='ocrx_word' id='word_1_403' title='bbox 2917 2550 3054 2588; x_wconf 84' lang='lat' dir='ltr'><strong>nunc</strong></span> <span class='ocrx_word' id='word_1_404' title='bbox 3099 2535 3153 2587; x_wconf 88' lang='lat' dir='ltr'>in</span> <span class='ocrx_word' id='word_1_405' title='bbox 3211 2533 3445 2603; x_wconf 78' lang='lat' dir='ltr'><strong>Hyrcani</strong></span> <span class='ocrx_word' id='word_1_406' title='bbox 3489 2533 3729 2602; x_wconf 88' lang='lat' dir='ltr'><strong>gratiam</strong></span> 
     </span>
    </p>
   </div>
   <div class='ocr_carea' id='block_1_56' title="bbox 2143 2624 3735 2696">
    <p class='ocr_par' dir='ltr' id='par_1_56' title="bbox 2143 2624 3735 2696">
     <span class='ocr_line' id='line_1_56' title="bbox 2143 2624 3735 2696; baseline -0.003 -15"><span class='ocrx_word' id='word_1_407' title='bbox 2143 2627 2442 2689; x_wconf 79' lang='lat' dir='ltr'><strong>absolvetis,</strong></span> <span class='ocrx_word' id='word_1_408' title='bbox 2476 2628 2522 2680; x_wconf 86' lang='lat' dir='ltr'>ei</span> <span class='ocrx_word' id='word_1_409' title='bbox 2555 2635 2604 2680; x_wconf 87' lang='lat' dir='ltr'>et</span> <span class='ocrx_word' id='word_1_410' title='bbox 2641 2643 2730 2682; x_wconf 76' lang='lat' dir='ltr'><strong>vos</strong></span> <span class='ocrx_word' id='word_1_411' title='bbox 2767 2635 2817 2679; x_wconf 88' lang='lat' dir='ltr'>et</span> <span class='ocrx_word' id='word_1_412' title='bbox 2854 2627 3028 2695; x_wconf 84' lang='lat' dir='ltr'><strong>ipsum</strong></span> <span class='ocrx_word' id='word_1_413' title='bbox 3063 2624 3367 2696; x_wconf 82' lang='lat' dir='ltr'><strong>Hyrcanum</strong></span> <span class='ocrx_word' id='word_1_414' title='bbox 3395 2625 3523 2678; x_wconf 87' lang='lat' dir='ltr'><strong>olim</strong></span> <span class='ocrx_word' id='word_1_415' title='bbox 3545 2640 3735 2693; x_wconf 77' lang='lat' dir='ltr'><strong>poenas</strong></span> 
     </span>
    </p>
   </div>
   <div class='ocr_carea' id='block_1_57' title="bbox 2143 2715 3728 2784">
    <p class='ocr_par' dir='ltr' id='par_1_57' title="bbox 2143 2715 3728 2784">
     <span class='ocr_line' id='line_1_57' title="bbox 2143 2715 3728 2784; baseline -0.004 -13"><span class='ocrx_word' id='word_1_416' title='bbox 2143 2719 2388 2772; x_wconf 73' lang='lat' dir='ltr'><strong>daturos.</strong></span> <span class='ocrx_word' id='word_1_417' title='bbox 2447 2718 2599 2771; x_wconf 83' lang='lat' dir='ltr'><strong>llane</strong></span> <span class='ocrx_word' id='word_1_418' title='bbox 2643 2715 2952 2771; x_wconf 88' lang='lat' dir='ltr'><strong>orationem</strong></span> <span class='ocrx_word' id='word_1_419' title='bbox 3008 2715 3127 2784; x_wconf 90' lang='lat' dir='ltr'><strong>ipso</strong></span> <span class='ocrx_word' id='word_1_420' title='bbox 3177 2726 3383 2769; x_wconf 81' lang='lat' dir='ltr'><strong>eventu</strong></span> <span class='ocrx_word' id='word_1_421' title='bbox 3420 2729 3542 2770; x_wconf 88' lang='lat' dir='ltr'><strong>esse</strong></span> <span class='ocrx_word' id='word_1_422' title='bbox 3573 2729 3728 2768; x_wconf 90' lang='lat' dir='ltr'><strong>com-</strong></span> 
     </span>
    </p>
   </div>
   <div class='ocr_carea' id='block_1_58' title="bbox 2140 2803 3725 2878">
    <p class='ocr_par' dir='ltr' id='par_1_58' title="bbox 2140 2803 3725 2878">
     <span class='ocr_line' id='line_1_58' title="bbox 2140 2803 3725 2878; baseline -0.003 -16"><span class='ocrx_word' id='word_1_423' title='bbox 2140 2809 2454 2878; x_wconf 83' lang='lat' dir='ltr'><strong>probatam,</strong></span> <span class='ocrx_word' id='word_1_424' title='bbox 2491 2808 2546 2862; x_wconf 92' lang='lat' dir='ltr'>in</span> <span class='ocrx_word' id='word_1_425' title='bbox 2593 2822 2888 2877; x_wconf 79' lang='lat' dir='ltr'><strong>progressu</strong></span> <span class='ocrx_word' id='word_1_426' title='bbox 2931 2805 3178 2861; x_wconf 62' lang='lat' dir='ltr'><strong>historiae</strong></span> <span class='ocrx_word' id='word_1_427' title='bbox 3217 2805 3378 2876; x_wconf 78' lang='lat'><strong>227</strong></span> <span class='ocrx_word' id='word_1_428' title='bbox 3413 2803 3725 2875; x_wconf 86' lang='lat' dir='ltr'><strong>apparebit.</strong></span> 
     </span>
    </p>
   </div>
   <div class='ocr_carea' id='block_1_59' title="bbox 2141 2893 3731 2970">
    <p class='ocr_par' dir='ltr' id='par_1_59' title="bbox 2141 2893 3731 2970">
     <span class='ocr_line' id='line_1_59' title="bbox 2141 2893 3731 2970; baseline -0.003 -18"><span class='ocrx_word' id='word_1_429' title='bbox 2141 2899 2425 2970; x_wconf 76' lang='lat' dir='ltr'><strong>Hyrcanus</strong></span> <span class='ocrx_word' id='word_1_430' title='bbox 2456 2913 2590 2952; x_wconf 87' lang='lat' dir='ltr'><strong>vero</strong></span> <span class='ocrx_word' id='word_1_431' title='bbox 2619 2896 2831 2968; x_wconf 85' lang='lat' dir='ltr'><strong>judicio</strong></span> <span class='ocrx_word' id='word_1_432' title='bbox 2869 2897 2924 2952; x_wconf 91' lang='lat' dir='ltr'>in</span> <span class='ocrx_word' id='word_1_433' title='bbox 2961 2896 3132 2950; x_wconf 91' lang='lat' dir='ltr'><strong>alium</strong></span> <span class='ocrx_word' id='word_1_434' title='bbox 3164 2895 3312 2950; x_wconf 91' lang='lat' dir='ltr'><strong>diem</strong></span> <span class='ocrx_word' id='word_1_435' title='bbox 3348 2895 3577 2966; x_wconf 87' lang='lat' dir='ltr'><strong>rejecto,</strong></span> <span class='ocrx_word' id='word_1_436' title='bbox 3620 2893 3731 2949; x_wconf 83' lang='lat' dir='ltr'>He-</span> 
     </span>
    </p>
   </div>
   <div class='ocr_carea' id='block_1_60' title="bbox 2141 2983 3738 3054">
    <p class='ocr_par' dir='ltr' id='par_1_60' title="bbox 2141 2983 3738 3054">
     <span class='ocr_line' id='line_1_60' title="bbox 2141 2983 3738 3054; baseline -0.004 -13"><span class='ocrx_word' id='word_1_437' title='bbox 2141 2988 2335 3041; x_wconf 91' lang='lat' dir='ltr'><strong>rodem</strong></span> <span class='ocrx_word' id='word_1_438' title='bbox 2377 2986 2594 3040; x_wconf 84' lang='lat' dir='ltr'><strong>monuit</strong></span> <span class='ocrx_word' id='word_1_439' title='bbox 2645 2993 2707 3040; x_wconf 91' lang='lat' dir='ltr'>ut</span> <span class='ocrx_word' id='word_1_440' title='bbox 2757 2986 2895 3040; x_wconf 90' lang='lat' dir='ltr'><strong>urbe</strong></span> <span class='ocrx_word' id='word_1_441' title='bbox 2937 2985 3271 3040; x_wconf 81' lang='lat' dir='ltr'><strong>excederet:</strong></span> <span class='ocrx_word' id='word_1_442' title='bbox 3313 2999 3426 3054; x_wconf 85' lang='lat' dir='ltr'>quo</span> <span class='ocrx_word' id='word_1_443' title='bbox 3459 2983 3738 3046; x_wconf 61' lang='lat' dir='ltr'><strong>abeunte,</strong></span> 
     </span>
    </p>
   </div>
   <div class='ocr_carea' id='block_1_61' title="bbox 463 3059 2040 3156">
    <p class='ocr_par' dir='ltr' id='par_1_61' title="bbox 463 3059 2033 3144">
     <span class='ocr_line' id='line_1_61' title="bbox 463 3059 2033 3144; baseline 0.006 -22"><span class='ocrx_word' id='word_1_444' title='bbox 463 3075 795 3143; x_wconf 78' lang='grc' dir='ltr'>κατηγορεῖν</span> <span class='ocrx_word' id='word_1_445' title='bbox 815 3073 1004 3137; x_wconf 79' lang='grc' dir='ltr'>αὐτοῦ,</span> <span class='ocrx_word' id='word_1_446' title='bbox 1033 3073 1147 3126; x_wconf 82' lang='grc' dir='ltr'>ἀλλ’</span> <span class='ocrx_word' id='word_1_447' title='bbox 1170 3070 1236 3144; x_wconf 80' lang='grc' dir='ltr'>ἦν</span> <span class='ocrx_word' id='word_1_448' title='bbox 1260 3073 1468 3143; x_wconf 84' lang='grc' dir='ltr'>ἀπορία</span> <span class='ocrx_word' id='word_1_449' title='bbox 1496 3072 1589 3125; x_wconf 75' lang='grc' dir='ltr'>τοῦ</span> <span class='ocrx_word' id='word_1_450' title='bbox 1622 3073 1675 3126; x_wconf 88' lang='grc' dir='ltr'>τί</span> <span class='ocrx_word' id='word_1_451' title='bbox 1701 3074 1806 3144; x_wconf 85' lang='grc' dir='ltr'>χρὴ</span> <span class='ocrx_word' id='word_1_452' title='bbox 1833 3059 2033 3131; x_wconf 80' lang='grc' dir='ltr'>ποιεῖν.</span> 
     </span>
    </p>
   </div>
   <div class='ocr_carea' id='block_1_62' title="bbox 2147 3059 3729 3156">
    <p class='ocr_par' dir='ltr' id='par_1_62' title="bbox 2147 3073 3729 3146">
     <span class='ocr_line' id='line_1_62' title="bbox 2147 3073 3729 3146; baseline -0.002 -16"><span class='ocrx_word' id='word_1_453' title='bbox 2147 3076 2440 3130; x_wconf 85' lang='lat' dir='ltr'><strong>concilium</strong></span> <span class='ocrx_word' id='word_1_454' title='bbox 2479 3074 2897 3146; x_wconf 83' lang='lat' dir='ltr'><strong>indignabatur.</strong></span> <span class='ocrx_word' id='word_1_455' title='bbox 2930 3073 3038 3130; x_wconf 90' lang='lat' dir='ltr'><strong>Sed</strong></span> <span class='ocrx_word' id='word_1_456' title='bbox 3080 3074 3348 3139; x_wconf 87' lang='lat' dir='ltr'><strong>llerodcs,</strong></span> <span class='ocrx_word' id='word_1_457' title='bbox 3385 3073 3668 3144; x_wconf 88' lang='lat' dir='ltr'><strong>redempta</strong></span> <span class='ocrx_word' id='word_1_458' title='bbox 3697 3089 3729 3127; x_wconf 90' lang='lat' dir='ltr'>a</span> 
     </span>
    </p>
   </div>
   <div class='ocr_carea' id='block_1_63' title="bbox 460 3159 2035 3237">
    <p class='ocr_par' dir='ltr' id='par_1_63' title="bbox 460 3159 2035 3237">
     <span class='ocr_line' id='line_1_63' title="bbox 460 3159 2035 3237; baseline 0.003 -22"><span class='ocrx_word' id='word_1_459' title='bbox 460 3159 553 3226; x_wconf 79' lang='grc' dir='ltr'>Εἷς</span> <span class='ocrx_word' id='word_1_460' title='bbox 584 3163 639 3217; x_wconf 86' lang='grc' dir='ltr'>δέ</span> <span class='ocrx_word' id='word_1_461' title='bbox 677 3181 784 3230; x_wconf 89' lang='grc' dir='ltr'>τις,</span> <span class='ocrx_word' id='word_1_462' title='bbox 818 3167 1057 3236; x_wconf 87' lang='grc' dir='ltr'>Σαμαῖος</span> <span class='ocrx_word' id='word_1_463' title='bbox 1086 3166 1336 3236; x_wconf 75' lang='grc' dir='ltr'>ὀνόματι,</span> <span class='ocrx_word' id='word_1_464' title='bbox 1376 3166 1586 3229; x_wconf 88' lang='grc' dir='ltr'>δίκαιος</span> <span class='ocrx_word' id='word_1_465' title='bbox 1618 3166 1779 3237; x_wconf 82' lang='grc' dir='ltr'>ἀνὴρ.</span> <span class='ocrx_word' id='word_1_466' title='bbox 1809 3170 1904 3220; x_wconf 71' lang='grc' dir='ltr'>καὶ</span> <span class='ocrx_word' id='word_1_467' title='bbox 1936 3183 2035 3220; x_wconf 82' lang='grc' dir='ltr'>πε-</span> 
     </span>
    </p>
   </div>
   <div class='ocr_carea' id='block_1_64' title="bbox 459 3253 2035 3328">
    <p class='ocr_par' dir='ltr' id='par_1_64' title="bbox 459 3253 2035 3328">
     <span class='ocr_line' id='line_1_64' title="bbox 459 3253 2035 3328; baseline 0.004 -22"><span class='ocrx_word' id='word_1_468' title='bbox 459 3255 660 3320; x_wconf 87' lang='grc' dir='ltr'>ποιθὼς</span> <span class='ocrx_word' id='word_1_469' title='bbox 685 3257 762 3320; x_wconf 88' lang='grc' dir='ltr'>ώς</span> <span class='ocrx_word' id='word_1_470' title='bbox 789 3259 946 3325; x_wconf 84' lang='grc' dir='ltr'>λέων,</span> <span class='ocrx_word' id='word_1_471' title='bbox 979 3253 1154 3312; x_wconf 79' lang='grc' dir='ltr'>εἶπεν·</span> <span class='ocrx_word' id='word_1_472' title='bbox 1185 3253 1260 3313; x_wconf 82' lang='grc' dir='ltr'><strong><em>Ὦ</em></strong></span> <span class='ocrx_word' id='word_1_473' title='bbox 1289 3257 1530 3328; x_wconf 82' lang='grc' dir='ltr'>ἄνδρες,</span> <span class='ocrx_word' id='word_1_474' title='bbox 1568 3262 1679 3314; x_wconf 78' lang='grc' dir='ltr'>οὐκ</span> <span class='ocrx_word' id='word_1_475' title='bbox 1738 3255 1871 3314; x_wconf 79' lang='grc' dir='ltr'>οἶδά</span> <span class='ocrx_word' id='word_1_476' title='bbox 1901 3276 2035 3313; x_wconf 84' lang='grc' dir='ltr'>τινα</span> 
     </span>
    </p>
   </div>
   <div class='ocr_carea' id='block_1_65' title="bbox 459 3344 2031 3420">
    <p class='ocr_par' dir='ltr' id='par_1_65' title="bbox 459 3344 2031 3420">
     <span class='ocr_line' id='line_1_65' title="bbox 459 3344 2031 3420; baseline 0.004 -23"><span class='ocrx_word' id='word_1_477' title='bbox 459 3344 575 3399; x_wconf 80' lang='grc' dir='ltr'>τῶν</span> <span class='ocrx_word' id='word_1_478' title='bbox 628 3351 1018 3420; x_wconf 71' lang='grc' dir='ltr'>κεκλημένων</span> <span class='ocrx_word' id='word_1_479' title='bbox 1060 3351 1147 3416; x_wconf 81' lang='grc' dir='ltr'>εις</span> <span class='ocrx_word' id='word_1_480' title='bbox 1181 3348 1364 3417; x_wconf 80' lang='grc' dir='ltr'>δίκην</span> <span class='ocrx_word' id='word_1_481' title='bbox 1411 3351 1564 3404; x_wconf 80' lang='grc' dir='ltr'>οὕτω</span> <span class='ocrx_word' id='word_1_482' title='bbox 1612 3348 2031 3419; x_wconf 81' lang='grc' dir='ltr'>παραστάντα.</span> 
     </span>
    </p>
   </div>
   <div class='ocr_carea' id='block_1_66' title="bbox 457 3437 2039 3512">
    <p class='ocr_par' dir='ltr' id='par_1_66' title="bbox 457 3437 2039 3512">
     <span class='ocr_line' id='line_1_66' title="bbox 457 3437 2039 3512; baseline 0.003 -23"><span class='ocrx_word' id='word_1_483' title='bbox 457 3437 596 3492; x_wconf 81' lang='grc' dir='ltr'>οὔτε</span> <span class='ocrx_word' id='word_1_484' title='bbox 621 3441 810 3510; x_wconf 81' lang='grc' dir='ltr'>ὑμεῖς,</span> <span class='ocrx_word' id='word_1_485' title='bbox 835 3438 1211 3512; x_wconf 77' lang='grc' dir='ltr'>οἷμαι.Ἀλλὰ</span> <span class='ocrx_word' id='word_1_486' title='bbox 1239 3439 1358 3507; x_wconf 82' lang='grc' dir='ltr'>πᾶς</span> <span class='ocrx_word' id='word_1_487' title='bbox 1384 3445 1838 3511; x_wconf 77' lang='grc' dir='ltr'>κριθησόμενος,</span> <span class='ocrx_word' id='word_1_488' title='bbox 1856 3441 2039 3495; x_wconf 81' lang='grc' dir='ltr'>δεδιό-</span> 
     </span>
    </p>
   </div>
   <div class='ocr_carea' id='block_1_67' title="bbox 2143 3166 3728 3240">
    <p class='ocr_par' dir='ltr' id='par_1_67' title="bbox 2143 3166 3728 3240">
     <span class='ocr_line' id='line_1_67' title="bbox 2143 3166 3728 3240; baseline -0.003 -15"><span class='ocrx_word' id='word_1_489' title='bbox 2143 3169 2312 3225; x_wconf 84' lang='lat' dir='ltr'><strong>Sexto</strong></span> <span class='ocrx_word' id='word_1_490' title='bbox 2343 3168 2514 3240; x_wconf 66' lang='lat' dir='ltr'><strong>Syrim</strong></span> <span class='ocrx_word' id='word_1_491' title='bbox 2540 3177 2800 3238; x_wconf 79' lang='lat' dir='ltr'><strong>praetura,</strong></span> <span class='ocrx_word' id='word_1_492' title='bbox 2831 3182 2940 3221; x_wconf 94' lang='lat' dir='ltr'>non</span> <span class='ocrx_word' id='word_1_493' title='bbox 2969 3166 3146 3221; x_wconf 87' lang='lat' dir='ltr'><strong>multo</strong></span> <span class='ocrx_word' id='word_1_494' title='bbox 3173 3175 3296 3236; x_wconf 89' lang='lat' dir='ltr'><strong>post</strong></span> <span class='ocrx_word' id='word_1_495' title='bbox 3325 3180 3453 3220; x_wconf 90' lang='lat' dir='ltr'>cum</span> <span class='ocrx_word' id='word_1_496' title='bbox 3479 3166 3728 3220; x_wconf 82' lang='lat' dir='ltr'><strong>exercitu</strong></span> 
     </span>
    </p>
   </div>
   <div class='ocr_carea' id='block_1_68' title="bbox 2141 3257 3736 3332">
    <p class='ocr_par' dir='ltr' id='par_1_68' title="bbox 2141 3257 3736 3332">
     <span class='ocr_line' id='line_1_68' title="bbox 2141 3257 3736 3332; baseline -0.004 -18"><span class='ocrx_word' id='word_1_497' title='bbox 2141 3263 2312 3323; x_wconf 90' lang='lat' dir='ltr'><strong>venit,</strong></span> <span class='ocrx_word' id='word_1_498' title='bbox 2347 3260 2600 3332; x_wconf 82' lang='lat' dir='ltr'><strong>Hyrcano</strong></span> <span class='ocrx_word' id='word_1_499' title='bbox 2629 3259 2804 3314; x_wconf 90' lang='lat' dir='ltr'><strong>iratus</strong></span> <span class='ocrx_word' id='word_1_500' title='bbox 2830 3257 2978 3330; x_wconf 91' lang='lat' dir='ltr'><strong>quod</strong></span> <span class='ocrx_word' id='word_1_501' title='bbox 3013 3257 3242 3312; x_wconf 88' lang='lat' dir='ltr'><strong>omnino</strong></span> <span class='ocrx_word' id='word_1_502' title='bbox 3277 3257 3330 3311; x_wconf 90' lang='lat' dir='ltr'>in</span> <span class='ocrx_word' id='word_1_503' title='bbox 3377 3257 3464 3327; x_wconf 83' lang='lat' dir='ltr'>jus</span> <span class='ocrx_word' id='word_1_504' title='bbox 3496 3264 3736 3311; x_wconf 86' lang='lat' dir='ltr'><strong>vocatus</strong></span> 
     </span>
    </p>
   </div>
   <div class='ocr_carea' id='block_1_69' title="bbox 2143 3347 3731 3422">
    <p class='ocr_par' dir='ltr' id='par_1_69' title="bbox 2143 3347 3731 3422">
     <span class='ocr_line' id='line_1_69' title="bbox 2143 3347 3731 3422; baseline -0.004 -16"><span class='ocrx_word' id='word_1_505' title='bbox 2143 3361 2308 3414; x_wconf 77' lang='lat' dir='ltr'><strong>esset,</strong></span> <span class='ocrx_word' id='word_1_506' title='bbox 2341 3350 2723 3422; x_wconf 80' lang='lat' dir='ltr'><strong>Hierosolyma</strong></span> <span class='ocrx_word' id='word_1_507' title='bbox 2753 3358 3198 3421; x_wconf 77' lang='lat' dir='ltr'><strong>oppugnaturus,</strong></span> <span class='ocrx_word' id='word_1_508' title='bbox 3221 3350 3275 3404; x_wconf 92' lang='lat' dir='ltr'>ni</span> <span class='ocrx_word' id='word_1_509' title='bbox 3300 3357 3458 3419; x_wconf 85' lang='lat' dir='ltr'><strong>pater</strong></span> <span class='ocrx_word' id='word_1_510' title='bbox 3481 3347 3731 3404; x_wconf 77' lang='lat' dir='ltr'><strong>etfrater</strong></span> 
     </span>
    </p>
   </div>
   <div class='ocr_carea' id='block_1_70' title="bbox 2143 3441 3013 3512">
    <p class='ocr_par' dir='ltr' id='par_1_70' title="bbox 2143 3441 3013 3512">
     <span class='ocr_line' id='line_1_70' title="bbox 2143 3441 3013 3512; baseline 0 -16"><span class='ocrx_word' id='word_1_511' title='bbox 2143 3443 2264 3512; x_wconf 85' lang='lat' dir='ltr'><strong>ejus</strong></span> <span class='ocrx_word' id='word_1_512' title='bbox 2291 3441 2556 3511; x_wconf 87' lang='lat' dir='ltr'><strong>impetum</strong></span> <span class='ocrx_word' id='word_1_513' title='bbox 2596 3442 3013 3510; x_wconf 87' lang='lat' dir='ltr'><strong>repressissent.</strong></span> 
     </span>
    </p>
   </div>
   <div class='ocr_carea' id='block_1_71' title="bbox 457 3530 3731 3607">
    <p class='ocr_par' dir='ltr' id='par_1_71' title="bbox 457 3530 3731 3607">
     <span class='ocr_line' id='line_1_71' title="bbox 457 3530 3731 3607; baseline -0.001 -22"><span class='ocrx_word' id='word_1_514' title='bbox 457 3548 560 3598; x_wconf 78' lang='grc' dir='ltr'>τος</span> <span class='ocrx_word' id='word_1_515' title='bbox 576 3536 932 3604; x_wconf 79' lang='grc' dir='ltr'>παρίσταται</span> <span class='ocrx_word' id='word_1_516' title='bbox 950 3536 1235 3607; x_wconf 82' lang='grc' dir='ltr'>σχήματι.</span> <span class='ocrx_word' id='word_1_517' title='bbox 1271 3540 1322 3592; x_wconf 88' lang='lat'>&#39;0</span> <span class='ocrx_word' id='word_1_518' title='bbox 1347 3537 1415 3592; x_wconf 85' lang='grc' dir='ltr'>δὲ</span> <span class='ocrx_word' id='word_1_519' title='bbox 1430 3536 1758 3602; x_wconf 71' lang='grc' dir='ltr'>βέλτιστος</span> <span class='ocrx_word' id='word_1_520' title='bbox 1786 3534 2062 3603; x_wconf 81' lang='grc' dir='ltr'>Ἡρώδης,</span> <span class='ocrx_word' id='word_1_521' title='bbox 2103 3537 2306 3603; x_wconf 67' lang='grc' dir='ltr'>φόνων</span> <span class='ocrx_word' id='word_1_522' title='bbox 2333 3534 2514 3602; x_wconf 83' lang='grc' dir='ltr'>δίκην</span> <span class='ocrx_word' id='word_1_523' title='bbox 2545 3535 2804 3604; x_wconf 72' lang='grc' dir='ltr'>φεύγων,</span> <span class='ocrx_word' id='word_1_524' title='bbox 2848 3532 3096 3601; x_wconf 76' lang='grc' dir='ltr'>ἕστηκε,</span> <span class='ocrx_word' id='word_1_525' title='bbox 3162 3533 3296 3602; x_wconf 77' lang='grc' dir='ltr'>περὶ</span> <span class='ocrx_word' id='word_1_526' title='bbox 3343 3531 3531 3586; x_wconf 76' lang='grc' dir='ltr'>αὐτὸν</span> <span class='ocrx_word' id='word_1_527' title='bbox 3572 3530 3731 3600; x_wconf 77' lang='grc' dir='ltr'>ἔχων</span> 
     </span>
    </p>
   </div>
   <div class='ocr_carea' id='block_1_72' title="bbox 459 3624 3726 3701">
    <p class='ocr_par' dir='ltr' id='par_1_72' title="bbox 459 3624 3726 3701">
     <span class='ocr_line' id='line_1_72' title="bbox 459 3624 3726 3701; baseline -0.001 -21"><span class='ocrx_word' id='word_1_528' title='bbox 459 3627 737 3696; x_wconf 73' lang='grc' dir='ltr'>ὁπλίτας,</span> <span class='ocrx_word' id='word_1_529' title='bbox 767 3631 820 3683; x_wconf 85' lang='grc' dir='ltr'>εί</span> <span class='ocrx_word' id='word_1_530' title='bbox 849 3633 1229 3701; x_wconf 70' lang='grc' dir='ltr'>κατακριθείη</span> <span class='ocrx_word' id='word_1_531' title='bbox 1271 3631 1422 3686; x_wconf 85' lang='grc' dir='ltr'>κατὰ</span> <span class='ocrx_word' id='word_1_532' title='bbox 1448 3629 1556 3684; x_wconf 85' lang='grc' dir='ltr'>τὸν</span> <span class='ocrx_word' id='word_1_533' title='bbox 1622 3629 1834 3697; x_wconf 82' lang='grc' dir='ltr'>νόμον,</span> <span class='ocrx_word' id='word_1_534' title='bbox 1902 3625 2268 3692; x_wconf 81' lang='grc' dir='ltr'>κτενοῦντας</span> <span class='ocrx_word' id='word_1_535' title='bbox 2313 3625 2493 3695; x_wconf 78' lang='grc' dir='ltr'>ἡμᾶς.</span> <span class='ocrx_word' id='word_1_536' title='bbox 2542 3628 2707 3681; x_wconf 67' lang='grc' dir='ltr'>Ἀλλ’</span> <span class='ocrx_word' id='word_1_537' title='bbox 2779 3624 3051 3693; x_wconf 80' lang='grc' dir='ltr'>Ἡρώδην</span> <span class='ocrx_word' id='word_1_538' title='bbox 3081 3627 3197 3694; x_wconf 73' lang='grc' dir='ltr'>μὲν</span> <span class='ocrx_word' id='word_1_539' title='bbox 3227 3626 3300 3679; x_wconf 82' lang='grc' dir='ltr'>οὐ</span> <span class='ocrx_word' id='word_1_540' title='bbox 3347 3624 3726 3694; x_wconf 71' lang='grc' dir='ltr'>μεμψαίμην.</span> 
     </span>
    </p>
   </div>
   <div class='ocr_carea' id='block_1_73' title="bbox 458 3711 3728 3790">
    <p class='ocr_par' dir='ltr' id='par_1_73' title="bbox 458 3711 3728 3790">
     <span class='ocr_line' id='line_1_73' title="bbox 458 3711 3728 3790; baseline -0.001 -18"><span class='ocrx_word' id='word_1_541' title='bbox 458 3716 614 3786; x_wconf 72' lang='grc' dir='ltr'>ὑμᾶς</span> <span class='ocrx_word' id='word_1_542' title='bbox 641 3719 710 3773; x_wconf 84' lang='grc' dir='ltr'>δὲ</span> <span class='ocrx_word' id='word_1_543' title='bbox 737 3721 1046 3788; x_wconf 84' lang='grc' dir='ltr'>τοσαύτην</span> <span class='ocrx_word' id='word_1_544' title='bbox 1100 3722 1308 3776; x_wconf 82' lang='grc' dir='ltr'>ἄδειαν</span> <span class='ocrx_word' id='word_1_545' title='bbox 1363 3723 1798 3790; x_wconf 75' lang='grc' dir='ltr'>παρασχόντας</span> <span class='ocrx_word' id='word_1_546' title='bbox 1849 3716 2032 3782; x_wconf 84' lang='grc' dir='ltr'>αὐτῷ.</span> <span class='ocrx_word' id='word_1_547' title='bbox 2074 3720 2242 3774; x_wconf 85' lang='grc' dir='ltr'>Ἰστε</span> <span class='ocrx_word' id='word_1_548' title='bbox 2308 3719 2521 3774; x_wconf 82' lang='grc' dir='ltr'>τοίνυν</span> <span class='ocrx_word' id='word_1_549' title='bbox 2590 3718 2831 3774; x_wconf 79' lang='grc' dir='ltr'>δίκαιον</span> <span class='ocrx_word' id='word_1_550' title='bbox 2881 3717 2989 3773; x_wconf 83' lang='grc' dir='ltr'>τὸν</span> <span class='ocrx_word' id='word_1_551' title='bbox 3059 3718 3229 3783; x_wconf 86' lang='grc' dir='ltr'>Θεὸν,</span> <span class='ocrx_word' id='word_1_552' title='bbox 3265 3717 3364 3771; x_wconf 76' lang='grc' dir='ltr'>καί</span> <span class='ocrx_word' id='word_1_553' title='bbox 3427 3717 3505 3783; x_wconf 83' lang='grc' dir='ltr'>ὡς</span> <span class='ocrx_word' id='word_1_554' title='bbox 3545 3711 3728 3780; x_wconf 81' lang='grc' dir='ltr'>οὗτος</span> 
     </span>
    </p>
   </div>
   <div class='ocr_carea' id='block_1_74' title="bbox 459 3811 3728 3885">
    <p class='ocr_par' dir='ltr' id='par_1_74' title="bbox 459 3811 3728 3885">
     <span class='ocr_line' id='line_1_74' title="bbox 459 3811 3728 3885; baseline -0.001 -19"><span class='ocrx_word' id='word_1_555' title='bbox 459 3811 531 3866; x_wconf 75' lang='grc' dir='ltr'>ὃν</span> <span class='ocrx_word' id='word_1_556' title='bbox 549 3814 666 3869; x_wconf 83' lang='grc' dir='ltr'>νῦν</span> <span class='ocrx_word' id='word_1_557' title='bbox 684 3815 760 3869; x_wconf 83' lang='grc' dir='ltr'>δι’</span> <span class='ocrx_word' id='word_1_558' title='bbox 794 3817 1090 3884; x_wconf 84' lang='grc' dir='ltr'>Ὑρκανὸν</span> <span class='ocrx_word' id='word_1_559' title='bbox 1109 3819 1415 3874; x_wconf 73' lang='grc' dir='ltr'>ἀπολῦσαι</span> <span class='ocrx_word' id='word_1_560' title='bbox 1433 3818 1764 3883; x_wconf 72' lang='grc' dir='ltr'>βούλεσθε,</span> <span class='ocrx_word' id='word_1_561' title='bbox 1820 3815 2069 3870; x_wconf 75' lang='grc' dir='ltr'>κολάσει</span> <span class='ocrx_word' id='word_1_562' title='bbox 2104 3813 2262 3885; x_wconf 83' lang='grc' dir='ltr'>ὑμᾶς</span> <span class='ocrx_word' id='word_1_563' title='bbox 2326 3831 2494 3876; x_wconf 78' lang='grc' dir='ltr'>ποτε.</span> <span class='ocrx_word' id='word_1_564' title='bbox 2528 3814 2628 3869; x_wconf 77' lang='grc' dir='ltr'>καί</span> <span class='ocrx_word' id='word_1_565' title='bbox 2661 3814 2850 3870; x_wconf 83' lang='grc' dir='ltr'>αὐτὸν</span> <span class='ocrx_word' id='word_1_566' title='bbox 2887 3814 3190 3883; x_wconf 85' lang='grc' dir='ltr'>Ὑρκανόν.</span> <span class='ocrx_word' id='word_1_567' title='bbox 3221 3813 3344 3868; x_wconf 87' lang='grc' dir='ltr'>Ὅτι</span> <span class='ocrx_word' id='word_1_568' title='bbox 3365 3812 3422 3866; x_wconf 77' lang='grc' dir='ltr'>δὲ</span> <span class='ocrx_word' id='word_1_569' title='bbox 3449 3811 3625 3867; x_wconf 82' lang='grc' dir='ltr'>ταῦτα</span> <span class='ocrx_word' id='word_1_570' title='bbox 3647 3813 3728 3874; x_wconf 88' lang='grc' dir='ltr'>είς</span> 
     </span>
    </p>
   </div>
   <div class='ocr_carea' id='block_1_75' title="bbox 458 3901 3729 3985">
    <p class='ocr_par' dir='ltr' id='par_1_75' title="bbox 458 3901 3729 3985">
     <span class='ocr_line' id='line_1_75' title="bbox 458 3901 3729 3985; baseline -0 -28"><span class='ocrx_word' id='word_1_571' title='bbox 458 3906 620 3976; x_wconf 80' lang='grc' dir='ltr'>ἔργον</span> <span class='ocrx_word' id='word_1_572' title='bbox 655 3909 840 3980; x_wconf 81' lang='grc' dir='ltr'>ἐξέϐη,</span> <span class='ocrx_word' id='word_1_573' title='bbox 889 3910 1122 3981; x_wconf 88' lang='grc' dir='ltr'>δηλώσει</span> <span class='ocrx_word' id='word_1_574' title='bbox 1158 3912 1362 3985; x_wconf 86' lang='grc' dir='ltr'>προῖὼν</span> <span class='ocrx_word' id='word_1_575' title='bbox 1385 3913 1414 3964; x_wconf 87' lang='grc' dir='ltr'>ὁ</span> <span class='ocrx_word' id='word_1_576' title='bbox 1448 3911 1627 3980; x_wconf 83' lang='grc' dir='ltr'>λόγος.</span> <span class='ocrx_word' id='word_1_577' title='bbox 1675 3909 1944 3980; x_wconf 81' lang='grc' dir='ltr'>Ὑρκανὸς</span> <span class='ocrx_word' id='word_1_578' title='bbox 1977 3909 2035 3962; x_wconf 73' lang='grc' dir='ltr'>δὲ</span> <span class='ocrx_word' id='word_1_579' title='bbox 2073 3910 2154 3971; x_wconf 86' lang='grc' dir='ltr'>είς</span> <span class='ocrx_word' id='word_1_580' title='bbox 2208 3907 2376 3979; x_wconf 78' lang='grc' dir='ltr'>ἄλλην</span> <span class='ocrx_word' id='word_1_581' title='bbox 2443 3908 2662 3978; x_wconf 78' lang='grc' dir='ltr'>ἡμέραν</span> <span class='ocrx_word' id='word_1_582' title='bbox 2717 3905 2817 3978; x_wconf 77' lang='grc' dir='ltr'>τὴν</span> <span class='ocrx_word' id='word_1_583' title='bbox 2847 3906 3006 3976; x_wconf 89' lang='grc' dir='ltr'>δίκην</span> <span class='ocrx_word' id='word_1_584' title='bbox 3050 3904 3374 3974; x_wconf 80' lang='grc' dir='ltr'>ὑπερέθετο,</span> <span class='ocrx_word' id='word_1_585' title='bbox 3406 3903 3501 3957; x_wconf 80' lang='grc' dir='ltr'>καὶ</span> <span class='ocrx_word' id='word_1_586' title='bbox 3549 3901 3729 3972; x_wconf 86' lang='grc' dir='ltr'>λάθρα</span> 
     </span>
    </p>
   </div>
   <div class='ocr_carea' id='block_1_76' title="bbox 460 3995 3733 4076">
    <p class='ocr_par' dir='ltr' id='par_1_76' title="bbox 460 3995 3733 4076">
     <span class='ocr_line' id='line_1_76' title="bbox 460 3995 3733 4076; baseline -0.002 -23"><span class='ocrx_word' id='word_1_587' title='bbox 460 4001 694 4056; x_wconf 81' lang='grc' dir='ltr'>ὑπέθετο</span> <span class='ocrx_word' id='word_1_588' title='bbox 727 4003 806 4074; x_wconf 84' lang='grc' dir='ltr'>τῷ</span> <span class='ocrx_word' id='word_1_589' title='bbox 845 4004 1064 4076; x_wconf 82' lang='grc' dir='ltr'>Ἡρώδῃ</span> <span class='ocrx_word' id='word_1_590' title='bbox 1085 4006 1187 4076; x_wconf 79' lang='grc' dir='ltr'>τὴν</span> <span class='ocrx_word' id='word_1_591' title='bbox 1243 4005 1402 4059; x_wconf 77' lang='grc' dir='ltr'>πόλιν</span> <span class='ocrx_word' id='word_1_592' title='bbox 1457 4002 1798 4068; x_wconf 78' lang='grc' dir='ltr'>ὑπεξελθεῖν.</span> <span class='ocrx_word' id='word_1_593' title='bbox 1834 4002 1946 4055; x_wconf 75' lang='grc' dir='ltr'>Καὶ</span> <span class='ocrx_word' id='word_1_594' title='bbox 2007 4002 2036 4053; x_wconf 87' lang='grc' dir='ltr'>ὁ</span> <span class='ocrx_word' id='word_1_595' title='bbox 2075 4001 2176 4070; x_wconf 82' lang='grc' dir='ltr'>μὲν</span> <span class='ocrx_word' id='word_1_596' title='bbox 2242 4001 2430 4072; x_wconf 73' lang='grc' dir='ltr'>ἀπῄει,</span> <span class='ocrx_word' id='word_1_597' title='bbox 2463 4001 2511 4053; x_wconf 79' lang='lat' dir='ltr'>oi</span> <span class='ocrx_word' id='word_1_598' title='bbox 2541 3998 2600 4052; x_wconf 78' lang='grc' dir='ltr'>δὲ</span> <span class='ocrx_word' id='word_1_599' title='bbox 2650 3998 2747 4052; x_wconf 79' lang='grc' dir='ltr'>τοῦ</span> <span class='ocrx_word' id='word_1_600' title='bbox 2777 3997 3056 4066; x_wconf 84' lang='grc' dir='ltr'>συνεδρίου</span> <span class='ocrx_word' id='word_1_601' title='bbox 3087 3995 3457 4066; x_wconf 69' lang='grc' dir='ltr'>ἠγανάκτουν.</span> <span class='ocrx_word' id='word_1_602' title='bbox 3525 3995 3733 4060; x_wconf 75' lang='grc' dir='ltr'>Σέξτου</span> 
     </span>
    </p>
   </div>
   <div class='ocr_carea' id='block_1_77' title="bbox 457 4085 3726 4164">
    <p class='ocr_par' dir='ltr' id='par_1_77' title="bbox 457 4085 3726 4164">
     <span class='ocr_line' id='line_1_77' title="bbox 457 4085 3726 4164; baseline -0.002 -22"><span class='ocrx_word' id='word_1_603' title='bbox 457 4089 515 4144; x_wconf 79' lang='grc' dir='ltr'>δὲ</span> <span class='ocrx_word' id='word_1_604' title='bbox 541 4093 641 4162; x_wconf 69' lang='grc' dir='ltr'>τὴν</span> <span class='ocrx_word' id='word_1_605' title='bbox 692 4092 1029 4163; x_wconf 87' lang='grc' dir='ltr'>στρατηγίαν</span> <span class='ocrx_word' id='word_1_606' title='bbox 1064 4093 1163 4164; x_wconf 86' lang='grc' dir='ltr'>τῆς</span> <span class='ocrx_word' id='word_1_607' title='bbox 1215 4093 1421 4162; x_wconf 81' lang='grc' dir='ltr'>Κοίλης</span> <span class='ocrx_word' id='word_1_608' title='bbox 1454 4091 1658 4162; x_wconf 86' lang='grc' dir='ltr'>Συρίας</span> <span class='ocrx_word' id='word_1_609' title='bbox 1714 4089 2020 4161; x_wconf 80' lang='grc' dir='ltr'>χρημάτων</span> <span class='ocrx_word' id='word_1_610' title='bbox 2055 4089 2138 4158; x_wconf 87' lang='grc' dir='ltr'>τῷ</span> <span class='ocrx_word' id='word_1_611' title='bbox 2225 4087 2445 4160; x_wconf 83' lang='grc' dir='ltr'>Ἡρώδῃ</span> <span class='ocrx_word' id='word_1_612' title='bbox 2495 4086 2858 4157; x_wconf 77' lang='grc' dir='ltr'>ἀποδομένου,</span> <span class='ocrx_word' id='word_1_613' title='bbox 2891 4087 2952 4140; x_wconf 80' lang='grc' dir='ltr'>οὐ</span> <span class='ocrx_word' id='word_1_614' title='bbox 2994 4086 3130 4140; x_wconf 81' lang='grc' dir='ltr'>πολὺ</span> <span class='ocrx_word' id='word_1_615' title='bbox 3164 4085 3226 4139; x_wconf 79' lang='grc' dir='ltr'>τὸ</span> <span class='ocrx_word' id='word_1_616' title='bbox 3271 4085 3336 4140; x_wconf 79' lang='grc' dir='ltr'>ἐν</span> <span class='ocrx_word' id='word_1_617' title='bbox 3386 4085 3548 4155; x_wconf 85' lang='grc' dir='ltr'>,μέσῳ</span> <span class='ocrx_word' id='word_1_618' title='bbox 3578 4098 3726 4154; x_wconf 88' lang='grc' dir='ltr'>παρ·</span> 
     </span>
    </p>
   </div>
   <div class='ocr_carea' id='block_1_78' title="bbox 459 4180 3728 4261">
    <p class='ocr_par' dir='ltr' id='par_1_78' title="bbox 459 4180 3728 4261">
     <span class='ocr_line' id='line_1_78' title="bbox 459 4180 3728 4261; baseline -0.002 -23"><span class='ocrx_word' id='word_1_619' title='bbox 459 4186 611 4257; x_wconf 77' lang='grc' dir='ltr'>ἦλθε.</span> <span class='ocrx_word' id='word_1_620' title='bbox 668 4189 778 4242; x_wconf 72' lang='grc' dir='ltr'>Καὶ</span> <span class='ocrx_word' id='word_1_621' title='bbox 809 4183 948 4261; x_wconf 81' lang='grc' dir='ltr'>ἧκεν</span> <span class='ocrx_word' id='word_1_622' title='bbox 991 4189 1238 4260; x_wconf 84' lang='grc' dir='ltr'>Ἡρώδης</span> <span class='ocrx_word' id='word_1_623' title='bbox 1285 4189 1385 4242; x_wconf 80' lang='grc' dir='ltr'>σὺν</span> <span class='ocrx_word' id='word_1_624' title='bbox 1418 4189 1653 4259; x_wconf 80' lang='grc' dir='ltr'>στρατιᾷ</span> <span class='ocrx_word' id='word_1_625' title='bbox 1684 4185 2046 4258; x_wconf 79' lang='grc' dir='ltr'>ὀργιζόμενος</span> <span class='ocrx_word' id='word_1_626' title='bbox 2078 4185 2224 4240; x_wconf 87' lang='grc' dir='ltr'>κατά</span> <span class='ocrx_word' id='word_1_627' title='bbox 2298 4184 2596 4257; x_wconf 76' lang='grc' dir='ltr'>Ὑρκανοῦ,</span> <span class='ocrx_word' id='word_1_628' title='bbox 2661 4185 2745 4238; x_wconf 84' lang='grc' dir='ltr'>ὅτι</span> <span class='ocrx_word' id='word_1_629' title='bbox 2797 4184 2935 4249; x_wconf 81' lang='grc' dir='ltr'>ὅλως</span> <span class='ocrx_word' id='word_1_630' title='bbox 2985 4183 3066 4247; x_wconf 88' lang='grc' dir='ltr'>είς</span> <span class='ocrx_word' id='word_1_631' title='bbox 3101 4182 3262 4254; x_wconf 83' lang='grc' dir='ltr'>δίκην</span> <span class='ocrx_word' id='word_1_632' title='bbox 3298 4181 3528 4252; x_wconf 70' lang='grc' dir='ltr'>ἐκλήθη.</span> <span class='ocrx_word' id='word_1_633' title='bbox 3555 4180 3728 4234; x_wconf 79' lang='grc' dir='ltr'>Ἐχώ-</span> 
     </span>
    </p>
   </div>
   <div class='ocr_carea' id='block_1_79' title="bbox 460 4275 2712 4350">
    <p class='ocr_par' dir='ltr' id='par_1_79' title="bbox 460 4275 2712 4350">
     <span class='ocr_line' id='line_1_79' title="bbox 460 4275 2712 4350; baseline -0.001 -20"><span class='ocrx_word' id='word_1_634' title='bbox 460 4277 631 4332; x_wconf 71' lang='grc' dir='ltr'>λυσιν</span> <span class='ocrx_word' id='word_1_635' title='bbox 685 4277 743 4331; x_wconf 78' lang='grc' dir='ltr'>δὲ</span> <span class='ocrx_word' id='word_1_636' title='bbox 789 4280 956 4335; x_wconf 79' lang='grc' dir='ltr'>αὑτὸν</span> <span class='ocrx_word' id='word_1_637' title='bbox 1002 4281 1117 4344; x_wconf 90' lang='grc' dir='ltr'>τοῖς</span> <span class='ocrx_word' id='word_1_638' title='bbox 1159 4279 1563 4350; x_wconf 81' lang='grc' dir='ltr'>Ἱεροσολύμοις</span> <span class='ocrx_word' id='word_1_639' title='bbox 1623 4277 1954 4349; x_wconf 78' lang='grc' dir='ltr'>προσϐαλεῖν</span> <span class='ocrx_word' id='word_1_640' title='bbox 2009 4278 2038 4331; x_wconf 86' lang='grc' dir='ltr'>ὀ</span> <span class='ocrx_word' id='word_1_641' title='bbox 2078 4275 2259 4346; x_wconf 81' lang='grc' dir='ltr'>πατὴρ</span> <span class='ocrx_word' id='word_1_642' title='bbox 2283 4279 2375 4330; x_wconf 77' lang='grc' dir='ltr'>καὶ</span> <span class='ocrx_word' id='word_1_643' title='bbox 2406 4279 2434 4330; x_wconf 84' lang='grc' dir='ltr'>ὁ</span> <span class='ocrx_word' id='word_1_644' title='bbox 2462 4275 2712 4345; x_wconf 81' lang='grc' dir='ltr'>ἀδελφός.</span> 
     </span>
    </p>
   </div>
   <div class='ocr_carea' id='block_1_80' title="bbox 532 4361 2040 4440">
    <p class='ocr_par' dir='ltr' id='par_1_80' title="bbox 532 4362 2036 4440">
     <span class='ocr_line' id='line_1_80' title="bbox 532 4362 2036 4440; baseline 0 -20"><span class='ocrx_word' id='word_1_645' title='bbox 532 4365 614 4421; x_wconf 82' lang='lat' dir='ltr'>ll&#39;.</span> <span class='ocrx_word' id='word_1_646' title='bbox 641 4368 750 4421; x_wconf 83' lang='grc' dir='ltr'>Καὶ</span> <span class='ocrx_word' id='word_1_647' title='bbox 780 4369 850 4423; x_wconf 86' lang='grc' dir='ltr'>τὰ</span> <span class='ocrx_word' id='word_1_648' title='bbox 878 4369 979 4440; x_wconf 83' lang='grc' dir='ltr'>μὲν</span> <span class='ocrx_word' id='word_1_649' title='bbox 1005 4367 1147 4422; x_wconf 86' lang='grc' dir='ltr'>κατά</span> <span class='ocrx_word' id='word_1_650' title='bbox 1169 4367 1269 4440; x_wconf 75' lang='grc' dir='ltr'>τὴν</span> <span class='ocrx_word' id='word_1_651' title='bbox 1316 4367 1576 4421; x_wconf 85' lang='grc' dir='ltr'>Ἰουδαίαν</span> <span class='ocrx_word' id='word_1_652' title='bbox 1603 4368 1664 4419; x_wconf 92' lang='grc' dir='ltr'>ἐν</span> <span class='ocrx_word' id='word_1_653' title='bbox 1701 4365 1919 4431; x_wconf 85' lang='grc' dir='ltr'>τούτοις</span> <span class='ocrx_word' id='word_1_654' title='bbox 1946 4362 2036 4437; x_wconf 76' lang='grc' dir='ltr'>ἦν’</span> 
     </span>
    </p>
   </div>
   <div class='ocr_carea' id='block_1_81' title="bbox 2147 4361 3734 4440">
    <p class='ocr_par' dir='ltr' id='par_1_81' title="bbox 2217 4361 3734 4436">
     <span class='ocr_line' id='line_1_81' title="bbox 2217 4361 3734 4436; baseline -0.003 -17"><span class='ocrx_word' id='word_1_655' title='bbox 2217 4366 2354 4422; x_wconf 78' lang='lat' dir='ltr'><strong>Vlll.</strong></span> <span class='ocrx_word' id='word_1_656' title='bbox 2391 4365 2510 4422; x_wconf 84' lang='lat' dir='ltr'><strong>Hoc</strong></span> <span class='ocrx_word' id='word_1_657' title='bbox 2534 4365 2738 4421; x_wconf 68' lang='lat' dir='ltr'><strong>Judaeae</strong></span> <span class='ocrx_word' id='word_1_658' title='bbox 2781 4371 2928 4420; x_wconf 87' lang='lat' dir='ltr'><strong>statu</strong></span> <span class='ocrx_word' id='word_1_659' title='bbox 2975 4361 3130 4436; x_wconf 74' lang='lat' dir='ltr'><strong>Syria</strong></span> <span class='ocrx_word' id='word_1_660' title='bbox 3172 4362 3392 4419; x_wconf 85' lang='lat' dir='ltr'><strong>turbata</strong></span> <span class='ocrx_word' id='word_1_661' title='bbox 3418 4371 3504 4418; x_wconf 89' lang='lat' dir='ltr'>est</span> <span class='ocrx_word' id='word_1_662' title='bbox 3533 4361 3626 4417; x_wconf 86' lang='lat' dir='ltr'><strong>tali</strong></span> <span class='ocrx_word' id='word_1_663' title='bbox 3657 4361 3734 4416; x_wconf 70' lang='lat' dir='ltr'>de</span> 
     </span>
    </p>
   </div>
   <div class='ocr_carea' id='block_1_82' title="bbox 461 4447 2040 4533">
    <p class='ocr_par' dir='ltr' id='par_1_82' title="bbox 461 4458 2040 4533">
     <span class='ocr_line' id='line_1_82' title="bbox 461 4458 2040 4533; baseline -0.001 -20"><span class='ocrx_word' id='word_1_664' title='bbox 461 4458 530 4514; x_wconf 75' lang='grc' dir='ltr'>τά</span> <span class='ocrx_word' id='word_1_665' title='bbox 558 4460 614 4514; x_wconf 81' lang='grc' dir='ltr'>δὲ</span> <span class='ocrx_word' id='word_1_666' title='bbox 652 4461 796 4515; x_wconf 85' lang='grc' dir='ltr'>κατά</span> <span class='ocrx_word' id='word_1_667' title='bbox 830 4462 930 4533; x_wconf 82' lang='grc' dir='ltr'>τὴν</span> <span class='ocrx_word' id='word_1_668' title='bbox 960 4462 1164 4532; x_wconf 89' lang='grc' dir='ltr'>Συρίαν</span> <span class='ocrx_word' id='word_1_669' title='bbox 1209 4461 1520 4531; x_wconf 83' lang='grc' dir='ltr'>τετάρακτο</span> <span class='ocrx_word' id='word_1_670' title='bbox 1552 4460 1611 4525; x_wconf 74' lang='grc' dir='ltr'>ἐξ</span> <span class='ocrx_word' id='word_1_671' title='bbox 1637 4460 1822 4522; x_wconf 82' lang='grc' dir='ltr'>αἰτίας</span> <span class='ocrx_word' id='word_1_672' title='bbox 1863 4459 2040 4514; x_wconf 83' lang='grc' dir='ltr'>τοιαύ-</span> 
     </span>
    </p>
   </div>
   <div class='ocr_carea' id='block_1_83' title="bbox 2147 4447 3726 4533">
    <p class='ocr_par' dir='ltr' id='par_1_83' title="bbox 2147 4453 3726 4526">
     <span class='ocr_line' id='line_1_83' title="bbox 2147 4453 3726 4526; baseline -0.004 -12"><span class='ocrx_word' id='word_1_673' title='bbox 2147 4473 2330 4515; x_wconf 87' lang='lat' dir='ltr'><strong>causa.</strong></span> <span class='ocrx_word' id='word_1_674' title='bbox 2366 4458 2569 4513; x_wconf 85' lang='lat' dir='ltr'><strong>Bassus</strong></span> <span class='ocrx_word' id='word_1_675' title='bbox 2591 4455 2868 4522; x_wconf 64' lang='lat' dir='ltr'><strong>Caecilius,</strong></span> <span class='ocrx_word' id='word_1_676' title='bbox 2891 4456 3236 4526; x_wconf 83' lang='lat' dir='ltr'><strong>Pompeianae</strong></span> <span class='ocrx_word' id='word_1_677' title='bbox 3262 4455 3538 4520; x_wconf 76' lang='lat' dir='ltr'><strong>laetionis,</strong></span> <span class='ocrx_word' id='word_1_678' title='bbox 3559 4453 3726 4510; x_wconf 81' lang='lat' dir='ltr'><strong>Sexto</strong></span> 
     </span>
    </p>
   </div>
   <div class='ocr_carea' id='block_1_84' title="bbox 461 4552 2043 4625">
    <p class='ocr_par' dir='ltr' id='par_1_84' title="bbox 461 4552 2043 4625">
     <span class='ocr_line' id='line_1_84' title="bbox 461 4552 2043 4625; baseline 0.004 -22"><span class='ocrx_word' id='word_1_679' title='bbox 461 4568 581 4622; x_wconf 84' lang='grc' dir='ltr'>της.</span> <span class='ocrx_word' id='word_1_680' title='bbox 619 4553 827 4618; x_wconf 80' lang='grc' dir='ltr'>Βάσσος</span> <span class='ocrx_word' id='word_1_681' title='bbox 859 4554 1128 4619; x_wconf 85' lang='grc' dir='ltr'>Κικίλιος,</span> <span class='ocrx_word' id='word_1_682' title='bbox 1165 4552 1248 4618; x_wconf 76' lang='grc' dir='ltr'>εἷς</span> <span class='ocrx_word' id='word_1_683' title='bbox 1290 4554 1402 4608; x_wconf 84' lang='grc' dir='ltr'>τῶν</span> <span class='ocrx_word' id='word_1_684' title='bbox 1430 4554 1499 4609; x_wconf 79' lang='grc' dir='ltr'>τά</span> <span class='ocrx_word' id='word_1_685' title='bbox 1566 4555 1858 4625; x_wconf 82' lang='grc' dir='ltr'>Πομπηΐου</span> <span class='ocrx_word' id='word_1_686' title='bbox 1909 4572 2043 4624; x_wconf 85' lang='grc' dir='ltr'>φρο-</span> 
     </span>
    </p>
   </div>
   <div class='ocr_carea' id='block_1_85' title="bbox 464 4642 2040 4718">
    <p class='ocr_par' dir='ltr' id='par_1_85' title="bbox 464 4642 2040 4718">
     <span class='ocr_line' id='line_1_85' title="bbox 464 4642 2040 4718; baseline 0.003 -24"><span class='ocrx_word' id='word_1_687' title='bbox 464 4642 722 4708; x_wconf 78' lang='grc' dir='ltr'>νούντων,</span> <span class='ocrx_word' id='word_1_688' title='bbox 753 4645 956 4704; x_wconf 83' lang='grc' dir='ltr'>κτείνει</span> <span class='ocrx_word' id='word_1_689' title='bbox 983 4645 1084 4712; x_wconf 82' lang='grc' dir='ltr'>μὲν</span> <span class='ocrx_word' id='word_1_690' title='bbox 1108 4646 1305 4714; x_wconf 79' lang='grc' dir='ltr'>Σέξτον</span> <span class='ocrx_word' id='word_1_691' title='bbox 1335 4645 1594 4718; x_wconf 80' lang='grc' dir='ltr'>Καίσαρα</span> <span class='ocrx_word' id='word_1_692' title='bbox 1614 4645 1684 4700; x_wconf 83' lang='grc' dir='ltr'>δι’</span> <span class='ocrx_word' id='word_1_693' title='bbox 1719 4646 2040 4716; x_wconf 73' lang='grc' dir='ltr'>ἐπιϐουλῆς,</span> 
     </span>
    </p>
   </div>
   <div class='ocr_carea' id='block_1_86' title="bbox 465 4735 2044 4809">
    <p class='ocr_par' dir='ltr' id='par_1_86' title="bbox 465 4735 2044 4809">
     <span class='ocr_line' id='line_1_86' title="bbox 465 4735 2044 4809; baseline 0.001 -21"><span class='ocrx_word' id='word_1_694' title='bbox 465 4735 630 4798; x_wconf 76' lang='grc' dir='ltr'>αὐτὸς</span> <span class='ocrx_word' id='word_1_695' title='bbox 656 4735 713 4789; x_wconf 79' lang='grc' dir='ltr'>δὲ</span> <span class='ocrx_word' id='word_1_696' title='bbox 739 4737 848 4791; x_wconf 86' lang='grc' dir='ltr'>τῶν</span> <span class='ocrx_word' id='word_1_697' title='bbox 882 4738 1231 4808; x_wconf 85' lang='grc' dir='ltr'>πραγμάτων</span> <span class='ocrx_word' id='word_1_698' title='bbox 1261 4738 1509 4807; x_wconf 88' lang='grc' dir='ltr'>ἐκράτει.</span> <span class='ocrx_word' id='word_1_699' title='bbox 1531 4738 1654 4791; x_wconf 85' lang='grc' dir='ltr'>Τῶν</span> <span class='ocrx_word' id='word_1_700' title='bbox 1679 4737 1739 4791; x_wconf 82' lang='grc' dir='ltr'>δὲ</span> <span class='ocrx_word' id='word_1_701' title='bbox 1764 4737 2044 4809; x_wconf 82' lang='grc' dir='ltr'>Καίσαρος</span> 
     </span>
    </p>
   </div>
   <div class='ocr_carea' id='block_1_87' title="bbox 477 4825 2046 4900">
    <p class='ocr_par' dir='ltr' id='par_1_87' title="bbox 477 4825 2046 4900">
     <span class='ocr_line' id='line_1_87' title="bbox 477 4825 2046 4900; baseline 0.002 -23"><span class='ocrx_word' id='word_1_702' title='bbox 477 4825 699 4879; x_wconf 82' lang='grc' dir='ltr'>Ἰουλίου</span> <span class='ocrx_word' id='word_1_703' title='bbox 731 4828 1058 4898; x_wconf 83' lang='grc' dir='ltr'>στρατηγῶν</span> <span class='ocrx_word' id='word_1_704' title='bbox 1084 4829 1228 4883; x_wconf 81' lang='grc' dir='ltr'>κατά</span> <span class='ocrx_word' id='word_1_705' title='bbox 1249 4829 1464 4882; x_wconf 87' lang='grc' dir='ltr'>Βάσσου</span> <span class='ocrx_word' id='word_1_706' title='bbox 1493 4828 1838 4900; x_wconf 82' lang='grc' dir='ltr'>ὡρμηκότων</span> <span class='ocrx_word' id='word_1_707' title='bbox 1870 4831 1899 4882; x_wconf 84' lang='grc' dir='ltr'><strong>ὁ</strong></span> <span class='ocrx_word' id='word_1_708' title='bbox 1925 4829 2046 4882; x_wconf 77' lang='grc' dir='ltr'>Ἀν-</span> 
     </span>
    </p>
   </div>
   <div class='ocr_carea' id='block_1_88' title="bbox 466 4915 2045 4990">
    <p class='ocr_par' dir='ltr' id='par_1_88' title="bbox 466 4915 2045 4990">
     <span class='ocr_line' id='line_1_88' title="bbox 466 4915 2045 4990; baseline 0.003 -22"><span class='ocrx_word' id='word_1_709' title='bbox 466 4915 727 4986; x_wconf 81' lang='grc' dir='ltr'>τίπατρος</span> <span class='ocrx_word' id='word_1_710' title='bbox 751 4919 938 4983; x_wconf 78' lang='grc' dir='ltr'>αὐτοῖς</span> <span class='ocrx_word' id='word_1_711' title='bbox 966 4919 1054 4973; x_wconf 83' lang='grc' dir='ltr'>διά</span> <span class='ocrx_word' id='word_1_712' title='bbox 1078 4919 1188 4974; x_wconf 83' lang='grc' dir='ltr'>τῶν</span> <span class='ocrx_word' id='word_1_713' title='bbox 1231 4920 1365 4973; x_wconf 85' lang='grc' dir='ltr'>υίῶν</span> <span class='ocrx_word' id='word_1_714' title='bbox 1411 4920 1781 4989; x_wconf 87' lang='grc' dir='ltr'>συνεμάχησε,</span> <span class='ocrx_word' id='word_1_715' title='bbox 1838 4936 2045 4990; x_wconf 82' lang='grc' dir='ltr'>μεμνη-</span> 
     </span>
    </p>
   </div>
   <div class='ocr_carea' id='block_1_89' title="bbox 472 5002 2043 5082">
    <p class='ocr_par' dir='ltr' id='par_1_89' title="bbox 472 5002 2043 5082">
     <span class='ocr_line' id='line_1_89' title="bbox 472 5002 2043 5082; baseline 0.003 -22"><span class='ocrx_word' id='word_1_716' title='bbox 472 5008 633 5076; x_wconf 80' lang='grc' dir='ltr'>μένος</span> <span class='ocrx_word' id='word_1_717' title='bbox 653 5002 727 5062; x_wconf 82' lang='grc' dir='ltr'>ὧν</span> <span class='ocrx_word' id='word_1_718' title='bbox 754 5010 859 5063; x_wconf 70' lang='grc' dir='ltr'>ὑπὸ</span> <span class='ocrx_word' id='word_1_719' title='bbox 885 5011 979 5064; x_wconf 73' lang='grc' dir='ltr'>τοῦ</span> <span class='ocrx_word' id='word_1_720' title='bbox 1011 5011 1296 5080; x_wconf 82' lang='grc' dir='ltr'>Καίσαρος</span> <span class='ocrx_word' id='word_1_721' title='bbox 1322 5012 1684 5082; x_wconf 80' lang='grc' dir='ltr'>εὐηργέτητο.</span> <span class='ocrx_word' id='word_1_722' title='bbox 1705 5010 2043 5081; x_wconf 79' lang='grc' dir='ltr'>Τριὸομένου</span> 
     </span>
    </p>
   </div>
   <div class='ocr_carea' id='block_1_90' title="bbox 467 5099 2047 5175">
    <p class='ocr_par' dir='ltr' id='par_1_90' title="bbox 467 5099 2047 5175">
     <span class='ocr_line' id='line_1_90' title="bbox 467 5099 2047 5175; baseline 0.001 -21"><span class='ocrx_word' id='word_1_723' title='bbox 467 5101 524 5154; x_wconf 79' lang='grc' dir='ltr'>δὲ</span> <span class='ocrx_word' id='word_1_724' title='bbox 555 5101 648 5155; x_wconf 81' lang='grc' dir='ltr'>τοῦ</span> <span class='ocrx_word' id='word_1_725' title='bbox 680 5102 876 5173; x_wconf 81' lang='grc' dir='ltr'>καιροῦ</span> <span class='ocrx_word' id='word_1_726' title='bbox 907 5107 966 5158; x_wconf 87' lang='grc' dir='ltr'>ἐν</span> <span class='ocrx_word' id='word_1_727' title='bbox 991 5103 1068 5173; x_wconf 83' lang='grc' dir='ltr'>τῷ</span> <span class='ocrx_word' id='word_1_728' title='bbox 1100 5103 1348 5175; x_wconf 86' lang='grc' dir='ltr'>πολέμῳ,</span> <span class='ocrx_word' id='word_1_729' title='bbox 1379 5105 1607 5172; x_wconf 85' lang='grc' dir='ltr'>Μάρκος</span> <span class='ocrx_word' id='word_1_730' title='bbox 1629 5099 1796 5174; x_wconf 79' lang='grc' dir='ltr'>ἦλθεν</span> <span class='ocrx_word' id='word_1_731' title='bbox 1821 5106 1884 5157; x_wconf 90' lang='grc' dir='ltr'>ἐκ</span> <span class='ocrx_word' id='word_1_732' title='bbox 1918 5101 2047 5156; x_wconf 80' lang='grc' dir='ltr'>Ῥώ-</span> 
     </span>
    </p>
   </div>
   <div class='ocr_carea' id='block_1_91' title="bbox 472 5193 2044 5266">
    <p class='ocr_par' dir='ltr' id='par_1_91' title="bbox 472 5193 2044 5266">
     <span class='ocr_line' id='line_1_91' title="bbox 472 5193 2044 5266; baseline -0.008 -5"><span class='ocrx_word' id='word_1_733' title='bbox 472 5208 581 5260; x_wconf 80' lang='grc' dir='ltr'>μης</span> <span class='ocrx_word' id='word_1_734' title='bbox 619 5193 700 5256; x_wconf 81' lang='grc' dir='ltr'>είς</span> <span class='ocrx_word' id='word_1_735' title='bbox 752 5195 851 5265; x_wconf 78' lang='grc' dir='ltr'>τὴν</span> <span class='ocrx_word' id='word_1_736' title='bbox 904 5194 1103 5260; x_wconf 82' lang='grc' dir='ltr'>Σέξτου</span> <span class='ocrx_word' id='word_1_737' title='bbox 1133 5196 1332 5266; x_wconf 83' lang='grc' dir='ltr'>ἀρχήν.</span> <span class='ocrx_word' id='word_1_738' title='bbox 1397 5195 1458 5248; x_wconf 85' lang='lat'>&#39;0</span> <span class='ocrx_word' id='word_1_739' title='bbox 1488 5197 1546 5248; x_wconf 83' lang='grc' dir='ltr'>δέ</span> <span class='ocrx_word' id='word_1_740' title='bbox 1579 5213 1641 5261; x_wconf 88' lang='grc' dir='ltr'>γε</span> <span class='ocrx_word' id='word_1_741' title='bbox 1682 5197 1910 5265; x_wconf 80' lang='grc' dir='ltr'>Καῖσαρ</span> <span class='ocrx_word' id='word_1_742' title='bbox 1938 5195 2044 5249; x_wconf 82' lang='grc' dir='ltr'>ὑπὸ</span> 
     </span>
    </p>
   </div>
   <div class='ocr_carea' id='block_1_92' title="bbox 469 5281 2040 5358">
    <p class='ocr_par' dir='ltr' id='par_1_92' title="bbox 469 5281 2040 5358">
     <span class='ocr_line' id='line_1_92' title="bbox 469 5281 2040 5358; baseline 0.004 -25"><span class='ocrx_word' id='word_1_743' title='bbox 469 5281 578 5335; x_wconf 88' lang='grc' dir='ltr'>τῶν</span> <span class='ocrx_word' id='word_1_744' title='bbox 607 5285 738 5354; x_wconf 77' lang='grc' dir='ltr'>περὶ</span> <span class='ocrx_word' id='word_1_745' title='bbox 767 5285 1007 5357; x_wconf 82' lang='grc' dir='ltr'>Βροῦτον</span> <span class='ocrx_word' id='word_1_746' title='bbox 1035 5287 1126 5341; x_wconf 68' lang='grc' dir='ltr'>καὶ</span> <span class='ocrx_word' id='word_1_747' title='bbox 1159 5287 1401 5340; x_wconf 84' lang='grc' dir='ltr'>Κάσσιον</span> <span class='ocrx_word' id='word_1_748' title='bbox 1431 5287 1490 5340; x_wconf 82' lang='grc' dir='ltr'>ἐν</span> <span class='ocrx_word' id='word_1_749' title='bbox 1525 5287 1714 5358; x_wconf 82' lang='grc' dir='ltr'>Ῥώμῃ</span> <span class='ocrx_word' id='word_1_750' title='bbox 1747 5286 2040 5340; x_wconf 88' lang='grc' dir='ltr'>κτείνεται.</span> 
     </span>
    </p>
   </div>
   <div class='ocr_carea' id='block_1_93' title="bbox 471 5373 2045 5449">
    <p class='ocr_par' dir='ltr' id='par_1_93' title="bbox 471 5373 2045 5449">
     <span class='ocr_line' id='line_1_93' title="bbox 471 5373 2045 5449; baseline 0.003 -23"><span class='ocrx_word' id='word_1_751' title='bbox 471 5373 718 5445; x_wconf 85' lang='grc' dir='ltr'>Πολέμου</span> <span class='ocrx_word' id='word_1_752' title='bbox 747 5375 803 5429; x_wconf 82' lang='grc' dir='ltr'>δὲ</span> <span class='ocrx_word' id='word_1_753' title='bbox 846 5377 1257 5448; x_wconf 77' lang='grc' dir='ltr'>συνερρωγότος</span> <span class='ocrx_word' id='word_1_754' title='bbox 1285 5377 1378 5432; x_wconf 80' lang='grc' dir='ltr'>ἐπὶ</span> <span class='ocrx_word' id='word_1_755' title='bbox 1409 5379 1487 5449; x_wconf 82' lang='grc' dir='ltr'>τῷ</span> <span class='ocrx_word' id='word_1_756' title='bbox 1519 5379 1745 5447; x_wconf 17' lang='grc' dir='ltr'>,θανάτῳ</span> <span class='ocrx_word' id='word_1_757' title='bbox 1772 5377 1868 5432; x_wconf 84' lang='grc' dir='ltr'>τοῦ</span> <span class='ocrx_word' id='word_1_758' title='bbox 1904 5378 2045 5431; x_wconf 85' lang='grc' dir='ltr'>Καί-</span> 
     </span>
    </p>
   </div>
   <div class='ocr_carea' id='block_1_94' title="bbox 475 5457 2048 5538">
    <p class='ocr_par' dir='ltr' id='par_1_94' title="bbox 475 5457 2048 5538">
     <span class='ocr_line' id='line_1_94' title="bbox 475 5457 2048 5538; baseline 0.003 -22"><span class='ocrx_word' id='word_1_759' title='bbox 475 5480 662 5532; x_wconf 87' lang='grc' dir='ltr'>σαρος,</span> <span class='ocrx_word' id='word_1_760' title='bbox 689 5468 786 5519; x_wconf 69' lang='grc' dir='ltr'>καὶ</span> <span class='ocrx_word' id='word_1_761' title='bbox 834 5457 945 5522; x_wconf 73' lang='grc' dir='ltr'>τῶν</span> <span class='ocrx_word' id='word_1_762' title='bbox 987 5470 1046 5521; x_wconf 85' lang='grc' dir='ltr'>ἐν</span> <span class='ocrx_word' id='word_1_763' title='bbox 1073 5468 1217 5521; x_wconf 83' lang='grc' dir='ltr'>τέλει</span> <span class='ocrx_word' id='word_1_764' title='bbox 1244 5469 1337 5522; x_wconf 73' lang='grc' dir='ltr'>ἐπὶ</span> <span class='ocrx_word' id='word_1_765' title='bbox 1361 5471 1622 5538; x_wconf 80' lang='grc' dir='ltr'>στρατιᾶς</span> <span class='ocrx_word' id='word_1_766' title='bbox 1651 5468 1917 5538; x_wconf 75' lang='grc' dir='ltr'>συλλογὴν</span> <span class='ocrx_word' id='word_1_767' title='bbox 1951 5469 2048 5522; x_wconf 82' lang='grc' dir='ltr'>ἀλ-</span> 
     </span>
    </p>
   </div>
   <div class='ocr_carea' id='block_1_95' title="bbox 473 5555 2047 5631">
    <p class='ocr_par' dir='ltr' id='par_1_95' title="bbox 473 5555 2047 5631">
     <span class='ocr_line' id='line_1_95' title="bbox 473 5555 2047 5631; baseline 0.008 -23"><span class='ocrx_word' id='word_1_768' title='bbox 473 5555 584 5608; x_wconf 90' lang='grc' dir='ltr'>λων</span> <span class='ocrx_word' id='word_1_769' title='bbox 611 5557 824 5629; x_wconf 87' lang='grc' dir='ltr'>ἀλλαχῆ</span> <span class='ocrx_word' id='word_1_770' title='bbox 854 5560 1293 5631; x_wconf 79' lang='grc' dir='ltr'>διεσπαρμένων,</span> <span class='ocrx_word' id='word_1_771' title='bbox 1325 5561 1566 5624; x_wconf 84' lang='grc' dir='ltr'>Κάσσιος</span> <span class='ocrx_word' id='word_1_772' title='bbox 1602 5561 1916 5630; x_wconf 80' lang='grc' dir='ltr'>ἀφικνεῖται</span> <span class='ocrx_word' id='word_1_773' title='bbox 1965 5563 2047 5623; x_wconf 73' lang='grc' dir='ltr'>εἰς</span> 
     </span>
    </p>
   </div>
   <div class='ocr_carea' id='block_1_96' title="bbox 475 5649 2046 5724">
    <p class='ocr_par' dir='ltr' id='par_1_96' title="bbox 475 5649 2046 5724">
     <span class='ocr_line' id='line_1_96' title="bbox 475 5649 2046 5724; baseline 0.001 -22"><span class='ocrx_word' id='word_1_774' title='bbox 475 5649 700 5719; x_wconf 87' lang='grc' dir='ltr'>Συρίαν,</span> <span class='ocrx_word' id='word_1_775' title='bbox 756 5652 852 5705; x_wconf 73' lang='grc' dir='ltr'>καὶ</span> <span class='ocrx_word' id='word_1_776' title='bbox 878 5649 1109 5722; x_wconf 87' lang='grc' dir='ltr'>περιιὼν</span> <span class='ocrx_word' id='word_1_777' title='bbox 1143 5652 1371 5724; x_wconf 85' lang='grc' dir='ltr'>ταύτην,</span> <span class='ocrx_word' id='word_1_778' title='bbox 1406 5652 1546 5706; x_wconf 77' lang='grc' dir='ltr'>ὅπλα</span> <span class='ocrx_word' id='word_1_779' title='bbox 1580 5656 1674 5706; x_wconf 70' lang='grc' dir='ltr'>καὶ</span> <span class='ocrx_word' id='word_1_780' title='bbox 1705 5650 2046 5724; x_wconf 87' lang='grc' dir='ltr'>στρατιώτας</span> 
     </span>
    </p>
   </div>
   <div class='ocr_carea' id='block_1_97' title="bbox 485 5740 2048 5818">
    <p class='ocr_par' dir='ltr' id='par_1_97' title="bbox 485 5740 2048 5818">
     <span class='ocr_line' id='line_1_97' title="bbox 485 5740 2048 5818; baseline 0.003 -22"><span class='ocrx_word' id='word_1_781' title='bbox 485 5740 832 5814; x_wconf 74' lang='grc' dir='ltr'>συνήθροιζε,</span> <span class='ocrx_word' id='word_1_782' title='bbox 871 5746 965 5800; x_wconf 73' lang='grc' dir='ltr'>καὶ</span> <span class='ocrx_word' id='word_1_783' title='bbox 990 5745 1304 5816; x_wconf 73' lang='grc' dir='ltr'>ἐφορολογει</span> <span class='ocrx_word' id='word_1_784' title='bbox 1357 5744 1658 5818; x_wconf 81' lang='grc' dir='ltr'>βαρύτατα,</span> <span class='ocrx_word' id='word_1_785' title='bbox 1692 5746 1782 5801; x_wconf 78' lang='grc' dir='ltr'>καὶ</span> <span class='ocrx_word' id='word_1_786' title='bbox 1824 5743 1882 5812; x_wconf 79' lang='grc' dir='ltr'>ἐξ</span> <span class='ocrx_word' id='word_1_787' title='bbox 1918 5745 2048 5800; x_wconf 82' lang='lat' dir='ltr'><strong>‘lou-</strong></span> 
     </span>
    </p>
   </div>
   <div class='ocr_carea' id='block_1_98' title="bbox 2147 4547 3726 4620">
    <p class='ocr_par' dir='ltr' id='par_1_98' title="bbox 2147 4547 3726 4620">
     <span class='ocr_line' id='line_1_98' title="bbox 2147 4547 3726 4620; baseline -0.004 -13"><span class='ocrx_word' id='word_1_788' title='bbox 2147 4551 2362 4607; x_wconf 64' lang='lat' dir='ltr'><strong>Cmsare</strong></span> <span class='ocrx_word' id='word_1_789' title='bbox 2412 4565 2512 4620; x_wconf 85' lang='lat' dir='ltr'>per</span> <span class='ocrx_word' id='word_1_790' title='bbox 2563 4549 2794 4606; x_wconf 87' lang='lat' dir='ltr'><strong>insidias</strong></span> <span class='ocrx_word' id='word_1_791' title='bbox 2843 4549 3064 4614; x_wconf 86' lang='lat' dir='ltr'><strong>occiso,</strong></span> <span class='ocrx_word' id='word_1_792' title='bbox 3121 4563 3309 4604; x_wconf 89' lang='lat' dir='ltr'><strong>rerum</strong></span> <span class='ocrx_word' id='word_1_793' title='bbox 3365 4547 3680 4618; x_wconf 84' lang='lat' dir='ltr'><strong>potiebatur</strong></span> <span class='ocrx_word' id='word_1_794' title='bbox 3707 4563 3726 4600; x_wconf 92' lang='lat'><strong>:</strong></span> 
     </span>
    </p>
   </div>
   <div class='ocr_carea' id='block_1_99' title="bbox 2148 4639 3721 4713">
    <p class='ocr_par' dir='ltr' id='par_1_99' title="bbox 2148 4639 3721 4713">
     <span class='ocr_line' id='line_1_99' title="bbox 2148 4639 3721 4713; baseline -0.002 -18"><span class='ocrx_word' id='word_1_795' title='bbox 2148 4657 2312 4713; x_wconf 89' lang='lat' dir='ltr'><strong>quem</strong></span> <span class='ocrx_word' id='word_1_796' title='bbox 2357 4657 2485 4697; x_wconf 89' lang='lat' dir='ltr'>cum</span> <span class='ocrx_word' id='word_1_797' title='bbox 2533 4641 2666 4697; x_wconf 83' lang='lat' dir='ltr'><strong>Julii</strong></span> <span class='ocrx_word' id='word_1_798' title='bbox 2721 4639 2957 4697; x_wconf 69' lang='lat' dir='ltr'><strong>Caesaris</strong></span> <span class='ocrx_word' id='word_1_799' title='bbox 3008 4640 3179 4696; x_wconf 78' lang='lat' dir='ltr'><strong>duces</strong></span> <span class='ocrx_word' id='word_1_800' title='bbox 3233 4649 3721 4712; x_wconf 85' lang='lat' dir='ltr'><strong>persequerentur,</strong></span> 
     </span>
    </p>
   </div>
   <div class='ocr_carea' id='block_1_100' title="bbox 2149 4731 3737 4804">
    <p class='ocr_par' dir='ltr' id='par_1_100' title="bbox 2149 4731 3737 4804">
     <span class='ocr_line' id='line_1_100' title="bbox 2149 4731 3737 4804; baseline -0.003 -15"><span class='ocrx_word' id='word_1_801' title='bbox 2149 4734 2440 4804; x_wconf 82' lang='lat' dir='ltr'><strong>Antipater</strong></span> <span class='ocrx_word' id='word_1_802' title='bbox 2494 4732 2796 4788; x_wconf 73' lang='lat' dir='ltr'><strong>Caesariani</strong></span> <span class='ocrx_word' id='word_1_803' title='bbox 2843 4732 3101 4788; x_wconf 81' lang='lat' dir='ltr'><strong>beneﬁcii</strong></span> <span class='ocrx_word' id='word_1_804' title='bbox 3151 4747 3383 4798; x_wconf 76' lang='lat' dir='ltr'><strong>memor,</strong></span> <span class='ocrx_word' id='word_1_805' title='bbox 3432 4747 3593 4801; x_wconf 88' lang='lat' dir='ltr'><strong>opem</strong></span> <span class='ocrx_word' id='word_1_806' title='bbox 3639 4731 3737 4786; x_wconf 68' lang='lat' dir='ltr'>eis</span> 
     </span>
    </p>
   </div>
   <div class='ocr_carea' id='block_1_101' title="bbox 2149 4822 3729 4893">
    <p class='ocr_par' dir='ltr' id='par_1_101' title="bbox 2149 4822 3729 4893">
     <span class='ocr_line' id='line_1_101' title="bbox 2149 4822 3729 4893; baseline -0.006 -13"><span class='ocrx_word' id='word_1_807' title='bbox 2149 4840 2248 4893; x_wconf 91' lang='lat' dir='ltr'>per</span> <span class='ocrx_word' id='word_1_808' title='bbox 2275 4824 2418 4880; x_wconf 83' lang='lat' dir='ltr'><strong>ﬁlios</strong></span> <span class='ocrx_word' id='word_1_809' title='bbox 2443 4824 2590 4880; x_wconf 83' lang='lat' dir='ltr'><strong>tulit.</strong></span> <span class='ocrx_word' id='word_1_810' title='bbox 2614 4823 2750 4879; x_wconf 89' lang='lat' dir='ltr'><strong>Dum</strong></span> <span class='ocrx_word' id='word_1_811' title='bbox 2774 4832 2960 4880; x_wconf 86' lang='lat' dir='ltr'><strong>autem</strong></span> <span class='ocrx_word' id='word_1_812' title='bbox 2991 4839 3058 4878; x_wconf 91' lang='lat' dir='ltr'>eo</span> <span class='ocrx_word' id='word_1_813' title='bbox 3085 4822 3230 4879; x_wconf 86' lang='lat' dir='ltr'><strong>bello</strong></span> <span class='ocrx_word' id='word_1_814' title='bbox 3257 4832 3474 4893; x_wconf 83' lang='lat' dir='ltr'><strong>tempus</strong></span> <span class='ocrx_word' id='word_1_815' title='bbox 3503 4823 3729 4887; x_wconf 83' lang='lat' dir='ltr'><strong>teritur,</strong></span> 
     </span>
    </p>
   </div>
   <div class='ocr_carea' id='block_1_102' title="bbox 2152 4914 3731 4992">
    <p class='ocr_par' dir='ltr' id='par_1_102' title="bbox 2152 4914 3731 4992">
     <span class='ocr_line' id='line_1_102' title="bbox 2152 4914 3731 4992; baseline -0.001 -22"><span class='ocrx_word' id='word_1_816' title='bbox 2152 4917 2368 4972; x_wconf 81' lang='lat' dir='ltr'><strong>Marcus</strong></span> <span class='ocrx_word' id='word_1_817' title='bbox 2403 4915 2484 4992; x_wconf 20' lang='lat' dir='ltr'><strong>‘ad</strong></span> <span class='ocrx_word' id='word_1_818' title='bbox 2538 4915 2689 4972; x_wconf 85' lang='lat' dir='ltr'><strong>Sexti</strong></span> <span class='ocrx_word' id='word_1_819' title='bbox 2744 4925 3041 4987; x_wconf 66' lang='lat' dir='ltr'><strong>praeturam</strong></span> <span class='ocrx_word' id='word_1_820' title='bbox 3089 4914 3496 4986; x_wconf 83' lang='lat' dir='ltr'><strong>suscipiendam</strong></span> <span class='ocrx_word' id='word_1_821' title='bbox 3547 4915 3731 4970; x_wconf 82' lang='lat' dir='ltr'><strong>Roma.</strong></span> 
     </span>
    </p>
   </div>
   <div class='ocr_carea' id='block_1_103' title="bbox 2151 5007 3734 5078">
    <p class='ocr_par' dir='ltr' id='par_1_103' title="bbox 2151 5007 3734 5078">
     <span class='ocr_line' id='line_1_103' title="bbox 2151 5007 3734 5078; baseline -0.002 -16"><span class='ocrx_word' id='word_1_822' title='bbox 2151 5011 2325 5077; x_wconf 89' lang='lat' dir='ltr'><strong>venit,</strong></span> <span class='ocrx_word' id='word_1_823' title='bbox 2357 5009 2452 5064; x_wconf 93' lang='lat' dir='ltr'>ubi</span> <span class='ocrx_word' id='word_1_824' title='bbox 2493 5009 2675 5065; x_wconf 69' lang='lat' dir='ltr'><strong>Caesar</strong></span> <span class='ocrx_word' id='word_1_825' title='bbox 2721 5010 2942 5066; x_wconf 68' lang='lat' dir='ltr'><strong>interea.</strong></span> <span class='ocrx_word' id='word_1_826' title='bbox 2970 5025 3068 5078; x_wconf 91' lang='lat' dir='ltr'>per</span> <span class='ocrx_word' id='word_1_827' title='bbox 3109 5008 3342 5064; x_wconf 77' lang='lat' dir='ltr'><strong>Brutum</strong></span> <span class='ocrx_word' id='word_1_828' title='bbox 3386 5017 3444 5062; x_wconf 89' lang='lat' dir='ltr'>et</span> <span class='ocrx_word' id='word_1_829' title='bbox 3471 5007 3734 5063; x_wconf 79' lang='lat' dir='ltr'><strong>Cassium-</strong></span> 
     </span>
    </p>
   </div>
   <div class='ocr_carea' id='block_1_104' title="bbox 2152 5101 3726 5173">
    <p class='ocr_par' dir='ltr' id='par_1_104' title="bbox 2152 5101 3726 5173">
     <span class='ocr_line' id='line_1_104' title="bbox 2152 5101 3726 5173; baseline -0.003 -17"><span class='ocrx_word' id='word_1_830' title='bbox 2152 5103 2426 5156; x_wconf 90' lang='lat' dir='ltr'><strong>occiditur</strong></span> <span class='ocrx_word' id='word_1_831' title='bbox 2457 5121 2474 5157; x_wconf 88' lang='lat'><strong>:</strong></span> <span class='ocrx_word' id='word_1_832' title='bbox 2502 5103 2574 5158; x_wconf 91' lang='lat' dir='ltr'>ob</span> <span class='ocrx_word' id='word_1_833' title='bbox 2605 5103 2763 5173; x_wconf 87' lang='lat' dir='ltr'><strong>cujus</strong></span> <span class='ocrx_word' id='word_1_834' title='bbox 2791 5116 2983 5157; x_wconf 88' lang='lat' dir='ltr'><strong>necem</strong></span> <span class='ocrx_word' id='word_1_835' title='bbox 3023 5101 3170 5154; x_wconf 88' lang='lat' dir='ltr'><strong>bello</strong></span> <span class='ocrx_word' id='word_1_836' title='bbox 3205 5108 3416 5161; x_wconf 90' lang='lat' dir='ltr'><strong>exorto,</strong></span> <span class='ocrx_word' id='word_1_837' title='bbox 3449 5107 3505 5153; x_wconf 92' lang='lat' dir='ltr'>et</span> <span class='ocrx_word' id='word_1_838' title='bbox 3529 5113 3726 5167; x_wconf 82' lang='lat' dir='ltr'><strong>proce-</strong></span> 
     </span>
    </p>
   </div>
   <div class='ocr_carea' id='block_1_105' title="bbox 2155 5188 3723 5263">
    <p class='ocr_par' dir='ltr' id='par_1_105' title="bbox 2155 5188 3723 5263">
     <span class='ocr_line' id='line_1_105' title="bbox 2155 5188 3723 5263; baseline -0.002 -17"><span class='ocrx_word' id='word_1_839' title='bbox 2155 5193 2309 5248; x_wconf 89' lang='lat' dir='ltr'><strong>ribus</strong></span> <span class='ocrx_word' id='word_1_840' title='bbox 2343 5192 2411 5246; x_wconf 91' lang='lat' dir='ltr'>ad</span> <span class='ocrx_word' id='word_1_841' title='bbox 2445 5192 2785 5263; x_wconf 78' lang='lat' dir='ltr'><strong>colligendos</strong></span> <span class='ocrx_word' id='word_1_842' title='bbox 2822 5190 3098 5247; x_wconf 87' lang='lat' dir='ltr'><strong>exercitus</strong></span> <span class='ocrx_word' id='word_1_843' title='bbox 3128 5190 3254 5244; x_wconf 84' lang='lat' dir='ltr'><strong>aliis</strong></span> <span class='ocrx_word' id='word_1_844' title='bbox 3294 5189 3402 5243; x_wconf 90' lang='lat' dir='ltr'><strong>alio</strong></span> <span class='ocrx_word' id='word_1_845' title='bbox 3440 5188 3723 5256; x_wconf 75' lang='lat' dir='ltr'><strong>dispers-‘s.</strong></span> 
     </span>
    </p>
   </div>
   <div class='ocr_carea' id='block_1_106' title="bbox 2153 5279 3728 5356">
    <p class='ocr_par' dir='ltr' id='par_1_106' title="bbox 2153 5279 3728 5356">
     <span class='ocr_line' id='line_1_106' title="bbox 2153 5279 3728 5356; baseline -0.006 -17"><span class='ocrx_word' id='word_1_846' title='bbox 2153 5283 2378 5339; x_wconf 88' lang='lat' dir='ltr'><strong>Cassius</strong></span> <span class='ocrx_word' id='word_1_847' title='bbox 2409 5285 2463 5338; x_wconf 94' lang='lat' dir='ltr'>in</span> <span class='ocrx_word' id='word_1_848' title='bbox 2503 5284 2718 5356; x_wconf 89' lang='lat' dir='ltr'><strong>Syriam</strong></span> <span class='ocrx_word' id='word_1_849' title='bbox 2751 5283 2898 5338; x_wconf 86' lang='lat' dir='ltr'><strong>venit</strong></span> <span class='ocrx_word' id='word_1_850' title='bbox 2949 5282 3017 5336; x_wconf 87' lang='lat' dir='ltr'>ad</span> <span class='ocrx_word' id='word_1_851' title='bbox 3065 5296 3218 5336; x_wconf 89' lang='lat' dir='ltr'><strong>arma</strong></span> <span class='ocrx_word' id='word_1_852' title='bbox 3255 5289 3311 5334; x_wconf 91' lang='lat' dir='ltr'>et</span> <span class='ocrx_word' id='word_1_853' title='bbox 3344 5279 3545 5332; x_wconf 87' lang='lat' dir='ltr'><strong>milites</strong></span> <span class='ocrx_word' id='word_1_854' title='bbox 3577 5293 3728 5332; x_wconf 89' lang='lat' dir='ltr'><strong>com-</strong></span> 
     </span>
    </p>
   </div>
   <div class='ocr_carea' id='block_1_107' title="bbox 2157 5369 3729 5446">
    <p class='ocr_par' dir='ltr' id='par_1_107' title="bbox 2157 5369 3729 5446">
     <span class='ocr_line' id='line_1_107' title="bbox 2157 5369 3729 5446; baseline -0.004 -16"><span class='ocrx_word' id='word_1_855' title='bbox 2157 5380 2466 5446; x_wconf 86' lang='lat' dir='ltr'><strong>parandos,</strong></span> <span class='ocrx_word' id='word_1_856' title='bbox 2518 5377 2753 5430; x_wconf 86' lang='lat' dir='ltr'><strong>maxima</strong></span> <span class='ocrx_word' id='word_1_857' title='bbox 2806 5373 3037 5437; x_wconf 87' lang='lat' dir='ltr'><strong>tributa,</strong></span> <span class='ocrx_word' id='word_1_858' title='bbox 3077 5381 3134 5428; x_wconf 89' lang='lat' dir='ltr'>et</span> <span class='ocrx_word' id='word_1_859' title='bbox 3181 5387 3212 5426; x_wconf 92' lang='lat' dir='ltr'>e</span> <span class='ocrx_word' id='word_1_860' title='bbox 3259 5371 3376 5426; x_wconf 85' lang='lat' dir='ltr'><strong>sola</strong></span> <span class='ocrx_word' id='word_1_861' title='bbox 3423 5369 3608 5426; x_wconf 62' lang='lat' dir='ltr'><strong>Iudaea</strong></span> <span class='ocrx_word' id='word_1_862' title='bbox 3632 5385 3729 5424; x_wconf 81' lang='lat' dir='ltr'>nec</span> 
     </span>
    </p>
   </div>
   <div class='ocr_carea' id='block_1_108' title="bbox 2157 5461 3728 5538">
    <p class='ocr_par' dir='ltr' id='par_1_108' title="bbox 2157 5461 3728 5538">
     <span class='ocr_line' id='line_1_108' title="bbox 2157 5461 3728 5538; baseline -0.006 -14"><span class='ocrx_word' id='word_1_863' title='bbox 2157 5469 2363 5524; x_wconf 87' lang='lat' dir='ltr'><strong>talenta</strong></span> <span class='ocrx_word' id='word_1_864' title='bbox 2411 5469 2713 5538; x_wconf 89' lang='lat' dir='ltr'><strong>postulans,</strong></span> <span class='ocrx_word' id='word_1_865' title='bbox 2763 5481 3002 5535; x_wconf 91' lang='lat' dir='ltr'><strong>quorum</strong></span> <span class='ocrx_word' id='word_1_866' title='bbox 3052 5464 3395 5518; x_wconf 80' lang='lat' dir='ltr'><strong>exactionem</strong></span> <span class='ocrx_word' id='word_1_867' title='bbox 3438 5461 3728 5530; x_wconf 75' lang='lat' dir='ltr'><strong>Antipater</strong></span> 
     </span>
    </p>
   </div>
   <div class='ocr_carea' id='block_1_109' title="bbox 2157 5552 3727 5630">
    <p class='ocr_par' dir='ltr' id='par_1_109' title="bbox 2157 5552 3727 5630">
     <span class='ocr_line' id='line_1_109' title="bbox 2157 5552 3727 5630; baseline -0.007 -15"><span class='ocrx_word' id='word_1_868' title='bbox 2157 5561 2379 5630; x_wconf 91' lang='lat' dir='ltr'><strong>utrique</strong></span> <span class='ocrx_word' id='word_1_869' title='bbox 2429 5559 2539 5611; x_wconf 83' lang='lat' dir='ltr'><strong>lilio</strong></span> <span class='ocrx_word' id='word_1_870' title='bbox 2589 5557 2820 5612; x_wconf 90' lang='lat' dir='ltr'><strong>seorsim</strong></span> <span class='ocrx_word' id='word_1_871' title='bbox 2867 5555 3162 5608; x_wconf 86' lang='lat' dir='ltr'><strong>mandavit.</strong></span> <span class='ocrx_word' id='word_1_872' title='bbox 3210 5554 3288 5608; x_wconf 82' lang='lat' dir='ltr'><strong>Ac</strong></span> <span class='ocrx_word' id='word_1_873' title='bbox 3329 5552 3573 5607; x_wconf 80' lang='lat' dir='ltr'><strong>Herodes</strong></span> <span class='ocrx_word' id='word_1_874' title='bbox 3602 5566 3727 5606; x_wconf 89' lang='lat' dir='ltr'>cum</span> 
     </span>
    </p>
   </div>
   <div class='ocr_carea' id='block_1_110' title="bbox 2158 5645 3726 5724">
    <p class='ocr_par' dir='ltr' id='par_1_110' title="bbox 2158 5645 3726 5724">
     <span class='ocr_line' id='line_1_110' title="bbox 2158 5645 3726 5724; baseline -0.007 -17"><span class='ocrx_word' id='word_1_875' title='bbox 2158 5655 2332 5724; x_wconf 90' lang='lat' dir='ltr'><strong>prior.</strong></span> <span class='ocrx_word' id='word_1_876' title='bbox 2365 5658 2634 5721; x_wconf 89' lang='lat' dir='ltr'><strong>quantum</strong></span> <span class='ocrx_word' id='word_1_877' title='bbox 2672 5649 2857 5719; x_wconf 89' lang='lat' dir='ltr'><strong>jussus</strong></span> <span class='ocrx_word' id='word_1_878' title='bbox 2883 5646 3082 5711; x_wconf 78' lang='lat' dir='ltr'><strong>fuerat,</strong></span> <span class='ocrx_word' id='word_1_879' title='bbox 3120 5645 3310 5702; x_wconf 88' lang='lat' dir='ltr'><strong>Cassio</strong></span> <span class='ocrx_word' id='word_1_880' title='bbox 3337 5645 3648 5708; x_wconf 87' lang='lat' dir='ltr'><strong>obtulisset,</strong></span> <span class='ocrx_word' id='word_1_881' title='bbox 3673 5647 3726 5697; x_wconf 92' lang='lat' dir='ltr'>in</span> 
     </span>
    </p>
   </div>
   <div class='ocr_carea' id='block_1_111' title="bbox 2159 5736 3727 5812">
    <p class='ocr_par' dir='ltr' id='par_1_111' title="bbox 2159 5736 3727 5812">
     <span class='ocr_line' id='line_1_111' title="bbox 2159 5736 3727 5812; baseline -0.006 -11"><span class='ocrx_word' id='word_1_882' title='bbox 2159 5743 2458 5802; x_wconf 89' lang='lat' dir='ltr'><strong>amicitiam</strong></span> <span class='ocrx_word' id='word_1_883' title='bbox 2490 5741 2609 5812; x_wconf 86' lang='lat' dir='ltr'><strong>ejus</strong></span> <span class='ocrx_word' id='word_1_884' title='bbox 2641 5750 2732 5798; x_wconf 89' lang='lat' dir='ltr'>est</span> <span class='ocrx_word' id='word_1_885' title='bbox 2771 5749 3045 5809; x_wconf 84' lang='lat' dir='ltr'><strong>receptus.</strong></span> <span class='ocrx_word' id='word_1_886' title='bbox 3079 5739 3346 5798; x_wconf 81' lang='lat' dir='ltr'><strong>Malicbus</strong></span> <span class='ocrx_word' id='word_1_887' title='bbox 3377 5753 3508 5794; x_wconf 87' lang='lat' dir='ltr'><strong>vero</strong></span> <span class='ocrx_word' id='word_1_888' title='bbox 3541 5753 3571 5792; x_wconf 90' lang='lat' dir='ltr'>a</span> <span class='ocrx_word' id='word_1_889' title='bbox 3593 5736 3727 5792; x_wconf 76' lang='lat' dir='ltr'><strong>Cas-</strong></span> 
     </span>
    </p>
   </div>
  </div>
