4074 6462
349 411 460 477 499

1627 399 2040 464 ANNALIUM
2079 402 2231 463 LIB.
2274 387 2358 466 v.‘

3525 397 3636 463 Ηθ

349 525 605 583 ἔπιϐάντι
653 519 752 595 τῆς
809 521 1079 578 Ἰουδαίων
1102 521 1207 593 γῆς
1234 518 1350 592 (53)
1394 519 1737 591 ὑπαντήσας,
1793 517 1941 589 μάχῃ

2056 533 2318 588 gressum,
2366 519 2556 590 prmlio
2603 519 2807 586 vietor,
2854 519 3058 577 ﬁnibus
3107 521 3350 590 regionis
3394 525 3632 593 expulit.

350 619 594 690 ἐνίκησε,
624 617 720 671 καὶ
746 615 858 669 τῶν
882 616 1050 684 ὁρίων
1091 613 1299 684 ταύτης
1334 612 1590 678 ἐξέωσεν.
1625 611 1788 666 Ὅθεν
1810 611 1939 679 ἀφι-

349 709 585 780 κόμενον
608 709 689 772 είς
732 707 1084 778 Ἱεροσόλυμα
1136 703 1439 773 ἐστεφάνου
1475 704 1504 757 ὃ
1552 719 1613 757 τε
1642 702 1811 771 δῆμος
1843 701 1941 754 καὶ

363 801 634 872 Ὑρκανός
655 816 671 832 ·
698 797 1068 870 μνηστεύεται
1097 797 1156 851 δὲ
1185 798 1279 850 καὶ
1310 795 1411 868 τὴν
1459 793 1731 866 Ὑρκανοῦ
1767 790 1942 860 θυγα-

352 893 566 966 τριδῆν,
603 889 959 960 Ἀλεξάνδρου
983 889 1043 943 δὲ
1070 889 1369 960 θυγατέρα,
1392 887 1486 942 τοῦ
1521 885 1940 958 Ἀριστοϐούλου

356 983 567 1046 παιδός.
615 977 745 1053 Εἶχε
775 980 833 1034 δὲ
884 979 1153 1051 πρότερον
1203 979 1398 1048 ἑτέραν
1429 979 1665 1047 γυναῖκα
1690 975 1940 1047 δημότιν,

357 1075 568 1145 Δωρίδα
605 1071 970 1142 καλουμένην,
1001 1071 1063 1136 ἐξ
1095 1066 1168 1145 ἧς
1195 1070 1347 1141 αὐτῷ
1398 1072 1530 1133 παῖς
1586 1069 1943 1141 Ἀντίπατρος

358 1167 590 1234 γίνεται,
642 1163 752 1218 τῶν
799 1165 978 1220 ἄλλων
1005 1162 1405 1232 πρεσϐύτερος.
1435 1161 1730 1216 Ἀντωνίου
1759 1160 1818 1216 δὲ
1847 1160 1943 1215 καὶ

359 1257 649 1328 Καίσαρος
678 1255 922 1310 Κάσσιον
956 1251 1057 1308 ’καὶ
1090 1254 1328 1326 Βροῦτον
1365 1236 1494 1326 πέῥι
1523 1254 1828 1318 Φιλίππους
1857 1272 1945 1308 νε-

357 1347 684 1417 νικηκότων,
733 1349 762 1400 ὁ
792 1347 892 1417 μὲν
937 1347 1033 1400 ἐπὶ
1063 1345 1299 1410 Γαλλίας
1328 1345 1548 1418 ὲχώρει,
1599 1345 1738 1418 πρὸς
1769 1346 1826 1400 δὲ
1845 1346 1946 1418 τὴν

370 1440 557 1496 Ἀσίαν
577 1439 890 1503 Ἀντώνιος.
917 1437 1202 1510 Γενομένῳ
1233 1438 1279 1492 δ’
1311 1440 1369 1492 ἐν
1393 1438 1638 1510 Βιθυνίᾳ,
1672 1439 1947 1509 πανταχό-

359 1535 452 1590 θεν
481 1537 740 1606 ἀπήντων
768 1534 1079 1606 πρεσϐεῖαι.
1113 1535 1379 1606 Παρῆσαν
1435 1535 1494 1590 δὲ
1535 1537 1631 1590 καὶ
1678 1535 1942 1603 Ἰουδαῖοι,

360 1624 800 1697 κατηγοροῦντες
834 1625 1125 1696 Φασαήλου
1161 1643 1220 1680 τε
1247 1627 1344 1680 καὶ
1385 1626 1652 1699 Ἡρώδου.
1683 1627 1948 1684 Ἐλθόντα

359 1716 416 1769 δὲ
443 1716 540 1770 τὸν
604 1715 853 1786 Ἡρώδην
883 1715 976 1769 ἐπὶ
1020 1714 1317 1787 ἀπολογίᾳ,
1342 1715 1433 1770 διὰ
1472 1717 1640 1787 τιμῆς
1662 1711 1798 1788 ἦγεν
1823 1717 1948 1771 Ἀνι-

359 1807 574 1872 τὼνιος.
600 1808 712 1906 [fat
747 1808 870 1906 οὐδὲ
893 1808 1056 1876 λόγου
1086 1807 1319 1879 ηξίωντο
1342 1810 1393 1862 οί
1430 1810 1753 1880 κατήγοροι,
1811 1811 1948 1881 χρή·
1971 1845 2021 1906 Β

364 1918 500 1971 μασι
533 1899 708 1954 ταῦτα
738 1899 832 1955 τοῦ
873 1901 1116 1972 Ἡρώδου
1145 1901 1450 1974 πριαμένου
1479 1902 1610 1973 παρ’
1633 1903 1944 1958 Ἀντωνίου.

372 1991 612 2046 Ἐλθόντι
671 1991 718 2045 δ’
747 1992 830 2055 είς
873 1993 1111 2059 Ἔφεσον
1137 1993 1413 2063 Ἀντωνίῳ
1456 1993 1702 2064 ἐπεμψεν
1741 1994 1946 2068 ’Υρκα-

360 2084 452 2148 νὸς
483 2083 750 2152 στέφανον
780 2082 1042 2154 χρυσοῦν,
1074 2084 1170 2137 καὶ
1198 2084 1351 2154 ἠξίου
1382 2086 1507 2150 τοὺς
1544 2085 1832 2149 Ἰουδαίους
1851 2085 1948 2150 οὒς

360 2174 712 2248 ῂχμαλώτισε
737 2176 1005 2242 Κάσσιος,
1034 2176 1096 2229 ού
1140 2175 1290 2248 νόμῳ
1314 2177 1583 2247 πολέμου,
1628 2178 1948 2249 ἐλευθέρους

2044 613 2201 672 Unde
2228 615 2608 686 Hierosolyma
2640 615 2888 680 veniens,
2919 624 2976 671 et
3003 631 3034 670 a
3065 617 3271 688 popqu
3299 627 3357 672 et
3382 616 3451 671 ab
3492 617 3634 687 Hyr-

2045 721 2185 762 cano
2216 716 2516 762 coronatur
2549 724 2563 762 :
2597 709 2757 778 cujus
2788 723 2857 763 ex
2901 708 3012 763 ﬁlia
3057 719 3300 779 neptem,
3335 708 3633 764 Alexandri

2044 797 2354 852 Aristobuli
2411 795 2508 851 ﬁlii
2548 804 2756 861 natam,
2812 811 3040 850 uxorem
3082 797 3259 859 ducit,
3301 811 3427 851 cum
3479 795 3634 864 prius

2046 889 2213 944 etiam
2247 889 2507 944 Doridem
2557 888 2881 959 popularem
2925 903 3082 944 suam
3117 902 3344 942 uxorem
3381 886 3634 949 haberet,

2044 998 2076 1038 e
2106 999 2214 1054 qua
2240 981 2410 1036 [ilium
2441 990 2571 1036 natu
2595 982 2896 1036 niaximum
2912 979 3264 1049 Antipatrum
3295 985 3632 1049 susceperat.

2043 1074 2322 1130 Antonius
2363 1083 2419 1129 et
2459 1075 2641 1130 Caesar
2670 1075 2841 1129 Bruto
2890 1082 2949 1129 et
2989 1072 3182 1128 Cassio
3231 1071 3301 1126 ad
3350 1070 3638 1140 Philippos

2047 1168 2234 1233 victis,
2271 1167 2413 1222 alter
2447 1166 2502 1221 in
2551 1165 2787 1222 Galliam
2836 1165 2974 1230 abit,
3006 1164 3284 1220 Antonius
3328 1164 3380 1218 in
3409 1162 3636 1218 Asiam:

2047 1263 2142 1332 qui
2175 1278 2300 1316 cum
2338 1260 2652 1331 Bithyniam
2703 1261 2998 1329 attigisset,
3047 1258 3296 1328 undique
3333 1252 3641 1327 legationes

2048 1353 2116 1408 ad
2152 1369 2278 1407 cum
2315 1361 2611 1408 venerunt.
2665 1349 2914 1406 Aderant
2955 1360 3012 1405 et
3059 1349 3257 1413 Judaei,
3310 1347 3638 1403 Phasaelum

2047 1455 2104 1501 ct
2150 1444 2425 1500 Ilerodem
2488 1443 2825 1499 accusaturi.
2887 1441 3163 1497 Herodem
3214 1455 3346 1495 vero
3399 1439 3487 1494 sui
3543 1438 3641 1492 de-

2049 1535 2312 1592 fendendi
2357 1551 2525 1591 causa
2583 1551 2650 1591 eo
2711 1532 3046 1605 profectum,
3100 1541 3155 1586 et
3211 1547 3444 1587 munera
3503 1529 3641 1584 οπο-

2049 1639 2285 1695 rentem,
2317 1629 2592 1684 Antonius
2644 1627 2951 1683 honoriﬁce
3005 1627 3244 1697 excepit,
3293 1640 3363 1680 ne
3415 1622 3638 1678 dicendi

2049 1723 2274 1792 quidem
2311 1732 2585 1792 potestate
2619 1721 2748 1776 data
2785 1707 3228 1776 accusatoribus.
3282 1717 3412 1773 Inde
3455 1715 3640 1786 Ephe-

2050 1829 2172 1870 sum
2219 1828 2512 1884 progresso
2573 1813 2841 1877 Antonio,
2876 1811 3166 1883 Hyrcanus
3220 1824 3445 1864 auream
3477 1805 3644 1876 229

2048 1925 2310 1966 coronam
2366 1909 2556 1974 misit,
2606 1915 2830 1978 petens,
2885 1915 2947 1962 ut
2996 1906 3256 1970 Judaaos,
3316 1919 3459 1974 quos
3507 1901 3642 1957 Cas-

2047 2003 2164 2058 sius
2220 2011 2413 2058 contra
2475 2001 2606 2056 belli
2658 2015 2867 2056 morem
2913 1997 3174 2068 cepisset,
3220 1996 3528 2058 liberaret,
3584 2001 3642 2048 et

2048 2109 2210 2166 agros
2238 2095 2308 2148 ab
2338 2093 2533 2150 eodem
2563 2093 2850 2162 ademptos
2875 2091 3220 2147 restitueret.
3253 2088 3425 2159 Cujus
3455 2095 3645 2157 postu-

2047 2186 2197 2249 latis,
2254 2185 2349 2254 qui
2400 2200 2465 2240 ea
2515 2199 2671 2253 requa
2713 2182 3017 2254 judicaret,
3062 2179 3339 2236 Antonius
3383 2174 3644 2232 satisﬁeri

363 2267 736 2338 ἀπολυθῆναι,
770 2267 867 2322 καὶ
917 2269 1018 2337 τὴν
1048 2266 1236 2340 χώραν
1270 2267 1630 2340 ἀποδοθῆναι,
1657 2270 1725 2341 ἢν
1748 2270 1948 2336 αὐτοὺς

2056 2277 2229 2348 iussit.
2261 2277 2471 2333 Deinde
2507 2277 2562 2331 in
2603 2276 2814 2348 Syriam
2863 2274 3196 2346 profectum,
3249 2282 3307 2328 et
3341 2271 3648 2340 Cleopatra:

364 2360 624 2430 ἀφείλετο
655 2361 918 2426 Κάσσιος.
967 2362 1202 2416 Δικαίαν
1231 2358 1327 2417 οὖν
1359 2361 1501 2418 εἶναι
1531 2363 1808 2432 κεκρικὼς
1849 2365 1950 2434 τὴν

365 2453 611 2518 ἀξίωσιν,
650 2453 730 2517 είς
772 2453 935 2523 ἔργον
971 2453 1203 2524 ἐκϐῆναι
1230 2454 1557 2524 προσέταξε.
1595 2456 1748 2510 Μετὰ
1775 2455 1950 2510 ταῦτα

367 2547 448 2608 είς
476 2546 678 2614 Συρίαν
701 2546 1137 2617 παραγενομένῳ
1163 2545 1242 2617 τῷ
1277 2547 1571 2615 Ἀντωνίῳ,
1599 2549 1694 2601 καὶ
1718 2547 1822 2600 ὑπὸ
1841 2548 1952 2603 τῶν

363 2639 466 2710 τῆς
513 2639 874 2710 Κλεοπάτρας
928 2637 1154 2710 ἐρώτων
1204 2640 1610 2712 κεκρατημένῳ
1661 2641 1952 2712 προσίασιν

366 2729 560 2801 ἄνδρες
618 2729 838 2792 ἑκατὸν,
883 2728 1157 2782 Ἰουδαίων
1186 2729 1236 2781 oi
1278 2727 1666 2795 δυνατώτατοι,
1694 2729 1792 2783 καὶ
1819 2747 1956 2784 κατ-

365 2822 603 2893 ηγόρουν
635 2820 878 2891 Ἡρώδου
907 2821 1003 2874 καὶ
1030 2821 1140 2873 τῶν
1170 2820 1301 2892 περὶ
1329 2822 1516 2886 αὐτὸν,
1565 2822 1835 2892 παρόντος
1859 2822 1956 2876 καὶ

378 2913 672 2984 Ὑρκανοῦ.
713 2911 1002 2974 Ἀντώνιος
1037 2911 1094 2965 δὲ
1140 2912 1473 2966 πυνθάνεται
1527 2913 1820 2985 Ὑρκανοῦ,
1852 2916 1956 2968 πό-

366 3022 516 3078 τεροι
543 3004 638 3060 τοῦ
687 3005 876 3068 ἔθνους
927 3006 1294 3076 προΐστανται
1335 3005 1592 3078 ἄμεινον·
1626 3007 1720 3062 καὶ
1745 3007 1803 3070 ὃς
1828 3009 1956 3073 τοὺς

371 3100 500 3170 περὶ
546 3097 794 3170 Ἡρώδην
837 3093 1016 3162 εἶπεν,
1078 3097 1154 3152 ὢν
1187 3098 1339 3169 αὐτῷ
1372 3099 1664 3170 κηδεστής.
1730 3099 1790 3153 '0
1825 3099 1957 3169 γοῦν

2051 2384 2241 2424 amore
2291 2378 2537 2438 captum,
2587 2367 2905 2424 Judaeorum
2959 2375 3184 2422 centum
3233 2363 3338 2418 viri
3371 2360 3645 2433 potentis-

2052 2460 2177 2516 simi
2227 2459 2589 2524 conveniunt,
2650 2457 2930 2515 Herodem
2985 2467 3044 2514 et
3095 2456 3424 2512 Pbasaelum
3478 2468 3646 2509 accu-

2053 2560 2261 2616 santes,
2291 2551 2547 2624 Hyrcano
2578 2551 2744 2606 etiam
2777 2558 3075 2622 praesente.
3104 2549 3210 2616 Qui
3247 2556 3479 2619 rogante
3529 2545 3648 2601 An-

2056 2647 2228 2709 tonio,
2270 2645 2382 2701 utri
2431 2644 2636 2714 populo
2679 2643 2890 2700 rectius
2947 2649 3272 2714 praeessent,
3327 2637 3646 2710 respondit,

2054 2736 2382 2791 Phasaelum
2436 2744 2492 2791 et
2547 2735 2847 2801 Herodem,
2909 2745 2970 2790 ut
3021 2735 3182 2806 cujus
3252 2749 3415 2790 socer
3469 2740 3644 2788 esset.

2054 2831 2295 2886 Proinde
2353 2828 2651 2892 Antonius,
2713 2827 2786 2884 ob
2843 2837 3138 2898 paternum
3199 2826 3502 2896 hospitium
3563 2825 3649 2880 eis

2057 2921 2288 2985 amicus,
2317 2927 2612 2988 utrumque
2637 2920 2969 2974 tetrarcham
2991 2918 3308 2989 appellavit,
3331 2917 3533 2973 Iudaea:
3548 2915 3651 2971 ad-

2065 3013 2480 3069 ministratione
2507 3012 2618 3067 illis
2648 3011 2905 3068 mandata
2937 3028 2951 3066 :
2995 3027 3060 3066 ac
3090 3013 3278 3066 decem
3316 3025 3384 3065 ex
3422 3023 3647 3064 accusa-

2064 3105 2280 3170 toribus
2329 3105 2386 3159 in
2412 3103 2631 3158 vincula
2654 3104 2938 3175 coniectos
2958 3102 3279 3168 occidisset,
3308 3103 3413 3157 nisi
3445 3101 3642 3158 fratres.

384 3189 687 3257 Ἀντώνιος,
725 3190 942 3253 οἰκείως
989 3188 1126 3261 πρὸς
1172 3190 1370 3254 αὐτοὺς
1427 3189 1568 3261 ἔχων
1617 3189 1706 3245 διὰ
1733 3191 1832 3262 τὴν
1860 3190 1954 3246 τοῦ

2063 3175 2165 3266 pro
2197 3194 2278 3251 eis
2328 3193 2607 3264 deprecati
2655 3203 2866 3250 essent.
2920 3194 3136 3248 Hursus
3170 3193 3321 3248 mille
3365 3191 3469 3246 viri
3505 3191 3643 3248 circa

371 3281 580 3352 πατρὸς
610 3281 791 3336 αὐτῶν
812 3281 1015 3348 ξενίαν,
1045 3285 1139 3336 καὶ
1164 3281 1334 3352 ἄμφω
1349 3283 1658 3354 τετράρχας
1677 3283 1954 3354 ὠνόμασε,

371 3375 469 3429 καὶ
510 3375 579 3428 τὰ
645 3373 922 3429 Ἰουδαίων
961 3375 1147 3438 αὐτοῖς
1175 3375 1449 3445 ἐπέτρεψε
1481 3376 1787 3447 πράγματα
1810 3393 1825 3408 ο
1863 3378 1958 3432 καὶ

370 3466 506 3521 δέκα
542 3466 713 3538 δήσας
741 3466 852 3521 τῶν
898 3467 1251 3538 κατηγόρων,
1286 3466 1530 3520 εκτεινεν
1561 3468 1627 3521 ἂν
1658 3469 1878 3534 αὐτοὺς,
1907 3470 1957 3523 εί

375 3559 454 3630 μὴ
490 3558 542 3612 οἱ
591 3558 814 3628 ἀδελφοὶ
872 3559 1290 3633 παρῃτήσαντο.
1351 3554 1519 3622 Αὖθις
1545 3559 1603 3613 δὲ
1633 3559 1795 3631 χίλιοι
1829 3561 1961 3633 περὶ

372 3651 550 3721 Τύρον
578 3651 655 3722 τῷ
699 3650 972 3722 Ἀντωνίῳ
1003 3651 1348 3723 ὑπήντησαν.
1407 3651 1468 3704 ’0
1499 3651 1556 3705 δὲ
1593 3651 1791 3721 δώροις
1821 3671 1959 3726 προσ

373 3743 835 3816 κατειλημμένος,
871 3743 951 3812 τῷ
982 3746 1124 3799 κατᾶ
1145 3743 1310 3798 τόπον
1331 3743 1556 3814 ἄρχοντι
1581 3745 1812 3801 κολάσαι
1834 3747 1963 3812 τοὺς

373 3834 668 3899 Ἰουδαίους
689 3835 996 3898 ἐκέλευσεν,
1021 3834 1098 3898 ὼς
1125 3834 1560 3908 νεωτερίζοντας.
1580 3835 1638 3890 Ὀ
1666 3837 1724 3890 δὲ
1781 3837 1961 3910 Ἠρώ-

373 3927 472 3997 δης
505 3927 726 3982 ἀπιέναι
754 3929 893 3998 ταχὺ
920 3928 1107 3991 αὐτοῖς
1139 3927 1550 3993 συνεϐούλευεν,
1575 3929 1663 3982 ἵνα
1688 3929 1764 4001 μὴ
1790 3929 1964 4000 μεγά-

373 4019 469 4073 λου
506 4019 846 4092 πειρασθῶσι
875 4019 1076 4075 κακοῦ.
1115 4019 1205 4085 Ὠς
1225 4019 1271 4073 δ’
1303 4021 1404 4090 ούχ
1434 4021 1734 4090 ὑπήκουον,
1768 4022 1964 4094 ἐκδρα-

381 4111 579 4180 μόντες
609 4109 660 4163 oi
703 4108 990 4180 Ῥωμαῖοι,
1016 4108 1171 4172 τινας
1209 4108 1310 4180 μὲν
1338 4109 1693 4176 ἀπέκτειναν,
1733 4110 1963 4174 πολλοὺς

376 4202 424 4256 δ’
451 4202 866 4274 ἐτραυμάτισαν
886 4219 902 4235 ο
927 4203 1024 4255 καὶ
1054 4203 1103 4255 οί
1132 4199 1316 4255 λοιποὶ
1348 4201 1705 4270 διαφυγόντες
1751 4201 1962 4273 ἡσύχα-

383 4293 498 4358 ζον.
529 4292 638 4348 Τοῦ
664 4293 720 4346 δὲ
745 4293 923 4363 δήμου
955 4291 1340 4355 καταϐοῶντος
1382 4291 1647 4364 Ἡρώδου,
1695 4293 1965 4364 παροξυν-

376 4387 495 4453 θεὶς
540 4389 568 4442 ὁ
602 4387 890 4452 Ἀντώνιος
907 4387 1038 4452 τοὺς
1065 4387 1390 4457 δεδεμένους
1413 4389 1762 4442 ἀπέκτεινεν.
1787 4387 1967 4442 Ἀντί-

2060 3286 2265 3357 Tyrum
2314 3284 2556 3340 Antonio
2602 3292 2988 3340 occurrerunt.
3043 3283 3094 3338 ls
3139 3297 3272 3338 vero
3326 3281 3646 3337 muneribus

2055 3380 2168 3450 jam
2195 3385 2324 3432 ante
2354 3376 2705 3441 conciliatus,
2741 3375 2865 3446 ejus
2909 3374 3016 3430 loci
3050 3373 3313 3445 ιιι-πίθοιο
3344 3373 3651 3438 mandavit,

2063 3478 2124 3526 ut
2149 3469 2372 3526 Iudaeos
2414 3478 2672 3538 tanquam
2707 3466 2866 3522 novis
2916 3466 3084 3522 rebus
3119 3466 3412 3521 studentes
3439 3465 3648 3534 suppli-

2062 3562 2150 3619 cio
2177 3561 2440 3618 alliceret.
2492 3559 2743 3617 Herodes
2784 3575 2919 3615 vero
2962 3575 3060 3615 eos
3108 3560 3344 3622 monuit,
3394 3569 3456 3614 ut
3501 3559 3652 3614 abire

2064 3664 2434 3722 maturarent,
2483 3670 2554 3711 ne
2597 3669 2764 3726 grave
2813 3654 3021 3708 malum
3077 3652 3466 3722 experirentur
3503 3669 3516 3702 :
3559 3650 3652 3721 qui

2063 3755 2355 3816 cuminon
2413 3748 2846 3810 auscultassent,
2901 3744 3138 3801 Romani
3192 3747 3402 3814 impetu
3450 3744 3505 3798 in
3559 3757 3652 3799 eos

2064 3839 2210 3895 facto
2259 3836 2530 3909 quosdam
2589 3835 2939 3900 occiderunt,
3000 3834 3208 3888 multos
3266 3833 3658 3898 vulnerarunt,

2064 3930 2304 3986 maxima
2336 3944 2470 3984 vero
2495 3942 2625 3999 pars
2657 3928 2864 3983 evitato
2896 3924 3146 3996 periculo
3176 3923 3411 3993 quievit.
3443 3923 3654 3991 Populo

2064 4031 2250 4076 autem
2286 4026 2477 4074 contra
2500 4015 2775 4072 Herodem
2807 4013 3170 4078 vociferante,
3202 4013 3454 4067 irritatus
3476 4012 3652 4065 Auto-

2065 4113 2212 4176 nius,
2257 4111 2472 4165 vinctos
2515 4107 2817 4163 interfecit.
2853 4106 3152 4162 Enimvero
3200 4105 3510 4174 Antigonus
3555 4104 3653 4158 l’a-

2066 4217 2198 4258 coro
2232 4201 2555 4255 Parthorum
2603 4199 2719 4267 regi
2769 4197 2918 4252 mille
2971 4197 3174 4252 talenta
3224 4204 3281 4249 et
3324 4212 3356 4249 ι)
3389 4192 3654 4248 mulieres

2066 4293 2367 4366 pollicitus,
2398 4291 2442 4347 si
2473 4290 2846 4362 principatum
2886 4287 3140 4358 Hyrcano
3180 4286 3503 4354 ademptum
3546 4283 3652 4338 sibi

2066 4389 2245 4454 daret,
2276 4395 2332 4442 et
2355 4385 2629 4441 Herodem
2657 4398 2783 4440 cum
2818 4383 2934 4437 suis
2963 4380 3182 4435 tolleret
3215 4393 3232 4433 :
3269 4393 3300 4432 a
3337 4375 3560 4433 Parthis
3597 4375 3654 4429 in

375 4497 538 4549 γονος
593 4480 651 4535 δὲ
681 4480 920 4551 Πακόρῳ
951 4479 1030 4552 τῷ
1086 4479 1322 4551 Πάρθων
1374 4479 1589 4550 βασιλεί
1620 4479 1954 4551 ὑπισχνεῖται

2067 4479 2309 4535 ,Ιυόωαιῐι
2351 4475 2614 4532 reduetus
2637 4483 2742 4538 est,
2772 4487 2912 4544 quos
2941 4469 3240 4527 Herodiani
3268 4467 3470 4539 saepius
3504 4467 3649 4521 vice-

377 4573 527 4646 χίλια
564 4572 762 4628 δώσειν
782 4573 1044 4638 τάλαντα,
1073 4571 1168 4626 καὶ
1197 4573 1468 4642 γυναῖκας
1493 4572 1880 4639 πεντακοσίας,
1914 4575 1954 4627 εἰ

2070 4577 2223 4625 runt.
2275 4567 2382 4624 Sed
2433 4583 2531 4622 rex
2581 4565 2918 4622 Parthorum
2961 4578 3088 4619 cum
3134 4561 3328 4633 paucis
3375 4560 3656 4630 equitibus

378 4665 480 4736 τὴν
549 4665 725 4735 ἀρχὴν
786 4663 1057 4735 Ὑρκανὸν
1116 4663 1449 4733 ἀφέλωνται,
1516 4667 1613 4717 καὶ
1647 4664 1954 4735 παραδῶσιν

2069 4665 2264 4718 urbem
2296 4661 2600 4731 ingressus,
2638 4673 2738 4729 per
2776 4657 3020 4728 speciem
3065 4652 3463 4725 componenda:
3509 4652 3656 4707 sedi-

378 4755 554 4826 αὐτῷ,
596 4757 691 4810 καὶ
741 4757 868 4818 τοὺς
901 4754 1033 4823 περὶ
1077 4754 1330 4826 Ἡρώδην
1355 4755 1620 4811 ἀνέλοιεν.
1659 4757 1761 4809 Διὰ
1791 4754 1954 4810 ταῦτα

2068 4757 2259 4819 tionis,
2297 4769 2489 4809 revera
2523 4759 2584 4806 ut
2628 4750 2909 4822 Antigono
2954 4763 3115 4818 opem
3170 4746 3362 4811 ferret,
3394 4743 3658 4800 Pleasaclo

377 4850 473 4902 ἐπὶ
525 4848 625 4920 τὴν
657 4847 921 4903 Ἰουδαίαν
955 4845 1291 4916 κατάγοντες
1316 4847 1626 4916 Ἀντίγονον
1676 4849 1730 4900 oi.
1762 4849 1948 4918 Πάρθο

2066 4847 2276 4918 hospiti
2309 4861 2410 4902 suo
2453 4842 2750 4916 persuadet
2797 4849 2858 4896 ut
2889 4840 2959 4896 ad
3009 4839 3543 4911 Barzapbarmanem
3574 4837 3656 4891 le-

376 4939 790 5013 ἐστράτευσανο
825 4935 909 5003 οἷς
967 4939 1231 5004 πολλάκις
1261 4940 1312 4992 οί
1347 4939 1476 5009 περὶ
1521 4938 1772 5012 Ἡρώδην
1831 4958 1942 5012 συμ

379 5032 638 5103 μίξαντες
700 5032 991 5103 ἐκράτουν.
1065 5030 1126 5085 'O
1197 5031 1256 5084 δὲ
1317 5031 1428 5084 τῶν
1488 5031 1722 5102 Πάρθων
1809 5031 1965 5102 βασι-

375 5125 506 5188 λεὺς
532 5124 646 5196 (59)
704 5126 800 5178 σὺν
832 5125 1039 5193 ὀλίγοις
1077 5121 1338 5176 ἱππεῦσιν
1388 5124 1470 5187 είς
1496 5125 1595 5194 τὴν
1619 5123 1773 5178 πόλιν
1799 5120 1956 5194 ἧκεν,

376 5217 456 5280 ὡς
515 5217 660 5287 τάχα
713 5217 1068 5270 κατευνάσων
1127 5214 1226 5286 τὴν
1281 5215 1494 5278 στᾶσιν,
1543 5213 1606 5267 τὸ
1677 5213 1722 5266 δ’
1758 5215 1960 5284 ἀληθὲς

379 5309 458 5374 ὡς
484 5306 781 5379 Ἀντιγόνῳ
822 5306 1186 5378 συμπράξων.
1237 5307 1526 5376 Φασαήλου
1559 5305 1616 5360 δὲ
1653 5305 1962 5371 ξενίσαντος

2064 4948 2224 5009 gatus
2256 4945 2364 4992 eat.
2407 4934 2711 4989 Phasaelus
2749 4939 2805 4986 et
2832 4930 3119 5002 Hyrcanus
3145 4929 3312 5000 legati
3339 4936 3492 4991 eunt,
3517 4925 3658 4981 duce

2067 5045 2164 5085 eos
2190 5027 2511 5092 comitante,
2547 5025 2642 5082 sed
2667 5022 2884 5078 Herode
2915 5037 3025 5078 non
3057 5022 3347 5092 probante.
3391 5021 3469 5073 Ac
3498 5019 3657 5088 prin-

2069 5122 2217 5192 cipio
2248 5136 2279 5175 a
2324 5117 2798 5188 Barzapharmane
2831 5115 3049 5171 sincere
3078 5113 3312 5184 accepti,
3361 5121 3486 5183 post
3518 5111 3657 5164 insi-

2071 5213 2180 5268 diis
2235 5211 2467 5281 appetiti
2521 5218 2674 5272 sunt,
2725 5207 2996 5263 Pbasaelo
3054 5212 3347 5276 suspectos
3419 5201 3660 5256 habente

2071 5305 2363 5369 barbaros,
2409 5316 2536 5357 cum
2581 5316 2640 5357 sc
2686 5309 2863 5356 noctu
2907 5298 3049 5355 clam
3099 5294 3372 5352 cuswdiri
3408 5291 3657 5346 animad-

1570 5485 1771 5549 ναι-ξω
1805 5484 2114 5550 lectiones
2147 5495 2207 5547 et
2239 5490 2424 5545 notae.

453 5651 568 5721 ('58)
603 5651 760 5720 Ἄρτι
809 5648 929 5721 τῶν
969 5649 1168 5719 ἄκρων
1205 5646 1478 5721 ἐπιϐάντι
1507 5645 1617 5715 τῆς
1668 5645 1968 5721 Ἰουδαίων

377 5717 517 5796 τῆς.
550 5717 902 5796 Ἄκραμείνθ
928 5717 1209 5796 ruentam,
1255 5719 1370 5773 sive
1420 5727 1699 5774 extremos
1745 5717 1883 5772 ﬁnes
1911 5725 1970 5772 et

377 5789 588 5852 limites
620 5789 950 5860 signiﬁcant.
973 5790 1062 5845 W.

455 5863 572 5935 ('59)
614 5857 696 5916 '0'
729 5858 798 5913 δὲ
851 5857 971 5914 τῶν
1031 5859 1280 5930 Πάρθων
1330 5857 1655 5925 βασιλεύς.
1693 5857 1968 5930 Joscphus

2069 5661 2226 5715 aeque
2254 5644 2530 5703 obscurus
2553 5649 2640 5715 est
2667 5640 2721 5696 in
2753 5639 2858 5715 hac
2895 5635 3152 5715 Parthica
3189 5632 3564 5706 expeditione,
3597 5641 3660 5688 ut

2071 5708 2326 5770 videatur
2401 5711 2657 5783 κυκεῶνα
2711 5709 2900 5783 potius
2954 5708 3266 5777 miscuisse,
3321 5717 3488 5777 quam
3538 5717 3658 5761 rem

2070 5786 2394 5858 explicasse.
2427 5781 2520 5838 W.
