4074 6398
481 382 576 446 ιιι

1739 382 2066 444 JOANNIS
2107 382 2431 443 ZONARE

3633 379 3744 445 412

482 493 787 550 verterent,
843 493 1008 556 atque
1069 487 1237 542 etiam
1297 486 1598 542 indicatum
1662 498 1832 552 esset,
1899 487 2065 541 fuisse

2181 488 2352 553 ιύτὸν,
2391 485 2568 540 πείθει
2600 486 2692 540 τὸν
2724 485 3030 557 Φασάηλον,
3062 485 3214 560 παρὰ
3259 487 3745 562 Βαρζαφαρμάνην

479 580 1055 652 comprehemlendos.
1131 581 1237 635 nisi
1303 581 1356 635 id
1419 580 1640 636 barbari
1696 581 2065 642 distulissent,

481 671 661 725 donec
692 669 936 725 llerodcs
978 685 1008 724 a
1043 670 1264 725 Parthis
1307 672 1401 741 qui
1437 671 1832 741 Hierosolymis
1879 679 2069 724 essent

483 771 796 830 caperetur,
853 777 921 816 ne
963 761 1185 832 cognito
1234 761 1480 831 ipsorum
1533 772 1680 817 statu
1731 761 2066 816 elaberetur.

483 853 561 906 Ac
605 852 871 906 Phasaelo
926 853 1149 922 quidam
1198 861 1518 920 suaserunt,
1567 862 1628 907 ut
1675 853 1861 907 statim
1909 851 2072 920 230

485 943 796 1013 aufugeret.
839 942 1126 1013 Ophellius
1159 945 1350 1008 etiam,
1397 945 1543 1016 quod
1574 960 1725 998 mare
1759 945 1811 998 in
1840 943 2068 1012 propin-

486 1053 599 1108 quo
624 1045 794 1098 esset,
840 1050 1011 1089 naves
1052 1035 1118 1089 ad
1155 1034 1340 1104 fugam
1375 1035 1759 1106 pollicebatur.
1798 1032 1905 1087 Sed
1943 1046 2068 1087 cum

489 1130 538 1184 is
569 1129 880 1199 Hyrcanum
923 1127 1180 1182 deserere
1222 1128 1414 1193 nollet,
1466 1127 1628 1181 ambo
1677 1125 2070 1194 comprehensi

485 1221 831 1276 vinciuntur.
877 1219 997 1286 Quo
1039 1219 1284 1274 ilerodes
1319 1219 1562 1288 cognito.
1609 1218 1879 1271 militibus
1931 1216 2072 1278 suis.

489 1317 686 1372 matre.
719 1323 932 1371 sorore,
969 1308 1241 1378 desponsa
1273 1307 1381 1362 sibi
1414 1305 1649 1378 llyrcani
1676 1306 1806 1368 filia,
1843 1306 2072 1376 ejusque

489 1409 662 1454 matre
692 1408 858 1453 noctu
893 1399 1215 1468 assumptis,
1241 1413 1365 1453 cum
1396 1399 1546 1452 omni
1582 1397 1845 1453 comitatu
1882 1411 2074 1452 versus

489 1492 782 1546 Idumaeam
823 1491 964 1555 abit,
994 1491 1242 1560 deceptis
1283 1490 1559 1545 hostibus.
1595 1489 1730 1545 Cum
1763 1499 1946 1544 autem
1981 1505 2076 1544 ve—

488 1579 680 1635 hiculo
712 1580 767 1634 in
803 1581 999 1634 itinere
1031 1595 1248 1642 everso,
1297 1589 1474 1635 mater
1507 1581 1630 1650 ejus
1667 1582 1734 1635 de
1767 1581 1880 1635 vita
1925 1580 2075 1650 peri-

487 1671 798 1734 clitaretur,
859 1687 1053 1740 parum
1118 1670 1297 1726 abfuit
1347 1673 1482 1741 quin
1553 1672 1658 1725 sibi
1715 1670 1820 1740 ipsi
1880 1686 2076 1726 manus

485 1761 729 1816 afferret.
784 1760 901 1826 Qua
947 1770 1216 1824 recreata,
1249 1769 1305 1816 et
1339 1771 1400 1816 ut
1449 1772 1663 1833 tempus
1713 1762 1946 1828 ferebat,
1979 1778 2077 1817 cu-

486 1863 626 1914 rata,
659 1852 726 1905 ad
756 1851 1030 1906 Masadam
1064 1852 1358 1907 castellum
1390 1863 1616 1908 strenue
1669 1855 1847 1925 pergit
1877 1872 1890 1908 :
1941 1857 2078 1909 inte-

488 1944 594 1996 rim
639 1943 805 1996 etiam
856 1959 913 1998 et
964 1944 1185 1998 Parthis
1228 1945 1714 2015 persequentibus,
1772 1953 1828 2001 et
1874 1945 2080 2001 Iudaeis

491 2033 887 2089 insidiantibus
918 2035 1221 2104 superatis.
1265 2035 1382 2090 Jam
1422 2035 1551 2105 quia
1599 2047 1746 2092 tanta
1784 2039 2080 2092 multitudo

488 2141 618 2180 eum
667 2126 1061 2190 comitabatur,
1109 2142 1274 2196 quam
1321 2126 1541 2180 Masada
1597 2129 1910 2192 castellum,
1968 2144 2078 2198 quo

489 2217 844 2287 properabat,
899 2233 1119 2272 omnem
1181 2233 1379 2288 capere
1437 2235 1547 2273 non
1605 2230 1837 2289 posset:
1889 2220 2081 2288 majori

495 2315 651 2375 parte
679 2307 809 2362 dato
843 2308 1048 2363 viatico
1089 2309 1336 2373 dimissa,
1384 2323 1508 2363 cum
1541 2311 1814 2379 expeditis
1863 2320 1920 2364 et
1963 2327 2082 2364 ma-

489 2397 634 2452 xime
709 2400 1032 2454 necessariis
1092 2401 1377 2455 castellum
1471 2401 1803 2469 ingreditur,
1876 2402 2066 2471 ibique

490 2486 823 2542 mulieribus
850 2499 905 2543 et
956 2489 1226 2543 ministris
1273 2505 1398 2546 cum
1433 2489 1723 2544 suilicienti
1772 2501 2082 2545 commeatu

492 2576 724 2642 relictis,
760 2579 875 2647 ipse
907 2577 973 2632 ad
1029 2579 1242 2633 Arabia:
1293 2579 1511 2633 Petram
1565 2578 1875 2633 contendit.
1925 2579 2082 2633 Mane

493 2672 844 2728 Parthicum
897 2675 1020 2729 aliis
1070 2674 1624 2744 Hierosolymilarum
1672 2673 1906 2740 aedibus,
1958 2682 2073 2727 tum

2169 578 2347 632 ἐλθεῖν
2404 578 2807 648 πρεσϐεύοντα.
2872 579 2984 631 Kal
3035 579 3239 650 ᾤχοντο
3322 581 3595 652 Ὑρκανός
3651 585 3746 638 καὶ

2168 669 2456 739 Φασάηλος
2484 669 2906 734 πρεσϐεύοντες,
2952 669 3193 740 ’Πρώδου
3231 669 3306 741 μὴ
3339 672 3744 738 συναινοῦντος·

2167 760 2196 812 6
2229 760 2284 813 δέ
2315 759 2620 829 στρατηγὸς
2651 758 2982 831 προύπεμπε
3011 762 3175 826 σφᾶς.
3206 763 3317 814 Καὶ
3344 763 3372 814 6
3411 761 3747 832 Βαρζαφαρ-

2173 852 2352 922 μάνης
2379 851 2491 923 (40)
2525 851 2586 904 τό
2618 852 2718 921 μὲν
2746 852 2966 922 πρῶτον
2994 854 3236 922 γνησίως
3268 855 3410 922 σφᾶς
3431 855 3747 920 ὑπεδέξατο,

2171 945 2362 998 ἔπειτα
2389 944 2740 999 ἐπεϐούλευε.
2776 947 2887 998 Kal
2924 947 2975 998 ei
3017 946 3152 1015 περὶ
3181 947 3469 1017 Φασάηλον
3521 948 3580 1000 ἐν
3618 949 3765 1006 ὑπο-λ

2169 1036 2323 1105 ψίαις
2349 1031 2490 1106 ἦσαν
2513 1036 2658 1089 κατά
2679 1035 2790 1088 τῶν
2817 1036 3135 1106 βαρϐάρων.
3167 1038 3379 1105 Ἔγνων
3409 1038 3465 1090 δὲ
3505 1041 3603 1102 καὶ
3657 1022 3765 1092 νύ·-

2171 1145 2326 1198 κτωρ
2349 1127 2524 1198 λάθρα
2559 1130 2692 1198 παρ’
2713 1128 2896 1180 αὐτῶν
2924 1129 3348 1200 φυλασσόμενοι.
3380 1131 3682 1200 Μεμήνυτο
3707 1131 3752 1185 δ’

2173 1223 2360 1285 αὐτοῖς
2398 1223 2481 1275 ὅτι
2520 1222 2618 1275 καὶ
2677 1222 3093 1294 συνελήφθησαν
3143 1225 3232 1290 ἂν,
3285 1227 3333 1277 εί
3378 1225 3454 1295 μὴ
3493 1226 3751 1296 ὑπερετί-

2174 1314 2330 1368 θεντο
2361 1315 2412 1366 οἱ
2455 1314 2754 1386 Βάρϐαροι,
2800 1316 2998 1386 μέχρις
3054 1316 3122 1370 ἂν
3178 1315 3430 1386 Ἡρώδης
3475 1320 3592 1380 τοῖς
3635 1319 3754 1371 ἐκεῖ

2176 1403 2415 1472 Πάρθοις
2436 1402 2692 1473 ληφθείη,
2723 1405 2796 1474 μὴ
2826 1406 2894 1458 τὰ
2937 1406 3067 1476 περὶ
3103 1405 3291 1460 αὐτῶν
3337 1405 3523 1475 μαθὼν
3557 1406 3754 1474 διαφύ·

2176 1511 2285 1561 γοι.
2337 1493 2610 1563 Φασαήλῳ
2662 1492 2762 1561 μὲν
2816 1489 2910 1545 οὖν
2948 1509 3096 1555 τινες
3149 1492 3540 1546 συνεϐούλευον
3590 1493 3755 1554 εὐθὺς

2178 1583 2989 1656 παριππάσασθαιχύφέλλιος
3029 1583 3088 1637 δὲ
3133 1585 3230 1638 καὶ
3278 1584 3444 1637 πλοῖα
3490 1583 3627 1654 πρὸς
3655 1583 3756 1653 τὴν

2180 1677 2359 1744 φυγὴν
2387 1676 2726 1745 ὑπισχνεῖτο,
2758 1675 2931 1742 ἐγγὺς
2965 1674 3130 1744 γάρή
3183 1675 3434 1728 θάλασσα
3467 1671 3559 1745 ἦν.
3609 1675 3670 1728 '0
3697 1675 3757 1728 δέ

2189 1768 2455 1838 Ὑρκανὸν
2496 1766 2782 1820 ἀπολιπεῖν
2811 1769 2912 1820 ούκ
2944 1766 3220 1821 ἐϐούλετο.
3271 1767 3754 1837 Συλλαμϐάνονται

2179 1855 2295 1920 οὖν,
2330 1857 2423 1910 καὶ
2456 1857 2805 1924 δεσμοῦνται.
2825 1856 3073 1927 Ἡρώδης
3104 1857 3184 1917 δὲ,
3211 1855 3386 1910 ταῦτα
3413 1855 3626 1925 μαθὼν,
3660 1854 3755 1920 οὒς

2184 1945 2330 2019 εἶχεν
2360 1948 2583 2012 ὁπλίτας
2617 1946 2960 2018 παραλαϐὼν
2990 1948 3210 2011 νυκτὸς,
3247 1949 3342 2002 καὶ
3381 1949 3482 2018 τὴν
3519 1947 3756 2019 μητέρα,

2183 2043 2278 2094 καὶ
2307 2041 2408 2110 τὴν
2435 2039 2694 2110 ἀδελφὴν,
2714 2039 2810 2092 καὶ
2829 2040 2928 2111 τὴν
2952 2040 3379 2112 ἐγγεγυημένην
3402 2041 3554 2112 αὐτῷ
3588 2041 3758 2094 παῖδα

2184 2133 2284 2200 τῆς
2327 2131 2598 2202 Ὑρκανοῦ
2626 2131 2922 2202 θυγατρὸς,
2955 2133 3050 2185 καλ⁵
3077 2130 3177 2202 τὴν
3214 2132 3318 2200 τῆς
3353 2132 3598 2202 μνηστῆς
3623 2129 3760 2184 ταύ-

2185 2239 2283 2292 της
2317 2223 2552 2291 μητέρα,
2585 2222 2688 2292 τήν
2718 2239 2778 2274 τε
2808 2221 3108 2290 θεραπείαν
3133 2223 3341 2286 πᾶσαν,
3365 2222 3461 2287 τὴν
3479 2222 3573 2274 ἐπὶ
3597 2220 3760 2274 Ἰδου-

2189 2313 2357 2382 μαίαν
2383 2311 2572 2383 ἀπῄει,
2613 2312 2744 2376 τοὺς
2791 2311 3086 2380 πολεμίους
3122 2311 3325 2366 λαθών.
3385 2310 3492 2364 Τοῦ
3525 2309 3760 2378 ζεύγους

2185 2405 2238 2457 δὲ
2265 2404 2707 2475 περιτραπέντος
2737 2405 2795 2458 ἐν
2823 2407 2890 2475 τῇ
2922 2404 3049 2475 ὁδῷ,
3081 2405 3177 2457 καὶ
3209 2405 3310 2474 τῆς
3342 2403 3552 2474 μητρὸς
3583 2402 3758 2456 αὐτοῦ

2187 2491 2613 2560 κινδυνευούσης
2652 2491 2970 2557 ἀποθανεῖν,
3028 2489 3231 2562 μικροῦ
3287 2490 3482 2543 ἑαυτὸν
3533 2487 3762 2557 διεχρήο

2188 2603 2340 2638 σατο.
2379 2585 2869 2654 ’Δνακτησάμενος
2923 2579 3016 2637 οῦν
3073 2583 3170 2654 τὴν
3201 2583 3438 2655 μητέρα,
3464 2581 3560 2634 καὶ
3595 2581 3764 2652 θερα-

2184 2680 2367 2741 πείας,
2397 2677 2473 2740 ώς
2513 2678 2540 2730 6
2565 2676 2763 2746 καιρὸς
2795 2677 3046 2746 ἤπειγεν,
3076 2673 3339 2739 ἀξιώσας,
3368 2672 3586 2736 ἐϐάδιζε
3627 2688 3757 2724 συν-

492 2764 613 2832 ipsa
665 2765 810 2835 regia
859 2766 1110 2836 direptis,
1160 2767 1274 2820 sola
1328 2765 1565 2836 Hyrcani
1620 2764 1902 2834 pecunia,
1956 2779 2078 2834 quas

2185 2767 2487 2838 τονώτερον
2519 2766 2656 2834 πρὸς
2694 2767 2962 2820 Μασάδαν
2995 2765 3055 2819 τδ
3102 2765 3307 2836 ἔρυμα.
3341 2764 3433 2816 Ἐν
3476 2763 3556 2833 τῷ
3609 2763 3765 2833 μέσῳ

492 2855 564 2909 ad
598 2872 732 2911 Lux
765 2859 967 2913 talenta
1002 2872 1141 2925 erat,
1180 2858 1408 2924 intacta,
1443 2871 1604 2928 agros
1631 2870 1855 2927 quoque
1899 2864 2078 2942 vasta-

2188 2859 2244 2912 δὲ
2276 2859 2372 2911 καὶ
2413 2859 2548 2927 πρὸς
2585 2858 2838 2927 Πάρθους
2877 2857 3177 2921 διώκοντας
3224 2859 3630 2927 μαχεσάμενος,
3663 2854 3762 2908 καὶ

494 2955 650 3002 runt.
2193 2947 2330 3019 πρὸς
2365 2947 2659 3010 Ἰουδαίους
2707 2946 2866 3010 αὖθις
2921 2947 3283 3015 ἐπιθεμένους
3320 2945 3493 3016 αὐτῷ,
3539 2946 3762 3016 ἐνίκησε

494 3041 590 3094 καὶ
623 3039 918 3111 ἐκράτησε.
948 3038 1056 3093 Τοῦ
1093 3039 1276 3107 μέντοι
1307 3037 1549 3108 πλήθους
1578 3037 1672 3091 τοῦ
1734 3037 2110 3108 συνεπομένου
2148 3038 2298 3108 αύτῷ
2329 3037 2528 3092 πολλοῦ
2563 3038 2738 3101 ὄντος,
2787 3038 2896 3092 Τοῦ
2928 3038 2983 3091 δὲ
3025 3039 3122 3107 τῆς
3152 3039 3417 3102 Μασάδας
3481 3037 3762 3110 φρουρίου,

496 3135 635 3206 πρὸς
671 3137 810 3207 ὅπερ
869 3138 1186 3207 ἠπείγοντο,
1229 3135 1332 3187 ούκ
1388 3132 1754 3205 ἐξαρκοῦντος
1835 3135 2086 3198 ἅπαντας
2120 3134 2512 3199 ὐποδέξασθαι,
2582 3135 2711 3196 τοὺς
2737 3133 2837 3203 μὲν
2893 3132 3114 3196 πλείους
3140 3129 3408 3195 ἀπέλυσε,
3435 3133 3557 3195 δοὺς
3583 3131 3768 3200 σφίσιν

500 3231 710 3298 ἐςόδια,
756 3233 872 3285 ὅσοι
916 3231 972 3284 δὲ
1005 3226 1148 3302 ἦσαν
1179 3228 1393 3298 κοῦφοι,
1431 3227 1686 3292 καὶτοὺς
1740 3229 2214 3296 ἀναγκαιοτάτους
2270 3229 2410 3300 ἔχων
2439 3269 2454 3295 ,
2526 3230 2608 3290 εἰς
2668 3227 2728 3279 τὸ
2769 3226 2954 3296 ἔρυμα
2997 3225 3408 3296 παραγίνεται·
3464 3227 3562 3279 καὶ
3604 3225 3766 3292 dcpel;

499 3322 689 3376 αὒτόθι
738 3323 837 3385 τάς
898 3339 957 3375 τε
1007 3323 1276 3390 γυναῖκας
1343 3320 1438 3374 καὶ
1482 3320 1581 3391 τὴν
1629 3319 1930 3390 θεραπείαν
1983 3320 2260 3390 ἀρκοῦντα
2315 3319 2384 3374 τὰ
2447 3319 2733 3390 ἐπιτήδεια
2797 3318 3043 3386 ἔχοντας,
3076 3317 3239 3380 αὐτὸς
3265 3315 3358 3369 ἐπὶ
3393 3314 3492 3386 τὴν
3551 3314 3768 3390 Πέτραν

498 3420 600 3486 τῆς
629 3415 893 3486 ’Δραϐίας
948 3414 1291 3487 ἐξώρμησεν.
1339 3413 1550 3467 Ἐωθεν
1583 3415 1640 3467 δὲ
1694 3415 1762 3470 τά
1817 3417 1916 3487 μὲν
1981 3415 2118 3470 ἄλλα
2154 3417 2265 3470 τῶν
2304 3415 2760 3487 Ἱεροσολυμιτῶν
2789 3417 2840 3469 οξ
2875 3414 3083 3485 Πάρθοι
3111 3412 3436 3483 διήρπαζον,
3464 3411 3563 3462 καὶ
3625 3409 3766 3465 αὕτά

498 3515 568 3569 τά
597 3513 874 3584 βασίλεια·
908 3511 1084 3583 μόνων
1109 3511 1166 3563 δὲ
1190 3511 1481 3581 ἀπείχοντο
1504 3511 1613 3564 τῶν
1641 3510 1914 3583 Ὑρκανοῦ
1939 3513 2244 3586 χρημάτων
2268 3551 2283 3577 ,
2359 3511 2532 3566 όντων
2593 3515 2674 3576 εἰς
2731 3511 3068 3582 ὀγδοήκοντα
3089 3508 3355 3575 τάλαντα,
3391 3509 3490 3561 καὶ
3517 3506 3616 3577 τήν
3658 3505 3767 3576 χώ-

502 3622 605 3677 ραν
631 3603 688 3655 δὲ
715 3603 954 3655 ἐκάκουν
980 3604 1029 3654 οἱ
1061 3601 1292 3672 Πάρθοι.

571 3695 639 3749 Χ.
682 3695 990 3766 Antigonus
1023 3705 1202 3748 autem
1253 3693 1359 3748 hoc
1404 3694 1568 3749 modo
1614 3693 1670 3748 in
1712 3694 1956 3750 Judazam
1999 3710 2078 3750 res

2263 3693 2320 3751 1'.
2356 3693 2669 3760 Ἀντίγονος
2733 3691 2832 3760 μὲν
2883 3689 2976 3744 οῦν
3030 3687 3174 3742 οὕτω
3234 3684 3527 3754 καταχθεὶς
3563 3683 3644 3747 είς
3669 3681 3768 3753 τὴν

500 3786 725 3851 ductus,
758 3785 1067 3855 ilyrcanum
1097 3794 1153 3840 et
1178 3785 1505 3839 Phasaclum
1546 3787 1792 3854 captivos
1839 3785 2039 3854 accipit
2066 3802 2082 3852 ;

499 3887 556 3934 et
579 3879 706 3950 quia
735 3878 965 3934 timebat
995 3895 1064 3933 ne
1102 3879 1340 3948 pepulus
1385 3893 1612 3949 regnum
1642 3876 1892 3948 llyrcano
1923 3879 2085 3933 resti-

503 3978 708 4032 tueret,
739 3985 903 4024 aures
933 3970 985 4024 ei
1018 3969 1286 4039 praicidit,
1335 3983 1459 4022 rum
1510 3970 1597 4024 lex
1626 3985 1908 4024 sacrorum
1940 3970 2084 4024 anti-

501 4063 660 4118 stites
692 4062 937 4132 integros
969 4063 1338 4132 essejubeat.
1391 4061 1693 4118 Phasaelus
1736 4071 1919 4116 autem
1961 4076 2085 4117 cum

502 4151 864 4208 intellexisset
891 4151 1282 4223 sejugulatum
1336 4151 1425 4217 iri,
1469 4151 1599 4222 quia
1642 4168 1836 4207 manus
1879 4153 1935 4207 in
1970 4154 2091 4209 vin-

500 4243 642 4299 culis
671 4253 849 4310 erant,
875 4245 1054 4314 capite
1079 4258 1209 4298 saxo
1239 4244 1384 4298 illiso
1418 4259 1609 4299 necem
1640 4245 1743 4298 sibi
1788 4246 2083 4312 conscivit,

500 4343 771 4404 praerepta
798 4333 943 4388 hosti
980 4333 1266 4388 occidendi
1289 4334 1594 4404 voluptate.
1625 4335 1731 4391 Sed
1761 4351 1888 4391 cum
1919 4337 2088 4407 paulo

499 4431 631 4476 ante
659 4437 823 4492 quam
857 4424 1188 4494 exspiraret,
1243 4423 1516 4481 Herodem
1573 4427 1798 4484 fratrem
1834 4445 1865 4484 e
1912 4431 2090 4486 mani-

500 4519 606 4574 bus
635 4519 877 4574 hostium
907 4521 1150 4577 evasisse
1185 4523 1512 4589 audivisset,
1543 4525 1792 4580 hilariter
1824 4541 1909 4581 εει
1938 4543 2090 4583 mor-

502 4619 653 4675 tuus,
697 4611 877 4665 ultore
905 4622 962 4666 et
1001 4612 1222 4668 vindice
1261 4615 1478 4670 relicto.
1521 4614 1772 4672 Herodes
1800 4628 1982 4674 autem
2018 4619 2086 4675 ad

500 4704 774 4758 Malchum
799 4704 1016 4760 Arabiae
1055 4721 1238 4775 regem
1293 4707 1646 4776 properabat,
1673 4725 1775 4764 suo
1812 4710 2087 4767 beneficio

499 4791 846 4860 devinctum,
894 4803 956 4848 ut
1000 4794 1070 4849 ab
1117 4810 1184 4849 eo
1235 4796 1526 4864 pecuniam
1577 4797 1642 4852 ad
1699 4799 2086 4854 redimendum

2187 3786 2474 3854 Ἰουδαίαν,
2517 3784 2786 3856 Ὑρκανὸν
2820 3783 2914 3837 καὶ
2937 3782 3224 3850 Φασάηλον
3255 3777 3547 3848 δεσμώτας
3575 3791 3761 3845 παρα-

2186 3879 2476 3949 λαμϐάνει.
2508 3877 2848 3946 Φοϐούμενος
2879 3875 2936 3928 δὲ
2967 3873 3058 3926 τὸν
3096 3869 3386 3944 Ὑρκανὸν,
3424 3871 3500 3941 μὴ
3532 3869 3594 3922 τὸ
3625 3867 3768 3936 πλῆ-

2187 3971 2278 4034 θος
2315 3970 2464 4039 αὑτῷ
2497 3970 2597 4040 τὴν
2631 3967 2912 4038 βασιλείαν
2959 3963 3416 4034 ἀποκαταστήσῃ,
3466 3959 3770 4030 ἀποτέμνει

2188 4061 2355 4118 αὐτοῦ
2385 4061 2455 4115 τά
2491 4055 2628 4125 ὦτα,
2668 4058 2762 4113 τοῦ
2796 4057 2963 4129 νόμου
2994 4057 3123 4118 τοὺς
3156 4053 3411 4126 ἱερᾶσθαι
3470 4049 3770 4122 μέλλοντας

2188 4153 2517 4223 ὁλοκλήρους
2572 4148 2711 4205 εἶναι
2758 4148 3096 4213 κελεύοντος.
3129 4145 3415 4217 Φασάηλος
3467 4143 3548 4208 δὲ,
3599 4141 3770 4211 γνοὺς

2189 4246 2382 4299 ἐαυτὸν
2411 4244 2676 4314 μέλλοντα
2721 4238 3080 4310 σφάττεσθαι,
3119 4236 3248 4291 ἐπεὶ⁵
3308 4234 3409 4297 τάς
3463 4235 3654 4305 χεῖρας
3683 4231 3770 4284 δε-

2189 4337 2451 4407 δέσμητο,
2507 4333 2688 4404 πέτρᾳ
2745 4330 3104 4401 προσαράξας
3134 4329 3233 4400 τὴν
3271 4324 3542 4396 κεφαλὴν,
3574 4322 3771 4375 ἑαυτὸν

2189 4427 2428 4496 ἐξήγαγε
2455 4425 2550 4478 τοῦ
2575 4424 2714 4496 βίου,
2763 4425 2862 4494 τὴν
2892 4423 2936 4476 δ’
2977 4425 3041 4476 ὲκ
3077 4421 3170 4475 τοῦ
3203 4421 3413 4474 κτεῖναι
3445 4415 3611 4472 αὐτὸν
3641 4415 3770 4485 ήδοο

2187 4519 2284 4590 νην
2317 4517 2585 4588 ἐστέρησε
2641 4517 2733 4571 τὸν
2791 4515 3076 4585 πολέμιον.
3133 4512 3248 4583 Πρὸ
3281 4511 3337 4565 δέ
3387 4526 3452 4578 γε
3483 4507 3580 4562 τοῦ
3623 4506 3770 4561 πάνυ

2186 4612 2434 4665 ἐκλιπεῖν
2469 4609 2732 4676 ἀκούσας,
2768 4609 2844 4674 ώς
2869 4609 3054 4680 διέδρα
3083 4608 3211 4670 τοὺς
3252 4603 3546 4674 πολεμίους
3588 4599 3773 4672 Ἡρώη

2186 4704 2283 4774 δης
2310 4704 2337 4756 6
2362 4702 2614 4773 ἀδελφὸς,
2652 4700 2909 4773 εὐθύμως
2952 4698 3216 4766 ἀπέθανε,
3268 4692 3593 4749 καταλιπὼν
3625 4690 3774 4744 ἐκδι-

2187 4795 2362 4867 κητὴν
2393 4797 2488 4850 καὶ
2522 4794 2631 4848 τῶν
2657 4793 2871 4864 ἐχθρῶν
2921 4790 3192 4862 τιμωρόν.
3261 4785 3510 4859 Ἡρώδης
3533 4783 3590 4838 δέ
3629 4781 3770 4852 πρὸς

501 4885 727 4939 fratrem
757 4885 1057 4955 acciperet.
1077 4901 1240 4955 quem
1267 4896 1548 4942 mortuum
1575 4903 1696 4944 esse
1725 4889 1907 4946 adhuc
1936 4890 2078 4960 igno-

2187 4888 2411 4956 Μάλχον
2432 4884 2542 4940 τῶν
2587 4885 2839 4952 Ἀράϐων
2901 4881 3132 4939 ἔσπευδε
3181 4877 3434 4950 βασιλέα,
3471 4876 3771 4943 εὐεργετη-

503 4976 685 5030 rabat.
719 4975 825 5033 Sed
860 4964 1265 5035 cumMalchus
1297 4979 1346 5034 ei
1378 4979 1785 5043 denuntiasset.
1831 4997 1900 5036 ne
1931 4983 2078 5037 veni-

2190 4977 2352 5030 θέντα
2383 4976 2621 5046 πρόσθεν
2650 4976 2742 5029 ὑπ’
2772 4972 2966 5036 αὑτοῦ,
2993 4971 3068 5042 ὡς
3094 4970 3228 5042 παρ’
3259 4967 3425 5023 αὐτοῦ
3461 4965 3771 5035 ληψόμενος

501 5079 608 5135 ret,
638 5069 742 5125 sibi
770 5070 914 5124 enim
949 5069 1304 5126 interdictum
1337 5087 1458 5128 esse
1495 5088 1524 5126 a
1557 5073 1774 5127 Parthis
1833 5090 1900 5127 ne
1932 5074 2078 5128 illum

2191 5070 2452 5140 χρήματα
2475 5071 2553 5132 εἰς
2596 5067 2789 5136 λύτρον
2844 5063 2940 5118 τοῦ
2978 5062 3230 5130 ἀδελφοῦ.
3270 5061 3438 5115 Ούπω
3465 5058 3576 5128 γὰρ
3598 5052 3666 5126 ἦν
3700 5055 3771 5108 τά

502 5161 777 5229 reciperet
805 5177 818 5213 :
849 5161 1132 5230 respondit
1155 5177 1212 5217 se
1239 5178 1348 5217 non
1379 5162 1570 5218 adesse
1604 5171 1664 5218 ut
1696 5165 1747 5218 ei
1781 5165 2078 5218 molestiam

2196 5158 2317 5211 κατ’
2344 5161 2552 5211 ἐκεῖνον
2589 5156 2796 5228 μαθών.
2865 5153 3252 5222 Ἀγγείλαντος
3299 5150 3356 5203 δὲ
3407 5147 3500 5202 τοῦ
3547 5145 3771 5214 Μάλχου

501 5258 742 5317 pareret,
771 5249 866 5304 sed
901 5260 961 5304 ut
990 5250 1059 5304 de
1097 5251 1263 5306 rebus
1295 5252 1530 5306 maxime
1558 5254 1890 5308 necessariis
1927 5255 2078 5309 collo!

2203 5247 2358 5318 αὐτῷ
2407 5247 2497 5301 διά
2554 5264 2719 5300 τινων
2763 5245 3092 5315 ἀναχωρεῖν,
3117 5241 3191 5304 ὡς
3227 5239 3336 5292 τῶν
3363 5235 3598 5307 Πάρθων
3628 5250 3774 5304 παρ-

500 5353 786 5409 queretur.
832 5340 928 5395 llis
976 5342 1161 5405 dictis,
1194 5342 1248 5396 in
1284 5342 1578 5413 .lEgyptum
1612 5345 1768 5398 abiit.
1819 5343 1999 5414 Atque
2033 5345 2078 5398 in

2193 5338 2563 5408 ἀγγειλάντων
2615 5339 2690 5408 μὴ
2739 5337 2996 5406 δέχεσθαι
3052 5334 3238 5400 αὐτὸν,
3294 5331 3630 5402 ἀπεκρίνατο
3663 5346 3775 5398 μη.

501 5446 567 5483 (ιο
598 5431 819 5493 itinere,
847 5431 1127 5500 quomodo
1163 5447 1288 5486 cum
1317 5435 1486 5488 fratre
1518 5433 1675 5504 231
1706 5442 1888 5489 actum
1920 5444 2078 5501 esset,

2190 5433 2280 5485 δὲν
2338 5432 2645 5502 ἐνοχλήσων
2707 5432 2886 5501 ἥκειν,
2943 5428 3325 5495 διαλεξόμενος
3361 5426 3419 5479 δὲ
3477 5424 3606 5494 περὶ
3662 5421 3775 5475 τῶν

503 5524 783 5591 cognovit.
830 5522 969 5578 Cum
1019 5529 1204 5580 autem
1259 5524 1508 5580 Malchus
1559 5535 1768 5581 mutata
1811 5526 2078 5582 sententia

2191 5525 2664 5592 ἀναγκαιοτάτων.
2698 5524 2810 5577 Καὶ
2863 5521 3041 5576 ταῦτα
3095 5518 3289 5586 εἰπὼν,
3327 5518 3493 5589 ἀπῄει
3527 5515 3638 5587 (Η)
3685 5512 3778 5566 ἐπ’

1696 5677 1898 5739 Varia;
1931 5678 2242 5742 lectiones
2281 5684 2343 5740 et
2377 5684 2572 5739 notas.

576 5789 686 5863 (40)
718 5791 1249 5866 Βινρζαφαρμὰνης.
1290 5797 1582 5870 Iosephus,
1623 5799 2048 5871 Βαρζαφάρνης.

2273 5799 2384 5870 (-ll)
2410 5799 2518 5853 Kal
2555 5797 2741 5854 ταῦτα
2768 5797 2975 5864 εἰπὼν,
3004 5793 3204 5866 ἀπῄει.
3243 5793 3345 5851 Ms.
3370 5792 3466 5848 καὶ
3493 5791 3553 5855 ὃς
3581 5787 3776 5861 ἀπῄειο
