4074 6402
364 406 471 472 413

1634 412 2045 477 ANNALIUM
2086 416 2234 478 LIB.
2274 419 2344 480 ν.

3523 414 3630 481 414

366 525 667 590 Αἴγυπτον,
699 543 794 581 και
824 525 1001 581 ἀπιὼν
1025 524 1096 581 τὰ
1124 525 1267 581 κατά
1317 524 1411 579 τὸν
1446 526 1676 597 ἀδελφὸν
1716 528 1943 599 ἢκουσε.

2062 529 2316 596 misisset,
2348 546 2443 603 qu.
2489 530 2764 586 Herodem
2815 529 2922 585 iter
2959 538 3283 586 convertere
3322 531 3628 602 juberent:

365 617 577 690 Μάλχῳ
611 619 669 676 δὲ
707 619 1068 692 μετεμέλησε,
1106 619 1203 674 καὶ
1247 617 1456 672 ἔστειλε
1513 620 1641 682 τοὺς
1691 619 1953 690 ἀναστρέ-

364 709 572 779 ψαντας
600 708 695 763 τὸν
736 707 1005 783 Ἡρώδην.
1058 708 1116 763 ’0
1145 709 1203 764 δὲ
1258 709 1601 782 πορρωτάτω
1621 704 1712 782 ἦν,
1743 712 1840 764 καὶ
1868 692 1961 772 είς⁴

365 803 644 871 Αἴγυπτον
676 802 998 873 καταχθεὶς,
1054 800 1314 855 κάκεῖθεν
1358 803 1440 865 είς
1484 800 1705 873 Ῥώμην
1749 801 1949 871 ἀφικό-

372 913 554 968 μενος,
602 893 876 966 Ἀντωνίῳ
907 894 1200 967 φράζειτά
1243 893 1395 965 αὐτῷ
1428 895 1525 949 καὶ
1568 894 1648 965 τῷ
1680 893 1953 963 Φασαήλῳ

371 988 784 1061 συμϐεϐηκότα,
838 989 933 1042 καὶ
967 987 1043 1052 ὼς
1107 987 1414 1058 Ἀντίγονος
1468 987 1573 1041 ὑπὸ
1608 987 1840 1058 Πάρθων
1869 987 1952 1050 είς

371 1081 471 1154 τὴν
503 1081 788 1152 βασιλείαν
847 1081 1098 1152 εἰσήχθη,
1147 1081 1452 1154 χρημάτων
1499 1083 1796 1153 ὑποσχέσει
1854 1079 1954 1134 καὶ

372 1175 675 1244 γυναικῶν,
712 1173 808 1230 καὶ
861 1174 1032 1229 τᾶλλα
1093 1174 1196 1231 ὅσα
1235 1172 1432 1244 έδρασέ
1485 1191 1546 1227 τε
1581 1173 1678 1227 καὶ
1724 1171 1951 1229 ἔπαθεν.

385 1267 673 1322 Ἀντώνιον
714 1268 771 1322 δὲ
805 1264 990 1332 οἶκτος
1015 1267 1335 1339 εἰσέρχεται
1357 1268 1456 1338 τῆς
1501 1266 1747 1340 Ἡρώδου
1782 1283 1951 1343 μετα-

372 1361 556 1431 60151;.
609 1360 718 1414 Καὶ
751 1361 967 1432 Καῖσαρ
1005 1359 1093 1415 διά
1138 1377 1197 1413 τε
1255 1359 1410 1426 ἄλλα,
1449 1360 1545 1413 καὶ
1591 1358 1953 1431 χαριζόμενος

373 1452 644 1524 Ἀντωνίῳ
680 1451 776 1507 τοῦ
825 1450 1068 1523 Ἡρώδου
1099 1452 1526 1523 ὑπεραλγοῦν-τι,
1577 1452 1717 1523 πρὸς
1758 1467 1955 1521 συνερ-

373 1545 499 1613 γίαν
527 1543 876 1614 ἑτοιμότερος
896 1539 987 1615 ἦν.
1019 1543 1528 1615 Παραστησάμενος
1555 1541 1651 1597 οὖν
1683 1544 1751 1614 τῇ
1787 1540 1951 1614 βουλῇ

370 1635 468 1689 τὸν
505 1633 775 1705 Ἡρώδην,
821 1634 922 1697 τάς
954 1650 1015 1689 τε
1049 1632 1146 1691 τοῦ
1200 1634 1411 1704 πατρὸς
1452 1631 1623 1686 αὐτοῦ
1669 1632 1954 1704 διεξῄεσαν

372 1724 716 1795 εὐεργεσίας,
746 1726 843 1777 καὶ
867 1724 968 1793 τὴν
1024 1722 1190 1777 αὐτοῦ
1240 1724 1379 1796 πρὸς
1417 1723 1729 1795 Ῥωμαίους
1763 1723 1954 1792 ἔλεγον

2054 622 2148 679 ille
2166 622 2278 694 jam
2320 622 2638 694 longissime
2672 621 2904 688 abierat,
2933 631 2990 699 et
3026 637 3092 677 ex
3131 621 3365 694 Egypto
3401 622 3631 679 Romam

2054 714 2357 784 profectus,
2392 730 2524 771 suos
2549 724 2606 771 et
2628 714 2879 770 Phasaeli
2910 729 3076 771 casus
3109 713 3353 769 Antonio
3380 716 3630 786 exponit,

2052 815 2110 860 et
2141 815 2200 860 ut
2226 805 2536 876 Antigonus
2562 820 2594 860 a
2620 804 2845 859 Parthis
2876 805 2933 860 in
2963 815 3192 874 regnum
3231 804 3538 860 collocatus
3562 810 3636 859 sit

2052 894 2415 964 pecuniarum
2443 903 2501 950 et
2529 894 2823 949 mulierum
2853 895 3130 964 pactione,
3168 901 3476 963 caeteraque
3511 911 3635 964 quae

2055 983 2173 1054 ipse
2204 994 2320 1038 tum
2352 984 2598 1049 fecisset,
2633 992 2747 1039 tum
2792 999 3089 1055 perpessus
3126 993 3297 1041 esset.
3333 985 3513 1040 Motus
3549 994 3635 1040 est

2054 1073 2126 1128 ob
2152 1088 2274 1129 eam
2309 1072 2545 1130 fortunae
2590 1071 3085 1129 commutationem
3125 1069 3364 1126 Herodis
3413 1070 3635 1125 miseri-

2054 1168 2244 1223 cordia
2276 1166 2569 1223 Antonius.
2587 1165 2771 1223 Caesar
2794 1179 3015 1236 quoque
3051 1173 3167 1219 tum
3202 1162 3274 1217 ob
3290 1161 3550 1226 alia,tum
3579 1160 3635 1214 in

2052 1260 2276 1315 Antonii
2315 1260 2544 1331 gratiam
2582 1273 2770 1315 casum
2804 1255 3045 1312 Herodis
3079 1266 3345 1324 perquam
3383 1251 3639 1306 dolenter

2055 1349 2300 1413 ferentis,
2360 1347 2594 1404 alacrior
2632 1346 2812 1403 factus
2861 1343 2929 1400 ad
2979 1340 3431 1414 suffragandum.~
3463 1341 3638 1411 Igitur

2054 1442 2274 1499 Herode
2307 1442 2363 1497 in
2391 1448 2646 1497 senatum
2683 1439 2943 1505 adducto,
2985 1444 3214 1508 paterna
3245 1433 3538 1499 beneficia,
3582 1443 3640 1489 et

2056 1537 2230 1608 ipsius
2281 1551 2412 1606 erga
2460 1534 2738 1589 Romanos
2788 1529 3235 1586 benevolentiam
3294 1540 3638 1582 commemo-

2056 1639 2199 1685 rant.
2231 1630 2567 1698 Antigonum
2588 1641 2724 1682 vero
2756 1634 2819 1680 ut
2848 1623 3066 1678 hostem
3098 1629 3383 1684 accusant,
3417 1634 3542 1674 cum
3567 1618 3640 1672 ob

2057 1720 2184 1787 alia,
2220 1729 2333 1775 tum
2371 1717 2520 1789 quod
2558 1714 2836 1786 despectis
2867 1711 3134 1768 Romanis
3160 1725 3389 1782 regnum
3425 1723 3455 1762 a
3503 1708 3641 1762 Par-

374 1814 610 1869 εὔνοιαν.
648 1814 1008 1885 Κατηγόρουν
1046 1814 1104 1869 δὲ
1149 1813 1490 1882 Ἀντιγόνου,
1544 1814 1642 1869 καὶ
1690 1812 1954 1882 πολέμιον

2062 1813 2169 1869 this
2192 1812 2497 1883 accepisset
2529 1825 2543 1862 :
2590 1807 2830 1865 Antonio
2870 1805 3002 1860 illud
3038 1803 3207 1860 etiam
3254 1799 3572 1872 adjiciente,
3608 1814 3641 1854 e

372 1905 656 1976 ώόμαζον
682 1906 778 1960 καὶ
814 1906 1038 1961 ἄλλοθεν
1088 1906 1208 1977 μὲν,
1248 1906 1345 1961 καὶ
1396 1906 1479 1960 ὅτι
1534 1905 1690 1976 παρά
1719 1906 1953 1977 Πάρθων

2062 1922 2119 1964 re
2170 1904 2391 1977 publica
2445 1917 2587 1969 esse,
2653 1899 2726 1956 ob
2761 1897 3076 1954 Parthicum
3103 1894 3336 1960 bellum,
3365 1889 3641 1946 llerodcm
3744 1966 3751 1970 .

375 1997 536 2052 ἔλαϐε
566 1998 664 2069 τὴν
694 1998 891 2069 ἀρχὴν,
922 1999 1050 2061 τοὺς
1091 1997 1395 2066 Ῥωμαίους
1415 1994 1711 2068 ὑπεριδών.
1744 1997 1953 2067 Προσε-

376 2092 520 2161 πῆγε
548 2089 605 2145 δὲ
637 2092 666 2144 ὁ
706 2089 995 2154 Ἀντώνιος
1044 2090 1128 2144 ὅτι
1158 2090 1254 2147 καὶ
1285 2090 1422 2161 πρὸς
1443 2090 1534 2144 τὸν
1557 2089 1701 2144 κατά
1725 2090 1956 2162 Πάρθων

376 2183 618 2252 πόλεμον
661 2181 908 2252 Ἡρώδην
942 2180 1256 2253 βασιλεύειν
1299 2181 1597 2252 συμφέρει.
1648 2181 1763 2235 Καὶ
1796 2180 1958 2247 δόξαν

378 2276 532 2339 πᾶσι,
562 2274 723 2328 τοῦτο
758 2274 1111 2351 ψηφίζονται.
1144 2275 1304 2345 Καὶὸ
1344 2275 1443 2346 μὲν
1479 2272 1625 2327 οὕτω
1664 2274 1763 2347 τὴν
1799 2273 1957 2344 βασι-

376 2367 530 2421 λείαν
561 2366 774 2438 είλήφει
799 2382 815 2400 ο
857 2365 1171 2433 Ἀντίγονος
1219 2367 1277 2424 δὲ
1330 2366 1431 2433 τὴν
1473 2364 1741 2421 Μασάδαν
1782 2366 1958 2419 διό)ου

378 2459 713 2529 ὲπολόρκει.
739 2459 801 2514 Oi
834 2458 893 2513 δὲ
920 2458 1073 2521 ὲντδς
1107 2458 1282 2530 αὐτῆς
1311 2458 1606 2524 ἐσπάνιζον
1630 2458 1844 2524 ὕδατος,
1884 2459 1961 2523 ὠς

378 2554 475 2607 καὶ
506 2553 597 2607 τὸν
621 2552 849 2622 ἀδελφὸν
894 2552 1134 2624 Ἡρώδου
1157 2552 1249 2605 τὸν
1270 2551 1474 2625 Ἰωσὴφ
1506 2552 1808 2620 ἀποδράναι
1839 2551 1963 2623 βου-

378 2646 634 2701 λεύεσθαι
676 2647 774 2700 σὺν
816 2645 1117 2709 διακοσίοις
1172 2646 1312 2717 πρδς
1349 2644 1623 2716 Ἄραϐας,
1676 2644 1796 2701 ἀλλ’
1830 2646 1963 2698 ὲπε-

381 2739 571 2811 σχέθη,
612 2739 808 2818 νυκτὸς
830 2738 1129 2808 γενομένου
1159 2736 1343 2792 ὑετοῦ.
1376 2737 1645 2800 Βενδίδιος
1670 2737 1726 2791 δὲ
1758 2739 1786 2791 ό
1831 2738 1963 2794 Ῥω-

384 2834 561 2907 μαίων
580 2830 889 2903 στρατηγὺς
911 2829 1179 2899 πεμφθεὶς
1204 2830 1269 2883 ὲκ
1287 2828 1492 2901 Συρίας
1509 2828 1758 2900 Πάρθους
1780 2828 1900 2881 ἁνεί
1907 2846 1966 2899 ρ-

379 2942 501 2993 γειν
534 2922 669 2994 (42),
707 2924 787 2986 είς
809 2920 1074 2976 Ἰουδαίαν
1096 2920 1434 2993 παρέϐαλεν,
1467 2920 1550 2984 ὡς
1580 2923 1963 2993 συμμαχήσων

380 3015 542 3087 δῆθεν
564 3017 676 3080 τοῖς
711 3012 1217 3084 πολιορκουμένοις,
1242 3012 1305 3066 τὸ
1333 3013 1379 3066 δ’
1407 3012 1530 3067 ὅλον
1560 3012 1636 3074 ώς
1667 3012 1820 3084 παρά
1841 3012 1965 3064 Ἀν-

380 3109 580 3179 τιγόνῳ
611 3105 1120 3178 χρηματισάμενος.
1172 3103 1231 3158 Ὀ
1288 3105 1390 3174 μὲν
1423 3099 1540 3171 οὖν,
1573 3101 1872 3176 πληρώσας
1902 3102 1965 3156 τὸ

2056 2013 2244 2057 rerum
2277 1995 2465 2069 potiri.
2494 1994 2608 2050 [lac
2633 1989 2909 2050 sententia
2932 1988 3003 2043 ab
3029 1986 3288 2044 omnibus
3316 1982 3643 2055 approbata,

2058 2107 2289 2163 regnum
2325 2087 2529 2145 llerodi
2569 2084 2894 2144 decernitur
2929 2098 2945 2137 :
2975 2079 3248 2152 Antigono
3279 2076 3490 2133 interea
3519 2075 3644 2129 Ma-

2058 2181 2246 2249 sadam
2293 2179 2643 2235 continenter
2679 2173 2989 2230 obsidente.
3043 2169 3316 2226 Obsessos
3353 2180 3492 2235 aqua
3533 2164 3644 2234 jam

2060 2272 2378 2329 defecerat:
2413 2279 2469 2326 et
2513 2267 2788 2338 Josephus
2818 2262 3057 2320 Herodis
3093 2261 3265 2317 frater
3308 2275 3432 2315 cum
3482 2273 3546 2312 cc
3576 2256 3647 2310 ad

2059 2365 2271 2422 Arabes
2303 2363 2568 2435 aufugero
2611 2361 2964 2424 decreverat,
3016 2355 3113 2411 sed
3153 2362 3429 2412 nocturna
3461 2348 3648 2422 pluvia

2062 2459 2357 2516 consilium
2394 2456 2447 2511 id
2493 2453 2775 2509 discussit.
2822 2448 3116 2505 Ventidius
3160 2460 3328 2519 porro
3363 2451 3568 2514 praetor
3616 2456 3647 2497 a

2061 2551 2327 2610 Romanis
2369 2548 2570 2605 missus
2623 2544 2691 2600 ad
2743 2542 2978 2599 Parthos
3023 2538 3182 2610 Syria
3232 2532 3542 2607 pellendos,
3589 2532 3649 2588 in

2061 2645 2305 2704 Iudaeam
2334 2641 2493 2707 abiit,
2531 2654 2628 2711 per
2657 2635 2896 2707 speciem
2932 2627 3174 2686 obsessis
3202 2623 3529 2688 auxiliandi,
3561 2638 3651 2677 re-

2062 2755 2196 2796 vera
2236 2746 2299 2792 ut
2340 2736 2408 2791 ab
2449 2732 2724 2803 Antigono
2769 2723 3061 2798 pecuniam
3105 2726 3375 2791 caperet:
3422 2731 3489 2772 ac
3533 2712 3649 2769 voti

2064 2846 2292 2904 compos
2343 2829 2541 2890 factus,
2594 2820 2844 2887 recessit,
2897 2817 3086 2873 Silone
3118 2828 3245 2870 cum
3280 2819 3434 2882 parte
3465 2805 3652 2877 copia-

2064 2900 2432 2984 rum—relicto,
2476 2934 2548 2974 ne
2579 2915 2801 2987 largitio
2828 2908 3360 2983 deprehenderetur.
3403 2900 3653 2957 Herodes

2065 3029 2219 3077 vero,
2248 3027 2315 3068 ex
2359 3009 2515 3066 Italia
2555 3001 2955 3063 Ptolemaidem
3009 3004 3377 3060 transvectus,
3418 2991 3653 3048 collecto

2067 3103 2338 3169 exercitu,
2377 3108 2571 3156 contra
2604 3096 2943 3168 Antigonum
2992 3091 3223 3155 ducens,
3264 3086 3445 3142 obiter
3476 3082 3654 3151 Joppe

385 3176 662 3274 βουλημα,
704 3196 1027 3269 ἀνεχώρησε
1049 3212 1067 3229 ·
1108 3195 1319 3250 Σίλωνα
1350 3197 1408 3251 δὲ
1464 3195 1606 3266 μετὰ
1632 3196 1835 3267 μέρους
1865 3195 1960 3266 τῆς

2068 3203 2262 3269 capta,
2314 3208 2386 3249 ne
2438 3205 2547 3260 qua
2603 3185 2862 3243 hostibus
2908 3179 3149 3237 munitio
3216 3176 3653 3245 relinqueretur,

385 3296 648 3367 στρατιᾶς
676 3291 1090 3359 καταλέλοιπεν,
1141 3290 1229 3345 ἵνα
1282 3288 1360 3361 μὴ
1384 3288 1616 3360 γένηται
1655 3287 1717 3342 τὸ
1767 3288 1968 3359 λῆμμα

383 3389 714 3459 κατάφωρον
735 3401 750 3417 °
798 3385 1045 3456 Ἡρώδης
1068 3383 1151 3449 δὲ,
1183 3384 1248 3436 ὲκ
1274 3381 1378 3452 τῆς
1403 3380 1640 3443 Ἰταλίας
1661 3381 1743 3444 είς
1767 3380 1970 3435 Πτολε-

387 3482 554 3554 μαΐδα
584 3476 1083 3541 καταπεπλευκὼς,
1107 3476 1343 3547 ἦλαυνεν
1377 3475 1466 3528 ἐπ’
1494 3474 1828 3545 Ἀντίγονον,
1870 3473 1966 3528 δύ-

383 3590 552 3649 ναμιν
591 3571 876 3643 ἀθροίσας.
922 3567 1090 3622 Ἐλὼν
1120 3567 1166 3621 δ’
1201 3568 1259 3620 ὲν
1280 3565 1359 3636 τῷ
1388 3566 1540 3638 μέσῳ
1573 3566 1674 3637 τὴν
1696 3564 1965 3634 Ἰώετπην,

386 3666 475 3721 ἵνα
508 3665 676 3737 μηδὲν
715 3662 801 3733 εῐη
827 3663 940 3725 τοῖς
977 3659 1195 3731 ἐχθροῖς
1217 3658 1422 3729 ἔρυμα,
1448 3657 1708 3715 ἔσπευδεν
1737 3660 1819 3723 είς
1838 3660 1964 3715 Ma-

386 3758 574 3824 σᾶδαν,
600 3756 730 3820 τοὺς
753 3754 989 3818 οἰκείους
1015 3751 1317 3825 ῥυσόμενος
1337 3768 1351 3782 ·
1382 3749 1477 3807 καὶ
1510 3749 1738 3813 τούτους
1764 3750 1968 3805 ἀναλα-

386 3849 521 3917 ϐὼν,
559 3849 698 3921 πρὸς
729 3848 799 3905 τὰ
855 3843 1211 3916 Ἱεροσόλυμα
1258 3841 1649 3913 παραγίνεται.
1704 3842 1880 3912 Συνῆν
1912 3842 1971 3896 δὲ

388 3942 540 4014 αὐτῷ
570 3942 669 4001 καὶ
700 3939 763 3994 τὸ
791 3938 932 4015 μετὰ
959 3936 1193 3999 Σίλωνος
1219 3933 1637 4008 στρατιωτικὸν,
1684 3935 1781 3989 καὶ
1811 3934 1971 3998 ὲκτὺς

391 4032 963 4108 ἐστρατοπεδεύσαντο
988 4046 1003 4061 ·
1024 4030 1074 4084 oi
1104 4028 1151 4083 δ’
1178 4028 1329 4093 ὲντδς
1355 4029 1465 4082 ἀπὸ
1490 4026 1588 4081 τοῦ
1617 4027 1836 4096 τείχους
1865 4044 1973 4098 μα-

388 4129 636 4201 χόμενοι,
668 4127 924 4197 ἀνεῖργον
955 4123 1156 4186 αὐτοὺς
1188 4120 1299 4176 ἀπὸ
1352 4120 1463 4177 τῶν
1517 4120 1770 4192 πύργων.
1808 4120 1921 4175 Καὶ
1943 4120 1973 4173 ὁ

388 4223 561 4281 Σίλων
588 4220 646 4273 δὲ
678 4218 790 4272 τῶν
824 4216 1048 4273 οἰκείων
1098 4212 1453 4286 στρατιωτῶν
1496 4229 1659 4275 τινας
1688 4210 1973 4284 καταόοᾷν

387 4310 486 4365 τοῦ
531 4308 772 4380 Ἡρώδου
824 4307 1050 4379 ἐποίησε
1111 4303 1200 4358 διὰ
1243 4303 1444 4357 σπάνιν
1470 4301 1581 4357 τῶν
1626 4300 1970 4371 ἀναγκαίων,

2069 3266 2345 3344 llasadam
2392 3282 2461 3338 ad
2494 3294 2626 3336 suos
2658 3274 2921 3332 tutandos
2946 3268 3300 3344 properabat.
3341 3266 3526 3334 lisque
3563 3277 3654 3316 re-

2069 3381 2264 3452 ceptis,
2304 3375 2580 3449 adjunctis
2623 3371 2789 3426 etiam
2841 3366 3048 3424 Silonis
3095 3360 3442 3421 cohortibus,
3496 3364 3657 3410 extra

2069 3446 2452 3540 Hierosolyma
2486 3467 2936 3521 castrametatur.
2981 3457 3056 3512 lis
3085 3462 3268 3510 autem
3299 3450 3392 3520 qui
3421 3450 3477 3504 in
3516 3446 3657 3503 urbe

2068 3574 2249 3625 erant,
2280 3537 2348 3616 es
2387 3551 2813 3629 prepugnaculis
2854 3549 3045 3605 hostes
3092 3541 3434 3604 arcentibus,
3486 3537 3656 3592 etiam

2070 3656 2186 3714 Silo
2219 3650 2488 3725 quosdam
2519 3665 2550 3703 e
2581 3647 2698 3703 suis
2731 3640 3074 3702 subornavit,
3106 3644 3169 3692 ut
3205 3634 3278 3689 ob
3316 3638 3658 3688 commeatus

2071 3750 2361 3824 penuriam
2394 3753 2590 3801 contra
2630 3738 2905 3797 Herodem
2940 3731 3400 3813 vociferarentur,
3452 3732 3661 3779 castra-

2072 3816 2180 3918 que
2229 3843 2405 3899 movit
2458 3848 2717 3908 tanquam
2786 3843 3135 3887 recessurus.
3169 3824 3229 3880 ld
3268 3838 3336 3878 eo
3398 3816 3657 3880 faciebat,

2072 3908 2220 4009 quod
2252 3935 2590 4006 Antigonum
2629 3927 2701 3983 oh
2735 3923 3084 3997 largitionem
3116 3915 3498 3974 reverehatur.
3546 3908 3660 3964 He-

2074 4027 2238 4083 rodes
2261 4039 2396 4079 vero
2429 4020 2616 4077 abillo
2646 4017 2826 4088 petiit,
2866 4024 2929 4069 ut
2962 4019 3235 4074 maneret,
3295 4014 3353 4062 et
3383 4015 3661 4059 commea-

2074 4127 2165 4172 tus
2191 4115 2405 4186 copiam
2435 4109 2643 4174 attulit,
2678 4122 2748 4162 ne
2800 4118 2909 4175 qua
2965 4099 3140 4156 Siloni
3175 4110 3341 4154 causa
3377 4093 3661 4148 discessus

2075 4185 2508 4276 relinqueretur.
2569 4198 2731 4271 232
2774 4195 2915 4252 Cum
2958 4190 3227 4248 exercitui
3271 4185 3491 4246 abunde
3538 4197 3663 4253 pro-

2076 4273 2324 4372 spectum
2356 4302 2526 4361 esset,
2556 4300 2733 4347 matre
2763 4286 3087 4356 ueterisque
3113 4277 3441 4355 necessariis
3475 4273 3665 4332 Sama-

390 4406 562 4459 έκίνει
593 4365 656 4459 τε
683 4402 745 4460 τὸ
781 4365 1156 4473 στρατόπεδον
1201 4398 1279 4464 ὡς
1332 4365 1960 4470 ἀναχωρήσωνίταῦτο

2076 4365 2174 4450 rite
2197 4388 2502 4454 collocatis,
2534 4384 2814 4444 Galilaeam
2844 4392 3064 4437 omnem
3106 4372 3211 4431 sibi
3260 4368 3553 4470 adiungit:
3594 4365 3664 4418 iis

389 4497 661 4558 δ’ὲποίει,
691 4458 786 4552 τόν
819 4458 1134 4562 ’Ᾱντίγονον
1156 4458 1387 4561 διάῠτὴν
1429 4458 1764 4561 δωροδοκίαν
1790 4488 1960 4543 αἰδού-

2077 4485 2324 4555 exceptis
2358 4481 2455 4553 qui
2485 4477 2777 4550 speluncas
2807 4470 3079 4533 incolunt,
3116 4464 3359 4534 undique
3385 4458 3564 4515 aeutis
3606 4464 3665 4510 et

2330 4574 2343 4581 -
2533 4571 2544 4581 -
2643 4570 2654 4581 -
2782 4576 2794 4581 -
2844 4580 2849 4581 κ
2918 4561 3161 4581 ,ιη-κιω
3195 4557 3260 4581 ιε,
3293 4549 3663 4581 “nmmum,

397 4549 582 4657 pavos.
619 4549 868 4655 Ἡρώδης
897 4581 956 4637 δὲ
985 4549 1143 4656 ΣΙιξίου
1189 4549 1374 4652 μένειν
1401 4549 1589 4645 αὐτδν,
1615 4549 1711 4631 καὶ
1739 4577 1960 4650 ἐξορμή-

2082 4549 2394 4650 praeruptis
2408 4549 2579 4644 petris
2604 4570 2886 4638 obseptas.
2918 4561 3164 4619 Tandem
3195 4557 3264 4657 iis
3289 4568 3511 4657 quoque
3535 4549 3666 4653 licet

396 4641 495 4740 σας
525 4641 730 4744 πλῆθος
764 4641 1091 4746 ἐπιτηδείων
1121 4641 1404 4744 ἐκόμισεν,
1433 4641 1584 4725 ὥστε.
1612 4641 1810 4741 μηκέτ-ι
1832 4641 1960 4723 ’δὶςός

2083 4641 2378 4724 diliiculter
2410 4641 2652 4735 potitus,
2692 4658 2862 4715 rebus
2918 4654 2992 4710 ibi
3022 4648 3312 4713 ordinatis,
3363 4641 3664 4701 Samariam

392 4737 571 4822 λιπεῖν
605 4737 803 4824 έίλωνι
843 4737 944 4836 τῆς
987 4737 1400 4837 ἀναχωρησεως
1437 4737 1752 4834 πρόφασίν·
1785 4759 1882 4816 καὶ⁵
1922 4761 1960 4812 οἱ

2083 4761 2270 4826 rediit,
2306 4767 2367 4814 ut
2395 4757 2516 4812 acie
2550 4767 2677 4809 cum
2728 4750 3007 4821 Antigono
3054 4745 3402 4800 decerneret.
3450 4737 3665 4792 Interea

397 4859 498 4931 μὲν
523 4861 584 4913 ὲν
614 4856 870 4928 ἀφθόνοις
899 4827 1068 4928 ἦσαν.
1097 4827 1357 4925 ’Ἡρώδης
1408 4827 1498 4920 δὲ,
1520 4827 1960 4922 παραγενόμενος

2080 4856 2291 4912 Pacoro
2352 4849 2408 4905 in
2471 4847 2663 4921 praelia
2711 4858 2876 4910 caeso,
2928 4839 3260 4909 Parthisque
3316 4850 3350 4890 a
3404 4827 3668 4887 Romanis

393 4922 475 5015 είς
503 4922 846 5024 Σαμάρειαν,
875 4922 994 5002 ἐκεῖ
1020 4949 1120 5020 τήν
1167 4922 1229 5000 τε
1260 4922 1474 5017 μητέρα
1507 4945 1604 5001 καὶ
1629 4945 1755 5008 τοὺς
1781 4942 1960 5006 ἄλλους

2080 4943 2405 5019 proﬂigatis,
2429 4938 2723 4997 Ventidius
2746 4933 2953 4993 Herodi
2981 4931 3303 4988 Maehseram
3335 4939 3462 4981 cum
3495 4922 3665 5024 legio-

393 5015 629 5108 οὶκείους
657 5015 948 5101 κατέθετο.
990 5015 1162 5099 Αὐτὸς
1214 5015 1272 5091 δέ
1312 5015 1417 5091 sistit
1434 5034 1731 5093 Γαλιλαίαν
1777 5033 1954 5107 ᾤχετο

2078 5015 2266 5097 nibus,
2291 5032 2496 5090 auxilio
2548 5030 2740 5097 mittit,
2793 5027 2936 5099 apud
2982 5038 3149 5097 quem
3197 5018 3443 5076 Herodes
3496 5015 3668 5069 fratre

394 5139 492 5191 καὶ
528 5104 870 5208 προσάγεται
916 5134 1101 5187 πᾶσαν
1151 5128 1324 5202 αὐτὴν
1381 5127 1523 5199 πλὴν
1581 5128 1691 5181 τῶν
1757 5104 1960 5189 ἑνί-τοϊς

2078 5127 2320 5199 Josepho
2350 5125 2568 5187 relicto,
2622 5119 2849 5176 mandat
2889 5132 2959 5173 ne
2991 5116 3183 5174 Martis
3208 5112 3383 5167 aleam
3413 5104 3667 5177 experia-

397 5195 690 5300 σπηλαίοις
723 5195 735 5205 ’
758 5223 1191 5279 κατοικούντων.
1250 5195 1362 5274 Ἦν
1388 5219 1446 5272 δὲ
1477 5195 1565 5272 ⁷τὰ
1620 5217 1868 5290 σπήλαια
1921 5218 1960 5271 ti

2081 5229 2194 5287 tur,
2209 5195 2365 5273 neve
2394 5230 2518 5271 cum
2551 5211 2819 5267 Machaera
2850 5204 3148 5264 contendat
3181 5219 3195 5256 :
3232 5202 3349 5273 ipse
3378 5197 3446 5252 ad
3497 5195 3669 5248 Anto-

395 5286 547 5392 ὄρεσι
579 5286 758 5392 πάντη
795 5317 1132 5390 ὲξεῤῥωγόσι
1164 5313 1262 5369 καὶ
1291 5313 1524 5385 πέτραις
1551 5286 1757 5379 ὀξείαις
1806 5313 1960 5381 ὲμπε·

2079 5286 2235 5369 nium
2274 5308 2411 5371 abit,
2443 5306 2729 5362 Samosata
2764 5299 2958 5355 urbem
3004 5294 3071 5351 ad
3103 5292 3442 5363 Euphratem
3479 5286 3667 5350 sitam,

399 5376 719 5488 plexdttsva.
746 5376 861 5469 Παλ
883 5376 1092 5468 τούτων
1125 5408 1183 5465 δὲ
1220 5376 1502 5478 δυσχερῶς
1524 5376 1645 5474 μὲν,
1678 5403 1793 5458 ἀλλ’
1830 5376 1960 5474 δμω‹

2082 5409 2515 5474 oppugnantem.
2553 5395 2655 5452 Cui
2688 5408 2813 5450 cum
2844 5387 3357 5462 appropinquasset,
3393 5376 3668 5434 Antonius

396 5481 694 5581 έκράτησε.
724 5504 1091 5575 Καταστήσας
1123 5501 1181 5556 δὲ
1207 5501 1276 5554 τὰ
1307 5498 1501 5555 αὐτόθι
1524 5499 1554 5551 ὁ
1584 5496 1864 5567 βασιλεὺς,
1900 5498 1960 5549 εί.

2082 5493 2389 5552 exercitum
2438 5488 2490 5544 ei
2544 5485 2768 5543 obviam
2817 5481 3032 5547 mittit,
3086 5483 3523 5549 pmsentemque
3553 5483 3668 5522 am-

1585 5651 1784 5715 νει-ἰῶ
1820 5650 2131 5718 lectiones
2162 5655 2225 5713 et
2268 5652 2462 5712 notae.

467 5794 584 5866 με)
618 5791 917 5866 Πεμφθεὶς
962 5785 1603 5866 ἑκΑΣυρίας-ρὰρθους
1649 5786 1960 5858 ἀνείργειν.

2062 5784 2344 5857 mbiguum
2375 5791 2564 5837 utrum
2631 5776 2692 5833 τὸ
2764 5776 2832 5831 ὲκ
2874 5769 3098 5846 Συρίας,
3135 5764 3204 5827 ad
3247 5762 3308 5819 τὸ
3367 5755 3667 5831 τερφθεὶς.

400 5857 652 5923 αιιέἆτδ
676 5857 952 5941 ἀνείργειν
975 5860 1267 5917 referatur.
1300 5857 1389 5913 W.
