4074 6422
440 457 549 523 “5
1706 461 2038 526 JOANNIS
2075 462 2402 525 ZONABIE
3601 461 3710 525 ιιε

441 572 657 642 plexus,
691 571 939 628 Sossiom
971 571 1023 629 ei
1057 573 1387 644 opitulatum
1427 575 1508 631 ire
1533 575 1716 649 jubet.
1751 577 2026 648 Iosephus

2147 575 2757 648 Ξαμᾶρειαθῶρμησεν,
2788 577 2866 641 ὡς
2915 577 3066 650 μάχῃ
3121 576 3526 649 κριθησόμενος
3571 577 3712 648 πρὸς

441 680 579 720 vero
625 665 798 720 frater
824 663 1061 722 Herodis
1103 665 1236 721 dum
1288 665 1706 723 Hieriehuntem
1746 678 2028 738 properat,

2147 669 2475 737 Ἀντίγονον.
2502 669 2594 722 Ἐν
2621 667 2838 734 τούτοις
2869 669 2926 724 δὲ
2952 673 3218 735 πεσόντος
3250 670 3506 740 Πακόρου
3534 671 3592 722 ἐν
3614 687 3714 723 πο⁴

443 757 515 812 ab
543 757 802 827 Antigoni
835 758 1106 815 militibus
1145 758 1201 813 in
1233 761 1506 830 angustiis
1538 769 1826 831 exceptus,
1875 761 2034 819 forti-

2147 761 2301 830 ιέμῳ,
2339 759 2438 814 καὶ
2463 759 2574 814 τῶν
2607 760 2840 830 Πάρθων
2865 763 3191 832 τραπέντων
3228 763 3334 815 ύπδ
3390 762 3711 832 Ῥωμαίων,

445 856 533 901 ter
578 862 830 919 pugnans
876 848 1197 912 occumbit,
1252 851 1405 904 omni
1472 851 1676 904 amisso
1723 852 1974 905 exercitu
2011 866 2028 904 :

2147 851 2340 920 πέμπει
2373 851 2453 923 τῷ
2485 851 2708 925 Ἡρώδη
2731 853 2926 924 βοηθὸν
2958 855 3258 926 Μαχαιρᾶν
3285 855 3382 908 σὺν
3425 854 3657 925 στρατιᾷ
3684 853 3712 904 6

445 939 607 1009 cujus
630 949 796 1010 caput
816 950 1156 1011 amputatum
1181 942 1491 1014 Antigonus
1517 941 1674 996 fratri
1701 940 1850 998 illius
1870 943 2034 1013 quin-

2147 943 2424 1006 Βενδίδιος.
2464 944 2574 996 Καὶ
2617 945 2794 1014 τούτῳ
2833 945 2932 1016 μὲν
2956 947 2986 998 6
3041 946 3294 1016 Ἡρώδης
3323 946 3416 999 τὸν
3481 945 3712 1012 ἀδελφὸν

447 1031 709 1102 quaginta
737 1033 960 1088 talentis
984 1034 1256 1089 vendidit.

2148 1037 2334 1106 Ιωσὴφ
2371 1035 2785 1100 καταλέλοιπεν,
2853 1038 3236 1108 ἐντειλάμενος
3289 1038 3366 1108 μὴ
3418 1036 3712 1090 ἀποκινδυ-

448 1127 652 1195 νεύειν,
710 1129 847 1200 μηδὲ
904 1129 984 1200 τῷ
1019 1128 1281 1201 Μαχαιρᾷ
1317 1130 1714 1202 διαφέρεσθαι·
1769 1130 1937 1194 αὐτὸς
1999 1129 2058 1183 δὲ
2100 1131 2239 1202 πρὸς
2277 1132 2565 1186 Ἀντώνιον
2611 1133 2862 1199 ἔσπευδε,
2934 1135 3335 1206 πολιορκοῦντα
3389 1133 3710 1204 Σαμόσατα,

449 1223 606 1279 πόλιν
625 1224 736 1277 τῶν
764 1226 1265 1296 παρευφρατιδίων.
1325 1225 1414 1290 Ὠς
1452 1227 1509 1280 δέ
1543 1225 1776 1297 ἧγγιζεν
1803 1228 1832 1280 6
1875 1224 2146 1298 Ἡρώδης,
2211 1226 2424 1298 πέμπει
2476 1227 2537 1280 τὸ
2584 1229 2904 1298 στράτευμα
2943 1229 3394 1298 ὑπαντησόμενον
3457 1224 3609 1296 αὐτῷ
3680 1223 3710 1275 6

448 1315 757 1381 Ἀντώνιος,
791 1318 889 1373 καὶ
918 1319 1164 1387 παρόντα
1187 1319 1488 1389 ἠσπάζετο,
1522 1321 1615 1373 καὶ
1678 1319 1891 1388 Σοσσίῳ
1958 1323 2272 1390 συμμαχεῖν
2337 1318 2489 1389 αύτῷ
2531 1319 2844 1373 ἐνετέλλετο
2871 1335 2888 1350 ·
2929 1320 3023 1374 καὶ
3053 1321 3112 1382 ὃς
3156 1320 3216 1373 1:6
3271 1315 3706 1385 κεκελευσμένον

449 1408 711 1480 ἐπλήρου.
739 1411 939 1482 Ἰωσὴφ
988 1410 1046 1465 δέ
1090 1411 1120 1463 6
1169 1410 1402 1479 ἀδελφὸς
1442 1409 1708 1479 Ἡρώδου,
1761 1413 1854 1464 ἐπὶ
1899 1409 2234 1482 Ἱεριχοῦντα
2264 1409 2532 1476 σπεύδων,
2598 1409 2926 1480 περιπίπτει
2966 1411 3080 1474 τοίς
3129 1408 3470 1476 Ἀντιγόνου,
3505 1403 3600 1457 καὶ
3651 1410 3712 1468 ἐν

449 1503 776 1576 δυσχωρίαις
801 1504 1165 1575 ἀποληφθεὶς,
1199 1503 1424 1576 θνήσκει
1473 1507 1741 1573 γενναίως
1775 1505 2106 1576 μαχόμενος,
2172 1507 2270 1559 καὶ
2301 1506 2447 1558 ἆπαν
2483 1503 2726 1558 ἀπέϐαλε
2766 1505 2826 1557 τδ
2857 1504 3203 1575 στράτευμα.
3267 1505 3583 1573 Ἀντιγονος
3629 1508 3712 1576 δὲ,

446 1600 550 1668 τὴν
578 1597 745 1652 αὐτοῦ
785 1596 971 1668 τεμὼν
1010 1598 1280 1669 κεφαλὴν,
1319 1597 1401 1668 τῷ
1465 1597 1682 1669 ἀδελφῷ
1723 1599 1891 1654 αὑτοῦ
1930 1597 2162 1669 Φερώρᾳ
2187 1597 2490 1651 ἀποδίδωσι
2518 1597 2799 1652 ταλάντων
2835 1598 3207 1667 πεντήκοντα.

521 1693 618 1750 Χι.
644 1693 854 1750 Galiltei
882 1709 1106 1764 quoque
1148 1709 1248 1764 per
1290 1695 1662 1751 defectionem
1690 1693 2040 1750 Herodianos

2211 1694 2311 1748 IA'.
2353 1693 2716 1756 ’Amotdvre;
2745 1692 2802 1746 δὲ
2829 1692 2880 1745 oi
2928 1691 3225 1756 Γαλιλαῖοι,
3255 1691 3382 1756 τοὺς
3413 1694 3484 1748 τά
3537 1695 3717 1764 Ἡρώ-

448 1787 506 1844 in
542 1787 664 1842 lacu
715 1786 1124 1850 demerserunt,
1173 1787 1457 1858 multaque
1501 1789 1557 1843 in
1600 1789 1784 1844 ludam
1838 1797 2040 1843 novata

2147 1787 2224 1840 Sou
2264 1783 2601 1854 φρονοῦντας
2629 1785 2688 1836 ἐν
2717 1786 2782 1854 τῇ
2819 1783 2987 1855 λίμνῃ
3010 1784 3458 1849 κατεπόντωσαν,
3486 1788 3581 1840 καὶ
3611 1790 3714 1858 τῆς

448 1889 599 1937 sunt.
620 1881 834 1948 Quibus
881 1881 1047 1937 rebus
1080 1898 1186 1936 una
1236 1897 1362 1937 cum
1410 1883 1560 1938 caede
1602 1883 1790 1938 fratris
1843 1883 1898 1937 in
1933 1883 2038 1937 Da-

2135 1877 2402 1940 Ίουδαίας
2458 1875 2820 1947 ἐνεωτερίσθη
2884 1875 3081 1930 πολλά.
3135 1875 3376 1946 Ἥγγέλη
3433 1877 3490 1930 δέ
3541 1877 3720 1933 ταῦτα

449 1974 597 2044 phne
621 1973 926 2029 Antiochia:
960 1975 1253 2036 nuntiatis,
1283 1973 1532 2029 Herodes
1565 1990 1805 2044 propere
1841 1974 1896 2028 in
1921 1973 2019 2029 Ga-

2147 1969 2358 2042 ’11ρώδῃ
2393 1971 2489 2022 καὶ
2521 1972 2553 2039 ἡ
2605 1968 2702 2022 τοῦ
2741 1967 2979 2038 ἀδελφοῦ
3019 1967 3250 2040 τελευτὴ
3300 1970 3358 2021 ὲν
3392 1969 3578 2040 Δάφνῃ
3617 1971 3718 2040 τῆς

449 2065 646 2119 Ιίιεεειω
675 2064 975 2135 profecms,
1010 2065 1268 2120 hostibus
1300 2066 1624 2136 proﬂigatis,
1665 2077 1721 2122 et
1751 2068 1805 2121 in
1833 2067 2032 2122 castel-

449 2159 564 2214 lum
605 2156 882 2227 quoddam
926 2159 1247 2229 compulsis,
1290 2160 1708 2216 Hierichuntem
1749 2159 2036 2216 contendit

449 2248 517 2302 ad
571 2262 762 2303 necem
821 2246 1006 2303 fratris
1067 2248 1464 2304 ulciscendam.
1527 2250 1846 2320 Antigonus
1903 2263 2036 2304 vero

450 2339 637 2409 Pappo
665 2338 807 2394 duce
837 2353 963 2394 cum
1005 2339 1181 2410 copiis
1230 2339 1296 2394 ad
1351 2339 1656 2395 Samariam
1698 2341 1889 2405 misso,
1916 2341 2038 2410 opi-

451 2431 676 2486 nionem
704 2430 958 2486 hostibus
989 2446 1111 2487 eam
1141 2431 1342 2486 afferre
1365 2432 1563 2499 voluit,
1589 2432 1746 2502 quasi
1781 2431 1835 2486 in
1867 2447 2034 2500 opum

450 2523 729 2578 aﬂluentia
776 2523 979 2578 bellum
1027 2533 1263 2595 gereret.
1297 2523 1405 2579 Sed
1455 2523 1702 2579 Herodes
1749 2523 1874 2579 illos
1916 2525 2035 2579 acie

451 2617 629 2671 victos
666 2616 723 2670 in
766 2615 950 2671 vicum
999 2625 1350 2686 persecutus,
1395 2631 1589 2673 omnes
1643 2615 1848 2672 occidit
1896 2631 2039 2686 quos

451 2705 680 2776 adipisci
715 2706 895 2776 potuit
927 2723 942 2762 :
983 2722 1222 2778 cumque
1255 2707 1401 2763 aedes
1427 2707 1656 2763 armatis
1690 2707 2038 2776 compleren-

455 2809 568 2863 tur,
593 2809 651 2855 et
676 2799 832 2854 multi
863 2799 916 2854 in
941 2800 1224 2870 superiora
1253 2799 1636 2872 confugerent,
1658 2799 1818 2856 tectis
1838 2800 2037 2854 adium

453 2891 772 2957 destructis,
809 2892 1087 2962 lapidibus
1115 2892 1320 2951 milites
1348 2895 1442 2962 qui
1476 2892 1619 2947 infra
1649 2901 1811 2947 erant
1835 2891 2038 2947 obruit.

455 2981 533 3035 Ea
574 2997 632 3036 re
677 2981 919 3037 hostium
955 2983 1173 3039 animos
1212 2982 1289 3037 ita
1337 2981 1522 3053 fregit,
1581 2992 1641 3036 ut
1683 2981 1866 3037 statim
1913 2995 2040 3036 cum

454 3073 702 3127 exercitu
724 3072 1102 3145 Hierosolyma
1143 3073 1354 3128 intrare
1393 3072 1658 3141 potuerit,
1684 3073 1791 3126 nisi
1825 3081 2042 3141 tempe-

456 3171 600 3218 state
639 3177 834 3234 rnagna
860 3163 1158 3233 impeditus
1198 3171 1366 3219 esset.
1403 3163 1473 3218 Et
1519 3163 1648 3234 quia
1692 3164 1803 3232 jam
1853 3178 2039 3218 serum

455 3263 598 3320 erat,
649 3254 706 3310 in
750 3255 1082 3311 domuncula
1147 3256 1384 3327 quadam
1437 3256 1606 3323 lavit,
1658 3273 1768 3311 uno
1827 3264 2039 3310 tantum

459 3363 634 3418 puero
683 3347 1034 3404 ministrante

457 3438 668 3508 aliquot
697 3454 766 3495 ex
787 3438 1042 3495 hostibus
1073 3439 1270 3496 armati
1294 3455 1354 3496 se
1382 3440 1737 3498 abdiderant.
1766 3441 1905 3496 Dum
1944 3440 2047 3512 igi-

460 3536 553 3583 tur
603 3545 700 3584 rex
735 3529 904 3595 lavat,
949 3546 1096 3586 unus
1153 3531 1351 3587 stricto
1419 3530 1603 3602 gladio
1668 3531 2044 3607 progreditur,

460 3620 662 3677 deinde
684 3621 847 3689 alter,
871 3631 994 3694 post
1019 3623 1180 3694 233
1206 3624 1370 3688 alius,
1399 3627 1594 3682 eodem
1624 3625 1786 3682 modo
1809 3625 2040 3680 armati:

459 3725 642 3780 neque
673 3721 853 3769 tamen
887 3729 1221 3786 quemquam
1270 3725 1683 3788 percusserunt,
1720 3728 1782 3773 ut
1811 3717 1866 3772 in
1894 3725 2044 3772 metu

460 3805 695 3862 salutem
748 3809 1068 3878 quaesivisse
1110 3811 1378 3866 contenti.
1426 3811 1750 3882 Huiusmodi
1793 3811 2041 3883 periculo

459 3897 688 3967 evitato,
722 3899 991 3970 postridie
1017 3902 1187 3984 Pappi
1209 3905 1321 3974 jam
1347 3902 1627 3959 interfecti
1658 3913 1824 3974 caput
1855 3917 2048 3973 ampu-

464 3997 660 4056 tatum,
711 3992 968 4048 Pheroraa
1030 3993 1188 4049 fratri
1243 4010 1342 4064 pro
1370 3995 1599 4066 Josephi
1646 3996 1825 4065 capite
1871 3994 2042 4059 misit,

462 4083 633 4154 Pappi
675 4086 930 4142 manibus
967 4087 1263 4145 interfecti.
1307 4088 1663 4159 Tempestate
1694 4087 1905 4154 sedata,
1950 4101 2047 4142 ca-

461 4176 593 4232 stris
635 4178 882 4248 proxime
927 4178 1303 4253 Hierosolyma
1347 4182 1652 4249 collocatis,
1689 4190 1745 4238 et
1791 4196 1920 4237 cura
1948 4196 2046 4248 pa-

465 4269 651 4325 randae
692 4271 1002 4328 obsidionis
1060 4275 1229 4330 certis
1266 4273 1587 4330 hominibus
1621 4273 1900 4336 mandata,
1951 4271 2049 4327 Sn-

462 4362 693 4418 mariatn
740 4363 879 4432 abit,
912 4373 968 4419 ut
1019 4381 1143 4420 cum
1191 4365 1487 4421 Alexandri
1534 4365 1646 4419 ﬁlia
1696 4380 1894 4435 sponsa
1947 4378 2046 4418 sua

464 4456 878 4512 concumberet.
913 4456 1133 4526 Nuptiis
1163 4457 1455 4523 absolutis,
1484 4467 1542 4512 et
1579 4457 1696 4527 ipse
1731 4465 1790 4512 et
1828 4455 2047 4510 Sossius

465 4560 593 4600 cum
630 4547 876 4602 exercitu
913 4547 980 4602 ad
1017 4548 1526 4620 Hierosolymorum
1555 4549 1758 4605 moenia
1793 4546 2044 4617 profecti,

1093 3367 1108 3405 :
1153 3349 1208 3403 in
1258 3350 1415 3421 cujus
1463 3348 1782 3405 interiorem
1825 3359 2037 3419 partem
2069 3333 2112 3388 ο

2137 2061 2492 2130 Ἀντιοχείας.
2529 2059 2906 2132 Ἐπειγομένῳ
2929 2055 3046 2126 οῦν,
3086 2060 3164 2124 ὡς
3220 2061 3362 2115 κατά
3416 2061 3720 2116 Γαλιλαίαν

2137 2153 2374 2221 ἐγένετο,
2419 2155 2762 2223 συνήντησαν
2801 2151 2957 2222 αύτῷ
2991 2153 3044 2204 οί
3095 2151 3372 2222 πολέμιοι,
3417 2153 3513 2206 καὶ
3553 2155 3724 2224 ἡττη-

2137 2244 2343 2309 θέντες,
2376 2243 2847 2314 κατεκλείσθησαν
2881 2243 2962 2306 είς
2990 2260 3044 2296 τι
3074 2245 3297 2314 χωρίον.
3338 2244 3397 2298 Ὀ
3427 2244 3484 2298 δὲ
3515 2245 3722 2298 ἐσπευ-

2137 2337 2226 2389 δεν
2275 2337 2355 2398 είς
2400 2333 2758 2405 Ἱεριχοῦντα,
2813 2335 3238 2406 τιμωρήσασθαι
3289 2335 3460 2390 θέλων
3519 2337 3724 2401 αὐτοὺς

2137 2427 2226 2481 διὰ
2253 2428 2346 2480 τὸν
2379 2425 2626 2495 ἀδελφόν.
2670 2426 2975 2494 Ἀντίγονος
3023 2425 3080 2479 δέ
3125 2427 3219 2480 ἐπὶ
3251 2426 3351 2498 τὴν
3399 2427 3726 2497 Σαμάρειαν

2138 2521 2353 2590 πέμπει
2409 2519 2723 2589 στρατηγὸν
2778 2519 3014 2574 Πάππον
3075 2518 3250 2588 ὄνομα
3308 2522 3407 2574 σὺν
3467 2519 3726 2589 δυνάμει,

2139 2612 2400 2684 παρέχων
2459 2613 2577 2675 τοῖς
2647 2611 2918 2676 ἐναντίοις
2981 2611 3143 2678 δόξαν
3213 2610 3586 2681 πολεμοῦντος
3656 2615 3723 2665 ἐκ

2143 2709 2486 2783 περιουσίας.
2524 2711 2649 2780 Καὶ,
2684 2709 2936 2782 Ἡρώδης
2982 2705 3152 2782 ἦλθεν
3191 2710 3284 2764 ἐπὶ
3328 2709 3419 2764 τὸν
3469 2711 3733 2777 Πάππον,

2140 2805 2236 2857 καὶ
2268 2801 2564 2871 συμϐαλὼν
2616 2805 2732 2867 τοῖς
2790 2801 3072 2872 πολεμίοις
3124 2804 3343 2872 κρατεῖ,
3393 2802 3490 2856 καὶ
3529 2803 3722 2854 εἵπετο

2141 2895 2436 2964 φεύγουσιν
2466 2899 2547 2959 είς
2570 2894 2671 2966 τὴν
2697 2893 2915 2965 κώμην,
2937 2894 3166 2948 κτείνων
3194 2894 3291 2959 οὒς
3312 2895 3378 2950 ἂν
3399 2895 3722 2950 καταλάϐοι.

2141 2987 2600 3058 Πεπληρωμένων
2630 2986 2687 3040 δὲ
2721 2986 2832 3040 τῶν
2872 2987 3063 3058 οἰκιῶν
3093 2985 3354 3055 ὁπλιτῶν,
3389 2987 3487 3041 καὶ
3509 2986 3726 3040 πολλῶν

2141 3082 2236 3134 ἐπὶ.
2415 3081 2619 3149 στέγας
2663 3057 3109 3150 ἀναφευγόντων,
3153 3083 3280 3145 τοὺς
3329 3081 3562 3153 ὀρόφους
3617 3082 3738 3134 τῶν

2141 3172 2308 3226 οἴκων
2349 3171 2655 3244 καθαιρῶν,
2691 3171 2919 3240 ἐκράτει
2973 3171 3202 3226 τούτων.
3253 3171 3730 3244 Καθαιρουμένων

2143 3265 2199 3319 δὲ
2230 3265 2340 3319 τῶν
2355 3264 2592 3336 ὀρόφων,
2636 3264 2848 3330 ἔμπλεα
2879 3263 3132 3334 ἑωρῶντο
3160 3265 3228 3317 τά
3260 3265 3414 3318 κάτω
3459 3281 3731 3334 στρατιω-

2144 3356 2278 3421 τῶν,
2313 3355 2406 3421 οὒς
2437 3355 2606 3420 λίθοις
2637 3356 2844 3410 ἀνωθεν
2875 3355 3136 3427 βαλόντες
3169 3354 3435 3409 ἔκτεινον.
3461 3353 3635 3408 Τοῦτο
3662 3354 3733 3408 τὰ

2144 3449 2255 3504 τῶν
2308 3447 2588 3519 πολεμίων
2633 3449 2964 3518 φρονήματα
3031 3446 3302 3515 ἔθραυσε·
3361 3447 3459 3501 καὶ
3489 3441 3626 3518 ἧκεν
3659 3446 3730 3501 ἀν

2145 3541 2228 3602 είς
2265 3540 2616 3612 Ἱεροσόλυμα
2652 3541 2682 3594 6
2717 3539 2967 3612 Ἡρώδης
2998 3539 3138 3611 μετὰ
3169 3542 3270 3611 τῆς
3321 3541 3580 3611 στρατιᾶς
3626 3540 3730 3592 αὐ-

2144 3629 2292 3697 τίκα,
2323 3631 2422 3685 καὶ
2450 3629 2513 3684 τὸ
2538 3632 2647 3685 πᾶν
2674 3631 3058 3704 ἐξειργάσατο,
3092 3631 3140 3683 εί
3175 3629 3249 3701 μὴ
3280 3629 3492 3700 χειμὼν
3525 3629 3731 3699 ἐπέσχε

2148 3721 2334 3792 βαθύς.
2354 3722 2487 3776 Τότε
2511 3722 2668 3791 ὀψίας
2686 3720 2875 3792 οὔσης,
2905 3721 2935 3775 ὁ
2964 3721 3218 3792 βασιλεὺς
3252 3721 3526 3792 Ἡρώδης,
3566 3721 3644 3784 εἷς
3675 3738 3730 3774 τι

2145 3811 2416 3882 δωμάτιον
2450 3811 2732 3875 εἰσελθὼν,
2766 3811 2900 3882 περὶ
2927 3811 3158 3883 λουτρὸν
3192 3807 3283 3881 ἦν,
3320 3811 3413 3864 καὶ
3447 3809 3728 3864 ἀποδυσά-

2149 3921 2313 3974 μενος
2345 3903 2582 3966 ἐλούετο,
2637 3903 2757 3968 ἐνὸς
2791 3902 2945 3974 αύτῷ
2994 3903 3448 3974 ύπηρετουμένου
3499 3902 3727 3960 παιδός·

2147 3997 2289 4050 κατά
2314 3996 2371 4049 δέ
2400 4013 2464 4065 γε
2497 3995 2559 4050 1:6
2591 3996 2873 4066 ἐνδότερον
2898 3995 3109 4067 οίκημα
3139 3996 3251 4050 τῶν
3273 3995 3552 4063 πολεμίων
3581 3994 3730 4058 τινὲς

2150 4089 2600 4158 συμπεφευγότες
2645 4086 3006 4157 ὡπλισμένοι,
3043 4088 3160 4140 ἐκεῖ
3203 4087 3293 4141 διά
3353 4086 3518 4156 φόϐον
3567 4085 3736 4156 ἐκρύ-

2149 4196 2366 4237 πτοντο.
2397 4179 2509 4234 Καὶ
2540 4177 2747 4251 μεταξὺ
2777 4178 3076 4250 λουομένου
3095 4178 3189 4233 τοῦ
3218 4178 3504 4251 βασιλέως³
3537 4171 3619 4242 εἷς
3645 4194 3734 4242 τις

2148 4272 2506 4345 ἐπεξέρχεται
2565 4271 2720 4340 ξίφος
2771 4270 2913 4342 ἔχων
2964 4271 3196 4342 γυμνὸν,
3255 4272 3349 4325 καὶ
3406 4287 3509 4340 μετ
3567 4270 3733 4324 αυτὸν

2149 4363 2332 4438 ἀλλος,
2364 4363 2461 4418 καὶ
2489 4357 2648 4427 αὖθις
2681 4362 2896 4434 ἔτερος,
2920 4363 3124 4433 ὁμοίως
3151 4361 3510 4433 ὡπλισμένοι,
3540 4362 3733 4416 οὐδένα

2149 4453 2454 4526 πλήξαντες
2499 4453 2607 4508 ύπδ
2641 4453 2820 4520 δέους,
2853 4451 3185 4522 ἀγαπῶντες
3219 4451 3276 4506 δέ
3327 4453 3374 4505 εί
3423 4452 3580 4506 αὐτοὶ
3624 4469 3732 4505 σω-

2151 4543 2316 4601 θείεν.
2347 4543 2604 4598 Τοιοῦτον
2659 4543 2831 4613 ἔφυγε
2878 4543 3126 4598 κίνδυνον
3170 4541 3205 4598 6
3251 4542 3524 4615 Ἡρώδης.
3558 4544 3638 4614 Τῇ
3674 4543 3734 4596 δὲ

467 4638 759 4708 aggeribus
803 4638 1079 4706 excitatis,
1135 4638 1502 4709 adductisque
1553 4639 1827 4694 machinis
1885 4655 2044 4694 muro

2152 4635 2422 4708 ὑστεραίᾳ
2464 4636 2564 4707 τὴν
2613 4635 2709 4690 τοῦ
2767 4636 3007 4689 Πάππου
3064 4634 3249 4706 τεμὼν
3297 4635 3567 4704 κεφαλὴν,
3627 4635 3732 4706 ήδη

468 4729 704 4799 deiecto,
738 4729 807 4784 iis
831 4729 926 4798 qui
966 4730 1117 4784 intus
1158 4740 1316 4785 erant
1358 4746 1425 4784 ex
1457 4729 1840 4800 desperatione
1876 4731 2050 4802 magis

469 4834 635 4888 quam
665 4819 896 4874 consilio
935 4820 1324 4876 resistentibus
1353 4838 1368 4875 :
1409 4822 1650 4892 primum
1691 4821 1885 4893 viginti
1919 4822 2049 4877 lecti

469 4911 692 4971 milites.
723 4911 923 4967 deinde
951 4912 1119 4968 Sossii
1147 4913 1501 4969 centuriones
1537 4914 1740 4969 naenia
1782 4929 2052 4969 conscen-

470 5005 624 5060 dere.
656 5006 733 5060 Ac
768 5005 920 5074 prior
950 5022 1146 5060 murus
1187 5005 1388 5061 diebus
1430 5006 1814 5077 quadraginta,
1868 5014 2054 5076 poste-

472 5098 587 5152 rior
622 5097 934 5168 quindecim
962 5107 1046 5154 est
1078 5107 1442 5170 eXpugnatus.
1484 5099 1658 5169 Capto
1689 5100 1858 5154 etiam
1903 5110 2054 5156 este-

473 5193 618 5246 riore
651 5190 877 5261 templo,
905 5200 962 5247 et
994 5190 1135 5246 urbe
1167 5191 1456 5256 inferiore,
1491 5191 1548 5246 in
1601 5192 1864 5262 templum
1911 5191 2054 5246 inte-

474 5285 590 5339 rius
620 5292 676 5338 et
707 5284 1051 5354 superiorem
1077 5284 1270 5340 urbem
1308 5284 1698 5355 confugerunt.
1729 5285 1800 5339 lis
1833 5297 2053 5354 quoque

472 5375 819 5445 expugnatis,
855 5375 1100 5430 caedibus
1135 5375 1340 5431 referta
1383 5375 1612 5432 fuerunt
1653 5375 1860 5431 omnia.
1898 5374 2056 5430 Anti-

475 5481 652 5534 gonus
677 5481 808 5522 vero
853 5481 1032 5536 neque
1063 5467 1352 5538 praesentis
1384 5483 1561 5536 neque
1591 5468 1839 5536 pristinae
1881 5465 2048 5519 fortu-

475 5574 563 5611 nae
594 5572 822 5624 memOr,
873 5559 1011 5614 turri
1057 5559 1270 5620 relicta,
1322 5559 1510 5615 Sossio
1551 5560 1780 5628 supplex
1833 5559 2051 5613 accidit.

477 5650 651 5715 Quem
691 5652 803 5714 ille,
849 5660 1012 5706 tantae
1063 5652 1383 5707 mutationis
1431 5652 1569 5706 nihil
1610 5651 1891 5714 misertus,
1929 5664 2054 5704 cum

483 5740 679 5808 plausu
709 5757 991 5802 manuum,
1039 5740 1369 5813 Antigonem
1407 5743 1665 5813 appellat,
1713 5751 1769 5798 et
1809 5742 2053 5796 vinctum

485 5833 545 5887 in
585 5842 739 5889 custn
759 5835 890 5887 lirm
914 5835 1100 5889 tradit.
1133 5834 1378 5891 llerodcs
1399 5837 1581 5892 socios
1611 5836 1678 5891 ad
1713 5836 1975 5905 templum
2003 5843 2058 5888 ct

483 5926 710 5983 sacnrii
754 5925 980 6000 adytum
1025 5927 1381 5996 spectandum
1430 5938 1810 6002 properantes,
1855 5928 2055 6001 partim

2152 4729 2529 4802 ἀνῃρημένου,
2562 4727 2780 4798 έπεμψε
2814 4726 3045 4801 Φερώρᾳ
3077 4729 3156 4798 τῷ
3195 4727 3414 4798 ἀδελφῷ
3461 4727 3585 4782 ἀντὶ
3629 4730 3734 4802 τῆς

2151 4822 2246 4878 τοῦ
2272 4823 2477 4892 Ἰωσὴφ
2506 4821 2752 4891 κεφαλῆς
2775 4837 2789 4852 ο
2823 4812 2983 4884 οὗτος
3009 4819 3122 4890 γὰρ
3147 4814 3215 4889 ἦν
3241 4821 3270 4872 6
3295 4819 3549 4884 Πάππος,
3575 4817 3738 4870 αὑτό-

2153 4932 2276 4987 χειρ
2317 4914 2528 4968 ἐκείνου
2569 4913 2892 4983 γενόμενος.
2921 4909 3202 4982 Λήξαντος
3228 4911 3286 4965 δέ
3311 4912 3408 4964 τοῦ
3443 4911 3736 4982 χειμῶνος,

2153 5006 2383 5074 ἀφίκετο
2415 5005 2553 5077 πρὸς
2599 5004 2968 5076 Ἱεροσόλυμα,
3001 5005 3094 5057 καὶ
3121 5002 3612 5074 στρατοπεδεύεται
3637 5003 3740 5074 τῆς

2155 5098 2365 5160 πόλεως
2399 5097 2631 5166 ἔγγιστα
2657 5113 2673 5128 ·
2704 5098 2800 5150 καὶ
2831 5094 3153 5150 καταλιπὼν
3178 5095 3296 5148 ἐκεῖ
3327 5095 3454 5158 τοὺς
3497 5091 3568 5146 τὰ
3598 5094 3739 5164 πρὸς

2153 5192 2252 5262 τὴν
2282 5191 2602 5263 πολιορκίαν
2637 5191 3056 5261 ἐτοιμάσοντας,
3089 5187 3253 5251 αὐτὸς
3301 5187 3382 5251 είς
3413 5187 3740 5257 Σαμάρειαν

2155 5284 2350 5356 ᾤχετο,
2377 5287 2446 5356 τῇ
2480 5282 2839 5353 Ἀλεξάνδρου
2867 5280 3105 5349 θυγατρὶ
3135 5277 3738 5348 συνευνασθησόμενος,

2156 5378 2258 5447 ἤδη
2315 5374 2756 5446 κατεγγυηθείσῃ
2804 5373 2976 5442 αύτῷ,
3027 5371 3104 5434 ὡς
3139 5371 3442 5441 ἱστόρηται.
3493 5369 3649 5424 Μετά
3679 5369 3739 5423 δὲ

2156 5469 2284 5531 τοὺς
2317 5468 2530 5538 γάμους
2578 5466 2810 5536 ἀφίκετο
2861 5467 2925 5518 ἐκ
2961 5464 3303 5535 Σαμαρείας.
3341 5456 3490 5516 Ἷίκε
3532 5462 3590 5515 δὲ
3641 5463 3740 5516 σὺν

2159 5560 2390 5629 στρατιᾷ
2419 5560 2506 5611 καὶ
2529 5561 2558 5612 6
2583 5558 2831 5621 Σόσσιος,
2853 5556 2948 5609 καὶ
2976 5555 3113 5626 πρὸς
3138 5555 3201 5608 τὸ
3224 5555 3403 5624 τεῖχος
3431 5553 3543 5606 τῶν
3577 5553 3736 5622 Ίερο»

2161 5649 2414 5720 σολύμων
2449 5648 2793 5719 ἡθροίζοντο,
2830 5648 2926 5699 καὶ
2973 5645 3208 5716 χώματα
3259 5644 3598 5716 ἐγείραντες,
3645 5644 3740 5697 καὶ

2160 5738 2588 5810 πολιορκητικὰς
2652 5735 2907 5807 μηχανὰς
2973 5736 3376 5806 προσάγοντες,
3440 5733 3502 5788 τὸ
3560 5736 3740 5804 τεῖχος

2161 5831 2468 5887 κατέσειον.
2507 5829 2617 5883 Καὶ
2659 5829 2710 5881 οι
2746 5828 2898 5890 ἐντὸς
2935 5827 2991 5880 δὲ
3028 5827 3260 5899 ἀπονοίᾳ
3295 5826 3498 5897 μᾶλλον
3533 5826 3566 5897 ἢ
3599 5843 3739 5896 προ-

2161 5928 2283 6000 νοίᾳ,
2335 5921 2793 5984 ἀντικαθίσταντο
2841 5921 3351 5996 στρατηγούμενον
3383 5920 3739 5978 ἀναϐαίνουσι
