4074 6412
334 314 439 378 417

1597 320 2014 385 ANNALIUM
2053 320 2204 385 LIB.
2247 325 2316 384 V.

3475 326 3595 392 ΗΒ

336 430 430 483 ὲπλ⁵
459 428 519 480 τὸ
566 428 745 497 τεῖχος
796 428 1016 496 πρῶτον
1070 428 1171 501 μὲν
1221 430 1446 499 λογάδες
1506 430 1736 500 εἴκοσιν,
1792 431 1915 488 εἶτα

2032 437 2287 506 rogando,
2320 436 2519 507 partim
2542 437 2869 504 minitando,
2895 438 3094 509 partim
3122 440 3292 497 armis
3315 443 3604 497 sustinuit-

338 520 731 590 ἑκατοντάρχαι
792 521 1041 576 Σοσσίου.
1099 523 1305 594 ᾘρέθη
1339 524 1395 577 δὲ
1427 525 1489 577 τὸ
1542 524 1642 595 μὲν
1695 527 1914 596 πρῶτον

336 613 516 680 τεῖχος
545 610 764 679 ἡμέρας
789 613 1223 682 τεσσαράκοντα,
1250 614 1313 667 τὸ
1342 614 1400 668 δὲ
1437 614 1691 684 δεύτερον
1720 633 1914 670 πεντε-

337 701 590 754 καίδεκα.
635 700 890 764 Ἀλόντος
932 702 990 755 δὲ
1039 702 1134 757 τοῦ
1185 703 1388 769 ἔξωθεν
1442 706 1612 776 ἱεροῦ,
1668 708 1763 761 καὶ
1812 708 1916 777 τῆς

336 792 488 845 κάτω
516 792 749 854 πόλεως,
787 795 871 856 είς
904 794 964 847 τὸ
997 794 1149 859 ἐντὸς
1181 797 1327 867 ἱερὸν
1360 797 1455 850 καὶ
1489 797 1589 867 τὴν
1615 797 1729 852 άνω
1760 797 1915 851 πόλιν

338 883 586 936 Ἰουδαῖοι
622 884 949 954 συνέφυγον.
1011 886 1189 941 Ἑάλω
1235 887 1293 941 δὲ
1332 888 1427 942 καὶ
1471 888 1671 956 ταῦτα,
1705 888 1802 943 καὶ
1847 885 1915 959 ἦν

339 974 555 1028 ἅπαντα
590 978 769 1046 φόνων
822 979 1016 1049 μεστά.
1061 981 1123 1035 '0
1180 982 1226 1035 δ’
1273 983 1586 1052 Ἀντίγονος
1636 985 1776 1054 μήτε
1818 984 1915 1052 τῆς

341 1064 461 1117 τότε
486 1066 657 1136 τύχης
687 1068 827 1138 μήτε
858 1070 957 1141 τῆς
984 1071 1155 1126 πάλαι
1188 1073 1545 1143 μεμνημένος
1573 1073 1707 1145 (45),
1730 1073 1916 1126 κάτει-

346 1172 430 1207 σιν
464 1158 528 1209 ὲκ
571 1158 673 1228 τῆς
722 1158 962 1230 βάρεως,
1010 1162 1105 1215 καὶ
1149 1163 1491 1232 προσπίπτει
1532 1166 1646 1227 τοῖς
1690 1163 1915 1217 Σοσσίου

345 1247 490 1302 ποσί,
529 1250 800 1314 Κάκεῖνος
855 1252 1024 1322 μηδὶν
1081 1253 1247 1308 αὐτὸν
1303 1254 1581 1324 οἰκτείρας
1625 1255 1763 1325 πρὸς
1818 1255 1917 1325 τὴν

344 1338 671 1412 μεταϐολὴν,
734 1342 831 1395 καὶ
888 1343 1252 1414 ὲπεκρὸτησε,
1312 1346 1399 1399 καὶ
1437 1346 1756 1417 ’Λντιγόνην
1784 1346 1918 1398 ὲκά-

338 1431 483 1498 λεσε,
533 1435 630 1486 καὶ
678 1434 851 1504 δήσας
884 1435 1207 1506 ἐφύλαττεν.
1294 1436 1655 1509 Ὠρμηκὸτων
1700 1437 1758 1491 δὲ
1805 1436 1917 1489 τῶν

344 1524 653 1595 συμμάχων
682 1528 777 1580 ἐπὶ
807 1528 940 1583 θέαν
987 1527 1084 1582 τοῦ
1140 1527 1288 1599 ἱεροῦ
1335 1524 1432 1583 καῖ
1464 1530 1572 1585 τῶν
1622 1529 1766 1583 κατὰ
1823 1528 1917 1583 τὸν

342 1615 471 1668 ναὸν
504 1616 698 1685 ἁγίων,
741 1619 770 1670 ὁ
800 1617 1055 1688 βασιλεὺς
1098 1618 1344 1690 Ἡρώδης
1383 1620 1512 1683 τοὺς
1588 1621 1687 1690 μὲν
1741 1637 1917 1691 παρα-

343 1707 546 1772 καλῶν,
575 1711 691 1772 τοῖς
725 1710 781 1762 δὲ
836 1711 1102 1776 ἀπειλῶν,
1128 1712 1306 1776 ἐνίους
1331 1712 1389 1766 δὲ
1418 1713 1514 1766 καὶ
1570 1714 1684 1776 τοῖς
1728 1713 1917 1775 ὅπλοις

2021 537 2079 581 et
2106 526 2473 596 direptionem
2500 530 2655 585 urbis
2676 530 2985 601 prohibuit,
3017 546 3076 586 se
3107 532 3176 586 de
3206 547 3307 587 suo
3328 531 3603 602 stipendia

2020 619 2331 673 soluturum
2376 620 2636 676 omnibus
2676 621 2980 691 pollicitus.
3021 621 3290 693 Beliquiis
3342 622 3499 677 urbis
3527 621 3605 677 ita

2021 708 2396 776 conservatis,
2448 710 2717 780 promissa
2766 711 3059 781 prmstitit,
3118 712 3299 782 ipsum
3355 711 3602 769 Sossium

2021 798 2311 870 plusquam
2358 801 2511 872 regia
2555 802 2889 859 liberalitate
2920 814 3291 874 prosecutus:
3338 805 3431 874 qui
3478 820 3605 858 cum

2022 889 2419 964 Hierosolymis
2445 894 2729 961 recedens,
2758 896 3093 965 Antigonum
3124 896 3192 950 ad
3221 896 3526 951 Antonium
3551 896 3609 950 in

2021 985 2256 1041 vinculis
2288 986 2535 1052 duceret,
2568 987 2781 1042 veritus
2824 986 3092 1053 Herodes,
3137 1002 3207 1043 ne
3236 986 3329 1042 ille
3374 988 3605 1041 Romam

2021 1077 2323 1147 perductus
2357 1078 2500 1147 apud
2535 1089 2721 1148 patres
2747 1078 3089 1147 conscriptos
3143 1094 3241 1149 pro
3284 1094 3383 1133 sua
3413 1078 3609 1133 defen-

2021 1168 2178 1222 sione
2227 1166 2472 1231 afl‘erret,
2522 1182 2581 1222 se
2635 1168 2860 1238 regibus
2900 1184 3023 1225 esse
3063 1169 3386 1235 oriundum,
3437 1169 3612 1224 Hero-

2021 1260 2145 1315 dem
2181 1274 2312 1313 vero
2342 1258 2617 1314 hominem
2650 1261 2945 1330 privatum,
2976 1276 3043 1316 ac
3074 1274 3134 1315 ut
3179 1260 3295 1331 ipse
3319 1260 3375 1315 in
3403 1260 3608 1316 Roma-

2021 1365 2124 1405 nos
2151 1348 2467 1420 deliquerit,
2496 1367 2727 1422 regnum
2759 1360 2941 1408 tamen
2988 1352 3057 1407 ad
3106 1368 3237 1408 suos
3267 1351 3410 1407 ﬁlios
3438 1352 3610 1421 perti-

2021 1455 2193 1497 nere:
2226 1457 2420 1513 magna
2473 1442 2708 1512 pecunia
2746 1442 2893 1509 data,
2936 1443 3005 1499 ab
3051 1444 3295 1500 Antonio
3345 1445 3608 1513 impetrat

2024 1545 2087 1590 ut
2116 1534 2449 1606 Antigonum
2472 1534 2708 1589 occidat.
2740 1534 2820 1590 Eo
2846 1535 3083 1601 sublato,
3112 1535 3455 1605 principatus
3474 1534 3612 1590 Asa-

2022 1641 2361 1681 monzrorum
2408 1625 2630 1681 familiae
2674 1626 2990 1696 ademptus,
3023 1641 3187 1697 quem
3236 1641 3336 1697 per
3372 1641 3548 1680 annos
3579 1639 3611 1679 ο

2023 1727 2081 1773 et
2109 1735 2178 1773 xx
2206 1726 2481 1784 tenuerat,
2518 1717 2587 1773 ad
2616 1717 2891 1775 Herodem
2931 1719 3178 1783 transiit,
3222 1718 3497 1789 Antipatri
3548 1716 3613 1772 fi-

341 1799 683 1867 ἀνέστελλεν,
716 1802 929 1856 ἐκώλυέ
962 1820 1022 1857 τε
1054 1806 1151 1859 καὶ
1180 1806 1278 1868 τὰς
1312 1805 1454 1859 κατά
1481 1807 1581 1875 τὴν
1615 1807 1773 1859 πόλιν
1812 1807 1915 1877 άρ-

2032 1807 2173 1871 ium,
2200 1823 2266 1863 ex
2298 1823 2501 1879 genere
2528 1810 2747 1880 privato
2780 1818 2836 1864 et
2868 1808 3086 1880 plebeia
3123 1809 3290 1864 domo
3318 1809 3451 1864 orti.

342 1893 546 1961 παγάς,
573 1894 735 1960 αὐτὸς
767 1897 893 1960 τοὺς
922 1897 1150 1967 μισθοὺς
1179 1898 1459 1967 διανεμεῖν
1516 1900 1769 1963 ἑκάστοις
1818 1899 2034 1954 οἴκοθεν
2095 1900 2552 1971 ὑπισχνούμενος.
2589 1901 2702 1955 Καὶ
2754 1901 2898 1955 οὕτω
2956 1902 3017 1956 τὸ
3078 1902 3263 1956 λοιπὸν
3295 1897 3611 1973 περισώσας

342 1985 443 2054 τῆς
481 1985 714 2052 πόλεως,
770 1986 870 2051 τάς
924 1989 1250 2059 ὑποσχέσεις
1275 1990 1618 2060 ἐπλήρωσεν.
1665 1990 1828 2061 Αύτῷ
1897 1992 1952 2045 δὲ
1991 1993 2201 2064 Σοσσίῳ
2248 1991 2658 2063 βασιλικώτατα
2703 1993 3041 2064 ἐδωρήσατο,
3096 1994 3157 2057 δς
3203 1991 3493 2061 ἀνέζευξεν
3553 1992 3614 2057 ἐξ

372 2075 745 2149 Ιεροσολύμων
798 2080 878 2150 τῷ
908 2082 1197 2153 Ἀντωνίῳ
1243 2083 1530 2154 δεσμώτην
1572 2085 1725 2155 ἄγων
1785 2084 2114 2154 Ἀντίγονον.
2182 2086 2379 2150 Δείσας
2435 2085 2482 2140 δ’
2524 2086 2774 2158 Ἡρώδης
2826 2088 2923 2160 μὴ,
2979 2087 3269 2160 κομισθεὶς
3314 2090 3397 2151 είς
3475 2087 3614 2140 Ῥώ-

348 2187 457 2239 μην
478 2168 785 2240 Ἀντίγονος
834 2172 1321 2244 δικαιολογήσηται
1361 2174 1500 2245 πρὸς
1538 2174 1637 2247 τὴν
1691 2174 2020 2245 σύγκλητον,
2088 2176 2283 2231 ἑαυτὸν
2343 2176 2445 2247 μὲν
2510 2177 2577 2230 ὲκ
2631 2175 2897 2246 βασιλέων
2923 2176 3315 2241 ἀποδεικνύων,
3362 2174 3612 2248 Ἡρώδην

344 2263 400 2316 δὲ
428 2263 666 2333 ίδιώτην,
699 2266 793 2317 καὶ
826 2264 923 2330 ώς,
992 2265 1098 2319 κᾶν
1156 2266 1318 2331 αὐτὸς
1362 2267 1443 2331 είς
1487 2265 1793 2338 Ῥωμαίους
1838 2268 2134 2340 ἐξήμαρτε,
2203 2271 2483 2340 προσῆκεν
2514 2269 2549 2340 ἠ
2612 2267 2860 2339 βασιλεία
2886 2270 3002 2332 τοῖς
3065 2268 3231 2323 αὐτοῦ
3257 2268 3455 2322 παισί’
3486 2270 3613 2321 πεί.

347 2354 427 2408 Θει
462 2355 713 2433 χρήμασι
738 2354 952 2419 πολλοῖς
986 2355 1078 2410 τὸν
1109 2356 1398 2412 Ἀντώνιον
1428 2358 1640 2412 ἀνελεῖν
1674 2359 1769 2414 τὸν
1816 2359 2142 2427 Ἀντίγονον.
2214 2362 2327 2415 Καὶ
2381 2363 2410 2416 ὀ
2473 2360 2577 2431 μὲν
2605 2361 2867 2433 ἀνῄρητο,
2934 2363 2968 2434 ή
2999 2361 3057 2415 δὲ
3085 2361 3227 2433 ἀρχὴ
3275 2361 3342 2415 ἐκ
3379 2359 3476 2415 τοῦ
3498 2363 3611 2415 τῶν

348 2447 741 2519 Ἀσαμωναίων
767 2450 960 2518 γένους
990 2451 1263 2522 ἀφῄρητο,
1287 2450 1576 2506 ἐπ’ἐτεσιν
1606 2453 1810 2507 ἑκατὸν
1867 2455 1963 2508 καὶ
2001 2455 2177 2511 εἴκοσι
2246 2456 2590 2528 διαρκέσασα
2616 2470 2631 2488 ⁶
2687 2456 2894 2529 μετέϐη
2948 2457 3009 2511 δὲ
3048 2459 3130 2521 είς
3198 2458 3448 2530 Ἡρώδην
3513 2458 3610 2513 τὸν

360 2545 743 2614 Ἀντιπάτρου,
771 2544 1046 2599 ἰδιωτικοῦ
1082 2546 1426 2617 τυγχάνοντα
1477 2543 1693 2617 γένους,
1730 2548 1827 2601 καὶ
1857 2550 2035 2615 οἰκίας
2064 2550 2376 2620 δημότιδος.

422 2635 520 2691 ΙΒ’.
554 2636 712 2691 υῦτω
734 2638 791 2691 δὲ
816 2639 916 2709 τῆς
948 2639 1079 2710 ὅλης
1105 2639 1372 2703 Ἰουδαίας
1423 2638 1678 2710 Ἡρώδης
1725 2641 1928 2696 ἀναθέ-

2097 2644 2218 2701 Xll.
2287 2643 2451 2716 234
2498 2643 2591 2699 Sic
2638 2643 2884 2699 Herodes
2919 2642 3089 2699 totius
3136 2643 3337 2699 Iudaeae
3380 2643 3614 2717 imperio

352 2746 513 2798 μενος
552 2732 652 2803 τὴν
688 2732 891 2804 ἀρχὴν,
933 2734 1066 2796 τοὺς
1122 2732 1223 2803 μὲν
1253 2733 1325 2787 τὰ
1376 2732 1543 2787 αὑτοῦ
1588 2734 1926 2805 φρονοῦντας

2032 2736 2259 2807 potitus,
2294 2735 2379 2789 sui
2411 2734 2690 2790 studiosos
2732 2734 2891 2801 fovit,
2934 2734 3282 2790 adversarios
3329 2737 3616 2807 suppliciis

350 2824 678 2894 προσήγετο,
715 2824 844 2888 τοὺς
863 2824 909 2877 δ’
940 2826 1390 2897 ἐναντιουμένους
1419 2826 1699 2892 ἐκόλαζεν.
1729 2826 1927 2895 Ἐτίμα

2032 2827 2230 2883 an‘ecit.
2264 2825 2498 2881 Pollioni
2527 2826 2805 2882 Pharisaeo
2831 2836 2887 2882 et
2918 2824 3142 2882 Sammaa
3163 2826 3311 2883 illius
3343 2826 3615 2899 discipulo

351 2916 405 2968 δὲ
445 2916 683 2984 μάλιστα
721 2915 1001 2970 Πολλίωνα
1033 2918 1127 2971 τὸν
1168 2919 1491 2988 Φαρισαῖον,
1550 2918 1646 2972 καὶ⁹
1677 2919 1928 2990 Σαμαίαν

2032 2920 2299 2975 honorem
2342 2918 2398 2973 in
2422 2918 2617 2988 primis
2647 2917 2843 2974 habuit
2876 2936 2890 2973 :
2923 2918 3018 2989 qui
3046 2934 3170 2974 cum
3213 2920 3347 2975 urbs
3390 2920 3614 2977 obside-

353 3007 442 3059 τὸν
476 3006 665 3059 τούτου
705 3007 974 3079 μαθητήν.
1014 3008 1127 3079 Τῆς
1168 3009 1280 3080 γὰρ
1315 3009 1638 3082 πολιορκίας
1669 3026 1928 3065 συνιστα-

2032 3017 2204 3073 retur,
2228 3008 2525 3065 deditionis
2548 3007 2811 3064 facienda:
2834 3009 3087 3065 auctoi'es
3110 3009 3346 3065 fuerant.
3378 3010 3616 3068 Samaeas

358 3100 548 3168 μένης,
578 3098 969 3154 συνεϐούλευον
1018 3093 1169 3155 οὗτοι
1216 3102 1479 3169 δέξασθαι
1508 3103 1603 3157 τὸν
1648 3101 1926 3174 Ἡρώδην.

364 3189 428 3244 Ὀ
448 3190 505 3242 δὲ
533 3191 784 3261 Σαμαίας
820 3192 1005 3257 οὗτος,
1051 3195 1127 3257 ώς
1175 3194 1283 3265 ήδη
1322 3194 1636 3265 ἔμπροσθεν
1688 3194 1928 3267 εἴρηται,

356 3285 449 3337 καὶ
511 3287 777 3354 προεῖπεν
821 3285 1076 3357 ⁹Υρκανῷ
1110 3302 1169 3340 τε
1221 3286 1318 3341 καὶ
1353 3288 1469 3350 τοῖς
1509 3286 1828 3351 δικάζουσιν
1856 3288 1933 3351 ώς

356 3376 689 3445 περισωθεὶς
728 3376 980 3449 Ἡρώδης
1021 3379 1273 3441 ἅπαντας
1335 3380 1534 3443 αὐτοὺς
1602 3379 1929 3451 μετελεύσεο

354 3485 468 3523 ται.
504 3467 823 3523 ’Δπέκτεινε
847 3469 902 3522 δὲ
943 3469 1054 3522 τῶν
1080 3471 1212 3540 περὶ
1257 3470 1352 3525 τὸν
1386 3471 1694 3540 ’Δντίγονον
1730 3488 1933 3524 τεσσα-

358 3560 594 3629 ράκοντα
621 3561 749 3624 τοὺς
778 3560 1051 3631 πρώτους,
1088 3562 1182 3614 καὶ
1207 3562 1303 3625 τάς
1341 3561 1523 3615 αὐτῶν
1547 3561 1736 3626 οὐσίας
1768 3561 1935 3631 ἀφεί-

355 3652 501 3715 λετο,
534 3653 710 3722 πέρας
740 3669 799 3707 τε
849 3652 1036 3708 κακῶν
1067 3649 1136 3725 ἦν
1186 3655 1367 3711 οὐδέν.
1409 3654 1677 3726 Ὑρκανὸς
1724 3654 1935 3721 μέντοι,

357 3750 511 3819 παρά
541 3748 778 3821 Πάρθοις
805 3749 1153 3819 αἰχμάλωτος
1203 3748 1303 3817 ὢν,
1346 3749 1627 3814 ἐπιεικοῦς
1653 3750 1811 3822 ἔτυχε
1840 3749 1934 3804 τοῦ

359 3839 592 3909 Πάρθων
629 3840 896 3910 βασιλέως
917 3841 1169 3911 Φραάτου
1189 3858 1202 3871 ο
1226 3842 1318 3895 καὶ
1346 3842 1532 3905 λυθεὶς
1552 3840 1664 3896 τῶν
1688 3841 1935 3911 δεσμῶν,

356 3935 417 3987 ὲν
453 3931 737 3987 Βαϐυλῶνι
765 3931 978 4002 διάγειν
1002 3932 1410 4005 παρεχωρὴθη,
1444 3932 1577 3987 ἔνθα
1600 3934 1696 3987 καὶ
1727 3932 1936 4003 πλῆθος

357 4025 426 4096 ἦν
458 4028 753 4097 Ἰουδαίων,
777 4029 829 4083 οἳ
852 4029 1251 4100 τὸν,’Υρκανδν
1278 4030 1355 4092 ώς
1387 4027 1651 4101 ἀρχιερέα
1702 4029 1798 4081 καὶ
1837 4026 1936 4097 βα-

361 4120 516 4175 σιλέα
534 4122 762 4187 ἐτίμων.
799 4120 1008 4175 Μαθὼν
1040 4121 1099 4174 δὲ
1121 4120 1213 4174 τὸν
1251 4118 1505 4191 Ἡρώδην
1535 4118 1937 4190 παρειληφέναι

356 4214 460 4283 τὴν
492 4212 794 4283 βασιλείαν,
845 4212 1108 4267 διενοεῖτο
1160 4211 1559 4282 μεταχωρῆσαι
1596 4211 1734 4280 πρὸς
1774 4208 1938 4265 αὐτὸν

358 4308 451 4360 διὰ
483 4324 541 4360 τε
574 4307 635 4360 τὸ
667 4306 853 4377 κῆδος,
888 4306 985 4360 καὶ
1038 4304 1457 4376 μνησθήσεσθαι
1502 4303 1708 4373 οἰηθεὶς
1746 4302 1932 4368 αὑτὸν,

2032 3117 2219 3174 porro,
2253 3109 2315 3156 ut
2347 3116 2513 3172 supra
2544 3110 2827 3156 narratum
2852 3110 2957 3169 est,
2984 3100 3237 3173 Hyrcano
3259 3112 3317 3158 et
3337 3102 3619 3174 iudicibus

2033 3194 2381 3265 praedixerat,
2438 3193 2709 3249 Herodem
2763 3202 3172 3259 conservatum,
3226 3195 3377 3265 ipsos
3421 3209 3620 3251 omnes

2034 3286 2278 3341 ulturum
2308 3299 2445 3339 esse.
2482 3283 2700 3340 Occidit
2746 3293 2931 3339 autem
2966 3298 3033 3339 ex
3067 3284 3325 3355 Antigoni
3378 3284 3618 3342 factione

2034 3377 2257 3433 circiter
2310 3392 2377 3430 ιι.
2441 3375 2742 3446 principes,
2802 3374 2965 3430 bonis
3013 3375 3179 3430 etiam
3225 3375 3450 3446 ereptis,
3513 3391 3619 3431 nec

2034 3469 2303 3523 malorum
2337 3468 2482 3522 ullus
2514 3467 2639 3521 finis
2683 3466 2810 3521 fuit.
2845 3466 3143 3521 Enimvero
3185 3465 3453 3521 Phraates
3487 3465 3621 3521 Par-

2038 3560 2257 3616 thorum
2303 3575 2399 3615 rex
2440 3559 2754 3631 Hyrcanum
2805 3558 3084 3627 captivum
3129 3556 3365 3628 benigne
3399 3552 3620 3620 habuit,

2034 3658 2091 3705 et
2128 3649 2365 3706 vinculis
2397 3649 2638 3703 solutum
2673 3647 2951 3719 Babylone
2983 3647 3183 3718 degere
3212 3646 3484 3717 permisit,
3525 3647 3620 3710 ubi

2035 3759 2068 3799 a
2096 3749 2261 3813 gente
2291 3740 2522 3796 Judaica
2552 3750 2609 3795 et
2645 3738 2931 3810 pontiﬁcio
2956 3745 3012 3793 et
3038 3738 3189 3809 regio
3227 3737 3436 3792 honore
3469 3736 3622 3793 cole-

2037 3836 2221 3891 batur.
2259 3832 2365 3888 Sed
2400 3847 2525 3887 cum
2555 3830 2827 3885 Herodem
2861 3844 3091 3901 regnum
3123 3829 3433 3899 suscepisse
3465 3828 3623 3883 audi-

2035 3926 2228 3991 visset,
2259 3924 2543 3980 discedere
2592 3922 2822 3978 statuit:
2859 3921 3012 3977 illum
3042 3936 3167 3976 cum
3200 3920 3271 3975 ob
3302 3920 3620 3976 afﬁnitatem

2036 4025 2262 4085 tumque
2284 4013 2445 4070 caedis
2470 4028 2624 4069 reum
2646 4013 2892 4082 periculo
2908 4012 3218 4077 exemisset,
3244 4012 3330 4068 sui
3351 4012 3621 4067 rationem

2037 4106 2357 4161 habiturum
2384 4119 2507 4161 esse
2552 4114 2722 4159 ratus.
2759 4103 2919 4172 Quod
2953 4105 3058 4159 etsi
3108 4103 3394 4175 Babylonii
3443 4103 3621 4159 Judaei

2037 4196 2454 4262 dissu‘adebant,
2492 4204 2722 4265 tumque
2776 4211 2807 4250 a
2846 4210 2905 4250 se
2959 4210 3060 4264 pro
3110 4209 3238 4265 rege
3289 4202 3345 4248 et
3362 4193 3622 4263 pontifice

2037 4288 2332 4353 coleretur,
2368 4296 2593 4357 tumque
2622 4285 2997 4358 Hierosolyma
3046 4300 3321 4351 reversus,
3351 4285 3423 4340 ob
3457 4287 3625 4339 muti-

359 4400 443 4451 ὃτι
481 4376 807 4468 κρινόμενον
843 4397 935 4449 ἐπὶ
988 4396 1174 4465 φόνοις
1204 4393 1299 4448 τοῦ
1331 4392 1585 4447 κινδύνου
1638 4393 1928 4465 ἐρρύσατο.

2038 4381 2209 4437 latum
2254 4381 2324 4436 ab
2370 4380 2643 4450 Antigono
2693 4393 2899 4448 corpus
2957 4376 3266 4432 sacerdotio
3307 4376 3457 4447 fungi
3510 4390 3625 4429 non

361 4489 427 4539 υἱ
459 4488 502 4539 δ’
534 4489 591 4539 ὲν
624 4484 913 4539 Βαϐυλῶνι
974 4483 1224 4537 Ἰουδαῖοι
1282 4483 1475 4553 μένειν
1524 4481 1715 4552 ἠξίουν
1744 4480 1933 4548 αὐτὸν,

360 4576 438 4639 ὡς
468 4575 733 4647 ἀρχιερέα
760 4576 856 4628 καὶ
876 4573 1105 4645 βασιλέα
1128 4574 1446 4644 τιμώμενον
1465 4572 1594 4644 παρ’
1617 4573 1821 4638 αὐτῶν,
1841 4572 1939 4625 καὶ

362 4671 449 4724 ὅτι
481 4673 573 4723 καὶ
604 4667 856 4722 ἀπελθὼν
884 4669 1069 4739 τυχεῖν
1090 4666 1193 4737 τῆς
1223 4666 1640 4737 ἀρχιερωσύνης
1660 4664 1936 4729 ἀδυνατεῖ,

365 4760 740 4831 λελωϐημένος
770 4760 831 4813 τὸ
872 4759 1034 4829 σῶμα
1068 4758 1159 4813 ὑπ’
1191 4757 1527 4826 Ἀντιγόνου.
1583 4758 1649 4810 Ol
1685 4756 1785 4828 μὲν
1843 4752 1940 4811 οὖν

363 4853 602 4908 ἐκώλυον
624 4871 637 4886 ο
666 4855 695 4906 δ
715 4853 771 4905 δὲ
804 4853 903 4906 ούκ
953 4850 1223 4915 ἐπείθετο,
1253 4850 1417 4913 αὐτός
1442 4866 1502 4902 τε
1535 4849 1719 4903 ποθῶν
1760 4850 1937 4903 ὲπανο

361 4947 563 5011 ελθεῖν,
594 4946 690 4999 καὶ
750 4946 904 5016 παρά
936 4941 1187 5012 Ἡρώδου
1210 4941 1724 5013 παρακαλούμενος.
1766 4939 1940 5011 Ἠρώ-

362 5037 460 5107 δης
497 5037 555 5089 δὲ
588 5037 683 5089 καὶ
710 5036 845 5106 πρὸς
871 5033 1133 5106 Φραάτην
1163 5032 1468 5103 πρεσϐείαν
1490 5031 1815 5101 ἐποιήσατο,
1845 5029 1942 5082 καὶ

362 5133 515 5203 δῶρα
539 5130 810 5203 ἔπεμψεν,
844 5129 1014 5194 ἀξιῶν
1046 5127 1122 5199 μὴ
1147 5125 1398 5181 κωλῦσαι
1421 5126 1520 5189 τὰς
1550 5127 1629 5188 είς
1659 5125 1752 5178 τὸν
1784 5124 1943 5195 εὐερ-

363 5224 532 5293 γέτην
562 5222 732 5277 αὑτοῦ
783 5222 1036 5293 χάριτας.
1079 5215 1192 5273 Ἦν
1233 5217 1291 5271 δὲ
1327 5216 1427 5287 ούχ
1486 5216 1628 5289 ὑπὲρ
1667 5213 1939 5287 Ὑρκανοῦ

2038 4481 2224 4545 posset
2257 4491 2271 4528 :
2297 4481 2479 4527 tamen
2504 4487 2662 4527 suum
2687 4469 3047 4534 desiderium,
3071 4479 3127 4524 et
3155 4467 3390 4523 Herodis
3406 4482 3623 4538 preces.

2038 4568 2260 4623 illorum
2311 4564 2535 4621 monitis
2590 4563 2853 4634 praetulit.
2914 4561 3051 4617 Nam
3096 4560 3343 4617 Herodes
3370 4560 3539 4616 etiam
3591 4575 3622 4614 a

2042 4660 2277 4715 Phraate
2313 4672 2410 4728 per
2440 4657 2650 4726 legatos
2690 4654 2877 4711 missis
2910 4653 3236 4709 muneribus
3265 4652 3519 4723 petierat,
3552 4666 3623 4707 ne

2045 4750 2290 4806 obstaret
2313 4748 2607 4819 quominus
2638 4746 2758 4802 viro
2786 4746 2854 4801 de
2886 4760 2945 4802 se
2989 4745 3133 4802 bene
3165 4745 3365 4801 merito
3392 4746 3620 4817 gratiam

2046 4843 2304 4899 referret.
2323 4842 2511 4911 Neque
2533 4855 2662 4895 vero
2686 4838 2917 4910 Hyrcani
2936 4835 3287 4893 commodum
3307 4836 3627 4906 spectabat:

2046 4938 2141 4992 sed
2209 4934 2339 5005 quia
2412 4947 2640 5002 regnum
2692 4931 2933 4985 alienum
2990 4927 3235 4993 tenebat,
3292 4927 3628 4982 mutationes

2049 5026 2197 5083 haud
2222 5026 2290 5081 ab
2321 5040 2380 5079 re
2406 5024 2634 5086 veritus,
2661 5022 2715 5077 id
2743 5021 2909 5077 dabat
2930 5035 3174 5091 operam,
3207 5027 3268 5073 ut
3294 5027 3389 5072 aut
3421 5016 3629 5089 Hyrca-

2048 5135 2180 5174 num
2213 5133 2245 5172 e
2279 5116 2462 5171 medio
2490 5114 2727 5178 tolleret,
2757 5122 2847 5167 aut
2872 5115 2925 5166 in
2952 5127 3050 5166 sua
3072 5118 3345 5180 potestate
3373 5110 3624 5165 haberet.

2048 5207 2250 5265 Reditu
2305 5221 2336 5259 a
2385 5204 2605 5259 Parthis
2661 5202 2976 5271 impetrato,
3032 5200 3312 5271 Hyrcanus
3361 5212 3626 5268 perquam

1582 5375 1784 5437 Varus
1817 5372 2127 5436 lectiones
2158 5372 2219 5429 et
2249 5371 2439 5428 noue.

438 5534 549 5605 (4'5)
583 5532 748 5606 Μήτε
779 5528 891 5606 τῆς
920 5529 1056 5583 τότε
1082 5525 1293 5594 τύχης,
1313 5522 1465 5606 μήτε
1495 5519 1603 5590 τῆς
1626 5519 1813 5606 στάξαι
1838 5535 1942 5606 μεθ

361 5596 685 5674 μνὴμένοςζ
710 5596 980 5669 Josephus
1003 5613 1099 5667 pro
1135 5596 1508 5665 μεμνημένος,
1545 5596 1701 5660 ponit
1728 5596 1941 5669 ἔννοιαν

366 5675 572 5728 λαϐὼν.
599 5672 746 5728 (ιιιοά
784 5669 1125 5725 tantumdem
1163 5675 1270 5720 est.
1307 5663 1415 5720 Sed
1450 5662 1672 5716 videtur
1712 5661 1941 5728 Antigo-

366 5690 572 5737 λαοων,
599 5690 746 5743 quoa
784 5690 1125 5725 lalllllllluc“!
1163 5690 1270 5720 cat.
1308 5690 1415 5720 acu
1455 5690 1663 5742 nuuttn
1712 5690 1941 5739 ηιιιιδγ-

364 5761 473 5800 nus
526 5742 813 5815 praesentis
860 5742 1091 5795 fortuna:
1128 5736 1399 5791 rationem
1456 5732 1734 5787 habuisse.
1798 5728 1941 5796 Quid

2043 5515 2192 5571 enim
2239 5514 2387 5568 vieto
2445 5509 2799 5580 relinquitur,
2826 5506 3021 5580 nisiut
3065 5501 3401 5580 deditionem
3435 5500 3622 5580 faciat.

2045 5596 2142 5640 aut
2169 5586 2369 5654 (idque
2401 5573 2653 5654 fortassis
2678 5576 3079 5654 eutndecuisse
3102 5573 3378 5643 Josepbus
3400 5577 3620 5644 censet)

2045 5648 2239 5711 necem
2262 5648 2366 5708 sibi
2389 5653 2696 5708 consciscat
2714 5648 2735 5701 ἱ)
2752 5648 2841 5704 W.
