4074 6426
407 345 515 412 419

1676 335 1921 399 ΙΟΑΝΝ
1931 336 2003 398 IS
2037 333 2181 395 ZON
2193 335 2232 392 Α
2244 333 2362 394 [LE

3569 328 3670 392 (‘20

405 455 711 514 honoriﬁce
762 453 834 511 ab
885 452 1103 511 IIerode
1159 453 1489 518 habebatur,
1548 467 1676 509 cum
1723 465 1780 510 et
1832 463 1988 524 pater

2121 449 2381 522 ισπουδὴ,
2413 446 2528 500 ἀλλ’
2557 446 2640 500 ὄτι
2668 445 2744 515 μὴ
2775 443 2897 498 κατ’
2949 443 3110 510 ἀξίαν
3158 439 3354 516 ἦρχεν,
3408 444 3672 500 ἐδεδοίκει

406 550 799 621 appellaretur,
838 555 894 602 et
944 547 1097 616 prior
1125 546 1475 602 accumberet
1514 546 1570 600 in
1609 545 1902 609 conviviis,
1934 554 1992 599 et

2127 546 2189 607 ἀς
2209 544 2269 610 ἐξ
2299 541 2540 608 εὐλόγων
2565 537 2890 610 μεταϐολὰς,
2915 539 3010 591 καὶ
3038 534 3301 590 ἔσπευδεν
3332 539 3364 608 ἢ
3397 538 3462 592 ἐκ
3495 538 3677 592 ποδῶν

407 643 557 699 omni
609 655 810 711 genere
860 638 1178 693 calliditatis
1220 639 1588 708 deciperetur,
1644 652 1713 692 ne
1763 636 1995 693 insidias

411 734 595 804 parari
624 733 728 788 sibi
754 732 1239 787 animadverteret.
1268 731 1513 785 IIerodes
1546 745 1714 800 porro
1752 730 1993 800 aliquem

410 841 480 880 ex
549 824 948 880 illustrioribus
1014 823 1332 893 pontiﬁcem
1401 824 1690 892 designare
1759 823 1993 886 veritus,

412 917 605 973 Anaeli
645 917 861 972 cuidam
896 916 1135 972 obscuro
1181 914 1476 980 sacerdoti,
1510 930 1674 984 quem
1719 913 1998 985 Babylone

413 1010 768 1075 accersierat,
819 1009 1200 1080 pontiﬁcatum
1252 1009 1440 1063 tradit.
1505 1006 1813 1062 Alexandra
1863 1020 1999 1060 vero

415 1118 607 1157 socrus
636 1101 890 1167 Herodis,
933 1101 1105 1156 ﬁlium
1137 1115 1298 1156 suum
1327 1099 1727 1160 Aristobulum,
1764 1113 1997 1168 puerum

413 1193 901 1259 formosissimum,
947 1191 1258 1246 Alexandro
1303 1189 1604 1244 Aristobuli
1640 1189 1752 1242 lilio
1784 1197 1997 1252 natum,

418 1286 756 1355 praeteritum
786 1300 908 1340 esse
953 1299 1094 1354 aegre
1146 1283 1353 1348 ferens,
1395 1299 1424 1336 a
1452 1281 1743 1351 Cleopatra
1774 1280 1914 1351 petit
1942 1288 2004 1334 ut

419 1377 532 1430 ﬁlio
588 1375 966 1444 pontiﬁcatum
1011 1375 1272 1445 impetret
1337 1373 1406 1428 ab
1451 1373 1696 1428 Antonio
1742 1389 1755 1426 :
1799 1370 2004 1442 quibus

420 1466 680 1535 precibus
707 1467 928 1534 segnius
945 1466 1013 1520 ab
1044 1466 1139 1520 illo
1163 1465 1428 1536 acceptis,
1451 1465 1656 1519 Dellius
1680 1464 1737 1518 in
1758 1464 2004 1519 Judaeam

419 1557 716 1626 profectus,
759 1556 922 1628 235
952 1557 1259 1614 Aristobuli
1291 1565 1350 1612 et
1385 1557 1716 1611 Mariamma:
1745 1555 2004 1626 conjugis

421 1646 657 1702 Ilerodis
696 1648 930 1703 formam
960 1648 1287 1715 admiratus,
1331 1647 1657 1703 Alexandra;
1685 1647 2004 1718 persuadet,

421 1747 484 1792 ut
514 1739 804 1794 amborum
845 1741 1144 1796 liberorum
1191 1740 1459 1811 imagines
1497 1739 1736 1794 Antonio
1776 1737 2002 1794 mittat:

422 1920 697 1975 Antonius
765 1921 1098 1991 imaginibus
1155 1921 1420 1990 acceptis,
1491 1921 1731 1990 puellam
1801 1918 2008 1976 Herodi

424 2021 652 2079 nuptam
702 2026 984 2068 accersere
1023 2010 1452 2078 verecundatus,
1498 2011 1665 2067 etiam
1708 2010 2012 2082 Cleopatrae

425 2103 844 2159 criminationes
887 2103 1198 2168 declinans,
1243 2103 1312 2158 ad
1361 2103 1635 2159 Herodem
1678 2102 1895 2166 scribit,
1951 2114 2012 2159 ut

426 2191 531 2246 sibi
569 2203 803 2261 puerum
833 2193 1038 2260 mittat,
1073 2208 1197 2248 cum
1241 2193 1344 2247 hac
1368 2192 1674 2264 appendice
1705 2209 1719 2246 :
1753 2191 2009 2264 uisigra-

425 2299 494 2341 ve
525 2285 630 2355 ipsi
664 2285 964 2341 videretur.
1014 2284 1260 2341 Herodes
1287 2300 1420 2340 vero
1463 2284 1690 2339 minime
1731 2298 1762 2338 e
1806 2298 1864 2338 re
1913 2299 2014 2339 sua

427 2393 552 2432 esse
577 2386 750 2440 ratus,
777 2378 822 2432 si
845 2377 1205 2433 Aristobulus
1231 2377 1553 2432 adolescens
1578 2375 2015 2431 formosissimus

429 2478 486 2522 et
533 2469 914 2525 nobilissimus
956 2470 1023 2524 ad
1065 2469 1367 2524 Antonium
1406 2468 1779 2522 Romanorum
1820 2475 2018 2538 poten-

433 2562 728 2628 tissimum,
782 2561 877 2631 qui
932 2561 1094 2617 facile
1133 2561 1420 2616 amoribus
1474 2560 1810 2623 irretiretur,
1846 2567 1902 2615 et
1945 2559 2015 2614 ad

432 2656 746 2726 voluptates
780 2671 1089 2728 propensus
1121 2663 1290 2723 esset,
1325 2657 1680 2711 mitteretur:
1713 2655 2014 2724 rescripsit,

432 2748 477 2801 si
532 2746 856 2802 adolescens
911 2746 1100 2802 Judaea
1149 2745 1500 2808 excessisset,
1551 2743 1734 2799 omnia
1778 2743 2018 2798 tumultu

431 2835 549 2890 fore
592 2838 776 2907 plena,
803 2840 986 2908 itaque
1019 2853 1078 2893 se
1107 2837 1348 2893 Antonio
1378 2836 1662 2892 excusavit
1689 2853 1704 2903 ;
1734 2846 1791 2891 et
1828 2836 2021 2890 amicis

434 2932 769 2997 convocatis,
793 2931 1156 2986 Alexandram
1185 2931 1480 2995 incusavit,
1502 2938 1763 2999 tanquam
1789 2943 2017 2999 regnum

435 3023 541 3078 sibi
578 3023 773 3079 fraude
804 3025 1020 3094 eripere
1047 3033 1365 3078 conantem.
1408 3021 1480 3078 Se
1511 3031 1694 3076 tamen
1728 3030 2021 3091 prOptcrea

2094 637 2284 692 θέσθαι
2316 635 2413 689 τὸν
2459 630 2754 703 Ὑρκανὸν,
2785 631 2818 700 ἢ
2858 629 2995 693 τέως
3046 631 3104 682 ἐν
3132 631 3322 700 χερσὶν
3351 629 3519 701 ἔχειν.
3556 631 3678 684 Ἐν-

2093 725 2388 788 δεδωκότος
2415 723 2470 777 δέ
2503 721 2599 776 τοῦ
2652 718 2870 792 Πάρθου
2929 719 3030 789 τὴν
3085 719 3468 792 ἀναχώρησιν,
3505 721 3676 774 ἀπελ-

2096 815 2206 870 θὼν
2245 814 2510 886 Ὑρκανὸς
2537 813 2627 865 διὰ
2679 812 2859 882 πάσης
2891 811 3059 880 ἤγετο
3098 810 3266 880 τιμῆς
3311 810 3451 880 πρὸς
3502 812 3679 882 Ἥρώ-

2096 911 2212 975 δου,
2239 909 2426 978 πατήρ
2455 923 2516 960 τε
2549 905 2911 976 καλούμενος,
2940 904 3036 958 καὶ
3072 903 3228 975 παρὰ
3268 907 3370 968 τάς
3402 903 3678 967 ἑστιάσεις

2098 997 2694 1070 προκατακλινόμενος,
2751 995 2849 1047 καὶ
2898 993 3171 1056 παντοίως
3230 991 3676 1061 ἐξαπατώμενος,

2099 1090 2186 1142 ἵνα
2220 1087 2297 1158 μὴ
2324 1085 2822 1156 ἐπιϐουλευόμενος
2851 1083 3138 1152 αἴσθηται.
3175 1081 3593 1154 Εὐλαϐούμενος
3621 1081 3680 1133 δὲ

2097 1182 2127 1234 ὁ
2161 1179 2408 1251 Ἡρώδης
2438 1179 2550 1233 τῶν
2583 1179 2878 1249 ἐπισήμων
2924 1179 3050 1230 τινα
3075 1175 3356 1241 ἀπυδείξαι
3393 1175 3680 1247 ἀρχιερέα,

2101 1275 2166 1326 ἐκ
2194 1270 2513 1334 Βαϐυλῶνος
2547 1270 3055 1341 μεταπεμψάμενος
3080 1268 3234 1340 ἱερέα
3263 1267 3374 1321 τῶν
3405 1267 3686 1339 ἀσημοτέ-

2106 1383 2238 1438 ρων,
2274 1364 2474 1436 Ἀναὴλ
2532 1365 2728 1435 δνομα,
2755 1364 2934 1432 τούτῳ
2963 1362 3063 1434 τὴν
3100 1360 3524 1433 ἀρχιερωσύνην
3551 1362 3688 1412 ἀπέ-

2103 1473 2313 1526 νειμεν.
2366 1454 2696 1525 Ἀλεξάνδρα
2727 1453 2784 1507 δέ
2819 1456 2852 1524 ἡ
2887 1452 3127 1524 πενθερὰ
3195 1451 3466 1522 Ἡρώδου,
3519 1451 3687 1506 παῖδα

2105 1547 2306 1618 ἔχουσα.
2362 1547 2717 1618 Ἀλεξάνδρου
2771 1545 2870 1599 τοῦ
2915 1544 3355 1616 Ἀριστοϐούλου,
3391 1544 3512 1615 ῶρᾳ
3548 1543 3686 1596 καλ-

2107 1642 2313 1705 λιστον,
2342 1640 2682 1712 καλούμενον
2736 1639 3176 1710 Ἀριστόϐουλον,
3214 1638 3471 1709 χαλεπῶς
3521 1637 3688 1707 ἔφερε

2107 1735 2206 1804 τὴν
2228 1733 2540 1804 παρόρασιν
2572 1732 2668 1787 τοῦ
2691 1732 2810 1786 υίοῦ
2828 1746 2844 1764 ⁶
2876 1733 2975 1786 καὶ
3000 1731 3206 1802 γράφει
3232 1733 3299 1801 τῇ
3329 1729 3689 1800 Κλεοπάτρα,

299 1853 309 1863 ·
421 1830 625 1898 quibus
659 1831 748 1885 ille
773 1831 1102 1900 conspectis,
1135 1830 1274 1886 nihil
1301 1809 1414 1884 non
1435 1843 1806 1885 concessurus
1837 1836 2003 1883 esset.

2121 1827 2447 1897 αἰτήσασθαι
2472 1825 2549 1896 τῷ
2581 1826 2738 1880 παιδὶ
2778 1826 2911 1896 παρ’
2944 1824 3238 1877 Ἀντωνίου
3277 1824 3379 1893 τὴν
3414 1824 3692 1892 ἀρχιερω-

2113 1919 2302 1988 σύνην.
2358 1917 2646 1972 Ἀντωνίου
2696 1917 2754 1971 δὲ
2785 1915 3126 1988 νωθέστερον
3179 1915 3521 1979 διατεθέντος
3563 1914 3694 1981 περὶ

2111 2011 2211 2080 τὴν
2246 2009 2485 2080 αἴτησιν,
2521 2011 2604 2071 είς
2630 2007 2898 2061 Ἰουδαίαν
2927 2006 3102 2061 ἐλθὼν
3134 2007 3380 2071 Δέλλιος,
3419 2006 3516 2060 καὶ
3569 2005 3695 2058 ἰδὼν

2111 2103 2205 2155 τὸν
2235 2100 2675 2172 Ἀριστόϐουλον,
2702 2101 2944 2170 ἠγάσθη,
2985 2101 3085 2170 οὐχ
3145 2095 3314 2172 ἦττον
3340 2101 3397 2154 δέ
3433 2100 3535 2173 τὴν
3572 2101 3696 2155 Μα-

2117 2194 2372 2266 ριάμμην
2401 2193 2504 2265 τὴν
2559 2194 2927 2248 συνοικοῦσαν
2967 2193 3046 2264 τῷ
3088 2193 3340 2264 βασιλεῖ·
3375 2195 3473 2246 καὶ
3516 2193 3698 2248 πείθει

2114 2289 2214 2359 τὴν
2240 2286 2599 2358 Ἀλεξάνδραν
2625 2286 2958 2358 ἀμφοτέρων
2998 2286 3110 2339 τῶν
3142 2287 3346 2340 παίδων
3373 2287 3591 2351 εἰκόνας
3622 2286 3699 2357 τῷ

2116 2381 2391 2452 Ἀντωνίῳ
2419 2382 2624 2434 στεῖλαι
2655 2396 2670 2411 ο
2705 2379 3052 2449 θεασαμένου
3108 2379 3216 2458 γὰρ
3261 2376 3382 2434 εἶπε
3421 2381 3496 2452 μή
3557 2397 3702 2443 τινος

2117 2477 2483 2545 ἀτευκτήσειν
2506 2468 2582 2530 ὧν
2609 2475 2776 2543 ἀξιοῖ.
2821 2476 2887 2528 Ἦ
2927 2476 3026 2547 μὲν
3055 2475 3151 2530 οὖν
3174 2475 3388 2546 πέμπει
3415 2476 3517 2539 τάς
3550 2475 3700 2528 είκδ-

2117 2585 2217 2631 νας
2241 2567 2320 2638 τῷ
2344 2567 2626 2638 Ἀντωνίῳ
2651 2582 2666 2598 ο
2697 2567 2726 2620 ὁ
2759 2567 2817 2620 δέ
2868 2567 2968 2638 τὴν
3006 2567 3106 2637 μὲν
3155 2567 3331 2637 κόρην
3373 2567 3578 2638 ᾐδέσθη
3607 2583 3702 2636 με-

2118 2659 2518 2729 ταπέμψασθαι
2551 2659 2955 2730 γεγαμημένην
3021 2658 3263 2732 Ἡρώδῃ,
3293 2661 3390 2713 καὶ
3439 2659 3557 2728 ἀμα
3602 2658 3706 2720 τὰς

2119 2753 2201 2816 είς
2247 2752 2608 2822 Κλεοπάτραν
2680 2751 2936 2816 διαϐολάς
2989 2751 3371 2817 ὑπεξέκλινεν,
3417 2749 3706 2805 ἐπέστειλε

2118 2840 2275 2910 δέτῷ
2317 2841 2534 2912 Ἡρώδῃ
2563 2840 2808 2911 πέμπειν
2854 2841 2949 2894 τὸν
2983 2842 3175 2908 παῖδα,
3220 2842 3616 2913 προσθέμενος,
3654 2842 3704 2892 εί

2126 2932 2202 3004 μὴ
2225 2931 2410 3001 δοκοίη
2446 2931 2607 3004 βαρύ.
2644 2933 2893 3004 Ἡρώδης
2924 2933 3002 2997 δὲ,
3034 2932 3352 3004 ἀσύμφορον
3382 2931 3561 3002 ἐαυτῷ
3584 2931 3710 3004 κρί-

2123 3024 2606 3096 νας,ὡραιότατον
2649 3027 2780 3081 δντα
2819 3029 2911 3081 τὸν
2949 3027 3388 3099 Ἀριστόϐουλον,
3425 3027 3521 3081 καὶ
3558 3027 3710 3094 γένει

439 3131 548 3168 non
583 3115 848 3186 injustum
878 3115 996 3170 fore
1029 3114 1189 3175 dixit,
1228 3114 1324 3169 sed
1365 3114 1476 3185 jam
1519 3111 1856 3167 adolescenti
1887 3127 2016 3181 pon-

2127 3119 2460 3192 προῠχοντα,
2513 3121 2651 3192 πρὸς
2681 3119 2974 3174 Ἀντώνιον
3008 3121 3188 3192 ἥκειν,
3222 3121 3482 3192 ἰσχύοντα
3509 3119 3584 3183 ὡς
3616 3119 3711 3172 ού·

439 3207 707 3260 tiﬁcatum
758 3206 1058 3261 daturum:
1099 3207 1197 3276 qui
1235 3221 1361 3260 cum
1415 3204 1628 3275 pridem
1677 3204 1839 3274 plane
1884 3218 2016 3273 puer

2126 3214 2237 3277 δεὶς
2275 3215 2586 3280 Ῥωμαίων,
2627 3213 2848 3284 ἐτοιμον
2874 3213 2942 3267 δὲ
2991 3214 3129 3282 πρὸς
3159 3211 3392 3282 ἔρωτας,
3431 3211 3525 3264 καὶ
3572 3211 3712 3281 πρὸς

437 3308 606 3360 esset,
636 3305 932 3368 propterea
967 3313 1025 3353 se
1067 3298 1238 3352 alium
1273 3295 1592 3367 pontiﬁcem
1639 3297 1851 3350 interea
1882 3295 2016 3349 desi-

2127 3305 2322 3375 ἡδονάς
2350 3305 2753 3374 εὐκατάφορον,
2794 3302 3145 3374 ἀντέγραψεν
3167 3303 3267 3368 ὡς,
3297 3305 3350 3356 εί
3393 3303 3585 3373 ἐξέλθῃ
3613 3303 3715 3371 τῆς

438 3403 655 3457 gnasse.
703 3390 834 3455 Qua:
860 3405 985 3444 cum
1023 3390 1278 3453 dixisset,
1310 3387 1622 3443 Alexandra
1663 3397 1720 3442 et
1753 3388 1939 3442 laetitia
1969 3395 2016 3442 et

2128 3395 2315 3468 χώρας
2342 3397 2404 3450 τὸ
2445 3399 2756 3467 μειράκιον,
2789 3397 3009 3451 ἅπαντα
3033 3396 3283 3468 ταραχῆς
3313 3394 3710 3465 ἐμπλησθήσε-

440 3485 591 3530 metu
621 3477 818 3531 affecta
846 3486 947 3532 est.
980 3477 1212 3543 Laetitia,
1244 3477 1316 3532 ob
1341 3475 1439 3531 lilii
1472 3477 1736 3532 honorem
1763 3493 1778 3542 ;
1806 3477 2016 3537 timore,

2129 3503 2242 3539 ται.
2297 3487 2407 3539 Καὶ
2454 3485 2598 3539 οὕτω
2659 3485 2758 3555 μέν
2827 3487 3192 3559 παρῃτήσατο
3245 3486 3341 3539 τὸν
3395 3484 3713 3539 Ἀντώνιονο

440 3568 514 3622 ob
576 3567 812 3624 Ilerodis
871 3569 1268 3638 suspicionem.
1338 3568 1519 3639 Seque
1577 3584 1702 3624 cum
1770 3568 2016 3639 Iacrymis

2131 3580 2257 3641 τοὺς
2279 3577 2336 3631 δέ
2362 3577 2549 3646 φίλους
2571 3576 2866 3648 ἀθροίσας,
2892 3579 3086 3649 ὴτιᾶτο
3102 3575 3202 3647 τὴν
3221 3575 3606 3646 Ἀλεξάνδραν,
3640 3573 3718 3634 ὼς

440 3664 746 3727 excusavit,
783 3679 842 3719 se
885 3665 1264 3734 pontiﬁcatum
1304 3665 1528 3734 quidem
1555 3663 1915 3734 appetivisse,
1939 3678 2016 3718 re-

2135 3669 2620 3734 ἐπιϐουλεύουσαν,
2663 3670 2730 3724 ἵν’
2781 3669 2944 3731 αὐτὸς
3027 3668 3305 3740 ἀφαιρεθῇ
3355 3667 3456 3738 τὴν
3498 3667 3713 3737 ἀρχὴνο

442 3770 608 3824 gnum
641 3763 826 3809 autem
870 3771 981 3810 non
1026 3754 1313 3811 affectasse
1343 3771 1358 3809 :
1388 3770 1453 3810 ac
1470 3756 1580 3826 jam
1606 3755 1873 3809 honorem
1913 3754 2016 3810 ﬁlio

2134 3759 2280 3813 Ἀλλ’
2310 3761 2411 3814 οὐκ
2440 3761 2628 3826 αὐτὸς,
2655 3759 2784 3830 ἔφη,
2818 3760 2906 3815 διά
2933 3759 3096 3814 τοῦτο
3120 3759 3305 3821 ἄδικος
3333 3757 3554 3828 ἔσομαι,
3577 3755 3718 3810 ἀλλά

446 3847 716 3902 tributum
754 3847 1037 3918 amplecti,
1069 3856 1125 3903 et
1157 3847 1485 3918 morigeram
1517 3847 1570 3903 in
1602 3845 1862 3901 omnibus
1889 3845 1940 3900 ei
1967 3860 2016 3900 se

2133 3849 2228 3904 νῦν
2249 3850 2444 3920 δίδωμι
2477 3852 2576 3922 τὴν
2610 3851 2916 3924 ἱερωσύνην
2943 3849 3023 3922 τῷ
3075 3850 3304 3920 μείρακι
3331 3865 3346 3877 ⁶
3378 3848 3567 3911 παιδὸς
3604 3849 3717 3916 γέρ

443 3939 683 3994 futuram
733 3941 976 4011 pollicita
1014 3952 1118 3997 est.
1157 3940 1250 3997 Sic
1298 3941 1444 3996 inter
1489 3956 1548 3996 se
1590 3939 1883 4006 collocuti,
1912 3937 2016 3994 dis-

2132 3941 2286 4004 ὖντος
2315 3942 2633 3996 παντάπασι
2669 3940 2882 4013 πρώην,
2917 3943 3009 3996 διὰ
3031 3941 3192 3995 τοῦτο
3227 3943 3420 4012 ἕτερον
3454 3940 3720 4010 ἀρχιερέα

444 4046 754 4090 cesserunt.
1429 4028 1437 4034 ’
2133 4033 2391 4104 ἐποίησα..
2414 4032 2602 4098 Οὕτως
2627 4035 2899 4102 εἰπόντος,
2931 4035 3083 4106 χαρά
3099 4051 3158 4088 τε
3193 4033 3311 4104 ἆρα
3337 4035 3431 4088 καὶ
3466 4034 3588 4096 δέος
3619 4031 3722 4101 τὴν

444 4123 808 4195 Ἀλεξάνδραν
860 4122 1014 4198 εἶχε*
1063 4127 1214 4199 χαρά
1289 4126 1389 4198 μὲν
1447 4123 1536 4179 διὰ
1583 4126 1686 4197 τὴν
1738 4127 1908 4194 τιμὴν
1957 4121 2053 4176 τοῦ
2117 4125 2334 4192 παιδὸς,
2403 4126 2526 4190 δέος
2573 4126 2633 4180 δὲ
2691 4125 2778 4180 διά
2826 4125 2924 4198 τὴν
2977 4125 3214 4195 ὑποψίαν
3289 4125 3558 4197 Ἡρώδου.
3611 4113 3724 4175 Καὶ

445 4217 766 4285 ἀπελογεῖτο
817 4219 1149 4289 δακρύουσα,
1223 4220 1352 4292 περὶ
1403 4217 1505 4288 μὲν
1565 4218 1666 4287 τῆς
1730 4215 2031 4287 ἱερωσύνης
2073 4219 2398 4283 σπουδάσαι,
2443 4219 2694 4291 βασιλείᾳ,
2756 4219 2815 4272 δέ
2876 4219 2952 4289 μὴ
3005 4221 3398 4290 ἐπιχειρῆσαισ
3472 4219 3568 4274 καὶ
3628 4219 3723 4274 νῦν

445 4314 700 4384 δέχεσθαι
727 4317 807 4379 είς
842 4317 937 4370 τὸν
993 4317 1108 4371 υἱὸν
1150 4317 1250 4390 τὴν
1295 4315 1487 4388 τιμὴν,
1543 4313 1767 4369 ἔσεσθαι
1799 4315 1856 4368 δὲ
1887 4316 2024 4386 πρὸς
2064 4319 2174 4370 πᾶν
2243 4320 2489 4389 ὑπήκοος
2544 4317 2940 4373 διεϐεϐαιοῦτο.
2981 4318 3168 4384 Οὕτως
3215 4320 3580 4390 ὁμιλήσαντες
3615 4319 3718 4372 διε-

446 4403 654 4461 λύοντο.

523 4495 662 4551 XIII.
712 4496 874 4552 Omni
935 4498 1252 4568 suspicione
1305 4490 1542 4563 sublata,
1594 4508 1652 4554 et
1711 4497 2016 4569 pontiﬁcali

2217 4495 2318 4552 Il".
2348 4497 2539 4570 Πάσης
2590 4494 2754 4565 δῆθεν
2811 4493 3048 4565 ὑποψίας
3097 4497 3469 4567 ἐξηρημένης,
3517 4497 3618 4567 τῆς
3669 4497 3726 4551 δὲ

451 4603 625 4658 puero
668 4587 986 4644 Aristobulo
1019 4590 1241 4655 tradito,
1285 4589 1529 4644 Herodes
1572 4605 1660 4644 res
1700 4590 2016 4645 domestica:

2140 4587 2560 4662 ἀρχιερωσύνης
2609 4587 2686 4654 τῷ
2757 4587 2906 4640 παιδὶ
2974 4586 3228 4656 δοθείσης
3300 4589 3725 4658 Ἀριστοϐούλῳ,

453 4680 828 4735 constituendi
847 4681 1104 4750 cupidus,
1127 4682 1518 4745 Alexandram,
1539 4697 1703 4752 quam
1721 4689 2032 4752 suspectam

453 4770 716 4832 habebat,
780 4771 838 4825 in
894 4773 1042 4841 regia
1093 4771 1291 4842 degere
1339 4771 1548 4843 jussit,
1605 4786 1786 4841 neque
1841 4781 2034 4840 suapte

455 4863 787 4918 auctoritate
822 4863 1124 4934 quidquam
1161 4879 1346 4935 agere.
1379 4865 1509 4932 Qum
1549 4881 1676 4920 cum
1703 4874 1957 4920 accurate
2003 4880 2032 4918 a

455 4953 788 5023 quibusdam
851 4955 1260 5022 observaretur,
1314 4967 1658 5027 exasperata,
1716 4966 1772 5012 et
1817 4957 2036 5028 quidvis

456 5046 647 5116 potius
701 5045 1046 5101 tolerandum
1099 5056 1237 5112 rata,
1278 5065 1442 5119 quam
1488 5049 1654 5104 vitam
1700 5050 1956 5105 servilem
1980 5056 2037 5102 et

457 5139 770 5206 sollicitam,
810 5139 1118 5209 Cleopatra:
1137 5156 1297 5210 opem
1340 5141 1617 5211 implorat,
1651 5150 1795 5196 statu
1851 5157 2034 5196 rerum

456 5247 682 5287 suarum
737 5232 1010 5302 exposito.
1052 5233 1182 5300 Qum
1230 5249 1356 5289 cum
1383 5249 1503 5289 eam
1551 5250 1678 5289 cum
1727 5234 1838 5289 ﬁlio
1885 5234 1952 5288 ad
1979 5250 2037 5290 se

457 5324 754 5394 confugere
795 5324 1054 5394 iussisset
1097 5341 1112 5378 :
1147 5325 1365 5381 duabus
1412 5326 1566 5381 cistis
1598 5327 1754 5397 quasi
1795 5327 1865 5381 ad
1906 5327 2037 5382 effc-

460 5416 694 5471 rendum
753 5416 922 5472 funus
970 5410 1310 5489 praeparatis,
1377 5419 1432 5473 in
1493 5435 1586 5474 eas
1641 5435 1699 5474 se
1748 5430 1804 5476 et
1867 5419 2036 5475 ﬁlium

461 5508 746 5564 includere
769 5511 984 5574 statuit,
1011 5527 1148 5580 quas
1171 5511 1345 5566 servis
1372 5511 1450 5566 rei
1477 5513 1714 5567 consciis
1737 5511 2037 5578 mandavit,

461 5610 522 5655 ut
573 5613 738 5658 noctu
775 5603 843 5658 ad
889 5619 1040 5658 mare
1075 5603 1376 5670 deferrent,
1419 5603 1512 5660 ubi
1557 5611 1802 5674 paratam
1856 5607 2037 5661 navim

467 5689 765 5757 habebant,
797 5708 906 5761 qua
925 5694 978 5747 in
999 5694 1292 5766 [Egyptum
1317 5697 1651 5768 navigarent.
1673 5698 1736 5753 Id
1751 5697 2039 5754 consilium

465 5778 629 5852 236
655 5781 897 5838 Ilerodes
925 5800 954 5838 e
977 5786 1214 5854 quodam
1239 5803 1528 5844 servorum
1559 5790 1708 5846 illius
1733 5790 2038 5861 cognitum,

2141 4681 2293 4744 ἔδοξε
2323 4681 2391 4733 τὰ
2425 4679 2570 4732 κατά
2598 4679 2700 4750 τὴν
2729 4678 2907 4732 οὶκίαν
2942 4679 3376 4750 θεραπευθῆναι.
3421 4680 3638 4752 Ἡρώδῃ
3671 4682 3729 4735 δὲ

2143 4774 2177 4842 ἡ
2231 4769 2567 4840 Ἀλεξάνδρα
2609 4769 2856 4832 ὕποπτος
2883 4766 2972 4841 ἦν,
3011 4771 3106 4823 καὶ
3138 4771 3197 4824 ἐν
3256 4773 3370 4834 τοῖς
3433 4770 3732 4841 βασιλείοις

2141 4863 2440 4934 διατρίϐειν
2470 4860 2640 4932 αὐτὴν
2671 4862 2893 4933 ἀπῄτει,
2928 4862 3024 4914 καὶ
3091 4861 3257 4934 μηδὲν
3328 4865 3416 4916 ἐπ’
3475 4864 3731 4928 ἐξουσίας

2141 4957 2299 5026 δρᾷν,
2335 4954 2433 5008 καὶ
2464 4954 2746 5025 ἐπιμελῶς
2781 4955 2955 5025 αὐτὴν
2989 4951 3132 5024 ἦσάν
3154 4972 3303 5020 τινες
3333 4957 3727 5024 φυλάσσοντες.

2156 5049 2224 5102 Ἡ
2250 5049 2296 5102 δ’
2359 5046 2710 5118 ἐξηγριοῦτο,
2759 5049 2868 5101 πᾶν
2920 5047 3101 5101 ὁτιοῦν
3139 5048 3434 5118 ὑπομεῖναι
3494 5048 3729 5120 προκρί-

2145 5159 2312 5196 νουσα
2345 5141 2377 5212 ἦ
2415 5141 2555 5211 μετά
2593 5139 2841 5204 δουλείας
2878 5140 2974 5194 καὶ
3031 5141 3215 5210 φόϐων
3267 5140 3437 5212 βιοῦν.
3480 5141 3592 5194 Καὶ
3627 5141 3731 5213 τὴν

2148 5231 2512 5303 Κλεοπάτραν
2545 5232 2854 5301 παρεκάλει
2895 5234 3236 5302 ἐπικουρεῖν,
3304 5232 3374 5286 τὰ
3406 5234 3466 5286 ἐν
3519 5228 3600 5295 οἷς
3642 5233 3730 5304 εἴη

2146 5323 2464 5386 δηλώσασα.
2518 5324 2580 5377 'Il
2618 5324 2674 5376 δέ
2711 5324 2809 5376 σὺν
2833 5323 2911 5394 τῷ
2944 5323 3095 5377 παιδὶ
3136 5323 3272 5394 πρὸς
3309 5325 3480 5395 αὐτὴν
3534 5325 3734 5379 ἀποδι-

2147 5417 2408 5490 δράσκειν
2447 5417 2697 5470 ἐκέλευε.
2724 5417 2830 5470 Δύο
2853 5418 2986 5484 γοῦν
3039 5417 3321 5490 λάρνακας
3371 5437 3734 5490 παρασκευα-

2149 5510 2362 5582 σαμένη
2396 5510 2471 5575 ὡς
2504 5512 2584 5575 εἰς
2618 5509 2917 5581 ἐκκομιδὴν
2954 5511 3223 5581 σωμάτων
3247 5512 3478 5584 νεκρῶν,
3506 5514 3735 5578 ταύταις

2147 5602 2379 5675 ἔμελλεν
2416 5603 2618 5674 ἑαυτὴν
2651 5604 2744 5657 καὶ
2781 5602 2874 5656 τὸν
2923 5602 3040 5658 υἱὸν
3074 5603 3358 5674 ἐμϐαλεῖν,
3423 5604 3732 5671 ἐπιτάξασα

2149 5699 2264 5760 τοῖς
2325 5696 2596 5749 συνειδόσι
2643 5694 2754 5749 τῶν
2795 5694 3024 5748 οἰκετῶν
3081 5697 3275 5760 νυκτὸς
3321 5697 3581 5769 ἐκφέρειν
3634 5700 3734 5750 καὶ

2151 5790 2402 5861 κομίζειν
2436 5789 2572 5861 πρῢς
2598 5788 2898 5858 θάλασσαν,
2935 5788 3075 5844 ὅπου
3107 5789 3201 5844 καὶ
3231 5789 3415 5844 πλοῖον
3456 5790 3640 5857 aia-cci,-
3691 5785 3738 5859 ᾧ
