4074 6402
376 321 480 386 421

1645 324 2057 387 ANNALIUM
2096 326 2244 387 LIB.
2285 329 2353 388 V.

3529 331 3644 394 422

379 439 535 493 πλεῖν
572 435 666 489 ἐπὶ
697 433 976 502 Αἴγυπτον
1013 433 1241 505 ἔμελλον
1293 434 1736 506 παρεσκεύαστο.
1777 436 1964 489 Ταῦτα

2067 451 2133 489 eo
2163 452 2334 505 usque
2389 438 2640 509 progredi
2692 453 2886 509 passus
2915 448 3020 506 est,
3050 439 3228 495 donec
3269 439 3324 494 in
3367 442 3484 512 ipsa
3516 445 3646 516 fuga

376 530 407 581 ό
464 525 697 598 Ηρώδης
727 523 791 578 ἐκ
846 540 994 588 τινος
1041 525 1154 578 τῶν
1188 525 1419 578 οἰκετῶν
1466 525 1683 597 ἐκείνης
1741 526 1955 597 μαθὼν,

379 613 478 668 καῒ
514 610 802 682 προελθεῖν
853 613 1022 675 ἐάσας
1073 612 1237 684 μέχρι
1284 613 1381 682 τῆς
1442 615 1836 684 ἐγχειρήσεως,
1865 614 1960 668 ἐπ’

377 705 516 775 αὐτῇ
554 707 620 774 τῇ
652 703 854 775 πράξει
889 701 986 756 τοῦ
1016 703 1266 774 δρασμοῦ
1320 705 1609 760 συνέλαϐε.
1644 706 1872 776 Παρῆκε
1901 708 1960 760 δὲ

378 796 442 850 τὸ
475 795 786 866 ἁμάρτημα
809 793 960 863 φόϐῳ
979 794 1489 864 τῆς-Κλεοπάτρας,
1511 791 1754 851 ἀλλὀὐκ
1783 799 1960 852 ἐπιει-

380 885 528 956 κείᾳ.
575 884 854 936 Ἐδὲδοκτο
884 883 930 935 δ’
993 882 1144 953 αύτῷ
1189 884 1437 938 ἐκποδὼν
1497 887 1834 955 ποιήσασθαι
1897 887 1963 941 τὸ

388 976 702 1048 μειράκιον.
739 975 1012 1044 Ἔϐδομον
1044 974 1136 1028 οὖν
1171 977 1265 1029 καὶ
1295 976 1525 1031 δέκατον
1567 980 1791 1048 γεγονὸς
1815 979 1960 1047 ἔτος,

383 1067 616 1135 ἀνῆλθεν
633 1065 729 1119 ἐπὶ
757 1064 851 1119 τὸν
881 1064 1091 1136 βωμδν,
1127 1065 1293 1120 θῦσον
1329 1068 1476 1122 κατὰ
1499 1069 1600 1140 τὴν
1627 1071 1727 1139 τῆς
1757 1071 1961 1140 Σκηνοο

389 1158 596 1228 πηγίας
625 1157 846 1228 ἑορτὴν,
871 1157 1261 1226 ἐστολισμένον
1299 1159 1728 1232 ἀρχιερατικῶς.
1783 1161 1960 1232 Ὁρμὴ

386 1251 441 1304 te
460 1250 538 1320 τῷ
562 1250 764 1321 πλήθει
811 1250 952 1322 πρὸς
981 1251 1114 1304 αὐτὸ
1142 1239 1356 1316 εὐνοίας
1407 1254 1630 1316 ἐγένετο
1689 1254 1778 1308 διά
1807 1270 1868 1306 τε
1899 1254 1962 1306 τὸ

346 1400 351 1405 _
385 1342 608 1406 κάλλος,
637 1343 736 1395 καὶ
776 1341 840 1396 τδ
878 1342 975 1397 τοῦ
1021 1344 1278 1413 σώματος
1315 1344 1570 1415 μέγεθος,
1619 1345 1716 1399 καὶ
1765 1345 1826 1399 τὸ
1863 1346 1961 1398 τοῦ

385 1435 578 1502 γένους
608 1432 852 1504 ἀξίωμα,
895 1433 1117 1504 ἔχαιρόν
1136 1452 1198 1488 τε
1225 1436 1341 1506 άμα
1374 1436 1471 1490 καὶ
1495 1437 1836 1508 συνεχέοντο,
1869 1439 1963 1490 καὶ

385 1525 568 1592 φωνάς
585 1524 868 1594 εὐφήμους
893 1525 1090 1596 ὴφίουν
1123 1526 1315 1596 εὐχαῖς
1345 1528 1712 1598 μεμιγμένας.
1739 1527 1962 1592 Τούτοις

386 1615 631 1686 κινηθεὶς
675 1615 944 1686 Ἡρώδης,
990 1616 1193 1686 μᾶλλον
1223 1617 1380 1672 ἔθετο
1417 1617 1497 1688 τῷ
1532 1619 1676 1672 κατὰ
1717 1616 1810 1672 τοῦ
1841 1636 1963 1688 μει-

388 1707 584 1777 ρακίου
623 1707 830 1778 σκοπῷ.
870 1708 983 1761 Καὶ
1004 1707 1108 1778 τῆς
1159 1709 1358 1779 ἑορτῆς
1395 1709 1796 1782 παρελθούσης,
1838 1711 1961 1782 μεθ’

2062 527 2612 596 deprehenderentur
2645 547 2659 583 :
2701 545 2768 585 ac
2789 530 3053 585 delictum
3093 531 3148 584 id
3180 546 3289 585 non
3315 541 3421 586 tam
3451 534 3648 590 huma-

2061 619 2252 684 nitate,
2281 635 2444 689 quam
2477 621 2782 690 Cleopatrae
2827 634 2977 676 metu
3033 621 3325 688 adductus,
3374 625 3481 680 illis
3509 641 3646 682 con-

2061 708 2305 763 donavit.
2362 709 2468 765 Sed
2517 725 2642 764 cum
2709 712 2936 766 omnino
2974 711 3032 766 in
3093 713 3279 767 animo
3339 714 3570 773 haberet
3613 732 3646 772 ο

2062 800 2250 854 medio
2295 800 2486 856 tollere
2531 801 2958 870 adolescentem,
3017 805 3220 860 accidit
3269 816 3332 860 ut
3366 807 3414 862 is
3438 823 3644 864 annum

2060 891 2237 945 aetatis
2265 906 2374 945 xvn
2405 907 2596 961 agens,
2644 894 2701 947 in
2757 894 2898 948 festo
2950 895 3457 954 Tabernaculorum
3507 916 3646 970 pon-

2064 979 2232 1035 tilicia
2261 981 2398 1036 stola
2448 992 2697 1050 ornatus,
2756 999 2905 1038 aram
2959 986 3028 1040 ad
3083 986 3446 1046 immolandas
3481 991 3646 1046 victi-

2063 1087 2178 1126 mas
2215 1075 2633 1141 conscenderet,
2665 1090 2743 1141 ac
2775 1078 3011 1146 populus
3059 1078 3267 1148 impetu
3297 1082 3533 1150 quodam
3576 1085 3646 1139 ad

2062 1161 2182 1230 ejus
2233 1163 2674 1218 benevolentiam
2721 1165 2982 1234 ferretur,
3031 1177 3145 1222 tum
3193 1171 3264 1224 ob
3311 1172 3542 1229 formam
3589 1183 3650 1230 et

2063 1251 2313 1320 corporis
2345 1254 2804 1324 magnitudinem,
2832 1265 2948 1312 tum
2963 1259 3035 1312 ob
3060 1259 3281 1315 familia:
3301 1262 3645 1332 dignitatem,

2063 1355 2127 1395 ac
2158 1343 2320 1397 simul
2349 1352 2406 1399 et
2437 1347 2704 1415 gauderet
2733 1357 2792 1404 et
2834 1361 3114 1416 mereret,
3143 1359 3198 1406 et
3248 1352 3445 1409 faustis
3471 1357 3650 1411 accla-

2063 1434 2399 1490 inationibus
2441 1452 2640 1506 preces
2691 1439 2968 1495 misceret.
3012 1441 3084 1496 lis
3127 1443 3297 1499 rebus
3338 1456 3649 1503 commotus

2062 1522 2326 1589 Herodes,
2379 1529 2552 1598 magis
2603 1529 2771 1584 etiam
2821 1531 2877 1586 id
2933 1533 3224 1588 consilium
3277 1538 3438 1603 nrsit,
3497 1543 3644 1608 quod

2063 1623 2257 1667 contra
2329 1614 2482 1669 illum
2545 1627 2789 1688 ceperat.
2864 1619 3137 1692 Festoque
3205 1633 3468 1693 peracto,
3522 1635 3649 1696 post

2064 1704 2378 1758 convivium
2419 1705 2469 1760 ei
2504 1708 2890 1777 sejucundum
2935 1710 3195 1778 praebuit,
3230 1712 3552 1781 iuveniliter
3580 1731 3648 1770 ac

389 1800 634 1854 ἐστίασιν
663 1800 1162 1873 φιλοφρονούμενος
1187 1803 1248 1856 τὸ
1285 1803 1596 1874 μειράκιον,
1627 1803 1964 1858 ἐνεανιεύετο

2067 1794 2260 1853 festive
2299 1797 2544 1866 collusit,
2581 1813 2646 1854 ac
2688 1800 2744 1855 in
2774 1800 2988 1870 piscina
3017 1818 3124 1857 una
3147 1819 3274 1859 cum
3314 1819 3382 1860 eo
3416 1809 3647 1862 natavit.

387 1893 482 1944 καὶ
507 1892 880 1963 προσέπαιζεν
908 1894 1058 1966 αὐτῷ
1087 1894 1472 1966 χαριζόμενος,
1497 1896 1603 1951 κάν
1628 1899 1750 1960 ταῖς
1765 1897 1969 1968 κολυμ-

386 1980 619 2052 ϐήθραις
645 1984 922 2052 ἐνήχοντο.
961 1986 1025 2038 Οί
1053 1984 1100 2037 δ’
1154 1984 1395 2056 Ἡρώδου
1431 1986 1601 2056 φίλοι,
1630 1987 1966 2058 συννηχόμε-

389 2089 469 2125 νοι
506 2072 582 2135 ώς
614 2073 672 2123 ἐν
708 2073 924 2144 παιδιᾷ,
954 2073 1004 2127 οἳ
1033 2075 1334 2146 συνῄδεσαν
1366 2076 1426 2128 τὸ
1471 2079 1808 2149 ἀπόρρητον,
1867 2081 1967 2132 οὐκ

387 2165 595 2236 ἀνῆκαν
641 2167 1043 2238 συμπιέζοντες
1097 2169 1186 2223 ἀεὶ
1253 2168 1350 2222 τὸν
1389 2169 1808 2242 Ἀριστόϐουλον
1873 2171 1968 2226 καὶ

389 2257 766 2326 βαπτίζοντες,
803 2258 965 2328 μέχρι
983 2258 1080 2312 τοῦ
1117 2260 1439 2327 άποπνίξαι.
1478 2262 1636 2316 Καὶό
1672 2263 1772 2332 μὲν
1791 2262 1968 2327 οὕτως

394 2349 586 2415 ὤλετο,
621 2350 778 2404 οὔπω
803 2351 896 2405 τὸν
932 2351 1409 2406 ὀκτωκαιδέκατον
1432 2353 1636 2418 ἀνύσας
1691 2355 1964 2410 ἐνιαυτόν.

390 2441 528 2494 nisi
563 2442 621 2495 δὲ
643 2443 706 2494 τὸ
736 2441 908 2504 πάθος
937 2443 1114 2494 οἰκεία
1152 2443 1472 2513 νενόμισται
1517 2443 1796 2515 συμφορά.
1857 2446 1968 2499 Καὶ

401 2531 748 2603 Ἀλεξάνδρα,
787 2535 1011 2586 συνεῖσα
1042 2533 1138 2586 καὶ
1163 2535 1263 2606 τὴν
1301 2535 1485 2589 αἰτίαν
1517 2536 1616 2606 τῆς
1667 2536 1965 2600 ἀπωλείας,

386 2623 468 2680 ἔτι
503 2625 706 2695 μᾶλλον
726 2626 805 2697 τῷ
833 2626 995 2680 πάθει
1027 2627 1329 2698 συνείχετο,
1365 2628 1790 2700 ἐνεκαρτέρειδὲ
1818 2629 1968 2697 φόϐῳ

388 2718 574 2771 κακῶν
599 2717 831 2788 ἐτέρων.
879 2716 1128 2789 Ἡρώδης
1163 2719 1220 2772 δὲ
1253 2719 1433 2774 πάντα
1465 2721 1814 2791 ἐπετήδευεν,
1839 2722 1967 2774 άποο

389 2809 797 2878 σκευαζόμενος
841 2809 940 2880 τὴν
979 2810 1256 2874 ὑπόνοιαν,
1291 2812 1386 2865 καὶ
1412 2809 1684 2882 δακρύων,
1708 2812 1806 2866 καὶ
1834 2831 1968 2883 συγ-

389 2901 667 2972 χεόμενος,
697 2903 793 2955 καὶ
827 2901 1098 2972 πολυτελῆ
1125 2902 1226 2976 τὴν
1258 2904 1503 2974 ἐκφορὰν
1529 2903 1964 2974 ἐνδεικνύμενος.

404 2994 731 3064 Ἀλεξάνδρα
760 2994 817 3047 δέ
841 2993 1048 3048 τούτων
1075 2995 1257 3049 οὐδενὶ
1301 2995 1659 3064 ἐμαλάττετο,
1704 2995 1844 3050 ἀλλὰ
1897 3000 1966 3068 τῇ

391 3087 719 3158 Κλεοπάτρᾳ
747 3087 955 3158 γράφει
1011 3087 1112 3156 τὴν
1153 3086 1214 3152 ἐξ
1259 3087 1554 3159 ἐπιϐουλῆς
1611 3087 1851 3158 Ἡρώδου
1872 3089 1966 3143 τοῦ

390 3177 534 3241 υἱέος
573 3175 874 3232 ἀπώλειαν.
911 3178 976 3230 Ἡ
1005 3177 1065 3231 δὲ
1085 3177 1180 3232 τὸν
1216 3166 1504 3237 ’Λντώνιον
1549 3178 1776 3250 ἠρέθιζε
1801 3179 1962 3234 τίσα-

394 3269 515 3321 σθαι
540 3269 632 3322 τὸν
667 3269 763 3321 τοῦ
794 3267 985 3332 παιδὸς
1017 3269 1200 3336 φόνον.
1233 3267 1454 3339 Πέμπει
1508 3263 1603 3322 οὖν
1653 3269 1962 3333 Ἀντώνιος,

392 3361 834 3414 κελεύωεγέλθεῖν
875 3361 1128 3432 Ἡρώδην
1151 3363 1232 3425 είς
1258 3363 1609 3428 Λαοδίκειαν,
1636 3361 1728 3416 καὶ
1766 3362 1966 3416 ἀπολο-

391 3453 690 3523 γήσασθαι.
731 3455 788 3507 Ὀ
817 3453 874 3507 δέ
897 3455 998 3525 τὴν
1027 3455 1211 3510 αἰτίαν
1231 3453 1510 3519 δεδοικὼς,
1536 3455 1631 3509 καὶ
1669 3455 1769 3525 τὴν
1793 3454 1966 3507 Κλεοο

394 3546 608 3618 πάτρας
640 3546 994 3616 δυσμένειαν,
1027 3545 1230 3613 ἀπιὼν,
1265 3547 1467 3618 Ἰωσὴφ
1487 3549 1584 3601 τὸν
1610 3547 1756 3602 θετον
1796 3546 1964 3600 αὑτοῦ

393 3637 687 3707 ἐπίτροπον
709 3637 815 3690 τῶν
841 3638 962 3690 ἐκεῖ
992 3638 1341 3708 πραγμάτων
1375 3639 1692 3701 κατέλιπεν,
1727 3638 1967 3692 ἐντειλά-

395 3745 556 3798 μενος
575 3727 770 3800 λάθρα,
797 3729 846 3782 εί
875 3727 1040 3782 πάθοι
1069 3746 1123 3782 τι
1151 3729 1285 3800 παρ’
1323 3731 1614 3784 Ἀντωνίου
1649 3730 1835 3796 αὐτὸς,
1871 3731 1967 3784 αὑ-

391 3819 519 3873 τίκα
545 3819 646 3890 τὴν
668 3819 906 3891 Μαριάμ
949 3820 1183 3888 ἀνελεῖν,
1226 3820 1316 3876 ῐνα
1357 3821 1456 3891 μὴ,
1503 3821 1830 3892 τεθνηκότος
1861 3822 1965 3874 αὑ-

389 3910 510 3977 τοῦ,
549 3911 723 3982 ἐτέρῳ
776 3910 866 3964 διά
892 3909 992 3982 τὴν
1045 3911 1362 3983 ὡραιότητα
1405 3913 1653 3982 γένηται.
1721 3912 1966 3984 Ἡρώδης

394 4004 495 4075 μὲν
516 4000 608 4058 οὖν
628 4004 1023 4075 ἁπῄει.’ίωσὴφ
1057 4003 1140 4070 δὲ,
1173 4004 1242 4058 τά
1275 4005 1376 4074 τῆς
1402 4005 1580 4075 ἀρχῆς
1609 4004 1850 4071 διοικῶν,
1870 4007 1966 4058 καὶ

393 4099 635 4167 συνεχῶς
661 4097 1006 4165 ἐντυγχάνων
1033 4099 1101 4166 τῇ
1124 4095 1364 4167 Μαριὰμ
1388 4099 1483 4150 καὶ
1513 4099 1581 4168 τῇ
1619 4096 1964 4169 Ἀλεξάνδρᾳ,

391 4188 492 4258 τὴν
522 4189 659 4259 πρὸς
685 4189 791 4260 τῆν
825 4189 1058 4258 Μαριὰμ
1105 4188 1348 4259 διηγεῖτο
1379 4187 1471 4241 τοῦ
1501 4187 1767 4258 βασιλέως
1788 4188 1968 4242 διάθε-

394 4297 500 4333 σιν.
535 4281 990 4352 Είρωνευομένων
1015 4279 1060 4332 δ’
1099 4281 1326 4334 ἐκείνων
1388 4280 1527 4350 πρὸς
1577 4279 1704 4343 τοὺς
1753 4279 1964 4348 λόγους,

395 4370 646 4442 προήχθη
673 4372 770 4423 καὶ
808 4370 872 4423 τδ
916 4370 1016 4440 τῆς
1069 4371 1292 4441 ἐντολῆς
1341 4371 1577 4440 ἐκφῆναι
1629 4371 1962 4442 ἀπόρρητον.

2069 1886 2269 1941 Verum
2317 1887 2548 1944 Herodis
2595 1891 2782 1955 amici,
2821 1892 3010 1946 arcani
3057 1895 3289 1959 conscii,
3343 1897 3500 1966 quasi
3549 1914 3650 1968 per

2061 1978 2247 2048 jocum
2284 1977 2661 2035 Aristobulum
2705 1986 2960 2051 premere
2983 1993 3042 2038 et
3072 1999 3324 2055 mergere
3360 2001 3468 2042 non
3496 1989 3651 2057 prius

2068 2069 2422 2135 destiterunt,
2455 2086 2620 2140 quam
2647 2072 3036 2128 suﬁocassent.
3086 2074 3169 2129 Eo
3197 2076 3441 2130 nondum
3475 2093 3652 2132 annos

2067 2168 2200 2214 nato
2243 2175 2377 2215 xvm
2431 2162 2514 2216 sic
2555 2172 2812 2227 enecato,
2843 2178 3031 2218 casum
3081 2164 3230 2219 illum
3261 2166 3496 2236 quiSque
3540 2184 3650 2222 non

2068 2265 2228 2304 secus
2263 2265 2327 2305 ac
2350 2266 2506 2306 suam
2528 2253 2894 2308 calamitatem
2918 2253 3149 2310 ferebat.
3177 2255 3497 2313 Alexandra:
3519 2276 3652 2315 vero

2068 2343 2248 2408 dolor,
2279 2358 2444 2399 causa
2473 2360 2692 2415 quoque
2737 2345 2994 2401 interitus
3022 2348 3261 2417 cognita,
3296 2351 3468 2420 magis
3485 2352 3650 2406 etiam

2068 2437 2396 2506 augebatur,
2444 2446 2501 2492 et
2527 2454 2836 2510 quanquam
2869 2439 3113 2496 Herodes
3138 2441 3204 2494 ad
3235 2457 3357 2496 eam
3383 2446 3655 2514 suspicio-

2067 2542 2194 2584 nem
2223 2544 2253 2582 a
2277 2543 2335 2582 se
2360 2529 2718 2584 amovendam
2755 2530 2894 2584 nihil
2933 2545 3040 2584 non
3072 2530 3294 2599 faceret,
3331 2533 3532 2598 ﬂendo,
3564 2537 3652 2589 lu-

2067 2624 2266 2694 gendo,
2296 2635 2354 2679 et
2403 2624 2573 2680 funus
2613 2627 2901 2697 magniﬁce
2935 2627 3238 2695 etl‘erendo,
3275 2639 3449 2684 mater
3473 2641 3654 2685 tamen

2067 2717 2217 2771 nulla
2247 2732 2431 2772 rerum
2455 2733 2649 2774 earum
2695 2719 2966 2791 mitigata,
2996 2720 3301 2789 CleOpatre
3343 2721 3560 2787 scribit,
3595 2731 3656 2776 ut

2068 2809 2303 2866 Ilerodis
2321 2811 2538 2867 insidiis
2549 2827 2686 2867 suus
2701 2814 2847 2868 tilius
2866 2813 3192 2877 interiisset,
3212 2829 3241 2868 a
3265 2830 3372 2883 qua
3399 2815 3657 2870 incitatus

2067 2903 2360 2967 Antonius,
2411 2905 2565 2958 illum
2618 2904 2685 2958 ad
2728 2919 2949 2960 causam
2995 2906 3282 2960 dicendam
3329 2906 3654 2962 Laodiceam

2071 3005 2246 3050 vocat.
2278 2996 2375 3050 Ille
2407 3003 2464 3050 et
2493 2995 2703 3050 crimen
2746 3005 2801 3052 et
2829 2995 3133 3066 Cleopatrae
3155 2997 3491 3060 inimicitias.
3529 3015 3653 3055 cum

2069 3084 2265 3151 abiret,
2303 3083 2532 3148 veritus,
2583 3085 2882 3155 Josephum
2941 3095 3202 3156 patruum
3255 3104 3414 3143 suum
3469 3106 3652 3146 rerum

2068 3175 2529 3230 administrationi
2565 3176 2794 3245 praeﬁcit
2829 3193 2843 3230 :
2877 3176 3130 3247 clamque
3167 3179 3412 3245 mandat,
3444 3183 3488 3235 si
3521 3181 3652 3252 quid

2065 3268 2170 3322 sibi
2218 3269 2288 3322 ab
2336 3267 2576 3322 Antonio
2608 3268 2924 3336 accidisset,
2971 3278 3031 3324 ut
3081 3269 3430 3325 Mariammen
3468 3273 3652 3327 statim

2067 3360 2305 3423 tolleret,
2351 3375 2422 3414 ne
2464 3375 2522 3414 se
2561 3369 2782 3416 mortuo
2812 3361 2973 3416 alteri
3002 3363 3074 3416 ob
3110 3363 3298 3418 formae
3326 3365 3654 3434 elegantiam

2067 3452 2324 3505 nuberet.
2363 3451 2640 3520 Josephus
2685 3462 2810 3522 post
2866 3453 3103 3509 Herodis
3147 3455 3449 3510 discessum
3489 3457 3658 3514 rebus

2065 3540 2320 3610 gerendis
2367 3541 2636 3605 intentus,
2654 3540 2851 3596 crebro
2868 3556 2993 3596 cum
3010 3542 3322 3597 Alexandra
3333 3550 3388 3598 et
3405 3543 3656 3598 Mariam-

2065 3647 2152 3686 me
2178 3647 2522 3703 congressus,
2548 3641 2609 3686 ut
2631 3647 2724 3686 rex
2741 3647 2869 3703 erga
2893 3633 3034 3690 hanc
3065 3633 3300 3689 an'ectus
3319 3635 3391 3690 sit
3408 3650 3654 3691 comme-

2067 3731 2266 3778 morat.
2281 3723 2393 3778 lllis
2408 3737 2537 3778 vero
2549 3738 2613 3778 ea
2627 3723 2794 3780 verba
2808 3740 2908 3795 per
2919 3725 3414 3782 dissimulationem
3429 3728 3658 3783 eluden-

2069 3814 2348 3880 tibus,sibi
2369 3830 2479 3869 non
2499 3815 3141 3886 temperavitquominus
3152 3833 3412 3872 arcanum
3431 3819 3658 3876 manda-

2067 3916 2184 3962 tum
2199 3905 2464 3962 eﬂutiret.
2481 3908 2556 3962 Ea
2575 3909 2752 3963 oratio
2782 3909 3045 3983 majorem
3069 3908 3512 3979 desperationem
3536 3927 3660 3968 mu-

2066 3998 2298 4053 lieribus
2327 3999 2530 4054 attulit.
2583 3999 2785 4070 Sparso
2831 4007 3017 4055 autem
3048 4016 3271 4056 rumore
3320 4001 3391 4056 ab
3421 4001 3658 4058 Herodis

2070 4091 2330 4157 inimicis,
2351 4106 2476 4146 eum
2499 4091 2567 4146 ab
2583 4091 2824 4147 Antonio
2840 4092 3084 4147 occisum
3101 4108 3223 4148 esse
3243 4110 3257 4147 :
3277 4094 3476 4148 littera:
3495 4094 3658 4164 237

2068 4182 2138 4237 ab
2163 4184 2281 4252 ipso
2310 4181 2642 4250 all‘eruntur,
2661 4182 2866 4252 quibus
2886 4183 3199 4252 exponebat
3227 4199 3391 4253 quam
3425 4185 3658 4240 honori-

2070 4276 2173 4332 tice
2201 4275 2271 4330 ab
2299 4276 2396 4330 illo
2429 4283 2790 4340 tractaretur,
2831 4285 2894 4330 ut
2948 4291 3051 4345 pro
3095 4277 3357 4331 tribunali
3407 4276 3485 4331 illi
3519 4279 3660 4333 assi-

2073 4368 2250 4432 deret,
2310 4377 2372 4423 ut
2427 4369 2547 4440 eius
2595 4367 2863 4424 conviviis
2925 4369 3268 4424 interesset:
3313 4383 3488 4440 eaque
3553 4369 3658 4425 sibi

393 4465 466 4516 Ὶὸ
491 4463 548 4516 δὲ
580 4461 783 4532 μᾶλλον
815 4463 896 4525 είς
920 4461 1094 4516 πλείω
1134 4462 1235 4526 τὰς
1285 4464 1552 4532 γυναῖκας
1594 4461 1790 4531 ἐνῆγεν
1830 4461 1964 4515 ἁπό-

2075 4461 2467 4523 tribuerentur,
2525 4459 2774 4530 quamvis
2828 4459 3119 4530 Cleopatra
3174 4462 3415 4532 graviter
3471 4461 3661 4518 crimi-

393 4571 559 4609 νοιαν.
594 4553 812 4606 Γίνεται
841 4552 1018 4606 δὲκαὶ
1046 4552 1204 4622 λόγος
1231 4552 1386 4622 παρά
1442 4552 1550 4606 τῶν
1583 4551 1966 4623 ἀπεχθανομέ-

2070 4561 2259 4606 nante.
2287 4552 2359 4608 lis
2391 4553 2592 4608 litteris
2621 4552 2814 4608 falsum
2850 4568 3133 4608 rumorem
3156 4555 3413 4610 abolevit.-

393 4662 500 4698 νων
535 4643 778 4716 Ἡρώδῃ,
825 4641 902 4706 ὡς
950 4644 1216 4697 κτείνειεν
1256 4644 1423 4698 αὐτὸν
1456 4644 1484 4696 ὁ
1547 4643 1858 4708 Ἀντώνιος.
1905 4644 2000 4698 Ἐν
2038 4645 2253 4708 τούτοις
2289 4644 2597 4715 γράμματα
2629 4645 2690 4710 ἐξ
2727 4644 2972 4716 Ἡρώδου
3003 4645 3250 4714 ἀφίκετο,
3317 4646 3416 4717 τὴν
3457 4645 3659 4700 Ἄντω-

393 4737 507 4789 νίου
527 4735 696 4806 τιμὴν
724 4737 822 4805 τὴν
844 4736 981 4807 πρὸς
1009 4735 1174 4788 αὑτὸν
1199 4735 1558 4806 διηγούμενα,
1588 4735 1689 4790 καὶ
1741 4736 1819 4798 ώς
1881 4736 2194 4807 συνεδρεύει
2259 4737 2409 4807 αὐτῷ
2440 4740 2498 4791 ἐν
2523 4739 2644 4801 ταῖς
2664 4737 3125 4806 διαγνώσεσι,καὶ
3171 4736 3246 4800 ὡς
3279 4739 3656 4819 συνεστιᾶται,

394 4829 491 4882 καὶ
517 4826 828 4883 ὅτιτούτων
851 4827 1238 4897 τυγχάνει.καὶ
1281 4827 1454 4881 ταῦτα
1511 4828 1612 4895 τῆς
1675 4826 2040 4897 Κλεοπάτρας
2079 4827 2330 4898 χαλεπῆς
2403 4825 2576 4896 οὔσης
2640 4826 2793 4897 αὐτῷ
2865 4827 3006 4897 πρὸς

3089 4827 3371 4898 διαϐολήν.
3439 4827 3658 4882 Τούτων

391 4923 503 4978 τῶν
537 4921 885 4992 γραμμάτων
929 4919 1325 4990 κομισθέντων,
1369 4921 1404 4990 ἠ
1440 4917 1645 4990 ψευδὴς
1691 4918 1972 4975 ἐπαύσατο
2012 4919 2194 4990 φήμη.

467 5018 564 5072 1Δ’.
610 5019 768 5074 Ἐπεὶ
790 5017 848 5071 δὲ
882 5017 1213 5088 προπέμψας
1235 5021 1264 5072 ὁ
1292 5017 1548 5088 βασιλεὺς
1595 5014 1840 5089 Ἡρώδης
1868 5017 1960 5070 τὸν

391 5109 682 5166 Ἀντώνιον
719 5108 814 5164 ἐπὶ
843 5109 1116 5179 Πάρθους,
1151 5109 1232 5171 είς
1265 5109 1366 5181 τὴν
1411 5108 1672 5163 Ἰουδαίαν
1699 5109 1968 5178 ὑπέστρε-

391 5203 517 5274 ψεν,
563 5202 727 5266 εὐθὺς
764 5203 799 5273 ἡ
831 5202 1038 5272 ἀδελφὴ
1077 5201 1313 5274 Σαλώμη
1366 5201 1464 5256 καὶ
1505 5203 1539 5272 ἡ
1574 5203 1759 5272 μήτηρ
1788 5201 1968 5255 αὐτῶν

393 5294 733 5364 κατηγόρουν
755 5294 1112 5364 Ἀλεξάνδρας
1134 5293 1231 5349 καὶ
1252 5294 1502 5364 Μαριάμ.
1546 5294 1612 5348 Ἡ
1641 5293 1698 5347 δὲ
1730 5293 1967 5365 Σαλώμη

392 5385 490 5439 καὶ
520 5386 663 5439 κατὰ
696 5383 790 5438 τοῦ
817 5385 1008 5456 ἀνδρὸς
1040 5385 1238 5455 ἑαυτῆς
1282 5384 1442 5453 λόγον
1478 5383 1721 5454 εἰσῆγεν,
1759 5383 1836 5446 ώς
1882 5400 1971 5454 μι-

392 5478 664 5545 γνυμένου
690 5479 757 5548 τῇ
789 5477 1022 5547 Μαριάμ
1043 5492 1056 5507 ⁸
1089 5472 1242 5538 οὗτος
1261 5476 1307 5529 δ’
1335 5471 1404 5547 ἦν
1431 5475 1655 5546 Ἰωσὴφ,
1683 5475 1712 5528 ὁ
1739 5474 1846 5528 τῶν
1870 5475 1972 5546 τῆς

394 5567 675 5637 βασιλείας
708 5569 1051 5638 πραγμάτων
1079 5566 1396 5636 ἐπίτροπος.
1438 5565 1634 5634 Ἔλεγε
1667 5565 1724 5618 δὲ
1763 5563 1966 5629 ταῦτα,

391 5662 459 5714 ἐκ
489 5659 734 5722 πλείονος
776 5661 914 5731 αὐτῇ
945 5659 1366 5729 χαλεπαίνουσα,
1392 5658 1474 5714 ὅτι
1501 5658 1600 5727 τὴν
1628 5657 1808 5710 αὐτῶν
1842 5656 1970 5709 δυσ-

391 5752 610 5819 γένειαν
637 5749 994 5817 ἐξωνείδιζεν.
1037 5748 1285 5822 Ἡρώδης
1320 5749 1376 5804 δέ
1411 5747 1574 5812 εὐθὺς
1613 5747 1963 5818 ἐταράττετο,

2137 5015 2278 5071 XIV.
2312 5015 2450 5072 Cum
2510 5026 2692 5072 autem
2727 5016 3026 5072 Antonium
3065 5017 3120 5072 in
3157 5017 3389 5073 Parthos
3426 5018 3656 5088 prolici-

2066 5117 2313 5162 scentem
2343 5116 2690 5178 prosecutus,
2736 5108 3116 5179 Hierosolyma
3140 5109 3419 5172 rediisset,
3462 5112 3652 5164 statim

2075 5197 2292 5254 Salome
2315 5214 2499 5266 soror,
2533 5208 2590 5254 et
2622 5208 2801 5254 mater
2832 5202 2975 5271 ejus,
3011 5201 3376 5254 Alexandram
3404 5209 3461 5254 et
3489 5200 3657 5254 Mari-

2074 5297 2291 5339 ammen
2321 5298 2672 5342 accusarunt.
2701 5285 2920 5341 Salorne
2946 5291 3112 5342 etiam
3147 5288 3315 5341 verba
3361 5287 3656 5358 interjecit,

2077 5377 2339 5431 maritum
2391 5392 2552 5433 suum
2600 5379 2929 5449 Josephum,
2983 5379 3258 5448 regiorum
3311 5381 3656 5449 negotiorum

2077 5478 2524 5537 procuratorem,
2560 5485 2684 5525 cum
2729 5471 3048 5524 Mariamme
3096 5484 3209 5522 rem
3251 5471 3474 5526 habere.
3531 5472 3656 5527 llaec

2075 5560 2295 5616 dicebat
2332 5576 2401 5616 ex
2433 5563 2739 5618 inveterato
2773 5563 2927 5628 odio,
2971 5571 3199 5631 propter
3227 5563 3498 5634 obiectam
3548 5565 3656 5619 sibi

2075 5668 2107 5708 a
2142 5653 2457 5709 Mariamme
2505 5653 2930 5723 ignobilitatem.
2991 5653 3239 5710 llerodes
3286 5669 3420 5709 vero
3469 5659 3654 5708 statim

2075 5746 2457 5817 perturbatus,
2489 5761 2555 5800 ex
2607 5746 2960 5802 aemulatione
3014 5747 3372 5803 Mariammen
3419 5748 3657 5803 seorsim
