  <div class='ocr_page' id='page_1' title='image "/cluster/home/n/w/nwhite01/storage/ocr_20150623/134:no.1/coo.31924054870393/219.png"; bbox 0 0 4074 6400; ppageno 0'>
   <div class='ocr_carea' id='block_1_1' title="bbox 430 316 540 380">
    <p class='ocr_par' dir='ltr' id='par_1_1' title="bbox 430 316 540 380">
     <span class='ocr_line' id='line_1_1' title="bbox 430 316 540 380; baseline 0 -1"><span class='ocrx_word' id='word_1_1' title='bbox 430 316 540 380; x_wconf 73' lang='grc'><strong>423</strong></span> 
     </span>
    </p>
   </div>
   <div class='ocr_carea' id='block_1_2' title="bbox 1701 302 2389 364">
    <p class='ocr_par' dir='ltr' id='par_1_2' title="bbox 1701 302 2389 364">
     <span class='ocr_line' id='line_1_2' title="bbox 1701 302 2389 364; baseline -0.003 -1"><span class='ocrx_word' id='word_1_2' title='bbox 1701 302 2026 364; x_wconf 76' lang='lat' dir='ltr'><strong>JOANNIS</strong></span> <span class='ocrx_word' id='word_1_3' title='bbox 2065 302 2389 364; x_wconf 64' lang='lat' dir='ltr'><strong>ZONARE</strong></span> 
     </span>
    </p>
   </div>
   <div class='ocr_carea' id='block_1_3' title="bbox 3584 297 3692 360">
    <p class='ocr_par' dir='ltr' id='par_1_3' title="bbox 3584 297 3692 360">
     <span class='ocr_line' id='line_1_3' title="bbox 3584 297 3692 360; baseline 0 0"><span class='ocrx_word' id='word_1_4' title='bbox 3584 297 3692 360; x_wconf 66' lang='lat'><strong>434</strong></span> 
     </span>
    </p>
   </div>
   <div class='ocr_carea' id='block_1_4' title="bbox 422 408 2011 499">
    <p class='ocr_par' dir='ltr' id='par_1_4' title="bbox 422 415 2007 499">
     <span class='ocr_line' id='line_1_4' title="bbox 422 415 2007 499; baseline -0.009 -16"><span class='ocrx_word' id='word_1_5' title='bbox 422 429 806 499; x_wconf 86' lang='lat' dir='ltr'><strong>percuntatur.</strong></span> <span class='ocrx_word' id='word_1_6' title='bbox 833 419 931 475; x_wconf 82' lang='lat' dir='ltr'><strong>Illa</strong></span> <span class='ocrx_word' id='word_1_7' title='bbox 959 418 1172 474; x_wconf 87' lang='lat' dir='ltr'><strong>crimen</strong></span> <span class='ocrx_word' id='word_1_8' title='bbox 1221 416 1487 488; x_wconf 80' lang='lat' dir='ltr'><strong>cjerante,</strong></span> <span class='ocrx_word' id='word_1_9' title='bbox 1526 415 1754 470; x_wconf 89' lang='lat' dir='ltr'><strong>remissa</strong></span> <span class='ocrx_word' id='word_1_10' title='bbox 1787 415 2007 468; x_wconf 89' lang='lat' dir='ltr'><strong>iracun-</strong></span> 
     </span>
    </p>
   </div>
   <div class='ocr_carea' id='block_1_5' title="bbox 2113 408 3695 499">
    <p class='ocr_par' dir='ltr' id='par_1_5' title="bbox 2113 408 3695 487">
     <span class='ocr_line' id='line_1_5' title="bbox 2113 408 3695 487; baseline -0.004 -19"><span class='ocrx_word' id='word_1_11' title='bbox 2113 417 2206 470; x_wconf 61' lang='grc' dir='ltr'><strong>καὶ⁵</strong></span> <span class='ocrx_word' id='word_1_12' title='bbox 2255 413 2598 487; x_wconf 77' lang='grc' dir='ltr'><strong>ζηλοτυπῶν,</strong></span> <span class='ocrx_word' id='word_1_13' title='bbox 2643 411 2751 484; x_wconf 73' lang='grc' dir='ltr'>ίδίᾳ</span> <span class='ocrx_word' id='word_1_14' title='bbox 2796 410 2897 479; x_wconf 82' lang='grc' dir='ltr'><strong>τὴν</strong></span> <span class='ocrx_word' id='word_1_15' title='bbox 2933 410 3168 483; x_wconf 74' lang='grc' dir='ltr'>Μαριάμ</span> <span class='ocrx_word' id='word_1_16' title='bbox 3215 408 3522 480; x_wconf 76' lang='grc' dir='ltr'><strong>ἀνέκρινεν.</strong></span> <span class='ocrx_word' id='word_1_17' title='bbox 3558 409 3695 463; x_wconf 77' lang='grc' dir='ltr'><strong>Ἀπ-</strong></span> 
     </span>
    </p>
   </div>
   <div class='ocr_carea' id='block_1_6' title="bbox 423 507 2006 580">
    <p class='ocr_par' dir='ltr' id='par_1_6' title="bbox 423 507 2006 580">
     <span class='ocr_line' id='line_1_6' title="bbox 423 507 2006 580; baseline -0.008 -6"><span class='ocrx_word' id='word_1_18' title='bbox 423 519 514 574; x_wconf 90' lang='lat' dir='ltr'><strong>dia</strong></span> <span class='ocrx_word' id='word_1_19' title='bbox 548 518 728 571; x_wconf 90' lang='lat' dir='ltr'><strong>victus</strong></span> <span class='ocrx_word' id='word_1_20' title='bbox 751 527 962 576; x_wconf 89' lang='lat' dir='ltr'><strong>amore,</strong></span> <span class='ocrx_word' id='word_1_21' title='bbox 999 526 1160 565; x_wconf 89' lang='lat' dir='ltr'><strong>suum</strong></span> <span class='ocrx_word' id='word_1_22' title='bbox 1188 525 1317 580; x_wconf 87' lang='lat' dir='ltr'><strong>erga</strong></span> <span class='ocrx_word' id='word_1_23' title='bbox 1365 508 1515 563; x_wconf 83' lang='lat' dir='ltr'><strong>illam</strong></span> <span class='ocrx_word' id='word_1_24' title='bbox 1543 507 1801 561; x_wconf 70' lang='lat' dir='ltr'><strong>allectum</strong></span> <span class='ocrx_word' id='word_1_25' title='bbox 1832 515 2006 561; x_wconf 85' lang='lat' dir='ltr'><strong>testa-</strong></span> 
     </span>
    </p>
   </div>
   <div class='ocr_carea' id='block_1_7' title="bbox 423 599 2008 672">
    <p class='ocr_par' dir='ltr' id='par_1_7' title="bbox 423 599 2008 672">
     <span class='ocr_line' id='line_1_7' title="bbox 423 599 2008 672; baseline -0.007 -7"><span class='ocrx_word' id='word_1_26' title='bbox 423 621 532 666; x_wconf 88' lang='lat' dir='ltr'><strong>tur.</strong></span> <span class='ocrx_word' id='word_1_27' title='bbox 567 608 660 662; x_wconf 91' lang='lat' dir='ltr'><strong>llla</strong></span> <span class='ocrx_word' id='word_1_28' title='bbox 693 619 829 660; x_wconf 88' lang='lat' dir='ltr'><strong>vero</strong></span> <span class='ocrx_word' id='word_1_29' title='bbox 860 601 1182 672; x_wconf 93' lang='lat' dir='ltr'><strong>respondet,</strong></span> <span class='ocrx_word' id='word_1_30' title='bbox 1215 599 1535 655; x_wconf 88' lang='lat' dir='ltr'><strong>mandatum</strong></span> <span class='ocrx_word' id='word_1_31' title='bbox 1580 599 1714 653; x_wconf 92' lang='lat' dir='ltr'><strong>illud</strong></span> <span class='ocrx_word' id='word_1_32' title='bbox 1742 613 1855 653; x_wconf 91' lang='lat' dir='ltr'><strong>non</strong></span> <span class='ocrx_word' id='word_1_33' title='bbox 1883 614 2008 655; x_wconf 89' lang='lat' dir='ltr'><strong>esse</strong></span> 
     </span>
    </p>
   </div>
   <div class='ocr_carea' id='block_1_8' title="bbox 421 691 2008 767">
    <p class='ocr_par' dir='ltr' id='par_1_8' title="bbox 421 691 2008 767">
     <span class='ocr_line' id='line_1_8' title="bbox 421 691 2008 767; baseline -0.008 -9"><span class='ocrx_word' id='word_1_34' title='bbox 421 701 682 764; x_wconf 73' lang='lat' dir='ltr'><strong>ainantis,</strong></span> <span class='ocrx_word' id='word_1_35' title='bbox 708 713 821 767; x_wconf 90' lang='lat' dir='ltr'><strong>quo</strong></span> <span class='ocrx_word' id='word_1_36' title='bbox 872 699 919 751; x_wconf 90' lang='lat' dir='ltr'><strong>si</strong></span> <span class='ocrx_word' id='word_1_37' title='bbox 971 695 1103 766; x_wconf 89' lang='lat' dir='ltr'><strong>quid</strong></span> <span class='ocrx_word' id='word_1_38' title='bbox 1153 694 1256 764; x_wconf 85' lang='lat' dir='ltr'><strong>ipsi</strong></span> <span class='ocrx_word' id='word_1_39' title='bbox 1303 692 1598 748; x_wconf 88' lang='lat' dir='ltr'><strong>accidisset</strong></span> <span class='ocrx_word' id='word_1_40' title='bbox 1649 691 1720 745; x_wconf 90' lang='lat' dir='ltr'><strong>ab</strong></span> <span class='ocrx_word' id='word_1_41' title='bbox 1767 691 2008 745; x_wconf 91' lang='lat' dir='ltr'><strong>Antonio</strong></span> 
     </span>
    </p>
   </div>
   <div class='ocr_carea' id='block_1_9' title="bbox 423 783 2006 864">
    <p class='ocr_par' dir='ltr' id='par_1_9' title="bbox 423 783 2006 864">
     <span class='ocr_line' id='line_1_9' title="bbox 423 783 2006 864; baseline -0.006 -17"><span class='ocrx_word' id='word_1_42' title='bbox 423 793 669 864; x_wconf 75' lang='lat' dir='ltr'><strong>gravius,</strong></span> <span class='ocrx_word' id='word_1_43' title='bbox 709 805 770 845; x_wconf 81' lang='lat' dir='ltr'><strong>se</strong></span> <span class='ocrx_word' id='word_1_44' title='bbox 829 802 1052 858; x_wconf 92' lang='lat' dir='ltr'><strong>quoque</strong></span> <span class='ocrx_word' id='word_1_45' title='bbox 1108 785 1344 841; x_wconf 89' lang='lat' dir='ltr'><strong>interﬁci</strong></span> <span class='ocrx_word' id='word_1_46' title='bbox 1380 785 1658 855; x_wconf 80' lang='lat' dir='ltr'><strong>iussisset.</strong></span> <span class='ocrx_word' id='word_1_47' title='bbox 1698 783 1754 838; x_wconf 90' lang='lat' dir='ltr'><strong>ld</strong></span> <span class='ocrx_word' id='word_1_48' title='bbox 1798 783 2006 838; x_wconf 90' lang='lat' dir='ltr'><strong>dictum</strong></span> 
     </span>
    </p>
   </div>
   <div class='ocr_carea' id='block_1_10' title="bbox 430 876 2013 950">
    <p class='ocr_par' dir='ltr' id='par_1_10' title="bbox 430 876 2013 950">
     <span class='ocr_line' id='line_1_10' title="bbox 430 876 2013 950; baseline -0.008 -11"><span class='ocrx_word' id='word_1_49' title='bbox 430 883 709 940; x_wconf 76' lang='lat' dir='ltr'><strong>Herodem</strong></span> <span class='ocrx_word' id='word_1_50' title='bbox 744 881 818 936; x_wconf 87' lang='lat' dir='ltr'><strong>ita</strong></span> <span class='ocrx_word' id='word_1_51' title='bbox 873 879 1130 950; x_wconf 79' lang='lat' dir='ltr'><strong>perculit,</strong></span> <span class='ocrx_word' id='word_1_52' title='bbox 1175 887 1236 932; x_wconf 94' lang='lat' dir='ltr'><strong>ut</strong></span> <span class='ocrx_word' id='word_1_53' title='bbox 1265 876 1620 938; x_wconf 72' lang='lat' dir='ltr'><strong>exclamaret,</strong></span> <span class='ocrx_word' id='word_1_54' title='bbox 1673 889 1740 929; x_wconf 82' lang='lat' dir='ltr'><strong>ex</strong></span> <span class='ocrx_word' id='word_1_55' title='bbox 1771 890 1839 930; x_wconf 89' lang='lat' dir='ltr'><strong>eo</strong></span> <span class='ocrx_word' id='word_1_56' title='bbox 1876 889 2013 928; x_wconf 87' lang='lat' dir='ltr'><strong>con-</strong></span> 
     </span>
    </p>
   </div>
   <div class='ocr_carea' id='block_1_11' title="bbox 425 962 2007 1040">
    <p class='ocr_par' dir='ltr' id='par_1_11' title="bbox 425 962 2007 1040">
     <span class='ocr_line' id='line_1_11' title="bbox 425 962 2007 1040; baseline -0.009 -10"><span class='ocrx_word' id='word_1_57' title='bbox 425 985 575 1030; x_wconf 84' lang='lat' dir='ltr'><strong>stare</strong></span> <span class='ocrx_word' id='word_1_58' title='bbox 631 972 700 1026; x_wconf 91' lang='lat' dir='ltr'><strong>de</strong></span> <span class='ocrx_word' id='word_1_59' title='bbox 767 970 995 1040; x_wconf 81' lang='lat' dir='ltr'><strong>Josephi</strong></span> <span class='ocrx_word' id='word_1_60' title='bbox 1045 984 1172 1038; x_wconf 86' lang='lat' dir='ltr'><strong>erga</strong></span> <span class='ocrx_word' id='word_1_61' title='bbox 1211 967 1358 1020; x_wconf 87' lang='lat' dir='ltr'><strong>illam</strong></span> <span class='ocrx_word' id='word_1_62' title='bbox 1399 980 1608 1020; x_wconf 89' lang='lat' dir='ltr'><strong>amore.</strong></span> <span class='ocrx_word' id='word_1_63' title='bbox 1642 963 1831 1033; x_wconf 87' lang='lat' dir='ltr'><strong>Neque</strong></span> <span class='ocrx_word' id='word_1_64' title='bbox 1859 962 2007 1018; x_wconf 88' lang='lat' dir='ltr'><strong>enim</strong></span> 
     </span>
    </p>
   </div>
   <div class='ocr_carea' id='block_1_12' title="bbox 426 1054 2011 1132">
    <p class='ocr_par' dir='ltr' id='par_1_12' title="bbox 426 1054 2011 1132">
     <span class='ocr_line' id='line_1_12' title="bbox 426 1054 2011 1132; baseline -0.007 -12"><span class='ocrx_word' id='word_1_65' title='bbox 426 1079 688 1120; x_wconf 86' lang='lat' dir='ltr'><strong>arcanum</strong></span> <span class='ocrx_word' id='word_1_66' title='bbox 715 1063 883 1116; x_wconf 77' lang='lat' dir='ltr'><strong>fuisse</strong></span> <span class='ocrx_word' id='word_1_67' title='bbox 915 1060 1288 1132; x_wconf 91' lang='lat' dir='ltr'><strong>proditurum,</strong></span> <span class='ocrx_word' id='word_1_68' title='bbox 1319 1057 1424 1112; x_wconf 89' lang='lat' dir='ltr'><strong>nisi</strong></span> <span class='ocrx_word' id='word_1_69' title='bbox 1460 1070 1688 1126; x_wconf 84' lang='lat' dir='ltr'><strong>magnus</strong></span> <span class='ocrx_word' id='word_1_70' title='bbox 1719 1069 1818 1109; x_wconf 89' lang='lat' dir='ltr'><strong>eos</strong></span> <span class='ocrx_word' id='word_1_71' title='bbox 1869 1054 2011 1109; x_wconf 79' lang='lat' dir='ltr'><strong>affe-</strong></span> 
     </span>
    </p>
   </div>
   <div class='ocr_carea' id='block_1_13' title="bbox 423 1145 2010 1224">
    <p class='ocr_par' dir='ltr' id='par_1_13' title="bbox 423 1145 2010 1224">
     <span class='ocr_line' id='line_1_13' title="bbox 423 1145 2010 1224; baseline -0.008 -11"><span class='ocrx_word' id='word_1_72' title='bbox 423 1169 548 1213; x_wconf 86' lang='lat' dir='ltr'><strong>ctus</strong></span> <span class='ocrx_word' id='word_1_73' title='bbox 574 1155 908 1224; x_wconf 82' lang='lat' dir='ltr'><strong>eopulasset.</strong></span> <span class='ocrx_word' id='word_1_74' title='bbox 949 1153 1027 1208; x_wconf 88' lang='lat' dir='ltr'><strong>Ac</strong></span> <span class='ocrx_word' id='word_1_75' title='bbox 1061 1151 1246 1206; x_wconf 91' lang='lat' dir='ltr'><strong>statim</strong></span> <span class='ocrx_word' id='word_1_76' title='bbox 1277 1164 1504 1204; x_wconf 74' lang='lat' dir='ltr'><strong>uxorem</strong></span> <span class='ocrx_word' id='word_1_77' title='bbox 1553 1147 1866 1213; x_wconf 83' lang='lat' dir='ltr'><strong>occidisset,</strong></span> <span class='ocrx_word' id='word_1_78' title='bbox 1902 1145 2010 1201; x_wconf 89' lang='lat' dir='ltr'><strong>nisi</strong></span> 
     </span>
    </p>
   </div>
   <div class='ocr_carea' id='block_1_14' title="bbox 425 1239 2012 1310">
    <p class='ocr_par' dir='ltr' id='par_1_14' title="bbox 425 1239 2012 1310">
     <span class='ocr_line' id='line_1_14' title="bbox 425 1239 2012 1310; baseline -0.008 -6"><span class='ocrx_word' id='word_1_79' title='bbox 425 1263 614 1304; x_wconf 90' lang='lat' dir='ltr'><strong>amore</strong></span> <span class='ocrx_word' id='word_1_80' title='bbox 646 1247 795 1301; x_wconf 88' lang='lat' dir='ltr'><strong>illius</strong></span> <span class='ocrx_word' id='word_1_81' title='bbox 825 1245 1088 1300; x_wconf 86' lang='lat' dir='ltr'><strong>subactus</strong></span> <span class='ocrx_word' id='word_1_82' title='bbox 1121 1242 1335 1297; x_wconf 80' lang='lat' dir='ltr'><strong>fuisset.</strong></span> <span class='ocrx_word' id='word_1_83' title='bbox 1367 1240 1666 1310; x_wconf 83' lang='lat' dir='ltr'><strong>Josephum</strong></span> <span class='ocrx_word' id='word_1_84' title='bbox 1700 1247 1851 1294; x_wconf 72' lang='lat' dir='ltr'><strong>certe</strong></span> <span class='ocrx_word' id='word_1_85' title='bbox 1886 1239 2012 1308; x_wconf 87' lang='lat' dir='ltr'><strong>qui-</strong></span> 
     </span>
    </p>
   </div>
   <div class='ocr_carea' id='block_1_15' title="bbox 425 1327 2012 1406">
    <p class='ocr_par' dir='ltr' id='par_1_15' title="bbox 425 1327 2012 1406">
     <span class='ocr_line' id='line_1_15' title="bbox 425 1327 2012 1406; baseline -0.009 -11"><span class='ocrx_word' id='word_1_86' title='bbox 425 1341 573 1406; x_wconf 93' lang='lat' dir='ltr'><strong>dem,</strong></span> <span class='ocrx_word' id='word_1_87' title='bbox 612 1353 715 1393; x_wconf 91' lang='lat' dir='ltr'><strong>nec</strong></span> <span class='ocrx_word' id='word_1_88' title='bbox 749 1338 806 1391; x_wconf 91' lang='lat' dir='ltr'><strong>in</strong></span> <span class='ocrx_word' id='word_1_89' title='bbox 828 1341 1186 1406; x_wconf 90' lang='lat' dir='ltr'><strong>conspectum</strong></span> <span class='ocrx_word' id='word_1_90' title='bbox 1208 1347 1369 1386; x_wconf 92' lang='lat' dir='ltr'><strong>suum</strong></span> <span class='ocrx_word' id='word_1_91' title='bbox 1405 1330 1730 1393; x_wconf 88' lang='lat' dir='ltr'><strong>admissum,</strong></span> <span class='ocrx_word' id='word_1_92' title='bbox 1774 1327 2012 1382; x_wconf 86' lang='lat' dir='ltr'><strong>interﬁci</strong></span> 
     </span>
    </p>
   </div>
   <div class='ocr_carea' id='block_1_16' title="bbox 425 1420 2012 1504">
    <p class='ocr_par' dir='ltr' id='par_1_16' title="bbox 425 1420 2012 1504">
     <span class='ocr_line' id='line_1_16' title="bbox 425 1420 2012 1504; baseline -0.009 -18"><span class='ocrx_word' id='word_1_93' title='bbox 425 1431 630 1504; x_wconf 77' lang='lat' dir='ltr'><strong>iussit:</strong></span> <span class='ocrx_word' id='word_1_94' title='bbox 664 1427 1053 1490; x_wconf 77' lang='lat' dir='ltr'><strong>Alexandram,</strong></span> <span class='ocrx_word' id='word_1_95' title='bbox 1088 1432 1148 1479; x_wconf 92' lang='lat' dir='ltr'><strong>ut</strong></span> <span class='ocrx_word' id='word_1_96' title='bbox 1200 1422 1470 1478; x_wconf 89' lang='lat' dir='ltr'><strong>malorum</strong></span> <span class='ocrx_word' id='word_1_97' title='bbox 1519 1420 1766 1475; x_wconf 90' lang='lat' dir='ltr'><strong>omnium</strong></span> <span class='ocrx_word' id='word_1_98' title='bbox 1815 1427 2012 1472; x_wconf 81' lang='lat' dir='ltr'><strong>aucto-</strong></span> 
     </span>
    </p>
   </div>
   <div class='ocr_carea' id='block_1_17' title="bbox 429 1508 2016 1586">
    <p class='ocr_par' dir='ltr' id='par_1_17' title="bbox 429 1508 2016 1586">
     <span class='ocr_line' id='line_1_17' title="bbox 429 1508 2016 1586; baseline -0.009 -8"><span class='ocrx_word' id='word_1_99' title='bbox 429 1539 572 1584; x_wconf 87' lang='lat' dir='ltr'><strong>rem.</strong></span> <span class='ocrx_word' id='word_1_100' title='bbox 623 1522 679 1576; x_wconf 93' lang='lat' dir='ltr'><strong>in</strong></span> <span class='ocrx_word' id='word_1_101' title='bbox 711 1519 933 1575; x_wconf 89' lang='lat' dir='ltr'><strong>vincula</strong></span> <span class='ocrx_word' id='word_1_102' title='bbox 989 1517 1296 1586; x_wconf 73' lang='lat' dir='ltr'><strong>coniectam</strong></span> <span class='ocrx_word' id='word_1_103' title='bbox 1360 1511 1687 1568; x_wconf 88' lang='lat' dir='ltr'><strong>asservavit.</strong></span> <span class='ocrx_word' id='word_1_104' title='bbox 1740 1508 2016 1566; x_wconf 84' lang='lat' dir='ltr'><strong>Antonius</strong></span> 
     </span>
    </p>
   </div>
   <div class='ocr_carea' id='block_1_18' title="bbox 427 1602 2015 1685">
    <p class='ocr_par' dir='ltr' id='par_1_18' title="bbox 427 1602 2015 1685">
     <span class='ocr_line' id='line_1_18' title="bbox 427 1602 2015 1685; baseline -0.008 -16"><span class='ocrx_word' id='word_1_105' title='bbox 427 1628 598 1685; x_wconf 93' lang='lat' dir='ltr'><strong>porro</strong></span> <span class='ocrx_word' id='word_1_106' title='bbox 639 1626 851 1676; x_wconf 82' lang='lat' dir='ltr'><strong>amore,</strong></span> <span class='ocrx_word' id='word_1_107' title='bbox 882 1625 948 1664; x_wconf 89' lang='lat' dir='ltr'><strong>ac</strong></span> <span class='ocrx_word' id='word_1_108' title='bbox 1000 1608 1186 1679; x_wconf 87' lang='lat' dir='ltr'><strong>potius</strong></span> <span class='ocrx_word' id='word_1_109' title='bbox 1236 1604 1522 1661; x_wconf 83' lang='lat' dir='ltr'><strong>veneﬁciis</strong></span> <span class='ocrx_word' id='word_1_110' title='bbox 1558 1602 1862 1674; x_wconf 70' lang='lat' dir='ltr'><strong>Cleopatra:</strong></span> <span class='ocrx_word' id='word_1_111' title='bbox 1890 1617 2015 1656; x_wconf 63' lang='lat' dir='ltr'><strong>coro</strong></span> 
     </span>
    </p>
   </div>
   <div class='ocr_carea' id='block_1_19' title="bbox 427 1692 2010 1774">
    <p class='ocr_par' dir='ltr' id='par_1_19' title="bbox 427 1692 2010 1774">
     <span class='ocr_line' id='line_1_19' title="bbox 427 1692 2010 1774; baseline -0.008 -16"><span class='ocrx_word' id='word_1_112' title='bbox 427 1713 649 1774; x_wconf 91' lang='lat' dir='ltr'><strong>ruptus,</strong></span> <span class='ocrx_word' id='word_1_113' title='bbox 682 1698 1085 1771; x_wconf 86' lang='lat' dir='ltr'><strong>cupiditatibus</strong></span> <span class='ocrx_word' id='word_1_114' title='bbox 1132 1695 1284 1752; x_wconf 86' lang='lat' dir='ltr'><strong>illius</strong></span> <span class='ocrx_word' id='word_1_115' title='bbox 1316 1694 1614 1750; x_wconf 74' lang='lat' dir='ltr'><strong>serviebat.</strong></span> <span class='ocrx_word' id='word_1_116' title='bbox 1648 1694 1726 1748; x_wconf 87' lang='lat' dir='ltr'><strong>Ea</strong></span> <span class='ocrx_word' id='word_1_117' title='bbox 1760 1692 2010 1756; x_wconf 82' lang='lat' dir='ltr'><strong>fratrem,</strong></span> 
     </span>
    </p>
   </div>
   <div class='ocr_carea' id='block_1_20' title="bbox 2109 501 3695 578">
    <p class='ocr_par' dir='ltr' id='par_1_20' title="bbox 2109 501 3695 578">
     <span class='ocr_line' id='line_1_20' title="bbox 2109 501 3695 578; baseline -0.003 -17"><span class='ocrx_word' id='word_1_118' title='bbox 2109 508 2426 578; x_wconf 88' lang='grc' dir='ltr'>ομνυμένης</span> <span class='ocrx_word' id='word_1_119' title='bbox 2475 506 2522 560; x_wconf 83' lang='grc' dir='ltr'>δ’</span> <span class='ocrx_word' id='word_1_120' title='bbox 2557 505 2798 576; x_wconf 89' lang='grc' dir='ltr'>ἐκείνης,</span> <span class='ocrx_word' id='word_1_121' title='bbox 2846 504 3020 574; x_wconf 86' lang='grc' dir='ltr'>ἐχάλα</span> <span class='ocrx_word' id='word_1_122' title='bbox 3070 503 3170 574; x_wconf 84' lang='grc' dir='ltr'>τὴν</span> <span class='ocrx_word' id='word_1_123' title='bbox 3215 502 3412 573; x_wconf 79' lang='grc' dir='ltr'>ὀργὴν,</span> <span class='ocrx_word' id='word_1_124' title='bbox 3461 501 3561 556; x_wconf 81' lang='grc' dir='ltr'>καὶ</span> <span class='ocrx_word' id='word_1_125' title='bbox 3596 502 3695 556; x_wconf 80' lang='grc' dir='ltr'>τοῦ</span> 
     </span>
    </p>
   </div>
   <div class='ocr_carea' id='block_1_21' title="bbox 2111 593 3695 670">
    <p class='ocr_par' dir='ltr' id='par_1_21' title="bbox 2111 593 3695 670">
     <span class='ocr_line' id='line_1_21' title="bbox 2111 593 3695 670; baseline -0.003 -18"><span class='ocrx_word' id='word_1_126' title='bbox 2111 600 2316 670; x_wconf 73' lang='grc' dir='ltr'>ἔρωτος</span> <span class='ocrx_word' id='word_1_127' title='bbox 2344 599 2570 670; x_wconf 75' lang='grc' dir='ltr'>ἥττητο,</span> <span class='ocrx_word' id='word_1_128' title='bbox 2611 597 2707 650; x_wconf 76' lang='grc' dir='ltr'>καὶ</span> <span class='ocrx_word' id='word_1_129' title='bbox 2729 597 2853 667; x_wconf 75' lang='grc' dir='ltr'>,τὴν</span> <span class='ocrx_word' id='word_1_130' title='bbox 2885 596 2966 658; x_wconf 87' lang='grc' dir='ltr'><strong>είς</strong></span> <span class='ocrx_word' id='word_1_131' title='bbox 3006 594 3178 666; x_wconf 80' lang='grc' dir='ltr'>αὐτὴν</span> <span class='ocrx_word' id='word_1_132' title='bbox 3205 593 3496 649; x_wconf 76' lang='grc' dir='ltr'>έπιστοῦτο</span> <span class='ocrx_word' id='word_1_133' title='bbox 3540 593 3695 664; x_wconf 83' lang='grc' dir='ltr'>φιλο-</span> 
     </span>
    </p>
   </div>
   <div class='ocr_carea' id='block_1_22' title="bbox 2113 682 3694 760">
    <p class='ocr_par' dir='ltr' id='par_1_22' title="bbox 2113 682 3694 760">
     <span class='ocr_line' id='line_1_22' title="bbox 2113 682 3694 760; baseline -0.001 -18"><span class='ocrx_word' id='word_1_134' title='bbox 2113 689 2391 759; x_wconf 87' lang='grc' dir='ltr'>στοργίαν.</span> <span class='ocrx_word' id='word_1_135' title='bbox 2434 689 2499 743; x_wconf 86' lang='grc' dir='ltr'><strong>Ἡ</strong></span> <span class='ocrx_word' id='word_1_136' title='bbox 2531 688 2610 751; x_wconf 83' lang='grc' dir='ltr'><strong>δέ,</strong></span> <span class='ocrx_word' id='word_1_137' title='bbox 2645 688 2722 740; x_wconf 83' lang='grc' dir='ltr'><strong>Οὐ</strong></span> <span class='ocrx_word' id='word_1_138' title='bbox 2755 688 3078 760; x_wconf 71' lang='grc' dir='ltr'><strong>στέργοντας</strong></span> <span class='ocrx_word' id='word_1_139' title='bbox 3107 682 3260 741; x_wconf 70' lang='grc' dir='ltr'>εἶπεν</span> <span class='ocrx_word' id='word_1_140' title='bbox 3289 682 3430 740; x_wconf 76' lang='grc' dir='ltr'>εἶναι</span> <span class='ocrx_word' id='word_1_141' title='bbox 3461 686 3520 741; x_wconf 75' lang='grc' dir='ltr'>τὸ</span> <span class='ocrx_word' id='word_1_142' title='bbox 3547 687 3694 758; x_wconf 71' lang='grc' dir='ltr'>κάμὲ</span> 
     </span>
    </p>
   </div>
   <div class='ocr_carea' id='block_1_23' title="bbox 2113 778 3696 853">
    <p class='ocr_par' dir='ltr' id='par_1_23' title="bbox 2113 778 3696 853">
     <span class='ocr_line' id='line_1_23' title="bbox 2113 778 3696 853; baseline 0.001 -19"><span class='ocrx_word' id='word_1_143' title='bbox 2113 781 2413 835; x_wconf 74' lang='grc' dir='ltr'><strong>ἀπολέσθαι</strong></span> <span class='ocrx_word' id='word_1_144' title='bbox 2446 778 2809 841; x_wconf 81' lang='grc' dir='ltr'>ἐντείλασθαι.</span> <span class='ocrx_word' id='word_1_145' title='bbox 2843 781 2898 834; x_wconf 84' lang='grc' dir='ltr'><strong>εί</strong></span> <span class='ocrx_word' id='word_1_146' title='bbox 2927 780 2992 850; x_wconf 89' lang='grc' dir='ltr'><strong>γέ</strong></span> <span class='ocrx_word' id='word_1_147' title='bbox 3019 798 3101 835; x_wconf 91' lang='grc' dir='ltr'><strong>σοι</strong></span> <span class='ocrx_word' id='word_1_148' title='bbox 3127 783 3258 850; x_wconf 89' lang='grc' dir='ltr'>παρ’</span> <span class='ocrx_word' id='word_1_149' title='bbox 3275 782 3566 836; x_wconf 81' lang='grc' dir='ltr'>Ἀντωνίου</span> <span class='ocrx_word' id='word_1_150' title='bbox 3591 800 3696 853; x_wconf 81' lang='grc' dir='ltr'><strong>κα·</strong></span> 
     </span>
    </p>
   </div>
   <div class='ocr_carea' id='block_1_24' title="bbox 2112 867 3694 946">
    <p class='ocr_par' dir='ltr' id='par_1_24' title="bbox 2112 867 3694 946">
     <span class='ocr_line' id='line_1_24' title="bbox 2112 867 3694 946; baseline 0.002 -20"><span class='ocrx_word' id='word_1_151' title='bbox 2112 873 2281 927; x_wconf 86' lang='grc' dir='ltr'>λεπόν</span> <span class='ocrx_word' id='word_1_152' title='bbox 2312 889 2364 926; x_wconf 92' lang='grc' dir='ltr'>τι</span> <span class='ocrx_word' id='word_1_153' title='bbox 2387 872 2682 943; x_wconf 80' lang='grc' dir='ltr'>ἐπενεχθῇ.</span> <span class='ocrx_word' id='word_1_154' title='bbox 2713 867 2885 936; x_wconf 71' lang='grc' dir='ltr'>Οὗτος</span> <span class='ocrx_word' id='word_1_155' title='bbox 2917 873 2947 926; x_wconf 86' lang='grc' dir='ltr'><strong>ό</strong></span> <span class='ocrx_word' id='word_1_156' title='bbox 2978 872 3137 940; x_wconf 87' lang='grc' dir='ltr'>λόγος</span> <span class='ocrx_word' id='word_1_157' title='bbox 3162 871 3257 927; x_wconf 73' lang='grc' dir='ltr'><strong>τὸν</strong></span> <span class='ocrx_word' id='word_1_158' title='bbox 3297 872 3546 946; x_wconf 80' lang='grc' dir='ltr'>Ἡριὶδην</span> <span class='ocrx_word' id='word_1_159' title='bbox 3565 874 3694 929; x_wconf 70' lang='grc' dir='ltr'>ἐτάο</span> 
     </span>
    </p>
   </div>
   <div class='ocr_carea' id='block_1_25' title="bbox 2114 963 3694 1036">
    <p class='ocr_par' dir='ltr' id='par_1_25' title="bbox 2114 963 3694 1036">
     <span class='ocr_line' id='line_1_25' title="bbox 2114 963 3694 1036; baseline 0.001 -18"><span class='ocrx_word' id='word_1_160' title='bbox 2114 965 2391 1036; x_wconf 71' lang='grc' dir='ltr'>ραξε,·καὶ</span> <span class='ocrx_word' id='word_1_161' title='bbox 2431 964 2585 1027; x_wconf 76' lang='grc' dir='ltr'>ἐϐόα,</span> <span class='ocrx_word' id='word_1_162' title='bbox 2637 964 2829 1034; x_wconf 87' lang='grc' dir='ltr'>σαφῶς</span> <span class='ocrx_word' id='word_1_163' title='bbox 2863 965 2927 1018; x_wconf 82' lang='grc' dir='ltr'><strong>ἐκ</strong></span> <span class='ocrx_word' id='word_1_164' title='bbox 2956 963 3148 1018; x_wconf 87' lang='grc' dir='ltr'>τούτου</span> <span class='ocrx_word' id='word_1_165' title='bbox 3188 965 3554 1036; x_wconf 73' lang='grc' dir='ltr'>πεφωρᾶσθαι</span> <span class='ocrx_word' id='word_1_166' title='bbox 3599 967 3694 1020; x_wconf 79' lang='grc' dir='ltr'>τὸν</span> 
     </span>
    </p>
   </div>
   <div class='ocr_carea' id='block_1_26' title="bbox 2112 1055 3694 1129">
    <p class='ocr_par' dir='ltr' id='par_1_26' title="bbox 2112 1055 3694 1129">
     <span class='ocr_line' id='line_1_26' title="bbox 2112 1055 3694 1129; baseline 0.003 -21"><span class='ocrx_word' id='word_1_167' title='bbox 2112 1056 2208 1108; x_wconf 81' lang='grc' dir='ltr'><strong>τοῦ</strong></span> <span class='ocrx_word' id='word_1_168' title='bbox 2237 1056 2440 1127; x_wconf 80' lang='grc' dir='ltr'>Ἰωσὴφ</span> <span class='ocrx_word' id='word_1_169' title='bbox 2476 1056 2613 1129; x_wconf 78' lang='grc' dir='ltr'>πρὸς</span> <span class='ocrx_word' id='word_1_170' title='bbox 2633 1056 2807 1128; x_wconf 74' lang='grc' dir='ltr'>αὐτὴν</span> <span class='ocrx_word' id='word_1_171' title='bbox 2830 1055 3032 1128; x_wconf 71' lang='grc' dir='ltr'>ἔρωτα.</span> <span class='ocrx_word' id='word_1_172' title='bbox 3065 1055 3141 1110; x_wconf 81' lang='grc' dir='ltr'><strong>Οὐ</strong></span> <span class='ocrx_word' id='word_1_173' title='bbox 3177 1057 3288 1127; x_wconf 85' lang='grc' dir='ltr'><strong>γάρ</strong></span> <span class='ocrx_word' id='word_1_174' title='bbox 3321 1058 3388 1112; x_wconf 71' lang='grc' dir='ltr'>ἂν</span> <span class='ocrx_word' id='word_1_175' title='bbox 3419 1057 3599 1122; x_wconf 78' lang='grc' dir='ltr'>ἐξεῖπε</span> <span class='ocrx_word' id='word_1_176' title='bbox 3629 1058 3694 1113; x_wconf 82' lang='grc' dir='ltr'>τὸ</span> 
     </span>
    </p>
   </div>
   <div class='ocr_carea' id='block_1_27' title="bbox 2113 1141 3692 1220">
    <p class='ocr_par' dir='ltr' id='par_1_27' title="bbox 2113 1141 3692 1220">
     <span class='ocr_line' id='line_1_27' title="bbox 2113 1141 3692 1220; baseline 0.002 -19"><span class='ocrx_word' id='word_1_177' title='bbox 2113 1147 2448 1220; x_wconf 71' lang='grc' dir='ltr'>ἀπόρρητον,</span> <span class='ocrx_word' id='word_1_178' title='bbox 2471 1148 2682 1218; x_wconf 80' lang='grc' dir='ltr'>ἔλεγεν,</span> <span class='ocrx_word' id='word_1_179' title='bbox 2700 1149 2752 1202; x_wconf 86' lang='grc' dir='ltr'><strong>εί</strong></span> <span class='ocrx_word' id='word_1_180' title='bbox 2777 1141 2860 1220; x_wconf 65' lang='grc' dir='ltr'>μὴ</span> <span class='ocrx_word' id='word_1_181' title='bbox 2878 1148 3125 1220; x_wconf 76' lang='grc' dir='ltr'><strong>μεγάλης</strong></span> <span class='ocrx_word' id='word_1_182' title='bbox 3145 1148 3465 1220; x_wconf 85' lang='grc' dir='ltr'>συναψάσης</span> <span class='ocrx_word' id='word_1_183' title='bbox 3492 1152 3692 1214; x_wconf 79' lang='grc' dir='ltr'>αὐτοὺς</span> 
     </span>
    </p>
   </div>
   <div class='ocr_carea' id='block_1_28' title="bbox 2112 1239 3691 1312">
    <p class='ocr_par' dir='ltr' id='par_1_28' title="bbox 2112 1239 3691 1312">
     <span class='ocr_line' id='line_1_28' title="bbox 2112 1239 3691 1312; baseline 0.004 -19"><span class='ocrx_word' id='word_1_184' title='bbox 2112 1239 2430 1303; x_wconf 87' lang='grc' dir='ltr'>διαθέσεως.</span> <span class='ocrx_word' id='word_1_185' title='bbox 2465 1240 2576 1294; x_wconf 78' lang='grc' dir='ltr'><strong>Καὶ</strong></span> <span class='ocrx_word' id='word_1_186' title='bbox 2617 1241 2940 1294; x_wconf 87' lang='grc' dir='ltr'>ἀπέκτεινεν</span> <span class='ocrx_word' id='word_1_187' title='bbox 2968 1239 3036 1294; x_wconf 75' lang='grc' dir='ltr'><strong>ἂν</strong></span> <span class='ocrx_word' id='word_1_188' title='bbox 3065 1241 3165 1312; x_wconf 64' lang='grc' dir='ltr'>τὴν</span> <span class='ocrx_word' id='word_1_189' title='bbox 3191 1243 3430 1308; x_wconf 81' lang='grc' dir='ltr'>γυναῖκα</span> <span class='ocrx_word' id='word_1_190' title='bbox 3469 1242 3691 1310; x_wconf 78' lang='grc' dir='ltr'>αὐτίκα,</span> 
     </span>
    </p>
   </div>
   <div class='ocr_carea' id='block_1_29' title="bbox 2111 1329 3693 1404">
    <p class='ocr_par' dir='ltr' id='par_1_29' title="bbox 2111 1329 3693 1404">
     <span class='ocr_line' id='line_1_29' title="bbox 2111 1329 3693 1404; baseline 0.003 -22"><span class='ocrx_word' id='word_1_191' title='bbox 2111 1331 2161 1382; x_wconf 82' lang='grc' dir='ltr'><strong>εί</strong></span> <span class='ocrx_word' id='word_1_192' title='bbox 2192 1329 2268 1400; x_wconf 80' lang='grc' dir='ltr'>μὴ</span> <span class='ocrx_word' id='word_1_193' title='bbox 2295 1330 2374 1401; x_wconf 83' lang='grc' dir='ltr'>τῷ</span> <span class='ocrx_word' id='word_1_194' title='bbox 2397 1330 2568 1400; x_wconf 82' lang='grc' dir='ltr'>αὐτῆς</span> <span class='ocrx_word' id='word_1_195' title='bbox 2591 1330 2888 1386; x_wconf 84' lang='grc' dir='ltr'>δεδούλωτο</span> <span class='ocrx_word' id='word_1_196' title='bbox 2910 1331 3096 1402; x_wconf 78' lang='grc' dir='ltr'>ἔρωτι.</span> <span class='ocrx_word' id='word_1_197' title='bbox 3126 1331 3232 1386; x_wconf 75' lang='grc' dir='ltr'><strong>ἠν</strong></span> <span class='ocrx_word' id='word_1_198' title='bbox 3254 1330 3453 1404; x_wconf 80' lang='grc' dir='ltr'>Ἰωσὴφ</span> <span class='ocrx_word' id='word_1_199' title='bbox 3477 1333 3555 1397; x_wconf 78' lang='grc' dir='ltr'>δὲ,</span> <span class='ocrx_word' id='word_1_200' title='bbox 3583 1351 3693 1404; x_wconf 84' lang='grc' dir='ltr'>μη-</span> 
     </span>
    </p>
   </div>
   <div class='ocr_carea' id='block_1_30' title="bbox 2115 1418 3689 1493">
    <p class='ocr_par' dir='ltr' id='par_1_30' title="bbox 2115 1418 3689 1493">
     <span class='ocr_line' id='line_1_30' title="bbox 2115 1418 3689 1493; baseline 0.001 -21"><span class='ocrx_word' id='word_1_201' title='bbox 2115 1419 2160 1472; x_wconf 80' lang='grc' dir='ltr'>δ’</span> <span class='ocrx_word' id='word_1_202' title='bbox 2184 1421 2264 1482; x_wconf 89' lang='grc' dir='ltr'><strong>είς</strong></span> <span class='ocrx_word' id='word_1_203' title='bbox 2299 1419 2424 1490; x_wconf 73' lang='grc' dir='ltr'>ιψιν</span> <span class='ocrx_word' id='word_1_204' title='bbox 2452 1418 2620 1474; x_wconf 80' lang='grc' dir='ltr'>αὐτοῦ</span> <span class='ocrx_word' id='word_1_205' title='bbox 2649 1419 2900 1489; x_wconf 82' lang='grc' dir='ltr'>ἀγαγὼν,</span> <span class='ocrx_word' id='word_1_206' title='bbox 2932 1420 3233 1491; x_wconf 82' lang='grc' dir='ltr'>προσέταξε</span> <span class='ocrx_word' id='word_1_207' title='bbox 3263 1421 3689 1493; x_wconf 80' lang='grc' dir='ltr'>διαχρήσασθαι,</span> 
     </span>
    </p>
   </div>
   <div class='ocr_carea' id='block_1_31' title="bbox 2115 1511 3692 1587">
    <p class='ocr_par' dir='ltr' id='par_1_31' title="bbox 2115 1511 3692 1587">
     <span class='ocr_line' id='line_1_31' title="bbox 2115 1511 3692 1587; baseline 0.003 -23"><span class='ocrx_word' id='word_1_208' title='bbox 2115 1511 2211 1564; x_wconf 75' lang='grc' dir='ltr'>καὶ</span> <span class='ocrx_word' id='word_1_209' title='bbox 2239 1511 2339 1584; x_wconf 76' lang='grc' dir='ltr'><strong>τὴν</strong></span> <span class='ocrx_word' id='word_1_210' title='bbox 2377 1512 2734 1585; x_wconf 68' lang='grc' dir='ltr'><strong>Ἀλεξάνδραν</strong></span> <span class='ocrx_word' id='word_1_211' title='bbox 2761 1512 2836 1576; x_wconf 86' lang='grc' dir='ltr'><strong>ὡς</strong></span> <span class='ocrx_word' id='word_1_212' title='bbox 2870 1513 3124 1568; x_wconf 77' lang='grc' dir='ltr'>ἁπάντων</span> <span class='ocrx_word' id='word_1_213' title='bbox 3153 1514 3336 1569; x_wconf 79' lang='grc' dir='ltr'>αἰτίαν</span> <span class='ocrx_word' id='word_1_214' title='bbox 3366 1515 3535 1587; x_wconf 76' lang='grc' dir='ltr'>δήσας</span> <span class='ocrx_word' id='word_1_215' title='bbox 3557 1515 3692 1584; x_wconf 79' lang='grc' dir='ltr'>ἐφύ-</span> 
     </span>
    </p>
   </div>
   <div class='ocr_carea' id='block_1_32' title="bbox 2113 1600 3692 1675">
    <p class='ocr_par' dir='ltr' id='par_1_32' title="bbox 2113 1600 3692 1675">
     <span class='ocr_line' id='line_1_32' title="bbox 2113 1600 3692 1675; baseline 0.004 -22"><span class='ocrx_word' id='word_1_216' title='bbox 2113 1600 2326 1656; x_wconf 89' lang='grc' dir='ltr'>λαττεν.</span> <span class='ocrx_word' id='word_1_217' title='bbox 2372 1601 2659 1664; x_wconf 80' lang='grc' dir='ltr'>’Δντώνιος</span> <span class='ocrx_word' id='word_1_218' title='bbox 2687 1601 2746 1655; x_wconf 73' lang='grc' dir='ltr'>δὲ</span> <span class='ocrx_word' id='word_1_219' title='bbox 2775 1601 2852 1673; x_wconf 86' lang='grc' dir='ltr'>τῷ</span> <span class='ocrx_word' id='word_1_220' title='bbox 2880 1603 3240 1674; x_wconf 82' lang='grc' dir='ltr'>Κλεοπάτρας</span> <span class='ocrx_word' id='word_1_221' title='bbox 3275 1604 3462 1675; x_wconf 73' lang='grc' dir='ltr'>ἔρωτι,</span> <span class='ocrx_word' id='word_1_222' title='bbox 3489 1605 3692 1674; x_wconf 78' lang='grc' dir='ltr'>μᾶλλον</span> 
     </span>
    </p>
   </div>
   <div class='ocr_carea' id='block_1_33' title="bbox 2113 1691 3692 1766">
    <p class='ocr_par' dir='ltr' id='par_1_33' title="bbox 2113 1691 3692 1766">
     <span class='ocr_line' id='line_1_33' title="bbox 2113 1691 3692 1766; baseline 0.003 -20"><span class='ocrx_word' id='word_1_223' title='bbox 2113 1692 2172 1746; x_wconf 70' lang='grc' dir='ltr'>δὲ</span> <span class='ocrx_word' id='word_1_224' title='bbox 2207 1693 2581 1762; x_wconf 81' lang='grc' dir='ltr'><strong>φαρμακείαις</strong></span> <span class='ocrx_word' id='word_1_225' title='bbox 2619 1691 3038 1765; x_wconf 77' lang='grc' dir='ltr'><strong>διεφθαρμένος,</strong></span> <span class='ocrx_word' id='word_1_226' title='bbox 3061 1697 3186 1759; x_wconf 78' lang='grc' dir='ltr'>ταῖς</span> <span class='ocrx_word' id='word_1_227' title='bbox 3215 1695 3433 1766; x_wconf 77' lang='grc' dir='ltr'>ἐκείνης</span> <span class='ocrx_word' id='word_1_228' title='bbox 3465 1695 3692 1766; x_wconf 74' lang='grc' dir='ltr'>θελήσεο</span> 
     </span>
    </p>
   </div>
   <div class='ocr_carea' id='block_1_34' title="bbox 427 1759 2011 1866">
    <p class='ocr_par' dir='ltr' id='par_1_34' title="bbox 427 1759 2008 1866">
     <span class='ocr_line' id='line_1_34' title="bbox 427 1759 2008 1866; baseline -0.008 -15"><span class='ocrx_word' id='word_1_229' title='bbox 427 1759 690 1866; x_wconf 47' lang='lat' dir='ltr'><strong>ad&#39;quem</strong></span> <span class='ocrx_word' id='word_1_230' title='bbox 735 1759 966 1863; x_wconf 67' lang='lat' dir='ltr'><strong>regnum</strong></span> <span class='ocrx_word' id='word_1_231' title='bbox 1017 1789 1355 1860; x_wconf 87' lang='lat' dir='ltr'><strong>pertinebat,</strong></span> <span class='ocrx_word' id='word_1_232' title='bbox 1401 1801 1616 1842; x_wconf 90' lang='lat' dir='ltr'><strong>veneno</strong></span> <span class='ocrx_word' id='word_1_233' title='bbox 1664 1787 2008 1852; x_wconf 86' lang='lat' dir='ltr'><strong>sustulerat;</strong></span> 
     </span>
    </p>
   </div>
   <div class='ocr_carea' id='block_1_35' title="bbox 2113 1759 3694 1866">
    <p class='ocr_par' dir='ltr' id='par_1_35' title="bbox 2116 1759 3694 1858">
     <span class='ocr_line' id='line_1_35' title="bbox 2116 1759 3694 1858; baseline 0.004 -22"><span class='ocrx_word' id='word_1_234' title='bbox 2116 1800 2201 1837; x_wconf 89' lang='grc' dir='ltr'><strong>σιν</strong></span> <span class='ocrx_word' id='word_1_235' title='bbox 2220 1759 2569 1838; x_wconf 43' lang='lat' dir='ltr'><strong>seeos-1......</strong></span> <span class='ocrx_word' id='word_1_236' title='bbox 2597 1785 2672 1838; x_wconf 83' lang='lat' dir='ltr'><strong>&#39;H</strong></span> <span class='ocrx_word' id='word_1_237' title='bbox 2693 1759 2786 1840; x_wconf 69' lang='grc' dir='ltr'>-έδν</span> <span class='ocrx_word' id='word_1_238' title='bbox 2816 1759 2918 1857; x_wconf 54' lang='grc' dir='ltr'><strong>μιν</strong></span> <span class='ocrx_word' id='word_1_239' title='bbox 2941 1759 3191 1855; x_wconf 75' lang='grc' dir='ltr'>ἀδελφὸν,</span> <span class='ocrx_word' id='word_1_240' title='bbox 3217 1779 3262 1855; x_wconf 83' lang='grc' dir='ltr'>ᾦ</span> <span class='ocrx_word' id='word_1_241' title='bbox 3287 1787 3321 1858; x_wconf 81' lang='grc' dir='ltr'><strong>ἠ</strong></span> <span class='ocrx_word' id='word_1_242' title='bbox 3350 1759 3595 1857; x_wconf 74' lang='grc' dir='ltr'>βασιλεία</span> <span class='ocrx_word' id='word_1_243' title='bbox 3615 1791 3694 1842; x_wconf 80' lang='grc' dir='ltr'><strong>δι·</strong></span> 
     </span>
    </p>
   </div>
   <div class='ocr_carea' id='block_1_36' title="bbox 427 1876 2011 1950">
    <p class='ocr_par' dir='ltr' id='par_1_36' title="bbox 427 1876 2011 1950">
     <span class='ocr_line' id='line_1_36' title="bbox 427 1876 2011 1950; baseline -0.008 -7"><span class='ocrx_word' id='word_1_244' title='bbox 427 1901 672 1943; x_wconf 88' lang='lat' dir='ltr'><strong>sororem</strong></span> <span class='ocrx_word' id='word_1_245' title='bbox 695 1883 990 1938; x_wconf 88' lang='lat' dir='ltr'><strong>Arsinoem</strong></span> <span class='ocrx_word' id='word_1_246' title='bbox 1023 1895 1122 1950; x_wconf 91' lang='lat' dir='ltr'><strong>per</strong></span> <span class='ocrx_word' id='word_1_247' title='bbox 1142 1879 1443 1934; x_wconf 84' lang='lat' dir='ltr'><strong>Antonium</strong></span> <span class='ocrx_word' id='word_1_248' title='bbox 1470 1877 1751 1934; x_wconf 89' lang='lat' dir='ltr'><strong>occiderat</strong></span> <span class='ocrx_word' id='word_1_249' title='bbox 1782 1892 1799 1932; x_wconf 86' lang='lat'><strong>:</strong></span> <span class='ocrx_word' id='word_1_250' title='bbox 1838 1876 2011 1931; x_wconf 82' lang='lat' dir='ltr'><strong>Anto-</strong></span> 
     </span>
    </p>
   </div>
   <div class='ocr_carea' id='block_1_37' title="bbox 430 1968 2013 2045">
    <p class='ocr_par' dir='ltr' id='par_1_37' title="bbox 430 1968 2013 2045">
     <span class='ocr_line' id='line_1_37' title="bbox 430 1968 2013 2045; baseline -0.006 -13"><span class='ocrx_word' id='word_1_251' title='bbox 430 1979 586 2032; x_wconf 91' lang='lat' dir='ltr'><strong>nium</strong></span> <span class='ocrx_word' id='word_1_252' title='bbox 644 1975 826 2045; x_wconf 89' lang='lat' dir='ltr'><strong>ipsum</strong></span> <span class='ocrx_word' id='word_1_253' title='bbox 862 1987 1060 2042; x_wconf 84' lang='lat' dir='ltr'><strong>cogere</strong></span> <span class='ocrx_word' id='word_1_254' title='bbox 1088 1971 1387 2035; x_wconf 87' lang='lat' dir='ltr'><strong>nitebatur,</strong></span> <span class='ocrx_word' id='word_1_255' title='bbox 1431 1978 1489 2024; x_wconf 89' lang='lat' dir='ltr'><strong>ut</strong></span> <span class='ocrx_word' id='word_1_256' title='bbox 1537 1969 1644 2024; x_wconf 79' lang='lat' dir='ltr'><strong>sibi</strong></span> <span class='ocrx_word' id='word_1_257' title='bbox 1679 1968 1923 2024; x_wconf 65' lang='lat' dir='ltr'><strong>Iudaeam</strong></span> <span class='ocrx_word' id='word_1_258' title='bbox 1953 1975 2013 2022; x_wconf 90' lang='lat' dir='ltr'><strong>et</strong></span> 
     </span>
    </p>
   </div>
   <div class='ocr_carea' id='block_1_38' title="bbox 428 2058 2014 2128">
    <p class='ocr_par' dir='ltr' id='par_1_38' title="bbox 428 2058 2014 2128">
     <span class='ocr_line' id='line_1_38' title="bbox 428 2058 2014 2128; baseline -0.007 -6"><span class='ocrx_word' id='word_1_259' title='bbox 428 2067 689 2122; x_wconf 75' lang='lat' dir='ltr'><strong>Arabiam</strong></span> <span class='ocrx_word' id='word_1_260' title='bbox 735 2064 1088 2119; x_wconf 85' lang='lat' dir='ltr'><strong>attribueret.</strong></span> <span class='ocrx_word' id='word_1_261' title='bbox 1118 2061 1224 2128; x_wconf 85' lang='lat' dir='ltr'><strong>Qui</strong></span> <span class='ocrx_word' id='word_1_262' title='bbox 1265 2069 1329 2115; x_wconf 94' lang='lat' dir='ltr'><strong>ut</strong></span> <span class='ocrx_word' id='word_1_263' title='bbox 1376 2070 1434 2116; x_wconf 86' lang='lat' dir='ltr'><strong>et</strong></span> <span class='ocrx_word' id='word_1_264' title='bbox 1478 2058 1831 2115; x_wconf 81' lang='lat' dir='ltr'><strong>manifestam</strong></span> <span class='ocrx_word' id='word_1_265' title='bbox 1862 2058 2014 2128; x_wconf 87' lang='lat' dir='ltr'><strong>inju-</strong></span> 
     </span>
    </p>
   </div>
   <div class='ocr_carea' id='block_1_39' title="bbox 436 2149 2011 2219">
    <p class='ocr_par' dir='ltr' id='par_1_39' title="bbox 436 2149 2011 2219">
     <span class='ocr_line' id='line_1_39' title="bbox 436 2149 2011 2219; baseline -0.006 -7"><span class='ocrx_word' id='word_1_266' title='bbox 436 2158 576 2212; x_wconf 89' lang='lat' dir='ltr'><strong>riam</strong></span> <span class='ocrx_word' id='word_1_267' title='bbox 607 2156 841 2218; x_wconf 79' lang='lat' dir='ltr'><strong>velaret,</strong></span> <span class='ocrx_word' id='word_1_268' title='bbox 865 2161 923 2208; x_wconf 92' lang='lat' dir='ltr'><strong>et</strong></span> <span class='ocrx_word' id='word_1_269' title='bbox 970 2150 1222 2207; x_wconf 88' lang='lat' dir='ltr'><strong>mulieris</strong></span> <span class='ocrx_word' id='word_1_270' title='bbox 1251 2152 1537 2206; x_wconf 81' lang='lat' dir='ltr'><strong>amoribus</strong></span> <span class='ocrx_word' id='word_1_271' title='bbox 1566 2165 1631 2204; x_wconf 89' lang='lat' dir='ltr'><strong>ac</strong></span> <span class='ocrx_word' id='word_1_272' title='bbox 1660 2149 1845 2219; x_wconf 87' lang='lat' dir='ltr'><strong>potius</strong></span> <span class='ocrx_word' id='word_1_273' title='bbox 1869 2163 2011 2219; x_wconf 73' lang='lat' dir='ltr'><strong>pra:-</strong></span> 
     </span>
    </p>
   </div>
   <div class='ocr_carea' id='block_1_40' title="bbox 432 2239 2015 2317">
    <p class='ocr_par' dir='ltr' id='par_1_40' title="bbox 432 2239 2015 2317">
     <span class='ocr_line' id='line_1_40' title="bbox 432 2239 2015 2317; baseline -0.007 -13"><span class='ocrx_word' id='word_1_274' title='bbox 432 2247 615 2317; x_wconf 84' lang='lat' dir='ltr'><strong>stigiis</strong></span> <span class='ocrx_word' id='word_1_275' title='bbox 638 2244 974 2314; x_wconf 75' lang='lat' dir='ltr'><strong>indulgeret,</strong></span> <span class='ocrx_word' id='word_1_276' title='bbox 1001 2242 1198 2298; x_wconf 89' lang='lat' dir='ltr'><strong>ablatis</strong></span> <span class='ocrx_word' id='word_1_277' title='bbox 1221 2241 1292 2297; x_wconf 89' lang='lat' dir='ltr'><strong>ab</strong></span> <span class='ocrx_word' id='word_1_278' title='bbox 1315 2250 1547 2312; x_wconf 86' lang='lat' dir='ltr'><strong>utraque</strong></span> <span class='ocrx_word' id='word_1_279' title='bbox 1571 2239 1859 2312; x_wconf 84' lang='lat' dir='ltr'><strong>provincia</strong></span> <span class='ocrx_word' id='word_1_280' title='bbox 1883 2254 2015 2310; x_wconf 85' lang='lat' dir='ltr'><strong>par-</strong></span> 
     </span>
    </p>
   </div>
   <div class='ocr_carea' id='block_1_41' title="bbox 437 2331 2014 2404">
    <p class='ocr_par' dir='ltr' id='par_1_41' title="bbox 437 2331 2014 2404">
     <span class='ocr_line' id='line_1_41' title="bbox 437 2331 2014 2404; baseline -0.004 -10"><span class='ocrx_word' id='word_1_281' title='bbox 437 2341 626 2402; x_wconf 90' lang='lat' dir='ltr'><strong>tibus,</strong></span> <span class='ocrx_word' id='word_1_282' title='bbox 677 2335 1046 2392; x_wconf 85' lang='lat' dir='ltr'><strong>insatiabilem</strong></span> <span class='ocrx_word' id='word_1_283' title='bbox 1100 2333 1252 2390; x_wconf 88' lang='lat' dir='ltr'><strong>illius</strong></span> <span class='ocrx_word' id='word_1_284' title='bbox 1299 2333 1660 2404; x_wconf 83' lang='lat' dir='ltr'><strong>cupiditatem</strong></span> <span class='ocrx_word' id='word_1_285' title='bbox 1721 2331 2014 2403; x_wconf 74' lang='lat' dir='ltr'><strong>mitigavit.</strong></span> 
     </span>
    </p>
   </div>
   <div class='ocr_carea' id='block_1_42' title="bbox 432 2421 2016 2494">
    <p class='ocr_par' dir='ltr' id='par_1_42' title="bbox 432 2421 2016 2494">
     <span class='ocr_line' id='line_1_42' title="bbox 432 2421 2016 2494; baseline -0.004 -9"><span class='ocrx_word' id='word_1_286' title='bbox 432 2431 673 2486; x_wconf 86' lang='lat' dir='ltr'><strong>Antonio</strong></span> <span class='ocrx_word' id='word_1_287' title='bbox 692 2429 746 2483; x_wconf 91' lang='lat' dir='ltr'><strong>in</strong></span> <span class='ocrx_word' id='word_1_288' title='bbox 769 2425 1084 2482; x_wconf 79' lang='lat' dir='ltr'><strong>Armeniam</strong></span> <span class='ocrx_word' id='word_1_289' title='bbox 1103 2425 1341 2480; x_wconf 88' lang='lat' dir='ltr'><strong>ducente</strong></span> <span class='ocrx_word' id='word_1_290' title='bbox 1359 2425 1693 2487; x_wconf 82' lang='lat' dir='ltr'><strong>exercitum,</strong></span> <span class='ocrx_word' id='word_1_291' title='bbox 1727 2421 2016 2494; x_wconf 87' lang='lat' dir='ltr'><strong>Cleopatra</strong></span> 
     </span>
    </p>
   </div>
   <div class='ocr_carea' id='block_1_43' title="bbox 432 2516 2016 2581">
    <p class='ocr_par' dir='ltr' id='par_1_43' title="bbox 432 2516 2016 2581">
     <span class='ocr_line' id='line_1_43' title="bbox 432 2516 2016 2581; baseline -0.004 -4"><span class='ocrx_word' id='word_1_292' title='bbox 432 2527 490 2577; x_wconf 91' lang='lat' dir='ltr'><strong>in</strong></span> <span class='ocrx_word' id='word_1_293' title='bbox 524 2521 706 2578; x_wconf 88' lang='lat' dir='ltr'><strong>reditu</strong></span> <span class='ocrx_word' id='word_1_294' title='bbox 745 2535 870 2575; x_wconf 91' lang='lat' dir='ltr'><strong>cum</strong></span> <span class='ocrx_word' id='word_1_295' title='bbox 907 2517 1123 2574; x_wconf 78' lang='lat' dir='ltr'><strong>Herode</strong></span> <span class='ocrx_word' id='word_1_296' title='bbox 1182 2519 1238 2574; x_wconf 88' lang='lat' dir='ltr'><strong>in</strong></span> <span class='ocrx_word' id='word_1_297' title='bbox 1271 2519 1516 2574; x_wconf 63' lang='lat' dir='ltr'><strong>Judaeam</strong></span> <span class='ocrx_word' id='word_1_298' title='bbox 1562 2517 1736 2581; x_wconf 88' lang='lat' dir='ltr'><strong>venit,</strong></span> <span class='ocrx_word' id='word_1_299' title='bbox 1775 2516 2016 2571; x_wconf 79' lang='lat' dir='ltr'><strong>familia-</strong></span> 
     </span>
    </p>
   </div>
   <div class='ocr_carea' id='block_1_44' title="bbox 433 2609 2017 2674">
    <p class='ocr_par' dir='ltr' id='par_1_44' title="bbox 433 2609 2017 2674">
     <span class='ocr_line' id='line_1_44' title="bbox 433 2609 2017 2674; baseline -0.003 -6"><span class='ocrx_word' id='word_1_300' title='bbox 433 2616 600 2670; x_wconf 85' lang='lat' dir='ltr'><strong>ritate</strong></span> <span class='ocrx_word' id='word_1_301' title='bbox 632 2614 686 2668; x_wconf 89' lang='lat' dir='ltr'><strong>in</strong></span> <span class='ocrx_word' id='word_1_302' title='bbox 719 2621 933 2667; x_wconf 84' lang='lat' dir='ltr'><strong>tantum</strong></span> <span class='ocrx_word' id='word_1_303' title='bbox 965 2619 1147 2674; x_wconf 86' lang='lat' dir='ltr'><strong>aucta,</strong></span> <span class='ocrx_word' id='word_1_304' title='bbox 1181 2619 1241 2665; x_wconf 93' lang='lat' dir='ltr'><strong>ut</strong></span> <span class='ocrx_word' id='word_1_305' title='bbox 1273 2625 1398 2665; x_wconf 91' lang='lat' dir='ltr'><strong>eum</strong></span> <span class='ocrx_word' id='word_1_306' title='bbox 1425 2610 1594 2665; x_wconf 87' lang='lat' dir='ltr'><strong>etiam</strong></span> <span class='ocrx_word' id='word_1_307' title='bbox 1621 2609 1691 2664; x_wconf 89' lang='lat' dir='ltr'><strong>ad</strong></span> <span class='ocrx_word' id='word_1_308' title='bbox 1717 2609 1902 2664; x_wconf 90' lang='lat' dir='ltr'><strong>cubile</strong></span> <span class='ocrx_word' id='word_1_309' title='bbox 1927 2609 2017 2662; x_wconf 89' lang='lat' dir='ltr'><strong>in-</strong></span> 
     </span>
    </p>
   </div>
   <div class='ocr_carea' id='block_1_45' title="bbox 432 2700 2016 2772">
    <p class='ocr_par' dir='ltr' id='par_1_45' title="bbox 432 2700 2016 2772">
     <span class='ocr_line' id='line_1_45' title="bbox 432 2700 2016 2772; baseline -0.004 -10"><span class='ocrx_word' id='word_1_310' title='bbox 432 2708 646 2772; x_wconf 86' lang='lat' dir='ltr'><strong>vitarit,</strong></span> <span class='ocrx_word' id='word_1_311' title='bbox 694 2705 812 2760; x_wconf 87' lang='lat' dir='ltr'><strong>sive</strong></span> <span class='ocrx_word' id='word_1_312' title='bbox 860 2719 928 2759; x_wconf 82' lang='lat' dir='ltr'><strong>ex</strong></span> <span class='ocrx_word' id='word_1_313' title='bbox 965 2703 1234 2759; x_wconf 79' lang='lat' dir='ltr'><strong>eﬁrenata</strong></span> <span class='ocrx_word' id='word_1_314' title='bbox 1287 2701 1542 2767; x_wconf 83' lang='lat' dir='ltr'><strong>libidine,</strong></span> <span class='ocrx_word' id='word_1_315' title='bbox 1597 2702 1715 2758; x_wconf 89' lang='lat' dir='ltr'><strong>sive</strong></span> <span class='ocrx_word' id='word_1_316' title='bbox 1742 2717 1812 2758; x_wconf 79' lang='lat' dir='ltr'><strong>ex</strong></span> <span class='ocrx_word' id='word_1_317' title='bbox 1865 2700 2016 2756; x_wconf 84' lang='lat' dir='ltr'><strong>illius</strong></span> 
     </span>
    </p>
   </div>
   <div class='ocr_carea' id='block_1_46' title="bbox 429 2793 2014 2867">
    <p class='ocr_par' dir='ltr' id='par_1_46' title="bbox 429 2793 2014 2867">
     <span class='ocr_line' id='line_1_46' title="bbox 429 2793 2014 2867; baseline -0.007 -11"><span class='ocrx_word' id='word_1_318' title='bbox 429 2814 620 2857; x_wconf 85' lang='lat' dir='ltr'><strong>amore</strong></span> <span class='ocrx_word' id='word_1_319' title='bbox 651 2838 667 2864; x_wconf 96' lang='lat'><strong>,</strong></span> <span class='ocrx_word' id='word_1_320' title='bbox 707 2797 822 2853; x_wconf 85' lang='lat' dir='ltr'><strong>sive</strong></span> <span class='ocrx_word' id='word_1_321' title='bbox 867 2795 1015 2867; x_wconf 90' lang='lat' dir='ltr'><strong>quod</strong></span> <span class='ocrx_word' id='word_1_322' title='bbox 1064 2795 1411 2867; x_wconf 89' lang='lat' dir='ltr'><strong>probabilius</strong></span> <span class='ocrx_word' id='word_1_323' title='bbox 1452 2805 1560 2859; x_wconf 88' lang='lat' dir='ltr'><strong>est,</strong></span> <span class='ocrx_word' id='word_1_324' title='bbox 1592 2803 1654 2849; x_wconf 90' lang='lat' dir='ltr'><strong>ut</strong></span> <span class='ocrx_word' id='word_1_325' title='bbox 1681 2793 2014 2865; x_wconf 87' lang='lat' dir='ltr'><strong>principium</strong></span> 
     </span>
    </p>
   </div>
   <div class='ocr_carea' id='block_1_47' title="bbox 431 2883 2014 2955">
    <p class='ocr_par' dir='ltr' id='par_1_47' title="bbox 431 2883 2014 2955">
     <span class='ocr_line' id='line_1_47' title="bbox 431 2883 2014 2955; baseline -0.006 -9"><span class='ocrx_word' id='word_1_326' title='bbox 431 2890 761 2946; x_wconf 89' lang='lat' dir='ltr'><strong>insidiarum</strong></span> <span class='ocrx_word' id='word_1_327' title='bbox 835 2903 903 2942; x_wconf 80' lang='lat' dir='ltr'><strong>ex</strong></span> <span class='ocrx_word' id='word_1_328' title='bbox 965 2886 1060 2941; x_wconf 92' lang='lat' dir='ltr'><strong>illo</strong></span> <span class='ocrx_word' id='word_1_329' title='bbox 1115 2900 1414 2955; x_wconf 88' lang='lat' dir='ltr'><strong>congressu</strong></span> <span class='ocrx_word' id='word_1_330' title='bbox 1474 2895 1670 2938; x_wconf 90' lang='lat' dir='ltr'><strong>contra</strong></span> <span class='ocrx_word' id='word_1_331' title='bbox 1734 2883 2014 2939; x_wconf 87' lang='lat' dir='ltr'><strong>hominem</strong></span> 
     </span>
    </p>
   </div>
   <div class='ocr_carea' id='block_1_48' title="bbox 432 2972 2014 3050">
    <p class='ocr_par' dir='ltr' id='par_1_48' title="bbox 432 2972 2014 3050">
     <span class='ocr_line' id='line_1_48' title="bbox 432 2972 2014 3050; baseline -0.006 -14"><span class='ocrx_word' id='word_1_332' title='bbox 432 2979 596 3050; x_wconf 74' lang='lat'><strong>238</strong></span> <span class='ocrx_word' id='word_1_333' title='bbox 626 2986 897 3048; x_wconf 89' lang='lat' dir='ltr'><strong>captaret.</strong></span> <span class='ocrx_word' id='word_1_334' title='bbox 924 2975 1032 3031; x_wconf 90' lang='lat' dir='ltr'><strong>Sed</strong></span> <span class='ocrx_word' id='word_1_335' title='bbox 1060 2973 1326 3037; x_wconf 79' lang='lat' dir='ltr'><strong>Herodes,</strong></span> <span class='ocrx_word' id='word_1_336' title='bbox 1378 2973 1566 3029; x_wconf 90' lang='lat' dir='ltr'><strong>verbis</strong></span> <span class='ocrx_word' id='word_1_337' title='bbox 1626 2973 1775 3028; x_wconf 87' lang='lat' dir='ltr'><strong>illius</strong></span> <span class='ocrx_word' id='word_1_338' title='bbox 1820 2972 2014 3038; x_wconf 85' lang='lat' dir='ltr'><strong>elusis,</strong></span> 
     </span>
    </p>
   </div>
   <div class='ocr_carea' id='block_1_49' title="bbox 2113 1873 3685 1950">
    <p class='ocr_par' dir='ltr' id='par_1_49' title="bbox 2113 1873 3685 1950">
     <span class='ocr_line' id='line_1_49' title="bbox 2113 1873 3685 1950; baseline 0.004 -24"><span class='ocrx_word' id='word_1_339' title='bbox 2113 1873 2303 1943; x_wconf 88' lang='grc' dir='ltr'>έφερε,</span> <span class='ocrx_word' id='word_1_340' title='bbox 2347 1873 2629 1944; x_wconf 80' lang='grc' dir='ltr'><strong>φαρμάκῳ</strong></span> <span class='ocrx_word' id='word_1_341' title='bbox 2670 1875 2944 1948; x_wconf 87' lang='grc' dir='ltr'>διέφθειρε</span> <span class='ocrx_word' id='word_1_342' title='bbox 2966 1892 2984 1910; x_wconf 77' lang='grc' dir='ltr'><strong>ο</strong></span> <span class='ocrx_word' id='word_1_343' title='bbox 3017 1876 3120 1950; x_wconf 75' lang='grc' dir='ltr'>τὴν</span> <span class='ocrx_word' id='word_1_344' title='bbox 3153 1876 3200 1931; x_wconf 85' lang='grc' dir='ltr'>δ’</span> <span class='ocrx_word' id='word_1_345' title='bbox 3232 1877 3469 1948; x_wconf 76' lang='grc' dir='ltr'>ἀδελφὴν</span> <span class='ocrx_word' id='word_1_346' title='bbox 3505 1879 3685 1949; x_wconf 80' lang='grc' dir='ltr'>’Λρσιο</span> 
     </span>
    </p>
   </div>
   <div class='ocr_carea' id='block_1_50' title="bbox 2111 1963 3693 2039">
    <p class='ocr_par' dir='ltr' id='par_1_50' title="bbox 2111 1963 3693 2039">
     <span class='ocr_line' id='line_1_50' title="bbox 2111 1963 3693 2039; baseline 0.006 -23"><span class='ocrx_word' id='word_1_347' title='bbox 2111 1963 2262 2032; x_wconf 88' lang='grc' dir='ltr'>νόην,</span> <span class='ocrx_word' id='word_1_348' title='bbox 2296 1963 2365 2016; x_wconf 87' lang='grc' dir='ltr'>δι’</span> <span class='ocrx_word' id='word_1_349' title='bbox 2398 1963 2687 2019; x_wconf 79' lang='grc' dir='ltr'>’Λντωνίου</span> <span class='ocrx_word' id='word_1_350' title='bbox 2710 1966 3003 2022; x_wconf 76' lang='grc' dir='ltr'>ἀπέκτεινε</span> <span class='ocrx_word' id='word_1_351' title='bbox 3023 1985 3037 2001; x_wconf 77' lang='grc' dir='ltr'><strong>ο</strong></span> <span class='ocrx_word' id='word_1_352' title='bbox 3071 1968 3166 2023; x_wconf 77' lang='grc' dir='ltr'><strong>τὸν</strong></span> <span class='ocrx_word' id='word_1_353' title='bbox 3197 1971 3382 2039; x_wconf 86' lang='grc' dir='ltr'>μέντοι</span> <span class='ocrx_word' id='word_1_354' title='bbox 3405 1969 3693 2026; x_wconf 80' lang='grc' dir='ltr'>’Λντώνιον</span> 
     </span>
    </p>
   </div>
   <div class='ocr_carea' id='block_1_51' title="bbox 2113 2057 3696 2136">
    <p class='ocr_par' dir='ltr' id='par_1_51' title="bbox 2113 2057 3696 2136">
     <span class='ocr_line' id='line_1_51' title="bbox 2113 2057 3696 2136; baseline 0.005 -26"><span class='ocrx_word' id='word_1_355' title='bbox 2113 2057 2360 2122; x_wconf 78' lang='grc' dir='ltr'>ἐϐιάζετο</span> <span class='ocrx_word' id='word_1_356' title='bbox 2391 2059 2489 2128; x_wconf 80' lang='grc' dir='ltr'><strong>τὴν</strong></span> <span class='ocrx_word' id='word_1_357' title='bbox 2516 2059 2775 2114; x_wconf 81' lang='grc' dir='ltr'>Ἰουδαίαν</span> <span class='ocrx_word' id='word_1_358' title='bbox 2807 2061 2942 2133; x_wconf 77' lang='grc' dir='ltr'>αὐτῇ</span> <span class='ocrx_word' id='word_1_359' title='bbox 2971 2062 3065 2116; x_wconf 73' lang='grc' dir='ltr'><strong>καὶ</strong></span> <span class='ocrx_word' id='word_1_360' title='bbox 3090 2061 3190 2132; x_wconf 82' lang='grc' dir='ltr'>τὴν</span> <span class='ocrx_word' id='word_1_361' title='bbox 3237 2062 3503 2136; x_wconf 75' lang='grc' dir='ltr'>’Δραϐίαν</span> <span class='ocrx_word' id='word_1_362' title='bbox 3526 2081 3696 2134; x_wconf 81' lang='grc' dir='ltr'>προσο</span> 
     </span>
    </p>
   </div>
   <div class='ocr_carea' id='block_1_52' title="bbox 2112 2150 3696 2228">
    <p class='ocr_par' dir='ltr' id='par_1_52' title="bbox 2112 2150 3696 2228">
     <span class='ocr_line' id='line_1_52' title="bbox 2112 2150 3696 2228; baseline 0.005 -26"><span class='ocrx_word' id='word_1_363' title='bbox 2112 2151 2323 2220; x_wconf 79' lang='grc' dir='ltr'>νεῖμαι.</span> <span class='ocrx_word' id='word_1_364' title='bbox 2357 2150 2418 2203; x_wconf 85' lang='lat'><strong>&#39;0</strong></span> <span class='ocrx_word' id='word_1_365' title='bbox 2450 2151 2532 2216; x_wconf 77' lang='grc' dir='ltr'>δὲ,</span> <span class='ocrx_word' id='word_1_366' title='bbox 2563 2153 2626 2209; x_wconf 83' lang='grc' dir='ltr'><strong>τδ</strong></span> <span class='ocrx_word' id='word_1_367' title='bbox 2658 2154 2937 2224; x_wconf 76' lang='grc' dir='ltr'>προφανὲς</span> <span class='ocrx_word' id='word_1_368' title='bbox 2963 2157 3064 2225; x_wconf 73' lang='grc' dir='ltr'>τῆς</span> <span class='ocrx_word' id='word_1_369' title='bbox 3089 2155 3304 2221; x_wconf 77' lang='grc' dir='ltr'>ἀδικίας</span> <span class='ocrx_word' id='word_1_370' title='bbox 3336 2157 3696 2228; x_wconf 72' lang='grc' dir='ltr'>δυσωπούμεο</span> 
     </span>
    </p>
   </div>
   <div class='ocr_carea' id='block_1_53' title="bbox 2115 2241 3694 2320">
    <p class='ocr_par' dir='ltr' id='par_1_53' title="bbox 2115 2241 3694 2320">
     <span class='ocr_line' id='line_1_53' title="bbox 2115 2241 3694 2320; baseline 0.006 -27"><span class='ocrx_word' id='word_1_371' title='bbox 2115 2257 2225 2308; x_wconf 87' lang='grc' dir='ltr'>νος,</span> <span class='ocrx_word' id='word_1_372' title='bbox 2264 2241 2449 2313; x_wconf 77' lang='grc' dir='ltr'>ἐκείνῃ</span> <span class='ocrx_word' id='word_1_373' title='bbox 2494 2259 2554 2295; x_wconf 89' lang='grc' dir='ltr'><strong>τε</strong></span> <span class='ocrx_word' id='word_1_374' title='bbox 2582 2244 2906 2315; x_wconf 75' lang='grc' dir='ltr'>χαρίζεσθαι</span> <span class='ocrx_word' id='word_1_375' title='bbox 2931 2245 3022 2300; x_wconf 74' lang='grc' dir='ltr'>διὰ</span> <span class='ocrx_word' id='word_1_376' title='bbox 3053 2247 3181 2312; x_wconf 78' lang='grc' dir='ltr'>τοὺς</span> <span class='ocrx_word' id='word_1_377' title='bbox 3224 2248 3434 2320; x_wconf 68' lang='grc' dir='ltr'>ἔρωτας</span> <span class='ocrx_word' id='word_1_378' title='bbox 3466 2249 3560 2303; x_wconf 82' lang='grc' dir='ltr'>καὶ</span> <span class='ocrx_word' id='word_1_379' title='bbox 3594 2249 3694 2312; x_wconf 76' lang='grc' dir='ltr'><strong>τάς</strong></span> 
     </span>
    </p>
   </div>
   <div class='ocr_carea' id='block_1_54' title="bbox 2113 2333 3696 2413">
    <p class='ocr_par' dir='ltr' id='par_1_54' title="bbox 2113 2333 3696 2413">
     <span class='ocr_line' id='line_1_54' title="bbox 2113 2333 3696 2413; baseline 0.005 -27"><span class='ocrx_word' id='word_1_380' title='bbox 2113 2333 2371 2404; x_wconf 80' lang='grc' dir='ltr'><strong>γοητείας</strong></span> <span class='ocrx_word' id='word_1_381' title='bbox 2423 2336 2892 2406; x_wconf 81' lang='grc' dir='ltr'>ἀναγκαζόμενος,</span> <span class='ocrx_word' id='word_1_382' title='bbox 2933 2338 2992 2406; x_wconf 77' lang='grc' dir='ltr'>ἐξ</span> <span class='ocrx_word' id='word_1_383' title='bbox 3031 2339 3312 2411; x_wconf 88' lang='grc' dir='ltr'>έκατέρων</span> <span class='ocrx_word' id='word_1_384' title='bbox 3353 2340 3463 2394; x_wconf 87' lang='grc' dir='ltr'><strong>τῶν</strong></span> <span class='ocrx_word' id='word_1_385' title='bbox 3498 2342 3696 2413; x_wconf 89' lang='grc' dir='ltr'>χωρῶν</span> 
     </span>
    </p>
   </div>
   <div class='ocr_carea' id='block_1_55' title="bbox 2117 2425 3695 2503">
    <p class='ocr_par' dir='ltr' id='par_1_55' title="bbox 2117 2425 3695 2503">
     <span class='ocr_line' id='line_1_55' title="bbox 2117 2425 3695 2503; baseline 0.006 -26"><span class='ocrx_word' id='word_1_386' title='bbox 2117 2425 2262 2496; x_wconf 87' lang='grc' dir='ltr'>μέρη</span> <span class='ocrx_word' id='word_1_387' title='bbox 2302 2427 2738 2496; x_wconf 76' lang='grc' dir='ltr'>ἀποτεμόμενος,</span> <span class='ocrx_word' id='word_1_388' title='bbox 2783 2427 2995 2493; x_wconf 79' lang='grc' dir='ltr'>τούτοις</span> <span class='ocrx_word' id='word_1_389' title='bbox 3040 2430 3214 2502; x_wconf 78' lang='grc' dir='ltr'>αὐτῆς</span> <span class='ocrx_word' id='word_1_390' title='bbox 3245 2430 3346 2503; x_wconf 82' lang='grc' dir='ltr'>τὴν</span> <span class='ocrx_word' id='word_1_391' title='bbox 3387 2431 3695 2503; x_wconf 80' lang='grc' dir='ltr'>ἀπληστίαν</span> 
     </span>
    </p>
   </div>
   <div class='ocr_carea' id='block_1_56' title="bbox 2116 2517 3696 2596">
    <p class='ocr_par' dir='ltr' id='par_1_56' title="bbox 2116 2517 3696 2596">
     <span class='ocr_line' id='line_1_56' title="bbox 2116 2517 3696 2596; baseline 0.005 -26"><span class='ocrx_word' id='word_1_392' title='bbox 2116 2517 2568 2588; x_wconf 69' lang='grc' dir='ltr'>παρεμυθήσατο.</span> <span class='ocrx_word' id='word_1_393' title='bbox 2616 2519 2677 2573; x_wconf 91' lang='lat'><strong>&#39;0</strong></span> <span class='ocrx_word' id='word_1_394' title='bbox 2711 2520 2810 2591; x_wconf 81' lang='grc' dir='ltr'>μέν</span> <span class='ocrx_word' id='word_1_395' title='bbox 2839 2517 2933 2575; x_wconf 83' lang='grc' dir='ltr'>οὖν</span> <span class='ocrx_word' id='word_1_396' title='bbox 2963 2519 3247 2584; x_wconf 77' lang='grc' dir='ltr'>Ἀντώνιος</span> <span class='ocrx_word' id='word_1_397' title='bbox 3281 2525 3362 2588; x_wconf 85' lang='grc' dir='ltr'><strong>είς</strong></span> <span class='ocrx_word' id='word_1_398' title='bbox 3403 2523 3696 2596; x_wconf 81' lang='grc' dir='ltr'>’Δρμενίαν</span> 
     </span>
    </p>
   </div>
   <div class='ocr_carea' id='block_1_57' title="bbox 2114 2610 3694 2698">
    <p class='ocr_par' dir='ltr' id='par_1_57' title="bbox 2114 2610 3694 2698">
     <span class='ocr_line' id='line_1_57' title="bbox 2114 2610 3694 2698; baseline 0.005 -36"><span class='ocrx_word' id='word_1_399' title='bbox 2114 2610 2480 2698; x_wconf 66' lang='grc' dir='ltr'>ἐστράτευσεν</span> <span class='ocrx_word' id='word_1_400' title='bbox 2501 2628 2516 2643; x_wconf 88' lang='grc'><strong>·</strong></span> <span class='ocrx_word' id='word_1_401' title='bbox 2553 2613 2588 2682; x_wconf 78' lang='grc' dir='ltr'><strong>η</strong></span> <span class='ocrx_word' id='word_1_402' title='bbox 2620 2612 2700 2680; x_wconf 88' lang='grc' dir='ltr'><strong>δέ,</strong></span> <span class='ocrx_word' id='word_1_403' title='bbox 2736 2613 3180 2684; x_wconf 80' lang='grc' dir='ltr'>ὑποστρέφουσα,</span> <span class='ocrx_word' id='word_1_404' title='bbox 3209 2617 3292 2679; x_wconf 88' lang='grc' dir='ltr'><strong>είς</strong></span> <span class='ocrx_word' id='word_1_405' title='bbox 3315 2616 3694 2687; x_wconf 78' lang='grc' dir='ltr'>τὴνἸουδαίαν</span> 
     </span>
    </p>
   </div>
   <div class='ocr_carea' id='block_1_58' title="bbox 2117 2701 3696 2779">
    <p class='ocr_par' dir='ltr' id='par_1_58' title="bbox 2117 2701 3696 2779">
     <span class='ocr_line' id='line_1_58' title="bbox 2117 2701 3696 2779; baseline 0.005 -26"><span class='ocrx_word' id='word_1_406' title='bbox 2117 2701 2361 2770; x_wconf 86' lang='grc' dir='ltr'>ἐγένετο,</span> <span class='ocrx_word' id='word_1_407' title='bbox 2400 2703 2758 2773; x_wconf 84' lang='grc' dir='ltr'>συντυχόντος</span> <span class='ocrx_word' id='word_1_408' title='bbox 2784 2705 2924 2778; x_wconf 76' lang='grc' dir='ltr'>αὐτῇ</span> <span class='ocrx_word' id='word_1_409' title='bbox 2951 2705 3047 2760; x_wconf 76' lang='grc' dir='ltr'><strong>τοῦ</strong></span> <span class='ocrx_word' id='word_1_410' title='bbox 3091 2705 3354 2778; x_wconf 80' lang='grc' dir='ltr'>Ἡρώδου.</span> <span class='ocrx_word' id='word_1_411' title='bbox 3396 2707 3696 2779; x_wconf 72' lang='grc' dir='ltr'>Συνηθείας</span> 
     </span>
    </p>
   </div>
   <div class='ocr_carea' id='block_1_59' title="bbox 2113 2792 3696 2876">
    <p class='ocr_par' dir='ltr' id='par_1_59' title="bbox 2113 2792 3696 2876">
     <span class='ocr_line' id='line_1_59' title="bbox 2113 2792 3696 2876; baseline 0.002 -29"><span class='ocrx_word' id='word_1_412' title='bbox 2113 2793 2172 2847; x_wconf 71' lang='grc' dir='ltr'>δὲ</span> <span class='ocrx_word' id='word_1_413' title='bbox 2203 2792 2342 2864; x_wconf 73' lang='grc' dir='ltr'>αὐτῇ</span> <span class='ocrx_word' id='word_1_414' title='bbox 2374 2793 2512 2864; x_wconf 80' lang='grc' dir='ltr'>πρὸς</span> <span class='ocrx_word' id='word_1_415' title='bbox 2555 2793 2802 2866; x_wconf 86' lang='grc' dir='ltr'>Ἡρώδην</span> <span class='ocrx_word' id='word_1_416' title='bbox 2823 2797 3148 2876; x_wconf 76' lang='grc' dir='ltr'>γενομένης,</span> <span class='ocrx_word' id='word_1_417' title='bbox 3181 2795 3574 2868; x_wconf 77' lang='grc' dir='ltr'>προσεκαλεῖτο</span> <span class='ocrx_word' id='word_1_418' title='bbox 3597 2798 3696 2851; x_wconf 83' lang='grc' dir='ltr'>αύ-</span> 
     </span>
    </p>
   </div>
   <div class='ocr_carea' id='block_1_60' title="bbox 2115 2883 3690 2959">
    <p class='ocr_par' dir='ltr' id='par_1_60' title="bbox 2115 2883 3690 2959">
     <span class='ocr_line' id='line_1_60' title="bbox 2115 2883 3690 2959; baseline 0.005 -23"><span class='ocrx_word' id='word_1_419' title='bbox 2115 2883 2206 2937; x_wconf 82' lang='grc' dir='ltr'><strong>τὸν</strong></span> <span class='ocrx_word' id='word_1_420' title='bbox 2229 2884 2310 2946; x_wconf 87' lang='grc' dir='ltr'><strong>είς</strong></span> <span class='ocrx_word' id='word_1_421' title='bbox 2340 2883 2523 2956; x_wconf 75' lang='grc' dir='ltr'>εὐνὴν,</span> <span class='ocrx_word' id='word_1_422' title='bbox 2545 2885 2802 2956; x_wconf 87' lang='grc' dir='ltr'>άκρατῶς</span> <span class='ocrx_word' id='word_1_423' title='bbox 2825 2886 2961 2958; x_wconf 80' lang='grc' dir='ltr'>πρὸς</span> <span class='ocrx_word' id='word_1_424' title='bbox 2990 2886 3138 2958; x_wconf 80' lang='grc' dir='ltr'>μίξιν</span> <span class='ocrx_word' id='word_1_425' title='bbox 3169 2887 3511 2959; x_wconf 85' lang='grc' dir='ltr'>διακειμένη,</span> <span class='ocrx_word' id='word_1_426' title='bbox 3548 2889 3690 2959; x_wconf 84' lang='grc' dir='ltr'>τάχα</span> 
     </span>
    </p>
   </div>
   <div class='ocr_carea' id='block_1_61' title="bbox 2114 2975 3695 3054">
    <p class='ocr_par' dir='ltr' id='par_1_61' title="bbox 2114 2975 3695 3054">
     <span class='ocr_line' id='line_1_61' title="bbox 2114 2975 3695 3054; baseline 0.004 -24"><span class='ocrx_word' id='word_1_427' title='bbox 2114 2975 2172 3030; x_wconf 85' lang='grc' dir='ltr'><strong>δέ</strong></span> <span class='ocrx_word' id='word_1_428' title='bbox 2203 2993 2256 3030; x_wconf 91' lang='grc' dir='ltr'>τι</span> <span class='ocrx_word' id='word_1_429' title='bbox 2299 2977 2394 3031; x_wconf 76' lang='grc' dir='ltr'><strong>καὶ</strong></span> <span class='ocrx_word' id='word_1_430' title='bbox 2423 2977 2670 3032; x_wconf 85' lang='grc' dir='ltr'>παθοῦσα</span> <span class='ocrx_word' id='word_1_431' title='bbox 2705 2978 2844 3050; x_wconf 76' lang='grc' dir='ltr'>πρὸς</span> <span class='ocrx_word' id='word_1_432' title='bbox 2873 2981 3082 3034; x_wconf 75' lang='grc' dir='ltr'>ἐκεῖνον</span> <span class='ocrx_word' id='word_1_433' title='bbox 3110 2981 3398 3052; x_wconf 78' lang='grc' dir='ltr'>ἐρωτικὸν,</span> <span class='ocrx_word' id='word_1_434' title='bbox 3439 2982 3472 3054; x_wconf 75' lang='grc' dir='ltr'><strong>η</strong></span> <span class='ocrx_word' id='word_1_435' title='bbox 3509 2981 3570 3036; x_wconf 82' lang='grc' dir='ltr'><strong>τὺ</strong></span> <span class='ocrx_word' id='word_1_436' title='bbox 3600 2998 3695 3035; x_wconf 84' lang='grc' dir='ltr'><strong>πι-</strong></span> 
     </span>
    </p>
   </div>
   <div class='ocr_carea' id='block_1_62' title="bbox 433 3062 2011 3150">
    <p class='ocr_par' dir='ltr' id='par_1_62' title="bbox 433 3062 2011 3138">
     <span class='ocr_line' id='line_1_62' title="bbox 433 3062 2011 3138; baseline -0.004 -14"><span class='ocrx_word' id='word_1_437' title='bbox 433 3070 758 3125; x_wconf 86' lang='lat' dir='ltr'><strong>muneribus</strong></span> <span class='ocrx_word' id='word_1_438' title='bbox 814 3070 1086 3138; x_wconf 86' lang='lat' dir='ltr'><strong>placatam</strong></span> <span class='ocrx_word' id='word_1_439' title='bbox 1148 3065 1204 3118; x_wconf 92' lang='lat' dir='ltr'><strong>in</strong></span> <span class='ocrx_word' id='word_1_440' title='bbox 1256 3063 1554 3136; x_wconf 68' lang='lat' dir='ltr'><strong>Aigyptum</strong></span> <span class='ocrx_word' id='word_1_441' title='bbox 1617 3063 1866 3118; x_wconf 73' lang='lat' dir='ltr'><strong>deduxit.</strong></span> <span class='ocrx_word' id='word_1_442' title='bbox 1917 3062 2011 3118; x_wconf 86' lang='lat' dir='ltr'><strong>Se-</strong></span> 
     </span>
    </p>
   </div>
   <div class='ocr_carea' id='block_1_63' title="bbox 2113 3062 3694 3150">
    <p class='ocr_par' dir='ltr' id='par_1_63' title="bbox 2118 3067 3694 3146">
     <span class='ocr_line' id='line_1_63' title="bbox 2118 3067 3694 3146; baseline 0.004 -24"><span class='ocrx_word' id='word_1_443' title='bbox 2118 3067 2451 3141; x_wconf 89' lang='grc' dir='ltr'>θανώτερον,</span> <span class='ocrx_word' id='word_1_444' title='bbox 2509 3071 2685 3142; x_wconf 78' lang='grc' dir='ltr'>ἀρχὴν</span> <span class='ocrx_word' id='word_1_445' title='bbox 2743 3071 2967 3143; x_wconf 88' lang='grc' dir='ltr'>ἐνέδρας</span> <span class='ocrx_word' id='word_1_446' title='bbox 3017 3071 3118 3144; x_wconf 78' lang='grc' dir='ltr'>τὴν</span> <span class='ocrx_word' id='word_1_447' title='bbox 3171 3072 3260 3126; x_wconf 82' lang='grc' dir='ltr'><strong>ἐπ’</strong></span> <span class='ocrx_word' id='word_1_448' title='bbox 3289 3073 3428 3146; x_wconf 76' lang='grc' dir='ltr'>αὐτῇ</span> <span class='ocrx_word' id='word_1_449' title='bbox 3475 3073 3694 3144; x_wconf 78' lang='grc' dir='ltr'>ὁμιλίαν</span> 
     </span>
    </p>
   </div>
   <div class='ocr_carea' id='block_1_64' title="bbox 435 3155 2016 3234">
    <p class='ocr_par' dir='ltr' id='par_1_64' title="bbox 435 3155 2016 3234">
     <span class='ocr_line' id='line_1_64' title="bbox 435 3155 2016 3234; baseline -0.004 -18"><span class='ocrx_word' id='word_1_450' title='bbox 435 3163 611 3234; x_wconf 85' lang='lat' dir='ltr'><strong>ptimo</strong></span> <span class='ocrx_word' id='word_1_451' title='bbox 668 3159 902 3215; x_wconf 84' lang='lat' dir='ltr'><strong>Herodis</strong></span> <span class='ocrx_word' id='word_1_452' title='bbox 936 3171 1082 3212; x_wconf 92' lang='lat' dir='ltr'><strong>anno</strong></span> <span class='ocrx_word' id='word_1_453' title='bbox 1145 3155 1334 3212; x_wconf 67' lang='lat' dir='ltr'><strong>Judaea</strong></span> <span class='ocrx_word' id='word_1_454' title='bbox 1383 3165 1536 3210; x_wconf 88' lang='lat' dir='ltr'><strong>tanto</strong></span> <span class='ocrx_word' id='word_1_455' title='bbox 1587 3165 1900 3211; x_wconf 64' lang='lat' dir='ltr'><strong>terramotu</strong></span> <span class='ocrx_word' id='word_1_456' title='bbox 1930 3161 2016 3210; x_wconf 87' lang='lat' dir='ltr'><strong>est</strong></span> 
     </span>
    </p>
   </div>
   <div class='ocr_carea' id='block_1_65' title="bbox 435 3249 2016 3321">
    <p class='ocr_par' dir='ltr' id='par_1_65' title="bbox 435 3249 2016 3321">
     <span class='ocr_line' id='line_1_65' title="bbox 435 3249 2016 3321; baseline -0.003 -13"><span class='ocrx_word' id='word_1_457' title='bbox 435 3269 726 3318; x_wconf 89' lang='lat' dir='ltr'><strong>concussa,</strong></span> <span class='ocrx_word' id='word_1_458' title='bbox 783 3260 993 3321; x_wconf 91' lang='lat' dir='ltr'><strong>quanto</strong></span> <span class='ocrx_word' id='word_1_459' title='bbox 1063 3263 1346 3320; x_wconf 87' lang='lat' dir='ltr'><strong>nunquam</strong></span> <span class='ocrx_word' id='word_1_460' title='bbox 1406 3249 1716 3304; x_wconf 79' lang='lat' dir='ltr'><strong>aliaszncc</strong></span> <span class='ocrx_word' id='word_1_461' title='bbox 1767 3249 2016 3320; x_wconf 78' lang='lat' dir='ltr'><strong>iumenta</strong></span> 
     </span>
    </p>
   </div>
   <div class='ocr_carea' id='block_1_66' title="bbox 430 3339 2009 3411">
    <p class='ocr_par' dir='ltr' id='par_1_66' title="bbox 430 3339 2009 3411">
     <span class='ocr_line' id='line_1_66' title="bbox 430 3339 2009 3411; baseline -0.003 -13"><span class='ocrx_word' id='word_1_462' title='bbox 430 3350 699 3398; x_wconf 82' lang='lat' dir='ltr'><strong>duntaxat</strong></span> <span class='ocrx_word' id='word_1_463' title='bbox 753 3342 925 3395; x_wconf 86' lang='lat' dir='ltr'><strong>multa</strong></span> <span class='ocrx_word' id='word_1_464' title='bbox 973 3341 1281 3411; x_wconf 89' lang='lat' dir='ltr'><strong>perierunt,</strong></span> <span class='ocrx_word' id='word_1_465' title='bbox 1337 3339 1433 3395; x_wconf 84' lang='lat' dir='ltr'><strong>sed</strong></span> <span class='ocrx_word' id='word_1_466' title='bbox 1485 3348 1544 3395; x_wconf 91' lang='lat' dir='ltr'><strong>et</strong></span> <span class='ocrx_word' id='word_1_467' title='bbox 1597 3340 1884 3395; x_wconf 88' lang='lat' dir='ltr'><strong>hominum</strong></span> <span class='ocrx_word' id='word_1_468' title='bbox 1940 3341 2009 3395; x_wconf 87' lang='lat' dir='ltr'><strong>ad</strong></span> 
     </span>
    </p>
   </div>
   <div class='ocr_carea' id='block_1_67' title="bbox 439 3429 2016 3501">
    <p class='ocr_par' dir='ltr' id='par_1_67' title="bbox 439 3429 2016 3501">
     <span class='ocr_line' id='line_1_67' title="bbox 439 3429 2016 3501; baseline -0.002 -12"><span class='ocrx_word' id='word_1_469' title='bbox 439 3452 547 3490; x_wconf 77' lang='lat' dir='ltr'><strong>nx</strong></span> <span class='ocrx_word' id='word_1_470' title='bbox 571 3435 742 3488; x_wconf 89' lang='lat' dir='ltr'><strong>millia</strong></span> <span class='ocrx_word' id='word_1_471' title='bbox 773 3432 950 3487; x_wconf 86' lang='lat' dir='ltr'><strong>ruinis</strong></span> <span class='ocrx_word' id='word_1_472' title='bbox 973 3431 1333 3486; x_wconf 65' lang='lat' dir='ltr'><strong>aediﬁciorum</strong></span> <span class='ocrx_word' id='word_1_473' title='bbox 1364 3439 1497 3486; x_wconf 90' lang='lat' dir='ltr'><strong>sunt</strong></span> <span class='ocrx_word' id='word_1_474' title='bbox 1525 3445 1807 3501; x_wconf 87' lang='lat' dir='ltr'><strong>oppressa.</strong></span> <span class='ocrx_word' id='word_1_475' title='bbox 1840 3429 2016 3486; x_wconf 85' lang='lat' dir='ltr'><strong>Hero-</strong></span> 
     </span>
    </p>
   </div>
   <div class='ocr_carea' id='block_1_68' title="bbox 431 3519 2009 3592">
    <p class='ocr_par' dir='ltr' id='par_1_68' title="bbox 431 3519 2009 3592">
     <span class='ocr_line' id='line_1_68' title="bbox 431 3519 2009 3592; baseline -0.004 -10"><span class='ocrx_word' id='word_1_476' title='bbox 431 3528 531 3582; x_wconf 90' lang='lat' dir='ltr'><strong>des</strong></span> <span class='ocrx_word' id='word_1_477' title='bbox 567 3540 698 3580; x_wconf 85' lang='lat' dir='ltr'><strong>vero</strong></span> <span class='ocrx_word' id='word_1_478' title='bbox 729 3522 1038 3592; x_wconf 86' lang='lat' dir='ltr'><strong>redemptis</strong></span> <span class='ocrx_word' id='word_1_479' title='bbox 1073 3521 1436 3592; x_wconf 74' lang='lat' dir='ltr'><strong>vectigalibus</strong></span> <span class='ocrx_word' id='word_1_480' title='bbox 1473 3537 1660 3576; x_wconf 86' lang='lat' dir='ltr'><strong>earum</strong></span> <span class='ocrx_word' id='word_1_481' title='bbox 1697 3519 2009 3592; x_wconf 80' lang='lat' dir='ltr'><strong>provincia-</strong></span> 
     </span>
    </p>
   </div>
   <div class='ocr_carea' id='block_1_69' title="bbox 437 3611 2014 3684">
    <p class='ocr_par' dir='ltr' id='par_1_69' title="bbox 437 3611 2014 3684">
     <span class='ocr_line' id='line_1_69' title="bbox 437 3611 2014 3684; baseline -0.001 -15"><span class='ocrx_word' id='word_1_482' title='bbox 437 3631 585 3681; x_wconf 82' lang='lat' dir='ltr'><strong>rum,</strong></span> <span class='ocrx_word' id='word_1_483' title='bbox 617 3629 740 3684; x_wconf 87' lang='lat' dir='ltr'><strong>qua:</strong></span> <span class='ocrx_word' id='word_1_484' title='bbox 769 3613 826 3666; x_wconf 91' lang='lat' dir='ltr'><strong>in</strong></span> <span class='ocrx_word' id='word_1_485' title='bbox 865 3613 1064 3668; x_wconf 85' lang='lat' dir='ltr'><strong>Arabia</strong></span> <span class='ocrx_word' id='word_1_486' title='bbox 1095 3622 1151 3668; x_wconf 93' lang='lat' dir='ltr'><strong>et</strong></span> <span class='ocrx_word' id='word_1_487' title='bbox 1177 3611 1366 3668; x_wconf 65' lang='lat' dir='ltr'><strong>Judaaa</strong></span> <span class='ocrx_word' id='word_1_488' title='bbox 1399 3612 1704 3683; x_wconf 69' lang='lat' dir='ltr'><strong>Cleopatra:</strong></span> <span class='ocrx_word' id='word_1_489' title='bbox 1732 3611 2014 3667; x_wconf 77' lang='lat' dir='ltr'><strong>attributa:</strong></span> 
     </span>
    </p>
   </div>
   <div class='ocr_carea' id='block_1_70' title="bbox 441 3701 2012 3771">
    <p class='ocr_par' dir='ltr' id='par_1_70' title="bbox 441 3701 2012 3771">
     <span class='ocr_line' id='line_1_70' title="bbox 441 3701 2012 3771; baseline -0.003 -12"><span class='ocrx_word' id='word_1_490' title='bbox 441 3712 644 3769; x_wconf 85' lang='lat' dir='ltr'><strong>erant,</strong></span> <span class='ocrx_word' id='word_1_491' title='bbox 686 3717 814 3756; x_wconf 88' lang='lat' dir='ltr'><strong>cum</strong></span> <span class='ocrx_word' id='word_1_492' title='bbox 865 3701 1044 3756; x_wconf 85' lang='lat' dir='ltr'><strong>Arabs</strong></span> <span class='ocrx_word' id='word_1_493' title='bbox 1088 3701 1146 3756; x_wconf 91' lang='lat' dir='ltr'><strong>in</strong></span> <span class='ocrx_word' id='word_1_494' title='bbox 1199 3701 1506 3771; x_wconf 88' lang='lat' dir='ltr'><strong>pendendis</strong></span> <span class='ocrx_word' id='word_1_495' title='bbox 1553 3701 1772 3755; x_wconf 90' lang='lat' dir='ltr'><strong>tributis</strong></span> <span class='ocrx_word' id='word_1_496' title='bbox 1819 3715 2012 3771; x_wconf 90' lang='lat' dir='ltr'><strong>parum</strong></span> 
     </span>
    </p>
   </div>
   <div class='ocr_carea' id='block_1_71' title="bbox 432 3792 2010 3866">
    <p class='ocr_par' dir='ltr' id='par_1_71' title="bbox 432 3792 2010 3866">
     <span class='ocr_line' id='line_1_71' title="bbox 432 3792 2010 3866; baseline -0.003 -15"><span class='ocrx_word' id='word_1_497' title='bbox 432 3812 652 3866; x_wconf 67' lang='lat' dir='ltr'><strong>aequum</strong></span> <span class='ocrx_word' id='word_1_498' title='bbox 684 3809 744 3848; x_wconf 87' lang='lat' dir='ltr'><strong>se</strong></span> <span class='ocrx_word' id='word_1_499' title='bbox 771 3793 1066 3864; x_wconf 67' lang='lat' dir='ltr'><strong>praeberet,</strong></span> <span class='ocrx_word' id='word_1_500' title='bbox 1111 3793 1316 3848; x_wconf 90' lang='lat' dir='ltr'><strong>bellum</strong></span> <span class='ocrx_word' id='word_1_501' title='bbox 1367 3792 1419 3848; x_wconf 91' lang='lat' dir='ltr'><strong>ei</strong></span> <span class='ocrx_word' id='word_1_502' title='bbox 1467 3792 1692 3846; x_wconf 83' lang='lat' dir='ltr'><strong>Antonii</strong></span> <span class='ocrx_word' id='word_1_503' title='bbox 1736 3792 2010 3862; x_wconf 85' lang='lat' dir='ltr'><strong>permissu</strong></span> 
     </span>
    </p>
   </div>
   <div class='ocr_carea' id='block_1_72' title="bbox 433 3883 2012 3955">
    <p class='ocr_par' dir='ltr' id='par_1_72' title="bbox 433 3883 2012 3955">
     <span class='ocr_line' id='line_1_72' title="bbox 433 3883 2012 3955; baseline -0.003 -11"><span class='ocrx_word' id='word_1_504' title='bbox 433 3891 638 3944; x_wconf 71' lang='lat' dir='ltr'><strong>inferre</strong></span> <span class='ocrx_word' id='word_1_505' title='bbox 661 3887 952 3943; x_wconf 89' lang='lat' dir='ltr'><strong>constituit</strong></span> <span class='ocrx_word' id='word_1_506' title='bbox 985 3902 1000 3952; x_wconf 92' lang='lat'><strong>;</strong></span> <span class='ocrx_word' id='word_1_507' title='bbox 1041 3901 1107 3942; x_wconf 89' lang='lat' dir='ltr'><strong>ac</strong></span> <span class='ocrx_word' id='word_1_508' title='bbox 1145 3885 1332 3940; x_wconf 90' lang='lat' dir='ltr'><strong>multis</strong></span> <span class='ocrx_word' id='word_1_509' title='bbox 1358 3885 1561 3955; x_wconf 66' lang='lat' dir='ltr'><strong>praeliis</strong></span> <span class='ocrx_word' id='word_1_510' title='bbox 1588 3884 1766 3951; x_wconf 82' lang='lat' dir='ltr'><strong>factis,</strong></span> <span class='ocrx_word' id='word_1_511' title='bbox 1793 3883 2012 3940; x_wconf 89' lang='lat' dir='ltr'><strong>tandem</strong></span> 
     </span>
    </p>
   </div>
   <div class='ocr_carea' id='block_1_73' title="bbox 432 3977 2012 4052">
    <p class='ocr_par' dir='ltr' id='par_1_73' title="bbox 432 3977 2012 4052">
     <span class='ocr_line' id='line_1_73' title="bbox 432 3977 2012 4052; baseline -0.003 -17"><span class='ocrx_word' id='word_1_512' title='bbox 432 3983 609 4037; x_wconf 88' lang='lat' dir='ltr'><strong>victor</strong></span> <span class='ocrx_word' id='word_1_513' title='bbox 631 3989 793 4052; x_wconf 83' lang='lat' dir='ltr'><strong>gente</strong></span> <span class='ocrx_word' id='word_1_514' title='bbox 818 3978 1068 4048; x_wconf 88' lang='lat' dir='ltr'><strong>supplice</strong></span> <span class='ocrx_word' id='word_1_515' title='bbox 1089 3979 1144 4032; x_wconf 92' lang='lat' dir='ltr'><strong>in</strong></span> <span class='ocrx_word' id='word_1_516' title='bbox 1178 3978 1490 4032; x_wconf 88' lang='lat' dir='ltr'><strong>clientelam</strong></span> <span class='ocrx_word' id='word_1_517' title='bbox 1517 3987 1762 4047; x_wconf 89' lang='lat' dir='ltr'><strong>accepta,</strong></span> <span class='ocrx_word' id='word_1_518' title='bbox 1786 3977 2012 4032; x_wconf 91' lang='lat' dir='ltr'><strong>domum</strong></span> 
     </span>
    </p>
   </div>
   <div class='ocr_carea' id='block_1_74' title="bbox 434 4069 2004 4139">
    <p class='ocr_par' dir='ltr' id='par_1_74' title="bbox 434 4069 2004 4139">
     <span class='ocr_line' id='line_1_74' title="bbox 434 4069 2004 4139; baseline -0.004 -11"><span class='ocrx_word' id='word_1_519' title='bbox 434 4076 754 4138; x_wconf 86' lang='lat' dir='ltr'><strong>revertitur,</strong></span> <span class='ocrx_word' id='word_1_520' title='bbox 785 4072 856 4126; x_wconf 93' lang='lat' dir='ltr'><strong>ob</strong></span> <span class='ocrx_word' id='word_1_521' title='bbox 899 4085 1012 4125; x_wconf 90' lang='lat' dir='ltr'><strong>rem</strong></span> <span class='ocrx_word' id='word_1_522' title='bbox 1041 4069 1260 4124; x_wconf 77' lang='lat' dir='ltr'><strong>fortiter</strong></span> <span class='ocrx_word' id='word_1_523' title='bbox 1291 4077 1500 4139; x_wconf 83' lang='lat' dir='ltr'><strong>gestam</strong></span> <span class='ocrx_word' id='word_1_524' title='bbox 1531 4070 1754 4122; x_wconf 89' lang='lat' dir='ltr'><strong>nomine</strong></span> <span class='ocrx_word' id='word_1_525' title='bbox 1803 4083 2004 4139; x_wconf 87' lang='lat' dir='ltr'><strong>magno</strong></span> 
     </span>
    </p>
   </div>
   <div class='ocr_carea' id='block_1_75' title="bbox 432 4159 2012 4235">
    <p class='ocr_par' dir='ltr' id='par_1_75' title="bbox 432 4159 2012 4235">
     <span class='ocr_line' id='line_1_75' title="bbox 432 4159 2012 4235; baseline -0.003 -17"><span class='ocrx_word' id='word_1_526' title='bbox 432 4175 613 4235; x_wconf 88' lang='lat' dir='ltr'><strong>parto,</strong></span> <span class='ocrx_word' id='word_1_527' title='bbox 647 4172 705 4218; x_wconf 92' lang='lat' dir='ltr'><strong>et</strong></span> <span class='ocrx_word' id='word_1_528' title='bbox 751 4163 950 4233; x_wconf 80' lang='lat' dir='ltr'><strong>plenus</strong></span> <span class='ocrx_word' id='word_1_529' title='bbox 981 4162 1312 4216; x_wconf 89' lang='lat' dir='ltr'><strong>animorum.</strong></span> <span class='ocrx_word' id='word_1_530' title='bbox 1370 4159 1478 4214; x_wconf 89' lang='lat' dir='ltr'><strong>Sed</strong></span> <span class='ocrx_word' id='word_1_531' title='bbox 1527 4160 1769 4216; x_wconf 84' lang='lat' dir='ltr'><strong>Antonio</strong></span> <span class='ocrx_word' id='word_1_532' title='bbox 1817 4174 2012 4214; x_wconf 85' lang='lat' dir='ltr'><strong>recens</strong></span> 
     </span>
    </p>
   </div>
   <div class='ocr_carea' id='block_1_76' title="bbox 433 4249 2011 4322">
    <p class='ocr_par' dir='ltr' id='par_1_76' title="bbox 433 4249 2011 4322">
     <span class='ocr_line' id='line_1_76' title="bbox 433 4249 2011 4322; baseline -0.004 -13"><span class='ocrx_word' id='word_1_533' title='bbox 433 4256 502 4310; x_wconf 92' lang='lat' dir='ltr'><strong>ad</strong></span> <span class='ocrx_word' id='word_1_534' title='bbox 540 4255 757 4310; x_wconf 82' lang='lat' dir='ltr'><strong>Actium</strong></span> <span class='ocrx_word' id='word_1_535' title='bbox 801 4269 832 4308; x_wconf 87' lang='lat' dir='ltr'><strong>a</strong></span> <span class='ocrx_word' id='word_1_536' title='bbox 874 4251 1088 4308; x_wconf 62' lang='lat' dir='ltr'><strong>Ctesare</strong></span> <span class='ocrx_word' id='word_1_537' title='bbox 1140 4260 1430 4322; x_wconf 87' lang='lat' dir='ltr'><strong>superato,</strong></span> <span class='ocrx_word' id='word_1_538' title='bbox 1470 4265 1559 4306; x_wconf 91' lang='lat' dir='ltr'><strong>res</strong></span> <span class='ocrx_word' id='word_1_539' title='bbox 1611 4251 1734 4320; x_wconf 85' lang='lat' dir='ltr'><strong>ejus</strong></span> <span class='ocrx_word' id='word_1_540' title='bbox 1778 4249 2011 4304; x_wconf 68' lang='lat' dir='ltr'><strong>turbatae</strong></span> 
     </span>
    </p>
   </div>
   <div class='ocr_carea' id='block_1_77' title="bbox 433 4341 2008 4412">
    <p class='ocr_par' dir='ltr' id='par_1_77' title="bbox 433 4341 2008 4412">
     <span class='ocr_line' id='line_1_77' title="bbox 433 4341 2008 4412; baseline -0.003 -14"><span class='ocrx_word' id='word_1_541' title='bbox 433 4354 584 4407; x_wconf 86' lang='lat' dir='ltr'><strong>sunt,</strong></span> <span class='ocrx_word' id='word_1_542' title='bbox 613 4358 678 4398; x_wconf 91' lang='lat' dir='ltr'><strong>ac</strong></span> <span class='ocrx_word' id='word_1_543' title='bbox 710 4343 896 4412; x_wconf 88' lang='lat' dir='ltr'><strong>potius</strong></span> <span class='ocrx_word' id='word_1_544' title='bbox 938 4341 1099 4411; x_wconf 84' lang='lat' dir='ltr'><strong>plane</strong></span> <span class='ocrx_word' id='word_1_545' title='bbox 1133 4341 1452 4410; x_wconf 66' lang='lat' dir='ltr'><strong>deploratae.</strong></span> <span class='ocrx_word' id='word_1_546' title='bbox 1483 4341 1673 4411; x_wconf 84' lang='lat' dir='ltr'><strong>Neque</strong></span> <span class='ocrx_word' id='word_1_547' title='bbox 1701 4341 1848 4396; x_wconf 89' lang='lat' dir='ltr'><strong>enim</strong></span> <span class='ocrx_word' id='word_1_548' title='bbox 1880 4354 2008 4409; x_wconf 90' lang='lat' dir='ltr'><strong>spe-</strong></span> 
     </span>
    </p>
   </div>
   <div class='ocr_carea' id='block_1_78' title="bbox 2116 3160 3695 3235">
    <p class='ocr_par' dir='ltr' id='par_1_78' title="bbox 2116 3160 3695 3235">
     <span class='ocr_line' id='line_1_78' title="bbox 2116 3160 3695 3235; baseline 0.004 -22"><span class='ocrx_word' id='word_1_549' title='bbox 2116 3160 2263 3214; x_wconf 73' lang='grc' dir='ltr'>κατὰ</span> <span class='ocrx_word' id='word_1_550' title='bbox 2315 3161 2411 3215; x_wconf 84' lang='grc' dir='ltr'>τοῦ</span> <span class='ocrx_word' id='word_1_551' title='bbox 2467 3161 2662 3232; x_wconf 85' lang='grc' dir='ltr'>ἀνδρὸς</span> <span class='ocrx_word' id='word_1_552' title='bbox 2722 3164 3150 3228; x_wconf 75' lang='grc' dir='ltr'>συσκευάζουσα.</span> <span class='ocrx_word' id='word_1_553' title='bbox 3197 3162 3447 3235; x_wconf 82' lang='grc' dir='ltr'>Ἡρώδης</span> <span class='ocrx_word' id='word_1_554' title='bbox 3475 3163 3533 3218; x_wconf 80' lang='grc' dir='ltr'>δὲ</span> <span class='ocrx_word' id='word_1_555' title='bbox 3565 3167 3695 3228; x_wconf 82' lang='grc' dir='ltr'>τοὺς</span> 
     </span>
    </p>
   </div>
   <div class='ocr_carea' id='block_1_79' title="bbox 2121 3251 3694 3327">
    <p class='ocr_par' dir='ltr' id='par_1_79' title="bbox 2121 3251 3694 3327">
     <span class='ocr_line' id='line_1_79' title="bbox 2121 3251 3694 3327; baseline 0.003 -21"><span class='ocrx_word' id='word_1_556' title='bbox 2121 3253 2219 3324; x_wconf 81' lang='grc' dir='ltr'>μὲν</span> <span class='ocrx_word' id='word_1_557' title='bbox 2245 3251 2439 3322; x_wconf 83' lang='grc' dir='ltr'>λόγους</span> <span class='ocrx_word' id='word_1_558' title='bbox 2467 3253 2635 3326; x_wconf 82' lang='grc' dir='ltr'>αὐτῆς</span> <span class='ocrx_word' id='word_1_559' title='bbox 2664 3253 3038 3326; x_wconf 81' lang='grc' dir='ltr'>διεκρούσατο,</span> <span class='ocrx_word' id='word_1_560' title='bbox 3074 3255 3307 3327; x_wconf 77' lang='grc' dir='ltr'>δωρεαῖς</span> <span class='ocrx_word' id='word_1_561' title='bbox 3334 3255 3391 3309; x_wconf 81' lang='grc' dir='ltr'><strong>δέ</strong></span> <span class='ocrx_word' id='word_1_562' title='bbox 3422 3255 3694 3327; x_wconf 81' lang='grc' dir='ltr'>θεραπεύ-</span> 
     </span>
    </p>
   </div>
   <div class='ocr_carea' id='block_1_80' title="bbox 2119 3342 3690 3419">
    <p class='ocr_par' dir='ltr' id='par_1_80' title="bbox 2119 3342 3690 3419">
     <span class='ocr_line' id='line_1_80' title="bbox 2119 3342 3690 3419; baseline 0.005 -25"><span class='ocrx_word' id='word_1_563' title='bbox 2119 3359 2242 3406; x_wconf 90' lang='grc' dir='ltr'>σας,</span> <span class='ocrx_word' id='word_1_564' title='bbox 2294 3342 2384 3396; x_wconf 82' lang='grc' dir='ltr'>ἐπ⁹</span> <span class='ocrx_word' id='word_1_565' title='bbox 2425 3343 2702 3412; x_wconf 72' lang='grc' dir='ltr'>Αἴγυπτον</span> <span class='ocrx_word' id='word_1_566' title='bbox 2751 3345 3130 3416; x_wconf 77' lang='grc' dir='ltr'>προῦπεμψεν.</span> <span class='ocrx_word' id='word_1_567' title='bbox 3190 3345 3454 3418; x_wconf 75' lang='grc' dir='ltr'>Ἐϐδόμου</span> <span class='ocrx_word' id='word_1_568' title='bbox 3486 3347 3542 3403; x_wconf 80' lang='grc' dir='ltr'>δὲ</span> <span class='ocrx_word' id='word_1_569' title='bbox 3589 3349 3690 3419; x_wconf 69' lang='grc' dir='ltr'>ἠδη</span> 
     </span>
    </p>
   </div>
   <div class='ocr_carea' id='block_1_81' title="bbox 2115 3433 3688 3513">
    <p class='ocr_par' dir='ltr' id='par_1_81' title="bbox 2115 3433 3688 3513">
     <span class='ocr_line' id='line_1_81' title="bbox 2115 3433 3688 3513; baseline 0.004 -27"><span class='ocrx_word' id='word_1_570' title='bbox 2115 3433 2270 3496; x_wconf 71' lang='grc' dir='ltr'>ἔτους</span> <span class='ocrx_word' id='word_1_571' title='bbox 2326 3433 2569 3504; x_wconf 80' lang='grc' dir='ltr'>Ἡρώδου</span> <span class='ocrx_word' id='word_1_572' title='bbox 2600 3435 2704 3506; x_wconf 81' lang='grc' dir='ltr'>τῆς</span> <span class='ocrx_word' id='word_1_573' title='bbox 2736 3435 3014 3507; x_wconf 86' lang='grc' dir='ltr'>βασιλείας</span> <span class='ocrx_word' id='word_1_574' title='bbox 3059 3439 3436 3510; x_wconf 88' lang='grc' dir='ltr'>ἐνεστηκότος,</span> <span class='ocrx_word' id='word_1_575' title='bbox 3467 3439 3688 3513; x_wconf 76' lang='grc' dir='ltr'>ἐσείσθη</span> 
     </span>
    </p>
   </div>
   <div class='ocr_carea' id='block_1_82' title="bbox 2113 3525 3692 3598">
    <p class='ocr_par' dir='ltr' id='par_1_82' title="bbox 2113 3525 3692 3598">
     <span class='ocr_line' id='line_1_82' title="bbox 2113 3525 3692 3598; baseline 0.004 -18"><span class='ocrx_word' id='word_1_576' title='bbox 2113 3525 2223 3580; x_wconf 89' lang='grc' dir='ltr'><strong>τῶν</strong></span> <span class='ocrx_word' id='word_1_577' title='bbox 2265 3525 2542 3581; x_wconf 84' lang='grc' dir='ltr'>Ἰουδαίων</span> <span class='ocrx_word' id='word_1_578' title='bbox 2585 3528 2618 3598; x_wconf 74' lang='grc' dir='ltr'><strong>ἡ</strong></span> <span class='ocrx_word' id='word_1_579' title='bbox 2658 3527 2756 3598; x_wconf 81' lang='grc' dir='ltr'>γῆ,</span> <span class='ocrx_word' id='word_1_580' title='bbox 2808 3529 2885 3594; x_wconf 83' lang='grc' dir='ltr'><strong>ὡς</strong></span> <span class='ocrx_word' id='word_1_581' title='bbox 2926 3530 3028 3584; x_wconf 82' lang='grc' dir='ltr'>οὐκ</span> <span class='ocrx_word' id='word_1_582' title='bbox 3083 3531 3294 3588; x_wconf 74' lang='grc' dir='ltr'>ἄλλοτε.</span> <span class='ocrx_word' id='word_1_583' title='bbox 3330 3534 3440 3587; x_wconf 79' lang='grc' dir='ltr'><strong>Καὶ</strong></span> <span class='ocrx_word' id='word_1_584' title='bbox 3483 3535 3596 3587; x_wconf 90' lang='grc' dir='ltr'><strong>τῶν</strong></span> <span class='ocrx_word' id='word_1_585' title='bbox 3630 3550 3692 3589; x_wconf 87' lang='grc' dir='ltr'><strong>τε</strong></span> 
     </span>
    </p>
   </div>
   <div class='ocr_carea' id='block_1_83' title="bbox 2115 3617 3693 3694">
    <p class='ocr_par' dir='ltr' id='par_1_83' title="bbox 2115 3617 3693 3694">
     <span class='ocr_line' id='line_1_83' title="bbox 2115 3617 3693 3694; baseline 0.006 -24"><span class='ocrx_word' id='word_1_586' title='bbox 2115 3617 2329 3687; x_wconf 85' lang='grc' dir='ltr'>κτηνῶν</span> <span class='ocrx_word' id='word_1_587' title='bbox 2355 3617 2533 3690; x_wconf 81' lang='grc' dir='ltr'>φθορά</span> <span class='ocrx_word' id='word_1_588' title='bbox 2559 3619 2726 3692; x_wconf 81' lang='grc' dir='ltr'>πολλὴ</span> <span class='ocrx_word' id='word_1_589' title='bbox 2751 3622 2966 3689; x_wconf 87' lang='grc' dir='ltr'>γέγονε,</span> <span class='ocrx_word' id='word_1_590' title='bbox 2987 3623 3214 3676; x_wconf 83' lang='grc' dir='ltr'>καὶτῶν</span> <span class='ocrx_word' id='word_1_591' title='bbox 3236 3623 3538 3694; x_wconf 81' lang='grc' dir='ltr'>ἀνθρώπων</span> <span class='ocrx_word' id='word_1_592' title='bbox 3558 3624 3693 3680; x_wconf 83' lang='grc' dir='ltr'>ὡσεὶ</span> 
     </span>
    </p>
   </div>
   <div class='ocr_carea' id='block_1_84' title="bbox 2113 3707 3693 3787">
    <p class='ocr_par' dir='ltr' id='par_1_84' title="bbox 2113 3707 3693 3787">
     <span class='ocr_line' id='line_1_84' title="bbox 2113 3707 3693 3787; baseline 0.008 -27"><span class='ocrx_word' id='word_1_593' title='bbox 2113 3707 2431 3779; x_wconf 78' lang='grc' dir='ltr'>τρισμύριοι</span> <span class='ocrx_word' id='word_1_594' title='bbox 2483 3710 2542 3763; x_wconf 87' lang='grc' dir='ltr'>ἐν</span> <span class='ocrx_word' id='word_1_595' title='bbox 2585 3713 2706 3777; x_wconf 82' lang='grc' dir='ltr'>ταῖς</span> <span class='ocrx_word' id='word_1_596' title='bbox 2760 3715 3280 3781; x_wconf 84' lang='grc' dir='ltr'>καταπεπτωκυίαις</span> <span class='ocrx_word' id='word_1_597' title='bbox 3313 3717 3513 3781; x_wconf 73' lang='grc' dir='ltr'>οἰκίαις</span> <span class='ocrx_word' id='word_1_598' title='bbox 3563 3733 3693 3787; x_wconf 77' lang='grc' dir='ltr'>συγ-</span> 
     </span>
    </p>
   </div>
   <div class='ocr_carea' id='block_1_85' title="bbox 2115 3799 3690 3880">
    <p class='ocr_par' dir='ltr' id='par_1_85' title="bbox 2115 3799 3690 3880">
     <span class='ocr_line' id='line_1_85' title="bbox 2115 3799 3690 3880; baseline 0.006 -27"><span class='ocrx_word' id='word_1_599' title='bbox 2115 3799 2563 3872; x_wconf 87' lang='grc' dir='ltr'>κατεχώσθησαν.</span> <span class='ocrx_word' id='word_1_600' title='bbox 2589 3804 2728 3868; x_wconf 80' lang='grc' dir='ltr'>Τοὺς</span> <span class='ocrx_word' id='word_1_601' title='bbox 2760 3805 2960 3877; x_wconf 85' lang='grc' dir='ltr'>φόρους</span> <span class='ocrx_word' id='word_1_602' title='bbox 2996 3806 3054 3876; x_wconf 87' lang='grc' dir='ltr'><strong>δέ</strong></span> <span class='ocrx_word' id='word_1_603' title='bbox 3089 3805 3198 3860; x_wconf 86' lang='grc' dir='ltr'><strong>τῶν</strong></span> <span class='ocrx_word' id='word_1_604' title='bbox 3235 3808 3690 3880; x_wconf 85' lang='grc' dir='ltr'>άπονεμηθεισῶν</span> 
     </span>
    </p>
   </div>
   <div class='ocr_carea' id='block_1_86' title="bbox 2113 3893 3690 3969">
    <p class='ocr_par' dir='ltr' id='par_1_86' title="bbox 2113 3893 3690 3969">
     <span class='ocr_line' id='line_1_86' title="bbox 2113 3893 3690 3969; baseline 0.006 -23"><span class='ocrx_word' id='word_1_605' title='bbox 2113 3894 2179 3963; x_wconf 80' lang='grc' dir='ltr'>τῇ</span> <span class='ocrx_word' id='word_1_606' title='bbox 2224 3893 2552 3966; x_wconf 79' lang='grc' dir='ltr'>Κλεοπάτρᾳ</span> <span class='ocrx_word' id='word_1_607' title='bbox 2601 3895 2795 3967; x_wconf 90' lang='grc' dir='ltr'>χωρῶν</span> <span class='ocrx_word' id='word_1_608' title='bbox 2851 3896 2912 3962; x_wconf 78' lang='grc' dir='ltr'>ἐξ</span> <span class='ocrx_word' id='word_1_609' title='bbox 2960 3897 3217 3969; x_wconf 83' lang='grc' dir='ltr'>Ἀραϐίας</span> <span class='ocrx_word' id='word_1_610' title='bbox 3267 3901 3365 3955; x_wconf 81' lang='grc' dir='ltr'>καὶ</span> <span class='ocrx_word' id='word_1_611' title='bbox 3426 3899 3690 3964; x_wconf 86' lang='grc' dir='ltr'>Ἰουδαίας</span> 
     </span>
    </p>
   </div>
   <div class='ocr_carea' id='block_1_87' title="bbox 2124 3983 3688 4063">
    <p class='ocr_par' dir='ltr' id='par_1_87' title="bbox 2124 3983 3688 4063">
     <span class='ocr_line' id='line_1_87' title="bbox 2124 3983 3688 4063; baseline 0.005 -26"><span class='ocrx_word' id='word_1_612' title='bbox 2124 3983 2366 4055; x_wconf 86' lang='grc' dir='ltr'>Ἡρώδου</span> <span class='ocrx_word' id='word_1_613' title='bbox 2389 3986 2832 4057; x_wconf 85' lang='grc' dir='ltr'>μισθωσαμένου,</span> <span class='ocrx_word' id='word_1_614' title='bbox 2851 3989 2880 4042; x_wconf 89' lang='grc' dir='ltr'><strong>ό</strong></span> <span class='ocrx_word' id='word_1_615' title='bbox 2901 3989 2967 4043; x_wconf 89' lang='lat' dir='ltr'><strong>&#39;A</strong></span> <span class='ocrx_word' id='word_1_616' title='bbox 2977 3989 3086 4060; x_wconf 83' lang='grc' dir='ltr'><strong>ραψ</strong></span> <span class='ocrx_word' id='word_1_617' title='bbox 3105 3991 3231 4062; x_wconf 87' lang='grc' dir='ltr'>περὶ</span> <span class='ocrx_word' id='word_1_618' title='bbox 3251 3991 3348 4063; x_wconf 78' lang='grc' dir='ltr'>τὴν</span> <span class='ocrx_word' id='word_1_619' title='bbox 3365 3990 3461 4046; x_wconf 83' lang='grc' dir='ltr'><strong>τοῦ</strong></span> <span class='ocrx_word' id='word_1_620' title='bbox 3477 3991 3688 4062; x_wconf 82' lang='grc' dir='ltr'>δασμοῦ</span> 
     </span>
    </p>
   </div>
   <div class='ocr_carea' id='block_1_88' title="bbox 2113 4077 3688 4156">
    <p class='ocr_par' dir='ltr' id='par_1_88' title="bbox 2113 4077 3688 4156">
     <span class='ocr_line' id='line_1_88' title="bbox 2113 4077 3688 4156; baseline 0.006 -28"><span class='ocrx_word' id='word_1_621' title='bbox 2113 4077 2421 4150; x_wconf 78' lang='grc' dir='ltr'>καταϐολὴν</span> <span class='ocrx_word' id='word_1_622' title='bbox 2451 4079 2781 4149; x_wconf 76' lang='grc' dir='ltr'>ὴγνωμόνει.</span> <span class='ocrx_word' id='word_1_623' title='bbox 2817 4078 3002 4150; x_wconf 78' lang='grc' dir='ltr'>Ἔγνω</span> <span class='ocrx_word' id='word_1_624' title='bbox 3031 4078 3125 4136; x_wconf 83' lang='grc' dir='ltr'><strong>οὖν</strong></span> <span class='ocrx_word' id='word_1_625' title='bbox 3159 4084 3188 4136; x_wconf 89' lang='grc' dir='ltr'><strong>ό</strong></span> <span class='ocrx_word' id='word_1_626' title='bbox 3219 4082 3474 4153; x_wconf 83' lang='grc' dir='ltr'>βασιλεὺς</span> <span class='ocrx_word' id='word_1_627' title='bbox 3503 4084 3688 4156; x_wconf 86' lang='grc' dir='ltr'>χωρῆ-</span> 
     </span>
    </p>
   </div>
   <div class='ocr_carea' id='block_1_89' title="bbox 2113 4167 3692 4242">
    <p class='ocr_par' dir='ltr' id='par_1_89' title="bbox 2113 4167 3692 4242">
     <span class='ocr_line' id='line_1_89' title="bbox 2113 4167 3692 4242; baseline 0.005 -22"><span class='ocrx_word' id='word_1_628' title='bbox 2113 4182 2203 4220; x_wconf 89' lang='grc' dir='ltr'><strong>σαι</strong></span> <span class='ocrx_word' id='word_1_629' title='bbox 2232 4168 2374 4222; x_wconf 77' lang='grc' dir='ltr'>κατὰ</span> <span class='ocrx_word' id='word_1_630' title='bbox 2403 4167 2500 4222; x_wconf 81' lang='grc' dir='ltr'><strong>τοῦ</strong></span> <span class='ocrx_word' id='word_1_631' title='bbox 2529 4171 2789 4242; x_wconf 74' lang='grc' dir='ltr'>Ἄραϐος,</span> <span class='ocrx_word' id='word_1_632' title='bbox 2821 4173 2916 4225; x_wconf 76' lang='grc' dir='ltr'>καὶ</span> <span class='ocrx_word' id='word_1_633' title='bbox 2937 4171 3030 4225; x_wconf 84' lang='grc' dir='ltr'><strong>ὑπ’</strong></span> <span class='ocrx_word' id='word_1_634' title='bbox 3071 4171 3356 4228; x_wconf 81' lang='grc' dir='ltr'>’Δντωνίου</span> <span class='ocrx_word' id='word_1_635' title='bbox 3380 4173 3540 4228; x_wconf 78' lang='grc' dir='ltr'>τοῦτο</span> <span class='ocrx_word' id='word_1_636' title='bbox 3568 4177 3692 4229; x_wconf 65' lang='grc' dir='ltr'>ἐπι-</span> 
     </span>
    </p>
   </div>
   <div class='ocr_carea' id='block_1_90' title="bbox 2109 4260 3686 4337">
    <p class='ocr_par' dir='ltr' id='par_1_90' title="bbox 2109 4260 3686 4337">
     <span class='ocr_line' id='line_1_90' title="bbox 2109 4260 3686 4337; baseline 0.006 -26"><span class='ocrx_word' id='word_1_637' title='bbox 2109 4260 2363 4329; x_wconf 76' lang='grc' dir='ltr'>τραπεὶς,</span> <span class='ocrx_word' id='word_1_638' title='bbox 2397 4260 2490 4314; x_wconf 78' lang='grc' dir='ltr'>καὶ</span> <span class='ocrx_word' id='word_1_639' title='bbox 2523 4261 2817 4332; x_wconf 86' lang='grc' dir='ltr'>συμϐαλὼν</span> <span class='ocrx_word' id='word_1_640' title='bbox 2859 4262 3146 4328; x_wconf 84' lang='grc' dir='ltr'>πολλάκις,</span> <span class='ocrx_word' id='word_1_641' title='bbox 3191 4265 3499 4320; x_wconf 85' lang='grc' dir='ltr'>τελευταῖον</span> <span class='ocrx_word' id='word_1_642' title='bbox 3537 4269 3686 4337; x_wconf 81' lang='grc' dir='ltr'>νικᾷ,</span> 
     </span>
    </p>
   </div>
   <div class='ocr_carea' id='block_1_91' title="bbox 2113 4349 3687 4430">
    <p class='ocr_par' dir='ltr' id='par_1_91' title="bbox 2113 4349 3687 4430">
     <span class='ocr_line' id='line_1_91' title="bbox 2113 4349 3687 4430; baseline 0.009 -29"><span class='ocrx_word' id='word_1_643' title='bbox 2113 4349 2212 4402; x_wconf 74' lang='grc' dir='ltr'>καὶ</span> <span class='ocrx_word' id='word_1_644' title='bbox 2241 4351 2567 4418; x_wconf 73' lang='grc' dir='ltr'>προστατεῖν</span> <span class='ocrx_word' id='word_1_645' title='bbox 2594 4351 2689 4406; x_wconf 82' lang='grc' dir='ltr'>τοῦ</span> <span class='ocrx_word' id='word_1_646' title='bbox 2717 4351 2902 4417; x_wconf 81' lang='grc' dir='ltr'>ἔθνους</span> <span class='ocrx_word' id='word_1_647' title='bbox 2932 4354 3038 4408; x_wconf 81' lang='grc' dir='ltr'><strong>ὑπὸ</strong></span> <span class='ocrx_word' id='word_1_648' title='bbox 3062 4355 3171 4408; x_wconf 90' lang='grc' dir='ltr'><strong>τῶν</strong></span> <span class='ocrx_word' id='word_1_649' title='bbox 3207 4355 3454 4428; x_wconf 82' lang='grc' dir='ltr'>’Δράϐων</span> <span class='ocrx_word' id='word_1_650' title='bbox 3492 4358 3687 4430; x_wconf 79' lang='grc' dir='ltr'>ᾑρέθη.</span> 
     </span>
    </p>
   </div>
   <div class='ocr_carea' id='block_1_92' title="bbox 434 4419 2011 4520">
    <p class='ocr_par' dir='ltr' id='par_1_92' title="bbox 434 4431 2007 4504">
     <span class='ocr_line' id='line_1_92' title="bbox 434 4431 2007 4504; baseline -0.003 -15"><span class='ocrx_word' id='word_1_651' title='bbox 434 4435 546 4490; x_wconf 89' lang='lat' dir='ltr'><strong>rari</strong></span> <span class='ocrx_word' id='word_1_652' title='bbox 577 4443 814 4504; x_wconf 88' lang='lat' dir='ltr'><strong>poterat,</strong></span> <span class='ocrx_word' id='word_1_653' title='bbox 840 4448 966 4487; x_wconf 90' lang='lat' dir='ltr'><strong>eum</strong></span> <span class='ocrx_word' id='word_1_654' title='bbox 998 4431 1054 4486; x_wconf 85' lang='lat' dir='ltr'><strong>in</strong></span> <span class='ocrx_word' id='word_1_655' title='bbox 1078 4440 1230 4486; x_wconf 86' lang='lat' dir='ltr'><strong>tanta</strong></span> <span class='ocrx_word' id='word_1_656' title='bbox 1249 4433 1474 4488; x_wconf 85' lang='lat' dir='ltr'><strong>Antonii</strong></span> <span class='ocrx_word' id='word_1_657' title='bbox 1505 4432 1769 4498; x_wconf 88' lang='lat' dir='ltr'><strong>amicitia,</strong></span> <span class='ocrx_word' id='word_1_658' title='bbox 1800 4431 2007 4485; x_wconf 80' lang='lat' dir='ltr'><strong>nullam</strong></span> 
     </span>
    </p>
   </div>
   <div class='ocr_carea' id='block_1_93' title="bbox 2113 4419 3691 4520">
    <p class='ocr_par' dir='ltr' id='par_1_93' title="bbox 2113 4419 3691 4520">
     <span class='ocr_line' id='line_1_93' title="bbox 2113 4419 3691 4520; baseline 0.006 -27"><span class='ocrx_word' id='word_1_659' title='bbox 2113 4441 2225 4494; x_wconf 76' lang='grc' dir='ltr'><strong>Καὶ</strong></span> <span class='ocrx_word' id='word_1_660' title='bbox 2250 4441 2592 4514; x_wconf 80' lang='grc' dir='ltr'>ὑπέστρεψεν</span> <span class='ocrx_word' id='word_1_661' title='bbox 2617 4445 2698 4508; x_wconf 88' lang='grc' dir='ltr'><strong>είς</strong></span> <span class='ocrx_word' id='word_1_662' title='bbox 2720 4445 2790 4499; x_wconf 83' lang='grc' dir='ltr'><strong>τά</strong></span> <span class='ocrx_word' id='word_1_663' title='bbox 2812 4446 3010 4514; x_wconf 77' lang='grc' dir='ltr'>οἰκεῖα,</span> <span class='ocrx_word' id='word_1_664' title='bbox 3044 4448 3188 4519; x_wconf 89' lang='grc' dir='ltr'>μέγα</span> <span class='ocrx_word' id='word_1_665' title='bbox 3211 4419 3302 4502; x_wconf 74' lang='grc' dir='ltr'><strong>διά</strong></span> <span class='ocrx_word' id='word_1_666' title='bbox 3329 4448 3398 4502; x_wconf 79' lang='grc' dir='ltr'><strong>τά</strong></span> <span class='ocrx_word' id='word_1_667' title='bbox 3422 4419 3691 4520; x_wconf 65' lang='grc' dir='ltr'>ἀνδραγα-</span> 
     </span>
    </p>
   </div>
   <div class='ocr_carea' id='block_1_94' title="bbox 433 4522 2012 4594">
    <p class='ocr_par' dir='ltr' id='par_1_94' title="bbox 433 4522 2012 4594">
     <span class='ocr_line' id='line_1_94' title="bbox 433 4522 2012 4594; baseline -0.003 -13"><span class='ocrx_word' id='word_1_668' title='bbox 433 4542 467 4581; x_wconf 90' lang='lat' dir='ltr'><strong>a</strong></span> <span class='ocrx_word' id='word_1_669' title='bbox 500 4526 712 4586; x_wconf 67' lang='lat' dir='ltr'><strong>Caesare</strong></span> <span class='ocrx_word' id='word_1_670' title='bbox 737 4523 946 4579; x_wconf 88' lang='lat' dir='ltr'><strong>cladem</strong></span> <span class='ocrx_word' id='word_1_671' title='bbox 978 4532 1352 4594; x_wconf 88' lang='lat' dir='ltr'><strong>accepturum.</strong></span> <span class='ocrx_word' id='word_1_672' title='bbox 1381 4522 1518 4579; x_wconf 92' lang='lat' dir='ltr'><strong>Cum</strong></span> <span class='ocrx_word' id='word_1_673' title='bbox 1539 4533 1722 4578; x_wconf 88' lang='lat' dir='ltr'><strong>autem</strong></span> <span class='ocrx_word' id='word_1_674' title='bbox 1749 4522 1860 4592; x_wconf 87' lang='lat' dir='ltr'><strong>jam</strong></span> <span class='ocrx_word' id='word_1_675' title='bbox 1884 4531 2012 4577; x_wconf 86' lang='lat' dir='ltr'><strong>ante</strong></span> 
     </span>
    </p>
   </div>
   <div class='ocr_carea' id='block_1_95' title="bbox 435 4613 2009 4688">
    <p class='ocr_par' dir='ltr' id='par_1_95' title="bbox 435 4613 2009 4688">
     <span class='ocr_line' id='line_1_95' title="bbox 435 4613 2009 4688; baseline -0.004 -14"><span class='ocrx_word' id='word_1_676' title='bbox 435 4621 492 4674; x_wconf 91' lang='lat' dir='ltr'><strong>in</strong></span> <span class='ocrx_word' id='word_1_677' title='bbox 525 4621 711 4673; x_wconf 88' lang='lat' dir='ltr'><strong>animo</strong></span> <span class='ocrx_word' id='word_1_678' title='bbox 755 4618 1062 4683; x_wconf 76' lang='lat' dir='ltr'><strong>habuisset,</strong></span> <span class='ocrx_word' id='word_1_679' title='bbox 1111 4617 1424 4688; x_wconf 83' lang='lat' dir='ltr'><strong>Hyrcanum</strong></span> <span class='ocrx_word' id='word_1_680' title='bbox 1460 4630 1490 4669; x_wconf 93' lang='lat' dir='ltr'><strong>e</strong></span> <span class='ocrx_word' id='word_1_681' title='bbox 1532 4614 1715 4669; x_wconf 90' lang='lat' dir='ltr'><strong>medio</strong></span> <span class='ocrx_word' id='word_1_682' title='bbox 1766 4613 2009 4668; x_wconf 89' lang='lat' dir='ltr'><strong>tollere:</strong></span> 
     </span>
    </p>
   </div>
   <div class='ocr_carea' id='block_1_96' title="bbox 436 4707 2013 4780">
    <p class='ocr_par' dir='ltr' id='par_1_96' title="bbox 436 4707 2013 4780">
     <span class='ocr_line' id='line_1_96' title="bbox 436 4707 2013 4780; baseline -0.004 -13"><span class='ocrx_word' id='word_1_683' title='bbox 436 4720 552 4767; x_wconf 91' lang='lat' dir='ltr'><strong>tum</strong></span> <span class='ocrx_word' id='word_1_684' title='bbox 579 4711 751 4779; x_wconf 89' lang='lat' dir='ltr'><strong>magis</strong></span> <span class='ocrx_word' id='word_1_685' title='bbox 775 4710 942 4764; x_wconf 87' lang='lat' dir='ltr'><strong>etiam</strong></span> <span class='ocrx_word' id='word_1_686' title='bbox 973 4709 1028 4764; x_wconf 91' lang='lat' dir='ltr'><strong>id</strong></span> <span class='ocrx_word' id='word_1_687' title='bbox 1055 4709 1347 4764; x_wconf 86' lang='lat' dir='ltr'><strong>consilium</strong></span> <span class='ocrx_word' id='word_1_688' title='bbox 1378 4707 1669 4780; x_wconf 88' lang='lat' dir='ltr'><strong>probabat,</strong></span> <span class='ocrx_word' id='word_1_689' title='bbox 1698 4722 1768 4762; x_wconf 89' lang='lat' dir='ltr'><strong>ne</strong></span> <span class='ocrx_word' id='word_1_690' title='bbox 1798 4707 1884 4762; x_wconf 85' lang='lat' dir='ltr'><strong>vir</strong></span> <span class='ocrx_word' id='word_1_691' title='bbox 1917 4721 2013 4761; x_wconf 84' lang='lat' dir='ltr'><strong>su-</strong></span> 
     </span>
    </p>
   </div>
   <div class='ocr_carea' id='block_1_97' title="bbox 437 4800 2012 4874">
    <p class='ocr_par' dir='ltr' id='par_1_97' title="bbox 437 4800 2012 4874">
     <span class='ocr_line' id='line_1_97' title="bbox 437 4800 2012 4874; baseline -0.003 -17"><span class='ocrx_word' id='word_1_692' title='bbox 437 4812 685 4874; x_wconf 86' lang='lat' dir='ltr'><strong>percsset</strong></span> <span class='ocrx_word' id='word_1_693' title='bbox 721 4816 892 4872; x_wconf 80' lang='lat' dir='ltr'><strong>regno</strong></span> <span class='ocrx_word' id='word_1_694' title='bbox 927 4817 984 4856; x_wconf 89' lang='lat' dir='ltr'><strong>se</strong></span> <span class='ocrx_word' id='word_1_695' title='bbox 1007 4801 1248 4872; x_wconf 76' lang='lat' dir='ltr'><strong>dignior,</strong></span> <span class='ocrx_word' id='word_1_696' title='bbox 1282 4800 1449 4870; x_wconf 91' lang='lat' dir='ltr'><strong>idque</strong></span> <span class='ocrx_word' id='word_1_697' title='bbox 1481 4800 1575 4854; x_wconf 89' lang='lat' dir='ltr'><strong>tali</strong></span> <span class='ocrx_word' id='word_1_698' title='bbox 1606 4814 1737 4855; x_wconf 90' lang='lat' dir='ltr'><strong>casu</strong></span> <span class='ocrx_word' id='word_1_699' title='bbox 1766 4808 1850 4855; x_wconf 90' lang='lat' dir='ltr'><strong>est</strong></span> <span class='ocrx_word' id='word_1_700' title='bbox 1879 4813 2012 4854; x_wconf 90' lang='lat' dir='ltr'><strong>con-</strong></span> 
     </span>
    </p>
   </div>
   <div class='ocr_carea' id='block_1_98' title="bbox 437 4890 2012 4957">
    <p class='ocr_par' dir='ltr' id='par_1_98' title="bbox 437 4890 2012 4957">
     <span class='ocr_line' id='line_1_98' title="bbox 437 4890 2012 4957; baseline -0.002 -9"><span class='ocrx_word' id='word_1_701' title='bbox 437 4898 738 4948; x_wconf 83' lang='lat' dir='ltr'><strong>lirmatum.</strong></span> <span class='ocrx_word' id='word_1_702' title='bbox 790 4891 924 4945; x_wconf 81' lang='lat' dir='ltr'><strong>Nam</strong></span> <span class='ocrx_word' id='word_1_703' title='bbox 975 4891 1325 4957; x_wconf 82' lang='lat' dir='ltr'><strong>Alexandra,</strong></span> <span class='ocrx_word' id='word_1_704' title='bbox 1382 4890 1734 4946; x_wconf 88' lang='lat' dir='ltr'><strong>contentiosa</strong></span> <span class='ocrx_word' id='word_1_705' title='bbox 1783 4890 2012 4946; x_wconf 89' lang='lat' dir='ltr'><strong>mulier-</strong></span> 
     </span>
    </p>
   </div>
   <div class='ocr_carea' id='block_1_99' title="bbox 431 4980 2010 5054">
    <p class='ocr_par' dir='ltr' id='par_1_99' title="bbox 431 4980 2010 5054">
     <span class='ocr_line' id='line_1_99' title="bbox 431 4980 2010 5054; baseline -0.004 -13"><span class='ocrx_word' id='word_1_706' title='bbox 431 4985 592 5050; x_wconf 89' lang='lat' dir='ltr'><strong>cula,</strong></span> <span class='ocrx_word' id='word_1_707' title='bbox 645 4997 756 5037; x_wconf 90' lang='lat' dir='ltr'><strong>non</strong></span> <span class='ocrx_word' id='word_1_708' title='bbox 833 4983 987 5054; x_wconf 89' lang='lat' dir='ltr'><strong>prius</strong></span> <span class='ocrx_word' id='word_1_709' title='bbox 1024 4997 1220 5053; x_wconf 88' lang='lat' dir='ltr'><strong>urgere</strong></span> <span class='ocrx_word' id='word_1_710' title='bbox 1283 4989 1496 5053; x_wconf 89' lang='lat' dir='ltr'><strong>patrem</strong></span> <span class='ocrx_word' id='word_1_711' title='bbox 1547 4980 1777 5048; x_wconf 88' lang='lat' dir='ltr'><strong>destitit,</strong></span> <span class='ocrx_word' id='word_1_712' title='bbox 1825 4989 1888 5035; x_wconf 91' lang='lat' dir='ltr'><strong>ut</strong></span> <span class='ocrx_word' id='word_1_713' title='bbox 1939 4980 2010 5034; x_wconf 88' lang='lat' dir='ltr'><strong>ad</strong></span> 
     </span>
    </p>
   </div>
   <div class='ocr_carea' id='block_1_100' title="bbox 432 5073 2008 5146">
    <p class='ocr_par' dir='ltr' id='par_1_100' title="bbox 432 5073 2008 5146">
     <span class='ocr_line' id='line_1_100' title="bbox 432 5073 2008 5146; baseline -0.003 -13"><span class='ocrx_word' id='word_1_714' title='bbox 432 5079 704 5134; x_wconf 80' lang='lat' dir='ltr'><strong>Malchum</strong></span> <span class='ocrx_word' id='word_1_715' title='bbox 724 5077 964 5132; x_wconf 87' lang='lat' dir='ltr'><strong>Arabum</strong></span> <span class='ocrx_word' id='word_1_716' title='bbox 983 5077 1287 5146; x_wconf 89' lang='lat' dir='ltr'><strong>principem</strong></span> <span class='ocrx_word' id='word_1_717' title='bbox 1305 5073 1647 5146; x_wconf 78' lang='lat' dir='ltr'><strong>confugeret,</strong></span> <span class='ocrx_word' id='word_1_718' title='bbox 1666 5073 2008 5145; x_wconf 62' lang='lat' dir='ltr'><strong>quamiprin-</strong></span> 
     </span>
    </p>
   </div>
   <div class='ocr_carea' id='block_1_101' title="bbox 335 5164 2007 5238">
    <p class='ocr_par' dir='ltr' id='par_1_101' title="bbox 335 5164 2007 5238">
     <span class='ocr_line' id='line_1_101' title="bbox 335 5164 2007 5238; baseline -0.002 -16"><span class='ocrx_word' id='word_1_719' title='bbox 335 5187 356 5204; x_wconf 60' lang='grc' dir='ltr'><strong>κ</strong></span> <span class='ocrx_word' id='word_1_720' title='bbox 430 5168 576 5238; x_wconf 91' lang='lat' dir='ltr'><strong>cipio</strong></span> <span class='ocrx_word' id='word_1_721' title='bbox 611 5167 974 5236; x_wconf 77' lang='lat' dir='ltr'><strong>refragantem</strong></span> <span class='ocrx_word' id='word_1_722' title='bbox 1006 5165 1246 5235; x_wconf 88' lang='lat' dir='ltr'><strong>denique</strong></span> <span class='ocrx_word' id='word_1_723' title='bbox 1275 5164 1608 5234; x_wconf 90' lang='lat' dir='ltr'><strong>impulisset,</strong></span> <span class='ocrx_word' id='word_1_724' title='bbox 1631 5172 1692 5218; x_wconf 92' lang='lat' dir='ltr'><strong>ut</strong></span> <span class='ocrx_word' id='word_1_725' title='bbox 1725 5179 1824 5236; x_wconf 88' lang='lat' dir='ltr'><strong>per</strong></span> <span class='ocrx_word' id='word_1_726' title='bbox 1857 5164 2007 5220; x_wconf 84' lang='lat' dir='ltr'><strong>litte-</strong></span> 
     </span>
    </p>
   </div>
   <div class='ocr_carea' id='block_1_102' title="bbox 429 5256 2008 5328">
    <p class='ocr_par' dir='ltr' id='par_1_102' title="bbox 429 5256 2008 5328">
     <span class='ocr_line' id='line_1_102' title="bbox 429 5256 2008 5328; baseline -0.004 -12"><span class='ocrx_word' id='word_1_727' title='bbox 429 5276 520 5316; x_wconf 86' lang='lat' dir='ltr'><strong>ras</strong></span> <span class='ocrx_word' id='word_1_728' title='bbox 549 5259 618 5314; x_wconf 89' lang='lat' dir='ltr'><strong>ab</strong></span> <span class='ocrx_word' id='word_1_729' title='bbox 651 5259 744 5313; x_wconf 86' lang='lat' dir='ltr'><strong>illo</strong></span> <span class='ocrx_word' id='word_1_730' title='bbox 774 5273 832 5313; x_wconf 91' lang='lat' dir='ltr'><strong>se</strong></span> <span class='ocrx_word' id='word_1_731' title='bbox 857 5257 1060 5328; x_wconf 85' lang='lat' dir='ltr'><strong>suscipi</strong></span> <span class='ocrx_word' id='word_1_732' title='bbox 1098 5265 1331 5327; x_wconf 87' lang='lat' dir='ltr'><strong>peteret.</strong></span> <span class='ocrx_word' id='word_1_733' title='bbox 1364 5257 1436 5311; x_wconf 89' lang='lat' dir='ltr'><strong>iis</strong></span> <span class='ocrx_word' id='word_1_734' title='bbox 1458 5256 1720 5312; x_wconf 90' lang='lat' dir='ltr'><strong>Dositheo</strong></span> <span class='ocrx_word' id='word_1_735' title='bbox 1748 5257 1926 5312; x_wconf 87' lang='lat' dir='ltr'><strong>amico</strong></span> <span class='ocrx_word' id='word_1_736' title='bbox 1949 5264 2008 5311; x_wconf 92' lang='lat' dir='ltr'><strong>ut</strong></span> 
     </span>
    </p>
   </div>
   <div class='ocr_carea' id='block_1_103' title="bbox 429 5350 2006 5427">
    <p class='ocr_par' dir='ltr' id='par_1_103' title="bbox 429 5350 2006 5427">
     <span class='ocr_line' id='line_1_103' title="bbox 429 5350 2006 5427; baseline -0.004 -16"><span class='ocrx_word' id='word_1_737' title='bbox 429 5365 704 5427; x_wconf 86' lang='lat' dir='ltr'><strong>pcrterret</strong></span> <span class='ocrx_word' id='word_1_738' title='bbox 728 5355 891 5409; x_wconf 88' lang='lat' dir='ltr'><strong>datis.</strong></span> <span class='ocrx_word' id='word_1_739' title='bbox 923 5353 974 5409; x_wconf 90' lang='lat' dir='ltr'><strong>Is</strong></span> <span class='ocrx_word' id='word_1_740' title='bbox 1001 5368 1132 5408; x_wconf 89' lang='lat' dir='ltr'><strong>vero</strong></span> <span class='ocrx_word' id='word_1_741' title='bbox 1165 5367 1289 5408; x_wconf 91' lang='lat' dir='ltr'><strong>cum</strong></span> <span class='ocrx_word' id='word_1_742' title='bbox 1319 5351 1609 5422; x_wconf 84' lang='lat' dir='ltr'><strong>epistolam</strong></span> <span class='ocrx_word' id='word_1_743' title='bbox 1655 5350 1853 5407; x_wconf 83' lang='lat' dir='ltr'><strong>Herodi</strong></span> <span class='ocrx_word' id='word_1_744' title='bbox 1890 5360 2006 5406; x_wconf 84' lang='lat' dir='ltr'><strong>tra-</strong></span> 
     </span>
    </p>
   </div>
   <div class='ocr_carea' id='block_1_104' title="bbox 429 5444 2006 5517">
    <p class='ocr_par' dir='ltr' id='par_1_104' title="bbox 429 5444 2006 5517">
     <span class='ocr_line' id='line_1_104' title="bbox 429 5444 2006 5517; baseline -0.002 -17"><span class='ocrx_word' id='word_1_745' title='bbox 429 5448 682 5510; x_wconf 82' lang='lat' dir='ltr'><strong>didisset,</strong></span> <span class='ocrx_word' id='word_1_746' title='bbox 712 5449 902 5517; x_wconf 80' lang='lat' dir='ltr'><strong>jussus</strong></span> <span class='ocrx_word' id='word_1_747' title='bbox 928 5455 1014 5501; x_wconf 92' lang='lat' dir='ltr'><strong>est</strong></span> <span class='ocrx_word' id='word_1_748' title='bbox 1044 5461 1108 5500; x_wconf 88' lang='lat' dir='ltr'><strong>ca</strong></span> <span class='ocrx_word' id='word_1_749' title='bbox 1142 5445 1208 5500; x_wconf 89' lang='lat' dir='ltr'><strong>ad</strong></span> <span class='ocrx_word' id='word_1_750' title='bbox 1233 5445 1502 5500; x_wconf 80' lang='lat' dir='ltr'><strong>Malcbum</strong></span> <span class='ocrx_word' id='word_1_751' title='bbox 1527 5444 1756 5515; x_wconf 88' lang='lat' dir='ltr'><strong>perlata,</strong></span> <span class='ocrx_word' id='word_1_752' title='bbox 1782 5457 2006 5512; x_wconf 73' lang='lat' dir='ltr'><strong>respon-</strong></span> 
     </span>
    </p>
   </div>
   <div class='ocr_carea' id='block_1_105' title="bbox 429 5536 2002 5609">
    <p class='ocr_par' dir='ltr' id='par_1_105' title="bbox 429 5536 2002 5609">
     <span class='ocr_line' id='line_1_105' title="bbox 429 5536 2002 5609; baseline -0.001 -16"><span class='ocrx_word' id='word_1_753' title='bbox 429 5553 553 5593; x_wconf 89' lang='lat' dir='ltr'><strong>sum</strong></span> <span class='ocrx_word' id='word_1_754' title='bbox 582 5539 731 5594; x_wconf 88' lang='lat' dir='ltr'><strong>illius</strong></span> <span class='ocrx_word' id='word_1_755' title='bbox 769 5539 994 5595; x_wconf 81' lang='lat' dir='ltr'><strong>aﬂ‘erre.</strong></span> <span class='ocrx_word' id='word_1_756' title='bbox 1044 5539 1165 5606; x_wconf 86' lang='lat' dir='ltr'><strong>Quo</strong></span> <span class='ocrx_word' id='word_1_757' title='bbox 1211 5553 1312 5609; x_wconf 89' lang='lat' dir='ltr'><strong>per</strong></span> <span class='ocrx_word' id='word_1_758' title='bbox 1355 5539 1679 5594; x_wconf 86' lang='lat' dir='ltr'><strong>Dositheum</strong></span> <span class='ocrx_word' id='word_1_759' title='bbox 1728 5536 2002 5602; x_wconf 82' lang='lat' dir='ltr'><strong>confecto,</strong></span> 
     </span>
    </p>
   </div>
   <div class='ocr_carea' id='block_1_106' title="bbox 2111 4528 3691 4610">
    <p class='ocr_par' dir='ltr' id='par_1_106' title="bbox 2111 4528 3691 4610">
     <span class='ocr_line' id='line_1_106' title="bbox 2111 4528 3691 4610; baseline 0.006 -27"><span class='ocrx_word' id='word_1_760' title='bbox 2111 4528 2332 4600; x_wconf 78' lang='grc' dir='ltr'>θηματα</span> <span class='ocrx_word' id='word_1_761' title='bbox 2378 4535 2722 4604; x_wconf 86' lang='grc' dir='ltr'>κτησάμενος</span> <span class='ocrx_word' id='word_1_762' title='bbox 2773 4535 2968 4605; x_wconf 77' lang='grc' dir='ltr'>ὄνομα,</span> <span class='ocrx_word' id='word_1_763' title='bbox 3029 4535 3124 4590; x_wconf 77' lang='grc' dir='ltr'>καὶ</span> <span class='ocrx_word' id='word_1_764' title='bbox 3185 4539 3536 4609; x_wconf 77' lang='grc' dir='ltr'>φρονήματος</span> <span class='ocrx_word' id='word_1_765' title='bbox 3587 4538 3691 4610; x_wconf 76' lang='grc' dir='ltr'>έμ-</span> 
     </span>
    </p>
   </div>
   <div class='ocr_carea' id='block_1_107' title="bbox 2111 4622 3689 4698">
    <p class='ocr_par' dir='ltr' id='par_1_107' title="bbox 2111 4622 3689 4698">
     <span class='ocr_line' id='line_1_107' title="bbox 2111 4622 3689 4698; baseline 0.006 -25"><span class='ocrx_word' id='word_1_766' title='bbox 2111 4622 2313 4684; x_wconf 84' lang='grc' dir='ltr'>πλεως.</span> <span class='ocrx_word' id='word_1_767' title='bbox 2346 4623 2508 4694; x_wconf 73' lang='grc' dir='ltr'>’Ἄρτι</span> <span class='ocrx_word' id='word_1_768' title='bbox 2533 4623 2591 4677; x_wconf 81' lang='grc' dir='ltr'>δὲ</span> <span class='ocrx_word' id='word_1_769' title='bbox 2635 4625 2913 4695; x_wconf 79' lang='grc' dir='ltr'>Καίσαρος</span> <span class='ocrx_word' id='word_1_770' title='bbox 2955 4626 3049 4679; x_wconf 80' lang='grc' dir='ltr'>τὸν</span> <span class='ocrx_word' id='word_1_771' title='bbox 3079 4627 3368 4682; x_wconf 78' lang='grc' dir='ltr'>’Λντώνιον</span> <span class='ocrx_word' id='word_1_772' title='bbox 3401 4630 3460 4682; x_wconf 91' lang='grc' dir='ltr'><strong>ἐν</strong></span> <span class='ocrx_word' id='word_1_773' title='bbox 3487 4630 3689 4698; x_wconf 82' lang='grc' dir='ltr'>Ἀκτίῳ</span> 
     </span>
    </p>
   </div>
   <div class='ocr_carea' id='block_1_108' title="bbox 2113 4713 3688 4793">
    <p class='ocr_par' dir='ltr' id='par_1_108' title="bbox 2113 4713 3688 4793">
     <span class='ocr_line' id='line_1_108' title="bbox 2113 4713 3688 4793; baseline 0.007 -29"><span class='ocrx_word' id='word_1_774' title='bbox 2113 4713 2266 4784; x_wconf 80' lang='grc' dir='ltr'>μάχῃ</span> <span class='ocrx_word' id='word_1_775' title='bbox 2298 4715 2640 4785; x_wconf 71' lang='grc' dir='ltr'>νικήσαντος,</span> <span class='ocrx_word' id='word_1_776' title='bbox 2686 4715 2903 4789; x_wconf 76' lang='grc' dir='ltr'>Ἡρώδῃ</span> <span class='ocrx_word' id='word_1_777' title='bbox 2940 4717 3010 4771; x_wconf 84' lang='grc' dir='ltr'><strong>τά</strong></span> <span class='ocrx_word' id='word_1_778' title='bbox 3044 4718 3347 4789; x_wconf 89' lang='grc' dir='ltr'>πράγματα</span> <span class='ocrx_word' id='word_1_779' title='bbox 3387 4719 3688 4793; x_wconf 86' lang='grc' dir='ltr'>τεθορύϐη-</span> 
     </span>
    </p>
   </div>
   <div class='ocr_carea' id='block_1_109' title="bbox 2109 4804 3688 4882">
    <p class='ocr_par' dir='ltr' id='par_1_109' title="bbox 2109 4804 3688 4882">
     <span class='ocr_line' id='line_1_109' title="bbox 2109 4804 3688 4882; baseline 0.008 -26"><span class='ocrx_word' id='word_1_780' title='bbox 2109 4819 2191 4868; x_wconf 90' lang='grc' dir='ltr'><strong>το,</strong></span> <span class='ocrx_word' id='word_1_781' title='bbox 2219 4804 2253 4874; x_wconf 64' lang='lat' dir='ltr'>ﬂ</span> <span class='ocrx_word' id='word_1_782' title='bbox 2284 4805 2379 4858; x_wconf 72' lang='lat' dir='ltr'><strong>ml</strong></span> <span class='ocrx_word' id='word_1_783' title='bbox 2400 4805 2720 4874; x_wconf 75' lang='grc' dir='ltr'>ἀπέγνωστο</span> <span class='ocrx_word' id='word_1_784' title='bbox 2753 4809 2952 4862; x_wconf 87' lang='grc' dir='ltr'>τέλεον.</span> <span class='ocrx_word' id='word_1_785' title='bbox 2982 4809 3057 4863; x_wconf 81' lang='grc' dir='ltr'><strong>Οὐ</strong></span> <span class='ocrx_word' id='word_1_786' title='bbox 3081 4809 3188 4882; x_wconf 87' lang='grc' dir='ltr'><strong>γάρ</strong></span> <span class='ocrx_word' id='word_1_787' title='bbox 3213 4805 3282 4881; x_wconf 79' lang='grc' dir='ltr'><strong>ἦν</strong></span> <span class='ocrx_word' id='word_1_788' title='bbox 3314 4811 3467 4875; x_wconf 78' lang='grc' dir='ltr'>ἐλπὶς</span> <span class='ocrx_word' id='word_1_789' title='bbox 3491 4813 3688 4868; x_wconf 85' lang='grc' dir='ltr'>τοσαύ-</span> 
     </span>
    </p>
   </div>
   <div class='ocr_carea' id='block_1_110' title="bbox 2109 4896 3686 4978">
    <p class='ocr_par' dir='ltr' id='par_1_110' title="bbox 2109 4896 3686 4978">
     <span class='ocr_line' id='line_1_110' title="bbox 2109 4896 3686 4978; baseline -0.002 -19"><span class='ocrx_word' id='word_1_790' title='bbox 2109 4911 2211 4966; x_wconf 85' lang='grc' dir='ltr'><strong>της</strong></span> <span class='ocrx_word' id='word_1_791' title='bbox 2264 4896 2414 4966; x_wconf 80' lang='grc' dir='ltr'>αὐτῷ</span> <span class='ocrx_word' id='word_1_792' title='bbox 2468 4899 2604 4968; x_wconf 86' lang='grc' dir='ltr'>πρὸς</span> <span class='ocrx_word' id='word_1_793' title='bbox 2650 4899 2935 4954; x_wconf 84' lang='grc' dir='ltr'>Ἀντώνιον</span> <span class='ocrx_word' id='word_1_794' title='bbox 2981 4901 3168 4970; x_wconf 77' lang='grc' dir='ltr'>φιλίας</span> <span class='ocrx_word' id='word_1_795' title='bbox 3222 4905 3546 4975; x_wconf 79' lang='grc' dir='ltr'>γενομένης,</span> <span class='ocrx_word' id='word_1_796' title='bbox 3607 4906 3686 4978; x_wconf 78' lang='grc' dir='ltr'>μὴ</span> 
     </span>
    </p>
   </div>
   <div class='ocr_carea' id='block_1_111' title="bbox 2109 4985 3688 5067">
    <p class='ocr_par' dir='ltr' id='par_1_111' title="bbox 2109 4985 3688 5067">
     <span class='ocr_line' id='line_1_111' title="bbox 2109 4985 3688 5067; baseline 0.006 -27"><span class='ocrx_word' id='word_1_797' title='bbox 2109 4985 2428 5057; x_wconf 83' lang='grc' dir='ltr'>κακωθῆναι</span> <span class='ocrx_word' id='word_1_798' title='bbox 2461 4987 2566 5040; x_wconf 82' lang='grc' dir='ltr'><strong>ὑπὸ</strong></span> <span class='ocrx_word' id='word_1_799' title='bbox 2597 4987 2696 5042; x_wconf 83' lang='grc' dir='ltr'>τοῦ</span> <span class='ocrx_word' id='word_1_800' title='bbox 2723 4989 3021 5061; x_wconf 82' lang='grc' dir='ltr'>Καίσαρος.</span> <span class='ocrx_word' id='word_1_801' title='bbox 3037 4993 3280 5064; x_wconf 80' lang='grc' dir='ltr'>Ἡρώδης</span> <span class='ocrx_word' id='word_1_802' title='bbox 3313 4995 3394 5058; x_wconf 85' lang='grc' dir='ltr'>δὲ,</span> <span class='ocrx_word' id='word_1_803' title='bbox 3423 4994 3514 5048; x_wconf 78' lang='grc' dir='ltr'><strong>τὸν</strong></span> <span class='ocrx_word' id='word_1_804' title='bbox 3556 4996 3688 5067; x_wconf 80' lang='grc' dir='ltr'><strong>Ὑρ-</strong></span> 
     </span>
    </p>
   </div>
   <div class='ocr_carea' id='block_1_112' title="bbox 2112 5081 3685 5160">
    <p class='ocr_par' dir='ltr' id='par_1_112' title="bbox 2112 5081 3685 5160">
     <span class='ocr_line' id='line_1_112' title="bbox 2112 5081 3685 5160; baseline 0.008 -29"><span class='ocrx_word' id='word_1_805' title='bbox 2112 5081 2276 5133; x_wconf 84' lang='grc' dir='ltr'>κανδν</span> <span class='ocrx_word' id='word_1_806' title='bbox 2312 5081 2377 5134; x_wconf 83' lang='grc' dir='ltr'><strong>ἐκ</strong></span> <span class='ocrx_word' id='word_1_807' title='bbox 2412 5081 2579 5152; x_wconf 83' lang='grc' dir='ltr'>μέσου</span> <span class='ocrx_word' id='word_1_808' title='bbox 2624 5083 2852 5153; x_wconf 85' lang='grc' dir='ltr'>ποιῆσαι</span> <span class='ocrx_word' id='word_1_809' title='bbox 2889 5087 3290 5156; x_wconf 81' lang='grc' dir='ltr'>διανοούμενος,</span> <span class='ocrx_word' id='word_1_810' title='bbox 3319 5088 3441 5142; x_wconf 84' lang='grc' dir='ltr'>τότε</span> <span class='ocrx_word' id='word_1_811' title='bbox 3478 5089 3685 5160; x_wconf 79' lang='grc' dir='ltr'>μᾶλλον</span> 
     </span>
    </p>
   </div>
   <div class='ocr_carea' id='block_1_113' title="bbox 2111 5167 3682 5253">
    <p class='ocr_par' dir='ltr' id='par_1_113' title="bbox 2111 5167 3682 5253">
     <span class='ocr_line' id='line_1_113' title="bbox 2111 5167 3682 5253; baseline 0.008 -32"><span class='ocrx_word' id='word_1_812' title='bbox 2111 5167 2247 5240; x_wconf 74' lang='grc' dir='ltr'>ᾤετο</span> <span class='ocrx_word' id='word_1_813' title='bbox 2274 5172 2576 5242; x_wconf 86' lang='grc' dir='ltr'>συμφέρειν</span> <span class='ocrx_word' id='word_1_814' title='bbox 2617 5172 2765 5245; x_wconf 82' lang='grc' dir='ltr'><strong>αύτῷ</strong></span> <span class='ocrx_word' id='word_1_815' title='bbox 2798 5175 2899 5247; x_wconf 73' lang='grc' dir='ltr'><strong>τὴν</strong></span> <span class='ocrx_word' id='word_1_816' title='bbox 2927 5177 3263 5249; x_wconf 85' lang='grc' dir='ltr'>ἐγχείρησιν,</span> <span class='ocrx_word' id='word_1_817' title='bbox 3313 5179 3400 5233; x_wconf 73' lang='grc' dir='ltr'>ἵνα</span> <span class='ocrx_word' id='word_1_818' title='bbox 3430 5180 3506 5251; x_wconf 84' lang='grc' dir='ltr'>μὴ</span> <span class='ocrx_word' id='word_1_819' title='bbox 3543 5180 3682 5253; x_wconf 73' lang='grc' dir='ltr'>ἀνὴρ</span> 
     </span>
    </p>
   </div>
   <div class='ocr_carea' id='block_1_114' title="bbox 2109 5263 3785 5342">
    <p class='ocr_par' dir='ltr' id='par_1_114' title="bbox 2109 5263 3785 5342">
     <span class='ocr_line' id='line_1_114' title="bbox 2109 5263 3785 5342; baseline 0.008 -28"><span class='ocrx_word' id='word_1_820' title='bbox 2109 5263 2492 5332; x_wconf 78' lang='grc' dir='ltr'>περισώζοιτο,</span> <span class='ocrx_word' id='word_1_821' title='bbox 2521 5267 2704 5334; x_wconf 83' lang='grc' dir='ltr'>τυχεῖν</span> <span class='ocrx_word' id='word_1_822' title='bbox 2735 5265 2835 5336; x_wconf 79' lang='grc' dir='ltr'>τῆς</span> <span class='ocrx_word' id='word_1_823' title='bbox 2866 5267 3144 5337; x_wconf 81' lang='grc' dir='ltr'>βασιλείας</span> <span class='ocrx_word' id='word_1_824' title='bbox 3171 5270 3338 5324; x_wconf 82' lang='grc' dir='ltr'>αὑτοῦ</span> <span class='ocrx_word' id='word_1_825' title='bbox 3363 5272 3680 5342; x_wconf 79' lang='grc' dir='ltr'>ἀξιώτερος.</span> <span class='ocrx_word' id='word_1_826' title='bbox 3779 5285 3785 5288; x_wconf 85' lang='grc'>·</span> 
     </span>
    </p>
   </div>
   <div class='ocr_carea' id='block_1_115' title="bbox 2121 5354 3683 5431">
    <p class='ocr_par' dir='ltr' id='par_1_115' title="bbox 2121 5354 3683 5431">
     <span class='ocr_line' id='line_1_115' title="bbox 2121 5354 3683 5431; baseline 0.005 -24"><span class='ocrx_word' id='word_1_827' title='bbox 2121 5354 2366 5426; x_wconf 85' lang='grc' dir='ltr'>Ἡρώδης</span> <span class='ocrx_word' id='word_1_828' title='bbox 2398 5355 2499 5427; x_wconf 85' lang='grc' dir='ltr'><strong>μὲν</strong></span> <span class='ocrx_word' id='word_1_829' title='bbox 2548 5355 2643 5410; x_wconf 78' lang='grc' dir='ltr'>οὖν</span> <span class='ocrx_word' id='word_1_830' title='bbox 2687 5355 2830 5411; x_wconf 73' lang='grc' dir='ltr'>οὕτω</span> <span class='ocrx_word' id='word_1_831' title='bbox 2870 5359 3178 5431; x_wconf 88' lang='grc' dir='ltr'>διανενόητο</span> <span class='ocrx_word' id='word_1_832' title='bbox 3205 5377 3221 5392; x_wconf 87' lang='grc'><strong>·</strong></span> <span class='ocrx_word' id='word_1_833' title='bbox 3265 5360 3489 5430; x_wconf 80' lang='grc' dir='ltr'>ἠρέθισε</span> <span class='ocrx_word' id='word_1_834' title='bbox 3529 5361 3587 5415; x_wconf 85' lang='grc' dir='ltr'><strong>δέ</strong></span> <span class='ocrx_word' id='word_1_835' title='bbox 3628 5379 3683 5415; x_wconf 92' lang='grc' dir='ltr'><strong>τι</strong></span> 
     </span>
    </p>
   </div>
   <div class='ocr_carea' id='block_1_116' title="bbox 2109 5447 3682 5521">
    <p class='ocr_par' dir='ltr' id='par_1_116' title="bbox 2109 5447 3682 5521">
     <span class='ocr_line' id='line_1_116' title="bbox 2109 5447 3682 5521; baseline 0.003 -23"><span class='ocrx_word' id='word_1_836' title='bbox 2109 5447 2323 5515; x_wconf 76' lang='grc' dir='ltr'>συμϐὰν</span> <span class='ocrx_word' id='word_1_837' title='bbox 2344 5447 2483 5516; x_wconf 86' lang='grc' dir='ltr'>πρὸς</span> <span class='ocrx_word' id='word_1_838' title='bbox 2513 5447 2614 5518; x_wconf 81' lang='grc' dir='ltr'><strong>τὴν</strong></span> <span class='ocrx_word' id='word_1_839' title='bbox 2636 5449 2837 5517; x_wconf 79' lang='grc' dir='ltr'>πρᾶξιν</span> <span class='ocrx_word' id='word_1_840' title='bbox 2865 5451 3026 5510; x_wconf 78' lang='grc' dir='ltr'>πλέον</span> <span class='ocrx_word' id='word_1_841' title='bbox 3051 5451 3318 5506; x_wconf 85' lang='grc' dir='ltr'>αὐτόν.Ἡ</span> <span class='ocrx_word' id='word_1_842' title='bbox 3346 5451 3454 5521; x_wconf 80' lang='grc' dir='ltr'>γὰρ</span> <span class='ocrx_word' id='word_1_843' title='bbox 3495 5451 3682 5517; x_wconf 79' lang='grc' dir='ltr'>Ἀλεξ-</span> 
     </span>
    </p>
   </div>
   <div class='ocr_carea' id='block_1_117' title="bbox 2105 5536 3682 5610">
    <p class='ocr_par' dir='ltr' id='par_1_117' title="bbox 2105 5536 3682 5610">
     <span class='ocr_line' id='line_1_117' title="bbox 2105 5536 3682 5610; baseline 0.003 -20"><span class='ocrx_word' id='word_1_844' title='bbox 2105 5536 2299 5607; x_wconf 75' lang='grc' dir='ltr'>άνδρα,</span> <span class='ocrx_word' id='word_1_845' title='bbox 2371 5536 2676 5606; x_wconf 81' lang='grc' dir='ltr'>φιλόνεικον</span> <span class='ocrx_word' id='word_1_846' title='bbox 2733 5539 3057 5610; x_wconf 85' lang='grc' dir='ltr'>ὑπάρχουσα</span> <span class='ocrx_word' id='word_1_847' title='bbox 3101 5542 3344 5610; x_wconf 87' lang='grc' dir='ltr'>γύναιον,</span> <span class='ocrx_word' id='word_1_848' title='bbox 3393 5543 3493 5596; x_wconf 83' lang='grc' dir='ltr'>οὐκ</span> <span class='ocrx_word' id='word_1_849' title='bbox 3537 5541 3682 5597; x_wconf 86' lang='grc' dir='ltr'>άνίει</span> 
     </span>
    </p>
   </div>
   <div class='ocr_carea' id='block_1_118' title="bbox 431 5626 2011 5706">
    <p class='ocr_par' dir='ltr' id='par_1_118' title="bbox 431 5627 2005 5701">
     <span class='ocr_line' id='line_1_118' title="bbox 431 5627 2005 5701; baseline 0.001 -21"><span class='ocrx_word' id='word_1_850' title='bbox 431 5629 720 5696; x_wconf 89' lang='lat' dir='ltr'><strong>rescripsit</strong></span> <span class='ocrx_word' id='word_1_851' title='bbox 769 5631 968 5696; x_wconf 81' lang='lat' dir='ltr'><strong>Arabs.</strong></span> <span class='ocrx_word' id='word_1_852' title='bbox 1001 5646 1060 5686; x_wconf 87' lang='lat' dir='ltr'><strong>se</strong></span> <span class='ocrx_word' id='word_1_853' title='bbox 1092 5639 1150 5685; x_wconf 93' lang='lat' dir='ltr'><strong>et</strong></span> <span class='ocrx_word' id='word_1_854' title='bbox 1192 5631 1506 5701; x_wconf 83' lang='lat' dir='ltr'><strong>Hyrcanum</strong></span> <span class='ocrx_word' id='word_1_855' title='bbox 1548 5636 1605 5683; x_wconf 90' lang='lat' dir='ltr'><strong>et</strong></span> <span class='ocrx_word' id='word_1_856' title='bbox 1634 5643 1826 5683; x_wconf 90' lang='lat' dir='ltr'><strong>omnes</strong></span> <span class='ocrx_word' id='word_1_857' title='bbox 1856 5627 2005 5682; x_wconf 87' lang='lat' dir='ltr'><strong>illius</strong></span> 
     </span>
    </p>
   </div>
   <div class='ocr_carea' id='block_1_119' title="bbox 2113 5626 3680 5706">
    <p class='ocr_par' dir='ltr' id='par_1_119' title="bbox 2113 5626 3680 5706">
     <span class='ocr_line' id='line_1_119' title="bbox 2113 5626 3680 5706; baseline 0.005 -28"><span class='ocrx_word' id='word_1_858' title='bbox 2113 5626 2476 5682; x_wconf 72' lang='grc' dir='ltr'>ἀναπείθουσα</span> <span class='ocrx_word' id='word_1_859' title='bbox 2515 5628 2607 5684; x_wconf 80' lang='grc' dir='ltr'><strong>τὸν</strong></span> <span class='ocrx_word' id='word_1_860' title='bbox 2637 5630 2870 5702; x_wconf 88' lang='grc' dir='ltr'>πατέρα,</span> <span class='ocrx_word' id='word_1_861' title='bbox 2915 5633 3126 5703; x_wconf 84' lang='grc' dir='ltr'>Μάλχῳ</span> <span class='ocrx_word' id='word_1_862' title='bbox 3162 5635 3559 5706; x_wconf 79' lang='grc' dir='ltr'>προσχωρῆσαι</span> <span class='ocrx_word' id='word_1_863' title='bbox 3600 5632 3680 5705; x_wconf 82' lang='grc' dir='ltr'><strong>τῷ</strong></span> 
     </span>
    </p>
   </div>
   <div class='ocr_carea' id='block_1_120' title="bbox 429 5720 2001 5791">
    <p class='ocr_par' dir='ltr' id='par_1_120' title="bbox 429 5720 2001 5791">
     <span class='ocr_line' id='line_1_120' title="bbox 429 5720 2001 5791; baseline -0.001 -16"><span class='ocrx_word' id='word_1_864' title='bbox 429 5721 769 5777; x_wconf 86' lang='lat' dir='ltr'><strong>necessarios</strong></span> <span class='ocrx_word' id='word_1_865' title='bbox 792 5737 914 5779; x_wconf 88' lang='lat' dir='ltr'><strong>esse</strong></span> <span class='ocrx_word' id='word_1_866' title='bbox 948 5730 1324 5791; x_wconf 90' lang='lat' dir='ltr'><strong>recepturum.</strong></span> <span class='ocrx_word' id='word_1_867' title='bbox 1363 5721 1438 5775; x_wconf 90' lang='lat' dir='ltr'><strong>Ea</strong></span> <span class='ocrx_word' id='word_1_868' title='bbox 1477 5720 1709 5790; x_wconf 84' lang='lat' dir='ltr'><strong>epistola</strong></span> <span class='ocrx_word' id='word_1_869' title='bbox 1753 5727 2001 5790; x_wconf 85' lang='lat' dir='ltr'><strong>recepta,</strong></span> 
     </span>
    </p>
   </div>
   <div class='ocr_carea' id='block_1_121' title="bbox 2106 5719 3681 5810">
    <p class='ocr_par' dir='ltr' id='par_1_121' title="bbox 2106 5719 3681 5810">
     <span class='ocr_line' id='line_1_121' title="bbox 2106 5719 3681 5810; baseline 0.004 -36"><span class='ocrx_word' id='word_1_870' title='bbox 2106 5722 2202 5792; x_wconf 75' lang='grc' dir='ltr'>τὴν</span> <span class='ocrx_word' id='word_1_871' title='bbox 2227 5720 2490 5792; x_wconf 83' lang='grc' dir='ltr'>Ἀραϐίαν</span> <span class='ocrx_word' id='word_1_872' title='bbox 2522 5719 2720 5810; x_wconf 74' lang='grc' dir='ltr'>ἔχοντι.</span> <span class='ocrx_word' id='word_1_873' title='bbox 2761 5723 2821 5777; x_wconf 85' lang='lat'><strong>&#39;0</strong></span> <span class='ocrx_word' id='word_1_874' title='bbox 2841 5724 2897 5778; x_wconf 78' lang='grc' dir='ltr'><strong>δέ</strong></span> <span class='ocrx_word' id='word_1_875' title='bbox 2926 5725 3141 5798; x_wconf 90' lang='grc' dir='ltr'>πρῶτον</span> <span class='ocrx_word' id='word_1_876' title='bbox 3171 5726 3270 5797; x_wconf 84' lang='grc' dir='ltr'><strong>μὲν</strong></span> <span class='ocrx_word' id='word_1_877' title='bbox 3291 5727 3533 5781; x_wconf 86' lang='grc' dir='ltr'>διωθεῖτο</span> <span class='ocrx_word' id='word_1_878' title='bbox 3553 5726 3681 5790; x_wconf 77' lang='grc' dir='ltr'>τοὺς</span> 
     </span>
    </p>
   </div>
  </div>
