4074 6432
373 386 493 449 425,

1640 379 2046 438 ANNALIUM
2094 380 2220 435 LIB
2283 381 2348 438 ν.

3532 384 3644 448 426

371 489 589 559 λόγους.
650 485 1016 556 Ἐγκειμένης
1068 485 1113 539 δ’
1169 484 1408 557 ἐκείνης,
1463 485 1616 548 τέλος
1666 483 1948 555 ἐπιστολὴν

2060 482 2308 537 llerodcs
2332 483 2638 553 Hyrcanum
2665 485 2919 551 accersit,
2948 487 3013 543 de
3041 486 3247 544 foedere
3275 505 3399 547 cum
3430 492 3651 549 Malcho

373 579 509 650 πρὸς
565 579 659 632 τὸν
716 578 940 648 Μάλχον
1000 578 1331 648 ἐγχαράττει
1388 574 1652 647 περὶτοῦ
1701 576 1955 640 δέξασθαι

371 672 534 737 σφᾶς,
569 671 666 722 καὶ
713 669 955 741 Δοσιθέῳ
1002 670 1112 721 τινὶ
1153 668 1264 720 τῶν
1296 668 1466 737 φίλων
1512 666 1695 720 δίδωσι
1726 665 1954 736 ταύτην.

372 762 483 814 Καὶ
529 761 589 824 ὃς
650 761 862 832 Ἡρώδῃ
908 760 1009 831 τὴν
1060 758 1351 830 ἐπιστολὴν
1399 759 1753 829 ἐνεχείρισεν.
1800 758 1859 810 '0
1900 757 1956 811 δὲ

371 855 665 908 ἀποδοῦναι
692 855 769 925 τῷ
808 854 1016 925 Μάλχῳ
1053 852 1153 924 τὴν
1184 853 1406 924 γραφὴν
1433 852 1635 922 ἠξίωσε
1678 852 1768 904 τὸν
1796 851 1955 903 Δοσί-

371 946 514 1010 fetv,
541 949 633 998 καὶ
657 949 725 999 τὰ
758 945 885 1015 παρ’
903 947 1116 998 ἐκείνου
1141 946 1446 1014 γράμματα
1474 944 1738 1010 ἐνεγκεῖν.
1768 941 1958 994 Ταῦτα

369 1039 426 1091 δὲ
489 1038 584 1091 τοῦ
644 1037 1382 1108 Δωσιθέουνπληρώσαντος,
1448 1033 1866 1088 ἀντεπέστειλεν
1928 1037 1957 1088 ὀ

376 1129 562 1199 Ἀραψ
601 1130 766 1183 αὐτόν
791 1146 850 1183 τε
886 1128 976 1182 τὸν
1012 1127 1276 1199 Ὑρκανὸν
1305 1127 1586 1193 δέξασθαι,
1622 1128 1716 1180 καὶ
1750 1126 1958 1188 πάντας

2068 585 2177 627 icto
2226 576 2444 643 quiaarit,
2501 576 2711 630 inlicias
2751 588 3001 638 euntem,
3049 579 3254 636 litteris
3301 582 3356 636 iu
3407 585 3650 640 concilio

2064 667 2313 734 prolatis,
2362 665 2644 721 interﬁcit.
2687 667 2829 723 Sunt
2885 670 2979 738 qui
3012 670 3283 726 Herodem
3317 674 3421 729 hoc
3449 686 3645 731 contra

2065 756 2372 828 Hyrcanum
2402 769 2773 813 commentum
2801 775 2924 815 esse
2954 761 3314 827 arbitrentur,
3364 776 3423 820 ut
3463 766 3646 820 homi-

2068 864 2194 901 nem
2223 863 2253 902 e
2283 848 2466 903 medio
2491 850 2683 904 tollere
2710 862 2914 920 posset,
2944 866 3272 922 argumento
3294 872 3357 910 ex
3383 856 3648 911 facilitate

2062 948 2119 994 ct
2149 940 2501 1010 simplicitate
2525 943 2626 995 viri
2658 954 2912 1013 sumpto:
2939 945 3032 1013 qui
3064 962 3131 1000 ne
3168 948 3490 1004 adolescens
3521 948 3645 1018 qui-

2064 1034 2214 1098 dem,
2240 1035 2536 1104 quidquam
2572 1035 2747 1089 audax
2777 1045 2873 1090 aut
2900 1039 3251 1093 temerarium
3277 1044 3523 1107 tentarit,
3545 1057 3646 1096 ne-

2066 1126 2196 1180 dum
2231 1136 2364 1181 tunc
2396 1142 2553 1179 LXXXI
2589 1126 2768 1181 altatis
2795 1143 2999 1181 annum
3029 1144 3214 1198 agens.

369 1222 495 1284 τοὺς
529 1221 630 1275 σὺν
658 1221 828 1291 αὐτῷ.
860 1221 1078 1290 Ταύτην
1109 1219 1202 1273 οὖν
1238 1218 1488 1290 Ἡρώδης
1525 1217 1817 1287 δεξάμενος
1859 1216 1957 1288 τὴν
1993 1216 2305 1287 ἐπιστολὴν,
2376 1218 2802 1287 μεταπέμπεται
2877 1219 3171 1291 Ὑρκανὸν,
3215 1223 3308 1274 καὶ
3351 1223 3481 1292 περὶ
3529 1222 3641 1276 τῶν

370 1315 506 1385 πρὸς
539 1317 632 1370 τὸν
678 1315 900 1385 Μάλχον
969 1317 1222 1385 ἀνέκρινε
1304 1312 1628 1383 συνθηκῶν·
1682 1311 2019 1383 ἀρνουμένου
2056 1312 2131 1369 δὲ.
2164 1311 2261 1371 τὰς
2302 1311 2596 1376 ἐπιστολὰς
2641 1313 2823 1378 δείξας
2871 1314 2950 1386 τῷ
2989 1302 3273 1388 συνεδρίῳ,
3325 1318 3417 1370 τὸν
3466 1316 3638 1387 ἄνδρα

367 1407 756 1480 δ;εχειρίσατο.
785 1407 974 1461 Πολλοὶ
999 1406 1053 1460 δὲ
1085 1407 1285 1477 σκῆψιν
1326 1406 1567 1478 Ἡρώδου
1596 1405 1665 1460 τά
1727 1402 1872 1457 κατά
1933 1403 2024 1457 τὸν
2074 1403 2340 1473 Ὑρκανὸν
2400 1403 2656 1472 γενέσθαι
2709 1406 2865 1475 φασὶ,
2901 1406 3227 1477 βουλομένου
3277 1409 3439 1464 αὑτὸν
3483 1412 3642 1481 ποιή.

373 1500 572 1554 σασθαι
623 1501 893 1555 ἐκποδών.
961 1500 1069 1554 Καὶ
1116 1502 1311 1554 τούτου
1353 1500 1635 1555 ποιοῦνται
1701 1499 2002 1569 τεκμήριον
2064 1497 2165 1566 τὴν
2222 1498 2316 1550 τοῦ
2374 1499 2570 1569 ἀνδρὸς
2632 1501 2934 1554 ἐπιείκειαν
3002 1505 3032 1570 ἢ
3092 1503 3371 1571 ἀφέλειαν,
3433 1506 3527 1558 καὶ
3580 1507 3643 1561 τὸ

374 1595 510 1666 μηδὲ
571 1595 629 1647 ἐν
692 1594 909 1664 νεότητι
967 1592 1204 1664 θράσους
1266 1609 1321 1645 τι
1377 1592 1409 1662 ἢ
1468 1589 1801 1661 προπετείας
1869 1588 2245 1654 ἐνδείξασθαι·
2278 1589 2399 1642 τότε
2429 1589 2486 1642 δέ
2514 1584 2583 1660 ἦν
2610 1590 2749 1646 ἐτῶν
2782 1593 3111 1663 ὀγδοήκοντα
3146 1597 3280 1665 πρδς
3312 1598 3411 1652 ἑνί.

441 1686 542 1742 ΙΕ’.
585 1686 834 1758 Ἡρώδης
856 1686 944 1751 -δέ,
982 1687 1229 1757 σπεύδων
1259 1685 1393 1756 πρὸς
1428 1685 1704 1753 Καίσαρα,
1727 1684 1825 1754 τὴν
1855 1684 1956 1750 μὲν

2136 1682 2252 1739 XV.
2294 1681 2540 1739 Herodes
2588 1701 2721 1740 vero
2775 1687 2842 1741 ad
2877 1687 3148 1743 Cararcm
3198 1693 3484 1760 festinans,
3522 1713 3636 1754 ma-

377 1781 592 1853 μητέρα
631 1781 727 1833 καὶ
764 1779 863 1848 τὴν
896 1778 1130 1846 ἀδελφὴν
1175 1779 1270 1832 καὶ
1312 1781 1493 1831 πᾶσαν
1522 1778 1620 1849 τὴν
1661 1777 1856 1845 γενεὰν
1897 1777 1948 1828 ἐν

2066 1786 2229 1840 trem,
2256 1790 2529 1842 sororem,
2570 1788 2627 1832 et
2654 1795 2848 1835 omnes
2876 1780 3082 1837 liberos
3121 1783 3358 1841 Masadis
3403 1789 3641 1847 colloca-

370 1851 652 1937 Μασάδοις
682 1872 1025 1943 κατέστησεο
1057 1871 1293 1942 Μαριὰμ
1335 1872 1393 1925 δὲ
1435 1871 1532 1941 τὴν
1564 1872 1800 1939 γυναῖκα
1857 1869 1948 1923 σὺν

2061 1868 2178 1923 vit:
2231 1868 2397 1938 239
2445 1868 2804 1926 Mariammen
2856 1884 3082 1929 uxorem
3121 1890 3243 1932 cum
3296 1879 3419 1949 ejus
3465 1893 3640 1941 matre

381 1969 713 2041 Ἀλεξάνδρᾳ
751 1970 815 2038 τῇ
860 1968 1032 2039 μητρὶ
1078 1968 1156 2029 είς
1192 1964 1565 2036 Ἀλεξάνδρων
1595 1966 1793 2035 ἤγαγε,
1822 1982 1955 2035 προ-

367 2062 535 2130 φάσει
565 2060 734 2130 τιμῆς
759 2066 1031 2130 φρουροὺς
1054 2059 1470 2128 ἐγκαταστήσας
1501 2058 1715 2122 αὑταῖς,
1755 2057 1952 2127 Ἰωσὴφ

374 2156 461 2206 τὸν
490 2154 691 2223 ταμίαν
747 2153 842 2206 καὶ
888 2153 981 2206 τὸν
1011 2153 1306 2222 Ἰτουραῖον
1328 2152 1561 2223 Σόεμον,
1595 2153 1952 2216 πιστοτάτους

368 2243 542 2315 αὐτῷ,
603 2243 986 2314 ἐντειλάμενος
1027 2244 1234 2306 αὐτοῖς,
1294 2244 1350 2297 ετ
1381 2262 1434 2298 τι
1476 2245 1603 2315 περὶ
1653 2244 1818 2297 αὐτοῦ
1844 2243 1951 2295 πύ-

368 2335 551 2389 θοιντο
578 2336 863 2407 δυσχερὲς,
889 2336 951 2401 ἐξ
978 2336 1152 2407 αὐτῆς
1173 2337 1271 2392 καλ⁸
1293 2338 1463 2407 ἄμφω
1487 2337 1948 2407 διαχειρίσασθαι,

377 2428 467 2497 τὴν
499 2427 556 2481 δέ
585 2427 865 2497 βασιλείαν
895 2415 1012 2490 τοῖς
1060 2429 1252 2485 παισὶν
1276 2426 1445 2481 αὐτοῦ
1494 2427 1591 2481 καὶ
1621 2426 1700 2497 τῷ
1734 2424 1951 2494 ἀδελφῷ

367 2517 595 2589 Φερώρᾳ
625 2519 930 2590 διατηρεῖν.
964 2518 1241 2580 Τοιαύτας
1282 2518 1410 2582 δοὺς
1441 2518 1685 2584 ἐντολάς,
1710 2518 1789 2580 εἰς
1836 2517 1951 2570 Ῥό-

364 2607 457 2661 δον
486 2609 749 2678 ἠπείγετο
780 2608 920 2680 πρὸς
945 2609 1037 2661 τὸν
1095 2609 1374 2679 Καίσαρα.
1433 2594 1838 2672 Καταπλεύσας
1868 2609 1948 2675 δὲ,

367 2700 608 2772 περιεῖλε
643 2703 744 2771 μὲν
781 2702 841 2755 τὸ
893 2701 1154 2772 διάδημα,
1206 2701 1303 2754 τοῦ
1337 2701 1500 2756 ἄλλου
1555 2701 1601 2753 δ’
1637 2698 1949 2769 ἀξιώματος

363 2794 519 2847 οὐδὲν
546 2793 787 2863 ὑφῆκεν·
824 2792 966 2847 ἀλλὰ
1009 2793 1106 2847 καὶ
1129 2792 1471 2863 κοινωνήσας
1505 2791 1668 2861 λόγου
1701 2792 1781 2864 τῷ
1811 2791 1951 2845 Και-

367 2901 518 2957 σαρι,
570 2886 631 2939 τὸ
688 2885 976 2955 μεγαλεῖον
1017 2884 1247 2955 ἐνέφηνε
1297 2884 1393 2939 τοῦ
1424 2885 1795 2956 φρονήματος,
1824 2884 1951 2938 οὔτε

369 2981 507 3051 πρὸς
536 2980 751 3039 ἱκεσίας
777 2979 1154 3050 τραπόμενος,
1183 2980 1278 3033 καὶ
1306 2978 1399 3032 τὸν
1421 2978 1687 3049 λογισμὸν
1714 2979 1824 3033 τῶν
1848 2996 1951 3032 πε·

370 3071 705 3142 πραγμένων
732 3073 796 3123 οὐ
826 3070 947 3141 μεθ’
973 3069 1281 3140 ὑποστολῆς
1312 3068 1570 3133 ἀποδούς.
1603 3068 1680 3124 Οὐ
1710 3071 1951 3141 μετρίως

367 3162 463 3218 οὖν
494 3164 847 3218 ἐπεσπάσατο
892 3165 986 3218 τὸν
1036 3164 1316 3234 Καίσαρα,
1375 3163 1471 3216 καὶ
1522 3164 1584 3216 τό
1624 3180 1684 3216 τε
1712 3163 1951 3235 διάδημα
1978 3186 2024 3248 c

369 3255 536 3309 πάλιν
578 3259 1035 3326 ἀποκατέστησεν
1086 3256 1261 3326 αὐτῷ,
1323 3255 1422 3308 καὶ
1446 3249 1550 3326 ἦγε
1608 3254 1699 3310 διὰ
1755 3257 1943 3327 τιμῆς.

368 3348 530 3403 οὕτω
555 3349 612 3403 δέ
641 3350 774 3421 παρ’
809 3349 1005 3403 ἐλπίδα
1034 3346 1290 3420 ἐσχηκὼς
1323 3348 1682 3420 βεϐαιοτέραν
1705 3350 1806 3421 τὴν
1850 3349 1947 3420 βα-

369 3442 604 3507 σιλείαν,
634 3442 1002 3512 παρέπεμψεν
1028 3443 1119 3494 ἐπ’
1148 3440 1429 3510 Αἴγυπτον
1462 3439 1742 3509 Καίσαρα,
1767 3440 1948 3512 δωρη-

369 3535 603 3604 σάμενος
658 3535 823 3589 αὐτόν
850 3551 912 3588 τε
968 3534 1228 3597 καὶτοὺς
1283 3533 1473 3604 φίλους
1527 3533 1941 3604 φιλοτιμότατα.

382 3626 643 3698 Ἐπανῄει
695 3627 753 3681 δὲ
792 3627 928 3698 πρὸς
988 3630 1089 3698 τὴν
1120 3626 1389 3680 Ἰουδαίαν
1438 3625 1646 3679 πλείονι
1686 3630 1819 3699 τιμῇ
1851 3629 1945 3681 καὶ

369 3719 676 3791 παρρησίᾳ,
708 3719 806 3773 καὶ
834 3718 1256 3788 τέταραγμένην
1290 3716 1445 3787 αὺτῷ
1476 3717 1574 3789 τὴν
1610 3719 1791 3772 οἰκίαν
1815 3732 1947 3771 κατ-

367 3808 583 3860 έλαδεν.
621 3809 908 3876 υίηθεῖσαι
948 3810 1059 3880 γὰρ
1090 3808 1125 3879 ἡ
1154 3824 1213 3860 τε
1240 3809 1478 3879 Μαριὰμ
1507 3809 1604 3863 καὶ
1631 3812 1663 3879 ἡ
1692 3807 1944 3873 Ἀλεξάν-

366 3895 491 3966 δρα,
522 3896 660 3966 ὅπερ
687 3892 779 3967 ἧν,
811 3895 895 3948 ὅτι
925 3896 1001 3959 ώς
1034 3897 1094 3947 ἐν
1127 3897 1344 3967 φρουρᾷ
1373 3895 1841 3966 κατεκλείσθησαν
1862 3901 1944 3961 εἰς

366 3987 430 4040 τὸ
468 3986 869 4057 Ἀλεξάνδρων,
900 3986 992 4041 ἴνα
1042 3986 1167 4057 μήθ’
1217 3986 1428 4040 ἑαυτῶν
1476 3987 1725 4052 ἐξουσίαν
1744 3989 1941 4059 ἔχοιεν,

366 4078 619 4149 χαλεπῶς
648 4080 868 4150 ἔφερον,
899 4080 995 4132 καὶ
1029 4078 1119 4132 διὰ
1156 4078 1458 4149 θεραπείας
1496 4080 1625 4141 τοὺς
1672 4079 1943 4148 φρουροὺς

366 4170 715 4241 ἐπεποίηντο,
747 4172 841 4224 καὶ
865 4168 1067 4240 μᾶλλον
1088 4169 1179 4221 τὸν
1204 4170 1301 4221 Σόε
1311 4185 1433 4238 μον,
1455 4168 1636 4237 λόγοις
1661 4169 1825 4222 αὐτὸν
1848 4172 1942 4222 καὶ

364 4263 597 4335 δωρεαῖς
651 4262 1085 4334 θεραπεύουσαι.
1148 4261 1208 4316 '0
1239 4262 1284 4316 δ’
1312 4262 1514 4332 ἡττᾶτο
1544 4260 1684 4314 κατὰ
1721 4261 1939 4332 μικρὸν,

370 4354 471 4408 καὶ
494 4354 595 4418 τὰς
624 4354 847 4418 ἐντολάς
879 4354 974 4408 τοῦ
1008 4352 1279 4425 βασιλέως
1304 4352 1533 4416 ταύταις
1560 4352 1846 4424 ἐξέφηνεν.
1874 4357 1942 4407 At

364 4446 424 4499 δέ
451 4447 705 4516 χαλεπῶς
760 4444 901 4515 πρὸς
955 4449 1161 4507 ταύτας
1213 4445 1502 4512 δ.έκειντο,
1547 4444 1643 4497 καὶ⁸
1677 4444 1879 4513 μᾶλλον
1906 4445 1940 4515 ἡ

2055 1958 2365 2015 Alexandra
2392 1960 2785 2017 Alexandrium
2823 1963 3002 2031 duxit,
3036 1969 3365 2027 custodibus
3394 1987 3495 2042 per
3515 1992 3638 2045 spe-

2056 2050 2195 2106 ciem
2232 2051 2461 2107 honoris
2492 2053 2778 2121 adhibitis,
2833 2052 3078 2127 Josepho
3124 2070 3399 2130 quaestore
3433 2076 3489 2122 et
3520 2068 3631 2122 Itu-

2058 2158 2166 2198 τωο
2195 2143 2395 2200 Soemo
2451 2144 2734 2201 ﬁdissimis
2764 2148 2903 2215 suis,
2952 2167 3078 2205 cum
3136 2155 3238 2211 hoc
3280 2159 3558 2226 mandato,
3589 2164 3635 2219 si

2055 2237 2187 2305 quid
2223 2236 2291 2291 de
2322 2252 2381 2292 se
2412 2237 2627 2294 adversi
2660 2241 3023 2308 audivissent,
3058 2254 3120 2298 ut
3153 2248 3422 2306 ambabus
3461 2253 3635 2309 inter-

2055 2327 2234 2392 fectis,
2267 2345 2493 2400 regnum
2525 2332 2641 2386 suis
2680 2334 2803 2388 tiliis
2833 2343 2890 2390 et
2931 2336 3087 2391 fratri
3133 2339 3383 2399 l'herora:
3410 2360 3636 2403 conser-

2053 2425 2272 2508 varcnt.
2331 2424 2541 2480 Deinde
2585 2426 2653 2481 ad
2702 2426 2976 2484 Caesarem
3023 2430 3280 2489 Rhodum
3327 2438 3631 2508 profectus,

2052 2514 2171 2568 solo
2204 2505 2518 2571 diademate
2554 2517 2754 2586 posito,
2789 2519 2915 2574 aliis
2940 2522 2993 2575 in
3023 2524 3189 2578 rebus
3221 2505 3399 2583 nihilo
3439 2544 3498 2586 se
3532 2505 3635 2587 hu;

2052 2606 2240 2660 militis
2270 2609 2476 2678 gessit:
2523 2626 2587 2663 ac
2621 2610 2675 2664 in
2708 2612 2983 2682 colloquio
3023 2631 3148 2670 cum
3178 2616 3393 2676 (ἔνεπε
3416 2620 3630 2695 magni-

2055 2698 2301 2753 tudinem
2335 2700 2502 2754 animi
2546 2717 2656 2771 pra:
2706 2719 2765 2758 se
2823 2705 2967 2770 tulit,
3002 2722 3114 2762 non
3164 2710 3232 2765 ad
3264 2727 3458 2782 preces
3496 2732 3633 2774 con-
3676 2718 3681 2721 “

2050 2805 2271 2857 versus,
2314 2801 2370 2846 et
2406 2793 2618 2848 ratione
2655 2803 2905 2849 actorum
2954 2812 3181 2854 suorum
3212 2803 3349 2859 citra
3393 2808 3634 2866 submis-

2052 2885 2264 2940 sionem
2325 2886 2561 2949 reddita.
2616 2888 2733 2954 Qua
2779 2889 2963 2945 Caesar
3022 2907 3132 2948 non
3184 2896 3537 2955 mediocriter
3582 2904 3632 2960 ei

2051 2978 2400 3045 conciliatus,
2432 2987 2490 3034 et
2537 2979 2791 3035 diadema
2836 2983 3098 3047 restituit,
3132 2995 3190 3040 et
3222 2986 3491 3045 honorem
3531 2993 3633 3049 ha-

2052 3066 2193 3122 buit.
2244 3067 2337 3123 Sic
2369 3083 2540 3139 regno
2591 3072 2794 3139 praeter
2826 3072 3147 3141 Opinionem
3196 3091 3355 3133 suam
3387 3080 3629 3152 firmato,

2052 3158 2322 3215 Cmsarem
2371 3174 2497 3214 cum
2544 3161 2740 3217 amicis
2788 3161 3306 3241 muniﬁcentissime
3340 3171 3630 3244 donatum,

2057 3253 2110 3307 in
2143 3252 2440 3325 IEgyptum
2493 3263 2824 3324 prosecutus
2849 3265 2955 3311 est.
2991 3256 3125 3313 inde
3162 3259 3214 3314 in
3244 3261 3490 3320 Judaeam
3516 3283 3632 3324 ma-

2052 3346 2170 3417 jore
2203 3363 2327 3403 cum
2360 3346 2570 3402 honore
2591 3357 2648 3402 et
2669 3348 2865 3403 llducia
2892 3365 3195 3421 regressus,
3228 3354 3454 3411 domum
3476 3373 3630 3421 suam

2055 3435 2328 3491 turbatam
2376 3448 2604 3507 reperit.
2655 3436 2790 3491 Nam
2840 3438 3150 3497 Alexandra
3200 3455 3256 3499 et
3313 3446 3631 3508 Mariamme

2052 3526 2203 3592 ratio,
2242 3528 2295 3582 id
2324 3529 2472 3598 quod
2514 3544 2606 3584 res
2634 3539 2775 3595 erat,
2818 3546 2879 3586 se
2918 3531 2973 3586 in
3008 3533 3346 3591 Alexandria
3371 3547 3627 3611 tanquam

2053 3620 2108 3674 in
2147 3621 2395 3675 custodia
2425 3621 2713 3677 conclusas
2745 3636 2891 3689 esse,
2941 3633 3003 3680 ut
3054 3642 3157 3682 nec
3200 3629 3255 3683 in
3304 3633 3629 3704 scmetipsas

2051 3720 2376 3780 potestatem
2410 3712 2680 3769 haberent
2709 3756 2722 3774 .
2758 3719 3003 3784 graviter
3034 3716 3087 3772 id
3123 3719 3389 3786 tulerunt,
3422 3742 3489 3781 ac
3539 3743 3626 3783 cu-

2054 3803 2336 3869 stodibus,
2364 3803 2568 3860 Soemo
2613 3808 2940 3875 praesertim,
2973 3816 3087 3862 tum
3112 3812 3313 3880 verbis,
3348 3824 3462 3870 tum
3507 3834 3629 3881 mu-

2049 3894 2279 3948 neribus
2327 3896 2659 3963 conciliatis,
2693 3898 2976 3955 hominem
3013 3901 3301 3969 paulatim,
3339 3922 3408 3960 eo
3453 3924 3628 3978 usque

2049 3981 2429 4051 impulerunt,
2491 3987 2670 4042 donec
2719 3991 2863 4059 regis
2925 3993 3183 4055 mandata
3247 3993 3622 4064 eloqueretur.

2050 4073 2261 4138 Quibus
2297 4075 2502 4131 auditis
2533 4090 2822 4135 commota:
2854 4090 3005 4149 sunt,
3047 4086 3368 4145 Mariamme
3407 4091 3627 4163 pmissi-

2048 4181 2220 4219 mum.
2256 4165 2358 4222 Cui
2395 4182 2519 4223 cum
2552 4169 2798 4226 Herodes
2839 4173 3052 4242 primae,
3102 4187 3161 4231 ut
3199 4182 3358 4236 uxori
3387 4200 3485 4253 par
3516 4197 3624 4255 est,

2049 4267 2252 4312 Statum
2280 4273 2441 4314 suum
2486 4261 2815 4327 nuntiasset,
2870 4275 2928 4320 et
2986 4283 3096 4335 prae
3144 4276 3361 4329 caeteris
3388 4280 3623 4336 salutem

2047 4349 2311 4417 dixisset,
2356 4352 2448 4406 illa
2485 4352 2554 4407 ad
2592 4354 2954 4412 salutationes
2992 4358 3280 4430 ingemuit,
3321 4367 3389 4421 ad
3444 4370 3621 4428 felici-

2049 4440 2176 4495 tatis
2216 4446 2796 4500 commemorationem
2828 4462 3120 4505 mcerorem
3157 4469 3269 4522 pra:
3297 4471 3355 4511 se
3384 4460 3526 4527 tulit,
3562 4475 3625 4521 ut

366 4538 626 4607 Μαριάμ.
674 4536 921 4609 Ἡρώδου
945 4538 1058 4606 γάρ
1090 4534 1283 4608 πρώτη
1334 4538 1399 4604 τῇ
1427 4535 1649 4603 γυναικὶ
1676 4536 1805 4604 περὶ
1833 4535 1943 4589 τῶν

2052 4534 2437 4603 percelleretur
2471 4551 2586 4607 rex,
2626 4549 2683 4592 et
2705 4538 2772 4592 ad
2802 4555 2923 4594 eam
2960 4540 3305 4602 insolentiam
3338 4552 3624 4611 vindican-

370 4630 493 4701 κατ’
522 4631 707 4697 αὑτὸν,
731 4631 805 4694 ὼς
834 4629 1004 4693 εἰκὸς,
1035 4628 1550 4698 εὐαγγελιζομένου,
1584 4628 1680 4681 καὶ
1710 4628 1812 4699 πρὸ
1832 4627 1944 4683 τῶν

368 4721 547 4776 ἂλλων
569 4719 975 4791 ἀσπαζομένου,
1006 4722 1039 4791 ἠ
1071 4720 1127 4772 δὲ
1160 4721 1296 4789 πρὸς
1329 4719 1430 4789 μὲν
1462 4718 1588 4781 τοὺς
1616 4718 1945 4788 ἀσπασμοὺς

366 4816 578 4879 ἔστενε,
614 4812 751 4881 πρὸς
802 4811 862 4864 δὲ
891 4813 991 4874 τὰς
1024 4811 1282 4880 εὐτυχίας
1316 4809 1596 4881 ἀχθομένη
1647 4808 1830 4879 ἐῴκει,
1867 4809 1944 4872 ὡς

367 4903 805 4973 ἐκταράττεσθαι
858 4902 952 4955 τὸν
1006 4901 1256 4972 βασιλέα,
1299 4899 1396 4952 καὶ
1448 4899 1739 4970 ἀδημονεῖν
1771 4899 1860 4952 διὰ
1882 4899 1945 4952 τὸ

365 4998 465 5051 τοῦ
499 4996 693 5066 μίσους
731 4994 1083 5066 παράλογον
1110 4992 1207 5045 καὶ
1248 4990 1492 5062 ὁρμῆσαι
1541 4991 1642 5059 μὲν
1682 4989 1943 5052 πολλάκις

366 5088 452 5150 είς
481 5086 694 5156 ἄμυναν
723 5086 820 5155 τῆς
858 5081 1166 5153 ὑπεροψίας
1200 5082 1405 5150 αὐτῆς,
1446 5081 1852 5135 ἀνακόπτεσθαι
1885 5079 1943 5131 δέ

365 5182 454 5235 ὃτι
475 5180 922 5251 προκατείληπτο
943 5178 1049 5230 ὑπὸ
1071 5177 1297 5248 ἔρωτος.
1317 5176 1389 5228 Τὸ
1409 5172 1467 5227 δὲ
1493 5172 1715 5243 σύμπαν
1755 5166 1947 5226 ἐδεδοί-

367 5291 459 5330 κει
491 5275 569 5344 μὴ
596 5273 760 5344 λάθῃ,
781 5272 1018 5335 κολάσας
1047 5270 1287 5340 ἐκείνην,
1319 5267 1520 5339 μᾶλλον
1541 5269 1734 5321 ἑαυτὸν
1757 5268 1942 5331 κακῶς

2048 4628 2172 4681 dam
2210 4628 2410 4697 saepius
2442 4628 2818 4685 concitaretur
2853 4649 2868 4687 :
2902 4634 2998 4688 sed
3028 4638 3233 4694 amoris
3277 4644 3635 4705 vehementia

2051 4718 2313 4790 impetum
2363 4720 2511 4775 illius
2567 4723 2888 4778 retardavit.
2936 4726 3016 4781 Ad
3066 4745 3359 4801 summam,
3411 4740 3622 4795 v--ritus

2049 4819 2154 4876 est,
2175 4824 2244 4865 ne
2270 4811 2401 4864 dum
2422 4826 2520 4880 per
2542 4812 2970 4882 imprudentiam
3004 4820 3311 4878 adamatam
3342 4829 3619 4896 multaret,

2050 4900 2107 4954 in
2144 4902 2382 4971 seipsum
2415 4905 2635 4973 gravius
2666 4906 2863 4961 amissa
2890 4908 2979 4961 illa
3003 4910 3482 4973 animadverteret.
3510 4921 3618 4976 Sed

2049 4992 2309 5060 quoniam
2336 5007 2366 5046 a
2394 5003 2568 5047 matre
2587 5003 2645 5049 et
2668 5009 2861 5051 sorore
2880 5000 3173 5057 calumniis
3194 5003 3261 5057 ad
3294 5008 3619 5081 zelotypiam

2048 5092 2105 5139 et
2135 5083 2323 5138 odium
2357 5085 2834 5154 exstimulabatur,
2879 5088 2935 5144 in
2993 5091 3113 5146 dies
3144 5096 3300 5165 pejus
3329 5114 3459 5169 erga
3496 5118 3614 5157 eam

2049 5187 2132 5231 est
2174 5177 2426 5240 allectus.
2455 5178 2545 5232 illa
2591 5194 2751 5235 suum
2795 5183 3040 5237 animum
3073 5201 3182 5239 non
3212 5188 3615 5258 dissimulante,

2049 5267 2169 5337 ipso
2189 5284 2429 5324 amorem
2461 5272 2540 5324 ira
2565 5282 2960 5328 commutante.
2987 5275 3142 5340 Quod
3178 5280 3223 5330 si
3247 5282 3315 5331 ad
3345 5280 3614 5339 Caesarem

365 5330 847 5436 διαθέμενοςῖτῆς
875 5330 1165 5433 ἐρωμένης
1192 5330 1293 5413 alii:
1318 5330 1508 5430 οὔσης.
1555 5357 1620 5411 Ἦ
1645 5358 1704 5410 δέ
1735 5373 1800 5426 γε
1833 5358 1944 5427 μή-

2052 5362 2316 5414 victorem
2362 5360 2418 5414 in
2449 5360 2745 5434 Egyptum
2777 5380 2888 5419 non
2916 5366 3249 5431 festinasset,
3289 5371 3532 5429 Antonio
3560 5393 3619 5433 et

362 5472 477 5527 τηρ
525 5456 694 5509 αὑτοῦ
749 5455 848 5508 καὶ
898 5456 935 5526 ἡ
966 5453 1170 5522 ἀδελφὴ
1215 5450 1542 5522 παρώξυνον
1567 5449 1660 5503 τὸν
1689 5449 1940 5519 Ἡρώδην

364 5547 668 5614 διαϐολαῖς,
724 5547 1064 5617 ζηλοτυπίαν
1118 5542 1268 5615 αὑτῷ
1324 5543 1422 5595 καὶ
1471 5544 1628 5613 μῖσος
1659 5542 1939 5601 ἐνιείσαις.

365 5643 483 5697 Καὶ
514 5641 575 5705 ὃς
603 5642 786 5712 χεῖρον
820 5636 968 5711 εἶχεν
996 5639 1087 5692 ἀεὶ
1116 5654 1184 5709 πρ
1197 5638 1254 5700 ὸς
1305 5636 1504 5707 αὐτὴν,
1558 5635 1657 5702 τῆς
1705 5633 1807 5703 μὲν
1839 5634 1943 5685 οὐκ

366 5734 841 5804 ἀποκρυπτούσης
898 5735 1002 5806 τὴν
1034 5732 1171 5803 πρὸς
1202 5732 1413 5785 ἐκεῖνον
1464 5727 1730 5795 διάθεσιν,
1760 5726 1855 5780 τοῦ
1882 5726 1941 5778 δὲ

365 5828 462 5883 τὸν
488 5827 665 5900 ἔρωτα
699 5828 836 5898 πρὸς
857 5826 1029 5898 ὀργὴν
1056 5827 1145 5879 ἀεὶ
1171 5821 1619 5894 μεταδιὶιλλοντος.
1655 5820 1765 5875 Καὶ
1794 5822 1841 5874 εί
1866 5823 1944 5892 μὴ

699 5931 971 5991 Panos.
1019 5930 1136 5987 (in.
1186 5921 1520 5988 CXXXIV.

2046 5449 2330 5522 Cleopatra
2352 5455 2463 5524 jam
2503 5456 2754 5521 mortuis,
2783 5458 2967 5511 statim
2997 5458 3228 5515 fortasse
3257 5463 3473 5521 facinus
3491 5483 3617 5536 per-

2049 5554 2322 5612 petratum
2368 5555 2532 5601 esset.
2581 5547 2740 5601 Nunc
2794 5550 2959 5604 rebus
3008 5550 3330 5609 domesticis
3385 5559 3613 5626 relictis,

2048 5638 2286 5692 maxima
2309 5653 2337 5691 a
2374 5638 2587 5694 Cassare
2615 5640 2669 5694 in
2694 5640 2858 5712 240
2884 5641 3120 5713 Εενρώ
3148 5655 3234 5701 est
3258 5662 3615 5720 consecutus,

2047 5729 2353 5798 maiorique
2377 5743 2500 5783 cum
2518 5730 2809 5799 splendore
2831 5748 3101 5788 reversus.
3126 5734 3444 5794 Mariamme
3465 5757 3616 5804 vero,

2046 5835 2212 5892 quam
2242 5821 2625 5881 ardentissime
2645 5823 2884 5891 amabat,
2926 5826 3061 5883 alias
3102 5838 3250 5884 casta
3280 5839 3485 5889 eratet
3510 5834 3617 5891 lida

3224 5925 3297 5987 14
