4074 6426
444 330 557 393 427
1731 331 2053 391 JOANNIS

2100 331 2287 390 ΖΟΝΑ
2302 332 2345 390 ll
2358 333 2420 391 ,Ε
3604 339 3709 401 428

434 446 539 509 illi,
591 443 685 499 sed
717 459 907 500 amore
935 443 1163 500 subacto
1192 443 1470 501 interdum
1503 447 1900 502 contumeliose
1932 445 2019 500 in-

2133 447 2269 513 προς
2298 446 2554 514 Καίσαρα
2586 444 2871 512 ἔσπευδεν,
2911 447 3009 517 ήδη
3059 450 3464 519 κεκρατηκότα,
3510 451 3711 508 ἰι-ιτω..

437 538 699 603 sultabat,
748 546 805 592 et
834 536 998 591 matri
1027 553 1092 592 ac
1124 538 1302 592 sorori
1339 539 1460 609 ejus
1498 539 1894 610 ignobilitatem
1922 556 2021 610 per

2124 537 2241 589 νίου
2276 538 2370 591 καὶ
2399 536 2761 606 Κλεοπάτρας
2782 537 3075 602 θανόντων,
3111 541 3190 602 είς
3228 542 3529 608 Αἴγυπτον,
3568 546 3710 614 τάχα

435 627 681 683 derisum
734 628 1052 699 objiciebat.
1104 629 1299 682 Odium
1354 644 1520 698 Irorro
1569 631 1671 685 hac
1726 632 2019 688 occasione

2122 629 2287 693 εὐθὺς
2322 629 2388 682 ἂν
2443 627 2696 700 ἐπράχθη
2750 630 2811 681 τὸ
2860 628 3054 681 δεινόν.
3114 630 3230 682 Νῦν
3258 630 3314 683 δὲ
3365 633 3431 683 τὰ
3457 633 3588 701 περὶ
3612 634 3710 704 τὴν

432 723 636 792 erupit.
666 722 790 777 Rex
822 721 1129 775 meridiano
1180 732 1425 792 tempore
1462 724 1762 779 thalamum
1811 724 2021 794 ingres-

2121 721 2299 776 οἰκίαν
2321 720 2397 785 ὡς
2432 718 2551 790 εἶχε
2576 720 2864 785 κατέλιπε,
2902 721 2997 773 καὶ
3022 722 3102 782 είς
3128 721 3408 789 Αἴγυπτον
3439 724 3712 796 ἀφικόμε-

435 830 531 869 sus
567 824 627 868 ut
659 812 996 882 quiesceret,
1048 813 1404 869 lliariammen
1456 818 1676 870 vocavit
1715 833 1726 866 :
1775 831 1839 868 ea
1885 830 2016 869 vero

2120 831 2233 879 νος,
2269 812 2544 880 μεγίστων
2564 810 2773 881 ἠξιώθη
2804 812 2953 882 παρᾶ
2975 813 3067 866 τοῦ
3096 815 3396 884 Καίσαρος,
3419 821 3515 868 καὶ
3541 821 3710 870 ἐπαν-

434 906 513 959 illi
544 907 685 959 male
712 905 870 971 dixit,
902 906 972 958 ob
1003 905 1227 960 fratrem
1261 916 1316 961 et
1347 923 1509 960 avum
1559 922 1719 962 suum
1754 906 2015 961 interfec-

2117 906 2205 977 ῄει
2237 905 2641 975 λαμπρότερος.
2676 906 2826 974 Ἥρα
2850 905 2908 958 δέ
2967 908 3064 976 τῆς
3100 907 3335 977 Μαριὰμ
3364 909 3457 977 καὶ
3498 911 3705 982 σφόδρα

435 1007 538 1051 tos.
568 995 722 1061 Quod
756 996 848 1050 illo
888 996 1129 1065 graviter
1171 996 1401 1061 ferente,
1435 996 1652 1052 Salome
1697 1008 2015 1066 opportuno

2115 997 2393 1059 διακαῶς·
2430 997 2460 1067 ή
2497 995 2555 1049 δέ
2584 997 2649 1049 τά
2684 997 2785 1066 μὲν
2816 997 2953 1051 ἄλλα
3004 997 3241 1069 σώφρων
3286 995 3355 1070 ἦν
3413 1001 3564 1073 αὑτῷ
3611 1006 3709 1058 καὶ

432 1098 681 1158 tempore
716 1101 960 1158 arrepto,
996 1089 1341 1158 pincernam,
1383 1104 1546 1158 quem
1594 1098 1720 1143 ante
1752 1105 2013 1159 corrupe-

2116 1087 2305 1159 πιστή,
2334 1089 2747 1159 κατατρυφώσα
2767 1088 2823 1142 δὲ
2851 1088 2944 1142 τοῦ
2970 1090 3165 1161 ἀνδρὸς
3191 1091 3594 1162 δεδουλωμένον
3617 1096 3706 1149 δά

430 1191 515 1237 rat
544 1192 600 1236 ut
626 1182 976 1236 Mariammen
1015 1191 1317 1246 accusaret,
1353 1182 1651 1252 impulitut
1683 1194 1796 1237 tum
1830 1199 2010 1253 regem

2115 1180 2208 1233 τὸν
2264 1181 2466 1251 ἐρώτα,
2514 1181 2780 1243 πολλάκις
2815 1181 2915 1251 μὲν
2940 1181 3229 1252 ἐξύϐριζεν
3274 1186 3353 1248 εἰς
3386 1187 3573 1253 αὑτὸν,
3607 1190 3701 1240 καὶ

429 1277 775 1337 conveniret,
807 1282 945 1331 ctea
986 1292 1107 1345 quae
1144 1276 1211 1330 ab
1254 1276 1371 1345 ipsa
1414 1276 1645 1331 edoctus
1674 1286 1840 1339 esset,
1882 1294 2010 1347 pro-

2113 1272 2214 1343 τὴν
2244 1271 2411 1326 αὑτοῦ
2437 1274 2492 1325 δέ
2526 1272 2740 1344 μητέρα
2773 1273 2868 1326 καὶ
2898 1272 2999 1344 τὴν
3018 1273 3260 1346 ἀδελφὴν
3288 1275 3379 1328 ἐπὶ
3413 1276 3703 1348 δυσγενείᾳ.

426 1370 618 1423 ferret.
662 1368 756 1423 llle
788 1383 918 1422 vero
949 1368 1055 1423 sibi
1088 1383 1316 1422 munera
1351 1368 1420 1422 ab
1450 1368 1541 1422 illa
1570 1367 1752 1422 oblata
1775 1384 1895 1423 esse
1926 1384 2014 1423 as-

2113 1363 2430 1434 ἐχλεύαξεν.
2480 1364 2786 1437 Ἐξερράγη
2818 1364 2876 1419 δέ
2905 1365 2965 1420 τὸ
2995 1368 3154 1437 μῖσος
3185 1371 3266 1433 είς
3298 1368 3605 1438 τούμφανὲς
3636 1372 3702 1422 ἐκ

426 1459 667 1521 serebat,
698 1468 756 1511 ut
788 1458 1056 1527 pliiltrum
1109 1458 1160 1513 ei
1221 1459 1584 1528 prepinarct:
1620 1459 1672 1512 id
1725 1475 1858 1514 vero
1887 1475 2010 1515 esse

2111 1454 2375 1525 τοιαύτης
2405 1454 2604 1525 λαϐῆς.
2640 1457 3005 1527 Μεσημϐρίας
3056 1456 3227 1530 οὔσης
3260 1459 3288 1511 6
3319 1458 3578 1530 βασιλεὺς
3620 1464 3699 1525 εἰς

423 1565 700 1604 venenum
756 1548 1078 1618 quoddam,
1119 1550 1280 1620 cujus
1334 1551 1451 1620 ipse
1500 1549 1645 1604 vires
1704 1550 2006 1620 ignoraret.

2111 1545 2205 1598 τὸν
2232 1545 2480 1616 θάλαμον
2503 1548 2679 1619 εἰσῄει
2707 1549 3185 1619 ἀναπαυσόμενος,
3221 1550 3314 1605 καὶ
3360 1551 3547 1605 ἐκάλει
3597 1556 3695 1622 τὴν

422 1645 523 1700 llis
574 1661 669 1699 rex
715 1644 961 1709 auditis,
1013 1644 1301 1700 iracundia
1350 1645 1559 1715 majore
1616 1645 2005 1710 inﬂammatus,

2113 1636 2366 1709 Μαριάμ·
2405 1639 2437 1708 ἡ
2466 1638 2545 1705 δὲ,
2574 1639 2917 1702 εἰσελθοῦσα,
2952 1640 3277 1711 ἐλοιδορεῖτο
3298 1642 3469 1713 αὐτῷ,
3492 1644 3567 1708 ὼς
3600 1647 3692 1699 τὶν

423 1737 493 1792 de
541 1738 807 1808 pinccrna
861 1737 1095 1802 uxoris,
1154 1751 1320 1806 quem
1379 1736 1432 1791 ei
1484 1735 1813 1791 ﬁdissimum
1883 1750 2006 1791 esse

2112 1730 2337 1783 πάππον
2370 1731 2539 1801 αὐτῆς
2580 1731 2677 1786 καὶ
2706 1733 2799 1786 τὸν
2828 1733 3058 1802 ἀδελφὸν
3088 1735 3493 1791 ἀποκτείναντι.
3538 1739 3697 1809 Ἔχα-

400 1830 665 1893 sciebat,
736 1828 1075 1899 qumstiones
1128 1826 1341 1881 habuit.
1395 1826 1445 1881 ls
1498 1842 1622 1881 cum
1687 1826 1753 1881 de
1802 1826 1870 1879 iis
1936 1825 2009 1879 ob

2081 1855 2082 1862 η
2113 1824 2335 1877 λέπαινε
2387 1825 2444 1878 δέ
2472 1825 2564 1878 ἐπὶ
2591 1825 2807 1890 τούτοις
2855 1828 2882 1878 6
2918 1827 3194 1897 βασιλεύς.
3227 1830 3336 1882 Kal
3364 1831 3396 1899 ή
3429 1832 3690 1904 Σαλώμη,

416 1937 549 1993 qua:
583 1922 966 1993 torquebatur,
1000 1935 1178 1990 neque
1203 1921 1375 1974 Sciret
1407 1935 1587 1989 neque
1611 1918 2007 1988 diceretquid-

2109 1916 2205 1969 τοῦ
2237 1916 2432 1987 καιροῦ
2463 1918 2779 1990 δραξαμένη
2805 1918 2896 1972 τὸν
2920 1920 3158 1990 οἰνοχόον
3193 1921 3691 1994 προδιαφθεὲρασσ,

423 2031 611 2085 quam,
639 2015 829 2070 odium
858 2014 1106 2069 mulieris
1133 2031 1160 2068 c
1187 2012 1368 2066 Socnii
1393 2012 1575 2066 verbis
1599 2021 1779 2065 ortum
1803 2011 2005 2067 ducere

2109 2009 2493 2080 κατηγορῆσαι
2553 2014 2653 2081 τῆς
2709 2012 2966 2082 Μαριὰμ.
3003 2013 3182 2066 πείθει
3234 2015 3426 2069 τοῦτον
3463 2018 3587 2071 τότε
3615 2020 3692 2089 τῷ

422 2104 725 2158 asserebat.
773 2102 1029 2158 Nondum
1080 2118 1203 2157 eam
1256 2103 1566 2157 orationem
1596 2100 1836 2167 ﬁnierat,
1877 2117 2003 2156 cum

2108 2100 2322 2171 βασιλεῖ
2366 2101 2712 2168 προσελθεῖν,
2775 2105 2873 2157 καὶ
2923 2102 2958 2157 ἃ
3002 2103 3134 2176 παρ’
3169 2106 3385 2178 ἐκείνης
3413 2108 3689 2181 ἐδιδάχθη.

422 2196 671 2252 llerodcs
704 2210 898 2267 magna
928 2210 1061 2249 voce
1085 2195 1432 2261 exclamavit,
1458 2194 1719 2250 Soemum
1747 2195 2004 2249 mandata

2105 2193 2255 2264 αύτῷ
2300 2193 2675 2258 διαλέξασθαι.
2744 2195 2803 2248 '0
2835 2195 2891 2248 δέ
2933 2193 3127 2265 δώροις
3180 2196 3335 2268 ἔλεγε
3374 2201 3526 2269 παρὰ
3586 2202 3687 2271 τῆς

419 2307 519 2344 sua
552 2305 660 2344 non
695 2288 864 2342 fuisse
896 2302 996 2358 pro
1034 2288 1208 2341 nihilo
1256 2287 1598 2353 habiturum,
1639 2287 1743 2340 nisi
1792 2286 1998 2355 aliquid

2103 2286 2340 2357 Μαριάμ
2390 2285 2739 2357 δεξιωθῆναι,
2805 2289 3211 2361 ἀναπειθούσης
3279 2292 3503 2363 φίλτρον
3536 2296 3686 2369 αὺτῴ

418 2380 499 2435 rei
540 2396 664 2435 cum
693 2379 927 2433 muliere
965 2378 1269 2443 habuisset,
1320 2394 1558 2448 eumque
1593 2378 1778 2432 statim
1832 2378 2000 2431 inter-

2100 2373 2322 2428 δοῦναι·
2352 2375 2415 2428 τὸ
2456 2373 2503 2427 δ’
2553 2371 2694 2428 εἷναί
2749 2392 2800 2430 τι
2844 2377 3162 2448 φάρμακον,
3200 2373 3261 2434 οὗ
3301 2382 3402 2451 τὴν
3454 2382 3687 2455 δύναμιν

416 2474 504 2527 ﬁci
530 2473 714 2544 jussit.
775 2487 999 2526 uxorem
1036 2487 1165 2525 vero
1195 2470 1407 2525 intimis
1430 2471 1545 2525 suis
1567 2471 1903 2536 convocatis,
1930 2472 1998 2526 de

2104 2466 2413 2538 ίσχυρίζετο
2444 2468 2681 2536 ἀγνοεῖν.
2707 2468 2931 2522 Τούτων
2962 2469 3205 2533 ἀκούσας
3238 2473 3265 2525 6
3297 2472 3577 2544 βασιλεὺς,
3602 2477 3684 2530 ἔτι

413 2564 631 2635 poculis
684 2562 973 2617 amatoriis
1019 2570 1076 2616 et
1126 2561 1411 2617 veneﬁciis
1465 2562 1636 2616 iratus
1693 2559 1993 2616 accusauit.

2101 2560 2310 2630 μὶλλον
2362 2560 2621 2632 κεκίνητο
2651 2563 2730 2625 είς
2785 2562 2987 2633 ὀργήν·
3039 2563 3132 2617 καὶ
3161 2564 3253 2618 τὸν
3296 2566 3396 2636 τῆς
3423 2570 3683 2637 γυναικὶ(

412 2660 588 2724 Quam
624 2658 659 2711 ii
693 2657 787 2726 qui
814 2659 1063 2716 aderant,
1104 2665 1164 2708 ut
1197 2670 1289 2709 rex
1317 2653 1551 2709 aﬁ‘ectus
1583 2664 1731 2710 esset
1761 2670 1995 2709 cernen-

2097 2650 2357 2725 οἰνοχόον,
2389 2655 2714 2708 πιστότατον
2742 2655 2875 2708 ὄντα
2906 2655 3069 2726 αὐτῇ,
3103 2656 3451 2722 ἐϐασάνιζεν.
3515 2661 3574 2715 Ὀ
3623 2662 3681 2714 δὲ

412 2760 517 2815 tes,
546 2749 741 2819 capitis
767 2748 1230 2803 condemnarunt.
1265 2747 1401 2801 Dum
1436 2746 1503 2801 ad
1533 2761 1724 2801 necem
1760 2746 1997 2801 abduci-

2095 2744 2251 2798 οὐδὲν
2284 2746 2414 2816 περὶ¹
2451 2738 2526 2800 ὧν
2576 2745 2934 2810 ἐϐασανίζετο
2994 2748 3109 2802 οὔτ’
3151 2750 3292 2823 ᾔδει,
3326 2750 3439 2805 οὔτ’
3470 2751 3679 2822 ἔλεγεν,

408 2851 521 2908 tur,
570 2840 878 2897 Alexandra
925 2849 1101 2895 mater
1149 2841 1269 2911 ejus
1307 2841 1419 2912 jnu)
1465 2855 1580 2895 suae
1612 2854 1833 2910 quoque
1871 2839 1995 2894 vitae

2094 2837 2230 2892 άλλά
2253 2838 2313 2893 τὸ
2338 2841 2497 2911 μῖσος
2519 2840 2619 2910 τῆς
2644 2841 2901 2909 γυναικὸς
2926 2842 3134 2911 ἔφασκε
3161 2845 3415 2914 γενέσθαι
3439 2845 3528 2899 διά
3551 2848 3680 2909 τοὺς

409 2935 632 2998 timens,
655 2943 711 2988 et
735 2934 1139 3005 ignorationem
1169 2935 1488 2996 criminum,
1512 2949 1634 3003 qua:
1662 2935 1992 2987 Mariamma:

2092 2928 2305 2999 λόγους,
2328 2930 2422 2995 οὓς
2438 2933 2465 2985 6
2486 2933 2693 3002 Σόεμος
2725 2933 2864 3006 αὐτῇ
2888 2937 3173 3005 φράσειεν.
3198 2936 3368 2992 Οὔπω
3396 2938 3487 2992 τὸν
3519 2939 3676 3008 λόγον

406 3008 621 3098 objecta
637 3038 843 3092 essent,
868 3041 981 3096 pra:
1008 3040 1067 3080 se
1088 3024 1295 3090 ferens,
1320 3025 1545 3088 exsiliit,
1574 3024 1852 3093 ﬁliamque
1877 3039 1992 3078 ma-

2091 3020 2298 3086 ἐκεῖνος
2330 3025 2409 3086 είς
2436 3023 2589 3085 τέλος
2613 3024 2838 3093 ἤνεγκε,
2865 3026 2961 3079 καὶ
2985 3027 3134 3095 μέγα
3162 3027 3365 3099 βοήσας
3401 3029 3670 3099 Ἡρώδης,

404 3121 513 3176 lam
541 3129 598 3175 et
621 3120 888 3191 ingratam
928 3134 1057 3190 erga
1077 3118 1337 3173 maritum
1368 3117 1688 3189 appellavit.
1730 3117 1822 3170 illa
1856 3131 1985 3171 vero

2092 3115 2207 3167 Οὐκ
2241 3115 2329 3180 ἂν,
2354 3115 2482 3185 ἔφη,
2513 3116 2718 3181 Σόεμος
2750 3117 2851 3180 τάς
2882 3118 3104 3183 ἐντολάς
3128 3119 3490 3190 ἐξεφαύλισεν
3534 3120 3672 3190 (Η),

402 3227 584 3282 neque
618 3211 940 3282 perturbata
969 3226 1031 3266 ea
1057 3226 1138 3275 re,
1164 3224 1344 3279 neque
1368 3210 1540 3263 ullum
1568 3208 1728 3263 edata
1756 3208 1986 3263 verbum

2093 3207 2144 3260 εί
2170 3208 2245 3279 μή
2273 3224 2354 3271 τις
2381 3207 2530 3278 αὑτῷ
2555 3208 2693 3279 πρὸς
2720 3208 2820 3278 τὴν
2868 3212 3106 3279 γυναῖκα
3137 3211 3397 3264 κοινωνία
3427 3210 3668 3280 ἐγένετο.

403 3305 557 3359 vultu
590 3302 892 3373 intrepido,
917 3311 974 3357 et
1004 3302 1134 3357 forti
1165 3302 1351 3356 animo
1374 3301 1442 3360 ad
1467 3309 1702 3355 mortem
1746 3300 1866 3367 ivit,
1896 3316 1990 3372 ge-

2093 3298 2199 3351 Τὸν
2233 3299 2332 3369 μέν
2361 3296 2453 3351 οὖν
2489 3299 2698 3370 Σόεμον
2726 3299 2893 3364 εὐθὺς
2923 3301 3223 3372 κτανθῆναι
3254 3302 3510 3355 ἐκέλευσε
3530 3317 3543 3331 ·
3574 3302 3673 3372 τῆς

399 3409 655 3450 nerosam
684 3393 925 3449 indolem
966 3393 1022 3447 in
1054 3392 1320 3447 extremis
1350 3393 1517 3448 etiam
1543 3408 1656 3463 pra)
1687 3406 1744 3446 se
1777 3394 1984 3446 ferens.

2092 3390 2149 3444 δέ
2177 3391 2434 3458 γυναικὸς
2476 3392 2811 3463 κατηγόρει,¹
2852 3394 2977 3457 τοὺς
3027 3394 3398 3459 οίκειοτάτους
3432 3410 3669 3462 συναγα-

398 3489 536 3560 γὼν,
559 3491 688 3561 περὶ
717 3488 959 3559 φίλτρων
989 3487 1089 3542 καὶ
1127 3488 1466 3558 φαρμάκων,
1497 3490 1592 3541 καὶ
1620 3488 1855 3556 ὀργίλως
1892 3486 2016 3543 κατ’
2055 3487 2228 3558 αὐτῆς
2279 3487 2537 3544 Binan.
2606 3488 2766 3542 Οὕτω
2813 3488 2859 3543 δ’
2932 3491 3126 3561 ἔχοντα
3153 3492 3390 3562 ὁρῶντες
3430 3493 3594 3546 αὑτὸν
3618 3496 3670 3547 ot

398 3585 693 3655 παρόντες,
743 3582 975 3636 θάνατον
1021 3583 1239 3652 ἐκείνης
1270 3580 1737 3652 κατεψηφίσαντο.
1792 3581 1971 3652 Καλή
2017 3581 2115 3649 μὲν
2180 3581 2348 3652 ἧγετο
2381 3582 2480 3652 τὴν
2512 3582 2604 3635 ἐπὶ
2637 3580 2893 3655 θανάτῳ·
2943 3583 3270 3656 Ἀλεξάνδρα
3301 3583 3347 3638 δ’
3409 3586 3442 3656 ὴ
3483 3585 3669 3654 μήτηρ

397 3672 593 3748 αὐτῆς,
653 3677 754 3749 ήδη
805 3677 902 3730 καὶ
956 3676 1092 3747 περὶ
1146 3676 1349 3745 ίαυτῆς
1396 3673 1695 3742 δεδοικυῖα,
1732 3675 1829 3728 καὶ
1878 3673 1981 3745 τὴν
2019 3673 2248 3741 ἄγνοιαν
2307 3667 2384 3727 ὦν
2440 3675 2474 3745 ή
2513 3674 2752 3744 Μαριάμ
2787 3676 3146 3747 κατηγορήθη
3174 3660 3542 3746 ἐμφαίνουσα,
3574 3677 3667 3728 ἐκ·

395 3770 714 3840 πηδήσασα,
746 3769 926 3838 κακήν
953 3770 1047 3821 καὶ
1075 3769 1375 3839 ἀχάριστον
1400 3766 1538 3838 πρὸς
1558 3768 1652 3821 τὸν
1681 3767 1853 3837 ἄνδρα
1878 3767 1978 3838 τὴν
2014 3765 2290 3837 θυγατέρα
2353 3767 2561 3833 ἐκάλει,
2588 3768 2686 3822 καὶ
2742 3767 2926 3823 δίκαια
2966 3770 3198 3839 πάσχειν
3229 3768 3440 3837 ἔλεγεν.
3477 3769 3543 3826 Ἦ
3583 3770 3663 3836 δέ,

395 3863 519 3918 οὒτε
577 3862 912 3935 ταραχθεῖσα
961 3863 1100 3934 πρὸς
1147 3861 1346 3929 ταῦτα,
1389 3860 1515 3915 οὔτε
1565 3861 1724 3931 λόγον
1778 3860 1966 3927 δοῦσα,
2008 3860 2177 3932 ἀπῄει
2238 3860 2377 3932 πρὸς
2432 3860 2525 3915 τὸν
2580 3860 2814 3917 θάνατον
2843 3863 3133 3935 ἀτρεμαίῳ
3159 3862 3239 3934 τῷ
3284 3864 3665 3937 καταστήματι

394 3958 491 4009 καὶ
525 3954 760 4023 γενναίῳ
799 3951 1135 4023 φρονήματι,
1159 3953 1255 4005 καὶ
1286 3950 1384 4022 τὴν
1419 3943 1706 4019 εὐγένειαν
1740 3951 1840 4005 κάν
1863 3952 1978 4015 τοῖς
2012 3951 2265 4022 ἐσχάτοις
2297 3949 2665 4021 ἐμφαίνουσα.

466 4049 606 4106 XVI.
646 4046 785 4104 Cum
834 4046 1174 4114 Mariamme,
1220 4046 1446 4102 interitu
1495 4062 1524 4101 a
1551 4045 1772 4103 Salome
1796 4058 1980 4101 matu-

2151 4045 2270 4116 ΚΤ.
2302 4050 2409 4102 Καὶ
2433 4050 2462 4112 ἡ
2497 4047 2598 4118 μὲν
2625 4048 2798 4114 οὕτως
2821 4049 3081 4119 ἀπέθανε,
3105 4052 3204 4125 τῆς
3226 4053 3497 4128 Σαλώμης
3520 4057 3659 4130 αὑτῇ

394 4153 536 4205 rato,
596 4143 674 4196 ita
726 4138 1005 4210 periisset,
1066 4138 1314 4193 Herodes
1355 4153 1542 4195 amore
1592 4139 1744 4194 illius
1802 4139 1979 4210 magis

2078 4140 2487 4211 κατεπειξάσης
2523 4142 2615 4195 τὸν
2641 4141 2893 4198 θάνατον.
2935 4145 3183 4215 Ἡρώδης
3211 4146 3268 4200 δέ
3293 4149 3413 4202 τότε
3458 4150 3660 4219 μᾶλλον

392 4234 622 4299 exarsit,
653 4246 798 4302 saepe
827 4231 1051 4285 nomine
1078 4245 1201 4285 eam
1246 4231 1587 4297 inclamavit,
1614 4231 1874 4287 indecore
1898 4232 1978 4288 la-

2076 4232 2281 4302 ἐξῆπτο
2314 4230 2450 4303 πρὸς
2482 4232 2573 4286 τὸν
2611 4234 2828 4303 ἐκείνης
2857 4233 3054 4304 ἐρώτα,
3091 4237 3187 4290 καὶ
3221 4236 3483 4305 πολλάκις
3517 4241 3654 4294 ἁνα-

391 4336 695 4390 mentatus,
727 4334 785 4380 et
816 4338 991 4393 usque
1030 4322 1169 4378 adeo
1203 4322 1403 4378 aﬁ‘ectu
1433 4323 1528 4379 illo
1554 4324 1755 4389 victus,
1793 4332 1849 4378 ut
1876 4338 1978 4394 per

2078 4324 2303 4395 κλήσεις
2327 4318 2469 4394 ἦσαν
2500 4324 2692 4393 αὐτῆς,
2724 4324 2819 4379 καὶ
2840 4323 3027 4396 θρῆνοι
3061 4327 3397 4399 ἀσχήμονες.
3430 4332 3539 4385 Kal
3564 4331 3660 4385 οὔ·

392 4419 684 4474 ministros
733 4416 1093 4471 Mariammen
1129 4414 1312 4470 vocari
1356 4415 1597 4486 iuberet.
1630 4415 1880 4485 Denique
1917 4414 1974 4469 in

2079 4432 2187 4478 τως
2227 4415 2393 4468 αὐτοῦ
2426 4415 2486 4469 τὸ
2519 4416 2691 4479 πάθος
2729 4418 3055 4489 ἐκράτησεν,
3089 4421 3165 4484 ώς
3201 4423 3299 4476 καὶ
3338 4423 3525 4477 καλεῖν
3555 4425 3657 4496 τὴν

392 4511 617 4566 deserta
648 4524 928 4578 egressus,
956 4505 1115 4578 24],
1160 4506 1348 4576 ibique
1401 4507 1626 4561 mcerori
1657 4505 1971 4575 indulgens,

2080 4505 2319 4578 Μαριάμ
2371 4506 2616 4562 κελεύειν
2659 4510 2773 4573 τοῖς
2819 4510 3141 4582 ὑπηρέταις.
3184 4514 3294 4567 Kal
3346 4514 3496 4579 τέλος
3538 4519 3657 4578 ταῖς

391 4603 449 4659 in
478 4616 698 4672 gravem
733 4600 983 4654 morbum
1017 4599 1233 4665 incidit,
1259 4598 1354 4669 qui
1385 4607 1506 4653 erat
1535 4596 1895 4652 inﬂammatio
1917 4606 1974 4651 et

2140 4574 2308 4670 ﬁmi;
2363 4598 2552 4663 ἐκδοὺς
2606 4600 2821 4666 ἑαυτὸν,
2877 4574 2971 4655 κᾶι
3012 4574 3241 4668 ταύταις
3284 4574 3655 4677 ἐναδημονῶν,
3730 4592 3749 4613 ί

390 4691 724 4767 putrefactio
748 4691 1005 4756 cervicis,
1030 4700 1089 4747 et
1112 4692 1314 4745 mentis
1338 4689 1622 4745 alienatio.
1657 4690 1971 4745 Alexandra

2119 4692 2225 4762 ειιυῇ
2260 4690 2582 4760 περιπίπτει
2612 4690 2752 4761 νόσῳ
2777 4706 2791 4721 ·
2821 4693 2854 4762 ἡ
2879 4692 2934 4745 δὲ
2966 4694 3236 4764 φλόγωσις
3259 4691 3328 4767 ἦν
3351 4698 3446 4750 καὶ
3476 4700 3655 4760 πεῖσις
3720 4720 3728 4729 ·

389 4800 525 4857 vero
547 4783 958 4854 .llierosolymis
1010 4782 1237 4853 degens,
1270 4796 1397 4837 cum
1454 4797 1640 4853 regem
1689 4783 1757 4837 iis
1809 4782 1970 4837 malis

2080 4782 2240 4846 ίνίου,
2276 4781 2370 4834 καὶ
2399 4781 2499 4851 τῆς
2529 4781 2768 4846 διανοίας
2793 4785 3145 4857 παραλλαγή.
3170 4789 3280 4841 Καὶ
3310 4790 3338 4842 6
3360 4789 3459 4857 μὲν
3480 4787 3656 4854 οὕτως

382 4854 698 4932 ηδοιιίιίοιπί
730 4871 1050 4934 audivisset,
1079 4871 1189 4925 duo
1211 4871 1528 4926 suburbana
1555 4872 1780 4927 castella
1799 4886 1967 4928 occu-

2075 4871 2451 4942 ἐνοσηλεύετο.
2499 4874 2565 4928 Ἦ
2635 4875 2963 4947 Ἀλεξάνδρα
3008 4854 3189 4945 δέξέν
3256 4854 3654 4952 Ἱεροσολύμοις

386 4980 525 5039 pare
549 4973 769 5030 conata,
799 4964 957 5034 jussu
986 4965 1108 5033 ejus
1137 4961 1324 5016 statim
1349 4962 1621 5018 occiditur
1658 4979 1673 5017 :
1709 4963 1805 5034 qui
1836 4979 1962 5020 cum

2069 4965 2356 5035 διάγουσα,
2384 4970 2479 5022 καὶ
2499 4970 2571 5023 τὰ
2589 4971 2699 5024 τῶν
2716 4972 2889 5025 νόσων
2916 4972 3199 5044 πυθομένη
3231 4976 3327 5028 τοῦ
3356 4975 3651 5045 βασιλέως,

387 5058 586 5115 mortis
635 5056 941 5127 periculum
976 5070 1119 5125 aegre
1164 5054 1439 5118 evitasset,
1491 5070 1695 5110 saevum
1728 5072 1787 5111 se
1820 5066 1965 5129 prve-

2068 5057 2178 5112 τῶν
2209 5061 2336 5131 περὶ
2358 5061 2457 5129 τὴν
2503 5060 2660 5115 πόλιν
2709 5063 2803 5116 δύο
2835 5065 3115 5136 φρουρίων
3151 5067 3414 5137 ἐπειρᾶτο
3448 5067 3656 5137 κρατῆ-

387 5150 510 5207 buit
540 5158 597 5204 et
631 5147 1054 5218 implacabilem,
1091 5144 1159 5199 ad
1192 5145 1488 5200 vindictam
1520 5154 1577 5201 et
1603 5146 1781 5203 caedes
1832 5162 1962 5217 pro-

2072 5167 2184 5205 σαι.
2228 5153 2293 5204 Ὃ
2328 5152 2517 5222 μαθὼν
2581 5155 2849 5225 Ἡρώδης,
2897 5157 3097 5210 αὐτίκα
3125 5157 3297 5229 αὐτὴν
3329 5159 3652 5211 ἀποκτεῖναι

386 5257 613 5314 pensus,
639 5256 748 5295 non
776 5239 922 5309 vulgi
951 5238 1239 5302 duntaxat,
1288 5238 1381 5292 sed
1418 5239 1744 5292 intimorum
1791 5239 1959 5292 etiam

2087 5242 2405 5313 προσέταξεν
2427 5259 2441 5273 ·
2499 5245 2663 5310 αὐτὸς
2713 5247 2771 5300 δὲ
2799 5248 2957 5318 μόλις
3014 5248 3300 5318 διαφυγὼν
3331 5250 3423 5303 τὸν
3458 5252 3524 5303 ἐκ
3552 5250 3649 5303 τοῦ
3692 5312 3696 5317 ,

386 5337 691 5390 amicorqu
708 5370 721 5387 .
737 5331 921 5388 Patria
939 5344 1158 5401 quoque
1183 5329 1432 5385 instituta
1458 5331 1702 5396 violavit,
1724 5340 1781 5387 et
1799 5347 1962 5402 pere-

2069 5336 2244 5387 νοσεῖν
2280 5337 2545 5402 κίνδυνον,
2599 5338 2838 5407 χαλεπὸς
2880 5336 2969 5412 ἦν,
3025 5341 3120 5394 καὶ
3151 5340 3508 5411 δυσάρεστος,
3550 5326 3646 5393 καὶ

387 5431 559 5500 griuis
586 5428 835 5483 moribus
860 5432 1104 5480 veterem
1125 5432 1327 5478 statum
1346 5422 1842 5493 corrupit.Quibus
1885 5440 1971 5478 re-

2082 5427 2218 5498 πρὸς
2244 5430 2511 5499 τιμωρίας
2540 5432 2636 5485 καὶ
2668 5432 2865 5500 φόνους
2897 5434 3141 5505 ἕτοιμος,
3164 5437 3260 5488 καὶ
3282 5435 3342 5488 οὐ
3368 5434 3476 5488 τῶν
3522 5436 3649 5487 ποῖ-.-

1584 5579 1781 5640 Varize
1814 5579 2119 5642 lectiones
2162 5591 2221 5644 et
2262 5592 2452 5645 notae.

452 5706 568 5788 ﬁt)
599 5708 714 5831 an;
744 5706 997 5772 ἐντολὰς
1033 5706 1458 5775 ἐξεφαύλισεν.
1530 5705 1800 5761 Fortassis
1856 5707 1997 5776 ἐξΞφι

388 5790 567 5831 τολας.
672 5817 686 5830 .

2085 5729 2215 5781 ισεν.
2282 5714 2596 5783 Joscphus:
2677 5713 2793 5767 Οὐκ
2857 5714 2924 5769 ἂν
2958 5711 3402 5768 καταπροδοῦναι
3433 5712 3531 5778 τὰς
3553 5714 3694 5780 ὲν-,

422 5792 567 5839 ολας.
604 5792 657 5831 W
672 5817 686 5830 .
