4074 6414
351 381 451 444 ιιι

1615 370 1805 431 JOAN
1820 370 1945 429 N13
1986 368 2232 431 ZONall
2248 371 2309 429 Ε

3501 376 3613 439 δ’ἷί

426 492 588 548 XVII.
631 489 730 545 llis
755 488 921 543 rebus
952 494 1276 555 occupatus,
1302 483 1445 540 filios
1475 482 1848 537 Alexandrum
1877 492 1934 537 et

2110 481 2207 538 IZ'.
2256 484 2345 537 Ἐν
2377 485 2643 548 τοιούτοις
2669 484 2723 539 δὲ
2750 484 2849 547 ibi,
2875 487 3004 550 τοὺς
3038 487 3235 550 παῖδας
3277 487 3633 561 Ἀλέξανδρόν

352 588 734 645 Aristobulum
784 584 1015 639 Romam
1053 582 1121 637 ad
1152 580 1503 636 salutandum
1531 580 1801 635 Cmsarcm
1834 579 1937 632 nti-

353 683 447 738 sit.
495 680 711 747 Quibus
758 676 941 733 Caesar
987 673 1304 729 humaniter
1357 671 1670 741 susceptis,
1733 670 1938 725 llerodi

352 781 687 843 potestatem
740 769 910 831 dedit,
969 767 1059 821 cui
1113 766 1280 821 vellet
1322 783 1389 820 ex
1432 765 1558 819 ﬁliis
1591 763 1938 834 relinquendi

354 865 511 935 regni
542 884 554 919 :
598 872 656 918 et
682 861 820 919 alias
851 860 901 916 ei
932 859 1172 915 ditiones
1200 859 1421 930 adjecit,
1459 858 1595 913 etin
1625 856 1793 929 Syria:
1815 874 1941 928 pro-

354 966 643 1013 curatores
680 955 912 1009 retulit:
957 952 1162 1023 quibus
1199 950 1504 1015 mandavit,
1541 950 1806 1005 utomnia
1844 950 1940 1003 illo

353 1046 746 1101 consentiente
774 1052 1023 1114 agerent.
1069 1043 1300 1097 Tantam
1330 1040 1648 1101 felicitatem
1684 1039 1937 1108 adeptus,

353 1137 512 1193 fratri
569 1135 826 1191 Pberorze
887 1133 1242 1189 tetrarchiam
1309 1146 1338 1183 a
1391 1128 1604 1185 Caesare
1657 1129 1838 1199 petiit,
1883 1135 1941 1184 et

352 1229 594 1285 subditis
618 1232 875 1283 trientem
907 1228 1240 1280 tributorum
1262 1223 1477 1278 remisit
1501 1240 1515 1277 :
1547 1223 1663 1278 sive
1687 1231 1767 1286 ut,
1791 1218 1940 1292 quod

354 1323 473 1390 ipse
502 1321 741 1382 dicebat,
788 1320 1025 1389 populus
1055 1333 1123 1372 ex
1150 1332 1384 1371 annona:
1431 1314 1700 1370 charitate
1727 1330 1942 1371 recrea-

353 1424 530 1475 retur,
557 1414 673 1467 sive
695 1408 1159 1480 quemadmodum
1185 1408 1309 1463 aliis
1332 1406 1640 1473 videbatur,
1672 1416 1732 1462 ut
1751 1407 1939 1463 odium

354 1520 383 1558 a
416 1520 473 1559 se
512 1512 813 1559 amoveret.
849 1501 1025 1558 Judaei
1054 1501 1200 1556 enim
1231 1500 1537 1571 patriorum
1581 1499 1788 1554 rituum
1815 1515 1939 1554 mu-

354 1597 617 1650 tationem
643 1594 850 1664 iniquis
867 1594 1121 1648 ferebant
1144 1592 1366 1647 animis.
1386 1590 1756 1658 Quamobrem
1774 1590 1943 1646 liber-

354 1702 522 1747 tatem
548 1691 632 1747 eis
665 1691 967 1757 adimebat,
999 1687 1238 1745 subinde
1269 1686 1556 1742 laboribus
1579 1683 1937 1755 imperandis,

353 1794 411 1838 et
442 1783 697 1840 conciliis
745 1782 1130 1854 prohibendis,
1192 1778 1740 1836 deambulationibus
1771 1776 1936 1831 etiam

352 1884 410 1928 et
444 1873 767 1929 diversoriis
821 1869 1204 1934 observandis,
1253 1877 1311 1924 et
1359 1868 1429 1924 iis
1483 1868 1576 1938 qui
1606 1865 1939 1937 deprehensi

353 1977 563 2033 essent,
596 1964 921 2036 gravissime
970 1961 1289 2034 puniendis.
1336 1960 1507 2016 Erant
1545 1960 1693 2015 enim
1735 1968 1844 2014 tam
1884 1959 1938 2014 in

357 2058 513 2122 urbe,
548 2071 712 2127 quam
742 2055 799 2109 in
838 2054 1131 2109 itineribus
1161 2053 1256 2123 qui
1291 2066 1621 2123 congressus
1653 2050 1938 2105 hominum

352 2150 738 2204 observarent.
773 2147 1009 2214 Quidam
1039 2146 1207 2202 etiam
1240 2157 1497 2201 auctores
1529 2150 1678 2208 sunt,
1708 2158 1835 2197 eum
1858 2144 1939 2211 ip-

353 2258 477 2298 sum
511 2241 711 2311 privati
746 2240 939 2296 habitu
965 2255 1025 2295 se
1061 2238 1224 2310 243
1257 2236 1535 2293 interdum
1567 2244 1731 2291 noctu
1762 2236 1939 2291 turbis

355 2334 745 2398 immiscuisse,
792 2330 926 2401 quid
972 2330 1041 2385 de
1098 2329 1333 2400 imperio
1384 2328 1673 2391 sentirent,
1723 2326 1940 2382 animos

354 2441 550 2481 eorum
584 2424 1015 2495 periclitantem.
1052 2420 1423 2477 Contumaces
1470 2418 1730 2474 onmibus
1757 2418 1938 2474 modis

355 2521 763 2578 ulciscebatur:
826 2534 854 2572 a
910 2516 1072 2587 plebe
1118 2513 1451 2586 postulabat,
1496 2520 1557 2569 ut
1591 2520 1937 2567 sacramento

354 2613 521 2670 ﬁdem
556 2611 666 2667 sibi
720 2610 985 2674 ﬁrmaret,
1042 2623 1108 2662 ac
1158 2604 1447 2678 plebecula
1498 2603 1790 2674 postulatis
1819 2603 1939 2674 ejus

338 2703 662 2770 amittebat,
710 2702 1046 2772 refragantes
1097 2708 1283 2754 autem
1311 2695 1506 2767 quavis
1536 2696 1748 2750 ratione
1782 2695 1938 2750 tolle-

354 2798 471 2853 bat.
502 2795 667 2851 Petiit
692 2810 722 2849 a
756 2793 1004 2850 Pollione
1041 2791 1319 2846 Pharisaao
1346 2802 1586 2860 quoque,
1621 2797 1679 2843 et
1705 2788 1936 2852 Samma,

356 2900 660 2956 eorumque
691 2885 981 2955 discipulis
1018 2882 1311 2952 plerisque,
1343 2891 1404 2935 ut
1428 2881 1703 2952 jurarcnt.
1738 2878 1844 2933 Sed
1880 2877 1936 2932 hi

356 2995 538 3050 neque
564 2980 843 3049 jurarunt,
879 2991 1059 3046 neque
1109 2974 1285 3044 puniti
1316 2981 1468 3033 sunt,
1518 2972 1591 3026 ob
1636 2971 1779 3043 regis
1809 2986 1938 3042 erga

354 3072 659 3128 Pollionem
694 3068 1083 3125 reverentiam.
1114 3065 1258 3121 Sunt
1289 3074 1346 3119 et
1368 3063 1564 3119 Esseni
1600 3079 1666 3118 ea
1690 3062 1933 3118 necessi—

2039 592 2098 628 τε
2139 577 2231 628 καὶ
2278 576 2691 647 Ἀριστόϐουλον
2738 579 2818 641 είς
2876 578 3095 648 Ῥώμην
3142 581 3488 646 ἀπέστειλεν,
3542 585 3625 636 ἐν·

2040 665 2400 735 τε·.ιξ’›μένους
2430 667 2509 738 τῷ
2541 669 2801 740 Καῖσαρι.
2837 669 3072 737 Τούτοις
3116 672 3143 721 ὁ
3186 672 3406 741 Καῖσαρ
3442 672 3631 739 φιλαν-

2043 758 2275 828 (ὶρςὺπως
2302 760 2541 827 ἐδέξατο,
2587 764 2685 815 καὶ
2723 761 2940 814 δίδωσιν
2977 760 3195 835 ἶιιρὼδῃ
3228 764 3337 836 δτῳ
3377 764 3629 834 βούλεται

2040 850 2148 902 τῶν
2195 851 2255 916 ἐξ
2298 852 2465 905 αὑτοῦ
2506 853 2810 920 γεγοιότων
2846 854 3145 923 ἀπονεῖμαι
3178 854 3277 924 τὴν
3305 856 3583 925 βασιλείαν
3609 876 3625 891 ο

2042 944 2481 1014 ἐγκαταμίγνυσι
2510 946 2566 1000 δὲ
2600 947 2763 999 αὑτὸν
2787 949 2882 1000 καί
2909 950 3022 1010 τοῖς
3053 950 3151 1016 τῆς
3177 950 3379 1020 Συρίας
3411 953 3631 1022 ἐπιτρο-

2044 1033 2325 1101 πεύουσιν,
2379 1035 2764 1105 ἐντειλάμενος
2810 1036 2992 1090 πάντα
3048 1037 3188 1107 μετά
3262 1040 3363 1109 τῆς
3412 1042 3626 1096 ἐκείνου

2042 1123 2269 1195 γνώμης
2293 1129 2492 1181 ποιεῖν.
2522 1125 2775 1180 Τοσαῦτα
2804 1127 2848 1178 δ’
2874 1128 3204 1199 εὐτυχήσας,
3229 1130 3306 1199 τῷ
3340 1133 3439 1200 μὲν
3467 1133 3627 1187 ἀδελ·

2042 1218 2128 1287 φῴ
2150 1218 2381 1291 Φερώρᾳ
2406 1220 2740 1291 τετραρχίαν
2773 1222 3015 1291 ᾐτήσατο
3048 1222 3198 1292 παρὰ
3227 1208 3531 1295 Καίσαρος,
3565 1227 3626 1281 τὸ

2039 1307 2096 1362 δὲ
2128 1310 2313 1382 τρίτον
2342 1311 2507 1383 μέρος
2556 1313 2665 1365 τῶν
2712 1313 2892 1384 φόρων
2924 1313 3107 1385 ἀρῆκε
3140 1318 3253 1379 τοϊς
3277 1318 3335 1371 ἐν
3365 1321 3431 1389 τῇ
3465 1319 3624 1388 βασι-

2040 1397 2273 1468 λεία,ῶ;
2298 1399 2399 1469 μὲν
2430 1402 2637 1463 ἐκεῖνος
2671 1401 2883 1470 ἔλεγεν,
2918 1403 3006 1456 ἵνα
3038 1406 3399 1475 ἀνακτηοεῖεν
3426 1411 3492 1462 ἐκ
3526 1410 3625 1479 τῆς

2040 1490 2294 1562 ἀφορίας,
2338 1491 2414 1557 ὡς
2439 1492 2495 1545 δέ
2524 1496 2635 1555 τοῖς
2663 1494 2845 1557 ἄλλοις
2872 1495 3071 1560 ἐδόκει,
3103 1495 3188 1550 ἵνα
3221 1499 3321 1569 τὴν
3350 1501 3445 1553 τοῦ
3483 1500 3623 1572 πλή-

2041 1580 2167 1645 θους
2202 1585 2280 1647 είς
2317 1584 2511 1637 ἐαυτὸν
2544 1584 2860 1658 Οερατέεύσῃ
2899 1586 3250 1656 δυσμένειαν.
3282 1591 3624 1648 Μετακινου-

2044 1678 2221 1747 μένων
2259 1680 2368 1750 γὰρ
2399 1680 2581 1741 aurci,-
2628 1680 2739 1734 τῶν
2769 1680 2928 1744 ἐθῶν,
2961 1682 3214 1752 χαλεπῶς
3258 1683 3477 1755 ἔφερον.
3528 1687 3622 1741 Διδ

2042 1770 2140 1823 καὶ
2174 1772 2441 1843 ἀφῃρεῖτο
2469 1773 2565 1836 τὰς
2597 1773 2781 1836 ἀδείας
2816 1773 3033 1841 αὐτῶν,
3065 1775 3153 1828 ἀεὶ
3192 1782 3471 1847 καμάτους
3502 1780 3621 1835 ἐπι-

2041 1864 2250 1916 τάττων
2278 1864 2483 1929 αὑτοίς,
2519 1869 2614 1919 καὶ
2647 1868 2743 1930 τὰς
2779 1869 3030 1933 συνὸδους
3064 1870 3318 1935 κωλύων,
3369 1875 3463 1925 καὶ
3493 1875 3621 1937 τοὺς

2041 1955 2399 2024 περιπάτους,
2455 1960 2546 2010 καὶ
2599 1960 2695 2023 τάς
2732 1958 2946 2024 διαίτας
2998 1962 3301 2033 ἐπιτηρῶν,
3349 1968 3446 2019 καὶ
3491 1968 3618 2031 τοὺς

2039 2046 2391 2116 φωραθέντας
2429 2049 2674 2115 κολάζων
2706 2050 3013 2123 βαρύτατα.
3057 2056 3176 2109 Κάν
3209 2058 3274 2127 τῇ
3309 2057 3465 2111 πόλει
3516 2060 3619 2112 κάν

2036 2141 2153 2200 tati,
2205 2138 2537 2209 ὁδοιπορίαις
2595 2138 2737 2213 ἦσαν
2784 2146 2832 2198 oi
2884 2146 3011 2209 τοὺς
3041 2149 3120 2211 εἰς
3168 2148 3369 2202 ταυτὸν
3412 2151 3616 2205 συνιόν-

2036 2247 2133 2292 τας
2183 2229 2296 2303 (ίὸ)
2341 2232 2792 2296 ἐπισκοποῦντες.
2832 2222 2991 2299 Τινῖς
3043 2236 3100 2290 δέ
3150 2255 3282 2307 φασι
3315 2239 3414 2293 καὶ
3452 2240 3618 2294 αὐτὸν

2041 2320 2257 2374 ἰδιώτου·
2279 2321 2467 2392 σχῆμα
2489 2321 2843 2393 λαμϐάνοντα
2863 2326 3037 2379 ἐνίοτε
3058 2329 3273 2400 νύκτωρ
3300 2333 3409 2394 τοῖς
3436 2330 3618 2402 ὄχλοις
3659 2326 3673 2340 ³

2039 2414 2592 2483 ἐγκαταμίγνυσοαι,
2655 2416 2751 2469 καὶ
2812 2418 3221 2491 ἀποπειρᾶσῡαι
3272 2423 3454 2477 αὐτῶν
3519 2426 3619 2496 τὴν

2036 2505 2295 2571 διάνιιαν,
2345 2507 2410 2578 ἧν
2450 2508 2573 2578 rep‘:
2620 2508 2721 2578 τῆς
2768 2509 2946 2581 ἀρχῆς
2976 2507 3143 2581 εἶχον.
3182 2513 3293 2567 Καὶ
3334 2516 3460 2579 τοὺς
3516 2520 3620 2586 μὲν

2038 2598 2599 2673 ἐξαυθαδιαζομένους
2650 2602 2870 2673 ἐπεξῄει
2909 2603 3384 2677 ἀπασι,τρόποις,
3441 2608 3506 2661 τὸ
3560 2608 3618 2664 δέ

2037 2692 2244 2764 πλῇθος
2281 2695 2467 2765 ὅρκοις
2502 2696 2655 2767 ἠξίου
2686 2698 2784 2768 τὴν
2828 2697 3014 2753 πίστιν
3042 2701 3191 2773 αύτῷ
3236 2701 3514 2773 βεϐαιοῦν.
3553 2707 3618 2759 Οἱ

2041 2786 2142 2852 μὲν
2181 2783 2275 2840 οὖν
2307 2787 2491 2841 πολλοὶ
2530 2783 2701 2865 εἶκον,
2739 2790 2866 2855 τούς
2916 2807 2979 2859 γε
3016 2792 3124 2863 μὴν
3166 2794 3616 2867 δυσχεραίνοντας

2034 2877 2300 2946 ἠφάνιζεν
2342 2880 2406 2931 ἐκ
2440 2880 2663 2943 παντός.
2712 2881 3008 2936 Συνέπειοε
3057 2882 3116 2937 δὲ
3168 2886 3262 2939 καὶ
3306 2888 3433 2953 τοὺς
3487 2893 3619 2958 περὶ

2046 2969 2323 3023 Πολλίωνα
2375 2971 2467 3024 τὸν
2517 2974 2833 3044 Φαρισαῖον,
2887 2977 2982 3029 καὶ
3031 2977 3304 3047 Σαμαίαν,
3352 2981 3450 3035 καὶ
3507 2982 3619 3037 τῶν

2040 3058 2470 3128 συμφοιτῶντων
2496 3062 2682 3125 αὐτοῖς
2716 3063 2841 3123 τοὺς
2872 3065 3159 3130 πλείστους
3188 3068 3431 3139 ὀμνύειν.
3458 3073 3523 3127 Ol
3559 3074 3620 3128 δὲ

356 3174 468 3219 tate
517 3161 762 3226 liberati,
815 3174 952 3230 gens
1004 3156 1352 3229 Pythagorici
1399 3154 1640 3210 instituti
1694 3155 1750 3209 in
1783 3155 1931 3210 victu

2039 3149 2160 3203 οὕτε
2206 3151 2562 3222 ἐπείσθησαν,
2603 3154 2717 3208 οὔτ’
2755 3156 3156 3227 ἐκολάσθησαν,
3207 3160 3297 3219 διὰ
3335 3164 3425 3216 τὸν
3479 3167 3620 3220 Πολ-

348 3253 687 3317 aemulatrix,
727 3265 867 3321 quos
907 3249 979 3304 ob
1026 3248 1359 3302 Manaimum
1389 3246 1537 3302 illius
1560 3255 1723 3303 secta:
1752 3246 1934 3302 homi-

354 3361 505 3411 nem,
557 3359 682 3398 cum
730 3349 927 3396 caetera
980 3340 1210 3403 bonum,
1266 3347 1383 3394 tum
1442 3336 1759 3392 futurorum
1792 3354 1935 3409 pra:-

258 3490 261 3495 ,
357 3437 559 3501 scium,
586 3431 917 3489 honorabat.
945 3433 998 3487 Is
1022 3429 1293 3486 Herodem
1315 3430 1496 3486 adhuc
1516 3445 1747 3501 puerum
1777 3432 1940 3486 scho-

354 3528 463 3585 lam
505 3528 991 3596 frequentantem,
1043 3538 1228 3593 regem
1272 3522 1587 3580 Judaeorum
1639 3524 1935 3580 salutavit:

357 3621 450 3693 qui
479 3635 603 3673 cum
636 3633 695 3673 se
723 3617 950 3688 privatae
975 3614 1314 3670 conditionis
1327 3630 1450 3670 esse
1476 3615 1705 3684 diceret,
1730 3616 1936 3672 Manai-

357 3726 482 3765 mus
523 3709 720 3764 leniter
759 3706 1033 3771 arridens,
1059 3720 1299 3775 eumque
1334 3704 1537 3760 sensim
1571 3706 1890 3775 percutiens
1918 3725 1932 3763 :

356 3804 515 3874 Atqui
555 3812 603 3856 et
643 3800 922 3873 regnabis,
972 3797 1177 3869 inquit,
1222 3806 1271 3851 et
1307 3799 1591 3869 imperium
1640 3798 1936 3869 felicissime

354 3910 503 3966 geres
524 3910 541 3945 :
579 3893 766 3947 horum
794 3891 957 3963 igitur
986 3890 1258 3944 verberum
1290 3898 1571 3944 memento.
1607 3889 1729 3944 Eris
1756 3900 1935 3945 autem

355 3989 606 4055 optimus,
633 3984 678 4036 si
719 3981 942 4053 iustitia:
967 3987 1014 4033 et
1042 3979 1227 4049 pietati
1253 3992 1381 4047 erga
1406 3974 1596 4040 Deum,
1618 3986 1667 4031 et
1689 3992 1813 4047 erga
1843 3993 1939 4048 po-

355 4073 539 4146 pulum
582 4072 873 4128 clementiw
904 4070 1186 4125 studueris.
1220 4068 1504 4123 Enimvero
1537 4068 1644 4122 scio
1687 4077 1736 4122 te
1771 4071 1933 4126 talem

356 4182 462 4220 non
491 4165 621 4235 fore.
655 4162 899 4219 Herodes
925 4178 1093 4232 regno
1124 4163 1355 4229 potitus,
1388 4160 1718 4216 Manaimum
1748 4177 1934 4220 accer-

356 4261 523 4314 situm
551 4257 619 4312 de
649 4256 867 4328 imperii
900 4254 1267 4309 diuturnitate
1299 4262 1679 4323 percontatus,
1720 4264 1933 4312 tacente

350 4350 491 4414 illo,
533 4348 712 4403 dixit:
763 4347 847 4401 An
891 4346 1051 4400 annis
1100 4361 1155 4410 κ,
1188 4360 1259 4399 an
1292 4359 1385 4408 xx,
1419 4358 1489 4398 an
1520 4360 1625 4398 xxx
1676 4355 1933 4415 regnatu-

357 4456 454 4494 rus
498 4439 683 4494 esset?
722 4446 888 4508 atque
943 4437 1035 4491 illo
1088 4437 1386 4491 terminum
1437 4450 1547 4491 non
1597 4435 1930 4506 adjiciente:

2042 3242 2232 3309 λίωνα,
2280 3243 2385 3298 ὑπὸ
2437 3243 2531 3297 τοῦ
2581 3244 2848 3314 βασιλέως
2900 3248 3238 3318 αἰδούμενον.
3289 3253 3622 3323 ’Δφείθησαν

2041 3333 2100 3389 δὲ
2127 3334 2335 3407 ταύτης
2362 3336 2459 3407 τῆς
2489 3338 2739 3409 ἀνάγκης
2777 3341 2869 3393 καὶ
2899 3341 2948 3393 οἱ
2987 3342 3225 3398 Ἐσσαῖοι
3255 3344 3583 3417 καλούμενοι
3602 3364 3618 3380 ⁸

2042 3426 2200 3496 γένος
2233 3425 2289 3480 δὲ
2319 3425 2480 3480 τοῦτο
2507 3426 2693 3499 διαίτῃ
2720 3429 3005 3498 χρώμενον
3032 3430 3385 3506 Πυθαγορικῇ
3406 3452 3419 3464 ·
3455 3436 3621 3507 ἐτίμα

2039 3519 2097 3574 δὲ
2128 3518 2350 3582 τούτους
2372 3518 2460 3573 διὰ
2487 3518 2578 3574 τὸν
2607 3520 2859 3590 Μαναῖμ’
2887 3516 2953 3593 ἦν
2974 3520 3022 3575 δ’
3043 3515 3203 3588 οὗτος
3228 3519 3309 3587 εἷς
3330 3526 3390 3591 ἐξ
3414 3527 3618 3595 αὐτῶν,

2042 3613 2184 3682 ἀνὴρ
2212 3610 2383 3666 τᾶλλα
2418 3629 2474 3665 τε
2503 3612 2728 3681 ἀγαθὸς,
2784 3615 2881 3668 καὶ
2917 3615 2986 3670 τὰ
3034 3615 3301 3686 μέλλοντα
3344 3620 3619 3690 προορῶν.

2046 3705 2165 3769 Ὃς,
2193 3702 2274 3755 ἔτι
2304 3704 2468 3758 παῖδα
2498 3704 2588 3757 τὸν
2620 3705 2866 3776 Ἡρώδην
2899 3707 2957 3769 ἐς
2983 3707 3304 3765 διδασκάλου
3350 3710 3623 3778 φοιτῶντα

2043 3795 2189 3862 ἰδὼν,
2241 3796 2467 3869 βασιλέα
2506 3796 2779 3852 Ἰουδαίων
2814 3801 3112 3867 προσεῖπεν
3142 3815 3157 3831 ⁸
3209 3801 3238 3854 δ
3287 3801 3346 3854 δέ
3404 3801 3621 3874 ἰδιώτης

2039 3890 2230 3958 ἔλεγεν
2261 3886 2423 3946 εἶναι·
2456 3889 2686 3962 Μαναῒμ
2715 3890 2771 3944 δὲ
2809 3891 3117 3963 μειδιάσας,
3147 3892 3243 3948 καὶ
3267 3893 3489 3948 τύπτων
3517 3897 3639 3949 αὐ·-

2038 3981 2133 4035 τδν
2159 3983 2367 4053 ἠρέμα·
2405 3983 2595 4037 Ἀλλὰ
2619 3985 2719 4037 καὶ
2744 3982 3174 4052 βασιλεύσεις,
3212 3986 3339 4057 ἔφη,
3376 3987 3475 4042 καί
3507 3989 3622 4058 τὴν

2038 4074 2242 4143 ἀρχὴν
2287 4074 2540 4141 ἀνύσεις
2592 4075 3130 4145 εὐδαιμονέστατα,
3190 4078 3289 4135 καί
3347 4079 3625 4150 μέμνησο

2041 4166 2161 4220 τῶν
2192 4166 2353 4237 ἐμῶν
2383 4168 2613 4220 τούτων
2651 4166 2928 4236 πληγῶν.
2965 4169 3245 4238 ’Ἄριστος
3283 4171 3336 4224 δ’
3375 4154 3515 4242 ἔσῃ,
3569 4177 3623 4230 si

2037 4257 2442 4327 δικαιοσύνην
2489 4259 2892 4327 ἀγαπήσειας,
2950 4260 3049 4314 καί
3107 4263 3425 4317 εὐσέϐειαν
3470 4268 3622 4333 πρὸς

2041 4351 2211 4414 Θεὸν,
2264 4348 2537 4417 καὶπρὸς
2574 4349 2717 4417 τοὺς
2769 4351 3025 4417 πολίτας
3059 4353 3406 4410 ἐπιείκειαν.
3455 4356 3622 4412 Ἀλλ’

2038 4446 2112 4498 οὐ
2147 4441 2254 4511 γὰρ
2285 4437 2420 4495 οἶδά
2456 4456 2531 4495 σε
2560 4442 2838 4496 τοιοῦτον
2869 4444 3140 4498 ἔσεσθαι.
3195 4444 3537 4513 Βασιλεύσας
3563 4451 3621 4503 δὲ

357 4535 444 4590 vel
478 4535 564 4588 his
601 4540 918 4595 contentus,
965 4529 1235 4583 Manaimo
1279 4536 1534 4598 porrecta
1575 4527 1798 4583 dextera
1847 4529 1929 4583 di-

2039 4538 2066 4589 ὁ
2112 4535 2356 4607 Ἡρώδης
2394 4535 2782 4606 μετακαλεῖται
2818 4536 2907 4588 τὸν
2936 4536 3185 4608 Μαναῒμ,
3223 4541 3321 4595 καὶ
3362 4542 3622 4610 περὶτοῦ

360 4627 555 4687 misso,
599 4633 827 4693 propter
868 4622 1022 4674 illum
1079 4621 1318 4675 Essenos
1373 4633 1566 4673 omnes
1618 4618 1930 4675 honoravit.

357 4722 518 4774 Anno
542 4724 744 4783 autem,
763 4713 918 4784 regni
972 4727 1104 4766 xvnt
1136 4709 1427 4766 consilium
1456 4710 1640 4778 templi
1666 4711 1933 4778 mutandi,

356 4811 525 4879 idque
548 4806 713 4860 altius
725 4813 782 4860 et
798 4801 1239 4873 magniﬁcentius
1266 4800 1584 4855 exstruendi
1606 4800 1794 4871 cmpit.
1828 4800 1923 4856 Po-

354 4901 491 4970 pulo
523 4907 705 4954 autem
734 4894 803 4950 ab
836 4895 930 4949 illo
957 4904 1157 4947 conatu
1188 4891 1544 4955 abhorrente,
1573 4907 1631 4948 se
1652 4907 1761 4947 non
1786 4894 1937 4962 prius

358 4995 412 5049 id
447 4991 915 5057 diruturummesse
948 4984 1106 5048 dixit,
1143 4999 1308 5054 quam
1343 4984 1527 5039 omnia
1564 4984 1631 5040 ad
1665 4999 1803 5055 opus
1831 5001 1933 5041 ne-

358 5082 595 5142 cessaria
625 5088 1005 5152 praeparasset.
1042 5076 1173 5142 Quae
1224 5090 1349 5130 cum
1375 5077 1429 5131 in
1460 5087 1715 5147 promptu
1750 5087 1934 5135 essent

357 5175 566 5239 omnia,
617 5171 901 5227 veteribus
948 5165 1322 5221 fundamentis
1362 5165 1610 5234 sublatis,
1667 5167 1934 5239 novisque

353 5269 535 5339 iactis,
578 5265 841 5336 templum
898 5261 1179 5317 inchoavit
1225 5243 1569 5331 longitudine
1636 5275 1666 5315 ο
1718 5261 1936 5317 cubito-

361 5376 506 5428 nun,
530 5356 825 5414 altitudine
859 5371 960 5411 cxx
995 5373 1008 5409 :
1037 5360 1333 5409 structurae
1366 5352 1622 5407 adhibuit
1650 5368 1778 5409 saxa
1808 5369 1938 5408 can-

359 5452 487 5505 dida
560 5461 616 5506 et
668 5448 940 5514 robusta,
1014 5445 1226 5518 singula
1282 5445 1506 5499 circiter
1560 5460 1668 5498 xxv
1721 5445 1937 5500 cubitos

358 5557 542 5612 longa,
582 5543 693 5598 alta
724 5557 841 5612 vin,
884 5542 993 5598 lata
1035 5557 1130 5596 xu.
1189 5537 1271 5593 Ad
1322 5537 1753 5609 septentrionale
1792 5540 1937 5595 latus

2038 4627 2234 4699 χρόνου
2281 4630 2382 4699 τῆς
2428 4629 2607 4698 ἀρχῆς
2652 4626 3028 4680 ἐπυνθάνετο·
3062 4630 3138 4693 ὡς
3188 4632 3266 4698 δὲ,
3303 4635 3622 4699 σιωπῶντος
3702 4614 3709 4621 Ι

2040 4720 2274 4786 ἐκείιου,
2330 4719 2495 4782 αὐτὸς
2551 4720 2601 4772 εἰ
2646 4718 2780 4773 δέκα
2825 4721 3146 4792 γενήσονται
3192 4724 3292 4794 τῆς
3337 4724 3620 4795 βασιλείας

2040 4812 2232 4883 ἠρώτα
2277 4812 2536 4876 ἐνιαυτοὶ,
2569 4810 2602 4881 ἦ
2640 4810 2870 4877 εἴκοσιν,
2918 4811 3308 4884 ἢτριάκοντα,
3342 4819 3370 4870 δ
3405 4817 3463 4870 δὲ
3497 4820 3622 4887 ὅρον

2038 4906 2141 4958 οὐκ
2189 4904 2429 4973 ἐπέθηκε
2480 4903 2559 4973 τῷ
2607 4904 2750 4956 τέλει
2803 4907 2903 4975 τῆς
2953 4906 3322 4977 προθεσμίας.
3388 4910 3620 4980 Ηρώδης

2041 4999 2136 5052 καὶ
2188 4996 2404 5060 τούτοις
2455 4997 2770 5066 ἀρκεσίὲεὶς,
2807 4998 2901 5050 τόν
2944 5015 3005 5051 τε
3039 5000 3272 5070 Μαναῖμ
3318 5002 3499 5071 ἀφῆκε
3534 5001 3618 5054 δε-

1994 5129 1999 5135 .
2038 5088 2400 5156 ξιωσάμενος,
2430 5089 2524 5140 καὶ
2560 5088 2740 5141 πάντα
2753 5108 2767 5150 _;
2804 5088 2873 5142 δι’
2893 5091 3103 5143 ἐκεῖνον
3133 5091 3300 5161 ἐτίμα
3328 5093 3453 5155 τοὺς
3496 5092 3619 5144 Ἐσ-

2042 5180 2261 5251 σηνούς.
2296 5180 2437 5251 Ἤδη
2491 5179 2549 5233 δὲ
2596 5180 3067 5236 ὀκτωκαιδέκατον
3115 5182 3297 5237 ἀνύων
3348 5185 3620 5252 ἐνιαυτὸν,

2041 5272 2134 5325 τὸν
2181 5270 2319 5326 νεὼν
2358 5272 2502 5340 ἔγνω
2535 5274 2970 5342 μετασκευάσαι,
3004 5274 3101 5328 καὶ
3130 5275 3265 5346 πρὸς
3296 5275 3430 5344 ὕψος
3485 5273 3618 5349 ἆραι

2046 5362 2256 5433 μεῖζον,
2286 5365 2380 5416 καὶ
2413 5363 2915 5434 ἀξιοπρεπέστερον
2945 5365 3256 5424 ἐκτελέσαι.
3290 5370 3363 5421 Τὸ
3384 5368 3441 5422 δὲ
3476 5367 3618 5439 τιλῆ-

2043 5455 2136 5518 θος
2172 5454 2336 5508 ὤκνει
2382 5456 2517 5525 πρὸς
2571 5458 2671 5524 τὴν
2707 5457 3053 5527 ἐγχείρησινο
3081 5462 3109 5514 ὁ
3139 5461 3194 5514 δὲ
3242 5462 3304 5514 ού
3352 5462 3617 5533 πρότερον

2043 5544 2147 5611 ἔφη
2183 5544 2277 5598 τὸν
2320 5547 2449 5600 ναὸν
2491 5545 2869 5614 καθαιρήσειν,
2913 5550 3044 5619 πρὶν
3107 5549 3173 5603 ἂν
3218 5550 3396 5606 πάντα
3429 5546 3504 5605 ὧν
3553 5548 3619 5606 ἂν

1550 5695 1751 5757 Variae
1782 5696 2089 5762 lectiones
2121 5709 2178 5761 et
2215 5708 2404 5763 notae.

437 5818 547 5886 (ἐῢ)
581 5821 684 5884 Εἰς
708 5817 926 5871 ταυτὸν
951 5821 1295 5885 συνιόντας.
1330 5818 1427 5874 Ms.
1457 5819 1533 5883 είς
1571 5821 1754 5877 αὐτόν.
