4074 6390
468 433 495 485 4
507 430 578 488 33

1747 442 2149 506 ANNALIUM
2194 448 2338 512 LIB.
2383 455 2449 514 V.

3628 427 3763 524 αι’

464 537 634 590 Lat-:0
662 537 744 599 είς
776 537 836 593 τὺ
873 536 1054 609 ἔργον,
1093 544 1610 615 παρασκευάσηται.
1645 547 1783 618 Ἤδη
1811 549 1866 601 δέ
1897 551 2044 619 ’ήτοι⁹

2168 574 2247 612 Irx
2300 560 2612 629 angularia,
2670 563 2824 617 firma
2876 574 2932 619 et
2992 567 3360 625 munitissima
3410 570 3731 629 lnald'rﬂcata

464 629 766 697 μασμένων
790 630 941 701 αὐτῷ
971 631 1214 696 πάντων,
1244 635 1491 688 καθελὼν
1520 637 1706 700 αὐτὸν,
1740 639 1835 692 καὶ
1878 639 2045 711 θεμεο

465 718 611 782 λίους
641 720 836 785 ἄλλους
866 723 1336 793 καταϐαλόμενος,
1363 726 1452 781 τὸν
1477 728 1603 781 ναὸν
1634 729 1825 801 ἤγειρε
1881 722 2049 801 μήκει

465 814 685 882 πήχεων
732 814 952 877 ἑκατὸν,
981 814 1041 869 τὸ
1072 815 1118 870 δ’
1158 816 1292 888 ὕψος
1340 819 1597 873 ἐπέκεινα
1630 820 1835 875 εἴκοσιν
1859 837 1873 852 ⁸
1910 822 2048 893 ᾠκο-

465 902 678 973 δομήθη
706 903 763 956 δὲ
794 903 964 969 λίθοις
989 904 1212 971 λευκοῖς
1250 925 1307 962 τε
1344 910 1438 964 καὶ
1473 914 1780 982 κραταιοῖς,
1812 907 1888 967 ὧν
1924 914 2052 968 ἐκάο

469 1009 578 1062 στῳ
613 992 744 1064 περὶ
781 994 942 1047 πέντε
977 995 1073 1049 καὶ
1117 995 1294 1051 εἴκοσι
1327 998 1387 1051 rb
1440 1000 1615 1068 μῆκος
1655 1001 1876 1071 πήχεις,
1914 1001 1976 1053 τὸ
2001 1000 2048 1054 δ’

468 1084 604 1155 ὕψος
656 1085 822 1150 ὀκτὼ,
874 1083 1034 1159 εὖρος
1075 1088 1133 1142 δέ
1187 1090 1327 1160 περὶ
1368 1091 1603 1146 δώδεκα.
1639 1093 1796 1147 Κατά
1844 1092 1901 1147 δέ
1948 1094 2051 1164 τὴν

471 1179 681 1250 βόρειον
730 1179 977 1253 πλευρὰν
1011 1182 1311 1252 ἀκρόπολις
1342 1184 1607 1251 ἐγγώνιος
1636 1185 1872 1255 εὐερκὴς
1898 1187 2049 1239 ἐντε-

469 1273 728 1342 τείχιστο,
777 1273 1034 1344 διάφορος
1085 1274 1401 1345 ὀχυρότητι,
1433 1275 1500 1347 ἢν
1527 1275 1577 1328 οἱ
1624 1277 1689 1330 ἐκ
1734 1277 1829 1330 τοῦ
1858 1277 2049 1343 γένους

468 1363 578 1416 τῶν
621 1364 1017 1432 Ἀσαμωναίων
1053 1368 1341 1434 γεγονότες
1377 1367 1619 1437 βασιλεῖς
1650 1367 1787 1438 ὁμοῦ
1821 1362 1916 1423 καὶ
1950 1370 2052 1439 ἀρ·

470 1459 675 1527 χιερεῖς
728 1456 1107 1528 ᾠκοδόμησαν,
1187 1462 1283 1513 καὶ
1339 1460 1510 1531 Βαρὶν
1570 1461 1857 1529 ἐκάλεσαν,
1908 1461 2049 1516 ὥστε

468 1549 570 1618 τὴν
604 1547 1002 1619 ἀρχιερατικὴν
1034 1550 1363 1604 ἀποκεῖσθαι
1403 1549 1596 1624 στολὴν
1639 1553 1699 1605 ἐν
1747 1541 1909 1625 αὐτῇ.
1936 1539 2048 1607 ’Καὶ

469 1639 677 1707 ταύτην
704 1635 798 1693 οὖν
828 1641 926 1712 τὴν
953 1641 1125 1712 Βαρὶν
1168 1639 1413 1713 Ἡρώδης
1443 1643 1818 1707 ἐπισκευάσας
1845 1646 2054 1716 ὀχυρω-

471 1734 639 1800 τέραν
685 1731 772 1785 ἐπ’
800 1733 1075 1802 ἀσφαλείᾳ
1109 1732 1204 1787 τοῦ
1254 1733 1429 1806 ἱεροῦ,
1470 1737 1552 1800 είς
1590 1736 1814 1807 μνήμην
1854 1737 2053 1792 Ἀντω-

2148 662 2291 719 erat,
2326 670 2488 724 quam
2526 671 2715 727 reges,
2774 657 3055 728 iidemque
3091 661 3380 730 pontifices
3408 680 3476 719 ex
3501 668 3735 721 Asamo-

2151 759 2393 800 meorum
2429 747 2631 802 familia
2659 757 2944 804 structam.
2993 751 3153 807 Barin
3184 766 3468 818 vocaraut,
3511 768 3571 811 ut
3598 773 3733 827 pon-

2153 837 2319 892 tiﬁcia
2351 840 2491 894 stola
2548 840 2603 894 in
2649 856 2715 897 ea
2761 853 3142 913 reponeretur.
3196 846 3328 901 Eam
3355 847 3522 916 igitur
3554 850 3734 903 Barim

2151 928 2397 986 lIerodes
2447 932 2847 999 instauratam,
2897 944 2953 989 et
3006 951 3106 1005 pro
3165 938 3352 1006 templi
3411 937 3737 995 defensione

2152 1020 2508 1077 munitiorem
2544 1023 2834 1089 redditam,
2869 1025 2923 1079 iu
2963 1025 3190 1081 Antonii
3225 1028 3388 1100 Μή,
3415 1032 3735 1085 memoriam

2150 1108 2443 1165 Antoniam
2489 1113 2727 1169 vocavit.
2785 1114 2968 1184 Ipsum
3003 1131 3173 1187 porro
3204 1116 3493 1188 templum,
3527 1128 3584 1173 et
3616 1135 3737 1188 quae

2153 1200 2209 1255 in
2240 1201 2475 1257 circuitu
2505 1204 2625 1274 ejus
2672 1214 2799 1260 sunt
2825 1206 3031 1271 omnia,
3074 1224 3173 1262 vm
3228 1209 3389 1264 annis
3424 1217 3555 1264 sunt
3580 1209 3742 1264 abso—

2152 1290 2290 1346 luta.
2326 1291 2611 1348 Traditum
2659 1305 2842 1350 autem
2872 1304 2979 1362 est,
3027 1314 3095 1353 eo
3140 1307 3386 1369 tempore
3412 1315 3522 1370 quo
3556 1301 3737 1370 ipsum

2153 1384 2417 1455 templum
2440 1395 2748 1442 strueretur
2770 1389 2847 1457 (id
2880 1389 3023 1458 quod
3058 1406 3168 1445 uno
3196 1406 3343 1446 anno
3371 1405 3428 1446 et
3454 1393 3740 1449 mensibus

2153 1491 2250 1532 sex
2278 1476 2582 1546 perfectum
2636 1477 2743 1548 est)
2797 1480 3037 1535 interdiu
3076 1496 3184 1535 non
3222 1482 3452 1551 pluisse,
3502 1482 3598 1537 sed
3629 1483 3737 1536 im-

2154 1565 2283 1622 bres
2321 1576 2489 1623 noctu
2545 1583 2668 1624 esse
2719 1568 2915 1634 factos,
2962 1587 3032 1626 ne
3091 1586 3257 1641 opera
3308 1572 3734 1642 impedirentur.

2153 1656 2363 1713 Deinde
2411 1657 2658 1715 Herodes
2699 1663 2769 1715 ad
2819 1660 3061 1716 facinora
3092 1662 3509 1731 comprimenda
3560 1665 3737 1735 legem

2156 1747 2305 1813 tulit,
2342 1756 2404 1803 ut
2450 1748 2602 1804 fures
2638 1764 2869 1821 peregre
2917 1751 3333 1805 venderentur:
3378 1767 3500 1822 quae
3554 1768 3644 1807 res
3679 1763 3737 1808 et

471 1823 588 1875 νῐου
616 1826 1029 1894 προσηγόρευεν
1080 1826 1392 1883 Ἀντωνίαν.
1428 1827 1603 1891 Αὐτὸς
1631 1828 1688 1882 δέ
1715 1831 1742 1882 ὁ
1771 1830 1920 1897 ναὸς,
1955 1829 2051 1885 καὶ

2168 1839 2484 1896 iacinorosis
2512 1840 2717 1911 gravis,
2752 1850 2807 1896 et
2838 1842 3052 1913 legibus
3087 1844 3403 1899 evertendis
3432 1852 3572 1899 erat.
3605 1844 3739 1898 Nam

474 1914 652 1967 πάντα
694 1913 764 1969 τὰ
810 1916 939 1986 περὶ
976 1916 1069 1970 τὸν
1097 1916 1247 1979 ναδν,
1276 1921 1333 1972 ἐν
1378 1919 1527 1974 ὀκτὼ
1559 1920 1831 1991 δεδόμητο
1877 1922 2047 1978 ἔτεσι.

2168 1931 2364 1986 exteris
2392 1931 2620 1994 servire,
2671 1948 2976 2003 eorumque
3024 1934 3132 1988 ritu
3182 1935 3496 1990 necessario
3530 1937 3739 2000 vivere,

473 2004 843 2074 ῐΙαραδέδοται
880 2007 936 2060 δέ
967 2007 1087 2061 κατ’
1121 2011 1329 2062 ἐκεῖνον
1369 2012 1461 2064 τὸν
1506 2012 1722 2082 καιρὸν,
1764 2016 1852 2068 ὅτε
1876 2014 2049 2079 αὐτὸς

470 2097 501 2148 6
527 2096 651 2159 ναὸς
686 2097 1004 2168 ἀνεγείρετο
1028 2099 1109 2170 (ἐν
1141 2100 1375 2172 ἐνιαυτῷ
1406 2103 1514 2174 γὰρ
1536 2105 1618 2157 ἐνὶ
1646 2105 1742 2158 καὶ
1793 2106 1958 2175 μησὶν
1992 2105 2053 2170 ἓξ

471 2188 824 2261 ᾠκοδομήθη)
872 2191 971 2255 τὰς
1004 2192 1102 2262 μὲν
1138 2194 1349 2264 ἡμέρας
1383 2196 1457 2263 μὴ
1502 2194 1642 2261 ὕειν,
1699 2197 1946 2264 γίνεσθαι
1995 2198 2053 2251 δὲ

473 2283 599 2344 τοὺς
627 2282 872 2353 ὄμϐρους
915 2286 973 2337 ἐν
1006 2286 1128 2349 ταῖς
1157 2284 1326 2351 νυξὶν,
1363 2287 1452 2340 ἵνα
1482 2287 1556 2360 μὴ
1606 2288 1674 2341 τὰ
1707 2280 2054 2359 ἔργαοκωλύ-

472 2390 665 2427 ωνται.
719 2374 832 2438 Τὰς
883 2376 1097 2441 ἀδικίας
1150 2378 1205 2431 δὲ
1246 2379 1592 2432 ἀναστέλλειν
1643 2380 1984 2451 πειρώμενος
2024 2382 2053 2433 6

488 2465 755 2536 Ἡρώδης,
795 2467 976 2538 τίθησι
1028 2469 1191 2538 νόμον
1243 2471 1369 2531 τοὺς
1417 2472 1785 2541 τοιχωρύχους
1844 2473 1932 2525 ἐπ’
1961 2472 2050 2537 ἐξ·

2158 2018 2307 2089 quod
2369 2020 2439 2074 ad
2491 2020 2616 2076 illos
2660 2022 2885 2091 quidem
2940 2023 3231 2087 attinebat,
3287 2025 3570 2096 religionis
3624 2035 3745 2081 erat

2098 2156 2099 2159 η
2159 2109 2466 2180 abrogatio.
2500 2110 2613 2166 Lex
2642 2113 2789 2167 enim
2825 2115 2998 2176 lures,
3032 2114 3088 2168 ni
3123 2114 3497 2187 quadruplum
3531 2118 3744 2172 solvere

2159 2210 2404 2269 possent,
2428 2202 2591 2258 vendi
2623 2204 2867 2273 iubebat,
2895 2206 2989 2261 sed
3015 2209 3396 2276 p0pularibus,
3430 2224 3500 2263 ne
3531 2216 3588 2264 et
3617 2210 3748 2263 reli-

2158 2291 2323 2362 gione
2350 2293 2695 2359 exciderent,
2734 2303 2790 2351 et
2818 2313 2919 2367 per
2948 2312 3167 2353 omnem
3196 2308 3412 2354 aetatem
3449 2301 3743 2365 servirent,

2157 2381 2252 2436 sed
2276 2393 2398 2452 post
2419 2386 2743 2440 sexennium
2792 2388 3330 2444 manumitterentur.
3363 2387 3479 2445 Hoc
3504 2390 3744 2459 in'parte

2157 2481 2278 2527 erat
2299 2473 2748 2531 criminationum
2767 2487 2824 2532 et
2845 2478 3110 2534 adversus
3131 2480 3282 2533 illum
3308 2480 3420 2535 odii
3440 2480 3740 2550 popularis.

478 2560 669 2630 αγωγῇ
725 2558 825 2629 τῆς
886 2561 1070 2631 χώρας
1137 2561 1566 2632 πιπράσκεσθαιο
1619 2563 1648 2617 ὃ
1700 2562 1796 2616 καὶ
1844 2563 1982 2631 πρὸς
2019 2563 2291 2633 τιμωρίαν
2332 2565 2440 2618 τῶν
2480 2569 2797 2637 πασχόντων
2844 2566 2911 2637 ἦν
2963 2571 3239 2640 φορτικὸν,
3283 2572 3383 2643 οὐχ
3451 2572 3652 2643 ἥκιστα
3687 2572 3743 2627 δὲ

478 2654 574 2705 καὶ
608 2653 714 2707 τῶν
743 2655 926 2723 νόμων
959 2654 1275 2720 κατάλυσις.
1313 2656 1387 2710 Τὸ
1431 2656 1541 2727 γὰρ
1607 2655 1927 2724 ἀλλοφύλοις
1986 2654 2282 2721 δουλεύειν,
2331 2660 2427 2711 καὶ
2467 2659 2750 2729 βιάζεσθαι
2790 2663 2932 2716 κατὰ
3006 2663 3074 2717 τὰ
3111 2663 3336 2718 ἐκείνων
3383 2663 3478 2735 ἐθη
3572 2665 3743 2735 βιοῦν,

479 2748 578 2815 τῆς
631 2745 929 2817 θρησκείας
982 2738 1073 2818 ἦν,
1126 2748 1250 2801 ὅσον
1302 2748 1391 2802 ἐπ’
1423 2748 1674 2813 ἐκείνοις,
1733 2748 2054 2812 κατάλυσις.
2097 2748 2518 2820 Πιπράσκεσθαι
2595 2752 2697 2823 μὲν
2740 2754 2849 2824 γὰρ
2891 2757 2940 2808 οί
2978 2755 3132 2821 νόμοι
3181 2756 3307 2820 τοὺς
3375 2756 3567 2828 φώρας
3627 2759 3747 2811 ἐκέ-

480 2839 661 2903 λευον,
700 2830 753 2891 εί
802 2837 876 2908 μὴ
920 2837 1097 2909 ἔχοιεν
1126 2839 1271 2894 κατὰ
1297 2839 1359 2893 τὺ
1382 2839 1723 2911 τετραπλοῦν
1785 2839 2087 2894 ἐκτιννύειν
2144 2840 2215 2894 τὰ
2285 2842 2489 2915 φώρια,
2531 2845 2648 2898 ἀλλ’
2707 2847 2770 2901 ού
2819 2848 2957 2920 πρὸς
2998 2848 3352 2919 ἀλλοφύλους,
3387 2851 3526 2921 πρὸς
3581 2851 3639 2903 δέ
3684 2866 3748 2918 γε

482 2929 783 2998 ὁμοεθνεῖς,
841 2930 930 2985 ἵνα
989 2933 1126 3002 μήτε
1179 2931 1282 3002 τῆς
1345 2932 1646 3002 θρησκείας
1689 2934 2050 3019 ἐκπίπτοιεν,
2097 2936 2237 3006 μήτε
2304 2936 2576 3008 παρ’ὅλον
2606 2940 2697 3019 τὸν
2726 2939 2840 3011 βίον
2901 2938 3231 3006 δουλεύοιεν,
3257 2943 3395 2997 ἀλλὰ
3422 2946 3743 3013 τυγχάνοιεν

488 3020 626 3089 μετα
662 3019 909 3087 ἑξαετίαν
955 3020 1225 3092 ἀφέσεως.
1259 3020 1448 3075 Ταῦτα
1486 3020 1652 3094 μέρος
1683 3017 1752 3093 ἧν
1800 3022 1909 3078 τῶν
1971 3020 2096 3077 κατ’
2133 3024 2345 3080 ἐκείνου
2409 3017 2695 3093 διαϐολῶν,
2717 3029 2934 3101 καὶτῆς
2966 3030 3216 3096 δυσνοίας
3247 3032 3341 3085 τοῦ
3377 3032 3616 3105 πλήθους
3642 3035 3745 3105 τῆς

485 3114 513 3166 ἐ
524 3115 575 3167 π’
595 3113 766 3185 αὐτῷ.

557 3254 668 3307 IH'.
698 3254 795 3317 Είς
822 3256 923 3325 τὴν
954 3254 1193 3309 Ἰταλίαν
1220 3254 1278 3308 δέ
1316 3254 1460 3311 κατὰ
1491 3254 1585 3309 τὸν
1615 3255 1811 3326 καιρὸν
1853 3256 2064 3310 ἐκεῖνον

2239 3254 2431 3310 XVIII.
2465 3254 2580 3310 Sub
2613 3255 2665 3310 id
2699 3263 2917 3326 tempus
2939 3255 2994 3310 in
3025 3254 3233 3310 Italiam
3260 3216 3543 3325 pro.ectus
3566 3220 3750 3313 ’Βετο-

489 3346 936 3417 παραγενόμενος
979 3346 1248 3417 Ἡρώδης,
1280 3346 1368 3401 ἵνα
1415 3347 1655 3418 Καίσαρί
1698 3364 1760 3404 τε
1800 3364 2068 3418 προσομι-

487 3438 655 3510 λήσῃ,
685 3438 783 3493 καὶ
823 3438 953 3502 τοὺς
1000 3439 1199 3502 παῖδας
1232 3440 1291 3492 ἐν
1342 3441 1409 3510 τῇ
1463 3437 1649 3510 Ῥώμη
1682 3439 2067 3509 διατρίϐοντας

487 3529 712 3600 ὕψηται,
737 3529 1069 3601 φιλοφρόνως
1098 3547 1157 3583 τε
1182 3530 1452 3601 ὑπεδέχθη
1479 3531 1630 3606 παρά
1649 3530 1743 3584 τοῦ
1767 3533 2068 3602 Καίσαρος,

492 3621 588 3676 καὶ
616 3623 741 3685 τοὺς
782 3622 978 3687 παῖδας
1007 3621 1080 3686 ὡς
1108 3622 1211 3693 ήδη
1242 3622 1631 3685 τελειωθέντας
1655 3622 1712 3674 ἐν
1741 3624 1856 3685 τοῖς
1888 3624 2070 3693 μαθή-

496 3732 660 3783 μασιν
689 3705 905 3779 ἐλαϐεν,
936 3715 1092 3783 ἄγειν
1121 3716 1202 3779 είς
1235 3715 1304 3768 τὰ
1331 3716 1528 3768 οἰκεῖα.
1543 3715 1631 3776 Ὠς
1661 3715 1706 3768 δ’
1741 3716 2067 3785 ἐπανῆλθον,

497 3806 782 3878 περίοπτοι
813 3806 1073 3876 γεγόνασι
1104 3806 1183 3877 τῷ
1221 3823 1283 3860 τε
1321 3810 1421 3877 τῆς
1446 3806 1626 3877 ψυχῆς
1650 3809 2069 3878 παραστήματι,

495 3900 593 3952 καὶ
629 3902 694 3970 τῇ
726 3898 871 3952 κατὰ
898 3899 998 3962 τὰς
1038 3899 1254 3969 μορφὰς
1292 3897 1629 3971 ὡραιότητι·
1676 3900 1961 3969 ἐπίφθονοί
2013 3916 2073 3953 τε

494 3987 638 4063 ἦσαν
673 3991 911 4063 Σαλώμῃ
944 3994 1010 4062 τῇ
1068 3990 1164 4045 τοῦ
1216 3991 1481 4061 βασιλέως
1514 3992 1797 4061 ὀμαίμονι,
1826 3991 1924 4044 καὶ
1961 3994 2075 4055 τοῖς

496 4084 596 4155 τὴν
623 4083 808 4139 αὐτῶν
840 4084 1057 4154 μητέρα
1087 4082 1600 4152 κατεργασαμένοις
1637 4083 1938 4148 διαϐολαῖς.
1961 4086 2075 4139 Καὶ

498 4174 601 4245 ήδη
636 4176 741 4229 καὶ
757 4175 880 4228 κατ’
910 4176 1137 4227 ἐκείνων
1163 4175 1234 4229 τὰ
1252 4173 1397 4230 ὅπλα
1430 4174 1748 4245 ἡτοίμαζον,
1777 4175 1847 4228 δι’
1876 4169 1952 4229 ὧν
1983 4178 2078 4231 καὶ

499 4265 599 4336 τὴν
619 4266 826 4330 αὐτοὺς
857 4266 1195 4337 γειναμένην
1223 4267 1693 4337 κατηγωνίσαντο,
1725 4266 2076 4336 λογοποιοῦν-

500 4373 592 4420 τες
644 4358 824 4427 ἁηδῗῦς
857 4358 934 4427 τῷ
963 4359 1130 4429 πατρὶ
1162 4359 1576 4430 προσφέρεσθαι
1596 4359 1665 4413 τὰ
1692 4359 1957 4431 μειράκια
1987 4359 2077 4414 διὰ

499 4448 592 4500 τὸν
621 4448 782 4516 φόνον
806 4450 906 4519 τῆς
935 4451 1165 4520 μητρὸς,
1202 4448 1501 4505 κάντεῦθεν
1539 4453 1702 4520 μῖσος
1736 4451 1945 4522 φυῆναι
1999 4451 2079 4522 τῷ

502 4541 673 4611 πατρὶ
712 4541 849 4612 πρὸς
884 4540 1015 4605 τοὺς
1066 4541 1289 4607 παῖδας,
1322 4541 1399 4604 ὡς
1451 4542 1594 4607 ἐνὸν,
1651 4541 2076 4608 κατεσκεύαζον.

503 4634 657 4698 Τέως
715 4635 904 4704 μέντοι
954 4633 1327 4707 φιλοστόργως
1358 4636 1439 4689 ἔτι
1471 4635 1608 4705 πρὸς
1642 4636 1784 4691 αὐτὰ
1822 4638 1852 4690 6
1895 4638 2081 4708 πατὴρ

502 4724 870 4793 διακείμενος,
902 4727 997 4780 καὶ
1028 4727 1200 4797 τιμῆς
1234 4728 1534 4797 μετεδίδου,
1568 4730 1667 4782 καὶ
1718 4731 1987 4797 γυναῖκας
2023 4732 2081 4783 ἐν

509 4816 698 4889 ἡλικίᾳ
726 4819 1010 4887 γεγονόσιν
1037 4819 1332 4886 ἐζεύγνυεν
1363 4837 1374 4850 ·
1395 4819 1795 4891 Ἀριστοϐούλῳ
1842 4822 1942 4891 μὲν
1984 4821 2085 4890 τὴν

505 4906 772 4980 Σαλώμης
826 4909 1111 4981 θυγατέρα
1135 4910 1456 4982 Βερενίκην,
1513 4910 1807 4981 Ἀρχελάου
1870 4911 1931 4965 δέ
1985 4911 2082 4965 τοῦ

2170 3345 2289 3413 des,
2342 3356 2403 3401 ut
2432 3363 2556 3402 cum
2590 3345 2803 3403 Caesare
2835 3347 3266 3417 colloqueretur,
3293 3356 3349 3402 et
3390 3346 3530 3403 filios
3562 3349 3749 3404 Roma:

2169 3442 2433 3513 degentes
2483 3441 2728 3505 viseret,
2795 3440 3030 3509 benigne
3073 3453 3102 3492 a
3158 3438 3373 3494 Caesare
3419 3448 3750 3508 susceptus,

2172 3533 2314 3589 ﬁlios
2344 3541 2403 3605 ut
2450 3533 2702 3588 absolute
2744 3532 2855 3602 jam
2886 3531 2941 3586 in
2972 3532 3281 3601 disciplinis
3308 3530 3611 3599 institutos,
3651 3532 3753 3587 do-

2172 3641 2321 3679 mum
2350 3623 2588 3681 reduxit.
2630 3622 2732 3690 Qui
2766 3623 2820 3677 in
2849 3623 3082 3693 patriam
3124 3622 3354 3687 reversi,
3384 3637 3508 3676 cum
3538 3623 3754 3678 animo-

2172 3732 2296 3771 rum
2327 3716 2726 3786 magnitudine,
2782 3724 2896 3769 tum
2931 3715 3119 3771 forma:
3143 3716 3412 3785 elegantia
3435 3715 3597 3784 vulgo
3621 3730 3754 3769 cen-

2173 3809 2371 3879 Spieui,
2398 3808 2629 3864 Salomae
2646 3807 2789 3878 regis
2813 3808 3010 3871 sorori,
3034 3820 3087 3863 et
3110 3808 3178 3862 iis
3193 3811 3288 3877 qui
3311 3817 3539 3862 matrem
3560 3823 3767 3863 eorum-

2174 3900 2466 3956 calumniis
2511 3900 2873 3962 sustulerant,
2921 3898 3084 3952 invisi
3141 3897 3387 3953 fuerunt.
3416 3898 3605 3968 Itaque
3638 3898 3749 3969 jam

2175 4001 2371 4047 contra
2396 3992 2547 4061 ipsds
2578 3990 2743 4047 etiam
2775 4005 2926 4045 arma
2951 3990 3143 4044 eadem
3175 3989 3596 4059 expediverunt,
3630 3990 3755 4060 qni-

2176 4085 2279 4140 bus
2301 4082 2623 4154 genitricem
2646 4097 2836 4136 eorum
2866 4081 3250 4153 confecerant:
3290 4096 3513 4136 rumore
3537 4096 3751 4150 sparso.

2177 4176 2562 4232 adolescentes
2604 4176 2904 4230 abhorrere
2945 4191 2977 4228 ε
3028 4173 3200 4243 patris
3224 4173 3649 4238 consuetudine,
3680 4176 3752 4227 oh

2178 4268 2376 4323 matris
2400 4283 2614 4333 necem,
2663 4276 2721 4322 et
2754 4267 2829 4321 ita
2857 4279 3015 4336 patre
3048 4266 3118 4320 ad
3148 4265 3338 4320 odium
3377 4264 3616 4320 filiorum
3653 4283 3753 4336 pro

2178 4360 2327 4415 virili
2376 4360 2654 4431 instigato.
2705 4358 2754 4414 Is
2801 4373 2934 4413 vero
2963 4373 3060 4413 eos
3094 4364 3150 4413 et
3183 4357 3395 4422 dilexit,
3441 4366 3498 4412 et
3528 4357 3755 4412 honoris

2180 4451 2475 4523 participes
2502 4450 2823 4521 aliquandiu
2856 4449 3006 4513 fecit,
3034 4458 3091 4504 et
3120 4448 3323 4504 adultis
3347 4464 3545 4504 uxores
3577 4449 3752 4512 dedit,

2178 4544 2498 4600 Aristobqu
2528 4542 2759 4599 Saloma:
2780 4542 2947 4598 ﬁliam
2978 4542 3264 4598 Bernicem
3289 4560 3302 4596 :
3337 4542 3589 4597 Archelai
3610 4542 3757 4612 Cap-

2176 4634 2448 4705 padocum
2500 4634 2649 4706 regis
2684 4633 2852 4688 filiam
2874 4633 3227 4705 Glaphyram,
3254 4634 3585 4690 Alexandro.
3618 4636 3755 4701 Qui.

2180 4726 2284 4781 bus
2317 4727 2483 4781 rebus
2510 4725 2756 4782 Salomes
2786 4725 3091 4780 inimicitiae
3134 4734 3328 4781 contra
3378 4726 3757 4782 adolescentes

2181 4818 2353 4889 magis
2382 4819 2696 4881 alebantur,
2750 4831 2945 4873 omnes
2977 4831 3073 4872 eos
3121 4818 3225 4872 sibi
3256 4817 3625 4889 adjungentis,
3661 4819 3757 4888 qui

2180 4910 2344 4966 caedis
2393 4909 2738 4965 Mariammes
2777 4909 3058 4980 adjutores
3089 4908 3350 4965 fuerant:
3392 4910 3759 4966 adolescenti-

508 5001 894 5055 Καππαδοκῶν
950 5001 1218 5073 βασιλέως
1273 5002 1374 5074 τὴν
1427 5001 1596 5055 παῖδα
1650 5001 1944 5074 Γλαφύραν
2002 5001 2067 5072 τᾷ

2184 5004 2290 5059 bus
2323 5003 2487 5058 etiam
2530 5018 2723 5058 causas
2751 5002 3044 5056 nonnullas
3086 5001 3585 5070 suppeditantihus,
3626 5002 3756 5056 dum

519 5091 875 5162 Ἀλεξάνδρῳ.
913 5092 992 5163 Τῇ
1037 5091 1096 5145 δὲ
1150 5090 1387 5163 Σαλώμῃ
1421 5090 1594 5144 ταῦτα
1638 5094 1739 5162 τὴν
1783 5091 1926 5146 κατὰ
1972 5092 2082 5147 τῶν
2128 5114 2134 5121 ·

507 5183 808 5236 νεανίσκων
858 5182 1187 5253 δυσμένειαν
1222 5183 1426 5254 μᾶλλον
1467 5182 1799 5253 ὑπέτρεφεν,
1847 5185 2083 5236 οἰκειου-

509 5274 649 5348 μένη
703 5277 801 5331 καὶ
854 5276 1063 5341 πάντας
1105 5276 1332 5347 ὅσοιπερ
1378 5275 1517 5347 αὐτῇ
1570 5275 1662 5328 τὸν
1694 5275 1792 5344 τῆς
1840 5275 2081 5345 Μαριὰμ

508 5366 672 5433 φόνον
717 5367 1227 5437 συνεξειργάσαντο.
1275 5366 1537 5421 Διδόντων
1574 5366 1631 5419 δέ
1660 5383 1818 5429 τινας
1848 5367 1944 5420 καὶ
1972 5368 2083 5418 τοῖν

508 5458 814 5511 νεανίσκοιν
849 5458 1020 5522 λαϐὰς
1053 5461 1244 5530 μνήμῃ
1275 5475 1335 5512 τε
1364 5458 1466 5528 τῆς
1498 5459 1707 5527 μητρὸς
1750 5456 1847 5511 καλ⁸
1886 5460 1955 5528 τῇ
1989 5457 2085 5509 τοῦ

509 5551 745 5617 κράτους
786 5551 1075 5622 ἐπιθυμίᾳ·
1109 5550 1455 5621 βλασφημίαι
1492 5551 1591 5620 μὲν
1620 5550 1851 5604 ἐκείνων
1877 5550 1955 5612 είς
1986 5549 2086 5619 τὴν

510 5640 782 5711 Σαλώμην
821 5643 916 5697 καὶ
956 5643 1050 5697 τὸν
1072 5641 1335 5714 Φερώραν
1364 5642 1632 5711 ἐγίνοντο,
1674 5641 1812 5711 πρὸς
1846 5641 2087 5704 ἐκείνους

506 5731 556 5784 δ’
590 5734 624 5801 ἡ
657 5733 862 5787 τούτων
891 5733 1169 5806 ἐπηύξητο
1202 5733 1446 5798 δύσνοια,
1485 5735 1579 5788 καὶ
1621 5734 1869 5789 διαϐολαὶ
1916 5749 2087 5786 κακο-

512 5825 668 5887 ήθεις
718 5826 838 5880 κατ’
866 5826 1048 5881 αὐτῶν
1097 5825 1448 5890 προύϐαινον,
1499 5828 1628 5880 παρ’
1654 5826 1835 5882 αὐτῶν
1865 5824 2087 5879 ἐκείνων

2184 5104 2294 5151 tam
2321 5111 2386 5151 ex
2420 5094 2799 5150 recordatione
2854 5094 3043 5147 matris
3069 5110 3233 5163 quam
3256 5108 3325 5147 ex
3352 5093 3569 5163 imperii
3598 5095 3759 5163 cupi—

2186 5187 2359 5242 ditate
2400 5184 2704 5239 maledictis
2749 5193 2804 5238 et
2852 5184 3024 5253 ipsam
3054 5191 3113 5237 et
3153 5168 3447 5237 Pheroram
3481 5182 3759 5238 insectan-

2188 5284 2314 5329 tur:
2356 5276 2559 5345 quibus
2619 5274 2849 5329 illorum
2884 5272 3273 5361 pralevolentia
3312 5272 3652 5341 augebatur,
3707 5282 3763 5328 et

2185 5364 2429 5421 subdolae
2458 5365 2765 5430 calumniae,
2792 5380 2955 5419 causa
2980 5364 3048 5417 ab
3074 5363 3209 5433 ipsis
3230 5363 3603 5432 suppeditata.
3624 5379 3759 5419 con-

2191 5466 2272 5510 tra
2307 5470 2404 5510 eos
2434 5453 2860 5509 adornabanlur.
2900 5451 3032 5505 Nam
3077 5466 3201 5506 cum
3237 5449 3636 5523 nefariazhs
3666 5451 3763 5505 Sa-

2193 5549 2337 5603 lome
2382 5554 2440 5601 et
2485 5546 2645 5600 matri
2678 5555 2735 5598 et
2769 5543 2905 5613 ipsis
2949 5542 3379 5607 conviciaretur,
3428 5552 3489 5597 ut
3543 5559 3640 5598 eos
3697 5543 3762 5597 ad

2192 5637 2638 5709 rCSpondendum
2680 5620 2957 5690 irritaret:
2991 5634 3067 5687 illi
3096 5644 3152 5687 et
3185 5633 3467 5690 interitum
3498 5635 3690 5690 matris
3711 5642 3762 5689 et

2192 5745 2322 5786 suas
2341 5729 2592 5783 fortunas
2617 5726 3042 5789 miserabantur,
3066 5725 3159 5795 qui
3192 5726 3587 5793 parricidarum
3620 5726 3764 5779 illius

2192 5820 2596 5878 consuetudine
2650 5819 2726 5873 uti
2790 5827 3142 5888 cogerentur.
3199 5817 3319 5873 llaec
3365 5820 3591 5875 absente
3642 5831 3765 5883 rege
