4074 6472
404 454 432 516 4
444 458 511 518 35

1667 450 1991 512 JOANNIS
2030 451 2352 510 ZON.-\R.l’.

3546 452 3657 507 430

394 579 534 620 acu.
564 568 805 619 Reverso
840 564 1113 617 Plieroras
1141 570 1193 616 et
1230 560 1441 615 Salome
1491 562 1678 616 statim
1710 578 1774 616 ea
1811 563 1952 616 verb;

2055 562 2183 623 ,τὰς
2234 560 2409 621 αἰτίας
2451 558 2844 627 λαμϐάνουσαι.
2896 556 3098 622 Κακῶς
3133 557 3244 627 γὰρ
3299 558 3398 628 τῆς
3450 562 3654 629 μιαρᾶς

393 663 763 717 insusurrant,
797 670 857 710 se
920 654 973 708 in
1004 668 1203 724 magno
1236 653 1441 708 versari
1490 652 1756 722 periculo,
1785 654 1968 709 adole-

391 748 679 803 scentibus
704 762 763 801 se
794 760 985 800 necem
1010 744 1201 799 matris
1232 743 1466 808 ulturos,
1489 753 1676 814 aperte
1708 744 1970 799 minitan-

392 840 560 895 tibus.
608 840 854 894 llerodcs
887 838 973 892 bis
1002 853 1101 909 per
1130 837 1267 892 alios
1296 853 1516 908 quoque
1548 837 1815 891 nuntiatis
1844 846 1966 891 tur-

391 932 577 992 batus.
626 932 790 995 alium
847 930 1017 985 fil'um
1071 930 1443 999 Antipatrum,
1502 931 1556 984 in
1611 930 1820 1000 privata
1855 931 1965 984 vita

390 1033 729 1091 susceptum,
775 1021 841 1075 ad
870 1022 1206 1077 coercendos
1233 1022 1611 1077 adolescentes
1634 1022 1740 1077 sibi
1780 1022 1960 1078 conci-

387 1112 523 1167 liarc
553 1114 766 1176 statuit,
798 1113 958 1183 eique
989 1113 1253 1168 honorem
1292 1113 1505 1175 habuit.
1540 1125 1599 1169 ut
1632 1114 1964 1169 Mariainmaa

389 1205 630 1259 filiorum
661 1206 950 1269 audaciam
986 1208 1335 1277 reprimeret.
1392 1223 1517 1262 cum
1565 1208 1958 1278 intelligerent,

387 1313 497 1352 non
527 1298 629 1353 sibi
663 1299 813 1363 solis,
839 1314 1017 1369 neque
1045 1300 1357 1355 necessario
1385 1300 1532 1371 regni
1557 1302 1962 1356 successionem

387 1388 599 1444 deberi.
643 1388 831 1458 Itaque
865 1390 1239 1459 Antipatrum,
1291 1399 1551 1460 tanquam
1594 1400 1962 1461 spectatorem

385 1483 706 1537 certaminis
752 1482 821 1537 ad
876 1482 1251 1539 dimicandum
1298 1493 1576 1552 paratum,
1631 1483 1957 1539 introduxit.

384 1573 509 1639 Qui,
545 1585 603 1629 ut
641 1574 807 1628 homo
854 1575 1106 1637 callidus.
1143 1575 1268 1631 data
1299 1577 1609 1642 occasione,
1655 1592 1823 1630 unum
1855 1576 1959 1631 sibi

383 1666 663 1736 negot’um
707 1682 828 1723 esse
875 1676 1029 1723 ratus
1064 1675 1150 1724 est
1190 1667 1332 1738 patri
1387 1668 1690 1736 adbazrere,
1722 1684 1961 1741 eumque

382 1773 482 1826 per
514 1758 819 1814 calumnias
846 1776 874 1815 a
902 1760 1165 1815 fratribus
1193 1761 1433 1816 alienare
1458 1779 1476 1816 :
1514 1761 1718 1833 quibus
1746 1762 1958 1818 calum-

381 1846 489 1902 niis
520 1847 597 1903 illi
633 1864 797 1905 ansas
821 1849 1044 1916 dabant,
1076 1852 1160 1907 sui
1190 1860 1566 1923 contemptum
1596 1852 1959 1923 deplorando,

2071 650 2334 720 Σαλώμης
2363 651 2455 703 καὶ
2486 649 2627 717 σφᾶς
2654 649 2751 702 καὶ
2782 649 2877 719 τὴν
2927 650 3142 720 μητέρα
3207 650 3500 720 λεγούσης,
3552 653 3656 705 καὶ

2070 743 2209 811 πρδις
2258 740 2452 809 λόγους
2488 737 2898 810 ἔκκαλουμένης
2949 739 3172 804 αὐτοὺς,
3221 742 3420 793 ἐκεῖνοι
3483 741 3655 794 ἐλεει-

2068 834 2166 900 νὴν
2200 833 2501 901 ἀπέφαινον
2522 832 2620 900 τὴν
2643 829 3028 902 καταστροφὴν
3043 831 3140 901 τῆς
3178 832 3403 902 μητρὶς.
3438 831 3655 896 ἀθλίους

2070 923 2116 977 δ’
2152 925 2381 986 ἑαυτοὺς
2409 922 2637 976 ἐκάλουν
2664 924 2776 984 τοῖς
2806 922 3019 988 ἐκείνης
3058 922 3315 991 φονεῦσιν
3347 920 3653 990 ἀναγκαζο-

2073 1016 2267 1086 μένους
2298 1013 2488 1084 συζῇν.
2538 1013 2724 1067 Ταῦτα
2751 1013 2818 1086 ἦν
2873 1014 3288 1083 ἀποδημοῦντος
3341 1014 3435 1066 τοῦ
3499 1015 3654 1083 βασι-

2070 1109 2231 1170 λέως.
2272 1106 2660 1161 Ἐπανελοόντι
2696 1105 2742 1160 δ’
2776 1106 2937 1169 εὐθὺς
2967 1106 3117 1173 παρα
3156 1122 3215 1158 τε
3282 1105 3511 1177 Φερώρα
3555 1105 3653 1157 καὶ

2068 1203 2165 1272 τῆς
2197 1200 2462 1272 Σαλώμης
2498 1202 2548 1253 οἱ
2578 1200 2726 1268 λόγοι
2762 1202 3121 1270 προσήγοντο,
3153 1201 3425 1267 λεγόντων
3475 1201 3650 1270 μέγαν

2069 1294 2257 1357 αὐτοῖς
2287 1292 2634 1363 ἐπηρτῆσθαι
2684 1292 2777 1345 τον
2809 1292 3073 1351 κίνδυνον,
3128 1292 3432 1359 ἀναφανδὸν
3488 1292 3650 1345 ἀπει-

2066 1385 2350 1452 λουμένων
2378 1385 2487 1438 τῶν
2514 1383 2833 1447 νεανίσκων,
2892 1383 2983 1436 τὸν
3027 1384 3189 1451 φόνον
3243 1383 3501 1437 τίσασθαι
3547 1384 3648 1453 τῆς

2074 1477 2301 1547 μητρός.
2347 1474 2596 1545 Ἡρώδης
2630 1475 2688 1528 δὲ
2709 1473 2883 1528 ταῦτα
2911 1474 3002 1526 καὶ
3038 1472 3214 1527 ἄλλων
3269 1473 3647 1542 ἀπαγγελλόν-

2068 1583 2179 1620 των
2209 1567 2537 1636 τετάρακτο.
2567 1564 2726 1619 Οὕτω
2754 1564 2809 1617 δὶ
2840 1564 3135 1627 διατεθεὶς,
3162 1563 3305 1630 ἔγνω
3332 1565 3424 1617 ἐπὶ
3457 1564 3650 1617 καοαι-

2067 1658 2219 1730 ρέσει
2273 1656 2381 1710 τῶν
2429 1655 2589 1716 νέων,
2630 1656 2821 1726 ἓτερον
2860 1655 2976 1708 υἱὸν
3039 1655 3399 1725 Ἀντίπατρον
3453 1654 3645 1724 ὄνομα,

2071 1747 2404 1803 ἰδιωτεύοντι
2431 1747 2511 1801 ετι
2538 1746 2690 1816 αύτῷ
2725 1746 3012 1817 γεγονότα,
3067 1745 3603 1817 προσοικειώσασθαι
3625 1760 3638 1778 ⁶

2066 1840 2163 1893 καὶ
2188 1839 2378 1892 τοῦτον
2409 1838 2590 1892 ιδόκει
2630 1838 2820 1909 τιμᾷν,
2860 1836 2947 1889 ἶνα
2974 1835 3308 1907 καταστείλῃ
3337 1835 3397 1888 τὸ
3445 1834 3645 1905 Θράσος

380 1946 438 1992 et
479 1947 707 1994 matrem
745 1941 1074 2006 invocanda,
1109 1950 1166 1996 et
1212 1951 1423 2012 patrem
1459 1952 1646 2012 aperte
1697 1943 1952 2013 injustum

2066 1935 2177 1995 τοῖς
2206 1933 2269 1985 ὲκ
2320 1931 2418 2002 τῆς
2459 1930 2695 2001 Μαριὰμ
2720 1927 2965 1998 γνοῦσιν,
2997 1929 3071 1990 ὡς
3095 1929 3155 1981 ού
3204 1929 3386 1999 μόνοις
3435 1928 3643 1992 αὐτοῖς,

382 2027 701 2086 vocitando.
739 2029 814 2083 Ea
868 2029 1035 2085 verba
1068 2047 1193 2086 eum
1228 2031 1605 2088 additamenta
1639 2034 1963 2089 renuntians

383 2119 694 2189 Antipater,
742 2122 917 2190 patris
957 2138 1085 2192 erga
1136 2123 1259 2178 illos
1305 2123 1644 2179 simultatem
1688 2124 1961 2180 malitiose

383 2211 652 2281 augebat:
696 2211 765 2266 ab
804 2228 983 2282 eoque
1016 2223 1074 2267 ut
1103 2211 1433 2269 Mariammaa
1476 2215 1617 2271 ﬁlios
1660 2226 1958 2285 premeret,

382 2299 748 2369 amplioribus
770 2300 1075 2357 honoribus
1089 2312 1303 2368 auctus,
1325 2303 1565 2375 denique
1590 2314 1763 2359 matre
1786 2304 1961 2374 ipsius

380 2393 547 2447 etiam
595 2391 932 2457 introducta,
963 2408 1088 2448 cum
1140 2394 1331 2449 multis
1362 2396 1686 2451 muneribus
1733 2396 1959 2451 Romam

377 2483 635 2546 mittitur.
682 2483 995 2554 Cmsarique
1045 2487 1485 2551 commendatur.
1538 2501 1594 2543 ut
1636 2489 1749 2560 jam
1791 2503 1959 2559 penes

377 2573 536 2628 illum
581 2590 702 2629 esse
752 2577 959 2643 omnia,
1007 2578 1387 2635 adolescentes
1431 2598 1563 2637 vero
1612 2597 1709 2652 spe
1742 2583 1956 2652 imperii

376 2667 541 2737 plane
568 2667 763 2737 dejeeti
798 2668 1140 2726 viderentur.
1183 2670 1451 2727 Caeterum
1493 2675 1781 2745 Antipater
1811 2676 1959 2729 veri-

376 2765 488 2820 tus,
537 2772 607 2812 ne
639 2772 698 2812 se
750 2758 973 2814 absente
1005 2769 1161 2829 pater
1205 2762 1535 2820 Mariamma:
1585 2764 1712 2821 ﬁliis
1749 2767 1959 2835 aequior

372 2848 571 2904 ﬁeret:
629 2864 731 2904 nec
782 2849 836 2904 in
899 2851 1098 2908 itinere
1135 2853 1369 2909 subinde
1416 2854 1483 2909 ad
1534 2872 1662 2910 eum
1714 2855 1958 2913 scribere

374 2939 611 3004 destitit,
634 2950 691 2996 et
721 2943 842 3013 ejus
869 2942 1189 3001 inimicitias
1210 2958 1398 3001 contra
1428 2947 1627 3002 fratres
1646 2963 1955 3003 exacuere:

372 3032 551 3088 donec
603 3035 844 3105 perpulit
870 3078 885 3101 ,
925 3046 984 3092 ut
1034 3036 1151 3108 ipse
1198 3039 1424 3094 Romam
1467 3041 1781 3112 navigaret,
1815 3040 1959 3098 ﬁlios

373 3124 519 3193 apud
550 3124 820 3179 Caesarem
860 3138 1202 3183 accusatum.
1233 3128 1382 3195 Quos
1413 3146 1537 3184 cum
1567 3146 1754 3186 secum
1785 3132 1958 3187 addu-

2062 2025 2171 2078 οὐδ’
2207 2024 2265 2088 ἐξ
2288 2024 2533 2093 ἀνάγκης
2560 2025 2593 2094 ἡ
2621 2016 2845 2093 διαδοχὴ
2877 2024 2978 2091 τῆς
3012 2021 3294 2092 βασιλείας
3341 2022 3642 2090 ὀφείλεται.

2040 2107 2228 2171 ’Ὅθεν
2255 2116 2328 2179 ὡς
2358 2115 2584 2185 ἔφεδρόν
2626 2131 2751 2169 τινα
2797 2117 2889 2170 τὸν
2922 2115 3277 2184 Ἀντίπατρον
3346 2113 3645 2184 ἐπεισήγα-

2061 2227 2181 2280 γεν.
2224 2209 2281 2262 '0
2309 2209 2364 2261 δὲ
2395 2209 2566 2272 δεινὸς
2596 2207 2693 2270 ὢν,
2723 2207 2848 2261 ἐπεὶ
2881 2207 3202 2279 παρρησίας
3231 2206 3477 2269 ἐλάϐετο,
3509 2205 3643 2275 μίαν

2063 2301 2226 2371 ἔσχεν
2256 2299 2539 2363 ὑπόθεσιν,
2576 2298 2801 2370 ἔχεσθαι
2827 2298 2924 2352 τοῦ
2968 2298 3197 2369 πατρὸς,
3227 2296 3457 2349 καὶτῶν
3481 2295 3642 2349 ἀδελ-

2061 2395 2179 2464 φῶν
2217 2393 2533 2465 ἀλλοτριοῦν
2565 2395 2686 2456 ταῖς
2725 2391 3020 2455 διαϐολαῖς.
3057 2393 3320 2446 Κάκεῖνοι
3359 2392 3404 2443 δ’
3435 2389 3646 2444 ἓτιέδίο

2058 2482 2222 2535 δοσιν
2260 2483 2536 2554 ἀφορμὰς,
2576 2483 2671 2536 καὶ
2725 2481 3048 2551 δακρύοντες
3100 2480 3176 2544 ὼς
3220 2479 3642 2549 ἀτιμαζόμενοι,

2059 2574 2156 2627 καὶ
2189 2575 2288 2644 τὴν
2347 2576 2568 2645 μητέρα
2625 2572 3086 2643 ἀκακαλούμενοι,
3120 2574 3216 2625 καὶ
3273 2573 3365 2625 τὸν
3428 2571 3645 2642 πατέρα

2061 2664 2314 2735 φανερῶς
2367 2666 2427 2717 ού
2473 2664 2681 2717 δίκαιον
2729 2664 2999 2732 λέγοντες.
3052 2664 3231 2732 "Amp
3280 2662 3564 2733 κακοήθως
3592 2665 3642 2715 oi

2061 2759 2189 2827 περὶ
2256 2757 2349 2810 τὸν
2411 2756 2770 2828 Ἀντίπατρον
2839 2755 3054 2829 Ἡρώδῃ
3117 2757 3256 2826 μετά
3324 2754 3644 2826 προσθήκης

2058 2846 2503 2916 ἐξαγγέλλοντες,
2565 2849 2789 2914 μείζονα
2856 2848 2956 2919 τὴν
3009 2848 3145 2919 πρὸς
3200 2848 3455 2910 ἐκείνους
3526 2848 3644 2900 ἑνε-

2060 2942 2250 2994 ποίουν
2280 2941 2599 3013 ἀπέχθειαν.
2633 2944 2966 3014 Βουλόμενος
2985 2944 3040 2998 δὲ
3069 2946 3096 2997 6
3140 2945 3321 3014 πατὴρ
3362 2943 3638 2998 ταπεινῶο

2060 3048 2152 3085 σαι
2177 3034 2304 3097 τοὺς
2326 3036 2390 3087 ἐκ
2429 3035 2527 3103 τῆς
2550 3037 2807 3107 Μαριὰμ,
2839 3037 3085 3101 πλείονος
3108 3038 3457 3107 Ἀντιπάτρῳ
3489 3053 3642 3107 μετε-

2056 3122 2200 3176 δίδου
2232 3125 2417 3195 τιμῆς.
2455 3126 2622 3188 Τέλος
2648 3126 2702 3179 δὲ
2730 3128 2824 3181 καὶ
2856 3128 2953 3200 τὴν
2975 3131 3186 3200 μητέρα
3213 3130 3380 3185 αὑτοῦ
3415 3132 3640 3201 ἐπειση-

371 3216 565 3280 xisset,
596 3216 665 3271 de
694 3233 887 3273 eorum
934 3219 1217 3288 deplorata
1247 3220 1430 3276 indole
1469 3223 1828 3292 querebatur,
1857 3225 1950 3295 qui

2057 3214 2333 3282 γαγε,καὶ
2365 3214 2605 3285 Καίσαρι
2651 3216 2965 3284 συνίστησιν
3018 3220 3185 3273 αὐτον
3230 3221 3461 3291 γράφων
3495 3220 3638 3291 ὑπὲρ

370 3315 583 3378 patrem
613 3310 765 3363 exosi
800 3310 1030 3379 ejusque
1064 3310 1373 3380 perimendi
1402 3314 1571 3379 avidi,
1605 3331 1834 3386 regnum
1867 3318 1951 3373 af-

370 3400 663 3456 fectarent.
705 3401 1101 3459 Adolescentes
1147 3420 1277 3459 vero
1317 3416 1471 3475 patre
1509 3423 1729 3479 quoque
1772 3410 1953 3465 adhuc

369 3493 589 3548 dicente
620 3493 862 3549 ﬁebant:
903 3504 960 3550 et
1005 3495 1225 3550 tandem
1274 3498 1648 3568 suspirabant,
1691 3502 1853 3555 veriti
1883 3517 1950 3556 ne

369 3584 649 3640 silentium
692 3601 852 3639 suum
901 3586 1173 3641 confessio
1218 3588 1467 3644 criminis
1512 3600 1568 3646 et
1598 3594 1951 3649 conscientia:

368 3686 754 3747 argumentum
787 3678 1106 3734 haberetur.
1139 3680 1208 3737 Ut
1233 3691 1417 3738 autem
1448 3693 1503 3739 et
1528 3683 1761 3742 Cmsaris
1784 3686 1953 3743 bene-

368 3768 691 3836 vclrntiam,
729 3779 784 3824 et
827 3770 1063 3825 aliorum
1112 3772 1381 3846 lacrymas
1423 3785 1479 3831 et
1507 3778 1948 3835 commiseratio-

366 3876 493 3915 nem
519 3861 763 3914 omnium
787 3861 1300 3919 animadverterunt
1325 3883 1338 3918 :
1368 3867 1677 3923 Alexander
1701 3870 1949 3926 oratione

365 3952 433 4006 ad
467 3963 678 4021 patrem
710 3952 983 4017 instituta,
1012 3955 1243 4011 crimina
1267 3957 1433 4030 246
1456 3960 1667 4018 diluere
1694 3977 1945 4030 exorsus,

366 4058 492 4097 cum
521 4042 884 4113 probabiliter
903 4047 1290 4104 disseruisset:
1315 4049 1512 4111 Cazsar.
1540 4054 1633 4123 qui
1661 4066 1788 4109 ante
1808 4072 1946 4125 quo-

366 4152 474 4205 que
517 4136 736 4190 illorum
762 4136 1241 4195 criminationibus
1290 4155 1401 4196 non
1453 4144 1799 4207 credidisset,
1831 4162 1947 4201 ma-

364 4226 448 4295 gis
480 4224 535 4282 in
586 4241 651 4280 ea
693 4227 965 4284 sententia
1019 4229 1398 4296 conﬁrmatus,
1441 4232 1710 4290 Herodem
1765 4237 1945 4291 conti-

363 4326 562 4372 nenter
605 4318 888 4373 intuetur:
929 4335 1094 4390 quem
1141 4337 1268 4376 cum
1299 4331 1355 4377 ct
1395 4323 1574 4393 ipsum
1623 4326 1944 4380 subtristem

364 4418 635 4474 cerneret,
667 4425 733 4465 ac
760 4413 1167 4481 spectatoribus
1207 4415 1594 4480 astuantibus,
1625 4417 1946 4472 adolescen-

365 4501 516 4555 tibus
539 4502 610 4555 ait
639 4519 653 4556 :
695 4501 811 4556 Etsi
842 4518 962 4558 sese
1012 4504 1266 4558 criminis
1293 4506 1519 4561 omnino
1544 4516 1794 4578 expertes
1823 4524 1944 4564 esse

2055 3304 2246 3366 αὑτοῦ,
2273 3306 2366 3359 καὶ.
2390 3308 2472 3369 είς
2517 3305 2740 3379 Ῥώμην
2799 3309 2964 3363 αὑτὸν
3004 3313 3141 3380 μετᾶ
3200 3312 3416 3366 πολλῶν
3448 3311 3639 3381 δώρων

2053 3397 2394 3462 ἀπέστειλεν,
2424 3397 2565 3451 ὥστε
2595 3400 2697 3470 ήδη
2729 3401 2818 3453 ἐπ’
2839 3402 3036 3469 ἐκείνῳ
3053 3401 3231 3456 δοκεῖν
3262 3406 3464 3466 πάντα,
3488 3421 3633 3472 παρ·

2052 3491 2256 3543 εῶσθαι
2318 3491 2365 3544 δ’
2411 3493 2475 3544 ἐκ
2511 3496 2609 3561 τῆς
2668 3494 2845 3563 ἀρχῆς
2889 3496 3203 3549 παντάπασι
3230 3498 3300 3549 τὰ
3348 3499 3633 3568 μειράκια.

2051 3581 2411 3654 ’Λντίπατρος
2443 3583 2501 3636 δὲ
2550 3584 2805 3648 δεδοικὼς
2842 3585 2940 3655 μὴ,
2980 3586 3150 3640 αὐτοῦ
3197 3588 3634 3659 ἐκδημήσαντος,

2053 3674 2469 3746 ἐπιεικέστερος
2506 3677 2587 3739 είς
2629 3678 2755 3740 τοὺς
2816 3680 2879 3731 ὲκ
2910 3679 3146 3749 Μαριὰμ
3184 3682 3409 3751 γένηται
3436 3685 3465 3735 6
3525 3700 3634 3735 παι

2051 3766 2180 3836 τὴρ,
2212 3768 2307 3820 καὶ
2338 3768 2642 3839 ἀποδημῶν
2669 3770 2770 3823 οὐκ
2828 3771 2969 3824 ἀνίει
3027 3773 3269 3843 συνεχῶς
3296 3776 3635 3830 ὲπιστέὶὶων

2051 3857 2197 3910 κατά
2241 3858 2351 3911 τῶν
2404 3858 2651 3928 ἀδελφῶν
2698 3861 2775 3932 τῷ
2832 3863 3026 3934 πατρὶ,
3078 3865 3172 3917 καὶ
3220 3867 3630 3934 προσερεῦίζων

2053 3947 2191 4017 πρὸς
2232 3947 2331 4019 τὴν
2393 3949 2744 4019 δυσμένειαν,
2805 3951 2912 4015 ἕως
2973 3956 3055 4017 είς
3102 3953 3262 4007 τοῦτο
3315 3958 3633 4027 προήγαγεν

2051 4039 2216 4092 αὑτὸν
2240 4043 2323 4104 είς
2349 4041 2410 4094 τὺ
2435 4042 2668 4095 πλεῦσαι
2699 4043 2838 4115 πρὸς
2882 4043 3122 4117 Ῥώμην,
3153 4048 3316 4100 κάκεῖ
3342 4047 3451 4100 τῶν
3507 4050 3626 4102 παίο

2050 4131 2157 4185 δὀν
2206 4137 2535 4203 κατηγορεῖν
2602 4134 2756 4203 παρὰ
2815 4136 3076 4204 Καίσαρι.
3130 4136 3409 4191 ’Δπελθὼν
3465 4139 3512 4193 δ’
3553 4142 3634 4205 εἰς

2060 4218 2284 4290 Ῥώμην
2316 4224 2415 4275 σὺν
2479 4224 2592 4285 τοῖς
2648 4223 2808 4275 παισὶ
2867 4227 3257 4294 παρεστήσατο
3305 4227 3405 4297 μὲν
3435 4228 3634 4291 αὐτοῦς

2048 4313 2126 4382 τῷ
2167 4313 2422 4383 Καίσαρι,
2449 4314 2640 4384 ᾐτιᾶτο
2668 4314 2724 4367 δὲ
2765 4314 2864 4384 τῆς
2896 4316 3175 4381 ἀπονοίας,
3232 4317 3309 4381 ὼς
3355 4318 3446 4371 τὸν
3502 4320 3634 4373 sane

2047 4406 2158 4457 τῶν
2204 4404 2417 4475 πατέρα
2462 4404 2781 4474 μισοῦντες,
2837 4406 2931 4459 καὶ
2993 4406 3431 4477 διαχειρίσασῦαι
3466 4409 3632 4480 μελε-

2048 4496 2260 4558 τῶντας
2313 4498 2497 4560 αὑτὸν,
2561 4500 2656 4551 καὶ
2723 4498 2869 4551 οὕτω
2921 4498 3022 4568 τὴν
3085 4497 3369 4567 βασιλείαν
3420 4500 3630 4554 λαϐεῖν.

360 4597 645 4660 putarent,
678 4598 859 4643 tamen
892 4589 1130 4658 idipsum
1160 4608 1258 4647 eos
1286 4593 1629 4664 delinquere,
1662 4599 1809 4666 quod
1852 4613 1944 4667 pa-

2055 4588 2175 4641 Τῶν
2209 4588 2266 4641 δὲ
2301 4589 2629 4653 νεανίσκων,
2666 4591 2761 4644 καὶ
2826 4591 3081 4655 λέγοντος
3108 4592 3191 4645 ἔτι
3242 4592 3337 4646 τοῦ
3401 4593 3633 4665 πατρὸς,

364 4691 506 4735 trem
535 4696 640 4734 non
671 4681 745 4735 ita
769 4682 1035 4745 colerent,
1063 4699 1131 4737 ne
1152 4686 1277 4754 quis
1304 4685 1371 4741 de
1395 4687 1528 4756 ipsis
1555 4704 1745 4744 rumor
1767 4691 1948 4761 spargi

364 4782 575 4842 posset.
605 4772 875 4827 Herodem
905 4784 1090 4828 autem
1144 4774 1394 4833 hortatus
1423 4788 1528 4841 est,
1563 4789 1622 4834 ut
1652 4783 1800 4836 omni
1854 4799 1950 4838 suo

366 4865 620 4935 spicione
667 4865 899 4933 abjecta,
944 4866 1074 4921 ﬁliis
1119 4871 1591 4926 reconciliaretur.
1639 4873 1771 4928 Nam
1818 4876 1945 4931 talia

363 4966 556 5011 contra
596 4956 805 5011 liberos
851 4957 1101 5022 credere,
1153 4960 1402 5030 iniquum
1454 4978 1595 5017 esse.
1644 4965 1781 5018 Dum
1831 4966 1947 5020 haec

363 5059 571 5113 monet,
611 5048 793 5103 innuit
820 5048 1290 5113 adolescentibus,
1327 5061 1387 5106 ut
1416 5068 1601 5108 coram
1629 5064 1785 5124 patre
1818 5071 1945 5125 pro-

365 5138 650 5193 cumbant.
683 5136 840 5203 Quod
873 5154 997 5192 cum
1029 5139 1287 5194 alacriter
1314 5140 1511 5197 facturi
1537 5154 1743 5210 essent,
1787 5155 1943 5214 pater

362 5231 517 5301 prior
545 5246 643 5285 eos
680 5230 1045 5301 lacrymantes
1076 5233 1357 5297 salutavit,
1398 5243 1453 5288 et
1486 5244 1783 5307 utrumque
1825 5253 1941 5291 am-

362 5320 556 5389 plexus
575 5329 678 5375 est.
707 5322 783 5375 Ac
813 5329 925 5374 tum
956 5322 1148 5391 gratiis
1177 5323 1315 5391 actis
1348 5324 1570 5389 Cmsari,
1600 5342 1705 5381 una
1733 5328 1943 5383 disces»

362 5420 574 5476 serunt,
618 5413 905 5481 Antipatro
936 5413 1102 5467 etiam
1147 5414 1465 5473 comitante.
1502 5417 1594 5485 qui
1628 5433 1686 5472 se
1720 5418 1934 5474 illorum

362 5500 787 5555 reconcilatione
813 5500 1054 5571 gaudere
1094 5502 1406 5557 simulabat.
1455 5504 1726 5560 Postridie
1756 5506 1938 5561 Cmsar

362 5589 566 5643 Herodi
600 5590 837 5645 liberum
866 5590 1014 5653 fecit,
1046 5606 1209 5662 quem
1242 5593 1406 5646 vellet
1444 5610 1473 5647 c
1502 5593 1625 5649 ﬁliis
1655 5610 1937 5652 successo-

358 5696 472 5733 rem
504 5681 812 5751 designare,
848 5693 943 5737 aut
971 5699 1197 5752 regnum
1232 5684 1376 5739 inter
1402 5700 1498 5740 eos
1523 5686 1789 5748 dividere.
1834 5690 1932 5743 sed

356 5781 479 5840 post
526 5773 737 5827 obitum
789 5774 1032 5831 demum.
1078 5776 1213 5830 Nam
1261 5776 1391 5831 dum
1430 5779 1658 5842 viveret.
1718 5796 1843 5835 eum
1877 5794 1933 5837 et

354 5875 585 5931 regnum
618 5873 671 5917 et.
702 5865 1003 5935 jmpcrittnt
1038 5869 1089 5923 ἱί
1129 5868 1268 5923 filius
1304 5880 1489 5925 tenere
1531 5873 1694 5941 jussit
1755 5875 1811 5930 lu
1842 5891 1930 5932 rc-

2050 4680 2262 4750 δάκρυα
2289 4677 2379 4753 ἦν,
2410 4686 2506 4734 καὶ
2538 4682 2692 4745 τέλος
2720 4684 2957 4752 οἰμωγὴ,
2978 4684 3318 4749 δεδοικότων,
3347 4684 3447 4749 ὡς,
3468 4687 3517 4738 si
3550 4703 3632 4738 σι·-

2050 4771 2217 4841 γῷεν,
2264 4773 2510 4837 δόξουσιν
2566 4777 2630 4827 ὲκ
2665 4775 2759 4828 τοῦ
2823 4776 3124 4839 συνειδότος
3181 4775 3309 4845 μηδ⁹
3371 4777 3631 4847 εὐπορεῖν

2049 4866 2371 4933 ἀπολογίας.
2420 4868 2506 4930 Ὡς
2527 4869 2571 4919 δ’
2592 4867 2766 4935 ἔγνων
2790 4869 3081 4938 εὐμένειαν
3126 4871 3283 4939 παρά
3317 4868 3627 4939 Καίσαρος,

2047 4957 2158 5010 τῶν
2191 4958 2236 5010 δ’
2272 4958 2450 5011 ἄλλων
2480 4960 2605 5022 τοὺς
2648 4961 2753 5029 μὲν
2790 4961 3254 5033 συνδακρύοντας,
3300 4960 3630 5027 συναλγοῦν-

2044 5065 2143 5110 τας
2182 5049 2239 5100 δὲ
2280 5049 2548 5113 ἅπαντας,
2575 5052 2602 5103 6
2640 5050 2991 5121 Ἀλέξανδρος
3047 5054 3329 5123 ἐπεχείρει
3383 5052 3630 5107 διαλύειν

2043 5142 2144 5202 τὰς
2179 5142 2381 5206 αἰτίας,
2413 5144 2548 5213 πρὸς
2572 5143 2665 5195 τὸν
2684 5144 2899 5212 πατέρα
2923 5144 3112 5211 λόγους
3144 5144 3487 5215 ποιούμενος.
3515 5144 3627 5198 Καὶ

2043 5232 2422 5302 διαλεχθέντος
2462 5234 2597 5305 πρὸς
2635 5236 2696 5288 τὸ
2718 5236 3161 5306 ὲπαγωγότερον,
3189 5239 3218 5289 6
3246 5237 3465 5306 Καῖσαρ
3499 5236 3626 5290 οὐδὲ

2045 5326 2316 5393 πρότερον
2343 5328 2464 5389 ταῖς
2499 5327 2623 5380 κατ’
2654 5328 2833 5382 αὐτῶν
2872 5328 3147 5382 πιστεύων
3193 5329 3494 5391 διαϐολαῖς,
3541 5328 3623 5382 ἔτι

2046 5413 2280 5484 μάλιστα
2308 5414 2684 5483 ἐξηλλάττετο,
2725 5419 2818 5469 καὶ
2844 5418 3083 5487 συνεχῶς
3109 5420 3189 5481 είς
3219 5417 3312 5471 τὸν
3374 5416 3623 5489 Ἡρώδην

2041 5505 2375 5569 ἀπέϐλεπεν,
2431 5507 2577 5577 ὁρῶν
2630 5512 2884 5562 κάκεῖνον
2940 5510 3479 5580 ύποσυγκεχυμένον,
3526 5510 3621 5562 καὶ

2041 5598 2255 5668 ἠγωνία
2285 5601 2343 5650 τ’..
2370 5598 2621 5668 Θέατρον.
2653 5601 2874 5672 Καῖσαρ
2897 5602 2974 5666 δὲ,
2999 5604 3122 5665 τοὺς
3150 5602 3250 5672 μὲν
3275 5603 3616 5666 νεανίσκους,

2039 5692 2089 5742 εί
2132 5692 2226 5742 καὶ
2254 5690 2361 5743 τῶν
2404 5692 2669 5746 διαϐολῶν
2723 5696 2913 5764 πόρρου
2964 5693 3229 5758 δοκοῦσιν,
3282 5694 3416 5748 αύτῆ
3458 5691 3620 5745 τοῦτο

2038 5782 2307 5851 ἁμαρτεῖν
2329 5780 2457 5852 ἔφη,
2504 5782 2565 5835 τὸ
2622 5783 2697 5855 μὴ
2742 5785 3017 5845 τοιούτους
3058 5786 3285 5849 ἑαυτοὺς
3331 5784 3409 5854 τῷ
3448 5784 3617 5852 πατρὶ

2039 5877 2366 5944 παρασχεῖν,
2408 5874 2482 5939 ὡς
2516 5876 2650 5945 μηδὲ
2680 5877 2930 5945 γενέσθαι
2962 5880 3046 5932 τὶν
3083 5878 3168 5932 ἐπ’
3196 5880 3377 5943 αὐτοῖς
3404 5877 3562 5946 λόγ.ν
3599 5892 3615 5907 ο
