4074 6426
396 416 499 472 ΙιῖΠ
1677 418 2091 481 ANNALIUM
2133 421 2282 480 LIB.
2328 423 2392 479 V.
3561 416 3693 480 438‘

410 520 664 590 Ἡρώδην
703 520 761 574 δέ
797 522 1104 591 παρεκάλει
1152 522 1573 580 διαλλάττεσθαι
1601 533 1718 591 τοῖς
1773 529 1986 591 παισὶν,

2093 530 2210 584 ditu
2249 529 2554 583 Archelaus
2592 528 2885 585 Alexandri
2941 542 3101 583 socer
3142 528 3191 583 ei
3237 529 3381 584 circa
3420 527 3672 586 Ciliciam

398 614 675 681 ἀφελόντα
700 616 883 667 πᾶσαν
911 616 1211 668 ὑπόνοιανο
1249 618 1342 669 καὶ
1378 617 1438 669 τὶ.
1466 618 1635 671 πιστά
1688 618 1798 689 γὰρ
1839 620 1986 688 ἡγεῖ-

2091 623 2361 684 oecurrit,
2393 621 2632 675 [iliorum
2665 621 3172 676 reconciliationem
3209 623 3511 692 gratulans.
3539 623 3672 677 inde

402 706 527 759 c’tat
584 705 758 758 ταῦτα
788 706 930 758 κατὰ
985 707 1095 759 τῶν
1135 708 1344 760 παίδων
1392 710 1454 762 οὐ
1508 709 1720 762 δίκαιον
1778 709 1986 779 ἔκρινε.

2091 714 2147 767 in
2178 712 2422 769 Judmam
2455 728 2736 778 reversus,
2764 712 2972 767 indicto
3003 713 3260 775 concilio,
3305 723 3364 766 ut
3391 713 3445 767 in
3475 713 3673 767 itinere

399 795 637 850 Τοιαῦτα
669 796 1078 867 συμὸουλεύων,
1104 800 1290 853 ἔνευσε
1313 803 1426 862 τοῖς
1452 802 1786 867 νεανίσκοις,
1810 820 1986 873 προσ-

2090 821 2276 860 secum
2322 815 2469 861 esset
2518 814 2726 867 actum,
2754 805 3032 875 exposuit,
3070 804 3485 874 orationemque
3532 804 3674 858 lilio-

397 889 585 940 πεσεῖν
629 887 709 958 τῷ
754 889 953 958 πατρί.
1007 891 1295 944 Κάκείνων
1352 892 1722 963 ὡρμηκότων,
1778 896 1986 967 προλα-

2090 914 2209 953 rum
2259 898 2638 953 admonitione
2692 899 3001 954 conclusit:
3057 898 3260 968 quibus
3298 913 3422 951 cum
3459 897 3676 951 denun-

401 977 515 1029 6t‘ov
539 978 741 1042 αὐτοὺς
776 980 806 1032 ὁ
854 982 1039 1051 πατὴρ
1089 982 1426 1053 δακρύοντας
1464 984 1765 1055 ἠσπάζετο,
1814 989 1986 1056 ἀγκα-

2092 990 2304 1052 tiasset,
2350 1004 2411 1044 se
2458 1006 2686 1058 regnum
2721 989 3029 1059 relinquere
3070 989 3308 1060 primum
3360 990 3674 1058 Antipatro,

400 1069 689 1140 λιζόμενος
720 1074 974 1127 ἕκαστον.
1007 1076 1144 1128 Τότε
1201 1078 1300 1145 μὲν
1339 1076 1432 1131 οῦν
1485 1079 1986 1150 εὐχαριστήσαντες

2093 1081 2296 1136 deinde
2348 1080 2681 1135 Mariamma:
2734 1094 2955 1151 quoque
3014 1080 3177 1146 ﬁliis,
3237 1080 3533 1136 concilium
3593 1080 3715 1135 di-.

401 1162 669 1234 Καίσαρι,
708 1167 830 1234 μετ’
876 1166 1123 1236 ἀλλήλων
1176 1168 1449 1239 ἀπῄεσαν,
1474 1172 1570 1224 καὶ
1630 1172 1986 1244 Ἀντίπατρος
2093 1174 2265 1228 misit.

405 1258 525 1325 μετ’
548 1258 755 1320 αὐτῶν,
780 1261 903 1323 ταῖς
926 1260 1249 1330 διαλλαγαῖς
1276 1262 1713 1336 ὑποκρινόμενος
1733 1266 1984 1337 ἥδεσθαι.
2027 1267 2108 1336 Τῇ
2179 1269 2224 1319 δ’
2290 1267 2562 1338 ὑστεραίᾳ
2598 1268 2727 1338 περὶ
2756 1268 2856 1337 τῆς
2889 1267 3172 1338 βασιλείας
3213 1267 3290 1338 τῷ
3333 1267 3546 1338 Ἡρώδῃ
3577 1265 3676 1335 τὴν

401 1350 655 1418 ἐξουσίαν
684 1355 901 1425 ἀφῆκεν
952 1359 980 1431 6
1033 1359 1275 1431 Καῖσαρ,
1308 1359 1368 1412 ὃν
1396 1360 1464 1413 ἂν
1490 1362 1706 1433 αἱροῖτο
1750 1361 1863 1415 τῶν
1911 1362 2143 1429 παίδων,
2180 1361 2427 1433 διάδοχον
2492 1358 2818 1433 καθιστᾷνῆ
2858 1364 2953 1416 καὶ¹
2984 1363 3269 1434 διανέμειν
3329 1362 3503 1416 ἅπασι
3540 1358 3686 1414 ταῦ-ι,

400 1461 523 1515 την,
559 1449 702 1517 μετά
751 1451 989 1506 θάνατον
1023 1455 1228 1524 μέντοι,
1257 1455 1432 1509 Ζῶντι
1457 1455 1516 1510 δέ
1551 1457 1653 1510 οὐκ
1709 1457 1982 1528 ἐπέτρεπε
2019 1457 2120 1528 τὴν
2184 1457 2474 1527 διανομὴν,
2504 1456 2642 1510 ἀλλά
2707 1457 2800 1510 καὶ
2837 1457 2946 1511 τῶν
3007 1457 3214 1510 παίδων
3265 1455 3459 1527 ἤθελεν
3512 1453 3687 1509 αὐτὸν

399 1544 620 1612 καὶτῆς
648 1546 931 1616 βασιλείας
960 1551 1207 1619 κρατεῖν.
1249 1551 1563 1607 Ἐπανιόντι
1615 1553 1674 1607 δέ
1728 1553 1861 1625 περλ⁸
1917 1552 2197 1611 Κιλικίαν,
2269 1553 2561 1623 ’Δρχέλαος
2611 1553 2640 1602 6
2702 1551 2964 1624 πενθερὸς
3026 1550 3382 1620 Ἀλεξάνδρου
3436 1549 3676 1620 συναντᾷ

400 1640 482 1711 τῷ
530 1639 766 1715 Ἡρώδῃ,
798 1641 1163 1712 συνηδόμενος
1193 1644 1288 1699 ἐπὶ
1313 1646 1436 1709 ταῖς
1488 1647 1601 1700 τῶν
1662 1645 1873 1700 παίδων
1925 1644 2265 1713 διαλλαγαῖς.
2305 1645 2594 1699 Ἐντεῦθεν
2629 1644 2902 1716 Ἡρώδης,
2930 1644 3025 1698 ἐπὶ
3050 1644 3151 1714 τὴν
3188 1642 3446 1698 Ἰουδαίαν
3476 1640 3672 1704 ἐλθὼν,

399 1734 496 1787 καὶ
526 1734 855 1803 συναγαγὼν
889 1735 1210 1806 ἐκκλησίαν.
1241 1736 1312 1791 τὰ
1343 1739 1488 1792 κατά
1526 1738 1627 1809 τὴν
1675 1737 1987 1810 ἀποδημίαν
2020 1738 2168 1809 αὐτῷ
2215 1739 2581 1809 πεπραγμένα
2654 1739 2911 1808 διηγεῖτο,
2954 1737 3050 1793 καὶ.
3093 1737 3185 1792 ἐπὶ
3256 1736 3509 1808 νουθεσίᾳ
3562 1736 3672 1791 τῶν

401 1825 606 1882 παίδων
623 1828 715 1881 τὸν
742 1826 902 1895 λόγον
931 1828 1293 1901 κατέστρεψε,
1313 1832 1409 1885 καὶ
1441 1834 1557 1897 τοῖς
1595 1832 1733 1896 υἱοῖς
1755 1833 1985 1903 προεῖπε
2026 1831 2128 1897 τὴν
2162 1829 2444 1900 βασιλείαν
2507 1831 2950 1903 καταλιμπάνειν
2970 1871 2987 1895 ,
3056 1829 3271 1902 πρώτῳ,
3319 1829 3418 1900 μὲν
3493 1830 3671 1884 Ἀντι-

399 1921 617 1992 πάτρῳ,
652 1918 772 1975 εἶτα
807 1924 899 1977 καὶ
928 1923 1041 1986 τοῖς
1068 1925 1132 1977 ἐκ
1156 1923 1409 1996 Μαριάμ.
1450 1924 1636 1978 Ταῦτα
1658 1923 1847 1990 εἰπὼν,
1881 1925 1972 1978 τὸν
2005 1922 2264 1989 σύλλογον
2286 1923 2596 1981 διελύσατο.

472 2019 581 2074 ΙΘ’.
608 2020 857 2091 ’Υπῆρχε
879 2019 937 2073 δὲ
961 2022 1060 2091 τὴν
1084 2020 1312 2091 γνώμην
1341 2022 1477 2094 πρὸς
1508 2022 1608 2092 μὲν
1639 2023 1767 2087 τοὺς
1792 2022 1986 2087 ἄλλους

2158 2021 2304 2077 XIX.
2340 2022 2466 2077 Fuit
2514 2020 2761 2077 llerodcs
2787 2038 2914 2091 erga
2962 2021 3100 2076 alios
3148 2020 3570 2076 liberalissimus
3617 2030 3676 2076 et

403 2111 826 2182 φιλοτιμότατός
848 2128 909 2165 τε
941 2114 1037 2165 καὶ
1077 2112 1598 2185 εὐεργετικὼτατος,
1621 2115 1760 2183 πρὸς
1779 2117 1837 2171 δὲ
1859 2118 1987 2180 τοὺς

398 2206 679 2272 ὑπηκόους
718 2204 965 2277 ἐπαχθής
988 2223 1048 2260 τε
1081 2208 1175 2260 καὶ
1210 2206 1577 2271 ἀδικώτατος,
1614 2210 1753 2279 πρὸς
1776 2208 1832 2264 δὲ
1858 2211 1982 2274 τοὺς

397 2295 639 2359 οίκείους
667 2297 763 2350 καὶ
802 2296 992 2367 φίλους
1045 2298 1316 2372 κολαστὴς
1367 2301 1768 2370 ἀπαραίτητος.
1837 2300 1902 2355 Ἦ
1928 2301 1986 2356 δὲ

398 2388 553 2442 αίτία
580 2388 795 2442 τούτων
822 2389 1094 2459 ψιλοδοξία
1123 2393 1218 2447 καὶ
1239 2393 1522 2464 φιλαρχία.
1570 2393 1710 2447 Ὑπὸ
1744 2394 1844 2464 μὲν
1874 2394 1985 2464 γὰρ

400 2479 726 2549 φιλοδοξίας,
765 2483 814 2535 εί
853 2483 1076 2554 μνήμης
1109 2483 1302 2556 ἔμελλε
1348 2487 1639 2556 τυγχάνειν
1684 2486 1985 2560 εἰσαῦθιςῆ

401 2573 681 2645 εὐφημίας
723 2576 866 2630 κατά
893 2578 956 2632 τὸ
1007 2581 1246 2645 ἐνεστδς,
1282 2579 1384 2634 οὐκ
1420 2582 1661 2651 ἐφείδετο
1707 2583 1984 2638 δαπανῶν.

398 2665 786 2733 ῐίολυδάπανος
818 2669 863 2724 δ’
902 2669 1000 2734 ὣν,
1040 2672 1287 2745 βαρείαις
1323 2674 1648 2747 είσπράξεσι
1686 2677 1815 2742 τοὺς
1846 2679 1986 2731 ὑπο-

400 2758 780 2829 τεταγμένους
804 2761 1015 2827 ἐπίεζε,
1070 2764 1164 2819 καὶ
1195 2764 1436 2836 χαλεπὸς
1471 2761 1541 2838 ἦν
1580 2766 1785 2833 αὐτοῖς.
1850 2768 1987 2823 Ὑπὸ

397 2850 455 2904 δὲ
503 2853 822 2925 φιλαρχίας,
853 2855 906 2908 εί
944 2856 1088 2911 κατά
1114 2873 1264 2922 τινος
1299 2857 1560 2913 ὑπόνοιαν
1611 2858 1772 2930 ἔσχεν
1837 2861 1986 2930 ἐφίε-

403 2945 526 2999 σθαι
558 2949 658 3017 τῆς
694 2947 895 3018 ἀρχῆς,
932 2948 966 3019 ἦ
1002 2966 1054 3003 τι
1103 2948 1234 3020 ἰτιιρλ⁸
1288 2951 1461 3022 αὐτὴν
1503 2955 1855 3022 παρακινεῖν,
1896 2955 1987 3009 ἴσα

399 3038 688 3108 πολεμίοις
716 3038 868 3108 αὐτῷ
894 3041 1289 3113 προσεφέρετο.
1333 3041 1650 3097 Κάντεῦθεν
1700 3048 1987 3114 συγγενεῖς

400 3146 460 3182 τε
491 3131 586 3183 καὶ
608 3131 799 3199 φίλους
850 3133 1241 3204 ἐτιμωρήσατο
1291 3135 1550 3205 ἀφειδῶς,
1609 3137 1769 3209 μόνος
1815 3136 1986 3191 θέλων

397 3222 746 3291 τετιμῆσθαι.
779 3224 1094 3295 Τεκμήριον
1124 3225 1180 3279 δέ
1208 3225 1303 3279 τοῦ
1347 3227 1614 3282 πάντοθεν
1648 3230 1988 3301 χρηματίζε-

401 3313 526 3367 σθαι
549 3312 727 3368 θέλειν
763 3316 852 3370 διὰ
905 3317 967 3369 τὸ
1005 3315 1407 3384 πολυδάπανον,
1444 3321 1552 3384 ὅτι,
1599 3323 1855 3394 ἀκηκοὼς
1909 3324 1987 3388 ὡς

413 3400 685 3472 ’Υρκανίς
720 3407 750 3459 6
781 3407 886 3478 πρὸ
943 3406 1109 3460 αὑτοῦ
1143 3382 1495 3478 βασιλεύσας,
1526 3382 1744 3476 ἀνοίξαις
1776 3382 1865 3466 τὸν
1890 3382 1985 3468 τάζ
2013 3382 2058 3440 c‘

399 3511 500 3564 φον
532 3496 719 3561 Δασὶδ,
755 3498 1024 3569 ἀργυρίου
1059 3498 1218 3553 λάϐοι
1253 3500 1496 3557 τάλαντα
1550 3505 1850 3574 τρισχίλια,
1889 3525 1985 3560 νυ-

400 3585 528 3648 κτὸς
554 3586 778 3652 ἀνοίξας
798 3589 899 3641 τὸν
915 3589 1086 3656 τάφον
1110 3590 1446 3663 είσέρχεται,
1478 3594 1606 3656 τοὺς
1625 3596 1985 3661 πιστοτάτους

396 3677 507 3731 τῶν
535 3677 706 3748 φίλων
727 3680 1106 3751 παρειληφὼς,
1144 3682 1212 3736 ἵν’
1239 3683 1545 3754 ἀνέκφορον
1567 3685 1652 3756 εἴη
1680 3687 1740 3739 τὸ
1772 3686 1982 3757 δρώμεο

397 3786 514 3826 νον.
546 3770 658 3825 Καὶ
682 3773 942 3843 χρήματα
973 3772 1072 3842 μὲν
1104 3774 1205 3845 οὐχ
1243 3768 1426 3843 εὗρεν,
1483 3776 1727 3847 ἀργύρια
1754 3777 1980 3849 δηλαδὴ,

399 3862 606 3931 κόσμον
644 3862 702 3916 δὲ
743 3863 914 3918 πολὺν
949 3864 1255 3935 κειμηλίων
1310 3866 1554 3937 χρυσῶν,
1615 3866 1680 3919 δν
1740 3869 1983 3922 ἀνείλετο

399 3953 600 4010 πάντα.
637 3956 943 4011 Ἕσπευδεν
971 3957 1067 4011 οῦν
1105 3959 1200 4012 καὶ
1261 3958 1529 4031 ἐνδοτέρω
1578 3963 1776 4031 χωρεῖν
1838 3962 1984 4018 κατά

398 4047 499 4109 τὰς
527 4046 725 4116 θήκας,
758 4049 818 4102 ἐν
848 4043 939 4113 αῖς
973 4049 1084 4102 τῶν
1120 4048 1392 4120 βασιλέων
1429 4050 1594 4104 ΔαϐὶΞ
1657 4055 1750 4105 καὶ
1813 4055 1980 4106 Σαλο-

401 4138 614 4208 μῶντος
658 4140 729 4194 τά
755 4140 984 4210 σώματα
1031 4140 1450 4211 τεθησαύριστο.
1517 4144 1605 4206 Ὡς
1649 4144 1707 4197 δέ
1730 4145 1984 4208 ἐϐιάζετο

396 4230 654 4297 είσιέναι,
687 4230 783 4285 δύο
817 4232 917 4302 μὲν
937 4232 1088 4304 αὐτῷ
1119 4232 1229 4285 τῶν
1272 4233 1591 4303 δορυφόρων
1639 4234 1980 4306 ἐφ’άρησαν,

397 4321 598 4389 φλογὸς
649 4321 863 4375 ἔνδοθεν
898 4322 1318 4393 ἀπαντησάσης,
1381 4322 1456 4386 ὡς
1515 4324 1694 4392 λόγος,
1751 4325 1935 4390 αὐτοῖς
1963 4342 1978 4356 ·

402 4416 570 4479 αὐτὸς
600 4415 658 4469 δέ
692 4417 948 4487 περιδεὴς
981 4416 1152 4488 ἐξῄει,
1209 4415 1305 4470 καὶ
1344 4416 1433 4469 διὰ
1485 4416 1585 4488 τὴν
1633 4419 1981 4489 ἐπιχείρησιν

397 4509 584 4579 χεῖρον
615 4506 760 4578 ἔχειν
789 4508 968 4562 ἐδόκει
1006 4509 1073 4561 τὰ
1107 4507 1253 4561 κατά
1283 4508 1385 4579 τὴν
1422 4509 1604 4562 οίκίαν
1642 4510 1815 4581 αὐτῷ.
1853 4510 1981 4581 Ἐμ-

400 4599 577 4671 φυλίῳ
609 4600 716 4671 γὰρ
748 4597 915 4670 ἐῴκει
962 4598 1190 4670 πολέμῳ
1235 4601 1305 4653 τά
1359 4599 1502 4654 κατὰ
1540 4600 1640 4671 τὴν
1676 4600 1845 4670 αὐλὴν
1880 4603 1980 4673 τὴν

2088 2114 2651 2176 beneﬁcentissimus,
2698 2113 2938 2168 subditis
2974 2129 3104 2167 vero
3133 2113 3314 2184 gravis
3348 2123 3404 2167 et
3437 2113 3673 2183 iniquis-

2072 2207 2281 2287 qsimus.
2317 2215 2677 2278 cognatorum
2723 2215 2780 2261 et
2812 2207 3113 2262 amicorum
3159 2207 3383 2275 punitor
3424 2206 3676 2261 inexora-

2088 2299 2237 2355 bilis.
2290 2298 2349 2353 ln
2396 2313 2560 2353 causa
2611 2297 2713 2352 fuit
2766 2297 2954 2368 κίοι-ἰιι
3000 2298 3328 2368 imperiique
3375 2299 3670 2367 cupiditas.

2087 2393 2222 2449 Nam
2270 2391 2457 2463 gloria:
2504 2391 2678 2461 gratia
2727 2392 2770 2445 si
2822 2391 2908 2446 vel
2942 2390 3279 2461 posteritatis
3323 2390 3670 2451 memoriam.

2087 2484 2174 2539 vel
2204 2483 2258 2538 in
2296 2482 2591 2554 praesentia
2627 2481 2868 2537 nominis
2913 2481 3292 2537 celebritatem
3339 2491 3674 2537 consecutu-

2090 2593 2184 2633 rus
2227 2586 2395 2635 esset.
2447 2575 2617 2631 nullis
2669 2576 2932 2646 parcebat
2986 2574 3296 2644 impensis:
3353 2590 3492 2644 quas
3546 2591 3671 2628 cuin

2090 2670 2290 2723 multas
2323 2668 2655 2738 requireret,
2704 2668 2963 2738 gravibus
3005 2666 3384 2722 exactionibus
3419 2667 3674 2722 subditos

2088 2777 2215 2818 cum
2259 2761 2469 2817 saevitia
2505 2759 2792 2815 onerabat.
2837 2759 3057 2829 imperii
3109 2774 3277 2829 porro
3307 2758 3584 2828 cupiditas
3615 2759 3668 2812 in

2089 2870 2255 2910 causa
2286 2862 2425 2918 erat,
2460 2862 2518 2908 ut
2546 2854 2592 2907 si
2624 2868 2786 2922 quam
2812 2860 3001 2907 contra
3032 2850 3270 2920 aliquem
3299 2851 3670 2920 suSpiciouem

2089 2946 2243 3017 regni
2295 2944 2535 3000 aﬂ'ectati
2587 2954 2682 2999 aut
2730 2943 2896 2999 studii
2946 2958 3209 2998 novarum
3252 2958 3440 2997 rerum
3471 2957 3674 2998 conce-

2090 3039 2282 3109 pisset,
2325 3052 2453 3092 eum
2504 3051 2605 3106 pro
2656 3035 2815 3090 hoste
2872 3034 3251 3090 ulcisceretur.
3303 3033 3489 3102 itaque
3545 3047 3671 3087 cum

2089 3132 2241 3188 solus
2266 3129 2528 3184 honorari
2563 3128 2751 3191 vellet,
2786 3136 3048 3197 cognatos
3069 3136 3126 3181 et
3146 3125 3675 3180 amicos-inclemen-

2090 3234 2174 3280 ter
2200 3223 2485 3294 suppliciis
2514 3221 2789 3277 alliciebat
2844 3220 3004 3292 247
3028 3220 3160 3291 Ejus
3179 3238 3226 3274 ιι·
3248 3218 3426 3274 aritia:
3448 3235 3515 3274 ex
3541 3233 3674 3289 pro-

2090 3315 2404 3371 fusionibus
2452 3323 2587 3369 orta:
2618 3312 2755 3369 illud
2785 3321 3170 3383 argumentum
3221 3320 3327 3376 est,
3368 3312 3512 3380 quod
3546 3327 3686 3365 cum:

2092 3407 2337 3462 audisset
2381 3404 2695 3478 Hyrcanum
2730 3404 3079 3459 decessorem
3109 3419 3291 3468 suum,
3346 3414 3539 3472 aperto
3569 3405 3677 3458 Da-

2092 3498 2239 3554 vidis
2267 3505 2631 3552 monumento
2665 3495 2766 3549 tria
2796 3495 2964 3549 millia
2999 3495 3263 3549 talentum
3294 3494 3509 3564 argenti
3544 3494 3676 3549 abs—e

2094 3591 2323 3647 tulisse:
2367 3600 2533 3645 noctu
2584 3587 2867 3643 ﬁdissimis
2918 3589 3223 3643 amicorum
3267 3586 3555 3648 abbibitis.
3602 3603 3675 3643 ne

2097 3699 2186 3739 res
2215 3685 2536 3745 ellerretur,
2588 3682 2734 3735 idem
2785 3689 3205 3735 monumentum
3249 3679 3447 3748 aperit,
3490 3680 3673 3749 ingre-

2093 3776 2246 3830 ditur
2270 3818 2285 3842 ,
2322 3790 2384 3829 ac
2414 3783 2699 3844 argentum
2731 3772 2978 3843 quidem,
3017 3781 3076 3826 ut
3102 3771 3403 3844 Hyrcanus,
3444 3788 3554 3826 non
3593 3788 3678 3825 rc-

2094 3869 2254 3939 perit,
2278 3867 2373 3922 sed
2399 3867 2629 3921 multum
2652 3864 2807 3919 aurei
2847 3876 3096 3930 ornatus,
3124 3880 3235 3935 quo
3259 3865 3405 3920 omni
3433 3865 3673 3927 sublato,

2093 3959 2161 4013 ad
2194 3959 2360 4013 cellas
2396 3956 2713 4023 interiores,
2759 3956 2959 4026 quibus
3014 3957 3237 4011 Davidis
3279 3966 3335 4010 et
3368 3956 3678 4011 Salomonis

2092 4064 2284 4120 regum
2318 4050 2585 4103 cadavera
2619 4048 2841 4102 condita
2869 4058 3049 4111 erant,
3083 4056 3361 4116 properat.
3391 4047 3511 4112 Quo
3541 4048 3673 4102 dum

2094 4152 2388 4214 penetrare
2413 4141 2720 4204 contendit,
2757 4141 2867 4195 duo
2896 4142 3016 4212 ejus
3059 4140 3321 4196 satellites
3368 4141 3673 4210 perierunt,

2094 4237 2344 4299 ﬂamma,
2400 4244 2460 4289 ut
2512 4235 2692 4291 fertur
2719 4275 2734 4295 ,
2779 4242 3148 4304 erumpente:
3192 4234 3308 4304 ipse
3348 4234 3676 4303 perterritus

2095 4328 2371 4387 discessit.
2400 4337 2567 4397 atque
2615 4326 2687 4381 ob
2717 4327 2775 4381 id
2821 4327 3034 4381 facinus
3081 4341 3171 4380 res
3208 4326 3328 4397 ejus
3358 4325 3677 4380 domestica:

2094 4420 2348 4475 laborare
2380 4419 2729 4474 videbantur.
2768 4419 2902 4473 Nam
2955 4434 3076 4488 quae
3117 4418 3169 4471 in
3221 4419 3365 4488 regia
3402 4418 3675 4488 gerebano

2094 4521 2204 4577 tur,
2235 4511 2365 4566 belli
2395 4511 2572 4566 civilis
2600 4510 2793 4565 faciem
2823 4526 2935 4580 prae
2978 4524 3039 4565 se
3079 4509 3349 4565 ferebant.
3386 4510 3676 4579 Antipater

2092 4605 2243 4662 enim
2276 4605 2442 4659 homo
2469 4603 2703 4659 callidus
2744 4604 2948 4659 bellum
2983 4602 3293 4659 instruebat
3339 4611 3531 4658 contra
3561 4603 3674 4658 l‘ra-

403 4690 716 4761 βασιλικήν.
771 4691 1133 4762 Ἐστρατὴγει
1160 4691 1217 4744 δὲ
1243 4693 1333 4746 ἀεὶ
1362 4692 1506 4746 κατὰ
1529 4692 1638 4745 τῶν
1665 4692 1914 4762 ἀδελφῶν
1953 4695 1981 4747 ὁ

2094 4707 2239 4753 tres:
2281 4713 2420 4768 quos
2461 4712 2586 4751 cum
2637 4711 2735 4766 per
2778 4696 2915 4750 alios
2967 4695 3377 4758 criminaretur,
3426 4693 3544 4760 ipse
3573 4695 3674 4750 ali-

411 4783 791 4854 Ἀντίπατρος,
819 4783 993 4847 δεινὸς
1031 4783 1129 4846 ὢν,
1156 4784 1224 4863 δι’
1251 4784 1430 4839 ἄλλων
1460 4787 1562 4855 μὲν
1587 4785 1788 4848 αὐτοὺς
1825 4803 1984 4854 περι-

400 4875 616 4930 ϐάλλων
640 4877 880 4941 αἰτίαις,
917 4878 1080 4941 αὐτὸς
1115 4878 1172 4932 δὲ
1218 4879 1480 4942 πολλάκις
1540 4879 1987 4949 ὑπεραπολογοῦ-

411 4987 595 5040 μενος,
628 4971 744 5036 ἵνα,
778 4971 952 5024 δοκῶν
972 4969 1161 5032 εὔνους
1191 4970 1776 5036 ἐκείνοις,άνύποπτος
1796 4972 1880 5042 εἴη
1911 4971 1987 5042 τῷ

401 5064 575 5132 πατρὶ
609 5064 748 5135 πρὸς
781 5063 879 5126 τὰς
906 5064 1273 5134 ἐγχειρήσεις,
1312 5065 1409 5118 καὶ
1446 5064 1606 5135 μόνος
1646 5065 1744 5132 τῆς
1774 5065 1984 5116 ἐκείνου

401 5157 681 5228 σωτηρίας
715 5159 1025 5229 φροθτίζειν
1056 5159 1210 5230 δοκῇ.
1254 5160 1366 5213 Καὶ
1391 5160 1419 5212 6
1467 5158 1568 5229 μὲν
1600 5159 1668 5211 τὰ
1709 5157 1887 5212 πάντα
1917 5153 1986 5227 ἦν

398 5250 481 5322 τῷ
506 5250 718 5323 πατρί’
747 5253 797 5305 oi
834 5251 891 5305 δὲ
911 5253 975 5305 ἐκ
999 5251 1105 5321 τῆς
1154 5251 1392 5323 Μαριὰμ
1446 5249 1830 5321 χαλεπώτερον
1896 5250 1986 5302 ἀεὶ

401 5345 721 5411 διετίθεντο,
752 5349 850 5401 καί⁸
874 5346 973 5417 τὴν
1019 5346 1248 5416 ἀτιμίαν
1300 5346 1402 5399 οὐκ
1459 5344 1657 5416 ἔφερον
1690 5342 1782 5397 ὑπ’
1827 5342 1987 5410 εὐγε-

402 5437 580 5503 νείας,
608 5439 995 5510 παρεωσμένοι
1028 5441 1124 5492 καὶ
1161 5437 1316 5503 τάξιν
1352 5439 1695 5509 ἀτιμοτέραν
1741 5436 1983 5507 ἔχοντες.

401 5531 476 5585 Δῖ
495 5547 555 5582 τε
589 5532 871 5598 γυναῖκες,
914 5532 948 5601 ὴ
980 5531 1080 5600 μὲν
1114 5530 1453 5599 Ἀλεξάνδρῳ
1483 5528 1807 5583 συνοικοῦσα
1843 5527 1985 5582 Γλα-

2091 4789 2313 4860 quando
2364 4787 2719 4853 defendebat,
2774 4795 2833 4841 ut
2863 4803 2964 4857 per
2996 4786 3396 4843 benevolentire
3428 4787 3669 4856 speciem

2086 4893 2269 4938 amota
2321 4881 2646 4936 insidiarum
2692 4880 3008 4951 suspicione
3059 4888 3270 4950 patrem
3326 4880 3562 4946 falleret,
3613 4889 3671 4937 et

2087 4976 2238 5031 solus
2268 4975 2499 5030 salutem
2531 4975 2650 5043 ejus
2676 4989 2871 5028 curare
2903 4973 3204 5027 videretur.
3227 4972 3305 5027 Ac
3338 4972 3391 5025 in
3421 4988 3488 5027 eo
3524 4971 3670 5039 patri

2089 5077 2246 5124 erant
2286 5067 2512 5131 omnia;
2552 5066 2886 5121 Mariamma:
2930 5082 3063 5121 vero
3116 5065 3211 5120 ﬁlii
3255 5065 3308 5119 iu
3340 5064 3463 5120 dies
3492 5064 3672 5133 magis

2086 5160 2579 5231 exasperabantur,
2642 5158 3020 5231 ignominiam.
3073 5166 3135 5212 ut
3186 5157 3469 5228 generosis
3508 5165 3673 5209 erant

2091 5253 2311 5318 animis,
2342 5268 2451 5305 non
2483 5252 2742 5315 ferentes,
2775 5266 2898 5306 cum
2936 5249 3139 5319 repulsi
3171 5265 3234 5304 ac
3259 5248 3414 5317 quasi
3443 5248 3496 5302 in
3519 5247 3674 5301 ordi-

2090 5358 2217 5398 nem
2267 5342 2440 5397 coacti
2485 5351 2689 5397 esscnt.
2730 5342 2812 5395 Eo
2861 5340 3241 5395 incitabuntur
3283 5339 3352 5392 ab
3401 5337 3669 5394 uxoribus

2088 5435 2278 5490 etiam.
2312 5434 2446 5488 Nam
2508 5430 2806 5486 Alexandri
2851 5431 3052 5500 conjux
3100 5428 3369 5498 Glapbyra
3412 5426 3671 5485 Salomon

2088 5524 2302 5589 oderat,
2332 5523 2404 5579 ob
2434 5523 2556 5593 ejus
2587 5522 2642 5575 in
2687 5521 2947 5575 maritum
2983 5535 3142 5575 suum
3181 5518 3624 5573 malevolentiam
3653 5536 3667 5584 ;

405 5621 556 5691 φῦρα
587 5623 620 5691 ἡ
674 5622 972 5694 Ἀρχελάου
1035 5624 1193 5692 μῖσος
1245 5617 1393 5694 εἶχεν
1426 5624 1503 5686 είς
1558 5621 1659 5692 τὴν
1720 5621 1986 5692 Σαλώμην

2091 5625 2149 5671 et
2177 5614 2248 5670 ob
2281 5614 2443 5668 ﬁliam
2467 5614 2617 5669 illius
2644 5612 2944 5667 Aristobuli
2970 5627 3216 5675 uxorem,
3241 5627 3405 5682 quant
3432 5612 3670 5681 superbe

402 5712 498 5767 δ.ά
522 5730 583 5766 τε
611 5714 710 5783 τὴν
744 5717 882 5785 πρὸς
938 5713 1031 5767 τὸν
1081 5713 1255 5785 ἀνδρα
1306 5714 1569 5780 διάθεσιν,
1611 5713 1706 5767 καλ
1743 5711 1833 5768 διὰ
1887 5712 1986 5784 τὴν

2094 5707 2383 5770 tractabat,
2437 5714 2494 5760 ct
2531 5704 2634 5760 sibi
2671 5704 2935 5775 dignitate
2965 5713 3235 5774 aequatam
3270 5720 3390 5759 esse
3416 5703 3670 5773 indigna-

403 5806 629 5873 ἐκείνης
666 5807 949 5878 θυγατέρα
977 5807 1340 5860 συνοικοῦσαν
1373 5805 1798 5877 Ἀριστοϐούλῳ,
1844 5798 1986 5878 ᾗπερ

2094 5801 2281 5857 batur.
2306 5799 2583 5854 Pberoras
2601 5813 2821 5868 quoque
2847 5797 3016 5852 frater
3043 5797 3096 5851 iu
3121 5798 3264 5866 regis
3298 5796 3669 5867 suspicionem

410 5898 789 5971 ὑπερηφάνως
820 5901 1198 5973 προσεφέρετο
1221 5901 1255 5969 ἠ
1287 5898 1568 5968 Γλαφύρα,
1622 5899 1717 5955 καὶ
1744 5898 1845 5969 τὴν
1876 5901 1990 5953 tuo.

2098 5905 2154 5953 et
2192 5892 2381 5950 odium
2416 5892 2590 5960 veni,
2624 5891 2730 5947 hoc
2766 5890 2949 5948 modo.
2975 5890 3110 5947 Cum
3146 5891 3197 5946 ei
3256 5892 3402 5961 regis
3432 5891 3539 5944 ﬁiia
3574 5889 3673 5944 dc-
