4074 6392
448 388 556 449 4'39

1716 383 2052 444 JOANNIS
2091 383 2425 445 ZONABA'.

3626 391 3733 454 ΗΟ

450 512 650 568 sponsa
677 505 840 557 esset,
890 495 1178 549 mulierem
1209 494 1466 549 ancillam
1493 493 1690 549 insano
1723 510 1914 549 amore
1942 495 2039 549 de-

2152 498 2333 555 τιμίαν
2364 498 2533 569 αὐτῆς
2560 493 2945 564 ἀνηξιοπάθει.
2991 496 3192 565 Γέγονε
3225 497 3283 552 δέ
3332 515 3417 563 τις
3448 499 3731 569 summ.

451 589 689 660 peribat,
741 589 1104 659 neglectaque
1150 588 1404 658 conjuge,
1459 602 1632 641 serva:
1692 586 2037 656 amplexibus

451 682 793 752 indulgebat.
823 682 881 736 1d
914 680 1158 736 Ilert‘ules
1186 696 1329 750 aegre
1381 680 1587 745 ferens,
1626 680 1862 748 puellam
1898 680 2038 734 Pba-

449 775 581 830 ειειί
616 775 729 830 lilio
753 775 934 846 jungit
980 792 994 830 :
1032 773 1128 831 sed
1152 773 1434 841 aliquanto
1465 780 1587 841 post
1623 781 1734 825 tum
1762 771 1832 825 de
1854 770 2036 835 priore

451 866 654 921 delicto
678 866 1009 936 expostulat.
1037 874 1151 920 tum
1205 875 1265 920 ut
1292 865 1520 919 alteram
1556 862 1720 917 tiliam
1746 863 1913 917 ducat
1934 877 2035 931 po-

451 956 640 1020 stulat,
670 956 884 1011 ancile
905 971 1148 1009 amorem
1179 956 1293 1026 jam
1340 952 1681 1008 deferbnisse
1730 962 1903 1007 ratus.
1937 952 2035 1007 llle

450 1044 651 1101 ancilla
675 1053 733 1100 et
766 1059 941 1114 puero
971 1060 1037 1099 ex
1065 1060 1128 1099 ea
1167 1054 1297 1099 nato
1316 1043 1582 1105 dimissis,
1606 1058 1666 1097 se
1699 1042 1843 1111 regis
1868 1040 2034 1095 ﬁliam

451 1137 519 1192 ad
553 1136 699 1191 diem
726 1137 1066 1192 tricesimum
1088 1138 1384 1190 ducturum
1414 1134 1727 1205 pollicetur.
1754 1132 1874 1200 Quo
1897 1140 2037 1187 tem-

450 1244 586 1298 pore
613 1228 823 1298 elapso,
880 1236 1069 1282 tantus
1099 1228 1222 1293 ejus
1250 1227 1457 1281 amoris
1494 1225 1665 1280 ardor
1697 1241 1826 1295 erga
1857 1224 2034 1279 ancil-

448 1318 559 1372 lam
594 1317 716 1381 fuit,
747 1328 808 1373 ut
838 1322 1014 1388 pactis
1041 1316 1329 1372 conventis
1361 1316 1648 1386 neglectis,
1684 1314 1738 1369 in
1768 1314 2035 1369 adamatte

450 1408 793 1463 mtdierculte
815 1408 1024 1478 stupris
1048 1408 1407 1462 volutaretur.
1442 1407 1497 1461 Id
1525 1405 1759 1461 llerodis
1789 1405 2032 1461 furorem

449 1500 743 1555 accendit:
793 1515 859 1554 ac
907 1499 1145 1555 subinde
1199 1498 1326 1553 novi
1374 1497 1584 1570 aliquid
1626 1506 1881 1553 exortum
1925 1504 2032 1562 est,

449 1594 596 1663 quod
629 1593 795 1668 248
823 1610 948 1651 eum
983 1595 1228 1664 quietum
1273 1609 1397 1648 esse
1441 1609 1552 1647 nun
1607 1601 1913 1663 pateretur.
1951 1591 2031 1646 Ad

449 1688 566 1743 haec
610 1687 827 1743 Salome
857 1687 979 1741 [iliis
1007 1687 1360 1741 Mariammes
1386 1685 1621 1765 infesta,‘
1659 1684 1781 1738 blize
1811 1699 2033 1754 quoque

448 1792 565 1832 sua!
593 1776 913 1833 Aristobulo
960 1787 1144 1846 nupta:
1188 1777 1383 1842 suasit,
1438 1792 1506 1830 ne
1539 1774 1737 1828 marito
1765 1774 1906 1830 bene
1935 1790 2033 1827 cu-

2145 589 2243 643 καὶ
2276 590 2366 643 τὸν
2396 589 2490 643 τοῦ
2529 589 2797 659 βασιλέως
2827 588 3062 657 ἀδελφὸν
3092 590 3356 663 1Ιιερώραν
3389 594 3473 657 είς
3494 594 3733 667 ὑποψίαν

2145 684 2241 734 καὶ
2272 684 2429 751 μῖσος
2460 680 2539 752 τῷ
2591 680 2810 751 ἀδελφῷ
2862 681 3128 751 φέρουσα.
3190 684 3572 757 Κατηγγυήθη
3634 690 3733 758 μὲν

2144 772 2255 842 γάρ
2296 772 2444 842 αὑτῷ
2476 773 2508 843 ἡ
2542 771 2637 825 τοῦ
2681 771 2946 841 βασιλέως
2981 773 3266 844 θυγάτηρο
3293 777 3322 829 ὁ
3344 776 3426 843 δὲ,
3447 776 3732 832 δουλευού-

2145 874 2244 932 σης
2279 862 2429 932 αύτῷ
2454 862 2717 929 γυναικὸς
2753 862 3089 932 ἡττώμενος,
3120 864 3214 916 καὶ
3255 866 3586 935 περιμανῶς
3636 867 3731 922 τοῦ

2143 955 2369 1022 γυναίου
2400 953 2564 1023 ἐρῶν,
2594 957 2660 1025 τῇ
2693 955 2793 1024 μὲν
2812 954 2907 1008 τοῦ
2944 954 3183 1024 ἀδελφοῦ
3214 955 3448 1027 θυγατρὶ
3470 957 3532 1010 οὔ
3557 975 3732 1029 προσ-

2143 1047 2279 1115 εῖχε,
2346 1049 2414 1116 τῇ
2435 1046 2493 1099 δὲ
2524 1046 2687 1117 δούλῃ
2720 1047 3077 1117 προσέκειτο.
3117 1048 3356 1117 Ἥχθετο
3381 1049 3438 1102 δὲ
3462 1049 3550 1103 διά
3571 1052 3735 1104 τοῦτο

2154 1136 2422 1206 Ἡρώδης,
2441 1138 2539 1190 καὶ
2555 1137 2652 1205 τὴν
2675 1137 2776 1206 μὲν
2806 1139 2975 1207 κόρην
2997 1138 3098 1207 υίῷ
3114 1140 3403 1208 Φασαήλου
3433 1140 3695 1209 ζεύγνυσι
3712 1159 3731 1177 ο

2140 1227 2339 1297 χρόνου
2388 1227 2446 1281 δι
2479 1228 2800 1291 διελθόντος,
2840 1206 2971 1298 περί
3009 1206 3210 1283 τετῶν
3268 1206 3503 1300 πρώτων
3540 1206 3732 1305 ᾐτιᾶτο

2140 1317 2233 1371 τδν
2260 1318 2512 1386 ἀδελφὸν,
2534 1318 2632 1371 καὶ
2649 1317 2747 1388 τὴν
2773 1318 3040 1389 δευτέραν
3057 1320 3212 1385 ἠξίου
3235 1320 3558 1392 λαμϐάνειν,
3582 1339 3733 1395 παρο

2140 1410 2454 1482 ηκμακέναι
2535 1411 2638 1481 ἤδη
2706 1410 2860 1480 αὐτῷ
2924 1412 3175 1481 οἰόμενος
3232 1415 3333 1479 τῆς
3393 1414 3592 1486 δούλης
3638 1417 3733 1470 τὸν

2141 1502 2345 1572 ἔρωτα.
2418 1503 2480 1555 '0
2507 1501 2688 1573 δὲτὴν
2715 1502 2814 1572 μὲν
2852 1502 3049 1571 δούλην
3098 1506 3194 1559 καὶ
3254 1506 3421 1560 παῖδα
3458 1507 3518 1574 ἐξ
3563 1507 3734 1574 αὐτῆς

2143 1598 2289 1665 σχῒν
2318 1594 2734 1666 ἀποπέμπεται,
2775 1595 2875 1667 τὴν
2900 1596 2962 1648 δὲ
3018 1596 3113 1650 τοῦ
3152 1596 3420 1666 βασιλέως
3453 1597 3731 1670 θυγατέρα

2145 1687 2286 1755 μετὰ
2312 1690 2641 1758 τριακοσιὴν
2686 1690 2905 1759 ἡμέραν
2938 1690 3199 1743 κατέθετο
3228 1692 3520 1763 λήψεσθαι.
3570 1696 3732 1749 Διελ-

2142 1778 2345 1851 θούσης
2368 1781 2422 1834 δὲ
2447 1780 2549 1851 τῆς
2594 1782 2961 1853 προθεσμίας,
2986 1782 3243 1836 τοσοῦτον
3301 1785 3439 1851 πρὸς
3486 1785 3579 1837 τὸν
3631 1786 3735 1853 τῆς

450 1877 630 1938 peret,
668 1868 765 1922 sed
794 1868 838 1922 si
863 1868 992 1937 quid
1026 1868 1213 1923 arcani
1245 1868 1587 1935 loqueretur.
1614 1866 1665 1920 id
1692 1866 1799 1920 sibi
1827 1881 2036 1920 renun-

2152 1871 2337 1942 δούλης
2370 1872 2548 1942 ἔρωτα
2585 1851 2879 1947 ἐμεμήνει,
2908 1875 2986 1938 di;
3018 1875 3287 1944 ἀθετῆσαι
3328 1876 3398 1929 τά
3442 1851 3734 1949 ὡμολογη-

452 1961 638 2014 tiaret.
692 1961 768 2015 Ea
814 1976 947 2015 vero
980 1960 1222 2022 dicebat.
1277 1959 1660 2014 adolescentes
1717 1958 2038 2014 meminisse

453 2053 669 2116 matris,
721 2061 933 2121 patrem
974 2052 1195 2107 odisse:
1238 2051 1482 2107 minitari
1528 2066 1586 2105 se
1621 2065 1790 2120 regno
1835 2049 2041 2120 potitos

453 2142 691 2197 Herodis
721 2144 929 2199 liberos
961 2159 1030 2198 ex
1063 2143 1185 2199 aliis
1218 2142 1546 2197 mulieribus
1581 2151 1765 2206 natos,
1797 2156 2039 2212 paganos

452 2236 665 2290 scribas
690 2236 1004 2298 ellecturos.
1039 2247 1098 2292 ut
1128 2253 1195 2292 ne
1221 2237 1392 2292 solem
1412 2235 1635 2307 quidem
1668 2237 2037 2290 intuerentur.

452 2326 586 2393 Quae
636 2342 763 2382 cum
816 2344 907 2382 rex
950 2344 1018 2383 ex
1066 2328 1491 2399 improbissimze
1546 2327 1777 2382 Saloma:
1828 2325 2039 2379 indicio

452 2430 830 2489 cngnOSt-eret,
878 2422 1132 2476 dolenter
1178 2422 1409 2479 ferebat.
1455 2435 1520 2476 ac
1569 2420 1850 2488 corrigere
1880 2434 2039 2473 cona-

452 2512 639 2578 batur,
666 2515 963 2584 auditaque
1009 2514 1249 2569 ﬁliorum
1291 2513 1615 2569 defensione
1649 2493 2036 2582 mitigabatur.

2146 1964 2308 2033 μένα,
2357 1966 2425 2036 τῇ
2478 1965 2533 2018 δὲ
2577 1968 2823 2039 προτέρα
2891 1966 3353 2039 σνμψθείρεσθαι.
3398 1968 3588 2024 Ταῦτα
3638 1971 3735 2022 τὸν

2159 2055 2409 2126 Ἡρώδην
2441 2057 2702 2126 ὲξέμαινε
2728 2076 2741 2089 ·
2775 2058 2871 2112 καὶ
2905 2060 2990 2118 ἀεὶ
3018 2060 3074 2112 δέ
3125 2077 3177 2113 τι
3235 2060 3421 2115 καινὸν
3488 2064 3735 2131 προσπῖο

2145 2162 2297 2207 πτον,
2319 2148 2583 2218 ἀτρεμεῖν
2639 2147 2806 2201 αὐτὸν
2853 2148 2957 2201 οὐκ
3020 2148 3125 2202 εία.
3173 2152 3285 2205 Καὶ
3313 2150 3347 2221 ἡ
3380 2150 3619 2222 Σαλώμη
3646 2151 3734 2215 δὲ,

2144 2236 2357 2309 χαλεπὴ
2385 2240 2497 2302 τοῖς
2523 2240 2588 2292 ὲκ
2616 2238 2853 2310 Μαριὰμ
2882 2238 3041 2303 οὖσα,
3071 2241 3165 2294 καὶ
3192 2242 3291 2312 τὴν
3315 2242 3520 2313 ἑαυτῆς
3559 2241 3734 2312 θυγα-

2148 2331 2283 2400 τέρα
2316 2330 2718 2401 Ἀριστοϐούλῳ
2749 2331 3110 2385 συνοικοῦσαν
3139 2333 3397 2389 ἀνέπειθε
3455 2334 3531 2406 μὴ
3554 2336 3734 2389 εὐνοϊ-

2152 2418 2264 2483 κῶς
2288 2420 2423 2489 πρὸς
2478 2420 2571 2474 τὸν
2621 2422 2793 2490 ἄνδρα
2834 2422 3143 2477 διακεῖσθαι
3169 2464 3184 2487 ,
3241 2425 3613 2493 ἀπαγγέλλειν
3675 2426 3735 2479 δὲ

2147 2509 2309 2580 αὑτῇ.
2341 2510 2395 2562 εἴ
2419 2528 2471 2563 τι
2506 2514 2627 2567 κατ’
2673 2512 2813 2567 ἰδίαν
2846 2513 3155 2584 λαλήσειεν.
3203 2517 3269 2570 Ἡ
3302 2517 3358 2570 δὲ
3417 2520 3737 2590 μεμνῆσθαι

451 2612 582 2673 τοὺς
613 2609 932 2672 νεανίσκους
982 2608 1135 2675 ἔλεγε
1163 2608 1264 2677 τῆς
1292 2607 1524 2679 μητρὸς,
1554 2605 1643 2659 τὸν
1676 2606 1732 2659 δὲ
1774 2604 1991 2671 πιτέρα
2031 2603 2274 2667 στυγεῖν,
2339 2604 2588 2659 ἀπειλεῖν
2624 2606 2709 2675 δὲ,
2758 2606 2860 2678 τῆς
2886 2608 3063 2678 ἀρχῆς
3112 2610 3400 2680 τυχόντας,
3456 2611 3587 2678 τοὺς
3633 2614 3739 2685 μὲν

453 2711 521 2763 ἐκ
546 2707 655 2760 τῶν
687 2705 863 2762 ἄλλων
880 2704 1161 2775 γυναικῶν
1193 2704 1393 2767 παῖδας
1419 2701 1666 2773 Ἡρώδου
1693 2696 2203 2769 κωμογραμματεῖς
2273 2700 2663 2770 καταστήσειν,
2693 2701 2794 2765 τὰς
2850 2703 2906 2755 δὲ
2940 2704 3209 2771 γυναῖκας
3282 2703 3599 2775 καθείρξειν
3656 2706 3734 2771 ὡς

458 2801 594 2871 μηδὲ
632 2801 723 2854 τὸν
748 2800 904 2870 ἥλιον
952 2800 1199 2871 βλέπειν.
1238 2796 1426 2851 Ταῦτα
1471 2793 1563 2849 διὰ
1615 2796 1716 2864 τῆς
1766 2790 2037 2856 κακίστης
2078 2786 2347 2857 Σαλώμης
2376 2788 2457 2859 τῷ
2512 2791 2727 2862 βασιλεῖ
2790 2794 3201 2864 ἀπηγγέλλετο,
3241 2798 3496 2862 κάκεῖνος
3534 2798 3738 2870 ἤκουεν

453 2898 746 2966 ἀλγεινῶς.
778 2896 1042 2968 ἐπειρᾶτό
1093 2912 1155 2949 τε
1219 2892 1491 2963 διορθοῦν.
1539 2890 1664 2944 Τῶν
1711 2888 1770 2942 δὲ
1828 2883 2038 2939 παίδων
2075 2882 2605 2956 ἀπολογησαμένων,
2644 2890 2790 2961 ῥᾴων
2822 2890 3060 2957 ἐγίνετο,

526 2993 646 3050 XX.
697 2992 968 3047 Pheroras
1002 2990 1203 3046 deinde
1236 3005 1325 3044 res
1358 2988 1543 3042 denuo
1583 2983 1851 3041 turbavit.
1892 2977 2046 3035 Dixit

2218 2981 2302 3037 K'.
2335 2982 2595 3053 Φερώρας
2623 2985 2669 3039 δ’
2705 2986 2870 3051 αὖθις
2898 2989 2966 3040 τὰ
3004 2988 3308 3056 πράγματα
3349 2988 3739 3061 συνετάραξεν,

458 3087 606 3144 enim
634 3085 968 3147 Alexandro,
1002 3098 1061 3138 se
1087 3099 1153 3138 ex
1181 3082 1398 3137 Salome
1428 3077 1703 3133 audivisse
1724 3116 1739 3139 ,
1773 3071 2046 3128 llerodem

2152 3070 2320 3124 εἰπὼν
2375 3072 2708 3147 Ἀλεξάνδρῳ
2762 3079 3063 3149 ἀκηκοέναι
3121 3079 3412 3151 Σαλώμης,
3467 3080 3739 3152 λεγούσης

457 3181 751 3251 Glaphyraz
796 3192 982 3233 amore
1021 3188 1241 3245 captum
1279 3188 1424 3229 esse.
1483 3170 1599 3239 Qua
1630 3169 1884 3224 oratione
1921 3176 2046 3220 tur-

2148 3163 2279 3234 ὲρᾷν
2302 3163 2396 3217 τὸν
2433 3165 2685 3238 Ἡρώδην
2729 3169 3046 3240 Γλαφύρας.
3107 3171 3460 3244 ’Δλέξανδρος
3495 3171 3556 3227 δὲ
3600 3174 3735 3245 πρὸς

461 3275 627 3329 batus
656 3270 988 3333 Alexander,
1014 3285 1078 3324 ac
1108 3267 1391 3338 zelotypiae
1425 3265 1671 3319 dolorem
1698 3276 1806 3316 non
1839 3260 2042 3321 ferens,

2154 3254 2246 3307 τὸν
2280 3255 2441 3324 λόγον
2466 3258 2531 3311 ἐκ
2562 3258 2897 3328 ζηλοτυπίας
2924 3261 3255 3331 τετάρακτο.
3285 3263 3392 3316 Καὶ
3413 3263 3512 3331 τὴν
3539 3263 3743 3334 ὀδύνην

462 3365 612 3436 quod
671 3381 740 3419 ex
802 3364 896 3417 illo
925 3361 1216 3423 audierat,
1262 3359 1401 3429 patri
1459 3356 1745 3412 indicavit.
1795 3352 2046 3409 Herodes

463 3472 599 3511 vero
629 3469 827 3525 magno
852 3452 1045 3508 dolore
1083 3450 1313 3505 allectus
1361 3457 1417 3504 et
1449 3447 1728 3501 ementitze
1760 3444 2049 3500 calumniae

464 3545 483 3602 i
509 3547 760 3616 upatiens
785 3559 848 3599 ac
880 3544 1154 3603 turbatus,
1205 3539 1473 3596 accersito
1501 3538 1772 3592 Pberora:
1801 3534 2049 3597 Pessime,

468 3638 643 3706 .nquit
663 3676 677 3697 ,
698 3638 814 3690 istis
844 3642 1030 3688 contra
1060 3649 1152 3687 nos
1175 3633 1324 3686 dictis
1355 3641 1535 3684 utrum
1557 3638 1607 3682 te
1639 3627 1796 3682 verba
1826 3624 2050 3695 inﬁgere

463 3729 646 3783 animo
671 3727 771 3793 ﬁlii
791 3767 806 3791 ,
841 3743 913 3778 an
952 3726 1199 3779 dextram
1225 3725 1336 3792 ejus
1372 3736 1588 3776 armare
1615 3718 1793 3789 gladio
1826 3732 2001 3771 censes
2028 3716 2054 3769 ?

464 3820 737 3874 Pheroras
766 3815 1071 3886 respondit,
1104 3821 1479 3870 commentum
1507 3808 1561 3865 id
1598 3808 1846 3864 Salomes
1878 3821 2000 3860 esse
2033 3823 2047 3858 :

465 3910 556 3967 cui
597 3909 851 3981 quamvis
876 3906 1096 3979 neganti
1125 3945 1140 3969 ,
1165 3913 1221 3961 et
1240 3904 1498 3974 capillum
1530 3899 1832 3962 vellicanti,
1864 3907 1921 3953 et
1950 3912 2050 3967 pe-

464 4013 589 4060 ctus
630 4000 945 4074 plangenti,
994 4003 1073 4054 ob
1119 3997 1341 4052 insitam
1388 4008 1602 4049 morum
1643 3990 2053 4063 improbitatem

464 4096 605 4151 ﬁdes
649 4109 758 4150 non
809 4091 1136 4148 habebatur.
1168 4088 1411 4143 Tandem
1467 4102 1562 4141 rex
1605 4092 1661 4139 et
1716 4082 1940 4137 fratrem
1996 4089 2053 4135 et

465 4204 712 4246 sororem
743 4186 1003 4257 ablegat,
1047 4182 1159 4237 lilio
1184 4181 1255 4238 ob
1303 4178 1701 4235 continentiam
1743 4185 1801 4231 et
1851 4174 2054 4230 relatos

467 4281 533 4338 ad
572 4297 632 4337 se
672 4293 960 4337 sermones
1006 4275 1338 4333 collaudato.
1370 4273 1646 4329 Cteternm
1682 4269 1831 4325 aliud
1887 4266 2053 4340 quid-

467 4377 590 4429 dam
637 4373 1015 4441 accidit,quo
1066 4368 1337 4425 tumultus
1393 4367 1448 4422 in
1498 4365 1712 4421 aedibus
1765 4362 1933 4434 regiis
1970 4371 2056 4417 est

471 4476 790 4520 renovatus.
844 4461 1095 4516 llabebat
1143 4457 1389 4514 Herodes
1437 4456 1725 4512 ennncbos
1764 4455 1835 4509 ob
1866 4453 2058 4507 formas

2153 3347 2251 3399 οὐκ
2282 3348 2549 3417 ἐνεγκὼν,
2588 3351 2657 3403 τά
2680 3352 2784 3405 ὑπὸ
2805 3352 2899 3406 τοῦ
2930 3353 3163 3425 Φερώρα
3210 3354 3473 3423 λεχθέντα
3512 3354 3592 3426 τῷ
3626 3373 3739 3410 πα·-

2151 3441 2242 3510 τρί
2282 3443 2686 3512 κατεμήνυσεν.
2704 3445 2764 3498 ὐ
2794 3443 2839 3497 δ’
2882 3445 3157 3515 Ἡρώδης,
3190 3447 3601 3517 περιπαθήσας,
3644 3450 3745 3503 καὶ

2153 3532 2213 3584 τὸ
2246 3531 2350 3601 τῆς
2382 3533 2641 3605 διαϐολῆς
2668 3538 3008 3606 ἐψευσμένον
3039 3538 3100 3591 οὐ
3145 3540 3351 3610 φέρων,
3410 3538 3742 3609 θορυϐηθείς

2154 3646 2235 3691 τε,
2265 3632 2690 3699 μεταπέμπεται
2721 3634 2809 3687 τὸν
2832 3633 3118 3704 Φερώραν,
3145 3634 3262 3698 καὶ,
3286 3634 3565 3701 Κάκιστε,
3592 3630 3745 3700 εἶπε,

2154 3723 2398 3778 τοιαῦτα
2428 3728 2561 3778 καθ’
2582 3724 2752 3795 ἡμῶν
2781 3727 3087 3793 λαλήσας,
3116 3730 3375 3795 πότερον
3406 3728 3517 3783 olet
3546 3730 3745 3797 λόγον

2156 3816 2244 3880 είς
2283 3815 2397 3882 τὴν
2437 3816 2653 3885 ψυχὴν
2686 3818 2792 3872 τοῦ
2820 3818 3061 3884 παιδὸς,
3094 3819 3132 3884 ἢ
3165 3820 3342 3889 {Isaac
3387 3822 3475 3887 εις
3499 3820 3614 3888 τὴν
3643 3819 3740 3874 δε-

2155 3903 2297 3967 ξιὰν
2331 3907 2519 3960 αὐτοῦ
2538 3907 2862 3976 έμόανίεῖν;
2908 3910 3174 3981 Φερώρας
3218 3909 3273 3962 δὲ
3318 3908 3584 3981 Σαλώμην
3634 3910 3742 3980 ἔφη

2155 3997 2328 4050 ταῦτα
2364 3999 2634 4053 συνθεῖναι
2663 4001 2776 4071 (46)
2812 4000 3073 4073 κάκείνης
3099 3998 3390 4064 εἶναιτοὺς
3420 4001 3638 4071 λόγους.
3678 4004 3744 4058 Ἠ

2154 4087 2209 4141 δὲ
2254 4089 2577 4160 ἀπηρνεῖτο,
2624 4092 2722 4145 καὶ
2760 4090 2870 4146 τῶν
2924 4093 3130 4163 τριχῶν
3186 4092 3583 4164 ἀπεδράττετο,
3646 4096 3745 4147 καὶ

2155 4181 2627 4252 ὲστερνοτυπείτο.
2655 4184 2754 4236 Διὰ
2788 4183 2845 4236 δὲ
2895 4184 2994 4254 τὴν
3040 4182 3148 4236 τῶν
3183 4185 3405 4253 τρόπων
3464 4185 3566 4238 οὑκ
3616 4186 3745 4239 ἐπι-

2159 4274 2381 4327 στεύετο
2409 4276 2769 4346 κακοήθειαν.
2811 4275 2977 4340 Τέλος
3004 4275 3061 4328 δὲ
3117 4279 3145 4329 ὁ
3199 4274 3458 4344 βασιλεὺς
3511 4276 3607 4328 καὶ
3649 4276 3748 4328 τὸν

2158 4364 2389 4433 ἀδελφὸν
2411 4367 2502 4419 καὶ
2532 4366 2631 4437 τὴν
2670 4366 2908 4438 ἀδελςςὴν
2956 4367 3344 4434 ἀπεπέμπετο,
3391 4366 3481 4419 τὸν
3515 4366 3630 4419 υἱὸν
3684 4366 3745 4421 δὲ

2157 4456 2259 4524 τῆς
2294 4458 2625 4528 ἐγκρατείας
2661 4457 2921 4530 ἐπῄνεσε,
2956 4461 3050 4513 καὶ
3086 4457 3183 4512 τοῦ
3230 4458 3366 4528 πρὸς
3400 4458 3565 4511 αὐτὸν
3616 4459 3744 4522 τοὺς

469 4557 798 4624 elegantiam
859 4554 1095 4620 charos,
1138 4563 1376 4620 quorum
1420 4549 1512 4602 nni
1550 4548 1864 4617 pincerme,
1897 4543 2046 4600 alteri

2161 4548 2355 4617 λόγους
2390 4550 2734 4619 ἀνενεγκεῖν.
2771 4551 3004 4623 Ἕτερον
3027 4550 3082 4603 δέ
3102 4568 3155 4603 τι
3185 4549 3453 4604 συνέπεσε
3496 4548 3747 4619 ταραχὰς

2089 4607 2136 4665 D

471 4646 706 4712 dapii’eri
751 4659 953 4700 munus
985 4642 1357 4711 assignarat,‘
1392 4640 1589 4695 tertius
1626 4637 1729 4708 ipsi
1768 4654 1797 4692 a
1850 4637 2046 4692 somnis

2163 4638 2321 4704 αὖθις
2342 4642 2567 4712 ὲγεῖραν
2598 4643 2742 4696 κατά
2792 4641 2892 4710 τὴν
2928 4641 3108 4695 οὶκίαν
3162 4641 3241 4712 τῷ
3293 4640 3527 4711 βασιλεῖ.
3558 4636 3747 4696 Ἶίσαν

471 4746 611 4793 erat.
665 4737 706 4793 Ii
745 4737 814 4791 ab
847 4734 1156 4790 Alexandro
1198 4732 1429 4804 pecunia
1466 4730 1716 4800 corrupti
1759 4745 1884 4786 esse
1912 4730 2065 4783 dice-

472 4833 697 4895 bantur,
728 4840 786 4885 et
829 4828 1227 4898 qua'stionibus
1275 4825 1509 4879 adbibiti
1541 4864 1557 4889 ,
1594 4840 1711 4878 rem
1744 4840 1931 4879 secum
1962 4822 2063 4876 ba-

473 4921 661 4976 buisse
721 4919 1126 4973 adolescentem
1184 4915 1418 4971 confessi
1449 4922 1580 4969 sunt
1607 4952 1622 4974 ,
1670 4913 1766 4968 sed
1808 4913 1876 4967 de
1908 4920 2062 4982 patre

476 5013 683 5068 nullius
723 5010 939 5065 consilii
991 5023 1050 5063 se
1086 5008 1339 5063 conscios
1386 5022 1508 5061 esse
1552 5004 1864 5060 Alexandro
1914 5002 2065 5057 allir-

476 5114 720 5162 marunt.
770 5103 971 5159 Verum
1024 5100 1326 5156 tortoribus
1386 5097 1551 5168 ﬂagra
1597 5095 2056 5156 intendentibus,

474 5199 830 5267 adjecerunt,
887 5194 1227 5248 intercedere
1275 5188 1589 5244 Alexandro
1638 5187 1958 5242 inimicitias
2003 5195 2060 5241 et

475 5289 664 5343 odium
700 5303 825 5341 cum
856 5297 1038 5355 patre.
1069 5298 1237 5352 seque
1268 5280 1337 5334 ab
1364 5296 1429 5333 co
1459 5278 1716 5343 monitos,
1753 5289 1812 5334 ut
1844 5276 2061 5334 llerotle

475 5380 548 5434 ob
608 5386 949 5434 senectutem
1017 5373 1305 5433 destituto,
1353 5368 1458 5423 sibi
1522 5369 1938 5435 auscultarent,
1990 5370 2059 5425 ad

473 5485 641 5537 quem
694 5482 922 5537 regnum
959 5464 1043 5518 vel
1096 5462 1273 5516 invito
1330 5467 1482 5531 patre
1534 5467 1828 5513 venturum
1873 5470 2058 5523 esset,

483 5569 598 5614 tum
636 5559 707 5614 ob
752 5573 923 5629 genus
973 5565 1093 5611 tum
1144 5561 1370 5623 propter
1426 5550 1630 5605 ducum
1666 5559 1721 5604 et
1758 5550 2060 5606 amicorum

2158 4730 2310 4801 αὑτῷ
2340 4731 2612 4802 εὐνοῦχοι,
2637 4732 2727 4787 διὰ
2754 4731 2951 4795 κάλλος
2982 4733 3442 4805 σπουδαζόμενοι,
3471 4725 3548 4786 ὧν
3570 4734 3598 4785 ὁ
3643 4731 3748 4801 μὲν

2157 4824 2442 4893 οἰνοχοεῖν,
2460 4827 2488 4879 ὀ
2527 4825 2586 4879 δὲ
2615 4825 2834 4880 δεῖπνον
2858 4827 3215 4896 προσφέρειν,
3243 4828 3270 4878 ὁ
3293 4826 3351 4879 δὲ
3387 4825 3749 4890 κατευνάζειν

2158 4914 2323 4968 αὐτὸν
2355 4914 2640 4970 ἐτέτακτο.
2671 4914 2910 4978 Τούτους
2940 4915 3035 4968 ὑπ’
3075 4915 3435 4986 Ἀλεξάνδρου
3493 4915 3743 4986 χρήμασι
3770 4948 3773 4949 ν

2156 5003 2526 5074 διαφθαρῆναι
2555 5003 2848 5075 μηνύεται,
2868 5006 2965 5058 καὶ
3006 5003 3267 5075 βασάνοις
3316 5004 3637 5067 ὲκδοθέντες
3692 5004 3745 5056 οί

2158 5097 2435 5168 ἐκτομίαι,
2464 5097 2611 5168 μίξιν
2633 5096 2737 5165 μὲν
2759 5098 2940 5151 αὐτῶν
2964 5097 3221 5165 γενέσθαι
3247 5098 3385 5167 πρὸς
3406 5096 3499 5149 τὸν
3524 5097 3750 5150 νεανίαν

2165 5185 2575 5256 ἀνωμολὸγουν,
2608 5186 2738 5241 ἄλλο
2764 5187 2821 5241 δὲ
2846 5186 3001 5239 οὐδὲν
3023 5185 3167 5239 κατά
3198 5185 3294 5239 τοῦ
3328 5185 3537 5256 πατρὸς
3569 5200 3748 5238 συνει-

2165 5275 2315 5331 δέναι
2347 5276 2427 5349 τῷ
2454 5276 2813 5351 Ἀλεξάνδρῳ.
2852 5276 3272 5330 Ἐπιτεινόντων
3295 5276 3352 5329 δὲ
3371 5274 3482 5329 τῶν
3525 5274 3745 5345 βασανιο

2167 5368 2370 5431 ζόντων
2393 5369 2493 5431 τὰς
2516 5368 2814 5438 μάστιγας,
2839 5368 3048 5433 ἔλεγον,
3077 5367 3153 5430 ὡς
3192 5368 3279 5439 εἴη
3323 5367 3622 5438 δυσμένεια
3651 5368 3749 5419 καὶ
3796 5406 3799 5411 .

2171 5460 2329 5531 μῖσος
2367 5456 2704 5527 Ἀλεξάνδρῳ
2736 5458 2876 5527 πρὸς
2913 5458 3007 5509 τὸν
3058 5459 3295 5526 πατέρα,
3349 5456 3647 5526 παραινοίη
3686 5456 3744 5507 δὲ

2181 5550 2436 5620 Ἡρώδην
2468 5549 2569 5617 μὲν
2598 5549 2986 5617 ἀπεγνωκέναι
3019 5549 3108 5601 διὰ
3165 5548 3227 5601 τὸ
3252 5549 3451 5618 γῆρας,
3493 5547 3645 5615 αὐτῷ
3687 5548 3743 5600 δὲ

1683 5663 1880 5725 νοτίδι
1914 5664 2217 5727 lecuones
2250 5668 2312 5726 et
2344 5667 2536 5725 noue.

557 5799 669 5869 (46)
704 5798 1124 5869 Σωίώίιηνέφη
1160 5796 1344 5850 ταῦτα
1372 5793 1756 5863 συμπείσειν.
1785 5790 2046 5861 .Iosepbu:

2152 5791 2261 5847 ibet
2322 5788 2608 5857 συνθῆσαι.
2680 5784 2995 5857 augendum
3021 5791 3116 5838 aut
3150 5782 3475 5853 συμπεῖσαι,
3504 5789 3600 5836 aut
3623 5796 3742 5835 συν-

491 5867 682 5939 θςϊνᾴ.
715 5870 805 5927 W.
