  <div class='ocr_page' id='page_1' title='image "/cluster/home/n/w/nwhite01/storage/ocr_20150623/134:no.1/coo.31924054870393/228.png"; bbox 0 0 4074 6392; ppageno 0'>
   <div class='ocr_carea' id='block_1_1' title="bbox 417 407 518 474">
    <p class='ocr_par' dir='ltr' id='par_1_1' title="bbox 417 407 518 474">
     <span class='ocr_line' id='line_1_1' title="bbox 417 407 518 474; baseline 0 -2"><span class='ocrx_word' id='word_1_1' title='bbox 417 407 518 474; x_wconf 72' lang='grc'><strong>411</strong></span> 
     </span>
    </p>
   </div>
   <div class='ocr_carea' id='block_1_2' title="bbox 1684 419 2394 486">
    <p class='ocr_par' dir='ltr' id='par_1_2' title="bbox 1684 419 2394 486">
     <span class='ocr_line' id='line_1_2' title="bbox 1684 419 2394 486; baseline 0.01 -8"><span class='ocrx_word' id='word_1_2' title='bbox 1684 419 2091 480; x_wconf 74' lang='lat' dir='ltr'><strong>ANNALIUM</strong></span> <span class='ocrx_word' id='word_1_3' title='bbox 2132 422 2278 482; x_wconf 83' lang='lat' dir='ltr'><strong>LIB.</strong></span> <span class='ocrx_word' id='word_1_4' title='bbox 2321 423 2394 486; x_wconf 76' lang='grc' dir='ltr'>ν.</span> 
     </span>
    </p>
   </div>
   <div class='ocr_carea' id='block_1_3' title="bbox 3574 419 3690 481">
    <p class='ocr_par' dir='ltr' id='par_1_3' title="bbox 3574 419 3690 481">
     <span class='ocr_line' id='line_1_3' title="bbox 3574 419 3690 481; baseline 0.034 -4"><span class='ocrx_word' id='word_1_5' title='bbox 3574 419 3690 481; x_wconf 71' lang='grc'><strong>412</strong></span> 
     </span>
    </p>
   </div>
   <div class='ocr_carea' id='block_1_4' title="bbox 417 531 1991 613">
    <p class='ocr_par' dir='ltr' id='par_1_4' title="bbox 417 531 1991 608">
     <span class='ocr_line' id='line_1_4' title="bbox 417 531 1991 608; baseline 0.003 -22"><span class='ocrx_word' id='word_1_6' title='bbox 417 533 734 605; x_wconf 74' lang='grc' dir='ltr'><strong>προσέχειν,</strong></span> <span class='ocrx_word' id='word_1_7' title='bbox 754 531 830 597; x_wconf 83' lang='grc' dir='ltr'>ὡς</span> <span class='ocrx_word' id='word_1_8' title='bbox 859 535 956 605; x_wconf 78' lang='grc' dir='ltr'>τῆς</span> <span class='ocrx_word' id='word_1_9' title='bbox 987 534 1270 605; x_wconf 78' lang='grc' dir='ltr'><strong>βασιλείας</strong></span> <span class='ocrx_word' id='word_1_10' title='bbox 1296 536 1445 608; x_wconf 81' lang='grc' dir='ltr'>αὐτῷ</span> <span class='ocrx_word' id='word_1_11' title='bbox 1485 539 1991 608; x_wconf 61' lang='grc' dir='ltr'><strong>περιελευσομένης1</strong></span> 
     </span>
    </p>
   </div>
   <div class='ocr_carea' id='block_1_5' title="bbox 2094 531 3684 613">
    <p class='ocr_par' dir='ltr' id='par_1_5' title="bbox 2105 538 3684 613">
     <span class='ocr_line' id='line_1_5' title="bbox 2105 538 3684 613; baseline 0 -18"><span class='ocrx_word' id='word_1_12' title='bbox 2105 559 2234 613; x_wconf 83' lang='lat' dir='ltr'><strong>erga</strong></span> <span class='ocrx_word' id='word_1_13' title='bbox 2266 558 2322 597; x_wconf 86' lang='lat' dir='ltr'><strong>se</strong></span> <span class='ocrx_word' id='word_1_14' title='bbox 2346 540 2922 597; x_wconf 86' lang='lat' dir='ltr'><strong>benevolentiam.llis</strong></span> <span class='ocrx_word' id='word_1_15' title='bbox 2947 539 3152 594; x_wconf 86' lang='lat' dir='ltr'><strong>auditis</strong></span> <span class='ocrx_word' id='word_1_16' title='bbox 3179 538 3419 595; x_wconf 86' lang='lat' dir='ltr'><strong>llerodes</strong></span> <span class='ocrx_word' id='word_1_17' title='bbox 3447 540 3501 594; x_wconf 91' lang='lat' dir='ltr'><strong>in</strong></span> <span class='ocrx_word' id='word_1_18' title='bbox 3535 555 3684 596; x_wconf 85' lang='lat' dir='ltr'><strong>metu</strong></span> 
     </span>
    </p>
   </div>
   <div class='ocr_carea' id='block_1_6' title="bbox 417 625 1993 700">
    <p class='ocr_par' dir='ltr' id='par_1_6' title="bbox 417 625 1993 700">
     <span class='ocr_line' id='line_1_6' title="bbox 417 625 1993 700; baseline 0.006 -23"><span class='ocrx_word' id='word_1_19' title='bbox 417 625 521 678; x_wconf 69' lang='grc' dir='ltr'>κᾶν</span> <span class='ocrx_word' id='word_1_20' title='bbox 564 626 637 696; x_wconf 83' lang='grc' dir='ltr'>μὴ</span> <span class='ocrx_word' id='word_1_21' title='bbox 666 627 929 698; x_wconf 79' lang='grc' dir='ltr'>βούληται</span> <span class='ocrx_word' id='word_1_22' title='bbox 960 631 986 681; x_wconf 99' lang='lat'><strong>6</strong></span> <span class='ocrx_word' id='word_1_23' title='bbox 1012 629 1216 700; x_wconf 76' lang='grc' dir='ltr'>πατὴρ,</span> <span class='ocrx_word' id='word_1_24' title='bbox 1275 631 1374 684; x_wconf 61' lang='grc' dir='ltr'><strong>καὶ¹</strong></span> <span class='ocrx_word' id='word_1_25' title='bbox 1427 631 1517 684; x_wconf 83' lang='grc' dir='ltr'><strong>διὰ</strong></span> <span class='ocrx_word' id='word_1_26' title='bbox 1563 632 1624 684; x_wconf 82' lang='grc' dir='ltr'><strong>τὸ</strong></span> <span class='ocrx_word' id='word_1_27' title='bbox 1668 632 1844 700; x_wconf 86' lang='grc' dir='ltr'>γένος,</span> <span class='ocrx_word' id='word_1_28' title='bbox 1898 634 1993 686; x_wconf 73' lang='grc' dir='ltr'><strong>καὶ</strong></span> 
     </span>
    </p>
   </div>
   <div class='ocr_carea' id='block_1_7' title="bbox 413 716 1993 791">
    <p class='ocr_par' dir='ltr' id='par_1_7' title="bbox 413 716 1993 791">
     <span class='ocr_line' id='line_1_7' title="bbox 413 716 1993 791; baseline 0.006 -21"><span class='ocrx_word' id='word_1_29' title='bbox 413 717 502 770; x_wconf 77' lang='grc' dir='ltr'>διὰ</span> <span class='ocrx_word' id='word_1_30' title='bbox 529 716 628 786; x_wconf 84' lang='grc' dir='ltr'><strong>τὴν</strong></span> <span class='ocrx_word' id='word_1_31' title='bbox 653 717 764 770; x_wconf 90' lang='grc' dir='ltr'><strong>τῶν</strong></span> <span class='ocrx_word' id='word_1_32' title='bbox 791 719 1076 789; x_wconf 77' lang='grc' dir='ltr'>ἡγεμόνων</span> <span class='ocrx_word' id='word_1_33' title='bbox 1105 722 1326 776; x_wconf 75' lang='grc' dir='ltr'>καὶτῶν</span> <span class='ocrx_word' id='word_1_34' title='bbox 1352 723 1525 791; x_wconf 87' lang='grc' dir='ltr'>φίλων</span> <span class='ocrx_word' id='word_1_35' title='bbox 1551 724 1811 778; x_wconf 85' lang='grc' dir='ltr'>διάθεσιν.</span> <span class='ocrx_word' id='word_1_36' title='bbox 1854 724 1993 779; x_wconf 83' lang='grc' dir='ltr'>Τού-</span> 
     </span>
    </p>
   </div>
   <div class='ocr_carea' id='block_1_8' title="bbox 415 808 1995 886">
    <p class='ocr_par' dir='ltr' id='par_1_8' title="bbox 415 808 1995 886">
     <span class='ocr_line' id='line_1_8' title="bbox 415 808 1995 886; baseline 0.006 -26"><span class='ocrx_word' id='word_1_37' title='bbox 415 824 525 861; x_wconf 90' lang='grc' dir='ltr'><strong>των</strong></span> <span class='ocrx_word' id='word_1_38' title='bbox 547 808 790 873; x_wconf 86' lang='grc' dir='ltr'>ἀκούσας</span> <span class='ocrx_word' id='word_1_39' title='bbox 823 808 1094 882; x_wconf 82' lang='grc' dir='ltr'>Ἡρώδης,</span> <span class='ocrx_word' id='word_1_40' title='bbox 1121 814 1422 883; x_wconf 79' lang='grc' dir='ltr'>περίφοϐος</span> <span class='ocrx_word' id='word_1_41' title='bbox 1445 809 1536 886; x_wconf 83' lang='grc' dir='ltr'>ἦν,</span> <span class='ocrx_word' id='word_1_42' title='bbox 1561 817 1654 867; x_wconf 74' lang='grc' dir='ltr'><strong>καὶ</strong></span> <span class='ocrx_word' id='word_1_43' title='bbox 1690 816 1824 886; x_wconf 86' lang='grc' dir='ltr'>πρὸς</span> <span class='ocrx_word' id='word_1_44' title='bbox 1857 817 1995 869; x_wconf 63' lang='grc' dir='ltr'>πάνυ</span> 
     </span>
    </p>
   </div>
   <div class='ocr_carea' id='block_1_9' title="bbox 419 898 1994 979">
    <p class='ocr_par' dir='ltr' id='par_1_9' title="bbox 419 898 1994 979">
     <span class='ocr_line' id='line_1_9' title="bbox 419 898 1994 979; baseline 0.008 -29"><span class='ocrx_word' id='word_1_45' title='bbox 419 916 520 962; x_wconf 87' lang='grc' dir='ltr'><strong>τας</strong></span> <span class='ocrx_word' id='word_1_46' title='bbox 559 901 792 971; x_wconf 78' lang='grc' dir='ltr'><strong>ὑποψίας</strong></span> <span class='ocrx_word' id='word_1_47' title='bbox 827 898 941 974; x_wconf 69' lang='grc' dir='ltr'>εἶχε</span> <span class='ocrx_word' id='word_1_48' title='bbox 978 905 1072 957; x_wconf 75' lang='grc' dir='ltr'><strong>καὶ</strong></span> <span class='ocrx_word' id='word_1_49' title='bbox 1127 907 1286 976; x_wconf 81' lang='grc' dir='ltr'>μίση,</span> <span class='ocrx_word' id='word_1_50' title='bbox 1321 907 1538 971; x_wconf 75' lang='grc' dir='ltr'><strong>πολλοῖς</strong></span> <span class='ocrx_word' id='word_1_51' title='bbox 1575 909 1629 961; x_wconf 86' lang='grc' dir='ltr'><strong>δέ</strong></span> <span class='ocrx_word' id='word_1_52' title='bbox 1674 910 1782 961; x_wconf 87' lang='grc' dir='ltr'><strong>τῶν</strong></span> <span class='ocrx_word' id='word_1_53' title='bbox 1824 909 1994 979; x_wconf 81' lang='grc' dir='ltr'>φίλων</span> 
     </span>
    </p>
   </div>
   <div class='ocr_carea' id='block_1_10' title="bbox 412 990 1994 1070">
    <p class='ocr_par' dir='ltr' id='par_1_10' title="bbox 412 990 1994 1070">
     <span class='ocr_line' id='line_1_10' title="bbox 412 990 1994 1070; baseline 0.009 -29"><span class='ocrx_word' id='word_1_54' title='bbox 412 991 508 1042; x_wconf 83' lang='grc' dir='ltr'><strong>καὶ</strong></span> <span class='ocrx_word' id='word_1_55' title='bbox 536 990 636 1062; x_wconf 85' lang='grc' dir='ltr'><strong>τὴν</strong></span> <span class='ocrx_word' id='word_1_56' title='bbox 666 994 746 1055; x_wconf 81' lang='grc' dir='ltr'>εἰς</span> <span class='ocrx_word' id='word_1_57' title='bbox 766 994 835 1046; x_wconf 74' lang='grc' dir='ltr'>τὰ</span> <span class='ocrx_word' id='word_1_58' title='bbox 869 993 1120 1063; x_wconf 82' lang='grc' dir='ltr'>βασίλεια</span> <span class='ocrx_word' id='word_1_59' title='bbox 1140 1000 1402 1067; x_wconf 69' lang='grc' dir='ltr'>πρόσοδον</span> <span class='ocrx_word' id='word_1_60' title='bbox 1435 1001 1806 1070; x_wconf 87' lang='grc' dir='ltr'>ἀπηγόρευσε.</span> <span class='ocrx_word' id='word_1_61' title='bbox 1859 1003 1994 1056; x_wconf 85' lang='grc' dir='ltr'>Πάν-</span> 
     </span>
    </p>
   </div>
   <div class='ocr_carea' id='block_1_11' title="bbox 412 1082 1988 1164">
    <p class='ocr_par' dir='ltr' id='par_1_11' title="bbox 412 1082 1988 1164">
     <span class='ocr_line' id='line_1_11' title="bbox 412 1082 1988 1164; baseline 0.009 -32"><span class='ocrx_word' id='word_1_62' title='bbox 412 1097 520 1132; x_wconf 93' lang='grc' dir='ltr'><strong>των</strong></span> <span class='ocrx_word' id='word_1_63' title='bbox 549 1082 593 1132; x_wconf 79' lang='grc' dir='ltr'>δ’</span> <span class='ocrx_word' id='word_1_64' title='bbox 618 1083 792 1147; x_wconf 83' lang='grc' dir='ltr'>αἴτιος</span> <span class='ocrx_word' id='word_1_65' title='bbox 818 1086 1118 1156; x_wconf 74' lang='grc' dir='ltr'>ἐτύγχανεν</span> <span class='ocrx_word' id='word_1_66' title='bbox 1145 1091 1172 1142; x_wconf 93' lang='lat'><strong>6</strong></span> <span class='ocrx_word' id='word_1_67' title='bbox 1205 1090 1581 1161; x_wconf 70' lang='grc' dir='ltr'>Ἀντίπατρος.</span> <span class='ocrx_word' id='word_1_68' title='bbox 1618 1093 1843 1164; x_wconf 86' lang='grc' dir='ltr'>Πρῶτον</span> <span class='ocrx_word' id='word_1_69' title='bbox 1893 1093 1988 1164; x_wconf 66' lang='grc' dir='ltr'><strong>μὲν</strong></span> 
     </span>
    </p>
   </div>
   <div class='ocr_carea' id='block_1_12' title="bbox 412 1164 1990 1255">
    <p class='ocr_par' dir='ltr' id='par_1_12' title="bbox 412 1164 1990 1255">
     <span class='ocr_line' id='line_1_12' title="bbox 412 1164 1990 1255; baseline 0.01 -34"><span class='ocrx_word' id='word_1_70' title='bbox 412 1164 506 1222; x_wconf 79' lang='grc' dir='ltr'><strong>οὗν</strong></span> <span class='ocrx_word' id='word_1_71' title='bbox 543 1171 700 1236; x_wconf 81' lang='grc' dir='ltr'>ὅσους</span> <span class='ocrx_word' id='word_1_72' title='bbox 761 1174 898 1246; x_wconf 80' lang='grc' dir='ltr'>ᾤετο</span> <span class='ocrx_word' id='word_1_73' title='bbox 961 1180 1185 1244; x_wconf 83' lang='grc' dir='ltr'>πιστοὺς</span> <span class='ocrx_word' id='word_1_74' title='bbox 1241 1179 1603 1254; x_wconf 83' lang='grc' dir='ltr'>Ἀλεξάνδρῳ,</span> <span class='ocrx_word' id='word_1_75' title='bbox 1684 1184 1990 1255; x_wconf 90' lang='grc' dir='ltr'>βασάνοιςό</span> 
     </span>
    </p>
   </div>
   <div class='ocr_carea' id='block_1_13' title="bbox 423 1263 1990 1346">
    <p class='ocr_par' dir='ltr' id='par_1_13' title="bbox 423 1263 1990 1346">
     <span class='ocr_line' id='line_1_13' title="bbox 423 1263 1990 1346; baseline 0.01 -32"><span class='ocrx_word' id='word_1_76' title='bbox 423 1263 671 1336; x_wconf 80' lang='grc' dir='ltr'><strong>Ἡρώδης</strong></span> <span class='ocrx_word' id='word_1_77' title='bbox 702 1266 991 1337; x_wconf 78' lang='grc' dir='ltr'>ἐξήταζεν,</span> <span class='ocrx_word' id='word_1_78' title='bbox 1032 1271 1085 1324; x_wconf 83' lang='grc' dir='ltr'><strong>εῐ</strong></span> <span class='ocrx_word' id='word_1_79' title='bbox 1107 1289 1159 1324; x_wconf 87' lang='grc' dir='ltr'><strong>τι</strong></span> <span class='ocrx_word' id='word_1_80' title='bbox 1205 1273 1328 1326; x_wconf 89' lang='grc' dir='ltr'>κατ’</span> <span class='ocrx_word' id='word_1_81' title='bbox 1369 1275 1535 1328; x_wconf 78' lang='grc' dir='ltr'>αὐτοῦ</span> <span class='ocrx_word' id='word_1_82' title='bbox 1588 1275 1860 1346; x_wconf 80' lang='grc' dir='ltr'><strong>τολμηθὲν</strong></span> <span class='ocrx_word' id='word_1_83' title='bbox 1909 1278 1990 1330; x_wconf 81' lang='grc' dir='ltr'>εί-</span> 
     </span>
    </p>
   </div>
   <div class='ocr_carea' id='block_1_14' title="bbox 410 1355 1988 1438">
    <p class='ocr_par' dir='ltr' id='par_1_14' title="bbox 410 1355 1988 1438">
     <span class='ocr_line' id='line_1_14' title="bbox 410 1355 1988 1438; baseline 0.01 -31"><span class='ocrx_word' id='word_1_84' title='bbox 410 1355 652 1427; x_wconf 74' lang='grc' dir='ltr'>δείησαν.</span> <span class='ocrx_word' id='word_1_85' title='bbox 695 1360 845 1413; x_wconf 82' lang='grc' dir='ltr'>Οί-δέ</span> <span class='ocrx_word' id='word_1_86' title='bbox 879 1362 1251 1434; x_wconf 83' lang='grc' dir='ltr'>ἀπέθνησκον,</span> <span class='ocrx_word' id='word_1_87' title='bbox 1302 1367 1456 1421; x_wconf 80' lang='grc' dir='ltr'>οὐδὲν</span> <span class='ocrx_word' id='word_1_88' title='bbox 1515 1368 1731 1438; x_wconf 80' lang='grc' dir='ltr'>ἔχοντες</span> <span class='ocrx_word' id='word_1_89' title='bbox 1785 1368 1988 1436; x_wconf 88' lang='grc' dir='ltr'>λέγειν.</span> 
     </span>
    </p>
   </div>
   <div class='ocr_carea' id='block_1_15' title="bbox 411 1444 1989 1530">
    <p class='ocr_par' dir='ltr' id='par_1_15' title="bbox 411 1444 1989 1530">
     <span class='ocr_line' id='line_1_15' title="bbox 411 1444 1989 1530; baseline 0.008 -30"><span class='ocrx_word' id='word_1_90' title='bbox 411 1444 504 1512; x_wconf 76' lang='grc' dir='ltr'><strong>Εἷς</strong></span> <span class='ocrx_word' id='word_1_91' title='bbox 533 1449 590 1502; x_wconf 83' lang='grc' dir='ltr'><strong>δέ</strong></span> <span class='ocrx_word' id='word_1_92' title='bbox 619 1467 705 1514; x_wconf 88' lang='grc' dir='ltr'><strong>τις</strong></span> <span class='ocrx_word' id='word_1_93' title='bbox 761 1452 863 1516; x_wconf 82' lang='grc' dir='ltr'>τὰς</span> <span class='ocrx_word' id='word_1_94' title='bbox 907 1453 1171 1524; x_wconf 79' lang='grc' dir='ltr'>βασάνους</span> <span class='ocrx_word' id='word_1_95' title='bbox 1230 1458 1304 1528; x_wconf 83' lang='grc' dir='ltr'>μὴ</span> <span class='ocrx_word' id='word_1_96' title='bbox 1367 1459 1571 1530; x_wconf 81' lang='grc' dir='ltr'>φέρων,</span> <span class='ocrx_word' id='word_1_97' title='bbox 1620 1458 1743 1513; x_wconf 71' lang='grc' dir='ltr'>εἶπε</span> <span class='ocrx_word' id='word_1_98' title='bbox 1806 1460 1989 1528; x_wconf 88' lang='grc' dir='ltr'>λέγειν</span> 
     </span>
    </p>
   </div>
   <div class='ocr_carea' id='block_1_16' title="bbox 413 1539 1988 1622">
    <p class='ocr_par' dir='ltr' id='par_1_16' title="bbox 413 1539 1988 1622">
     <span class='ocr_line' id='line_1_16' title="bbox 413 1539 1988 1622; baseline 0.009 -32"><span class='ocrx_word' id='word_1_99' title='bbox 413 1539 790 1614; x_wconf 79' lang='grc' dir='ltr'>Ἀλέξανδρον,</span> <span class='ocrx_word' id='word_1_100' title='bbox 832 1546 1234 1617; x_wconf 78' lang='grc' dir='ltr'>ἐπαινούμενον</span> <span class='ocrx_word' id='word_1_101' title='bbox 1264 1548 1352 1602; x_wconf 78' lang='grc' dir='ltr'>διὰ</span> <span class='ocrx_word' id='word_1_102' title='bbox 1377 1550 1438 1602; x_wconf 81' lang='grc' dir='ltr'>τὸ</span> <span class='ocrx_word' id='word_1_103' title='bbox 1467 1551 1562 1603; x_wconf 90' lang='grc' dir='ltr'><strong>τοῦ</strong></span> <span class='ocrx_word' id='word_1_104' title='bbox 1593 1549 1846 1622; x_wconf 89' lang='grc' dir='ltr'>σώματος</span> <span class='ocrx_word' id='word_1_105' title='bbox 1890 1551 1988 1621; x_wconf 81' lang='grc' dir='ltr'>μέ·-</span> 
     </span>
    </p>
   </div>
   <div class='ocr_carea' id='block_1_17' title="bbox 409 1630 1988 1711">
    <p class='ocr_par' dir='ltr' id='par_1_17' title="bbox 409 1630 1988 1711">
     <span class='ocr_line' id='line_1_17' title="bbox 409 1630 1988 1711; baseline 0.008 -28"><span class='ocrx_word' id='word_1_106' title='bbox 409 1630 592 1698; x_wconf 88' lang='grc' dir='ltr'>γεθος,</span> <span class='ocrx_word' id='word_1_107' title='bbox 629 1636 722 1688; x_wconf 80' lang='grc' dir='ltr'>καὶ</span> <span class='ocrx_word' id='word_1_108' title='bbox 751 1637 813 1689; x_wconf 81' lang='grc' dir='ltr'><strong>τὸ</strong></span> <span class='ocrx_word' id='word_1_109' title='bbox 833 1636 1106 1710; x_wconf 81' lang='grc' dir='ltr'><strong>εὐστόχως</strong></span> <span class='ocrx_word' id='word_1_110' title='bbox 1135 1639 1354 1710; x_wconf 87' lang='grc' dir='ltr'>βάλλειν</span> <span class='ocrx_word' id='word_1_111' title='bbox 1377 1643 1439 1695; x_wconf 86' lang='grc' dir='ltr'><strong>ἐκ</strong></span> <span class='ocrx_word' id='word_1_112' title='bbox 1467 1642 1646 1707; x_wconf 86' lang='grc' dir='ltr'>τόξου,</span> <span class='ocrx_word' id='word_1_113' title='bbox 1673 1644 1770 1698; x_wconf 72' lang='grc' dir='ltr'><strong>καὶ</strong></span> <span class='ocrx_word' id='word_1_114' title='bbox 1795 1643 1988 1711; x_wconf 84' lang='grc' dir='ltr'>τᾶλλα,</span> 
     </span>
    </p>
   </div>
   <div class='ocr_carea' id='block_1_18' title="bbox 409 1725 1988 1803">
    <p class='ocr_par' dir='ltr' id='par_1_18' title="bbox 409 1725 1988 1803">
     <span class='ocr_line' id='line_1_18' title="bbox 409 1725 1988 1803; baseline 0.008 -25"><span class='ocrx_word' id='word_1_115' title='bbox 409 1725 515 1790; x_wconf 82' lang='grc' dir='ltr'>ὅτι,</span> <span class='ocrx_word' id='word_1_116' title='bbox 554 1727 630 1780; x_wconf 77' lang='grc' dir='ltr'><strong>Εἴ</strong></span> <span class='ocrx_word' id='word_1_117' title='bbox 648 1745 702 1781; x_wconf 88' lang='grc' dir='ltr'><strong>τι</strong></span> <span class='ocrx_word' id='word_1_118' title='bbox 725 1731 886 1798; x_wconf 80' lang='grc' dir='ltr'>παρὰ</span> <span class='ocrx_word' id='word_1_119' title='bbox 903 1730 1012 1800; x_wconf 84' lang='grc' dir='ltr'>τῆς</span> <span class='ocrx_word' id='word_1_120' title='bbox 1037 1734 1280 1801; x_wconf 71' lang='grc' dir='ltr'>φύσεως</span> <span class='ocrx_word' id='word_1_121' title='bbox 1305 1734 1467 1802; x_wconf 84' lang='grc' dir='ltr'>αὐτῷ</span> <span class='ocrx_word' id='word_1_122' title='bbox 1489 1735 1728 1791; x_wconf 83' lang='grc' dir='ltr'>δέδοται</span> <span class='ocrx_word' id='word_1_123' title='bbox 1771 1755 1848 1791; x_wconf 78' lang='grc' dir='ltr'><strong>κα</strong></span> <span class='ocrx_word' id='word_1_124' title='bbox 1860 1736 1988 1803; x_wconf 59' lang='grc' dir='ltr'><strong>ἱὸν,</strong></span> 
     </span>
    </p>
   </div>
   <div class='ocr_carea' id='block_1_19' title="bbox 409 1817 1989 1898">
    <p class='ocr_par' dir='ltr' id='par_1_19' title="bbox 409 1817 1989 1898">
     <span class='ocr_line' id='line_1_19' title="bbox 409 1817 1989 1898; baseline 0.008 -26"><span class='ocrx_word' id='word_1_125' title='bbox 409 1817 446 1886; x_wconf 79' lang='grc' dir='ltr'><em>ἢ</em></span> <span class='ocrx_word' id='word_1_126' title='bbox 468 1818 538 1883; x_wconf 78' lang='grc' dir='ltr'><strong>ἐξ</strong></span> <span class='ocrx_word' id='word_1_127' title='bbox 562 1820 884 1891; x_wconf 77' lang='grc' dir='ltr'>ἀσκήσεως</span> <span class='ocrx_word' id='word_1_128' title='bbox 916 1827 1336 1894; x_wconf 80' lang='grc' dir='ltr'>προσεγένετο,</span> <span class='ocrx_word' id='word_1_129' title='bbox 1367 1830 1455 1895; x_wconf 84' lang='grc' dir='ltr'><strong>είς</strong></span> <span class='ocrx_word' id='word_1_130' title='bbox 1498 1828 1860 1898; x_wconf 82' lang='grc' dir='ltr'>δυστύχημα</span> <span class='ocrx_word' id='word_1_131' title='bbox 1885 1846 1989 1884; x_wconf 85' lang='grc' dir='ltr'>πε-</span> 
     </span>
    </p>
   </div>
   <div class='ocr_carea' id='block_1_20' title="bbox 407 1910 1994 1986">
    <p class='ocr_par' dir='ltr' id='par_1_20' title="bbox 407 1910 1994 1986">
     <span class='ocr_line' id='line_1_20' title="bbox 407 1910 1994 1986; baseline 0.008 -24"><span class='ocrx_word' id='word_1_132' title='bbox 407 1910 707 1975; x_wconf 83' lang='grc' dir='ltr'>ριίσταται</span> <span class='ocrx_word' id='word_1_133' title='bbox 727 1928 743 1947; x_wconf 90' lang='grc'><strong>·</strong></span> <span class='ocrx_word' id='word_1_134' title='bbox 781 1914 1072 1984; x_wconf 78' lang='grc' dir='ltr'>ἄχθεσθαι</span> <span class='ocrx_word' id='word_1_135' title='bbox 1097 1915 1208 1985; x_wconf 80' lang='grc' dir='ltr'>γὰρ</span> <span class='ocrx_word' id='word_1_136' title='bbox 1239 1916 1340 1970; x_wconf 79' lang='grc' dir='ltr'>ἐπὶ</span> <span class='ocrx_word' id='word_1_137' title='bbox 1381 1917 1506 1984; x_wconf 81' lang='grc' dir='ltr'>τοῖς</span> <span class='ocrx_word' id='word_1_138' title='bbox 1559 1919 1773 1986; x_wconf 81' lang='grc' dir='ltr'>καλοῖς</span> <span class='ocrx_word' id='word_1_139' title='bbox 1802 1920 1994 1975; x_wconf 84' lang='grc' dir='ltr'>αὑτοῦ</span> 
     </span>
    </p>
   </div>
   <div class='ocr_carea' id='block_1_21' title="bbox 408 1999 1992 2082">
    <p class='ocr_par' dir='ltr' id='par_1_21' title="bbox 408 1999 1992 2082">
     <span class='ocr_line' id='line_1_21' title="bbox 408 1999 1992 2082; baseline 0.008 -28"><span class='ocrx_word' id='word_1_140' title='bbox 408 1999 518 2054; x_wconf 73' lang='grc' dir='ltr'><strong>τὸν</strong></span> <span class='ocrx_word' id='word_1_141' title='bbox 549 2003 799 2073; x_wconf 81' lang='grc' dir='ltr'>πατέρα.</span> <span class='ocrx_word' id='word_1_142' title='bbox 853 2006 1176 2076; x_wconf 78' lang='grc' dir='ltr'>Προσετίθει</span> <span class='ocrx_word' id='word_1_143' title='bbox 1234 2008 1290 2062; x_wconf 80' lang='grc' dir='ltr'>δὲ</span> <span class='ocrx_word' id='word_1_144' title='bbox 1356 2009 1433 2073; x_wconf 88' lang='grc' dir='ltr'><strong>ώς</strong></span> <span class='ocrx_word' id='word_1_145' title='bbox 1491 2011 1584 2064; x_wconf 74' lang='grc' dir='ltr'>καὶ</span> <span class='ocrx_word' id='word_1_146' title='bbox 1641 2011 1992 2082; x_wconf 83' lang='grc' dir='ltr'>βουλεύσαιτο</span> 
     </span>
    </p>
   </div>
   <div class='ocr_carea' id='block_1_22' title="bbox 412 2093 1990 2176">
    <p class='ocr_par' dir='ltr' id='par_1_22' title="bbox 412 2093 1990 2176">
     <span class='ocr_line' id='line_1_22' title="bbox 412 2093 1990 2176; baseline 0.009 -31"><span class='ocrx_word' id='word_1_147' title='bbox 412 2093 510 2146; x_wconf 80' lang='grc' dir='ltr'><strong>σὺν</strong></span> <span class='ocrx_word' id='word_1_148' title='bbox 551 2095 954 2170; x_wconf 77' lang='grc' dir='ltr'>Ἀριστοϐούλῳ</span> <span class='ocrx_word' id='word_1_149' title='bbox 973 2101 1028 2154; x_wconf 88' lang='grc' dir='ltr'><strong>ἐν</strong></span> <span class='ocrx_word' id='word_1_150' title='bbox 1059 2101 1373 2173; x_wconf 80' lang='grc' dir='ltr'>κυνηγεσίῳ</span> <span class='ocrx_word' id='word_1_151' title='bbox 1402 2101 1614 2157; x_wconf 82' lang='grc' dir='ltr'>ἀνελεῖν</span> <span class='ocrx_word' id='word_1_152' title='bbox 1638 2104 1730 2159; x_wconf 75' lang='grc' dir='ltr'><strong>τὸν</strong></span> <span class='ocrx_word' id='word_1_153' title='bbox 1754 2105 1990 2176; x_wconf 81' lang='grc' dir='ltr'>πατέρα,</span> 
     </span>
    </p>
   </div>
   <div class='ocr_carea' id='block_1_23' title="bbox 408 2190 1992 2267">
    <p class='ocr_par' dir='ltr' id='par_1_23' title="bbox 408 2190 1992 2267">
     <span class='ocr_line' id='line_1_23' title="bbox 408 2190 1992 2267; baseline 0.005 -23"><span class='ocrx_word' id='word_1_154' title='bbox 408 2191 505 2244; x_wconf 76' lang='grc' dir='ltr'>καὶ</span> <span class='ocrx_word' id='word_1_155' title='bbox 543 2191 624 2254; x_wconf 83' lang='grc' dir='ltr'>εἰς</span> <span class='ocrx_word' id='word_1_156' title='bbox 664 2190 889 2262; x_wconf 81' lang='grc' dir='ltr'>Ῥώμην</span> <span class='ocrx_word' id='word_1_157' title='bbox 929 2196 1148 2262; x_wconf 84' lang='grc' dir='ltr'>φυγεῖν,</span> <span class='ocrx_word' id='word_1_158' title='bbox 1185 2195 1283 2266; x_wconf 80' lang='grc' dir='ltr'>τὴν</span> <span class='ocrx_word' id='word_1_159' title='bbox 1315 2195 1601 2266; x_wconf 84' lang='grc' dir='ltr'>βασιλείαν</span> <span class='ocrx_word' id='word_1_160' title='bbox 1661 2198 1992 2267; x_wconf 83' lang='grc' dir='ltr'>μετελευσό-</span> 
     </span>
    </p>
   </div>
   <div class='ocr_carea' id='block_1_24' title="bbox 419 2282 1994 2362">
    <p class='ocr_par' dir='ltr' id='par_1_24' title="bbox 419 2282 1994 2362">
     <span class='ocr_line' id='line_1_24' title="bbox 419 2282 1994 2362; baseline 0.004 -27"><span class='ocrx_word' id='word_1_161' title='bbox 419 2299 605 2355; x_wconf 80' lang='grc' dir='ltr'>μενος.</span> <span class='ocrx_word' id='word_1_162' title='bbox 642 2282 862 2355; x_wconf 81' lang='grc' dir='ltr'>Εὐρέθη</span> <span class='ocrx_word' id='word_1_163' title='bbox 894 2284 952 2338; x_wconf 78' lang='grc' dir='ltr'>δὲ</span> <span class='ocrx_word' id='word_1_164' title='bbox 977 2286 1074 2339; x_wconf 76' lang='grc' dir='ltr'>καὶ</span> <span class='ocrx_word' id='word_1_165' title='bbox 1103 2287 1412 2358; x_wconf 86' lang='grc' dir='ltr'>γράμματα</span> <span class='ocrx_word' id='word_1_166' title='bbox 1442 2287 1798 2360; x_wconf 79' lang='grc' dir='ltr'>Ἀλεξάνδρου</span> <span class='ocrx_word' id='word_1_167' title='bbox 1852 2289 1994 2362; x_wconf 76' lang='grc' dir='ltr'>πρὸς</span> 
     </span>
    </p>
   </div>
   <div class='ocr_carea' id='block_1_25' title="bbox 406 2374 1989 2452">
    <p class='ocr_par' dir='ltr' id='par_1_25' title="bbox 406 2374 1989 2452">
     <span class='ocr_line' id='line_1_25' title="bbox 406 2374 1989 2452; baseline 0.003 -24"><span class='ocrx_word' id='word_1_168' title='bbox 406 2374 498 2428; x_wconf 69' lang='grc' dir='ltr'>τὸν</span> <span class='ocrx_word' id='word_1_169' title='bbox 521 2374 823 2445; x_wconf 76' lang='grc' dir='ltr'>ὁμαίμονα,</span> <span class='ocrx_word' id='word_1_170' title='bbox 865 2376 940 2446; x_wconf 83' lang='grc' dir='ltr'>μὴ</span> <span class='ocrx_word' id='word_1_171' title='bbox 971 2377 1156 2432; x_wconf 87' lang='grc' dir='ltr'>δίκαια</span> <span class='ocrx_word' id='word_1_172' title='bbox 1186 2379 1418 2448; x_wconf 82' lang='grc' dir='ltr'>λέγοντα</span> <span class='ocrx_word' id='word_1_173' title='bbox 1445 2383 1622 2434; x_wconf 78' lang='grc' dir='ltr'>ποιεῖν</span> <span class='ocrx_word' id='word_1_174' title='bbox 1639 2382 1732 2436; x_wconf 84' lang='grc' dir='ltr'><strong>τὸν</strong></span> <span class='ocrx_word' id='word_1_175' title='bbox 1751 2380 1989 2452; x_wconf 83' lang='grc' dir='ltr'>πατέρα,</span> 
     </span>
    </p>
   </div>
   <div class='ocr_carea' id='block_1_26' title="bbox 407 2466 1992 2542">
    <p class='ocr_par' dir='ltr' id='par_1_26' title="bbox 407 2466 1992 2542">
     <span class='ocr_line' id='line_1_26' title="bbox 407 2466 1992 2542; baseline 0.006 -23"><span class='ocrx_word' id='word_1_176' title='bbox 407 2466 767 2536; x_wconf 84' lang='grc' dir='ltr'>προτιμῶντα</span> <span class='ocrx_word' id='word_1_177' title='bbox 793 2468 884 2522; x_wconf 80' lang='grc' dir='ltr'><strong>τὸν</strong></span> <span class='ocrx_word' id='word_1_178' title='bbox 913 2469 1298 2542; x_wconf 83' lang='grc' dir='ltr'>Ἀντίπατρον.</span> <span class='ocrx_word' id='word_1_179' title='bbox 1339 2471 1469 2526; x_wconf 76' lang='grc' dir='ltr'><strong>Ἐπὶ</strong></span> <span class='ocrx_word' id='word_1_180' title='bbox 1521 2472 1735 2538; x_wconf 84' lang='grc' dir='ltr'>τούτοις</span> <span class='ocrx_word' id='word_1_181' title='bbox 1790 2473 1992 2528; x_wconf 86' lang='grc' dir='ltr'>συλλα-</span> 
     </span>
    </p>
   </div>
   <div class='ocr_carea' id='block_1_27' title="bbox 407 2558 1993 2636">
    <p class='ocr_par' dir='ltr' id='par_1_27' title="bbox 407 2558 1993 2636">
     <span class='ocr_line' id='line_1_27' title="bbox 407 2558 1993 2636; baseline 0.006 -25"><span class='ocrx_word' id='word_1_182' title='bbox 407 2558 518 2612; x_wconf 76' lang='grc' dir='ltr'><strong>ϐὼν</strong></span> <span class='ocrx_word' id='word_1_183' title='bbox 542 2559 702 2631; x_wconf 79' lang='grc' dir='ltr'>ἔδησε</span> <span class='ocrx_word' id='word_1_184' title='bbox 739 2560 830 2615; x_wconf 80' lang='grc' dir='ltr'><strong>τὸν</strong></span> <span class='ocrx_word' id='word_1_185' title='bbox 863 2561 1220 2634; x_wconf 81' lang='grc' dir='ltr'>Ἀλέξανδρον</span> <span class='ocrx_word' id='word_1_186' title='bbox 1251 2580 1266 2596; x_wconf 79' lang='grc' dir='ltr'><strong><em>ο</em></strong></span> <span class='ocrx_word' id='word_1_187' title='bbox 1299 2562 1530 2618; x_wconf 74' lang='grc' dir='ltr'>ἔσπευδε</span> <span class='ocrx_word' id='word_1_188' title='bbox 1570 2565 1628 2619; x_wconf 72' lang='grc' dir='ltr'>δὲ</span> <span class='ocrx_word' id='word_1_189' title='bbox 1653 2566 1749 2619; x_wconf 84' lang='grc' dir='ltr'>καὶ</span> <span class='ocrx_word' id='word_1_190' title='bbox 1803 2567 1993 2636; x_wconf 78' lang='grc' dir='ltr'>μεῖζόν</span> 
     </span>
    </p>
   </div>
   <div class='ocr_carea' id='block_1_28' title="bbox 406 2649 1990 2730">
    <p class='ocr_par' dir='ltr' id='par_1_28' title="bbox 406 2649 1990 2730">
     <span class='ocr_line' id='line_1_28' title="bbox 406 2649 1990 2730; baseline 0.006 -28"><span class='ocrx_word' id='word_1_191' title='bbox 406 2667 460 2702; x_wconf 89' lang='grc' dir='ltr'><strong>τι</strong></span> <span class='ocrx_word' id='word_1_192' title='bbox 483 2649 667 2705; x_wconf 73' lang='grc' dir='ltr'>λαϐεῖν</span> <span class='ocrx_word' id='word_1_193' title='bbox 703 2653 1006 2724; x_wconf 85' lang='grc' dir='ltr'>τεκμήριον</span> <span class='ocrx_word' id='word_1_194' title='bbox 1046 2655 1188 2708; x_wconf 78' lang='grc' dir='ltr'>κατὰ</span> <span class='ocrx_word' id='word_1_195' title='bbox 1216 2654 1309 2708; x_wconf 88' lang='grc' dir='ltr'><strong>τοῦ</strong></span> <span class='ocrx_word' id='word_1_196' title='bbox 1347 2655 1487 2720; x_wconf 89' lang='grc' dir='ltr'>υίοῦ,</span> <span class='ocrx_word' id='word_1_197' title='bbox 1522 2657 1611 2710; x_wconf 80' lang='grc' dir='ltr'><strong>ἵνα</strong></span> <span class='ocrx_word' id='word_1_198' title='bbox 1661 2657 1736 2727; x_wconf 84' lang='grc' dir='ltr'>μὴ</span> <span class='ocrx_word' id='word_1_199' title='bbox 1776 2675 1990 2730; x_wconf 79' lang='grc' dir='ltr'>προπε-</span> 
     </span>
    </p>
   </div>
   <div class='ocr_carea' id='block_1_29' title="bbox 407 2745 1990 2820">
    <p class='ocr_par' dir='ltr' id='par_1_29' title="bbox 407 2745 1990 2820">
     <span class='ocr_line' id='line_1_29' title="bbox 407 2745 1990 2820; baseline 0.004 -21"><span class='ocrx_word' id='word_1_200' title='bbox 407 2745 513 2809; x_wconf 88' lang='grc' dir='ltr'><strong>τῶς</strong></span> <span class='ocrx_word' id='word_1_201' title='bbox 541 2745 670 2818; x_wconf 81' lang='grc' dir='ltr'>δόξῃ</span> <span class='ocrx_word' id='word_1_202' title='bbox 701 2746 867 2800; x_wconf 78' lang='grc' dir='ltr'>αὐτὸν</span> <span class='ocrx_word' id='word_1_203' title='bbox 913 2747 1152 2810; x_wconf 87' lang='grc' dir='ltr'>δεδεκώς</span> <span class='ocrx_word' id='word_1_204' title='bbox 1192 2749 1330 2820; x_wconf 78' lang='grc'><strong>(47).</strong></span> <span class='ocrx_word' id='word_1_205' title='bbox 1361 2750 1599 2814; x_wconf 78' lang='grc' dir='ltr'>Πολλοὺς</span> <span class='ocrx_word' id='word_1_206' title='bbox 1631 2747 1723 2804; x_wconf 84' lang='grc' dir='ltr'><strong>οῦν</strong></span> <span class='ocrx_word' id='word_1_207' title='bbox 1747 2752 1842 2806; x_wconf 83' lang='grc' dir='ltr'><strong>καὶ</strong></span> <span class='ocrx_word' id='word_1_208' title='bbox 1878 2752 1990 2806; x_wconf 87' lang='grc' dir='ltr'><strong>τῶν</strong></span> 
     </span>
    </p>
   </div>
   <div class='ocr_carea' id='block_1_30' title="bbox 408 2836 1991 2912">
    <p class='ocr_par' dir='ltr' id='par_1_30' title="bbox 408 2836 1991 2912">
     <span class='ocr_line' id='line_1_30' title="bbox 408 2836 1991 2912; baseline 0.005 -24"><span class='ocrx_word' id='word_1_209' title='bbox 408 2837 466 2888; x_wconf 82' lang='grc' dir='ltr'><strong>ἐν</strong></span> <span class='ocrx_word' id='word_1_210' title='bbox 487 2836 632 2890; x_wconf 85' lang='grc' dir='ltr'>τέλει</span> <span class='ocrx_word' id='word_1_211' title='bbox 663 2836 972 2907; x_wconf 77' lang='grc' dir='ltr'>βασανίζων</span> <span class='ocrx_word' id='word_1_212' title='bbox 998 2839 1297 2910; x_wconf 83' lang='grc' dir='ltr'>διέφθειρε,</span> <span class='ocrx_word' id='word_1_213' title='bbox 1332 2841 1501 2912; x_wconf 79' lang='grc' dir='ltr'>μηδὲν</span> <span class='ocrx_word' id='word_1_214' title='bbox 1547 2841 1826 2905; x_wconf 85' lang='grc' dir='ltr'>είπόντας,</span> <span class='ocrx_word' id='word_1_215' title='bbox 1877 2839 1991 2896; x_wconf 80' lang='grc' dir='ltr'>οἷον</span> 
     </span>
    </p>
   </div>
   <div class='ocr_carea' id='block_1_31' title="bbox 406 2927 1990 3005">
    <p class='ocr_par' dir='ltr' id='par_1_31' title="bbox 406 2927 1990 3005">
     <span class='ocr_line' id='line_1_31' title="bbox 406 2927 1990 3005; baseline 0.006 -26"><span class='ocrx_word' id='word_1_216' title='bbox 406 2927 611 2992; x_wconf 85' lang='grc' dir='ltr'>ἐκεῖνος</span> <span class='ocrx_word' id='word_1_217' title='bbox 641 2927 799 3000; x_wconf 79' lang='grc' dir='ltr'>ᾤετο.</span> <span class='ocrx_word' id='word_1_218' title='bbox 827 2929 914 2992; x_wconf 83' lang='grc' dir='ltr'><strong>Ὦς</strong></span> <span class='ocrx_word' id='word_1_219' title='bbox 937 2930 994 2984; x_wconf 87' lang='grc' dir='ltr'><strong>δέ</strong></span> <span class='ocrx_word' id='word_1_220' title='bbox 1026 2948 1111 2993; x_wconf 88' lang='grc' dir='ltr'><strong>τις</strong></span> <span class='ocrx_word' id='word_1_221' title='bbox 1139 2932 1246 2984; x_wconf 87' lang='grc' dir='ltr'><strong>τῶν</strong></span> <span class='ocrx_word' id='word_1_222' title='bbox 1269 2933 1552 3004; x_wconf 84' lang='grc' dir='ltr'>νεωτέρων</span> <span class='ocrx_word' id='word_1_223' title='bbox 1581 2936 1640 2986; x_wconf 87' lang='grc' dir='ltr'><strong>ἐν</strong></span> <span class='ocrx_word' id='word_1_224' title='bbox 1668 2935 1790 2998; x_wconf 90' lang='grc' dir='ltr'>ταῖς</span> <span class='ocrx_word' id='word_1_225' title='bbox 1816 2934 1990 3005; x_wconf 85' lang='grc' dir='ltr'>ἀνάγ·-</span> 
     </span>
    </p>
   </div>
   <div class='ocr_carea' id='block_1_32' title="bbox 409 3021 1990 3099">
    <p class='ocr_par' dir='ltr' id='par_1_32' title="bbox 409 3021 1990 3099">
     <span class='ocr_line' id='line_1_32' title="bbox 409 3021 1990 3099; baseline 0.005 -26"><span class='ocrx_word' id='word_1_226' title='bbox 409 3036 536 3082; x_wconf 86' lang='grc' dir='ltr'>καις</span> <span class='ocrx_word' id='word_1_227' title='bbox 565 3021 809 3089; x_wconf 85' lang='grc' dir='ltr'>ἐγένετο,</span> <span class='ocrx_word' id='word_1_228' title='bbox 879 3021 1220 3075; x_wconf 77' lang='grc' dir='ltr'>ἐπιστέλλειν</span> <span class='ocrx_word' id='word_1_229' title='bbox 1272 3023 1428 3092; x_wconf 73' lang='grc' dir='ltr'>ἔλεγε</span> <span class='ocrx_word' id='word_1_230' title='bbox 1492 3023 1584 3078; x_wconf 74' lang='grc' dir='ltr'><strong>τὸν</strong></span> <span class='ocrx_word' id='word_1_231' title='bbox 1635 3025 1990 3099; x_wconf 85' lang='grc' dir='ltr'>Ἀλέξανδρον</span> 
     </span>
    </p>
   </div>
   <div class='ocr_carea' id='block_1_33' title="bbox 407 3113 1990 3188">
    <p class='ocr_par' dir='ltr' id='par_1_33' title="bbox 407 3113 1990 3188">
     <span class='ocr_line' id='line_1_33' title="bbox 407 3113 1990 3188; baseline 0.007 -24"><span class='ocrx_word' id='word_1_232' title='bbox 407 3115 522 3176; x_wconf 87' lang='grc' dir='ltr'>τοῖς</span> <span class='ocrx_word' id='word_1_233' title='bbox 556 3115 614 3166; x_wconf 87' lang='grc' dir='ltr'><strong>ἐν</strong></span> <span class='ocrx_word' id='word_1_234' title='bbox 656 3113 851 3188; x_wconf 82' lang='grc' dir='ltr'>Ῥώμῃ</span> <span class='ocrx_word' id='word_1_235' title='bbox 884 3113 1086 3184; x_wconf 78' lang='grc' dir='ltr'>φίλοις,</span> <span class='ocrx_word' id='word_1_236' title='bbox 1115 3115 1377 3180; x_wconf 76' lang='grc' dir='ltr'>ἀξιοῦντα</span> <span class='ocrx_word' id='word_1_237' title='bbox 1424 3117 1693 3187; x_wconf 82' lang='grc' dir='ltr'>κληθῆναι</span> <span class='ocrx_word' id='word_1_238' title='bbox 1750 3120 1854 3172; x_wconf 85' lang='grc' dir='ltr'><strong>ὑπὸ</strong></span> <span class='ocrx_word' id='word_1_239' title='bbox 1893 3121 1990 3175; x_wconf 88' lang='grc' dir='ltr'><strong>τοῦ</strong></span> 
     </span>
    </p>
   </div>
   <div class='ocr_carea' id='block_1_34' title="bbox 2097 631 3685 704">
    <p class='ocr_par' dir='ltr' id='par_1_34' title="bbox 2097 631 3685 704">
     <span class='ocr_line' id='line_1_34' title="bbox 2097 631 3685 704; baseline -0.001 -16"><span class='ocrx_word' id='word_1_240' title='bbox 2097 633 2234 699; x_wconf 90' lang='lat' dir='ltr'><strong>fuit,</strong></span> <span class='ocrx_word' id='word_1_241' title='bbox 2269 649 2462 688; x_wconf 82' lang='lat' dir='ltr'><strong>omnes</strong></span> <span class='ocrx_word' id='word_1_242' title='bbox 2491 641 2780 703; x_wconf 90' lang='lat' dir='ltr'><strong>suspectos</strong></span> <span class='ocrx_word' id='word_1_243' title='bbox 2806 640 2970 701; x_wconf 84' lang='lat' dir='ltr'><strong>atque</strong></span> <span class='ocrx_word' id='word_1_244' title='bbox 3010 631 3176 704; x_wconf 59' lang='grc' dir='ltr'>ξω</span> <span class='ocrx_word' id='word_1_245' title='bbox 3215 631 3420 685; x_wconf 88' lang='lat' dir='ltr'><strong>invisos</strong></span> <span class='ocrx_word' id='word_1_246' title='bbox 3454 631 3685 696; x_wconf 81' lang='lat' dir='ltr'><strong>habuit,</strong></span> 
     </span>
    </p>
   </div>
   <div class='ocr_carea' id='block_1_35' title="bbox 2098 723 3684 793">
    <p class='ocr_par' dir='ltr' id='par_1_35' title="bbox 2098 723 3684 793">
     <span class='ocr_line' id='line_1_35' title="bbox 2098 723 3684 793; baseline -0.001 -13"><span class='ocrx_word' id='word_1_247' title='bbox 2098 727 2288 781; x_wconf 89' lang='lat' dir='ltr'><strong>multis</strong></span> <span class='ocrx_word' id='word_1_248' title='bbox 2333 727 2636 789; x_wconf 72' lang='lat' dir='ltr'><strong>amicorum</strong></span> <span class='ocrx_word' id='word_1_249' title='bbox 2675 725 2826 780; x_wconf 88' lang='lat' dir='ltr'><strong>aditu</strong></span> <span class='ocrx_word' id='word_1_250' title='bbox 2875 725 3038 792; x_wconf 75' lang='lat' dir='ltr'><strong>regiae</strong></span> <span class='ocrx_word' id='word_1_251' title='bbox 3086 723 3372 778; x_wconf 79' lang='lat' dir='ltr'><strong>interdixit</strong></span> <span class='ocrx_word' id='word_1_252' title='bbox 3404 742 3417 777; x_wconf 90' lang='lat'><strong>:</strong></span> <span class='ocrx_word' id='word_1_253' title='bbox 3449 739 3684 793; x_wconf 87' lang='lat' dir='ltr'><strong>quarum</strong></span> 
     </span>
    </p>
   </div>
   <div class='ocr_carea' id='block_1_36' title="bbox 2096 815 3688 885">
    <p class='ocr_par' dir='ltr' id='par_1_36' title="bbox 2096 815 3688 885">
     <span class='ocr_line' id='line_1_36' title="bbox 2096 815 3688 885; baseline -0.003 -13"><span class='ocrx_word' id='word_1_254' title='bbox 2096 818 2551 880; x_wconf 81' lang='lat' dir='ltr'><strong>rerutn&#39;omnium</strong></span> <span class='ocrx_word' id='word_1_255' title='bbox 2579 832 2744 872; x_wconf 82' lang='lat' dir='ltr'><strong>causa</strong></span> <span class='ocrx_word' id='word_1_256' title='bbox 2768 825 2886 870; x_wconf 87' lang='lat' dir='ltr'><strong>erat</strong></span> <span class='ocrx_word' id='word_1_257' title='bbox 2915 817 3223 885; x_wconf 82' lang='lat' dir='ltr'><strong>Antipater.</strong></span> <span class='ocrx_word' id='word_1_258' title='bbox 3247 815 3492 870; x_wconf 86' lang='lat' dir='ltr'><strong>Primum</strong></span> <span class='ocrx_word' id='word_1_259' title='bbox 3519 815 3688 885; x_wconf 91' lang='lat' dir='ltr'><strong>igitur</strong></span> 
     </span>
    </p>
   </div>
   <div class='ocr_carea' id='block_1_37' title="bbox 2095 904 3686 980">
    <p class='ocr_par' dir='ltr' id='par_1_37' title="bbox 2095 904 3686 980">
     <span class='ocr_line' id='line_1_37' title="bbox 2095 904 3686 980; baseline 0 -21"><span class='ocrx_word' id='word_1_260' title='bbox 2095 923 2234 980; x_wconf 87' lang='lat' dir='ltr'><strong>quos</strong></span> <span class='ocrx_word' id='word_1_261' title='bbox 2267 906 2572 961; x_wconf 82' lang='lat' dir='ltr'><strong>Alexandro</strong></span> <span class='ocrx_word' id='word_1_262' title='bbox 2613 906 2750 961; x_wconf 85' lang='lat' dir='ltr'><strong>fidos</strong></span> <span class='ocrx_word' id='word_1_263' title='bbox 2800 921 2920 960; x_wconf 89' lang='lat' dir='ltr'><strong>esse</strong></span> <span class='ocrx_word' id='word_1_264' title='bbox 2973 904 3232 974; x_wconf 82' lang='lat' dir='ltr'><strong>putabat,</strong></span> <span class='ocrx_word' id='word_1_265' title='bbox 3283 904 3686 973; x_wconf 71' lang='lat' dir='ltr'><strong>quaestionibus</strong></span> 
     </span>
    </p>
   </div>
   <div class='ocr_carea' id='block_1_38' title="bbox 2095 995 3686 1065">
    <p class='ocr_par' dir='ltr' id='par_1_38' title="bbox 2095 995 3686 1065">
     <span class='ocr_line' id='line_1_38' title="bbox 2095 995 3686 1065; baseline -0.001 -13"><span class='ocrx_word' id='word_1_266' title='bbox 2095 998 2375 1052; x_wconf 85' lang='lat' dir='ltr'><strong>adhibitos</strong></span> <span class='ocrx_word' id='word_1_267' title='bbox 2395 997 2764 1063; x_wconf 83' lang='lat' dir='ltr'><strong>examinabat,</strong></span> <span class='ocrx_word' id='word_1_268' title='bbox 2789 997 3039 1065; x_wconf 84' lang='lat' dir='ltr'><strong>nunquid</strong></span> <span class='ocrx_word' id='word_1_269' title='bbox 3069 997 3118 1050; x_wconf 90' lang='lat' dir='ltr'><strong>ei</strong></span> <span class='ocrx_word' id='word_1_270' title='bbox 3150 995 3411 1051; x_wconf 78' lang='lat' dir='ltr'><strong>facinoris</strong></span> <span class='ocrx_word' id='word_1_271' title='bbox 3432 995 3686 1065; x_wconf 86' lang='lat' dir='ltr'><strong>alicujus,</strong></span> 
     </span>
    </p>
   </div>
   <div class='ocr_carea' id='block_1_39' title="bbox 2093 1087 3684 1160">
    <p class='ocr_par' dir='ltr' id='par_1_39' title="bbox 2093 1087 3684 1160">
     <span class='ocr_line' id='line_1_39' title="bbox 2093 1087 3684 1160; baseline -0.001 -18"><span class='ocrx_word' id='word_1_272' title='bbox 2093 1107 2204 1160; x_wconf 88' lang='lat' dir='ltr'><strong>quo</strong></span> <span class='ocrx_word' id='word_1_273' title='bbox 2253 1091 2368 1160; x_wconf 88' lang='lat' dir='ltr'><strong>ipse</strong></span> <span class='ocrx_word' id='word_1_274' title='bbox 2408 1099 2710 1160; x_wconf 85' lang='lat' dir='ltr'><strong>peteretur,</strong></span> <span class='ocrx_word' id='word_1_275' title='bbox 2738 1089 2946 1143; x_wconf 84' lang='lat' dir='ltr'><strong>conscii</strong></span> <span class='ocrx_word' id='word_1_276' title='bbox 2993 1088 3224 1143; x_wconf 78' lang='lat' dir='ltr'><strong>essent?</strong></span> <span class='ocrx_word' id='word_1_277' title='bbox 3262 1087 3344 1141; x_wconf 85' lang='lat' dir='ltr'><strong>illi</strong></span> <span class='ocrx_word' id='word_1_278' title='bbox 3399 1101 3526 1142; x_wconf 85' lang='lat' dir='ltr'><strong>vero</strong></span> <span class='ocrx_word' id='word_1_279' title='bbox 3561 1103 3684 1142; x_wconf 91' lang='lat' dir='ltr'><strong>cum</strong></span> 
     </span>
    </p>
   </div>
   <div class='ocr_carea' id='block_1_40' title="bbox 2092 1178 3691 1249">
    <p class='ocr_par' dir='ltr' id='par_1_40' title="bbox 2092 1178 3691 1249">
     <span class='ocr_line' id='line_1_40' title="bbox 2092 1178 3691 1249; baseline -0.001 -17"><span class='ocrx_word' id='word_1_280' title='bbox 2092 1180 2238 1249; x_wconf 88' lang='lat' dir='ltr'><strong>quod</strong></span> <span class='ocrx_word' id='word_1_281' title='bbox 2267 1181 2516 1236; x_wconf 90' lang='lat' dir='ltr'><strong>dicerent</strong></span> <span class='ocrx_word' id='word_1_282' title='bbox 2555 1197 2664 1236; x_wconf 90' lang='lat' dir='ltr'><strong>non</strong></span> <span class='ocrx_word' id='word_1_283' title='bbox 2691 1181 2958 1235; x_wconf 87' lang='lat' dir='ltr'><strong>haberent</strong></span> <span class='ocrx_word' id='word_1_284' title='bbox 2981 1221 2994 1244; x_wconf 93' lang='lat'><strong>,</strong></span> <span class='ocrx_word' id='word_1_285' title='bbox 3022 1179 3360 1234; x_wconf 84' lang='lat' dir='ltr'><strong>cruciatibus</strong></span> <span class='ocrx_word' id='word_1_286' title='bbox 3416 1178 3691 1233; x_wconf 86' lang='lat' dir='ltr'><strong>immorie-</strong></span> 
     </span>
    </p>
   </div>
   <div class='ocr_carea' id='block_1_41' title="bbox 2091 1268 3686 1336">
    <p class='ocr_par' dir='ltr' id='par_1_41' title="bbox 2091 1268 3686 1336">
     <span class='ocr_line' id='line_1_41' title="bbox 2091 1268 3686 1336; baseline 0.001 -13"><span class='ocrx_word' id='word_1_287' title='bbox 2091 1269 2316 1323; x_wconf 89' lang='lat' dir='ltr'><strong>bantur.</strong></span> <span class='ocrx_word' id='word_1_288' title='bbox 2347 1269 2578 1336; x_wconf 84' lang='lat' dir='ltr'><strong>Quidam</strong></span> <span class='ocrx_word' id='word_1_289' title='bbox 2616 1280 2796 1325; x_wconf 90' lang='lat' dir='ltr'><strong>tamen</strong></span> <span class='ocrx_word' id='word_1_290' title='bbox 2829 1278 3230 1324; x_wconf 90' lang='lat' dir='ltr'><strong>tormentorum</strong></span> <span class='ocrx_word' id='word_1_291' title='bbox 3259 1268 3450 1323; x_wconf 91' lang='lat' dir='ltr'><strong>dolore</strong></span> <span class='ocrx_word' id='word_1_292' title='bbox 3475 1268 3686 1333; x_wconf 88' lang='lat' dir='ltr'><strong>victus,</strong></span> 
     </span>
    </p>
   </div>
   <div class='ocr_carea' id='block_1_42' title="bbox 2091 1359 3687 1430">
    <p class='ocr_par' dir='ltr' id='par_1_42' title="bbox 2091 1359 3687 1430">
     <span class='ocr_line' id='line_1_42' title="bbox 2091 1359 3687 1430; baseline 0.001 -17"><span class='ocrx_word' id='word_1_293' title='bbox 2091 1359 2260 1426; x_wconf 81' lang='lat' dir='ltr'><strong>dixit,</strong></span> <span class='ocrx_word' id='word_1_294' title='bbox 2294 1361 2697 1425; x_wconf 77' lang='lat' dir='ltr'><strong>Alexandrum,</strong></span> <span class='ocrx_word' id='word_1_295' title='bbox 2722 1376 2845 1415; x_wconf 91' lang='lat' dir='ltr'><strong>cum</strong></span> <span class='ocrx_word' id='word_1_296' title='bbox 2879 1361 2950 1415; x_wconf 90' lang='lat' dir='ltr'><strong>ob</strong></span> <span class='ocrx_word' id='word_1_297' title='bbox 2983 1361 3369 1430; x_wconf 88' lang='lat' dir='ltr'><strong>proceritatem</strong></span> <span class='ocrx_word' id='word_1_298' title='bbox 3401 1359 3687 1430; x_wconf 87' lang='lat' dir='ltr'><strong>corporis,</strong></span> 
     </span>
    </p>
   </div>
   <div class='ocr_carea' id='block_1_43' title="bbox 2091 1451 3690 1522">
    <p class='ocr_par' dir='ltr' id='par_1_43' title="bbox 2091 1451 3690 1522">
     <span class='ocr_line' id='line_1_43' title="bbox 2091 1451 3690 1522; baseline 0.002 -17"><span class='ocrx_word' id='word_1_299' title='bbox 2091 1451 2387 1521; x_wconf 82' lang='lat' dir='ltr'><strong>sagittandi</strong></span> <span class='ocrx_word' id='word_1_300' title='bbox 2428 1453 2680 1522; x_wconf 81' lang='lat' dir='ltr'><strong>peritiam</strong></span> <span class='ocrx_word' id='word_1_301' title='bbox 2709 1495 2722 1517; x_wconf 92' lang='lat'><strong>,</strong></span> <span class='ocrx_word' id='word_1_302' title='bbox 2762 1463 3098 1522; x_wconf 77' lang='lat' dir='ltr'><strong>czeterasque</strong></span> <span class='ocrx_word' id='word_1_303' title='bbox 3149 1455 3306 1508; x_wconf 78' lang='lat' dir='ltr'><strong>dotes</strong></span> <span class='ocrx_word' id='word_1_304' title='bbox 3340 1452 3690 1508; x_wconf 61' lang='lat' dir='ltr'><strong>laudaretur.</strong></span> 
     </span>
    </p>
   </div>
   <div class='ocr_carea' id='block_1_44' title="bbox 2092 1544 3684 1618">
    <p class='ocr_par' dir='ltr' id='par_1_44' title="bbox 2092 1544 3684 1618">
     <span class='ocr_line' id='line_1_44' title="bbox 2092 1544 3684 1618; baseline -0.003 -16"><span class='ocrx_word' id='word_1_305' title='bbox 2092 1547 2296 1603; x_wconf 77' lang='lat' dir='ltr'><strong>dixisse</strong></span> <span class='ocrx_word' id='word_1_306' title='bbox 2325 1567 2338 1602; x_wconf 92' lang='lat'>:</span> <span class='ocrx_word' id='word_1_307' title='bbox 2363 1547 2423 1602; x_wconf 86' lang='lat' dir='ltr'><strong>Si</strong></span> <span class='ocrx_word' id='word_1_308' title='bbox 2443 1547 2570 1618; x_wconf 82' lang='lat' dir='ltr'><strong>quid</strong></span> <span class='ocrx_word' id='word_1_309' title='bbox 2598 1547 2698 1600; x_wconf 83' lang='lat' dir='ltr'><strong>sibi</strong></span> <span class='ocrx_word' id='word_1_310' title='bbox 2730 1545 2980 1617; x_wconf 74' lang='lat' dir='ltr'><strong>praeclari</strong></span> <span class='ocrx_word' id='word_1_311' title='bbox 3010 1544 3093 1598; x_wconf 82' lang='lat' dir='ltr'><strong>vel</strong></span> <span class='ocrx_word' id='word_1_312' title='bbox 3121 1563 3154 1600; x_wconf 89' lang='lat' dir='ltr'><strong>a</strong></span> <span class='ocrx_word' id='word_1_313' title='bbox 3189 1554 3382 1598; x_wconf 86' lang='lat' dir='ltr'><strong>natura</strong></span> <span class='ocrx_word' id='word_1_314' title='bbox 3409 1544 3684 1610; x_wconf 80' lang='lat' dir='ltr'><strong>tributum,</strong></span> 
     </span>
    </p>
   </div>
   <div class='ocr_carea' id='block_1_45' title="bbox 2091 1634 3685 1709">
    <p class='ocr_par' dir='ltr' id='par_1_45' title="bbox 2091 1634 3685 1709">
     <span class='ocr_line' id='line_1_45' title="bbox 2091 1634 3685 1709; baseline -0.004 -16"><span class='ocrx_word' id='word_1_315' title='bbox 2091 1639 2176 1693; x_wconf 81' lang='lat' dir='ltr'><strong>vel</strong></span> <span class='ocrx_word' id='word_1_316' title='bbox 2199 1640 2372 1693; x_wconf 83' lang='lat' dir='ltr'><strong>studio</strong></span> <span class='ocrx_word' id='word_1_317' title='bbox 2398 1645 2767 1709; x_wconf 75' lang='lat' dir='ltr'><strong>comparatum</strong></span> <span class='ocrx_word' id='word_1_318' title='bbox 2803 1647 2962 1699; x_wconf 80' lang='lat' dir='ltr'><strong>esset,</strong></span> <span class='ocrx_word' id='word_1_319' title='bbox 2987 1637 3042 1689; x_wconf 86' lang='lat' dir='ltr'><strong>id</strong></span> <span class='ocrx_word' id='word_1_320' title='bbox 3068 1636 3171 1689; x_wconf 82' lang='lat' dir='ltr'><strong>sibi</strong></span> <span class='ocrx_word' id='word_1_321' title='bbox 3203 1634 3506 1688; x_wconf 77' lang='lat' dir='ltr'><strong>calamitati</strong></span> <span class='ocrx_word' id='word_1_322' title='bbox 3535 1650 3644 1687; x_wconf 80' lang='lat' dir='ltr'><strong>esse</strong></span> <span class='ocrx_word' id='word_1_323' title='bbox 3669 1672 3685 1696; x_wconf 91' lang='lat'><strong>,</strong></span> 
     </span>
    </p>
   </div>
   <div class='ocr_carea' id='block_1_46' title="bbox 2094 1724 3684 1800">
    <p class='ocr_par' dir='ltr' id='par_1_46' title="bbox 2094 1724 3684 1800">
     <span class='ocr_line' id='line_1_46' title="bbox 2094 1724 3684 1800; baseline -0.003 -19"><span class='ocrx_word' id='word_1_324' title='bbox 2094 1729 2233 1799; x_wconf 88' lang='lat' dir='ltr'><strong>quod</strong></span> <span class='ocrx_word' id='word_1_325' title='bbox 2275 1737 2430 1800; x_wconf 86' lang='lat' dir='ltr'><strong>pater</strong></span> <span class='ocrx_word' id='word_1_326' title='bbox 2476 1729 2586 1782; x_wconf 75' lang='lat' dir='ltr'><strong>suis</strong></span> <span class='ocrx_word' id='word_1_327' title='bbox 2641 1727 2789 1780; x_wconf 82' lang='lat' dir='ltr'><strong>bonis</strong></span> <span class='ocrx_word' id='word_1_328' title='bbox 2843 1726 3061 1780; x_wconf 79' lang='lat' dir='ltr'><strong>doleret.</strong></span> <span class='ocrx_word' id='word_1_329' title='bbox 3105 1724 3360 1795; x_wconf 87' lang='lat' dir='ltr'><strong>Adjecit,</strong></span> <span class='ocrx_word' id='word_1_330' title='bbox 3399 1739 3524 1779; x_wconf 91' lang='lat' dir='ltr'><strong>eum</strong></span> <span class='ocrx_word' id='word_1_331' title='bbox 3559 1740 3684 1780; x_wconf 88' lang='lat' dir='ltr'><strong>cum</strong></span> 
     </span>
    </p>
   </div>
   <div class='ocr_carea' id='block_1_47' title="bbox 2096 1818 3686 1890">
    <p class='ocr_par' dir='ltr' id='par_1_47' title="bbox 2096 1818 3686 1890">
     <span class='ocr_line' id='line_1_47' title="bbox 2096 1818 3686 1890; baseline -0.002 -15"><span class='ocrx_word' id='word_1_332' title='bbox 2096 1819 2412 1875; x_wconf 82' lang='lat' dir='ltr'><strong>Aristobulo</strong></span> <span class='ocrx_word' id='word_1_333' title='bbox 2441 1819 2671 1876; x_wconf 89' lang='lat' dir='ltr'><strong>consilia</strong></span> <span class='ocrx_word' id='word_1_334' title='bbox 2732 1819 2966 1890; x_wconf 76' lang='lat' dir='ltr'><strong>agitasse</strong></span> <span class='ocrx_word' id='word_1_335' title='bbox 3014 1820 3083 1873; x_wconf 89' lang='lat' dir='ltr'><strong>de</strong></span> <span class='ocrx_word' id='word_1_336' title='bbox 3117 1827 3272 1888; x_wconf 87' lang='lat' dir='ltr'><strong>patre</strong></span> <span class='ocrx_word' id='word_1_337' title='bbox 3307 1819 3361 1872; x_wconf 92' lang='lat' dir='ltr'><strong>in</strong></span> <span class='ocrx_word' id='word_1_338' title='bbox 3392 1818 3686 1872; x_wconf 82' lang='lat' dir='ltr'><strong>venatione</strong></span> 
     </span>
    </p>
   </div>
   <div class='ocr_carea' id='block_1_48' title="bbox 2095 1909 3687 1980">
    <p class='ocr_par' dir='ltr' id='par_1_48' title="bbox 2095 1909 3687 1980">
     <span class='ocr_line' id='line_1_48' title="bbox 2095 1909 3687 1980; baseline -0.003 -11"><span class='ocrx_word' id='word_1_339' title='bbox 2095 1913 2423 1978; x_wconf 91' lang='lat' dir='ltr'><strong>occidendo,</strong></span> <span class='ocrx_word' id='word_1_340' title='bbox 2453 1921 2510 1968; x_wconf 90' lang='lat' dir='ltr'><strong>et</strong></span> <span class='ocrx_word' id='word_1_341' title='bbox 2537 1911 2862 1966; x_wconf 89' lang='lat' dir='ltr'><strong>vendicandi</strong></span> <span class='ocrx_word' id='word_1_342' title='bbox 2911 1911 3064 1980; x_wconf 83' lang='lat' dir='ltr'><strong>regni</strong></span> <span class='ocrx_word' id='word_1_343' title='bbox 3099 1927 3262 1965; x_wconf 88' lang='lat' dir='ltr'><strong>causa</strong></span> <span class='ocrx_word' id='word_1_344' title='bbox 3294 1909 3523 1964; x_wconf 83' lang='lat' dir='ltr'><strong>Romam</strong></span> <span class='ocrx_word' id='word_1_345' title='bbox 3555 1926 3687 1965; x_wconf 88' lang='lat' dir='ltr'><strong>con-</strong></span> 
     </span>
    </p>
   </div>
   <div class='ocr_carea' id='block_1_49' title="bbox 2093 2001 3686 2076">
    <p class='ocr_par' dir='ltr' id='par_1_49' title="bbox 2093 2001 3686 2076">
     <span class='ocr_line' id='line_1_49' title="bbox 2093 2001 3686 2076; baseline -0.004 -16"><span class='ocrx_word' id='word_1_346' title='bbox 2093 2005 2378 2076; x_wconf 78' lang='lat' dir='ltr'><strong>fugiendo.</strong></span> <span class='ocrx_word' id='word_1_347' title='bbox 2436 2004 2576 2060; x_wconf 89' lang='lat' dir='ltr'><strong>Sunt</strong></span> <span class='ocrx_word' id='word_1_348' title='bbox 2603 2011 2660 2058; x_wconf 91' lang='lat' dir='ltr'><strong>et</strong></span> <span class='ocrx_word' id='word_1_349' title='bbox 2685 2002 2884 2058; x_wconf 63' lang='lat' dir='ltr'><strong>litterae</strong></span> <span class='ocrx_word' id='word_1_350' title='bbox 2917 2001 3212 2056; x_wconf 85' lang='lat' dir='ltr'><strong>Alexandri</strong></span> <span class='ocrx_word' id='word_1_351' title='bbox 3243 2001 3479 2056; x_wconf 71' lang='lat' dir='ltr'><strong>inventa:</strong></span> <span class='ocrx_word' id='word_1_352' title='bbox 3506 2041 3520 2066; x_wconf 90' lang='lat'><strong>,</strong></span> <span class='ocrx_word' id='word_1_353' title='bbox 3559 2002 3686 2071; x_wconf 87' lang='lat' dir='ltr'><strong>qui-</strong></span> 
     </span>
    </p>
   </div>
   <div class='ocr_carea' id='block_1_50' title="bbox 2093 2095 3688 2165">
    <p class='ocr_par' dir='ltr' id='par_1_50' title="bbox 2093 2095 3688 2165">
     <span class='ocr_line' id='line_1_50' title="bbox 2093 2095 3688 2165; baseline -0.003 -11"><span class='ocrx_word' id='word_1_354' title='bbox 2093 2099 2199 2154; x_wconf 88' lang='lat' dir='ltr'><strong>bus</strong></span> <span class='ocrx_word' id='word_1_355' title='bbox 2240 2097 2308 2152; x_wconf 86' lang='lat' dir='ltr'><strong>ad</strong></span> <span class='ocrx_word' id='word_1_356' title='bbox 2351 2097 2580 2153; x_wconf 83' lang='lat' dir='ltr'><strong>fratrem</strong></span> <span class='ocrx_word' id='word_1_357' title='bbox 2630 2097 2943 2158; x_wconf 86' lang='lat' dir='ltr'><strong>scribebat,</strong></span> <span class='ocrx_word' id='word_1_358' title='bbox 2981 2104 3191 2165; x_wconf 89' lang='lat' dir='ltr'><strong>patrem</strong></span> <span class='ocrx_word' id='word_1_359' title='bbox 3239 2095 3427 2164; x_wconf 91' lang='lat' dir='ltr'><strong>inique</strong></span> <span class='ocrx_word' id='word_1_360' title='bbox 3466 2095 3688 2162; x_wconf 84' lang='lat' dir='ltr'><strong>facere,</strong></span> 
     </span>
    </p>
   </div>
   <div class='ocr_carea' id='block_1_51' title="bbox 2094 2187 3688 2262">
    <p class='ocr_par' dir='ltr' id='par_1_51' title="bbox 2094 2187 3688 2262">
     <span class='ocr_line' id='line_1_51' title="bbox 2094 2187 3688 2262; baseline -0.002 -18"><span class='ocrx_word' id='word_1_361' title='bbox 2094 2191 2187 2260; x_wconf 92' lang='lat' dir='ltr'><strong>qui</strong></span> <span class='ocrx_word' id='word_1_362' title='bbox 2221 2190 2569 2262; x_wconf 79' lang='lat' dir='ltr'><strong>Antipatrum</strong></span> <span class='ocrx_word' id='word_1_363' title='bbox 2613 2189 2747 2260; x_wconf 86' lang='lat' dir='ltr'><strong>ipsis</strong></span> <span class='ocrx_word' id='word_1_364' title='bbox 2781 2188 3105 2244; x_wconf 81' lang='lat' dir='ltr'><strong>anteferret.</strong></span> <span class='ocrx_word' id='word_1_365' title='bbox 3165 2187 3248 2242; x_wconf 92' lang='lat' dir='ltr'><strong>Ob</strong></span> <span class='ocrx_word' id='word_1_366' title='bbox 3302 2188 3419 2243; x_wconf 64' lang='lat' dir='ltr'><strong>hac</strong></span> <span class='ocrx_word' id='word_1_367' title='bbox 3449 2189 3688 2243; x_wconf 84' lang='lat' dir='ltr'><strong>Alexan-</strong></span> 
     </span>
    </p>
   </div>
   <div class='ocr_carea' id='block_1_52' title="bbox 2095 2280 3686 2352">
    <p class='ocr_par' dir='ltr' id='par_1_52' title="bbox 2095 2280 3686 2352">
     <span class='ocr_line' id='line_1_52' title="bbox 2095 2280 3686 2352; baseline 0 -16"><span class='ocrx_word' id='word_1_368' title='bbox 2095 2281 2256 2336; x_wconf 89' lang='lat' dir='ltr'><strong>drum</strong></span> <span class='ocrx_word' id='word_1_369' title='bbox 2307 2283 2364 2336; x_wconf 92' lang='lat' dir='ltr'><strong>in</strong></span> <span class='ocrx_word' id='word_1_370' title='bbox 2413 2283 2631 2338; x_wconf 86' lang='lat' dir='ltr'><strong>vincula</strong></span> <span class='ocrx_word' id='word_1_371' title='bbox 2675 2281 2960 2352; x_wconf 70' lang='lat' dir='ltr'><strong>coniecit:</strong></span> <span class='ocrx_word' id='word_1_372' title='bbox 3011 2280 3107 2335; x_wconf 89' lang='lat' dir='ltr'><strong>sed</strong></span> <span class='ocrx_word' id='word_1_373' title='bbox 3159 2280 3471 2336; x_wconf 82' lang='lat' dir='ltr'><strong>evidentius</strong></span> <span class='ocrx_word' id='word_1_374' title='bbox 3519 2295 3686 2351; x_wconf 85' lang='lat' dir='ltr'><strong>argu-</strong></span> 
     </span>
    </p>
   </div>
   <div class='ocr_carea' id='block_1_53' title="bbox 2094 2370 3686 2441">
    <p class='ocr_par' dir='ltr' id='par_1_53' title="bbox 2094 2370 3686 2441">
     <span class='ocr_line' id='line_1_53' title="bbox 2094 2370 3686 2441; baseline 0.001 -17"><span class='ocrx_word' id='word_1_375' title='bbox 2094 2378 2342 2424; x_wconf 85' lang='lat' dir='ltr'><strong>mentum</strong></span> <span class='ocrx_word' id='word_1_376' title='bbox 2417 2371 2710 2441; x_wconf 69' lang='lat' dir='ltr'><strong>qutesivit,</strong></span> <span class='ocrx_word' id='word_1_377' title='bbox 2772 2386 2841 2425; x_wconf 89' lang='lat' dir='ltr'><strong>ne</strong></span> <span class='ocrx_word' id='word_1_378' title='bbox 2915 2370 3087 2425; x_wconf 76' lang='lat' dir='ltr'><strong>filium</strong></span> <span class='ocrx_word' id='word_1_379' title='bbox 3162 2378 3368 2425; x_wconf 88' lang='lat' dir='ltr'><strong>temere</strong></span> <span class='ocrx_word' id='word_1_380' title='bbox 3443 2370 3686 2425; x_wconf 80' lang='lat' dir='ltr'><strong>vinxisse</strong></span> 
     </span>
    </p>
   </div>
   <div class='ocr_carea' id='block_1_54' title="bbox 2092 2461 3687 2534">
    <p class='ocr_par' dir='ltr' id='par_1_54' title="bbox 2092 2461 3687 2534">
     <span class='ocr_line' id='line_1_54' title="bbox 2092 2461 3687 2534; baseline 0 -17"><span class='ocrx_word' id='word_1_381' title='bbox 2092 2465 2398 2528; x_wconf 78' lang='lat' dir='ltr'><strong>videretur,</strong></span> <span class='ocrx_word' id='word_1_382' title='bbox 2432 2480 2496 2519; x_wconf 91' lang='lat' dir='ltr'><strong>ac</strong></span> <span class='ocrx_word' id='word_1_383' title='bbox 2523 2465 2729 2518; x_wconf 87' lang='lat' dir='ltr'><strong>multos</strong></span> <span class='ocrx_word' id='word_1_384' title='bbox 2759 2463 3000 2534; x_wconf 76' lang='lat' dir='ltr'><strong>insignes</strong></span> <span class='ocrx_word' id='word_1_385' title='bbox 3026 2464 3174 2517; x_wconf 90' lang='lat' dir='ltr'><strong>viros</strong></span> <span class='ocrx_word' id='word_1_386' title='bbox 3205 2463 3257 2516; x_wconf 92' lang='lat' dir='ltr'><strong>in</strong></span> <span class='ocrx_word' id='word_1_387' title='bbox 3289 2461 3687 2532; x_wconf 66' lang='lat' dir='ltr'><strong>quaestionibus</strong></span> 
     </span>
    </p>
   </div>
   <div class='ocr_carea' id='block_1_55' title="bbox 2093 2555 3683 2626">
    <p class='ocr_par' dir='ltr' id='par_1_55' title="bbox 2093 2555 3683 2626">
     <span class='ocr_line' id='line_1_55' title="bbox 2093 2555 3683 2626; baseline -0.004 -12"><span class='ocrx_word' id='word_1_388' title='bbox 2093 2559 2332 2624; x_wconf 88' lang='lat' dir='ltr'><strong>occidit,</strong></span> <span class='ocrx_word' id='word_1_389' title='bbox 2363 2558 2499 2612; x_wconf 85' lang='lat' dir='ltr'><strong>nihil</strong></span> <span class='ocrx_word' id='word_1_390' title='bbox 2529 2558 2633 2612; x_wconf 90' lang='lat' dir='ltr'><strong>tale</strong></span> <span class='ocrx_word' id='word_1_391' title='bbox 2657 2559 2906 2612; x_wconf 87' lang='lat' dir='ltr'><strong>elocutos</strong></span> <span class='ocrx_word' id='word_1_392' title='bbox 2925 2595 2939 2619; x_wconf 96' lang='lat'><strong>,</strong></span> <span class='ocrx_word' id='word_1_393' title='bbox 2969 2556 3131 2626; x_wconf 87' lang='lat' dir='ltr'><strong>quale</strong></span> <span class='ocrx_word' id='word_1_394' title='bbox 3161 2555 3538 2625; x_wconf 79' lang='lat' dir='ltr'><strong>exspectabat.</strong></span> <span class='ocrx_word' id='word_1_395' title='bbox 3573 2556 3683 2610; x_wconf 88' lang='lat' dir='ltr'><strong>Sed</strong></span> 
     </span>
    </p>
   </div>
   <div class='ocr_carea' id='block_1_56' title="bbox 2094 2647 3681 2723">
    <p class='ocr_par' dir='ltr' id='par_1_56' title="bbox 2094 2647 3681 2723">
     <span class='ocr_line' id='line_1_56' title="bbox 2094 2647 3681 2723; baseline -0.003 -18"><span class='ocrx_word' id='word_1_396' title='bbox 2094 2651 2319 2723; x_wconf 91' lang='lat' dir='ltr'><strong>quidam</strong></span> <span class='ocrx_word' id='word_1_397' title='bbox 2386 2651 2750 2714; x_wconf 86' lang='lat' dir='ltr'><strong>adolescens,</strong></span> <span class='ocrx_word' id='word_1_398' title='bbox 2815 2649 3052 2703; x_wconf 87' lang='lat' dir='ltr'><strong>fidiculis</strong></span> <span class='ocrx_word' id='word_1_399' title='bbox 3126 2648 3440 2713; x_wconf 87' lang='lat' dir='ltr'><strong>contentis,</strong></span> <span class='ocrx_word' id='word_1_400' title='bbox 3508 2647 3681 2714; x_wconf 73' lang='lat' dir='ltr'><strong>dixit,</strong></span> 
     </span>
    </p>
   </div>
   <div class='ocr_carea' id='block_1_57' title="bbox 2094 2739 3685 2809">
    <p class='ocr_par' dir='ltr' id='par_1_57' title="bbox 2094 2739 3685 2809">
     <span class='ocr_line' id='line_1_57' title="bbox 2094 2739 3685 2809; baseline -0.003 -10"><span class='ocrx_word' id='word_1_401' title='bbox 2094 2743 2464 2799; x_wconf 80' lang='lat' dir='ltr'><strong>Alexandrum</strong></span> <span class='ocrx_word' id='word_1_402' title='bbox 2519 2742 2588 2798; x_wconf 81' lang='lat' dir='ltr'><strong>ab</strong></span> <span class='ocrx_word' id='word_1_403' title='bbox 2646 2742 2838 2798; x_wconf 84' lang='lat' dir='ltr'><strong>amicis</strong></span> <span class='ocrx_word' id='word_1_404' title='bbox 2886 2741 3151 2796; x_wconf 78' lang='lat' dir='ltr'><strong>Romanis</strong></span> <span class='ocrx_word' id='word_1_405' title='bbox 3218 2739 3482 2809; x_wconf 88' lang='lat' dir='ltr'><strong>petiisse,</strong></span> <span class='ocrx_word' id='word_1_406' title='bbox 3536 2748 3599 2795; x_wconf 89' lang='lat' dir='ltr'><strong>ut</strong></span> <span class='ocrx_word' id='word_1_407' title='bbox 3653 2757 3685 2796; x_wconf 93' lang='lat' dir='ltr'><strong>a</strong></span> 
     </span>
    </p>
   </div>
   <div class='ocr_carea' id='block_1_58' title="bbox 2094 2837 3685 2908">
    <p class='ocr_par' dir='ltr' id='par_1_58' title="bbox 2094 2837 3685 2908">
     <span class='ocr_line' id='line_1_58' title="bbox 2094 2837 3685 2908; baseline -0.004 -9"><span class='ocrx_word' id='word_1_408' title='bbox 2094 2843 2310 2899; x_wconf 70' lang='lat' dir='ltr'><strong>Caesare</strong></span> <span class='ocrx_word' id='word_1_409' title='bbox 2383 2854 2708 2908; x_wconf 89' lang='lat' dir='ltr'><strong>vocaretur,</strong></span> <span class='ocrx_word' id='word_1_410' title='bbox 2763 2842 2831 2896; x_wconf 90' lang='lat' dir='ltr'><strong>ad</strong></span> <span class='ocrx_word' id='word_1_411' title='bbox 2906 2841 3172 2896; x_wconf 89' lang='lat' dir='ltr'><strong>indicium</strong></span> <span class='ocrx_word' id='word_1_412' title='bbox 3233 2838 3547 2895; x_wconf 89' lang='lat' dir='ltr'><strong>faciendum</strong></span> <span class='ocrx_word' id='word_1_413' title='bbox 3614 2837 3685 2892; x_wconf 85' lang='lat' dir='ltr'><strong>de</strong></span> 
     </span>
    </p>
   </div>
   <div class='ocr_carea' id='block_1_59' title="bbox 2091 2929 3686 3006">
    <p class='ocr_par' dir='ltr' id='par_1_59' title="bbox 2091 2929 3686 3006">
     <span class='ocr_line' id='line_1_59' title="bbox 2091 2929 3686 3006; baseline -0.004 -14"><span class='ocrx_word' id='word_1_414' title='bbox 2091 2936 2408 2992; x_wconf 82' lang='lat' dir='ltr'><strong>Mithridate</strong></span> <span class='ocrx_word' id='word_1_415' title='bbox 2438 2936 2769 2991; x_wconf 86' lang='lat' dir='ltr'><strong>Parthorum</strong></span> <span class='ocrx_word' id='word_1_416' title='bbox 2819 2950 2945 3006; x_wconf 86' lang='lat' dir='ltr'><strong>rege</strong></span> <span class='ocrx_word' id='word_1_417' title='bbox 2971 2973 2986 2997; x_wconf 95' lang='lat'><strong>,</strong></span> <span class='ocrx_word' id='word_1_418' title='bbox 3012 2934 3104 3004; x_wconf 92' lang='lat' dir='ltr'><strong>qui</strong></span> <span class='ocrx_word' id='word_1_419' title='bbox 3153 2948 3277 2988; x_wconf 91' lang='lat' dir='ltr'><strong>cum</strong></span> <span class='ocrx_word' id='word_1_420' title='bbox 3308 2940 3462 3000; x_wconf 91' lang='lat' dir='ltr'><strong>patre</strong></span> <span class='ocrx_word' id='word_1_421' title='bbox 3493 2929 3686 2986; x_wconf 85' lang='lat' dir='ltr'><strong>amici-</strong></span> 
     </span>
    </p>
   </div>
   <div class='ocr_carea' id='block_1_60' title="bbox 2093 3023 3684 3087">
    <p class='ocr_par' dir='ltr' id='par_1_60' title="bbox 2093 3023 3684 3087">
     <span class='ocr_line' id='line_1_60' title="bbox 2093 3023 3684 3087; baseline -0.004 -1"><span class='ocrx_word' id='word_1_422' title='bbox 2093 3032 2222 3086; x_wconf 89' lang='lat' dir='ltr'><strong>tiam</strong></span> <span class='ocrx_word' id='word_1_423' title='bbox 2274 3038 2466 3087; x_wconf 89' lang='lat' dir='ltr'><strong>contra</strong></span> <span class='ocrx_word' id='word_1_424' title='bbox 2503 3031 2780 3085; x_wconf 78' lang='lat' dir='ltr'><strong>Romanos</strong></span> <span class='ocrx_word' id='word_1_425' title='bbox 2830 3028 3046 3083; x_wconf 86' lang='lat' dir='ltr'><strong>iniisset</strong></span> <span class='ocrx_word' id='word_1_426' title='bbox 3108 3043 3122 3080; x_wconf 89' lang='lat'><strong>:</strong></span> <span class='ocrx_word' id='word_1_427' title='bbox 3171 3025 3428 3081; x_wconf 90' lang='lat' dir='ltr'><strong>eumdem</strong></span> <span class='ocrx_word' id='word_1_428' title='bbox 3479 3023 3684 3080; x_wconf 84' lang='lat' dir='ltr'><strong>habere</strong></span> 
     </span>
    </p>
   </div>
   <div class='ocr_carea' id='block_1_61' title="bbox 2091 3116 3682 3192">
    <p class='ocr_par' dir='ltr' id='par_1_61' title="bbox 2091 3116 3682 3192">
     <span class='ocr_line' id='line_1_61' title="bbox 2091 3116 3682 3192; baseline -0.004 -15"><span class='ocrx_word' id='word_1_429' title='bbox 2091 3138 2367 3179; x_wconf 90' lang='lat' dir='ltr'><strong>venenum</strong></span> <span class='ocrx_word' id='word_1_430' title='bbox 2411 3122 2678 3177; x_wconf 85' lang='lat' dir='ltr'><strong>Ascalone</strong></span> <span class='ocrx_word' id='word_1_431' title='bbox 2712 3129 3100 3192; x_wconf 61' lang='lat' dir='ltr'><strong>praeparatum.</strong></span> <span class='ocrx_word' id='word_1_432' title='bbox 3147 3118 3273 3173; x_wconf 79' lang='lat' dir='ltr'><strong>llaec</strong></span> <span class='ocrx_word' id='word_1_433' title='bbox 3313 3116 3682 3172; x_wconf 86' lang='lat' dir='ltr'><strong>temeritatem</strong></span> 
     </span>
    </p>
   </div>
   <div class='ocr_carea' id='block_1_62' title="bbox 406 3207 1991 3284">
    <p class='ocr_par' dir='ltr' id='par_1_62' title="bbox 406 3207 1991 3284">
     <span class='ocr_line' id='line_1_62' title="bbox 406 3207 1991 3284; baseline 0.006 -25"><span class='ocrx_word' id='word_1_434' title='bbox 406 3207 708 3278; x_wconf 81' lang='grc' dir='ltr'>Καίσαρος,</span> <span class='ocrx_word' id='word_1_435' title='bbox 743 3207 1084 3278; x_wconf 84' lang='grc' dir='ltr'>μηνύσαντα,</span> <span class='ocrx_word' id='word_1_436' title='bbox 1115 3209 1456 3282; x_wconf 75' lang='grc' dir='ltr'>Μιθριδάτην</span> <span class='ocrx_word' id='word_1_437' title='bbox 1473 3213 1565 3264; x_wconf 67' lang='grc' dir='ltr'><strong>τὶν</strong></span> <span class='ocrx_word' id='word_1_438' title='bbox 1600 3211 1823 3281; x_wconf 85' lang='grc' dir='ltr'>βασιλέα</span> <span class='ocrx_word' id='word_1_439' title='bbox 1847 3214 1991 3284; x_wconf 84' lang='grc' dir='ltr'>Πάρ-</span> 
     </span>
    </p>
   </div>
   <div class='ocr_carea' id='block_1_63' title="bbox 2094 3207 3682 3284">
    <p class='ocr_par' dir='ltr' id='par_1_63' title="bbox 2094 3209 3682 3278">
     <span class='ocr_line' id='line_1_63' title="bbox 2094 3209 3682 3278; baseline -0.004 -7"><span class='ocrx_word' id='word_1_440' title='bbox 2094 3215 2328 3273; x_wconf 83' lang='lat' dir='ltr'><strong>Herodis</strong></span> <span class='ocrx_word' id='word_1_441' title='bbox 2376 3215 2655 3270; x_wconf 88' lang='lat' dir='ltr'><strong>consolata</strong></span> <span class='ocrx_word' id='word_1_442' title='bbox 2701 3224 2848 3268; x_wconf 86' lang='lat' dir='ltr'><strong>sunt.</strong></span> <span class='ocrx_word' id='word_1_443' title='bbox 2878 3211 2957 3267; x_wconf 87' lang='lat' dir='ltr'><strong>Ac</strong></span> <span class='ocrx_word' id='word_1_444' title='bbox 3001 3226 3271 3265; x_wconf 82' lang='lat' dir='ltr'><strong>venenum</strong></span> <span class='ocrx_word' id='word_1_445' title='bbox 3315 3209 3500 3264; x_wconf 90' lang='lat' dir='ltr'><strong>statim</strong></span> <span class='ocrx_word' id='word_1_446' title='bbox 3531 3225 3682 3278; x_wconf 73' lang='lat' dir='ltr'><strong>qua:-</strong></span> 
     </span>
    </p>
   </div>
   <div class='ocr_carea' id='block_1_64' title="bbox 406 3297 1986 3370">
    <p class='ocr_par' dir='ltr' id='par_1_64' title="bbox 406 3297 1986 3370">
     <span class='ocr_line' id='line_1_64' title="bbox 406 3297 1986 3370; baseline 0.004 -21"><span class='ocrx_word' id='word_1_447' title='bbox 406 3297 515 3350; x_wconf 86' lang='grc' dir='ltr'><strong>οων</strong></span> <span class='ocrx_word' id='word_1_448' title='bbox 546 3298 625 3368; x_wconf 84' lang='grc' dir='ltr'>τῷ</span> <span class='ocrx_word' id='word_1_449' title='bbox 651 3297 820 3368; x_wconf 74' lang='grc' dir='ltr'>πατρὶ</span> <span class='ocrx_word' id='word_1_450' title='bbox 852 3298 1183 3366; x_wconf 88' lang='grc' dir='ltr'>φιλιωθέντα</span> <span class='ocrx_word' id='word_1_451' title='bbox 1215 3299 1362 3353; x_wconf 82' lang='grc' dir='ltr'>κατὰ</span> <span class='ocrx_word' id='word_1_452' title='bbox 1411 3300 1723 3370; x_wconf 84' lang='grc' dir='ltr'>Ῥωμαίων,</span> <span class='ocrx_word' id='word_1_453' title='bbox 1759 3299 1904 3356; x_wconf 76' lang='grc' dir='ltr'>εἶναι</span> <span class='ocrx_word' id='word_1_454' title='bbox 1929 3303 1986 3357; x_wconf 74' lang='grc' dir='ltr'>δὲ</span> 
     </span>
    </p>
   </div>
   <div class='ocr_carea' id='block_1_65' title="bbox 405 3391 1986 3463">
    <p class='ocr_par' dir='ltr' id='par_1_65' title="bbox 405 3391 1986 3463">
     <span class='ocr_line' id='line_1_65' title="bbox 405 3391 1986 3463; baseline 0.004 -18"><span class='ocrx_word' id='word_1_455' title='bbox 405 3391 554 3460; x_wconf 79' lang='grc' dir='ltr'>αύτῷ</span> <span class='ocrx_word' id='word_1_456' title='bbox 578 3393 673 3445; x_wconf 71' lang='grc' dir='ltr'><strong>καὶ</strong></span> <span class='ocrx_word' id='word_1_457' title='bbox 696 3391 989 3462; x_wconf 85' lang='grc' dir='ltr'>φάρμακον</span> <span class='ocrx_word' id='word_1_458' title='bbox 1024 3393 1538 3463; x_wconf 74' lang='grc' dir='ltr'>κατεσκευασμένον</span> <span class='ocrx_word' id='word_1_459' title='bbox 1568 3395 1626 3446; x_wconf 91' lang='grc' dir='ltr'><strong>ἐν</strong></span> <span class='ocrx_word' id='word_1_460' title='bbox 1662 3395 1986 3452; x_wconf 83' lang='grc' dir='ltr'>Ἀσκάλωνι.</span> 
     </span>
    </p>
   </div>
   <div class='ocr_carea' id='block_1_66' title="bbox 404 3482 2046 3560">
    <p class='ocr_par' dir='ltr' id='par_1_66' title="bbox 404 3482 2046 3560">
     <span class='ocr_line' id='line_1_66' title="bbox 404 3482 2046 3560; baseline 0.004 -24"><span class='ocrx_word' id='word_1_461' title='bbox 404 3483 594 3537; x_wconf 87' lang='grc' dir='ltr'>Ταῦτα</span> <span class='ocrx_word' id='word_1_462' title='bbox 632 3482 885 3556; x_wconf 75' lang='grc' dir='ltr'>Ἡρώδης</span> <span class='ocrx_word' id='word_1_463' title='bbox 913 3483 1014 3551; x_wconf 80' lang='grc' dir='ltr'>τῆς</span> <span class='ocrx_word' id='word_1_464' title='bbox 1047 3485 1385 3554; x_wconf 88' lang='grc' dir='ltr'>προπετείας</span> <span class='ocrx_word' id='word_1_465' title='bbox 1426 3487 1702 3554; x_wconf 77' lang='grc' dir='ltr'>ἐλογίζετο</span> <span class='ocrx_word' id='word_1_466' title='bbox 1727 3489 1990 3560; x_wconf 83' lang='grc' dir='ltr'>παραμύ-</span> <span class='ocrx_word' id='word_1_467' title='bbox 2039 3520 2046 3526; x_wconf 85' lang='grc'><strong><em>-</em></strong></span> 
     </span>
    </p>
   </div>
   <div class='ocr_carea' id='block_1_67' title="bbox 408 3575 1992 3652">
    <p class='ocr_par' dir='ltr' id='par_1_67' title="bbox 408 3575 1992 3652">
     <span class='ocr_line' id='line_1_67' title="bbox 408 3575 1992 3652; baseline 0.004 -24"><span class='ocrx_word' id='word_1_468' title='bbox 408 3576 558 3628; x_wconf 81' lang='grc' dir='ltr'>θιον·</span> <span class='ocrx_word' id='word_1_469' title='bbox 609 3575 671 3628; x_wconf 84' lang='grc' dir='ltr'><strong>τὸ</strong></span> <span class='ocrx_word' id='word_1_470' title='bbox 706 3576 892 3644; x_wconf 87' lang='grc' dir='ltr'>μέντοι</span> <span class='ocrx_word' id='word_1_471' title='bbox 920 3576 1215 3644; x_wconf 86' lang='grc' dir='ltr'>φάρμακον</span> <span class='ocrx_word' id='word_1_472' title='bbox 1254 3576 1416 3640; x_wconf 76' lang='grc' dir='ltr'>εὐθὺς</span> <span class='ocrx_word' id='word_1_473' title='bbox 1447 3577 1703 3648; x_wconf 79' lang='grc' dir='ltr'>ζητηθέν.</span> <span class='ocrx_word' id='word_1_474' title='bbox 1751 3582 1848 3652; x_wconf 81' lang='grc' dir='ltr'>οὐχ</span> <span class='ocrx_word' id='word_1_475' title='bbox 1901 3582 1992 3634; x_wconf 81' lang='grc' dir='ltr'>εὐ-</span> 
     </span>
    </p>
   </div>
   <div class='ocr_carea' id='block_1_68' title="bbox 408 3665 1990 3740">
    <p class='ocr_par' dir='ltr' id='par_1_68' title="bbox 408 3665 1990 3740">
     <span class='ocr_line' id='line_1_68' title="bbox 408 3665 1990 3740; baseline -0.003 -20"><span class='ocrx_word' id='word_1_476' title='bbox 408 3667 563 3738; x_wconf 86' lang='grc' dir='ltr'>ρέθη.</span> <span class='ocrx_word' id='word_1_477' title='bbox 596 3667 696 3719; x_wconf 73' lang='grc' dir='ltr'><strong>Διὰ</strong></span> <span class='ocrx_word' id='word_1_478' title='bbox 727 3666 784 3720; x_wconf 88' lang='grc' dir='ltr'><strong>δέ</strong></span> <span class='ocrx_word' id='word_1_479' title='bbox 823 3666 923 3736; x_wconf 84' lang='grc' dir='ltr'><strong>τὴν</strong></span> <span class='ocrx_word' id='word_1_480' title='bbox 943 3665 1052 3719; x_wconf 90' lang='grc' dir='ltr'><strong>τῶν</strong></span> <span class='ocrx_word' id='word_1_481' title='bbox 1085 3667 1276 3720; x_wconf 81' lang='grc' dir='ltr'>κακῶν</span> <span class='ocrx_word' id='word_1_482' title='bbox 1301 3668 1612 3740; x_wconf 81' lang='grc' dir='ltr'>ὑπερϐολὴν</span> <span class='ocrx_word' id='word_1_483' title='bbox 1646 3672 1674 3722; x_wconf 87' lang='lat'><strong>6</strong></span> <span class='ocrx_word' id='word_1_484' title='bbox 1735 3673 1990 3738; x_wconf 81' lang='grc' dir='ltr'>Ἀλέξαν-</span> 
     </span>
    </p>
   </div>
   <div class='ocr_carea' id='block_1_69' title="bbox 404 3758 1989 3834">
    <p class='ocr_par' dir='ltr' id='par_1_69' title="bbox 404 3758 1989 3834">
     <span class='ocr_line' id='line_1_69' title="bbox 404 3758 1989 3834; baseline 0.005 -23"><span class='ocrx_word' id='word_1_485' title='bbox 404 3760 532 3830; x_wconf 88' lang='grc' dir='ltr'>δρος</span> <span class='ocrx_word' id='word_1_486' title='bbox 555 3759 876 3828; x_wconf 81' lang='grc' dir='ltr'>φιλονείκως</span> <span class='ocrx_word' id='word_1_487' title='bbox 901 3758 1193 3826; x_wconf 77' lang='grc' dir='ltr'>διατεθεὶς,</span> <span class='ocrx_word' id='word_1_488' title='bbox 1225 3761 1319 3814; x_wconf 75' lang='grc' dir='ltr'>καὶ</span> <span class='ocrx_word' id='word_1_489' title='bbox 1359 3761 1646 3833; x_wconf 80' lang='grc' dir='ltr'>βουληθεὶς</span> <span class='ocrx_word' id='word_1_490' title='bbox 1674 3765 1989 3834; x_wconf 84' lang='grc' dir='ltr'>ἀμύνασθαι</span> 
     </span>
    </p>
   </div>
   <div class='ocr_carea' id='block_1_70' title="bbox 405 3849 1990 3926">
    <p class='ocr_par' dir='ltr' id='par_1_70' title="bbox 405 3849 1990 3926">
     <span class='ocr_line' id='line_1_70' title="bbox 405 3849 1990 3926; baseline 0.004 -21"><span class='ocrx_word' id='word_1_491' title='bbox 405 3854 535 3915; x_wconf 76' lang='grc' dir='ltr'>τοὺς</span> <span class='ocrx_word' id='word_1_492' title='bbox 560 3851 818 3923; x_wconf 78' lang='grc' dir='ltr'>ἐχθροὺς,</span> <span class='ocrx_word' id='word_1_493' title='bbox 854 3849 922 3904; x_wconf 76' lang='grc' dir='ltr'><strong>ἵν’</strong></span> <span class='ocrx_word' id='word_1_494' title='bbox 987 3851 1136 3922; x_wconf 85' lang='grc' dir='ltr'><strong>αὐτῷ</strong></span> <span class='ocrx_word' id='word_1_495' title='bbox 1187 3855 1622 3921; x_wconf 86' lang='grc' dir='ltr'>συναπόλωνται,</span> <span class='ocrx_word' id='word_1_496' title='bbox 1683 3857 1990 3926; x_wconf 84' lang='grc' dir='ltr'>γράμματα</span> 
     </span>
    </p>
   </div>
   <div class='ocr_carea' id='block_1_71' title="bbox 384 3931 1988 4019">
    <p class='ocr_par' dir='ltr' id='par_1_71' title="bbox 384 3931 1988 4019">
     <span class='ocr_line' id='line_1_71' title="bbox 384 3931 1988 4019; baseline 0.005 -25"><span class='ocrx_word' id='word_1_497' title='bbox 384 3931 670 4015; x_wconf 68' lang='grc' dir='ltr'>’πέπομφε</span> <span class='ocrx_word' id='word_1_498' title='bbox 702 3944 781 4013; x_wconf 85' lang='grc' dir='ltr'>τῷ</span> <span class='ocrx_word' id='word_1_499' title='bbox 809 3943 1001 4015; x_wconf 72' lang='grc' dir='ltr'>πατρὶ,</span> <span class='ocrx_word' id='word_1_500' title='bbox 1039 3944 1113 4007; x_wconf 77' lang='grc' dir='ltr'>ὡς</span> <span class='ocrx_word' id='word_1_501' title='bbox 1147 3945 1302 3999; x_wconf 77' lang='grc' dir='ltr'>οὐδὲν</span> <span class='ocrx_word' id='word_1_502' title='bbox 1331 3947 1414 3999; x_wconf 85' lang='grc' dir='ltr'><strong>δεῖ</strong></span> <span class='ocrx_word' id='word_1_503' title='bbox 1449 3946 1766 4017; x_wconf 76' lang='grc' dir='ltr'>βασανίζειν</span> <span class='ocrx_word' id='word_1_504' title='bbox 1787 3966 1801 3979; x_wconf 85' lang='grc'>⁶</span> <span class='ocrx_word' id='word_1_505' title='bbox 1831 3951 1988 4019; x_wconf 83' lang='grc' dir='ltr'>μελε-</span> 
     </span>
    </p>
   </div>
   <div class='ocr_carea' id='block_1_72' title="bbox 405 4033 2017 4110">
    <p class='ocr_par' dir='ltr' id='par_1_72' title="bbox 405 4033 2017 4110">
     <span class='ocr_line' id='line_1_72' title="bbox 405 4033 2017 4110; baseline 0.002 -23"><span class='ocrx_word' id='word_1_506' title='bbox 405 4035 772 4105; x_wconf 49' lang='grc' dir='ltr'>ἢθῆναιγὰρ</span> <span class='ocrx_word' id='word_1_507' title='bbox 807 4038 909 4103; x_wconf 77' lang='grc' dir='ltr'><strong>τὴν</strong></span> <span class='ocrx_word' id='word_1_508' title='bbox 955 4033 1274 4103; x_wconf 78' lang='grc' dir='ltr'>ἐπιϐουλὴν.</span> <span class='ocrx_word' id='word_1_509' title='bbox 1312 4036 1408 4088; x_wconf 70' lang='grc' dir='ltr'>καὶ</span> <span class='ocrx_word' id='word_1_510' title='bbox 1467 4036 1675 4106; x_wconf 89' lang='grc' dir='ltr'>ταύτης</span> <span class='ocrx_word' id='word_1_511' title='bbox 1737 4041 2017 4110; x_wconf 70' lang='grc' dir='ltr'>μετέχει-ι-</span> 
     </span>
    </p>
   </div>
   <div class='ocr_carea' id='block_1_73' title="bbox 403 4126 1992 4200">
    <p class='ocr_par' dir='ltr' id='par_1_73' title="bbox 403 4126 1992 4200">
     <span class='ocr_line' id='line_1_73' title="bbox 403 4126 1992 4200; baseline 0.001 -18"><span class='ocrx_word' id='word_1_512' title='bbox 403 4129 497 4182; x_wconf 86' lang='grc' dir='ltr'><strong>τόν</strong></span> <span class='ocrx_word' id='word_1_513' title='bbox 527 4145 586 4182; x_wconf 89' lang='grc' dir='ltr'><strong>τε</strong></span> <span class='ocrx_word' id='word_1_514' title='bbox 606 4127 866 4198; x_wconf 80' lang='grc' dir='ltr'>Φερώραν</span> <span class='ocrx_word' id='word_1_515' title='bbox 887 4129 980 4179; x_wconf 76' lang='grc' dir='ltr'>καὶ</span> <span class='ocrx_word' id='word_1_516' title='bbox 1003 4126 1127 4190; x_wconf 84' lang='grc' dir='ltr'>τοὺς</span> <span class='ocrx_word' id='word_1_517' title='bbox 1156 4127 1517 4190; x_wconf 87' lang='grc' dir='ltr'>πιστοτάτους</span> <span class='ocrx_word' id='word_1_518' title='bbox 1569 4130 1720 4200; x_wconf 80' lang='grc' dir='ltr'>αὐτῷ</span> <span class='ocrx_word' id='word_1_519' title='bbox 1770 4131 1877 4183; x_wconf 91' lang='grc' dir='ltr'><strong>τῶν</strong></span> <span class='ocrx_word' id='word_1_520' title='bbox 1900 4133 1992 4200; x_wconf 84' lang='grc' dir='ltr'>φί-</span> 
     </span>
    </p>
   </div>
   <div class='ocr_carea' id='block_1_74' title="bbox 403 4218 1992 4295">
    <p class='ocr_par' dir='ltr' id='par_1_74' title="bbox 403 4218 1992 4295">
     <span class='ocr_line' id='line_1_74' title="bbox 403 4218 1992 4295; baseline 0.002 -21"><span class='ocrx_word' id='word_1_521' title='bbox 403 4220 535 4274; x_wconf 85' lang='grc' dir='ltr'>λων.</span> <span class='ocrx_word' id='word_1_522' title='bbox 562 4218 831 4290; x_wconf 84' lang='grc' dir='ltr'>Σαλώμην</span> <span class='ocrx_word' id='word_1_523' title='bbox 877 4218 935 4272; x_wconf 83' lang='grc' dir='ltr'><strong>δέ</strong></span> <span class='ocrx_word' id='word_1_524' title='bbox 960 4220 1054 4271; x_wconf 74' lang='grc' dir='ltr'>καὶ</span> <span class='ocrx_word' id='word_1_525' title='bbox 1105 4218 1328 4290; x_wconf 87' lang='grc' dir='ltr'>νύκτωρ</span> <span class='ocrx_word' id='word_1_526' title='bbox 1367 4220 1798 4274; x_wconf 78' lang='grc' dir='ltr'>ἐπεισελθοῦσαν</span> <span class='ocrx_word' id='word_1_527' title='bbox 1842 4223 1992 4295; x_wconf 83' lang='grc' dir='ltr'>αὐτῷ</span> 
     </span>
    </p>
   </div>
   <div class='ocr_carea' id='block_1_75' title="bbox 410 4309 1991 4383">
    <p class='ocr_par' dir='ltr' id='par_1_75' title="bbox 410 4309 1991 4383">
     <span class='ocr_line' id='line_1_75' title="bbox 410 4309 1991 4383; baseline 0.001 -18"><span class='ocrx_word' id='word_1_528' title='bbox 410 4311 642 4383; x_wconf 80' lang='grc' dir='ltr'>μιγῆναι</span> <span class='ocrx_word' id='word_1_529' title='bbox 671 4312 765 4364; x_wconf 75' lang='grc' dir='ltr'><strong>καὶ</strong></span> <span class='ocrx_word' id='word_1_530' title='bbox 817 4310 1042 4364; x_wconf 81' lang='grc' dir='ltr'>ἄκοντι·</span> <span class='ocrx_word' id='word_1_531' title='bbox 1100 4309 1239 4362; x_wconf 74' lang='grc' dir='ltr'>ἀλλὰ</span> <span class='ocrx_word' id='word_1_532' title='bbox 1279 4311 1372 4363; x_wconf 77' lang='grc' dir='ltr'>καὶ</span> <span class='ocrx_word' id='word_1_533' title='bbox 1425 4310 1632 4376; x_wconf 87' lang='grc' dir='ltr'>πάντας</span> <span class='ocrx_word' id='word_1_534' title='bbox 1679 4314 1759 4376; x_wconf 80' lang='grc' dir='ltr'><strong>είς</strong></span> <span class='ocrx_word' id='word_1_535' title='bbox 1791 4316 1991 4368; x_wconf 78' lang='grc' dir='ltr'>ταυτὸν</span> 
     </span>
    </p>
   </div>
   <div class='ocr_carea' id='block_1_76' title="bbox 402 4403 1989 4477">
    <p class='ocr_par' dir='ltr' id='par_1_76' title="bbox 402 4403 1989 4477">
     <span class='ocr_line' id='line_1_76' title="bbox 402 4403 1989 4477; baseline 0.004 -20"><span class='ocrx_word' id='word_1_536' title='bbox 402 4406 582 4477; x_wconf 75' lang='grc' dir='ltr'>ἥκειν,</span> <span class='ocrx_word' id='word_1_537' title='bbox 602 4403 672 4458; x_wconf 79' lang='grc' dir='ltr'><strong>ἶν’</strong></span> <span class='ocrx_word' id='word_1_538' title='bbox 693 4405 757 4458; x_wconf 87' lang='grc' dir='ltr'><strong>ἐκ</strong></span> <span class='ocrx_word' id='word_1_539' title='bbox 786 4403 952 4474; x_wconf 89' lang='grc' dir='ltr'>μέσου</span> <span class='ocrx_word' id='word_1_540' title='bbox 979 4403 1144 4456; x_wconf 84' lang='grc' dir='ltr'>αὑτοῦ</span> <span class='ocrx_word' id='word_1_541' title='bbox 1170 4405 1461 4472; x_wconf 76' lang='grc' dir='ltr'>γεγονότος</span> <span class='ocrx_word' id='word_1_542' title='bbox 1511 4405 1880 4474; x_wconf 84' lang='grc' dir='ltr'>ἀπαλλαγεῖεν</span> <span class='ocrx_word' id='word_1_543' title='bbox 1895 4409 1989 4463; x_wconf 86' lang='grc' dir='ltr'><strong>τοῦ</strong></span> 
     </span>
    </p>
   </div>
   <div class='ocr_carea' id='block_1_77' title="bbox 407 4496 1990 4569">
    <p class='ocr_par' dir='ltr' id='par_1_77' title="bbox 407 4496 1990 4569">
     <span class='ocr_line' id='line_1_77' title="bbox 407 4496 1990 4569; baseline 0.003 -19"><span class='ocrx_word' id='word_1_544' title='bbox 407 4498 497 4550; x_wconf 72' lang='grc' dir='ltr'>ἀεὶ</span> <span class='ocrx_word' id='word_1_545' title='bbox 549 4496 934 4568; x_wconf 73' lang='grc' dir='ltr'>φθαρήσεσθαι</span> <span class='ocrx_word' id='word_1_546' title='bbox 961 4497 1289 4568; x_wconf 83' lang='grc' dir='ltr'>προσδοκᾷν.</span> <span class='ocrx_word' id='word_1_547' title='bbox 1349 4498 1643 4569; x_wconf 82' lang='grc' dir='ltr'>’Δρχέλαος</span> <span class='ocrx_word' id='word_1_548' title='bbox 1692 4500 1750 4554; x_wconf 88' lang='grc' dir='ltr'><strong>δέ</strong></span> <span class='ocrx_word' id='word_1_549' title='bbox 1796 4503 1824 4555; x_wconf 92' lang='lat'><strong>6</strong></span> <span class='ocrx_word' id='word_1_550' title='bbox 1880 4502 1990 4554; x_wconf 88' lang='grc' dir='ltr'><strong>τῶν</strong></span> 
     </span>
    </p>
   </div>
   <div class='ocr_carea' id='block_1_78' title="bbox 2097 3302 3680 3368">
    <p class='ocr_par' dir='ltr' id='par_1_78' title="bbox 2097 3302 3680 3368">
     <span class='ocr_line' id='line_1_78' title="bbox 2097 3302 3680 3368; baseline -0.005 -7"><span class='ocrx_word' id='word_1_551' title='bbox 2097 3307 2262 3361; x_wconf 90' lang='lat' dir='ltr'><strong>situm</strong></span> <span class='ocrx_word' id='word_1_552' title='bbox 2316 3311 2435 3368; x_wconf 87' lang='lat' dir='ltr'><strong>est,</strong></span> <span class='ocrx_word' id='word_1_553' title='bbox 2473 3304 2569 3360; x_wconf 85' lang='lat' dir='ltr'><strong>sed</strong></span> <span class='ocrx_word' id='word_1_554' title='bbox 2623 3319 2733 3359; x_wconf 89' lang='lat' dir='ltr'><strong>non</strong></span> <span class='ocrx_word' id='word_1_555' title='bbox 2789 3303 3092 3358; x_wconf 90' lang='lat' dir='ltr'><strong>inventum.</strong></span> <span class='ocrx_word' id='word_1_556' title='bbox 3140 3302 3450 3357; x_wconf 76' lang='lat' dir='ltr'><strong>Alexander</strong></span> <span class='ocrx_word' id='word_1_557' title='bbox 3497 3309 3680 3354; x_wconf 90' lang='lat' dir='ltr'><strong>autem</strong></span> 
     </span>
    </p>
   </div>
   <div class='ocr_carea' id='block_1_79' title="bbox 2097 3392 3683 3468">
    <p class='ocr_par' dir='ltr' id='par_1_79' title="bbox 2097 3392 3683 3468">
     <span class='ocr_line' id='line_1_79' title="bbox 2097 3392 3683 3468; baseline -0.005 -14"><span class='ocrx_word' id='word_1_558' title='bbox 2097 3400 2365 3456; x_wconf 81' lang='lat' dir='ltr'><strong>malorum</strong></span> <span class='ocrx_word' id='word_1_559' title='bbox 2423 3396 2802 3468; x_wconf 78' lang='lat' dir='ltr'><strong>magnitudine</strong></span> <span class='ocrx_word' id='word_1_560' title='bbox 2858 3394 3258 3456; x_wconf 82' lang='lat' dir='ltr'><strong>exacerbatus,</strong></span> <span class='ocrx_word' id='word_1_561' title='bbox 3316 3402 3377 3447; x_wconf 95' lang='lat' dir='ltr'><strong>ut</strong></span> <span class='ocrx_word' id='word_1_562' title='bbox 3427 3392 3683 3447; x_wconf 91' lang='lat' dir='ltr'><strong>inimicos</strong></span> 
     </span>
    </p>
   </div>
   <div class='ocr_carea' id='block_1_80' title="bbox 2095 3481 3681 3552">
    <p class='ocr_par' dir='ltr' id='par_1_80' title="bbox 2095 3481 3681 3552">
     <span class='ocr_line' id='line_1_80' title="bbox 2095 3481 3681 3552; baseline -0.005 -8"><span class='ocrx_word' id='word_1_563' title='bbox 2095 3491 2477 3552; x_wconf 84' lang='lat' dir='ltr'><strong>ulcisceretur,</strong></span> <span class='ocrx_word' id='word_1_564' title='bbox 2521 3496 2579 3540; x_wconf 91' lang='lat' dir='ltr'><strong>et</strong></span> <span class='ocrx_word' id='word_1_565' title='bbox 2629 3502 2736 3540; x_wconf 90' lang='lat' dir='ltr'><strong>una</strong></span> <span class='ocrx_word' id='word_1_566' title='bbox 2773 3501 2959 3542; x_wconf 89' lang='lat' dir='ltr'><strong>secum</strong></span> <span class='ocrx_word' id='word_1_567' title='bbox 3019 3485 3072 3540; x_wconf 92' lang='lat' dir='ltr'><strong>in</strong></span> <span class='ocrx_word' id='word_1_568' title='bbox 3133 3484 3360 3540; x_wconf 75' lang='lat' dir='ltr'><strong>exitium</strong></span> <span class='ocrx_word' id='word_1_569' title='bbox 3394 3481 3681 3548; x_wconf 85' lang='lat' dir='ltr'><strong>traheret,</strong></span> 
     </span>
    </p>
   </div>
   <div class='ocr_carea' id='block_1_81' title="bbox 2097 3575 3678 3652">
    <p class='ocr_par' dir='ltr' id='par_1_81' title="bbox 2097 3575 3678 3652">
     <span class='ocr_line' id='line_1_81' title="bbox 2097 3575 3678 3652; baseline -0.005 -16"><span class='ocrx_word' id='word_1_570' title='bbox 2097 3582 2164 3636; x_wconf 84' lang='lat' dir='ltr'><strong>ad</strong></span> <span class='ocrx_word' id='word_1_571' title='bbox 2205 3591 2414 3652; x_wconf 91' lang='lat' dir='ltr'><strong>patrem</strong></span> <span class='ocrx_word' id='word_1_572' title='bbox 2459 3578 2685 3648; x_wconf 85' lang='lat' dir='ltr'><strong>scripsit</strong></span> <span class='ocrx_word' id='word_1_573' title='bbox 2708 3617 2723 3640; x_wconf 89' lang='lat'><strong>,</strong></span> <span class='ocrx_word' id='word_1_574' title='bbox 2756 3577 2895 3632; x_wconf 87' lang='lat' dir='ltr'><strong>nihll</strong></span> <span class='ocrx_word' id='word_1_575' title='bbox 2937 3593 3078 3647; x_wconf 88' lang='lat' dir='ltr'><strong>opus</strong></span> <span class='ocrx_word' id='word_1_576' title='bbox 3105 3593 3224 3632; x_wconf 83' lang='lat' dir='ltr'><strong>esse</strong></span> <span class='ocrx_word' id='word_1_577' title='bbox 3255 3575 3678 3648; x_wconf 76' lang='lat' dir='ltr'><strong>qnzcstionibus.</strong></span> 
     </span>
    </p>
   </div>
   <div class='ocr_carea' id='block_1_82' title="bbox 2096 3667 3682 3740">
    <p class='ocr_par' dir='ltr' id='par_1_82' title="bbox 2096 3667 3682 3740">
     <span class='ocr_line' id='line_1_82' title="bbox 2096 3667 3682 3740; baseline -0.006 -12"><span class='ocrx_word' id='word_1_578' title='bbox 2096 3674 2229 3728; x_wconf 88' lang='lat' dir='ltr'><strong>Nam</strong></span> <span class='ocrx_word' id='word_1_579' title='bbox 2273 3689 2332 3730; x_wconf 91' lang='lat' dir='ltr'><strong>se</strong></span> <span class='ocrx_word' id='word_1_580' title='bbox 2375 3671 2604 3727; x_wconf 89' lang='lat' dir='ltr'><strong>insidias</strong></span> <span class='ocrx_word' id='word_1_581' title='bbox 2644 3669 2948 3740; x_wconf 84' lang='lat' dir='ltr'><strong>cogitasse,</strong></span> <span class='ocrx_word' id='word_1_582' title='bbox 2986 3683 3288 3739; x_wconf 85' lang='lat' dir='ltr'><strong>earumque</strong></span> <span class='ocrx_word' id='word_1_583' title='bbox 3333 3667 3514 3722; x_wconf 87' lang='lat' dir='ltr'><strong>socios</strong></span> <span class='ocrx_word' id='word_1_584' title='bbox 3559 3680 3682 3720; x_wconf 89' lang='lat' dir='ltr'><strong>esse</strong></span> 
     </span>
    </p>
   </div>
   <div class='ocr_carea' id='block_1_83' title="bbox 2097 3757 3684 3833">
    <p class='ocr_par' dir='ltr' id='par_1_83' title="bbox 2097 3757 3684 3833">
     <span class='ocr_line' id='line_1_83' title="bbox 2097 3757 3684 3833; baseline -0.008 -12"><span class='ocrx_word' id='word_1_585' title='bbox 2097 3767 2394 3821; x_wconf 82' lang='lat' dir='ltr'><strong>Pheroram</strong></span> <span class='ocrx_word' id='word_1_586' title='bbox 2419 3805 2432 3827; x_wconf 94' lang='lat'><strong>,</strong></span> <span class='ocrx_word' id='word_1_587' title='bbox 2461 3772 2518 3819; x_wconf 91' lang='lat' dir='ltr'><strong>et</strong></span> <span class='ocrx_word' id='word_1_588' title='bbox 2553 3764 2780 3819; x_wconf 90' lang='lat' dir='ltr'><strong>intimos</strong></span> <span class='ocrx_word' id='word_1_589' title='bbox 2820 3762 2938 3833; x_wconf 85' lang='lat' dir='ltr'><strong>ejus</strong></span> <span class='ocrx_word' id='word_1_590' title='bbox 2978 3764 3207 3814; x_wconf 91' lang='lat' dir='ltr'><strong>amicos.</strong></span> <span class='ocrx_word' id='word_1_591' title='bbox 3259 3757 3514 3812; x_wconf 86' lang='lat' dir='ltr'><strong>Salomen</strong></span> <span class='ocrx_word' id='word_1_592' title='bbox 3547 3770 3684 3808; x_wconf 85' lang='lat' dir='ltr'><strong>vero</strong></span> 
     </span>
    </p>
   </div>
   <div class='ocr_carea' id='block_1_84' title="bbox 2097 3845 3682 3920">
    <p class='ocr_par' dir='ltr' id='par_1_84' title="bbox 2097 3845 3682 3920">
     <span class='ocr_line' id='line_1_84' title="bbox 2097 3845 3682 3920; baseline -0.008 -10"><span class='ocrx_word' id='word_1_593' title='bbox 2097 3857 2264 3912; x_wconf 85' lang='lat' dir='ltr'><strong>etiam</strong></span> <span class='ocrx_word' id='word_1_594' title='bbox 2305 3864 2475 3910; x_wconf 91' lang='lat' dir='ltr'><strong>noctu</strong></span> <span class='ocrx_word' id='word_1_595' title='bbox 2527 3854 2843 3909; x_wconf 88' lang='lat' dir='ltr'><strong>cubiculum</strong></span> <span class='ocrx_word' id='word_1_596' title='bbox 2898 3851 3240 3920; x_wconf 83' lang='lat' dir='ltr'><strong>ingressam,</strong></span> <span class='ocrx_word' id='word_1_597' title='bbox 3278 3862 3464 3902; x_wconf 86' lang='lat' dir='ltr'><strong>secum</strong></span> <span class='ocrx_word' id='word_1_598' title='bbox 3508 3845 3682 3899; x_wconf 90' lang='lat' dir='ltr'><strong>invito</strong></span> 
     </span>
    </p>
   </div>
   <div class='ocr_carea' id='block_1_85' title="bbox 2099 3939 3678 4004">
    <p class='ocr_par' dir='ltr' id='par_1_85' title="bbox 2099 3939 3678 4004">
     <span class='ocr_line' id='line_1_85' title="bbox 2099 3939 3678 4004; baseline -0.009 0"><span class='ocrx_word' id='word_1_599' title='bbox 2099 3965 2214 4004; x_wconf 92' lang='lat' dir='ltr'><strong>rem</strong></span> <span class='ocrx_word' id='word_1_600' title='bbox 2243 3949 2504 4003; x_wconf 84' lang='lat' dir='ltr'><strong>habuisse</strong></span> <span class='ocrx_word' id='word_1_601' title='bbox 2547 3965 2560 4000; x_wconf 93' lang='lat'>:</span> <span class='ocrx_word' id='word_1_602' title='bbox 2603 3947 2888 4001; x_wconf 88' lang='lat' dir='ltr'><strong>enimvero</strong></span> <span class='ocrx_word' id='word_1_603' title='bbox 2922 3959 3116 3999; x_wconf 89' lang='lat' dir='ltr'><strong>omnes</strong></span> <span class='ocrx_word' id='word_1_604' title='bbox 3145 3942 3198 3996; x_wconf 92' lang='lat' dir='ltr'><strong>in</strong></span> <span class='ocrx_word' id='word_1_605' title='bbox 3227 3956 3294 3994; x_wconf 91' lang='lat' dir='ltr'><strong>eo</strong></span> <span class='ocrx_word' id='word_1_606' title='bbox 3329 3939 3678 4001; x_wconf 82' lang='lat' dir='ltr'><strong>consentire,</strong></span> 
     </span>
    </p>
   </div>
   <div class='ocr_carea' id='block_1_86' title="bbox 2100 4032 3682 4112">
    <p class='ocr_par' dir='ltr' id='par_1_86' title="bbox 2100 4032 3682 4112">
     <span class='ocr_line' id='line_1_86' title="bbox 2100 4032 3682 4112; baseline -0.009 -14"><span class='ocrx_word' id='word_1_607' title='bbox 2100 4053 2162 4098; x_wconf 90' lang='lat' dir='ltr'><strong>ut</strong></span> <span class='ocrx_word' id='word_1_608' title='bbox 2201 4045 2320 4112; x_wconf 88' lang='lat' dir='ltr'><strong>ipso</strong></span> <span class='ocrx_word' id='word_1_609' title='bbox 2371 4058 2402 4098; x_wconf 90' lang='lat' dir='ltr'><strong>e</strong></span> <span class='ocrx_word' id='word_1_610' title='bbox 2460 4042 2642 4096; x_wconf 89' lang='lat' dir='ltr'><strong>medio</strong></span> <span class='ocrx_word' id='word_1_611' title='bbox 2690 4040 2930 4103; x_wconf 88' lang='lat' dir='ltr'><strong>sublato,</strong></span> <span class='ocrx_word' id='word_1_612' title='bbox 2984 4043 3259 4107; x_wconf 88' lang='lat' dir='ltr'><strong>perpetuo</strong></span> <span class='ocrx_word' id='word_1_613' title='bbox 3315 4032 3469 4087; x_wconf 77' lang='lat' dir='ltr'><strong>exitii</strong></span> <span class='ocrx_word' id='word_1_614' title='bbox 3531 4041 3682 4086; x_wconf 88' lang='lat' dir='ltr'><strong>metu</strong></span> 
     </span>
    </p>
   </div>
   <div class='ocr_carea' id='block_1_87' title="bbox 2098 4124 3681 4194">
    <p class='ocr_par' dir='ltr' id='par_1_87' title="bbox 2098 4124 3681 4194">
     <span class='ocr_line' id='line_1_87' title="bbox 2098 4124 3681 4194; baseline -0.009 -5"><span class='ocrx_word' id='word_1_615' title='bbox 2098 4136 2425 4189; x_wconf 88' lang='lat' dir='ltr'><strong>liberentur.</strong></span> <span class='ocrx_word' id='word_1_616' title='bbox 2468 4133 2743 4188; x_wconf 69' lang='lat' dir='ltr'><strong>Cteterum</strong></span> <span class='ocrx_word' id='word_1_617' title='bbox 2784 4129 3084 4185; x_wconf 82' lang='lat' dir='ltr'><strong>Archelaus</strong></span> <span class='ocrx_word' id='word_1_618' title='bbox 3115 4124 3500 4194; x_wconf 87' lang='lat' dir='ltr'><strong>Cappadocum</strong></span> <span class='ocrx_word' id='word_1_619' title='bbox 3545 4139 3640 4177; x_wconf 82' lang='lat' dir='ltr'><strong>rex</strong></span> <span class='ocrx_word' id='word_1_620' title='bbox 3665 4163 3681 4187; x_wconf 94' lang='lat'><strong>,</strong></span> 
     </span>
    </p>
   </div>
   <div class='ocr_carea' id='block_1_88' title="bbox 2101 4214 3681 4296">
    <p class='ocr_par' dir='ltr' id='par_1_88' title="bbox 2101 4214 3681 4296">
     <span class='ocr_line' id='line_1_88' title="bbox 2101 4214 3681 4296; baseline -0.01 -14"><span class='ocrx_word' id='word_1_621' title='bbox 2101 4229 2170 4282; x_wconf 70' lang='lat' dir='ltr'><strong>iis</strong></span> <span class='ocrx_word' id='word_1_622' title='bbox 2199 4227 2436 4296; x_wconf 80' lang='lat' dir='ltr'><strong>cognitis</strong></span> <span class='ocrx_word' id='word_1_623' title='bbox 2457 4265 2472 4290; x_wconf 88' lang='lat'><strong>,</strong></span> <span class='ocrx_word' id='word_1_624' title='bbox 2504 4224 2573 4278; x_wconf 87' lang='lat' dir='ltr'><strong>de</strong></span> <span class='ocrx_word' id='word_1_625' title='bbox 2605 4223 2714 4277; x_wconf 86' lang='lat' dir='ltr'><strong>filia</strong></span> <span class='ocrx_word' id='word_1_626' title='bbox 2746 4232 2802 4277; x_wconf 90' lang='lat' dir='ltr'><strong>et</strong></span> <span class='ocrx_word' id='word_1_627' title='bbox 2835 4235 3040 4290; x_wconf 86' lang='lat' dir='ltr'><strong>genero</strong></span> <span class='ocrx_word' id='word_1_628' title='bbox 3069 4217 3340 4274; x_wconf 89' lang='lat' dir='ltr'><strong>sollicitus</strong></span> <span class='ocrx_word' id='word_1_629' title='bbox 3367 4254 3382 4279; x_wconf 89' lang='lat'><strong>,</strong></span> <span class='ocrx_word' id='word_1_630' title='bbox 3416 4214 3681 4269; x_wconf 77' lang='lat' dir='ltr'><strong>Hieroso-</strong></span> 
     </span>
    </p>
   </div>
   <div class='ocr_carea' id='block_1_89' title="bbox 2098 4309 3681 4391">
    <p class='ocr_par' dir='ltr' id='par_1_89' title="bbox 2098 4309 3681 4391">
     <span class='ocr_line' id='line_1_89' title="bbox 2098 4309 3681 4391; baseline -0.009 -17"><span class='ocrx_word' id='word_1_631' title='bbox 2098 4321 2243 4391; x_wconf 82' lang='lat' dir='ltr'><strong>lyma</strong></span> <span class='ocrx_word' id='word_1_632' title='bbox 2284 4318 2478 4380; x_wconf 88' lang='lat' dir='ltr'><strong>venit,</strong></span> <span class='ocrx_word' id='word_1_633' title='bbox 2512 4315 2808 4370; x_wconf 81' lang='lat' dir='ltr'><strong>artificiose</strong></span> <span class='ocrx_word' id='word_1_634' title='bbox 2859 4311 3139 4366; x_wconf 89' lang='lat' dir='ltr'><strong>molestias</strong></span> <span class='ocrx_word' id='word_1_635' title='bbox 3189 4309 3382 4364; x_wconf 88' lang='lat' dir='ltr'><strong>sedare</strong></span> <span class='ocrx_word' id='word_1_636' title='bbox 3428 4315 3681 4362; x_wconf 90' lang='lat' dir='ltr'><strong>conatus.</strong></span> 
     </span>
    </p>
   </div>
   <div class='ocr_carea' id='block_1_90' title="bbox 2101 4399 3680 4469">
    <p class='ocr_par' dir='ltr' id='par_1_90' title="bbox 2101 4399 3680 4469">
     <span class='ocr_line' id='line_1_90' title="bbox 2101 4399 3680 4469; baseline -0.009 -3"><span class='ocrx_word' id='word_1_637' title='bbox 2101 4411 2236 4466; x_wconf 88' lang='lat' dir='ltr'><strong>Nam</strong></span> <span class='ocrx_word' id='word_1_638' title='bbox 2267 4409 2674 4464; x_wconf 83' lang='lat' dir='ltr'><strong>adolescentem</strong></span> <span class='ocrx_word' id='word_1_639' title='bbox 2709 4404 3037 4469; x_wconf 88' lang='lat' dir='ltr'><strong>accusabat,</strong></span> <span class='ocrx_word' id='word_1_640' title='bbox 3074 4412 3131 4457; x_wconf 89' lang='lat' dir='ltr'><strong>et</strong></span> <span class='ocrx_word' id='word_1_641' title='bbox 3165 4399 3438 4456; x_wconf 82' lang='lat' dir='ltr'><strong>Herodem</strong></span> <span class='ocrx_word' id='word_1_642' title='bbox 3462 4415 3680 4468; x_wconf 72' lang='lat' dir='ltr'><strong>aequum</strong></span> 
     </span>
    </p>
   </div>
   <div class='ocr_carea' id='block_1_91' title="bbox 2101 4488 3686 4565">
    <p class='ocr_par' dir='ltr' id='par_1_91' title="bbox 2101 4488 3686 4565">
     <span class='ocr_line' id='line_1_91' title="bbox 2101 4488 3686 4565; baseline -0.009 -11"><span class='ocrx_word' id='word_1_643' title='bbox 2101 4499 2368 4563; x_wconf 87' lang='lat' dir='ltr'><strong>vocabat,</strong></span> <span class='ocrx_word' id='word_1_644' title='bbox 2401 4513 2569 4565; x_wconf 88' lang='lat' dir='ltr'><strong>seque</strong></span> <span class='ocrx_word' id='word_1_645' title='bbox 2597 4495 3000 4562; x_wconf 84' lang='lat' dir='ltr'><strong>dirempturum</strong></span> <span class='ocrx_word' id='word_1_646' title='bbox 3029 4507 3149 4546; x_wconf 86' lang='lat' dir='ltr'><strong>esse</strong></span> <span class='ocrx_word' id='word_1_647' title='bbox 3179 4489 3493 4560; x_wconf 88' lang='lat' dir='ltr'><strong>conjugium</strong></span> <span class='ocrx_word' id='word_1_648' title='bbox 3521 4488 3686 4558; x_wconf 75' lang='lat'><strong>250</strong></span> 
     </span>
    </p>
   </div>
   <div class='ocr_carea' id='block_1_92' title="bbox 403 4571 1991 4664">
    <p class='ocr_par' dir='ltr' id='par_1_92' title="bbox 403 4586 1991 4662">
     <span class='ocr_line' id='line_1_92' title="bbox 403 4586 1991 4662; baseline 0.004 -21"><span class='ocrx_word' id='word_1_649' title='bbox 403 4587 794 4642; x_wconf 80' lang='grc' dir='ltr'>Καππαδοκῶν</span> <span class='ocrx_word' id='word_1_650' title='bbox 841 4586 1096 4658; x_wconf 87' lang='grc' dir='ltr'>βασιλεὺς</span> <span class='ocrx_word' id='word_1_651' title='bbox 1141 4589 1316 4642; x_wconf 80' lang='grc' dir='ltr'>ταῦτα</span> <span class='ocrx_word' id='word_1_652' title='bbox 1365 4589 1576 4659; x_wconf 85' lang='grc' dir='ltr'>μαθὼν,</span> <span class='ocrx_word' id='word_1_653' title='bbox 1606 4593 1700 4644; x_wconf 80' lang='grc' dir='ltr'><strong>καὶ</strong></span> <span class='ocrx_word' id='word_1_654' title='bbox 1746 4593 1991 4662; x_wconf 83' lang='grc' dir='ltr'>ἀγωνιῶν</span> 
     </span>
    </p>
   </div>
   <div class='ocr_carea' id='block_1_93' title="bbox 2094 4571 3681 4664">
    <p class='ocr_par' dir='ltr' id='par_1_93' title="bbox 2106 4575 3681 4664">
     <span class='ocr_line' id='line_1_93' title="bbox 2106 4575 3681 4664; baseline -0.007 -19"><span class='ocrx_word' id='word_1_655' title='bbox 2106 4575 2486 4664; x_wconf 77' lang='lat' dir='ltr'><strong>profitebatur.</strong></span> <span class='ocrx_word' id='word_1_656' title='bbox 2527 4590 2625 4644; x_wconf 90' lang='lat' dir='ltr'><strong>lllo</strong></span> <span class='ocrx_word' id='word_1_657' title='bbox 2668 4605 2732 4643; x_wconf 87' lang='lat' dir='ltr'><strong>ea</strong></span> <span class='ocrx_word' id='word_1_658' title='bbox 2773 4587 3028 4650; x_wconf 89' lang='lat' dir='ltr'><strong>dicente,</strong></span> <span class='ocrx_word' id='word_1_659' title='bbox 3059 4583 3304 4639; x_wconf 87' lang='lat' dir='ltr'><strong>Herodes</strong></span> <span class='ocrx_word' id='word_1_660' title='bbox 3337 4581 3546 4637; x_wconf 67' lang='lat' dir='ltr'><strong>saevitia</strong></span> <span class='ocrx_word' id='word_1_661' title='bbox 3588 4595 3681 4635; x_wconf 90' lang='lat' dir='ltr'><strong>re-</strong></span> 
     </span>
    </p>
   </div>
   <div class='ocr_carea' id='block_1_94' title="bbox 403 4676 1991 4754">
    <p class='ocr_par' dir='ltr' id='par_1_94' title="bbox 403 4677 1991 4754">
     <span class='ocr_line' id='line_1_94' title="bbox 403 4677 1991 4754; baseline 0.004 -24"><span class='ocrx_word' id='word_1_662' title='bbox 403 4679 547 4748; x_wconf 80' lang='grc' dir='ltr'>ὑπέρ</span> <span class='ocrx_word' id='word_1_663' title='bbox 572 4694 631 4730; x_wconf 83' lang='grc' dir='ltr'><strong>τε</strong></span> <span class='ocrx_word' id='word_1_664' title='bbox 664 4677 764 4746; x_wconf 83' lang='grc' dir='ltr'>τῆς</span> <span class='ocrx_word' id='word_1_665' title='bbox 786 4677 1062 4746; x_wconf 76' lang='grc' dir='ltr'>θυγατρὸς</span> <span class='ocrx_word' id='word_1_666' title='bbox 1085 4678 1181 4731; x_wconf 76' lang='grc' dir='ltr'>καὶ</span> <span class='ocrx_word' id='word_1_667' title='bbox 1202 4678 1296 4731; x_wconf 92' lang='grc' dir='ltr'><strong>τοῦ</strong></span> <span class='ocrx_word' id='word_1_668' title='bbox 1320 4679 1610 4752; x_wconf 84' lang='grc' dir='ltr'>κηδεστοῦ,</span> <span class='ocrx_word' id='word_1_669' title='bbox 1627 4683 1991 4754; x_wconf 74' lang='grc' dir='ltr'><strong>ἰιταραγέγονε1</strong></span> 
     </span>
    </p>
   </div>
   <div class='ocr_carea' id='block_1_95' title="bbox 2094 4676 3680 4754">
    <p class='ocr_par' dir='ltr' id='par_1_95' title="bbox 2101 4676 3680 4752">
     <span class='ocr_line' id='line_1_95' title="bbox 2101 4676 3680 4752; baseline -0.009 -11"><span class='ocrx_word' id='word_1_670' title='bbox 2101 4687 2271 4742; x_wconf 87' lang='lat' dir='ltr'><strong>missa</strong></span> <span class='ocrx_word' id='word_1_671' title='bbox 2299 4727 2313 4752; x_wconf 93' lang='lat'><strong>,</strong></span> <span class='ocrx_word' id='word_1_672' title='bbox 2347 4685 2401 4739; x_wconf 92' lang='lat' dir='ltr'><strong>in</strong></span> <span class='ocrx_word' id='word_1_673' title='bbox 2441 4697 2736 4738; x_wconf 59' lang='lat' dir='ltr'><strong>maerorem</strong></span> <span class='ocrx_word' id='word_1_674' title='bbox 2781 4688 2838 4735; x_wconf 90' lang='lat' dir='ltr'><strong>et</strong></span> <span class='ocrx_word' id='word_1_675' title='bbox 2867 4681 3139 4751; x_wconf 82' lang='lat' dir='ltr'><strong>lacrymas</strong></span> <span class='ocrx_word' id='word_1_676' title='bbox 3169 4676 3352 4746; x_wconf 88' lang='lat' dir='ltr'><strong>erupit</strong></span> <span class='ocrx_word' id='word_1_677' title='bbox 3385 4694 3400 4730; x_wconf 87' lang='lat'>:</span> <span class='ocrx_word' id='word_1_678' title='bbox 3439 4689 3680 4744; x_wconf 90' lang='lat' dir='ltr'><strong>eumque</strong></span> 
     </span>
    </p>
   </div>
   <div class='ocr_carea' id='block_1_96' title="bbox 405 4767 1991 4850">
    <p class='ocr_par' dir='ltr' id='par_1_96' title="bbox 405 4769 1991 4847">
     <span class='ocr_line' id='line_1_96' title="bbox 405 4769 1991 4847; baseline 0.003 -24"><span class='ocrx_word' id='word_1_679' title='bbox 405 4775 500 4823; x_wconf 61' lang='grc' dir='ltr'>κατ.</span> <span class='ocrx_word' id='word_1_680' title='bbox 531 4770 746 4838; x_wconf 82' lang='grc' dir='ltr'>εὐφυῶς</span> <span class='ocrx_word' id='word_1_681' title='bbox 777 4771 969 4841; x_wconf 80' lang='grc' dir='ltr'>μετῄει</span> <span class='ocrx_word' id='word_1_682' title='bbox 995 4769 1105 4823; x_wconf 82' lang='grc' dir='ltr'><strong>τῶν</strong></span> <span class='ocrx_word' id='word_1_683' title='bbox 1127 4771 1447 4825; x_wconf 89' lang='grc' dir='ltr'>λυπούντων</span> <span class='ocrx_word' id='word_1_684' title='bbox 1467 4773 1567 4842; x_wconf 79' lang='grc' dir='ltr'><strong>τὴν</strong></span> <span class='ocrx_word' id='word_1_685' title='bbox 1593 4774 1991 4847; x_wconf 83' lang='grc' dir='ltr'>ἐπανόρθωσιν,</span> 
     </span>
    </p>
   </div>
   <div class='ocr_carea' id='block_1_97' title="bbox 2094 4767 3683 4850">
    <p class='ocr_par' dir='ltr' id='par_1_97' title="bbox 2100 4767 3683 4850">
     <span class='ocr_line' id='line_1_97' title="bbox 2100 4767 3683 4850; baseline -0.009 -16"><span class='ocrx_word' id='word_1_686' title='bbox 2100 4779 2355 4850; x_wconf 75' lang='lat' dir='ltr'><strong>rogavit,</strong></span> <span class='ocrx_word' id='word_1_687' title='bbox 2403 4792 2472 4831; x_wconf 91' lang='lat' dir='ltr'><strong>ne</strong></span> <span class='ocrx_word' id='word_1_688' title='bbox 2517 4773 2928 4829; x_wconf 89' lang='lat' dir='ltr'><strong>matrimonium</strong></span> <span class='ocrx_word' id='word_1_689' title='bbox 2972 4771 3298 4834; x_wconf 89' lang='lat' dir='ltr'><strong>dirimeret,</strong></span> <span class='ocrx_word' id='word_1_690' title='bbox 3347 4767 3444 4822; x_wconf 92' lang='lat' dir='ltr'><strong>sed</strong></span> <span class='ocrx_word' id='word_1_691' title='bbox 3481 4767 3683 4822; x_wconf 86' lang='lat' dir='ltr'><strong>omissa</strong></span> 
     </span>
    </p>
   </div>
   <div class='ocr_carea' id='block_1_98' title="bbox 403 4858 1991 4937">
    <p class='ocr_par' dir='ltr' id='par_1_98' title="bbox 403 4860 1991 4937">
     <span class='ocr_line' id='line_1_98' title="bbox 403 4860 1991 4937; baseline 0.005 -23"><span class='ocrx_word' id='word_1_692' title='bbox 403 4860 503 4914; x_wconf 88' lang='grc' dir='ltr'><strong>τοῦ</strong></span> <span class='ocrx_word' id='word_1_693' title='bbox 543 4862 644 4931; x_wconf 89' lang='grc' dir='ltr'><strong>μέν</strong></span> <span class='ocrx_word' id='word_1_694' title='bbox 678 4863 969 4917; x_wconf 85' lang='grc' dir='ltr'>νεανίσκου</span> <span class='ocrx_word' id='word_1_695' title='bbox 1023 4863 1482 4932; x_wconf 89' lang='grc' dir='ltr'>καταγινώσκων.</span> <span class='ocrx_word' id='word_1_696' title='bbox 1525 4867 1750 4937; x_wconf 75' lang='grc' dir='ltr'>ἐπιεικῆ</span> <span class='ocrx_word' id='word_1_697' title='bbox 1791 4867 1847 4920; x_wconf 81' lang='grc' dir='ltr'>δὲ</span> <span class='ocrx_word' id='word_1_698' title='bbox 1905 4869 1991 4922; x_wconf 82' lang='grc' dir='ltr'><strong>τὸν</strong></span> 
     </span>
    </p>
   </div>
   <div class='ocr_carea' id='block_1_99' title="bbox 2094 4858 3680 4937">
    <p class='ocr_par' dir='ltr' id='par_1_99' title="bbox 2098 4858 3680 4935">
     <span class='ocr_line' id='line_1_99' title="bbox 2098 4858 3680 4935; baseline -0.007 -9"><span class='ocrx_word' id='word_1_699' title='bbox 2098 4870 2422 4935; x_wconf 88' lang='lat' dir='ltr'><strong>iracundia,</strong></span> <span class='ocrx_word' id='word_1_700' title='bbox 2479 4867 2693 4924; x_wconf 90' lang='lat' dir='ltr'><strong>delictis</strong></span> <span class='ocrx_word' id='word_1_701' title='bbox 2765 4863 3133 4920; x_wconf 87' lang='lat' dir='ltr'><strong>adolescentis</strong></span> <span class='ocrx_word' id='word_1_702' title='bbox 3199 4863 3415 4915; x_wconf 85' lang='lat' dir='ltr'><strong>veniam</strong></span> <span class='ocrx_word' id='word_1_703' title='bbox 3502 4858 3680 4915; x_wconf 87' lang='lat' dir='ltr'><strong>daret.</strong></span> 
     </span>
    </p>
   </div>
   <div class='ocr_carea' id='block_1_100' title="bbox 407 4949 1991 5028">
    <p class='ocr_par' dir='ltr' id='par_1_100' title="bbox 407 4955 1989 5028">
     <span class='ocr_line' id='line_1_100' title="bbox 407 4955 1989 5028; baseline 0.005 -21"><span class='ocrx_word' id='word_1_704' title='bbox 407 4956 668 5026; x_wconf 82' lang='grc' dir='ltr'>Ἥρώδην</span> <span class='ocrx_word' id='word_1_705' title='bbox 698 4955 1017 5021; x_wconf 86' lang='grc' dir='ltr'>ἀποκαλῶν,</span> <span class='ocrx_word' id='word_1_706' title='bbox 1075 4957 1168 5008; x_wconf 88' lang='grc' dir='ltr'><strong>τόν</strong></span> <span class='ocrx_word' id='word_1_707' title='bbox 1213 4974 1274 5009; x_wconf 89' lang='grc' dir='ltr'><strong>τε</strong></span> <span class='ocrx_word' id='word_1_708' title='bbox 1304 4957 1482 5026; x_wconf 84' lang='grc' dir='ltr'>γάμον</span> <span class='ocrx_word' id='word_1_709' title='bbox 1515 4959 1760 5012; x_wconf 87' lang='grc' dir='ltr'>διαλύειν</span> <span class='ocrx_word' id='word_1_710' title='bbox 1810 4961 1989 5028; x_wconf 80' lang='grc' dir='ltr'>ἔλεγε.</span> 
     </span>
    </p>
   </div>
   <div class='ocr_carea' id='block_1_101' title="bbox 2094 4949 3680 5028">
    <p class='ocr_par' dir='ltr' id='par_1_101' title="bbox 2094 4949 3680 5026">
     <span class='ocr_line' id='line_1_101' title="bbox 2094 4949 3680 5026; baseline -0.012 -6"><span class='ocrx_word' id='word_1_711' title='bbox 2094 4963 2426 5024; x_wconf 82' lang='lat' dir='ltr'><strong>Archelaus,</strong></span> <span class='ocrx_word' id='word_1_712' title='bbox 2473 4975 2598 5015; x_wconf 91' lang='lat' dir='ltr'><strong>cum</strong></span> <span class='ocrx_word' id='word_1_713' title='bbox 2636 4956 2906 5013; x_wconf 87' lang='lat' dir='ltr'><strong>[lerodem</strong></span> <span class='ocrx_word' id='word_1_714' title='bbox 2936 4955 3047 5026; x_wconf 87' lang='lat' dir='ltr'><strong>jam</strong></span> <span class='ocrx_word' id='word_1_715' title='bbox 3085 4953 3399 5023; x_wconf 84' lang='lat' dir='ltr'><strong>mitigatum</strong></span> <span class='ocrx_word' id='word_1_716' title='bbox 3430 4949 3680 5013; x_wconf 87' lang='lat' dir='ltr'><strong>videret,</strong></span> 
     </span>
    </p>
   </div>
   <div class='ocr_carea' id='block_1_102' title="bbox 403 5040 1991 5125">
    <p class='ocr_par' dir='ltr' id='par_1_102' title="bbox 403 5045 1988 5124">
     <span class='ocr_line' id='line_1_102' title="bbox 403 5045 1988 5124; baseline 0.007 -27"><span class='ocrx_word' id='word_1_717' title='bbox 403 5045 646 5099; x_wconf 83' lang='grc' dir='ltr'>Τοιαῦτα</span> <span class='ocrx_word' id='word_1_718' title='bbox 674 5046 732 5099; x_wconf 82' lang='grc' dir='ltr'>δὲ</span> <span class='ocrx_word' id='word_1_719' title='bbox 783 5047 1039 5117; x_wconf 85' lang='grc' dir='ltr'>λέγοντος</span> <span class='ocrx_word' id='word_1_720' title='bbox 1076 5049 1172 5102; x_wconf 88' lang='grc' dir='ltr'><strong>τοῦ</strong></span> <span class='ocrx_word' id='word_1_721' title='bbox 1215 5050 1541 5122; x_wconf 79' lang='grc' dir='ltr'>Ἀρχελάου,</span> <span class='ocrx_word' id='word_1_722' title='bbox 1600 5053 1834 5106; x_wconf 87' lang='grc' dir='ltr'>ἐνεδίδου</span> <span class='ocrx_word' id='word_1_723' title='bbox 1890 5057 1988 5124; x_wconf 84' lang='grc' dir='ltr'>τῆς</span> 
     </span>
    </p>
   </div>
   <div class='ocr_carea' id='block_1_103' title="bbox 2094 5040 3680 5125">
    <p class='ocr_par' dir='ltr' id='par_1_103' title="bbox 2099 5040 3680 5125">
     <span class='ocr_line' id='line_1_103' title="bbox 2099 5040 3680 5125; baseline -0.011 -15"><span class='ocrx_word' id='word_1_724' title='bbox 2099 5056 2315 5125; x_wconf 89' lang='lat' dir='ltr'><strong>culpam</strong></span> <span class='ocrx_word' id='word_1_725' title='bbox 2345 5054 2399 5107; x_wconf 90' lang='lat' dir='ltr'><strong>in</strong></span> <span class='ocrx_word' id='word_1_726' title='bbox 2433 5052 2571 5107; x_wconf 91' lang='lat' dir='ltr'><strong>alios</strong></span> <span class='ocrx_word' id='word_1_727' title='bbox 2593 5048 2992 5110; x_wconf 86' lang='lat' dir='ltr'><strong>transferebat,</strong></span> <span class='ocrx_word' id='word_1_728' title='bbox 3023 5047 3322 5100; x_wconf 82' lang='lat' dir='ltr'><strong>Pheroram</strong></span> <span class='ocrx_word' id='word_1_729' title='bbox 3352 5040 3680 5110; x_wconf 60' lang='lat' dir='ltr'><strong>praisertim,</strong></span> 
     </span>
    </p>
   </div>
   <div class='ocr_carea' id='block_1_104' title="bbox 401 5130 1991 5218">
    <p class='ocr_par' dir='ltr' id='par_1_104' title="bbox 401 5140 1990 5218">
     <span class='ocr_line' id='line_1_104' title="bbox 401 5140 1990 5218; baseline 0.005 -26"><span class='ocrx_word' id='word_1_730' title='bbox 401 5140 776 5212; x_wconf 83' lang='grc' dir='ltr'>χαλεπότητος</span> <span class='ocrx_word' id='word_1_731' title='bbox 817 5140 1088 5214; x_wconf 81' lang='grc' dir='ltr'>Ἡρώδης,</span> <span class='ocrx_word' id='word_1_732' title='bbox 1132 5143 1224 5195; x_wconf 79' lang='grc' dir='ltr'><strong>καὶ</strong></span> <span class='ocrx_word' id='word_1_733' title='bbox 1268 5144 1576 5210; x_wconf 84' lang='grc' dir='ltr'>κατήνεκτο</span> <span class='ocrx_word' id='word_1_734' title='bbox 1614 5145 1758 5214; x_wconf 72' lang='grc' dir='ltr'>πρὸς</span> <span class='ocrx_word' id='word_1_735' title='bbox 1810 5144 1990 5218; x_wconf 84' lang='grc' dir='ltr'>λύπην</span> 
     </span>
    </p>
   </div>
   <div class='ocr_carea' id='block_1_105' title="bbox 2094 5130 3681 5218">
    <p class='ocr_par' dir='ltr' id='par_1_105' title="bbox 2097 5130 3681 5214">
     <span class='ocr_line' id='line_1_105' title="bbox 2097 5130 3681 5214; baseline -0.011 -13"><span class='ocrx_word' id='word_1_736' title='bbox 2097 5145 2198 5201; x_wconf 89' lang='lat' dir='ltr'><strong>Cui</strong></span> <span class='ocrx_word' id='word_1_737' title='bbox 2231 5143 2445 5214; x_wconf 81' lang='lat' dir='ltr'><strong>roganti</strong></span> <span class='ocrx_word' id='word_1_738' title='bbox 2480 5151 2540 5195; x_wconf 90' lang='lat' dir='ltr'><strong>ut</strong></span> <span class='ocrx_word' id='word_1_739' title='bbox 2565 5156 2663 5211; x_wconf 88' lang='lat' dir='ltr'><strong>pro</strong></span> <span class='ocrx_word' id='word_1_740' title='bbox 2689 5155 2747 5195; x_wconf 87' lang='lat' dir='ltr'><strong>se</strong></span> <span class='ocrx_word' id='word_1_741' title='bbox 2788 5137 2930 5208; x_wconf 88' lang='lat' dir='ltr'><strong>apud</strong></span> <span class='ocrx_word' id='word_1_742' title='bbox 2970 5135 3240 5192; x_wconf 88' lang='lat' dir='ltr'><strong>llerodem</strong></span> <span class='ocrx_word' id='word_1_743' title='bbox 3279 5130 3681 5193; x_wconf 89' lang='lat' dir='ltr'><strong>intercederet,</strong></span> 
     </span>
    </p>
   </div>
   <div class='ocr_carea' id='block_1_106' title="bbox 407 5233 1991 5306">
    <p class='ocr_par' dir='ltr' id='par_1_106' title="bbox 407 5233 1991 5306">
     <span class='ocr_line' id='line_1_106' title="bbox 407 5233 1991 5306; baseline 0.006 -21"><span class='ocrx_word' id='word_1_744' title='bbox 407 5233 505 5285; x_wconf 78' lang='grc' dir='ltr'>καὶ</span> <span class='ocrx_word' id='word_1_745' title='bbox 535 5233 750 5304; x_wconf 88' lang='grc' dir='ltr'>δάκρυα</span> <span class='ocrx_word' id='word_1_746' title='bbox 774 5251 786 5263; x_wconf 89' lang='grc'><strong>·</strong></span> <span class='ocrx_word' id='word_1_747' title='bbox 826 5234 1004 5287; x_wconf 85' lang='grc' dir='ltr'>ἐδεῖτό</span> <span class='ocrx_word' id='word_1_748' title='bbox 1061 5250 1120 5286; x_wconf 90' lang='grc' dir='ltr'><strong>τε</strong></span> <span class='ocrx_word' id='word_1_749' title='bbox 1159 5234 1234 5305; x_wconf 81' lang='grc' dir='ltr'><strong>μὴ</strong></span> <span class='ocrx_word' id='word_1_750' title='bbox 1262 5234 1415 5287; x_wconf 89' lang='grc' dir='ltr'>λύειν</span> <span class='ocrx_word' id='word_1_751' title='bbox 1456 5235 1548 5287; x_wconf 84' lang='grc' dir='ltr'><strong>τὸν</strong></span> <span class='ocrx_word' id='word_1_752' title='bbox 1598 5237 1797 5306; x_wconf 79' lang='grc' dir='ltr'>γάμον,</span> <span class='ocrx_word' id='word_1_753' title='bbox 1854 5238 1991 5294; x_wconf 77' lang='grc' dir='ltr'>ἀλλὰ</span> 
     </span>
    </p>
   </div>
   <div class='ocr_carea' id='block_1_107' title="bbox 412 5322 1985 5398">
    <p class='ocr_par' dir='ltr' id='par_1_107' title="bbox 412 5322 1985 5398">
     <span class='ocr_line' id='line_1_107' title="bbox 412 5322 1985 5398; baseline 0.004 -21"><span class='ocrx_word' id='word_1_754' title='bbox 412 5327 585 5398; x_wconf 78' lang='grc' dir='ltr'>χαλᾷν</span> <span class='ocrx_word' id='word_1_755' title='bbox 623 5326 722 5398; x_wconf 77' lang='grc' dir='ltr'><strong>τὴν</strong></span> <span class='ocrx_word' id='word_1_756' title='bbox 749 5325 946 5396; x_wconf 81' lang='grc' dir='ltr'>ὀργὴν,</span> <span class='ocrx_word' id='word_1_757' title='bbox 984 5328 1072 5395; x_wconf 85' lang='grc' dir='ltr'>ἐφ’</span> <span class='ocrx_word' id='word_1_758' title='bbox 1126 5322 1206 5390; x_wconf 70' lang='grc' dir='ltr'>οἷς</span> <span class='ocrx_word' id='word_1_759' title='bbox 1239 5330 1266 5380; x_wconf 86' lang='lat'><strong>6</strong></span> <span class='ocrx_word' id='word_1_760' title='bbox 1297 5328 1587 5389; x_wconf 84' lang='grc' dir='ltr'>νεανίσκος</span> <span class='ocrx_word' id='word_1_761' title='bbox 1639 5329 1985 5398; x_wconf 80' lang='grc' dir='ltr'>ἡμάρτηκεν.</span> 
     </span>
    </p>
   </div>
   <div class='ocr_carea' id='block_1_108' title="bbox 415 5418 1987 5492">
    <p class='ocr_par' dir='ltr' id='par_1_108' title="bbox 415 5418 1987 5492">
     <span class='ocr_line' id='line_1_108' title="bbox 415 5418 1987 5492; baseline -0.001 -18"><span class='ocrx_word' id='word_1_762' title='bbox 415 5420 714 5491; x_wconf 82' lang='grc' dir='ltr'>Ἀρχέλαος</span> <span class='ocrx_word' id='word_1_763' title='bbox 743 5420 824 5484; x_wconf 85' lang='grc' dir='ltr'><strong>δὲ,</strong></span> <span class='ocrx_word' id='word_1_764' title='bbox 860 5420 962 5489; x_wconf 76' lang='grc' dir='ltr'>ἢδη</span> <span class='ocrx_word' id='word_1_765' title='bbox 1000 5420 1344 5492; x_wconf 84' lang='grc' dir='ltr'>μαλαχθέντα</span> <span class='ocrx_word' id='word_1_766' title='bbox 1366 5419 1460 5471; x_wconf 81' lang='grc' dir='ltr'><strong>τὸν</strong></span> <span class='ocrx_word' id='word_1_767' title='bbox 1497 5418 1747 5489; x_wconf 80' lang='grc' dir='ltr'>Ἡρώδην</span> <span class='ocrx_word' id='word_1_768' title='bbox 1782 5420 1987 5492; x_wconf 83' lang='grc' dir='ltr'>θεώμε-</span> 
     </span>
    </p>
   </div>
   <div class='ocr_carea' id='block_1_109' title="bbox 404 5510 1989 5582">
    <p class='ocr_par' dir='ltr' id='par_1_109' title="bbox 404 5510 1989 5582">
     <span class='ocr_line' id='line_1_109' title="bbox 404 5510 1989 5582; baseline -0.001 -16"><span class='ocrx_word' id='word_1_769' title='bbox 404 5529 517 5575; x_wconf 86' lang='grc' dir='ltr'>νος,</span> <span class='ocrx_word' id='word_1_770' title='bbox 547 5513 625 5574; x_wconf 86' lang='grc' dir='ltr'><strong>είς</strong></span> <span class='ocrx_word' id='word_1_771' title='bbox 658 5511 851 5574; x_wconf 82' lang='grc' dir='ltr'>ἄλλους</span> <span class='ocrx_word' id='word_1_772' title='bbox 879 5512 977 5572; x_wconf 73' lang='grc' dir='ltr'><strong>τὰς</strong></span> <span class='ocrx_word' id='word_1_773' title='bbox 1016 5511 1193 5573; x_wconf 70' lang='grc' dir='ltr'>αἰτίας</span> <span class='ocrx_word' id='word_1_774' title='bbox 1233 5511 1525 5582; x_wconf 82' lang='grc' dir='ltr'>μετέφερε,</span> <span class='ocrx_word' id='word_1_775' title='bbox 1554 5511 1650 5562; x_wconf 76' lang='grc' dir='ltr'>καὶ</span> <span class='ocrx_word' id='word_1_776' title='bbox 1675 5510 1878 5578; x_wconf 84' lang='grc' dir='ltr'>μᾶλλον</span> <span class='ocrx_word' id='word_1_777' title='bbox 1909 5514 1989 5575; x_wconf 89' lang='grc' dir='ltr'><strong>είς</strong></span> 
     </span>
    </p>
   </div>
   <div class='ocr_carea' id='block_1_110' title="bbox 405 5603 1987 5678">
    <p class='ocr_par' dir='ltr' id='par_1_110' title="bbox 405 5603 1987 5678">
     <span class='ocr_line' id='line_1_110' title="bbox 405 5603 1987 5678; baseline -0.001 -19"><span class='ocrx_word' id='word_1_778' title='bbox 405 5605 499 5660; x_wconf 86' lang='grc' dir='ltr'>τὸν</span> <span class='ocrx_word' id='word_1_779' title='bbox 541 5604 824 5678; x_wconf 83' lang='grc' dir='ltr'>Φερώραν.</span> <span class='ocrx_word' id='word_1_780' title='bbox 869 5605 926 5657; x_wconf 88' lang='grc' dir='ltr'><strong>Ὀ</strong></span> <span class='ocrx_word' id='word_1_781' title='bbox 959 5605 1016 5659; x_wconf 82' lang='grc' dir='ltr'>δὲ</span> <span class='ocrx_word' id='word_1_782' title='bbox 1061 5603 1198 5674; x_wconf 76' lang='grc' dir='ltr'>πρὸς</span> <span class='ocrx_word' id='word_1_783' title='bbox 1245 5603 1542 5675; x_wconf 80' lang='grc' dir='ltr'>Ἀρχέλαον</span> <span class='ocrx_word' id='word_1_784' title='bbox 1589 5605 1881 5675; x_wconf 79' lang='grc' dir='ltr'>ἐτράπετο,</span> <span class='ocrx_word' id='word_1_785' title='bbox 1920 5606 1987 5658; x_wconf 79' lang='grc' dir='ltr'>ἵν’</span> 
     </span>
    </p>
   </div>
   <div class='ocr_carea' id='block_1_111' title="bbox 2098 5226 3680 5302">
    <p class='ocr_par' dir='ltr' id='par_1_111' title="bbox 2098 5226 3680 5302">
     <span class='ocr_line' id='line_1_111' title="bbox 2098 5226 3680 5302; baseline -0.011 -13"><span class='ocrx_word' id='word_1_786' title='bbox 2098 5234 2275 5290; x_wconf 88' lang='lat' dir='ltr'><strong>suasit</strong></span> <span class='ocrx_word' id='word_1_787' title='bbox 2328 5243 2388 5287; x_wconf 88' lang='lat' dir='ltr'><strong>ut</strong></span> <span class='ocrx_word' id='word_1_788' title='bbox 2427 5233 2541 5302; x_wconf 92' lang='lat' dir='ltr'><strong>ipse</strong></span> <span class='ocrx_word' id='word_1_789' title='bbox 2595 5229 2822 5285; x_wconf 89' lang='lat' dir='ltr'><strong>fratrem</strong></span> <span class='ocrx_word' id='word_1_790' title='bbox 2870 5226 3192 5283; x_wconf 88' lang='lat' dir='ltr'><strong>conveniret</strong></span> <span class='ocrx_word' id='word_1_791' title='bbox 3245 5237 3308 5276; x_wconf 92' lang='lat' dir='ltr'><strong>ac</strong></span> <span class='ocrx_word' id='word_1_792' title='bbox 3359 5227 3577 5283; x_wconf 87' lang='lat' dir='ltr'><strong>oraret,</strong></span> <span class='ocrx_word' id='word_1_793' title='bbox 3623 5227 3680 5272; x_wconf 91' lang='lat' dir='ltr'><strong>et</strong></span> 
     </span>
    </p>
   </div>
   <div class='ocr_carea' id='block_1_112' title="bbox 2099 5308 3679 5395">
    <p class='ocr_par' dir='ltr' id='par_1_112' title="bbox 2099 5308 3679 5395">
     <span class='ocr_line' id='line_1_112' title="bbox 2099 5308 3679 5395; baseline -0.009 -16"><span class='ocrx_word' id='word_1_794' title='bbox 2099 5326 2315 5395; x_wconf 84' lang='lat' dir='ltr'><strong>culpam</strong></span> <span class='ocrx_word' id='word_1_795' title='bbox 2373 5336 2592 5377; x_wconf 88' lang='lat' dir='ltr'><strong>onmem</strong></span> <span class='ocrx_word' id='word_1_796' title='bbox 2654 5324 2998 5391; x_wconf 84' lang='lat' dir='ltr'><strong>agnosceret.</strong></span> <span class='ocrx_word' id='word_1_797' title='bbox 3054 5315 3144 5370; x_wconf 91' lang='lat' dir='ltr'><strong>Sic</strong></span> <span class='ocrx_word' id='word_1_798' title='bbox 3192 5312 3338 5367; x_wconf 89' lang='lat' dir='ltr'><strong>enim</strong></span> <span class='ocrx_word' id='word_1_799' title='bbox 3382 5308 3679 5365; x_wconf 78' lang='lat' dir='ltr'><strong>iracundiae</strong></span> 
     </span>
    </p>
   </div>
   <div class='ocr_carea' id='block_1_113' title="bbox 2090 5398 3675 5487">
    <p class='ocr_par' dir='ltr' id='par_1_113' title="bbox 2090 5398 3675 5487">
     <span class='ocr_line' id='line_1_113' title="bbox 2090 5398 3675 5487; baseline -0.011 -17"><span class='ocrx_word' id='word_1_800' title='bbox 2090 5417 2328 5487; x_wconf 85' lang='lat' dir='ltr'><strong>rigorem</strong></span> <span class='ocrx_word' id='word_1_801' title='bbox 2361 5412 2578 5467; x_wconf 89' lang='lat' dir='ltr'><strong>facilius</strong></span> <span class='ocrx_word' id='word_1_802' title='bbox 2609 5411 2986 5480; x_wconf 88' lang='lat' dir='ltr'><strong>mitigaturum</strong></span> <span class='ocrx_word' id='word_1_803' title='bbox 3009 5443 3026 5468; x_wconf 90' lang='lat'><strong>,</strong></span> <span class='ocrx_word' id='word_1_804' title='bbox 3071 5417 3240 5470; x_wconf 83' lang='lat' dir='ltr'><strong>seque</strong></span> <span class='ocrx_word' id='word_1_805' title='bbox 3270 5401 3346 5455; x_wconf 93' lang='lat' dir='ltr'><strong>illi</strong></span> <span class='ocrx_word' id='word_1_806' title='bbox 3389 5398 3560 5454; x_wconf 85' lang='lat' dir='ltr'><strong>affore</strong></span> <span class='ocrx_word' id='word_1_807' title='bbox 3591 5408 3675 5454; x_wconf 88' lang='lat' dir='ltr'><strong>cst</strong></span> 
     </span>
    </p>
   </div>
   <div class='ocr_carea' id='block_1_114' title="bbox 2091 5491 3673 5579">
    <p class='ocr_par' dir='ltr' id='par_1_114' title="bbox 2091 5491 3673 5579">
     <span class='ocr_line' id='line_1_114' title="bbox 2091 5491 3673 5579; baseline -0.011 -15"><span class='ocrx_word' id='word_1_808' title='bbox 2091 5506 2389 5579; x_wconf 90' lang='lat' dir='ltr'><strong>pollicitus.</strong></span> <span class='ocrx_word' id='word_1_809' title='bbox 2427 5505 2586 5559; x_wconf 87' lang='lat' dir='ltr'><strong>Paret</strong></span> <span class='ocrx_word' id='word_1_810' title='bbox 2616 5502 2888 5556; x_wconf 85' lang='lat' dir='ltr'><strong>Pheroras</strong></span> <span class='ocrx_word' id='word_1_811' title='bbox 2913 5537 2929 5564; x_wconf 95' lang='lat'><strong>,</strong></span> <span class='ocrx_word' id='word_1_812' title='bbox 2968 5513 3068 5568; x_wconf 87' lang='lat' dir='ltr'><strong>per</strong></span> <span class='ocrx_word' id='word_1_813' title='bbox 3104 5493 3430 5550; x_wconf 87' lang='lat' dir='ltr'><strong>Archelaum</strong></span> <span class='ocrx_word' id='word_1_814' title='bbox 3475 5491 3673 5550; x_wconf 85' lang='lat' dir='ltr'><strong>Herodi</strong></span> 
     </span>
    </p>
   </div>
   <div class='ocr_carea' id='block_1_115' title="bbox 2091 5586 3666 5667">
    <p class='ocr_par' dir='ltr' id='par_1_115' title="bbox 2091 5586 3666 5667">
     <span class='ocr_line' id='line_1_115' title="bbox 2091 5586 3666 5667; baseline -0.012 -8"><span class='ocrx_word' id='word_1_815' title='bbox 2091 5600 2506 5666; x_wconf 87' lang='lat' dir='ltr'><strong>reconciliatur,</strong></span> <span class='ocrx_word' id='word_1_816' title='bbox 2535 5596 2701 5653; x_wconf 89' lang='lat' dir='ltr'><strong>etiam</strong></span> <span class='ocrx_word' id='word_1_817' title='bbox 2731 5590 3040 5650; x_wconf 78' lang='lat' dir='ltr'><strong>Alexandro</strong></span> <span class='ocrx_word' id='word_1_818' title='bbox 3071 5588 3304 5644; x_wconf 89' lang='lat' dir='ltr'><strong>crimine</strong></span> <span class='ocrx_word' id='word_1_819' title='bbox 3342 5586 3597 5644; x_wconf 85' lang='lat' dir='ltr'><strong>liberato.</strong></span> <span class='ocrx_word' id='word_1_820' title='bbox 3652 5657 3666 5667; x_wconf 43' lang='lat'>.</span> 
     </span>
    </p>
   </div>
   <div class='ocr_carea' id='block_1_116' title="bbox 1617 5765 2472 5828">
    <p class='ocr_par' dir='ltr' id='par_1_116' title="bbox 1617 5765 2472 5828">
     <span class='ocr_line' id='line_1_116' title="bbox 1617 5765 2472 5828; baseline 0 -5"><span class='ocrx_word' id='word_1_821' title='bbox 1617 5765 1816 5827; x_wconf 62' lang='grc' dir='ltr'>νει-τω</span> <span class='ocrx_word' id='word_1_822' title='bbox 1845 5766 2151 5828; x_wconf 82' lang='lat' dir='ltr'><strong>lectiones</strong></span> <span class='ocrx_word' id='word_1_823' title='bbox 2182 5769 2243 5826; x_wconf 77' lang='lat' dir='ltr'><strong>et</strong></span> <span class='ocrx_word' id='word_1_824' title='bbox 2281 5773 2472 5825; x_wconf 64' lang='lat' dir='ltr'><strong>noue.</strong></span> 
     </span>
    </p>
   </div>
   <div class='ocr_carea' id='block_1_117' title="bbox 485 5887 2297 5962">
    <p class='ocr_par' dir='ltr' id='par_1_117' title="bbox 485 5887 2297 5962">
     <span class='ocr_line' id='line_1_117' title="bbox 485 5887 2297 5962; baseline -0.001 -17"><span class='ocrx_word' id='word_1_825' title='bbox 485 5891 600 5962; x_wconf 66' lang='grc'><strong>(47)</strong></span> <span class='ocrx_word' id='word_1_826' title='bbox 629 5889 911 5956; x_wconf 63' lang='grc' dir='ltr'>Δεδεδιώς.</span> <span class='ocrx_word' id='word_1_827' title='bbox 968 5887 1119 5944; x_wconf 81' lang='lat' dir='ltr'><strong>Alter</strong></span> <span class='ocrx_word' id='word_1_828' title='bbox 1169 5903 1199 5942; x_wconf 72' lang='grc' dir='ltr'><strong>ε</strong></span> <span class='ocrx_word' id='word_1_829' title='bbox 1240 5889 1372 5957; x_wconf 70' lang='lat' dir='ltr'><strong>llcg.</strong></span> <span class='ocrx_word' id='word_1_830' title='bbox 1418 5887 1676 5955; x_wconf 76' lang='grc' dir='ltr'>δεδυκώς.</span> <span class='ocrx_word' id='word_1_831' title='bbox 1736 5892 1980 5948; x_wconf 81' lang='lat' dir='ltr'><strong>Coibcrt.</strong></span> <span class='ocrx_word' id='word_1_832' title='bbox 2018 5889 2297 5953; x_wconf 79' lang='grc' dir='ltr'>δεδοικώς.</span> 
     </span>
    </p>
   </div>
  </div>
