4074 6390
428 406 546 471 ’143

1702 402 2031 465 JOANNIS
2071 402 2395 464 ZONARE

3590 389 3693 452 ιιι

434 528 617 580 ἔσοιτο
643 522 780 595 πρὸς
826 522 1081 593 Ἡρώδην
1112 518 1264 590 αὐτῷ
1292 519 1647 590 διαλλακτὴς.
1717 520 1830 573 Καὶ
1888 519 1947 582 ὃς
1988 515 2417 613 συνεϐούλευεν-
2436 510 2608 613 αὐτῷ..
2663 509 2892 613 βέλτιον.
2920 505 3263 613 διἰἐαυτοῦ-
3281 504 3571 613 πρρσιέναι
3592 505 3690 613 ντες

434 615 668 685 ἀδελφῷ,
710 616 804 669 καὶ
823 614 1031 668 δεῖσθαι
1059 614 1280 667 πάντων
1304 613 1678 682 ὁμολογοῦντα
1713 613 1891 667 αἴτιον
1955 611 2173 665 ἑαυτόν·
2241 606 2476 673 μαλάξαι
2524 601 2905 710 repeti-nefa
2934 600 3172 710 σκληρὸν
3196 599 3300 708 τῆς
3341 599 3532 710 όργῆς.
3565 599 3694 710 ,Καὶ

432 710 595 773 αὐτὸς
626 709 681 762 δὲ
715 711 907 778 παρὼν
933 708 1303 778 συλλήψεσθαι
1345 708 1734 780 ἐπηγγέλλετο.
1760 708 2018 761 Πείθεται
2053 707 2083 759 ό
2114 704 2394 774 Φερώρας,
2451 703 2547 755 καὶ⁵
2588 697 2941 769 Ἀλέξανδρος
3003 696 3111 767 μὲν
3152 696 3262 748 τῶν
3297 696 3492 749 αἰτιῶν
3554 696 3687 749 άπε-

431 804 611 864 λύετο,
649 805 941 876 Ἀρχέλαος
971 805 1029 856 δὲ
1066 804 1145 875 τῷ
1186 805 1400 878 Ἡρώδῃ
1435 807 1523 860 τὸν
1555 804 1817 877 Φερώραν
1857 800 2134 873 διήλλαξε.

506 940 645 994 XXI.
687 942 888 995 Verum
933 943 1097 1013 longo
1151 952 1395 1013 tempore
1449 955 1573 1014 post
1613 944 1773 999 liberi
1821 952 1877 997 et
1924 959 1998 997 ret

2190 941 2323 994 KA'.
2356 938 2509 994 Μετὰ
2541 938 2732 1010 καιρὸν
2769 936 2827 990 δέ
2870 934 3039 989 πολὺν
3074 935 3257 1004 χεῖρον
3298 931 3423 1002 ἔσχε
3458 931 3530 983 τὰ
3557 931 3693 984 κατά

428 1030 747 1086 domesticae
809 1031 1043 1088 ilerodis
1094 1035 1251 1105 longe
1301 1036 1457 1104 pejus
1503 1036 1837 1090 habuerunt.
1875 1035 2010 1091 Nam

433 1123 699 1193 Eurycles
756 1123 1241 1190 Lacedaemonius,
1301 1128 1467 1181 homo
1526 1128 1668 1197 apud
1720 1143 1849 1183 suos
1901 1143 2008 1181 non

429 1215 701 1268 obscurus
724 1255 739 1278 ,
770 1216 865 1269 sed
916 1218 1137 1286 pessimi
1165 1220 1331 1273 animi
1360 1259 1376 1283 ,
1427 1219 1628 1274 Herodi
1688 1221 2010 1277 muneribus

428 1303 665 1369 oblatis,
720 1316 777 1361 et
826 1308 1074 1376 pluribus
1128 1313 1403 1382 acceptis.
1459 1314 1512 1368 in
1567 1318 1709 1385 regis
1760 1317 2008 1370 intimam

431 1395 731 1451 amicitiam
763 1408 848 1452 est
896 1415 1169 1470 receptus.
1209 1403 1601 1462 Diversabatur
1635 1418 1817 1463 autem
1862 1409 2009 1479 apud

427 1486 778 1555 Antipatrum
815 1506 829 1543 :
872 1490 967 1545 sed
999 1501 1056 1546 et
1091 1494 1382 1551 Alexandri
1412 1498 1557 1553 aedes
1582 1498 2007 1570 frequentabat,

428 1595 489 1635 se
523 1573 795 1636 Archelao
842 1599 1062 1653 quoque
1113 1596 1302 1643 notum
1350 1606 1473 1645 esse
1516 1607 1802 1656 asserens,
1832 1609 2006 1664 eaque

429 1670 498 1724 de
528 1686 690 1726 causa
719 1671 1048 1745 Glaphyram
1078 1678 1260 1734 colere
1291 1681 1603 1737 simulabat.
1652 1683 1791 1739 Huic
1832 1685 1885 1739 in
1920 1685 2003 1739 l‘a-

428 1762 808 1821 miliaritatem
842 1782 1087 1838 recepto.
1123 1772 1433 1827 Alexander
1460 1790 1588 1829 suas
1633 1777 1924 1847 tragoedias
1953 1786 2006 1833 ct

427 1856 620 1912 matris
666 1858 949 1913 interitum
1010 1861 1413 1927 referebat,ac
1455 1879 1564 1919 non
1608 1864 1834 1921 ferenda
1882 1882 2005 1923 esse

427 1946 519 2001 illa
550 1948 792 2004 dicebat.
826 1950 958 2016 Quae
988 1967 1113 2006 cum
1143 1953 1394 2009 dolenter
1424 1955 1707 2022 eﬂ'aretur,
1740 1958 2007 2031 Eurycles

429 2038 614 2093 omnia
658 2042 917 2095 narrabat
960 2044 1250 2113 Antipatro
1294 2047 1409 2101 :ab
1452 2063 1629 2118 eoque
1683 2050 2005 2107 muneribus

429 2129 673 2197 acceptis
697 2168 713 2194 ,
744 2141 806 2185 ut
837 2132 1029 2187 eadem
1061 2135 1203 2204 patri
1232 2136 1495 2201 referret,
1533 2139 1614 2194 sic
1644 2155 1826 2210 regem
1854 2157 2006 2197 com-

430 2219 637 2287 movit,
670 2230 732 2275 ut
774 2223 904 2278 odio
951 2226 1282 2295 implacabili
1332 2229 1574 2287 arderet.
1630 2229 1743 2287 Hae
1790 2230 2001 2290 ratione

428 2310 600 2378 partis
625 2313 824 2382 opibus
849 2315 1120 2372 discessit.
1166 2318 1412 2376 Herodes
1442 2338 1574 2377 vero
1598 2333 1744 2380 tanta
1778 2325 2002 2382 iracun-

426 2400 518 2456 dia
551 2412 741 2459 contra
784 2404 927 2462 filios
947 2408 1204 2467 eiferbuit
1228 2452 1243 2475 .
1276 2410 1335 2468 ut
1366 2414 1861 2474 calumniatoribus
1888 2421 2000 2490 jam

424 2493 564 2549 nihil
607 2507 755 2553 esset
787 2514 964 2569 opus,
1004 2503 1100 2558 sed
1148 2505 1262 2572 ipse
1310 2507 1454 2563 dicta
1505 2508 1756 2582 factaque
1806 2529 2000 2569 eorum

422 2587 608 2641 omnia
652 2591 870 2646 curiose
912 2593 1198 2663 indagaret
1256 2608 1420 2669 atque
1460 2602 1800 2660 observaret.
1860 2605 1999 2662 Cum

422 2688 607 2733 autem
659 2680 771 2737 duo
814 2700 882 2739 ex
941 2688 1086 2757 regis
1128 2690 1461 2749 satellitibus
1511 2710 1610 2765 per
1658 2697 1999 2753 iracundiam

420 2771 681 2840 expulsi,
726 2789 852 2830 cum
883 2777 1177 2835 Alexandri
1217 2783 1487 2841 ministris
1530 2787 1847 2857 equitarent
1873 2830 1887 2853 ,
1929 2790 2000 2846 ab

419 2874 598 2930 eoque
644 2880 874 2922 munera
919 2871 1307 2941 accepissent:
1359 2874 1606 2931 Herodes
1633 2880 1818 2934 statim
1862 2882 1995 2937 sini-

423 2952 525 3007 stri
568 2955 775 3025 aliquid
820 2960 1132 3029 suspicatus
1154 3002 1169 3027 ,
1200 2966 1536 3031 quaistiones
1579 2968 1648 3025 de
1682 2971 1751 3028 iis
1781 2971 1996 3030 habuit.

424 3043 465 3098 li
517 3062 649 3101 vero
719 3051 991 3123 principio
1061 3058 1343 3112 cruciatus
1410 3060 1740 3127 tolerantes,
1799 3065 2001 3122 deinde

421 3148 755 3209 narrarunt,
789 3146 1158 3203 Alexandrum
1190 3167 1218 3205 a
1261 3168 1319 3207 se
1352 3154 1578 3223 petiisse
1619 3166 1678 3212 ut
1726 3157 1997 3216 Herodem

423 3233 479 3286 in
512 3247 707 3291 venatu
735 3241 1070 3299 occiderent.
1103 3247 1242 3303 Sunt
1266 3260 1321 3305 et
1346 3249 1414 3306 de
1446 3254 1759 3310 Alexandrii
1790 3258 1997 3315 castelli

422 3326 685 3392 prmfecto
714 3333 1047 3397 quaestiones
1073 3336 1274 3394 habita:
1294 3381 1308 3406 ,
1341 3343 1493 3412 quasi
1527 3345 1872 3413 promisisset
1898 3389 1913 3413 ,
1939 3363 1999 3404 se

420 3416 799 3478 adolescentes
823 3427 1049 3481 castello
1073 3440 1444 3500 recepturum.
1501 3436 1599 3491 illo
1628 3446 1811 3494 autem
1857 3440 1996 3496 nihil

420 3509 751 3576 confitente.
781 3515 925 3571 ﬁlius
966 3519 1085 3589 ejus
1132 3522 1205 3576 ita
1244 3523 1448 3581 factum
1496 3543 1638 3585 esse.
1665 3528 1994 3598 aﬂirmavit,

2115 1030 2243 1098 τοὺς
2282 1034 2478 1096 παῖδας
2499 1033 2595 1086 καὶ
2627 1032 2725 1102 τὴν
2764 1030 2941 1084 οἰκίαν
2986 1027 3230 1099 Ἡρώδῃ.
3266 1024 3552 1097 Εὐρυκλῆς
3587 1025 3692 1093 γάρ

2114 1128 2224 1182 ἀπὸ
2251 1125 2681 1195 Λακεδαίμονος,
2712 1122 2814 1177 οὐκ
2837 1122 3049 1193 ἄσημος
3072 1120 3179 1174 τῶν
3201 1121 3340 1178 ἐκεῖ,
3362 1118 3617 1177 κάκιστος
3637 1116 3691 1169 δέ

2111 1219 2208 1291 τὴν
2260 1217 2585 1288 προαίρεσιν
2610 1215 2919 1285 ἄνθρωπος,
2957 1212 3305 1282 ἐπιδημήσας
3333 1209 3469 1279 πρὸς
3514 1207 3692 1278 Ἡρώ-

2110 1311 2229 1374 δην,
2245 1309 2460 1363 δίδωσιν
2475 1306 2624 1376 αὑτῷ
2636 1307 2808 1377 δῶρα,
2829 1306 2922 1360 καὶ
2937 1304 3106 1359 πλείω
3118 1303 3320 1367 λαϐὼν,
3334 1304 3526 1370 γέγονε
3542 1300 3695 1370 φίλιε

2110 1406 2170 1458 ἐν
2188 1404 2302 1466 τοῖς
2330 1402 2566 1469 μάλιστα
2597 1399 2693 1454 τοῦ
2725 1396 3014 1470 βασιλέως.
3039 1392 3148 1451 Ἦν
3177 1397 3233 1451 δὲ
3257 1395 3405 1464 αὐτῷ
3438 1411 3683 1461 καταγω·

2110 1491 2182 1563 γὴ
2206 1493 2262 1544 ἐν
2283 1494 2395 1554 τοῖς
2433 1490 2794 1562 Ἀντιπάτρου
2818 1502 2832 1518 °
2858 1488 3089 1561 προσῄει
3119 1489 3177 1541 δέ
3205 1489 3299 1541 καὶ
3336 1485 3698 1556 Ἀλεξάνδρῳ,

2108 1583 2350 1652 γνωστὸς
2394 1577 2534 1637 εἶναι
2577 1583 2752 1649 λέγων
2799 1584 2895 1637 καὶ
2943 1582 3247 1652 Ἀρχελάῳ,
3280 1581 3405 1635 ὅθεν
3449 1578 3544 1633 καὶ
3591 1580 3691 1649 τὴν

2107 1677 2398 1747 Γλαφύραν
2425 1678 2590 1748 τιμᾷν
2610 1674 2957 1747 ὑπεκρίνετο,
2988 1677 3176 1746 Τούτῳ
3202 1675 3421 1744 συνήθει
3445 1671 3691 1741 γεγονότι

2120 1766 2476 1839 Ἀλέξανδρος
2524 1768 2593 1820 τά
2654 1766 2782 1821 καθ’
2840 1767 3033 1819 ἐαυτὸν
3076 1764 3451 1835 ἐξετραγῴδει.
3489 1765 3579 1816 καὶ
3624 1762 3695 1816 τὰ

2110 1862 2253 1916 κατὰ
2304 1861 2404 1931 τὴν
2462 1861 2678 1930 μητέρα
2728 1858 3003 1921 ἐδίδασκε,
3039 1858 3133 1910 καὶ
3184 1857 3337 1925 ἔλεγε
3391 1858 3467 1925 μὴ
3511 1854 3694 1909 δοκεῖν

2108 1951 2332 2007 ἀνεκτά.
2367 1952 2474 2004 Καὶ
2498 1951 2526 2003 ό
2559 1949 2661 2021 μὲν
2689 1948 2871 2018 ἀλγῶν
2896 1947 3174 2011 τοιούτους
3200 1947 3391 2017 λόγους
3424 1944 3699 2014 π;ποίητο

2109 2044 2246 2115 πρὸς
2286 2045 2378 2098 τὸν
2418 2042 2705 2112 Εὐρυκλῆν
2738 2056 2753 2072 ο
2799 2043 2829 2095 ὁ
2873 2041 2928 2095 δέ
2980 2042 3157 2096 πάντα
3205 2042 3283 2110 τῷ
3342 2038 3689 2108 Ἀντιπάτρῳ

2105 2138 2391 2208 ἀνέφερεν.
2442 2137 2806 2208 Ἀντίπατρος
2837 2134 2896 2189 δέ
2932 2133 3125 2204 δώροις
3176 2133 3340 2188 αὑτὸν
3382 2131 3676 2198 ἐδεξιοῦτο,

2107 2231 2203 2283 καὶ
2232 2230 2385 2297 ἠξίου
2411 2229 2544 2301 πρὸς
2578 2230 2673 2284 τὸν
2702 2229 2912 2300 πατέρα
2939 2229 3065 2291 τοὺς
3097 2228 3289 2294 λόγους
3327 2224 3571 2296 φράζειν.
3611 2222 3676 2277 Ὃ

2105 2321 2162 2375 δὲ
2205 2321 2348 2376 οὕτω
2390 2321 2483 2376 τδν
2530 2321 2759 2392 βασιλέα
2805 2320 3093 2390 διέθηκεν,
3143 2319 3219 2382 ὡς
3263 2318 3697 2388 ἀμετάγνωστον

2104 2413 2332 2485 ποιῆσαι
2356 2414 2419 2468 τὸ
2451 2418 2628 2483 μῖσος.
2666 2413 2777 2468 Καὶ
2797 2415 2826 2467 ό
2850 2413 2951 2483 μὲν
2980 2412 3148 2484 ἀπῄει
3178 2410 3684 2482 χρηματισάμενος.

2114 2508 2364 2580 Ἡρώδης
2400 2508 2459 2563 δέ
2504 2507 2761 2562 τοσοῦτον
2794 2506 2932 2576 πρὸς
2963 2506 3089 2568 τοὺς
3130 2505 3325 2567 παῖδας
3361 2501 3693 2572 ἐξώργιστοι

2101 2600 2177 2664 ώς
2207 2600 2408 2671 μηκέτι
2453 2600 2664 2654 δεῖσθαι
2706 2597 2999 2662 διαϐολῶν,
3034 2595 3148 2651 ἀλλ’
3179 2595 3343 2658 αὐτὸς
3384 2593 3683 2665 περιεργά-

2103 2693 2294 2760 ζεσθαι
2338 2694 2408 2748 τά
2463 2692 2692 2746 ἐκείνων
2743 2691 2840 2745 καὶ
2887 2691 3230 2761 παρατηρεῖν
3285 2688 3516 2741 ἕκαστα.
3562 2685 3686 2738 Δύω

2102 2786 2235 2857 γοῦν
2266 2787 2377 2840 τῶν
2407 2784 2892 2857 σωματοφυλάκων
2929 2783 3023 2839 τοῦ
3063 2782 3328 2854 βασιλέως
3362 2780 3481 2835 κατ’
3514 2778 3686 2848 ὀργὴν

2102 2876 2269 2931 αὑτοῦ
2304 2876 2674 2942 ἀπεωσμένοι,
2702 2876 2816 2939 τοῖς
2855 2875 2985 2946 περὶ
3029 2873 3383 2943 Ἀλέξανδρον
3411 2871 3685 2923 συνιππά-

2103 2968 2280 3033 ζοντο,
2312 2969 2406 3022 καὶ
2440 2968 2590 3037 δῶρα
2613 2967 2670 3034 ἐξ
2692 2967 2902 3021 ἐκείνου
2926 2966 3258 3035 ἐλάμϐανον.
3305 2961 3682 3024 ’Υποπτεύσας

2101 3055 2198 3113 οὖν
2222 3059 2447 3119 τούτους
2481 3055 2748 3128 Ἡρώδης,
2789 3057 2953 3120 εὐθὺς
3005 3055 3349 3120 ἐϐασάνιζεν.
3399 3054 3463 3107 Oi
3513 3052 3570 3106 δὲ
3619 3051 3680 3104 τὸ

2104 3147 2205 3220 μὲν
2231 3146 2450 3216 πρῶτον
2472 3146 2880 3219 διεκαρτέρουν,
2909 3143 3006 3202 εἶτ’
3031 3146 3376 3215 ἀπήγγελλον
3394 3144 3469 3208 ὥς
3503 3145 3684 3198 πείθοι

2101 3241 2301 3304 αὐτοὺς
2334 3244 2544 3295 κτεῖναι
2574 3241 2829 3312 θηρῶντα
2860 3241 2954 3294 τὸν
3003 3241 3250 3313 Ἡρώδην
3305 3239 3683 3308 Ἀλέξανδρνς.

2100 3332 2212 3385 Καὶ
2241 3334 2268 3385 ὀ
2312 3331 2660 3404 φρούραρχος
2689 3332 2745 3387 δέ
2774 3332 2871 3386 τοῦ
2913 3331 3288 3403 Ἀλεξανδρίου
3319 3331 3569 3403 ὴτάζετο,
3602 3330 3680 3393 ώς

2101 3424 2575 3493 ἐπαγγειλάμενος
2623 3423 2880 3488 δέξασθαι
2931 3424 3059 3488 τοὺς
3126 3423 3444 3485 νεανίσκους
3493 3423 3552 3475 ἐν
3602 3421 3682 3491 τῷ

2102 3519 2368 3587 φρουρίῳ.
2412 3516 2682 3581 Κάκεῖνος
2727 3516 2825 3587 μέν
2874 3516 3028 3570 οὐδὲν
3069 3508 3362 3585 ὡμολόγει,
3406 3518 3435 3570 ό
3473 3515 3531 3570 δέ
3563 3517 3683 3580 υἱὸς

423 3610 481 3655 et
530 3601 743 3661 litteras
777 3622 841 3662 ea
871 3609 939 3664 de
973 3626 1031 3665 re
1067 3612 1306 3674 obtulit.
1352 3633 1475 3687 qua:
1500 3618 1794 3675 Alexandri
1831 3638 1998 3679 manu

2103 3607 2269 3662 αὐτοῦ
2314 3609 2488 3662 ταῦτα
2530 3608 2787 3678 γενέσθαι
2816 3609 3092 3674 κατέθετο,
3130 3610 3226 3663 καὶ
3264 3612 3506 3681 γράμμα
3550 3611 3683 3664 ἐπέ-

420 3695 641 3764 seriptae
689 3698 846 3770 25]
897 3702 1236 3759 viderentur.
1268 3707 1407 3762 Tum
1442 3725 1574 3765 vero
1618 3711 1865 3769 Herodes
1885 3730 1998 3771 non

415 3789 529 3859 jam
559 3790 845 3850 dubitabat
875 3796 942 3853 de
974 3798 1210 3855 ﬁliorum
1245 3802 1493 3872 insidiis,
1520 3788 1656 3863 'licet
1688 3810 1997 3867 Alexandro

418 3881 691 3953 Antipatri
775 3886 903 3945 dolo
972 3890 1027 3946 id
1083 3893 1350 3964 scriptum
1416 3911 1539 3954 esse
1606 3903 1995 3960 concinnatum

420 3974 745 4034 afﬁrmante.
776 3982 1171 4041 Adulescentes
1201 3988 1367 4059 igitur
1398 3998 1511 4046 tum
1538 3992 1995 4065 obscrvabantur,

419 4076 585 4136 atque
632 4069 685 4123 in
744 4072 1040 4143 ignominia
1088 4088 1145 4131 et
1186 4089 1336 4134 metu
1387 4080 1767 4141 damnatorum
1816 4099 1991 4144 erant.

417 4159 767 4220 Aristobulus
805 4179 989 4222 autem
1047 4184 1266 4226 socrum
1320 4172 1574 4230 Salomon
1621 4177 1794 4233 vicem
1837 4196 1991 4236 suam

415 4248 637 4311 dolere.
668 4263 723 4309 et
758 4269 883 4310 eum
915 4258 1096 4314 odisse
1133 4262 1228 4331 qui
1272 4264 1398 4318 talia
1427 4266 1714 4331 crederet,
1750 4278 1993 4338 putans:

415 4340 542 4394 Ha'c
561 4385 573 4405 ,
604 4344 817 4413 inquit,
848 4349 940 4404 tibi
969 4368 1172 4423 quoque
1201 4355 1493 4425 periculum
1518 4360 1833 4414 denuntiant
1858 4401 1873 4426 ,
1911 4365 1996 4418 cui

413 4445 531 4496 spes
554 4434 862 4500 nuptiarum
899 4436 1061 4506 Sylazi
1090 4444 1301 4497 crimini
1330 4447 1510 4500 datur.
1564 4448 1637 4503 Ea
1675 4451 1837 4504 verba
1868 4468 1993 4506 mu-

414 4518 518 4572 lier
549 4524 732 4577 s'atitn
764 4525 829 4578 ad
870 4528 1090 4585 fratrem
1121 4532 1315 4589 i’lel'ert.
1353 4533 1455 4601 Qui
1486 4546 1782 4610 utrumque
1822 4541 1990 4598 ﬁlium

2100 3699 2240 3754 δωκε
2279 3700 2409 3771 περὶ
2440 3699 2668 3765 τούτων,
2695 3700 2771 3764 ώς
2802 3702 3021 3756 εἰκάσαι
3056 3701 3156 3765 τῆς
3190 3702 3285 3755 τοῦ
3330 3702 3684 3772 Ἀλεξάνδρου

2099 3789 2307 3858 χειρός.
2351 3789 2412 3842 '0
2458 3789 2555 3860 μὲν
2586 3788 2679 3842 οὖν
2719 3790 2968 3861 Ἡρώδης
3010 3792 3196 3845 οὐκέτι
3230 3793 3574 3864 ἐνδοιάσιμος
3611 3790 3681 3865 ἦν

2101 3882 2233 3952 περὶ
2264 3882 2361 3951 τῆς
2394 3881 2505 3935 τῶν
2538 3881 2745 3935 παίδων
2777 3882 3097 3952 ἐπιϐουλῆς.
3143 3885 3494 3956 Ἀλέξανδρος
3523 3887 3579 3938 δὲ
3611 3886 3683 3940 δι’

2109 3974 2473 4044 Ἀντιπάτρου
2494 3974 2556 4027 τδ
2581 3975 2984 4046 γραμματίδιον
3003 3980 3451 4049 κακουργηθῆναι
3473 3979 3681 4049 διισχυο

2102 4062 2304 4135 ρίζετο.
2359 4064 2494 4118 Τότε
2532 4064 2633 4133 μὲν
2690 4059 2784 4118 οὖν
2828 4065 3047 4138 φυλακὴ
3091 4067 3203 4120 τῶν
3231 4068 3532 4123 νεανίσκων
3561 4070 3682 4138 ἐγίι-

2097 4172 2242 4219 νετο,
2278 4157 2375 4209 καὶ
2408 4156 2724 4210 καταδίκων
2763 4154 2909 4228 εἶχον
2960 4156 3178 4223 ἀδοξίαν
3223 4162 3318 4214 καὶ
3343 4161 3484 4225 δέος.
3533 4162 3591 4215 '0
3622 4162 3681 4216 δὲ

2109 4247 2518 4315 Ἀριστόϐουλος
2539 4248 2639 4318 τὴν
2667 4249 2863 4304 ἐαυτοῦ
2892 4251 3167 4322 πενθερὰν
3188 4253 3455 4323 Σαλώμην
3481 4254 3677 4308 συναλ-

2095 4342 2213 4408 γεῖν
2237 4339 2505 4409 οἰόμενος,
2534 4341 2630 4393 καὶ
2661 4346 2843 4413 μισεῖν
2865 4344 2956 4397 τὸν
2980 4345 3050 4398 τὰ
3081 4346 3305 4401 τοιαῦτα
3331 4348 3678 4417 πειθόμενον.

2099 4433 2289 4488 Ταῦτα
2308 4432 2402 4486 καὶ
2418 4436 2539 4494 σοι.
2560 4434 2688 4505 ἐφη,
2706 4435 2990 4489 κίνδυνον
3004 4454 3200 4507 προμη
3208 4439 3358 4507 nisi,
3371 4439 3683 4509 διαϐεϐλη-

2091 4526 2246 4596 μένῃ
2274 4525 2404 4578 κατ’
2425 4527 2644 4580 ἐλπίδα
2668 4527 2874 4597 γάμων
2902 4532 3188 4585 Συλαίου.
3218 4531 3461 4596 Τούτους
3490 4534 3674 4602 ἐκείνη

414 4610 660 4666 vinetum
701 4617 930 4671 seorsim
973 4622 1274 4683 custodiri,
1303 4640 1367 4678 ac
1413 4626 1724 4697 singulatim
1750 4631 1992 4687 scribere

2103 4620 2219 4679 τοὺς
2246 4617 2435 4685 λόγους
2482 4618 2643 4681 εὐθὺς
2680 4621 2981 4690 προσφέρει
3026 4622 3104 4693 τῷ
3131 4623 3365 4695 ἀδελφῷ.
3411 4626 3467 4679 Ὀ
3495 4626 3551 4678 δὲ
3586 4626 3678 4679 δεο

410 4701 607 4772 jubet,
652 4722 774 4775 qua:
828 4718 1016 4765 contra
1069 4723 1278 4782 patrem
1329 4718 1629 4774 meditatus
1687 4730 1853 4777 esset.
1904 4722 1987 4777 illi

2094 4709 2255 4780 θῆναι
2285 4711 2498 4765 κελεύει
2533 4713 2626 4765 καὶ
2656 4712 2826 4782 ἄμφω
2855 4715 2980 4775 τοὺς
3008 4715 3178 4782 υἱοὺς,
3197 4719 3290 4771 καὶ
3310 4719 3405 4772 ἀπ’
3433 4719 3678 4780 ἀλλήλων

413 4793 667 4851 scribunt
719 4813 778 4853 se
814 4799 1042 4857 insidias
1095 4815 1286 4862 contra
1331 4818 1540 4877 patrem
1585 4828 1763 4883 neque
1792 4815 1990 4871 animis

2103 4805 2399 4875 διαστῆναι,
2432 4805 2645 4877 γράψαι
2677 4824 2736 4861 τε
2772 4807 3007 4862 ἕκαστον
3038 4812 3139 4863 ὅσα
3170 4813 3310 4866 κατὰ
3340 4813 3435 4868 τοῦ
3471 4816 3680 4886 πατρὸς

414 4885 685 4954 agitasse,
723 4905 902 4959 neque
932 4907 1278 4963 comparasse
1321 4916 1335 4953 :
1367 4901 1462 4955 sed
1500 4902 1680 4973 fugam
1713 4914 1985 4974 spectasse

2103 4899 2453 4969 ἐμελέτησαν.
2498 4902 2560 4954 Οἱ
2605 4900 2664 4954 δέ
2710 4903 3039 4973 γράφουσιν,
3071 4905 3367 4978 ἐπιϐουλὴν
3413 4909 3514 4979 μὲν
3560 4885 3675 4964 οὔτ’

413 4981 745 5042 necesSario,
787 4984 936 5051 quod
984 4986 1149 5041 vitam
1223 4990 1512 5047 sollicitam
1563 5003 1621 5049 et
1675 5006 1983 5065 suspectam

2103 4990 2340 5061 ἐννοῆσαι
2370 4992 2511 5046 κατὰ
2542 4991 2636 5045 τοῦ
2668 4994 2896 5066 πατρὸς,
2915 4994 3040 5049 οὕτε
3065 4995 3171 5067 μὴν
3202 5001 3674 5068 συσκευάσασθαι,

412 5070 693 5142 degerent.
733 5074 872 5130 Tum
907 5079 1072 5147 igitur
1094 5080 1463 5140 Alexandrum
1492 5087 1737 5143 vinctum
1762 5088 1952 5144 eduxit
1971 5129 1987 5155 ,

2103 5083 2330 5155 ῑρασμδν
2358 5083 2416 5137 δέ
2442 5086 2885 5155 μελετῆσαικκαὶ
2908 5087 3098 5141 τοῦτον
3127 5089 3194 5142 δι’
3224 5090 3495 5161 ἀνάγκην,
3531 5093 3669 5147 ὑπό-

414 5176 683 5232 ρηιιεεηῐθ
726 5176 783 5223 et
834 5171 1091 5228 audiente
1137 5176 1391 5231 Archelai
1432 5177 1631 5249 legato,
1662 5189 1718 5234 et
1753 5180 1821 5235 de
1864 5181 1989 5253 fuga

2103 5194 2224 5232 ττου
2273 5180 2370 5232 καὶ
2417 5177 2702 5249 περιδεοῦς
2744 5177 2914 5248 οὔσης
2959 5179 3146 5243 αὐτοῖς
3189 5182 3288 5246 τῆς
3331 5182 3499 5254 ζωῆς.
3541 5185 3679 5240 Τότε

415 5265 771 5323 percontatus
801 5272 884 5314 est
906 5300 921 5325 ,
950 5277 1059 5332 quo
1089 5271 1145 5318 et
1174 5265 1450 5338 quomodo
1479 5267 1764 5324 discedere
1796 5270 1988 5326 volue-

2103 5271 2291 5337 τοίνυν,
2326 5271 2556 5349 ἥκοντος
2584 5270 2955 5343 ἐξἍρχελάου
2985 5274 3348 5342 πρεσϐευτοῦ,
3382 5275 3543 5353 ἐξῆγε
3577 5277 3674 5333 τὸν

412 5345 523 5400 rit?
551 5346 647 5401 llle
679 5366 829 5415 vero,
870 5351 949 5406 Ad
983 5353 1314 5409 Archelaum
1337 5396 1352 5419 ,
1399 5359 1714 5428 respondit,
1750 5361 1843 5430 qui
1874 5362 1989 5431 pol-

411 5441 595 5496 ticitus
628 5449 773 5500 essel
798 5487 811 5511 ,
846 5461 1050 5501 seenm
1075 5447 1202 5503 inde
1232 5448 1458 5503 Romam
1487 5450 1816 5519 missurum,
1848 5453 1987 5507 nihil

412 5545 595 5591 autem
648 5540 795 5594 aliud
854 5543 1074 5612 gravius
1133 5544 1189 5597 in
1260 5552 1471 5614 patrem
1527 5546 1816 5618 cogitasse.
1891 5547 1988 5604 His

413 5627 609 5694 dictis,
645 5647 739 5685 rex
768 5632 907 5690 duos
936 5649 967 5688 e
1019 5634 1136 5689 suis
1174 5635 1400 5691 Romam
1446 5638 1513 5693 ad
1549 5638 1821 5695 Czesarem
1854 5656 1983 5697 eum

416 5720 615 5775 litteris
666 5723 842 5789 misit,
874 5740 939 5779 ac
982 5725 1147 5797 jussit
1185 5727 1311 5781 navi
1359 5729 1427 5783 ad
1475 5730 1721 5786 Cili:lam
1761 5733 1985 5799 appulsa

416 5825 543 5865 cum
589 5813 858 5872 Archelao
897 5814 1242 5888 expostulare
1268 5860 1284 5887 ,
1316 5822 1460 5891 quod
1508 5822 1830 5880 insidiarum
1864 5824 1992 5881 filiis

2106 5363 2458 5436 Ἀλέξανδρον
2483 5363 2788 5434 δεσμώτην,
2817 5367 2910 5419 καὶ
2937 5367 3066 5437 περὶ
3096 5366 3195 5437 τῆς
3227 5369 3407 5439 φυγῆς
3435 5369 3675 5424 ἐπυνθά-

2094 5473 2217 5510 νετο
2260 5458 2348 5510 ἐπ’
2389 5458 2652 5529 ἀκροάσει
2695 5458 2789 5511 τοῦ
2838 5459 3365 5529 πρεσϐευτοῦ,ὃπου
3415 5463 3511 5519 καὶ
3558 5464 3679 5528 πῶς

2094 5548 2403 5618 ἐγνώκασιν
2450 5550 2796 5621 ἀποχωρεῖν·
2844 5554 2872 5605 ό
2916 5551 2971 5604 δέ
3017 5552 3154 5623 πρὸς
3205 5551 3500 5624 Ἀρχέλαον
3543 5555 3675 5625 ἔφη,

2096 5639 2307 5694 ἐκεῖθεν
2337 5642 2417 5704 εἰς
2462 5638 2682 5712 Ῥώμην
2727 5641 3055 5711 συνθέμενον
3086 5643 3435 5713 διαπέμψειν,
3465 5643 3593 5699 ἄλλο
3617 5644 3677 5699 δὲ

2096 5734 2246 5788 οὐδὲν
2264 5732 2463 5788 ἄτοπον
2485 5734 2793 5805 ἧδυσχερές
2814 5735 3132 5804 λογίσασθαι
3155 5739 3298 5792 κατά
3323 5739 3417 5791 τοῦ
3443 5738 3671 5810 πατρός.

2099 5825 2317 5880 Τούτων
2338 5823 2479 5879 οὕτω
2507 5825 2801 5898 ρηθέντων,
2837 5829 2864 5881 ό
2891 5827 3167 5899 βασιλεὺς,
3196 5828 3501 5901 γράμματα
3530 5828 3667 5900 πρὸς
