4074 6392
172 5920 183 5951 1

355 416 466 481 445

1629 438 2043 501 ANNALIUM
2085 446 2235 505 LIB.
2278 449 2345 509 Υ.

3502 462 3613 527 ΗΒ

350 532 610 617 Καίσακρα
657 530 817 596 δοὺς,
863 531 954 585 δύο
1006 534 1113 588 τῶν
1143 538 1236 592 ὑπ’
1296 541 1459 595 abs-3v
1520 546 1831 614 ἐκέλευσεν,
1878 552 1915 602 ἐκ

2038 557 2153 610 suis
2183 558 2402 629 adjutor
2440 559 2653 616 fuisset.
2686 561 2985 618 Archelaus
3014 580 3142 622 vero
3187 570 3509 637 respondit,
3546 587 3609 628 se

349 622 626 713 παράπλῳ
681 627 746 693 τῇ
811 626 1034 698 Κιλικίᾳ
1092 634 1433 702 προσχόντας
1489 638 1624 707 (48),
1688 641 1933 713 ἐντυχεῖν

347 711 650 783 ’Λρχελάῳ,
677 715 773 766 καὶ
822 716 1165 786 μέμψασθαι,
1197 724 1278 776 ὅτι
1331 725 1428 793 τῆς
1453 728 1769 799 ’ἐπιϐουλῆς
1816 711 1931 797 τοῖς

348 809 503 857 nuo‘:
560 806 948 876 συνεφάψαιτο.
994 810 1286 881 Ἀρχέλαος
1357 819 1541 885 μέντοι
1606 820 1929 891 ἀπελογεῖτο

344 896 604 955 δέξασθαι
647 898 776 961 τοὺς
810 901 1028 962 νεανίας
1072 905 1366 960 συνθέσθαι
1415 909 1505 963 διά
1537 912 1599 964 τὸ
1647 914 1928 985 συμφέρον

345 985 624 1078 κάκείνοις
674 990 771 1039 καὶ⁵
821 989 900 1056 τῷ
954 995 1156 1064 πατρὶ,
1208 995 1270 1048 ού
1326 997 1434 1069 μὴν
1488 1002 1624 1071 πρὸς
1671 1005 1930 1078 Καίᾶαρα

343 1076 607 1146 πέμψειν.
660 1079 752 1142 Εἰς
817 1081 1038 1153 Ῥώμην
1093 1085 1148 1138 δέ
1196 1088 1668 1160 ἀποκομισθέντες
1714 1099 1765 1148 οἱ
1819 1076 1928 1152 τῶν

343 1169 644 1221 ἐπιστολῶν
688 1174 968 1241 κομισταὶ.
1001 1177 1207 1241 ταύτας
1238 1180 1504 1238 δεδώκασι
1562 1187 1822 1259 Καίσαρι.
1870 1191 1929 1244 '0

342 1258 398 1311 δὲ
448 1260 882 1324 ἀντεπέστειλεν,
934 1265 1195 1337 ἄχθεσθαι
1250 1273 1343 1326 ἐπὶ
1400 1276 1514 1338 τοῖς
1575 1258 1786 1341 παισὶν,
1837 1283 1928 1333 ἐπ’

342 1349 534 1418 ἐκείν;›
570 1352 625 1404 δὲ
662 1355 758 1421 τὴν
778 1356 959 1407 πᾶσαν
987 1356 1241 1421 ἐξουσίαν
1275 1366 1473 1417 ποιεῖν.
1514 1367 1621 1418 Καὶ
1652 1368 1701 1420 εἰ
1737 1370 1839 1437 μέν
1871 1388 1924 1425 τι

340 1443 556 1496 ἀνόσιον
598 1446 990 1517 πεποιήκασιν,
1030 1450 1306 1518 ἐπεξιέναι
1352 1453 1427 1518 ὡς
1461 1460 1831 1528 πατραλοίας;
1875 1466 1924 1519 ει

338 1533 394 1584 δὲ
444 1533 684 1604 δρασμὸν
726 1539 1039 1609 ἐνενόησαν,
1084 1542 1264 1606 ἄλλως
1309 1546 1709 1617 νουθετήσαντα
1757 1553 1924 1622 μηδὲν

339 1624 641 1693 ἀνήκεστον
655 1625 1076 1697 διαπρὲξεισθαι.
1098 1633 1501 1703 Συμϐουλεύειν
1523 1639 1567 1691 δ’
1593 1641 1767 1711 αὐτῷ,
1796 1645 1923 1714 περὶ

2038 648 2357 721 promisisse
2424 650 2802 708 adolescentes
2878 665 3308 725 suscepturum,
3380 669 3611 730 propter

2037 748 2091 793 et
2140 739 2382 808 ipsorum
2427 754 2482 795 et
2508 743 2681 812 patris
2732 744 3060 810 utilitatem,
3099 748 3194 802 sed
3240 749 3308 803 ad
3337 750 3608 807 Caesarem

2036 828 2331 884 missurum
2374 830 2543 888 fuisse
2572 836 2806 905 negavit.
2850 835 2929 890 Illi
2961 838 3189 892 Romam
3224 840 3451 909 profecti
3492 842 3609 898 Cte-

2034 919 2142 973 εατί
2170 920 2379 977 litteras
2413 922 2774 980 reddiderunt
2808 927 2941 996 :qui
2976 929 3287 997 rescripsit,
3327 946 3387 985 se
3413 932 3606 987 dolere

2033 1019 2258 1079 propter
2293 1011 2412 1081 ejus
2452 1015 2591 1070 filios
2615 1054 2629 1079 ,
2677 1015 2772 1070 sed
2800 1031 3018 1070 omnem
3070 1017 3171 1086 ipsi
3222 1019 3605 1074 auctoritatem

2034 1099 2164 1155 dare
2201 1102 2337 1172 :qui
2380 1105 2425 1158 si
2484 1104 2696 1160 facinus
2745 1106 2972 1175 impium
3029 1110 3081 1161 in
3134 1124 3193 1163 se
3245 1110 3609 1173 admiserint,

2034 1193 2344 1261 puniendos
2402 1213 2503 1266 pro
2560 1199 2907 1267 parricidis:
2958 1201 3042 1254 sin
3107 1199 3287 1271 fugam
3343 1200 3608 1256 duntaxat

2034 1285 2363 1355 cogitarint,
2419 1290 2472 1343 in
2503 1305 2599 1346 eos
2641 1291 2827 1346 verbis
2875 1291 3168 1361 castigatos
3211 1292 3347 1347 nihil
3387 1294 3615 1363 gravius

2036 1378 2453 1434 consulendum.
2505 1380 2828 1438 Cousultum
2874 1393 3057 1440 autem
3113 1383 3286 1438 videri
3350 1383 3498 1448 sibi,
3547 1392 3607 1438 ut

2034 1477 2334 1524 convocato
2378 1471 2561 1543 Beryti
2601 1475 2858 1536 concilio.
2904 1484 2960 1530 et
2989 1475 3225 1531 ducibus
3265 1483 3428 1544 atque
3460 1472 3604 1544 Cap-

2032 1557 2299 1627 padocum
2367 1578 2493 1634 rege
2540 1565 2827 1631 Archelao,
2878 1576 2934 1623 et
2985 1567 3108 1622 aliis
3149 1567 3280 1622 viris
3338 1565 3607 1637 dignitate

2030 1647 2337 1707 illustribus
2361 1653 2623 1712 adhibitis
2645 1697 2661 1723 ,
2698 1657 2831 1727 quid
2871 1657 3224 1713 statuendum
3267 1672 3390 1713 esse
3421 1655 3605 1711 videa-

340 1715 584 1786 Βηρυτὸν
629 1721 1008 1788 συναγαγόντα
1054 1725 1356 1798 συνέδριον,
1392 1729 1490 1781 καὶ
1536 1731 1915 1800 παραλαὸόντο

2035 1750 2141 1806 tur,
2178 1742 2467 1802 deliberet.

338 1807 461 1912 ξῖὺξ
514 1809 789 1912 ἡγεμόνας
825 1813 939 1912 ’καλ
1005 1815 1118 1912 τὸν-
1145 1819 1255 1912 τῷν
1302 1822 1690 1877 Καππαδοκῶν
1746 1825 1972 1897 βασιλέα
2025 1833 2341 1904 Ἀρχέλαον,
2398 1841 2492 1894 καὶ
2540 1840 2701 1905 ὅσους
2741 1841 2850 1894 τῶν
2905 1841 3080 1896 ἄλλων
3133 1839 3273 1897 οἶδεν
3321 1841 3607 1912 ἐπιφανεῖς

335 1898 632 1970 ἀξιώμασι,
669 1906 790 1971 μετ’
821 1905 1048 1961 ἐκείνων
1072 1909 1132 1962 τὸ
1170 1911 1289 1966 δέον
1321 1918 1564 1970 σκοπεῖν.

406 1993 534 2046 KB’.
567 1993 788 2065 Ταύτην
816 1996 1112 2068 δεξάμενος
1132 2003 1232 2071 τὴν
1259 2005 1549 2077 ἐπιστολὴν
1572 2010 1600 2062 ὁ
1634 2009 1917 2079 Ἡρώδης,

332 2083 521 2137 ἐκάλει
564 2086 700 2156 πρὸς
721 2087 785 2140 τὸ
816 2090 1098 2162 συνέδριον
1159 2094 1254 2158 οὓς
1286 2097 1565 2167 ἐϐούλετο,
1622 2102 1919 2173 Ἀρχέλαον

331 2174 404 2227 δι’
437 2175 643 2249 ἔχθραν
669 2182 1181 2252 παραιτησάμενος,
1215 2187 1246 2258 ἢ
1295 2189 1390 2243 καὶ
1418 2191 1918 2264 ἐναντιωθήσεσθαι

330 2267 399 2337 τῇ
422 2268 618 2340 γνώμῃ
642 2271 883 2340 νομίζων
926 2274 1118 2330 αὐτοῦ.
1156 2278 1295 2350 Ἤδη
1331 2279 1389 2335 δὲ
1415 2285 1776 2356 συνηγμένων
1801 2289 1914 2344 τῶν

330 2375 395 2411 τε
415 2359 706 2429 ἡγεμόνων
742 2362 839 2416 καὶ
863 2363 976 2416 τῶν
1010 2366 1209 2429 ἄλλων,
1236 2374 1539 2445 κατηγόρει
1573 2376 1682 2432 τῶν
1709 2379 1916 2435 παίδων

329 2454 361 2506 δ
427 2452 700 2523 βασιλεὺς,
751 2458 846 2512 καὶ
895 2460 963 2512 τὰ
1013 2460 1081 2515 δι’
1122 2464 1306 2517 αὐτῶν
1350 2469 1576 2522 ἐκείνων
1623 2475 1914 2542 γραφέντα

329 2546 804 2636 ύπανεγίνωσκεν,
847 2552 905 2604 ἐν
940 2546 1023 2614 οἷς
1088 2555 1242 2608 οὐδὲν
1295 2559 1612 2631 ἐγέγραπτο
1648 2564 1833 2635 ἕτερον
1884 2567 1915 2636 ἦ

330 2634 417 2688 ὅτι
456 2639 649 2704 φυγεῖν
676 2638 1041 2708 βουλεύοιντο,
1096 2645 1195 2699 καὶ
1245 2646 1505 2719 λοιδορίαι
1544 2654 1690 2715 τινὲς
1716 2634 1796 2717 είς
1824 2634 1920 2709 ait;

326 2727 443 2788 τὸν,
478 2728 658 2799 ὀνείδη
691 2730 780 2785 διὰ
839 2732 940 2805 τὴν
998 2736 1254 2792 δύσνοιαν
1295 2738 1538 2812 ἔχουσαι.
1598 2747 1708 2799 Καὶ
1762 2748 1916 2814 τέλος

328 2817 536 2912 είπων,
572 2821 669 2912 καὶ
724 2822 790 2876 ἐκ
827 2824 926 2895 τῆς
966 2826 1185 2894 φύσεως
1239 2833 1333 2884 καὶ
1389 2835 1455 2887 ἐκ
1495 2835 1591 2888 τοῦ
1638 2839 1918 2912 Καίσαρος

328 2911 480 2982 αὐτῷ
529 2911 628 2984 τὴν
663 2914 917 2979 ἐξουσίαν
961 2919 1201 2989 δοθῆναι,
1252 2924 1348 2977 καὶ
1389 2926 1555 2996 νόμον
1605 2911 1917 3001 προσέθηκε

328 3006 584 3076 πάτριον,
620 3006 678 3067 ὃς
718 3008 993 3073 ἐκέλευεν,
1039 3014 1093 3067 ει
1117 3031 1212 3068 του
1247 3020 1727 3090 κατηγορήσαντες
1742 3025 1792 3076 ol
1822 3040 1917 3091 yo-

327 3098 462 3160 νεῖς,
489 3098 730 3152 ἐπιθοῖεν
758 3102 859 3164 τὰς
873 3105 1068 3174 χεῖρας
1098 3108 1164 3176 τῇ
1200 3110 1431 3181 κεφαλῇ,
1465 3113 1590 3177 τοὺς
1615 3115 1920 3182 περιεστῶ-

327 3205 429 3250 τας
456 3187 649 3243 τοῦτον
686 3191 926 3259 ὀφείλειν
970 3195 1364 3266 λιθολευστεῖν,
1428 3204 1525 3256 καὶ
1576 3204 1753 3268 οὕτως
1781 3207 1917 3260 ἁπο-

327 3281 587 3337 κτείνειν.
623 3283 807 3356 Ὅπερ
872 3286 1030 3355 ἔλεγε
1079 3289 1343 3347 δύνασθαι
1404 3295 1498 3349 καὶ
1532 3298 1696 3363 αὐτος
1735 3301 1794 3352 ἐν
1841 3303 1908 3371 τῇ

325 3373 552 3442 πατρίδι
588 3376 679 3427 καὶ
711 3379 776 3447 τῇ
813 3375 1070 3450 βασιλείᾳ
1120 3386 1322 3447 ποιεῖν,
1378 3386 1674 3457 ἀναμεῖναι
1718 3390 1776 3442 δὲ
1810 3390 1909 3461 τὴν

323 3464 552 3518 ἐκείνοιν
580 3467 785 3536 κρίσιν.
818 3468 1005 3523 Ταῦτα
1032 3472 1124 3524 τοῦ
1158 3474 1399 3545 Ἡρώδου
1422 3479 1671 3543 εἰπόντος
1706 3482 1756 3534 οἱ
1784 3498 1911 3534 συν-

324 3555 674 3626 εδριάζοντες
706 3559 805 3629 τὴν
860 3562 1114 3626 ἐξουσίαν
1159 3565 1394 3635 ἐκύρουν
1445 3569 1617 3641 αύτῷ,
1641 3572 1753 3625 τῶν
1783 3591 1909 3626 νεα·

322 3647 529 3701 νίσκων
565 3648 704 3719 μηδὲ
738 3652 1118 3722 παρηγμένων
1140 3657 1221 3719 εἰς
1248 3657 1309 3710 τὸ
1341 3660 1654 3731 συνέδριον⁶
1692 3666 1788 3718 καί
1825 3682 1911 3719 τι⁴

322 3755 412 3800 νες
451 3739 550 3809 μὲν
579 3741 1027 3812 κατεψηφίζοντο
1053 3744 1162 3799 τῶν
1205 3746 1452 3820 Ἡρώδου
1486 3752 1642 3819 υἱῶν,
1688 3755 1808 3809 ἀλλ’
1846 3757 1908 3811 οὐ

327 3832 514 3903 μέντοι
563 3835 660 3888 καὶ
716 3835 950 3891 κτείνειν
977 3852 991 3870 ·
1026 3840 1075 3891 ol
1108 3839 1165 3892 δέ
1219 3858 1282 3909 γε
1310 3842 1529 3909 πλείους
1567 3849 1663 3900 καὶ
1694 3849 1912 3919 θανάτῳ

325 3922 578 3988 κολάζειν
606 3926 810 3982 αὐτοὺς
830 3929 1219 3999 ἀπεφαίνοντο.
1252 3935 1361 3987 Kal
1401 3937 1493 3989 ἐπὶ
1535 3938 1751 4003 τούτοις
1797 3941 1912 3995 διες·

323 4013 517 4067 λέλυτο
541 4015 602 4068 τὸ
624 4017 927 4088 συνέδριον.
980 4020 1228 4093 Ἡρώδης
1280 4024 1338 4077 δέ
1381 4021 1518 4098 ἧκεν
1579 4031 1660 4094 είς
1708 4031 1908 4103 Τύρον,

326 4105 425 4160 καὶ
449 4107 578 4170 τοὺς
608 4110 807 4173 παῖδας
828 4110 1003 4179 ἄγων.
1036 4113 1124 4177 Ὠς
1151 4113 1209 4167 δὲ
1238 4111 1404 4186 ἦλθον
1433 4118 1517 4181 είς
1544 4121 1908 4193 Καισάρειαν,

325 4197 597 4268 μετέωροι
634 4202 843 4266 πάντες
877 4199 1043 4275 ἦσαν,
1078 4209 1175 4260 ποῖ
1237 4209 1305 4262 τὰ
1344 4212 1488 4264 κατὰ
1533 4215 1661 4277 τοὺς
1690 4216 1909 4281 νεανίας

320 4290 650 4361 χωρήσειεν,
708 4296 1056 4366 ἐκδεχόμενοι
1085 4314 1100 4329 ο
1142 4301 1240 4354 καὶ
1278 4304 1393 4367 τοῖς
1443 4306 1542 4375 μὲν
1598 4310 1910 4379 γινομένοις

323 4383 747 4457 ἐδυσχέραινον
775 4390 876 4445 οὐκ
939 4387 1008 4462 ἦν
1055 4393 1113 4446 δέ
1165 4395 1451 4450 ἀκίνδυνον
1496 4398 1621 4454 οὔτε
1669 4419 1723 4455 τι
1771 4403 1911 4475 ὑπὲρ

323 4476 556 4531 ἐκείνων
578 4480 776 4547 εἰπεῖν,
804 4480 919 4535 οὔτ’
958 4484 1186 4539 ἀκούειν
1220 4488 1412 4559 ἐτέρου
1440 4489 1718 4560 λέγοντος.
1769 4495 1911 4552 Ἀλλ’

2091 2017 2257 2074 XXII.
2306 2017 2553 2076 Herodes
2591 2021 2697 2077 hac
2727 2021 2962 2092 epistola
3003 2031 3225 2091 accepta
3250 2062 3265 2085 ,
3294 2021 3363 2077 ad
3411 2022 3602 2077 conci-

2019 2110 2155 2165 lium
2181 2110 2399 2165 vocavit
2428 2126 2567 2181 quos
2591 2112 2769 2166 voluit
2796 2131 2810 2166 :
2847 2112 3139 2176 Archelao,
3169 2113 3285 2168 sive
3308 2109 3453 2182 quod
3479 2125 3605 2166 eum

2020 2201 2254 2264 oderat.
2285 2201 2406 2257 sive
2434 2202 2584 2271 quod
2619 2203 2886 2258 voluntati
2918 2220 3035 2260 suae
3070 2204 3470 2275 refragaturum
3502 2218 3607 2273 pu-

2021 2291 2208 2354 tabat,
2241 2292 2542 2363 praeterito.
2568 2292 2814 2348 Ducibus
2846 2303 2903 2349 et
2925 2295 3141 2349 caeteris
3173 2296 3283 2365 jam
3312 2309 3606 2366 congrega-

2020 2385 2135 2449 tis,
2189 2401 2286 2441 rex
2337 2386 2480 2442 filios
2524 2395 2784 2449 accusat,
2840 2386 3087 2443 recitatis
3132 2387 3294 2458 252
3353 2388 3603 2456 ipsorum

2019 2475 2273 2544 scriptis,
2304 2491 2426 2545 qua:
2456 2476 2594 2531 nihil
2629 2476 2778 2531 aliud
2802 2477 3199 2540 continebant,
3231 2485 3432 2547 prseter
3458 2476 3605 2545 fugas

2018 2565 2334 2631 consilium,
2357 2573 2414 2621 et
2442 2566 2681 2621 convitia
2707 2567 2955 2637 quasdam
2986 2568 3125 2637 patri
3158 2567 3602 2622 malevolentiam

2017 2656 2429 2724 exprobrantia.
2468 2657 2758 2712 Postremo
2791 2656 2951 2721 dixit,
2976 2665 3033 2711 et
3062 2672 3093 2710 a
3126 2664 3321 2711 natura
3353 2664 3407 2711 et
3431 2670 3461 2709 a
3492 2654 3604 2710 Ca:-

2019 2762 2142 2803 sare
2164 2755 2489 2818 potestatem
2514 2746 2617 2803 sibi
2639 2747 2821 2803 datam
2846 2763 2968 2803 esse
3015 2747 3339 2818 :legemque
3366 2744 3599 2814 patriam

2019 2839 2257 2910 adjecit,
2288 2855 2410 2909 quae
2446 2840 2668 2910 iuberet
2690 2879 2705 2905 ,
2738 2839 2784 2895 si
2820 2854 2985 2909 quem
3014 2847 3273 2908 parentes
3295 2877 3310 2900 ,
3344 2836 3602 2890 manibus

2020 2930 2170 2985 illius
2194 2928 2361 2998 capiti
2398 2928 2702 2998 impositis,
2733 2937 3081 2991 accusarent,
3115 2942 3212 2982 eos
3246 2927 3340 2997 qui
3362 2926 3613 2981 circnm-A

2019 3029 2230 3075 starent
2252 3058 2267 3082 ,
2301 3020 2613 3075 necessario
2644 3018 2922 3089 lapidibus
2954 3034 3111 3073 reum
3139 3018 3412 3074 occidere.
3439 3016 3600 3084 Quod

2019 3129 2146 3169 cum
2178 3114 2295 3184 ipse
2337 3113 2484 3167 domi
2517 3112 2571 3166 in
2616 3112 2791 3182 patria
2822 3111 3004 3165 facere
3039 3112 3347 3180 potuisset,
3378 3111 3598 3164 illorum

2021 3216 2201 3261 tamen
2247 3203 2505 3274 suﬂ‘ragia
2552 3211 2921 3273 exspectasse.
2962 3203 3088 3257 llaec
3122 3202 3339 3257 Herode
3366 3203 3552 3257 locuto
3581 3240 3598 3263 .

2020 3298 2114 3368 qui
2151 3297 2205 3351 in
2239 3296 2476 3353 concilio
2500 3293 2753 3359 aderant,
2788 3292 3234 3348 adolescentibus
3260 3308 3362 3347 nec
3398 3292 3450 3345 in
3481 3308 3602 3347 me-
3686 3292 3695 3310 '

2020 3392 2172 3445 dium
2209 3388 2520 3460 productis.
2551 3389 2936 3444 auctoritatem
2971 3387 3022 3442 ei
3050 3385 3454 3441 conﬁrmarunt
3486 3399 3503 3440 :
3538 3399 3602 3439 ac

2018 3482 2273 3540 nonnulli
2306 3496 2439 3537 sane
2466 3480 2850 3536 adolescentes
2875 3479 3343 3541 condemnarunt,
3381 3492 3489 3531 non
3523 3487 3604 3530 ta-

2019 3591 2143 3631 men
2186 3574 2424 3645 capitis:
2458 3573 2707 3643 plerique
2740 3573 2938 3643 capitis
2983 3572 3151 3626 etiam
3202 3586 3300 3627 eos
3334 3568 3601 3623 condem-

2018 3677 2246 3721 narunt.
2273 3664 2523 3721 Concilio
2554 3665 2633 3719 sic
2655 3664 2905 3728 dimisso,
2928 3660 3175 3718 Herodes
3193 3660 3449 3715 adductis
3473 3659 3601 3713 filiis

2018 3759 2224 3830 Tyrum
2259 3758 2445 3821 venit,
2485 3756 2615 3811 inde
2647 3755 2954 3812 Cassaream
2981 3796 2996 3820 ,
3046 3753 3139 3807 ubi
3180 3766 3375 3807 omnes
3400 3767 3599 3820 exspe-

2017 3851 2259 3907 ctatione
2310 3847 2563 3918 suspensi
2602 3846 2790 3911 fuere,
2828 3860 2940 3916 quo
2989 3845 3208 3900 tandem
3243 3858 3331 3899 res
3378 3842 3596 3896 illorum

2017 3957 2264 3999 evasura
2282 3949 2501 3996 essent:
2527 3939 2780 4009 quamvis
2802 3948 2985 3992 autem
3008 3952 3072 3990 ea
3097 3935 3337 4006 graviter
3360 3933 3596 3993 ferrent,

2018 4052 2129 4091 non
2154 4043 2334 4090 tutum
2365 4042 2548 4089 tamen
2575 4039 2717 4095 erat,
2755 4031 2841 4084 vel
2868 4030 3169 4099 quidquam
3196 4028 3263 4082 de
3289 4026 3397 4081 illis
3420 4026 3472 4078 lo
3495 4025 3594 4087 gui,

2016 4129 2103 4183 vel
2155 4126 2281 4180 aliis
2327 4125 2643 4179 dicentibus
2690 4123 2905 4178 audire.
2967 4123 3157 4190 Itaque
3203 4133 3391 4173 casum
3441 4118 3595 4170 illum

2016 4228 2215 4275 maesto
2235 4218 2456 4274 silentio
2482 4216 2925 4273 dissimulabant.
2956 4215 3159 4269 Verum
3189 4211 3346 4265 miles
3371 4210 3596 4279 quidam

2018 4311 2243 4366 nomine
2294 4311 2518 4374 Teron,
2576 4310 2672 4379 qui
2735 4308 2909 4362 lilium
2963 4304 3274 4360 Alexandro
3327 4302 3595 4372 aequalem

2017 4413 2187 4474 atque
2209 4402 2451 4457 amicum
2483 4402 2744 4465 habebat,
2777 4399 2948 4453 multa
2978 4397 3034 4452 in
3061 4395 3250 4468 populi
3279 4392 3593 4463 frequentia

2015 4498 2268 4560 loeutus,
2303 4495 2469 4549 etiam
2493 4510 2522 4548 a
2548 4508 2676 4563 rege
2705 4503 2891 4562 petere
2916 4504 3084 4545 ausus
3107 4497 3190 4543 est
3230 4502 3355 4542 cum
3379 4501 3447 4539 eo
3477 4485 3596 4539 solo

320 4566 603 4639 ὀδυνηρῶς
632 4571 753 4640 μὲν,
794 4573 1043 4639 ἀναύδως
1089 4576 1147 4630 δέ
1199 4577 1293 4632 τοῦ
1330 4580 1539 4646 πάθους
1589 4583 1785 4657 ἔφερον
1813 4588 1912 4656 τὴν

2020 4587 2369 4657 colloquendi
2403 4586 2757 4641 facultatem:
2799 4600 2908 4655 qua
2954 4583 3277 4653 impetrata:
3326 4579 3443 4644 Quo
3469 4584 3596 4629 tan-

322 4658 662 4732 ῠπερϐολήν.
688 4664 1039 4736 Στρατιὼτης
1064 4668 1121 4722 δέ
1149 4687 1234 4729 τις
1271 4671 1494 4741 ὀνόματι
1533 4675 1751 4747 ’ί“ήρων,
1788 4681 1907 4733 υἱοῦ

319 4747 492 4803 αὑτοῦ
536 4753 659 4807 καθ’
683 4754 908 4824 ἡλικίαν
943 4759 1099 4822 ὄντος
1142 4760 1481 4835 Ἀλεξάνδρῳ
1511 4764 1694 4832 φίλου,
1737 4770 1910 4825 πολλά

317 4844 422 4894 καὶ
462 4844 601 4914 πρὸς
619 4846 681 4899 τὸ
711 4847 919 4917 πλῆθος
949 4851 1129 4919 ἔλεγε,
1159 4856 1254 4906 καὶ
1291 4856 1431 4922 πρὶς
1471 4858 1563 4911 τὸν
1596 4859 1824 4928 βασιλέα
1849 4864 1907 4916 δὲ

315 4936 882 5009 πιῤῥησιασάμενος,
919 4942 1080 5012 μόνος
1114 4945 1263 5015 μόνῳ
1307 4949 1555 5018 ἐντυχεῖν
1584 4950 1760 5022 ⁴ἠξίου.
1803 4956 1913 5008 Kal.

313 5027 589 5095 ἐνδόντος,
631 5033 746 5087 Ποῖ
773 5035 922 5090 ποτέ
948 5050 1071 5097 σοι,
1100 5038 1228 5108 ἔφη,
1270 5044 1302 5093 ὀ
1351 5042 1626 5110 περιττὸς
1679 5046 1915 5115 ἐκεῖνος

311 5118 474 5187 νοῦς
497 5138 516 5186 ;
543 5125 637 5192 Τίς
666 5125 733 5181 δὲ
761 5129 799 5198 ἠ
818 5126 938 5182 τῶν
964 5130 1161 5200 φίλων
1190 5131 1288 5185 καὶ
1314 5133 1630 5202 συγγενῶν
1655 5136 1868 5206 ἐρημία
1895 5155 1915 5202 ;

313 5210 471 5272 Εἶτα
501 5219 575 5272 οὺ
605 5220 830 5291 σκέψῃ,
866 5222 926 5276 τί
954 5224 1020 5277 τὸ
1054 5225 1491 5294 πραττόμενον,
1521 5230 1577 5281 sl
1619 5228 1731 5284 δύο
1768 5249 1905 5286 νεα-

313 5309 460 5376 νίας
490 5310 560 5365 ἐκ
578 5314 910 5381 βασιλίδος
940 5334 1040 5372 σοι
1070 5320 1356 5388 γυναικὸς
1403 5322 1792 5390 γενομένους.
1821 5328 1910 5391 εις

314 5399 533 5460 πᾶσαν
562 5406 786 5477 ἀρετὴν
837 5409 1064 5479 ἄκρους
1100 5410 1474 5482 ἀναιρήσεις,
1516 5418 1783 5470 σεαυτὸν
1838 5415 1910 5471 ἐν

2006 4679 2161 4740 dem.
2199 4678 2412 4748 inquit,
2464 4676 2721 4733 excellens
2775 4679 2879 4732 ista
2929 4675 3211 4747 prudentia
3255 4670 3434 4727 abiit?
3463 4668 3596 4734 Quae

2008 4778 2082 4825 est
2099 4772 2215 4852 ista
2238 4771 2303 4824 ab
2331 4772 2512 4825 amicis
2537 4769 2852 4847 etcognatis
2905 4766 3133 4822 solitudo
3157 4765 3182 4818 7
3205 4763 3322 4819 Νοη
3347 4762 3595 4830 aliquan-

2008 4864 2075 4918 do
2110 4862 2465 4917 considerabis
2486 4904 2502 4929 ,
2532 4879 2635 4933 quo
2664 4878 2746 4917 res
2774 4878 3002 4917 evasura
3032 4860 3135 4926 sit,
3168 4858 3213 4913 si
3239 4856 3437 4910 duobus
3464 4852 3594 4907 ado-

2010 4954 2327 5008 lescentibus
2360 4968 2424 5006 ea:
2446 4961 2618 5006 matre
2640 4952 2824 5022 regina
2854 4951 3134 5022 susceptis.
3171 4949 3314 5002 omni
3339 4947 3593 4999 virtutum

2010 5060 2198 5115 genere
2224 5044 2621 5112 prostantibus,
2645 5045 2955 5113 interfectis,
2980 5051 3072 5097 tua
3098 5047 3334 5096 senectus
3364 5037 3455 5090 uni
3476 5034 3595 5102 ﬁlio

2009 5138 2293 5200 innitelur,
2318 5145 2366 5190 et
2388 5138 2645 5207 cognatis,
2664 5137 2924 5206 quasipse
2954 5142 3103 5188 toties
3130 5132 3319 5203 capitis
3342 5127 3593 5182 condem-

2010 5231 2152 5284 nasti
2178 5230 2204 5284 .9
2235 5229 2359 5284 Non
2391 5229 2643 5301 cogitabis
2668 5229 2872 5284 silentii
2898 5227 3080 5299 populi
3110 5238 3332 5280 causam
3362 5234 3473 5275 esse
3496 5218 3594 5272 do-

2010 5325 2137 5379 loris
2182 5324 2621 5393 magnitudinem,
2661 5330 2929 5390 totumque
2959 5319 3247 5373 exercitum
3277 5316 3329 5369 in
3360 5309 3589 5366 calami-

2009 5425 2147 5471 tosos
2188 5416 2624 5487 misericordiam,
2663 5416 2719 5469 in
2765 5411 3090 5467 calamitatis
3139 5416 3380 5463 auctores
3406 5403 3590 5458 adium

1449 5570 1657 5633 Varias
1688 5570 1996 5635 lectiones
2025 5581 2085 5635 et
2118 5581 2308 5634 notae.

396 5711 658 5838 (£8L‘Hr
712 5715 1006 5782 παράπλῳ
1068 5717 1144 5786 τῇ
1197 5721 1434 5787 Κιλικίᾳ
1491 5723 1896 5792 προσχόντας.

396 5801 487 5838 50!)
534 5800 597 5838 US
646 5787 704 5838 ἐν
757 5788 1030 5838 πκοὰπλω
1062 5789 1159 5838 ιιὲν
1206 5789 1464 5838 Ἐλούσηῖ
1508 5793 1607 5838 τῆς
1644 5794 1896 5838 Κιλικίας

315 5784 597 5854 lost-phus
646 5787 1030 5859 &v__':_tapd.:iup
1060 5784 1159 5856 μὲν
1206 5784 1464 5855 Ἰσίλούσης
1508 5784 1607 5859 τῆς
1644 5784 1899 5854 Κιλικίας

318 5860 662 5926 stone/gina,
721 5855 818 5912 Ubi
852 5855 1044 5927 τὸμὲν
1064 5855 1364 5925 Ὲλοιίσης
1388 5855 1742 5924 depravatum
1775 5878 1897 5917 esse

2006 5729 2254 5791 apparet.
2282 5718 2544 5791 Gelenius
2576 5718 2760 5775 vertit.
2780 5789 2789 5791 _
2812 5724 2869 5791 ut
2912 5716 3059 5791 inter
3092 5714 3449 5791 navigandum
3480 5728 3583 5784 ap-

2004 5785 2261 5862 pellercnt
2290 5790 2360 5845 ad
2388 5789 2642 5845 lt'leusam
2667 5787 2918 5860 oppidum
2946 5785 3175 5844 Ciliciaz.
