4074 6390
474 401 587 468 ΗἹ

1758 405 2087 472 JOANNIS
2124 409 2451 472 ΖΟΝΔΒΈ

3641 410 3756 473 418

472 516 700 589 gerere?
730 518 843 573 Rex
872 517 964 574 illa
1000 517 1280 590 principio
1313 535 1423 576 non
1463 520 1724 577 iracunde
1771 522 2049 578 audiebat.

2159 523 2311 592 γήρᾳ
2349 524 2701 578 καταλιπὼν
2729 522 2822 592 ἐφ’
2847 522 2937 576 dri
2979 521 3147 576 παιδί
3197 522 3295 576 καί
3348 524 3773 593 συγξτνέσιιο,

474 609 583 663 Sed
623 609 858 665 Teronis
901 610 1263 667 immoderata
1312 620 1370 668 et
1418 614 1643 669 militari
1691 614 1944 672 libertate
1996 626 2053 672 et

476 700 718 756 militum
753 703 1132 773 indignatione
1159 716 1495 767 commotus.
1528 707 1801 764 Teronem
1842 710 1897 765 in
1934 712 2053 765 vin-

471 791 615 844 culis
645 795 921 849 asservari
955 796 1139 865 jussit.
1173 796 1290 862 Qua
1326 798 1619 853 occasione
1647 810 1887 869 arrepta,
1915 800 2055 872 Try-

472 882 623 949 phon
666 886 810 954 regis
846 896 1037 940 tonsor
1060 888 1198 942 dixit
1225 904 1283 943 se
1309 905 1339 944 a
1370 889 1588 943 Terone
1620 891 1821 960 szepius
1848 892 2055 946 sollici-

476 977 651 1025 tatum
673 1012 689 1032 .
723 984 783 1029 ut
814 977 958 1046 regis
990 977 1172 1047 gulam
1213 980 1480 1034 novacula
1517 980 1905 1037 abscinderet:
1942 996 2053 1050 quo

473 1059 656 1128 facto,
696 1066 1002 1135 principem
1038 1070 1220 1123 locum
1248 1070 1394 1139 apud
1433 1071 1805 1125 Alexandrum
1835 1072 2057 1127 habitu-

472 1166 571 1205 rus
634 1163 800 1209 esset.
862 1155 958 1212 llis
1007 1159 1172 1214 dictis
1221 1169 1278 1214 et
1331 1160 1447 1231 ipse
1512 1163 2051 1232 comprehenditur:

471 1243 807 1309 qumslimes
832 1245 899 1301 de
937 1244 1183 1312 Torone.
1219 1252 1339 1322 ejus
1370 1250 1504 1315 filio,
1545 1263 1603 1307 et
1638 1263 1860 1308 tonsore
1892 1254 2054 1326 253

473 1331 768 1389 habentur.
804 1335 977 1403 Quam
1023 1341 1409 1397 necessitatem
1450 1350 1604 1412 patre
1639 1342 1861 1412 fortiter
1909 1345 2048 1398 toleo

472 1434 657 1490 rante,
694 1426 874 1491 filius,
915 1430 1007 1497 qui
1048 1447 1212 1500 quam
1254 1433 1299 1488 is
1343 1434 1543 1489 misere
1593 1435 1828 1491 aﬂectus
1861 1444 2010 1492 esset
2036 1476 2052 1499 ,

466 1528 761 1605 cerneret,
803 1521 941 1575 dixit
972 1539 1031 1577 se
1068 1525 1180 1595 regi
1216 1536 1511 1581 verttatem
1544 1527 1918 1584 indicaturum
1942 1570 1957 1594 ,
2004 1531 2055 1586 si

472 1616 684 1676 patrem
724 1621 774 1666 el
809 1628 865 1667 se
898 1614 1007 1669 illis
1040 1618 1381 1672 cruciatibus
1422 1618 1663 1675 liberare
1702 1614 1890 1677 vellet.
1919 1622 2056 1679 Fide

470 1711 735 1780 accepta,
784 1707 1111 1761 convenisse
1157 1708 1267 1773 ait,
1326 1717 1387 1763 ut
1416 1709 1598 1766 Teron
1640 1712 1757 1768 suis
1799 1713 2057 1769 manibus

466 1804 652 1861 regem
684 1794 924 1850 occidat;
955 1795 1053 1852 His
1084 1798 1249 1853 dictis
1272 1840 1285 1859 ,
1316 1810 1528 1869 patrem
1550 1818 1796 1857 aerumna
1829 1804 2049 1859 liberat.

2153 608 2242 667 ὧν
2257 614 2440 681 αὐτὸς
2470 613 2834 680 τοσαυτάκις
2860 612 3160 682 κατέγνως
3182 613 3478 678 mirator;
3506 616 3629 670 οὐκ
3648 617 3758 670 ἐνο
3834 634 3845 639 ”

2154 706 2424 772 νοήσεις,
2462 707 2551 759 ὅτι
2579 705 2678 759 καὶ
2705 704 2825 759 τῶν
2851 705 3055 773 ὄχλων
3078 708 3115 774 ἠ
3145 707 3347 772 σιωπὴ
3377 705 3477 760 διὰ
3493 707 3759 776 μέγεθος

2154 797 2261 851 τοῦ
2312 798 2544 864 πάθους
2587 796 2743 857 ἐστὶ,
2785 796 2884 850 καί
2937 794 3108 850 πᾶσα
3176 797 3216 864 ἡ
3268 797 3519 865 στρατιὰ
3565 798 3759 852 ἔλεον

2149 888 2268 957 μὲν
2289 888 2408 942 τῶν
2430 890 2839 959 ἀτυχούντων,
2877 884 3158 956 μισοςλδὲ
3196 886 3317 940 τῶν
3345 888 3534 943 ταῦτα
3566 890 3751 958 ἐργα-

2155 978 2415 1047 ζομένων
2432 981 2825 1049 ἑσχήκασινς
2858 980 3065 1032 Ἥκουε
3117 977 3290 1032 ταῦτα
3338 980 3367 1032 ὀ
3398 979 3658 1048 βασιλεὺς
3684 984 3757 1035 ἐν

2154 1075 2297 1145 ἀρχῇ
2333 1074 2432 1127 οὐκ
2461 1074 2820 1142 ἀγνωμόνως.
2883 1073 2951 1126 '0
3000 1073 3056 1125 δὲ
3107 1072 3332 1141 Τήρων,
3364 1071 3592 1144 ἀμέτρῳ
3646 1074 3750 1126 καὶ

2156 1165 2522 1233 στρατιωτικῇ
2553 1162 2833 1233 χρώμενος
2859 1162 3166 1235 παρρησίᾳ,
3191 1161 3282 1214 τὸν
3311 1161 3561 1233 Ἡρώδην
3607 1164 3746 1217 hd-

2155 1253 2309 1323 ραξε,
2344 1253 2440 1307 καὶ
2470 1254 2609 1324 πρὸς
2634 1253 2730 1325 τὴν
2759 1254 2868 1306 τῶν
2901 1254 3255 1324 στρατιωτῶν
3282 1255 3537 1325 κεκίνητο
3558 1256 3740 1323 άγαν.

2154 1345 2410 1415 άκτησιν.
2452 1346 2566 1398 Kai.
2629 1344 2984 1415 προστάττει.
3017 1343 3109 1397 τὸν
3143 1345 3380 1414 Τήρωνα
3439 1344 3745 1414 δήσαντας),

2156 1435 2301 1507 ἔχειν
2334 1438 2392 1490 έν
2417 1435 2658 1507 φυλακῇ.
2692 1435 3033 1490 Ἐπιτίθεται
3063 1436 3120 1490 δὲ
3150 1435 3226 1506 τῷ
3257 1435 3436 1506 καιρῷ
3465 1437 3559 1489 καὶ
3587 1436 3743 1507 Τρύ-

2157 1545 2274 1597 φων
2304 1526 2397 1581 τοῦ
2440 1526 2707 1597 βασιλέως
2735 1527 2992 1598 κουρεὺς,
3033 1525 3207 1580 εἰπὼν
3266 1527 3343 1590 ὡς
3384 1527 3756 1582 ἀναπείθοιτο

2158 1620 2423 1683 πολλάκις
2446 1620 2552 1673 ὑπὸ
2597 1618 2692 1673 τοῦ
2740 1619 3002 1689 Τήρωνος
3049 1619 3198 1688 ξυρῷ
3254 1619 3348 1672 τὸν
3409 1619 3608 1689 λαιμὸν
3639 1621 3741 1673 τοῦ

2159 1710 2428 1783 βασιλέως
2454 1712 2644 1781 τεμεῖν
2664 1725 2680 1740 ⁸
2707 1708 2929 1763 ἔσεσθαι
2956 1709 3067 1780 γάρ
3092 1710 3155 1762 έν
3177 1708 3415 1779 πρώτοις
3435 1711 3513 1776 τῖι
3547 1710 3743 1775 Ἀλεξα

2162 1805 2361 1874 άνδρῳ.
2399 1803 2588 1857 Ταῦτα
2636 1803 2833 1870 εἰπὼν,
2880 1804 2977 1857 καὶ
3033 1803 3200 1866 αὐτὸς
3258 1803 3747 1872 συλλαμϐάνεταιδ

468 1880 718 1939 Herodes
748 1902 879 1941 vero
910 1890 1060 1942 omni
1088 1890 1435 1946 dubitatione
1460 1894 1673 1962 paterni
1702 1895 1871 1950 animi
1895 1911 2052 1965 repu«

2162 1898 2256 1951 καὶ
2288 1900 2345 1951 ὲν
2375 1897 2633 1968 βασάνοις
2662 1892 2805 1969 ἦσαν
2828 1898 2857 1951 ὁ
2882 1897 3083 1967 Τηρων
3106 1914 3167 1949 τε
3192 1897 3286 1950 καὶ
3312 1899 3341 1951 δ
3370 1900 3502 1961 παῖς
3543 1896 3749 1965 αὑτοῦ,

463 1970 639 2040 diata,
667 1975 952 2033 decretum
986 1996 1148 2035 suum
1177 1983 1405 2052 exsequi
1437 1987 1658 2041 statuit.
1695 1985 1881 2055 Itaque
1924 1987 2056 2043 Ale-

468 2065 682 2121 xander
731 2079 788 2124 et
827 2071 1185 2129 Aristobulus
1245 2075 1515 2131 Sebasten
1565 2077 1857 2147 perducti,
1907 2079 2057 2135 illius

465 2155 626 2231 iussu
660 2158 859 2230 laqueo
893 2164 1289 2233 praeferantur.
1336 2166 1478 2222 Sunt
1510 2177 1564 2223 et
1606 2185 1701 2225 ccc
1727 2169 1899 2229 duces
1926 2173 2003 2226 rei
2036 2211 2054 2237 ,

470 2256 530 2299 et
559 2245 743 2303 Teron
772 2266 895 2305 cum
932 2252 1044 2309 filio
1068 2265 1123 2311 et
1155 2264 1379 2312 tonsore
1413 2259 1671 2329 producti
1699 2269 1867 2330 atque
1893 2278 2056 2318 accu-

469 2338 617 2405 sati,
661 2355 805 2411 quos
845 2346 1084 2416 populus
1117 2348 1245 2405 telis
1273 2351 1452 2405 obiter
1486 2353 1723 2421 arreptis
1751 2353 2051 2410 interfecit.

468 2427 778 2501 Antipatro,
806 2449 931 2491 cum
962 2436 1164 2495 fratres
1206 2442 1524 2498 sustulisset
1546 2483 1561 2507 ,
1608 2443 1885 2500 diflicilior
1910 2444 2053 2500 facta

468 2530 555 2577 est
590 2525 743 2596 regni
776 2526 1036 2599 adeptio,
1072 2534 1348 2604 susceptis
1389 2535 1739 2606 popularium
1771 2536 1914 2591 odiis
1938 2579 1953 2601 .
1987 2552 2055 2593 ac

469 2614 708 2673 militum
733 2619 789 2675 in
811 2623 1009 2692 primis
1051 2641 1065 2679 :
1091 2625 1186 2681 sed
1207 2628 1359 2698 regni
1383 2628 1488 2684 fuit
1508 2628 1718 2685 interea
1742 2646 1867 2687 cum
1896 2642 2053 2701 patre

466 2708 768 2782 particeps,
792 2715 887 2784 qui
913 2718 964 2772 ei
994 2716 1158 2773 ﬁdem
1189 2719 1450 2776 habebat.
1483 2720 1782 2777 Alexandri
1820 2739 2052 2779 uxorem

466 2798 537 2854 ad
573 2812 786 2871 patrem
823 2808 1038 2865 remisit
1077 2810 1325 2868 Herodes
1347 2856 1363 2879 ,
1398 2812 1819 2870 interfectorum
1844 2815 2055 2871 liberos

467 2911 667 2971 magno
698 2904 886 2960 studio
907 2906 1065 2962 aluit.
1103 2907 1435 2978 Susceperat
1465 2911 1612 2965 enim
1643 2910 1957 2967 Alexander
1985 2927 2054 2966 ex

463 2991 740 3067 Glaphyra
787 2997 929 3054 duos
968 3014 1194 3056 mares:
1231 3000 1586 3058 Aristobulus
1622 3018 1654 3059 e
1681 3003 1912 3059 Bernice
1934 3015 2054 3062 tres

467 3082 642 3151 filios,
675 3096 732 3143 et
758 3088 901 3145 duas
927 3091 1145 3149 filiolas.
1187 3092 1360 3149 Natus
1388 3105 1476 3151 est
1530 3107 1587 3150 et
1621 3098 1731 3167 regi
1764 3112 1795 3152 e
1827 3098 2053 3168 pontifi-

2158 1989 2254 2043 καὶ
2287 1989 2451 2053 αὐτὸς
2483 1991 2511 2043 ὁ
2534 1988 2790 2060 κουρεύς.
2852 1987 3360 2058 Διακαρτεροῦντος
3412 1987 3461 2041 δ’
3521 1990 3582 2042 ἐν
3617 1991 3746 2053 ταῖς

2158 2079 2416 2151 βασάνοις
2471 2079 2568 2133 τοῦ
2619 2080 2903 2151 Τήρωνος,
2956 2078 3102 2150 ὁρῶν
3140 2081 3169 2131 ὁ
3210 2080 3341 2141 παῖς
3373 2078 3465 2131 τὸν
3526 2080 3741 2151 πατέρα

2156 2173 2411 2245 χαλεπῶς
2462 2172 2832 2242 διακείμενον,
2884 2172 2991 2243 ἔφη
3049 2165 3316 2241 μηνύσειν
3375 2171 3455 2236 τῷ
3525 2170 3747 2243 βασιλεῖ

2155 2268 2256 2338 τὴν
2286 2267 2568 2339 άλήθξιαν,
2598 2268 2647 2321 εί
2678 2267 2865 2336 μέλλει
2902 2264 3175 2337 ῥύσασθαι
3218 2263 3327 2317 τῶν
3363 2264 3613 2332 βασάνων
3650 2264 3744 2320 τὸν

2156 2360 2372 2431 πατέρα
2405 2360 2500 2414 καὶ
2539 2360 2752 2415 ἑαυτόι.
2790 2357 2986 2422 Λαϐὼν
3015 2358 3073 2412 δὲ
3105 2358 3341 2422 πίστεις,
3375 2358 3565 2427 ἔλεγεν
3594 2353 3743 2413 εἶναι

2156 2451 2436 2524 συνθήκην
2461 2450 2748 2505 ἐπιθέσθαι
2791 2448 2869 2516 τῷ
2911 2448 3126 2519 βασιλεῖ
3172 2446 3243 2501 δι’
3271 2447 3621 2519 αὐτοχειρίας
3645 2447 3745 2501 τὸν

2157 2547 2412 2617 Τήρωνα.
2440 2544 2629 2599 Ταῦτα
2664 2543 2856 2608 εἰπὼν,
2919 2542 3225 2611 ἐξαιρεῖται
3253 2541 3347 2594 τὸν
3384 2541 3603 2611 πατέρα
3632 2540 3747 2609 τῆς

2156 2638 2426 2709 ἀνάγκης.
2494 2642 2538 2689 υ
2563 2635 2608 2689 δ’
2650 2631 2921 2705 Ἡρώδης,
2954 2632 3110 2686 οὐδὲν
3151 2632 3233 2686 ἔτι
3293 2631 3638 2702 ἐνδοιάσιμον
3668 2633 3739 2702 τῇ

2148 2729 2302 2801 ψυχῇ
2334 2726 2749 2790 καταλελοιπὼς
2780 2725 2914 2795 περὶ
2950 2724 3052 2796 τὴν
3082 2725 3452 2792 τεκνογονίαν,
3484 2724 3640 2787 τέλος
3668 2726 3747 2794 τῇ

2156 2819 2481 2890 προαιρέσει
2536 2818 2790 2873 ἐπέθετο.
2855 2817 2968 2872 Καὶ
3024 2816 3286 2887 ἀχθέντες
3334 2818 3414 2879 εἰς
3455 2814 3741 2886 Σεϐαστὴν

2168 2911 2516 2983 Ἀλέξανδρός
2544 2928 2604 2964 τε
2632 2911 2728 2965 καὶ
2765 2907 3206 2981 Ἀριστόϐουλος,
3249 2909 3613 2973 ὲπιτάξανττς
3638 2908 3739 2962 τοῦ

2157 3004 2361 3076 πατρὸς
2406 3002 2726 3075 στραγγάλῃ
2766 3000 3259 3072 άπηγχονήθησαν.
3316 2998 3665 3071 Προαγαγὼν
3691 3001 3740 3054 δ’

2150 3098 2234 3159 είς
2264 3097 2325 3150 τὸ
2357 3095 2562 3167 πλῆθος
2625 3093 2979 3166 τριακοσίους
3028 3092 3141 3147 τῶν
3178 3093 3469 3164 ἡγεμόνων
3516 3094 3643 3156 τοὺς
3673 3096 3747 3146 ὲν

465 3175 548 3231 eis
578 3178 685 3234 filia
713 3178 977 3239 Herodes.
1005 3186 1210 3241 Habuit
1231 3187 1378 3243 enim
1406 3204 1458 3244 ιι
1486 3188 1748 3246 mulieres
1771 3190 1825 3245 in
1856 3193 2051 3248 matri-

2154 3192 2305 3263 αἰτίᾳ
2331 3190 2685 3260 γενομένους,
2719 3189 2815 3243 καὶ
2851 3187 2944 3242 τὸν
2974 3187 3211 3259 Τήρωνα
3266 3189 3366 3241 σὺν
3424 3186 3503 3258 τῷ
3558 3188 3740 3252 παιδὶ,

470 3269 691 3328 monio:
727 3273 895 3345 idque
939 3293 1093 3334 more
1135 3280 1344 3350 gentis,
1387 3280 1533 3351 apud
1565 3296 1729 3351 quam
1764 3294 2046 3355 receptum

468 3369 590 3414 erat
613 3402 628 3427 ,
663 3364 859 3421 eodem
907 3379 1156 3441 tempore
1206 3373 1396 3440 plures
1444 3390 1645 3430 uxores
1674 3375 1825 3432 alere
1850 3418 1865 3441 ,
1904 3378 2051 3435 inter

464 3464 604 3518 quas
623 3452 775 3509 fuere
796 3456 1071 3528 Antipatri
1100 3470 1295 3526 mater,
1317 3474 1372 3518 et
1398 3462 1505 3519 filia
1524 3462 1801 3534 pontificis
1824 3481 1890 3521 :e
1914 3482 2045 3537 qua.

470 3548 530 3595 ut
563 3542 774 3601 dictum
807 3559 910 3613 est,
943 3550 1114 3617 filium
1144 3554 1252 3608 sibi
1283 3556 1668 3626 cognominem
1705 3559 2046 3628 procreavit.

464 3630 593 3687 Fuit
625 3635 677 3688 ei
723 3647 778 3693 et
823 3640 1010 3698 fratris
1040 3642 1151 3698 filia
1198 3653 1368 3716 nupta
1395 3686 1411 3711 ,
1450 3656 1507 3703 et
1548 3650 1883 3705 consobrina
1922 3654 2081 3707 cum‘

463 3735 528 3775 ea
549 3762 565 3788 ,
597 3736 863 3794 prtetcrea
895 3729 1243 3790 Samaritana
1264 3737 1512 3806 quaedam
1539 3779 1554 3802 .
1582 3740 1739 3810 cujus
1769 3739 1864 3795 filii
1895 3741 2049 3801 fuere

466 3813 696 3884 Antipas
712 3829 768 3873 et
780 3819 1083 3880 Archelaus
1100 3838 1155 3880 et
1171 3825 1454 3899 Olympias
1469 3829 1601 3885 filia.
1620 3830 1770 3887 Inter
1784 3833 1905 3903 ejus
1921 3849 2055 3888 uxo-

468 3919 560 3960 res
587 3910 753 3964 etiam
782 3912 1071 3985 Cleopatra
1093 3918 1585 3992 Hierosolymilana
1609 3925 2008 3982 numerabatur
2029 3966 2046 3992 .

466 3998 626 4066 cujus
663 4001 759 4057 filii
805 4005 1038 4064 fuerunt
1068 4008 1316 4068 Herodes
1348 4023 1406 4069 et
1434 4012 1742 4085 Philippus.
1774 4016 2046 4074 Praeterea

464 4088 679 4163 Pallas,
712 4113 743 4152 e
784 4115 892 4170 qua
938 4102 1266 4160 Pbasaelum
1308 4108 1589 4178 suscepit:
1620 4124 1685 4164 ac
1729 4108 1958 4165 Phaedra
1993 4118 2051 4166 et

465 4183 639 4257 Elpis,
666 4207 788 4262 quae
828 4194 879 4248 ei
920 4196 1203 4253 Roxanem
1232 4208 1291 4254 et
1333 4200 1592 4257 Salomen
1626 4200 1790 4256 filiam
1821 4217 2053 4272 pepere-

463 4289 613 4334 runt.
671 4281 1007 4356 Susceperat
1045 4300 1104 4346 et
1143 4306 1174 4347 e
1212 4292 1531 4348 Mariamme
1568 4292 1706 4349 duas
1738 4294 1959 4350 filiolas.

2159 3285 2256 3339 καὶ
2276 3284 2369 3339 τὸν
2402 3284 2627 3354 κουρέα,
2662 3282 2961 3353 κατηγόρει
3000 3280 3201 3346 αὐτῶν,
3249 3279 3344 3344 οὓς
3369 3281 3417 3334 οἱ
3462 3279 3558 3333 τοῦ
3597 3282 3741 3350 πλή-

2157 3376 2286 3439 θους
2369 3374 2660 3446 βάλλοντες
2726 3375 2844 3436 τοῖς
2902 3370 3320 3441 παρατυχοῦσιν
3382 3372 3741 3427 ἀπέκτειναν.

2167 3469 2516 3538 Ἀντιπάτρῳ
2548 3466 2605 3521 δὲ
2643 3464 3126 3535 κατεργασαμένῳ
3176 3464 3307 3528 τοὺς
3346 3463 3612 3532 ἀδελφοὺς
3640 3468 3740 3535 έρ-

2154 3560 2468 3632 γωδεστέρα
2497 3555 2566 3630 ἦν
2602 3560 2638 3628 ἡ
2676 3562 2776 3629 τῆς
2798 3557 3077 3628 βασιλείας
3121 3558 3404 3628 ἐπιτυχία,
3438 3557 3629 3627 μίσους
3658 3558 3743 3628 τῷ

2152 3652 2297 3706 ἔθνει
2337 3654 2566 3721 φυέντος
2592 3650 2728 3721 πρὸς
2747 3650 2932 3711 nam.
2958 3650 3053 3703 καὶ
3080 3648 3321 3719 μάλιστα
3338 3646 3419 3720 τῷ
3444 3648 3737 3718 ὁπλιτικῷ.

2152 3743 2383 3801 Τέωςδὲ
2423 3742 2662 3812 συνῆρχε
2715 3741 2796 3810 τῷ
2836 3741 3027 3811 πατρὶ,
3079 3740 3174 3795 καὶ
3228 3741 3559 3799 ἑπιστεύετο
3601 3742 3744 3812 παρ’

2150 3834 2339 3891 αὐτοῦ.
2370 3835 2482 3903 Τὴν
2515 3833 2574 3887 δὲ
2629 3832 2983 3903 Ἀλεξάνδρου
3034 3833 3272 3900 γυναῖκα
3314 3831 3566 3903 Ἡρώδης
3599 3831 3742 3901 πρὸς

2150 3926 2242 3980 τὸν
2281 3926 2494 3994 πατέρα
2529 3923 2875 3995 ἀνέπεμψεν,
2907 3924 3107 3994 ἔθρεψε
3129 3923 3186 3978 δὲ
3213 3924 3282 3977 τὰ
3327 3924 3437 3977 τῶν
3464 3922 3739 3977 θανὲντων

2150 4017 2319 4070 τέκνα
2365 4017 2509 4071 πάνυ
2573 4015 2876 4087 ἐπιμελῶς.
2915 4011 3098 4069 Ἦσαν
3130 4015 3188 4069 δὲ
3246 4014 3583 4086 Ἀλεξάνδρῳ
3633 4013 3739 4083 μὲν

2152 4110 2216 4162 ἐκ
2243 4107 2534 4176 Γλαφύρας
2565 4106 2794 4179 ἄρσενες
2818 4105 2951 4161 δύω·
2973 4106 3374 4178 Ἀριστοϐούλῳ
3393 4107 3452 4162 δὲ
3478 4107 3541 4160 ὲκ
3567 4107 3738 4176 Βερε-

2152 4201 2311 4270 νίκης
2343 4200 2449 4252 υἱοὶ
2479 4201 2648 4269 τρεῖς,
2712 4199 2808 4253 καὶ
2838 4199 2944 4277 ’δύο
2982 4198 3257 4271 θυγάτρια
3278 4214 3294 4230 ο
3330 4200 3522 4269 γέγονε
3565 4197 3624 4252 δὲ
3655 4197 3738 4267 τῷ

2155 4293 2365 4365 βασιλεῖ
2394 4292 2489 4347 καὶ
2540 4294 2603 4346 ὲκ
2644 4292 2744 4362 τῆς
2804 4293 3109 4363 ἀρχιερέως
3154 4293 3433 4363 θυγατρὸς
3483 4289 3736 4359 Ἡρώδης

461 4370 597 4434 υἱός.
654 4375 846 4431 Ἐννέα
905 4379 1013 4452 γὰρ
1052 4381 1131 4453 τῷ
1174 4384 1390 4453 βασιλεῖ
1427 4384 1703 4455 συνῴκουν
1754 4387 2041 4454 γυναῖκες,
2085 4386 2314 4455 πάτριον
2337 4383 2397 4440 δν
2459 4388 2552 4438 καὶ
2608 4384 2818 4438 πλείοσι
2859 4384 3000 4438 κατὰ
3023 4383 3186 4438 αὐτὸν
3216 4385 3503 4437 συνοικεῐνς
3552 4378 3738 4436 ἾΙσαν

459 4466 521 4522 δὲ
554 4467 588 4538 ἦ
624 4486 681 4522 τε
713 4471 809 4525 τοῦ
845 4474 1204 4546 Ἀντιπάτρου
1239 4479 1448 4549 μήτηρ,
1473 4482 1619 4551 καὶὴ
1649 4479 1744 4533 τοῦ
1795 4480 2099 4550 ἀρχιερέως
2139 4480 2408 4551 θυγάτηρ,
2442 4478 2502 4544 ἐξ
2533 4473 2622 4549 ἧς,
2651 4479 2727 4542 ὼς
2777 4478 3017 4549 εἴρηται,
3068 4478 3199 4542 παῖς
3252 4477 3404 4547 αὒτῷ
3466 4476 3736 4545 ἐγεννήθη

459 4562 773 4634 ὁμώνυμος.
807 4564 917 4619 Ἦν
946 4568 1001 4621 δὲ
1027 4571 1120 4622 κα)⁵
1151 4570 1384 4640 ἀδελφοῦ
1416 4577 1544 4635 παῖς
1566 4572 1719 4642 αὺτῷ
1784 4573 1884 4641 μία
1949 4572 2316 4642 γεγαμημένη
2338 4614 2353 4636 ,
2421 4575 2517 4625 καὶ
2546 4572 2748 4640 ά-ιεξιὰ
2807 4572 2905 4624 σὺν
2952 4572 3114 4642 αὐτῇ.
3166 4570 3431 4640 ὲξκδέλφη
3499 4568 3733 4641 δηλαδή·

460 4658 563 4721 τὶς
600 4661 709 4730 γὰρ
740 4662 1038 4731 ἒξαδέλφας
1064 4664 1291 4733 ἀνεψιὰς
1345 4666 1572 4719 ἐκάλουν
1597 4666 1647 4718 οἱ
1681 4666 1923 4729 παλαιοὶ,
1964 4666 2041 4731 ὡς
2084 4666 2232 4721 ἐστιν
2285 4668 2470 4737 εὑρεῖν
2537 4664 2809 4735 πολλαχοῦ
2888 4664 2984 4717 καὶ
3051 4666 3204 4734 παρὰ
3255 4663 3332 4732 τῷ
3373 4662 3733 4733 Πλουτάρχῳ,

465 4751 562 4805 καὶ
612 4754 765 4822 παρὰ
821 4757 942 4819 ταῖς
1012 4754 1220 4825 βίϐλοις
1246 4758 1367 4819 ταῖς
1425 4760 1705 4827 νομικαῖς.
1741 4753 1853 4811 Ἦν
1896 4757 2035 4843 δζέν
2074 4760 2196 4824 ταῖς
2250 4759 2499 4827 γυναιξὶν
2547 4758 2791 4828 Ἡρώδου
2815 4760 2926 4812 κάκ
2991 4758 3085 4811 τοῦ
3147 4757 3334 4820 έθνους
3387 4754 3497 4809 τῶν
3548 4756 3739 4826 Σαμα-

463 4842 608 4913 ρέων
643 4844 763 4913 μία,
795 4840 863 4916 ἦς
896 4843 1037 4918 ἦταν
1073 4849 1264 4910 παῖδες
1310 4848 1568 4913 Ἀντίπας
1596 4866 1654 4903 τε
1700 4852 1796 4904 καὶ
1880 4840 2211 4921 Ἀρχέλαος,
2261 4852 2357 4903 καὶ
2422 4850 2670 4919 θυγάτηρ
2722 4849 3025 4920 Ὀλυμπιάς
3051 4862 3068 4881 ο
3098 4850 3193 4901 καὶ
3255 4847 3582 4917 Κλεοπάτρα
3678 4847 3741 4900 δὲ

472 4935 890 5009 Ἱεροσολυμῖτις
908 4946 1030 5005 ταῖς
1054 4943 1248 4998 τούτου
1267 4946 1484 5013 γυναιξὶ
1508 4947 1905 5019 συνηριθμητο.
1960 4948 2069 5001 Καὶ
2102 4947 2309 5019 ταύτης
2373 4947 2563 5010 παῖδες
2602 4945 2855 5017 Ἡρώδης
2882 4946 2976 4998 καὶ
3022 4944 3316 5009 Φίλιππος.
3353 4946 3465 4997 Καὶ
3517 4944 3741 5009 Παλλάς

458 5029 518 5084 δὲ
553 5027 622 5103 ἦν
655 5034 714 5086 ἐν
738 5036 858 5098 ταῖς
885 5035 1052 5089 αὑτοῦ
1074 5041 1361 5108 γαμεταῖς,
1392 5040 1674 5111 Φασάηλον
1695 5041 2036 5112 πεποιημένη
2078 5041 2248 5094 παῖδα
2309 5041 2480 5111 αὐτῷ,
2517 5040 2616 5095 καὶ
2673 5040 2766 5093 ἐπὶ
2796 5042 2915 5101 ταῖς
2941 5038 3159 5102 λοιπαῖς
3190 5040 3392 5110 Φαίδρα
3421 5041 3515 5092 καὶ
3542 5038 3741 5105 Ἐλπὶς

461 5124 741 5195 συνῴκουν
777 5128 947 5199 αὐτῷ.
984 5124 1166 5184 *Ησαν
1184 5131 1491 5203 δὲ,Ἢρώόη
1518 5135 1611 5187 καὶ
1635 5134 1728 5188 δύο
1756 5134 2026 5206 θυγάτρια
2066 5136 2133 5188 ἐκ
2172 5134 2407 5206 Μαριάμ
2431 5150 2447 5165 ·
2488 5135 2583 5188 καὶ
2614 5136 2680 5188 ἐκ
2747 5133 2985 5204 Φαίδρας
3011 5133 3185 5187 δὲκαὶ
3226 5133 3471 5197 Ἐλπίδος
3508 5133 3726 5203 ἔφυσαν

458 5222 612 5293 αὐτῷ
644 5222 948 5296 θυγατέρες
988 5227 1232 5298 Ῥωξάνη
1262 5229 1355 5282 καὶ
1402 5229 1659 5301 Σαλώμη.

534 5320 727 5387 XXIII.
747 5323 927 5394 Atque
951 5324 1067 5380 haec
1086 5325 1292 5381 familia
1315 5328 1549 5384 Herodis
1572 5331 1693 5385 fuit:
1716 5330 1810 5385 sed
1828 5345 2044 5385 summa

2220 5326 2349 5401 Κῐξ.
2404 5325 2576 5379 Τοῦτο
2637 5324 2737 5394 μὲν
2783 5322 2877 5377 οὖν
2919 5321 2979 5375 τδ
3016 5322 3173 5390 γένος
3231 5321 3494 5393 Ἡρώδου.
3548 5322 3632 5377 Τὰ
3681 5323 3742 5378 δὲ

462 5429 650 5469 rerum
694 5415 764 5469 ad
800 5417 982 5472 solum
1031 5419 1376 5489 Antipatrum
1425 5422 1753 5490 spectabat,
1788 5424 2048 5479 omnibus

2154 5421 2452 5490 πράγματα
2488 5417 2626 5487 πρὸς
2668 5415 2832 5485 μόνον
2867 5415 2960 5469 τὸν
3024 5415 3391 5486 Ἀντίπατρον
3440 5417 3739 5487 ἀφεώρων,

461 5505 910 5573 formidabilem,
961 5524 1071 5564 non
1120 5517 1228 5565 tam
1271 5520 1573 5581 potestate,
1612 5528 1775 5582 quam
1825 5529 2041 5568 morum

2154 5513 2246 5567 καὶ
2277 5507 2346 5582 ἦν
2377 5511 2548 5565 ἆπασι
2578 5508 2832 5579 φοϐερὸς,
2887 5509 2947 5560 οὐ
2997 5507 3260 5561 τοσοῦτον
3312 5512 3380 5579 τῇ
3416 5509 3738 5577 δυναστείᾳ,

467 5597 865 5666 improbitate:
896 5616 1058 5670 quem
1092 5601 1364 5658 Pheroras
1399 5604 1639 5660 maxime
1688 5605 1942 5669 colebat,
1987 5619 2045 5662 et

2154 5605 2364 5674 ’ὀσοντῇ
2406 5604 2517 5656 τῶν
2563 5604 2782 5671 τρόπων
2820 5601 3114 5670 κακότητι.
3168 5601 3425 5655 Μάλιστα
3463 5602 3521 5655 δὲ
3571 5603 3740 5655 ain";

464 5687 537 5743 ab
565 5703 633 5743 eo
656 5691 898 5747 vicissim
930 5693 1236 5750 colebatur.
1269 5694 1492 5752 Salome
1517 5710 1648 5751 vero
1680 5696 1763 5752 eis
1788 5696 2047 5752 adversa-

463 5780 628 5833 batur
656 5821 671 5844 ,
704 5799 826 5851 qua:
857 5784 1023 5839 rebus
1053 5801 1157 5841 suo
1190 5788 1402 5843 nomini
1431 5787 1728 5843 contrariis
1776 5788 1865 5859 (id
1893 5788 2041 5843 enim

465 5885 655 5940 pacem
708 5877 1015 5961 significat)
1057 5893 1275 5949 semper
1313 5878 1595 5948 studebat,
1640 5895 1749 5936 non
1788 5879 2039 5950 pacifica,

2148 5696 2409 5768 Φερώρας
2451 5695 2777 5765 ἐθεράπευε,
2827 5694 2923 5747 καὶ
2980 5692 3481 5763 ἀντεθεραπεύετο.
3543 5692 3742 5746 Ἦναν-

2150 5790 2316 5843 τῖωτο
2352 5789 2410 5842 δὲ
2443 5789 2629 5851 αὐτοῖς
2662 5790 2694 5855 ἡ
2730 5785 2992 5857 Σαλώμη,
3037 5787 3299 5849 ἐναντίως
3328 5786 3419 5839 ἀεὶ
3470 5786 3608 5857 πρὸς
3633 5786 3740 5855 τὴν

2150 5881 2248 5951 τῆς
2279 5881 2525 5951 κλήσεως
2570 5879 2741 5951 αὐτῆς
2798 5880 3077 5950 σημασίαν
3122 5876 3467 5949 διακειμένη.
3511 5876 3575 5930 Ἣ
3634 5877 3739 5948 μὲν
