4074 6392
317 351 423 414 tan

1587 360 1996 420 ANNALIUM
2042 362 2190 422 LIB.
2238 363 2308 424 ν.

3471 375 3580 436 ιω

308 469 417 538 γὰρ
451 467 679 538 εἰρήνης
718 471 1083 539 σημαντικὸν,
1143 473 1238 526 καὶ
1278 471 1564 542 είρηνικὴν
1615 467 1755 526 εἶναι
1791 472 1879 540 rip

1995 471 2089 525 sed
2114 487 2332 540 pugnax
2361 471 2685 538 admodum,
2712 485 2768 528 et
2796 476 2934 529 alios
2972 478 3038 532 ad
3063 479 3386 548 seditiones,
3416 485 3583 560 254

305 557 452 610 οὕτω
479 558 832 630 κεκλημὲνην
877 561 1090 633 ἐδήλου.
1139 564 1205 616 ἸΙ
1253 561 1309 614 δέ
1341 563 1437 615 καὶ
1486 562 1692 631 σφόδρα
1726 563 1889 632 μάχι-

313 667 413 719 μος
441 645 530 721 ἦν,
564 651 659 704 καὶ
695 652 918 723 ἐτέρους
970 654 1109 724 πρὸς
1159 655 1380 716 στάσεις
1434 653 1527 706 καὶ
1587 656 1767 723 μάχας
1797 652 1893 705 καὶ

305 742 632 810 συγγενείας
659 743 1019 814 ἀλλοτρίωσιν
1037 735 1401 818 διεγείρουσα.
1423 745 1597 815 Αὕτη,
1627 761 1895 798 κατασκο-

307 833 487 885 ποῦσα
552 833 655 902 τὴν
697 833 1066 905 Ἀντιπάτρου
1118 839 1214 890 καὶ
1269 836 1528 907 Φερώρου
1588 835 1887 900 οἰκείωσιν,

303 924 458 991 ἔλεγε
491 923 569 995 τῷ
603 925 841 998 Ἡρώδῃ,
894 929 987 980 ἐπὶ
1021 929 1182 1000 κακῷ
1220 930 1296 1000 τῷ
1335 930 1501 983 αὐτοῦ
1555 929 1653 1000 τὴν
1682 929 1920 981 τούτωνι

301 1016 558 1084 γενέσθαι
585 1015 822 1072 εὖνοιιν.
891 1020 1114 1086 Γνόντες
1137 1018 1231 1076 οὖν
1266 1025 1467 1075 ἐκεῖνοι
1499 1021 1599 1093 τὴν
1632 1023 1728 1091 τῆς
1779 1022 1884 1073 Σα-

302 1108 493 1179 λώμης
521 1109 800 1181 διαϐολὴν,
835 1113 895 1166 ἐν
931 1131 1010 1185 τῳ
1056 1097 1278 1186 φανερῷ
1328 1115 1427 1185 μὲν
1457 1116 1615 1185 μῖσος
1645 1115 1764 1167 κατ’
1802 1114 1890 1167 ἁλ-

301 1202 479 1274 λήλιυν
513 1205 608 1257 καὶ
641 1204 913 1276 λοιδορίας
943 1203 1086 1277 ἦσαν
1147 1208 1588 1279 ἐπιτηδεύοντεςι
1634 1225 1886 1278 κεκρυμ’

307 1295 483 1363 μὲνως
514 1295 572 1348 δὲ
604 1296 702 1366 τὴν
737 1297 874 1365 πρὸς
902 1283 1166 1370 ἀλλήλους
1193 1303 1424 1370 ἐτήρουν
1453 1300 1738 1369 ὁμόνοιαν.
1772 1300 1886 1369 Τὴν

301 1388 570 1460 Σαλώμην
599 1389 645 1443 δ’
682 1391 782 1443 οὐκ
814 1392 1132 1457 ἐλάνθανον,
1173 1395 1356 1448 πάντα
1397 1411 1455 1446 τε
1486 1391 1886 1464 ἀνιχνεύουσαν

302 1478 398 1530 καὶ
425 1477 502 1548 τῷ
531 1477 746 1548 βασιλεῖ
779 1481 1242 1550 ἀπαγγέλλουταν
1293 1485 1547 1547 συνόδους
1594 1483 1882 1554 λαθραίας,

301 1569 588 1638 συμπόσιά
614 1587 672 1624 τε
712 1573 807 1624 καὶ
851 1573 1134 1646 ἀνέκφορα
1183 1575 1572 1646 βουλευτήρια.
1618 1577 1676 1628 Ὀ
1704 1576 1758 1628 δέ
1790 1578 1885 1629 καὶ

299 1661 465 1724 αὐτὸς
495 1662 562 1715 τὰ
593 1663 767 1716 πολλὰ
798 1665 989 1719 συνίει.
1011 1668 1299 1739 Φαρισαῖοι
1328 1669 1405 1733 δὲ,
1430 1670 1528 1740 τὴν
1557 1668 1886 1738 γυναικωνί-

297 1754 422 1808 τιδα
442 1756 830 1825 οἰκειούμενοι,
881 1757 1172 1828 ἄνθρωποι
1216 1762 1364 1830 μέγα
1414 1764 1749 1831 φρονοῦντες
1791 1761 1881 1814 ἐπ’

2002 561 2068 613 ad
2109 576 2361 632 pugnas,
2415 563 2483 616 ad
2524 565 2648 634 jura
2687 567 3029 635 cognationis
3061 581 3110 622 et
3154 574 3580 631 necessitudinis

2003 653 2312 706 dirimenda
2356 653 2593 708 incitare
2635 657 2817 711 solita.
2865 658 2940 712 Ea
2980 661 3262 729 explorata
3303 663 3577 734 Antipatri

1998 753 2052 797 et
2087 741 2342 798 Pherora'
2366 748 2759 816 conjunctione
2783 788 2798 812 ,
2830 749 3029 804 Herodi
3057 751 3153 815 ait,
3183 768 3374 807 eorum
3411 756 3578 812 bene-

2000 834 2294 888 volentiam
2329 836 2381 889 in
2411 836 2584 906 ipsius
2616 837 2863 894 fraudem
2895 842 3144 896 tendere.
3177 843 3345 915 Cujus
3379 848 3456 901 illi
3485 864 3576 903 ca-

1998 923 2206 979 lumnia
2241 926 2521 985 intellecta
2553 971 2567 996 ,
2597 932 2852 999 quamvis
2883 933 3020 986 clam
3051 938 3402 992 concordiam
3429 941 3576 995 cole-

1997 1025 2156 1083 rent,
2195 1019 2418 1088 publice
2449 1030 2634 1076 autem
2665 1025 2875 1079 mutuis
2910 1025 3054 1080 odiis
3082 1039 3135 1082 et
3165 1031 3422 1086 convitiis
3453 1047 3576 1088 cer-

1997 1118 2216 1166 tarent:
2246 1109 2505 1166 Salomen
2547 1123 2732 1169 tamen
2770 1131 2880 1170 non
2922 1117 3268 1185 fefellerunt,
3308 1122 3576 1192 indagan-

1995 1206 2104 1252 tem
2150 1200 2368 1265 omnia,
2417 1211 2473 1257 et
2514 1205 2628 1274 regi
2674 1207 3061 1273 nuntiantem,
3110 1213 3330 1267 occulta
3389 1217 3576 1271 conci-

1993 1289 2228 1355 liabula,
2267 1296 2706 1363 compotationes
2748 1306 2805 1353 et
2850 1300 3084 1354 concilia
3145 1318 3342 1358 arcana
3398 1322 3412 1362 :
3452 1321 3577 1377 quas

1992 1380 2111 1452 ipse
2131 1385 2297 1439 etiam
2323 1387 2587 1458 pleraque
2613 1389 2973 1462 intelligebat.
3010 1394 3266 1450 l’harisa-i
3315 1414 3448 1453 vero
3477 1417 3575 1472 gy-

1991 1474 2320 1530 naeconitide
2366 1475 2474 1531 sibi
2512 1479 2844 1548 conciliata,
2891 1482 3143 1538 homines
3177 1497 3432 1543 accurata
3478 1505 3576 1560 pa-

1993 1564 2114 1618 tria:
2163 1566 2298 1636 legis
2329 1568 2719 1626 observatione
2768 1573 2986 1640 tumidi,
3035 1577 3146 1646 regi
3209 1579 3577 1637 adversaban-

1994 1663 2106 1710 tur.
2140 1657 2276 1712 Nam
2315 1675 2441 1714 cum
2473 1665 2660 1716 caeteri
2704 1679 2897 1719 omnes
2948 1667 3000 1720 in
3043 1667 3207 1722 ﬁdem
3253 1671 3486 1728 Caesaris
3516 1682 3574 1729 et

1992 1749 2137 1819 regis
2162 1750 2711 1826 Herodisjurassent,
2763 1758 2839 1811 illi
2871 1760 2971 1813 soli
3007 1763 3264 1832 ret‘ragati
3291 1775 3442 1832 sunt,
3475 1781 3572 1821 sex

296 1845 601 1918 ἀκριϐώτει
622 1849 717 1902 τοῦ
748 1851 978 1922 πατρίου
1001 1853 1194 1923 νόμου,
1218 1855 1310 1906 καὶ
1339 1854 1556 1923 βασιλεῖ
1584 1855 1879 1926 ἀντιπράτ-

1989 1838 2218 1896 millium
2256 1860 2527 1900 uumero:
2569 1857 2623 1902 et
2667 1851 2796 1917 quia
2847 1849 3104 1907 l‘heroraa
3155 1858 3376 1927 conjugt
3429 1858 3573 1916 bene

296 1955 503 2002 τοντες,
571 1939 622 1992 οἳ
671 1942 892 1995 πάντων
950 1943 1324 2014 ὀμωμοκότων
1375 1945 1617 2016 Καίσαρι
1675 1945 1885 1999 εὐνοεῖν

295 2030 495 2099 καὶτῷ
528 2030 744 2100 βασιλεῖ
785 2033 1025 2108 Ἡρώδῃ,
1066 2037 1220 2090 αὐτοὶ
1241 2039 1342 2089 οὐκ
1384 2037 1749 2107 ἐπείσθησαν,
1794 2039 1884 2090 ὃν.

295 2139 386 2184 τες
420 2122 952 2196 ὑπερεξακισχίλιοι.
997 2128 1072 2198 Τῇ
1110 2128 1168 2180 δὲ
1211 2127 1436 2196 γυναικὶ
1497 2129 1751 2200 Φερώρου
1791 2131 1882 2182 εὐ-

295 2211 547 2277 νοοῦντες
586 2215 1142 2289 προύλεγον,Ἡρώδῃ
1173 2217 1330 2281 τέλος
1376 2221 1475 2290 τῆς
1509 2219 1682 2289 ἀρχῆς
1723 2237 1887 2273 κατε-

294 2305 568 2374 ψηφίσθαι
591 2311 747 2378 παρά
768 2308 930 2372 Θεοῦ,
950 2310 1258 2381 νεμηθῆναι
1284 2311 1340 2364 δὲ
1365 2311 1536 2382 αὐτὴν
1566 2311 1798 2384 Φερώρᾳ
1827 2330 1885 2364 τε

294 2403 391 2450 καὶ
419 2401 532 2461 τοῖς
564 2401 623 2466 ἐξ
652 2399 847 2456 αὐτοῦ.
895 2402 1033 2456 Οὐδὲ
1088 2403 1269 2458 ταῦτα
1305 2403 1406 2474 τὴν
1456 2402 1559 2473 τῆς
1611 2399 1883 2474 Σαλώμης

297 2488 605 2562 μοχθηρίαν
641 2493 853 2562 διέδρα,
888 2494 984 2547 καὶ
1015 2493 1214 2549 αὐτίκα
1242 2494 1324 2566 τῷ
1352 2493 1568 2566 βασιλεῖ
1597 2494 1884 2566 ἀπηγγέλ-

295 2579 473 2636 λοντο.
506 2580 627 2634 Τῶν
663 2583 764 2653 μὲν
791 2579 887 2636 οὖν
922 2585 1238 2655 Φαρισαίων
1269 2587 1318 2639 οἱ
1362 2587 1456 2638 ἐπὶ
1500 2585 1714 2649 τούτοις
1759 2586 1885 2657 ἐλη-

297 2670 554 2741 λεγμένοι
615 2674 912 2746 ἀνῄρηντο,
962 2676 1058 2730 καὶ
1105 2678 1133 2730 ὁ
1189 2676 1446 2748 εὐνοῦχος
1479 2675 1734 2744 Βαγώας,
1772 2679 1886 2730 Κά-

301 2781 396 2832 ρος
438 2765 498 2818 τέ
538 2784 623 2828 τις
692 2768 787 2820 ἐπὶ
849 2768 1102 2838 σώματος
1162 2769 1352 2825 κάλλει
1405 2769 1740 2841 διαπρεπὴς,
1790 2769 1885 2823 καὶ

307 2859 557 2930 Ἡρώδου
590 2860 665 2914 ὢν
700 2863 954 2925 παιδικὰ,
994 2862 1090 2915 καὶ
1126 2860 1312 2931 ἕτεροι
1347 2860 1458 2914 τών
1502 2859 1635 2932 περὶ
1659 2860 1752 2913 τὸν
1785 2858 1885 2930 βα-

298 2950 474 3014 σιλέα,
507 2950 582 3014 ώς
625 2952 966 3022 συνίστορες.
1003 2946 1138 3002 Εἶτα
1162 2950 1446 3020 συνέδριον
1475 2949 1706 3014 καθίσας
1733 2951 1760 3002 ὁ
1784 2949 1884 3020 βα-

299 3041 508 3106 σιλεὺς,
531 3045 632 3112 τῆς
660 3042 920 3113 Φερώρου
949 3041 1212 3110 γυναικὸς
1237 3042 1564 3112 κατηγόρει,
1607 3041 1705 3094 καὶ
1739 3043 1884 3112 ἀπη-

295 3133 487 3206 ρίθμει
509 3135 682 3189 πολλὰ
707 3137 1034 3206 αἰτιάματα,
1055 3136 1149 3190 καὶ
1165 3134 1319 3197 τέλος
1347 3134 1483 3204 πρὸς
1503 3133 1595 3188 τὸν
1619 3133 1881 3206 Φερώραν

290 3229 388 3280 τὸν
423 3227 581 3297 λόγον
603 3227 834 3297 τρέψας,
859 3226 1014 3293 Δεῖν,
1045 3227 1223 3293 ἔλεγε,
1250 3226 1347 3280 καὶ
1365 3225 1509 3293 πρὶν
1525 3225 1883 3280 αὐτοκέλευ-

287 3321 449 3374 στόν
486 3333 562 3372 σε
597 3317 697 3373 διὰ
749 3318 936 3372 ταῦτα
977 3319 1042 3372 τὸ
1080 3319 1333 3388 γύναιον
1379 3317 1875 3387 ἀποπέμψασθαι.

287 3412 424 3468 Νῦν
457 3411 626 3482 γοῦν,
655 3414 708 3464 εὶ
728 3410 838 3480 τῆς
861 3409 1009 3480 ἐμῆς
1033 3411 1393 3481 συγγενείας
1423 3409 1728 3480 ἀντιποιῇ,
1764 3411 1880 3480 τὴν

283 3504 416 3576 μετ’
487 3503 681 3573 αὐτῆς
755 3506 1096 3573 συμϐίωσιν
1161 3504 1481 3572 παραιτοῦ.
1559 3503 1617 3558 '0
1657 3504 1712 3557 δὲ
1743 3506 1876 3574 πρό-

285 3614 448 3669 τερον
470 3596 652 3651 θανεῖν
687 3596 964 3667 αἱρεῖσθαι
994 3596 1456 3666 ἁνταπεκρίνατο,
1499 3595 1532 3666 ἢ
1565 3594 1674 3658 ζῶν
1703 3597 1866 3658 ,ἀπε-

285 3690 597 3762 στερῆσθαι
627 3690 729 3762 τῆς
760 3689 1049 3760 γυναικός.
1076 3689 1367 3743 Ἐντεῦθεν
1419 3688 1668 3758 Ἡρώδης
1695 3689 1876 3746 Ἀντι-

285 3783 490 3853 πάτρῳ
524 3783 620 3838 καὶ
666 3786 734 3854 τῇ
775 3783 991 3836 ἐκείνου
1034 3782 1208 3854 μητρὶ
1263 3782 1496 3853 Φερώρᾳ
1563 3783 1876 3853 συνομιλεῖν

283 3876 698 3947 ἀπηγόρευσεν,
733 3876 767 3947 ἢ
806 3878 933 3939 ταῖς
958 3873 1179 3944 γυναιξὶ
1207 3874 1471 3928 συνιέναι.
1512 3873 1578 3928 Ol.
1617 3874 1674 3928 δὲ
1708 3891 1875 3928 κατε-

281 3967 526 4036 τίθεντο,
559 3969 832 4040 συνῄεσαν
886 3968 945 4022 δὲ
986 3967 1244 4038 ἀλλήλοις
1275 3968 1371 4020 καὶ
1413 3965 1808 4035 συνεκώμαζον

283 4060 502 4132 καιρός.
533 4059 894 4132 Ἀντίπατρος
917 4060 998 4126 δὲ,
1029 4060 1130 4130 τὴν
1165 4059 1340 4131 ὀργὴν
1369 4059 1464 4113 τοῦ
1493 4060 1702 4129 πατρὸς
1735 4060 1871 4128 ὑφο-

284 4151 563 4225 ρώμενος,
589 4153 793 4222 γράφει
823 4155 937 4216 τοῖς
973 4155 1032 4206 ἐν
1063 4150 1251 4222 Ῥώμῃ
1288 4150 1486 4220 φίλοις,
1535 4151 1877 4206 ἐπιστέλλειν,

297 4243 557 4318 Ἡρώδῃ,
609 4241 853 4296 στέλλειν
883 4244 1018 4314 πρὸς
1043 4241 1301 4312 Καίσαρα
1354 4239 1445 4292 τὸν
1488 4239 1871 4310 ’Δντίπατρον.

286 4338 582 4408 Πέμπεται
617 4337 748 4408 γοῦν
767 4340 847 4399 είς
879 4335 1099 4408 Ῥώμην
1127 4335 1272 4405 μετὰ
1295 4333 1485 4405 δώρων
1512 4331 1874 4405 Ἀντίπατρος

265 4429 474 4501 ,φέρων
497 4431 593 4483 καὶ
617 4427 891 4500 διαθήκην
929 4426 1171 4498 Ἡρώδου
1198 4425 1347 4497 αὐτῷ
1371 4426 1472 4496 τὴν
1499 4425 1675 4496 ἀρχὴν
1698 4424 1874 4479 διδοῦ-

1987 1931 2320 1999 cupiebant,
2366 1937 2746 2005 prmdixerunt
2795 1956 3026 2012 regnum
3057 1944 3258 2000 Herodi
3305 1947 3574 2006 divinitus

1985 2024 2342 2095 abrogatum,
2378 2028 2637 2084 Pherom
2681 2032 2911 2103 ejusque
2962 2036 3198 2104 posteris
3243 2041 3570 2099 attributum

1984 2128 2128 2169 esse.
2157 2116 2236 2170 Ne
2261 2117 2376 2172 haec
2396 2119 2621 2189 quidem
2653 2121 2901 2179 Salomes
2935 2125 3344 2194 improbitatem
3388 2131 3570 2187 latue~

1986 2218 2157 2274 runt,
2218 2212 2350 2280 quin
2381 2214 2568 2268 statim
2623 2216 2736 2286 regi
2764 2219 3260 2282 ;renuntiarentur.
3308 2223 3571 2281 Pharisaei

1985 2311 2169 2358 autem
2201 2306 2472 2363 orationis
2503 2307 2660 2364 illius
2691 2311 2962 2378 convicti,
3008 2315 3301 2370 eunuchus
3337 2317 3567 2387 Bagoas,

1984 2390 2158 2449 Carus
2189 2396 2413 2466 quidam
2465 2400 2756 2454 excellenti
2791 2401 2967 2456 forma
3002 2399 3238 2460 Herodis
3285 2409 3525 2463 amasius
3551 2448 3567 2475 ,

1986 2493 2150 2553 atque
2176 2487 2268 2540 alii
2295 2489 2467 2559 regii,
2500 2499 2755 2560 tanquam
2783 2507 3110 2548 arcanorum
3139 2497 3369 2564 conscii,
3393 2498 3569 2554 ἰαίνει-ο

1984 2573 2112 2630 fecti
2137 2586 2288 2632 sunt.
2313 2579 2518 2635 Deinde
2543 2597 2638 2636 rex
2665 2566 2874 2636 indicto
2900 2585 3135 2638 concilio
3158 2586 3415 2644 Pherorae
3435 2606 3574 2646 con-

1980 2669 2206 2738 jugem,
2255 2671 2445 2727 multis
2495 2674 2826 2729 criminibus
2869 2675 2924 2730 iu
2976 2677 3222 2732 medium
3273 2681 3570 2751 adductis,

1987 2761 2273 2816 accusavit
2296 2803 2312 2825 ,
2341 2778 2406 2818 ac
2434 2763 2678 2834 denique
2703 2766 2954 2822 oratione
2988 2767 3056 2822 ad
3087 2766 3387 2825 Pheroram
3417 2788 3568 2828 con-

1985 2867 2184 2910 versa:
2231 2854 2328 2909 His
2369 2856 2432 2909 de
2477 2857 2686 2924 causis,
2737 2857 2950 2928 inquit,
3003 2860 3317 2916 muliercula
3361 2863 3568 2932 pridem

1983 2945 2127 3000 ultro
2157 2949 2247 3001 tibi
2273 2950 2603 3019 repudianda
2633 2951 2757 3021 fuit.
2782 2951 2848 3005 At
2871 2969 3008 3006 nunc
3029 2953 3240 3018 saltem,
3269 2958 3315 3009 si
3340 2964 3565 3027 fratrem

1987 3054 2162 3092 meum
2196 3041 2458 3110 perhiberi
2487 3045 2664 3113 cupis,
2697 3043 2843 3098 illius
2900 3048 3332 3102 conusetudiuem
3369 3051 3560 3105 vitato.

1985 3125 2080 3184 Ille
2116 3143 2245 3184 vero
2276 3144 2335 3185 se
2366 3143 2601 3186 mortem
2651 3143 2958 3204 praeoptare
3007 3137 3192 3204 potius
3236 3141 3558 3209 respondit,

1984 3235 2152 3289 quam
2193 3231 2252 3276 ut
2291 3222 2483 3278 vivens
2528 3240 2755 3280 uxorem
2803 3226 3042 3283 deserat.
3092 3229 3171 3283 Ex
3201 3245 3268 3284 eo
3313 3231 3562 3289 Herodes

1982 3313 2273 3385 Antipatro
2313 3325 2370 3372 et
2404 3319 2565 3372 matri
2601 3320 2720 3391 ejus
2751 3319 3012 3376 Pherora
3059 3326 3561 3393 consuetudinem,
3605 3338 3608 3340 '

1982 3418 2037 3461 ct
2069 3408 2398 3466 mulieribus
2427 3427 2496 3467 ne
2537 3411 2682 3467 inter
2713 3427 2773 3468 se
2799 3415 3209 3482 convenirent,
3247 3417 3558 3474 interdixit.

1981 3496 2082 3563 Qui
2112 3497 2216 3552 etsi
2249 3498 2302 3553 id
2327 3500 2740 3568 pollicerentur,
2769 3511 2953 3558 tamen
2981 3521 3077 3574 per
3105 3516 3321 3576 tempus
3349 3522 3565 3564 comes-

1979 3598 2158 3642 satum
2204 3591 2631 3647 conveniebant.
2683 3593 2974 3665 Antipater
3015 3610 3150 3651 vero
3202 3598 3376 3666 patris
3422 3598 3559 3654 iram

1979 3689 2234 3738 metuens
2253 3723 2269 3748 ,
2302 3682 2372 3737 ab
2405 3682 2599 3739 amicis
2625 3684 2766 3754 petit
2799 3695 2860 3740 ut
2890 3685 3095 3742 llerodi
3121 3689 3386 3755 scribant,
3416 3698 3477 3746 ut
3502 3707 3564 3746 se

1979 3769 2211 3828 Romam
2250 3773 2452 3829 mittat.
2499 3774 2578 3828 lla
2610 3775 2768 3844 pater
2797 3792 2923 3831 eum
2956 3793 3086 3832 cum
3125 3780 3453 3836 muneribus
3504 3782 3559 3837 in

1977 3863 2182 3921 Urbem
2216 3865 2410 3932 mittit,
2460 3875 2850 3923 testamentum
2902 3868 3174 3925 ferentem
3195 3911 3210 3937 ,
3245 3887 3354 3942 quo
3387 3874 3438 3929 ei
3469 3890 3560 3928 re-

1977 3970 2143 4024 gnum
2174 3955 2494 4026 legabatur;
2524 3957 2610 4012 sin
2640 3957 2743 4027 ipsi
2773 3957 2983 4029 aliquid
3011 3960 3331 4026 accidisset,
3354 3961 3559 4020 Herodi

1977 4062 2044 4102 ex
2075 4047 2186 4102 ﬁlia
2227 4047 2503 4118 pontiﬁcis
2541 4049 2750 4120 genito.
2785 4051 3084 4106 Pheroram
3109 4094 3124 4120 ,
3165 4068 3292 4108 cum
3323 4069 3554 4110 uxorem

1975 4154 2086 4193 non
2136 4140 2488 4209 repudiaret,
2523 4140 2822 4210 ,discedere
2858 4143 3046 4215 jussit.
3095 4145 3147 4200 ls
3176 4161 3308 4201 vero
3336 4161 3463 4202 cum
3499 4147 3556 4204 in

1976 4231 2330 4287 tetrarchiam
2373 4249 2528 4288 suam
2568 4234 2781 4300 abiret,
2807 4233 3030 4305 ljuravit
3062 4251 3121 4291 se
3143 4248 3270 4293 ante
3300 4238 3553 4294 auditum

1973 4323 2160 4378 fratris
2190 4325 2406 4379 obitum
2437 4325 2642 4381 reverti
2674 4324 2846 4380 nolle.
2878 4325 3040 4382 Unde
3067 4327 3274 4383 factum
3299 4370 3315 4394 ,
3364 4339 3424 4384 ut
3453 4346 3556 4386 nec

1975 4415 2138 4487 255
2179 4431 2305 4488 rege
2345 4426 2642 4488 aegrotante
2669 4418 2975 4475 accersitus
2998 4419 3248 4484 venerit,
3274 4435 3344 4476 ne
3372 4422 3553 4493 jusju-

279 4537 414 4576 σαν.
457 4519 521 4573 Εἰ
552 4519 611 4573 δὲ
661 4519 876 4588 φθάσει»
905 4517 1104 4584 θανὼν,
1164 4517 1382 4589 Ἡρώδῃ
1406 4516 1486 4587 τῷ
1528 4519 1594 4570 ἐκ
1631 4517 1735 4587 τῆς
1764 4518 1869 4587 ἀρ-

1982 4510 2207 4566 randum
2239 4511 2509 4580 ,violaret.
2557 4511 2805 4568 Herodes
2844 4527 2978 4568 vero
3027 4521 3196 4580 post,
3252 4511 3552 4570 Pheroram
3615 4583 3618 4590 ι

277 4611 521 4686 χιερέως
552 4611 832 4681 γενομένῳ
859 4610 1153 4681 θυγατρός.
1175 4608 1440 4680 Φερώραν
1457 4607 1513 4661 δὲ
1544 4607 1619 4678 μὴ
1641 4607 1872 4676 ἀφιέντα

275 4707 389 4776 τὴν
418 4706 676 4773 γυναῖκα,
707 4705 1019 4772 ἀναχωρεῖν
1043 4702 1342 4754 ἐπέταττεν
1377 4701 1407 4754 ὁ
1447 4698 1723 4771 Ἡρώδης.
1763 4700 1876 4756 Καὶ

274 4797 346 4857 ὃς
381 4793 476 4846 ἐπὶ
504 4793 604 4863 τὴν
631 4791 970 4864 τετραρχίαν
998 4793 1239 4862 ἀπῆρεν,
1277 4791 1488 4861 ὀμόσας
1513 4791 1574 4843 οὐ
1601 4790 1872 4862 πρότερον

273 4887 463 4958 ἥξειν,
496 4885 530 4956 ἢ
559 4885 786 4938 πύθοιτο
810 4883 1137 4953 τελευτῆσαι
1181 4882 1276 4936 τὸν
1299 4881 1551 4953 ἀδελφόν.
1596 4883 1753 4938 Ὥστε
1778 4883 1872 4938 καὶ

274 4980 621 5051 νοσήσαντος
652 4976 749 5031 τοῦ
807 4976 1076 5047 βασιλέως
1112 4975 1359 5046 κληθεὶς,
1392 4977 1494 5046 οὐχ
1533 4975 1870 5046 ὑπήκουσεν,

277 5076 380 5128 ἵνα.
412 5073 489 5142 μὴ
529 5070 815 5142 παραᾶαίη
864 5070 959 5122 τὸν
999 5069 1186 5139 ὅρκον.
1233 5067 1482 5140 Ἡρώδης
1538 5068 1584 5122 δ’
1617 5069 1868 5140 ὕστερον,

273 5155 519 5226 Φερώρα
548 5155 904 5227 νοσήσαντος,
937 5149 1041 5225 ἧκε
1087 5153 1224 5223 πρὸς
1266 5155 1476 5206 ἐκεῖνον
1508 5152 1868 5224 αὐτόκλητος,

278 5249 389 5305 καὶ
414 5247 644 5302 θανόντα
675 5245 960 5317 ἐτίμησεν.
995 5245 1063 5298 Ἥ
1088 5245 1145 5299 δὲ
1171 5243 1426 5316 Φερώρου
1464 5245 1692 5316 τελευτὴ
1720 5244 1868 5316 ἀρχὴ

278 5341 479 5398 κακῶν
503 5340 582 5410 τῷ
600 5338 948 5410 Ἀντιπάτρῳ
972 5339 1214 5408 ἐγένετο,
1239 5355 1388 5390 τιννυ
1399 5337 1560 5407 μένου
1587 5335 1682 5390 τοῦ
1709 5335 1867 5390 Θείου

275 5439 387 5506 τῆς
417 5433 843 5504 ἀδελφοκτονίας
875 5433 1060 5488 αὐτόν.
1084 5430 1472 5500 Ἀπελεύθεροι
1502 5430 1610 5504 γὰρ
1639 5430 1734 5484 δύο
1755 5430 1867 5484 τῶν

275 5527 524 5599 Φερώρᾳ
572 5525 772 5596 τιμίων
840 5526 1028 5596 ἠξίουν
1109 5524 1358 5596 Ἡρώδην
1418 5524 1495 5594 μὴ
1554 5525 1717 5577 ἐάσαι
1774 5525 1867 5576 τὸν

275 5621 515 5688 ἀδελφὸν
535 5619 911 5689 ἀνεκδίκητον,
931 5618 1210 5689 φαρμάκῳ
1231 5617 1624 5687 διαφθαρέντα.
1653 5617 1861 5682 Ταῦτα,

277 5713 458 5768 πιστὰ
485 5712 771 5778 δοκοῦντα,
807 5711 888 5774 εἰς
917 5710 1169 5774 ἐξέτασιν
1192 5711 1284 5763 τὸν
1315 5710 1542 5780 βασιλέα
1573 5711 1861 5781 ἐκίνησαν·

277 5806 383 5860 καὶ
405 5803 793 5868 ἐϐασανίζοντο
823 5805 1082 5871 γυναῖκες
1109 5800 1296 5857 δοῦλαι
1333 5818 1392 5855 τε
1434 5803 1530 5858 καὶ
1552 5802 1858 5876 ἐλεύθεραι.

1976 4616 2335 4676 aagrmantem
2373 4607 2519 4662 ultro
2549 4607 2777 4673 invisit,
2807 4616 2865 4664 et
2893 4620 3114 4664 mortuo
3146 4609 3415 4664 honorem
3451 4611 3550 4665 ba-

1974 4697 2116 4755 buit.
2141 4698 2412 4756 Caeterum
2434 4701 2690 4755 Pheroraa
2712 4699 2941 4755 exitium
2964 4699 3256 4770 Antipatro
3279 4702 3548 4758 malorum

1972 4793 2079 4849 fuit
2108 4794 2325 4850 initium
2347 4833 2363 4858 ,
2396 4793 2634 4849 Numine
2674 4793 3040 4849 tratricidium
3074 4796 3197 4865 ejus
3222 4795 3548 4852 ulciscente.

1971 4884 2109 4940 Nam
2147 4884 2260 4940 duo
2295 4885 2550 4941 honorati
2572 4884 2833 4940 Pheroraa
2865 4885 3052 4939 liberti
3081 4894 3349 4955 rogarunt
3376 4884 3552 4942 Hero-

1972 4977 2134 5042 dem,
2162 4993 2231 5034 ne
2253 4977 2439 5033 fratris
2465 4991 2656 5032 necem
2681 4992 2900 5032 veneno
2929 4978 3132 5032 sublati
3159 4979 3392 5033 inultam
3426 4995 3550 5036 esse

1971 5076 2276 5138 pateretur.
2311 5067 2468 5135 Quod
2499 5083 2626 5122 cum
2655 5068 2946 5138 probabile
2989 5068 3307 5132 videretur,
3355 5085 3545 5139 regem

1970 5160 2038 5213 ad
2073 5174 2189 5218 rem
2216 5159 2426 5216 certius
2456 5159 2823 5230 indagandam
2853 5161 3163 5231 permovit:
3193 5161 3392 5216 habita:
3417 5171 3548 5216 sunt

1969 5252 2303 5323 quaestiones
2335 5254 2403 5307 de
2431 5253 2789 5318 mulieribus,
2815 5268 2924 5308 una
2952 5253 3201 5322 quaedam
3237 5253 3371 5307 nihil
3394 5254 3545 5309 aliud

1968 5346 2109 5402 dixit
2133 5387 2148 5413 ,
2173 5345 2278 5402 nisi
2305 5347 2452 5417 quod
2477 5347 2651 5402 Deum
2673 5355 2895 5418 precata
2925 5356 3010 5400 est
3043 5355 3104 5399 ut
3133 5345 3403 5415 Antipatri
3431 5363 3544 5402 mat

1970 5449 2054 5494 ter
2081 5480 2098 5505 ,
2136 5438 2406 5492 malorum
2443 5448 2666 5502 auctor,
2712 5438 2807 5492 tali
2842 5436 3172 5492 necessitate
3229 5447 3542 5506 urgeretur.

1966 5531 2044 5588 Ea
2084 5533 2264 5586 oratio
2310 5545 2492 5600 regem
2529 5529 2597 5584 ad
2655 5528 3067 5599 diligentiorem
3121 5527 3547 5599 inquisitionem

1965 5622 2212 5692 pepulit:
2235 5637 2302 5676 ac
2327 5623 2593 5676 mulieres
2616 5621 2960 5677 cruciatibus
2980 5619 3177 5684 auctis,
3198 5635 3398 5676 arcana
3423 5636 3544 5676 om-

1965 5718 2058 5772 nia
2093 5716 2459 5783 detexerunt,
2497 5716 2966 5782 comessationes,
3000 5715 3251 5771 occultos
3279 5731 3541 5786 congres-

1965 5823 2097 5876 sus,
2142 5821 2426 5864 sermones
2455 5807 2730 5882 Antipatri
2759 5823 2884 5864 cum
2921 5807 3180 5864 Pherorm
3218 5809 3542 5866 mulieribus
3577 5821 3582 5826 ί
