4074 6398
437 363 539 428 451

1700 347 2025 410 JUANN’lS
2064 344 2388 404 ZONARE

3591 332 3716 394 452

440 475 898 547 habitosﬁodium
929 470 1124 543 patris,
1150 469 1576 525 lamentationes
1599 470 1742 538 apud
1770 474 2022 528 matrem,

2137 462 2200 513 Δί
2233 459 2334 529 μὲν
2363 452 2456 510 οὖν
2488 453 2644 509 ἄλλαι
2702 449 3107 522 ἐνεκαρτέρουν
3162 445 3555 520 ἐχεμυθοὼαι,
3612 453 3718 518 μὲα

437 572 585 645 quod
624 577 781 640 pater
814 565 1127 621 diutissime
1157 564 1392 626 viveret,
1432 562 1616 631 itaque
1650 576 1708 616 se
1734 557 2024 614 suavitatis

440 663 660 736 imperii
691 675 862 716 sensu
895 657 1203 712 cariturum
1229 698 1242 717 ,
1269 658 1311 710 si
1346 654 1571 724 quando
1603 653 1654 706 id
1688 651 2024 721 adipiscere-

439 766 555 818 tur,
591 753 663 810 ob
702 759 990 820 urgentem
1024 749 1134 817 jam
1170 756 1538 800 senectutem.
1573 744 1696 799 llaec
1721 755 1886 812 atque
1916 744 2023 796 alia

440 848 791 918 plura,qu:e
840 850 1052 910 patrem
1107 855 1330 908 quoque
1387 844 1709 906 tangerent,
1762 836 2025 889 mulieres

443 934 874 994 τοῖοι-θωπί.οϋ
890 949 1010 1002 quae
1035 948 1153 993 rex,
1178 930 1461 999 Antipatro
1481 931 1590 999 jam
1611 929 1754 997 apud
1781 927 2021 980 animum

445 1047 608 1087 suum
633 1029 1021 1087 condemnato,
1057 1033 1289 1079 matrem
1312 1024 1432 1093 ejus
1461 1022 1716 1076 Doridem
1749 1019 2022 1088 repudiat,

443 1133 504 1178 et
535 1137 749 1177 omnem
785 1119 836 1175 ei
869 1117 1134 1171 mundum
1170 1115 1372 1184 eripit,
1416 1113 1581 1183 pretii
1619 1112 1916 1166 multorum
1953 1120 2026 1165 ta-

445 1214 675 1268 lentum.
718 1211 777 1265 In
807 1196 1016 1280 'primis
1069 1217 1248 1261 tamen
1295 1205 1565 1260 Herodem
1601 1216 1793 1258 contra
1851 1204 2022 1256 [ilium

448 1301 808 1359 inﬂammavit
836 1299 1126 1368 Antipater
1163 1304 1493 1366 procurator
1525 1295 1675 1348 illius
1706 1305 1720 1346 :
1759 1308 1883 1346 cum
1917 1293 2025 1346 alia

448 1397 503 1452 in
529 1391 925 1465 questionibus
953 1389 1259 1456 confessus,
1293 1397 1406 1442 tum
1440 1387 1598 1452 illud,
1623 1403 1746 1441 eum
1771 1385 2026 1441 Pherorae

445 1499 718 1541 venenum
758 1481 1012 1547 dedisse,
1073 1495 1139 1535 ac
1196 1480 1489 1534 mandasse
1541 1489 1600 1533 ut
1642 1478 1696 1532 id
1735 1477 1878 1548 patri
1929 1493 2028 1547 per

446 1574 753 1630 absentiam
777 1587 934 1628 suam
959 1611 974 1636 ,
1007 1571 1307 1641 quominus
1336 1579 1629 1640 suspectus
1652 1580 1834 1633 esset,
1861 1569 2030 1624 oll'er-

445 1678 551 1724 ret.
587 1668 886 1723 Pheroram
919 1673 1101 1719 autem
1131 1664 1183 1717 id
1219 1664 1376 1718 uxori
1409 1664 1806 1718 asservandum
1843 1662 2030 1716 dedis-

443 1777 525 1816 se.
577 1759 774 1814 Mulier
831 1758 883 1811 id
929 1756 1241 1818 fatebatur,
1276 1765 1442 1824 atque
1477 1755 1545 1809 ad
1583 1769 1856 1809 venenum
1888 1754 2024 1809 ειπε-

444 1851 678 1906 rendum
705 1865 951 1920 egressa,
981 1849 1048 1903 de
1077 1857 1222 1902 tecto
1250 1862 1308 1902 se
1339 1847 1676 1916 praecipitem
1715 1847 1891 1912 dedit,
1922 1863 2025 1903 nec
2056 1831 2098 1886 Β

447 1953 631 1998 tamen
679 1944 773 1997 illo
806 1957 937 1997 casu
988 1951 1206 1995 mortua
1257 1950 1360 1995 est.
1388 1941 1674 2010 jBecreata
1712 1940 1879 2010 igitur
1907 1981 1920 2006 ,
1973 1950 2030 1994 et

445 2037 632 2092 denuo
663 2051 693 2089 a
729 2050 858 2105 rege
891 2033 1249 2103 interrogata,
1279 2033 1487 2103 juravit
1508 2073 1522 2097 ,
1555 2047 1613 2088 se
1637 2048 1754 2087 rem
1783 2048 2026 2100 omnem,

447 2139 511 2182 ut
543 2137 696 2198 gesta
725 2135 893 2191 esset,
931 2127 1336 2196 exposituram.
1364 2125 1513 2179 Dixit
1543 2133 1730 2180 autem
1755 2165 1770 2189 ,
1800 2142 1856 2180 se
1880 2143 2032 2180 vene-

448 2236 577 2274 num
608 2237 640 2272 a
666 2220 860 2273 marito
882 2219 1140 2289 accepisse
1164 2259 1178 2281 ,
1217 2216 1280 2271 ab
1319 2217 1599 2286 Antipatro
1629 2227 1815 2273 contra
1857 2220 2029 2288 ipsum

447 2320 657 2381 patrem
701 2319 1071 2380 pra'puratum
1117 2325 1134 2363 :
1168 2311 1259 2363 sed
1280 2327 1397 2363 cum
1427 2318 1719 2380 wgrotante
1751 2310 1986 2365 Pherora
2013 2350 2028 2372 ,

447 2404 560 2469 ipse
596 2416 690 2454 rea:
727 2400 950 2469 fratrem
997 2417 1178 2454 coram
1229 2400 1510 2464 coluisset,
1552 2400 1845 2454 P/teroram
1872 2440 1885 2462 ,
1916 2403 2030 2470 ejus

446 2490 802 2545 benevolentia
819 2500 1117 2562 perspecta,
1144 2492 1242 2545 sibi
1269 2493 1482 2557 dixisse,
1516 2502 1572 2547 ut
1590 2509 1842 2546 venenum
1868 2492 2030 2560 affer-

447 2600 548 2656 ret,
581 2600 741 2658 atque
766 2591 821 2644 in
853 2600 1133 2660 conspectu
1154 2607 1249 2645 suo
1282 2603 1564 2648 cremat-et.
1594 2591 1661 2647 Se
1684 2595 1867 2647 statim
1891 2594 2030 2647 dicto

448 2682 749 2736 audientem
773 2721 788 2746 ,
826 2683 1063 2736 maxima
1088 2691 1242 2752 parte
1266 2685 1319 2737 in
1351 2687 1527 2754 ignem
1551 2683 1790 2753 conjecta
1814 2724 1827 2747 ,
1867 2683 2033 2755 256

449 2789 640 2844 parum
664 2773 762 2827 sibi
778 2788 1093 2838 reservasse,
1117 2791 1216 2844 quo
1239 2783 1496 2841 uteretur,
1512 2777 1558 2828 si
1574 2783 1691 2845 post
1721 2777 1898 2829 mariti
1917 2777 2031 2829 obi-

449 2873 563 2918 tum
589 2882 621 2919 α
643 2881 760 2936 rege
781 2864 922 2918 male
950 2873 1292 2920 tractaretur.
1321 2866 1500 2936 Ipsam
1526 2883 1748 2938 quoque
1773 2867 2029 2940 pyxidem

447 2969 576 3010 cum
625 2969 842 3010 veneno
896 2955 952 3010 in
983 2954 1228 3010 medium
1261 2955 1511 3025 protulit.
1549 2958 1820 3010 Accusata
1855 2965 1943 3010 est
1972 2961 2033 3009 et

450 3047 598 3118 regis
626 3061 788 3112 uxor,
813 3047 1092 3118 pontiﬁcis
1118 3046 1250 3112 lilia,
1273 3062 1438 3116 quam
1467 3048 1652 3102 statim
1684 3048 1846 3118 ejecit
1880 3048 2032 3119 ejus-

450 3155 560 3209 que
593 3138 767 3194 iillum
799 3155 868 3194 ex
899 3147 1233 3194 testamento
1261 3139 1466 3194 delevit
1492 3177 1508 3200 ,
1543 3139 1598 3193 in
1622 3155 1734 3209 quo
1767 3147 1826 3193 ut
1853 3141 2030 3210 regis,
2061 3171 2102 3228 α

449 3230 570 3300 ejus
602 3229 808 3284 mentio
840 3229 1049 3285 ﬁebat:
1086 3238 1142 3284 et
1177 3243 1373 3284 socero
1407 3228 1618 3282 Simoni
1648 3228 1842 3283 Boethi
1877 3229 1990 3283 tilio
2013 3269 2029 3294 ,

451 3319 776 3390 pontiﬁcatu
829 3321 1135 3392 abrogato,
1185 3319 1473 3376 Matthiam
1515 3319 1810 3391 Theophili
1855 3320 2032 3375 ﬁlium

451 3427 835 3469 successorem
861 3413 1038 3469 dedit.

2125 551 2180 605 δέ
2201 569 2285 614 τις
2315 549 2443 604 ἄλλο
2463 547 2562 618 μὲν
2585 545 2692 616 ἔφη
2717 545 2892 607 οὐδὲν,
2926 544 3061 596 Θεὸν
3080 543 3124 596 δ’
3149 541 3493 604 ἐπεκαλεῖτο,
3519 541 3679 593 τοιαύ
3701 570 3716 579 -

2125 661 2246 706 ταις
2276 643 2544 709 ἀνάγκαις
2573 641 2671 710 τὴν
2705 639 3076 706 Ἀντιπάτρου
3118 636 3332 706 μητέρα
3362 637 3714 704 περιπεσεῖν,

2123 739 2198 800 ώς
2232 736 2418 788 κακῶν
2452 734 2657 786 αἰτίαν.
2703 731 2878 785 Τοῦτο
2922 731 3001 791 είς
3044 729 3272 780 πλείονα
3322 730 3416 780 τὸν
3459 726 3716 797 Ἡρώδην

2126 831 2381 899 ἐκίνησεν
2414 827 2680 898 ἔρευναν*
2721 828 2815 877 καὶ
2857 825 3060 887 πάντα,
3095 822 3494 890 στροδροτέραες
3537 821 3708 889 βασά-

2128 942 2236 987 νοις
2267 925 2322 975 αί
2355 926 2619 991 γυναῖκες
2651 918 3100 990 περιϐληθείσαι,
3131 935 3195 967 πε
3213 917 3503 985 ποιήκασ.ν
3537 917 3718 967 ἐκπυ-

2129 1035 2250 1081 στα,
2282 1020 2410 1081 τοὺς
2442 1017 2670 1087 κώμους
2715 1017 2810 1068 καὶ
2862 1013 2961 1076 τὰς
3009 1011 3263 1082 κρυπτὰς
3317 1010 3591 1071 συνόδους,
3624 1010 3717 1061 καὶ

2126 1110 2320 1178 λόγους
2358 1111 2723 1178 Ἀντιπάτρου
2765 1109 2897 1178 πρὸς
2937 1111 3029 1170 τὰς
3083 1108 3348 1173 γυναῖκας
3385 1106 3720 1174 γενομένους

2125 1201 2403 1273 Φερώρου,
2442 1205 2600 1271 μῖσος
2635 1200 2772 1270 πρὸς
2803 1200 2894 1252 τὸν
2946 1198 3182 1265 πατέρα,
3213 1197 3538 1265 ὀλοφύρσεις
3582 1195 3725 1260 πρὸς

2127 1293 2224 1364 τὴν
2252 1293 2466 1364 μητέρα
2496 1295 2581 1346 ὅτι
2612 1295 2978 1360 ἐπιμήκιστον
3009 1292 3039 1357 ἡ
3073 1289 3188 1359 ζωὴ
3224 1288 3604 1358 παρατέταται
3635 1287 3720 1357 τῷ

2129 1388 2320 1455 πατρὶ,
2355 1385 2429 1448 ώς
2461 1384 2588 1456 μηδ’
2620 1384 2906 1436 αἰσθέσθαι
2946 1382 3056 1434 τῶν
3087 1382 3183 1446 τῆς
3219 1379 3495 1449 βασιλείας
3522 1379 3720 1449 ἡδέων,

2129 1478 2313 1530 εῐποτε
2344 1477 2494 1547 αύτῷ
2527 1477 2777 1546 γένηται,
2833 1475 2922 1527 διὰ
2960 1474 3134 1543 γῆρας
3163 1473 3264 1544 ἤδη
3299 1472 3449 1540 αύτῴ
3501 1471 3725 1524 ἐπικεί-

2133 1585 2294 1639 μενον
2339 1586 2352 1600 °
2388 1571 2482 1621 καὶ
2543 1569 2677 1623 ἄλλα
2712 1568 2768 1621 δὲ
2821 1567 3012 1631 πλείω,
3051 1566 3269 1618 καὶτοῦ
3305 1565 3510 1634 πατρὸς
3552 1566 3729 1620 καθα-

2131 1663 2397 1730 πτόμενα,
2419 1665 2475 1714 αί
2509 1666 2772 1730 γυναῖκες
2797 1660 3007 1728 ελεγον.
3032 1659 3256 1722 Τούτοις
3279 1660 3379 1730 ήδη
3415 1661 3730 1726 καταγνοὺς

2144 1755 2503 1823 Ἀντιπάτρου
2529 1755 2556 1805 ό
2584 1753 2858 1822 βασιλεὺς,
2888 1752 3201 1822 ἀφαιρεῖται
3235 1753 3334 1820 μὲν
3364 1751 3461 1822 τὴν
3485 1750 3730 1819 ἐκείνου,

2133 1846 2344 1916 μητέρα
2373 1846 2469 1916 τὴν
2505 1846 2717 1916 Δωρίδα
2746 1845 2836 1898 τὸν
2892 1845 3020 1916 περὶ
3066 1845 3236 1914 αὐτὴν
3278 1846 3457 1898 πάντα
3515 1845 3730 1912 κόσμον

2134 1937 2416 1990 ταλάντων
2469 1937 2598 1990 ὄντα
2658 1935 2906 2000 πολλῶν,
2969 1935 3139 2004 αὐτὴν
3200 1935 3257 1986 δὲ
3297 1935 3724 2003 ἀποπέμπεται.

2131 2030 2386 2084 Μάλιστα
2415 2029 2460 2082 δ’
2497 2028 2768 2100 ἐξώτρυνε
2803 2032 2946 2081 uati
2998 2046 3092 2084 του
3135 2028 3255 2082 υἱοῦ
3307 2029 3400 2081 τὸν
3467 2027 3726 2098 Ἡρώδην

2134 2123 2432 2192 ἐπίτροπος
2475 2122 2687 2174 ἐκείνου
2732 2122 3112 2190 Ἀντίπατρος,
3165 2122 3300 2177 ἄλλα
3349 2140 3406 2173 τε
3445 2121 3730 2174 κατειπὼν

2132 2215 2188 2267 ἐν
2213 2214 2290 2284 τῷ
2325 2215 2738 2284 βασανίζεσθαι,
2774 2218 2866 2270 καὶ
2883 2218 2963 2269 ὅτι
2997 2217 3289 2286 φάρμακον
3321 2215 3440 2284 δοίη
3465 2216 3724 2286 Φερώρα,

2133 2307 2517 2376 ἐντειλάμενος
2539 2309 2724 2362 δοῦναι
2765 2309 2896 2361 αὐτὸ
2930 2309 3009 2378 τῷ
3057 2308 3228 2378 πατρὶ
3274 2309 3426 2375 παρὰ
3451 2308 3548 2378 τὴν
3584 2313 3730 2360 απο-

2132 2399 2338 2469 δημίαν
2403 2401 2595 2462 αὐτοῦ,
2629 2401 2696 2454 ἶν’
2762 2402 2848 2471 εἴη
2907 2404 3219 2461 ἀνύποπτος
3261 2402 3335 2470 μὴ
3373 2401 3586 2470 παρὼν.
3630 2405 3729 2453 καὶ

2131 2492 2291 2544 τοῦτο
2328 2493 2419 2545 τὸν
2457 2494 2720 2564 Φερώραν
2778 2495 3076 2562 φυλάσσειν
3119 2493 3306 2546 δοῦναι
3359 2497 3425 2563 τῇ
3477 2496 3722 2561 γτναικί.

2135 2585 2305 2653 Rati)
2347 2583 2487 2656 γυνὴ
2537 2585 2593 2638 δὲ
2621 2585 2916 2654 ὡμολόγει,
2967 2585 3062 2638 καὶ
3101 2585 3340 2637 ἀπιοῦσα
3379 2585 3608 2653 κομίσαι
3663 2586 3728 2635 τὸ

2135 2676 2453 2746 φάρμακον,
2497 2678 2560 2730 ἐκ
2596 2675 2690 2729 τοῦ
2717 2679 2909 2744 τέγους
2963 2677 3190 2748 ἔρριψεν
3241 2676 3461 2746 ἐαυτὴν,
3521 2677 3580 2728 ού
3614 2677 3727 2745 μὴν

2134 2767 2482 2838 ἐτελεύτησε.
2515 2769 2624 2821 Καὶ
2658 2769 3062 2838 ἁνακτηθεῖσαν
3094 2770 3256 2822 πάλιν
3277 2769 3466 2838 ὴρώτα
3508 2771 3534 2820 ὁ
3563 2768 3724 2837 βασι-

2135 2857 2262 2921 λεύς
2283 2873 2297 2886 ·
2338 2859 2371 2928 ἡ
2401 2859 2458 2910 δὲ
2489 2857 2674 2928 ῶμοσε
2712 2860 2893 2913 πάντα
2926 2863 3097 2930 ἐρεῖν,
3129 2861 3203 2924 ώς
3229 2861 3572 2929 ἐπέπρακτο.
3610 2861 3725 2912 Καὶ

2133 2951 2342 3006 λαϐεῖν
2398 2951 2503 3022 ἔφη
2564 2953 2631 3006 τὸ
2685 2951 3004 3022 φάρμακον
3087 2953 3248 3022 παρὰ
3318 2954 3426 3008 τοῦ
3477 2955 3725 3022 ἀνδρὸς,

2136 3042 2588 3112 ἡτοιμασμένον
2619 3044 2712 3097 ἐπ’
2757 3045 2948 3098 αὐτὸν
2987 3046 3096 3099 τὸν
3132 3045 3362 3114 πατέρα
3411 3046 3512 3099 ὑπ’
3551 3048 3730 3100 Ἀντι-

2137 3135 2386 3204 πάτρου.
2415 3135 2820 3204 Νοσήσαντος
2850 3136 2920 3190 δὲ
2953 3139 3211 3206 Φερώρα,
3241 3139 3367 3192 ἐπεὶ
3397 3139 3593 3194 ἐλθὼν
3623 3143 3733 3195 αὺ-

2139 3229 2243 3295 τύς
2281 3228 2610 3298 ἐθεράπευε
2663 3231 2773 3285 τὸν
2823 3231 3114 3300 ἀδελφὸν,
3149 3232 3305 3300 ὀρῶν
3345 3248 3462 3288 σου
3490 3233 3602 3300 τὴν
3629 3235 3732 3288 εὔ-

2140 3339 2317 3378 νοιαν
2353 3323 2608 3392 ἐκεῖνος,
2636 3326 2795 3394 Πρὸς
2821 3325 2950 3395 ἐμὲ,
2985 3327 3113 3395 ἔφη,
3147 3328 3430 3395 κόμισον,
3451 3322 3497 3380 ὦ
3525 3327 3726 3396 γύναι,

2139 3416 2206 3470 τὸ
2259 3417 2600 3488 φάρμακον,
2654 3421 2751 3474 καὶ
2797 3420 3192 3474 κατάκαυσον
3251 3422 3343 3474 ἐπ’
3405 3423 3540 3491 ὄψει
3589 3421 3728 3490 ἐμῇ.

453 3507 626 3576 Κάγὼ
651 3510 870 3563 αὐτίκα
894 3509 975 3576 ὡς
995 3508 1227 3578 ἐκεῖνος
1244 3509 1596 3565 ἐνετέλλετο
1626 3509 1950 3580 ἔπραττον,
2007 3513 2076 3566 τὸ
2103 3512 2222 3583 μὲν
2250 3514 2548 3568 πλεῖστον
2575 3515 2718 3583 πιφὶ
2745 3517 3126 3584 παραδοῦσα,
3158 3516 3343 3583 ἑαυτῇ
3369 3516 3422 3569 δ’
3487 3520 3733 3570 ὑπολει-

454 3601 690 3670 πομένη
755 3601 990 3672 ὀλίγον,
1064 3603 1143 3656 ἶν’
1199 3603 1364 3670 αὐτῷ
1418 3604 1791 3674 χρησαίμην,
1845 3607 1899 3658 εί
1959 3607 2377 3675 μεταστάντος
2430 3607 2702 3676 Φερώρου
2754 3609 2910 3662 κακά
2964 3628 3068 3679 μοι
3098 3611 3257 3677 παρὰ
3309 3610 3426 3664 σοῦ
3467 3608 3728 3676 ἁπαιτᾲ.

455 3697 685 3767 Παρῆγε
713 3695 771 3750 δὲ
801 3698 881 3760 είς
901 3696 962 3750 τδ
987 3696 1154 3767 μέσον
1187 3697 1286 3768 τὴν
1331 3698 1529 3764 πυξίδα
1560 3715 1620 3751 τε
1662 3701 1752 3752 καὶ
1777 3699 1840 3752 τὸ
1893 3701 2211 3772 φάρμακον.
2284 3703 2664 3773 Κατηγορεῖτο
2730 3703 2785 3755 δὲ
2855 3706 2950 3756 καὶ
3009 3705 3042 3772 ἡ
3068 3703 3162 3756 τού
3198 3703 3464 3772 βασιλέως
3493 3704 3651 3773 γυνὴ,
3693 3695 3726 3764 ἡ

455 3788 549 3843 τοῦ
586 3788 892 3861 ἀρχιερέως
921 3788 1190 3861 θυγάτηρ,
1223 3790 1300 3852 ὡς
1329 3789 1604 3861 συνίστωρ
1631 3791 1924 3845 ἀπάντων·
1958 3793 2026 3864 ἢν
2067 3793 2266 3846 αὐτίκα
2329 3790 2577 3858 ἐξέϐαλε,
2624 3793 2718 3846 καὶ
2760 3795 2851 3845 τὸν
2901 3792 3018 3844 υἱὸν
3073 3792 3241 3862 αὐτῆς
3275 3795 3547 3862 ἀπιξλειψε
3617 3792 3730 3846 τῶν

454 3883 754 3954 διαθηκῶν,
786 3885 868 3948 είς
916 3883 978 3938 τὸ
1002 3883 1324 3954 βασιλεῦσαι
1380 3869 1750 3955 μεμνημένων
1797 3887 2032 3941 ἐκείνου.
2075 3889 2188 3942 Καὶ
2255 3886 2348 3940 τὸν
2411 3888 2680 3958 πενθερὸν
2709 3887 2934 3956 Σίμωνα
2968 3887 3076 3940 τῶν
3101 3885 3196 3938 τοῦ
3237 3887 3445 3956 Βοητοῦ
3492 3885 3591 3957 τὴν
3631 3889 3731 3958 ἀρ·-

455 3975 796 4051 χιερωσύνην
849 3976 1126 4046 ἀφείλετο,
1181 3976 1373 4048 ἕτερον
1426 3977 1482 4030 δὲ
1518 3979 1754 4050 καθιστᾷ
1794 3981 1886 4032 τὸν
1934 3981 2027 4034 τοῦ
2067 3981 2334 4050 Θεοφίλου
2367 3981 2642 4036 Ματθίαν.

526 4063 715 4118 XXIV.
747 4064 963 4118 Interea
990 4063 1252 4133 Bathylus
1279 4064 1556 4135 Antipatri
1583 4067 1825 4122 libertus
1854 4069 2028 4122 Roma

454 4156 629 4220 adest,
672 4155 887 4226 patroni
921 4159 1078 4211 matri
1109 4167 1163 4212 et
1192 4159 1452 4215 Pherorae
1477 4175 1748 4215 venenum
1789 4160 1976 4215 ferens
2015 4178 2029 4214 :

454 4247 551 4319 qui
580 4247 635 4301 in
664 4248 950 4302 tormentis
976 4248 1139 4314 dixit,
1173 4250 1228 4304 id
1260 4253 1489 4307 missum
1532 4267 1672 4317 esse,
1718 4261 1776 4307 ut
1809 4253 1853 4307 si
1881 4253 2037 4322 prius

457 4348 668 4410 patrem
697 4354 806 4394 non
839 4339 1137 4411 attigisset,
1167 4345 1251 4397 vel
1279 4343 1383 4397 hoc
1409 4359 1537 4398 eum
1569 4345 1890 4399 conﬁceret.
1930 4344 2002 4399 Af
2009 4373 2036 4385 -

457 4431 669 4486 ferebat
691 4433 858 4486 etiam
886 4433 1097 4488 litteras
1121 4435 1291 4488 Roma
1321 4436 1389 4489 ab
1421 4436 1614 4491 amicis
1641 4437 1895 4503 Herodis,
1918 4438 2044 4507 qui-

459 4522 564 4578 bus
584 4523 888 4578 Archelaus
911 4533 967 4578 et
995 4525 1301 4595 Philippus,
1350 4527 1540 4582 Romae
1579 4529 1886 4584 studiorum
1917 4545 2041 4600 gra-

463 4615 538 4668 tia
562 4614 841 4684 degentes,
877 4616 1298 4681 accusabantur,
1330 4619 1486 4686 quasi
1520 4629 1728 4688 patrem
1765 4621 2038 4674 fraterna-

463 4719 584 4757 rum
615 4705 846 4758 caadium
880 4721 1034 4760 reum
1073 4717 1318 4777 agerent,
1353 4724 1418 4763 ac
1442 4709 1547 4763 sibi
1579 4709 1715 4779 ipsis
1752 4711 2036 4766 timerent.

462 4797 552 4851 Eae
575 4797 772 4851 littera:
802 4799 1011 4868 magnis
1050 4799 1436 4870 largitionibus
1458 4801 1750 4872 Antipatro
1779 4805 2043 4859 constite—

464 4896 616 4943 runt.
658 4887 902 4944 Herodes
952 4905 1084 4945 vero
1129 4893 1210 4948 ira
1240 4894 1536 4960 occultata,
1594 4911 1722 4950 eum
1758 4906 2041 4952 maturare

463 4981 646 5052 jussit,
677 4989 734 5035 et
766 4981 834 5034 de
874 4991 1048 5037 matre
1077 4983 1198 5054 ejus
1222 4987 1474 5056 quaedam
1507 5001 1864 5058 conquestus,
1912 5006 2040 5045 eum

465 5088 525 5130 se
551 5074 820 5128 arbitrum
851 5087 1197 5148 sumpturum
1225 5079 1385 5147 dixit,
1412 5080 1505 5136 ubi
1538 5082 1792 5138 redisset.
1819 5083 1924 5138 Eas
1947 5084 2041 5137 lit-

467 5175 615 5220 teras
650 5165 704 5219 in
732 5165 920 5220 Cilicia
952 5170 1168 5238 accepit
1198 5188 1212 5224 :
1258 5172 1353 5226 sed
1385 5173 1643 5228 Pherorae
1673 5173 1888 5228 obitum
1933 5173 2044 5228 Ta-

465 5259 610 5313 renti
632 5259 911 5327 cognitum
936 5266 1221 5332 aegerrime
1245 5264 1394 5328 tulit,
1417 5282 1527 5320 non
1545 5283 1611 5320 ex
1634 5267 2041 5332 benevolentia,

465 5349 560 5404 sed
589 5351 734 5421 quod
755 5350 841 5406 ille
867 5351 1137 5408 Herodem
1162 5372 1294 5420 non,
1324 5365 1382 5410 ut
1405 5368 1710 5427 receperat,
1733 5368 1858 5412 ante
1882 5374 2043 5412 suum

466 5443 678 5498 obitum
731 5447 1063 5502 sustulisset.
1119 5447 1257 5503 Cum
1297 5451 1352 5503 in
1413 5461 1575 5520 portu
1633 5453 1902 5518 Augusto,
1954 5451 2044 5505 cui

467 5533 522 5587 id
549 5550 745 5589 nomen
781 5535 1049 5592 aCmsare
1097 5548 1183 5593 est
1238 5540 1492 5605 inditum,
1541 5543 1861 5611 appulisset,
1904 5544 2047 5596 mala

469 5639 566 5678 sua
601 5625 654 5678 in
681 5638 977 5696 conspectu
1007 5631 1220 5696 habuit,
1254 5634 1474 5688 nemine
1498 5634 1714 5688 obvuam
1737 5645 1927 5698 eunte,
1953 5649 2050 5689 ne-

472 5715 620 5768 ruine
653 5717 992 5785 alloquente.
1054 5721 1215 5776 Venit
1253 5733 1436 5778 autem
1475 5725 1871 5798 Hierosolyma,
1903 5727 2048 5782 Varo

473 5803 643 5877 Syriae
673 5818 929 5879 primore,
966 5811 1022 5866 in
1049 5815 1284 5871 concilio
1331 5817 1629 5888 assidente,
1675 5835 1838 5890 quem
1867 5820 2042 5876 Hero-

2201 4071 2326 4123 KA'.
2372 4068 2462 4122 Ἐν
2491 4070 2665 4137 τούτῳ
2707 4068 2766 4122 δὲ
2813 4067 3180 4140 ἀπελεύθερος
3210 4070 3573 4140 Ἀντιπάτρου
3620 4070 3731 4124 Βά-

2131 4160 2292 4226 θυλος
2321 4161 2430 4214 ἀπὸ
2474 4161 2696 4231 Ῥώμης
2727 4162 2914 4231 παρῆν
2938 4162 3232 4230 φάρμακον
3260 4160 3506 4230 κομίζων
3533 4164 3596 4232 τῇ
3629 4161 3727 4216 τοῦ

2133 4254 2506 4326 Ἀντιπάτρου
2565 4255 2737 4325 μητρὶ
2793 4256 2890 4308 καὶ
2945 4254 3221 4326 Φερώρᾳο
3280 4253 3340 4316 ὃς
3372 4254 3728 4324 ὲταζόμενος,

2137 4347 2292 4416 ἐλεγε
2324 4346 2818 4416 πεμφθῆναιαύτὺ,
2853 4347 2919 4400 ἵν’
2949 4349 2997 4401 εί
3025 4349 3099 4418 μὴ
3124 4349 3183 4400 τὸ
3201 4348 3472 4416 πρότερον
3503 4348 3732 4400 ἅπτοιτο

2139 4438 2235 4491 τοῦ
2272 4439 2498 4507 πατρὸς,
2531 4437 2708 4508 τούτῳ
2744 4437 2880 4506 γοῦν
2913 4439 3350 4510 κατεργασθείη.
3393 4439 3733 4507 Ἐπεφέρετο

2140 4526 2198 4580 δὲ
2234 4529 2330 4580 καὶ
2348 4528 2662 4597 γράμματα
2693 4529 2844 4598 παρὰ
2880 4529 2990 4581 τῶν
3044 4531 3105 4582 ἐν
3158 4528 3348 4600 Ῥώμῃ
3379 4528 3456 4600 τῷ
3512 4529 3733 4600 Ἡρώδῃ

2144 4619 2338 4687 φίλων,
2369 4620 2706 4690 κατηγορίαν
2745 4620 3050 4690 ποιούμενα
3089 4622 3390 4691 Ἀρχελάου
3418 4621 3514 4674 καὶ
3541 4620 3733 4674 Φιλίπ-

2145 4725 2271 4774 που,
2301 4712 2359 4763 ἐν
2397 4709 2588 4782 Ῥώμῃ
2627 4711 2928 4778 διαγόντων
2970 4713 3063 4764 ἐπὶ
3101 4712 3446 4782 μαθήμασιν,
3481 4710 3556 4773 ὡς
3585 4711 3732 4780 τάχα

2144 4804 2236 4854 τὸν
2258 4802 2474 4874 πατέρα
2511 4804 2971 4874 κατηγορούντων
2998 4805 3090 4857 ἐπὶ
3132 4804 3210 4873 τῷ
3256 4804 3402 4874 φόνῳ
3424 4803 3535 4856 τῶν
3570 4805 3730 4855 ἀδελ-

2146 4895 2283 4962 φῶν,
2319 4895 2417 4948 καὶ
2443 4895 2763 4950 δεδοικότων
2809 4897 2904 4950 καὶ
2953 4897 3085 4966 περὶ
3146 4898 3387 4958 ἑαυτοῖς.
3443 4894 3632 4948 Ταῦτα
3672 4896 3734 4948 δὲ

2148 4985 2407 5055 μεγάλων
2440 4985 2652 5056 μισθῶν
2687 4985 2764 5057 τῷ
2811 4987 3161 5056 Ἀντιπάτρῳ
3205 4984 3446 5052 ἐγένετο.
3482 4981 3736 5052 Ἡρώδης

2145 5076 2190 5130 δ’
2213 5076 2660 5146 ἐπικρυψάμενος
2680 5079 2777 5150 τὴν
2813 5079 3010 5149 ὀργὴν,
3042 5078 3262 5129 ἐκέλευε
3297 5075 3372 5145 μὴ
3406 5073 3731 5143 βραδύνειν·

2147 5172 2242 5224 καὶ
2266 5175 2333 5242 τῇ
2363 5173 2534 5242 μητρὶ
2565 5171 2732 5224 αὐτοῦ
2767 5172 3008 5242 μέμψεις
3055 5174 3300 5240 ἐπάγων,
3355 5168 3738 5239 ἐπηγγέλλετο

2148 5263 2520 5334 ἀναϐήσεσθαι
2541 5265 2748 5327 ταύτας
2777 5265 2950 5334 αὐτῷ,
2981 5265 3145 5317 ὁπότε
3203 5255 3476 5331 ἀφίκοιτο.
3509 5261 3738 5322 Τούτοις

2147 5359 2258 5420 τοῖς
2295 5357 2590 5427 γράμμασι
2615 5360 2744 5428 περὶ
2773 5357 3033 5411 Κιλικίαν
3063 5359 3338 5424 ἐνέτυχεν.
3373 5356 3464 5408 Ἐν
3488 5354 3735 5421 Τάραντι

2147 5452 2205 5505 δέ
2232 5451 2328 5505 τοῦ
2359 5451 2616 5523 Φερώρου
2650 5452 2842 5523 μαθὼν
2895 5452 3180 5518 τελευτὴν,
3227 5450 3420 5509 δεινῶς
3476 5450 3736 5517 ἡνεγκεν,

2147 5545 2209 5596 ού
2231 5543 2298 5597 δι’
2319 5543 2558 5609 εὖνοιαν,
2589 5545 2706 5598 ἀλλ’
2733 5547 2812 5599 ὅτι
2845 5545 2922 5616 μὴ
2949 5544 3184 5614 φθάσας,
3210 5544 3287 5606 ώς
3316 5543 3612 5611 ὑπέσχετο,
3642 5538 3737 5590 τὸν

2163 5635 2412 5707 Ἡρώδην
2441 5635 2742 5706 ἀναιρῆσαι
2797 5637 3060 5690 ἀπέθανε.
3098 5635 3416 5704 Καταχθεὶς
3443 5634 3501 5685 δὲ
3528 5633 3608 5694 είς
3641 5631 3740 5684 τὸν

2149 5727 2447 5798 λεγόμενον
2489 5727 2765 5781 Σεϐαστόν
2792 5729 3014 5797 λιμένα,
3050 5728 3137 5781 ἐπ’
3166 5727 3398 5797 ὀνόματι
3452 5723 3547 5777 τοῦ
3591 5723 3741 5774 Καί-

2151 5837 2318 5892 σαρος
2348 5821 2492 5877 οὓτω
2526 5820 2886 5893 καλούμενον,
2927 5822 2988 5878 ἐν
3041 5819 3346 5893 προύπτοις
3377 5813 3445 5891 ἦν
3495 5815 3596 5888 ἠδη
3623 5816 3742 5882 τοῖς
