4074 6436
347 386 454 452 ιδε

1611 388 2015 450 ΑΝΝᾹΙΛΠΜ
2057 390 2208 455 LIB.
2248 394 2314 454 Υ.

3503 386 3614 445 454

339 503 554 565 κακ,ἶς,
589 500 663 570 μή
690 516 839 562 τιν.ς
889 500 1040 570 αύτῷ
1096 502 1437 570 προσιόντος,
1476 503 1612 570 μήτε
1655 517 1924 570 προσαγο-

2039 501 2136 557 des
2184 501 2539 563 accersierat,
2590 506 2648 552 ut
2693 495 2760 551 de
2831 495 2998 550 rebus
3065 493 3434 564 praesentibus
3483 509 3613 550 eum

344 593 618 664 ρεύιντος.
656 591 844 660 Παρῆν
878 592 924 644 δ’
968 593 1024 644 ὲν
1094 593 1518 663 Ἰεροσολύμοις,
1575 592 1791 661 Οὐάρου
1824 593 1920 645 τοῦ

337 685 436 752 τῆς
471 684 672 751 Συρίας
721 682 1152 751 ἡγεμονεύοντος
1210 683 1628 754 συνεδρεύοντος
1673 682 1918 754 Ἡρώδῃ,

338 776 651 842 κληθέντος
699 775 792 826 ἐπὶ
849 774 1130 846 συμϐουλῇ
1182 777 1311 845 περὶ
1353 776 1462 827 τῶν
1524 776 1919 845 ἐνεστηκότων.

339 867 450 918 Καὶ
475 866 652 929 εἰσήει
692 865 762 917 τὰ
811 863 1058 934 βασίλεια
1117 865 1426 937 πορφυρίδα
1476 866 1556 918 ἔτι
1603 865 1808 936 φορῶν.
1859 867 1921 918 Οἱ

339 957 470 1024 γοῦν
503 957 599 1008 ἐπὶ
625 959 744 1019 ταῖς
787 956 978 1026 Θύραις
1008 957 1256 1026 δέχονται
1294 959 1393 1027 μὲν
1417 959 1508 1012 τὸν
1530 956 1918 1029 Ἀντίπατρον,

338 1050 465 1111 τοὺς
508 1049 567 1101 δὲ
622 1050 811 1118 φίλους
852 1051 1227 1118 ἀνείργουσιν.
1282 1051 1634 1122 Ἐθορυϐεῖτο
1696 1052 1774 1113 δὲ,
1818 1052 1920 1121 ήδη

339 1141 619 1195 κατανοῶν
641 1137 696 1194 οἷ
719 1142 990 1211 ἐληλύθει,
1013 1145 1137 1195 ἐπεὶ
1169 1145 1261 1196 καὶ
1293 1146 1319 1196 ό
1343 1144 1530 1214 πατὴρ
1552 1143 1713 1197 αὐτὸν
1739 1144 1921 1196 ἀσπά-

342 1235 539 1288 σασθαι
580 1235 882 1306 προσιόντα
909 1235 1193 1299 ἀπώσατο,
1232 1236 1624 1306 ἀδελφοκτόνον
1646 1255 1705 1290 τε
1730 1237 1915 1291 καλῶν

341 1327 434 1379 καὶ
471 1326 765 1381 ἐπίϐουλον
796 1327 963 1380 αὐτοῦ
993 1331 1060 1399 τῇ
1104 1327 1241 1400 ζωῇ,
1293 1329 1577 1400 ἀκροατήν
1616 1347 1675 1381 τε
1710 1329 1920 1383 τούτων

339 1419 436 1471 καὶ
465 1417 728 1485 δικαστὴν
761 1420 984 1473 ἔσεσθαι
1009 1422 1110 1491 τὴν
1137 1419 1330 1492 αὔριον
1358 1421 1449 1475 τὸν
1500 1419 1712 1492 Οὔαρον
1743 1422 1920 1490 ἔλεγε.

340 1509 450 1562 Καὶ
476 1510 504 1562 ό
538 1510 638 1578 μὲν
676 1511 768 1563 ἐπὶ
818 1510 1090 1574 τοιούτοις
1126 1515 1320 1574 κακοῖς
1357 1511 1553 1582 ᾤχετο.
1605 1512 1922 1566 Ὑπαντῶσι

338 1600 384 1653 δ’
415 1600 563 1672 αύτῷ
593 1601 627 1671 ἥ
660 1617 720 1654 τε
773 1602 958 1671 μήτηρ
992 1602 1091 1655 καὶ
1122 1603 1154 1672 ή
1193 1601 1333 1672 γυνή
1389 1600 1553 1672 (αὕτη
1584 1602 1640 1655 δὲ
1694 1597 1763 1673 ἦν
1793 1605 1922 1666 παῖς

337 1694 679 1761 Ἀντιγόνου,
715 1693 812 1745 τοῦ
847 1693 956 1762 πρὸ
1007 1691 1253 1763 Ἡρώδου
1287 1693 1743 1764 βασιλεύσαντος)
1781 1694 1918 1764 παρ’

338 1780 412 1839 ὧν
456 1785 673 1840 ἅπαντα
726 1785 1008 1855 ἐκμαθὼν,
1044 1787 1180 1858 πρὸς
1223 1788 1316 1840 τὸν
1355 1787 1546 1856 ἀγῶνα
1602 1805 1918 1858 παρεσκευο

2027 592 2382 648 consultaret.
2414 589 2640 660 Regiam
2695 587 3002 659 ingreditur
3023 597 3358 657 purpuratus
3383 587 3566 643 adhuc
3596 607 3611 643 :

2027 697 2058 737 a
2078 681 2413 753 janitoribus
2430 680 2763 743 admittitur,
2786 676 2980 732 amicis
2998 677 3116 747 ejus
3135 677 3394 732 exclusis.
3424 677 3488 730 Et
3503 693 3616 748 quo

2026 774 2285 828 redactus
2314 781 2480 838 esset,
2508 770 2754 840 cogitans
2775 769 3031 823 turbatur
3065 786 3077 822 :
3105 769 3408 838 praesertim
3433 783 3558 822 cum
3583 783 3611 821 a

2026 879 2206 938 patre,
2225 868 2290 923 ad
2313 883 2475 936 quem
2507 865 2856 920 salutandum
2878 863 3198 929 accedebat,
3226 863 3613 932 repelleretur,

2026 969 2081 1014 et
2107 959 2391 1015 fratricida
2419 969 2584 1028 atque
2608 957 2899 1012 insidiator
2920 965 3238 1015 vocaretur,
3266 969 3497 1021 quarum
3529 969 3625 1034 ι·εεί

2035 1067 2160 1106 rum
2191 1051 2504 1105 auditorem
2543 1060 2598 1104 ct
2623 1049 2866 1120 judicctn
2901 1046 3173 1117 postridie
3217 1047 3422 1102 Varum
3471 1047 3606 1099 fore.

2024 1142 2162 1198 Cum
2189 1143 2245 1196 in
2279 1141 2409 1196 totis
2456 1141 2614 1195 malis
2663 1140 2863 1205 abiret,
2909 1145 3212 1194 occurrunt
3259 1137 3308 1192 ei
3353 1147 3529 1192 mater
3557 1146 3615 1192 ct

2027 1249 2186 1299 uxor,
2222 1231 2331 1286 ﬁlia
2362 1231 2647 1302 Antigoni,
2679 1231 2798 1301 ejus
2820 1229 2915 1300 qui
2948 1238 3074 1284 ante
3107 1228 3378 1284 Herodem
3415 1243 3629 1297 regna-,

2025 1327 2139 1384 vit:
2175 1340 2205 1381 e
2235 1325 2439 1396 quibus
2463 1333 2614 1378 tanto
2646 1325 2870 1394 negotio
2886 1323 3129 1394 cognito,
3165 1337 3223 1377 se
3241 1323 3305 1377 ad
3331 1321 3608 1392 judiciunt

2035 1418 2286 1487 parabat.
2327 1415 2601 1471 Postridie
2629 1414 2874 1470 Herodes
2906 1423 2964 1469 ct
2993 1415 3171 1469 Varus
3220 1401 3613 1482 consederunt,

2027 1517 2408 1564 convenerunt
2431 1510 2719 1578 utriusque
2748 1506 2934 1571 amici,
2959 1518 3015 1562 ct
3041 1505 3258 1576 cognati
3285 1505 3537 1567 Herodis,
3560 1518 3617 1562 ct

2026 1603 2383 1658 consiliorum
2415 1600 2693 1670 Antipatri
2729 1599 2959 1664 indices,
2990 1608 3044 1653 et
3077 1599 3307 1654 materni
3331 1599 3478 1654 servi
3504 1601 3617 1652 An-

2027 1694 2238 1764 tipatri,
2259 1694 2422 1763 257
2443 1694 2732 1762 epistolam
2761 1691 3012 1746 mulieris
3033 1690 3297 1755 ferentes,
3317 1707 3424 1762 qua
3440 1691 3615 1745 [ilium

2027 1789 2312 1852 monebat,
2356 1803 2425 1842 ue
2453 1787 2682 1851 rediret,
2712 1799 2922 1855 patrem
2955 1787 3102 1840 enim
3136 1787 3369 1840 rescisse
3397 1785 3606 1849 omnia,

340 1879 521 1940 ἅζετο.
554 1879 633 1951 Τῇ
662 1879 706 1931 δ’
737 1853 864 1950 eiii};
903 1853 1234 1952 συνήδρευον
1280 1853 1532 1952 Ἡρώδης
1565 1880 1660 1934 καὶ
1685 1853 1919 1953 ὸΰαρος.

2027 1889 2266 1936 etuuum
2286 1881 2336 1935 ei
2359 1879 2677 1950 confugium
2701 1894 2992 1948 superesse
3021 1878 3290 1933 Ctesarcm
3325 1893 3339 1929 :
3365 1886 3610 1941 caveret,

339 1967 616 2038 Συνῆλθον
643 1969 702 2022 δὲ
725 1971 822 2022 καὶ
853 1969 900 2023 οἱ
932 1971 1138 2041 ἀμφοῖν
1184 1971 1355 2042 φίλοι,
1407 1975 1501 2025 καὶ
1552 1974 1603 2025 οἱ
1634 1975 1921 2041 συγγενεῖς

357 2061 626 2132 Ἡρώδου,
661 2061 758 2115 καὶ
784 2063 833 2115 oi
868 2065 1104 2132 μηνυταὶ
1135 2064 1247 2117 τῶν
1292 2065 1638 2138 Ἀντιπάτρῳ
1679 2068 1920 2136 μελετω-

344 2155 544 2223 μένων,
596 2155 691 2207 καὶ
729 2153 907 2207 δοῦλοι
965 2157 1212 2225 μητρῷοι
1242 2157 1336 2211 τοῦ
1362 2159 1750 2229 Ἀντιπάτρου,
1796 2161 1919 2212 ὲπι-

343 2244 538 2314 στολήν
564 2244 827 2316 φέροντες
857 2246 1050 2315 αὐτῆς,
1079 2246 1154 2316 μὴ
1177 2249 1472 2318 ἐπανήκειν
1500 2249 1575 2311 ὡς
1595 2252 1816 2303 πάντων
1845 2251 1922 2322 τῷ

341 2337 514 2406 πατρὶ
558 2337 766 2390 πιστῶν
800 2337 1128 2407 ἡγουμένων
1157 2339 1294 2408 (49),
1331 2340 1500 2410 μόνην
1549 2359 1609 2394 τε
1643 2343 1711 2394 ἂν
1744 2358 1918 2394 κατα-

342 2427 522 2498 φυγὴν
552 2429 702 2500 αὐτῷ
750 2429 1036 2483 λείπεσθαι
1083 2432 1365 2503 Καίσαρα,
1417 2434 1513 2486 καὶ
1557 2434 1618 2486 τὸ
1647 2434 1724 2506 μὴ
1773 2436 1923 2503 γενέ-

342 2517 469 2570 σθαι
499 2518 576 2588 τῷ
607 2520 776 2590 πατρὶ
805 2519 1144 2590 ὑποχείριον.
1173 2521 1542 2593 Ἀντιπάτρου
1572 2524 1629 2576 δὲ
1676 2525 1923 2594 προσπέ-

343 2610 530 2673 σόντος
560 2611 640 2682 τῷ
664 2613 854 2682 πατρὶ,
902 2616 996 2666 καὶ
1038 2614 1296 2684 δεομένου
1324 2616 1700 2686 ἀκροάσασθαι
1731 2617 1921 2684 αὐτοῦ,

343 2702 439 2754 καὶ
488 2700 634 2756 οὕτω
667 2703 1044 2774 ψηφίσασθαι,
1079 2706 1268 2760 τοῦτον
1323 2709 1423 2779 μὲν
1467 2712 1546 2774 εἰς
1581 2711 1749 2780 μέσον
1776 2712 1924 2767 ἀπά-

343 2810 463 2862 γειν
488 2795 742 2848 ἐκέλευεν
765 2813 778 2829 ·
813 2797 978 2861 αὐτὸς
1001 2798 1058 2851 δὲ
1090 2798 1417 2869 ὠλοφύρατο
1445 2803 1544 2872 τὴν
1576 2803 1685 2857 τῶν
1714 2805 1925 2859 παίδων

339 2884 608 2952 διάθεσιν,
641 2888 736 2940 καὶ
761 2888 843 2941 ὅτι
901 2888 965 2942 τὸ
997 2889 1178 2961 γῆρας
1220 2891 1388 2945 αὑτοῦ
1417 2895 1794 2966 περιέστηκεν
1842 2901 1926 2960 είς

343 2978 725 3051 Ἀντίπατρον.
775 2980 1087 3052 Τεθηπέναι
1147 2999 1206 3035 τε
1247 2983 1458 3053 ἔλεγεν,
1488 2987 1636 3051 ὅπως
1666 2988 1927 3044 Ἀντίπα-

341 3087 470 3143 τρος
494 3071 589 3124 ἐπὶ
625 3071 850 3125 τοιαῦτα
879 3078 1171 3145 χωρήσειε,
1208 3076 1590 3156 διάδοχοςιμὲν
1625 3081 1728 3153 τῆς
1749 3085 1928 3155 ἀρχῆς

2023 1990 2093 2031 ne
2133 1974 2189 2028 in
2224 1974 2400 2044 patris
2422 1987 2618 2027 manus
2649 1971 2938 2026 incideret.
2971 1971 3108 2026 Cum
3144 1978 3329 2025 autem
3379 1969 3614 2037 Antipa-

2027 2075 2108 2121 ter
2144 2065 2374 2135 supplex
2405 2075 2534 2118 ante
2583 2071 2794 2133 patrem
2833 2063 3246 2132 procubuisset,
3307 2061 3614 2124 obtestans,

2031 2167 2093 2213 ut
2141 2174 2199 2213 se
2235 2156 2426 2212 audito
2462 2157 2688 2211 demum
2745 2155 3077 2210 sententiam
3113 2154 3284 2210 ferret
3313 2171 3327 2208 :
3368 2153 3616 2208 Herodes

2023 2266 2151 2306 cum
2179 2250 2232 2304 in
2259 2249 2502 2304 medimn
2539 2249 2772 2318 produci
2812 2247 2992 2319 jubet,
3025 2247 3144 2317 ipse
3175 2245 3417 2301 filiorum
3445 2245 3501 2299 in
3554 2260 3615 2300 se

2022 2341 2203 2396 scelus
2239 2349 2296 2395 et
2347 2348 2691 2395 senectutem
2725 2353 2882 2394 suam
2923 2337 3218 2407 deplorat,
3255 2353 3376 2407 qua:
3411 2337 3467 2391 in
3500 2336 3615 2392 An-

2022 2434 2282 2503 tipatrum
2315 2433 2657 2502 impegisset.
2689 2433 2766 2487 Ac
2812 2447 2872 2487 se
2913 2431 3106 2486 mirari
3139 2430 3300 2498 dixit,
3345 2445 3456 2502 quo
3485 2446 3620 2486 con-

2023 2527 2153 2582 silio
2177 2527 2304 2581 talia
2331 2525 2576 2581 facinora
2601 2525 2938 2595 suscepisset
2962 2525 3276 2594 Antipater,
3295 2525 3387 2594 qui
3413 2533 3466 2579 et
3490 2538 3620 2579 suc-

2025 2632 2213 2672 cessor
2281 2616 2335 2670 in
2394 2624 2724 2671 testamento
2788 2616 3032 2684 scriptus
3082 2623 3251 2679 esset,
3295 2625 3352 2669 et
3411 2630 3469 2669 se
3530 2615 3617 2668 vi-

2023 2718 2187 2764 vente
2219 2717 2401 2778 posset
2426 2708 2608 2762 omnia
2634 2725 2649 2763 :
2681 2723 2744 2762 ac
2773 2716 2921 2762 tanta
2950 2706 3213 2762 beneficia
3242 2707 3320 2761 sic
3363 2721 3622 2761 remune-

2026 2810 2266 2865 raretur,
2294 2809 2352 2854 ut
2375 2807 2636 2870 cognatos
2662 2798 2728 2853 ad
2749 2799 2952 2853 caedem
2979 2814 3130 2853 suam
3159 2797 3466 2868 instigaret.
3496 2797 3621 2852 llagc

2027 2895 2233 2950 dicenti
2266 2893 2522 2964 lacryma:
2554 2901 2881 2961 eruperunt.
2931 2891 3188 2946 Nicolaus
3223 2907 3356 2946 vero
3416 2890 3616 2946 Dama-

2027 3000 2229 3042 scenus
2253 2986 2416 3056 jussu
2458 2983 2605 3054 regis
2653 2983 3006 3053 Antipatrum
3061 2982 3365 3047 accusavit,
3402 2982 3621 3036 cunctis

2029 3076 2225 3131 ordine
2269 3073 2716 3129 commemoratis
2754 3090 2772 3129 ι
2807 3076 2903 3128 sed
2947 3081 3004 3129 et
3048 3073 3143 3128 alii
3169 3073 3325 3127 multi
3368 3074 3513 3128 ultro
3563 3076 3620 3127 in

343 3164 754 3259 γεγραμμένος,
791 3164 994 3229 ζῶντος
1023 3166 1067 3219 δ’
1099 3167 1268 3222 αὑτοῦ
1294 3170 1365 3223 τὰ
1400 3172 1578 3226 πάντα
1598 3173 1920 3246 δυνάμενος,

2031 3170 2186 3224 illum
2211 3167 2491 3223 orationes
2517 3167 2857 3223 habuerunt.
2889 3165 3088 3228 Varus,
3121 3175 3412 3237 postquam
3440 3167 3609 3222 Nico-

343 3257 441 3309 xa‘t
465 3257 589 3309 ἀντὶ
623 3255 829 3310 τούτων
893 3259 1033 3328 πρὸς
1086 3259 1180 3313 τὸν
1243 3262 1413 3316 αὑτοῦ
1455 3264 1618 3334 φόνον
1662 3268 1923 3338 ἐρεθίζων

341 3349 472 3412 τοὺς
505 3353 812 3419 συγγενεῖς.
845 3352 1015 3405 Ταῦθ’
1063 3353 1181 3424 ἅμα
1232 3354 1408 3424 λέγων
1446 3360 1528 3420 είς
1551 3358 1766 3432 δάκρυα
1795 3364 1924 3437 τρέ-

343 3457 532 3494 πεται.
573 3442 683 3494 Καὶ
727 3441 996 3507 Νικόλαος
1039 3446 1067 3497 ὁ
1100 3448 1487 3518 Δαμασκηνὸς,
1519 3450 1614 3504 τοῦ
1651 3453 1922 3522 βασιλέως

345 3531 766 3602 ἐπιτρέψαντος,
819 3535 1119 3605 κατηγόρει
1154 3537 1249 3590 τοῦ
1301 3540 1688 3613 Ἀντιπάτρου.
1741 3545 1923 3599 πάντα

344 3624 471 3694 ἑξῆς
505 3625 885 3697 διηγούμενος.
914 3628 1109 3682 Πολλοὶ
1149 3629 1206 3683 δὲ
1260 3633 1354 3685 καὶ
1407 3633 1561 3688 ἄλλοι
1597 3637 1719 3690 κατ’
1747 3637 1926 3692 Ἀντι-

345 3719 559 3789 πάτρου
584 3720 1018 3789 αὐτεπάγγελτοι
1055 3723 1261 3793 ἔλεγον.
1309 3726 1520 3798 Οὔαρος
1549 3729 1626 3794 δὲ,
1651 3731 1924 3786 Νικολάου

343 3815 705 3882 παυσαμένου
749 3813 861 3868 τῶν
909 3814 1103 3883 λόγων,
1143 3819 1364 3872 ἐκέλευε
1421 3821 1513 3875 τὸν
1569 3822 1925 3895 Ἀντίπατρον

345 3904 762 3974 ἀπολογεῖσθαι.
807 3907 868 3962 ’0
911 3908 958 3961 δ’
1015 3911 1111 3963 ἐπὶ
1139 3914 1314 3982 στόμα
1360 3913 1540 3968 ἔκειτο
1576 3919 1922 3992 ἀνατετραμο

351 3997 536 4067 μένος,
613 3997 707 4053 τὸν
761 4000 898 4053 Θεὸν
965 4001 1402 4076 ἐπικαλούμενος
1467 4009 1922 4083 δπιμαρτυρῆσαι

2031 3263 2152 3318 laus
2180 3267 2558 3331 peroraverat,
2589 3259 2942 3328 Antipatrum
2998 3275 3058 3314 se
3104 3259 3402 3313 defendere
3429 3258 3616 3329 jussit.

2034 3355 2131 3410 llle
2154 3369 2288 3410 vero
2311 3369 2521 3423 pronus
2547 3353 2702 3406 bumi
2726 3353 2938 3423 jacens,
2968 3351 3144 3407 Deum
3197 3351 3510 3415 invocabat,
3559 3357 3622 3404 ut

2031 3462 2188 3502 suam
2236 3446 2614 3500 innocentiam
2686 3453 3002 3501 testaretur.
3054 3446 3191 3500 Cum
3241 3453 3425 3499 autem
3480 3443 3620 3498 nihil

2029 3547 2230 3609 przeter
2257 3537 2799 3593 Dei'obtcstationem
2831 3536 3078 3604 aﬂ‘erret,
3109 3550 3385 3591 venenum
3419 3534 3474 3588 in
3506 3549 3622 3588 mc-

2031 3632 2186 3687 dium
2223 3631 2435 3696 afferri,
2496 3639 2552 3686 et
2585 3629 2804 3685 cuidam
2853 3630 3052 3700 capitis
3083 3629 3451 3684 condemnato
3499 3626 3620 3682 dari

2028 3723 2194 3792 jussit
2231 3739 2248 3781 :
2284 3721 2378 3792 qui
2427 3736 2495 3776 eo
2545 3729 2734 3791 epoto,
2795 3720 2981 3775 statim
3034 3718 3307 3774 exanimis
3357 3716 3621 3773 concidit.

2031 3815 2151 3881 Quo
2187 3816 2351 3880 facto,
2390 3813 2564 3868 Varus
2599 3812 2859 3877 surrexit,
2883 3820 2939 3867 et
2963 3826 2994 3866 e
3041 3810 3283 3866 concilio
3313 3809 3469 3865 abiit.
3506 3809 3615 3863 He-

2017 3909 2190 3961 rodes
2215 3920 2348 3960 vero
2378 3905 2564 3959 statim
2591 3905 2768 3959 vinxit
2791 3904 3166 3974 Antipatrum,
3197 3911 3256 3958 et
3286 3903 3515 3958 Romam
3542 3901 3614 3956 ad

2030 3997 2302 4053 Caesarem
2336 3996 2405 4050 de
2443 4011 2510 4050 eo
2540 3995 2783 4065 scripsit.

345 4091 498 4163 αὗτῷ
534 4093 703 4164 μηδὲν
747 4092 980 4148 ἀδικεῖν·
1038 4095 1128 4160 Ὠς
1159 4096 1207 4150 δ’
1253 4097 1407 4150 οῦδὲν
1434 4103 1561 4171 παρ’
1596 4104 1958 4174 Ἀντιπάτρου
1995 4113 2214 4180 ἐλέγετο
2270 4111 2408 4180 πλὴν
2436 4111 2538 4179 τῆς
2562 4110 2920 4180 ἀνακλήσεως
2975 4109 3072 4162 τοῦ
3114 4109 3276 4176 Θεοῦ,
3303 4109 3366 4162 τὸ
3397 4109 3622 4180 φάρμαο

348 4205 448 4241 κον
481 4189 562 4251 εἰς
606 4187 669 4241 τὸ
717 4188 886 4256 μέσον
943 4189 1234 4259 ἐνεχθῆναι
1295 4192 1572 4251 ἐκέλευσε.
1627 4199 2159 4273 Καὶ-κομισθέντος,
2223 4203 2334 4256 τῶν
2410 4203 2504 4256 ἐπὶ
2557 4202 2777 4274 Θανάτῳ
2837 4220 2923 4266 τις
2954 4183 3278 4256 ἑαλωκότων
3312 4203 3492 4256 πίνειν
3524 4218 3620 4254 κε-

347 4280 634 4347 κέλευστοι
667 4281 764 4336 καὶ
797 4281 938 4335 πιὼν
967 4282 1133 4345 εὐθὺς
1177 4283 1363 4342 ἔθανε.
1435 4291 1547 4343 Καὶ
1595 4292 1809 4365 Οὔαρος
1879 4298 2183 4362 ἐξαναστὰς
2237 4298 2404 4370 ἀπῄει
2465 4296 2563 4351 τοῦ
2613 4296 2922 4368 συνεδρίου.
3007 4296 3256 4369 Ἡρώδης
3305 4297 3362 4350 δὲ
3416 4297 3621 4351 αὐτίκα

344 4373 507 4442 ἔδησε
542 4372 632 4427 τὸν
661 4373 1042 4445 ’Δντίπατρον,
1080 4377 1176 4430 καὶ
1206 4379 1288 4441 εἰς
1329 4379 1554 4451 Ῥώμην
1574 4381 1649 4446 ὡς
1678 4386 1933 4458 Καίσαρα
1972 4388 2282 4459 γράμματα
2308 4388 2522 4457 πέμπει
2547 4388 2676 4456 περὶ
2703 4386 2895 4442 αὐτοῦ.

420 4467 550 4520 κε’.
580 4465 752 4519 Ἑάλω
778 4467 836 4520 δὲ
856 4467 980 4521 τότε
1009 4469 1105 4522 καὶ
1134 4471 1466 4541 ἐπιστόλιον,
1497 4475 1591 4528 ὑπ’
1623 4478 1924 4548 Ἀντιφίλου

2105 4480 2271 4536 XXV.
2323 4480 2699 4548 interceptum
2747 4489 2835 4535 est
2859 4479 3067 4535 eodem
3103 4490 3350 4551 tempore
3405 4483 3618 4552 cpisto-

348 4561 548 4614 σταλὲν
598 4561 736 4630 πρὸς
797 4561 1176 4632 Ἀντίπατρον,
1229 4565 1458 4634 φράζον·
1515 4570 1799 4642 Ἐπεμψά
1829 4590 1932 4630 σοι

344 4654 470 4721 τὴν
496 4653 656 4723 παρὰ
688 4655 918 4723 Ἀκμῆς
944 4654 1302 4726 ἐπιστολὴν,
1328 4661 1414 4728 μὴ
1435 4663 1800 4734 φεισάμενος
1821 4667 1932 4736 τῆς

343 4739 500 4810 ἐμῆς
533 4741 766 4811 ψυχῆς.
795 4738 985 4797 Οἶσθα
1008 4745 1118 4813 γὰρ
1149 4745 1239 4800 ὅτι
1269 4744 1445 4816 αὖθις
1465 4752 1578 4823 (50)
1601 4755 1934 4812 κινδυνεύω

340 4838 470 4891 ὑπὸ
503 4835 614 4889 δύο
659 4836 884 4900 οἰκιῶν,
931 4839 984 4892 εί
1014 4841 1371 4910 γνωσθείην.
1405 4844 1490 4897 Σὺ
1514 4846 1566 4898 δ’
1609 4849 1934 4917 εὐτυχοίης

343 4927 488 4994 περὶ
542 4925 612 4979 τὸ
668 4925 934 4997 πρᾶγμα.
977 4928 1036 4982 '0
1063 4929 1120 4982 δὲ
1155 4931 1411 5001 βασιλεὺς
1459 4936 1558 4990 καὶ
1590 4937 1689 5008 τὴν
1739 4939 1934 5009 ἑτέραν

339 5021 536 5089 ἐζήτει
581 5021 895 5092 ἐπιστολὴν,
925 5022 1020 5075 καὶ
1047 5024 1076 5076 ό
1133 5023 1228 5076 τοῦ
1270 5025 1577 5096 Ἀντιφίλου
1610 5029 1796 5091 δοῦλος
1859 5030 1935 5103 μὴ

340 5111 537 5164 λαϐεῖν
563 5113 758 5183 ἑτέραν
805 5115 1222 5185 ἀπισχυρίζετο.
1273 5116 1419 5172 Ἰδὼν
1447 5119 1504 5172 δέ
1534 5137 1619 5184 τις
1647 5122 1740 5175 τὸν
1781 5123 1935 5187 ἐντὸς

340 5205 448 5257 τοῦ
479 5203 668 5257 δούλου
695 5204 901 5276 χιτῶνα
945 5207 1394 5279 ὑπερραμμένον,
1424 5211 1648 5268 εῐκασεν
1677 5215 1796 5268 ἐκεῖ
1842 5231 1934 5267 κε-

344 5293 598 5364 κρύφθαι
648 5295 710 5349 τὸ
741 5297 1118 5370 γραμμάτιον,
1150 5299 1247 5354 καὶ
1276 5296 1426 5372 εἶχεν
1475 5301 1670 5368 οὕτως.
1704 5304 1934 5376 Λαμσά-

2029 4572 2186 4637 lium,
2217 4573 2286 4627 ab
2318 4572 2602 4642 Antipltilo
2625 4573 2694 4626 ad
2726 4573 3074 4642 Antipatrum
3113 4573 3360 4638 missum,
3389 4575 3444 4629 in
3478 4574 3623 4630 hanc

2031 4662 2366 4718 sententiam
2400 4679 2414 4715 :
2456 4661 2579 4715 Illisi
2613 4662 2704 4716 tibi
2756 4662 2942 4716 Acme;
2992 4663 3291 4733 epistolam,
3323 4665 3443 4717 vita:
3491 4680 3623 4718 mea:

2032 4753 2185 4808 nulla
2217 4754 2424 4807 ratione
2452 4755 2654 4807 habita.
2677 4752 2828 4809 Nosti
2866 4755 3027 4820 enim,
3062 4756 3208 4820 mihi,
3253 4756 3298 4808 si
3329 4755 3621 4825 deprehen-

2030 4862 2117 4900 sus
2143 4845 2314 4914 fuero,
2361 4864 2393 4900 a
2451 4846 2654 4899 duabus
2708 4846 2930 4916 familiis
2975 4847 3253 4901 imminere
3301 4849 3616 4918 periculum.

2035 4939 2168 5004 Tibi,
2222 4939 2362 5008 quod
2419 4941 2556 5009 agis,
2607 4937 2764 4993 velim
2817 4939 2946 4992 bene
2990 4949 3179 4994 vertat.
3213 4940 3359 5010 Rege
3389 4943 3621 4996 alteram

2032 5030 2305 5100 Antiphili
2354 5031 2646 5101 epistolam
2708 5032 3046 5100 requirente,
3083 5047 3277 5087 servus
3334 5032 3483 5087 illiUS
3510 5049 3622 5088 ne-

2033 5125 2194 5193 gabat
2248 5138 2307 5177 se
2357 5123 2586 5177 alteram
2660 5122 2962 5191 accepisse.
3025 5123 3132 5176 Sed
3203 5123 3426 5192 quidam
3486 5139 3621 5176 con-

2031 5215 2277 5284 Spicatus
2299 5217 2444 5270 servi
2475 5216 2720 5269 tunicam
2776 5217 3086 5277 subsutam,
3118 5216 3236 5270 illic
3281 5216 3455 5269 latere
3505 5217 3622 5284 epi-

2029 5307 2257 5361 stolium
2285 5318 2432 5363 recte
2460 5307 2815 5379 eonjectavit,
2853 5309 3002 5379 quod
3035 5308 3110 5363 ita
3155 5307 3396 5362 habebat
3423 5326 3436 5362 :
3463 5310 3623 5364 Acme

1589 5463 1790 5525 Varia;
1817 5463 2131 5530 lectiones
2161 5474 2224 5531 et
2245 5476 2438 5530 notas.

424 5582 539 5661 (49)
571 5584 666 5649 Ὠς
688 5585 932 5661 πάντων
960 5604 1040 5652 τῳ
1071 5586 1246 5661 πατρί
1293 5589 1530 5643 πιστῶν
1549 5591 1926 5661 ἡγουμένων.

267 5677 270 5680 ·
342 5653 667 5730 Iosephus:
704 5656 778 5719 ὼς
821 5658 1063 5730 πάντων
1087 5653 1385 5730 τῷ’πατρὶ
1442 5653 1795 5730 ήκόνῖωνέῐς
1830 5663 1918 5715 πίο

348 5742 495 5778 στιν.
533 5724 640 5779 Sed
691 5727 834 5800 apud
885 5726 1185 5800 Josephuni
1217 5724 1350 5798 puto
1390 5724 1685 5800 legendum
1724 5724 1926 5785 πύστιν

343 5810 454 5867 per
486 5812 540 5861 υ,
565 5811 596 5849 a
627 5799 994 5868 πυνθάνομαι,
1034 5799 1089 5855 in
1126 5798 1338 5874 Zouara
1374 5798 1662 5874 ἐκπύστων
1693 5802 1926 5874 γενομέ-

2033 5615 2160 5652 νων.
2199 5599 2292 5653 W.

2105 5670 2214 5738 (50)
2237 5666 2424 5723 Οἶσθα
2455 5670 2564 5739 γὰρ
2583 5671 2673 5723 ὅτι
2699 5674 2895 5738 αυθις,
2928 5682 3037 5727 etc.
3063 5672 3234 5730 Abest
3274 5675 3378 5735 hoc
3406 5694 3621 5735 comma

2033 5754 2064 5794 a
2096 5741 2220 5796 cod.
2257 5739 2416 5796 Colb.
2447 5741 2710 5811 Sequitur
2736 5745 2800 5796 σὺ
2833 5745 2880 5798 δ’
2910 5745 3227 5818 εὐτυχοίης.
