4074 6394
418 336 535 403 ί55

1702 327 2030 391 ῘΟΛΝΝΙΞ
2068 327 2392 390 ZONAIUE

3480 293 3494 308 ”
3585 321 3694 384 tm

412 449 716 519 Antipatro.
755 443 957 514 Scripsi
982 443 1122 511 patri
1169 449 1259 496 tuo
1286 440 1492 496 litteras
1536 440 1718 512 quales
1748 441 1960 496 voluisti
1983 457 2001 495 :

2119 455 2290 493 νουσιν
2307 433 2400 489 οὖν
2419 433 2518 505 τὴν
2541 430 2853 502 ἐπιστολὴν,
2874 429 3143 502 δηλοῦσαν
3167 429 3242 492 ὡς
3281 429 3468 500 Ἀκμὴ
3499 430 3690 484 Ἀντι-

417 553 467 594 et
501 540 798 608 exemplum
850 539 1178 599 litterarum,
1208 552 1342 605 quas
1385 532 1597 588 Salome
1636 534 1705 587 ad
1731 534 2001 587 dominam

418 651 592 688 meam
645 632 940 701 scripserit,
983 630 1104 683 misi
1135 645 1152 681 :
1182 645 1287 698 qua
1337 625 1495 690 lecta,
1526 627 1632 678 scio
1655 626 1701 678 ei
1753 623 2004 679 Salamen

417 744 604 798 poenas
649 727 924 778 daturam.
968 723 1214 793 Epistula
1243 735 1372 776 vero
1394 720 1461 774 ad
1490 717 1759 772 Herodem
1813 717 2004 788 hujus-

419 819 567 874 modi
604 817 757 872 fuit:
811 816 944 871 Cum
994 817 1049 867 in
1103 829 1162 866 ea
1194 812 1483 875 elaborent,
1533 826 1599 863 ne
1656 809 1782 879 quid
1817 825 2004 862 earum

420 928 596 966 rerum
662 926 778 979 qua:
827 917 1013 961 contra
1064 915 1114 958 te
1137 912 1423 975 parantur,
1470 903 1724 973 ignores:
1766 900 2006 954 Satomes

419 1002 652 1074 epistola:
677 1003 746 1055 ad
775 1002 1044 1054 dominam
1083 1015 1252 1052 meam
1279 1007 1465 1050 contra
1510 1004 1558 1048 te
1600 997 1811 1065 scripta:
1841 994 2008 1065 258

416 1093 718 1164 exemplum
775 1093 867 1146 tibi
908 1093 1048 1151 misi.
1111 1107 1230 1145 cum
1271 1087 1502 1159 periculo
1551 1103 1687 1151 meo,
1729 1087 2007 1156 fructuque

417 1197 529 1240 tuo.
575 1188 706 1241 Erat
751 1195 936 1240 autem
967 1184 1135 1237 Acme
1191 1183 1378 1237 ludant
1415 1195 1641 1250 genere,
1696 1179 1790 1234 sed
1833 1177 2004 1232 Livia:

417 1280 649 1334 Ctesaris
682 1279 837 1332 uxori
863 1277 1140 1331 serviebat
1175 1291 1189 1328 ι
1226 1285 1281 1327 et
1317 1274 1406 1327 illa
1437 1273 1655 1343 agebat,
1685 1287 1880 1341 magna
1911 1285 2005 1339 pe-

417 1372 582 1426 cunia
614 1371 682 1426 ab
708 1370 998 1438 Antipatro
1024 1367 1319 1422 conducta.
1377 1365 1621 1420 Herodes
1666 1365 1771 1419 etsi
1815 1363 2001 1418 conci-

419 1473 568 1519 tatus
597 1471 718 1518 erat
742 1463 810 1516 ad
842 1463 1194 1530 Antipatrum
1224 1460 1408 1515 statim
1437 1457 1766 1521 tollendum,
1796 1464 1857 1510 ut
1887 1470 2006 1509 ma-

418 1571 650 1625 gnarum
687 1569 875 1608 rerum
910 1551 1374 1622 perturbatorem,
1415 1559 1472 1604 et
1501 1565 1531 1603 a
1559 1549 1776 1603 Salome
1823 1545 2009 1600 irrita-

419 1645 604 1710 batur,
635 1660 756 1715 qua:
790 1653 982 1714 pectus
1014 1642 1294 1706 tunderet,
1332 1654 1502 1710 seque
1540 1639 1720 1694 occidi
1763 1637 2005 1709 iuberet,

419 1739 464 1793 si
493 1737 640 1808 quod
676 1745 1061 1808 argumentum
1094 1735 1200 1788 Iide
1226 1735 1452 1803 dignum
1487 1740 1678 1786 contra
1725 1744 1784 1785 se
1813 1730 2009 1798 depre-

2105 531 2307 597 πάτρῳ
2340 528 2476 600 (5i).
2515 528 2788 595 Ἔγραψα
2823 523 2901 589 τῷ
2925 524 3104 592 πατρί
3137 540 3256 577 σου
3284 525 3423 577 οἵαν
3474 523 3693 591 ἤθελες

2105 621 2465 689 ἐπιστολήν.
2501 618 2609 673 Καὶ
2660 619 3032 686 ἀντίγραφον
3066 615 3517 681 ποιήσασαι-ἦς
3543 618 3696 684 πρὶς

2105 715 2220 780 τὴν
2244 714 2399 782 ἐμὴν
2421 712 2658 779 κυρίαν,
2693 710 2774 774 ὡς
2799 709 2956 776 παρὰ
2979 707 3266 776 Σαλώμης
3288 707 3692 776 ἐσταλμένης,

2106 803 2367 872 ἔπεμψα·
2388 801 2419 856 ὃ
2437 801 2711 855 ἐπελθὼν
2725 795 2858 853 οἶδα
2875 799 2953 864 ὡς
2969 797 3363 867 τιμωρήσεται
3381 799 3693 867 Σαλώμην.

2118 895 2181 947 Ἦ
2211 895 2267 948 δὲ
2297 894 2432 965 πρὸς
2494 892 2742 962 Ἡρώδην
2795 889 3056 959 ἐπιστολὴ
3119 890 3294 942 τοιάδε
3330 885 3420 960 ἦν·
3460 892 3691 958 Ἔργον

2106 987 2222 1057 ἐγὼ
2247 985 2578 1054 ποιουμένη
2597 983 2791 1053 μηδέν
2806 999 2879 1036 σε
2899 981 3230 1035 λανθάνειν
3256 981 3375 1034 τῶν
3391 984 3542 1034 κατά
3574 981 3694 1035 σοῦ

2110 1081 2467 1150 γενομένων,
2515 1076 2782 1144 εὑροῦσα
2828 1075 3170 1144 ἐπιστολὴν
3217 1074 3511 1143 Σαλώμης
3545 1077 3698 1142 πρίς

2109 1171 2223 1238 τὴν
2252 1171 2407 1240 ἐμὴν
2436 1170 2654 1236 κυρίαν
2685 1167 2838 1220 κατὰ
2888 1166 3027 1230 σοῦ,
3087 1166 3152 1219 τὸ
3192 1165 3561 1234 ἀντίγραφόν
3590 1183 3695 1218 σοι

2107 1259 2301 1328 αὐτῆς
2353 1261 2600 1313 ἔστειλα
2630 1257 3028 1322 ἐπικινδύνως
3061 1257 3212 1321 ἐμοὶ,
3273 1257 3588 1327 ὠφελίμως
3627 1255 3700 1308 δὲ

2107 1354 2230 1407 σοι’.
2267 1349 2375 1406 Ἶ-Ιν
2405 1354 2460 1406 δὲ
2491 1355 2522 1423 ἡ
2571 1354 2749 1422 ’Λκμὴ
2774 1352 3010 1404 Ἰουδαια
3036 1350 3097 1402 τὸ
3139 1352 3321 1418 γένος,
3358 1350 3602 1402 ἐδούλευε
3638 1351 3698 1402 δὲ

2109 1446 2280 1516 Λιϐίᾳ
2312 1445 2426 1514 (52)
2452 1448 2518 1515 τῇ
2544 1445 2824 1512 Καίσαρος
2843 1443 3089 1511 γυναικί·
3115 1445 3206 1496 καὶ
3229 1443 3472 1512 ἔπρασσε
3500 1441 3697 1504 ταῦτα,

2112 1541 2360 1610 χρήμασι
2378 1537 2592 1597 πολλοῖς
2613 1536 2888 1606 ὠνηθεῖσα
2915 1537 3006 1588 ὑπ’
3033 1537 3414 1606 Ἀντιπάτρου.
3448 1534 3700 1605 Ἡρώδης

2109 1631 2166 1683 δὲ
2212 1630 2441 1700 ὥρμησε
2476 1631 2574 1700 μὲν
2633 1630 2794 1692 εὐθὺ-ς
2826 1629 3038 1682 ἀνελεῖν
3067 1629 3156 1682 τὸν
3185 1629 3569 1699 ’Δντίπατρον,
3618 1627 3698 1691 ὡς

2112 1722 2388 1793 κύκηθρον
2419 1721 2671 1793 μεγάλων
2705 1721 3074 1791 πραγμάτων·
3130 1719 3406 1790 ἐξώτρυνε
3443 1721 3498 1773 δὲ
3525 1719 3697 1772 αὑτὸν

420 1803 763 1885 henderetur
796 1847 809 1882 :
840 1838 1022 1882 tamen
1050 1842 1109 1881 se
1145 1825 1434 1894 repressit,
1476 1831 1534 1878 et
1567 1823 1740 1877 tilium
1772 1820 2011 1875 accersi-

2119 1815 2146 1884 ή
2201 1813 2438 1884 Σαλώμη
2495 1813 3028 1884 στερνοτυπουμένη,
3061 1812 3158 1865 καὶ
3210 1812 3448 1864 κτείνειν
3525 1811 3699 1880 αὐτὴν

421 1926 564 1981 tum,
592 1917 730 1970 nihil
759 1924 1102 1970 metuentem
1151 1915 1486 1983 respondere
1529 1912 1714 1983 jussit.
1746 1911 1849 1978 Qui
1884 1925 2008 1965 cum

420 2022 642 2063 omnem
670 2008 890 2077 culpam
921 2005 976 2060 in
1000 2005 1346 2075 Antiphilum
1379 2004 1678 2069 conferret,
1700 2005 1768 2058 ab
1799 2001 2010 2057 llerodc

421 2097 606 2152 denuo
630 2112 730 2167 per
765 2097 978 2151 litteras
1003 2099 1147 2166 apud
1172 2096 1444 2150 Caesarem
1479 2104 1796 2158 accusatur,
1840 2093 2009 2147 etiam

425 2192 623 2246 Acmes
662 2189 951 2245 fraudibus
997 2189 1253 2251 detectis,
1304 2197 1360 2243 et
1412 2188 1679 2258 exemplis
1703 2188 2010 2242 litterarum

424 2280 574 2337 illius
599 2281 852 2352 adjectis.
884 2281 1098 2336 Interea
1129 2296 1224 2334 rex
1267 2278 1461 2333 morbo
1485 2293 1808 2348 oppressus,
1838 2288 2009 2333 testa-

425 2382 672 2428 mentum
698 2373 938 2442 scripsit,
973 2373 1026 2426 in
1059 2386 1170 2434 quo
1205 2371 1316 2424 filio
1349 2380 1482 2424 natu
1523 2371 1753 2424 minimo
1780 2386 2010 2440 regnum

425 2464 672 2532 reliquit,
703 2463 976 2518 Archelao
1007 2473 1064 2518 et
1109 2463 1362 2533 Philippo
1395 2478 1463 2517 ex
1495 2462 1769 2532 Antipatri
1799 2462 2011 2517 calum-

425 2558 533 2611 niis
563 2556 833 2612 infensus.
875 2556 940 2610 Et
963 2554 1212 2627 longiore
1245 2557 1355 2609 vita
1389 2555 1700 2625 desperata,
1731 2570 1859 2610 cum
1909 2570 2012 2609 an-

425 2663 557 2702 num
611 2649 1080 2718 septuagesimum
1135 2656 1344 2716 ageret,
1386 2661 1554 2715 seque
1600 2646 1903 2709 contemni,
1950 2660 2014 2700 ac

424 2741 543 2796 suis
575 2740 897 2796 infortuniis
933 2741 1103 2794 laetari
1137 2755 1330 2794 omnes
1364 2747 1607 2808 putaret,
1637 2738 1906 2794 elIeratus
1926 2747 2013 2793 est

427 2832 747 2903 huiusmodi
787 2831 1103 2888 occasione.
1153 2829 1403 2886 llerodcs
1454 2845 1580 2885 cum
1611 2831 1782 2884 multa
1821 2838 2014 2884 contra

426 2927 602 2997 legem
634 2924 879 2991 fecisset,
909 2925 1055 2980 inter
1080 2923 1186 2978 alia
1216 2923 1271 2977 in
1297 2938 1492 2993 magno
1525 2923 1711 2992 templi
1741 2921 2014 2977 vestibulo

424 3029 652 3071 auream
683 3015 922 3085 aquilam
947 3012 1257 3077 dedicarat,
1279 3011 1400 3082 lege
1433 3011 1701 3082 imagines
1723 3011 2013 3066 hominum

426 3119 524 3164 aut
581 3109 948 3166 animantium
996 3105 1241 3162 dedicari
1279 3113 1522 3161 vetante.
1586 3105 1716 3160 Eam
1769 3105 2010 3176 aquilam

428 3201 602 3258 ludas
635 3210 693 3256 et
730 3200 987 3256 llatthias
1019 3198 1338 3254 Judaeorum
1378 3197 1709 3262 doctissimi,
1765 3207 1822 3253 et
1864 3197 2014 3266 plebi

427 3293 501 3348 ob
532 3291 953 3349 adolescentum
983 3293 1393 3348 institutionem
1445 3292 1784 3358 charissimi,
1821 3291 2014 3348 revelli

427 3386 733 3460 jusserunt.
761 3385 899 3440 Nam
922 3385 1026 3440 etsi
1065 3374 1373 3456 periculum
1400 3401 1468 3441 ex
1498 3401 1565 3441 eo
1588 3385 1754 3441 alicui
1791 3401 2014 3441 creare-

431 3487 543 3545 tur,
569 3486 750 3532 tamen
776 3476 1000 3532 beatum
1037 3492 1180 3543 esse,
1215 3477 1312 3546 qui
1349 3493 1452 3548 pro
1480 3477 1804 3533 defensione
1829 3479 2015 3550 legum

428 3571 708 3628 interiret.
741 3571 880 3628 Cum
914 3571 1233 3643 hujusmodi
1257 3587 1548 3629 sermones
1577 3574 2002 3629 adolescentum

431 3662 665 3718 auribus
685 3661 1122 3729 insusurrarent,
1155 3678 1344 3718 rumor
1361 3663 1542 3719 oritur
1563 3663 1632 3718 de
1651 3663 1796 3735 regis
1814 3665 1969 3720 obitu
1997 3681 2013 3724 :

430 3755 616 3826 aquila
639 3755 744 3812 sub
781 3755 1069 3812 meridiem
1105 3757 1411 3822 revellitur,
1457 3756 1748 3813 securibus
1765 3757 2016 3812 concidi—

433 3859 544 3905 tur.
569 3848 1130 3920 Comprehenduntur
1157 3850 1312 3907 multi
1335 3850 1740 3915 adolescentes,
1768 3859 1825 3906 et
1845 3851 2019 3908 Judas

431 3958 498 3998 ac
529 3942 784 3998 Llattliias
808 3941 1075 3997 facinoris
1104 3952 1363 3998 auctores
1383 3983 1399 4009 ,
1430 3952 1489 3998 et
1539 3945 1698 4014 quasi
1749 3945 1964 4001 lanistae
1997 3961 2014 4000 :

433 4048 498 4087 ac
531 4033 597 4088 ad
629 4032 907 4088 Herodem
941 4035 1192 4104 perducti
1228 4042 1512 4105 rogantur,
1560 4051 1629 4090 an
1664 4035 1782 4090 ausi
1809 4035 2020 4092 fuerint

433 4139 596 4179 suum
621 4125 915 4181 donarium
945 4126 1263 4181 revellere?
1306 4125 1386 4180 llli
1422 4125 1782 4196 respondent,
1817 4130 2022 4196 factum

435 4233 546 4272 esse
575 4234 593 4272 :
626 4235 792 4290 neque
815 4235 935 4272 vero
969 4219 1294 4281 mirandum,
1317 4220 1362 4272 si
1387 4217 1550 4273 Musis
1580 4218 1741 4289 leges,
1764 4219 2020 4274 divinitus

435 4311 626 4378 edocti,
657 4312 822 4381 ipsius
851 4311 1071 4364 decretis
1097 4311 1444 4381 anteferrent.
1468 4311 1576 4365 Eos
1603 4311 1772 4382 igitur
1807 4311 2022 4366 vinctos

436 4401 855 4459 llierichuntem
884 4404 1034 4459 misit
1065 4420 1080 4457 :
1119 4411 1176 4458 et
1202 4404 1539 4474 primoribus
1567 4404 1886 4460 Judaeorum
1925 4420 2022 4461 ac-

437 4497 679 4564 cersitis,
710 4498 766 4552 in
793 4498 998 4553 lectulo
1023 4497 1318 4562 recubans,
1351 4513 1579 4552 suorum
1622 4498 2016 4552 beneﬁciorum
2053 4532 2100 4589 Β

436 4597 495 4642 et
525 4588 712 4656 templi
743 4587 1001 4642 aediﬁcati
1026 4588 1350 4642 memoriam
1375 4587 1646 4653 refricuit,
1682 4589 2017 4654 exclamans,

438 4679 545 4734 sibi
579 4678 761 4734 adhuc
783 4678 990 4733 viventi
1016 4680 1408 4734 contumeliam
1440 4679 1558 4734 fieri
1584 4679 1848 4734 detractis
1905 4682 2023 4735 suis

440 4769 708 4836 donariis,
742 4785 806 4826 ac
846 4771 1135 4842 populum,
1166 4772 1299 4827 dum
1335 4773 1439 4828 sibi
1472 4771 1746 4826 insultare
1776 4772 2018 4839 studeat,

441 4863 728 4933 sacrilegio
753 4877 812 4917 se
845 4861 1212 4932 obstringere.
1244 4863 1313 4916 At
1339 4863 1417 4917 illi
1449 4862 1833 4918 crudelitatem
1853 4863 2020 4934 259

441 4958 562 5022 ejus
590 4954 773 5018 veriti,
799 4969 895 5010 eos
922 4954 1018 5025 qui
1047 4955 1101 5009 id
1119 4957 1238 5010 ausi
1259 4965 1464 5020 essent,
1501 4957 1836 5026 supplicium
1893 4972 2020 5012 esse

444 5048 674 5103 meritos
702 5046 985 5101 dixerunt.
1007 5046 1124 5100 Rex
1145 5049 1360 5102 caeteris
1388 5049 1714 5103 clementius
1747 5050 2019 5112 tractatis,

445 5135 823 5208 pontificatum
847 5137 1086 5193 Matthize
1107 5139 1420 5208 ademptum
1438 5139 1630 5194 Jozato
1642 5156 1754 5196 sua:
1771 5142 2023 5213 conjugis

445 5214 603 5286 fratri
641 5231 814 5299 dedit,
843 5230 1123 5287 Mattliiam
1151 5231 1440 5289 seditionis
1463 5245 1745 5289 auctorem
1761 5243 1818 5290 et
1850 5250 2020 5306 quos-

446 5323 572 5378 dam
601 5339 668 5380 cx
691 5324 970 5380 seditiosis
1003 5323 1254 5382 viventes
1283 5325 1576 5381 cremavit.

2115 1905 2364 1970 ἀξιοῦσα,
2397 1908 2445 1958 εί
2473 1905 2623 1976 εὖροι
2659 1905 2844 1959 πίστιν
2879 1905 3000 1957 τινὰ
3037 1906 3128 1956 ἐπὶ
3185 1906 3298 1966 τοῖς
3355 1903 3477 1957 κατ’
3525 1905 3702 1972 αὐτῆς

2113 1999 2434 2070 ἀξιόχρεων.
2477 1995 2783 2068 Κατασχὼν
2818 1996 2863 2050 δ’
2895 1997 3108 2062 ἑαυτὸν,
3172 1997 3567 2068 μετεπέμψατο
3605 1997 3702 2050 τὸν

2114 2091 2250 2156 υἱὸν,
2303 2090 2543 2143 κελεύων
2599 2091 2878 2142 ἀντειπεῖν
2939 2089 3105 2158 μηδὲν
3159 2088 3504 2158 ὑπιδόμενον.
3548 2089 3608 2142 ὐ
3641 2089 3702 2142 δὲ

2115 2185 2407 2255 Ἀντιφίλῳ
2439 2187 2536 2255 τὴν
2570 2185 2790 2237 πάντων
2821 2184 3004 2236 αἰτίαν
3054 2183 3316 2240 ἀνετίθει.
3357 2180 3605 2252 Ἡρώδης
3652 2182 3704 2234 δ’

2115 2275 2278 2341 αὖθις
2305 2281 2616 2349 γράμματα
2647 2278 2787 2349 πρὸς
2816 2277 3074 2348 Καίσαρα
3129 2277 3371 2330 ἔστειλεν
3401 2278 3494 2329 ἐπὶ
3527 2293 3704 2345 κατη-

2114 2373 2276 2444 γορίᾳ
2305 2371 2398 2425 τοῦ
2433 2372 2819 2444 Ἀντιπάτρου,
2875 2371 3144 2443 δηλοῦντα
3191 2369 3286 2424 καὶ
3333 2372 3434 2424 ὅσα
3462 2373 3495 2440 ή
3519 2369 3703 2441 Ἀκμὴ

2117 2466 2658 2536 συγκακουργήσασα
2686 2463 2910 2535 εὖρητο²
2941 2464 3151 2518 ἔστειλε
3183 2463 3240 2518 δὲ
3271 2464 3366 2519 καὶ
3393 2463 3503 2517 τῶν
3550 2465 3702 2517 ὲκεί-

2114 2574 2214 2627 νης
2250 2557 2556 2617 ἐπιστολῶν
2581 2555 2652 2609 τὰ
2674 2557 3014 2626 ἀντίγραφα.
3046 2556 3140 2620 Et;
3169 2557 3325 2610 νόσον
3353 2556 3410 2609 δὲ
3439 2553 3646 2626 μεταξὺ
3676 2560 3707 2609 ὁ

2117 2650 2373 2719 βασιλεὺς
2404 2649 2686 2720 ἐμπεσὼν,
2717 2649 2984 2721 διαθήκας
3041 2651 3270 2721 γράφει,
3317 2651 3396 2722 τῷ
3449 2651 3705 2721 νεωτάτῳ

2115 2742 2224 2797 τῶν
2253 2742 2386 2796 υἱῶν
2415 2741 2514 2814 τὴν
2547 2741 2830 2812 βασιλείαν
2862 2742 3061 2807 διδοὺς,
3091 2743 3243 2812 μίσει
3291 2742 3366 2814 τῷ
3401 2743 3536 2815 πρὸς
3574 2745 3706 2814 Ἀρ-

2115 2834 2310 2905 χέλαον
2345 2834 2442 2888 καὶ
2474 2835 2746 2890 Φίλιππον
2771 2837 2836 2889 ὲκ
2861 2836 2971 2889 τῶν
3007 2837 3379 2904 Ἀντιπάτρου
3410 2837 3702 2892 διαϐολῶν.

2130 2925 2492 2993 Ἀπεγνωκὼς
2515 2926 2572 2980 δὲ
2621 2927 2838 2997 βιῶναι,
2871 2927 2954 2980 ἔτι
2987 2927 3119 2998 περὶΙ
3148 2928 3269 2990 ἐτος
3297 2928 3373 2982 ῶν
3397 2929 3706 2999 ἑϐδομηκο-

2120 3016 2267 3078 στὸν,
2299 3016 2626 3089 ἐξηγρίωτο·
2680 3017 2858 3073 αἴτιον
2893 3018 2941 3072 δ’
2986 3014 3055 3091 ἦν
3100 3020 3182 3074 ὅτι
3238 3020 3708 3092 καταφρονεῖσθαι

2119 3107 2320 3174 ἐδόκει,
2351 3110 2446 3162 καὶ
2471 3109 2698 3180 ἥδεσθαι
2732 3111 2942 3176 πάντας
2973 3113 3068 3166 ἐπὶ
3098 3116 3210 3177 τοῖς
3241 3114 3408 3168 αὑτοῦ
3440 3117 3712 3187 δυστυχή-

2093 3211 2097 3216 ’
2126 3218 2314 3271 μασιν.
2347 3203 2441 3266 Εἰς
2488 3203 2650 3257 τοῦτο
2682 3205 2728 3258 δ’
2754 3207 2820 3259 ἐκ
2877 3206 3085 3260 τοιοῦδε
3121 3207 3490 3279 παρώρμητο.
3522 3210 3710 3264 Πολλὰ

2121 3297 2275 3366 παρὰ
2304 3296 2396 3351 τὸν
2417 3299 2582 3369 νόμον
2622 3299 2844 3372 Ἡρώδῃ
2883 3301 3211 3370 πεποίηντο,
3249 3295 3324 3356 ὧν
3356 3301 3414 3354 ἓν
3450 3297 3519 3371 ἦν
3550 3302 3645 3356 καὶ
3680 3305 3711 3357 δ

2125 3389 2279 3468 παρά
2308 3389 2400 3442 τὸν
2438 3391 2615 3460 μέγαν
2650 3390 2746 3444 τοῦ
2810 3391 2943 3445 ναοῦ
2997 3391 3222 3446 πυλῶνα
3256 3393 3542 3453 ἀνατεθεὶς
3570 3410 3710 3464 χρυ-

2126 3480 2253 3544 σοῦς
2286 3481 2465 3545 ἀετός.
2497 3481 2712 3536 κωλύει
2741 3483 2798 3537 δὲ
2824 3482 2852 3534 ὁ
2876 3484 3040 3553 νόμος
3089 3485 3318 3539 εἰκόνων
3347 3487 3635 3551 ἀναθέσεις
3670 3487 3706 3558 ἢ

2125 3571 2282 3637 ζώων
2310 3573 2754 3645 ἐπιτηδεύεσθαι.
2809 3575 3012 3630 Τοῦτον
3041 3577 3136 3630 τὸν
3189 3578 3349 3631 ἀετὸν
3377 3578 3584 3641 Ἰούδας
3612 3579 3712 3634 καὶ

2125 3665 2377 3729 Ματθίας
2407 3667 2685 3721 Ἰουδαίων
2711 3666 3058 3736 λογιώτατοι,
3092 3671 3187 3723 καὶ
3209 3670 3370 3742 δήμῳ
3389 3671 3712 3742 προσφιλεῖς

2125 3755 2218 3810 διὰ
2276 3758 2531 3812 παιδείαν
2587 3759 2698 3812 τῶν
2738 3761 3048 3831 νεωτέρων,
3084 3762 3342 3817 ἐκέλευον
3391 3765 3708 3835 κατασπᾷν.

2126 3848 2249 3902 Κᾶν
2287 3851 2528 3920 γάργινι
2572 3849 2820 3916 κίνδυνος
2872 3853 2961 3908 διὰ
3018 3855 3180 3908 τοῦτο
3204 3854 3453 3926 γένηται,
3484 3856 3710 3925 ἔλεγον·

2127 3942 2418 4012 Μακάριός
2445 3945 2594 3997 ἐστιν
2643 3945 2851 4008 ἐκεῖνος
2884 3946 3026 4017 ὑπὲρ
3062 3946 3174 4000 τῶν
3230 3948 3408 4018 νόμων
3436 3948 3712 4020 θανούμε-

2127 4049 2238 4097 νος.
2269 4033 2545 4098 Τοιούτοις
2593 4031 2688 4089 οὖν
2743 4035 2927 4106 λόγοις
2979 4037 3394 4108 ἐπαλειφόντων
3453 4039 3555 4112 τὴν
3594 4042 3716 4095 νεό-

2127 4140 2288 4194 τητα,
2338 4126 2548 4194 γίνεται
2584 4127 2746 4196 λόγος
2779 4129 3038 4184 τεθνάναι
3068 4133 3160 4185 τὸν
3191 4131 3442 4201 βασιλέα.
3480 4135 3590 4187 Καὶ
3610 4134 3714 4188 αὐ-

2127 4215 2256 4268 τίκα
2295 4217 2572 4288 μεσούσης
2619 4219 2838 4290 ἡμέρας
2892 4223 3186 4277 κατέσπων
3235 4224 3327 4277 τὸν
3377 4225 3561 4292 ἀετὸν,
3614 4224 3716 4279 καὶ

2133 4308 2466 4359 συνέκοπτον
2524 4310 2639 4371 τοῖς
2672 4311 2951 4366 πελέκεσι.
2999 4312 3484 4383 Συλλαμὸἀνονται
3525 4315 3714 4368 τοίνυν

2132 4400 2226 4452 καὶ
2268 4399 2377 4452 τῶν
2428 4401 2562 4456 νέων
2593 4401 2800 4466 πολλοὶ,
2866 4405 2964 4456 καὶ
3001 4405 3205 4464 Ἰούδας
3245 4407 3342 4460 καὶ
3374 4407 3628 4472 Ματθίας
3661 4410 3712 4461 οἱ

2130 4490 2226 4544 τοῦ
2261 4490 2614 4563 τολμήματος
2649 4497 2968 4565 εἰσηγηταὶ,
2999 4496 3098 4551 καὶ¹
3123 4497 3378 4552 ἀλεῖπται
3405 4499 3517 4552 τῶν
3555 4499 3716 4553 τοῦτο

2129 4583 2548 4653 ἐργασαμένων,
2589 4587 2684 4638 καὶ
2721 4587 3042 4656 ἀνήχθησαν
3075 4587 3212 4659 πρὸς
3249 4587 3520 4660 Ἡρώδην.
3563 4591 3623 4644 '0
3657 4592 3718 4645 δὲ

2128 4675 2314 4745 ἤρετο,
2344 4680 2393 4728 εἰ
2421 4676 2732 4747 ἐτόλμησαν
2754 4678 3004 4732 καθελεῖν
3024 4681 3192 4734 αὐτοῦ
3215 4681 3277 4735 τδ
3302 4682 3582 4754 ἀνάθημα.
3602 4685 3718 4739 Καὶ

2129 4769 2179 4820 οί
2235 4767 2448 4839 ἄνδρες,
2498 4770 2861 4839 Πέπρακται,
2905 4769 3083 4840 εἷπον,
3133 4773 3234 4828 καὶ
3284 4774 3607 4843 θαυμάζειν
3639 4778 3714 4831 οὐ

2130 4857 2272 4928 χρὴ,
2299 4862 2351 4914 εί
2376 4859 2493 4914 τῶν
2513 4860 2643 4915 σῶν
2670 4861 2982 4932 δογμάτων
3017 4863 3159 4932 τοὺς
3178 4867 3425 4934 νόμους,
3459 4868 3567 4933 οὓς
3586 4871 3718 4921 Mm.

2132 4953 2256 5024 σῆς
2288 4955 2433 5025 ἡμῖν
2453 4958 2894 5012 καταλέλοιπεν
2932 4961 3001 5013 ἐκ
3029 4961 3178 5016 Θεοῦ
3216 4962 3544 5032 διδαχθεὶς,
3576 4981 3714 5034 προ

2133 5047 2444 5117 τιμώμεθα.
2493 5051 2633 5114 Τοὺς
2683 5051 2783 5122 μὲν
2814 5048 2908 5104 οὖν
2963 5054 3285 5124 δεδεμένους
3329 5055 3580 5126 ἔπεμψεν
3636 5061 3721 5121 είς

2144 5140 2378 5211 Ἰεριχώο
2408 5141 2644 5206 καλέσας
2661 5143 2718 5196 δὲ
2748 5146 2873 5207 τοὺς
2904 5147 2962 5199 ἐν
2999 5145 3141 5200 τέλει
3167 5146 3277 5200 τῶν
3307 5149 3577 5202 Ἰουδαίων
3616 5167 3721 5202 κα-

2133 5232 2528 5303 τακεκλιμένος
2561 5235 2620 5285 ἐν
2663 5234 2924 5306 κλινιδίῳ,
2950 5236 3060 5288 τῶν
3112 5238 3194 5300 είς
3223 5239 3423 5302 αὐτοὺς
3457 5239 3722 5294 εὐποιιῶν

2136 5323 2540 5395 ἀνεμίμνησκε,
2572 5328 2667 5380 καὶ
2699 5327 2802 5395 τῆς
2832 5329 3120 5398 δομήσεως
3149 5329 3244 5383 τοῦ
3279 5331 3433 5396 ναοῦ,
3461 5333 3556 5385 καὶ
3588 5349 3722 5386 κατ-

2135 5420 2288 5488 εβόα,
2320 5423 2405 5475 ὅτι
2439 5423 2536 5476 καὶ
2566 5421 2649 5476 ἔτι
2686 5421 2867 5486 ζῶντα
2912 5423 3272 5496 ἐξυϐρίζοιεν,
3327 5426 3723 5499 καθαιροῦντες

1607 5573 1814 5635 Varia)
1847 5573 2162 5636 lectiones
2197 5583 2261 5637 et
2302 5585 2493 5640 notae.

451 5715 636 5843 οὓξῗξ)
677 5719 850 5792 Ἀκμὴ
867 5723 1221 5790 Ἀντιπάτρῳ
1269 5722 1474 5781 Desunt
1500 5725 1616 5784 haec
1641 5725 1806 5781 verba
1831 5724 1886 5780 in
1905 5722 2031 5780 cod.

2215 5728 2327 5797 (52)
2367 5733 2556 5811 Λιϐίᾳ.
2584 5734 2930 5811 Itarcstituit
2953 5738 3186 5796 Wolfius
3215 5755 3229 5794 :
3261 5753 3550 5811 perperam
3573 5738 3725 5795 enim

2141 5812 2245 5853 ms.
2283 5816 2475 5859 omnes
2522 5807 2734 5874 Ἰουλίᾳ.
