4074 6394
397 319 504 386 457
1443 358 1452 362 -
1665 315 2000 378 ΑΝΝΑιΙῑ

2115 313 2270 379 LIB.
2315 317 2384 380 V.
3543 309 3652 375 453

392 437 455 489 τὰ
479 433 647 514 αὐτοῦ
679 434 1028 505 ἀναθήματα,
1064 432 1138 497 ὡς
1169 431 1348 488 δοκεῖν
1379 431 1478 504 μὲν
1504 431 1670 486 αὐτὸν
1699 429 1970 502 ὑϐρίζειν,
2013 429 2156 484 κατά
2228 430 2285 485 δέ
2309 447 2371 498 γε
2397 429 2458 484 τὸ
2483 431 2682 502 ἀληθὲς
2725 429 3046 503 ίεροσυλεῖν.
3075 430 3139 484 Oi
3176 428 3253 495 δὲ,
3289 429 3521 493 δεδιότες
3555 427 3654 497 τὴν

390 513 600 580 ἐκείνου
655 525 936 596 ὠμότητα,
979 525 1107 588 τοὺς
1145 524 1304 577 τοῦτο
1338 523 1718 595 τολμήσαντας
1770 521 1954 587 ἀξίους
1995 515 2139 576 εἷναι
2177 522 2454 586 κολάσεως
2525 522 2790 592 ἔφασκον.
2862 523 2972 576 Καὶ
3021 524 3050 577 ό
3085 521 3340 593 βασιλεὺς
3387 525 3501 586 τοῖς
3556 520 3656 590 μὲν

391 619 572 680 ἄλλοις
609 619 915 687 πραότερον
947 615 1340 686 προσεφέρετο,
1376 615 1626 669 Ματθίαν
1657 612 1713 666 δὲ
1775 612 1867 666 τὸν
1905 610 2170 682 ἀρχιερέα
2236 612 2336 682 τὴν
2410 613 2575 683 τιμὴν
2625 612 2999 684 ἀφελόμενος,
3032 613 3222 684 ἕτερον
3261 615 3342 678 είς
3400 614 3460 668 τὸ
3506 613 3658 684 ἱερᾶς

401 714 526 768 σθαι
555 711 918 780 κατέστησεν,
951 708 1205 779 Ἰώζαρον
1237 707 1466 776 ἀδελφὸν
1489 706 1609 778 (5'5)
1655 707 1754 776 τῆς
1807 702 1972 756 αὑτοῦ
2011 703 2296 772 γυναικός.
2350 703 2602 758 Ματθίαν
2675 705 2734 758 δὲ
2799 705 2886 758 τὸν
2923 711 3023 774 τὴν
3074 703 3264 758 στάσιν
3339 704 3657 776 ἐγείραντα.

393 811 489 868 καί
524 823 679 869 τινας
714 804 823 858 τῶν
854 801 1252 866 στασιαζόντων
1271 803 1582 856 κατέκαυσε
1616 799 1846 864 ζῶντας.

465 901 611 969 KG.’
653 900 720 954 Ἥ
753 897 854 968 μέν
878 914 958 950 τοι
987 897 1143 960 νόσος
1176 898 1270 952 ἐπὶ
1320 896 1522 969 μᾶλλον
1566 895 1762 967 ἐκείνῳ
1795 895 1976 948 ὲνεπιο

2148 888 2339 946 XXVI.
2366 889 2664 945 Enimvero
2693 890 2924 946 morbus
2941 891 3405 962 exasperabatur,
3446 901 3509 949 ut
3539 910 3665 966 pm-

399 995 674 1065 κραίνετο,
726 990 883 1060 δίκην
919 981 997 1042 ὧν
1049 987 1412 1060 παρηνόμησε
1459 983 1818 1056 τίνοντι.ῐ1ὖρ
1866 982 1976 1053 γὰρ

402 1084 683 1159 μαλθακὸν
728 1082 796 1134 τὰ
845 1079 998 1144 ἐντὸς
1029 1080 1232 1134 ἐκάκου
1268 1078 1458 1144 αὑτοῦ,
1488 1079 1584 1133 καὶ⁸
1609 1077 1716 1132 τῶν
1743 1075 1978 1148 ἐντέρων

400 1175 538 1250 ἦσαν
569 1173 854 1236 έλκώσεις,
879 1173 974 1225 καὶ
1003 1172 1242 1241 μάλιστα
1291 1169 1386 1224 τοῦ
1442 1170 1618 1224 κώλου
1655 1168 1975 1239 ἀλγήματα,

401 1272 494 1324 καὶ
525 1268 745 1338 φλέγμα
778 1265 908 1335 περὶ
937 1263 1065 1329 τοὺς
1099 1262 1266 1327 πόδας
1294 1262 1462 1335 ὑγρόν
1499 1279 1562 1316 τε
1611 1263 1706 1317 καὶ
1737 1260 1978 1330 διαυγὲς,

402 1363 497 1415 τοῦ
544 1361 710 1432 ήτρου
743 1375 804 1412 τε
840 1357 1108 1422 κάκωσις,
1137 1355 1234 1409 καὶ
1266 1355 1360 1409 τοῦ
1398 1355 1602 1409 αἰδοίου
1639 1353 1808 1425 σῆψις
1855 1370 1982 1422 γεν-

403 1456 552 1507 νῶσα
581 1451 892 1518 σκώληκας,
913 1448 1009 1502 καὶ
1063 1449 1158 1500 ἐπὶ
1206 1447 1419 1511 τούτοις
1469 1447 1788 1519 ὀρθόπνοια,
1818 1449 1884 1517 τῇ
1921 1463 1982 1500 τε

406 1546 664 1616 ἀποφορᾷ
699 1544 868 1615 ἀηδὴς
899 1543 994 1596 καὶ
1021 1543 1100 1613 τῷ
1149 1541 1243 1595 τοῦ
1292 1540 1572 1612 ἄσθματος
1629 1542 1862 1611 συνεχεῖ,
1889 1539 1986 1594 καὶ

407 1639 651 1707 σπασμοὶ
690 1637 820 1708 περὶ
849 1637 957 1689 πᾶν
993 1635 1158 1689 αὑτοῦ
1194 1635 1351 1708 μέλρς
1385 1634 1650 1702 ἐγίνοντο.
1691 1634 1750 1687 '0
1781 1634 1859 1702 δὲ,
1892 1633 1988 1688 καὶ

405 1731 551 1784 οὕτω
576 1728 763 1793 κακῶς
810 1727 1179 1799 διακείμενος,
1198 1728 1256 1780 ἓν
1315 1727 1490 1781 ἑλπίδι
1547 1727 1690 1801 ζωῆς
1721 1721 1812 1799 ἦν,
1863 1725 1988 1780 οὐδὲ

405 1821 920 1892 ἀποτετραμμένοις
975 1819 1285 1892 κεχρῆσθαι
1338 1819 1775 1892 ἀπαναινόμενος
1849 1818 1990 1890 (54).

407 1913 663 1985 Περάσας
686 1913 744 1966 δὲ
776 1913 872 1966 καὶ
923 1911 1016 1965 τὸν
1057 1911 1352 1985 Ἰορδάνην,
1392 1914 1518 1976 -τοῖς
1553 1911 1696 1967 κατὰ
1748 1910 1990 1982 Καλλιρ-

409 2010 541 2080 ρόην
577 2005 779 2077 ἐχρῆτο
805 2003 1053 2077 θερμοῖς,
1081 2004 1118 2060 ἃ
1150 2005 1251 2060 σὺν.
1271 2007 1338 2076 τῇ
1368 2004 1531 2077 λοιπῇ
1566 2004 1735 2075 ἀρετῇ
1783 2003 1994 2074 τυγχά-

404 2117 490 2152 νει
519 2101 614 2154 κα)⁸
634 2100 864 2168 πότιμα.
898 2099 1068 2153 Ἔνθα
1088 2100 1169 2161 είς
1188 2097 1386 2151 πύελον
1415 2096 1596 2150 ἐλαίου
1622 2095 1804 2150 πλέων
1839 2095 1994 2166 παρά

2079 996 2180 1038 nas
2215 982 2489 1038 scelerum
2515 983 2696 1048 daret;
2733 981 2875 1052 ignis
2896 981 3046 1038 enim
3083 983 3268 1040 lentus
3299 987 3420 1057 ejus
3445 986 3660 1044 viscera

2079 1072 2330 1127 torrebat
2375 1071 2680 1127 :intestina
2743 1073 3058 1128 exulcerata
3101 1083 3300 1142 erant;
3363 1075 3421 1130 in
3465 1077 3666 1146 primis

2083 1165 2189 1219 coli
2211 1163 2497 1220 doloribus
2526 1164 2897 1231 cruciabatur,
2924 1173 2980 1220 et
3004 1166 3200 1236 pituita
3240 1166 3422 1222 mollis
3449 1183 3513 1222 ac
3543 1170 3665 1239 pel-

2081 1257 2264 1312 lucida
2296 1257 2462 1327 pedes
2492 1257 2742 1312 vexabat.
2775 1256 3089 1313 Accedebat
3126 1259 3219 1327 imi
3252 1260 3462 1316 ventris
3483 1261 3664 1330 dolor,

2083 1361 2140 1405 et
2168 1349 2555 1419 pudendorum
2585 1347 2828 1418 putredo
2852 1349 3134 1405 vermibus
3168 1360 3383 1406 scatens
3409 1369 3422 1406 :
3447 1367 3668 1410 necnon

2085 1443 2436 1512 orthOpnma,
2467 1451 2523 1497 ct
2553 1441 2722 1498 ﬁctor
2759 1451 2924 1508 teter,
2956 1451 3013 1497 et
3066 1444 3324 1500 crebrum
3359 1449 3669 1504 anhelitum

2087 1536 2474 1590 convulsiones
2519 1535 2766 1589 omnium
2792 1536 3184 1602 jmembrorum
3238 1539 3668 1598 comitabantur.

2090 1625 2207 1683 Etsi
2232 1637 2414 1682 autem
2444 1626 2500 1680 in
2536 1627 2707 1681 tantis
2737 1628 2897 1682 malis
2934 1627 3282 1695 versabatur,
3322 1640 3503 1686 tamen
3543 1633 3672 1688 vita;

2090 1732 2244 1788 spem
2274 1717 2476 1784 alebat,
2506 1733 2610 1773 nec
2639 1718 2706 1772 ab
2742 1718 2854 1772 ullo
2899 1718 3287 1775 medicamenti
3316 1737 3522 1792 genere
3564 1724 3658 1778 ab-

2091 1808 2378 1864 horrebat.
2429 1810 2620 1880 Itaque
2674 1809 2916 1866 Jordane
2963 1812 3214 1883 trajecto,
3262 1814 3462 1871 calidis
3514 1815 3673 1886 aquis

2092 1901 2434 1958 Callirrhoes
2464 1918 2599 1958 usus
2638 1912 2752 1970 est,
2786 1919 2911 1974 qua:
2950 1912 3150 1974 praeter
3175 1914 3407 1962 .caateras
3438 1907 3674 1964 virtutes

2086 1995 2262 2050 etiam
2304 1995 2459 2065 potui
2504 1985 2770 2052 suntJbr
2803 2012 2837 2051 a
2878 1996 3106 2051 medicis
3157 1997 3214 2052 in
3274 1998 3492 2054 alveum
3548 2001 3674 2056 oleo

2095 2085 2318 2155 plenum
2345 2086 2601 2158 injectus,
2646 2087 2887 2141 animam
2919 2102 3082 2157 agere
3129 2087 3283 2144 visus
3309 2100 3416 2144 est.
3453 2088 3560 2145 Sed
3591 2107 3679 2146 re-

409 2193 521 2246 τῶν
553 2191 754 2263 ἰατρῶν
791 2188 1110 2262 ἐμϐληθεὶς,
1157 2188 1336 2256 ἔδοξεν
1360 2189 1622 2242 ἐκλιπεῖν.
1656 2186 1996 2256 ’Δνενεγκὼν

2104 2187 2266 2248 cepto
2313 2179 2512 2248 spiritu
2567 2179 2989 2235 llierichuntem
3039 2180 3335 2250 perlatum,
3368 2181 3436 2237 ad
3479 2193 3679 2239 caetera

411 2287 470 2340 δὲ
519 2285 600 2347 είς
639 2281 974 2354 Ἱεριχοῦντα
1022 2280 1340 2352 κεκόμιστο,
1393 2279 1522 2334 ἔνθα
1558 2279 1788 2351 μέλαινα
1831 2278 1994 2332 αὐτὸν

414 2379 508 2431 ἐπὶ
538 2378 703 2430 πᾶσιν
735 2375 861 2446 ᾔρει
911 2373 1068 2445 χολή.
1124 2371 1411 2444 Τελευτῶν
1441 2372 1497 2425 δὲ
1524 2370 1746 2426 ἀνοσίαν
1795 2370 1995 2442 πρᾶξιν

419 2468 648 2520 ἐπινοεῖ.
690 2463 1091 2533 Προστάγματι
1141 2461 1252 2534 γὰρ
1312 2461 1478 2516 αὐτοῦ
1535 2462 1602 2515 ὲκ
1655 2460 1855 2524 παντὸς
1900 2460 1995 2515 τοῦ

419 2558 610 2621 ἔθνους
642 2557 754 2611 τῶν
785 2555 1151 2626 ἐντιμοτέρων
1182 2554 1534 2626 ἀφικομένων
1579 2555 1721 2620 ἐκεῖ,
1741 2552 1994 2622 συγκλεί-

419 2669 517 2715 σας
547 2651 757 2715 πάντας
786 2653 846 2706 ὲν
867 2651 947 2722 τῷ
997 2648 1372 2719 Ἰπποδρόμῳ,
1395 2650 1462 2720 τῇ
1497 2647 1703 2718 ἀδελφῇ
1757 2646 1995 2723 Σαλώμῃ

419 2744 515 2797 καὶ
566 2743 645 2814 τῷ
679 2744 837 2816 ἀνδρὶ
861 2744 1032 2815 αὐτῆς
1064 2741 1260 2814 Ἀλεξᾷ
1316 2741 1648 2805 ἐνετέλλετο,
1671 2739 1808 2793 ἐπὰν
1836 2739 1999 2801 αὐτὸς

419 2837 532 2907 ἁφῇ
587 2835 688 2904 τὴν
723 2835 927 2906 ψυχὴν,
971 2835 1099 2898 τοὺς
1129 2833 1566 2904 καθειργμένους
1598 2832 1843 2893 ἅπαντας
1874 2831 1999 2884 ἀνε-

421 2927 553 2993 λεῖν,
581 2927 719 2982 Ἵνα
746 2927 833 2998 μὴ
871 2925 1193 2996 ἑςοήδοιντό
1210 2941 1350 2994 μου,
1390 2923 1586 2992 λέγων,
1606 2926 1659 2978 οι
1707 2920 1890 2992 δῆμοι
1925 2919 2000 2991 τῇ

426 3018 700 3089 τελευτῇ,
726 3017 870 3088 μηδ’
922 3015 1314 3085 ἐπικρατοῖεν,
1345 3013 1484 3070 ἀλλ’
1532 3012 1807 3068 ἑκάστων
1858 3016 1999 3081 θρη-

421 3112 692 3165 νούντων
712 3109 855 3177 τοὺς
880 3108 1109 3164 ἑαυτῶν
1131 3109 1319 3174 οὕτως
1340 3107 1439 3161 καὶ
1466 3106 1652 3173 αὐτὸς
1683 3105 1840 3171 δόξω
1861 3108 2003 3175 θρη-

424 3203 674 3259 νεῖσθαι.
694 3203 831 3276 (55),
868 3202 964 3256 καί
995 3201 1250 3268 πολλοῖς
1275 3201 1312 3271 ἡ
1341 3199 1549 3266 ἕξοδός
1569 3217 1687 3269 μου
1720 3199 2001 3268 τιμηθηίη

425 3297 552 3364 τοῖς
583 3297 865 3366 δάκρυσι.
893 3295 1004 3349 Καὶ
1027 3297 1056 3348 ό
1082 3295 1179 3368 μὲν
1209 3293 1523 3351 ἐπέσκηπτε
1550 3291 1724 3346 ταῦτα
1751 3289 2004 3361 δακρύων

429 3392 525 3445 καὶ
555 3387 942 3461 ποτνιώμενος,
973 3389 1024 3442 οἱ
1048 3389 1107 3442 δὲ
1148 3389 1224 3458 μὴ
1257 3384 1676 3456 παραϐήσεσθαι
1705 3383 1806 3456 τὴν
1855 3385 2006 3438 ὲντο-

423 3483 527 3554 λὴν
561 3481 984 3554 ἐπηγγέλλοντο.
1033 3477 1124 3533 Ἐν
1171 3480 1388 3541 τούτοις
1417 3475 1728 3547 γράμματα
1761 3475 1865 3529 ὑπὸ
1892 3477 2005 3530 τῶν

2023 2239 2072 2300 Β

2102 2270 2244 2325 mala
2274 2280 2394 2328 atra
2423 2272 2552 2326 bilis
2583 2272 2834 2328 accessit.
2855 2273 3161 2329 Moriturus
3182 2274 3454 2330 nefarium
3491 2278 3676 2331 consi-

2097 2362 2232 2416 lium
2261 2363 2428 2432 capit.
2453 2363 2590 2418 Nam
2625 2380 2749 2418 cum
2791 2365 2960 2420 totius
2985 2366 3166 2436 gentis
3196 2367 3472 2436 primores
3499 2370 3680 2425 edicto

2099 2463 2478 2519 convocasset,
2525 2471 2719 2512 omnes
2765 2456 2820 2511 in
2870 2455 3243 2528 llippodromo
3274 2460 3546 2515 conclusit
3579 2477 3593 2514 :
3624 2471 3682 2516 et

2099 2548 2279 2604 sorori
2321 2549 2576 2614 Salomm,
2633 2565 2699 2604 ac
2743 2551 2865 2622 ejus
2902 2551 3102 2606 marito
3131 2552 3320 2608 Alexae
3375 2555 3677 2615 mandavit.

2101 2641 2197 2696 ubi
2267 2641 2506 2696 animam
2553 2641 2855 2707 exhalarit,
2922 2650 2981 2698 ut
3009 2658 3104 2699 eos
3140 2658 3333 2700 onmes
3375 2646 3677 2703 tollerent:

2101 2734 2200 2800 Ne,
2233 2734 2434 2806 inquit,
2470 2735 2659 2806 populi
2715 2750 2889 2790 meam
2922 2745 3140 2790 mortem
3170 2737 3271 2791 sibi
3318 2739 3680 2808 gratulentur,

2103 2843 2228 2882 neve
2281 2827 2613 2898 applaudant
2645 2843 2664 2880 :
2716 2828 2807 2882 sed
2849 2828 3076 2899 singulis
3107 2845 3228 2882 suos
3257 2829 3680 2900 deplorantibus,

2102 2921 2212 2990 ipse
2268 2936 2472 2990 quoque
2496 2918 2767 2990 deplorari
2804 2919 3005 2986 videar,
3038 2929 3085 2974 et
3112 2920 3279 2974 obitus
3315 2937 3460 2976 meus
3499 2923 3684 2978 multis

2105 3012 2352 3083 larrymis
2384 3012 2693 3066 honoretur.
2725 3011 2856 3078 Quae
2885 3026 3010 3066 cum
3047 3011 3184 3068 ﬂens
3232 3020 3289 3067 et
3319 3012 3492 3069 Deum
3523 3014 3686 3071 obte-

2107 3114 2261 3160 stans
2307 3103 2542 3168 diceret,
2597 3103 2676 3158 illi
2708 3119 2768 3159 se
2828 3103 3148 3159 mandatum
3175 3119 3287 3160 non
3336 3106 3689 3178 neglecturos

2105 3196 2454 3267 pollicentur.
2489 3195 2704 3252 Interea
2736 3197 2935 3253 littera:
2960 3197 3135 3253 Roma
3168 3197 3504 3266 afferuntur,
3553 3202 3682 3271 qui-

2106 3287 2213 3344 bus
2255 3289 2462 3345 certior
2501 3289 2858 3356 reddebatur,
2907 3290 3116 3345 Acmen
3153 3305 3276 3346 esse
3307 3291 3685 3357 interfectam,

2106 3388 2165 3435 et
2217 3381 2501 3448 negotium
2555 3379 2828 3450 Antipatri
2892 3383 3068 3452 patris
3130 3382 3363 3437 arbitrio
3416 3385 3688 3455 permitti.

2107 3471 2318 3538 Quibus
2346 3471 2592 3528 Herodes
2621 3472 2836 3528 laetatus
2865 3483 2968 3537 est.
3001 3482 3059 3530 et
3091 3474 3350 3530 nonnihil
3381 3486 3686 3530 recreatus.

427 3576 488 3628 ἐν
535 3573 720 3646 Ῥώμῃ
772 3571 1164 3643 ἀπεσταλμένα
1211 3571 1527 3641 κεκόμιστο,
1581 3568 1683 3639 τήν
1707 3583 1769 3622 τε
1793 3567 2000 3642 ’Δκμὴν

2113 3565 2223 3620 Sed
2251 3563 2538 3619 doloribus
2572 3565 2626 3618 in
2647 3564 2978 3620 immensum
3009 3565 3210 3630 auctis,
3236 3564 3360 3622 cibo
3378 3566 3687 3627 abstinuit:

427 3666 786 3740 ἀνῃρημένην
815 3663 1100 3735 δηλοῦντα,
1122 3661 1219 3716 καὶ
1246 3662 1314 3715 τὰ
1348 3661 1480 3732 περ)⁵
1525 3663 1615 3716 τὸν
1646 3661 2008 3735 Ἀντίπατρον

427 3761 496 3830 τῇ
522 3758 616 3812 τοῦ
646 3758 855 3829 πατρὸς
887 3757 1083 3830 γνώμῃ
1111 3755 1498 3826 ἀνατιθέμενα.
1513 3754 1734 3810 Τούτων
1763 3757 2008 3820 ἀκούσας

441 3851 685 3923 Ἡρώδης
715 3851 884 3922 ἥσθη,
911 3852 1004 3904 καὶ
1034 3849 1209 3922 βραχύ
1241 3866 1294 3902 τι
1314 3849 1742 3920 ἀνήνεγκε.Τῶν
1766 3850 1812 3903 δ’
1837 3850 2009 3922 ἀλγηο

429 3947 598 4001 δόνων
646 3947 728 4009 είς
793 3945 938 4015 μέγα
995 3946 1270 4016 ᾐρμένων,
1324 3943 1583 4014 ἀπείχετο
1642 3943 1741 4014 μὲν
1791 3943 2006 3999 σιτίωνο

435 4041 606 4111 μῆλον
635 4039 679 4093 δ’
711 4040 965 4109 αἰτήσας.
1000 4039 1097 4091 καὶ
1136 4036 1432 4108 μάχαιραν,
1453 4035 1682 4106 γνώμης
1707 4031 1776 4107 ἦν
1817 4036 2012 4090 ἑαυτὸν

429 4133 765 4204 ἀναιρήσων,
788 4130 886 4185 καὶ
910 4131 1193 4200 πέπραχεν
1223 4130 1289 4182 ἂν
1307 4127 1371 4181 τὸ
1399 4127 1714 4198 ἐνθύμημα,
1737 4128 1786 4206 εἰ
1815 4129 1890 4199 μή
1925 4145 2011 4192 τις

431 4224 600 4280 αὑτοῦ
633 4223 906 4295 προγνοὺς
926 4222 1160 4292 κατέσχε
1191 4219 1288 4292 τὴν
1322 4218 1538 4285 δεξιάν·
1570 4219 1668 4273 καὶ
1703 4219 1847 4290 μέγα
1874 4222 2011 4288 ἀνατ-

431 4321 758 4392 αραγόντος,
827 4314 1044 4385 οἰμωγή
1093 4331 1154 4368 τε
1191 4308 1262 4386 ἦν
1311 4314 1404 4366 καὶ
1441 4310 1672 4381 θόρυϐος
1722 4311 1916 4383 μέγας,
1937 4311 2014 4376 ὡς

431 4411 714 4482 οἰχομένου
744 4407 839 4463 τοῦ
872 4407 1158 4479 βασιλέως.
1182 4406 1292 4460 Καὶ
1327 4405 1358 4458 ὁ
1385 4403 1772 4475 Ἀντίπατρος,
1817 4406 1893 4467 ὡς
1909 4403 2011 4475 ήδη

434 4504 713 4566 θανόντος,
744 4498 1110 4569 ἀνεθάρσησε,
1134 4498 1230 4550 καὶ
1265 4494 1345 4567 τῷ
1386 4493 1762 4566 δεσμοφύλακι
1793 4495 2014 4564 ἀφεῖναι

434 4596 600 4650 αὖτδν
658 4592 835 4664 ἠξίου,
877 4591 1092 4662 μεγάλα
1129 4587 1591 4659 ὑπισχνούμενος.
1625 4586 1685 4641 '0
1712 4585 1770 4640 δὲ
1800 4585 1880 4657 τῷ
1916 4586 2015 4657 βα-

435 4685 574 4741 σιλεῖ
604 4682 862 4756 γνωρίζει
890 4681 988 4750 τὴν
1013 4677 1224 4732 ἐκείνου
1252 4678 1520 4732 διάνοιαν·
1539 4677 1635 4731 καὶ
1661 4677 1721 4741 ὃς
1749 4675 2015 4749 ἀνεϐόησέ

433 4796 495 4834 τε
526 4779 622 4833 καὶ
650 4777 861 4846 πέμπει
891 4772 1067 4840 τινὰς,
1093 4771 1220 4834 τοὺς
1255 4768 1454 4824 αὐτίκα
1477 4767 1802 4833 κτενοῦντας
1824 4769 2012 4824 αὐτόν.

2110 3672 2176 3714 ac
2211 3657 2358 3713 malo
2383 3666 2439 3713 et
2469 3657 2693 3712 cultello
2714 3657 2910 3727 petito,
2949 3658 3005 3712 in
3036 3658 3219 3714 animo
3246 3659 3442 3715 habuit
3483 3673 3692 3716 semet-

2111 3750 2295 3821 ipsum
2323 3749 2600 3805 occidere.
2629 3749 2708 3804 Ac
2737 3748 2982 3816 fecisset,
3026 3751 3134 3806 nisi
3170 3751 3396 3822 quidam
3443 3754 3695 3808 animad-

2112 3855 2276 3896 verso
2307 3839 2561 3902 consilio,
2587 3837 2870 3894 dexteram
2893 3840 3014 3912 ejus
3041 3840 3377 3896 inhibuisset
3403 3858 3423 3898 :
3451 3843 3692 3913 quicum

2111 3932 2492 3997 exclamasset,
2543 3931 2782 4002 gemitus
2830 3940 2886 3986 et
2952 3933 3222 3987 tumultus
3278 3948 3510 4004 magnus
3563 3934 3691 4001 fuit,

2113 4025 2269 4096 quasi
2325 4039 2455 4094 rege
2496 4035 2742 4079 mortuo.
2798 4023 2990 4094 anue
3025 4039 3121 4094 spe
3175 4024 3467 4095 Antipater
3495 4026 3696 4082 animis

2110 4118 2374 4188 receptis,
2399 4132 2431 4171 a
2449 4116 2686 4172 carceris
2710 4109 2960 4180 custode,
2992 4115 3201 4185 magnis
3227 4116 3550 4172 muneribus
3572 4133 3700 4187 pro.

2114 4210 2320 4276 missis,
2344 4210 2506 4279 petiit
2545 4225 2605 4264 se
2645 4207 2874 4263 dimitti.
2918 4207 3038 4274 Quo
3072 4207 3338 4275 indicato,
3389 4224 3480 4263 rex
3508 4209 3698 4264 excla-

2114 4301 2307 4364 mavit,
2361 4315 2428 4356 ac
2483 4299 2648 4370 260
2693 4298 2878 4354 statim
2915 4297 3348 4368 spiculatoribus
3380 4299 3564 4354 missis
3592 4300 3690 4369 qui

2116 4395 2272 4452 illum
2299 4392 2701 4458 interficerent,
2757 4396 3150 4445 testamentum
3199 4389 3383 4444 denuo
3441 4391 3697 4456 mutavit,

2115 4487 2330 4556 Antipaa
2358 4481 2658 4540 tetrarchia
2679 4480 2914 4537 Galilaee
2953 4488 3011 4535 et
3032 4480 3232 4535 Peraeae
3257 4480 3464 4550 legata,
3492 4481 3701 4536 Arche-

2116 4580 2204 4635 lao
2231 4591 2399 4648 regno
2439 4574 2751 4644 assignato;
2809 4570 3067 4640 Philippo
3099 4569 3214 4625 ﬁlio
3245 4571 3499 4626 Archelai
3539 4573 3698 4628 fratri

2118 4670 2415 4730 tetrarchia
2467 4665 2857 4732 Gaulanitidis,
2918 4665 3352 4730 Trachonitidis,
3407 4666 3698 4730 Balanteae.

2118 4778 2176 4825 et
2213 4764 2480 4823 Paneadis
2507 4776 2812 4827 concessa;
2869 4760 3143 4816 Jamniam
3169 4775 3321 4824 vero.
3366 4761 3600 4816 Azotum
3643 4770 3704 4816 et

437 4873 740 4930 Μεταποιεὶ·
773 4867 832 4922 δὲ
866 4865 1022 4928 αὖθις
1047 4863 1146 4927 τὰς
1205 4863 1502 4934 διαθήκας,
1529 4861 1761 4933 Ἀντίπᾳ
1794 4863 1894 4932 μὲν
1927 4879 2000 4915 τε·

2119 4857 2499 4916 Phasaelidem
2533 4856 2764 4911 Salome
2801 4853 2977 4909 sorori
3016 4853 3263 4909 donavit.
3297 4851 3394 4910 His
3427 4854 3592 4916 actis,
3630 4869 3696 4908 ac

2123 4949 2159 4965 η
2219 4964 2224 4965 κ
2304 4949 2315 4961 -
2371 4954 2412 4965 ς.
2461 4945 2648 4965 ---η-ε-
2705 4943 3010 4965 Aunus-
3041 4943 3365 4965 ..-,-,,ε.,,,-
3402 4944 3696 4965 _.__..__-__.

433 4964 708 5037 τραρχίαν
725 4961 924 5026 διδοὺς,
955 4955 1248 5010 Γαλιλαίαν
1280 4973 1341 5008 τε
1375 4955 1470 5009 καὶ
1507 4953 1748 5026 Περαίαν
1768 4969 1782 4983 '
1809 4954 2008 5027 ’Δρχε-

434 5057 552 5126 λάῳ
585 5055 630 5108 δ’
652 5052 949 5123 ἀπονέμων
982 5047 1080 5120 τὴν
1117 5045 1397 5119 βασιλείαν
1417 5061 1432 5076 ο
1464 5045 1564 5118 τὴν
1596 5046 1655 5098 δὲ
1686 5045 2010 5103 Γαυλανῖτιν

2114 4949 2318 5007 Caesari
2361 4954 2417 5003 et
2461 4945 2651 5000 uxoris
2699 4945 2817 5014 ejus
2843 4943 3014 4998 Liviae
3041 4943 3367 4998 muneribus
3402 4944 3701 4997 multorum

2119 5043 2389 5096 talentum
2415 5037 2649 5102 relictis,
2681 5035 2878 5106 quinto
2903 5042 3028 5105 post
3065 5031 3314 5088 occisum
3353 5033 3700 5103 Antipatrum

1624 5159 1835 5224 Variae
1884 5160 2190 5227 lectiones
2222 5165 2286 5222 et
2310 5163 2496 5219 notae.

511 5277 626 5350 (53)
665 5278 936 5346 Ἰώζαρον
995 5268 1266 5350 ἀδελφὸν
1319 5263 1433 5346 τῇς
1471 5261 1661 5350 eiset?
1692 5263 2016 5350 ,τυγξηξιόςο

435 5333 716 5419 Iosephus
758 5333 988 5419 ἀδελφὸν
1025 5333 1412 5419 γυνάικὸίτῆς
1439 5333 1626 5419 αὑτοῦ.
1649 5418 1656 5419 7
1675 5333 2012 5419 Ambiguum

331 5475 340 5486 ,
436 5403 740 5479 esttitrum
792 5403 973 5475 Jozari
1008 5403 1256 5472 sororem
1285 5406 1343 5461 in
1372 5403 1729 5460 matrimonio
1754 5403 2016 5458 habuerit

441 5491 688 5550 Herodes
709 5508 774 5545 an
801 5489 1080 5543 Matthias.
1109 5484 1199 5540 W.
1232 5547 1245 5556 .
1556 5544 1582 5556 __

513 5543 804 5636 (suam
832 5543 2016 5636 ἀεοτεῖρίξμιμέντλιςἳεεκρῇτῖρξιξέίίἔέἕνίξῖῗ

439 5616 717 5702 νόὶιειλος.
737 5633 862 5702 Jose
872 5631 1010 5699 phus
1041 5616 1206 5680 habet
1230 5639 1245 5675 ;
1270 5619 1685 5702 ᾨπόσαρρωγὰ
1704 5616 2017 5702 encamped-

442 5685 594 5758 σεῖαν
646 5685 887 5772 χρῆσθαί
916 5691 1426 5765 ἀποτετραμμένος,
1460 5702 1576 5772 ᾳςιςο
1618 5686 1802 5772 ηιςάίρὶ
1829 5685 2014 5772 propr

599 5755 849 5835 dizér'ent,
887 5775 948 5822 ab
977 5755 1156 5822 eorum
1178 5755 1276 5816 usit
1309 5776 1410 5812 non
1455 5755 1786 5811 abhorrebat.
1840 5755 2016 5810 Verba

724 5865 1000 5943 PAIBOL.
1050 5859 1170 5920 Gn.
1217 5849 1542 5918 CXXXIV.

2126 5263 2350 5317 Zonara:
2376 5253 2578 5312 Wolﬁo
2603 5253 2866 5309 mendosa
2883 5252 3167 5310 videntur.
3191 5253 3408 5308 tametsi
3437 5251 3510 5306 ita
3535 5249 3701 5303 etiam

2120 5332 2420 5403 praeferant
2453 5335 2572 5403 tres
2595 5339 2727 5378 mss.
2777 5324 2926 5403 [tegii
2968 5321 3444 5403 etﬁolbertens:
3484 5323 3705 5403 Ἀποτε-

2121 5390 2443 5474 ιὶραμμένος
2463 5405 2518 5450 et
2550 5390 3008 5474 dnayntvdasvctq,
3043 5392 3332 5474 idemfere
3367 5390 3702 5474 signiﬁcant:

2123 5461 2219 5528 sed
2237 5461 2294 5524 ἐἰ
2317 5467 2483 5522 lectio
2509 5481 2618 5517 non
2673 5463 2834 5526 fallit,
2858 5463 3038 5530 inquit
3059 5463 3172 5527 ille,
3192 5461 3705 5530 ἀποτετραμμένοις

2126 5543 2311 5613 posuit
2340 5538 2583 5592 Zonaras
2611 5549 2711 5603 pro
2742 5532 3160 5602 ἀπειρημένοις,
3209 5531 3449 5585 remediis
3478 5531 3704 5585 interdi-

2117 5615 2236 5667 clis.

2197 5680 2309 5752 (55)
2336 5679 2496 5743 Δόξω
2525 5672 2892 5743 θρηνεῖσθαι.
2923 5671 3023 5727 Ms.
3053 5670 3216 5744 Δόξῃ.

3322 5826 3397 5892 15
