4074 6388
363 333 484 397 ἰίῖιθ

1649 320 1843 382 JOAN
1856 321 1980 382 NlS
2019 320 2344 381 ZONAlUS

3543 324 3654 389 4-6)

367 447 459 503 die
501 443 658 500 obiit.
682 439 973 512 'Regnavit
1009 446 1135 510 post
1169 436 1447 492 sublatum
1483 433 1814 504 Antigonum
1855 451 1956 489 an-

2067 433 2158 487 καὶ
2177 431 2522 503 Τραχωνῖτιν
2555 431 2647 484 καὶ
2671 431 2985 484 Βαταναίαν
3013 433 3107 484 xal
3136 433 3386 487 Πανεάδα
3409 452 3422 464 ·
3452 438 3651 494 Φιλίπσ-

370 553 471 592 nos
507 553 557 590 tv
592 543 649 589 et
675 549 802 596 xxx,
831 538 1119 601 postquam
1146 544 1176 582 a
1227 527 1488 581 Romanis
1531 541 1624 579 rex
1657 525 1961 594 appellatus

312 692 318 700 ,
370 632 801 693 fuerat,xxxvn.
837 622 1056 678 Salome
1097 635 1230 674 vero
1275 626 1331 674 et
1369 619 1588 683 Alexas,
1632 619 1959 686 priusquam

369 722 491 792 ejus
529 734 678 772 mors
715 716 880 785 vulgo
931 713 1326 774 innotesceret,
1377 725 1474 764 eos
1509 710 1602 779 qui
1656 708 1712 762 in
1749 709 1959 778 llippo-

373 816 570 867 dromo
611 808 860 864 conclusi
900 814 1081 866 erant.
1127 804 1411 868 emittunt,
1448 802 1737 858 dicentes:
1775 816 1959 871 regem

369 904 585 976 jubere,
619 908 678 953 ut
707 899 761 952 in
777 912 939 966 agros
969 894 1196 966 egressi,
1223 895 1390 950 rebus
1417 893 1539 948 suis
1575 892 1850 952 fruantur,
1885 891 1964 944 id-

371 1010 481 1066 que
503 1007 779 1048 summum
809 1005 1002 1045 eorum
1035 989 1091 1042 in
1119 995 1339 1058 gentem
1363 984 1697 1040 beneﬁcium
1722 983 1956 1039 exstitit.

371 1085 582 1142 Deinde
621 1083 765 1154 regis
797 1082 950 1137 obitu
984 1080 1288 1151 publicato,
1313 1079 1518 1133 lectum
1545 1087 1629 1132 est
1661 1085 1960 1131 testamen-

373 1189 516 1244 tum,
573 1177 722 1247 quod
773 1175 1050 1231 Archelao
1113 1187 1344 1244 regnum
1394 1169 1728 1240 assignabat.
1775 1169 1962 1224 Ptole-

371 1286 544 1326 maeus
568 1285 722 1336 vero,
750 1269 839 1323 cui
867 1267 1106 1339 sigillum
1136 1266 1282 1334 regis
1310 1274 1429 1320 crat
1452 1263 1748 1326 creditum,
1793 1277 1963 1328 nega-

371 1365 454 1418 vit
481 1363 532 1417 id
575 1363 680 1417 nisi
717 1361 946 1418 Caesaris
993 1358 1327 1414 auctoritate
1394 1365 1574 1411 ratum
1624 1355 1764 1409 fore.
1818 1353 1960 1409 Tum

373 1456 556 1511 statim
581 1455 799 1508 sublato
829 1453 1072 1508 clamore
1096 1450 1403 1505 Archelaus
1435 1465 1534 1504 rex
1555 1458 1651 1504 est.
1683 1448 1959 1514 sublatus,

267 1604 271 1607 _
372 1557 499 1617 post
530 1547 643 1617 regi
676 1545 843 1600 furius
873 1543 1161 1615 magniﬁce
1206 1543 1434 1597 factum.
1478 1540 1658 1610 Atque
1688 1540 1764 1594 ita
1790 1538 1964 1594 Hero-

368 1640 472 1696 des
492 1648 703 1695 naturae
733 1639 980 1694 debitum
1011 1636 1269 1692 exsolvit.

2065 545 2151 597 πῳ
2186 525 2339 579 παιδί⁷
2366 525 2464 596 μὲν
2497 525 2688 588 αὑτοῦ,
2722 525 3020 595 ’Λρχελάου
3055 525 3110 577 δὲ
3150 527 3387 595 ἀδελφῷ,
3424 547 3650 602 τετραρ.

2062 620 2188 690 χίαν
2215 616 2546 686 ἀποκληρῶν
2567 633 2581 648 ·
2609 617 2887 686 Ἰάμνειαν
2929 615 2985 669 δὲ
3020 617 3114 670 καὶ
3139 617 3387 681 ’Ἄζωτον
3425 622 3519 672 καὶ
3543 624 3654 678 Φα-

2065 711 2294 781 σαηλίδα
2344 709 2580 781 Σαλώμῃ
2637 712 2701 780 τῇ
2759 709 2964 781 ἀδελφῇ
3025 711 3411 781 χαριζόμενος.
3465 713 3652 768 Ταῦτα

2064 804 2297 875 πράξας,
2322 805 2418 857 καὶ
2452 803 2692 876 Καίσαρι
2729 803 2826 857 καὶ
2854 805 2922 875 τῇ
2963 804 3178 857 ἐκείνου
3206 809 3423 878 γαμετῇ
3454 807 3653 880 Amata

2040 894 2272 979 -δωρεὰς
2301 893 2744 958 πολυταλάντους
2790 893 3135 962 καταλιπὼν,
3180 897 3371 979 ἡμέρα
3425 899 3652 970 πέμπτῃ

2062 968 2198 1061 μεθὸ
2222 990 2584 1063 Ἀντίπατρον
2611 991 2864 1056 κτείνειε,
2887 993 3140 1064 τελευτᾷ,
3169 993 3495 1062 βασιλεύσας
3521 995 3657 1064 μεθὸ

2064 1086 2164 1155 μὲν
2198 1085 2407 1138 ἀνεῖλεν
2438 1083 2750 1153 Ἀντίγονον
2777 1084 2876 1154 ἔτη
2909 1085 3158 1154 τέσσαρα
3199 1086 3299 1138 καὶ
3332 1085 3652 1155 τριάκοντα,

2066 1174 2199 1245 μεθὸ
2231 1174 2275 1228 δ’
2320 1175 2426 1228 ὑπὸ
2484 1175 2781 1244 Ῥωμαίων
2817 1175 3170 1228 ἀποδέδεικτο
3224 1175 3477 1245 βασιλεὺς
3511 1177 3655 1228 ἑπτα

2064 1268 2160 1320 καὶ
2189 1265 2515 1338 τριάκοντα.
2541 1264 2779 1337 Σαλώμη
2807 1267 2867 1320 δὲ
2899 1267 2998 1320 καὶ
3027 1265 3279 1332 Ἀλεξᾶς.
3313 1269 3446 1336 πρὶν
3477 1268 3652 1318 ἔκπυ-

2065 1375 2189 1412 στον
2240 1358 2496 1429 γενέσθαι
2547 1359 2642 1412 τὸν
2673 1358 2844 1414 αὐτοῦ
2903 1358 3158 1426 θάνατον,
3182 1361 3310 1422 τοὺς
3340 1360 3397 1412 ἐν
3422 1358 3502 1428 τῷ
3541 1356 3655 1410 Ἰπ-

2063 1451 2322 1523 ποδρόμῳ
2380 1453 2959 1522 κατακεκλεισμένους
3021 1454 3399 1522 ἐκπέμπουσι,
3464 1452 3655 1519 λέγον·

2062 1559 2155 1606 τες
2184 1544 2276 1597 τὸν
2333 1543 2562 1614 βασιλέα
2607 1545 2855 1599 κελεύειν
2885 1543 3143 1597 ἀπιοῦσιν
3178 1545 3364 1606 αὐτοῖς
3397 1545 3491 1597 ἐπὶ
3524 1543 3656 1605 τοὺς

2066 1634 2273 1705 ἀγροὺς
2294 1636 2560 1706 νέμεσθαι
2580 1637 2646 1690 τὰ
2676 1638 2876 1691 οίκεῖα.
2905 1637 3016 1690 Kal
3044 1635 3275 1707 μεγίστη
3308 1634 3449 1702 αὕτη
3493 1635 3656 1702 εὐερ-

371 1732 534 1800 γεσία
561 1730 692 1801 παρ’
720 1729 901 1783 αὐτῶν
937 1731 1016 1792 είς
1044 1730 1103 1781 τὸ
1129 1728 1281 1790 ἔθνος
1313 1727 1554 1795 ἐγένετο.
1572 1721 1704 1778 Εἶτα
1730 1725 1759 1777 ὁ
1789 1724 2022 1786 θάνατος
2087 1726 2186 1779 τοῦ
2244 1726 2516 1798 βασιλέως
2571 1729 2988 1800 δεδημοσίευτο,
3011 1731 3109 1784 καὶ
3133 1730 3190 1784 αἱ
3215 1728 3479 1798 διαθῆκαι
3528 1725 3656 1778 avs-

372 1825 705 1895 γινώσκοντο
747 1823 862 1893 τὴν
921 1821 1202 1892 βασιλείαν
1252 1819 1668 1890 ἀποκληροῦσαι
1729 1818 1808 1889 τῷ
1852 1819 1953 1889 υίῴ
1994 1819 2299 1892 Ἀρχελάῳ.
2357 1822 2698 1893 Πτολεμαῖος
2734 1823 2815 1889 δὲ,
2849 1823 2945 1876 τὸν
3003 1821 3335 1892 σημαντῆρα
3367 1819 3465 1873 τοῦ
3497 1820 3658 1890 βασι-

284 1904 290 1911 .
345 1920 513 1986 ,λίως
547 1914 988 1985 πεπιστευμένος
1036 1911 1346 1974 δακτύλιον,
1395 1910 1499 1964 οὐκ
1546 1909 1723 1973 ἄλλως
1776 1907 1931 1974 ἔλεγε
1993 1909 2301 1979 κυροῦσθαι
2353 1913 2454 1976 τὰς
2511 1911 2781 1983 διαθήκας

2865 1911 2900 1982 ἢ
2967 1911 3059 1965 διὰ
3111 1911 3415 1981 Καίσαρος.
3455 1910 3561 1976 Bri;
3608 1908 3656 1960 δ’

372 2007 540 2069 εὐθὺς
573 2002 642 2074 ἦν
694 2003 1094 2074 εὐφημούντων
1123 2001 1422 2073 Ἀρχέλαον
1460 2000 1693 2071 βασιλέα
1742 1999 1840 2054 καὶ
1905 2000 1998 2054 ἐπὶ
2065 2001 2282 2068 τούτοις
2315 2005 2349 2074 ή
2385 2001 2479 2057 τοῦ
2506 2003 2776 2074 βασιλέως
2809 2003 3024 2074 ἐκφορὰ
3062 2002 3299 2057 ἐτελεῖτο
3335 1999 3656 2070 πολυτελής.

374 2099 486 2152 Kal
522 2100 551 2151 ό
600 2095 845 2168 Ἡρώδης
882 2097 983 2167 μὲν
1006 2093 1179 2159 οὕτως
1200 2094 1429 2150 ἀπέτισε
1457 2093 1519 2147 τὸ
1550 2093 1749 2164 χρεών.

1531 2462 1887 2547 LIBER
1963 2456 2465 2547 SEXTUS.

441 2657 484 2717 I.
521 2659 826 2716 Archelaus
852 2671 984 2714 vero
1030 2671 1158 2713 cum
1202 2653 1344 2711 tactis
1375 2652 1868 2708 acclamationibus
1902 2651 1955 2705 in

2133 2643 2213 2704 A'.
2234 2647 2535 2719 ’Δρχέλαος
2567 2647 2651 2717 δὲ,
2680 2649 2761 2714 είς
2798 2649 2860 2703 τὸ
2889 2651 3036 2721 ἱερὸν
3067 2649 3330 2718 ἀνελθὼν,
3356 2653 3452 2708 καὶ
3481 2653 3650 2722 εύφη.

371 2754 637 2824 templum
677 2752 945 2815 ascendit,
967 2762 1025 2806 et
1057 2751 1113 2806 in
1147 2749 1286 2804 solio
1311 2763 1484 2802 aureo
1516 2746 1834 2809 considcns.
1866 2759 1963 2814 po-

371 2848 561 2918 pulum
595 2845 912 2899 humaniter
943 2849 1027 2898 est
1055 2842 1330 2896 allocutus
1363 2856 1378 2906 ;
1415 2838 1512 2896 sed
1566 2853 1825 2893 coronam
1870 2853 1960 2892 re-

369 2940 513 3009 giam
547 2953 577 2992 a
603 2937 876 2991 militibus
905 2933 1158 3004 accipere
1185 2930 1486 2992 recusavit,
1517 2930 1576 2984 ni
1600 2929 1784 2983 Catsar
1805 2929 1961 2999 prius

370 3038 763 3085 testamentum
824 3026 1000 3095 patris
1042 3022 1447 3087 conﬁrmasset,
1499 3020 1756 3090 laetaque
1789 3034 1848 3073 re
1879 3019 1964 3072 di-

369 3122 500 3175 vina
525 3119 837 3176 convivium
875 3115 1198 3172 celebravit.
1227 3113 1498 3170 Caeterum
1528 3112 1702 3168 Judmi
1735 3110 1962 3182 quidam

371 3213 675 3284 congressi,
721 3209 1008 3265 Matthiam
1049 3217 1106 3263 et
1133 3214 1365 3262 caeteros
1414 3209 1486 3261 ob
1531 3204 1808 3261 revulsam
1863 3220 1964 3259 au-

372 3322 524 3361 ream
557 3304 794 3374 aquiiam
827 3303 896 3357 ab
921 3302 1142 3357 Herode
1174 3301 1463 3370 suppliciis
1492 3298 1721 3356 ail‘ectC-s
1749 3299 1964 3353 lamen-

372 3396 472 3450 tati
500 3405 631 3450 sunt
665 3409 794 3449 cum
829 3407 1028 3462 magno
1055 3391 1285 3462 ejulatu,
1341 3397 1424 3455 et,
1455 3387 1825 3444 conciliabulo
1876 3387 1967 3442 in-

371 3489 548 3551 dicto,
588 3487 657 3540 ab
691 3484 964 3542 Archelao
1004 3483 1379 3552 postularunt,
1409 3490 1467 3534 ut
1503 3479 1715 3550 punitis
1760 3479 1828 3536 iis
1864 3479 1960 3548 qui

371 3580 517 3648 apud
564 3578 838 3632 Herodem
876 3576 1207 3630 auctoritate
1243 3575 1564 3639 valuissent,
1610 3588 1798 3626 necem
1840 3572 1963 3628 illo-

370 3686 495 3723 rum
547 3669 935 3732 ulcisceretur,
981 3682 1045 3720 ac
1075 3666 1130 3720 in
1171 3665 1365 3735 primis
1421 3666 1666 3734 pontilici
1704 3665 1964 3721 sacerdo-

373 3764 510 3818 tium
543 3763 856 3832 abrogaret,
893 3771 949 3816 et
981 3761 1148 3815 alium
1181 3759 1486 3814 secundum
1521 3759 1671 3830 leges
1717 3769 1959 3825 crearet,

371 3874 440 3911 eo
473 3857 688 3910 honore
718 3854 1049 3925 digniorem.
1083 3852 1291 3909 Annuit
1316 3853 1641 3916 Archelaus,
1679 3852 1746 3907 ad
1785 3852 1961 3922 impe-

371 3961 488 4004 tum
518 3964 712 4004 eorum
776 3947 1214 4018 reprimendum,
1269 3962 1585 4016 quanquam
1625 3947 1855 4000 moleste
1881 3945 1964 4000 fe-

2071 2740 2292 2810 μηθεὶς,
2331 2741 2426 2794 ἐπὶ
2501 2741 2694 2812 θρόνου
2733 2759 2793 2795 τε
2839 2743 3074 2808 καθίσας
3127 2746 3354 2817 χρυσοῦ,
3384 2745 3658 2811 ἐδεξιοῦτο

2067 2837 2128 2889 τὸ
2175 2835 2402 2904 πλῆθος.
2434 2835 2542 2887 Τοῦ
2596 2835 2783 2906 μέντοι
2837 2835 3253 2908 στρατεύματος
3317 2839 3412 2892 καὶ
3443 2840 3506 2892 τὸ
3534 2841 3656 2893 διά-

2063 2925 2213 2996 δημα
2276 2925 2654 2996 περιτιθέντος
2706 2925 2881 2997 αὐτῷ,
2909 2927 3010 2980 ούκ
3047 2928 3286 2994 ἐδέξατο,
3317 2931 3366 2982 εί
3405 2931 3479 3000 μὴ
3521 2931 3657 3000 πρό-

2065 3035 2224 3089 τερον
2261 3019 2489 3089 Καῐσαρ
2521 3021 2621 3082 τὰς
2651 3019 2926 3090 πατρικὰς
2949 3019 3217 3092 διαθήκας
3262 3022 3654 3094 ἐπικυρώσειε,

2065 3113 2158 3164 καὶ
2193 3110 2364 3176 θύσας
2414 3112 2500 3165 ἐπ’
2551 3113 2785 3184 εὐωχίαν
2833 3113 3124 3184 ἐτράπετο.
3161 3113 3517 3178 Συνελθόντες
3559 3113 3656 3170 οἷν

2063 3206 2174 3258 τῶν
2206 3205 2482 3260 Ἰουδαίων
2517 3205 2963 3270 τινές,Ματθίαν
3020 3207 3116 3261 καὶ
3164 3206 3296 3269 τοὺς
3352 3209 3449 3262 σὺν
3503 3209 3656 3278 αὐτῷ

2063 3297 2438 3362 κολασθέντας
2465 3298 2577 3352 ὑπὸ
2618 3299 2863 3371 Ἡρώδου
2893 3298 2982 3354 διὰ
3007 3298 3109 3372 τὴν
3133 3299 3227 3354 τοῦ
3253 3300 3460 3372 χρυσοῦ
3495 3302 3654 3356 ἀετοῦ

2033 3391 2452 3454 -κατάσπασιν,
2503 3391 2873 3461 ὠλοφύροντο,
2911 3391 3007 3445 ἐπὶ
3068 3392 3215 3462 μέγα
3258 3393 3358 3463 τὴν
3405 3396 3658 3464 οίμωγὴν

2067 3484 2322 3552 αἴροντες
2345 3502 2358 3514 ·
2395 3484 2619 3538 συνόδου
2651 3502 2710 3538 τε
2747 3486 2936 3548 αὐτοῖς
2964 3486 3290 3556 γενομένης,
3313 3486 3500 3556 ἠξίουν
3529 3487 3655 3550 τοὺς

2068 3577 2156 3644 ὑφ’
2207 3575 2450 3647 Ἡρώδου
2476 3575 2829 3646 τιμωμένους
2873 3564 3183 3632 κολάσαντα
3213 3577 3306 3632 τὸν
3339 3577 3654 3649 Ἀρχέλαον,

2065 3668 2353 3738 ἐκδικῆσαι
2383 3669 2510 3732 τοὺς
2541 3667 2868 3734 τεθνεῶτας,
2892 3669 2990 3722 καὶ
3041 3669 3147 3741 πρὸ
3182 3670 3296 3724 τῶν
3336 3669 3516 3725 ἄλλων
3563 3672 3656 3726 τὸν

2066 3757 2361 3828 Ἀρχιερέα
2428 3758 2660 3823 παῦσαι,
2703 3758 2890 3831 ἔτερόν
2923 3776 2984 3813 τε
3017 3759 3468 3826 καταστήσασθαι
3505 3778 3650 3830 νομι·

2082 3849 2351 3920 μώτερςν.
2405 3849 2632 3912 Τούτοις
2688 3847 2982 3920 Ἀρχέλαος
3058 3848 3266 3922 καίπερ
3330 3849 3656 3921 ἀχθόμενος,

2067 3942 2170 4012 τὴν
2209 3941 2388 4014 ὁρμὴν
2425 3942 2608 3996 αὐτῶν
2664 3943 2904 4012 ἐπέχων,
2932 3941 3159 3996 ἐπένευε
3183 3959 3196 3974 °
3233 3942 3444 3998 καὶτὸν
3492 3961 3642 4014 στραμ

370 4059 502 4098 rens
530 4061 546 4099 :
578 4059 642 4098 ac
669 4057 770 4112 per
801 4041 1122 4112 praefectum
1163 4039 1398 4116 militum
1451 4039 1657 4109 populo
1687 4040 1797 4094 dici
1841 4041 1958 4110 jus-

2067 4007 2256 4108 τγίγδκ
2395 4035 2590 4108 πλήθει
2645 4007 3030 4105 διαλεξόμενον
3083 4035 3342 4102 ἔστειλεν,
3365 4035 3440 4100 ὼς
3472 4037 3532 4090 ού
3558 4007 3658 4090 νῦν

370 4137 443 4189 sit
469 4149 535 4189 ea
569 4148 718 4188 nunc
741 4131 1129 4202 intempestiva
1164 4145 1308 4196 esse,
1341 4130 1500 4200 26],
1530 4144 1595 4183 ac
1618 4139 1732 4184 tum
1759 4131 1968 4184 rectius

373 4238 559 4283 actum
593 4226 682 4290 iri,
705 4241 831 4281 cum
846 4224 952 4280 sibi
973 4238 1206 4295 regnum
1241 4223 1476 4278 Caesaris
1497 4221 1823 4276 auctoritate
1841 4235 1969 4277 con-

373 4320 622 4374 tinuatum
644 4326 812 4373 esset.
839 4315 946 4372 Sed
967 4315 1045 4370 illi
1076 4313 1449 4370 vociferantes
1465 4321 1518 4368 et
1541 4312 1965 4375 tumultuantes,

371 4427 554 4481 neque
579 4410 776 4466 ducem
805 4423 984 4478 neque
1011 4407 1181 4463 alium
1213 4421 1551 4477 quemquam
1582 4403 1770 4459 dicere
1803 4403 1968 4472 quid-

372 4517 537 4572 quam
556 4500 702 4571 passi
736 4507 889 4565 sunt,
934 4499 1081 4570 quod
1115 4497 1185 4554 ad
1209 4498 1626 4568 castigationem
1659 4503 1715 4550 et
1737 4494 1968 4551 seditio-

373 4596 464 4650 nis
494 4594 904 4664 repressionem
930 4591 1239 4662 pertineret
1272 4589 1546 4659 :atquein
1565 4587 1707 4644 festo
1727 4589 1970 4658 Azymo—

375 4701 500 4741 rum
528 4699 726 4756 magna
749 4683 1044 4738 multitudo
1069 4682 1125 4737 in
1151 4682 1418 4752 templum
1438 4681 1721 4747 conﬁnxit,
1746 4681 1972 4737 sedi-tio-

379 4780 468 4835 nis
509 4775 909 4848 ampliﬁcandm
947 4774 1347 4840 studiosa.Qua
1389 4775 1616 4829 territus
1648 4770 1968 4837 Arche-laus,

381 4872 673 4926 tribunum
722 4883 848 4924 cum
902 4867 1130 4922 cohorte
1187 4867 1362 4933 misit,
1408 4867 1473 4921 ad
1525 4867 1713 4937 populi
1758 4874 1971 4921 motum

377 4963 708 5022 sedandum.
733 4957 935 5017 Verum
955 4961 1227 5026 seditiosi,
1247 4959 1454 5032 impetu
1483 4961 1537 5015 in
1563 4961 1766 5017 milites
1801 4963 1969 5028 facto,

377 5060 674 5129 plerosque
730 5054 1012 5124 lapidibus
1075 5054 1410 5120 obruerunt,
1449 5055 1612 5125 pauci
1669 5056 1969 5111 admodum

377 5163 434 5206 et
479 5149 740 5205 tribunus
769 5147 1044 5203 vulnerati
1075 5147 1412 5219 effugerunt.
1468 5147 1606 5204 Cum
1645 5149 1812 5220 igitur
1849 5166 1975 5218 per-

375 5244 635 5313 spiceret,
657 5241 765 5296 nisi
797 5239 1041 5312 populus
1064 5241 1377 5296 concitatus
1401 5239 1816 5310 reprimeretur,
1848 5256 1967 5293 ma-

2068 4131 2278 4185 τούτων
2341 4131 2556 4198 καιρὸς,
2606 4129 2724 4183 ἀλλ’
2775 4131 2867 4183 ὅτε
2918 4128 3071 4200 αὐτῷ
3104 4131 3137 4199 ἡ
3172 4129 3319 4202 ἀρχὴ
3383 4129 3658 4202 βεδαιωθῇ

2079 4222 2358 4277 ἐπινεύσει
2387 4222 2482 4276 τοῦ
2513 4221 2818 4292 Καίσαρος.
2877 4224 2940 4276 Oi
2968 4222 3049 4288 δέ,
3082 4221 3316 4293 βοῶντες
3350 4225 3466 4276 ’καὶ
3499 4224 3644 4294 θορυυ

2071 4315 2315 4381 ϐοῦντες,
2342 4316 2444 4368 οὐκ
2485 4315 2614 4368 είων
2661 4315 2847 4383 λέγειν
2897 4314 2991 4368 τὸν
3050 4315 3378 4384 στρατηγὸν,
3405 4316 3527 4369 οὐδέ
3559 4333 3656 4370 του

2071 4408 2237 4463 ἄλλου
2295 4406 2599 4476 ἠνείχοντο,
2642 4407 2740 4458 ἐπὶ
2795 4403 3166 4476 σωφρονισμῷ
3219 4406 3316 4458 καὶ
3367 4408 3657 4476 ἀποτροπῇ

2070 4500 2180 4554 τῶν
2212 4499 2455 4552 στάσεων
2469 4499 2810 4569 ὡρμημένου,
2825 4497 3009 4567 λέγειν
3036 4499 3244 4559 αὐτοῖς.
3276 4498 3436 4568 ’Ἄρτι
3467 4499 3526 4550 δὲ
3555 4498 3658 4568 τῆς

2071 4591 2181 4645 τῶν
2208 4590 2462 4660 Ἀξύμων
2489 4590 2686 4662 ἑορτῆς
2721 4591 3100 4660 ἐνεστηκυίας,
3126 4591 3221 4644 καὶ
3253 4590 3493 4662 πλήθους
3518 4593 3658 4645 παν-

2073 4682 2230 4756 τοθεν
2297 4682 2704 4754 συρῤεύσαντος
2759 4684 2839 4745 ε-ίς
2865 4682 2931 4735 τὸ
2985 4681 3154 4753 ἱερὸν,
3201 4681 3296 4735 ἐπὶ
3361 4682 3504 4753 μέγα
3560 4683 3660 4754 τὴν

2077 4775 2268 4828 στάσιν
2297 4774 2495 4845 ἐξᾶραι
2544 4773 2975 4845 προεθυμοῦντο.
3035 4774 3102 4826 Ὃ
3133 4771 3316 4836 δείσας
3337 4771 3658 4844 ’Δρχέλαος,

2073 4869 2360 4940 χιλίαρχον
2393 4869 2532 4938 μετὰ
2559 4868 2793 4938 σπείρας
2827 4866 3128 4938 ἐξέπεμψε,
3152 4867 3252 4938 τὴν
3285 4866 3464 4938 ὁρμὴν
3487 4883 3662 4920 κατα-

2076 4961 2368 5015 στελοῦυτα
2396 4960 2492 5014 τοῦ
2534 4961 2713 5032 δήμου
2738 4959 2833 5014 τοῦ
2868 4958 3276 5024 στασιάζοντος.
3301 4959 3412 5012 Καὶ
3440 4959 3490 5012 oi
3527 4975 3665 5012 στα.-

2077 5054 2295 5106 σιασταὶ
2327 5053 2674 5124 παραχρῆμα
2704 5053 2798 5105 ἐπὶ
2817 5053 2945 5113 τοὺς
2971 5048 3311 5121 στρατιώτας
3331 5049 3658 5121 ώρμήκααι,

2077 5149 2172 5198 καὶ
2231 5146 2568 5199 κατέλευσαν
2619 5144 2744 5207 τοὺς
2795 5143 3085 5207 πλείστους
3138 5144 3341 5208 αὐτῶν,
3387 5145 3558 5214 ὀλίγοι
3600 5145 3662 5198 δέ

2075 5256 2221 5302 τινες
2251 5239 2347 5292 καὶ
2375 5241 2403 5293 ό
2440 5238 2720 5310 χιλίαρχος
2768 5236 3107 5311 τραυματίαι
3160 5237 3442 5308 διέφυγον.
3466 5236 3663 5309 Ἀρχέ-

373 5346 544 5402 gnum
585 5346 616 5386 e
644 5331 918 5387 seditione
943 5331 1148 5385 malum
1189 5331 1493 5393 oriturum,
1555 5330 1707 5384 misit
1741 5344 1960 5384 onmem

2075 5331 2203 5400 λαος
2227 5332 2306 5396 δὲ,
2341 5330 2572 5384 συνιδὼν
2592 5332 2694 5396 ὡς,
2727 5332 2776 5384 εί
2803 5331 2877 5402 μὴ
2909 5331 2972 5384 τὸ
3017 5333 3118 5400 τῆς
3150 5331 3393 5403 πληθύος
3426 5332 3662 5402 ὅρμημα

375 5424 710 5490 exercitum,
761 5441 791 5479 a
855 5440 968 5494 quo
1005 5424 1182 5480 tribus
1216 5425 1436 5481 circiter
1493 5424 1738 5478 millibus
1784 5424 1961 5489 cmsis,

378 5515 561 5569 Caneri
599 5515 855 5585 dissipati
894 5516 950 5570 in
986 5526 1202 5571 montes
1240 5517 1710 5586 confugerunt,et
1735 5530 1799 5569 ex
1825 5515 1970 5584 regis

375 5607 560 5660 edicto
605 5607 915 5661 festivitate
940 5607 1166 5672 omissa,
1204 5609 1269 5662 ad
1303 5623 1399 5660 sua
1429 5607 1636 5677 quique
1660 5607 1965 5661 redierunt.

391 5698 700 5753 Archelaus
728 5715 862 5754 vero
889 5716 1018 5753 cum
1067 5710 1242 5755 matre
1272 5711 1330 5755 et
1363 5699 1594 5754 Ilerodis
1631 5715 1823 5754 sorore
1877 5701 1976 5755 Sa-

379 5780 527 5846 bine
565 5791 792 5849 Romam
824 5791 982 5852 abiit.
1015 5808 1230 5850 summa
1266 5809 1450 5851 rerum
1479 5792 1690 5850 interea
1730 5793 1971 5863 Philippi

2071 5425 2408 5494 κωλυθῇ,είς
2439 5425 2584 5493 μέγα
2612 5425 2780 5477 κακὶν
2807 5425 2876 5475 τὰ
2895 5425 2994 5494 τῆς
3023 5423 3266 5488 στάσεως
3291 5425 3660 5494 ἀποϐήσεται,

2071 5519 2349 5588 ἐκπέμπει
2383 5519 2495 5571 πᾶν
2525 5519 2584 5571 τὸ
2616 5517 2982 5588 στρατόπεδον
3037 5517 3134 5572 καὶ
3168 5519 3248 5581 είς
3313 5517 3414 5587 μὲν
3447 5533 3664 5588 τρισχιο

2072 5611 2221 5673 λίους
2251 5611 2628 5682 ἀνῃρέθησαν,
2663 5612 2712 5664 οί
2747 5612 2802 5664 δέ
2840 5628 2904 5680 γε
2943 5610 3124 5664 λοιποὶ
3181 5611 3276 5664 ἐπί
3307 5611 3376 5664 τὰ
3409 5611 3513 5682 ὅρη
3549 5611 3663 5681 διε-

2077 5701 2473 5771 σκεδάσθησαν,
2497 5706 2591 5756 καὶ
2622 5704 2882 5774 κήρυγμα
2905 5705 3098 5772 γέγονε
3122 5704 3329 5765 πάντας
3353 5703 3660 5772 ἀναχωρεῖν

2076 5795 2168 5850 ἐπὶ
2199 5795 2264 5850 τὰ
2300 5796 2508 5876 οίκεῑαέ
2541 5795 2590 5850 oi
2615 5796 2691 5863 δὲ,
2715 5795 2812 5869 τὴν
2843 5795 3037 5869 ἑορτὴν
3079 5795 3352 5865 λιπόντες,
3379 5787 3648 5867 aniles”.
