4074 6428
412 334 531 399 461

1699 284 2115 395 ΑΝΝᾸῐΙυΜ
2163 333 2310 392 LIB.
2356 332 2459 392 VI.

3582 319 3690 384 462

409 448 708 521 ’Λρχέλαος
739 447 796 503 δὲ
839 449 934 502 ἐπὶ
997 447 1220 520 Ῥώμην
1279 448 1496 516 ἐξέπλει
1557 451 1654 506 σὺν
1695 452 1758 522 τῇ
1813 450 2004 522 μητρὶ,

2111 447 2299 503 fratris
2339 447 2465 501 fidei
2501 445 2816 501 commissa.
2852 443 2971 498 Alia
2994 458 3061 498 ex
3104 446 3259 513 parte
3309 439 3539 523 Antipas
3588 440 3696 496 lle-

406 543 663 614 Φιλίππῳ
689 543 762 613 τῷ
786 543 999 615 ἀδελφῷ
1027 544 1320 608 πιστεύσας
1351 545 1420 598 τὰ
1450 545 1759 616 πράγματα
1777 560 1789 575 ⁸
1815 543 2007 610 συνεξ-

405 635 497 706 ῄει
543 635 602 688 δέ
655 634 802 705 αὐτῷ
839 639 933 688 καὶ
1001 636 1237 707 Σαλώμη
1277 638 1308 708 ἡ
1356 637 1564 708 ἀδελφή
1603 638 1869 706 Ἡρώδου.
1897 638 2006 690 Καὶ

404 726 675 790 Ἀντίπας
705 727 760 780 δὲ
800 729 830 780 ό
876 728 1121 799 Ἡρώδου
1170 730 1287 792 υίὸς
1336 730 1606 802 ἑτέρωθεν
1641 733 1734 784 ἐπὶ
1780 731 2006 803 Ῥώμην

411 817 664 888 ὥρμητο,
683 819 779 870 καὶ
805 818 970 882 αὐτὸς
993 819 1093 888 τῆς
1119 818 1398 890 βασιλείας
1445 820 1899 892 ἀντιληψόμενος,
1931 821 2008 886 ὡς

411 907 472 960 ἐν
509 908 812 980 προτέραις
855 909 1148 979 διαθήκαις
1205 917 1758 984 καταγεγραμμένης
1815 915 2004 988 αὑτῷ·

411 999 645 1071 ἐπτέρου
669 1001 727 1054 δὲ
759 1001 952 1056 τοῦτον
993 1002 1133 1074 πρὸς
1164 1003 1265 1066 τὰς
1302 1004 1526 1069 ἐλπίδας
1552 1005 1814 1078 Σαλώμη.
1849 1007 2008 1061 Ἐπεὶ

402 1090 468 1144 δὲ
495 1091 576 1154 είς
615 1089 837 1161 Ῥώμην
887 1091 1173 1162 ἀφίκοντο,
1197 1095 1296 1147 καὶ
1347 1096 1703 1167 παρέστησαν
1727 1097 2005 1168 Καίσαρι,

410 1184 462 1236 οἱ
494 1182 593 1253 μὲν
621 1183 764 1255 ὑπὲρ
788 1184 1084 1256 ’Δρχελάου
1110 1187 1238 1251 τοὺς
1300 1186 1498 1254 λόγους
1531 1190 1848 1260 πεποίηντο,
1871 1192 1920 1244 oi
1950 1191 2009 1244 δὲ

413 1273 553 1345 ὑπὲρ
575 1273 938 1339 ’Δντίπα,τοῦ
956 1277 1262 1349 Ἀρχελάου
1290 1279 1755 1352 κατηγοροῦντες.
1784 1283 2008 1355 Καῖσαρ

410 1366 468 1419 δε
504 1367 706 1437 μᾶλλον
728 1368 868 1440 ὑπὲρ
887 1369 1186 1442 Ἀρχελάου
1211 1372 1385 1444 ῥοπὴν
1408 1373 1643 1428 ἐδείκνυ.
1682 1373 1771 1427 Ἐν
1796 1374 2008 1438 τούτοις

411 1459 469 1511 δὲ
505 1459 835 1527 ἀγγέλλεται
867 1463 1113 1534 Καίσαρι
1140 1463 1207 1517 τὸ
1262 1464 1371 1518 τῶν
1402 1465 1676 1537 Ἰουδαίων
1701 1465 1856 1530 ἔθνος
1883 1484 2012 1520 στα-

413 1551 637 1618 σιάσαν,
662 1555 903 1617 καὶ-τοὺς
959 1557 1077 1608 ἐκεῖ
1109 1555 1418 1626 Ῥωμαίους
1464 1559 1814 1630 πολιορκοῦν.
1857 1558 2016 1614 Κατὰ

409 1644 520 1713 γὰρ
556 1645 656 1715 τὴν
685 1644 789 1715 τῆς
854 1647 1240 1717 Πεντηκοστῆς
1267 1649 1461 1718 ἑορτὴν
1487 1650 1767 1720 μυριάδων
1798 1650 2009 1708 πολλῶν

2110 541 2262 596 rodis
2325 540 2469 598 filius
2507 539 2703 596 eodem
2753 536 3146 602 contendebat,
3212 549 3442 606 regnum
3481 546 3538 589 et
3575 533 3693 605 ipse

2107 633 2515 697 vindicaturus,
2573 643 2634 686 ut
2701 631 2847 701 quod
2887 629 2992 686 sibi
3025 645 3091 683 ex
3133 627 3318 698 priore
3360 635 3694 682 testamento

2107 726 2408 782 deberetur
2441 743 2456 780 :
2483 741 2601 780 eam
2627 741 2779 796 spem
2812 724 2932 793 ejus
2965 721 3183 776 Salome
3220 719 3509 774 incitante.
3549 719 3700 773 Cum-

2108 820 2166 874 in
2205 819 2401 874 urbem
2447 818 2752 878 venissent.
2787 816 2912 870 aliis
2965 814 3260 879 Archelao,
3307 811 3430 868 aliis
3477 811 3695 882 Antipze

2108 909 2611 980 patrocinantibus,
2656 908 2838 964 Caesar
2891 907 3214 977 suffragium
3273 920 3375 976 pro
3418 903 3694 959 Archelao

2110 1003 2257 1059 tulit.
2315 1003 2455 1057 Dum
2523 1002 2644 1057 hmo
2729 1009 3022 1072 geruntur,
3082 997 3401 1054 Judatorum
3490 997 3694 1052 seditio

2106 1091 2415 1147 nuntiatur.
2466 1091 2601 1146 Nam
2640 1091 2697 1144 in
2736 1090 2877 1144 festo
2908 1089 3268 1144 Pentccostes
3303 1088 3495 1142 multis
3527 1088 3696 1142 milli-

2108 1183 2214 1239 bus
2271 1184 2515 1255 undique
2555 1182 2928 1254 congregatis,
2989 1182 3220 1237 Romani
3276 1196 3402 1236 cum
3460 1191 3698 1251 prretore

2111 1275 2318 1332 Sabino
2373 1286 2505 1334 sunt
2570 1277 2828 1337 obsessi:
2884 1288 2941 1332 et
2992 1276 3107 1330 acri
3163 1291 3342 1346 pugna
3401 1275 3697 1330 commissa

2109 1371 2387 1427 vicerunt.
2416 1370 2593 1426 Judaei
2640 1385 2773 1425 vero
2829 1369 3160 1439 porticibus,
3196 1384 3320 1439 qua:
3347 1378 3502 1422 extra
3559 1377 3699 1422 teru-

2110 1463 2264 1535 plum
2303 1475 2452 1532 suut,
2509 1466 2818 1536 occupatis,
2865 1473 2922 1518 et
2961 1464 3088 1519 inde
3123 1464 3246 1518 telis
3275 1479 3344 1518 ex
3403 1464 3696 1534 superiore

2110 1558 2235 1612 loco
2267 1558 2556 1629 conjectis,
2586 1558 2818 1612 multum
2853 1557 3117 1613 Romanis
3141 1566 3474 1612 nocuerunt.
3515 1556 3584 1610 At
3619 1556 3696 1610 illi

2111 1649 2291 1720 ignem
2324 1649 2630 1719 porticibus
2653 1650 2983 1720 injecerunt,
3019 1663 3257 1722 eumque
3290 1648 3516 1702 materia
3543 1649 3696 1702 aluc-

411 1735 908 1807 συναθροισθεισῶν
939 1739 1300 1809 πανταχόθεν,
1336 1741 1429 1794 ὑπ’
1451 1741 1633 1796 αὐτῶν
1663 1743 1712 1797 οἱ
1749 1742 2006 1814 Ῥωμαῖοι

2115 1750 2267 1805 runt,
2287 1757 2406 1811 qua:
2419 1740 2691 1794 flairimant
2720 1739 2959 1794 excitare
2986 1746 3192 1810 posset.
3239 1738 3316 1792 Ea
3354 1737 3611 1792 celeriter
3640 1737 3694 1788 in

411 1827 1012 1900 συγκατεκλείσθησαν,
1211 1833 1376 1896 αὐτὸς
1409 1833 1637 1899 Σαϐῖνος
1676 1807 2006 1909 (στρατηγὸς

2112 1834 2286 1890 altum
2319 1834 2486 1898 elata,
2519 1832 2612 1887 alii
2645 1848 2753 1886 una
2787 1847 2911 1886 cum
2957 1832 3118 1886 tectis
3165 1838 3520 1894 corruerunt,
3556 1830 3697 1884 alios

409 1918 468 1973 δὲ
494 1913 562 1990 ἦν
588 1912 744 1984 οὗτος
779 1919 1094 1994 Ῥωμαίων)
1119 1925 1214 1977 καὶ
1249 1927 1400 1997 μάχη
1437 1921 1505 1998 ἦν
1537 1928 1805 2000 καρτερὰ,
1834 1933 1928 1984 καὶ
1956 1931 2006 1984 οἱ

2112 1927 2305 1984 hostes
2347 1925 2665 1982 circumfusi
2706 1924 2908 1997 jaculis
2958 1923 3344 1987 confecerunt,
3392 1921 3484 1976 alii
3530 1935 3590 1976 se
3639 1923 3693 1974 in

421 2009 682 2083 Ῥωμαῖοι
711 2015 1005 2085 ἐκράτουν.
1055 2017 1517 2088 Περιοδεύσαντες
1541 2016 1636 2076 οὖν
1657 2024 1706 2076 of
1735 2021 2006 2093 Ἰουδαῖοι,

2109 2021 2291 2092 ignem
2315 2021 2692 2092 coniecerunt,
2721 2017 2813 2072 alii
2838 2017 2894 2072 in
2918 2032 3050 2072 suos
3089 2031 3251 2072 enses
3272 2015 3649 2069 incubueruut
3675 2030 3692 2069 :

407 2105 617 2170 ἐπὶτὰς
654 2107 817 2170 στοὰς
848 2108 1086 2179 ἀνῆλθον
1112 2109 1213 2172 τὰς
1239 2110 1347 2176 ἔξω
1373 2111 1470 2165 τοῦ
1496 2112 1671 2183 ίεροῦ,
1693 2113 2000 2169 κάντεῦθεν

2112 2128 2277 2170 nemo
2314 2112 2557 2182 denique
2597 2127 2666 2166 ex
2709 2110 2777 2165 iis
2805 2109 2899 2180 qui
2955 2109 3204 2179 porticus
3232 2106 3694 2167 conscenderant,

409 2199 472 2266 ἐξ
526 2198 864 2270 ὑπερδεξίων
904 2199 1221 2271 βάλλοντες,
1291 2203 1506 2274 μεγάλα
1553 2205 1826 2261 ἔϐλαπτον
1881 2207 2010 2273 τοὺς

423 2289 754 2360 Ῥωμαίους.
784 2293 848 2346 Οἱ
879 2293 937 2346 δὲ
965 2293 1080 2365 πῦρ
1108 2297 1233 2360 ταῖς
1269 2299 1456 2361 στοαῖς
1488 2299 1690 2366 ἐνιᾶσι,
1715 2301 1811 2355 καὶ
1838 2301 2003 2356 τοῦτο

414 2384 727 2456 ὑπέτρεφον
766 2383 947 2451 ὕλαις,
991 2387 1236 2458 ἐγείρειν
1285 2388 1465 2459 φλόγα
1519 2393 2009 2461 πεφυκυίαιςοκαὶ

411 2479 552 2550 ταχὺ
581 2479 790 2550 ¹ἥπτετο
834 2479 933 2534 τοῦ
959 2479 1162 2551 ὀρόφου
1187 2497 1203 2515 ο
1236 2483 1332 2537 καὶ⁸
1361 2484 1410 2536 of
1459 2483 1556 2538 ἐπὶ
1603 2484 1716 2540 τῶν
1747 2486 1918 2542 στοῶν
1957 2487 2008 2540 οί

415 2571 516 2642 μὲν
565 2571 647 2643 τῷ
700 2571 890 2644 ὀρόφῳ
941 2575 1456 2648 καταῤῥηγνυμένῳ
1505 2579 2006 2649 συγκατεφέροντο,

408 2663 537 2727 τοὺς
561 2663 620 2718 δὲ
648 2665 979 2735 περισταδὸν
1017 2665 1244 2722 ἔϐαλλον
1273 2669 1325 2722 oi
1355 2668 1630 2739 πολέμιοι,
1659 2671 1710 2724 οἱ
1744 2671 1803 2725 δὲ
1839 2673 1921 2736 είς
1945 2671 2007 2724 τὸ

409 2755 522 2826 πῦρ
554 2755 771 2825 ἐνίεσαν
832 2759 1088 2825 ἑαυτοὺς,
1116 2761 1167 2814 oi
1195 2760 1254 2815 δέ
1279 2763 1397 2824 τοῖς
1446 2762 1663 2816 ἐαυτῶν
1697 2763 2007 2817 ἐκτείνοντο

409 2847 645 2918 ξίφεσιν,
682 2848 864 2921 ἐσώθη
906 2867 968 2904 τε
1001 2853 1110 2907 τῶν
1144 2853 1203 2906 ἐν
1245 2855 1370 2918 ταῖς
1420 2854 1606 2918 στοαῖς
1672 2854 2007 2908 ἀνελθόντων

412 2940 820 3010 οὐδῗόστισοῦν.
867 2942 980 2997 Καὶ
1005 2944 1059 2997 οι
1118 2941 1389 3017 Ῥωμαῖοι
1422 2945 1693 3016 ἐκράτουν
1721 2943 1819 2998 τοῦ
1859 2943 2007 3016 ἱεροῦ

417 3029 698 3102 θησαυροῦ
733 3048 748 3064 ·
780 3033 878 3086 καὶ
929 3032 1103 3088 πολλὰ
1160 3033 1261 3105 μὲν
1312 3032 1416 3087 ὑπὸ
1483 3033 1593 3087 τῶν
1657 3032 2008 3105 στρατιωτῶν

2109 2204 2302 2261 evasit.
2341 2201 2575 2258 Romani
2595 2211 2782 2256 autem
2817 2213 2976 2255 sacro
3013 2198 3278 2254 thesauro
3310 2204 3443 2252 sunt
3480 2195 3646 2266 potitl
3680 2213 3694 2248 :

2109 2303 2168 2353 et
2212 2309 2526 2366 quanquam
2560 2309 2752 2366 magna
2800 2292 3035 2364 pecunia
3066 2291 3285 2363 direpta
3334 2307 3365 2348 a
3400 2289 3696 2354 militibus,
3779 2355 3783 2358 ,

2106 2389 2351 2446 Sabinus
2393 2397 2574 2444 tamen
2601 2402 2728 2443 cecc
2762 2387 2969 2462 talenta
3003 2394 3333 2442 conservata
3361 2384 3419 2440 in
3443 2393 3694 2454 apertum

2109 2482 2367 2554 protulit.
2402 2481 2511 2536 Sed
2544 2480 2639 2551 qui
2694 2496 2764 2536 ex
2799 2477 3179 2550 pugnantibus
3220 2475 3572 2547 superfuere,
3605 2494 3695 2528 ru-

2107 2577 2256 2647 giam
2300 2573 2825 2639 circumdederunt,
2877 2571 3038 2643 262
3083 2585 3206 2626 eam
3251 2584 3310 2624 se
3353 2578 3700 2624 crematuros

2109 2681 2234 2722 esse
2268 2665 2486 2731 minati,
2533 2672 2700 2734 atque
2741 2677 2936 2718 omnes
2970 2661 3295 2716 occisuros:
3336 2659 3423 2714 sin
3457 2659 3699 2720 abirent,

2110 2758 2499 2829 impunitatem
2524 2756 2794 2812 Romanis
2815 2766 2871 2811 et
2901 2754 3110 2811 Sabino
3157 2752 3592 2823 pollicebantur,
3633 2767 3701 2806 ae

2105 2851 2273 2906 multi
2332 2849 2468 2920 regii
2524 2847 2796 2904 satellites
2841 2845 2912 2902 ad
2965 2846 3092 2919 illos
3137 2844 3486 2900 defecerunt.
3523 2843 3701 2898 Rufus

2109 2952 2296 2998 autem
2322 2951 2376 2996 et
2407 2941 2634 3007 Gratus,
2680 2939 2776 3010 qui
2805 2938 2913 2994 tria
2946 2938 3124 2993 millia
3152 2953 3220 2992 ex
3260 2936 3501 2992 Herodis
3539 2951 3701 2992 exer-

2104 3037 2227 3091 citu
2261 3037 2514 3091 virorum
2560 3034 2920 3090 robustorum
2972 3032 3274 3097 habebant,
3315 3031 3383 3085 ad
3420 3031 3700 3086 Romanos

408 3122 742 3194 διήρπαστο,
802 3125 1034 3190 Σαϐῖνος
1076 3125 1135 3179 δὲ
1188 3126 1270 3191 είς
1315 3126 1378 3180 τὸ
1423 3125 1660 3198 φανερὸν
1716 3127 2004 3198 τριακόσια

2111 3146 2171 3188 se
2203 3130 2531 3187 contulere:
2561 3143 2666 3184 nec
2704 3136 2892 3182 tamen
2941 3125 3289 3181 obsidionem
3318 3124 3704 3181 Judaeisolw—

410 3215 724 3286 περιέσωσε
784 3216 1049 3270 τάλαντα.
1107 3217 1175 3271 Οἵ
1219 3234 1284 3287 γε
1349 3217 1457 3290 μὴν
1524 3217 2005 3290 περιλελειμμένοι

2108 3232 2263 3286 runt,
2285 3238 2452 3294 quam
2491 3222 2731 3277 Sabinus
2766 3220 2988 3276 fortiter
3026 3219 3307 3275 toleravit.
3344 3219 3553 3274 Praater
3582 3217 3704 3271 haec

407 3304 516 3360 τῶν
550 3306 901 3378 μαχομένων,
933 3307 994 3361 τὸ
1023 3307 1297 3379 βασίλειον
1326 3309 1702 3379 περισχόντες,
1739 3311 1854 3381 πῦρ
1901 3311 2005 3381 ἐμ-

409 3397 595 3454 ϐαλεῖν
629 3398 782 3468 αὐτῷ
810 3401 1100 3470 ἠπείλουν,
1158 3401 1259 3456 καὶ
1313 3400 1567 3465 ἅπαντας
1602 3403 1848 3456 κτεῖναιο
1880 3405 1929 3458 εί
1957 3401 2004 3456 δ’

408 3491 648 3558 ἀπίοιεν,
695 3491 885 3548 ἄδειαν
932 3495 1048 3558 τοῖς
1098 3493 1403 3565 Ῥωμαίοις
1441 3494 1874 3566 ἐπηγγέλλοντο,
1907 3495 2005 3550 καὶ

413 3583 650 3657 Σαϐίνῳ,
676 3584 772 3639 καὶ
800 3583 986 3638 πολλοὶ
1011 3584 1122 3638 τῶν
1159 3585 1464 3656 βασιλικῶν
1499 3589 1639 3657 πρὸς
1661 3585 1863 3651 αὐτοὺς
1902 3587 2006 3659 ηὐ-

409 3679 742 3749 τομόλησαν.
775 3677 1005 3747 Ῥοῦφος
1035 3678 1220 3733 δὲ’καὶ
1242 3679 1474 3751 Γρᾶτος,
1530 3680 1872 3751 τρισχιλίους
1906 3679 2002 3735 τοῦ

425 3769 672 3842 Ἡρώδου
707 3771 1121 3842 στρατεύματος
1147 3771 1370 3845 ἔχοντες
1391 3772 1599 3846 ἄνδρας
1645 3774 2007 3848 ἐρρωμένους

409 3866 525 3928 τοῖς
559 3864 805 3935 σώμασι,
856 3863 1154 3934 Ῥωμαίοις
1199 3866 1616 3938 προστίθενται.
1674 3868 2004 3924 Ἰουδαῖοιδέ

409 3958 471 4011 οὗ
511 3957 762 4029 μεθίεντο
790 3958 889 4028 τῆς
927 3958 1274 4028 πολιορκίας,
1297 3960 1393 4014 καὶ
1428 3959 1654 4024 Σαϐῖνος
1707 3961 2006 4032 ἐκαρτέρει

410 4046 894 4119 πολιορκούμενος.
937 4047 1064 4100 Ἐπὶ
1085 4047 1298 4112 τούτοις
1324 4052 1418 4102 καὶ
1441 4049 1625 4119 ἕτεροι
1653 4048 1874 4123 θόρυϐοι
1903 4052 2004 4124 τὴν

423 4137 690 4194 Ἰουδαίαν
720 4139 1049 4195 κατέλαϐον.
1091 4138 1295 4204 Ἰούδας
1339 4141 1451 4212 γὰρ
1483 4141 1729 4204 Ἐζεκίου
1779 4143 1877 4196 τοῦ
1901 4144 2006 4214 ἀρ-

409 4227 668 4301 χιλῃστοῦ
706 4229 844 4294 υίδς,
877 4229 972 4283 τοῦ
1010 4229 1102 4300 ὑφ’
1136 4229 1382 4301 Ἡρώδου
1410 4232 1673 4302 μεγάλοις
1702 4233 2006 4304 ληφθέντος

411 4323 620 4391 πόνοις,
667 4323 1086 4394 συστησάμενος
1135 4323 1364 4394 πλῆθος,
1416 4325 1476 4377 τὸ
1522 4325 1654 4396 περὶ
1713 4326 2007 4399 Σέπφωριν

410 4415 514 4485 τῆς
573 4415 870 4478 Γαλιλαίας
922 4415 1202 4486 ἐπέδραμε
1245 4415 1538 4488 βασίλείῳ,
1599 4420 1691 4472 καὶ
1741 4419 1854 4473 τῶν
1889 4423 2010 4475 ἐκεῖ

2105 3317 2201 3375 alii
2226 3332 2449 3388 quoque
2477 3315 2748 3370 tumultus
2771 3314 2884 3369 orti
2914 3322 3064 3369 sunt.
3094 3313 3230 3367 Nam
3250 3311 3424 3368 ludas
3449 3310 3704 3366 Ezechiae

2103 3410 2384 3465 latronum
2418 3407 2581 3462 ducis
2601 3406 2766 3473 filius,
2795 3420 2962 3476 quem
2988 3402 3250 3459 llaarodes
3281 3418 3426 3474 mgre
3451 3412 3698 3472 ceperat,

2107 3501 2170 3556 in
2217 3500 2459 3557 Galilaaa:
2505 3499 2711 3571 regiam
2757 3497 2916 3569 juxta
2954 3495 3251 3568 Sephorim
3290 3495 3437 3550 facto
3467 3495 3704 3564 impetu,

2107 3594 2282 3650 armis
2317 3609 2440 3664 qua:
2503 3593 2582 3648 ibi
2621 3600 2782 3651 erant
2837 3605 2967 3646 suos
3009 3588 3297 3653 instruxit,
3345 3597 3404 3645 et
3440 3587 3706 3642 omnibus

2107 3687 2213 3744 fuit
2240 3685 2625 3742 formidabilis.
2673 3682 2782 3740 Sed
2811 3690 2868 3740 et
2903 3683 3095 3739 Simon
3144 3681 3380 3738 Herodis
3417 3681 3564 3752 regis
3581 3695 3704 3736 ser-

2105 3795 2229 3847 vus,
2252 3789 2517 3836 cancrum
2541 3779 2626 3833 vir
2641 3777 2887 3847 pulcher,
2922 3786 2978 3833 et
3004 3774 3383 3847 magnitudine
3415 3785 3474 3829 et
3496 3773 3701 3828 robore

2107 3873 2358 3944 corporis
2395 3872 2744 3944 praecellens,
2798 3885 2988 3926 rerum
3044 3868 3224 3924 turbis
3253 3867 3548 3937 impulsus,
3582 3865 3704 3920 dia-

2106 3967 2270 4023 dema
2301 3981 2524 4023 sumere
2543 3977 2731 4029 ausus,
2761 3961 3140 4018 multitudinis
3168 3975 3450 4016 concursu
3496 3968 3554 4016 et
3577 3960 3699 4030 ipse

2107 4075 2208 4116 rex
2243 4059 2578 4131 appellatus,
2621 4056 3064 4112 Hierichuutiam
3090 4065 3148 4110 et
3191 4054 3328 4109 alias
3355 4053 3558 4108 multas
3599 4054 3703 4108 do-

2108 4167 2229 4208 mos
2256 4153 2435 4223 regias
2474 4150 2723 4206 incendit
2762 4158 2930 4219 atque
2962 4147 3216 4218 diripuit.
3255 4145 3459 4200 Verum
3496 4144 3704 4200 Gratus

2113 4244 2298 4316 pra'lio
2359 4243 2694 4307 commisso,
2755 4241 3051 4313 plerOSque
3115 4237 3354 4303 cecidit,
3415 4236 3698 4307 ipsiusque

2111 4336 2355 4392 Simonis
2383 4324 2548 4406 caput
2592 4333 2924 4404 amputavit.
2989 4333 3170 4402 Atque
3207 4331 3300 4386 alii
3347 4346 3568 4401 quoque
3603 4329 3696 4382 illo

2113 4438 2366 4499 tempore
2399 4427 2768 4482 seditionibus
2808 4425 2989 4490 motis,
3023 4433 3080 4479 et
3106 4423 3287 4495 regios
3330 4432 3385 4478 et
3422 4423 3698 4476 Romanos

411 4511 699 4583 κρατήσας
732 4510 936 4573 ὃπλων,
963 4509 1175 4564 ὥπλισε
1206 4511 1336 4574 τοὺς
1373 4512 1505 4582 περὶ
1551 4513 1741 4581 αὑτὸν,
1767 4516 2005 4586 φοϐερός

2112 4521 2470 4577 infestarunt.

409 4623 471 4660 τε
504 4605 711 4662 ἅπασιν
735 4603 828 4677 ἦν.
868 4606 1031 4661 Ἀλλὰ
1064 4609 1158 4661 καὶ
1187 4607 1372 4678 Σίμων
1395 4608 1586 4674 δοῦλος
1652 4611 1755 4682 μὲν
1821 4614 2068 4688 Ἡρώδου
2108 4617 2204 4672 τοῦ
2263 4615 2553 4688 βασιλέως,
2609 4613 2749 4685 ἀνὴρ
2797 4613 3156 4685 δἐὺπρεπὴς,
3191 4613 3288 4665 καὶ
3332 4610 3555 4681 μεγέθει
3592 4609 3701 4664 σώ-

413 4717 584 4772 ματος
617 4701 716 4754 καὶ
752 4699 946 4772 Ῥώμῃ
998 4697 1277 4770 προῦχων,
1307 4699 1501 4771 ἀρθεὶς
1530 4704 1598 4773 τῇ
1665 4709 1882 4777 ταραχῇ
1955 4709 2068 4764 τῶν
2109 4709 2478 4780 πραγμάτων.
2534 4707 2808 4777 ἐτόλμησε
2869 4705 3199 4775 περιθέσθαι
3269 4704 3532 4774 διάδημα.
3585 4704 3702 4756 Καὶ

409 4793 648 4862 πλήθους
689 4792 991 4855 συστάντος
1024 4793 1158 4862 περὶ
1185 4793 1372 4860 αὑτὸν,
1395 4793 1652 4864 βασιλεὺς
1689 4797 1784 4850 καὶ
1829 4799 1994 4862 αὐτὸς
2033 4799 2394 4873 ἀναρρηθεὶς,
2452 4799 2514 4852 τὸ
2571 4800 2631 4851 ἐν
2679 4797 3007 4868 Ἱεριχοῦντι
3054 4795 3331 4867 βασίλειον
3386 4795 3700 4864 πίμπρησι,

407 4886 504 4941 καὶ
527 4885 723 4951 ἄλλους
753 4886 811 4941 δὲ
842 4885 951 4940 τῶν
1007 4885 1304 4957 βασιλικῶν
1355 4889 1544 4954 οῖκων,
1579 4889 1893 4960 διαρπάσας
1925 4891 1994 4946 τὰ
2032 4893 2092 4948 ἐν
2159 4895 2366 4958 αὐτοῖς.
2438 4891 2606 4945 Ἀλλὰ
2638 4890 2817 4962 τούτῳ
2846 4889 3058 4962 Γρᾶτος
3124 4888 3305 4960 μάχην
3353 4886 3701 4957 severi/aged

404 4999 470 5036 τε
509 4981 646 5037 πολὺ
684 4982 783 5037 τοῦ
834 4987 960 5055 μετ’
1013 4983 1182 5039 αὐτοῦ
1245 4984 1489 5056 πλήθους
1548 4986 1975 5060 διέφθειρε,καὶ
1997 4989 2162 5044 αὐτοῦ
2219 4990 2314 5043 τοῦ
2382 4989 2630 5059 Σίμωνος
2691 4987 2790 5058 τὴν
2824 4985 3072 5055 κεφαλὴν
3109 4985 3395 5054 κρατήσας
3420 4983 3694 5051 ἀπέτεμε.

404 5076 521 5133 Καὶ
563 5075 716 5130 ἄλλοι
742 5076 801 5130 δὲ
834 5079 1165 5132 στασιασταὶ
1213 5080 1360 5133 κατὰ
1407 5079 1502 5133 τὸν
1534 5081 1732 5152 καιρὸν
1792 5085 2004 5136 ἐκεῖνον
2041 5084 2311 5151 ἐγένοντο,
2353 5083 2656 5146 κακοῦντες
2723 5080 2820 5134 καὶ
2865 5079 3174 5148 Ῥωμαίους
3245 5079 3340 5130 καὶ
3383 5079 3510 5138 τοὺς
3543 5076 3702 5145 βασι*

402 5163 610 5220 λικούς.
1013 5176 1029 5192 ’

441 5181 610 5227 ικους.

479 5263 557 5318 B'.
600 5260 812 5330 Οὔαρος
835 5261 918 5328 -δέ,
951 5261 1010 5314 ἐν
1049 5261 1221 5334 Συρίᾳ
1263 5260 1450 5332 μαθὼν
1483 5262 1554 5317 τὰ
1584 5264 1727 5318 κατὰ
1757 5265 1849 5318 τὸν
1901 5266 2006 5319 Σα-

2186 5267 2252 5321 ll.
2288 5266 2462 5322 Varus
2495 5275 2682 5320 autem
2737 5278 2862 5318 cum
2894 5263 2948 5316 in
3000 5262 3156 5330 Syria
3211 5257 3536 5323 audivisset,
3589 5273 3700 5327 quo

409 5355 580 5420 ϐῖνον,
631 5354 900 5424 ἠπείγετο
934 5356 1050 5419 τοῖς
1105 5356 1166 5410 ἐν
1216 5355 1455 5429 Ἰουδαίᾳ
1509 5357 2002 5430 πολιορκουμένοις

2111 5361 2236 5416 loco
2262 5375 2352 5414 res
2402 5358 2598 5413 Sabini
2649 5366 2873 5422 essent,
2918 5370 3079 5426 opem
3119 5353 3363 5408 obsessis
3411 5353 3464 5405 in
3511 5351 3700 5406 Judaea

406 5445 728 5514 ἀλέξασθαι.
745 5446 1167 5518 Ἀθροισθείσης
1185 5447 1242 5502 δὲ
1271 5451 1330 5503 ἐν
1349 5449 1678 5520 Πτολεμαΐδι
1699 5452 1800 5520 τῆς
1828 5451 1997 5506 αὑτοῦ

2110 5453 2260 5508 ferre
2297 5452 2636 5518 maturabat,
2671 5464 2727 5504 et
2782 5449 3042 5504 omnibus
3089 5444 3398 5516 legionibus
3433 5446 3550 5499 suis
3578 5445 3704 5500 Pto-

408 5540 702 5611 δυνάμεως
756 5541 964 5609 πάσης,
1000 5541 1168 5612 μέρος
1208 5558 1262 5595 τι
1305 5541 1509 5612 ταύτης
1552 5543 1630 5613 τῷ
1662 5542 1766 5613 υίῷ
1815 5561 1998 5613 παραυ

2108 5544 2345 5600 lemaide
2382 5544 2612 5608 coactis,
2663 5543 2834 5594 lilium
2868 5556 2994 5594 cum
3051 5547 3206 5608 parte
3265 5538 3332 5592 ad
3394 5537 3597 5591 bellum
3648 5539 3702 5591 in

411 5631 563 5697 δοὺς,
589 5632 895 5694 Γαλιλαίοις
946 5631 1225 5702 ἐξέπεμψε
1264 5634 1528 5704 πολεμεῖν
1549 5652 1562 5668 ο
1595 5634 1656 5698 ὃς
1709 5634 2006 5705 συμϐαλὼν

2112 5638 2334 5692 Galilma
2411 5635 2713 5706 gerendum
2784 5631 3096 5702 ablegavit,
3165 5646 3343 5700 eoque
3411 5626 3705 5685 victoriam

413 5725 666 5791 ἐκείνοις,
689 5725 1015 5794 ἐκράτησεν.
1050 5724 1261 5804 (ξῦαρος
1290 5727 1369 5793 δέ,
1401 5727 1478 5799 τῷ
1504 5728 1680 5800 λοιπῷ
1707 5729 1801 5782 τοῦ
1841 5746 2006 5798 στρα-

2115 5732 2315 5798 adepto
2370 5743 2497 5781 cum
2555 5725 2770 5794 reliquo
2832 5722 3081 5777 exercitu
3139 5719 3521 5793 Hierosolyma
3570 5735 3704 5790 pro-

415 5815 690 5886 τεύματος
721 5816 967 5888 προσιὼν
995 5818 1076 5881 εἰς
1118 5816 1600 5888 ’1εροσόλυμα,είς
1633 5820 1838 5876 δειλίαν
1885 5817 2006 5886 τοὺς

2119 5821 2318 5884 fectus.
2355 5818 2564 5891 Judmis
2599 5827 2866 5874 tcrrorcm
2899 5815 3153 5881 incussit,
3195 5823 3254 5869 ut
3301 5816 3504 5870 omissa
3549 5813 3700 5868 obsi-
