4074 6402
385 323 498 388 463
1667 310 1992 371 ΙΟᾸΧἪΞ
2033 312 2350 371 ΖΟΝᾹΠᾸΞ
3306 341 3308 344 τ
3557 321 3666 380 464

377 451 544 504 dieue
606 443 841 498 abirent.
907 428 1393 504 llierosolymilani
1445 442 1578 484 vero
1625 442 1655 482 a
1708 427 1848 481 Varo
1897 425 1969 480 ob

2076 425 2507 497 πολιορκοῦντας
2535 427 2648 481 τῶν
2678 428 2957 484 Ἰουδαίων
2992 431 3239 496 ἐνέϐαλε,
3275 429 3367 486 καὶ
3408 431 3664 496 λιπόντες

381 543 584 597 bellum
614 537 818 589 factum
845 529 1111 588 accusati.
1146 524 1572 595 responderunt,
1598 521 1786 591 populi
1825 536 1963 574 cou-

2098 521 2170 589 ηὴν
2202 520 2520 589 πολιορκίαν
2559 521 2852 592 ἡμίεργον,
2898 523 3126 594 ᾤχοντο.
3180 525 3395 594 Ούὰρου
3443 525 3500 578 δὲ
3545 528 3666 589 τοῖς
3703 520 3707 524 ’

381 642 605 686 ventum
637 628 709 681 ob
740 623 1094 679 fistivitatem
1145 634 1266 672 esse
1314 617 1542 676 factum,
1581 615 1781 669 bellum
1829 627 1963 666 vero

2079 611 2538 682 Ἱεροσολυμίταις
2569 615 2940 682 ἐγκαλοῦντος
2971 617 3060 670 διὰ
3084 617 3175 670 τὸν
3228 617 3492 685 πόλεμον,
3511 619 3661 670 ἐκεῖ·

381 727 453 780 ali
478 721 706 778 advenis
734 733 855 772 esse
890 715 1211 770 excitatum.
1263 710 1452 779 Itaque
1489 707 1663 762 Varus
1694 704 1966 760 militibus

2069 722 2153 758 νοι
2183 705 2282 776 τὴν
2311 705 2406 760 τοῦ
2441 706 2682 776 πλήθους
2715 707 2935 762 σύνοδον
2967 709 3057 762 διὰ
3107 710 3207 779 τὴν
3241 710 3437 780 ἑορτὴν
3472 710 3665 776 ἔλεγον

381 819 436 870 in
469 828 628 878 agros
662 808 864 866 missis,
911 813 1166 858 auctores
1208 799 1501 853 seditionis
1549 796 1872 866 inquisivit:
1909 804 1964 848 et

2071 797 2377 863 γεγονέναι,
2403 797 2495 850 τὸν
2527 797 2583 850 δὲ
2622 797 2864 865 πόλεμον
2894 798 3048 868 παρὰ
3072 800 3184 852 τῶν
3210 799 3518 868 ἐπηλύδων.
3545 799 3663 852 Καὶ

382 902 667 960 nonnullis
709 897 967 968 repertis,
996 893 1064 947 ad
1099 907 1132 946 ιι
1159 890 1328 944 millia
1370 889 1425 942 in
1465 902 1659 942 cruces
1682 886 1813 956 egit.
1855 883 1963 938 Sed

2069 887 2350 960 ὀούαρος,
2377 889 2600 960 πέμψας
2625 891 2766 944 κατά
2810 891 2913 959 τὴν
2957 891 3165 962 χώραν,
3221 891 3479 960 ἐπεζήτει
3531 892 3664 954 τοὺς

381 1007 437 1051 et
472 997 562 1050 alii
599 991 820 1048 circiter
857 986 1042 1042 decies
1090 983 1240 1038 mille
1289 981 1433 1036 Varo
1471 991 1665 1035 contra
1711 993 1808 1033 eos
1855 977 1964 1030 du-

2065 979 2274 1043 αίτίους
2295 981 2393 1050 τῆς
2420 981 2682 1046 στάσεως,
2708 986 2800 1035 καὶ
2834 982 3011 1052 εὑρών
3042 984 3216 1046 ἐνίους
3261 983 3521 1035 ἐκόλασε·
3546 984 3669 1037 δισ-

381 1089 527 1145 centi
568 1105 626 1142 se
662 1083 1015 1143 dediderunt,
1061 1091 1296 1148 quorum
1338 1073 1683 1144 principibus
1735 1071 1962 1126 Romam

2066 1072 2224 1143 χίλιοι
2259 1071 2369 1143 γὰρ
2417 1072 2844 1144 ἐσταυρώθησαν
2881 1091 2896 1106 ο
2945 1076 3039 1127 καὶ
3079 1075 3260 1145 ἕτεροι
3304 1075 3360 1128 δὲ
3392 1077 3522 1144 περὶ
3557 1093 3665 1143 ρυ-

383 1180 589 1241 missis,
631 1174 865 1231 llerodis
919 1170 1185 1224 duntaxat
1231 1166 1446 1236 cognati
1490 1165 1582 1234 qui
1631 1178 1756 1218 cum
1814 1160 1962 1216 sediv

2069 1165 2222 1236 ρίους
2281 1165 2480 1237 Ούάρῳ
2515 1165 2638 1219 κατ’
2661 1167 2840 1220 αὐτῶν
2861 1167 3150 1238 ώρμηκότι
3169 1167 3500 1236 παρέδωκαν
3536 1167 3664 1218 ἐαυ-

383 1274 541 1329 tiosis
575 1269 890 1331 militarant,
929 1259 1215 1332 suppliciis
1259 1257 1440 1312 ail‘ccti
1488 1263 1636 1310 sunt.
1680 1255 1810 1308 Post
1848 1252 1966 1306 luce

2065 1255 2227 1320 τούς·
2263 1259 2292 1311 ὁ
2334 1258 2389 1311 δὲ
2429 1259 2568 1329 πρὸς
2625 1260 2886 1330 Καίσαρα
2933 1261 3146 1330 πέμπει
3186 1263 3315 1322 τοὺς
3381 1260 3663 1328 ἡγεμόνας

384 1370 696 1424 Iudaeorum
723 1359 886 1430 legati
917 1357 1144 1410 Romam
1183 1349 1412 1422 profecti
1449 1357 1598 1411 sunt,
1632 1345 1727 1415 qui
1752 1343 1962 1398 indicto

2082 1351 2270 1404 αὐτῶν
2297 1367 2310 1381 °
2339 1353 2558 1421 Καῖσαρ
2588 1352 2644 1405 δέ
2678 1353 2875 1424 μόνους
2911 1354 3194 1420 ἐκόλασεν,
3219 1355 3337 1407 ὅσοι
3366 1355 3662 1421 συγγενεῖς

381 1479 409 1515 ο
441 1460 650 1514 (Legam
678 1450 938 1511 czlllClliO,
984 1447 1301 1504 Judworum
1337 1442 1565 1498 circiter
1593 1455 1684 1492 rm
1716 1436 1962 1491 millibus

2067 1443 2220 1507 ὄντες
2265 1444 2510 1515 Ἡρώδου
2543 1447 2979 1516 συνεστράτευον
3013 1449 3128 1509 τοῖς
3156 1448 3538 1507 στασιασταῖς.
3564 1445 3663 1508 Εἰς

382 1552 475 1622 qui
539 1551 724 1605 Roma:
791 1542 1100 1612 degebant,
1153 1534 1587 1605 suifragantibus
1648 1531 1962 1586 libertatem

2068 1534 2127 1588 δὲ
2169 1535 2391 1605 Ῥώμην
2431 1536 2490 1604 ἐξ
2523 1536 2789 1601 Ἰουδαίας
2816 1537 3084 1608 πρέσϐεις
3116 1538 3405 1606 ἀφίκοντο,
3431 1540 3526 1590 καὶ
3560 1537 3661 1590 τοῦ

384 1646 728 1717 postularunt
760 1657 772 1694 :
808 1647 868 1691 et
906 1635 974 1690 ad
1010 1631 1325 1702 iniquitatis
1369 1625 1695 1682 Herodianus
1740 1637 1965 1678 accusa-

2064 1627 2343 1697 Καίσαρος
2371 1630 2784 1699 συστησαμένου
2822 1630 3186 1700 συνέδριον,οί
3214 1628 3475 1699 πρεσϐεις
3508 1646 3667 1682 συνι-

383 1752 588 1792 nonem
623 1730 899 1793 conversi,
930 1727 1092 1797 263
1115 1738 1240 1778 cum
1277 1737 1384 1775 non
1421 1735 1624 1790 regem,
1651 1716 1745 1771 sed
1777 1725 1964 1786 tyran-

2066 1720 2374 1786 σταμένους
2437 1721 2656 1791 ἔχοντες
2709 1721 2819 1775 τών
2845 1722 2940 1774 ἐπὶ
2969 1722 3193 1793 Ῥώμης
3220 1721 3501 1776 Ἰουδαίων
3533 1725 3665 1793 περὶ

381 1848 513 1886 num
533 1827 841 1881 vocabant:
867 1835 990 1874 nam
1007 1833 1130 1872 cum
1157 1815 1386 1871 Judaica
1405 1828 1538 1882 gens
1561 1827 1701 1880 saepe
1725 1807 1967 1880 graviter

2073 1812 2536 1883 ὀκτακισχιλίους,
2583 1815 2916 1884 αὐτονομίαν
2967 1815 3154 1887 ᾔτουν,
3204 1817 3299 1869 καὶ
3362 1817 3456 1868 ἐπὶ
3497 1833 3669 1886 κατη-

380 1925 581 1978 amicta
611 1926 790 1981 esset,
829 1915 1010 1968 nullas
1039 1919 1222 1964 tamen
1270 1919 1545 1961 aerumnas
1571 1917 1696 1958 cum
1750 1902 1818 1956 iis
1847 1913 1968 1955 esse

2072 1906 2264 1977 γορίαν
2314 1909 2426 1960 τῶν
2491 1907 2708 1978 Ἡρώδῃ
2763 1908 3062 1978 τρέπονται
3130 1907 3661 1978 παρανομηθέντων

381 2011 771 2073 conferendas,
801 2021 940 2077 quas
970 2003 1073 2058 sub
1107 2002 1202 2055 illo
1240 2000 1591 2054 tolerasscnt.
1615 1994 1752 2050 Cum
1782 2001 1969 2048 autem

2073 2001 2134 2053 ού
2187 2000 2298 2072 γὰρ
2346 2000 2593 2070 βασιλέα,
2626 2001 2893 2070 τύραννον
2915 2001 2960 2054 δ’
2991 2003 3201 2056 ἐκεῖνον
3239 2002 3490 2056 ἐκάλουν.
3522 2002 3667 2054 Πολι

387 2105 745 2166 Arcbclauin,
793 2113 958 2168 quem
987 2109 1172 2149 rerum
1233 2091 1466 2161 potitum
1523 2086 1736 2141 Herode
1783 2083 1971 2138 mode-

2073 2092 2180 2146 λῶν
2220 2093 2327 2162 γὰρ
2349 2092 2615 2156 πολλάκις
2645 2093 2948 2146 κακώσεων
2977 2093 3055 2164 τῷ
3083 2093 3230 2147 ἔθνει
3259 2093 3478 2165 ἔφησαν
3519 2110 3667 2163 συμ-

388 2200 650 2255 ratiorcin
666 2195 790 2247 fore
811 2196 1114 2260 putassent,
1130 2183 1330 2254 cupide
1352 2195 1531 2251 regem
1556 2178 1926 2249 appellassent
1952 2190 1966 2228 :

2073 2184 2404 2256 ὁεὸηκυιῶν,
2446 2185 2570 2240 ούδὲ
2614 2185 2745 2257 μίαν
2773 2185 3093 2253 ἐξισοῦσθαι
3120 2189 3243 2251 ταῖς
3277 2185 3428 2256 αύτῷ
3455 2187 3664 2254 ἐπενη-

388 2309 520 2349 eum
582 2289 844 2349 veritum,
901 2299 969 2336 ne
1030 2295 1140 2334 non
1192 2288 1487 2347 germanus
1531 2268 1764 2326 llcrodis
1823 2266 1970 2321 ﬁlius

2072 2282 2370 2350 νεγμέναις
2419 2279 2556 2349 παρ’
2603 2279 2820 2333 ἐκείνου
2870 2280 3210 2335 κακώσεσιν.
3255 2280 3514 2350 Οἰόμενοι
3563 2278 3664 2332 οὖν

387 2389 714 2444 haberetur,
748 2380 792 2434 si
824 2377 1098 2431 mitiorem
1133 2368 1344 2427 iudicis
1381 2383 1438 2423 se
1469 2365 1763 2436 praeberet,
1801 2361 1970 2416 trium

2074 2371 2251 2424 πάντα
2279 2371 2378 2440 τῆς
2409 2369 2694 2441 βασιλείας
2735 2371 3100 2442 κρατήσαντα
3136 2370 3384 2442 Ἡρώδου
3437 2368 3665 2424 ἔσεσθαι

389 2480 626 2536 millium
663 2475 911 2528 virorum
951 2465 1156 2521 caedem
1180 2462 1236 2517 in
1261 2459 1469 2530 templo
1497 2455 1764 2518 edidisse,
1801 2453 1969 2522 idque

2076 2464 2476 2537 μετριώτερον,
2520 2467 2777 2537 ἀσμένως
2833 2467 2930 2520 τὸν
2987 2465 3288 2537 ’Δρχὲλαον
3335 2465 3663 2535 προσειπεῖν

390 2587 563 2643 regno
622 2584 652 2622 a
687 2564 912 2619 .Ca'sare
963 2557 1209 2613 nondum
1257 2552 1603 2607 conﬁrmato.
1657 2546 1756 2601 llis
1805 2542 1971 2599 dictis

2074 2557 2324 2628 βασιλέα.
2369 2557 2427 2610 '0
2456 2557 2538 2622 δὲ,
2564 2558 2770 2622 δείσας,
2807 2557 3004 2630 ὥσπερ
3041 2560 3117 2628 μὴ
3141 2559 3241 2628 οὐχ
3287 2555 3534 2626 Ἡρώδου
3570 2572 3664 2608 νο-

386 2635 694 2736 ιιυῖἱυι-υιιι,
721 2665 778 2710 ιιι
814 2666 982 2723 regno
1015 2660 1072 2704 et
1111 2648 1163 2702 id
1210 2659 1384 2716 genus
1417 2639 1668 2712 imperiis
1720 2635 1968 2736 liberati,

2076 2648 2289 2718 μίζοιτο
2313 2651 2466 2716 παῖς,
2496 2652 2546 2703 εί
2569 2653 2682 2714 τοῖς
2725 2651 3008 2715 Ἰουδαίοις
3035 2652 3344 2722 ἠπιώτερος
3388 2650 3659 2722 φαίνοιτο,

385 2729 441 2809 et
493 2754 660 2824 Syria:
709 2744 1000 2807 attributi,
1063 2741 1439 2795 Romanorum
1514 2729 1842 2824 praetoribus
1883 2742 1970 2824 eo

2073 2745 2389 2816 τρισχιλίων
2435 2745 2646 2817 ἀνδρῶν
2706 2748 2924 2817 σφαγὴν
2947 2748 3093 2800 κατά
3125 2745 3188 2799 τὸ
3238 2745 3465 2816 τέμενος
3505 2747 3663 2798 ἐποι-

389 2818 759 2902 mitti-solitis,
799 2849 990 2906 parere
1035 2831 1388 2903 juberentur.
1441 2825 1573 2892 Quae
1611 2837 1737 2878 cum
1793 2818 1968 2875 Judaei

2074 2838 2268 2907 ήσατο,
2300 2837 2598 2892 καὶταῦτα
2633 2839 2861 2909 μηδέπω
2905 2841 3023 2906 σοῦ,
3074 2840 3316 2910 Καῖσαρ,
3351 2839 3500 2908 αύτῷ
3559 2837 3663 2906 τὴν

393 2936 756 3009 postularent,
788 2927 1042 2984 Archelai
1073 2922 1309 2994 patroni,
1338 2920 1628 2987 utriusque
1658 2917 1824 3009 regis,
1861 2923 1970 3009 tam

2073 2929 2251 3000 ἀρχὴν
2300 2929 2724 3000 βεϐαιώσαντος.
2760 2932 2870 2986 Καὶ
2927 2932 3100 2986 ταῦτα
3159 2932 3435 3002 λέγοντες,
3470 2932 3660 3003 ἠξίουν

386 3004 744 3101 patris-quam
779 3021 902 3080 ﬁlii,
953 3014 1273 3072 defensione
1307 3019 1582 3078 suscepta,
1630 3018 1686 3060 et
1736 3004 1971 3076 objectis

2082 3023 2354 3093 βασιλείας
2382 3025 2478 3077 καὶ
2505 3025 2729 3078 τοιῶνδε
2760 3025 2950 3096 ἀρχῶν
3001 3025 3381 3096 ἀπηλλάχθαι,
3413 3013 3691 3097 rgiones--

375 3120 716 3178 criminibus
748 3112 1021 3173 refutat's,
1061 3105 1267 3162 Judais
1323 3103 1628 3158 seditiones
1666 3111 1966 3153 novarum-

911 3203 945 3213 ..
1155 3199 1207 3213 ..
1389 3204 1440 3213 ί,
1525 3194 1709 3213 nm”
1785 3200 1966 3213 mm“

2073 3131 2179 3185 κην
2207 3114 2264 3167 δὲ
2294 3116 2581 3183 γεγονέναι
2613 3116 2839 3188 Συρίας,
2865 3117 2962 3170 καὶ
2986 3119 3099 3181 τοῖς
3124 3119 3243 3169 ἐκεῖ
3274 3117 3661 3186 στελλομένοις

386 3229 496 3285 que
551 3224 735 3266 rerum
798 3203 1046 3259 studium
1121 3199 1466 3268 objecerunt.
1524 3194 1709 3248 Caesar
1783 3200 1968 3285 autem

2078 3208 2375 3279 ⁶Ρωμαίων
2398 3210 2731 3280 στρατηγοῖς
2759 3209 3112 3264 ὑποκεῖσθαι.
3146 3211 3208 3263 Οἱ
3232 3209 3334 3280 μὲν
3359 3209 3452 3263 οὖν
3482 3208 3661 3265 ταῦτα

385 3279 716 3359 Archelaum
759 3313 874 3351 non
953 3293 1256 3347 declaravit
1319 3303 1526 3358 regem,
1606 3285 1701 3340 sed
1756 3279 1969 3353 paterni

2071 3301 2321 3372 ᾐτοῦντο,
2357 3301 2408 3354 oi
2446 3279 2504 3354 δὲ
2533 3279 2660 3372 περὶ
2688 3301 2785 3356 τὸν
2827 3302 3149 3373 Ἀρχέλαον,
3185 3279 3657 3372 ἀπολογούμενοι,

387 3389 988 3470 principatussciuisse
1016 3399 1300 3448 concesso,
1322 3381 1600 3452 pollicitus
1617 3389 1720 3443 cst,
1753 3377 1795 3431 si
1830 3376 1970 3430 bene

2071 3393 2200 3457 τούς
2240 3411 2299 3446 τε
2363 3393 2628 3464 βασιλεῖς,
2673 3395 2768 3448 τὸν
2802 3397 3020 3466 πατέρα
3053 3396 3199 3465 λέγω
3256 3397 3352 3450 καὶ
3391 3395 3482 3449 τὸν
3513 3396 3655 3461 υίὸν,

386 3496 707 3558 nuperaret,
732 3498 789 3537 se
811 3495 936 3534 eum
964 3479 1130 3534 etiam
1172 3491 1356 3545 regem
1391 3473 1791 3543 appellaturum
1821 3483 1966 3523 esse.

2071 3484 2182 3538 τών
2209 3484 2576 3555 ἐγκλημάτων
2623 3486 2885 3554 ἀπέλυον,
2909 3491 3007 3540 καὶ
3059 3487 3346 3551 Ἰουδαίοις
3377 3488 3657 3542 ἐπενεκά-

386 3581 517 3635 Fuit
563 3585 747 3632 autem
808 3580 1108 3642 proventus
1155 3567 1384 3622 ditionis
1443 3566 1516 3619 illi
1569 3563 1852 3619 attributae
1903 3575 1969 3616 DC

2071 3576 2198 3630 λουν
2227 3578 2448 3642 στάσεις
2477 3580 2570 3632 καὶ
2599 3579 3030 3652 νεωτερισμούς.
3078 3581 3138 3635 '0
3201 3581 3390 3650 μέντοι
3434 3583 3656 3653 Καῖσαρ

388 3675 700 3727 talentum:
743 3673 976 3720 atterum
1013 3661 1321 3720 semissem,
1386 3658 1439 3711 in
1485 3657 1622 3710 duas
1657 3663 1840 3725 partes
1886 3652 1970 3707 di-

2069 3669 2303 3740 -βασιλέα
2340 3671 2442 3743 μὲν
2481 3671 2581 3725 οὐκ
2617 3672 2979 3726 ἀποδείκνυσι
3011 3673 3103 3726 τὸν
3159 3672 3486 3744 Ἀρχέλαον,
3522 3652 3660 3726 τὸδ’

385 3765 588 3824 Visum,
625 3757 838 3824 Antipie
887 3762 942 3808 ct
971 3751 1248 3820 Philippo,
1302 3748 1426 3802 aliis
1476 3743 1709 3800 Herodis
1743 3741 1963 3837 liberis,

2069 3764 2242 3834 ἥμισυ
2274 3741 2466 3818 δίδωσι
2500 3767 2598 3836 τῆς
2625 3765 2906 3836 πατρικῆς
2939 3766 3141 3837 ἀρχῆς,
3168 3741 3655 3835 ἐπαγγελλόμενος

387 3851 692 3914 distribuit,
742 3847 886 3903 unde
936 3845 1027 3899 hic
1068 3857 1140 3906 -ο,
1194 3841 1392 3896 ille-cc
1444 3840 1708 3893 talentum
1755 3834 1968 3889 reditus

2059 3856 2364 3927 αόνομάσειν
2397 3857 2491 3911 καὶ
2545 3834 2798 3928 βασιλέα,
2849 3834 2898 3912 εί
2945 3834 3130 3922 καλῶς
3161 3859 3343 3930 ἄρχοι.
3400 3834 3510 3912 Ἦν
3538 3858 3594 3911 δὲ
3625 3859 3655 3912 ὁ

386 3945 746 4022 percipiebat.
812 3939 1043 3995 Salonio:
1089 3935 1268 4005 legata
1324 3929 1557 3985 Herodis
1613 3926 1874 4022 reliquit,
1911 3933 1968 3980 et

2070 3926 2346 4018 τῆςαύτῷ
2375 3926 2709 4019 νεμηθείσης
2752 3947 2940 4020 χώρας
2969 3950 3179 4015 δασμὸς
3202 3926 3430 4020 -ἐτήσιος
3457 3949 3651 4015 ἑξακό-

385 4018 710 4096 Ᾰςοηιυιιοιιι
759 4032 963 4102 regiam
1023 4025 1300 4091 attribuit,
1341 4039 1409 4079 ex
1456 4022 1662 4093 quibus
1706 4018 1966 4074 omnibus

2071 4057 2164 4094 σια
2198 4018 2458 4095 τάλαντα.
2499 4041 2612 4111 Τὴν
2642 4018 2687 4094 δ’
2742 4018 2941 4112 ἑτέραν
2979 4041 3243 4113 ἡμίσειαν
3293 4018 3494 4112 μοῖραν
3525 4041 3648 4113 διχῆ

385 4151 455 4190 1.x
509 4131 712 4186 talenta
762 4125 829 4182 ad
874 4137 994 4178 eam
1050 4118 1328 4176 redibant.
1388 4115 1485 4172 His
1535 4117 1608 4170 ita
1657 4113 1962 4180 ordinatis,

2068 4131 2259 4186 διελὼν
2288 4132 2516 4204 Ἀντίπᾳ
2542 4133 2636 4186 καὶ
2665 4133 2919 4204 Φιλίππῳ
2946 4134 3138 4187 παισὶν
3167 4134 3378 4204 ἐτέροις
3411 4134 3653 4204 Ἡρώδου

384 4225 533 4282 Juda
546 4239 607 4276 us
627 4218 853 4290 quidam
875 4215 1218 4273 adolescens,
1247 4211 1376 4282 quia
1403 4209 1714 4266 Alexandro
1735 4209 1967 4263 Herodis
2068 4227 2326 4295 διένειμε.
2352 4227 2446 4280 και,
2473 4227 2550 4294 τῷ
2581 4228 2680 4299 μὲν
2709 4227 2946 4300 Ἄντιπᾳ
2974 4230 3006 4299 ἠ
3040 4228 3338 4299 νεμηθεῖσι,
3361 4229 3516 4300 χώρα
3542 4231 3657 4282 εἰσ,

385 4315 680 4373 interfecto
729 4311 842 4366 filio
892 4308 1032 4363 facie
1078 4306 1276 4361 similis
1314 4313 1454 4370 erat,
1502 4305 1674 4359 ascito
1727 4304 1963 4372 quodam

2072 4320 2250 4388 φορὰν
2288 4321 2527 4374 ἐποιεῖτο
2565 4321 2822 4376 διακόσια
2880 4323 3148 4388 τάλαντα,
3207 4322 3462 4393 Φιλίππῳ
3513 4322 3568 4376 δὲ
3621 4324 3651 4393 ἡ

385 4407 635 4480 populari
671 4419 795 4470 suo,
816 4403 938 4456 viro
961 4399 1216 4469 improbo
1250 4408 1308 4454 et
1347 4397 1687 4460 turbulento,
1726 4396 1963 4451 Alexan—

2072 4411 2448 4479 παραδοθεῖσα
2484 4414 2643 4484 μερὶς
2668 4414 2868 4467 ἑκατὸν
2898 4415 3150 4484 εἰσέφερε
3185 4416 3456 4469 τάλαντα.
3481 4416 3562 4486 Τῇ
3597 4415 3654 4468 δὲ

384 4505 546 4556 drum
597 4495 834 4554 Herodis
881 4493 1052 4547 lilium
1097 4507 1155 4546 se
1209 4490 1490 4560 professus
1515 4499 1618 4545 est.
1675 4490 1822 4544 Nam
1843 4505 1965 4544 cum

2075 4503 2310 4574 Σαλώμῃ
2341 4505 2428 4574 ἐφ’
2471 4500 2555 4569 οἷς
2617 4506 2646 4559 ὁ
2697 4507 2947 4578 Ἡρώδης
2988 4509 3273 4573 κατέλιπε,
3333 4510 3430 4562 καὶ
3491 4509 3554 4561 τὸ
3596 4511 3655 4562 ὲν

386 4593 610 4665 quidam
681 4589 750 4643 ad
813 4596 1111 4654 utrumque
1173 4583 1393 4638 fratrem
1453 4582 1758 4638 tollendum
1814 4583 1968 4638 missi

2083 4597 2387 4650 Ἀσκάλωνι
2427 4597 2706 4668 βασίλειον
2732 4600 2981 4654 δίδωσινο
3015 4603 3083 4656 ἐκ
3119 4601 3344 4656 πάντων
3400 4603 3446 4656 δ’
3497 4603 3654 4673 εἰσή-

387 4693 596 4747 essent,
649 4682 787 4736 alios
837 4693 956 4734 esse
1011 4676 1354 4741 interfectos,
1389 4677 1539 4745 ipsos
1582 4691 1714 4730 vero
1743 4690 1968 4730 conscr-

2071 4704 2200 4758 γετο
2253 4689 2426 4760 ταύτῃ
2463 4692 2673 4761 δασμὸς
2709 4693 2980 4761 ἑξήκοντα
3011 4695 3273 4749 τάλαντα.
3325 4696 3435 4750 Καὶ
3475 4695 3654 4750 ταῦτα

387 4783 564 4836 vatus,
594 4771 816 4826 etclam
851 4767 1155 4823 subductos
1193 4765 1495 4822 asserebat.
1553 4766 1668 4832 Qua
1713 4766 1965 4821 oratione

2074 4781 2174 4852 μὲν
2204 4781 2378 4846 οὕτως
2399 4783 2676 4856 διῴκητοο
2711 4786 2930 4850 νεανίας
2965 4787 3022 4840 δέ
3045 4771 3131 4851 τις
3183 4787 3437 4850 Ἰουδαῖος
3493 4787 3655 4858 είεῴ-

386 4865 710 4934 imponebat
780 4859 1138 4923 hominibus,
1199 4868 1254 4914 et
1299 4859 1534 4913 maxima
1593 4859 1824 4928 pecunia
1885 4861 1966 4915 sic

2063 4891 2216 4929 κισεν
2243 4876 2437 4930 ἐαυτὸν
2471 4879 2554 4941 είς
2582 4877 2682 4950 τὴν
2725 4879 2972 4950 Ἡρώδου
3022 4880 3370 4948 συγγένειαν,
3400 4881 3524 4933 ἐπεὶ
3551 4881 3652 4950 τὴν

389 4965 605 5018 coacta,
650 4951 1258 5023 Romam-properavit.
1291 4949 1473 5006 Caesar
1519 4966 1670 5015 vero,
1727 4951 1821 5022 qui
1855 4966 1964 5006 non

2065 4964 2284 5035 μορφὴν
2346 4965 2600 5035 ὡμοίωτο
2642 4949 3010 5040 ίνΑλεξάνδρῳ
3058 4970 3140 5041 τῷ
3179 4970 3515 5042 ἀνῃρημένῳ
3546 4970 3652 5039 υἱῷ

386 5062 597 5104 temere
616 5046 906 5114 deceptum
921 5058 1043 5098 esse
1066 5043 1335 5098 Herodem
1355 5043 1631 5107 crederet,
1655 5044 1965 5098 Alexandro

2074 5056 2340 5126 Ἡρώδου.
2409 5060 2520 5113 Καί
2563 5077 2686 5114 τινα
2738 5059 3077 5131 παραλαϐὼν
3121 5062 3414 5132 ὁμόφυλον,
3479 5061 3655 5131 ἄνδρα

385 5140 582 5194 tietitio
626 5138 680 5191 in
711 5144 1067 5205 conspectum
1111 5135 1370 5200 adducto,
1401 5151 1510 5189 non
1545 5135 1807 5205 deceptus
1839 5145 1959 5190 est:

2073 5148 2310 5217 πονηρόν
2340 5163 2400 5200 τε
2434 5148 2530 5201 καὶ
2561 5150 2791 5221 συγχέαι
2833 5149 2950 5222 (56)
2985 5151 3289 5222 δυνάμενον
3319 5152 3651 5222 πράγματα,

384 5249 512 5288 nam
543 5231 681 5286 facie
714 5228 939 5300 quidem
967 5229 1167 5284 similis
1220 5237 1339 5283 erat
1377 5228 1614 5285 Herodis
1650 5230 1963 5284 Alexandro

2073 5240 2420 5309 Ἀλέξανδρον
2448 5241 2732 5310 ὠνόμαζεν
2767 5244 2962 5296 ἑαυτὸν
2990 5245 3082 5296 τὸν
3125 5243 3366 5314 Ἡρώδου
3403 5244 3543 5308 υἱὸν,
3573 5245 3654 5308 ὡς

388 5326 482 5378 sed
524 5338 692 5394 opere
745 5336 1008 5376 manuum
1076 5321 1256 5376 factus
1303 5323 1577 5392 asperior,
1634 5331 1690 5376 et
1733 5337 1966 5391 corpore

2064 5330 2171 5382 ύπὸ
2208 5349 2372 5384 τινων
2407 5333 2516 5386 τών
2541 5335 2751 5387 ἀνελεῖν
2786 5334 2956 5406 ἄμφω
2993 5336 3122 5399 τοὺς
3162 5335 3428 5405 ἀδελφοὺς
3451 5335 3653 5388 ἐσταλ-

383 5416 670 5486 rigidiore,
701 5431 833 5480 non,
876 5422 935 5469 ut
986 5413 1099 5480 ille,
1143 5413 1380 5469 delicato
1431 5422 1488 5470 et
1543 5416 1717 5470 molli.
1753 5416 1968 5474 Czesare

2071 5424 2269 5493 μένων,
2305 5423 2486 5479 ἄλλων
2533 5427 2924 5498 ἀνῃρημένων,
2973 5427 3158 5484 αὐτῶν
3209 5427 3267 5481 δὲ
3305 5427 3651 5498 περισωθέν-

1595 5581 1797 5644 Varia}
1823 5583 2132 5649 lectiones
2164 5596 2224 5650 et
2259 5597 2449 5652 notae.

620 5728 878 5797 Συγχέιιι
934 5731 1297 5822 ὄμνιίμενογ.
1351 5731 1728 5822 turbulentum
1798 5738 1960 5793 verti.
2005 5739 2060 5808 Q1

2043 5743 2159 5807 mod
2227 5748 2268 5798 si
2305 5747 2428 5816 quis
2464 5747 2522 5800 τὸ
2587 5747 2819 5818 συγχέαι
2877 5765 2976 5820 pro
3007 5749 3286 5822 ἁπατῆται
3341 5747 3652 5822 intelligere

387 5797 616 5863 mavult,
651 5791 1131 5870 reponatvafrmu,
1167 5803 1249 5857 vel
1286 5802 1557 5860 callidum.
1585 5805 1672 5860 ιν.
1951 5791 1957 5792 ⁷
2014 5791 2158 5808 νη
2227 5791 2268 5798 ”’
2307 5791 2427 5816 ΤΝ
2473 5791 2521 5800 ”
2589 5791 2819 5818 ”⁴’“”“
2878 5791 2976 5820 ¹”“’
3007 5791 3286 5822 ””””⁵’“’
3341 5791 3550 5822 “““”¹³
