4074 6390
336 436 442 499 465

1486 398 1563 422 κ
1610 422 2023 486 ΛΝΝΑΙᾸΙΙΗ
2063 424 2213 484 Ltn.
2248 422 2351 484 vr.

3498 411 3635 493 ιιι,

334 565 444 603 των
495 547 592 600 καὶ
641 541 1159 613 διακεκλεμμένων.
1220 540 1333 596 Καὶ
1393 539 1580 610 λόγοις
1653 538 1927 602 τοιούτοις

2034 552 2166 591 vero
2198 541 2504 607 quaerente,
2539 535 2633 591 ubi
2676 532 3029 590 Aristobulus
3066 530 3251 588 esset?
3280 529 3606 600 respondit.

332 640 518 711 ἠπάτα
546 637 677 700 τοὺς
704 636 1173 705 ἐντυγχάνοντας,
1205 630 1506 685 κάντεῦθεν
1529 628 1764 683 πλεῖστα
1792 645 1922 682 συν·
1946 650 1949 653 ι

334 728 565 798 αγαγὼν
619 728 910 799 χρήματα,
964 728 1048 791 είς
1092 723 1318 795 Ῥώμην
1371 724 1658 794 ἠπείγετο.
1704 724 1923 791 Καῖσαρ

337 821 389 874 δὲ
416 819 640 889 ἠπίστει
673 817 775 886 μὲν
832 816 1037 887 ῥᾳδίως
1077 815 1431 883 ἀπατηθῆναι
1477 812 1755 885 Ἡρώδην,
1781 814 1925 881 ἀγα-

339 912 447 982 γὼν
482 912 529 966 δ’
558 913 638 975 είς
665 911 790 981 ὄψιν
821 909 973 977 αύτῷ
1000 910 1092 963 τὸν
1122 908 1617 978 ψευδαλέξανδρον,
1648 909 1748 960 ο·ἶκ
1776 907 1926 977 ἡπά-

339 1020 485 1072 τητο.
524 1004 597 1056 Τὸ
651 1004 750 1074 μὲν
794 1002 904 1073 γὰρ
947 998 1092 1068 είδος
1148 998 1302 1073 εἶχεν
1358 1002 1605 1072 ἐμφερὲς
1662 1001 1802 1071 πρὸς
1836 1001 1928 1053 τὸν

347 1094 590 1167 Ἡρώδου
627 1095 1004 1167 Ἀλέξανδρον,
1025 1094 1118 1148 ὑπ’
1141 1095 1311 1148 αὐτου
1320 1094 1479 1163 ργίας
1498 1094 1545 1146 δ’
1558 1095 1680 1146 ὲτετ
1689 1092 1925 1165 ράχωτο,

339 1185 589 1254 καὶπρὸς
611 1184 676 1238 τὸ
724 1185 1102 1256 σκληρότερον*
1140 1182 1296 1254 αὐτῷ
1334 1180 1606 1252 ἐπεφύκει
1646 1180 1708 1233 τὸ
1740 1180 1927 1249 σῶμα,

337 1277 577 1348 ἀλλἰούχ
629 1276 707 1341 ὡς
737 1276 802 1330 τὸ
836 1276 1053 1332 ἐκείνου
1101 1276 1211 1331 ὑπὸ
1253 1275 1475 1349 τρυφῆς
1510 1272 1921 1344 μεμαλάκιστο.

349 1371 644 1443 Ἐξήταζεν
669 1366 764 1424 οῦν
793 1372 821 1423 ὁ
847 1362 1069 1441 Καῖσαρ
1093 1371 1223 1441 περὶ
1256 1371 1315 1422 Ἀ
1325 1368 1710 1438 ριστοϐούλου,
1736 1368 1834 1420 ποῖ
1862 1365 1928 1419 ἂν

337 1463 457 1534 εἰή⁸
490 1463 737 1532 φαμένου
767 1463 813 1517 δ’
854 1463 1066 1517 ἐκείνου
1108 1466 1168 1518 ὲν
1232 1465 1450 1536 Κύπρῳ
1473 1464 1927 1535 καταλελεῖφθαι.

338 1556 407 1610 ἵν’
438 1555 494 1608 εί
514 1574 568 1610 τι
594 1557 725 1625 περὶ
755 1557 858 1624 ἐμὲ
894 1556 1139 1630 συμϐαίη
1170 1559 1370 1626 δεινὸν,
1413 1558 1493 1630 μὴ
1520 1559 1699 1629 πάντη
1735 1558 1798 1611 τὸ
1824 1558 1931 1629 τῆς

336 1649 575 1719 Μαριάμ
601 1649 838 1723 ἐπιλίπῃ
876 1650 1074 1719 γένος·
1114 1652 1258 1707 κατὰ
1310 1653 1486 1724 μόνας
1520 1654 1549 1706 ὁ
1585 1654 1810 1724 Καῖσαρ
1837 1653 1931 1706 τὸν

336 1739 807 1812 ψευδαλέξανδρον
847 1741 1165 1807 ἀπολαϐὼν,
1198 1743 1262 1797 τὸ
1312 1742 1522 1815 ἀληθὲς
1590 1744 1740 1814 ἐρεῖν
1779 1742 1932 1812 αύτῷ

341 1831 714 1899 προετρέπετο
766 1832 860 1884 ἐπὶ
893 1832 1071 1903 μισθῷ
1127 1832 1225 1887 τοῦ
1279 1837 1464 1904 τυχεῖν
1522 1832 1826 1903 σωτηρίας.
1869 1834 1930 1889 ⁸0

337 1919 395 1972 δὲ
423 1920 671 1986 ἐκφαίνει
728 1922 809 1993 τῷ
844 1924 1087 1995 Καίσαρι
1116 1926 1179 1978 τὸ
1211 1926 1572 1998 σκαιώρημα.
1623 1927 1683 1981 '0
1710 1929 1929 1998 Καῖσαρ

338 2011 396 2064 δὲ
427 2013 763 2082 ὲρῤωμένον,
796 2015 963 2070 αὐτὸν
1015 2016 1157 2089 πρὸς
1210 2018 1551 2090 αὐτουργίαν
1598 2019 1765 2090 ὁρῶν,
1814 2022 1929 2085 τοῖς

339 2102 558 2173 ἐρέταις
588 2105 854 2172 συνέταξε
883 2124 898 2140 υ
942 2107 1040 2161 τδν
1092 2108 1140 2162 δ’
1172 2110 1267 2163 ἐπὶ
1301 2110 1518 2175 τούτοις
1548 2111 1750 2182 ἐκείνῳ
1779 2129 1926 2182 συμ-

339 2194 573 2249 πνέοντα
599 2196 872 2253 ἔκτεινενο
917 2199 1213 2271 Ἀρχέλαος
1246 2201 1325 2268 δὲ,
1354 2202 1457 2274 τὴν
1483 2202 1784 2273 ἐθναρχίαν
1816 2220 1927 2256 πα-

342 2287 615 2359 ραλαϐὼν,
645 2290 974 2362 ἀφαιρεῖται
1014 2295 1117 2362 τὴν
1149 2295 1577 2366 ἀρχιερωσύνην
1604 2297 1661 2362 ἐξ
1702 2295 1926 2358 Ἰωαζά-

347 2397 440 2451 ρου
470 2380 571 2434 τοῦ
601 2382 834 2453 Βοηθοῦ,
890 2387 986 2438 καὶ
1031 2388 1488 2458 ἀντικαθίστησιν
1517 2387 1789 2458 Ἐλεάζαρ
1836 2388 1929 2440 τὸν

344 2474 560 2528 ἐκείνου
596 2476 848 2547 ἀδελφὸν,
881 2482 978 2532 καὶ
1005 2480 1305 2552 Γλαφύραν
1341 2481 1540 2550 ἄγεται
1574 2482 1714 2552 πρὸς
1745 2483 1929 2552 γάμον

340 2565 444 2636 τὴν
486 2567 784 2638 Ἀρχελάου
844 2571 1031 2635 παῖδα,
1078 2554 1439 2643 Ἀλεξάνδρου
1485 2573 1543 2627 δὲ
1568 2574 1663 2628 τοῦ
1693 2573 1927 2644 ἀδελφοῦ

342 2659 511 2714 αὐτοῦ
544 2660 819 2734 γαμετὴν,
859 2664 953 2730 ἀφ’
983 2656 1046 2716 οὗ
1074 2666 1165 2718 καὶ
1197 2666 1369 2720 τέκνα
1394 2661 1463 2738 ἦν
1495 2667 1660 2737 αὐτῇ,
1691 2667 1922 2740 ἀπειρη·

346 2753 509 2824 μένου
531 2754 611 2824 τῷ
639 2756 791 2827 νόμῳ
850 2757 1102 2828 ἀδελφῶν
1130 2757 1363 2826 ἄγεσθαι
1394 2762 1689 2828 γυναῖκας,
1722 2762 1927 2825 παῖδας

344 2847 409 2899 ὲκ
431 2845 541 2900 τῶν
593 2846 912 2902 τεθνεώτων
961 2849 1217 2919 ἐχούσας.
1272 2849 1386 2904 Καὶ
1432 2849 1527 2905 τὸν
1573 2851 1843 2924 Ἐλεάζαρ
1871 2851 1928 2905 δὲ

346 2937 487 3004 μετά
540 2938 740 3010 μικρδν
792 2939 1066 3006 ἐκϐαλὼν,
1107 2939 1323 3009 Ἰησοῦν
1387 2943 1780 3014 ἀντεισήγαγε,
1832 2942 1927 2997 τὸν

346 3027 514 3080 παῖδα
548 3029 670 3082 Σεέ.
703 3028 911 3083 Ἀνύων
935 3031 980 3082 δ’
1006 3029 1129 3095 ἔτος
1146 3033 1205 3085 ὲν
1236 3035 1303 3104 τῇ
1336 3034 1484 3104 ἀρχῇ
1525 3033 1784 3101 δέκατον,
1826 3051 1930 3088 κα·

342 3118 625 3191 τηγορήθη
671 3121 825 3191 παρά
866 3122 1112 3193 Καίσαρι
1166 3122 1304 3195 πρὸς
1352 3125 1463 3179 τῶν
1516 3125 1798 3197 ὑπηκόων,
1849 3127 1929 3190 ὡς

340 3211 514 3307 ὧμιῖις
568 3214 663 3268 καὶ
708 3214 772 3267 τὺ
829 3215 955 3269 ὅλον
1011 3216 1357 3288 τυραννικῶς
1405 3219 1755 3289 κεχρημένος
1812 3219 1926 3282 τοῖς
1959 3248 2002 3307 C

343 3304 692 3376 πράγμασιν.
750 3307 808 3361 Ὀ
858 3307 1045 3360 τοίνυν
1103 3310 1326 3374 Καῖσαρ
1379 3306 1773 3379 μετακαλεῖται
1826 3327 1923 3364 τα-

344 3395 486 3465 χέως
546 3395 733 3449 αὐτόν.
785 3398 897 3451 Καὶ
954 3398 1376 3468 ἀκροασάμενος
1430 3397 1542 3452 τῶν
1594 3398 1923 3471 κατηγόρων

342 3486 629 3551 κάκείνου,
674 3489 889 3542 ἐκείνου
937 3489 1040 3560 μὲν
1110 3490 1411 3559 φυγαδείαν
1450 3491 1921 3562 καταψηφίζεται,

341 3578 411 3630 τὰ
436 3577 492 3630 δὲ
525 3579 792 3649 χρήματα
822 3580 1203 3651 ἀπηνέγκατο.
1236 3581 1470 3653 Ὀνείρῳ
1495 3581 1553 3635 δὲ
1612 3582 1674 3635 τὸ
1727 3582 1922 3652 μέλλον

342 3668 591 3741 ἐδηλώθη
621 3670 701 3741 τῷ
750 3671 1054 3743 Ἀρχελάῳ.
1091 3674 1304 3727 Ἐδόκει
1345 3674 1458 3745 γάρ
1504 3674 1744 3745 στάχυας
1788 3675 1923 3747 ὀρᾷν

340 3757 476 3812 δέκα
514 3760 788 3829 ἀκμαίους
812 3761 912 3815 καὶ
952 3761 1185 3832 πλήρεις
1229 3765 1410 3829 σίτου,
1444 3763 1924 3835 βιϐρωσκομένους

343 3848 450 3903 ὑπὸ
482 3849 642 3919 βοῶν.
677 3851 862 3905 Ἀλλοι
887 3852 988 3921 μὲν
1007 3848 1103 3907 οὖν
1128 3853 1308 3916 ἄλλως
1334 3854 1633 3925 ἐξηγοῦντο
1661 3855 1754 3909 τὸν
1776 3855 1923 3909 ὄνει-

346 3957 463 4012 ρον·
524 3942 710 4014 Σίμων
748 3942 807 3997 δὲ
839 3944 899 3997 τδ
950 3943 1052 4014 μὲν
1082 3944 1240 4013 γένος
1277 3945 1555 4009 Ἐσσαῖος,
1618 3946 1924 4018 μεταϐολὴν

318 4035 692 4120 ῖπραγμάτων
716 4034 875 4104 ἔλεγε
897 4037 1085 4104 φέρειν
1113 4036 1396 4107 Ἀρχελάῳ
1411 4038 1511 4109 τὴν
1529 4037 1676 4108 ὄψιν,
1707 4038 1769 4091 οὐ
1795 4028 1925 4108 μέν·

326 4143 428 4211 ἢτοι
448 4128 535 4179 ἐπ’
561 4127 775 4198 ἀγαθῷ.
807 4128 949 4192 Τοὺς
974 4129 1073 4199 μὲν
1095 4128 1205 4200 γὰρ
1234 4128 1364 4198 βόας
1388 4129 1763 4193 κακοπαθείας
1788 4132 1851 4184 σύ
1860 4149 1928 4201 μ-

317 4218 507 4273 Ιϐολον
533 4214 701 4284 εῖναι,
735 4220 852 4286 ζῶα
880 4220 970 4275 ἐπ’
1020 4220 1210 4291 ἔργοις
1262 4222 1791 4294 ταλαιπωρούμενα,
1829 4224 1927 4277 καὶ

319 4311 620 4381 ,δηλωτικὰ
648 4314 1021 4385 πραγμάτων
1085 4313 1418 4384 μεταϐολῆς,
1466 4314 1549 4368 ὅτι
1617 4314 1685 4367 δι’
1741 4315 1925 4367 αὐτῶν

311 4399 628 4470 ζάρουμένη
661 4402 694 4471 ἡ
729 4402 826 4472 γῆ,
857 4402 959 4456 ούκ
992 4403 1153 4457 ἐᾶται
1181 4402 1367 4474 μένειν
1399 4403 1684 4474 ἀκίνητος,
1710 4406 1841 4467 τοὺς
1869 4403 1926 4456 δὲ

305 4473 477 4544 δδὲκα
523 4492 770 4562 στάχυας
831 4494 1129 4567 σημαίνειν
1167 4494 1308 4549 ὲτῶν
1362 4473 1636 4567 ἀριθμόν·
1687 4496 1928 4566 περιόδῳ

2030 630 2084 684 in
2113 629 2298 700 Cypro
2327 644 2449 685 esse
2478 629 2755 692 relictum,
2796 636 2859 682 ut
2888 627 2932 682 si
2969 626 3102 695 quid
3143 623 3247 678 sibi
3278 621 3443 693 264
3466 620 3611 675 arci-

2028 721 2225 784 disset,
2278 718 2612 774 Mariammm
2663 734 2840 790 genus
2890 730 3004 771 non
3063 715 3288 786 penitus
3334 709 3610 766 interiret.

2026 812 2209 866 Ctesar
2256 824 2391 864 vero
2427 808 2710 862 hominem
2760 806 3051 864 seductum
3100 804 3354 858 hortatus
3396 809 3513 861 est,
3551 808 3612 851 ut

2028 906 2323 963 veritatem
2369 901 2477 957 sibi
2512 902 2745 965 diceret,
2797 896 3129 967 impunitate
3157 891 3451 963 promissa.
3504 887 3611 955 Qui

2027 1013 2153 1053 cum
2216 997 2580 1066 imposturam
2643 992 3023 1063 exposuisset,
3091 986 3387 1055 Caesarque
3453 982 3614 1036 illum

2031 1088 2321 1143 tolerando
2344 1085 2521 1142 labori
2557 1093 2747 1155 aptum
2773 1081 3005 1139 videret.
3045 1079 3100 1133 in
3120 1075 3358 1146 remiges
3385 1071 3613 1126 retulit:

2028 1181 2151 1252 ejus
2203 1194 2338 1234 vero
2385 1177 2599 1234 socium
2650 1175 2878 1231 occidit.
2934 1172 3241 1228 Archelaus
3284 1165 3613 1223 ethnareltia

2031 1278 2312 1341 suscepta,
2355 1266 2730 1324 sacerdotium
2781 1266 3011 1320 Joazaro
3055 1260 3249 1316 Boethi
3293 1258 3408 1313 filio
3450 1271 3614 1324 erep-

2032 1373 2174 1427 tum,
2207 1363 2263 1418 in
2297 1362 2524 1417 fratrem
2550 1361 2670 1431 ejus
2709 1358 3033 1412 Eleazarum
3068 1352 3349 1409 transfert.
3382 1350 3449 1403 Et
3481 1348 3617 1403 Gla-

2029 1456 2259 1528 phyram
2322 1451 2676 1508 matrimonio
2719 1449 2827 1511 sibi
2863 1446 3080 1519 jungit,
3125 1442 3383 1499 Archelai
3422 1440 3613 1505 ﬁlium,

2030 1546 2328 1603 Alexandri
2360 1544 2583 1607 fratris,
2629 1558 2661 1598 e
2714 1555 2826 1610 quo
2872 1539 2963 1594 illa
3004 1541 3325 1606 susceperat
3372 1532 3614 1586 liberos.

2030 1640 2276 1696 viduam.
2312 1639 2408 1694 Est
2443 1645 2627 1692 autem
2669 1635 2787 1706 iege
2823 1629 3213 1690 interdictum,
3262 1641 3333 1680 ne
3360 1633 3617 1679 mortuo-

2031 1750 2155 1789 rum
2213 1732 2445 1788 fratrum
2507 1743 2735 1793 uxores,
2802 1740 2834 1781 e
2879 1724 3085 1789 quibus
3136 1720 3215 1775 illi
3267 1715 3620 1791 susceperint

2033 1827 2263 1890 liberos,
2310 1821 2576 1879 fratribus
2601 1819 2837 1874 nubant.
2883 1815 2991 1872 Sed
3032 1822 3089 1870 et
3138 1814 3402 1868 Eleazaro
3453 1808 3618 1878 paulo

2034 1929 2156 1990 post
2199 1918 2400 1988 ejeeto,
2437 1913 2625 1969 Jesum
2665 1910 2788 1967 Scis
2823 1907 3000 1962 ﬁlium
3025 1906 3082 1959 in
3106 1906 3227 1975 ejus
3263 1903 3446 1956 locum
3484 1899 3620 1953 sub-

2033 2011 2238 2069 stituit.
2260 2004 2717 2081 Decimoimperii
2748 2016 2894 2056 anno
2911 2007 3204 2056 accusatus
3223 2003 3311 2051 est
3327 2010 3356 2049 a
3380 1993 3620 2048 subditis

2034 2104 2178 2174 apud
2219 2102 2516 2162 Caesarem,
2538 2094 2686 2168 quod
2716 2092 2999 2150 crudelem
3035 2105 3099 2146 ac
3130 2089 3293 2161 plane
3322 2096 3616 2158 tyrannum

2034 2212 2092 2252 se
2117 2195 2428 2266 prmberet:
2464 2190 2534 2245 ab
2575 2203 2754 2258 eoque
2785 2185 3043 2242 celeriter
3086 2179 3411 2241 accersitus,
3448 2192 3618 2231 causa

2034 2290 2202 2348 dicta,
2233 2285 2432 2356 Opibus
2454 2282 2727 2352 ademptis
2750 2280 2804 2333 iu
2826 2277 3081 2333 exsilium
3101 2275 3303 2330 missus
3332 2282 3453 2327 est:
3490 2285 3619 2325 cum

2034 2380 2256 2451 quidem
2293 2392 2358 2434 ex
2389 2376 2605 2432 somnio
2633 2389 2761 2429 cum
2780 2379 3040 2428 eventum
3075 2377 3203 2423 ante
3243 2363 3615 2436 cognovisset.

2037 2476 2199 2530 Visus
2227 2478 2347 2527 erat
2367 2469 2474 2526 sibi
2504 2468 2693 2524 decem
2725 2465 2905 2536 Spieas
2939 2462 3216 2526 robustas,
3241 2467 3296 2514 et
3335 2459 3615 2512 frumento

2034 2567 2227 2638 plenas
2278 2564 2506 2628 videre,
2569 2574 2694 2630 qua:
2726 2575 2755 2613 a
2812 2556 2990 2613 bobus
3045 2552 3493 2609 comederentur.
3554 2546 3616 2602 Id

2035 2657 2315 2715 somnium
2347 2654 2473 2709 aliis
2499 2653 2664 2708 aliter
2704 2646 3224 2719 interpretantibus,
3266 2642 3456 2699 Simon
3486 2654 3619 2709 pro-

2034 2749 2271 2807 fessione
2314 2747 2534 2802 Essaeus
2590 2741 2804 2798 visione
2838 2740 2933 2795 illa
2970 2737 3330 2813 mutationem
3379 2732 3430 2788 ei
3483 2746 3620 2801 por-

2035 2843 2229 2908 tendi,
2293 2853 2527 2910 eamque
2587 2853 2697 2891 non
2742 2834 2985 2897 felicem,
3032 2826 3193 2885 dixit.
3246 2827 3422 2882 Boves
3463 2824 3616 2879 enim

2033 2946 2406 2991 aerumnarum
2434 2943 2555 2985 esse
2605 2925 2944 2999 symbolum,
3005 2918 3227 2983 animal,
3256 2917 3404 2988 quod
3462 2915 3620 2970 labo-

2034 3031 2191 3086 ribus
2212 3035 2509 3098 urgeatur:
2537 3031 2595 3079 et
2623 3036 2809 3077 rerum
2833 3015 3272 3074 vicissitudinem
3299 3012 3612 3082 designare,

2034 3130 2328 3195 propterea
2353 3116 2504 3189 quod
2565 3124 2715 3172 terra
2762 3114 2833 3169 ab
2889 3113 2956 3167 iis
3012 3108 3220 3166 arando
3281 3107 3612 3161 invertatur.

2036 3217 2237 3271 Decem
2261 3226 2398 3266 vero
2426 3210 2610 3280 spicas
2644 3206 2874 3263 totidem
2902 3211 3078 3260 annos
3121 3200 3452 3273 signiﬁcare.
3485 3198 3614 3266 qui-

2033 3309 2141 3365 bus
2193 3314 2348 3361 tanto
2388 3302 2569 3373 spatio
2615 3298 2904 3370 completis
2937 3294 3138 3351 messis
3178 3292 3517 3351 absolvatur,
3552 3304 3616 3340 ne

2034 3409 2152 3453 tum
2186 3395 2533 3468 principatus
2563 3391 2816 3448 Archelai
2862 3390 3028 3445 ﬁnem
3059 3388 3198 3443 fore.
3239 3385 3417 3454 Atque
3447 3382 3616 3436 etiam

2032 3489 2320 3561 Glaphyra:
2350 3484 2568 3557 conjugi
2611 3485 2763 3556 ejus,
2798 3481 2974 3539 visum
2999 3478 3275 3550 quoddam
3315 3477 3371 3530 in
3402 3476 3616 3528 somnis

2033 3590 2118 3637 est
2152 3580 2439 3636 oblatum:
2470 3592 2615 3648 quae,
2657 3586 2720 3632 ut
2753 3583 2915 3629 antea
2937 3572 3149 3627 dictum
3180 3577 3296 3631 est,
3350 3566 3613 3620 maritum

2034 3674 2233 3731 habuit
2257 3672 2653 3737 Alexandrum,
2693 3665 2952 3722 Archelai
2976 3664 3227 3743 fratrem.
3253 3662 3333 3716 Eo
3369 3667 3616 3721 mortuo,

2031 3767 2187 3825 Jubte
2212 3765 2399 3836 Libya:
2452 3764 2590 3833 regi,
2637 3760 2731 3832 qui
2775 3772 3006 3814 uxorem
3037 3756 3394 3811 Mariammen
3450 3768 3614 3822 repu-

2036 3860 2239 3921 diarat,
2282 3856 2509 3927 nupsit:
2548 3853 2715 3923 idque
2761 3865 2887 3907 cum
2946 3849 3153 3904 liberos
3197 3861 3265 3902 ex
3303 3843 3614 3901 Alexandro

2034 3948 2389 4019 suscepisset.
2416 3947 2581 4002 Visus
2616 3943 2783 4014 igitur
2817 3949 2905 3996 est
2928 3939 3240 3995 Alexander
3269 3947 3450 3990 astare
3485 3951 3613 3988 mu-

2032 4041 2178 4105 lieri,
2231 4049 2289 4096 et
2328 4053 2454 4092 cum
2502 4051 2567 4090 ea
2617 4033 2969 4103 expostulare
3020 4030 3111 4084 his
3156 4027 3383 4083 verbis:
3426 4025 3615 4096 Utique

2033 4148 2215 4188 verum
2270 4129 2407 4184 illud
2459 4127 2673 4183 verbum
2723 4140 2835 4180 esse
2866 4121 3271 4185 demonstrasti,
3314 4117 3611 4187 Glaphyro.

2008 4212 2223 4278 .tta'o'res
2253 4220 2447 4288 inﬁdas
2460 4234 2585 4285 βεδε
2631 4218 2865 4287 maritis.
2894 4215 3035 4270 Nam
3075 4222 3132 4267 tu
3159 4228 3274 4265 cum
3308 4210 3436 4264 mihi
3470 4211 3538 4263 vit
3550 4224 3616 4278 go

2034 4323 2200 4387 nupta
2233 4314 2416 4385 fueris.
2466 4321 2515 4365 et
2568 4309 2760 4363 liberos
2788 4306 3075 4377 pepereris,
3113 4302 3371 4358 secundas
3402 4301 3616 4370 nuptias

2035 4415 2251 4477 experta
2283 4421 2335 4460 es
2358 4421 2376 4459 :
2402 4419 2496 4458 nec
2536 4419 2599 4457 ea
2638 4400 2805 4455 nostri
2831 4396 3147 4452 contumelia
3183 4400 3450 4454 contenta.
3495 4407 3617 4445 cum

2036 4502 2189 4554 tertio
2218 4512 2409 4567 sponso
2440 4494 2784 4556 concnbttisti,
2831 4505 2994 4559 eoque
3026 4489 3195 4560 fratre
3223 4502 3358 4541 meo.
3396 4483 3499 4538 Sed
3520 4499 3616 4553 ego

250 4614 281 4637 ,ρ
342 4584 454 4652 γὰρ
501 4583 754 4638 ἐνιαυτοῦ
793 4585 1147 4655 πληροῦσθαι
1184 4589 1437 4652 τούτους,
1476 4588 1573 4640 καὶ
1621 4586 1927 4659 ἀπαρτίζε-

2035 4601 2084 4644 te
2122 4606 2305 4649 rursus
2345 4589 2472 4643 mihi
2508 4586 2876 4647 uindicatam,
2919 4582 3023 4637 isto
3075 4580 3325 4637 dedecore
3355 4575 3614 4633 liberabo.

345 4673 696 4780 agatheépog
743 4677 957 4756 καὶτὸν
987 4680 1091 4745 τῆς
1134 4681 1438 4752 ἡγεμονίας
1466 4681 1661 4752 χρόνον
1703 4680 1924 4751 ἐξήκειν

342 4769 426 4837 τῷ
472 4769 773 4844 Ἀρχελάῳ.
810 4773 920 4827 Καὶ
979 4777 1045 4846 τῇ
1098 4775 1326 4844 γυναικὶ
1363 4774 1422 4828 δὲ
1467 4773 1565 4828 τοῦ
1619 4774 1922 4845 Ἀρχελάου

2035 4683 2159 4738 llaec
2197 4681 2290 4736 ubi
2347 4678 2674 4734 mulieribus
2715 4675 2877 4748 265
2925 4673 3290 4730 familiaribus
3333 4669 3612 4742 exposuit,

2034 4774 2199 4845 paulo
2236 4781 2360 4843 post
2388 4770 2648 4827 decessit.
3182 4814 3187 4817 _

343 4862 608 4934 Γλαφύρᾳ
652 4865 864 4938 δνειρος
912 4868 1174 4921 τεθέαται
1219 4868 1431 4937 ἕτερος.
1485 4868 1639 4937 Αὕτη
1723 4868 1855 4937 γὰρ,
1923 4867 1999 4930 ὡς
2041 4869 2351 4939 ἱστόρηται,
2397 4863 2737 4935 Ἀλεξάνδρῳ
2782 4863 3054 4934 πρότερον
3118 4861 3372 4933 συνῴκει,
3417 4860 3616 4929 Ἀρχε-

340 4948 473 5012 λάου
514 4959 808 5032 ὁμαίμονιο
853 4962 1233 5034 ἀναιρεθέντος
1275 4962 1336 5033 δἸ
1394 4964 1632 5029 ἐκείνου,
1683 4963 1830 5033 Ἰόϐᾳ
1873 4961 1952 5033 τῷ
1990 4962 2218 5017 Λιϐύων
2278 4960 2567 5031 γεγάμητο
2612 4958 2862 5028 βασιλεῖ·
2920 4957 3181 5011 κάκείνου
3237 4957 3293 5010 δὲ
3331 4956 3431 5027 τὴν
3460 4955 3609 5024 ζωὴν

342 5052 804 5121 μεταλλάξαντος,
830 5053 1120 5125 Ἀρχελάῳ
1155 5054 1373 5124 γίνεται
1407 5056 1506 5126 τὴν
1571 5054 1933 5109 συνοικοῦσαν
1969 5054 2119 5125 αὐτῷ
2181 5054 2423 5126 Μαριὰμ
2456 5049 2938 5121 ἀποπεμψαμένα),
2969 5049 3259 5103 καὶταῦτα
3294 5049 3496 5111 παῖδας
3551 5049 3612 5112 ἐξ

353 5145 706 5217 Ἀλεξάνδρου
746 5148 971 5219 ἔχουσα.
1001 5147 1212 5201 Ἐδόκει
1246 5144 1444 5218 γοῦνὴ
1509 5148 1650 5218 γυνὴ
1722 5148 1815 5200 τὸν
1879 5146 2239 5214 Ἀλέξανδρον
2299 5147 2439 5217 αὐτῇ
2482 5147 2808 5209 ἐπιστάντα,
2869 5144 3188 5215 μέμφεσθαι
3230 5161 3291 5198 τε
3334 5144 3473 5214 αὐτῇ
3512 5145 3612 5197 καὶ

339 5233 525 5304 λέγειν
546 5252 563 5269 ο
591 5236 907 5305 Γλαφύρα,
932 5198 1271 5303 ἀληθεύειν.
1294 5236 1408 5304 ἄρα
1430 5198 1444 5218 θ
1468 5198 1596 5320 τάν,
1637 5198 1838 5313 ’λόγον
1892 5198 2239 5303 ἀπέδειξας,
2413 5198 2733 5300 ’ὶιιὶίὰτοίνς
2776 5198 2957 5287 ἐγνὶᾶ
2982 5198 3109 5299 τοῖς
3170 5234 3431 5299 ἀνδράσι
3448 5198 3473 5214 η
3505 5240 3613 5300 τὰς

340 5326 634 5399 γυναῖκάς
670 5345 844 5398 φησι.
875 5328 1180 5397 Παρθένος
1211 5328 1323 5399 γάρ
1381 5346 1482 5393 μοι
1545 5329 2001 5398 συνοικήσασα,
2042 5331 2142 5385 καὶ
2173 5329 2396 5396 παῖδας
2437 5327 2797 5400 γεννήσασα
2827 5325 2896 5388 ἐξ
2924 5325 3094 5394 ἐμοῦ,
3126 5327 3288 5393 λήθῃ
3313 5326 3433 5379 τῶν
3451 5326 3614 5394 ἐμῶν
3726 5355 3731 5361 -

334 5420 590 5491 ἐρώτων,
646 5419 949 5490 δευτέροις
985 5420 1196 5490 γάμοις
1256 5415 1695 5490 συνώμίλησας
1727 5433 1743 5450 ⁸
1765 5420 1867 5474 καί
1902 5420 2028 5475 οὐδ’
2092 5420 2284 5487 οὕτως
2307 5435 2407 5474 σοι
2441 5420 2619 5487 κόρος
2644 5417 2755 5485 τῆς
2791 5417 2880 5481 εἰς
2904 5415 3063 5483 ἡμᾶς
3094 5413 3333 5486 ἐγένετο
3354 5417 3607 5486 ὕϐρεως,

337 5515 623 5573 ἀλλὰκαὶ
648 5516 852 5585 τρίτον
870 5515 1072 5585 σαυτῇ
1132 5516 1398 5585 νυμφίον
1458 5514 1993 5582 παρακατέιιινας,
2037 5516 2355 5574 καὶταῦτα
2415 5514 2563 5582 ἐμὸν
2610 5513 2906 5580 ἀδελφόν.
2953 5512 3106 5567 Ἀλλ’
3143 5509 3257 5580 ἐγώ
3298 5528 3374 5565 σε
3433 5508 3613 5581 αὖθις

336 5603 496 5673 ἐμὴν
548 5603 983 5674 ποιησάμενος,
1036 5603 1149 5673 τῆς
1191 5603 1292 5658 ἐπὶ
1347 5601 1537 5670 τούτῳ
1589 5603 1923 5669 ἀπαλλάξω
1960 5608 2283 5675 αἰσχύνης.
2362 5602 2550 5657 Ταῦτα
2613 5597 3001 5670 διηγησαμένη
3037 5597 3176 5669 πρὸς
3209 5597 3310 5663 τὰς
3350 5599 3610 5671 συνήθεες

336 5688 448 5743 τῶν
470 5692 769 5758 γυναικῶν,
808 5691 1180 5762 μετὸνμικρὸν
1207 5691 1456 5762 τελευτᾷ.

410 5783 488 5837 1".
527 5783 594 5837 Ἦ
621 5784 681 5838 δὲ
712 5785 994 5857 Ἀρχελάῳ
1014 5787 1254 5858 ὑπήκοος
1287 5786 1442 5858 χώρα
1464 5788 1531 5859 τῇ
1556 5787 1728 5859 Συρίᾳ
1758 5804 1926 5856 προσ-

334 5873 603 5951 ενεμήθη.
643 5877 938 5951 Ἐπέμ-,εθη
969 5878 1028 5931 δὲ
1088 5879 1179 5933 καὶ
1202 5878 1479 5952 Κυρήνιος
1512 5879 1919 5953 ἀπογραφόμεν-

2103 5770 2193 5840 111.
2238 5780 2413 5851 Regio
2433 5794 2564 5836 vero
2608 5793 2731 5849 qua:
2775 5776 3048 5833 Archelao
3081 5787 3376 5849 paruerat,
3434 5779 3606 5849 Syriae

2032 5888 2116 5934 est
2161 5874 2474 5933 attributa:
2514 5884 2575 5928 ac
2625 5869 2893 5944 Cyrenius
2947 5870 3171 5940 missus,
3229 5874 3322 5945 qui
3362 5871 3601 5945 Syriam,
