4074 6388
446 432 546 494 46⁸]

1719 426 2046 491 JOANNIS
2080 425 2412 487 ΖΟΝΑΒᾸΕ

3595 425 3714 490 M38
3775 431 3781 438 ’

445 546 732 616 ipsamque
781 545 1049 612 Judmam,
1103 546 1270 617 Syria!
1297 527 1758 611 additamentum,
1812 543 2024 600 descri-

2132 561 2216 608 νος
2251 545 2354 615 τὴν
2403 543 2629 615 Συρίαν,
2684 541 2779 597 και
2843 539 3017 612 αὐτὴν
3065 538 3334 594 Ἰουδαίαν
3386 538 3722 614 προσθήκην

445 639 624 693 heret.
678 644 755 694 Ac
810 639 980 694 Judaei
1021 638 1113 708 qui
1167 637 1378 707 pridem
1429 653 1497 692 ne
1551 653 1752 691 nomen
1801 636 2022 707 quidem

445 729 843 799 descriptionis
880 729 1071 784 audire
1107 729 1416 791 voluerant,
1450 744 1610 783 suasu
1639 728 1853 784 Joazari
1884 744 2023 797 pon-

447 819 612 875 tificis
653 821 918 891 refragari
965 821 1320 877 destiterunt.
1370 821 1570 875 Verum
1622 821 1845 891 quidam
1879 821 2027 877 Gau-

446 910 669 973 lanites,
690 910 903 966 Sadoco
924 911 1198 966 Pharisreo
1221 913 1415 976 ascito,
1446 912 1605 966 bellis
1632 922 1686 966 et
1719 913 2025 967 latrociniis

444 1001 693 1056 Judazam
729 1003 997 1072 implevit.
1029 1003 1294 1058 Dicebant
1321 1003 1490 1068 enim,
1523 1003 1844 1058 facultatum
1876 1003 2027 1058 testi-

445 1094 744 1148 matlonem
780 1094 916 1148 nihil
949 1110 1073 1149 esse
1129 1094 1274 1148 aliud
1309 1094 1414 1148 nisi
1460 1095 1806 1150 manifestam
1846 1094 2025 1150 servi-

448 1197 668 1241 tutem:
712 1202 777 1242 ae
828 1187 1243 1256 praztendebant
1297 1189 1375 1242 illi
1429 1187 1650 1258 quidem
1703 1188 2025 1258 reipublicae

448 1294 677 1342 curam,
730 1279 825 1334 sed
875 1297 1067 1335 revera
1135 1280 1474 1350 privatorum
1520 1281 2024 1336 emolumentorum

447 1371 771 1426 occasiones
789 1373 1081 1442 captabant
1104 1389 1117 1425 :
1154 1371 1297 1426 unde
1329 1372 1632 1427 seditiones
1650 1382 1704 1428 et
1724 1374 2023 1429 multorum

446 1462 645 1524 czedes,
667 1463 976 1534 principum
996 1465 1165 1518 etiam
1182 1464 1447 1529 virorum,
1465 1465 2024 1535 exstiterunt,partim

445 1571 514 1607 ex
547 1554 825 1609 intestinis
871 1555 1054 1619 bellis,
1094 1556 1294 1625 partim
1329 1555 1398 1610 ab
1447 1555 1721 1612 hostibus.
1776 1557 2025 1611 Accessit

445 1647 638 1710 fames,
697 1647 918 1701 urbium
969 1648 1429 1718 expugnationes,
1477 1648 1714 1715 excidia,
1748 1657 1804 1704 et
1837 1649 2026 1720 templi

445 1739 826 1810 conﬂagratio.
859 1740 996 1795 Nam
1032 1756 1157 1796 cum
1190 1741 1495 1812 antiquitus
1525 1741 1628 1796 tria
1663 1751 1850 1797 essent
1879 1741 2026 1806 apud

2129 637 2350 706 ἐκείνης
2382 634 2784 705 γεγενημένην.
2831 633 3084 688 Ἰουδαῖοι
3136 632 3216 698 δὲ,
3265 631 3472 706 καίπερ
3522 633 3720 703 πρότε-

2133 749 2224 802 ρον
2260 732 2356 784 καὶ
2385 729 2580 800 μέχρις
2628 728 2805 795 ἀκοῆς
2834 729 2936 798 τὴν
2967 725 3303 797 ἀπογραφὴν
3326 725 3720 797 δυσχεραίνον-

2127 843 2242 888 τες,
2278 823 2426 885 τότε,
2453 823 2548 877 τοῦ
2575 822 2886 894 ἀρχιερέως
2928 819 3230 890 Ἰωαζάρου
3255 817 3368 891 (57)
3423 818 3721 884 πείσαντος

2129 915 2350 982 αὐτοὺς,
2384 915 2664 970 ἐνέδοσαν.
2710 912 3053 982 Γαυλανίτης
3097 911 3158 966 δέ
3199 928 3285 976 τις
3317 911 3483 982 ἀνὴρ,
3521 909 3720 965 Σαδὼκ

2127 1010 2424 1079 Φαρισαῖον
2485 1005 3082 1078 προσεταιρισάμενος,
3141 1003 3402 1074 πολέμων
3462 1004 3559 1056 καὶ
3614 1002 3718 1075 λῃ-

2131 1099 2374 1171 στηρίων
2399 1097 2462 1152 τὺ
2495 1098 2648 1161 ἔθνος
2670 1097 3003 1167 ὲνέπλησαν;
3038 1094 3294 1164 λέγοντες
3347 1093 3505 1146 οὐδὲν
3525 1093 3719 1161 ἔτερον

2128 1189 2273 1248 εῖναι
2304 1194 2404 1263 τὴν
2431 1192 2542 1247 τῶν
2566 1191 2765 1245 οὐσιῶν
2789 1190 3134 1260 ἀποτίμησιν
3190 1187 3224 1258 ἢ
3269 1185 3520 1241 δουλείαν
3565 1185 3720 1240 ἄντι-

2092 1301 2300 1352 -κρυςο
2337 1285 2432 1338 καὶ
2457 1284 2681 1337 ἐδόκουν
2729 1281 2828 1350 μὲν
2864 1281 2955 1334 ὲπὶ
3003 1277 3295 1350 διορθώσει
3347 1277 3460 1331 τῶν
3509 1277 3720 1332 κοινῶν

2129 1377 2480 1446 κεκινῆσθαι,
2519 1377 2587 1445 τῇ
2620 1374 2666 1427 δ’
2690 1372 2922 1444 ἀληθείᾳ
2955 1371 3176 1425 οἰκείων
3198 1369 3466 1424 ἔσπευδον
3504 1369 3717 1439 κερδῶν

2130 1466 2410 1537 ἀφορμάςο
2445 1465 2506 1529 ἐξ
2535 1458 2610 1518 ὧν
2633 1465 2854 1526 στάσεις
2882 1461 3132 1532 ἐφύησαν
3161 1461 3256 1514 καὶ
3288 1461 3450 1529 φόνος
3478 1459 3719 1528 πολλῶν,

2130 1557 2227 1610 καὶ
2248 1557 2432 1610 αὐτῶν
2478 1556 2590 1608 τῶν
2641 1553 2880 1626 πρώτων
2921 1552 3163 1623 ἀνδρῶν,
3215 1551 3244 1606 δ
3291 1551 3390 1620 μὲν
3426 1550 3723 1621 ἐμφυλίοις

2133 1650 2398 1718 σφαγαῖς,
2439 1649 2465 1700 ό
2500 1647 2557 1700 δὲ
2587 1646 2698 1700 τῶν
2724 1644 3022 1714 πολεμίων,
3060 1643 3218 1714 λιμός
3265 1659 3325 1695 τε
3365 1642 3462 1697 κα)⁸
3505 1643 3722 1695 πόλεων

2133 1741 2371 1804 ἁλώσεις
2413 1741 2510 1794 καὶ
2565 1738 2952 1806 κατασκαφαὶ,
3000 1736 3096 1789 καὶ
3143 1736 3240 1789 τοῦ
3307 1733 3456 1806 ἱεροῦ
3501 1736 3724 1805 ἔμπρη-

444 1831 662 1886 Judazns
720 1831 1085 1900 philosophiae
1141 1847 1364 1901 genera,
1419 1832 1795 1896 Essenorum,
1837 1832 2026 1887 Phari-

2139 1836 2294 1906 σμός.
2327 1833 2511 1906 Τριῶν
2542 1833 2652 1903 γὰρ
2686 1832 2865 1887 οὐσῶν
2920 1832 2984 1884 ὲκ
3014 1831 3256 1885 παλαιοῦ·
3276 1831 3390 1894 τοῖς
3429 1829 3722 1894 Ἰουδαίοις

447 1939 706 1988 satorum,
735 1933 791 1978 et
813 1923 1263 1990 Sadducaeorum,
1313 1936 1572 1994 quartum
1599 1925 1707 1980 hoc
1731 1934 1787 1980 et
1820 1941 2024 1980 novum

446 2033 475 2069 a
507 2017 646 2071 Juda
680 2026 737 2072 et
773 2016 987 2072 Sadoeo
1029 2018 1406 2072 introductum
1434 2027 1541 2074 est.
1576 2018 1711 2073 Nam
1741 2019 2022 2085 Phariszei,

444 2105 542 2160 vili
569 2107 716 2160 victu
753 2116 989 2170 utentes,
1021 2106 1088 2161 ad
1121 2106 1407 2162 mollitiem
1443 2122 1502 2162 se
1543 2122 1652 2162 non
1701 2106 2024 2172 deﬂectunt,

445 2197 839 2252 observatores
875 2199 1059 2268 legum
1109 2209 1164 2252 et
1213 2199 1420 2253 rituum
1465 2199 1711 2254 accurati
1746 2217 1760 2255 :
1801 2199 2028 2256 senibus

447 2289 712 2342 honorem
741 2290 1007 2360 praebent,
1034 2305 1215 2360 neque
1245 2289 1591 2346 conﬁdenter
1642 2292 1860 2346 illorum
1895 2308 2028 2348 auc-

449 2383 660 2438 toritati
684 2383 1074 2439 adversantur.
1106 2383 1298 2439 Fatum
1322 2399 1448 2440 esse
1471 2385 1692 2451 docent,
1719 2385 1824 2441 hoc
1843 2395 2026 2441 tamen

452 2475 772 2531 hominibus
819 2475 1148 2541 tribuentes,
1198 2485 1262 2530 ut
1311 2475 1458 2531 illius
1497 2476 1770 2548 impulsus
1805 2478 2027 2534 vincere

450 2569 646 2638 pOssit,
687 2569 730 2623 si
761 2568 910 2623 serio
940 2569 1293 2624 renitantur:
1324 2569 1542 2636 animos
1572 2568 1936 2634 immortales,
1969 2578 2029 2625 et

447 2661 552 2715 sub
576 2670 720 2715 terra
739 2661 865 2715 vita-
885 2670 1021 2716 aetaa
1043 2663 1286 2716 rationes
1306 2661 1613 2716 reddendas
1635 2675 1754 2716 esse
1775 2669 2027 2715 censent.

447 2754 560 2821 Qua
583 2755 651 2810 de
681 2770 845 2810 causa
875 2763 931 2809 et
953 2754 1096 2824 apud
1125 2753 1386 2824 populum
1418 2753 1542 2823 plus
1571 2753 1902 2808 auctoritate
1930 2767 2027 2807 va-

447 2850 586 2909 lent,
628 2856 685 2903 et
737 2847 806 2902 ad
867 2861 1032 2912 vcta,
1084 2847 1150 2902 ad
1207 2863 1360 2902 sacra
1405 2829 1715 2916 peragenda
1763 2855 2026 2916 tanquam

449 2940 785 3010 interpretes
837 2939 1198 2994 adhibentur.
1249 2939 1533 2994 Sadduca-i
1597 2939 1858 2994 mortales
1905 2953 2027 2994 esse

448 3033 665 3087 animos
723 3033 1089 3095 arbitrantur,
1141 3041 1306 3102 atque
1361 3047 1468 3086 una
1523 3045 1648 3086 cum
1697 3031 2029 3101 corporibus

447 3126 707 3189 interire,
749 3140 930 3195 neque
980 3126 1281 3194 quidquam
1327 3124 1434 3179 nisi
1483 3125 1632 3193 leges
1687 3124 2025 3178 observant:

2132 1927 2453 1998 φιλοσοφίας
2486 1925 2622 1981 ὁδῶν
2654 1926 2751 1995 (ὡς
2789 1926 2883 1978 καὶ
2907 1925 3147 1995 πρόσθεν
3182 1923 3432 1996 εἴρηται)
3467 1924 3568 1994 τῆς
3609 1921 3724 1975 τῶν

2145 2020 2443 2089 Ἐσσηνῶν,
2476 2018 2577 2088 τῆς
2609 2017 2719 2070 τῶν
2740 2018 3078 2088 Φαρισαίων,
3141 2017 3238 2069 καὶ
3291 2015 3394 2086 τῆς
3433 2014 3544 2068 τῶν
3577 2014 3722 2068 Σαδ-
3757 2013 3759 2018 ’

2132 2113 2425 2176 δονκαίων,
2456 2111 2696 2182 τετάρτη
2750 2109 2893 2180 αὕτη
2945 2109 3278 2170 ἐπείσακτος
3325 2107 3481 2178 παρά
3526 2095 3759 2160 Σαδὼιε

2132 2207 2228 2262 καὶ
2251 2205 2422 2260 Ἰούδα
2459 2202 2824 2257 κεκαίνισται.
2850 2203 2912 2255 Ol
2949 2201 3048 2271 μὲν
3099 2201 3209 2272 γὰρ
3246 2201 3535 2272 Φαρισαῖοι
3559 2200 3724 2254 εὐτε-

2131 2300 2238 2363 λῶς
2270 2297 2606 2361 διαιτῶνται,
2648 2295 2759 2349 οὐδ’
2787 2294 3163 2348 ἔπικλίνονται
3205 2291 3344 2363 πρὸς
3367 2291 3429 2344 τὸ
3459 2289 3726 2362 μαλακώ-

2131 2406 2313 2464 τερον,
2349 2390 2478 2462 περί
2499 2407 2559 2442 τε
2582 2388 2694 2444 τῶν
2727 2387 2976 2458 νομίμων
3004 2386 3254 2458 φυλακήν
3279 2386 3419 2439 είσιν
3444 2385 3720 2456 ἀκριϐεῖς,

2130 2487 2226 2541 καὶ
2255 2486 2369 2547 τοῖς
2399 2486 2457 2537 έν
2487 2483 2638 2554 γήρᾳ
2683 2479 3082 2553 παραχωροῦσι
3131 2479 3329 2550 τιμῆς,
3357 2477 3468 2532 οὐδ’
3508 2478 3723 2533 ἀντιλέ-

2130 2595 2289 2650 γουσι
2324 2577 2574 2650 θρασέως
2631 2576 2747 2639 τοῖς
2810 2574 2942 2645 παρ’
2989 2571 3220 2628 ἐκείνων
3272 2571 3722 2643 είσηγουμένοις.

2133 2669 2494 2742 Εἱμαρμένην
2526 2685 2588 2722 τε
2622 2665 3071 2737 δογματίζοντες,
3107 2664 3200 2718 καὶ
3251 2665 3364 2728 τοῖς
3407 2661 3725 2732 ἀνθρώποις

2130 2763 2340 2818 διδόασι
2370 2762 2448 2832 μὴ
2494 2761 2668 2814 εῖκειν
2703 2759 2828 2821 ταῖς
2856 2755 3069 2826 ταύτης
3122 2757 3346 2827 ὁρμαῖς,
3382 2754 3521 2824 μετά
3561 2770 3725 2807 σπου-

2131 2856 2227 2926 δῆς
2257 2853 2722 2925 ἀντιπράττουσιν
2744 2867 2758 2882 σ
2785 2849 3095 2904 ἀθανασίαν
3123 2864 3185 2901 τε
3209 2849 3332 2911 ταῖς
3353 2845 3557 2916 ψυχαῖς
3578 2845 3724 2898 ἀπο-

2133 2944 2388 3013 νέμουσι,
2421 2942 2518 2995 κα).
2551 2937 2869 3002 δικαιώσεις
2897 2936 3257 3008 ὑποχθονίους
3289 2936 3402 2990 τῶν
3441 2933 3725 3006 βεϐιωμέ-

2132 3048 2240 3084 νων
2270 3029 2584 3096 δοξάζουσι·
2614 3029 2682 3083 δι’
2715 3029 2752 3085 ἀ
2785 3032 2898 3093 τοῖς
2967 3045 3028 3081 τε
3075 3029 3271 3098 δήμοις
3319 3028 3428 3080 εἰσὶ
3469 3025 3722 3080 πιθανώ-

2131 3139 2281 3194 τεροι
2310 3122 2446 3194 (58),
2480 3123 2573 3176 καὶ
2595 3122 2654 3175 ἔν
2666 3122 2854 3190 εὐχαῖς
2872 3121 2968 3174 καὶ
2993 3121 3276 3191 ποιήσεσιν
3299 3118 3462 3189 ἱερῶν
3483 3117 3724 3180 ἐκείνοις

448 3215 768 3270 senioribus
793 3231 856 3270 ac
887 3215 1162 3284 magistris
1193 3213 1477 3284 refragari,
1511 3215 1564 3268 in
1615 3222 1769 3284 parte
1798 3212 2023 3270 virtutis

2143 3215 2384 3285 χρῶνται
2411 3213 2729 3286 ἐξηγηταῖς.
2749 3213 3101 3268 Σαδδουκαῖοι
3129 3212 3186 3266 δὲ
3212 3212 3410 3283 θνητὰς
3433 3209 3725 3277 δοξάζουσι

449 3315 686 3376 ponunt.
718 3305 775 3360 Si
809 3305 904 3375 qui
937 3320 1067 3359 vero
1091 3305 1311 3359 illorum
1362 3304 1428 3358 ad
1479 3305 1827 3375 magistratus
1857 3305 2018 3360 adhi-

450 3398 677 3462 bentur,
709 3396 800 3452 vel
845 3397 1002 3451 inviti
1040 3396 1419 3452 assentiuntur
1465 3396 1778 3463 Pharisaeis,
1813 3396 2022 3465 alioqui

449 3491 600 3545 enim
629 3505 658 3545 a
687 3491 890 3561 populo
926 3506 1034 3546 non
1065 3490 1451 3546 tolerarentur.
1487 3489 1679 3545 Esseni
1704 3491 1817 3546 Deo
1852 3491 2026 3547 ascrio

451 3584 594 3640 bunt
626 3583 833 3648 omnia,
892 3585 1204 3638 animorum
1265 3582 1731 3638 immortalitatem
1769 3582 2025 3648 credunt,

447 3675 717 3746 jusﬁtiam
754 3676 976 3730 colunt:
1008 3675 1234 3729 donaria
1264 3672 1316 3728 in
1359 3673 1619 3742 templum
1654 3673 1900 3737 mittunt,
1929 3673 2027 3728 sed

453 3768 512 3821 in
538 3783 605 3820 eo
657 3783 766 3820 non
815 3766 1132 3829 immolant,
1171 3766 1241 3820 de
1278 3765 1685 3835 expiationibus
1720 3780 1751 3818 a
1803 3765 2028 3820 caeteris

455 3855 874 3912 dissentientes.
951 3855 1110 3913 Unde
1174 3871 1298 3911 cum
1351 3871 1381 3910 a
1437 3855 1720 3911 communi
1788 3857 2029 3912 sacrario

455 3957 766 4014 arceantur,
791 3949 1050 4020 privatim
1080 3949 1414 4013 sacrificant,
1439 3948 1658 4002 labores
1680 3947 2031 4018 agriculturae

454 4049 786 4110 capessunt,
848 4056 936 4095 res
985 4055 1308 4095 communes
1361 4039 1590 4093 habent.
1650 4039 1815 4110 266
1851 4038 2032 4104 Quare

455 4136 614 4190 dives
655 4135 905 4190 omnium
971 4133 1322 4204 pauperrimo
1373 4131 1548 4186 nihilo
1601 4132 1738 4186 vivit
1785 4132 2030 4187 lautius:

454 4242 637 4298 neque
669 4242 870 4283 uxores
915 4227 1150 4289 ducunt,
1189 4242 1372 4296 neque
1420 4239 1610 4280 servos
1647 4232 1842 4279 emunt
1875 4243 1888 4279 :
1926 4224 2034 4280 hoc

455 4320 709 4389 iniquum
743 4336 867 4377 esse
896 4321 1024 4386 rati,
1058 4319 1192 4375 illud
1230 4317 1526 4374 discordiae
1577 4318 2031 4383 incitamentum;

457 4413 553 4467 sed
584 4413 754 4467 vitam
787 4420 1012 4483 agentes
1041 4411 1367 4475 solitariam,
1399 4409 1490 4463 alii
1538 4409 1662 4464 aliis
1689 4409 2032 4463 ministrant.

455 4504 769 4570 Quaestores
802 4515 858 4559 et
884 4513 1047 4558 terra:
1079 4503 1322 4573 frugum,
1351 4509 1408 4556 et
1431 4516 1624 4557 eorum
1664 4517 1786 4572 quae
1813 4500 2036 4555 aliunde

2141 3309 2245 3371 τὰς
2280 3307 2484 3378 ψυχὰς,
2526 3307 2624 3362 καὶ
2655 3307 2857 3370 ταύτας
2891 3307 3005 3368 τοῖς
3055 3303 3275 3375 σώμασι
3313 3301 3726 3371 συνδιαφθείρε-

2133 3401 2255 3457 σθαι
2272 3401 2515 3469 λέγουσι.
2534 3399 2647 3454 Καὶ
2669 3401 2702 3470 ἡ
2733 3399 2841 3453 τῶν
2865 3397 3046 3468 νόμων
3070 3398 3257 3461 αὐτοῖς
3281 3397 3343 3450 οὐ
3377 3397 3725 3466 παρατηρεέυ

2131 3493 2552 3564 ταιπαράϐασις
2573 3491 2710 3563 (59),
2735 3493 2826 3545 καὶ
2851 3490 2911 3544 τὸ
2939 3490 3078 3558 πρὸς
3099 3489 3226 3553 τοὺς
3249 3489 3604 3560 γεραιτέρους
3621 3487 3725 3542 καὶ

2132 3587 2256 3650 τοὺς
2273 3585 2628 3648 διδασκάλους
2643 3585 2842 3645 αὐτοὺς
2857 3583 3163 3651 ἀντιλέγειν
3183 3581 3386 3654 ἀρετὴν
3402 3582 3628 3635 οἴονται.
3652 3581 3724 3634 Et

2134 3681 2192 3734 δέ
2223 3696 2372 3743 τινες
2404 3677 2588 3732 αὐτῶν
2612 3679 2692 3740 είς
2723 3676 2900 3747 ἀρχὰς
2929 3675 3159 3740 ἔλθοιεν,
3191 3672 3577 3746 προσχωροῦσι
3605 3674 3725 3736 τοῖς

2134 3772 2245 3827 τῶν
2272 3769 2586 3841 Φαρισαίων
2617 3769 2802 3837 λόγοις
2864 3767 2968 3821 καὶ⁵
3011 3767 3240 3827 ἄκοντες
3267 3783 3281 3797 ·
3315 3766 3374 3818 ού
3404 3765 3514 3836 γὰρ
3542 3764 3724 3827 ἄλλως

2137 3863 2360 3917 ἀνεκτοὶ
2413 3860 2639 3916 δοκούσι
2692 3862 2810 3923 τοῖς
2862 3858 3154 3928 πλήθεσιν.
3222 3855 3478 3925 Ἐσσηνοὶ
3540 3855 3595 3908 δὲ
3630 3855 3725 3906 ἐπὶ

2138 3955 2262 4026 Θεῷ
2297 3957 2366 4009 τὰ
2397 3955 2581 4009 πάντα
2613 3951 2945 4021 πεποίηνται
2965 3967 2980 3984 ·
3011 3949 3318 4012 ἀθανάτους
3360 3949 3598 4018 ἥγηνται
3623 3947 3726 4012 τὰς

2138 4047 2347 4119 ψυχάς·
2390 4046 2485 4101 τοῦ
2515 4046 2734 4101 δικαίου
2783 4043 3136 4114 ἀντέχονται.
3211 4041 3570 4112 Ἀναθήματα
3621 4040 3725 4110 μὲν

2141 4144 2223 4205 είς
2251 4141 2313 4194 τὸ
2343 4138 2492 4211 ἱερὸν
2526 4136 2860 4202 στέλλουσιν,
2886 4136 2948 4189 ού
2984 4135 3094 4206 μήν
3121 4150 3186 4204 γε
3229 4133 3327 4188 καὶ
3359 4131 3571 4199 Θύουσι,
3601 4132 3728 4186 διασ

2143 4235 2443 4303 φερόμενοι
2471 4231 2588 4293 τοῖς
2615 4228 2802 4292 ἄλλοις
2835 4229 2966 4300 περὶ
2993 4225 3298 4298 ἁγνισμῶν.
3341 4226 3438 4281 Διδ
3469 4227 3564 4281 καὶ
3603 4227 3724 4296 είρ-

2143 4325 2366 4394 γόμενοι
2387 4320 2482 4376 τοῦ
2506 4319 2691 4376 κοινοῦ
2721 4319 3246 4390 τεμενίσματος,ὲφ’
3269 4318 3482 4374 ἑαυτῶν
3507 4319 3727 4374 θύουσι·

2145 4417 2240 4470 καὶ
2261 4414 2353 4467 ἐπὶ
2379 4413 2576 4476 πόνους
2595 4411 2942 4482 γεωργικοὺς
2965 4411 3284 4482 τρέπονται,
3303 4409 3460 4464 κοινά
3484 4409 3555 4464 τὰ
3584 4412 3726 4480 χρή-

2149 4527 2298 4580 ματα
2355 4507 2595 4578 ἔχουσιν.
2628 4506 2788 4559 Ὅθεν
2816 4505 2969 4560 οὐδέν
2991 4522 3042 4558 τι
3080 4505 3246 4559 πλέον
3276 4506 3306 4560 ὁ
3336 4504 3592 4567 πλούσιος
3615 4503 3726 4558 τῶν

455 4595 791 4656 οΠρτιιηιυτ,
823 4597 1131 4666 designant.
1163 4594 1369 4660 Quarta
1399 4600 1548 4648 secta
1585 4608 1710 4647 cum
1744 4591 2026 4648 Pharisaei:

2143 4602 2364 4656 οἰκείων
2391 4597 2662 4654 ἀπολαύει
2724 4598 2874 4668 παρά
2911 4597 3003 4651 τὸν
3031 4597 3176 4652 πάνυ
3215 4597 3574 4653 πενέστατον.
3611 4597 3723 4650 Καὶ

457 4694 655 4742 caetera
685 4685 981 4746 consentit,
1004 4685 1099 4738 sed
1116 4681 1390 4736 libertatis
1407 4680 1514 4736 alte
1537 4680 1766 4735 inﬁxum
1791 4695 2026 4735 amorem

2139 4693 2264 4748 οὔτε
2315 4693 2567 4763 γαμετάς
2625 4691 2966 4758 εἰσάγονται,
3001 4689 3127 4746 οὔτε
3185 4689 3410 4753 δούλους
3457 4688 3725 4754 κτῶνται,
3766 4729 3770 4733 .

457 4777 602 4848 gerit
631 4794 645 4831 :
679 4778 838 4847 cujus
860 4775 1090 4839 alumni,
1113 4774 1290 4828 solum
1322 4772 1626 4844 principem
1657 4783 1712 4828 et
1740 4774 2026 4831 Dominum

2135 4788 2199 4840 τὸ
2228 4788 2326 4858 μὲν
2354 4785 2572 4841 ἀδικίαν
2595 4785 2860 4856 οἰόμενοι,
2891 4785 2988 4857 τὴν
3016 4783 3074 4838 δὲ
3101 4779 3212 4838 τῶν
3233 4783 3514 4854 γυναικῶν
3539 4784 3726 4836 ἔπεισ-

457 4873 632 4926 Deum
672 4869 972 4941 appellant,
998 4883 1064 4924 ea
1092 4867 1317 4921 nomina
1358 4867 1604 4922 tribuere
1631 4867 1841 4924 homini
1875 4868 2026 4924 dedi-

2139 4879 2364 4948 ἀγωγὴν
2427 4877 2672 4940 στάσεως
2721 4877 2980 4947 ἀφορμήν
3000 4892 3013 4906 ’
3037 4875 3162 4929 καθ’
3192 4874 3423 4939 ἑαυτοὺς
3453 4873 3510 4929 δὲ
3541 4874 3727 4945 βιοῦν⁹

412 4984 417 4988 ’
457 4973 688 5036 gnantes
720 4981 734 5018 :
779 4963 890 5018 imo
920 4976 1023 5018 nec
1063 4969 1291 5028 mortes,
1330 4975 1434 5016 nec
1471 4960 1739 5032 supplicia
1785 4961 1937 5017 varia
1975 4973 2026 5018 et

2143 4987 2256 5036 τες,
2279 4969 2540 5040 ἀλλήλοις
2568 4967 2932 5039 ὑπηρετοῦσι,
2983 4970 3080 5021 καὶ
3129 4966 3444 5030 ἀποδέκτας
3480 4967 3592 5019 τῶν
3627 4967 3726 5037 τῆς

457 5056 668 5111 atrocia
705 5062 1048 5117 recusantes,
1081 5069 1152 5109 ne
1203 5052 1273 5107 ab
1310 5053 1565 5108 instituto
1610 5068 1711 5108 suo
1747 5053 2026 5110 recedant.

2145 5063 2252 5133 γῆς
2278 5061 2512 5132 καρπῶν
2556 5061 2654 5114 καὶ
2689 5060 2800 5114 τῶν
2829 5059 3055 5113 ἄλλοθεν
3108 5057 3492 5129 κομιζομένων
3539 5057 3723 5123 αὐτοῖς

454 5146 598 5202 Hiuc
627 5146 866 5218 p0pulus
891 5143 1159 5201 Iudaicus
1187 5159 1255 5200 ex
1290 5145 1549 5200 amentia:
1579 5147 1774 5200 morbo
1810 5146 1867 5200 in
1913 5146 2026 5201 des-

2148 5151 2614 5221 προχειρίζονται.
2685 5149 2752 5202 Ἦ
2795 5149 2859 5206 ,δὲ
2908 5149 3170 5221 τετάρτη,
3225 5145 3294 5223 ἧς
3355 5150 3385 5202 ό
3439 5147 3721 5211 Γαλιλαῖος

1633 5275 1842 5336 Variaa
1871 5275 2180 5342 lectiones
2211 5286 2271 5340 et
2305 5284 2492 5341 notas.

527 5411 639 5472 (57)
680 5408 792 5463 Τοῦ
837 5405 1154 5480 ἀρχιερέως
1198 5404 1505 5480 ἸώαςΣ-[ια
1535 5403 1856 5480 etiam_c9d.
1892 5405 2024 5480 Reg.

2136 5409 2277 5464 infra
2306 5425 2409 5479 pro
2431 5409 2818 5480 γεραιτέρους,
2843 5405 3243 5480 πρεςυτέρους.
3275 5406 3344 5462 Ει
3365 5421 3465 5478 pro
3489 5405 3725 5474 ἔλθοιεν,

455 5490 510 5535 et
536 5479 803 5542 Colbert.,
831 5475 1180 5549 supraetiam
1208 5490 1306 5544 pro
1337 5475 1611 5549 Ἰώζαρος,
1631 5475 1725 5549 sed
1742 5475 2026 5549 _Josephus

2135 5475 2512 5549 περιπέσοιενζ

457 5551 533 5604 ibi
568 5550 822 5620 Ἰώζαρος
843 5544 1183 5620 habeb_at_._et
1209 5553 1519 5620 p_ostre_m_us
1558 5544 2026 5620 Archelai_ponti-

2211 5544 2321 5616 (59)
2357 5550 2463 5604 Kal
2499 5551 2537 5617 ἡ
2571 5548 2692 5603 τῶν
2717 5551 2920 5619 νόμων
2943 5550 3150 5616 αὐτοῖς
3190 5551 3264 5605 οὐ
3294 5548 3718 5620 παρατηρεῒται

456 5621 546 5692 [ex
574 5635 683 5692 non
731 5614 908 5682 Ἶώας,
940 5617 1034 5692 sed
1083 5614 1290 5692 Ἰησρῦς
1317 5615 1410 5667 τοῦ
1453 5615 1542 5666 Σίε
1589 5629 1749 5692 supra
1795 5614 2023 5692 dicitur.

2136 5614 2494 5692 παράϐασις.
2526 5614 2821 5692 Fortasse,
2860 5614 3481 5692 νομίμων-παράδοσις,
3515 5614 3719 5675 rituum

455 5689 728 5762 Joscpllus
759 5703 892 5741 vero
940 5687 1138 5762 iterum
1185 5685 1474 5762 Joagarum
1520 5685 1760 5762 appellat
1795 5686 2029 5762 hisver-
2138 5685 2456 5762 traditiones
2481 5707 2582 5744 non
2610 5691 2902 5762 observant.
2927 5685 3201 5762 Iosephus
3229 5685 3717 5762 Ῐηὶιειεφυλακῇς

457 5759 544 5832 his
574 5755 600 5832 ξ
632 5759 926 5832 [isis-agro;
976 5755 1174 5832 αύτοές
1222 5755 1317 5832 τοῦ
1351 5756 1656 5827 ἀρχιερέως
1707 5757 2027 5824 Ἰωαζάρου,
2138 5762 2195 5816 δὲ
2231 5761 2484 5832 οὐδαμῶν
2533 5761 2698 5832 τινῶν
2751 5755 3142 5832 μεταποίησῖις,
3189 5764 3448 5832 αύτοῖςὴ
3483 5761 3601 5832 τῶν
3630 5755 3715 5814 νά-

459 5819 1192 5904 Βοηθρῦδὲᾼοῦτρςυίὸςῆχ.
1227 5825 1346 5904 ψη
1585 5900 1592 5904 _
1843 5819 1853 5821 ⁷
1913 5819 1966 5904 '_
2014 5819 2023 5824 ⁷

2143 5850 2280 5904 μων.
2313 5819 2484 5898 Quem
2529 5831 2591 5886 in
2617 5819 2887 5888 vertendo
2909 5819 3140 5889 secutus
3163 5848 3306 5889 sum.
3338 5819 3448 5890 W3
3483 5825 3492 5833 ’

532 5896 642 5968 (58)
676 5893 1087 5963 Πιθανώτεροι.
1130 5893 1270 5952 Cod.
1311 5896 1466 5952 Colb.
1503 5900 1889 5956 itt'lavtoumt.
1948 5900 2028 5956 Ita

759 6031 820 6090 Ι
