4074 6408
1575 381 1618 400 κ

424 421 534 487 469

1701 420 2115 484 ANNALIUM
2152 381 2300 485 LlB'.
2348 425 2445 484 VIa

3577 424 3686 488 470

437 533 640 596 Ἰούδας
670 532 899 601 γέγονεν
928 528 1180 600 ἡγεμὼν,
1214 529 1284 584 τά
1338 530 1442 602 μὲν
1487 528 1624 586 ἀλλα
1666 533 1782 595 τοῖς
1837 533 2006 602 Φαρι-

2110 534 2472 603 ρετοιῖοηθιη-
2500 533 2900 606 est'delapsus,
2947 534 3096 592 Gesii
3147 536 3296 592 F'l'ori
3329 538 3684 596 contumeliis

425 625 603 688 σαίοις
637 621 984 694 ὁμογνώμων
1015 622 1156 687 ἐστὶ,
1181 621 1281 694 τῆς
1310 623 1356 676 δ’
1379 622 1700 694 ἐλευθερίας
1729 624 1869 696 αὐτῇ
1889 625 2006 697 δρι-

427 719 533 788 μὺς
567 715 709 787 ἔρως
735 715 1050 786 ἐντέτηκεν,
1084 710 1153 788 ἧς
1186 715 1236 769 οί
1270 715 1532 787 τρόφιμοι
1566 715 1730 786 μόνον
1759 717 2007 788 ἡγεμόνα

424 812 521 864 καὶ
545 809 834 880 Δεσπότην
864 808 958 862 τὸν
985 808 1123 863 θεὸν
1165 809 1554 881 ὀνομάζουσιν,
1596 808 1875 880 ἀνθρώπῳ
1897 808 2006 862 τῶν

422 900 708 970 ὀνομάτων
735 900 946 955 τούτων
971 900 1318 971 μεταδιδόναι
1363 901 1439 973 μὴ
1465 901 1791 972 ἀνεχόμενοι
1819 917 1832 932 ο
1867 901 2007 956 ἀλλά

425 995 521 1047 καὶ
549 994 818 1059 θανάτους
855 993 949 1048 καὶ
999 994 1280 1065 τιμωρίας
1323 995 1576 1060 ποικίλας
1605 1012 1667 1048 τε
1701 995 1797 1050 καὶ
1825 994 2008 1060 δεινὰς

426 1086 760 1156 ὑφίστασθαι
788 1085 865 1158 μὴ
897 1088 1351 1159 ἀπαναινόμενοι,
1383 1089 1472 1143 ἵνα
1502 1088 1578 1158 μὴ
1610 1088 1710 1158 τῆς
1737 1087 2008 1159 σφετέρας

424 1177 676 1233 ἑκσταῖεν
758 1179 1090 1244 ὲνστάσεως.
1152 1180 1438 1234 Ἐντεῦθεν
1508 1181 1718 1251 ἡρξατο
1775 1181 1837 1234 τὺ
1897 1181 2006 1234 τῶν

437 1269 709 1325 Ἰουδαίων
765 1270 916 1335 ἔθνος
973 1273 1153 1326 νοσεῖν
1211 1272 1271 1340 ἐξ
1305 1272 1492 1335 ἀνοίας
1553 1273 1841 1340 ἀπόνοιαν,
1905 1273 2006 1326 Γε-

426 1359 542 1415 σίου
571 1360 792 1432 Φλώρου
814 1362 911 1416 τοῦ
950 1364 1229 1434 ἡγεμόνος
1258 1365 1341 1427 είς
1373 1363 1584 1433 ταύτην
1634 1364 1836 1427 αὐτοὺς
1887 1367 2010 1434 ἐρε-

425 1453 674 1518 θίσαντος
701 1454 952 1524 ὕϐρεσιν.
989 1455 1052 1509 'U
1106 1456 1294 1526 μέντοι
1326 1457 1608 1528 Κυρὴνιος
1637 1456 1739 1525 τῆς
1764 1457 2010 1526 ἀπογρα-

423 1546 531 1613 φῆς
564 1546 796 1601 καὶτῶν
835 1547 1238 1618 ἀποτιμήσεων
1279 1548 1724 1619 περαιωθεισῶν,
1780 1547 1837 1601 αἳ
1883 1548 2009 1616 ὲγέ-

422 1653 576 1690 νοντο
600 1639 659 1691 ἐν
687 1637 800 1693 ἔτει
843 1638 1158 1710 τριακοστῷ
1212 1641 1311 1694 καὶ
1347 1639 1566 1712 ἑϐδόμῳ
1625 1639 1768 1711 μετὰ
1815 1641 1917 1713 τὴν
1947 1641 2007 1695 ἐν

435 1728 635 1800 ’Δκτίῳ
665 1727 838 1803 ἧτταν
885 1731 982 1784 τοῦ
1043 1732 1340 1787 Ἀντωνίου
1403 1733 1511 1787 ὑπὸ
1544 1733 1640 1786 τοῦ
1701 1732 2004 1801 Καίσαρος,

421 1819 718 1889 Ἰωάζαρον
764 1825 859 1877 τὸν
911 1825 1178 1898 ἀρχιερέα
1201 1825 1750 1881 καταστασιασθέντα
1784 1827 1888 1880 ὑπὸ
1911 1826 2005 1880 τοῦ

422 1916 660 1987 πλήθους
684 1917 1019 1989 ἀφελόμενος
1035 1918 1134 1990 τὴν
1162 1918 1352 1990 τιμὴν,
1377 1919 1580 1975 ¹Ἀνναν
1599 1918 1690 1972 τὸν
1708 1919 1863 1972 Σεθεὶ
1888 1918 2001 1989 (60)
2039 1898 2080 1953 Β

419 2007 684 2080 ἀρχιερέα
713 2011 1036 2081 καθίστησι.
1071 2012 1354 2083 Κυρηνίου
1393 2012 1449 2066 δὲ
1476 2013 1558 2074 είς
1597 2011 1820 2082 Ῥώμην
1850 2010 2004 2065 ἀπά-

421 2117 638 2169 ραντος,
676 2099 964 2164 Κοπώνιος
999 2103 1100 2172 τὴν
1141 2101 1408 2155 Ἰουδαίαν
1461 2101 1663 2157 διεῖπε.
1711 2101 1902 2172 Τούτῳ
1947 2101 2004 2154 δὲ

419 2190 666 2260 διάδοχος
695 2191 908 2260 γίνεται
937 2191 1170 2263 Μάρκος
1206 2189 1575 2261 Ἀμϐιϐοὖχος
1606 2189 1721 2262 (61)
1743 2205 1757 2220 ⁶
1793 2190 2003 2244 καὶτὸν

419 2286 651 2358 Μάρκον
695 2287 922 2357 Ῥοῦφος
943 2287 1251 2358 διαδέχεται
1284 2287 1536 2349 ’Δννινος
1560 2300 1574 2315 ·
1612 2285 1700 2354 ἐφ’
1723 2277 1786 2338 οὗ
1814 2283 1878 2357 δὴ
1911 2301 2003 2337 τε-

418 2375 588 2448 λεῦτα
626 2380 847 2450 Καῖσαρ
900 2379 1264 2450 αὐτοκράτωρ
1334 2376 1648 2448 Ῥωμαίων,
1698 2374 1872 2447 ἄρξας
1907 2375 2004 2447 ἔτη

420 2466 563 2518 ἑπτὰ
604 2468 699 2520 καὶ
758 2469 1124 2541 πεντήκοντα,
1167 2466 1346 2540 μῆνάς
1401 2484 1464 2522 τε
1515 2466 1576 2531 ἓξ
1642 2466 1730 2536 ἐφ’
1765 2467 2013 2537 ἡμέραιν

2106 626 2376 682 irritatus.
2436 626 2572 682 Nam
2639 625 2910 698 Cyrenius
2973 626 3349 696 descriptione
3411 642 3476 682 ac
3512 642 3683 683 censu

2108 727 2368 788 peracto,
2421 717 2698 775 tricesimo
2753 719 2988 790 septimo
3037 735 3182 775 anno
3256 728 3382 790 post
3447 719 3683 776 Caesaris

2103 814 2386 869 Actiacam
2441 813 2669 869 Antonii
2724 813 3053 880 victoriam,
3108 816 3338 871 JOazaro
3391 814 3680 885 pontifici,

2103 904 2345 960 factione
2373 906 2560 976 p0puli
2599 921 2882 976 oppresso,
2909 907 3223 976 ademptam
3266 907 3590 976 dignitatem
3625 907 3685 962 in

2104 998 2320 1052 Annam
2374 998 2562 1054 Sethei
2619 998 2793 1054 ﬁlium
2857 1000 3116 1055 contulit.
3165 999 3401 1070 Cyrenio
3452 999 3684 1054 Romam

2105 1102 2329 1142 rchrso
2351 1128 2368 1151 ,
2407 1087 2692 1158 Coponius
2718 1089 2962 1145 Iudaeam
2994 1089 3420 1146 administravit.
3462 1089 3525 1143 Ei
3556 1103 3685 1145 suc-

2105 1180 2277 1235 cessit
2311 1181 2528 1236 Marcus
2559 1181 2978 1250 Ambibuchus;
3031 1183 3212 1238 Marco
3244 1180 3424 1237 Rufus
3449 1163 3705 1246 Annius;
3798 1176 3805 1184 ’

2107 1273 2213 1327 sub
2249 1288 2360 1342 quo
2387 1273 2765 1328 Romanorum
2797 1275 3100 1346 imperator
3127 1273 3288 1338 obiit,
3337 1272 3492 1345 regni
3542 1287 3688 1327 anno

2106 1363 2566 1434 quinquagesimo
2595 1364 2852 1434 septimo,
2880 1380 3071 1421 mense
3107 1381 3185 1430 Vl,
3227 1363 3429 1420 diebus
3466 1379 3524 1419 ll.
3559 1363 3688 1419 Col-

2106 1455 2282 1525 legam
2313 1456 2614 1512 Antonium
2635 1457 2831 1512 habuit
2857 1457 3020 1512 annis
3049 1456 3498 1528 quatuordecim.
3523 1455 3688 1511 Solus

2106 1545 2399 1618 imperavit
2429 1564 2603 1605 annos
2620 1565 2774 1613 me,
2804 1558 2901 1604 aut
2929 1564 3080 1614 κων,
3104 1558 3165 1603 ut
3188 1547 3409 1617 quidam
3437 1547 3686 1602 tradunt.

2112 1640 2262 1696 Vixit
2316 1656 2492 1696 annos
2531 1642 2886 1712 septuaginta
2915 1649 3151 1711 septem.
3193 1640 3516 1696 Monarchia
3555 1654 3707 1696 vero.

2109 1733 2371 1788 translata
2401 1741 2488 1789 est
2539 1733 2595 1787 in
2649 1733 2958 1798 Tiberium,
2996 1733 3228 1789 Caesaris
3273 1749 3340 1790 ex
3370 1733 3528 1788 Livia
3573 1731 3692 1803 pri-

2108 1825 2360 1894 vignum,
2412 1841 2440 1879 a
2485 1841 2597 1895 quo
2633 1825 2886 1881 Valerius
2923 1826 3126 1882 Gratus
3160 1825 3272 1881 dux
3323 1827 3380 1881 in
3427 1825 3714 1882 Judreami

2111 1921 2316 1974 missus
2338 1928 2422 1973 est
2447 1936 2460 1973 :
2500 1918 2606 1988 qui
2623 1917 2948 1988 pontificatu
2974 1918 3145 1974 Annae
3175 1918 3458 1989 abrogato,
3484 1916 3690 1970 lsmae-

2111 2009 2217 2064 lem
2247 2008 2400 2063 Fabii
2433 2007 2606 2062 lilium
2641 2022 2915 2062 summum
2962 2008 3310 2064 sacerdotem
3359 2007 3691 2079 designavit.

2111 2100 2311 2154 Ethoc
2340 2101 2505 2154 etiam
2533 2114 2645 2154 non
2691 2100 2867 2154 multo
2914 2110 3040 2170 post
3071 2101 3124 2154 in
3171 2100 3422 2154 ordinem
3477 2105 3714 2164 coacto,

2111 2192 2376 2246 Eleazaro
2417 2191 2591 2248 Anna!
2638 2192 2752 2247 filio
2806 2193 3119 2248 sacerdotii
3149 2193 3417 2247 honorem
3459 2190 3695 2261 largitus

2112 2292 2198 2338 est
2232 2297 2528 2352 :annoque
2571 2283 2783 2352 elapso,
2820 2282 3102 2338 Simonem
3131 2280 3371 2337 Camithi
3410 2279 3583 2334 ﬁlium
3614 2277 3709 2334 illi

2113 2373 2424 2428 substituit.
2460 2372 2598 2427 lluie
2642 2373 2757 2443 pari
2802 2383 3055 2444 tempore
3111 2373 3285 2429 sacris
3314 2379 3568 2443 ,operato,
3597 2369 3715 2426 10--

2115 2465 2322 2534 scphus
2353 2463 2622 2535 Caiaplias
2649 2480 2938 2520 successor
2961 2465 3088 2520 fuit.

420 2560 591 2627 δυοῖν,
623 2559 717 2631 ἀφ’
751 2555 828 2616 ὧν
883 2562 1397 2634 τεσσαρεσκαίδεκα
1436 2559 1538 2632 ἐτη
1562 2559 1712 2631 αὐτῷ
1742 2559 2010 2630 συνῆρξεν
2055 2557 2362 2624 Ἀντώνιος,
2433 2558 2510 2621 ὡς
2547 2554 2692 2612 εἶναι
2747 2559 2838 2613 τὸν
2871 2559 2971 2624 τῆς
3006 2558 3310 2632 μοναρχίας
3360 2556 3527 2612 αὑτοῦ
3566 2556 3710 2628 χρόο

421 2669 511 2705 νον
535 2654 823 2718 ἐνιαυτοὺς
893 2657 1308 2728 τεσσαράκοντα
1357 2655 1497 2728 πρὸς
1549 2656 1721 2728 τρισὶ,
1795 2653 1942 2709 κατά
1976 2652 2034 2707 δέ
2072 2669 2224 2717 τινας
2276 2653 2575 2725 τέσσαρσιν
2644 2654 2779 2727 (62).
2829 2654 2994 2708 Ἐϐίω
3040 2653 3098 2708 δὲ
3155 2655 3249 2724 ἔτη
3309 2652 3686 2724 ἐϐδομήκοντα

422 2748 516 2800 καὶ
546 2747 707 2802 ἑπτά.
754 2747 820 2803 Ἦ
847 2749 904 2803 δὲ
939 2750 1214 2822 μοναρχία
1251 2751 1557 2821 μετήνεκτο
1630 2749 1713 2814 είς
1761 2748 2038 2818 Τιϐέριον.
2077 2747 2180 2818 τῆς
2229 2746 2326 2802 τοῦ
2389 2748 2677 2818 Καίσαρος
2721 2749 2984 2816 γυναικὸς
3039 2747 3235 2813 Λιϐίας
3289 2747 3406 2800 υίόν
3435 2762 3450 2778 ·
3508 2746 3600 2818 ὑφ’
3629 2737 3704 2799 οὗ

421 2843 631 2913 Γράτος
669 2843 1000 2916 Οὐαλλέριος
1049 2847 1130 2909 είς
1171 2843 1436 2899 Ἰουδαίαν
1483 2843 1714 2898 ἔσταλτο
1741 2841 1992 2916 ἡγεμὼν,
2032 2841 2093 2906 ὃς
2152 2842 2370 2906 παύσας
2439 2843 2532 2897 τὸν
2590 2843 2793 2897 Ἀνναν
2821 2843 2926 2911 τῆς
2977 2840 3416 2914 ἀρχιερωσύνης,
3465 2839 3695 2911 Ἷσμαὴλ

421 2935 772 2991 ἀποδείκνυσι
797 2937 888 2991 τὸν
910 2937 1006 2992 τοῦ
1023 2937 1184 2992 Φαϐί.
1212 2937 1323 2991 Καὶ
1349 2937 1540 2992 τοῦτον
1592 2937 1650 2992 δὲ
1682 2936 2032 3008 μεταστήσας
2083 2935 2204 3005 μετ’
2268 2935 2330 2988 οὐ
2363 2935 2522 3003 πολὺ,
2567 2935 2836 3006 Ἐλεάζαρ
2859 2934 2938 3006 τῷ
2970 2933 3066 2988 τοῦ
3103 2935 3271 2989 ’Δννα
3298 2934 3398 3006 υίῷ
3425 2934 3710 3004 ἀπονέμευ

423 3029 524 3099 τὴν
555 3029 651 3082 τοῦ
692 3029 949 3100 ἱερᾶσθαι
1023 3029 1213 3102 τιμὴν,
1280 3029 1378 3084 καὶ
1422 3029 1541 3101 μετ’
1598 3027 1848 3082 ἐνιαυτὸν
1918 3027 2232 3098 ἀντεισάγει
2282 3028 2506 3100 Σίμωνα
2567 3027 2661 3081 τὸν
2698 3025 2975 3097 Καμίθου.
3039 3027 3154 3081 Καὶ
3209 3028 3386 3101 τούτῳ
3423 3028 3517 3083 τὸν
3566 3024 3687 3082 ἴσον

421 3122 613 3194 χρόνον
647 3123 1002 3195 ίερασαμένῳ
1055 3122 1261 3195 Ἰωσὴφ
1291 3125 1319 3178 ό
1345 3123 1607 3192 Καϊάφας
1631 3122 1881 3192 διάδοχος
1905 3116 1998 3192 ἦν.

491 3217 566 3275 Δ’.
603 3220 712 3274 Καὶ
734 3218 962 3290 Γράτος,
992 3221 1086 3273 ἐπὶ
1117 3219 1313 3275 ἕνδεκα
1349 3220 1447 3291 ἐτη
1471 3219 1575 3289 τῆς
1604 3217 1870 3280 Ἰουδαίας
1901 3217 2006 3284 ἀρ-

2181 3215 2272 3270 ιν.
2321 3213 2513 3279 Grato,
2547 3227 2672 3267 cum
2699 3211 2902 3269 Iudaeae
2932 3226 3033 3282 per
3063 3226 3242 3266 annos
3262 3209 3517 3266 undecim
3547 3227 3696 3288 pra:-

424 3309 542 3378 ξας,
571 3311 669 3364 καὶ
707 3311 885 3364 ταῦτα
912 3309 1150 3382 πράξας,
1182 3311 1265 3374 είς
1303 3308 1532 3380 Ῥώμην
1562 3308 1964 3380 ῦπανεχώρησε
1985 3323 2000 3339 ⁸

422 3409 648 3470 Πόντιος
680 3407 724 3462 δ’
755 3401 860 3478 ἧκε
894 3404 1131 3469 Πιλάτος
1179 3405 1282 3475 τὴν
1312 3403 1614 3474 ἡγεμονίαν
1660 3400 2005 3472 ἀναδεξάμε-

419 3519 532 3567 νος.
581 3501 640 3555 '0
671 3495 728 3555 δὲ
776 3499 1090 3571 τετράρχης
1130 3496 1405 3570 Ἡρώδης,
1441 3493 1593 3571 φίλος
1638 3492 1718 3566 τῷ
1763 3494 2005 3566 Τιϐερίῳ

331 3663 333 3666 ἡ
421 3593 781 3666 χρηματίζων
826 3593 935 3664 πρὸ
968 3591 1070 3661 τῆς
1122 3590 1324 3660 ἀρχῆς,
1372 3587 1653 3658 οἰκοδομεῖ
1704 3586 1845 3657 μετὰ
1904 3588 2006 3657 τὴν

423 3684 725 3756 μοναρχίαν
759 3682 915 3736 πόλιν
970 3680 1124 3752 αὑτῷ
1180 3679 1474 3749 ἐπώνυμον
1525 3675 1587 3732 ἐν
1635 3679 1702 3749 τῇ
1735 3676 2006 3748 Γαλιλαία

419 3779 515 3830 ἐπὶ
535 3767 602 3846 τῇ
636 3775 803 3846 λίμνῃ
828 3769 1166 3844 Γενησαρὲτ,
1202 3769 1504 3841 Τιϐεριάδα
1531 3767 1770 3832 καλέσας
1798 3768 1997 3839 αὐτήν.

421 3871 659 3932 Πιλᾶτος
715 3867 795 3932 δὲ,
833 3865 1098 3939 στρατιὰν
1159 3864 1224 3916 ἐκ
1273 3860 1616 3932 Καισαρείας
1669 3859 2004 3931 μεθιδρύσας

418 3960 812 4034 χειμαδιοῦσαν
870 3959 929 4012 ὲν
1000 3953 1423 4026 Ἱεροσολύμοις,
1475 3951 1720 4024 σημαίας
1779 3954 1862 4016 είς
1901 3949 2001 4020 τὴν

397 4049 578 4106 ἶπόλιν
624 4051 729 4105 ὑπὸ
756 4049 931 4104 νύκτα
976 4048 1299 4118 εισήγαγεν,
1344 4044 1568 4108 εἰκόνας
1595 4044 1829 4115 ἐχούσας
1861 4041 2006 4096 Καί-

420 4164 607 4218 σαρος,
638 4143 1085 4216 ἀπαγορεύοντος
1123 4141 1401 4202 Ἰουδαίοις
1433 4139 1530 4192 τοῦ
1560 4138 1731 4210 νόμου
1786 4139 2008 4208 εἰκόνας

395 4227 587 4313 1ἔχειν.
613 4239 772 4294 Ἐπεὶ
797 4237 842 4292 δ’
883 4237 1135 4308 ἐγνώσθη
1185 4235 1248 4289 τὸ
1309 4233 1746 4305 πεπραγμένον,
1801 4234 2006 4306 πλῆθος

388 4395 401 4410 ο
420 4336 684 4407 ὥρμησεν
717 4334 797 4396 είς
822 4331 1190 4400 Καισάρειαν,
1222 4327 1377 4382 αίτού
1388 4343 1554 4397 μενον
1581 4326 1680 4399 τὴν
1707 4327 1818 4380 τῶν
1855 4328 2007 4382 εἰκός-

382 4435 402 4509 ί
420 4447 528 4484 νων
561 4427 879 4499 μετάθεσιν,
917 4425 1013 4478 καὶ
1044 4422 1432 4494 πενθημέρους
1461 4421 1705 4483 ἱκετείας
1727 4419 1817 4474 διὰ
1847 4419 2008 4478 τοῦτο

419 4523 740 4593 πεποίηντο.
770 4520 864 4591 Μὴ
894 4515 1310 4589 συγχωροῦντος
1339 4515 1395 4590 δὲ
1428 4514 1690 4580 Πιλάτου,
1718 4515 1794 4578 ὡς
1822 4514 2005 4572 ἐντεῦ-

420 4616 514 4670 θεν
546 4615 708 4684 δῆθεν
743 4611 1110 4683 ὑϐριζομένου
1154 4607 1251 4662 τοῦ
1282 4607 1590 4677 Καίσαρος,
1627 4606 1752 4661 ἐπεὶ
1778 4606 1839 4660 τὸ
1861 4607 2002 4674 πλῆ-

419 4709 514 4772 θος
539 4707 642 4762 οὐκ
695 4706 838 4761 ἀνίει
867 4703 1150 4773 δεόμενον,
1211 4700 1352 4755 κατά
1415 4701 1514 4786 τῂν
1556 4699 1730 4772 ἕκτην
1783 4699 2003 4770 ἡμέραν

418 4801 765 4873 περιστήσας
832 4794 1177 4869 στρατιώτας
1236 4791 1500 4857 ἐνόπλους
1545 4791 1752 4863 σφίσιν,
1784 4790 2003 4862 ἠπείλει

416 4897 675 4958 θάνατον,
699 4893 750 4948 εί
793 4892 869 4962 μὴ
919 4889 1222 4943 παύσοιντο
1281 4886 1557 4958 θορυϐεῖν.
1590 4887 1654 4940 Οἱ
1682 4885 1739 4940 δὲ
1775 4887 2007 4956 πρηνεῖς

305 5035 316 5042 .
416 4985 824 5049 καταϐαλόντες
858 4983 1117 5047 ἑαυτοὺς,
1141 4985 1240 5036 σὺν
1276 4981 1440 5053 ἡδονῇ
1485 4979 1746 5047 δέξασθαι
1775 4979 1870 5032 τὸν
1903 4977 2006 5032 θά-

416 5095 580 5132 νατον
607 5065 817 5146 ἔλεγον.
847 5073 961 5130 Καὶ
1015 5071 1309 5143 θαυμάσας
1365 5070 1601 5135 Πιλᾶτος
1659 5070 1722 5124 τὸ
1754 5070 2003 5139 γενναῖον

418 5169 605 5223 αὐτῶν
634 5169 728 5223 καὶ
770 5167 1054 5240 πρόθυμον
1089 5163 1186 5218 ἐπὶ
1229 5163 1466 5234 τηρήσει
1522 5161 1632 5218 τῶν
1654 5161 1861 5232 νόμων,
1897 5177 2006 5214 πα-

421 5260 683 5332 ραχρῆμα
717 5260 817 5325 τὰς
847 5259 1069 5324 εἰκόνας
1091 5256 1500 5326 ἐπανεκόμισεν
1533 5255 1614 5320 είς
1637 5255 1998 5326 Καισάρειαν.

428 5353 671 5408 Ὑδάτων
702 5352 746 5405 δ’
776 5351 1093 5425 εἰσαγωγὴν
1124 5348 1456 5420 ποιούμενος
1501 5348 1584 5411 είς
1621 5345 1998 5417 Ἰεροσόλυμα,

415 5443 487 5500 τὰ
521 5444 642 5517 ίερά
672 5443 811 5517 πρὸς
852 5442 1061 5517 ταύτην
1085 5442 1348 5513 ἀνήλισκε
1392 5440 1673 5518 χρήματα.
1705 5436 2001 5493 Συνελθόν-

2111 3308 2332 3372 fuisset,
2371 3307 2460 3363 bis
2483 3307 2623 3364 actis
2656 3308 2889 3362 Romam
2922 3321 3168 3370 reverso,
3219 3306 3452 3362 Pontius
3483 3306 3704 3362 Pilatus

2110 3401 2403 3457 successit.
2446 3399 2694 3456 Herodes
2741 3399 3017 3454 tetrarcha
3045 3397 3253 3453 Tiberii
3288 3397 3485 3470 privati
3509 3398 3698 3454 adhuc

2110 3509 2244 3550 usus
2287 3493 2557 3557 amicitia,
2606 3508 2672 3547 co
2713 3508 2902 3548 rerum
2957 3492 3157 3563 potito,
3193 3491 3388 3553 urbem
3421 3491 3490 3546 de
3541 3492 3692 3546 illius

2108 3587 2335 3643 nomine
2375 3585 2724 3640 Tiberiadcm
2773 3585 2841 3640 ad
2894 3585 3286 3642 Genesaretba:
3340 3585 3519 3639 lacum
3553 3600 3700 3639 con-

2110 3679 2273 3735 didit.
2313 3680 2524 3735 Pilatus
2553 3678 2856 3734 exercitum
2881 3678 3150 3742 Caesarea,
3204 3684 3264 3730 ut
3295 3675 3696 3745 Hierosolymis

2111 3771 2452 3834 hibernaret,
2486 3771 2860 3835 traducturus,
2904 3778 3071 3828 noctu
3098 3768 3435 3828 vexillacum
3457 3766 3705 3822 Caesaris-

2109 3864 2442 3934 imaginibus
2466 3863 2521 3917 in
2555 3863 2748 3917 urbem
2776 3862 2984 3924 intulit,
3008 3861 3212 3931 quibus
3233 3861 3351 3931 lege
3375 3859 3580 3916 Iudaeis
3605 3859 3690 3913 in-

2109 3956 2404 4012 terdictum
2424 3955 2585 4025 267
2601 3965 2708 4010 est.
2733 3953 2852 4020 Quo
2875 3953 3118 4023 cognito,
3139 3950 3436 4007 multitudo
3452 3965 3692 4021 propere

2109 4047 2412 4104 Cmsaream
2444 4027 2708 4107 accurrit,
2742 4053 2996 4116 petentes
3023 4051 3085 4097 ut
3109 4042 3201 4097 illa
3229 4039 3702 4104 transferrentur,

2110 4138 2512 4212 supplicatione
2575 4153 2678 4207 per
2715 4136 2836 4192 dies
2897 4136 3143 4209 quinque
3197 4133 3537 4196 continuata.
3586 4131 3705 4188 Cui--

2111 4248 2236 4288 cum
2258 4232 2468 4288 Pilatus
2496 4230 2899 4302 refragaretur,
2936 4244 3000 4284 ea
3031 4228 3180 4282 enim
3224 4243 3284 4283 re
3317 4225 3440 4282 laedi
3487 4225 3692 4296 majes-

2112 4331 2281 4382 tatem
2312 4322 2570 4390 Caesaris,
2614 4337 2719 4378 nec
2759 4321 2997 4392 pepulus
3046 4335 3204 4374 orare
3241 4319 3565 4374 desisteret:
3601 4316 3692 4372 die

2112 4424 2270 4472 sexto
2299 4415 2572 4472 militibus
2603 4415 2830 4469 armatis
2855 4412 3288 4481 circumpositis,
3326 4417 3563 4466 mortem
3609 4407 3698 4465 eis~

2111 4508 2482 4568 comminatus
2511 4517 2625 4570 est,
2656 4506 2761 4560 nisi
2799 4503 3169 4561 tumultuandi
3205 4502 3368 4558 ﬁnem
3420 4503 3687 4559 facerent.

2108 4607 2179 4657 At
2208 4601 2287 4656 illi
2325 4600 2484 4672 proni
2535 4599 2815 4670 prostrati,
2873 4613 2933 4653 se
2961 4603 3196 4653 mortem
3244 4610 3370 4650 cum
3405 4595 3694 4664 voluptate

2105 4695 2454 4768 oppetituros
2513 4693 2794 4749 dixerunt.
2843 4691 3052 4747 Pilatus
3103 4690 3271 4762 igitur
3305 4688 3690 4746 fortitudinem

2105 4802 2300 4843 eorum
2334 4796 2390 4842 et
2417 4786 2765 4841 alacritatem
2794 4783 3156 4839 observanda:
3182 4783 3321 4852 legis
3359 4782 3689 4848 admiratus,

2105 4878 2373 4952 evestigio
2426 4878 2732 4932 Caesaream
2795 4876 3064 4948 imagines
3129 4874 3342 4929 retulit.
3402 4874 3483 4941 Ad
3538 4888 3702 4943 aqua:-

2107 4969 2335 5024 ductum
2405 4985 2536 5023 vero
2606 4967 3004 5038 Hierosolymis
3076 4965 3405 5020 struendum
3477 4979 3692 5019 sacram

2105 5061 2399 5138 pecuniam
2432 5061 2749 5132 insumpsit.
2777 5059 2859 5114 0b
2885 5075 3005 5115 eam
3031 5073 3146 5114 rem
3172 5058 3331 5112 multi
3359 5071 3705 5136 convenere,

2109 5171 2235 5212 cum
2271 5155 2607 5210 clamoribus
2665 5166 2830 5224 atque
2859 5155 3026 5208 etiam
3057 5170 3158 5226 per
3208 5151 3458 5216 convicia
3494 5159 3689 5224 postu-

2108 5251 2311 5314 lantes,
2345 5257 2406 5302 ut
2453 5248 2751 5303 desineret.
2783 5251 2850 5301 At
2883 5248 2975 5302 ille
3026 5247 3286 5301 cohortes
3326 5244 3560 5300 militum
3589 5241 3694 5296 sub

2114 5342 2274 5397 stolis
2299 5339 2547 5397 Judaicis
2594 5340 2805 5410 ﬂagella
2837 5348 3098 5411 gerentes
3135 5336 3432 5391 circumire
3485 5333 3694 5389 tumul-

2114 5444 2361 5503 tuantes,
2410 5443 2574 5507 atque
2633 5434 2705 5488 ita
2752 5431 2972 5489 Judaeos
3012 5430 3166 5486 abire
3211 5428 3414 5501 jussit:
3446 5437 3510 5488 ut
3559 5443 3707 5483 vero

1618 5587 1821 5652 Varia)
1869 5583 2179 5649 lectiones
2231 5591 2294 5648 et
2331 5591 2525 5647 Ποία).

443 5788 445 5791 .
492 5739 606 5810 (60)
642 5741 831 5797 Σεθεῐ.
867 5740 946 5796 Ms
1003 5741 1135 5810 Reg.
1167 5749 1222 5797 et
1242 5739 1488 5798 Colbert.
1518 5739 1666 5797 Σεθὶ.

420 5808 1060 5938 ωωρνἋμϐιϐοῦχος.
1090 5808 1248 5868 llaud
1282 5812 1398 5870 scio
1433 5828 1499 5866 an
1534 5819 1683 5869 recte
1733 5809 1809 5867 ita
1851 5808 2001 5880 lega-

487 5897 576 5936 r..
642 5921 656 5937 .
1569 5894 1575 5899 ’

2179 5734 2487 5863 ἃϐἓὲῐῖῗτὰ
2519 5733 2585 5788 δέ
2612 5749 2774 5801 τινας
2812 5731 3162 5802 τέσσαρσιν.
3222 5727 3350 5790 limo
3406 5727 3606 5785 desunt
3640 5727 3693 5781 in

2223 5850 2234 5863 .
2320 5822 2350 5861 0
2419 5846 2432 5858 .

2110 5822 2234 5864 COd.
2274 5822 2432 5861 μου),
