4074 6394
367 361 467 428 471

367 567 524 624 ribus
565 585 662 626 eos
723 573 994 644 eastigare
1043 574 1310 632 instituit.
1367 579 1451 633 llli
1507 595 1640 636 vero
1696 581 1951 650 quamvis

367 661 611 718 inermes
671 666 1044 731 caederentur,
1100 668 1169 723 de
1218 671 1520 740 pertinacia
1563 672 1705 728 nihil
1755 675 1950 729 remit-

374 755 602 818 tebant,
667 755 765 808 sed
825 757 984 810 multi
1041 760 1352 828 cadebant,
1408 763 1567 821 multi
1627 764 1953 822 vulneribus

370 844 555 899 allecti
588 845 944 902 recedebant.
975 847 1092 904 Hoc
1133 860 1378 922 tempore
1426 855 1694 912 Dominus
1723 873 1948 928 quoque

300 997 306 1017 ε
371 945 564 990 noster
601 938 819 993 etDeus
846 940 1006 995 Jesus
1033 942 1286 1000 Christus
1334 947 1389 1000 in
1427 948 1615 1004 Judzea
1651 951 1803 1006 visus
1841 962 1949 1017 est,

300 1012 306 1019 ’
371 1027 441 1081 dc
471 1043 582 1097 quo
639 1029 754 1084 haec
782 1030 1009 1102 Joseplii
1045 1037 1210 1091 verba
1252 1037 1306 1091 in
1339 1055 1474 1094 xvm
1523 1041 1671 1095 libro
1709 1012 1952 1113 Antiqui;

371 1127 546 1172 tatunt
597 1131 856 1178 exstant:
893 1124 1147 1180 Nascitur
1194 1129 1289 1182 hoc
1343 1139 1580 1203 tempore
1620 1133 1808 1200 Iesus,
1869 1138 1953 1191 vir

368 1212 603 1280 sapiens,
643 1214 688 1265 si
719 1214 871 1267 modo
898 1217 972 1269 vir
1007 1217 1253 1272 dicendus
1282 1229 1378 1275 est.
1437 1222 1560 1276 Fuit
1606 1225 1746 1278 enim
1788 1227 1953 1280 mira-

375 1302 561 1356 bilium
613 1321 833 1375 operum
873 1309 1100 1378 effector,
1151 1321 1201 1366 et
1249 1315 1500 1384 magister
1542 1317 1813 1371 hominum
1861 1320 1952 1388 qui

370 1393 650 1448 veritatem
676 1397 1089 1467 amplectuntur,
1142 1419 1204 1456 ac
1239 1403 1430 1459 multos
1468 1404 1710 1474 Judazos,
1757 1409 1951 1464 multos

368 1500 435 1537 ea:
456 1486 692 1556 gentibus
737 1489 834 1543 sibi
865 1490 1184 1546 conciliavit.
1227 1493 1468 1551 Christus
1509 1497 1599 1552 ille
1635 1499 1762 1568 fuit,
1797 1517 1951 1570 quem

369 1589 490 1628 cum
518 1594 549 1630 a
575 1579 896 1647 principibus
933 1582 1075 1652 apud
1121 1600 1214 1638 nos
1263 1588 1390 1641 viris
1413 1588 1646 1645 delatum
1689 1595 1833 1647 cruci
1858 1592 1960 1649 Pi-

374 1663 516 1719 latus
551 1668 822 1737 ams-isset,
870 1687 990 1726 eum
1035 1674 1074 1726 ii
1129 1676 1220 1745 qui
1268 1679 1534 1750 principio
1593 1683 1950 1752 adamarant,

1639 377 1965 440 JOANNIS
1999 379 2327 440 ZONARIE

366 475 704 534 maledicere
733 489 1044 551 coeperunt,
1071 482 1230 556 signo
1262 486 1532 544 militibus
1566 488 1716 556 dato,
1744 491 1946 546 verbe-
1972 493 2027 552 Α
2050 509 2141 556 τες

3523 386 3637 451 472

2193 492 2288 548 οὖν
2346 494 2556 560 πολλοὶ,
2620 494 2900 551 κατεϐόων
2979 497 3257 566 Πιλάτου,
3309 501 3635 560 παύσασθαι

2056 584 2361 654 ἀξιοῐντες,
2397 587 2545 650 τινὲς
2579 586 2636 640 δὲ
2674 592 2769 641 καὶ
2814 585 3111 660 λοιδορίαις
3158 591 3461 662 ἐκέχρηντο
3513 594 3637 650 κατ’

2057 676 2246 733 αὐτοῦ.
2297 675 2358 731 Ὃ
2386 677 2443 732 δὲ
2472 678 2688 742 στολαῖς
2718 677 3048 742 Ἰουδαῖκαῖς
3105 679 3315 750 πλῆθος
3361 699 3636 752 στρατιω-

2057 772 2167 824 τῶν
2207 770 2579 842 κεχρημένον,
2645 770 2923 836 σκυτάλας
2976 788 3036 825 τε
3095 773 3202 827 ὑπὸ
3253 776 3380 838 ταῖς
3421 777 3642 843 στολαῖς

2059 861 2204 932 ἔχον,
2250 860 2562 934 περιελθεῖν
2590 860 2777 933 κύκλῳ
2809 861 2920 915 τῶν
2945 861 3326 934 θορυϐούντων
3358 866 3644 934 ἐκέλευσε,

2059 956 2155 1009 καὶ
2183 953 2357 1017 οὕτως
2382 953 2691 1024 ἀναχωρεῖν
2719 956 2834 1018 τοῖς
2871 954 3151 1019 Ἰουδαίοις
3183 958 3504 1013 ἐπέταττεν.
3548 959 3641 1024 Ὣς

2057 1047 2102 1100 δ’
2130 1045 2364 1118 ἤρξαντο
2397 1045 2683 1116 λοιδορεῖν,
2714 1049 2831 1109 τοῖς
2883 1047 3253 1119 στρατιώταις
3293 1048 3478 1103 δίδωσι
3508 1052 3643 1105 σύν-

2059 1139 2231 1209 θημα.
2270 1141 2333 1194 Οί
2387 1138 2445 1192 δὲ
2502 1139 2739 1210 πληγαῖς
2769 1141 2896 1204 τοὺς
2950 1137 3321 1210 θορυϐοῦντας
3351 1142 3640 1206 ἐκόλαζον.

2059 1231 2292 1284 Ἐκεῖνοι
2347 1230 2426 1296 δὲ,
2478 1230 2673 1284 ἄοπλοι
2717 1229 2870 1294 ὄντες
2893 1230 2990 1283 καὶ
3045 1229 3435 1300 πληττόμενοι,
3481 1233 3641 1286 οὐδὲν

2059 1321 2341 1392 ἐνδόσιμον
2363 1320 2653 1391 ἐφρόνουν,
2683 1319 2822 1372 ἀλλὰ
2843 1319 3034 1373 πολλοὶ
3075 1318 3180 1389 μὲν
3223 1319 3482 1389 ἔπιπτον,
3525 1322 3574 1375 οἱ
3593 1321 3643 1375 δ’

2059 1414 2210 1469 ἄλλοι
2231 1413 2572 1485 τραυματίαι
2607 1411 2879 1482 ἀπῄεσαν.
2920 1411 3081 1466 Κατὰ
3107 1410 3300 1466 τοῦτον
3331 1413 3424 1466 τὸν
3449 1414 3642 1482 καιρὸν

2061 1503 2444 1574 καὶδΚύριος
2471 1501 2628 1572 ἡμῶν
2684 1503 2778 1555 καὶ
2816 1500 2949 1564 Θεὸς
3003 1499 3221 1570 Ἰησοῦς
3277 1501 3521 1572 Χριστὸς
3576 1504 3640 1554 ὲν

2061 1595 2296 1667 Ἰουδαίᾳ
2331 1596 2529 1665 ἐφάνη,
2561 1593 2695 1665 περὶ
2731 1586 2795 1649 οὗ
2827 1591 3008 1646 ταῦτα
3040 1594 3183 1647 κατὰ
3218 1591 3368 1659 λέξιν
3409 1593 3577 1664 φησὶν
3609 1595 3641 1648 ὁ

2060 1689 2326 1761 Ἰώσηπος
2352 1689 2411 1742 ἐν
2434 1687 2514 1756 τῷ
2562 1687 3021 1759 ὀκτωκαιδεκάτῳ
3073 1687 3219 1759 λόγῳ
3247 1687 3347 1758 τῆς
3380 1687 3642 1758 Ἀρχαιο-
3677 1737 3693 1753 ,

369 1753 540 1810 colere
566 1774 670 1811 non
705 1760 1046 1818 destiterunt.
1083 1763 1224 1820 Nam
1279 1767 1458 1823 triduo
1499 1779 1614 1840 post
1655 1773 1728 1826 eis
1775 1775 1951 1830 vivens

2058 1753 2270 1853 λογίας
2287 1753 2316 1813 ’ί
2342 1753 2585 1834 Γίνεται
2652 1779 2730 1849 δὴ
2772 1779 2925 1834 κατὰ
2978 1753 3202 1834 τοῦτον
3247 1753 3358 1834 τύν
3668 1770 3700 1866 ξ

369 1847 565 1902 iterum
589 1853 885 1921 apparuit:
912 1854 968 1908 id
997 1857 1155 1925 quod,
1197 1856 1414 1926 aliaque
1435 1861 1647 1929 inﬁnita
1680 1874 1730 1917 et
1777 1867 1951 1920 admi-

2065 1847 2322 1944 Ἰησοῦς,
2360 1874 2555 1943 σοφὸς
2588 1847 2766 1940 ἀνὴρ,
2803 1871 2927 1943 εῑγε
2973 1871 3167 1940 ἄνδρα
3204 1847 3692 1950 αὐτὸν-λέγεινξ

370 1941 546 1993 randa
591 1950 734 1996 vates
783 1946 947 2000 divini
1007 1951 1072 2000 de
1126 1964 1186 2003 eo
1236 1953 1623 2019 prcdixerunt.
1675 1955 1750 2010 Ac
1804 1960 1949 2013 natio

2225 1961 2338 2021 Ἦν
2370 1941 2481 2034 γὰρ
2512 1941 2875 2034 παραδόξων
2916 1963 3107 2033 ἔργων
3144 1965 3426 2032 ποιητὴς,
3470 1941 3683 2036 sica-,5

373 2027 826 2096 Christianorum,
863 2039 1073 2091 nomine
1101 2055 1166 2093 ea:
1184 2039 1276 2095 illo
1294 2052 1529 2114 accepto,
1555 2044 1638 2100 vel
1673 2047 1824 2101 hodie
1845 2065 1951 2102 non

2057 2027 2288 2125 ἕκαλος
2310 2027 2642 2126 ἀνθρώπων
2673 2027 2792 2111 τῶν
2810 2027 3165 2126 σὺν-ἦδονῇ
3469 2039 3678 2128 ﬁexa-‘-

371 2120 579 2188 defecit.
618 2122 747 2179 Haec
776 2124 830 2180 in
867 2127 1282 2199 Antiquitatibus
1313 2133 1590 2206 Josephus
1620 2139 1688 2194 de
1731 2139 1951 2197 Christo

2057 2120 2279 2219 μιίινων.⁷
2309 2120 2722 2215 Καὶγπολλοὺς
2772 2149 2892 2217 μὲν
2951 2120 3299 2216 Ἰουδαίους,
3335 2120 3640 2218 ’πολλούς

375 2213 623 2282 scripsit.
653 2215 711 2270 In
745 2220 1000 2277 oratione
1035 2239 1165 2278 vero
1196 2239 1294 2280 sua
1323 2226 1390 2281 ad
1418 2227 1672 2296 Graecos,
1732 2248 1854 2302 quae
1897 2242 1953 2289 et

375 2311 572 2358 contra
599 2305 880 2363 Platonem
912 2311 1255 2381 inscribitur,
1271 2316 1340 2372 de
1360 2331 1524 2372 causa
1551 2319 1952 2390 universitatis,

375 2396 536 2468 cujus
555 2399 722 2455 etiam
753 2412 981 2460 sanctus
1009 2405 1250 2462 Joannes
1279 2408 1652 2467 Damascenus
1681 2413 1737 2468 in
1760 2413 1956 2470 Paral-

371 2487 490 2542 lelis
512 2490 627 2544 suis
664 2495 936 2562 meminit,
969 2496 1085 2552 haec
1115 2497 1286 2554 dicit:
1321 2499 1511 2557 Omnes
1531 2505 1668 2573 justi
1693 2515 1743 2560 et
1767 2507 1955 2577 injusti

368 2581 441 2632 ad
468 2578 567 2634 Dei
585 2585 795 2636 verbum
813 2584 1161 2644 adducentur.
1192 2589 1325 2644 Huic
1344 2594 1483 2646 enim
1505 2592 1671 2647 Pater
1691 2595 1955 2664 judicium

367 2668 532 2736 dedit,
567 2681 724 2743 atque
747 2676 858 2745 ipse
888 2675 1066 2732 Patris
1089 2679 1417 2736 voluntatem
1447 2699 1753 2755 exsequens.
1777 2689 1952 2758 judex

2053 2241 2122 2295 δὲ
2149 2241 2248 2296 καὶ
2285 2239 2392 2296 τοῦ
2460 2240 2825 2311 Ἑλληνικοῦ
2884 2240 3242 2311 ἐπηγάγετο.
3282 2243 3338 2296 '0
3378 2242 3640 2311 Χριστὸς

2054 2328 2231 2400 οὗτος
2259 2327 2360 2404 ἦν.
2418 2332 2529 2388 Kal
2556 2331 2748 2387 αὑτὸν
2779 2331 3033 2398 ἐνδείξει
3064 2331 3182 2387 τῶν
3227 2334 3478 2402 πρώτων
3525 2333 3637 2389 dr-

2055 2425 2216 2494 δρῶν
2241 2425 2378 2494 παρ’
2413 2423 2560 2493 ἡμῖν
2623 2422 2865 2493 σταυρῷ
2921 2425 3405 2496 ἐπιτετιμηκότος
3453 2425 3641 2480 Πιλά-

2057 2537 2186 2584 του,
2221 2521 2334 2574 οὐκ
2379 2518 2734 2572 ἐπαύσαντο
2763 2519 2818 2570 οι
2858 2516 2924 2571 τὸ
2996 2517 3236 2586 πρῶτον
3275 2518 3464 2573 αὐτὸν
3494 2518 3642 2588 ἁγα-

2057 2614 2388 2681 πήσαντες.
2415 2612 2646 2681 Ἐράνη
2675 2611 2786 2680 γὰρ
2821 2611 3025 2677 αὐτοῖς
3058 2613 3267 2680 τρίτην
3310 2612 3469 2682 ἔχων
3495 2610 3641 2681 ἠμέ-

2049 2722 2193 2774 ραν,
2227 2702 2420 2757 πάλιν
2459 2702 2590 2765 ζῶν,
2643 2701 2763 2754 τῶν
2789 2701 2964 2755 θείων
3001 2699 3326 2769 προφητῶν
3357 2699 3545 2754 ταῦτά
3575 2715 3642 2752 τε

367 2761 640 2831 adventat,
673 2783 828 2836 quem
877 2767 1146 2825 Christum
1182 2774 1541 2843 appellamus.
1591 2777 1770 2846 Neque
1815 2782 1951 2835 enim

2057 2761 2160 2850 καὶ
2181 2761 2350 2850 dubia
2369 2761 2557 2866 μυρία
2577 2761 2711 2862 περὶ
2737 2792 2926 2848 αὑτοῦ
2951 2761 3260 2862 θαυμάσια
3289 2792 3644 2862 εἰρηκότων.

368 2853 543 2910 Min“
571 2867 664 2912 αυτ
701 2859 1163 2930 Βήαάαηταητίιαδν
1203 2867 1369 2938 268
1396 2884 1425 2922 ο
1461 2867 1654 2932 θητεί-
1703 2874 1958 2942 φαεηιαά·
2056 2891 2259 2945 Είσέτι
2295 2853 2501 2944 τευνῦν
2523 2853 3082 2956 τῶν-Χριστιανῶν⁷
3105 2884 3226 2941 ἀπὸ
3269 2853 3447 2940 τοῦδε
3493 2883 3641 2939 ὠνο-

367 2952 586 3008 modum
620 2965 796 3011 vestra
825 2959 929 3029 fert
961 2963 1162 3032 Opinio,
1184 2965 1498 3019 sententiam
1530 2967 1743 3036 ferent:
1766 2969 1856 3024 sed
1889 2974 1951 3037 is,

2057 2985 2388 3054 μασμένων
2411 2983 2524 3036 οὐκ
2557 2952 2811 3034 ἐπέλιπε
2844 2979 2911 3033 τὸ
2942 2978 3165 3046 φῦλον.
3196 2978 3306 3031 Καὶ
3336 2974 3513 3032 ταῦτα
3537 2977 3639 3047 μὲν

370 3060 532 3115 quem
585 3046 730 3103 Deus
767 3061 817 3104 et
854 3050 1015 3107 Pater
1061 3054 1235 3125 gloria
1279 3059 1508 3113 ornavit.
1554 3059 1632 3114 De
1675 3077 1778 3132 quo
1832 3063 1951 3133 alib,‘

2057 3046 2440 3146 dpxatoloyt‘bv
2473 3071 2501 3124 ό
2545 3069 2813 3141 Ἰώσηπος
2841 3069 3046 3140 ἔγραψε
3086 3068 3218 3140 περὶ
3245 3067 3338 3121 τοῦ
3372 3046 3634 3138 Χριστοῦ·

367 3136 614 3193 subtilius
641 3141 982 3199 disseruimus
1011 3147 1081 3199 ad
1108 3163 1193 3200 eos
1222 3151 1313 3218 qui
1333 3151 1612 3205 veritatem
1646 3153 1944 3224 inquirunt.

2063 3136 2240 3230 the
2288 3136 2366 3233 τῶ
2395 3161 2567 3247 ⁴πρὸς
2622 3136 2923 3232 Ἕλληνας-
2953 3136 3123 3215 αῖ)τοῦ
3163 3136 3343 3232 λόγῳ,
3400 3136 3460 3226 ὃς
3496 3159 3638 3213 κατὰ

365 3227 424 3284 Is
441 3229 505 3283 de
527 3233 713 3287 Patris
741 3239 1002 3292 sententia
1031 3238 1243 3307 justum
1270 3241 1334 3294 de
1358 3258 1670 3315 unoquoque
1685 3246 1951 3315 judicium

2057 3227 2350 3314 Πλάτωνος
2368 3227 2796 3320 ὲῗιτιγὲγραπται⁷
2824 3248 2939 3321 (θὸ)
2995 3249 3125 3320 περὶ
3151 3227 3263 3320 τῆς-
3295 3227 3397 3303 ’τοῦ
3436 3249 3638 3310 παντὸς

369 3321 597 3391 faciens,
621 3325 715 3394 jus
744 3328 1028 3399 unicuique
1056 3347 1151 3399 pro
1196 3332 1352 3400 factis
1407 3335 1514 3388 suis
1553 3334 1754 3390 reddet.
1791 3337 1951 3408 Cujus

2057 3339 2262 3403 αἰτίας,
2292 3332 2354 3393 οὗ
2382 3339 2476 3393 καὶ
2497 3339 2525 3391 ό
2559 3337 2716 3406 ἂγιος
2744 3337 3008 3410 Ἰωάννης
3034 3337 3403 3410 Δαμασκηνὸς
3436 3336 3634 3408 μνείαν

365 3410 571 3480 judicio
612 3429 792 3470 omnes
816 3417 1074 3485 homines,
1109 3420 1286 3491 angeli
1322 3429 1372 3475 et
1409 3423 1670 3478 daemones
1701 3434 1951 3497 astantes,

2059 3430 2359 3504 πεποίηται
2386 3432 2444 3486 ἑν
2477 3432 2544 3502 τῇ
2571 3429 2873 3504 πονηθείσῃ
2923 3431 3072 3501 αὐτῷ
3110 3431 3280 3502 βίϐλῳ
3329 3433 3395 3503 τῇ
3437 3431 3637 3485 καλου-

365 3521 480 3560 una
541 3520 662 3561 voce
702 3507 1052 3566 clamabunt:
1086 3511 1299 3567 Iustum
1344 3523 1493 3570 tuum
1545 3525 1621 3569 est
1661 3518 1945 3589 judicium.

370 3599 502 3653 Post
534 3618 696 3672 quam
742 3617 938 3668 vocem,
964 3603 1040 3657 ita
1075 3610 1134 3656 ut
1173 3619 1381 3674 aequum
1410 3615 1506 3672 est,
1527 3611 1951 3666 remunerabitur

366 3701 622 3763 utrosque
672 3709 758 3748 eos
823 3696 915 3764 qui
969 3696 1217 3750 virtutem
1273 3699 1372 3752 rite
1410 3698 1708 3766 coluerunt,
1745 3713 1947 3758 aeterna

368 3783 657 3850 beatitate;
693 3785 1045 3856 improbitatis
1080 3795 1378 3856 amatores,
1422 3797 1619 3845 wterno
1666 3791 1945 3864 supplicio.

365 3877 440 3928 .Et
461 3878 552 3932 Itos
575 3880 711 3951 ignis
741 3890 968 3936 wternus
998 3893 1154 3955 atque
1183 3885 1425 3955 inﬁnitus
1457 3898 1656 3956 manet,
1691 3900 1740 3942 et
1759 3892 1952 3946 vermis

374 3969 592 4038 quidam
621 3972 817 4042 ignitus
860 3975 1182 4030 immortalis
1217 3987 1268 4031 et
1297 3993 1486 4049 corpus
1514 3996 1617 4033 non
1661 3983 1948 4051 perimens,

371 4073 488 4111 cum
521 4072 772 4132 perpetuo
791 4065 1027 4119 cruciatu
1055 4082 1314 4143 erorpore
1334 4084 1633 4139 erumpens,
1658 4071 1948 4137 infestabit.

2061 3523 2198 3596 μένῃ
2235 3519 2628 3591 Παράλληλα,
2676 3519 2851 3575 ταῦτά
2901 3537 3075 3593 φησιο
3111 3521 3343 3587 Πάντες
3397 3520 3509 3591 γὰρ
3551 3518 3638 3574 δί-

2059 3617 2221 3672 καιοί
2269 3632 2335 3669 τε
2371 3615 2470 3669 καί
2514 3614 2742 3680 ἄδικοι,
2777 3613 3037 3668 ἐνώπιον
3087 3614 3194 3669 τοῦ
3249 3614 3398 3668 Θεοῦ
3437 3614 3636 3683 Λόγου

2059 3707 2453 3778 ἀχθήσονται.
2490 3708 2683 3774 Τούτῳ
2707 3707 2819 3777 γὰρ
2850 3710 2884 3762 ό
2913 3708 3117 3777 Πατὴρ
3147 3709 3264 3777 τὴν
3299 3709 3503 3777 κρίσιν
3537 3705 3636 3761 δέ·

2061 3801 2236 3867 δωκε,
2265 3799 2365 3854 καὶ
2403 3799 2588 3865 αὐτὸς
2609 3799 2857 3868 ,βουλὴν
2902 3800 3132 3870 Πατρός
3163 3799 3476 3865 ἐπιτελῶν,
3513 3816 3637 3866 κρι-

2053 3890 2167 3958 τὴς
2197 3891 2610 3961 παραγίνεται,
2663 3889 2737 3944 ὃν
2773 3890 3036 3958 Χριστὸν
3080 3890 3634 3960 προσαγορεύομεν.

2060 3979 2214 4036 Οὐδὲ
2257 3980 2367 4051 γὰρ
2417 3981 2616 4047 Μίνως
2666 3980 2766 4034 καὶ
2818 3978 3236 4050 Ῥαδάμανθυς
3263 3981 3454 4050 κριταὶ
3505 3976 3638 4035 καθ’

2055 4073 2235 4143 ὑμᾶς,
2266 4073 2591 4142 Ἕλληνες,
2614 4072 2752 4127 ἀλλ’
2785 4072 2858 4127 ὃν
2889 4075 2922 4127 ὁ
2955 4072 3099 4139 Θεὸς
3144 4073 3244 4126 καί
3273 4072 3479 4141 Πατὴρ
3504 4071 3636 4126 ἐδό-

370 4147 471 4205 His
491 4151 597 4206 alia
618 4169 838 4224 quoque
866 4156 1172 4228 subjungit.
1201 4157 1281 4214 Ac
1308 4157 1377 4213 de
1419 4158 1640 4216 Christo
1694 4161 1764 4216 ad
1799 4161 1952 4218 hunc

370 4239 596 4296 modum
626 4243 900 4315 Iosephus
929 4247 1172 4318 scripsit.

373 4329 565 4402 Οὗτος
592 4337 712 4407 τὴν
735 4343 968 4412 Πατρός
995 4343 1234 4410 ἑκάστῳ
1259 4345 1706 4416 δικαιοκρισίαν
1748 4350 2111 4420 ποιούμενος
2179 4350 2316 4422 (64),
2349 4349 2500 4408 πᾶσι
2564 4349 2716 4404 κατὰ
2747 4350 2822 4404 τὰ
2889 4349 3034 4418 ἔργα
3065 4349 3524 4420 παρασκευάσει
3568 4349 3638 4403 τὸ

366 4425 627 4485 δίκαιον.
665 4427 747 4488 Οὗ
786 4436 982 4502 κρίσει
1013 4438 1437 4505 παραστάντες
1468 4439 1692 4505 πάντες
1763 4441 2068 4510 ἄνθρωποί
2131 4460 2195 4497 τε
2263 4442 2363 4498 καὶ
2396 4442 2640 4513 ἄγγελοι
2694 4445 2794 4498 καί
2817 4444 3119 4514 δαίμονες,
3145 4445 3295 4515 μίαν
3338 4441 3640 4512 ἀποφθέγ·

375 4521 586 4584 ξονται
640 4526 874 4596 φωνὴν,
924 4529 1078 4582 οὕτω
1129 4530 1453 4598 λέγοντεςξο
1489 4533 1694 4586 Δικαία
1749 4548 1868 4588 σου
1913 4535 1951 4604 ἡ
1991 4529 2573 4605 κρίσις.⁷Ηςφωνῆς
2641 4535 2705 4589 τὸ
2760 4537 3146 4608 ἀνταπόδομα
3168 4535 3640 4607 ἐφ’άμεροτέροις

371 4614 581 4685 ἐπάγει
619 4618 685 4670 τὸ
707 4619 965 4685 δίκαιον,
987 4620 1114 4688 τοῖς
1137 4623 1254 4691 μὲν
1281 4618 1350 4678 εὖ
1387 4623 1655 4693 πράξασι
1715 4625 1955 4694 δικαίως
2028 4627 2145 4696 τὴν
2211 4627 2408 4682 ἀΐδιον
2465 4628 2814 4683 ἀπόλαυσιν
2876 4629 3323 4697 παρασχόντος,
3385 4626 3510 4693 τοῖς
3567 4625 3639 4679 δὲ

371 4706 493 4760 τῶν
525 4709 778 4776 φαύλων
830 4711 1114 4780 ἐρασταῖς
1150 4715 1266 4783 τὴν
1319 4715 1563 4770 αἰώνιον
1621 4719 1881 4774 κόλασιν
1936 4720 2393 4790 άπονείμαντος.
2447 4719 2555 4774 Καὶ
2593 4723 2832 4787 τούτοις
2878 4719 2998 4790 μὲν
3052 4721 3119 4774 τὸ
3164 4721 3284 4788 πῦρ
3331 4719 3640 4774 ἄσϐεστον

369 4800 658 4870 διαμένει,
691 4803 789 4856 καὶ
813 4804 1237 4874 ἀτελεύτητον,
1273 4807 1525 4878 σκώληξ
1551 4809 1619 4863 δέ
1677 4827 1768 4877 τις
1835 4811 2104 4880 ἔμπυρος
2127 4812 2214 4882 μὴ
2276 4810 2595 4877 τελευτῶν,
2624 4812 2780 4881 μηδέ
2807 4811 2978 4882 σῶμα
3003 4811 3380 4882 διαφθείρων,
3427 4813 3635 4868 ἀπαύ-

369 4906 497 4958 στῳ
533 4893 587 4946 δ’
613 4894 804 4966 ὀδύνῃ
851 4897 920 4951 ἐκ
955 4897 1231 4970 σώματος
1285 4901 1665 4972 ἐκϐράσσων,
1729 4903 2076 4974 παραμένει.
2147 4905 2262 4960 Καὶ
2331 4906 2470 4961 ἄλλα
2503 4905 2548 4961 δ’
2587 4907 2684 4960 ἐπὶ
2731 4905 2949 4972 τούτοις
2984 4907 3172 4979 φησίν.
3208 4905 3392 4982 Οὕτω,
3417 4908 3517 4979 μὲν
3539 4905 3636 4962 οὖν

370 4988 508 5060 περὶ
536 4988 788 5060 Χριστοῦ
811 4989 1095 5062 γέγραφεν
1132 4993 1161 5047 ὁ
1196 4992 1481 5066 Ἰώσηπος.
1906 5083 1918 5096 ι
2131 5083 2184 5099 Ν
2237 5081 2296 5099 m
2349 5081 2392 5099 Μ
2435 5079 2526 5099 ,ω
2699 5083 2714 5099 ,
2799 5085 2847 5099 η
2919 5083 2973 5099 η,
3019 5085 3034 5099 ,
3187 5079 3215 5099 ..
3384 5085 3399 5099 .
3491 5082 3503 5099 .

437 5077 507 5134 γ.
565 5077 754 5133 Romae
805 5087 992 5134 autem
1041 5079 1271 5136 Paulina
1319 5084 1588 5153 quaedam,
1638 5091 1696 5139 et
1734 5083 1951 5156 generis

2127 5083 2206 5137 E".
2237 5081 2327 5136 ’Ev
2345 5081 2402 5136 δὲ
2435 5079 2621 5154 Ῥώμῃ
2655 5083 2776 5138 τότε
2799 5083 3041 5138 Παυλῖνά
3069 5101 3154 5148 τις
3185 5079 3276 5154 ἦν,
3311 5085 3407 5138 καὶ
3441 5082 3646 5152 γένους·

365 5168 686 5240 splendore,
725 5176 780 5224 ct
813 5185 1030 5227 morum
1062 5172 1378 5244 integritate
1421 5183 1708 5245 praestans,
1740 5185 1798 5231 et
1830 5175 1951 5246 opi-

2057 5173 2386 5247 περιφανείᾳ
2415 5174 2511 5228 καὶ
2539 5174 2758 5244 τρόπων
2789 5173 3121 5246 χρηστότητι
3165 5175 3501 5246 διαφέρουσα
3539 5174 3637 5228 καὶ

365 5259 472 5316 bus
505 5261 818 5328 abundans,
857 5269 915 5318 et
973 5263 1126 5318 vultu
1156 5273 1408 5330 venusto,
1438 5274 1495 5321 et
1522 5273 1682 5321 aetate
1714 5266 1948 5337 integra,

2064 5265 2302 5321 πλούτου
2341 5266 2616 5338 περιττῶς
2636 5267 2861 5338 ἔχουσα,
2892 5264 3030 5321 οὖσα
3053 5267 3111 5320 δὲ
3133 5267 3230 5320 καὶ
3260 5267 3360 5335 τὴν
3380 5266 3506 5359 bduxi
3532 5283 3636 5337 χα-

365 5360 425 5406 et
489 5353 758 5409 modestia
811 5363 1027 5422 ornata,
1083 5365 1254 5424 nupta
1296 5365 1414 5412 erat
1468 5357 1787 5424 Saturnino,
1826 5361 1947 5415 viro

2057 5360 2272 5430 ρίεσσα,
2304 5360 2399 5413 καὶ
2434 5359 2534 5430 τῆς
2584 5358 2805 5430 ἡλικίας
2833 5359 2893 5413 ὲν
3004 5360 3269 5427 γυναῖκες
3303 5354 3633 5428 ἀγάλλονται

366 5443 521 5501 nullo
551 5445 824 5503 bonorum
863 5462 1063 5518 genere
1092 5447 1211 5517 ipsa
1244 5445 1517 5506 inferiori.
1560 5448 1737 5520 Hujus
1761 5465 1946 5506 amore

2067 5450 2394 5524 σωφροσύνῃ
2466 5451 2799 5522 κεκόσμητο.
2874 5452 3116 5524 Συνῴκει
3171 5452 3230 5507 δὲ
3297 5449 3633 5521 Σατορνίνῳ,

2055 4163 2232 4229 ξασε.
2266 4165 2405 4233 Περὶ
2437 4159 2510 4220 οὗ
2542 4164 2612 4218 ἐν
2650 4163 2875 4232 ἑτέροις
2917 4164 3472 4234 λεπτομερέστερον
3515 4163 3638 4218 διε-

2054 4256 2430 4325 ληλύθαμεν,
2467 4254 2619 4323 πρὸς
2640 4253 2784 4320 τοὺς
2814 4252 3142 4322 ζητοῦντας
3176 4253 3290 4322 τὴν
3322 4254 3636 4319 ἀλήθειαν.

1568 5603 1768 5666 Varie
1799 5603 2103 5670 lectiones
2150 5612 2209 5668 et
2250 5611 2446 5668 notas.

439 5723 692 5800 (ϐω-ξος
737 5725 888 5778 κατὰ
909 5724 1697 5800 Πλάτωνοςᾼέπιγέγριιπται.
1728 5727 1870 5796 Quid
1899 5729 1943 5786 si

2127 5725 2238 5813 (ϐξ)
2269 5720 2625 5815 Οὗτος-τηις
2650 5731 3166 5815 πατρὸςὲκάοςτῳ-
3190 5734 3635 5815 δικαιοκρισίαν

370 5791 510 5848 κατὰ
534 5791 827 5863 Πλάτωνα,
859 5810 1004 5850 more
1044 5791 1305 5853 Platonis.
1341 5791 1432 5856 ιγ.

2056 5799 2431 5869 ποιούμενος.
2466 5798 2776 5859 Mendosus
2807 5798 3130 5863 videtushic
3151 5806 3330 5865 locus.
3357 5798 3452 5864 Ψ.
