4074 6410
381 437 496 505 473

1661 431 2078 500 ANNALIUM
2120 434 2278 496 LIB.
2325 435 2429 498 VI.

3552 434 3665 500 474

379 541 545 627 ἀνδρῖ
579 551 746 627 μηδὲν
764 547 1039 624 αύτῆςείς
1058 549 1292 606 ἕκαστον
1314 548 1425 605 τῶν
1448 549 1632 606 καλῶν
1655 546 1966 604 ἀποδέοντι.

2073 557 2266 620 captus
2332 548 2532 606 Decius
2601 548 2857 616 Mundus,
2922 550 3069 605 inter
3125 551 3340 622 equites
3390 551 3657 624 dignitate

380 646 606 718 Ταύτης
635 646 778 701 ἐάλω
807 645 884 715 τῷ
909 645 1076 716 ἔρωτι
1107 645 1300 710 Δέκιος
1315 644 1580 710 Μοῦνδος,
1609 644 1670 698 ἐν
1689 641 1966 715 ἀξιώματι

380 739 459 794 ὢν
492 739 716 810 μεγάλῳ
742 739 853 794 τῶν
908 738 1032 792 τότε
1085 737 1322 802 ἱππέων,
1357 740 1452 792 καὶ
1509 736 1708 807 ἐπείρα
1743 736 1963 808 δώροις.

379 831 572 885 Εῖκοσι
603 831 712 902 γὰρ
752 829 1024 901 μυριάδας
1057 829 1322 902 δραχμῶν
1365 830 1633 886 Ἀττικῶν
1659 829 1821 898 εὐνῆς
1853 826 1964 880 ἐδί-

375 921 470 977 δου
519 924 671 991 μιᾶς..
708 922 775 975 Ἥ
836 922 894 976 δὲ
947 922 1049 977 οὐκ
1116 922 1384 993 ἠνείχετο.
1436 923 1706 986 Κάκεῖνος
1762 921 1967 992 ἐξῆπτο

377 1013 542 1068 πλέον
576 1014 654 1078 είς
685 1013 890 1085 ἔρωτα,
922 1013 1065 1068 ὥστε
1116 1013 1375 1086 βρώσεως
1414 1016 1593 1086 ἀποχῇ
1625 1015 1806 1087 ἐαυτῷ
1829 1031 1969 1086 μνη-

379 1106 670 1160 στεύεσθαι
701 1106 957 1162 θάνατον.
1003 1102 1112 1161 Ἦν
1164 1106 1222 1160 δέ
1254 1106 1430 1177 τούτῳ
1476 1106 1825 1179 ἀπελευθέρα
1858 1123 1965 1160 πα-

378 1199 532 1270 τρῴα
566 1199 680 1270 Ἴδη
706 1200 1046 1272 καλουμένη,
1081 1199 1358 1255 παντοίων
1381 1200 1521 1272 ῖδρις
1549 1199 1764 1255 κακῶν.
1805 1198 1959 1270 Δῦτη

379 1291 556 1356 οὕτως
581 1291 777 1363 ἔχοντα
805 1297 900 1346 τὸν
947 1293 1168 1347 νεανίαν
1197 1293 1407 1364 ὁρῶσα,
1452 1292 1825 1364 ἀναθαρσύνει
1866 1292 1954 1347 λό-

380 1402 523 1454 γοις,
563 1387 660 1440 καὶ
698 1385 1059 1456 ἀναζωπυροῖ
1091 1385 1446 1455 ὑποσχέσεσι,
1487 1386 1649 1440 πέντε
1683 1385 1966 1456 μυριάδων

381 1478 520 1548 αὐτῇ
579 1477 798 1549 δεήσειν
838 1477 1077 1545 λέγουσα
1131 1475 1330 1544 μόνων,
1398 1477 1542 1530 ὥστε
1587 1475 1689 1549 τὴν
1764 1476 1967 1548 πρᾶξιν

379 1570 530 1640 αῦτῷ
564 1571 1040 1642 κατεργάσασθαι.
1094 1570 1204 1625 Καὶ
1231 1568 1480 1624 λαϐοῦσα
1511 1569 1574 1623 τὸ
1609 1569 1834 1637 αἰτηθὲν
1862 1572 1968 1642 ἀρ-

379 1662 590 1732 γύριον,
646 1663 770 1715 ἐπεὶ
809 1663 909 1734 οὐχ
956 1663 1171 1733 ἀλωτὴν
1210 1661 1361 1735 ἐώρα
1414 1661 1514 1734 τήν
1548 1662 1823 1716 Παυλῖναν
1849 1665 1967 1727 τοῖς

379 1755 652 1826 χρήμασι,
689 1757 756 1826 τῇ
787 1754 845 1808 δὲ
891 1754 1161 1825 θεραπείᾳ
1200 1755 1303 1824 τῆς
1335 1754 1531 1818 Ἴσιδος
1553 1753 1572 1825 (
1593 1753 1716 1817 θεὸς
1745 1753 1793 1807 δ’
1825 1752 1966 1826 αὕτη

380 1849 496 1910 τοῖς
538 1848 842 1916 Ῥωμαίοις
881 1849 1003 1902 τότε
1045 1849 1360 1918 νενόμιστο)
1401 1847 1522 1920 ᾔδει
1547 1847 1756 1919 ταύτην
1789 1864 1966 1919 προσ-

380 1939 643 2011 κειμένην
694 1939 1043 2012 θερμότατα,
1101 1939 1357 2012 πρόσεισι
1409 1918 1526 1995 τῶν
1577 1940 1679 2011 τῆς
1712 1918 2042 2010 ίψευδοῦςΒ

383 2033 600 2104 ἐκείνης
634 2032 760 2088 θεοῦ
795 2034 988 2105 ίερέων
1012 2033 1148 2099 τισὶ,
1192 2033 1287 2090 καὶ
1345 2035 1634 2105 χρήμασιν
1679 2033 1968 2089 ἀναπείθει

337 2149 342 2178 ε
380 2123 481 2195 τήν
511 2126 784 2180 Παυλῖναν
818 2127 1189 2198 ἐξαπατῆσαι,
1238 2121 1329 2191 αἷς
1379 2126 1635 2182 δύναιντο
1665 2129 1966 2199 μηχαναῖς,

381 2217 478 2269 καὶ
494 2216 572 2288 τῷ
593 2218 827 2291 Μούνδῳ
849 2219 1304 2289 συγκατακλῖναι.
1325 2219 1392 2275 Oi
1410 2220 1489 2286 δὲ,
1514 2219 1837 2291 θελχθέντες
1854 2221 1972 2284 τοῖς

383 2308 658 2379 χρήμασι,
692 2311 759 2380 τῇ
791 2309 992 2381 πράξει
1022 2309 1316 2364 ἐπέϐαλον.
1364 2309 1477 2364 Καὶ
1514 2310 1699 2366 αὐτῶν
1724 2311 1752 2364 ὁ
1779 2312 1971 2382 γεραί-

381 2417 567 2470 τατος,
595 2403 736 2472 πρὸς
764 2403 866 2472 τήν
895 2403 1183 2457 Παυλῖναν
1209 2403 1405 2470 ἐλθὼν,
1442 2402 1538 2456 καὶ
1568 2404 1676 2474 ίδίᾳ
1704 2404 1844 2474 αὐτῇ
1880 2407 1971 2457 ἐν-

383 2494 586 2566 τυχὼν,
620 2494 808 2565 ἐλεγεν
835 2496 996 2566 ήκειν
1029 2497 1283 2568 πεμπτὸς
1317 2495 1423 2550 ὑπὸ
1453 2495 1552 2550 τοῦ
1593 2491 1968 2562 Ἀννούϐιδος,

385 2585 705 2651 κελεύοντος
723 2585 820 2640 τοῦ
843 2587 971 2641 θεοῦ
995 2587 1134 2658 πρὸς
1155 2587 1320 2642 αὐτὸν
1337 2587 1520 2659 ήκειν,
1543 2587 1717 2656 αὐτῆς
1735 2587 1969 2657 ἐρῶντα.

385 2680 466 2750 Τῇ
495 2680 553 2735 δὲ
581 2682 610 2734 ὁ
659 2678 818 2748 λόγος
873 2679 1054 2746 ἔδοξεν
1102 2680 1512 2744 εὐκταιότατος,
1552 2681 1602 2733 εί
1643 2679 1819 2752 ἐρῷτο
1864 2678 1970 2732 ὑπὸ

386 2772 544 2828 θεοῦ·
599 2772 692 2828 καὶ
715 2773 794 2844 τῷ
829 2771 986 2844 ἀνδρὶ
1005 2771 1282 2828 κοινοῦται
1311 2773 1372 2827 τὸ
1399 2771 1687 2842 ἀγγελθὲν,
1719 2773 1973 2836 κάκεῖνος

390 2863 713 2937 συνεχώρει,
735 2864 833 2936 τὴν
859 2865 1224 2937 σωφροσύνην
1245 2865 1533 2934 γινώσκων
1552 2865 1654 2935 τῆς
1685 2863 1967 2933 γυναικός.

399 2955 675 3025 Ἀπῆλθεν
722 2950 819 3009 οῦν
871 2955 953 3018 είς
980 2955 1042 3008 τδ
1073 2955 1325 3025 τέμενος,
1358 2958 1454 3009 καὶ
1475 2954 1552 3018 ώς
1577 2953 1746 3008 ῦπνου
1780 2953 1974 3027 καιρὸς

386 3042 477 3120 ἦν,
506 3048 653 3103 ἔνδον
701 3047 760 3101 ἐν
814 3047 892 3118 τῷ
926 3048 1041 3119 ναῷ
1094 3051 1162 3120 τῇ
1205 3049 1430 3118 γυναικὶ
1459 3048 1794 3118 καθευδῆσαι
1822 3047 1974 3120 ήτοί-

391 3157 588 3212 μαστο,
620 3141 717 3196 καὶ
747 3140 819 3194 τὰ
846 3138 1020 3211 λύχνα
1076 3140 1435 3197 κατέσϐεστο.
1475 3139 1537 3194 Ὀ
1565 3139 1695 3210 γοῦν
1723 3139 1971 3206 Μοῦνδος

388 3199 832 3302 ξπροεκέκρυπτο
875 3199 986 3300 γθιρ
1025 3230 1164 3301 ἐκεῖ)
1200 3229 1496 3301 παννύχιον
1527 3199 1836 3302 ἐνεφορήθη
1868 3199 1970 3284 ab;
1995 3199 2040 3261 Ο

384 3325 509 3396 τῆς,
538 3325 614 3390 ti);
642 3324 935 3388 ’Δννουϐις
965 3325 1103 3397 αὐτῇ
1136 3324 1604 3396 προσφερόμενος.
1633 3320 1767 3378 Εἶτα
1797 3326 1825 3378 ὁ
1869 3323 1971 3394 μὲν

385 3418 630 3488 ἀπῆλθεν
663 3433 678 3448 ο
714 3420 749 3490 ή
778 3419 857 3484 δέ,
883 3417 1019 3488 πρὸς
1055 3416 1148 3472 τὸν
1173 3417 1344 3488 ἄνδρα
1368 3418 1702 3489 φοιτήσασα,
1729 3417 1972 3488 διηγεῖτο

387 3509 540 3581 αύτῷ
590 3509 692 3581 τὴν
748 3511 1081 3580 ἐπιφάνειαν
1136 3507 1234 3564 τοῦ
1279 3509 1643 3576 Ἀννούϐιδος,
1680 3509 1780 3564 καὶ
1832 3509 1972 3580 πρὸς

385 3602 486 3667 τὰς
517 3603 773 3675 συνήθεις
806 3601 1276 3675 ἐνελαμπρύνετο,
1306 3603 1383 3666 ώς
1421 3602 1639 3674 ὁμιλίας
1669 3600 1973 3670 ἀξιωθεῖσα

389 3693 535 3748 θεοῦ.
571 3694 744 3767 Τρίτῃ
775 3695 832 3749 δὲ
863 3693 1004 3766 μετά
1028 3695 1128 3765 τήν
1157 3694 1364 3764 πρᾶξιν
1389 3695 1576 3768 ήμὲρᾳ
1627 3695 1973 3766 συναντήσας

386 3788 417 3842 ὁ
441 3785 684 3852 Μοῦνδος
705 3788 870 3858 αὐτῇ·
889 3784 1188 3852 Παυλῖνα,
1206 3787 1361 3857 φησι,
1387 3787 1485 3840 καὶ
1515 3787 1623 3852 τὰς
1643 3787 1840 3842 εἰκοσι
1859 3805 1975 3858 μυ-

382 3880 591 3950 ριάδας
611 3881 751 3950 ἔχω,
777 3878 876 3934 καὶ
905 3881 987 3933 σύ
1012 3896 1115 3950 μοι
1139 3880 1366 3935 τούτων
1385 3878 1732 3949 διηκονήσω
1759 3879 1970 3949 χωρίς.

391 3973 456 4026 Ἃ
483 3971 553 4025 δὲ
577 3972 733 4040 πρὸς
757 3970 1041 4026 Μοῦνδον
1063 3970 1380 4041 ἐξύϐριζες,
1403 3972 1636 4026 τούτων
1661 3971 1848 4027 οὐδέν
1863 3989 1972 4042 μοι

387 4065 798 4134 προσῆπτετο,
833 4066 1162 4120 Ἀννουϐιν
1175 4065 1368 4135 ὄνομα
1391 4063 1615 4135 θεμένῳ
1644 4061 1826 4128 αὐτῷ.
1870 4065 1969 4120 Ἐκ

386 4160 596 4212 τούτων
620 4161 702 4222 είς
733 4157 946 4212 ἔννοιαν
989 4157 1224 4212 ἐλθοῦσα
1244 4158 1336 4211 τοῦ
1359 4158 1715 4228 τολμήματος
1741 4159 1775 4229 ή
1805 4159 1969 4230 γυνὴ,

388 4250 830 4319 περιρρήγνυται
870 4247 970 4315 τὴν
1002 4247 1218 4320 στολὴν,
1250 4248 1344 4301 καὶ
1372 4247 1450 4318 τῷ
1481 4249 1637 4320 ἀνδρὶ
1680 4249 1870 4320 ἐδήλου
1907 4248 1970 4301 τὸ

387 4341 785 4412 ἐπιϐούλευμα.
837 4341 899 4394 Ὀ
929 4341 985 4393 δὲ
1014 4340 1092 4412 τῷ
1146 4341 1383 4411 Τιϐερίῳ
1441 4340 1739 4412 προσῆλθε.
1795 4341 1906 4396 Καὶ
1943 4342 1973 4396 ὁ

390 4434 774 4505 αὐτοκράτωρ,
809 4432 1074 4500 ἐξετάσας
1097 4432 1157 4486 τὸ
1189 4431 1437 4501 γεγονὸς,
1469 4434 1596 4497 τοὺς
1653 4433 1755 4503 μὲν
1805 4433 1972 4505 ίερεῖς

2071 649 2364 712 ρτωειοῐιε,
2403 642 2652 699 mulieris
2685 643 3002 714 pudicitiam
3034 645 3358 698 muneribus
3390 646 3658 700 sollicite-

2071 733 2186 800 bat,
2221 751 2282 791 cc
2317 734 2486 790 millia
2510 735 2896 791 drachmarum
2911 735 3216 790 Atticarum
3241 753 3340 807 pro
3380 753 3490 791 uno
3521 753 3658 792 eon-

2073 825 2265 882 cubitu
2317 826 2604 897 pollicens.
2656 828 2841 898 anue
2893 837 3204 892 recusante,
3248 843 3434 883 amore
3485 829 3668 898 magis-

2073 918 2542 985 inﬂammabatur,
2569 919 2707 975 adeo
2735 927 2795 974 ut
2828 919 3162 974 abstinentia
3191 921 3441 975 ciborum
3465 935 3666 974 necem

2072 1010 2179 1072 sibi
2220 1012 2567 1068 consciscere
2609 1014 2944 1068 institueret.
2974 1012 3222 1068 Habebat
3257 1022 3441 1067 autem
3474 1020 3663 1082 pater-

2073 1121 2201 1162 nam
2221 1107 2473 1162 libertam
2497 1107 2720 1161 nomine
2744 1107 2896 1173 Iden,
2921 1106 3103 1162 omnis
3137 1106 3359 1177 generis
3388 1105 3663 1160 malorum

2070 1201 2327 1270 peritam.
2364 1199 2441 1254 Ea
2471 1199 2878 1255 adolescentem
2909 1199 2990 1254 sic
3020 1198 3279 1254 aﬂectum
3312 1199 3500 1254 verbis
3525 1215 3665 1255 con-

2071 1293 2274 1359 firmat,
2304 1301 2361 1348 et
2403 1292 2896 1363 pollicitationibus
2937 1290 3227 1357 refoeillat,
3272 1306 3336 1346 ac
3374 1291 3477 1347 sibi
3523 1279 3666 1347 dun-

2073 1397 2222 1446 taxat
2243 1389 2605 1460 quinquagies
2632 1389 2780 1444 mille
2803 1387 3083 1443 drachmis
3104 1403 3244 1459 opus
3277 1403 3401 1443 esse
3431 1387 3566 1443 dicit
3591 1387 3663 1442 ad

2073 1501 2192 1541 rem
2253 1481 2676 1540 conﬁciendam.
2737 1481 2950 1549 Quibus
3003 1481 3266 1550 acceptis,
3321 1495 3447 1536 eum
3514 1481 3665 1534 illam

2073 1577 2307 1648 pecunia
2342 1592 2453 1632 non
2491 1573 2794 1646 expugnari
2826 1589 2990 1644 posse
3039 1579 3316 1635 cerneret,
3363 1571 3456 1626 sed
3488 1571 3665 1626 cultui

2073 1670 2234 1726 Isidis
2271 1669 2357 1738 (ea
2397 1677 2511 1725 tum
2543 1685 2574 1724 a
2603 1667 2868 1724 Romanis
2909 1682 3010 1738 pro
3045 1666 3172 1720 diva
3203 1664 3510 1734 colebatur)
3542 1678 3666 1718 esse

2075 1761 2473 1817 deditissimam
2500 1779 2516 1818 :
2544 1760 2813 1831 quosdam
2846 1758 2994 1813 falsae
3025 1757 3176 1812 illius
3206 1756 3322 1811 dere
3346 1755 3666 1811 sacerdotes

2072 1856 2354 1920 convenit,
2425 1854 2719 1925 pecuniam
2777 1852 2960 1916 oﬂ‘ert,
3014 1860 3075 1906 ut
3125 1849 3410 1905 Paulinam
3462 1847 3669 1918 quibus

2071 1951 2281 2022 possint
2334 1947 2476 2004 dolis
2521 1948 2998 2009 circumventam,
3050 1944 3253 1997 Mundo
3308 1942 3394 1997 sui
3449 1940 3666 2010 copiam

2069 2043 2252 2100 facere
2275 2049 2494 2111 cogant.
2523 2039 2608 2093 Illi
2638 2037 2870 2108 pecunia
2905 2037 3119 2092 deliniti
3143 2074 3158 2097 .
3217 2036 3434 2090 facinus
3467 2050 3666 2105 aggre-

2072 2135 2561 2192 diunturzeorum
2614 2139 2744 2185 natu
2794 2130 3065 2184 maximus
3097 2128 3386 2183 Paulinam
3435 2126 3664 2182 seorsim

2071 2223 2354 2290 convenit,
2411 2237 2472 2278 se
2533 2219 2604 2276 ab
2655 2219 2937 2285 Anubide,
2987 2217 3163 2290 ipsius
3223 2231 3414 2272 amore
3475 2224 3664 2286 capto,

2071 2317 2302 2373 missum
2348 2330 2469 2371 esse
2497 2313 2790 2384 proﬁtetur
2813 2321 2873 2367 ut
2903 2327 3025 2367 eam
3076 2318 3408 2367 accerseret.
3453 2309 3670 2365 Mulieri

2071 2427 2139 2467 ea
2169 2408 2340 2466 verba
2361 2407 2706 2479 optatissima
2731 2405 3075 2468 acciderunt,
3101 2404 3145 2460 si
3176 2421 3207 2460 a
3229 2405 3332 2460 deo
3351 2411 3669 2459 amaretur:

2071 2512 2129 2560 et
2180 2503 2439 2558 nuntium
2486 2501 2640 2556 illum
2677 2515 2804 2556 cum
2856 2499 3057 2554 marito
3087 2499 3478 2562 communicat,
3507 2494 3670 2564 269

2072 2595 2169 2666 qui
2219 2609 2424 2666 gnarus
2475 2591 2762 2648 modestia:
2815 2591 3066 2662 conjugis
3123 2605 3245 2645 eam
3303 2588 3458 2644 abire
3512 2588 3669 2642 sinit.

2072 2687 2212 2744 Cum
2272 2687 2325 2741 in
2389 2685 2656 2754 templum
2712 2683 2974 2748 venisset,
3049 2681 3152 2736 sub
3209 2679 3388 2736 somni
3453 2689 3672 2750 tempus
3751 2739 3754 2746 ι

2075 2779 2294 2835 mulieri
2342 2779 2398 2834 in
2448 2779 2566 2849 ipsa
2618 2777 2736 2833 aede
2774 2777 2953 2832 lectus
3007 2784 3253 2846 paratur,
3284 2774 3527 2828 lucernae
3570 2789 3668 2827 ex-

2076 2871 2463 2942 stinguuntur.
2497 2869 2863 2941 Mundusjam
2895 2866 3148 2923 auteaibi
3177 2866 3418 2928 abditus,
3451 2881 3550 2934 per
3582 2875 3668 2918 to-

2076 2972 2185 3019 tam
2229 2971 2474 3029 noctem,
2528 2962 2633 3018 sub
2677 2960 2950 3014 Anubidis
3003 2959 3228 3013 nomine
3284 2957 3516 3013 libidine
3570 2972 3669 3012 sua

2075 3055 2316 3126 expleta,
2348 3053 2608 3111 discedit.
2644 3053 2743 3108 Illa
2784 3065 3032 3114 reversa,
3069 3048 3342 3104 Anubidis
3365 3047 3669 3117 apparitio-

2074 3164 2202 3204 nem
2253 3149 2450 3202 marito
2500 3153 2710 3208 narrat,
2750 3141 2896 3213 apud
2933 3141 3233 3196 familiares
3265 3139 3333 3193 de
3368 3152 3668 3208 congressu

2074 3239 2163 3297 dei
2189 3239 2477 3312 gloriatur.
2508 3235 2613 3292 Sed
2636 3233 2802 3290 tertio
2821 3240 2945 3304 post
2974 3231 3029 3286 id
3054 3231 3268 3286 facinus
3289 3228 3399 3291 die,
3431 3227 3666 3282 Mundus

2074 3334 2126 3390 ei
2153 3332 2374 3388 obviam
2433 3329 2616 3384 factus
2664 3345 2678 3382 :
2734 3325 2994 3390 Paulina,
3060 3321 3262 3391 inquit,
3321 3329 3370 3375 et
3439 3319 3668 3373 ducenta

2075 3423 2250 3480 millia
2280 3421 2465 3497 habeo,
2506 3427 2557 3473 et
2585 3429 2642 3472 tu
2672 3417 2800 3472 mihi
2837 3416 3006 3487 gratis
3043 3413 3247 3486 gessisti
3274 3427 3493 3466 morem.
3547 3409 3669 3464 Tua

2073 3533 2197 3573 vero
2223 3531 2349 3585 erga
2392 3511 2649 3568 Mundum
2681 3511 2887 3580 injuria
2915 3523 2998 3562 me
3035 3523 3140 3561 non
3169 3506 3364 3574 attigit,
3401 3504 3491 3574 qui
3515 3500 3670 3556 Anu-

2074 3607 2210 3662 bidis
2232 3621 2422 3660 nomen
2439 3605 2550 3674 ipse
2571 3601 2696 3656 mihi
2719 3600 2950 3669 fecerim.
2977 3595 3020 3650 E
3039 3595 3244 3668 quibus
3262 3594 3448 3649 verbis
3468 3592 3669 3647 mulier

2075 3699 2360 3756 intellecto
2389 3695 2656 3760 facinore,
2681 3693 2933 3748 vestibus
2976 3688 3236 3746 laceratis
3283 3687 3486 3742 marito
3533 3685 3670 3740 insi-

2075 3792 2196 3849 dias
2227 3788 2454 3846 indicat.
2489 3787 2542 3843 Is
2577 3784 2723 3856 apud
2747 3782 3029 3839 Tiberium
3061 3779 3442 3852 conqueritur.
3488 3776 3670 3847 Impe-

2074 3891 2230 3936 rator
2281 3877 2529 3934 facinore
2581 3880 2886 3945 comperto,
2936 3870 3253 3928 sacerdotes
3300 3877 3358 3925 et
3408 3867 3542 3944 Iden
3609 3867 3668 3922 in

2075 3987 2270 4030 cruces
2301 3969 2462 4035 tollit,
2507 3967 2682 4023 aedem
2722 3965 2941 4032 diruit;
2997 3962 3162 4019 Isidis
3201 3961 3559 4018 simulacrum
3610 3959 3671 4014 in

2075 4064 2321 4122 Tiberim
2341 4061 2636 4132 demergit,
2660 4057 2924 4113 Mundum
2947 4056 3002 4110 in
3021 4053 3276 4111 exsilium
3296 4053 3426 4124 agit,
3447 4067 3676 4122 poenam

2075 4157 2384 4229 graviorem
2423 4153 2495 4210 ob
2546 4151 2753 4208 amoris
2801 4150 2914 4204 vim
2977 4147 3272 4204 clementia
3328 4145 3679 4200 moderatus.

2076 4250 2206 4306 Haec
2237 4249 2428 4303 Romae
2456 4252 2578 4301 aeta
2611 4251 2759 4300 sunt.
2797 4240 3058 4297 Samaria:
3079 4254 3211 4294 vero
3246 4237 3516 4292 tumultus
3566 4236 3680 4290 hac

2075 4340 2146 4397 de
2173 4352 2339 4396 causa
2367 4334 2600 4393 exstitit.
2639 4331 2874 4400 Quidam
2921 4328 3296 4385 Samaritanus
3324 4325 3671 4382 Garizinium

2077 4441 2324 4490 montem
2356 4426 2663 4486 sanctitatis
2702 4423 2965 4496 Opinione
3012 4420 3432 4478 celeberrimum
3480 4434 3678 4474 secum

387 4527 802 4599 ἀνεσταύρωσε,
833 4527 929 4580 καὶ
983 4527 1084 4598 τὴν
1122 4527 1292 4597 Ἴδην,
1324 4526 1419 4579 τόν
1465 4543 1527 4580 τε
1557 4526 1685 4581 ναὸν
1721 4526 1966 4594 καθεῖλε,

2078 4523 2454 4583 conscendere
2494 4520 2658 4593 jussit
2697 4532 2872 4574 :nam
2922 4516 2998 4571 ibi
3041 4531 3100 4572 se
3133 4514 3216 4570 eis
3267 4529 3420 4569 saera
3463 4527 3590 4566 vasa
3639 4528 3678 4566 a‘

389 4619 486 4675 καὶ
515 4620 577 4674 τὸ
605 4619 706 4691 τῆς
735 4618 933 4683 Ἴσιδος
979 4617 1206 4690 ἄγαλμα
1233 4621 1314 4682 είς
1348 4618 1438 4671 τὸν
1470 4617 1676 4689 Θύϐριν
1717 4618 1832 4690 (65)
1865 4636 1968 4672 πο-

2081 4619 2231 4676 Mose
2281 4616 2520 4682 defossa,
2571 4620 2925 4670 ostensurum
2972 4624 3116 4666 esse.
3153 4608 3258 4675 Qui
3294 4621 3420 4663 eum
3469 4605 3678 4660 armati-

391 4713 566 4785 ταμὸν
600 4713 984 4776 κατεπόντισε,
1009 4713 1101 4766 τὸν
1117 4712 1175 4766 δὲ
1203 4711 1459 4776 Μοῦνδον,
1475 4716 1622 4784 φυγῇ
1653 4713 1969 4780 ἐδικαίωσε,

2080 4710 2491 4774 convenissent,
2511 4706 2743 4771 Pilatus,
2771 4703 3018 4760 exercitu
3053 4701 3242 4767 misso,
3275 4699 3415 4754 alios
3442 4695 3674 4761 occidit,

392 4806 728 4879 συγγνώμην
746 4805 941 4878 νείμας
958 4804 1129 4876 αὐτῷ,
1148 4805 1290 4859 ὥστε
1327 4805 1403 4877 μὴ
1429 4806 1614 4875 μεῖζον
1635 4805 1970 4877 κολασθῆναι

2081 4805 2220 4860 alios
2240 4804 2297 4859 in
2320 4801 2504 4873 fugam
2521 4802 2711 4867 vertit,
2730 4809 2786 4854 et
2808 4795 3149 4868 captivorum
3166 4793 3475 4865 praecipuos
3499 4789 3682 4843 inter-

390 4899 483 4953 διὰ
527 4900 626 4969 τὴν
677 4897 799 4969 βίαν
856 4895 952 4951 τοῦ
988 4896 1214 4970 ἔρωτος.
1256 4897 1421 4951 Ἀλλά
1451 4897 1624 4951 ταῦτα
1659 4897 1760 4968 μὲν
1792 4898 1852 4952 ἐν
1901 4900 1970 4970 τῇ

2078 4897 2236 4953 fecit.
2284 4894 2616 4953 Samaritani
2661 4907 2795 4949 vero
2837 4891 3118 4948 Vitellium
3163 4887 3334 4960 Syria:
3377 4892 3672 4956 praetorem

337 5035 340 5040 .
403 4989 596 5062 Ῥώμῃ
628 4991 964 5062 ἐπέπρακτο·
992 4992 1050 5044 ἐν
1075 4989 1132 5044 δέ
1152 4989 1441 5062 Σαμαρείᾳ
1467 4989 1785 5060 συμϐέϐηκε
1816 4989 1972 5062 θόρυ-

2082 4987 2447 5056 conveniunt,
2497 4987 2737 5042 Pilatum
2786 4983 2858 5040 ob
2905 4979 3254 5054 popularium
3308 4993 3536 5036 suorum
3571 4989 3681 5029 ea:-

346 5065 352 5072 ’
391 5081 508 5146 ϐος.
550 5081 714 5153 Ἀνὴρ
746 5083 855 5154 γάρ
907 5098 992 5146 τις
1021 5079 1245 5135 ἐκέλευε
1299 5082 1428 5144 τοὺς
1472 5081 1754 5152 Σαμαρεῖς
1795 5082 1890 5135 ἐπὶ
1913 5081 1972 5135 τὸ

2085 5079 2212 5136 dem
2280 5087 2626 5138 accusantes.
2663 5079 2739 5144 Is,
2791 5075 3048 5131 Marcello
3099 5071 3301 5129 Judaeis
3353 5067 3674 5141 praeposito,

393 5173 619 5246 Γαρίζιν
651 5175 778 5247 ὅρος
823 5173 975 5244 αὐτῷ
1028 5172 1307 5228 συνελθεῖν
1351 5173 1672 5244 (ἁγνότατον
1720 5173 1779 5227 δὲ
1814 5172 1972 5227 τοῦτο

2089 5173 2323 5227 Romam
2369 5172 2453 5227 ire
2496 5170 2733 5226 Pilatum
2761 5168 2936 5241 jubet,
2964 5165 3032 5222 ad
3065 5179 3284 5220 causam
3317 5160 3462 5231 apud
3493 5159 3680 5213 Caesa-

394 5265 582 5329 αὑτοῖς
600 5265 937 5337 ὑπείληπται
957 5264 1065 5320 τῶν
1088 5263 1278 5338 ὀρῶν),
1302 5266 1401 5320 καὶ
1425 5265 1780 5337 ἀφικομένοις
1804 5267 1972 5336 ἐπηγ-

2084 5279 2202 5319 rem
2231 5263 2546 5319 dicendam.
2610 5262 2740 5318 Abit
2781 5261 2896 5326 ille,
2931 5272 3056 5315 cum
3100 5255 3433 5313 decennium
3466 5248 3679 5308 Iudaeis

391 5356 618 5426 γέλλετο
646 5357 770 5428 ἱερὰ
801 5355 974 5426 σκεύη
1004 5357 1328 5429 ἐμφανίσαι,
1353 5355 1828 5428 κατορωρυγμένα
1853 5358 1972 5412 ἐκεῖ

2077 5356 2413 5428 praefuisset.
2458 5355 2566 5413 Sed
2600 5363 2900 5424 antequam
2944 5351 3134 5406 Romae
3178 5344 3672 5418 appropinquaret,

1597 5515 1796 5578 Varia
1815 5515 2128 5580 lectiones
2166 5524 2228 5581 et
2269 5523 2466 5580 notae.

467 5641 580 5714 (65)
616 5641 885 5714 9d6ptr.__
909 5640 1002 5698 Sic
1058 5653 1193 5714 mss.
1229 5654 1423 5714 omne_s
1453 5654 1588 5714 cum;
1632 5639 1684 5694 θ.
1747 5639 1975 5695 Tiberim

394 5710 660 5772 efferunt.
691 5710 1054 5777 Claudianus,
1077 5711 1180 5766 lib.
1213 5727 1250 5766 ιι
1276 5714 1332 5766 in
1363 5710 1683 5781 Eutropium
1707 5726 1725 5763 :

466 5827 536 5883 Ni
561 5844 760 5882 memor
785 5825 993 5896 imperii
1022 5823 1225 5892 Slilica,
1260 5841 1566 5895 morumque
1599 5825 1837 5894 priorum

468 5899 638 5968 Turne
660 5898 943 5968 relegasset
969 5897 1178 5967 defenso
1216 5913 1246 5953 α
1271 5896 1524 5966 Thybride
1562 5911 1776 5966 nomen,

2159 5640 2543 5711 Servatamque
2572 5655 2706 5695 novo
2724 5643 2983 5693 servasset
3019 5634 3237 5690 crimine
3271 5630 3517 5686 Romam.

2081 5760 2334 5814 Patauius
2367 5757 2422 5810 in
2447 5751 3083 5828 ltletapbrasiﬁutropii,
3137 5750 3286 5828 Ιὶι)..ι
3325 5748 3480 5816 Πρὸς
3535 5745 3668 5813 ταῖς

2076 5831 2180 5885 τοῦ
2213 5827 2538 5901 Θὺμϐριδος
2559 5824 2860 5897 ἐμϐολαῖς.
