4074 6408
350 409 463 470 475

1631 403 1962 469 IOANNIS
2005 403 2334 467 ZONAB/E

3524 405 3638 471 Hb

340 521 610 592 liberius
632 521 746 594 jam
773 521 1010 580 obierat.
1026 522 1284 581 Vitellius
1306 539 1439 583 vero
1464 524 1522 583 in
1543 525 1685 585 festo
1710 528 1938 586 Pascha-

2051 524 2157 579 ὑπὸ
2185 521 2488 586 Μωῦσέως·
2517 519 2564 574 οἱ
2599 518 2657 574 δὲ
2680 517 3024 592 ἡθροίζοντο,
3050 517 3146 574 καὶ
3175 518 3234 574 ὲν
3258 519 3444 584 ὅπλοις
3469 514 3636 592 ἦσαν.

351 617 420 672 tis
452 613 845 686 Hierosolymis
876 617 1163 688 magniﬁce
1187 627 1469 690 exceptus,
1501 620 1792 690 vectigalia
1817 619 1940 676 fru-

349 722 478 776 gum
523 705 1043 780 ilierosolymitanis
1071 709 1305 777 remisit,
1340 720 1397 767 et
1429 712 1624 768 stolam
1660 713 1940 783 pontiﬁcis

351 800 408 853 in
442 799 648 870 templo
682 800 896 870 reponi,
927 817 991 858 ac
1025 817 1196 872 penes
1225 805 1540 863 sacerdotes
1562 822 1686 864 esse
1716 815 1777 862 ut
1804 807 1938 863 olim

351 905 546 958 passus
577 901 684 956 est,
724 907 850 948 eum
883 909 947 949 ea
983 903 1307 966 tempestate
1336 898 1390 952 in
1423 898 1662 956 Antonia
1685 915 1936 957 servare-

353 991 462 1036 tur.
539 983 675 1036 Nam
730 984 948 1054 primus
1015 985 1300 1058 Hyrcanus
1370 989 1618 1059 pontifex
1687 992 1938 1062 proxime

352 1071 619 1141 templum
677 1073 968 1131 aediﬁcavit
1015 1077 1238 1142 turrim,
1296 1077 1351 1132 in
1410 1095 1518 1150 qua
1573 1080 1742 1135 vitam
1803 1081 1938 1152 egit,

288 1202 294 1209 .
349 1159 658 1230 stolamque
687 1163 1045 1231 pontiﬁciam,
1079 1175 1136 1220 ut
1170 1183 1291 1236 qua:
1316 1168 1384 1223 ad
1420 1185 1479 1224 se
1503 1185 1571 1225 ex
1604 1170 1782 1227 oﬂicio
1816 1188 1941 1243 per-

2052 616 2286 679 Πιλᾶτος
2307 613 2388 682 δὲ,
2422 611 2760 684 στρατιώτας
2793 612 3044 682 πέμψας,
3078 611 3210 676 τούς
3260 611 3361 682 μὲν
3400 612 3634 680 ἔκτεινε,

2052 709 2182 772 τοὺς
2214 708 2271 762 δὲ
2320 706 2591 778 ἐτρέψατο
2623 707 2704 770 είς
2738 705 2945 777 φυγὴν,
2969 707 3067 760 καὶ
3099 706 3210 759 τῶν
3237 706 3637 776 ζωγρηθέντων

2049 798 2179 861 τούς
2233 795 2570 868 κορυφαίους
2623 795 2957 867 διέφθειρεν.
2993 795 3059 850 Ol
3091 795 3150 850 δὲ
3179 796 3458 866 Σαμαρεῖς
3497 797 3638 866 πρὸς

2056 889 2368 946 Οὐϊτέλλιον
2385 884 2550 962 ἦλθον
2563 889 2766 959 Συρίας
2789 888 3219 960 ἡγεμονεύοντα,
3244 888 3482 942 Πιλάτου
3508 907 3639 944 κατ-

2049 982 2385 1054 ηγοροῦντες
2428 981 2523 1036 ἐπὶ
2553 983 2621 1053 τῇ
2651 980 2762 1036 τῶν
2805 980 3099 1052 ὁμοφύλων
3132 984 3343 1054 σφαγῇ.
3372 981 3484 1037 Καὶ
3508 983 3639 1036 Οὐϊ-

2047 1072 2278 1140 τέλλιος,
2293 1075 2614 1146 Μάρκελλον
2636 1073 2861 1145 πέμψας
2890 1075 2999 1128 τῶν
3027 1073 3304 1129 Ἰουδαίων
3332 1075 3641 1144 προνοησό-

2049 1185 2231 1239 μενον,
2263 1167 2358 1221 ὲπὶ
2389 1167 2611 1239 Ῥώμην
2635 1167 2861 1223 ἀπιέναι
2892 1166 2982 1221 τὸν
3006 1167 3242 1221 Πιλᾶτον
3267 1167 3522 1222 ἐκέλευεν
3542 1168 3640 1221 ἐπὶ

2043 1261 2141 1315 τοῦ
2173 1261 2576 1332 αὐτοκράτορος
2607 1260 3114 1332 ἀπολογησόμενον,
3142 1259 3230 1329 ἐφ’
3259 1253 3348 1322 οἷς
3373 1260 3638 1328 ἐγκαλεῖ-

2039 1371 2153 1410 ται.
2189 1354 2298 1407 Καὶ
2331 1355 2360 1408 δ
2391 1352 2491 1423 μὲν
2521 1351 2690 1424 ἀπῄει
2724 1353 2819 1406 ἐπὶ
2845 1352 2982 1406 δέκα
3038 1351 3224 1407 ἐτεσιν
3249 1351 3639 1423 ἡγεμονεύσας

351 1431 462 1484 tius
488 1432 834 1496 adornatam.
857 1435 926 1491 de
953 1437 1177 1494 Antonii
1202 1442 1364 1497 amici
1388 1445 1614 1502 nomine
1648 1447 1814 1518 27o
1838 1463 1937 1519 ap-

2044 1447 2146 1517 τῆς
2187 1445 2478 1511 Ἰουδαίας.
2537 1445 2675 1516 Πρὶν
2729 1443 2787 1498 δὲ
2831 1446 2899 1516 τῇ
2933 1442 3126 1517 Ῥώμῃ
3174 1444 3396 1513 ἐγγίσαι
3448 1443 3636 1510 αὐτὸν,

350 1521 572 1587 pellavit
624 1539 638 1576 :
689 1533 745 1578 et
775 1525 972 1579 stolam
1009 1527 1081 1582 ibi
1137 1540 1410 1600 repertam
1469 1533 1522 1588 in
1569 1550 1633 1590 ea
1674 1537 1935 1593 detinuit.

2042 1536 2184 1610 ἔφθη
2216 1537 2469 1602 Τιϐέριος
2503 1536 2798 1608 μεταστάς.
2823 1534 3136 1599 Οὐϊτέλλιος
3176 1535 3256 1600 δὲ,
3284 1535 3364 1598 είς
3399 1535 3640 1606 Ἰεροσό-

348 1607 497 1664 ldem
539 1609 843 1668 Archelaus
881 1615 1014 1672 fecit
1053 1635 1066 1672 :
1104 1617 1249 1674 idem
1292 1621 1527 1677 Romani
1563 1625 1716 1680 illum
1757 1629 1936 1683 secuti

2045 1607 2196 1699 λυμα
2224 1627 2394 1684 ἐλθὼν
2418 1607 2518 1698 τῆς
2548 1627 2643 1683 τοῦ
2675 1627 2864 1698 Πάσχα
2886 1627 3082 1700 έορτῆς
3114 1627 3472 1698 τελουμένης,
3500 1630 3639 1680 ὑπε-

346 1699 414 1754 de
437 1702 574 1755 stola
601 1716 936 1774 statuerunt,
963 1725 1085 1780 quae
1113 1711 1225 1767 illic
1246 1714 1349 1768 sub
1370 1716 1562 1786 sigillis
1583 1722 1935 1776 sacerdotum

2043 1718 2210 1792 δέχθη
2248 1720 2712 1792 μεγαλοπρεπῶς,
2749 1720 2846 1774 καὶ¹
2877 1699 2955 1774 τάί
2974 1719 3104 1790 τέλη
3135 1719 3246 1774 τῶν
3275 1720 3642 1790 γεωργουμέ-

345 1803 400 1846 et
436 1809 582 1864 gazae
635 1799 928 1856 custodum
975 1806 1368 1872 reponebatur.
1407 1808 1539 1864 Eam
1588 1811 1773 1883 igitur,
1809 1829 1936 1871 cum

2047 1827 2177 1879 νων,
2206 1812 2436 1883 καρπῶν
2471 1814 2587 1876 τοϊς
2625 1811 3091 1884 Ἱεροσολυμίταις
3143 1811 3355 1882 ἀνίησι,
3389 1813 3485 1865 καὶ
3533 1811 3639 1882 τὴν

347 1883 402 1937 in
433 1885 825 1946 festivitatibus
852 1893 1100 1962 pontiﬁci
1123 1879 1748 1972 restitueretur,et‘post
1768 1921 1938 1960 unum

2043 1903 2238 1972 στολὴν
2263 1879 2360 1958 τοῦ
2393 1879 2713 1975 ἀρχιερέως.
2735 1905 2816 1968 είς
2841 1879 2916 1956 τὸν
2949 1902 3097 1974 ἱερὸν
3128 1879 3479 1973 συνεχώρησε
3514 1879 3637 1955 κεί-

346 1976 470 2031 festi
521 1978 670 2035 diem
720 1983 924 2040 ibidem
991 1999 1378 2058 reponeretur,
1430 1993 1685 2050 Vitellius
1734 1999 1938 2068 pepulo

2043 1995 2192 2062 σθαι,
2231 1997 2328 2051 καὶ
2376 1997 2531 2067 παρά
2567 1999 2683 2064 τοῖς
2728 1995 2971 2067 ἱερεῦσιν
3030 1993 3195 2061 εἶναι,
3242 1995 3499 2066 καθάπερ
3537 1994 3640 2048 καὶ

345 2071 640 2127 concessit.
671 2074 912 2147 Joscpho
933 2095 1088 2145 vero,
1121 2083 1214 2151 qui
1257 2093 1313 2139 et
1355 2085 1612 2158 Caiphas,
1647 2091 1938 2159 pontiﬁca-

2042 2089 2330 2161 πρότερον⁹
2352 2089 2474 2142 τότε
2506 2087 2563 2142 δὲ
2594 2089 2651 2142 ἐν
2671 2091 2737 2160 τῇ
2775 2087 3045 2160 Ἀντωνίᾳ
3075 2088 3359 2144 ἀπέκειτο.
3385 2087 3510 2142 Τῶν
3527 2088 3638 2159 γὰρ

346 2169 464 2256 tum
512 2163 834 2256 ademptum
894 2171 1147 2230 Jonathae
1207 2177 1384 2242 dedit,
1439 2181 1716 2250 pontiﬁcis
1766 2185 1938 2244 Annae

2042 2180 2346 2252 ἀρχιερέων
2375 2198 2482 2245 τις,
2515 2182 2544 2234 ὁ
2569 2180 2784 2251 πρῶτος
2815 2180 3025 2251 δηλαδὴ
3069 2181 3360 2252 Ὑρκανὸς,
3399 2179 3634 2248 ἔγγιστα

348 2251 479 2308 ﬁiio.
511 2253 661 2311 Idem
693 2259 856 2331 jussu
887 2261 1098 2319 Tiberii
1135 2281 1260 2322 cum
1292 2269 1574 2326 Artabano
1607 2273 1938 2332 Parthorum

2042 2251 2146 2326 cuii
2191 2273 2341 2346 ἱεροῦ
2374 2274 2534 2346 βάριν
2563 2273 2805 2341 ἐγείρας,
2853 2274 2947 2326 καὶ
2994 2274 3053 2326 ὲν
3079 2273 3218 2343 αὐτῇ
3250 2272 3636 2342 διαιτώμενος,

349 1249 572 1314 tineret,
628 1253 951 1310 asservavit.
1007 1255 1155 1310 Idem
1210 1259 1376 1313 etiam
1432 1261 1554 1330 ejus
1586 1278 1938 1321 successores

350 1340 552 1395 imitati
579 1351 727 1398 sunt.
755 1343 860 1399 Sed
892 1345 1138 1402 Herodes
1162 1350 1358 1404 turrim
1397 1351 1543 1407 illam
1579 1336 1939 1425 magniﬁcen-

348 2361 475 2418 rcgc
531 2366 723 2420 pacem
770 2354 926 2424 fecit,
954 2359 1048 2429 qui
1096 2360 1320 2417 Darium
1366 2363 1539 2418 ﬁlium
1584 2381 1710 2422 cum
1751 2370 1938 2429 multis

2042 2365 2160 2418 ἐκεῖ
2189 2365 2284 2417 καὶ
2335 2363 2434 2436 τὴν
2467 2364 2660 2435 στολὴν
2694 2365 2792 2433 τὴν
2841 2365 3239 2436 ἀρχιερατικὴν
3283 2360 3453 2435 εῖχεν,
3483 2364 3636 2437 αὐτῷ

347 2442 674 2500 muneribus
705 2447 953 2505 obsidem
989 2453 1233 2509 miserat.
1265 2455 1327 2510 Ei
1363 2458 1728 2526 paciﬁcationi
1767 2460 1938 2518 Hero-

2042 2455 2357 2526 ἀνήκουσαν
2384 2459 2462 2521 ὡς
2494 2458 2762 2528 ἀρχιερεῖ.
2804 2457 2885 2512 Τὰ
2915 2457 3056 2511 αὐτά
3084 2457 3142 2511 δὲ
3169 2457 3366 2528 ἐκείνῳ
3393 2458 3492 2511 καὶ
3517 2460 3637 2522 τοῖς

345 2531 444 2587 dcs
467 2550 686 2606 quoque
740 2543 1016 2600 tetrarcha
1041 2545 1312 2612 interfuit,
1335 2565 1398 2605 ac
1428 2551 1494 2605 ad
1517 2552 1785 2610 Caesarem
1814 2571 1937 2626 qua:

2050 2550 2168 2621 μετ’
2196 2552 2406 2606 ἐκεῖνον
2437 2552 2762 2623 ἐπράσσετο.
2803 2551 3051 2623 Ἡρώδης
3074 2552 3131 2606 δὲ
3161 2552 3261 2623 τὴν
3286 2552 3448 2624 βάριν
3481 2553 3632 2607 ὲκεί-

345 2632 466 2678 acta
485 2640 679 2719 essent
711 2635 952 2704 scripsit.
985 2636 1116 2704 Quae
1144 2654 1267 2694 cum
1291 2651 1417 2712 post
1441 2641 1694 2704 Vitellius
1717 2662 1938 2719 quoque

2046 2661 2144 2715 νην
2175 2645 2693 2708 ὲπικατασκευάσας
2719 2645 2815 2698 ἐπὶ
2843 2645 2904 2698 τὸ
2967 2645 3448 2716 πολυτελέστερον,
3479 2644 3635 2712 φίλος

346 2727 445 2781 per
483 2716 700 2776 litteras
748 2727 1120 2796 exposuisset,
1158 2729 1342 2786 (Ia-sar
1367 2733 1418 2788 ei
1463 2716 1747 2807 rescripsit
1780 2716 1936 2794 se—ex

2050 2735 2127 2792 ὢν
2176 2736 2490 2804 Ἀντωνίου,
2531 2738 2625 2792 ἐπὶ
2652 2736 2728 2808 τῷ
2750 2739 2961 2792 ἐκείνου
2991 2737 3198 2807 ταύτην
3232 2738 3459 2808 ὀνόματι
3501 2752 3635 2806 μετ-

345 2805 562 2902 Πυι-οάε
594 2817 916 2885 cognovisse
965 2821 1170 2876 omnia.
1218 2823 1296 2878 Ea
1346 2840 1406 2880 re
1455 2805 1704 2883 Vitellius
1748 2837 1938 2884 contra

2073 2829 2352 2900 ωνόμασε.
2391 2829 2502 2884 Καὶ
2533 2829 2632 2902 τὴν
2665 2805 2859 2900 στολὴν
2895 2832 2954 2884 ὲν
2979 2831 3118 2902 αὐτῇ
3149 2805 3425 2902 εὑρηκώς,
3453 2805 3634 2882 κατεῖ-

348 2894 617 2956 llcrodem
671 2905 939 2977 irritatus,
971 2911 1111 2966 clam
1153 2912 1289 2969 iram
1334 2915 1493 2983 aluit,
1538 2932 1779 2990 eumque
1807 2918 1938 2976 Caio

2042 2936 2138 2992 χεν
2169 2894 2308 2976 ἐκεῖ.
2337 2921 2511 2976 Τοῦτο
2539 2894 2601 2975 δέ
2654 2894 2828 2977 ἐποίει
2857 2922 2953 2976 καὶ
2981 2923 3011 2975 ό
3036 2894 3352 2994 ’Λάρχέλαος
3386 2922 3480 2976 καὶ
3509 2920 3630 2992 μετ’

345 2991 570 3048 domum
612 2997 921 3068 imperante
957 3004 1108 3060 ultus
1130 3014 1236 3062 est.

2042 2991 2257 3067 ἐκεῖνον
2286 3014 2338 3068 οἱ
2372 3013 2634 3084 Ῥωμαῖοι
2666 3014 2738 3069 τὰ
2763 3013 2902 3067 αὐτά
2925 3014 3017 3068 ἐπὶ
3044 2991 3119 3086 τῇ*
3138 2991 3304 3086 στολῇ
3331 3013 3628 3088 ἔπραττον,

344 3085 685 3164 ἀποκειμένη
721 3095 838 3148 ἐκεῖ
872 3096 978 3149 ὑπὸ
1007 3101 1272 3169 σφραγῖσι
1305 3101 1414 3155 τῶν
1474 3103 1664 3174 ἱερέων
1731 3114 1832 3160 καί
1889 3103 2000 3159 τῶν
2040 3104 2462 3174 γαζοφυλάκων.
2504 3106 2736 3177 Ἐορτῆς
2766 3105 2810 3160 δ’
2847 3085 3166 3180 ἐφεστώσης
3201 3085 3479 3164 ἐπεδίδοτο
3511 3110 3626 3170 τοῖς

344 3185 700 3257 ἀρχιερεῦσιν
728 3190 832 3245 ὐπὸ
857 3191 952 3245 τοῦ
984 3195 1355 3268 φρουράρχου,
1380 3197 1476 3251 καὶ
1507 3199 1647 3268 μετὰ
1679 3200 1810 3265 μίαν
1867 3201 1967 3270 τῆς
2007 3201 2203 3274 ἑορτῆς
2231 3202 2446 3273 ἡμέραν
2495 3197 2653 3267 αὖθις
2676 3203 2805 3256 ἐκεῖ
2832 3202 3148 3258 ἀπετίθετο.
3223 3202 3530 3267 Οὐϊτέλλιος
3575 3204 3632 3263 δὲ

345 3286 670 3354 παραχωρεῖ
701 3286 801 3356 τῆς
832 3287 1028 3357 στολῆς
1065 3290 1144 3358 τῷ
1204 3291 1370 3345 ἔθνει·
1434 3293 1524 3347 τὸν
1553 3287 1610 3347 δὲ
1654 3295 1917 3366 ἀρχιερέα
1969 3295 2192 3367 Ἰωσὴφ,
2253 3297 2345 3351 τὸν
2413 3297 2510 3350 καὶ
2555 3296 2834 3365 Καϊάφαν,
2883 3295 3190 3368 ἀφῃρηκὼς
3230 3297 3330 3367 τὴν
3389 3294 3627 3366 ἱερωσύ-

345 3389 464 3438 νην,
507 3373 736 3450 Ἰωνάθῃ
781 3378 967 3434 δίδωσι
1013 3381 1222 3453 ταύτην
1261 3384 1339 3456 τῷ
1393 3386 1563 3440 ’Δννα
1610 3387 1707 3442 τοῦ
1780 3387 2086 3460 ἀρχιερέως
2151 3389 2274 3462 υἱῷ.
2348 3389 2484 3445 Κατ’
2548 3390 2771 3454 ἐντολὰς
2793 3390 2850 3444 δὲ
2891 3389 3148 3455 Τιϐερίου
3185 3390 3476 3444 σπένδεται
3501 3391 3633 3444 Οὐϊ-

343 3466 554 3530 τέλλιος
594 3468 915 3544 ’Δρταϐάνῳ
943 3473 1022 3545 τῷ
1059 3476 1292 3548 Πάρθων
1353 3478 1588 3549 βασιλεῖ,
1648 3479 1926 3550 πέμψαντι
1966 3483 2058 3536 τὸν
2127 3483 2243 3537 υἱὸν
2279 3484 2508 3555 Δαρεῖον
2541 3481 2681 3553 μετά
2749 3479 2942 3554 δώρων
2979 3481 3192 3536 πολλῶν
3220 3481 3629 3553 ὁμηρεύσοντα.

346 3557 546 3630 Παρὼν
580 3558 626 3612 δ’
648 3561 708 3614 έν
759 3563 881 3626 ταῖς
916 3566 1174 3629 σπονδαῖς
1230 3566 1328 3622 καὶ
1361 3569 1388 3622 ό
1432 3570 1744 3642 τετράρχης
1795 3571 2067 3644 Ἡρώδης,
2129 3573 2410 3644 ἐκπέμπει
2477 3573 2617 3644 πρὸς
2686 3573 2946 3644 Καίσαρα
2997 3573 3361 3646 παραχρῆμα,
3410 3573 3632 3646 γράψεις

343 3650 414 3702 τά
437 3652 722 3718 γεγονότα.
745 3647 882 3710 Εἶτα
909 3653 1004 3708 τοῦ
1038 3657 1353 3714 Οὐϊτελλίου
1410 3662 1542 3732 περὶ
1598 3662 1804 3718 τούτων
1868 3665 2280 3729 ἐπιστείλαντος
2342 3664 2606 3736 Τιϐερίῳ,
2635 3665 2844 3728 ἐκεῖνος
2867 3664 3180 3737 ἀντέγραψε
3228 3666 3425 3738 μαθεῖν
3449 3668 3632 3721 πάντα

344 3743 499 3814 παρὰ
533 3743 796 3816 Ἡρώδου.
823 3744 997 3802 Τοῦτο
1026 3749 1108 3813 είς
1137 3751 1307 3822 ὀργὴν
1333 3751 1425 3807 τὸν
1455 3754 1768 3811 Οὐϊτέλλιον
1828 3757 1974 3814 κατά
2011 3757 2109 3812 τοῦ
2145 3756 2388 3830 Ἡρώδου
2411 3756 2726 3825 κεκίνηκενο
2795 3757 3196 3831 ὲϐυσσοδόμευε
3223 3761 3281 3815 δὲ
3313 3760 3406 3814 τὸν
3431 3760 3626 3832 θυμὸν,

344 3837 442 3890 καὶ
481 3836 752 3906 μετῆλθεν
778 3839 942 3893 αὐτὸν
975 3840 1138 3895 Γαΐου
1170 3845 1576 3915 κρατήσαντος.

413 3928 507 3986 γι.
540 3928 697 3985 Tunc
728 3929 1017 4002 Philippus
1043 3949 1266 4005 quoque
1292 3937 1459 4010 hujus
1481 3937 1720 3996 Herodis
1744 3939 1934 4006 frater,
1964 3950 2008 4010 ο

342 4023 490 4078 diem
538 4039 699 4079 suum
745 4023 904 4091 obiit,
939 4024 1202 4082 vicesimo
1250 4028 1466 4100 imperii
1516 4031 1721 4088 Tiberii
1766 4048 1933 4100 anno,

343 4131 470 4170 cum
511 4116 673 4172 annis
715 4133 898 4174 xxxv"
941 4135 1126 4175 rerum
1176 4123 1386 4192 potitus
1429 4135 1578 4180 esset
1609 4145 1622 4181 :
1649 4127 1733 4183 vir
1761 4126 1936 4197 quieti

343 4210 576 4280 ingenii,
609 4211 934 4268 moderatus
972 4229 1099 4286 erga
1137 4215 1413 4282 subditos,
1443 4233 1569 4274 cum
1615 4221 1807 4289 paucis
1836 4220 1938 4277 de-

343 4302 504 4360 lectis
557 4304 614 4358 in
660 4305 945 4374 publicum
989 4306 1212 4377 prodire
1254 4310 1478 4366 solitus.
1528 4300 1685 4380 Quod
1735 4313 1780 4368 si
1813 4313 1940 4384 quis

342 4394 491 4448 inter
545 4395 791 4451 eundum
837 4413 1000 4468 Opem
1050 4401 1172 4470 ejus
1219 4399 1593 4473 implorasset,
1641 4405 1827 4460 statim
1871 4419 1939 4460 eo

341 4487 464 4556 ipso
500 4487 554 4542 in
589 4489 711 4544 loco
745 4491 878 4545 sella
911 4492 1090 4561 posita
1131 4493 1280 4562 (nam
1311 4495 1404 4566 qui
1427 4512 1549 4554 eam
1581 4496 1812 4562 ferrent,
1846 4513 1939 4555 se-

341 4580 683 4650 quebantur)
734 4582 1018 4649 audiebat,
1084 4585 1317 4657 injurios
1387 4589 1568 4658 pinnis
1639 4589 1939 4656 alliciebat,

344 4671 555 4742 iniquis
587 4673 918 4731 criminibus
952 4678 1360 4736 circumventos
1386 4681 1728 4738 absolvebat.
1763 4683 1937 4739 Ditio-

342 4772 472 4812 nem
519 4759 660 4830 ejus,
693 4760 823 4829 quia
874 4762 1068 4820 liberis
1109 4767 1278 4823 orbus
1306 4768 1640 4838 decesserat,
1678 4771 1937 4828 Tiberius

342 4847 645 4916 provinciae
702 4849 870 4921 Syria:
919 4852 1135 4922 adjecit.
1183 4855 1429 4930 llerodes
1477 4874 1610 4913 vero
1657 4859 1934 4914 tetrarcha

344 4939 574 4995 Romam
623 4941 1000 5012 proﬁciscens,
1045 4947 1188 5016 apud
1246 4947 1516 5004 Herodem
1569 4949 1818 5018 fratrem,
1867 4967 1936 5008 ex

346 5042 590 5098 Simonis
611 5043 888 5114 pontiﬁcis
914 5045 1021 5100 ﬁlia
1057 5045 1258 5101 Herodi
1289 5047 1399 5119 regi
1427 5058 1640 5114 natum,
1667 5049 1892 5108 divertit
1917 5068 1932 5104 :

343 5150 409 5190 ac
445 5150 634 5192 amore
678 5145 872 5206 captus
917 5148 1006 5195 cst
1051 5137 1399 5205 llcrodiadis,
1439 5155 1605 5210 quam
1658 5141 1828 5196 frater
1876 5142 1932 5198 in

346 5227 701 5284 matrimonio
759 5228 1023 5296 habebat,
1089 5229 1411 5300 Aristobulo
1459 5230 1628 5286 fratre
1687 5229 1932 5300 ipsorum

346 5332 551 5390 natam,
602 5321 781 5392 Magni
831 5323 1086 5394 Agrippae.
1142 5336 1410 5385 sororem,
1457 5337 1521 5377 ac
1560 5323 1629 5379 de
1675 5323 1931 5394 eonjugio

2042 5318 2272 5389 ἀδελφοῦ
2296 5319 2574 5388 γυναικὸς,
2600 5319 2869 5390 θυγατρὸς
2906 5321 3322 5393 ⁹Ἀριστοϐούλου
3353 5322 3447 5378 τοῦ
3472 5324 3622 5379 ἀδελ·
3690 5364 3714 5388 χ

347 5417 635 5470 mulierem
649 5416 964 5486 appellavit.
983 5417 1074 5470 Illa
1088 5431 1219 5470 vero
1235 5431 1292 5470 se
1309 5415 1376 5470 ad
1398 5416 1550 5470 illum
1573 5415 1931 5470 transituram

312 5493 591 5576 ‘pollicita
619 5517 742 5572 est,
785 5509 828 5564 si
868 5507 1048 5563 Areta:
1078 5508 1242 5562 ﬁliam
1263 5508 1625 5578 repudiasset.
1675 5508 1753 5564 Ea
1802 5524 1934 5578 pae-

351 5579 703 5662 tione'inita,
736 5601 966 5655 Romam
1017 5601 1109 5655 ille
1150 5601 1564 5671 proﬁciscitur:
1617 5600 1764 5656 unde
1803 5617 1928 5658 cum

349 5691 628 5758 rediissct,
657 5707 795 5746 uxor
815 5694 935 5764 ejus
953 5691 1132 5748 Areta:
1161 5692 1294 5760 ﬁlia,
1327 5709 1384 5749 re
1417 5693 1507 5748 illa
1539 5703 1840 5764 comperta,
1872 5707 1932 5747 se

349 5782 774 5839 ltlachmruntcm
803 5785 880 5855 (id
907 5785 1191 5840 castellum
1223 5785 1327 5841 fuit
1352 5785 1407 5841 in
1432 5786 1670 5841 conﬁnio
1705 5785 1932 5842 ditionis

353 5873 587 5935 llerodis
631 5887 688 5935 et
739 5877 937 5948 Arcttc)
968 5877 1122 5966 .mitti
1184 5879 1361 5950 petiit.
1397 5880 1608 5936 Annuit
1654 5879 1931 5946 Herodes,

2113 3935 2207 4008 ς’.
2241 3937 2376 3992 Τότε
2405 3938 2498 3994 καὶ
2529 3936 2800 4002 Φίλιππος
2851 3937 3102 4008 Ἡρώδου
3155 3938 3350 3994 τούτου
3374 3939 3451 3996 ὢν
3474 3940 3630 3996 ἀδελ·

2041 4029 2139 4098 φὺς
2198 4028 2596 4100 τετελεύτηκεν
2649 4029 2885 4101 εἰκοστῷ
2941 4031 3179 4102 ἐνιαυτῷ
3227 4033 3326 4103 τῆς
3373 4035 3630 4104 Τιϐερίου

2039 4121 2240 4193 ἀρχῆς,
2273 4122 2448 4191 ἄρξας
2499 4121 2640 4176 ἑπτὰ
2699 4122 2796 4175 καὶ
2826 4123 3121 4193 τριάκοντα
3155 4123 3272 4196 ἐτη.
3304 4122 3412 4178 Ἦν
3446 4127 3503 4180 δὲ
3536 4127 3630 4180 τὸν

2039 4215 2243 4283 τρόπον
2295 4216 2632 4284 ἀπράγμων,
2683 4213 2777 4268 καὶ
2835 4215 3056 4286 μέτριος
3103 4218 3216 4278 τοϊς
3271 4217 3629 4289 ἀρχομένοις,

2041 4305 2299 4376 προόδους
2327 4305 2427 4360 σὺν
2447 4307 2651 4375 ὀλίγοις
2671 4306 2781 4363 τῶν
2806 4307 3111 4362 ἐπιλέκτων
3135 4313 3481 4380 ποιούμενος.
3513 4313 3630 4366 Καὶ

2039 4398 2096 4452 εί
2116 4416 2200 4462 τις
2234 4400 2481 4469 προῖόντι
2539 4399 2769 4470 προσῄει
2796 4399 3051 4470 δεόμενος
3119 4399 3398 4473 βοηθείας,
3461 4403 3630 4468 εὐθὺς

2040 4489 2191 4561 αὐτῷ
2219 4490 2360 4544 κατὰ
2383 4489 2475 4543 τὸν
2505 4490 2670 4545 τόπον
2705 4490 2800 4544 τοῦ
2835 4491 3027 4560 θρόνου
3063 4491 3349 4562 τιθεμένου
3380 4494 3627 4564 (εἵποντο

2038 4584 2149 4654 γὰρ
2177 4584 2226 4636 οἱ
2287 4581 2477 4636 τοῦτον
2528 4582 2811 4655 φέροντες)
2867 4584 3180 4654 καθήμενος
3228 4587 3490 4656 ἠκροᾶτο,
3529 4587 3629 4642 καὶ

2037 4673 2386 4744 ὲποινηλάτει
2420 4677 2546 4738 τοὺς
2593 4674 2936 4740 ἀδικοῦντας,
2967 4679 3062 4730 καὶ
3097 4679 3221 4741 τοὺς
3281 4679 3484 4742 ἀδίκως
3533 4680 3626 4733 αι-

2036 4765 2343 4834 τιωμένους
2379 4766 2604 4821 ἀπέλυε.
2637 4769 2749 4838 Τὴν
2773 4769 2831 4822 δὲ
2866 4768 3040 4837 ἀρχὴν
3073 4771 3101 4822 ὁ
3125 4767 3376 4839 Τιϐέριος
3409 4770 3626 4839 (παῖδες

2035 4858 2145 4929 γὰρ
2164 4857 2420 4928 Φιλίππῳ
2449 4858 2549 4912 οὐκ
2569 4854 2730 4930 ἦσαν)
2753 4863 2816 4929 τῇ
2844 4860 2952 4912 τῶν
2979 4860 3167 4931 Σύρων
3196 4860 3438 4931 ἐπαρχία
3457 4877 3632 4930 προσο

2037 4947 2211 5002 έθετο.
2255 4947 2505 5020 Ἡρώδης
2554 4949 2611 5003 δὲ
2643 4951 2974 5021 τετράρχης,
3010 4953 3103 5004 ἐπὶ
3160 4951 3381 5022 Ῥώμην
3409 4951 3627 5004 στελλὸ-

2039 5057 2220 5110 μενος,
2252 5041 2552 5094 κατέλυσεν
2591 5043 2648 5096 ὲν
2689 5042 2932 5112 Ἡρώδου
2964 5043 3056 5095 τοῦ
3083 5042 3312 5112 ἀδελφοῦ
3350 5043 3538 5106 αὐτοῦ,
3562 5043 3624 5098 ὃν

2036 5135 2069 5204 ἡ
2107 5131 2201 5186 τοῦ
2237 5133 2482 5203 Σίμωνος
2531 5133 2625 5186 τοῦ
2672 5134 2974 5206 ἀρχιερέως
3007 5134 3255 5204 θυγάτηρ
3284 5135 3359 5205 τῷ
3411 5135 3627 5206 βασιλεῖ

2050 5227 2268 5299 Ἡρώδῃ
2313 5228 2580 5298 ἐγείνατο.
2623 5229 2908 5298 Ἐρασθεὶς
2940 5228 2997 5281 δὲ
3031 5227 3365 5300 Ἡρωδιάδος
3395 5231 3494 5300 τῆς
3523 5231 3624 5286 τοῦ

2042 5412 2144 5481 φοῦ
2175 5411 2378 5478 αὐτῶν,
2431 5413 2669 5482 ἀδελφῆς
2696 5413 2753 5467 δὲ
2783 5413 2874 5467 τοῦ
2904 5414 3146 5484 μεγάλου
3189 5416 3496 5486 Ἀγρίππα,
3536 5416 3624 5470 λό-

2043 5521 2173 5572 γους
2211 5505 2344 5574 περὶ
2369 5505 2565 5577 γάμων
2595 5505 2733 5574 πρὸς
2761 5506 2935 5574 αὐτὴν
2966 5508 3285 5577 ἐποιήσατο.
3323 5509 3435 5562 Kal.
3469 5509 3622 5572 δεξα-

2046 5599 2204 5668 μένη,
2254 5599 2506 5653 συνέθετο
2554 5601 2990 5671 μετοικήσασθαι
3049 5601 3186 5678 πρὸς
3228 5602 3412 5669 αὐτὸν,
3450 5604 3499 5655 εί
3525 5602 3622 5672 τὴν

2041 5688 2240 5762 Ἀρέτα
2275 5691 2551 5763 θυγατέρα
2597 5692 2840 5748 ἐκϐάλοι.
2903 5694 3013 5748 Καὶ
3041 5695 3070 5747 ὁ
3131 5695 3230 5759 μὲν
3263 5696 3356 5748 ἐπὶ
3401 5694 3621 5765 Ῥώμην

2044 5782 2196 5837 ἔπλει
2245 5785 2338 5838 ἐπὶ
2381 5786 2659 5851 τοιαύταις
2711 5787 3030 5860 συνθήκαις.
3085 5788 3174 5852 Ὠς
3233 5789 3277 5842 δ’
3327 5789 3620 5861 ἐπανῆλθε,

2042 5877 2248 5946 γνοῦσα
2291 5880 2488 5953 ἡγυνῆ
2534 5881 2720 5954 αὐτοῦ,
2753 5883 2844 5938 τοῦ
2893 5884 2948 5939 δὲ
2987 5883 3186 5954 Ἀρέτα
3218 5884 3490 5954 θυγάτηρ,
3525 5883 3620 5946 τὰς
