4074 6384
293 372 404 439 479
1569 377 1897 439 JOANNIS

2004 379 2273 441 )NAR.E
3462 396 3575 452 θεοῦ

294 490 527 560 Agrippa
569 486 735 554 igitur
779 500 906 543 cum
949 501 1013 542 ea
1048 486 1114 542 de
1161 501 1347 553 causa,
1379 495 1492 544 tum
1528 490 1598 544 ob
1629 491 1875 561 pecunia:

2004 495 2170 563 ›οιτᾷν
2215 495 2343 557 τοὺς
2390 495 2641 567 συνήθεις
2677 496 2801 558 τοὺς
2826 496 2919 550 τοῦ
2980 499 3204 564 παιδὸς,
3246 501 3331 555 ίνα
3390 502 3466 572 μὴ
3506 501 3576 557 δι’

294 581 533 648 inopiam
574 578 830 643 amictus,
895 576 950 631 in
1007 575 1251 634 Judazam
1313 580 1475 635 rediit
1517 599 1529 635 :
1576 591 1632 636 et
1686 597 1812 636 cum
1851 598 1882 637 a

2004 584 2174 639 ιύτῶν
2205 587 2286 648 είς
2316 586 2623 657 ἀνάμνησιν
2652 588 2866 642 ἐκείνου
2901 589 3016 655 ἰὼν,
3060 593 3139 655 είς
3170 593 3350 663 λύπην
3383 596 3576 665 ἀνερε-

294 673 484 726 multis
513 670 892 728 creditoribus
921 685 996 726 aes
1025 671 1265 726 alienum
1297 673 1698 743 repetentibus,
1726 689 1884 728 num-

2004 675 2230 746 ἱίζηται.
2252 677 2354 730 Διά
2384 695 2445 730 τε
2497 679 2628 746 γοῦν
2659 682 2840 743 τοῦτο,
2866 684 2960 734 καὶ
2986 683 3068 736 ὅτι
3104 685 3405 754 χρημάτων
3436 688 3580 758 ἠπό-

293 764 399 818 mis
424 766 652 818 omnino
682 764 980 819 destitutus
1015 774 1330 834 urgeretur,
1387 765 1454 820 de
1491 766 1744 822 manibus
1777 766 1883 822 sibi

2004 784 2183 838 οησεν,
2209 769 2288 829 είς
2317 769 2582 822 Ἰουδαίαν
2627 773 3003 843 κακοπραγῶν
3061 776 3388 845 ἐπανῆλθεν.
3414 780 3580 834 Ἀπο-

295 857 398 926 ipsi
451 856 750 911 aﬂerendis
809 856 1090 925 cogitavit.
1128 856 1183 910 Id
1233 858 1356 928 ejus
1399 857 1693 913 consilium
1745 874 1884 913 uxor

2004 855 2139 910 είσαι
2168 856 2225 909 δὲ
2249 857 2344 910 καὶ
2370 859 2484 922 τοῖς
2515 859 2824 926 δανεισταῖς
2848 864 2950 926 τὰς
2966 864 3189 932 ὀφειλάς
3225 865 3580 938 βιαζόμενος,

296 949 513 1020 Cyprus
557 948 972 1011 animadvertit,
1005 948 1254 1004 Phasaeli
1297 949 1428 1012 ﬁlia,
1476 949 1709 1006 Herodis
1739 952 1884 1022 regis

2004 946 2212 1010 πολλοῖς
2242 945 2388 1016 οὖσι,
2415 951 2507 1003 καὶ
2539 950 2614 1020 μὴ
2638 950 2800 1021 έχων,
2823 954 2902 1016 είς
2957 953 3168 1010 ἔννοιαν
3222 953 3388 1028 ἦλθεν
3415 960 3580 1012 αύτο-

297 1057 368 1096 ex
414 1041 584 1095 fratre
635 1039 856 1111 nepotis
905 1049 1054 1106 nata,
1111 1057 1178 1096 ex
1231 1041 1608 1113 Salampsione
1654 1043 1887 1100 llerodis

298 1130 433 1194 ﬁlia,
479 1146 642 1200 quam
683 1147 750 1185 ex
809 1130 1123 1184 Mariamme
1169 1131 1238 1184 ab
1287 1132 1425 1202 ipso,
1460 1143 1520 1188 ut
1575 1133 1885 1204 expositum

297 1230 402 1288 est,
453 1221 634 1280 occisa
682 1232 1023 1291 susceperat.
1072 1222 1198 1278 Haec
1247 1223 1414 1292 igitur
1445 1223 1654 1295 Cyprus
1701 1225 1886 1280 mariti

299 1321 499 1368 conatu
528 1313 785 1378 inhibito,
819 1315 1114 1369 Herodiadi
1141 1317 1342 1370 llerodi
1369 1318 1656 1373 tetrarchae
1680 1329 1882 1388 nuptae,

303 1405 556 1476 Agrippa:
593 1408 791 1472 sorori,
836 1407 1020 1462 fratris
1051 1409 1362 1464 institutum
1397 1410 1648 1474 nuntiat,
1692 1420 1888 1480 petens

303 1509 366 1552 ut
395 1499 636 1568 adjuvet,
669 1499 1040 1569 maritumque
1069 1499 1136 1554 ad
1172 1515 1331 1569 opem
1374 1501 1654 1556 ferendam
1689 1503 1890 1556 exhor-

305 1597 472 1645 tctur.
507 1589 588 1643 Illi
620 1605 751 1644 vero
787 1591 837 1646 ei
869 1590 1220 1645 Tiberiadem
1253 1591 1608 1648 habitandam
1646 1591 1889 1647 tradide-

304 1691 456 1746 runt,
510 1682 784 1753 assignata
827 1681 993 1738 etiam
1042 1684 1278 1753 pecunia
1310 1683 1457 1739 unde
1489 1684 1723 1740 viveret.
1773 1683 1890 1739 Ali-

302 1784 512 1842 quanto
571 1786 692 1844 post
740 1773 982 1843 Agrippa
1023 1774 1403 1829 controversia
1449 1775 1594 1829 inter
1622 1775 1803 1846 ipsum
1833 1783 1891 1830 et

1996 1035 2236 1108 χειρίας.
2255 1039 2469 1109 Συνῆκε
2502 1039 2560 1093 δέ
2582 1043 2640 1094 τὸ
2663 1044 2904 1113 ἐννόημα
2922 1048 2956 1114 ἡ
2974 1045 3114 1116 γυνὴ
3139 1047 3308 1101 αὑτοῦ
3329 1048 3578 1119 Κύπρος,

1994 1131 2029 1201 ἢ
2061 1127 2312 1202 θυγάτηρ
2341 1127 2408 1204 ἦν
2442 1134 2752 1204 Φασαήλου,
2778 1137 2874 1191 τοῦ
2920 1139 3320 1206 ἀδελφόπαιδος
3360 1145 3454 1197 τοῦ
3481 1145 3582 1214 βα-

1993 1219 2188 1286 σιλέως
2212 1221 2474 1292 Ἡρώδου,
2496 1227 2561 1278 ἐκ
2580 1225 2932 1297 Σαλαμψιοῦς
2949 1230 3100 1301 αύτῷ
3115 1232 3462 1301 γεννηθεῖσα,
3482 1234 3581 1303 τῆς

2007 1310 2251 1383 Ἡρώδου
2313 1313 2606 1385 θυγατρὸς,
2654 1317 2722 1386 ἢν
2759 1318 2920 1387 ἔσχεν
2973 1322 3038 1374 ἐκ
3089 1322 3326 1394 Μαριάμ
3354 1325 3455 1394 τῆς
3488 1324 3581 1378 ὑπ’

1996 1401 2211 1456 ἐκείνου
2264 1402 2644 1475 ἀνῃρημένης,
2680 1404 2756 1470 ὡς
2818 1405 3154 1476 δεδιήγηται.
3194 1409 3343 1480 Αὕτη
3378 1411 3510 1478 γοῦν
3547 1412 3581 1480 ἡ

1999 1491 2226 1561 Κύπρος
2241 1491 2374 1564 (66),
2397 1494 2723 1548 συνοικοῦσα
2739 1496 2816 1566 τῷ
2834 1495 3144 1569 Ἀγρίππα,
3167 1500 3263 1554 καὶ
3278 1501 3582 1571 αἰσθομένη

1999 1581 2062 1636 τὸ
2097 1581 2396 1652 βούλευμα,
2448 1585 2683 1654 ἀπεῖργε
2744 1584 2937 1639 τοῦτον
2988 1588 3584 1661 αὑτοῦ.Διαπέμπεται

1995 1675 2054 1729 δὲ
2109 1675 2248 1747 πρὸς
2289 1675 2593 1746 Ἡρωδιάδα
2640 1678 2743 1748 τὴν
2795 1677 2874 1748 τῷ
2908 1679 3187 1752 τετράρχῃ
3219 1683 3579 1737 συνοικοῦσαν

2014 1767 2248 1842 Ἡρώδῃ,
2297 1768 2583 1841 Ἀγρίππα
2626 1771 3006 1840 τυγχάνουσαν
3041 1773 3304 1844 ἀδελφὴν,
3345 1775 3585 1845 δηλοῦσα

302 1842 584 1921 11ειιοόοηι
605 1875 748 1928 orta,
783 1842 848 1919 ad
873 1842 1125 1920 Flaccum
1151 1865 1320 1936 Syriae
1346 1842 1888 1938 praetorem—migrat,

2004 1859 2096 1930 τὴν
2156 1859 2366 1915 ἔννοιαν
2411 1860 2506 1914 τοῦ
2549 1861 2849 1930 συγγόνου,
2914 1866 3010 1918 καὶ
3065 1842 3284 1936 βοηθεῖν
3324 1842 3579 1934 ἀξίοῦσα,

303 1975 332 2013 a
373 1974 484 2028 quo
527 1958 597 2012 ob
641 1957 1067 2012 familiaritatem
1113 1959 1301 2012 Romze
1342 1968 1682 2014 contractam
1713 1961 1890 2016 amice

302 2058 388 2103 est
437 2057 750 2116 susceptus.
793 2046 901 2101 Sed
957 2063 1058 2116 per
1110 2046 1296 2103 fratris
1342 2049 1666 2114 Aristobuli,
1712 2066 1742 2105 a
1781 2066 1892 2121 quo

303 2139 626 2204 dissidebat,
669 2140 972 2194 calumnias
1014 2138 1193 2194 Flacci
1247 2140 1551 2196 inimicitiis
1595 2145 1888 2214 susceptis,

305 2233 438 2288 inde
461 2233 688 2304 cjectus,
717 2242 772 2288 et
804 2233 870 2287 ad
899 2241 1198 2288 extremam
1239 2234 1478 2303 inopiam
1514 2234 1790 2302 redactus,
1833 2237 1890 2290 in

305 2325 516 2380 Italiam
551 2325 808 2396 navigare
850 2325 1062 2391 statuit,
1095 2341 1159 2380 ac
1197 2325 1464 2397 Marsyam
1499 2326 1757 2381 libertum
1793 2326 1893 2381 ali-

307 2417 490 2472 cunde
521 2427 766 2472 mutuam
802 2433 1024 2474 sumere
1060 2418 1350 2488 pecuniam
1376 2417 1560 2488 jussit.
1593 2416 1643 2472 ls
1669 2417 1891 2474 Petrum

247 2535 272 2578 -_
307 2507 602 2564 Berenices
659 2507 915 2578 Aprippze
964 2509 1154 2564 matris
1201 2507 1462 2562 libertum
1516 2507 1650 2574 adit,
1707 2523 1737 2562 a
1779 2523 1890 2578 quo

311 2600 552 2670 Agrippa
587 2599 895 2672 syngrapha
924 2599 1046 2654 data
1076 2599 1144 2655 de
1193 2615 1262 2653 xx
1299 2599 1540 2654 millibus
1583 2599 1886 2655 Atticarum

307 2689 719 2749 drachmarum.
761 2688 848 2743 bis
878 2689 1026 2743 mille
1059 2697 1114 2743 et
1155 2704 1187 2742 ι)
1216 2689 1398 2744 minus
1433 2690 1696 2759 acceptis,
1739 2689 1893 2744 navi-

308 2788 556 2851 gaturus,
585 2781 654 2836 ab
678 2779 953 2836 Herennio
981 2779 1246 2850 Capitone
1271 2780 1509 2836 Jamneze
1530 2791 1890 2851 procuratore

307 2873 795 2944 manerejubetur,
815 2873 943 2926 dum
970 2887 1064 2927 ccc
1094 2872 1264 2927 millia
1297 2874 1532 2943 argenti,
1551 2889 1672 2944 qua:
1687 2874 1890 2930 Caesari

308 2963 560 3028 deberet,
587 2965 842 3020 solveret.
874 2964 967 3018 Ille
995 2979 1052 3018 se
1073 2961 1578 3034 obtemperaturum
1601 2965 1891 3030 simulans,

2005 1951 2100 2005 καὶ
2133 1950 2223 2004 τδν
2239 1952 2440 2006 οἰκεῖον
2470 1952 2642 2023 ἄνδρα
2674 1953 2812 2024 πρὸς
2865 1955 3189 2026 ἐπικουρίαν
3227 1958 3583 2028 παρακαλεῖν.

2005 2045 2070 2098 Οί
2101 2044 2158 2098 δὲ
2207 2044 2658 2115 μετεπέμψαντό,
2681 2063 2740 2099 τε
2771 2047 2960 2109 αὑτὸν,
2993 2051 3086 2102 καὶ
3114 2051 3436 2120 οἰκητήριον
3486 2051 3586 2122 τὴν

2005 2136 2305 2207 Τιϐεριάδα
2355 2137 2646 2205 δεδώκασι,
2671 2137 2765 2191 καί
2791 2156 2842 2192 τι
2875 2143 2968 2193 καὶ
3003 2141 3267 2212 ἀργύριον
3305 2143 3586 2209 ἀπέταξαν

2003 2229 2152 2300 αὐτῷ
2181 2230 2261 2292 είς
2291 2229 2390 2300 τὴν
2423 2229 2662 2286 δίαιταν.
2687 2229 2846 2284 Μετά
2874 2232 3066 2302 καιρὸν
3104 2232 3160 2286 δὲ
3193 2233 3463 2303 διαφορᾶς
3493 2253 3586 2303 γε-

2003 2321 2237 2392 νομένης
2296 2321 2515 2392 Ἡρώδῃ
2548 2339 2607 2376 τε
2641 2323 2736 2375 καὶ
2781 2323 3086 2394 Ἀγρίππᾳ,
3145 2325 3283 2395 πρὸς
3340 2327 3590 2381 Φλάκκον

2004 2414 2203 2484 Συρίας
2228 2414 2532 2485 ἡγούμενον
2561 2415 2589 2467 6
2625 2415 2940 2484 Ἀγρίππας
2991 2416 3344 2487 μεθίσταται,
3397 2419 3588 2489 φιλίως

2004 2507 2070 2559 ἐκ
2112 2505 2334 2577 Ῥώμης
2365 2506 2505 2577 πρὸς
2561 2506 2726 2559 αὐτὸν
2753 2507 3124 2575 διακείμενον,
3155 2509 3318 2562 κάκεῖ
3349 2511 3590 2581 διέτριϐε

1998 2597 2295 2668 δεξαμένου
2348 2597 2442 2652 τοῦ
2489 2597 2758 2653 Φλάκκου.
2802 2599 2896 2651 Ὠν
2924 2597 2979 2651 δὲ
3013 2600 3128 2652 ἐκεῖ
3157 2600 3253 2653 καὶ
3281 2601 3309 2653 6
3358 2601 3588 2670 Ἀγρίπ-

2000 2707 2106 2745 που
2163 2689 2392 2758 ἀδελφὸς
2447 2689 2884 2761 Ἀριστόϐουλος,
2943 2690 3335 2763 διαφερόμενός
3398 2707 3458 2745 τε
3513 2691 3590 2762 τῷ

2003 2781 2220 2852 ἀδελφῷ
2246 2781 2522 2845 διαϐολαῖς
2545 2781 2710 2835 αὐτὸν
2739 2782 2876 2852 πρὸς
2897 2781 3146 2836 Φλάκκον
3181 2782 3589 2854 ἐξεπολέμωσε,

1999 2873 2098 2928 καὶ
2127 2873 2410 2937 ἐξωθεῖται
2439 2873 2652 2927 ἐκεῖθεν
2683 2859 3014 2944 Ἇγρίππας.
3051 2875 3110 2928 '0
3145 2874 3222 2940 δὲ,
3255 2875 3334 2938 είς
3357 2876 3590 2946 ἐσχάτην

2001 2967 2266 3036 περιστὰς
2289 2965 2549 3036 ἀπορίαν,
2574 2967 2653 3028 είς
2684 2965 2919 3019 Ἰταλίαν
2942 2965 3167 3020 ἐκπλεῖν
3193 2965 3466 3033 ἐϐούλετο,
3495 2966 3592 3021 καὶ

308 3064 474 3111 noctu
505 3057 700 3111 solvit:
731 3064 788 3110 et
817 3055 1201 3110 Alexandriam
1227 3055 1528 3125 profectus,
1559 3056 1627 3110 ab
1649 3057 1894 3111 Alexan-

2004 3054 2154 3125 ἠξίου
2191 3053 2462 3126 Μαρσύαν
2494 3053 2660 3108 αὑτοῦ
2709 3053 3078 3126 ἀπελεύθερον
3120 3057 3385 3128 χρήματά
3414 3057 3464 3110 oi
3494 3075 3592 3110 πο-

309 3149 409 3202 dro
440 3149 750 3206 Alabarcbo
771 3164 833 3203 cc
861 3149 1029 3202 millia
1069 3157 1263 3202 mutuo
1289 3148 1446 3218 petit.
1475 3148 1582 3214 Qui
1607 3148 1698 3203 illo
1723 3163 1888 3218 repu-

2005 3147 2151 3216 ρίσαι
2179 3147 2344 3201 ποθὲν
2368 3146 2781 3216 δανεισάμενον.
2829 3147 3070 3212 Ἐκεῖνος
3100 3147 3156 3201 δέ
3184 3147 3376 3219 Πέτρῳ
3418 3149 3592 3219 πρόσ-

311 3239 482 3304 diato,
517 3255 637 3295 eam
683 3239 976 3309 pecuniam
1007 3236 1188 3309 Cypro
1233 3239 1352 3310 ejus
1397 3239 1554 3294 uxori
1604 3255 1729 3294 cum
1775 3254 1906 3310 pro-

310 3342 436 3402 pter
488 3333 831 3404 conjugalem
881 3347 1148 3398 amorem,
1198 3343 1315 3387 tum
1357 3331 1428 3387 ob
1483 3333 1644 3404 273
1675 3342 1905 3389 caeteras

311 3425 434 3495 ejus
463 3423 700 3479 virtutes
727 3423 899 3480 dedit.
926 3423 1042 3491 Qua
1065 3432 1312 3495 accepta,
1339 3427 1578 3496 Agrippa
1608 3427 1662 3481 in
1694 3427 1905 3482 Italiam

310 3511 613 3581 profectus,
667 3511 847 3583 Cypro
901 3528 1026 3568 cum
1091 3513 1208 3569 suis
1286 3514 1480 3571 liberis
1541 3515 1595 3570 in
1657 3516 1906 3573 Judaeam

314 3609 629 3669 reversafa
664 3604 878 3660 Casare
929 3606 1244 3662 humaniter
1274 3609 1565 3678 excipitur.
1599 3611 1705 3666 Sed
1747 3611 1909 3682 Capi-

313 3695 461 3750 tonis
513 3694 775 3751 Herennii
816 3696 1023 3753 litteris
1065 3697 1245 3754 allatis
1301 3708 1362 3754 ut
1414 3699 1599 3773 fugam
1648 3703 1904 3773 cepisset,

315 3801 442 3840 cum
496 3802 590 3841 ccc
648 3786 821 3842 millia
881 3787 1008 3843 reris
1071 3789 1236 3844 alieni
1285 3790 1354 3846 ab
1403 3807 1470 3847 eo
1519 3804 1903 3863 poscerentur,

314 3878 498 3932 Czesar
532 3875 726 3941 iratus,
780 3892 890 3931 non
923 3877 1077 3948 prius
1107 3878 1158 3932 ei
1202 3879 1412 3934 aditum
1457 3881 1522 3934 ad
1559 3897 1618 3936 se
1661 3883 1906 3952 permitti

316 3968 502 4039 jussit,
526 3983 691 4038 quam
716 3983 834 4023 eam
858 3968 1150 4039 pecuniam
1177 3979 1538 4026 numerasset.
1570 3970 1686 4038 Qua
1714 3982 1906 4028 mutuo

319 4070 536 4130 sumpta
566 4069 623 4115 et
654 4061 946 4127 dissoluta,
978 4077 1172 4116 rursus
1206 4060 1414 4118 Tiberii
1434 4064 1613 4118 aulam
1647 4063 1906 4134 frequen-

318 4151 479 4206 tavit.
502 4151 609 4206 Sed
646 4167 675 4206 a
709 4151 925 4208 Caesare
948 4168 1007 4209 se
1037 4154 1106 4209 ad
1145 4168 1306 4208 suum
1346 4163 1602 4225 nepotem
1629 4156 1904 4223 conferre,

316 4258 556 4315 eumque
613 4246 795 4300 colere
846 4247 1054 4317 jussus,
1106 4250 1280 4318 magis
1333 4263 1463 4319 erga
1517 4247 1712 4335 Caium
1775 4265 1906 4320 pro-

317 4352 522 4406 pensus
591 4337 718 4405 fuit,
789 4339 1045 4394 Antonize
1119 4349 1400 4409 nepotem,
1457 4340 1774 4397 Germanici
1849 4352 1906 4398 et

317 4427 554 4493 Claudii,
595 4430 690 4500 qui
736 4439 856 4499 post
879 4429 1070 4486 Caium
1103 4431 1412 4501 imperavit,
1447 4433 1641 4488 matris
1672 4452 1685 4487 :
1720 4441 1777 4488 et
1807 4433 1905 4488 ob-

2004 3255 2143 3292 εισιν
2170 3238 2520 3310 ἀπελευθέρῳ
2565 3237 2863 3309 Βερενίκης
2892 3239 2990 3310 τῆς
3018 3237 3328 3309 Ἀγρίππου
3358 3242 3589 3310 μητρὸς,

2003 3328 2098 3384 καὶ
2129 3331 2158 3384 6
2189 3330 2398 3400 Πέτρος
2454 3329 2792 3400 συμϐόλαιον
2845 3329 3000 3400 ἔλεγε
3046 3331 3420 3402 ποιηιάμενον
3475 3332 3590 3386 δύω

2006 3418 2287 3490 μυριάδων
2311 3418 2572 3472 Ἀτθίδων
2601 3419 2788 3474 λαϐεῖν
2843 3419 2946 3484 τάς
2996 3422 3287 3492 μυριάδας,
3319 3440 3592 3476 πεντακο-

2006 3509 2150 3574 σίαις
2182 3510 2276 3564 καὶ
2305 3509 2597 3580 δισχιλίαις
2622 3510 3052 3581 ἐλασσουμένας.
3079 3513 3188 3566 Kal
3217 3514 3245 3566 6
3277 3513 3590 3584 Ἀγρίππας

2005 3603 2278 3669 συνέθετο,
2301 3603 2396 3656 καὶ
2427 3601 2608 3656 λαϐὼν
2640 3603 2700 3656 τδ
2743 3603 3010 3675 δάνεισμα
3031 3603 3300 3659 ἀποπλεῖν
3336 3605 3588 3676 ἔμελλεν.

2017 3692 2296 3766 Ἐρρένιος
2325 3693 2382 3746 δὲ
2432 3692 2721 3759 Καπίτων,
2757 3695 3035 3765 Ἰαμνείας
3083 3695 3403 3768 ἐπίτροπος,
3431 3698 3590 3768 τριά-

2005 3802 2175 3840 κοντα
2213 3785 2487 3857 μυριάδας
2513 3785 2784 3857 ἀργυρίου
2840 3787 3202 3859 ὀφειλομένας
3233 3788 3311 3859 τῷ
3341 3787 3592 3860 Καίσαρι

2003 3877 2280 3950 ἔπραττεν
2312 3879 2401 3931 ἐπ’
2434 3878 2624 3944 αὑτοῦ,
2654 3879 2750 3934 καὶ
2773 3878 2860 3933 διὰ
2886 3879 3049 3934 τοῦτο
3093 3881 3278 3950 μένειν
3314 3881 3567 3934 ἐκέλευεν

2002 3971 2320 4044 Ἀγρίππας
2351 3971 2429 4039 δὲ,
2460 3972 2978 4043 προσποιησάμενος
3033 3972 3342 4039 πείθεσθαι,
3396 3975 3588 4040 νυκτὸς

2003 4061 2197 4132 ᾤχετο.
2227 4061 2339 4116 Kal
2377 4059 2765 4124 καταπλεύσας
2803 4063 2885 4126 είς
2949 4061 3390 4132 Ἀλεξάνδρειαν,
3423 4062 3589 4116 Ἀλεο

2005 4152 2232 4224 ξάνδρου
2258 4149 2546 4204 δεῖταιτοῦ
2589 4149 2954 4221 ’Δλαϐάρχου,
2986 4150 3256 4222 μυριάδας
3285 4151 3460 4204 είκοσι
3498 4152 3595 4206 δά-

2005 4261 2147 4300 νειον
2181 4245 2331 4315 αὐτῷ
2357 4244 2682 4313 παρασχεῖν.
2703 4243 2762 4296 '0
2795 4243 2840 4312 δ’
2865 4242 3061 4314 ἐκείνῳ
3092 4241 3192 4313 μὲν
3219 4243 3320 4294 οὐκ
3343 4242 3432 4310 ἂν,
3461 4242 3588 4311 ἔφη,

2008 4336 2343 4407 παρασχεῖν,
2400 4333 2614 4404 Κύπρῳ
2647 4332 2703 4386 δὲ
2751 4335 2819 4403 τῇ
2874 4331 3041 4386 αὑτοῦ
3083 4333 3305 4400 γυναικὶ
3358 4335 3593 4404 παρεῖχε

2004 4426 2092 4480 διά
2125 4443 2184 4480 τε
2214 4424 2314 4496 τὴν
2337 4423 2658 4493 φιλανδρίαν
2679 4422 2850 4494 αὐτῆς
2908 4423 3002 4476 καὶ
3019 4421 3118 4491 τὴν
3141 4423 3338 4494 λοιπὴν
3364 4423 3591 4494 ἀρετήν.

320 4522 594 4575 servantia
641 4538 740 4576 sua
766 4521 884 4576 Caii
921 4538 1050 4592 erga
1091 4537 1148 4578 se
1188 4538 1430 4578 amorem
1463 4525 1720 4580 emeruit.
1767 4523 1897 4579 Cum

2007 4517 2326 4588 Δεξαμένης
2353 4516 2411 4570 δὲ
2449 4515 2511 4569 τὸ
2539 4514 2750 4569 δάνειον
2804 4514 3046 4586 ἐκείνης,
3076 4516 3105 4568 6
3141 4514 3242 4586 μὲν
3285 4515 3594 4587 Ἀγρίππας

320 4620 506 4665 autem
539 4612 833 4681 aliquando
865 4591 1010 4668 inter
1041 4613 1422 4682 prodeundum
1457 4615 1665 4670 Tiberii
1698 4618 1897 4672 mentio

2009 4611 2090 4673 εἰς
2129 4607 2361 4663 Ἰταλίαν
2387 4607 2722 4672 ἀπέπλευσε,
2747 4605 2974 4676 Κύπρος
2999 4605 3058 4659 δὲ
3085 4607 3223 4677 μετά
3253 4607 3363 4662 τῶν
3387 4607 3596 4661 τέκνων

321 4700 631 4764 incidisset,
687 4709 854 4770 atque
897 4701 1141 4773 Agrippa
1194 4705 1306 4759 Deo
1356 4705 1608 4760 invocato
1638 4716 1902 4776 optasset,

321 4802 385 4847 ut
425 4794 679 4849 Tiberius
717 4793 851 4848 Caio
875 4810 1038 4864 quam
1085 4795 1324 4864 primum
1356 4798 1588 4867 imperio
1635 4800 1857 4853 cederet
1889 4818 1902 4856 :

321 4887 606 4956 Eutychus
685 4886 939 4951 libertus,
999 4889 1069 4944 iis
1140 4891 1388 4960 Agrippa:
1445 4889 1628 4944 verbis
1682 4889 1906 4956 auditis,

322 4978 594 5035 Caesarem
639 4980 799 5046 adiit,
835 4989 896 5034 ut
949 4982 1309 5036 nuntiaturus
1359 4982 1566 5052 aliquid
1627 4983 1777 5052 quod
1835 4981 1905 5036 ad

325 5070 558 5125 salutem
586 5072 708 5141 ejus
744 5071 1069 5141 pertineret.
1103 5073 1199 5128 llle
1224 5088 1352 5128 vero
1387 5082 1449 5127 ut
1484 5073 1668 5128 lentus
1696 5082 1817 5128 erat
1852 5073 1909 5128 in

329 5161 496 5215 rebus
530 5163 810 5228 omnibus,
844 5178 941 5218 eos
978 5165 1145 5219 etiam
1179 5163 1542 5232 despiciebat,
1573 5164 1668 5233 qui
1704 5163 1912 5234 aliquid

2005 4703 2086 4765 εἰς
2131 4699 2389 4756 Ἰουδαίαν
2422 4697 2703 4766 ἀνέζευξε.
2731 4699 2840 4752 Kal
2885 4699 3126 4770 Καίσαρι
3154 4699 3390 4772 Τιϐερίῳ
3418 4716 3596 4770 προσ-

2010 4794 2205 4862 ελθὼν,
2260 4792 2665 4864 φιλανθρώπως
2697 4790 2916 4863 ἐδέχθη.
2939 4792 3168 4864 Γραφῆς
3195 4792 3251 4845 δὲ
3281 4791 3377 4846 τοῦ
3421 4792 3598 4846 Καπί.

2011 4905 2182 4952 τωνος
2225 4885 2505 4958 Ἐῤῥενίου
2553 4884 2917 4956 κομισθείσης
2941 4884 3019 4955 τῷ
3053 4885 3321 4956 Καίσαρι,
3348 4885 3422 4948 ὡς
3455 4886 3597 4938 ἀπέ.

2010 4982 2112 5052 δρα
2172 4979 2483 5050 Ἀγρίππας
2536 4977 2842 5047 τριάκοντα
2907 4976 3174 5047 μυριάδας
3221 4978 3596 5048 πραττόμενος

2012 5071 2246 5133 δάνειον,
2275 5067 2524 5140 ὠργίσθη
2550 5082 2565 5097 ⁸
2592 5068 2689 5120 καὶ
2723 5066 2798 5137 μὴ
2846 5067 3252 5139 συγχωρεῖσθαι
3305 5068 3456 5138 αὐτῷ
3497 5069 3596 5138 τὴν

2016 5162 2156 5234 πρὸς
2184 5160 2348 5214 αὐτὸν
2377 5159 2669 5212 ἐκέλευσεν
2701 5157 2930 5222 εἴσοδον,
2957 5157 3087 5229 ἄχρι
3117 5158 3181 5230 δὴ
3204 5159 3264 5212 τὸ
3292 5160 3455 5229 χρέος
3493 5177 3596 5212 κα-

328 5253 476 5321 quod
534 5255 704 5323 ipsius
754 5255 1066 5317 interesset,
1117 5254 1485 5309 nuntiabant:
1519 5269 1703 5324 neque
1745 5255 1897 5310 etiarr

2021 5251 2270 5307 ταϐαλεῖ.
2309 5250 2368 5304 '0
2393 5249 2470 5313 δέ,
2505 5244 2925 5317 δανεισάμενος,
2951 5246 3182 5300 ἀπέδοτο
3209 5246 3271 5299 τὸ
3300 5246 3596 5316 ὀφείλημα,

330 5349 525 5419 legatis
564 5351 818 5406 celeriter
855 5348 1244 5420 respondebat,
1278 5363 1348 5403 ne
1375 5348 1458 5403 eis
1490 5349 1601 5404 cito
1633 5348 1913 5418 digressis,

2023 5346 2120 5400 καὶ
2165 5339 2322 5405 αὖθις
2355 5341 2523 5412 εἰσῄει
2550 5338 2688 5409 πρὸς
2739 5337 2832 5390 τὸν
2875 5337 3152 5409 Τιϐέριον.
3181 5339 3292 5392 Kal
3326 5340 3354 5391 6
3379 5339 3598 5406 Καῖσαρ

333 5441 424 5494 alii
480 5441 584 5494 sibi
632 5442 913 5511 negotium
958 5441 1312 5495 facesserent.
1366 5440 1552 5505 Neque
1599 5440 1831 5496 ducibus
1860 5457 1890 5495 e

2023 5435 2280 5490 ἐκέλευεν
2306 5432 2468 5486 αὐτὸν
2500 5427 2578 5500 τῷ
2609 5427 2788 5498 υἱωνῷ
2814 5428 2983 5483 αὑτοῦ
3014 5430 3482 5501 παρατυγχάνειν,
3505 5429 3596 5482 καὶ

337 5535 788 5601 ιιι“0(·υῐ·;ιι.›1”ἱι›ι18
837 5550 865 5587 a
899 5549 956 5588 se
1005 5532 1184 5587 missis
1211 5545 1560 5590 successores
1590 5533 1776 5598 dabat,
1808 5533 1894 5588 nis

2024 5533 2350 5602 θεραπεύειν
2380 5528 2562 5586 αὐτόν.
2601 5523 2916 5595 ’Λγρίππας
2943 5527 3000 5582 δὲ
3026 5528 3162 5598 πρὸς
3201 5528 3362 5583 Γάϊον
3397 5525 3596 5599 μᾶλλον

1527 5693 1730 5754 νοτία)
1761 5690 2071 5754 lectiones
2103 5696 2164 5752 et
2199 5694 2388 5752 nota).

424 5813 535 5881 (66)
569 5819 730 5889 Αὐτὴ
782 5821 928 5891 γοῦν
991 5824 1028 5892 ἡ
1080 5824 1328 5894 Κύπρις.
1384 5825 1518 5885 Vidi:
1571 5825 1897 5885 observata;

2004 5821 2244 5894 caligcro
2268 5821 2336 5878 ad
2365 5820 2686 5890 Eusebium,
2719 5836 2771 5892 p.
2815 5819 2934 5890 162,
2964 5828 3025 5875 ιισ
3057 5817 3192 5875 edit.
