4074 6434
455 336 562 401 481

1743 348 2159 413 ANNALIUM
2194 347 2340 412 LIB.
2383 347 2482 410 Vl.

3611 362 3726 423 482

447 449 738 516 ἀπίνευεν,
777 450 1067 519 ’Λντωνίας
1121 458 1468 532 τυγχάνοντα
1520 461 1746 524 υίωνδν,
1771 464 1870 532 τῆς
1908 461 2008 531 Γερ

2111 458 2225 521 _illi
2290 457 2676 515 decessissent.
2748 460 2919 533 quue
2987 476 3044 518 se
3096 471 3324 535 prOpter
3386 467 3734 526 subditorum

450 540 685 611 μανικοῦ
727 544 935 614 μητρὸς
964 546 1102 617 (67),
1127 551 1222 603 καὶ
1256 550 1660 614 Κλαυδίου,τοῦ
1703 551 1844 621 μετὰ
1867 551 2033 603 Γάϊον

450 636 918 704 μοναρχήσαντος.
966 639 1172 697 Τοῦτον
1234 644 1582 714 θεραπεύων,
1638 644 1909 715 πεφίλητο
1938 643 2032 697 ὑπ’

445 725 637 780 αὐτοῦ.
664 728 774 781 Καί
802 745 933 782 ποτε
960 734 1362 806 συμπροῖοὗσιν
1391 738 1596 808 ἀμφοῖν
1619 738 1751 809 περὶ
1773 737 2032 809 Τιϐερίου

443 815 602 884 λόγος
628 816 870 885 ἐγένετο.
903 822 1016 875 Καὶ
1044 826 1072 876 ό
1102 823 1444 896 Ἀγρίππας,
1475 827 1809 894 θεοκλυτῶν,
1862 829 2029 897 τάχος

444 907 784 980 ὑπεκστῆναι
824 911 1078 984 Τιϐέριον
1107 917 1207 987 τῆς
1232 919 1407 990 ἀρχῆς
1430 921 1579 992 Γαΐῳ
1602 920 1899 993 ὲπηύχετο.
1921 919 2029 973 Εὕ-

441 1018 603 1070 τυχος
633 1002 693 1056 δὲ
727 1005 1098 1078 ἀπελεύθερος
1125 1010 1435 1083 Ἀγρίππου
1467 1014 1575 1067 τῶν
1605 1014 1782 1083 λόγων
1819 1016 2032 1085 ἀκροα-

445 1094 682 1165 σάμενος
704 1098 947 1172 Καίσαρι
973 1103 1368 1172 πρόσεισιν,ώς
1393 1106 1456 1178 δή
1481 1124 1533 1161 τι
1562 1106 1731 1173 λέξων
1756 1107 1904 1179 αὐτῷ
1927 1124 2032 1162 σω-

441 1187 508 1256 τή
518 1204 652 1257 ριον.
668 1188 730 1243 ὐ
744 1190 802 1243 δὲ
819 1190 1020 1263 βραδὺς
1033 1196 1115 1260 είς
1136 1198 1315 1251 πάντα
1331 1198 1642 1270 γενόμενος.
1657 1201 1749 1253 καὶ
1764 1201 1874 1253 τῶν
1894 1199 2037 1270 ὑπὲρ

440 1279 606 1332 αὐτοῦ
621 1298 672 1334 τι
688 1287 1213 1354 προσαγγελλόντων
1230 1292 1576 1362 κατεφρόνει.
1596 1290 1735 1346 Ούτε
1767 1291 1878 1364 γὰρ
1912 1293 2039 1362 πρέ-

440 1369 597 1424 σϐεσι
618 1374 848 1444 τάχιστα
879 1378 1244 1450 ἐχρημάτιζε,
1266 1382 1462 1453 λέγων,
1491 1384 1577 1438 ἵνα
1603 1385 1678 1454 μὴ
1703 1382 2036 1438 ἐπανιόντων

441 1463 743 1534 συντόμως,
775 1469 1055 1538 προσίοιεν
1070 1470 1286 1545 βτεροι,
1316 1475 1412 1528 καὶ
1436 1473 1593 1546 ὄχλος
1622 1474 1775 1544 αὐτῷ
1797 1473 2032 1542 γένοιτο·

2140 555 2488 609 commodum
2510 555 2689 612 facere
2714 556 2955 623 dicebat,
2983 568 3043 616 ut
3071 560 3436 618 diuturnitate
3464 565 3732 633 temporis

2139 648 2357 716 expleta
2401 650 2659 718 avaritia,
2700 652 2770 707 ad
2820 652 3053 723 injurias
3101 654 3371 710 tardiores
3401 667 3606 712 essent.
3655 658 3738 712 Ac

2143 739 2421 793 vulnerati
2479 740 2730 811 exemplo
2784 742 3069 806 utebatur,
3128 743 3246 813 qui.
3305 760 3434 800 cum
3504 744 3733 815 quidam

2140 827 2520 884 misericordia
2541 840 2741 897 motus,
2762 832 2811 888 ei
2835 845 3076 901 muscas,
3094 834 3234 891 ictus
3252 834 3734 903 circumsidentes,
3804 874 3811 881 -

2140 918 2365 990 abigere
2408 921 2593 988 vellet,
2630 922 2686 977 id
2730 923 3117 995 prohibuerit:
3145 941 3479 998 causamque
3510 938 3735 1000 rogatus
3820 998 3825 1003 γ

2141 1009 2363 1074 dixerit,
2396 1027 2490 1068 eas
2526 1014 2795 1084 sanguine
2819 1015 3027 1085 plenas,
3064 1033 3174 1072 non
3205 1018 3345 1074 adeo
3368 1018 3475 1075 sibi
3533 1023 3734 1077 moles-

2144 1110 2227 1156 tas
2255 1117 2376 1158 esse
2411 1118 2573 1175 :quae
2617 1106 2664 1161 si
2712 1106 3030 1178 abigantur,
3069 1119 3334 1168 venturas
3386 1122 3636 1169 recentes
3676 1124 3734 1169 et
3795 1095 3805 1109 ’

2137 1193 2439 1262 famelicas,
2474 1199 2698 1268 gravius
2728 1200 3046 1257 aﬂlicturas.
3090 1204 3170 1258 Ac
3201 1204 3479 1261 tarditatis
3512 1207 3632 1277 ejus
3671 1207 3730 1261 in

2138 1287 2245 1343 hoc
2274 1304 2475 1359 genere
2505 1290 2638 1346 illud
2678 1304 3062 1361 argumentum
3097 1305 3200 1361 est,
3240 1297 3387 1366 quod
3416 1314 3588 1354 annos
3619 1317 3727 1356 χχιι

2137 1395 2321 1436 rerum
2357 1381 2591 1451 potitus,
2635 1384 2691 1439 in
2731 1384 2974 1441 Judaeum
3001 1387 3143 1442 duos
3171 1390 3437 1445 duntaxat
3467 1392 3727 1461 prmsides

2136 1473 2310 1536 misit,
2338 1473 2567 1530 Gratum
2610 1484 2666 1531 et
2710 1477 2968 1534 Pilatum.
3007 1479 3192 1534 Talem
3243 1482 3409 1552 igitur
3455 1484 3509 1538 in
3556 1485 3726 1541 rebus

437 1550 561 1606 οὔτε
586 1557 695 1626 μὴν
718 1559 956 1630 ἡγεμόσι
984 1560 1080 1616 καὶ
1099 1564 1420 1635 ἐπιτρόποις
1440 1566 1575 1637 παρ’
1599 1565 1766 1620 αὐτοῦ
1788 1564 2008 1618 σταλεῖσ

2134 1567 2396 1622 omnibus
2423 1583 2482 1623 se
2507 1569 2782 1638 praebens,
2813 1586 2912 1627 nec
2949 1573 3259 1645 Eutychum
3301 1575 3494 1630 audire
3526 1578 3723 1632 voluit.

438 1645 723 1719 διαδόχους
741 1651 1190 1723 ἀντικαθίστα,εί
1211 1657 1286 1729 μὴ
1301 1657 1570 1727 φθάσαιεν
1620 1656 2064 1728 τελευτήσαντες.
2107 1655 2281 1711 Τοῦτο
2314 1658 2371 1712 δὲ
2409 1662 2588 1714 ποιεῖν
2610 1659 2817 1732 ἔφασκε
2846 1664 3161 1737 προμηθείᾳ
3183 1665 3293 1719 τῶν
3321 1669 3606 1737 ὑπηκόων,
3636 1671 3724 1724 ῐνα

435 1744 733 1816 αὐτάρκως
788 1748 869 1820 τῷ
897 1751 1079 1824 χρόνῳ
1131 1753 1353 1824 σχόντες
1402 1752 1632 1825 κερδῶν,
1685 1752 2019 1824 ἀμϐλύτεροι
2060 1750 2199 1824 πρὸς
2279 1753 2635 1826 ἀδικήματα,
2665 1750 2796 1814 εἶεν.
2833 1759 3199 1831 Παράδειγμά
3252 1779 3313 1816 τε
3370 1767 3726 1834 τραυματίαν

434 1834 796 1919 πεποίηκέ)
832 1846 988 1913 μυῖαι
1032 1845 1439 1919 περιεκάθηντο
1488 1846 1586 1912 τὰς
1643 1846 1881 1917 πληγὰς,
1929 1845 2021 1900 καί
2092 1862 2179 1910 τις
2228 1846 2517 1918 οἰκτείρων
2572 1849 2759 1918 αὑτὸν,
2835 1850 3130 1907 ἀποσοϐεῖν
3182 1855 3354 1919 αὐτὰς
3404 1856 3719 1929 ἐπεχείρει’

432 1937 843 2007 ἀποτρέψαντος
873 1938 931 1992 δὲ
957 1940 1372 2013 ὲκείνου,ήρετο
1402 1942 1503 2013 τὴν
1538 1942 1718 1996 αἰτίαν
1741 1944 1769 1997 ὁ
1795 1941 2014 1995 διώκειν
2048 1939 2152 2005 τὰς
2214 1942 2380 2012 μυίας
2456 1944 2823 2017 πειρώμενος.
2858 1944 2919 2001 '0
2942 1945 3001 1998 δέ
3039 1962 3103 2015 γε
3150 1950 3523 2018 τραυματίας,
3550 1946 3723 2006 Abeat

434 2026 553 2092 μὲν,
579 2026 938 2097 ἀπεκρίνατο,
965 2027 1060 2082 τοῦ
1089 2029 1321 2098 αἵματος
1346 2030 1772 2100 ἐμπλησθεῖσαι,
1798 2030 1860 2086 οὐ
1901 2028 2043 2084 πάνυ
2085 2047 2176 2100 μοι
2219 2030 2289 2084 δι’
2315 2030 2476 2103 ὄχλου
2506 2032 2647 2085 εἰσίν
2668 2047 2681 2061 ⁸
2710 2034 2763 2086 εί
2793 2032 2839 2086 δ’
2869 2032 3262 2102 ἀποσοϐηθεῖεν
3296 2026 3482 2100 αὗται,
3517 2035 3715 2107 ἥξουσι

431 2118 661 2185 νεαλεῖς,
717 2122 811 2174 καὶ
865 2122 1254 2192 λιμώττουσαι,
1290 2123 1496 2194 μᾶλλον
1555 2141 1622 2195 με
1675 2123 2014 2194 ὀδυνήσουσι.
2062 2124 2174 2193 Τῆς
2219 2124 2276 2179 δὲ
2334 2124 2469 2193 πρὸς
2519 2123 2694 2179 ταῦτα
2747 2124 3081 2196 βραδύτητος
3150 2125 3247 2179 τοῦ
3314 2125 3594 2197 Τιϐερίου,
3622 2135 3720 2185 καὶ

431 2212 552 2265 τοδε
603 2212 929 2286 μαρτύριον,
964 2214 1048 2268 ὅτι
1081 2213 1176 2266 δύο
1208 2213 1304 2268 καὶ
1328 2212 1539 2267 εἴκοσιν
1576 2214 1785 2276 ἀνύσας
1831 2213 1924 2265 ἐπὶ
1986 2214 2053 2283 τῇ
2091 2212 2365 2285 αὐταρχίᾳ
2422 2214 2728 2280 ὶνιαυτοὺς,
2773 2212 2884 2267 δύω
2927 2215 3041 2278 τοῖς
3071 2213 3348 2277 Ἰουδαίοις
3411 2216 3719 2285 ὲξέπεμύεν

438 2306 703 2376 ἄρξοντας
731 2307 828 2362 τοῦ
857 2308 1047 2373 ἔθνους
1072 2308 1276 2374 αὐτῶν,
1294 2308 1505 2380 Γρᾶτον
1537 2325 1596 2364 τε
1629 2310 1723 2364 καὶ
1758 2309 2011 2363 Πιλᾶτον.
2053 2307 2313 2372 Τοιοῦτος
2374 2303 2468 2363 οὖν
2500 2309 2786 2380 τυγχάνων
2846 2309 2905 2363 ὲν
2943 2308 3316 2374 anan-1,00%
3346 2326 3437 2364 τον
3473 2309 3716 2381 Εὕτυχον

431 2401 582 2471 ἠξίου
609 2398 951 2467 ἀκροάσεως.

506 2490 584 2542 H'.
608 2487 925 2560 Ἀγρίππας
952 2487 1011 2542 δὲ
1041 2487 1143 2560 τὴν
1214 2489 1511 2545 ’Λντωνίαν
1555 2490 1792 2554 ίκέτευε,
1847 2508 2008 2563 παρα·

2207 2485 2350 2543 νιιι.
2383 2485 2622 2557 Agrippa
2655 2501 2786 2542 vero
2814 2486 3109 2542 Antoniam
3134 2487 3335 2553 oravit,
3366 2497 3429 2544 ut
3471 2488 3718 2546 elliceret

433 2582 700 2636 σκευάσαι
720 2579 1098 2652 τδνΚαίσαρα,
1128 2581 1505 2652 ἀκροάσασθαι
1531 2580 1626 2637 τοῦ
1658 2584 1923 2653 Εὐτύχου.
1959 2582 2023 2637 'Il
2054 2606 2059 2611 ·

429 2675 475 2729 δ’
501 2674 765 2728 Ἀντωνία
802 2673 892 2728 διὰ
940 2675 1109 2744 τιμῆς
1139 2669 1209 2745 ἦν
1257 2673 1518 2746 Τιϐερίῳ,
1549 2677 1644 2731 καὶ
1676 2674 1754 2739 ὡς
1800 2675 2019 2744 γαμετὴ

429 2766 697 2838 γενομένη
754 2765 994 2838 Δρούσου
1042 2766 1141 2820 τοῦ
1196 2767 1427 2837 ἀδελφοῦ
1483 2768 1672 2834 αὐτοῦ,
1714 2768 1809 2822 καὶ
1836 2766 1925 2820 διὰ
1959 2766 2020 2819 τὸ

432 2860 649 2929 σῶφρον
682 2858 758 2924 ὡς
792 2858 1049 2931 μάλιστα.
1079 2859 1199 2912 Νέα
1221 2857 1333 2929 γὰρ
1368 2858 1790 2930 χηρεύσασα,τῇ
1819 2856 2017 2929 χηρείᾳ

429 2950 756 3023 παρέμεινε,
798 2952 894 3006 καὶ
924 2951 1106 3021 γάμον
1168 2950 1436 3004 ἀπώσατο
1501 2950 1778 3021 δεύτερον,
1810 2951 2016 3018 καίπερ

427 3049 520 3103 τοῦ
558 3045 964 3117 αὐτοκράτορος
994 3045 1157 3099 αὐτὸν
1185 3044 1577 3115 ἐπιτρέποντος
1598 3058 1612 3072 ·
1643 3045 1736 3096 καί
1758 3042 1904 3097 οὕτω
1921 3043 2014 3097 τὶν

428 3140 541 3211 βίον
575 3139 847 3209 διήνυσεν,
875 3137 951 3200 ώς
987 3138 1082 3190 καὶ
1112 3136 1394 3208 λοιδοριῶν
1434 3135 1684 3206 ἀνωτέρα
1729 3136 2008 3201 γενέσθαι.

423 3232 525 3285 Διὰ
573 3232 629 3284 δὲ
681 3229 863 3284 ταῦτα
912 3229 993 3300 τῷ
1046 3228 1288 3300 Τιϐερίῳ
1332 3228 1620 3298 τετίμητο,
1673 3227 1765 3283 καὶ
1798 3228 1881 3281 ὅτι
1917 3228 2013 3281 καὶ

423 3324 702 3395 εὐεργέτις
726 3322 878 3393 αὐτῷ
907 3321 1154 3390 γέγονεν,
1172 3320 1466 3394 ἐπιϐουλὴν
1496 3321 1650 3393 παρὰ
1669 3321 1882 3378 πολλῶν
1911 3322 2009 3377 καὶ

420 3414 656 3467 δυνατῶν
721 3412 1002 3465 συστᾶσαν
1060 3409 1373 3481 μηνύσασα.
1440 3408 1579 3464 Ὑπὸ
1631 3411 1839 3481 ταύτης
1913 3404 2009 3464 οὖν

418 3505 742 3573 ἀξιούμενος
769 3502 1025 3569 ἐξετάσαι
1052 3501 1143 3555 τὸν
1172 3498 1436 3573 Εὔτυχον,
1469 3501 1597 3573 ἔφη,
1625 3503 1923 3557 Ἰστωσαν
1950 3503 2007 3556 οἱ

415 3596 560 3657 θεοί,
579 3595 896 3662 Ἀντωνία,
919 3594 1010 3648 ὅτι
1039 3595 1111 3649 οὐ
1141 3598 1296 3649 κατὰ
1316 3593 1562 3664 γνώμην
1581 3593 1739 3664 ἐμὴν
1767 3595 1840 3651 τὰ
1858 3607 2007 3663 πρα-

416 3689 770 3759 χθησόμενα
799 3686 1068 3753 ἔσονται,
1095 3686 1167 3740 ἐκ
1195 3685 1265 3741 δέ
1289 3703 1355 3758 τε
1385 3685 1506 3755 σῆς
1537 3686 1999 3757 παρακλήσεως.

414 3785 524 3839 Καὶ
585 3783 679 3836 τὸν
736 3781 982 3853 Εὔτυχον
1033 3780 1269 3853 ἀχθῆναι
1299 3779 1537 3845 κελεύει,
1583 3783 1679 3836 καὶ
1710 3780 2001 3851 παραστὰς

2127 2588 2189 2634 ιιι
2221 2579 2505 2650 Eutychus
2555 2595 2584 2633 a
2642 2577 2857 2635 Cresare
2921 2580 3229 2635 audiretur.
3266 2580 3523 2639 Tiberius
3563 2586 3715 2642 enim

2124 2687 2246 2727 eam
2278 2686 2404 2727 cum
2437 2682 2497 2729 ut
2537 2672 2695 2729 Drusi
2728 2671 2917 2727 fratris
2951 2675 3263 2745 conjugem,
3298 2683 3413 2727 tum
3450 2676 3522 2730 ob
3549 2678 3714 2747 pudi-

2123 2764 2310 2819 eitiam
2339 2765 2514 2820 multo
2545 2765 2719 2835 magis
2754 2764 3085 2820 honorabat.
3114 2765 3251 2823 Nam
3284 2780 3407 2819 cum
3450 2770 3711 2826 maritum

2121 2854 2535 2910 adolescentula
2571 2855 2869 2924 amisisset,
2891 2855 3057 2912 vidua
3095 2858 3320 2921 mansit,
3353 2859 3520 2931 274
3542 2876 3711 2932 repu-

2119 2946 2285 3002 diatis
2316 2948 2579 3005 secundis
2612 2948 2843 3017 nuptiis,
2877 2964 3191 3019 quanquam
3224 2951 3291 3005 ad
3326 2968 3421 3006 cas
3452 2952 3710 3011 hortante

2115 3035 2332 3093 Caesare
2370 3054 2386 3092 :
2427 3038 2614 3109 itaque
2639 3039 2808 3093 vitam
2843 3038 3046 3110 exegit,
3077 3049 3138 3094 ut
3168 3040 3311 3094 fama
3342 3044 3409 3096 de
3441 3058 3503 3096 ea
3543 3059 3706 3099 men-

2115 3129 2210 3185 tiri
2236 3139 2543 3185 vereretur.
2575 3130 2711 3183 Erat
2746 3129 2914 3199 igitur
2940 3130 2998 3186 in
3057 3131 3268 3187 honore
3329 3134 3475 3203 apud
3540 3136 3707 3191 Tibe-

2113 3220 2263 3278 rium
2302 3227 2417 3276 tum
2475 3220 2548 3276 ob
2597 3220 2736 3288 haec,
2771 3230 2886 3276 tum
2948 3221 3021 3277 ob
3065 3222 3399 3278 beneficium
3446 3225 3705 3291 iudicatae

2113 3312 2415 3367 multorum
2448 3320 2737 3383 potentum
2763 3312 3211 3383 conspirationis.
3245 3314 3357 3371 Hac
3394 3328 3620 3389 rogante
3643 3331 3705 3376 ut

2109 3403 2421 3475 Eutychum
2445 3402 2838 3460 examinaret:
2894 3403 3074 3460 Testor
3122 3405 3271 3474 deos,
3306 3405 3487 3478 inquit
3537 3409 3703 3466 Tibe-

2107 3496 2252 3557 rius.
2287 3494 2545 3561 Antonia,
2578 3510 2639 3548 ea
2672 3509 2789 3565 qua:
2821 3494 2973 3563 ﬁent,
3011 3511 3115 3551 non
3144 3511 3211 3551 ex
3245 3497 3415 3551 animi
3454 3499 3556 3552 mei
3586 3516 3682 3555 seu

2103 3585 2271 3639 tentia
2304 3583 2487 3653 futura
2518 3599 2647 3650 esse,
2669 3585 2762 3639 sed
2793 3592 3009 3655 propter
3031 3601 3210 3653 preces
3241 3595 3382 3641 tuas.
3411 3587 3491 3642 Ae
3515 3589 3693 3663 Euty-

2102 3677 2269 3734 chum
2300 3676 2498 3733 adduci
2522 3677 2699 3749 jubet.
2740 3677 2791 3733 Is
2821 3676 3002 3733 dixit:
3057 3677 3320 3750 Agrippa,
3380 3695 3410 3734 ο
3466 3682 3697 3748 domine,

2097 3770 2155 3824 in
2179 3769 2438 3839 colloquio
2466 3785 2585 3823 cum
2631 3769 2764 3824 Caio
2787 3771 2921 3825 dixit
2960 3786 2981 3826 :
3024 3770 3241 3826 Utinam
3265 3772 3483 3827 tandem
3517 3776 3697 3829 venias

414 3878 620 3943 ἔλεγεν,
644 3876 721 3939 ὡς
753 3872 943 3940 Γάιος
986 3890 1053 3928 τε
1089 3872 1190 3927 καί
1242 3867 1664 3943 Ἀγρίππιις,ὦ
1707 3871 1998 3940 δέσποτα,

2111 3866 2239 3931 dies,
2271 3882 2378 3936 qua
2394 3880 2554 3920 senex
2582 3865 2683 3919 iste
2713 3864 2990 3932 decedens,
3023 3874 3073 3918 te
3096 3867 3386 3936 principem
3421 3867 3559 3923 orbis
3585 3876 3697 3924 ter-

410 3970 824 4040 συνωιιίλουν.
863 3968 973 4023 Καὶ
1002 3966 1313 4037 Ἀγρίππας
1350 3965 1456 4035 ἔφη
1478 3979 1493 3994 ο
1525 3964 1664 4020 Εἴθε
1715 3966 1826 4035 γὰρ
1858 3965 1995 4035 ἀερί-

410 4061 580 4115 κοιτό
641 4075 788 4113 ποτε
841 4055 1056 4126 ἡμέρα,
1098 4050 1143 4127 ᾖ
1169 4054 1476 4125 μεταστὰς
1517 4049 1698 4121 οὗτος
1728 4059 1759 4107 ό
1785 4054 1996 4123 γέρων,

409 4149 784 4221 χειροτονοίη
816 4163 890 4202 σε
916 4147 1182 4216 ἡγεμόνα
1228 4143 1340 4213 τῆς
1389 4143 1748 4212 οἰκουμένης
1767 4158 1783 4175 ·
1814 4142 1998 4197 οὐδὲν

407 4242 519 4312 γὴρ
544 4240 715 4295 ἔσται
744 4239 891 4309 ἡμῖν
908 4236 1191 4308 ἐμποδὼν
1219 4236 1474 4305 Τιϐέριος
1489 4238 1523 4290 ὀ
1545 4236 1734 4290 αὑτοῦ
1756 4236 1992 4301 υἱωνὸς,

404 4332 528 4386 ὑπὸ
565 4330 683 4385 σοῦ
735 4330 1057 4396 τελευτῶν,
1099 4329 1199 4384 καί
1259 4329 1297 4396 ἢ
1322 4345 1387 4382 τε
1420 4328 1751 4397 οἱκουμένη.
1778 4327 1995 4399 γένοιτ’

408 4424 486 4477 ἂν
533 4423 818 4493 μακαρία,
847 4422 946 4476 καὶ
983 4422 1099 4491 πρὸ
1154 4421 1375 4488 ταύτης
1400 4419 1532 4490 ἐγώ.
1583 4419 1820 4491 Τιϐερίῳ
1855 4420 1912 4475 δὲ
1942 4420 1992 4474 οί

409 4516 564 4583 λόγοι
602 4514 811 4584 ἥγηντο
840 4512 1064 4584 ἀληθεῖς
1083 4527 1097 4542 ·
1127 4512 1246 4583 ἅμα
1271 4511 1327 4564 δὲ
1356 4513 1451 4566 καὶ
1492 4513 1656 4583 μῆνιν
1710 4512 1993 4585 Ἀγρίππᾳ

407 4608 614 4679 τηρῶν,
638 4608 720 4660 ὅτι
756 4606 834 4675 μὴ
864 4604 957 4658 τὸν
994 4603 1192 4657 υἱωνὸν
1240 4603 1410 4657 αὐτοῦ
1439 4600 1768 4674 θεραπεύειν
1793 4604 1990 4670 silem,

405 4699 527 4760 ὅλος
565 4697 623 4750 δὲ
657 4697 927 4767 μετέπεσε
955 4697 1095 4765 πρὸς
1115 4694 1207 4747 τὸν
1236 4694 1425 4761 Γάϊον,
1458 4696 1539 4749 ἐνὶ
1569 4696 1679 4749 τῶν
1707 4712 1992 4766 παρεστη-

404 4790 579 4844 κότων
606 4788 768 4859 δῆσαι
797 4786 963 4841 αὐτὸν
1000 4785 1283 4841 ἐκέλευσε.
1310 4787 1425 4840 Καὶ
1479 4787 1647 4858 ήγετο
1675 4786 1900 4858 δέσμιος
1930 4787 1990 4842 ὲν

404 4881 737 4952 πορφυρίσιν
762 4879 837 4933 ὢν
865 4878 967 4944 ἔτι,
993 4877 1087 4933 καὶ
1117 4877 1225 4950 πρὸ
1265 4877 1362 4933 τοῦ
1413 4877 1688 4949 βασιλείου
1721 4880 1986 4951 εἱστήκει,

400 4973 607 5045 δένδρῳ
644 4972 738 5025 ὑπ’
796 4969 1041 5041 ἀθυμίας
1091 4968 1418 5034 ὲπικλιθείς.
1452 4965 1636 5024 Ἦσαν
1665 4970 1712 5024 δ’
1738 4970 1857 5025 ἐκεῖ
1895 4970 1989 5025 καὶ

402 5066 584 5136 ἕτεροι
610 5065 666 5116 ὲν
698 5063 944 5133 δεσμοῖς,
967 5062 1064 5117 καὶ
1088 5062 1278 5132 ὀρνέου
1317 5061 1455 5132 πρὸς
1485 5060 1546 5114 τὸ
1568 5060 1784 5133 δένδρον
1808 5062 1987 5116 ἐκεῖνο

402 5155 830 5226 καταπταμένου
858 5152 1127 5226 (Βούϐονα
1146 5153 1241 5208 τὸν
1261 5153 1413 5223 ὄρνιν
1443 5152 1709 5222 Ῥωμαῖοι
1732 5152 1980 5221 καλοῦσι)

398 5252 510 5306 τῶν
538 5248 835 5320 δεσμωτῶν
864 5264 948 5312 τις
975 5245 1343 5319 θεασάμενος,
1364 5244 1533 5317 ήρετο
1558 5245 1651 5300 τὸν
1686 5246 1849 5318 αὐτὸν
1882 5262 1981 5317 τη-

401 5344 601 5417 ροῦντα
658 5340 1023 5413 στρατιώτην,
1069 5339 1220 5402 ὅστις
1248 5337 1333 5408 εἴη
1355 5338 1383 5390 ὁ
1415 5339 1473 5390 ὲν
1510 5339 1586 5408 τῇ,
1639 5335 1976 5409 πορφυρίδι*

401 5437 502 5493 καὶ
539 5435 744 5508 μαθὼν,
798 5434 1002 5506 ἠξίωσε
1058 5431 1154 5487 τὸν
1210 5430 1598 5500 συνδεδεμένον
1635 5430 1785 5501 αὐτῷ
1816 5447 1983 5500 στρα-

400 5530 605 5601 τιώτην
628 5528 854 5601 πλησίον
893 5527 1093 5603 ἐλθεῖν,
1117 5526 1212 5582 καὶ
1228 5518 1512 5599 τυχὼν,⁷Ω
1532 5523 1765 5590 νεανία,
1791 5525 1978 5595 φησὶν,

2099 3974 2286 4013 rarum
2306 3957 2540 4028 designet
2570 3957 2592 4011 Ι
2616 3955 2757 4011 Nam
2785 3956 3043 4023 Tiberius,
3075 3958 3191 4028 ejus
3233 3974 3415 4030 nepos,
3468 3962 3694 4031 impedi-

2097 4056 2272 4101 mento
2297 4046 2445 4101 nobis
2464 4045 2607 4101 haud
2635 4044 2814 4116 fuerit,
2839 4046 2886 4100 si
2921 4063 2953 4101 a
2983 4054 3031 4101 te
3069 4044 3316 4103 tollatur.
3358 4048 3487 4103 Tum
3521 4058 3571 4103 et
3602 4066 3694 4104 or-

2096 4137 2174 4192 bis
2191 4147 2455 4191 terrarum
2484 4138 2718 4208 ﬂoreret,
2744 4145 2903 4208 atque
2930 4152 3023 4207 ego
3057 4138 3112 4193 in
3142 4139 3346 4208 primis.
3378 4138 3453 4193 Ea
3508 4140 3680 4197 verba

2095 4229 2323 4289 Tiberio
2350 4244 2482 4285 vera
2518 4244 2641 4285 esse
2675 4228 2828 4296 visa;
2862 4229 3029 4284 simul
3069 4228 3239 4284 etiam
3268 4229 3522 4301 Agrippae
3561 4247 3690 4287 suc~

2094 4321 2376 4385 censebat,
2403 4320 2552 4391 quod
2583 4332 2842 4390 nepotem
2876 4320 3054 4390 ipsius
3079 4321 3265 4377 colere
3297 4322 3586 4387 noluisset,
3626 4331 3686 4378 et

2094 4422 2247 4471 totus
2271 4429 2331 4468 se
2356 4412 2425 4468 ad
2458 4412 2653 4468 Caium
2696 4412 3028 4468 contulisset
3056 4428 3070 4465 :
3105 4428 3348 4483 eumque
3380 4431 3408 4469 a
3440 4415 3685 4485 quodam

2093 4515 2310 4565 astante
2334 4505 2529 4562 vinciri
2554 4506 2738 4577 jussit.
2769 4504 2862 4561 Sic
2901 4505 3015 4572 ille,
3084 4516 3426 4577 purpuratus
3474 4509 3682 4573 adhuc,

2091 4600 2317 4655 vinctus
2341 4597 2660 4654 abducitur.
2694 4598 2764 4653 Et
2801 4597 2932 4652 dum
2968 4608 3096 4654 ante
3128 4598 3336 4669 regiam
3398 4607 3562 4665 astat,
3608 4602 3678 4658 ad

2092 4691 2369 4753 arborem.
2400 4690 2496 4746 ubi
2545 4689 2713 4745 etiam
2756 4689 2852 4745 alii
2898 4690 3071 4746 vincti
3113 4700 3295 4757 erant,
3348 4707 3460 4761 pra:
3510 4694 3683 4749 animi

2090 4783 2419 4856 aegritudine
2466 4781 2784 4848 inclinatus,
2818 4781 2970 4838 bubo
3017 4782 3073 4837 in
3106 4798 3228 4838 eam
3275 4783 3538 4840 devolat:
3569 4800 3682 4857 quo

2091 4877 2440 4948 captivorum
2482 4876 2707 4947 quidam
2772 4886 3094 4946 conspecto,
3132 4874 3365 4936 militem
3424 4875 3680 4948 Agrippa:

2090 4968 2378 5025 custodem
2405 4978 2585 5039 rogat,
2612 4968 2740 5039 quis
2759 4967 2853 5023 ille
2904 4977 3245 5038 purpuratus
3275 4966 3465 5024 esset?
3498 4982 3679 5039 eoque

2089 5062 2330 5132 cognito,
2355 5075 2481 5115 eum
2508 5076 2539 5115 a
2566 5060 2896 5131 concaptivo
2923 5060 3099 5115 milite
3140 5068 3202 5114 ut
3234 5074 3422 5116 secum
3446 5058 3678 5128 propius

2088 5155 2157 5210 ad
2183 5155 2336 5210 illum
2354 5155 2645 5210 accederet
2670 5153 3020 5224 impetrasset
3047 5168 3062 5207 :
3098 5152 3437 5217 Adolescens,
3469 5149 3673 5221 inquit,

2090 5248 2276 5302 nuntio
2305 5249 2397 5301 tibi
2424 5247 2644 5303 celerem
2677 5248 3003 5302 vinculorum
3052 5247 3440 5309 liberationem,
3474 5253 3524 5299 et
3553 5262 3674 5303 ma-

2087 5342 2246 5395 xime
2274 5340 2551 5411 dignitatis
2579 5349 2627 5393 et
2655 5341 2906 5408 potentia:
2944 5338 3301 5409 adeptionem.
3347 5335 3573 5390 Felicem
3632 5337 3673 5393 is

2092 5441 2142 5486 te
2169 5432 2554 5503 prwdicabunt,
2585 5414 2676 5503 qui
2723 5448 2864 5485 nunc
2920 5431 3245 5485 miserantur
3273 5444 3293 5482 :
3318 5430 3376 5483 in
3404 5429 3670 5501 prosperi-

2091 5533 2200 5581 tate
2237 5524 2421 5593 abibis,
2453 5535 2502 5579 et
2541 5540 2663 5595 opes
2700 5526 2803 5580 tuis
2839 5522 3016 5577 liberis
3060 5519 3349 5592 relinques.
3390 5518 3497 5577 Sed
3549 5536 3669 5577 cum

1588 5681 1791 5745 Variis
1835 5681 2141 5745 lectiones
2186 5692 2247 5746 et
2283 5690 2473 5747 notae.

483 5810 599 5881 (67)
648 5809 764 5881 Τῆς
806 5807 1186 5882 Γερμανικοῦ
1231 5808 1476 5881 μητρός.
1524 5805 1774 5864 Colbert.
1814 5806 1993 5887 Ιξερμ.
2035 5803 2178 5862 υἱοῦ.
2230 5886 2233 5889 _
