4074 6388
393 292 502 385 483
1665 306 1992 371 tenuis
2025 307 2348 369 zorzams
3562 309 3670 376 (et

393 436 554 488 istam
588 430 853 488 volucrem
881 430 1052 484 denuo
1077 425 1291 491 videris,
1313 430 1364 478 te
1395 425 1524 478 scito
1547 424 1779 494 quinque
1800 423 1975 476 diebus

2097 417 2448 489 ὶπαλλαγήν
2486 419 2552 473 τέ
2607 432 2707 473 σοι
2735 418 2854 474 τῶν
2883 420 3126 491 δεσμῶν
3155 424 3451 494 ταχίστην
3499 427 3676 497 sitar-

395 534 512 597 ποτε
543 542 653 579 esse
688 527 1025 578 moriturum.
1065 520 1197 575 Cum
1236 527 1414 573 autem
1438 526 1495 570 ut
1523 533 1616 570 nos
1657 517 1748 568 tibi
1787 515 1982 584 prwdi-

2097 509 2402 579 Γελίζομαι,
2430 510 2526 565 καὶ
2551 528 2874 577 προκοπην
2900 513 2998 567 ἐπὶ
3018 515 3322 584 μήκιστον
3343 517 3675 587 ἀξιώματος

381 621 584 686 cimus,
642 617 945 686 fortunatus
1009 613 1193 681 fueris,
1239 612 1402 665 nostri
1463 625 1670 679 quoque
1723 608 1982 660 rationem

2097 601 2182 654 eat
2210 602 2543 673 δυνάμεως,
2562 603 2664 658 καί
2683 605 2764 670 ὠς
2787 603 3050 673 ζηλωτὸς
3101 607 3219 678 ἔσῃ
3254 610 3380 676 τοῖς
3427 610 3559 680 ἄρτι
3589 615 3677 666 οι-

395 711 603 772 Itabeto,
642 717 698 760 ut
731 705 1097 761 calamitatem
1116 722 1234 758 cum
1268 721 1372 775 qua
1404 719 1543 758 nunc
1591 703 1979 772 conﬂictamur,

2097 695 2455 766 κτιζομένας
2484 712 2580 764 σε,
2624 699 2722 752 καί
2758 700 2827 752 ὲν
2855 700 3206 769 εὐδαιμονίᾳ
3267 703 3675 780 τελευτήσεις,

401 801 735 870 (ﬂag-Eamus.
761 797 862 865 Qui
895 797 1010 850 lizec
1038 796 1276 856 dicebat,
1304 804 1418 848 tum
1443 793 1659 848 derisus
1683 792 1786 846 fuit
1815 809 1828 845 :
1861 800 1984 861 post

2097 789 2259 842 παισὶ
2314 791 2423 842 τὸν
2474 789 2662 845 ὄλϐον
2711 790 2929 846 λιπών.
2985 792 3117 846 Ὅτε
3164 794 3217 846 δ’
3261 797 3531 863 εἰσαῦθις
3574 799 3680 851 τὸν

395 890 763 944 admiratione
800 889 1002 959 dignus
1039 900 1126 942 est
1171 887 1415 941 habitus.
1467 885 1705 955 Agrippa
1747 899 1878 938 vero
1928 883 1982 936 in

2097 881 2254 949 Ερνιν
2283 882 2503 936 τοῦτον
2533 882 2802 947 θεάσαιο,
2821 883 2950 939 ἴσθι
2993 901 3112 938 σου
3162 887 3494 953 τηνικαῦτα
3530 890 3681 957 μετὰ

395 981 634 1034 vinculis
657 980 759 1034 fuit
788 980 855 1034 ad
903 994 1120 1034 menses
1170 995 1246 1033 v1.
1303 977 1562 1032 Tiberius
1611 975 1985 1028 invalesceutc

2097 971 2266 1024 πέντε
2324 972 2553 1042 ἡμέρας
2600 973 2906 1043 ἐσομένην
2951 973 3066 1041 τὴν
3117 977 3435 1043 τελευτήν.
3471 978 3684 1031 anm.

396 1071 592 1126 morbo
629 1052 972 1135 debilitatus,
1034 1069 1284 1124 Evodum
1347 1067 1629 1125 libertum.
1672 1080 1835 1134 quem
1870 1079 1986 1117 ma-

395 1165 530 1219 ximi
560 1162 820 1227 faciebat,
855 1163 1059 1216 liberos
1086 1162 1152 1214 ad
1184 1177 1244 1215 se
1268 1159 1543 1214 adducere
1588 1158 1768 1229 jussit.
1804 1165 1863 1210 ut
1891 1170 1988 1211 eos

383 1269 526 1313 ante
556 1257 770 1312 obitum
807 1257 1208 1326 alloqueretur.
1249 1254 1438 1322 Neque
1475 1268 1605 1306 vero
1638 1250 1876 1305 habebat
1917 1249 1987 1303 li-

397 1350 586 1414 beros,
633 1365 759 1403 nam
788 1349 933 1402 [ilius
957 1349 1077 1417 ejus
1103 1348 1312 1400 Drusus
1343 1345 1574 1407 obierat,
1607 1344 1698 1399 sed
1733 1352 1986 1414 nepotem

399 1458 466 1496 ex
495 1458 562 1496 eo
598 1442 862 1506 habebat,
899 1440 1184 1494 Tiberium
1237 1438 1566 1501 Gemellum,
1617 1445 1674 1491 et
1729 1443 1986 1505 nepotem

395 1550 464 1588 ex
492 1533 870 1588 fratreCaium
930 1531 1246 1587 Germanici
1314 1530 1510 1594 tilium,
1561 1529 1711 1583 illius
1758 1537 1988 1598 patrue-

397 1626 529 1681 lem.
571 1625 735 1696 275
763 1625 998 1697 Quijam
1037 1624 1358 1678 adolescens
1407 1633 1461 1676 et
1503 1620 1814 1690 disciplinis
1861 1635 1992 1673 eru-

398 1718 570 1784 ditus,
609 1733 637 1770 a
666 1719 869 1788 populo
895 1726 952 1773 et
982 1716 1274 1772 amabatur
1300 1722 1357 1768 et
1379 1713 1686 1776 colebatur,
1717 1712 1788 1766 ob
1812 1709 1986 1781 patris

398 1811 683 1865 virtutem.
720 1811 858 1866 Cum
905 1819 1088 1865 autem
1143 1806 1400 1862 Tiberius
1470 1820 1673 1875 pueros
1721 1803 1988 1874 postridie

389 1917 563 1956 mane
589 1902 656 1955 ad
687 1916 745 1955 se
783 1902 987 1956 adduci
1016 1902 1295 1973 jussisset,
1329 1911 1495 1970 atque
1528 1899 1584 1952 in
1603 1897 1790 1952 animo
1819 1896 1988 1950 habe-

333 2019 337 2021 -
399 2001 506 2058 ret,
539 1992 830 2062 imperium
859 1993 1047 2062 nepoti
1074 1993 1408 2062 relinquere,
1449 1991 1502 2045 id
1541 1989 1829 2059 augurium
1883 1987 1989 2042 sibi

388 2084 583 2150 <tiaxit,
619 2085 755 2138 deos
778 2084 1069 2153 imperium
1102 2085 1154 2139 ei
1187 2083 1516 2147 tradituros,
1543 2081 1637 2152 qui
1657 2080 1724 2135 ad
1753 2095 1810 2135 se
1838 2079 1992 2150 prior

387 2177 775 2231 accessisset:
827 2191 892 2231 ac
940 2177 1238 2249 paedagogo
1298 2176 1518 2246 nepOLis
1559 2173 1860 2236 mandavit,
1930 2180 1992 2227 ut

389 2284 640 2338 .puerum
669 2268 942 2324 maturius
969 2269 1034 2324 ad
1060 2285 1118 2325 se
1151 2269 1472 2333 adduceret.
1507 2268 1644 2323 Cum
1667 2274 1852 2321 autem
1878 2265 1989 2336 jam

403 2360 716 2425 diluxisset,
745 2361 992 2416 Evodum
1023 2361 1216 2428 mittit,
1249 2370 1311 2416 ut
1341 2375 1574 2432 puerum
1602 2359 1698 2429 qui
1739 2357 1884 2412 adsit
1908 2356 1993 2411 in—

404 2461 492 2506 tro
518 2461 704 2507 vocet.
756 2451 807 2507 Is
846 2451 1040 2508 Caium
1079 2463 1209 2510 ante
1257 2453 1522 2510 conclave
1572 2454 1887 2518 inventum,
1920 2448 1992 2503 ad

404 2544 694 2601 Tiberium
713 2545 940 2602 adducit
972 2565 986 2602 :
1019 2548 1114 2617 qui
1137 2547 1322 2602 divina
1349 2545 1594 2618 potentia
1617 2543 1989 2606 considerata,

393 2647 664 2708 nepotem
698 2654 799 2709 pro
825 2639 1042 2710 perdito
1069 2639 1341 2710 deplorat,
1382 2648 1438 2693 et
1486 2651 1802 2709 quanquam
1841 2651 1904 2690 ea
1932 2649 1993 2689 re

397 2730 682 2797 turbatus,
739 2739 922 2787 tamen
969 2731 1102 2788 Caio
1131 2732 1211 2786 ait
1248 2749 1262 2785 :
1297 2731 1420 2797 Fili,
1453 2732 1552 2785 etsi
1590 2730 1721 2783 mihi
1757 2729 1990 2782 Tiberius

395 2837 594 2892 genere
621 2824 868 2893 praprior
900 2832 999 2890 est,
1023 2841 1118 2894 ego
1150 2832 1328 2878 tamen
1356 2833 1405 2878 et
1452 2831 1654 2892 meopte
1690 2820 1893 2890 judicio
1945 2828 1995 2873 et

397 2914 626 2965 deorum
680 2913 934 2984 suffragio
980 2913 1282 2967 Romanum
1328 2914 1610 2984 imperium
1656 2911 1746 2964 tibi
1795 2911 1947 2966 trado
1975 2932 1994 2970 :

407 3014 626 3074 petoque
675 3021 741 3058 ne
773 3006 890 3076 ejus
925 3007 1342 3069 necessitudinis,
1390 3022 1494 3075 qua
1530 3003 1733 3060 Tiberio
1769 3009 1995 3076 conjun-

2081 1063 2362 1134 μονήσας
2387 1064 2595 1134 μέντοι
2646 1066 2796 1120 κατὰ
2838 1065 2952 1134 τὴν
2991 1065 3290 1136 ἡμετέραν
3315 1068 3677 1136 πρόρρησιν,
3711 1055 3714 1058 ⁴

2081 1157 2332 1227 μνήμην
2368 1158 2544 1212 ποιοῦ
2579 1157 2679 1213 καὶ
2713 1157 2901 1229 ήμῶν,
2929 1158 3009 1225 ὡς
3060 1159 3515 1230 διαφευξώμεθα
3564 1162 3681 1230 τὴν

2087 1250 2449 1319 δυστυχίαν,
2474 1246 2514 1324 ᾖ
2544 1250 2734 1305 τανῦν
2774 1253 3106 1321 σύνεσμεν.
3135 1255 3243 1307 Καὶ
3275 1255 3302 1306 ὁ
3349 1258 3448 1324 μὲν
3503 1253 3680 1308 ταῦτα

2087 1343 2279 1409 εἰπὼν,
2309 1345 2429 1398 τότε
2476 1345 2577 1414 μὲν
2608 1345 2821 1414 γέλωτα
2876 1339 3084 1415 ὦφλεν,
3131 1343 3361 1416 ὕστερον
3421 1347 3467 1399 δ’
3499 1348 3675 1419 ἐφάνη

2089 1435 2369 1506 θαύματος
2401 1436 2572 1502 ἄξιος.
2594 1433 2703 1490 Ἦν
2733 1433 2828 1491 οὖν
2859 1440 2914 1490 ὲν
2951 1440 3068 1516 τοῖς
3105 1437 3339 1507 δεσμοῖς
3367 1439 3396 1490 ὁ
3432 1438 3667 1508 Ἀγρίπ-

2091 1544 2200 1590 me
2234 1529 2328 1581 ἐπὶ
2361 1529 2538 1598 μῆνας
2566 1528 2648 1596 ἒξ.
2675 1530 2933 1601 Τιϐέριος
2985 1530 3061 1595 δὲ,
3102 1530 3540 1600 μαλακιζόμενος
3585 1531 3684 1600 τῆς

2095 1615 2256 1671 νόσου
2288 1619 2754 1688 κραταιουμένης,
2783 1619 2982 1673 Εὕοδον
3013 1619 3248 1684 κελεύει,
3271 1621 3331 1684 ὃς
3381 1621 3491 1674 τῶν
3541 1621 3683 1674 ἁπε-

2088 1707 2362 1778 λευθέρων
2391 1704 2458 1779 ἦν
2485 1709 2636 1780 αὐτῷ
2670 1710 3022 1780 τιμιώτατος,
3061 1711 3132 1764 τὰ
3179 1712 3346 1765 τέκνα
3399 1728 3684 1781 προσαγα-

2094 1801 2212 1868 γεῖν
2242 1799 2414 1868 αὐτῷ,
2447 1800 2818 1874 διαλεξομένῳ
2861 1804 3015 1871 σφίσι
3069 1803 3201 1880 πρὶν
3253 1803 3535 1874 τελευτᾷν.
3567 1803 3682 1855 Οὐκ

2090 1886 2232 1962 ἦσαν
2281 1892 2338 1945 δὲ
2373 1893 2561 1958 παῖδες
2601 1893 2784 1965 αὐτῷ·
2833 1896 2862 1948 ὁ
2901 1898 3012 1966 γὰρ
3072 1897 3186 1961 υίὸς
3220 1895 3387 1949 αὐτοῦ
3443 1894 3682 1967 Δροῦσος

2091 1985 2252 2056 ἔτυχε
2286 1985 2542 2051 τεθνεὼς,
2584 1987 2780 2051 υἱωνὸς
2811 1986 2858 2041 δ’
2903 1989 2962 2054 ἐξ
3014 1989 3225 2042 ἐκείνου
3253 1989 3404 2059 αὑτῷ
3431 1985 3501 2060 ἦν
3523 1988 3685 2043 Τιϐέ-

2096 2095 2208 2149 ριος
2258 2079 2548 2150 Γέμελλος,
2595 2082 2692 2134 καὶ
2743 2080 3065 2150 ἀδελφιδοῦς
3118 2082 3280 2145 Γάϊος
3334 2082 3683 2153 Γερμανικοῦ

2095 2172 2249 2237 παῖς,
2307 2171 2584 2244 συγγενὴς
2635 2171 2713 2232 ὢν
2764 2173 2932 2227 αὑτοῦ
2999 2173 3134 2245 (68),
3171 2175 3391 2240 νεανίας
3438 2176 3564 2248 ἤδη,
3591 2180 3686 2232 καὶ

2094 2262 2313 2336 παιδείᾳ
2335 2263 2666 2334 ἐσχολακὼς,
2693 2267 2787 2318 καὶ
2817 2267 2970 2336 παρὰ
2997 2266 3092 2320 τοῦ
3121 2267 3296 2338 δήμου
3327 2268 3485 2338 φιλού
3495 2287 3681 2340 μενος,

2093 2353 2189 2405 καὶ
2217 2351 2531 2422 τιμώμενος
2557 2353 2648 2406 διὰ
2672 2354 2773 2424 τὴν
2791 2354 2885 2407 τοῦ
2908 2357 3118 2426 πατρὸς
3147 2357 3372 2428 ἀρετήν.
3404 2358 3687 2426 Κελεύσας

2094 2440 2188 2496 οὖν
2217 2442 2246 2495 ὁ
2276 2441 2530 2514 Τιϐέριος
2553 2443 2723 2498 ἕωθεν
2747 2446 2872 2508 τοὺς
2910 2447 3105 2510 παῖδας
3136 2451 3453 2520 εἰσαγαγεῖν
3480 2453 3562 2516 εἰς
3585 2453 3687 2524 τὴν

2095 2534 2286 2607 αὔριον
2314 2533 2404 2608 (ἦν
2424 2537 2468 2589 δ’
2499 2537 2649 2608 αὑτῷ
2671 2541 2733 2591 τὸ
2757 2538 3110 2610 βουλόμενον,
3145 2542 3222 2614 τῷ
3247 2543 3427 2615 υἱωνῷ
3450 2545 3687 2615 μάλιστα

2096 2626 2421 2680 καταλιπεῖν
2457 2629 2559 2698 τὴν
2593 2629 2790 2700 ἀρχὴν,
2815 2631 2955 2694 τέως
2989 2631 3034 2684 δ’
3070 2629 3164 2686 οὖν
3197 2633 3474 2706 οἰώνισμα
3503 2635 3681 2705 ἔθετο,

2097 2719 2178 2782 εἰς
2209 2721 2418 2773 ἐκεῖνον
2451 2719 2742 2790 βούλεσθαι
2771 2723 2834 2774 τὸ
2865 2723 3019 2776 Θεῖον
3040 2725 3354 2794 περιελθεῖν
3370 2727 3470 2798 τὴν
3489 2730 3686 2802 ἀρχὴν,

2096 2812 2155 2875 ὃς
2189 2812 2256 2866 ἂν
2305 2813 2441 2883 πρὸς
2491 2812 2658 2867 αὐτὸν
2699 2813 2959 2882 ἀφίκοιτο
3002 2816 3294 2887 πρότερον)
3349 2819 3560 2890 πέμπει
3590 2839 3688 2876 κε-

2097 2905 2270 2958 λεύων
2289 2905 2368 2975 τῷ
2393 2905 2732 2976 παιδαγωγῷ
2763 2905 2856 2960 τοῦ
2883 2907 3103 2972 υἱωνοῦ,
3123 2913 3390 2980 πρωῖαίτε
3401 2931 3495 2984 ρον
3529 2917 3688 2985 ἄγειν

2059 3043 2064 3046 .
2098 2997 2190 3051 τὸν
2227 2997 2413 3050 παῖδα.
2456 2996 2568 3050 Καὶ
2608 2997 2709 3068 ἤδη
2760 2998 3052 3066 γεγονυίας
3093 3002 3330 3076 ἡμέρας,
3359 3008 3570 3078 πέμπει
3597 3010 3689 3064 τὸν

393 3105 520 3148 ειυς
549 3111 622 3158 es,
656 3095 1001 3158 obliviscaris,
1028 3096 1120 3149 sed
1152 3098 1267 3166 ejus
1291 3103 1348 3149 ut
1383 3098 1596 3167 cognati
1621 3101 1883 3152 rationem
1904 3103 1992 3154 lia-

2102 3089 2322 3156 Εὔοδον,
2356 3089 2632 3143 εἰσκαλεῖν
2663 3089 2754 3144 τὸν
2781 3091 3028 3162 παρόντα
3050 3094 3160 3149 τῶν
3185 3098 3414 3155 παίδων.
3448 3101 3689 3168 Ἐκεῖνος

402 3187 550 3242 beas.
573 3187 715 3242 Nam
748 3189 925 3242 divina
949 3189 1280 3258 providentia
1307 3205 1410 3243 non
1435 3189 1607 3243 inulta
1639 3206 1701 3244 ea
1723 3207 1830 3245 esse
1848 3194 1996 3263 pati-

2093 3185 2152 3241 δὲ
2179 3183 2267 3237 τὸν
2298 3181 2462 3244 Γάϊον
2489 3182 2596 3252 πρὸ
2624 3183 2718 3235 τοῦ
2754 3183 3030 3254 δωματίου
3052 3190 3398 3261 καταλαϐὼν,
3422 3196 3688 3267 εἰσήγαγε

396 3288 518 3345 ιιιιν,
547 3297 667 3349 qua:
691 3281 990 3352 pra’terjus
1033 3289 1082 3334 et
1132 3297 1341 3351 (equum
1378 3281 1539 3350 ﬁunt.
1568 3281 1827 3339 Tiberius
1863 3284 1997 3340 Caio

2097 3278 2235 3349 πρὸς
2281 3275 2562 3346 Τιϐέριον.
2617 3276 2674 3330 Ὁ
2704 3277 2762 3330 δὲ
2792 3282 2894 3349 τῆς
2938 3280 3034 3334 τοῦ
3080 3281 3226 3337 θείου
3280 3286 3570 3356 δυνάμεως
3603 3293 3688 3355 είς

400 3369 760 3438 principatus
787 3385 1108 3426 successore
1139 3370 1443 3437 declarato,
1501 3373 1692 3443 paucis
1723 3383 1847 3443 post
1877 3376 2000 3431 die-

2097 3371 2309 3424 ἑννοιαν
2334 3369 2527 3434 ἐλθὼν,
2553 3369 2986 3441 κατωλοφύρατο
3035 3373 3112 3438 ὡς
3141 3376 3228 3429 ἐπ’
3259 3379 3564 3435 ἀπολωλότι
3611 3383 3690 3454 τῷ

409 3457 517 3512 bus
552 3459 711 3512 obiit.
755 3460 1026 3530 Regnavit
1053 3474 1229 3515 annos
1264 3467 1304 3514 ll
1345 3467 1402 3515 et
1435 3476 1525 3527 xx,
1565 3475 1785 3517 menses
1812 3478 1908 3526 vn,
1941 3471 2000 3519 et

2099 3460 2298 3527 υἱωνῷ.
2345 3460 2565 3530 Καίπερ
2621 3460 2678 3512 δὲ
2730 3461 2822 3515 διὰ
2873 3463 3036 3518 τοῦτο
3092 3471 3690 3545 τεταραγμέ-,ος,φησ“ι

407 3546 531 3602 dies
560 3547 812 3604 totidem.

2101 3557 2239 3624 πρὸς
2259 3555 2351 3608 τὸν
2391 3554 2554 3608 Γάϊον
2574 3569 2591 3584 ο
2614 3548 2689 3607 Ὦ
2722 3555 2848 3619 παῖ,
2867 3557 2919 3610 εὶ
2962 3558 3060 3612 καὶ
3101 3559 3356 3628 Τιϐέριος
3399 3569 3690 3635 συγγενέ-

406 3639 620 3706 στερός
657 3641 764 3708 μοί
794 3642 966 3694 ἐστιν
995 3640 1035 3710 ἢ
1095 3641 1200 3708 σὺ,
1253 3641 1394 3697 ἀλλ’
1453 3643 1636 3708 αὐτὸς
1710 3643 1812 3696 καὶ
1873 3646 2030 3700 κατὰ
2073 3646 2322 3718 γνώμην
2383 3644 2542 3716 ἐμὴν
2598 3647 2868 3701 καὶκατά
2897 3647 3111 3719 ψῆφον
3133 3651 3286 3706 θεῶν
3305 3668 3406 3709 σοι
3429 3656 3545 3726 τὴν
3573 3658 3694 3715 τῶν

360 3746 362 3748 '
417 3730 723 3800 Ῥωμαίων
746 3732 1046 3802 ἐγχειρίζω
1071 3733 1290 3803 ἀρχὴν,
1324 3735 1421 3789 καὶ
1447 3733 1598 3799 ἀξιῷ
1645 3734 1732 3806 μὴ
1760 3737 2189 3809 ἀμνημονῆσαι
2256 3737 2365 3806 τῆς
2431 3739 2789 3809 συγγενείας
2821 3737 2933 3809 τῆς
2961 3741 3113 3810 πρὸς
3167 3743 3210 3798 Τ
3215 3743 3456 3816 ιίϐἐριον,
3516 3750 3694 3819 κήδε-

361 3839 366 3843 ·
408 3825 551 3878 σθαι
577 3823 643 3877 δὲ
674 3826 890 3880 τούτου
923 3827 1003 3892 ὡς
1025 3826 1387 3897 συγγενοῦς.
1417 3829 1501 3882 Οὺ
1562 3829 1670 3898 γὰρ
1737 3829 2073 3899 ἀτιμώρητα
2109 3831 2185 3901 τῇ
2234 3834 2365 3899 θείῃ
2411 3833 2700 3901 προνοίᾳ,
2737 3831 2856 3887 ὅσα
2901 3835 3062 3904 παρὰ
3110 3836 3290 3906 δίκην
3333 3840 3691 3913 πράσσοιτο.

411 3915 668 3986 Τιϐέριος
708 3917 807 3988 μὲν
850 3915 1083 3984 οὖν,τδν
1126 3920 1292 3974 Γαῖον
1340 3920 1633 3986 ἀποδείξας
1665 3939 1766 3993 της
1817 3923 2120 3994 ἡγεμονίας
2181 3925 2450 3994 διάδοχον,
2485 3925 2672 3994 ὀλίγας
2716 3925 2966 3990 ἐπιϐιοὺς
3026 3929 3267 4000 ἡμέρας,
3293 3931 3536 4005 θνήσκει,
3596 3941 3696 4010 ἄρ.

413 4005 513 4071 ξας
549 4009 642 4060 ἐπὶ
692 4009 966 4075 ἐνιαυτοῖς
1019 4011 1197 4065 εἴκοσι
1257 4012 1352 4065 καὶ
1408 4011 1555 4066 δυοῖν
1620 4014 1800 4085 μῆνας
1837 4017 1980 4070 ἑπτὰ
2030 4017 2128 4073 καὶ
2165 4016 2382 4088 ἡμέρας
2411 4019 2554 4082 ῐσας.

487 4099 579 4154 1X.
615 4099 750 4155 Caio
782 4101 1114 4172 imperatore
1159 4101 1464 4174 designato,
1494 4103 1730 4159 Romani
1760 4121 1870 4176 prae
1905 4112 1992 4162 c'u-

2180 4109 2261 4166 6'.
2312 4112 2475 4178 Γάϊος
2511 4112 2572 4168 δὲ
2617 4115 2978 4188 αὐτοκράτωρ
3023 4117 3455 4190 περιελέλειπτο,
3499 4125 3698 4197 ﬁni).-

415 4193 674 4264 piditate,
703 4191 908 4248 Tiberii
930 4192 1142 4248 obitum
1167 4194 1395 4250 credere
1420 4209 1530 4249 non
1557 4204 1878 4265 potuerunt,
1906 4197 2000 4268 qui

2109 4200 2234 4256 λετο
2263 4203 2320 4257 δὲ
2362 4201 2657 4276 Ῥωμαίοις
2683 4205 2780 4260 τοῦ
2817 4208 3074 4279 Τιϐερίου
3109 4212 3144 4280 ἠ
3176 4212 3500 4283 ἀποϐίωσις,
3521 4191 3605 4272 "oi
3637 4221 3694 4274 δὲ
3738 4246 3746 4251 ·

415 4285 684 4355 patricios
756 4284 1032 4341 Romanos
1101 4286 1353 4358 plurimis
1415 4287 1668 4343 cladibus
1717 4288 2000 4356 aﬂ‘ecerat,

2109 4297 2377 4367 ἠπίστουν
2422 4298 2500 4369 τῷ
2530 4299 2693 4370 λόγῳ,
2729 4300 2835 4354 ὑπὸ
2873 4301 2967 4354 τοῦ
2999 4303 3143 4357 πάνυ
3191 4305 3253 4359 τὸ
3302 4311 3537 4378 πρᾶγμα
3575 4311 3699 4382 βοί-

415 4376 588 4430 homo
625 4377 945 4444 iracundus,
985 4387 1041 4434 et
1077 4379 1359 4435 levissima
1390 4396 1622 4452 quaeque
1655 4381 1858 4437 delicta
1905 4398 2000 4438 ca-

2110 4388 2307 4442 λεσθαι
2331 4407 2346 4422 ·
2381 4389 2614 4444 πλεῖστα
2657 4390 2770 4462 γὰρ
2803 4393 3011 4457 ἐκεῖνος
3040 4394 3192 4450 δεινά
3229 4376 3518 4470 Ῥωμαίων
3567 4376 3699 4469 τοὺς

417 4468 684 4537 pitalibus
709 4470 994 4539 suppliciis
1027 4470 1312 4526 vindicare
1350 4474 1571 4528 solitus.
1604 4473 1846 4545 Marsyas
1870 4489 2000 4530 vero

2112 4477 2445 4549 εὐπατρίδας
2495 4480 2817 4549 εἰργάσατο,
2871 4481 3138 4554 δύσοργος
3173 4485 3272 4556 ὢν,
3327 4468 3424 4545 καὶ
3481 4492 3697 4568 θανάτῳ

419 4558 675 4628 Agrippa:
701 4559 956 4626 libertus,
993 4562 1182 4617 audita
1210 4563 1420 4619 Tiberii
1453 4573 1650 4629 morte,
1695 4566 1762 4620 ad
1813 4576 2000 4636 patro-

2113 4570 2210 4622 καὶ
2268 4569 2336 4623 τὰ
2397 4571 2712 4640 κουφότατα
2771 4571 2883 4628 τῶν
2945 4578 3308 4648 πταισμάτων
3359 4584 3695 4656 τιμώμενος.

421 4663 558 4702 num
594 4650 858 4715 accurrit,
903 4661 960 4706 et
1015 4650 1284 4707 l-lebraico
1311 4668 1567 4709 sermone
1614 4656 1832 4710 leonem
1881 4671 2005 4712 esse

420 4748 705 4794 mortuum
734 4740 892 4794 dixit.
927 4741 1024 4795 llle
1051 4757 1204 4807 vero,
1235 4759 1359 4798 cum
1389 4747 1616 4815 gratiam
1641 4746 1693 4801 ei
1719 4763 1777 4803 se
1801 4748 2005 4803 habere

416 4830 659 4896 diceret,
697 4831 744 4884 si
766 4847 895 4886 vera
916 4833 1200 4890 nuntiaret
1233 4851 1246 4888 :
1281 4838 1534 4893 centurio
1564 4839 1659 4907 qui
1705 4837 2004 4911 Agrippam

423 4921 612 4978 laetum
640 4922 873 4990 videret,
915 4925 1228 4995 suspicatus
1271 4929 1478 4998 aliquid
1527 4929 1796 4986 accidisse
1853 4932 2005 4996 novi,

420 5023 582 5084 rogat
624 5014 756 5084 quid
799 5020 1112 5070 nuntiatum
1154 5019 1262 5073 sit?
1309 5021 1355 5074 ls
1380 5021 1493 5091 jam
1550 5022 1671 5076 viro
1719 5023 2006 5080 familiaris

420 5105 624 5174 tactus,
661 5123 922 5162 arcanum
956 5109 1182 5180 detegit.
1233 5112 1330 5166 Ille
1372 5129 1504 5168 vero
1553 5115 1837 5184 voluptate
1879 5132 2005 5173 cum

417 5213 491 5254 eo
521 5200 800 5254 communi
833 5199 1048 5265 fruens,
1079 5217 1292 5257 coenam
1327 5204 1379 5258 ei
1409 5206 1659 5274 apponit.
1701 5207 1840 5261 Dum
1872 5223 2006 5263 con-

423 5290 706 5356 vivantur,
730 5291 894 5347 adest
934 5294 1027 5363 qui
1087 5294 1252 5359 dicat,
1309 5296 1595 5352 Tiberium
1649 5300 2008 5368 superstitem

423 5396 569 5437 esse.
603 5383 793 5452 Itaque
823 5386 1079 5440 centurio
1111 5387 1361 5450 territus.
1405 5389 1553 5458 quod
1587 5392 1790 5460 captivi
1829 5395 2008 5463 impe-

423 5478 614 5534 ratorii
642 5480 1047 5536 consuetudine
1086 5497 1220 5538 usus
1248 5491 1416 5548 esset,
1452 5483 1733 5540 hominem
1787 5485 1858 5540 de
1917 5487 2003 5540 in-

2111 4658 2380 4730 Μαρσύας
2412 4658 2494 4727 δὲ,
2524 4659 2618 4714 τοῦ
2670 4661 2976 4732 ’Δγρίππου
3019 4667 3415 4742 ἀπελεύθερος,
3455 4675 3699 4747 πυθόμε-

2113 4768 2204 4815 νος
2231 4751 2327 4805 τοῦ
2363 4752 2619 4825 Τιϐερίου
2653 4755 2753 4827 τὴν
2781 4757 3063 4831 τελευτὴν,
3095 4761 3298 4834 ἔδραμε
3340 4767 3476 4836 πρὸς
3509 4770 3695 4836 αὐτὸν,

2113 4843 2210 4896 καὶ
2260 4840 2505 4914 Ἐϐραῒδι
2534 4848 2709 4917 φωνῇ,
2752 4845 3049 4921 Τέθνηκεν
3067 4855 3101 4908 ὁ
3123 4854 3302 4920 λέων,
3324 4858 3513 4928 φησίν.
3550 4861 3612 4914 Ὃ
3641 4863 3699 4915 δὲ

2116 4934 2348 5006 χάριτας
2375 4935 2646 5007 ὡμολόγει
2679 4940 2852 5011 αὐτῷ,
2884 4943 2935 4996 εί
2968 4945 3335 5016 κατήγγειλεν
3362 4950 3567 5023 ἀληθῆ,
3604 4959 3700 5009 καὶ

2117 5027 2146 5080 ὁ
2196 5028 2785 5103 ἐκατόνταρχος,ὀρῶν
2829 5037 2923 5090 τὸν
2961 5037 3275 5110 Ἀγρίππαν
3319 5044 3378 5096 ἐν
3425 5046 3696 5117 χάρματι,

2119 5120 2525 5196 ὗπετόπησέέτι
2553 5129 2839 5197 γεγονέναι
2872 5133 3080 5200 καινὸν,
3111 5137 3206 5189 καὶ
3234 5137 3399 5209 ἤρετο
3427 5143 3480 5194 τί
3509 5141 3577 5194 ἂν
3610 5147 3698 5215 εή

2112 5212 2175 5266 τὸ
2213 5216 2513 5284 ἀγγελθένς
2546 5221 2654 5274 Καὶ
2680 5223 2708 5275 ὁ
2749 5221 3087 5295 Ἀγρίππας,
3125 5229 3227 5301 ἤδη
3265 5233 3503 5304 συνήθης
3543 5212 3699 5302 γενόέ

2119 5324 2302 5377 μενος,
2331 5309 2410 5381 τῷ
2458 5313 2636 5383 ἀνδρὶ,
2680 5314 2742 5368 τὸ
2785 5317 3099 5390 ἀπόρρητον
3130 5324 3488 5395 ἀνεκάλυψεν.
3535 5328 3601 5380 '0
3640 5329 3699 5384 δὲ

2113 5402 2392 5456 ἐκοινοῦτο
2434 5405 2533 5476 τὴν
2583 5407 2798 5481 ἡδονὴν,
2851 5413 2947 5466 καὶ
2993 5415 3274 5484 προύτίθει
3317 5417 3551 5474 δεῖπνον.
3590 5421 3696 5472 Εὑ-

2114 5492 2444 5562 ωχουμένων
2489 5496 2570 5566 δὲ,
2609 5500 2795 5572 παρῆν
2841 5518 2947 5574 τις,
2998 5509 3271 5577 περιεῖναι
3325 5508 3502 5581 λέγων
3534 5510 3697 5567 Τ,ϐἐ-

1618 5641 1818 5704 Varia)
1842 5643 2151 5710 lectiones
2197 5657 2258 5713 et
2295 5658 2486 5714 uoltu.

503 5753 617 5826 (68)
651 5765 959 5838 Συγγενὴς
1005 5764 1325 5848 senatos.
1371 5770 1618 5833 Colbert.
1665 5775 1932 5848 συγγόνου
1964 5777 2193 5855 αὐτοῦ..
