4074 6390
399 332 507 396 485

1647 335 2062 395 ANNALIUM
2106 335 2260 397 LIB.
2303 333 2411 396 VI.

3561 329 3672 394 486

402 436 540 511 ριον.
589 443 696 496 Καὶ
739 443 768 494 ό
809 442 1206 514 ἑκατόνταρχος
1253 443 1462 510 δείσας,
1525 443 1606 498 ὅτι
1661 445 1986 515 συνδιῃτᾶτο

2092 451 2245 513 tegro
2282 440 2482 498 vinciri
2536 440 2715 512 jubet.
2777 439 3049 496 Postridie
3105 456 3296 496 rumor
3340 442 3408 498 de
3463 441 3670 500 Tiberii

395 532 656 607 δεσμώτῃ
700 535 794 587 τοῦ
835 535 1269 608 αὐτοκράτορος,
1321 535 1536 590 κελεύει
1580 535 1743 605 δῆσαι
1789 535 1982 598 αὐτὸν,

398 627 643 691 λελυκὼς
685 627 810 700 ἢδη.
845 630 925 700 Τῇ
957 628 1003 682 δ’
1034 629 1302 701 ὑστεραίᾳ
1354 629 1512 698 λόγος
1553 647 1615 682 τε
1661 625 1730 700 ἦν
1773 628 1986 691 πλατὺς

399 721 530 792 περί
587 721 689 790 τῆς
739 721 1000 792 τελευτῆς
1043 722 1324 793 Τιϐερίου,
1381 724 1477 776 καὶ
1513 720 1798 775 ἐπιστολαὶ
1831 721 1986 791 παρὰ

398 813 562 865 Γαΐου
594 812 983 883 ἐπέμφθησαν,
1019 815 1052 885 ή
1088 814 1190 885 μὲν
1225 815 1361 886 πρὸς
1391 815 1491 883 τὴν
1527 812 1854 884 σύγκλητον,
1890 815 1983 867 τὸν

398 904 651 976 Τιϐερίου
680 905 913 960 θάνατον
946 907 1417 977 καταγγέλλουσα,
1449 909 1544 963 καὶ
1563 907 1663 980 τὴν
1691 906 1858 962 αὑτοῦ
1885 908 1985 978 τῆς

397 998 700 1067 ἡγεμονίας
749 997 1040 1070 διαδοχήν·
1080 999 1205 1070 ἡδὲ
1252 1001 1390 1072 πρὸς
1423 1001 1696 1068 Πείσωνα,
1743 1000 1837 1054 τὸν
1883 999 1986 1068 τῆς

401 1089 610 1154 πόλεως
639 1089 878 1158 φύλακα,
915 1093 1294 1163 ἐπιτρέπουσα
1325 1094 1420 1146 τὸν
1453 1094 1766 1164 Ἀγρίππαν
1793 1093 1860 1146 ἐκ
1885 1090 1982 1144 τοῦ

401 1182 772 1252 στρατοπέδου
807 1187 1148 1253 μεταγαγεῖν
1168 1189 1254 1249 είς
1285 1185 1386 1257 τὴν
1409 1185 1590 1238 οἰκίαν
1611 1187 1667 1238 ἐν
1757 1183 1864 1254 πρὸ
1887 1183 1982 1238 τοῦ

400 1275 623 1343 δεθῆναι
655 1270 748 1345 ἦν.
785 1275 944 1340 Γάϊος
985 1277 1043 1330 δέ
1083 1279 1165 1340 είς
1207 1277 1429 1349 Ῥώμην
1461 1278 1556 1330 τὸν
1597 1276 1694 1331 τοῦ
1729 1276 1983 1348 Τιϐερίου

401 1366 593 1436 νεκρὸν
623 1367 874 1436 ἀγαγὼν,
909 1369 1004 1421 καὶ
1035 1369 1214 1438 θάψας
1240 1369 1572 1438 πολυτελῶς,
1597 1370 1798 1425 αὐτίκα
1822 1369 1984 1424 λύσαι

401 1459 490 1512 τὸν
529 1460 844 1531 ’Δγρίππαν
879 1460 1152 1516 ἐϐούλετο·
1193 1465 1226 1535 ή
1255 1464 1302 1517 δ’
1335 1463 1598 1519 Ἀντωνία
1645 1464 1983 1529 κεκώλυκεν,

400 1550 462 1602 ού
511 1550 661 1621 μίσει
707 1551 802 1605 τοῦ
848 1552 1248 1625 λυθησομένου,
1289 1556 1534 1626 φροντίδι
1573 1555 1630 1609 δέ
1665 1573 1730 1625 γε
1764 1557 1860 1610 τοῦ
1893 1556 1986 1610 λύ-

405 1659 623 1708 σαντος,
651 1644 740 1698 ἵνα
771 1646 846 1717 μὴ
889 1644 1022 1716 δοκῇ
1051 1649 1117 1718 τῇ
1153 1647 1488 1718 μεταστάσει
1519 1647 1618 1702 τοῦ
1653 1649 1989 1718 αὐτοκράτο-

402 1751 496 1807 ρος
539 1737 898 1807 ἐφηδόμενος,
931 1741 1000 1793 ἐκ
1039 1742 1134 1794 τοῦ
1183 1739 1346 1794 λύσαι
1376 1739 1472 1795 τὸν
1503 1741 1716 1796 ἐκείνου
1760 1743 1988 1811 δέσμιον

402 1829 658 1896 τάχιστα.
699 1830 956 1901 Ἠμερῶν
989 1831 1047 1886 δὲ
1088 1833 1255 1904 τριῶν
1287 1833 1401 1906 (69)
1444 1835 1834 1906 παρελθουσῶν
1886 1855 1988 1906 με-
2019 1811 2062 1866 Β

402 1919 755 1990 ταπέμπεται
782 1923 885 1993 τὸν,
901 1923 1235 1995 Ἀγρίππαν,
1249 1929 1424 1999 κείρει
1448 1943 1508 1981 τε
1528 1927 1591 1981 τὸ
1611 1927 1863 1999 περιττὸν
1884 1928 1987 1999 τῆς

402 2013 610 2084 τριχὸς,
660 2015 758 2071 καὶ
806 2019 1296 2089 μεταμφιέννυσιν,
1358 2018 1482 2075 εἶτα
1515 2024 1610 2076 καὶ
1641 2023 1702 2077 τὸ
1745 2022 1990 2094 διάδημα

401 2106 739 2179 περιτίθησι,
777 2110 873 2163 καὶ
905 2110 1132 2181 βασιλέα
1178 2114 1278 2185 τῆς
1323 2115 1599 2170 Φιλίππου
1651 2118 1987 2189 τετραρχίας

401 2199 716 2270 καθίστησι,
751 2202 1130 2274 προσθέμενος
1165 2205 1263 2260 καὶ
1296 2207 1396 2278 τὴν
1445 2208 1718 2263 Λυσανίου
1759 2227 1992 2282 τετραρ-

403 2290 527 2360 χίαν
575 2294 658 2355 εἰς
709 2293 964 2365 αὔξησιν,
1020 2298 1116 2351 καὶ
1150 2297 1361 2369 χρύσεα
1404 2300 1676 2368 χαλκείων
1709 2301 1985 2368 ἀλλάττει,

404 2387 525 2440 ἀντ)⁸
559 2388 659 2458 τῆς
696 2389 922 2460 σιδηρᾶς
953 2390 1199 2456 ἁλύσεως
1241 2394 1362 2464 μεθ’
1397 2389 1466 2466 ἦς
1502 2394 1734 2460 ἐδέδετο,
1779 2399 1988 2468 χρυσῆν

405 2477 696 2548 ἰσόρροπον
770 2480 921 2550 αύτῷ
988 2483 1433 2554 παρασχόμενος.
1491 2485 1582 2554 Τῷ
1637 2485 1694 2538 δέ
1749 2485 1988 2557 δευτέρῳ

403 2568 642 2639 ἐνιαυτῷ
680 2571 791 2651 τῆς
846 2573 1150 2644 μοναρχίας
1210 2575 1396 2642 Γαΐου,
1447 2576 1604 2646 ἠξίου
1675 2578 1988 2648 Ἀγρίππας

405 2661 794 2734 ἐκχωρηθῆναι
825 2665 1016 2736 αὐτῷ,.
1053 2667 1350 2736 ἀφικέσθαι
1375 2668 1514 2738 πρὸς
1547 2667 1618 2724 τὰ
1645 2672 1842 2735 οἰκεῖα,
1891 2672 1990 2725 καὶ

406 2753 566 2820 αὖθις
602 2757 928 2812 ἐπανελθεῖν
962 2759 1300 2825 κατετίθετο,
1355 2761 1856 2830 οἰκονομησάμενος
1907 2764 1990 2827 είς

405 2847 594 2901 δέοντα
625 2849 727 2920 τῆς
771 2851 948 2922 ἀρχῆς
973 2868 988 2882 ·
1025 2853 1122 2905 καὶ
1153 2851 1400 2915 ἐνδόντος
1442 2853 1630 2917 Γαίου,
1672 2848 1990 2920 ἐξέπλευσε.

420 2938 691 3010 Ἡρωδιὰς
720 2942 779 2995 δέ
810 2943 845 3010 ἡ
871 2943 1040 2996 αὑτοῦ
1065 2943 1294 3016 ἀδελφὴ,
1315 2945 1530 3014 ἐφθόνει
1555 2947 1657 3015 τῆς
1681 2946 1991 3018 εὐπραγίας

405 3035 486 3105 τῷ
510 3035 748 3108 ἀδελφῷ,
785 3037 881 3091 καὶ
913 3038 1152 3108 μάλιστα
1179 3041 1343 3094 ὁπότε
1377 3039 1515 3110 μετὰ
1544 3039 1653 3094 τῶν
1691 3040 1791 3110 τῆς
1832 3039 1991 3110 βασι-

406 3127 560 3230 λείας
588 3131 938 3202 παρασήμων
968 3131 1118 3200 ἐώρα
1151 3132 1313 3186 αὑτὸν
1338 3135 1454 3197 τοῖς
1489 3132 1726 3202 πλήθεσι
1772 3149 1875 3203 χρη
1887 3151 1992 3203 μα-
2015 3168 2061 3230 C

404 3220 645 3285 τίζοντα·
673 3221 960 3293 ἐξηρέτιζέ
990 3239 1050 3275 τε
1077 3223 1170 3276 τὸν
1199 3222 1396 3294 ἄνδρα,
1416 3225 1511 3277 ἐπὶ
1556 3221 1779 3295 Ῥώμης
1810 3224 1989 3290 πλεῖν,

405 3316 502 3368 καὶ
550 3315 674 3385 ῐσην
711 3316 890 3386 ἀρχὴν
933 3315 1380 3388 μνηστεύσασθαι
1409 3315 1614 3389 ἐαυτῷ.
1658 3319 1719 3373 '0
1753 3318 1810 3372 δέ
1856 3320 1991 3389 ἠσυ-

405 3409 596 3478 χάζειν
635 3408 890 3463 ἐϐούλετο
914 3425 929 3440 ·
967 3410 1060 3463 καὶ
1095 3410 1128 3480 ἡ
1174 3408 1313 3482 γυνὴ
1364 3409 1725 3484 σφοδρότερον
1755 3411 1993 3482 ἠνώχλει

406 3503 618 3571 τάνδρὶ,
646 3504 827 3557 πάντα
859 3503 1134 3574 πράσσειν
1166 3504 1261 3556 ἐπὶ
1287 3505 1352 3575 τῇ
1391 3505 1642 3576 βασιλείᾳ
1667 3506 1989 3561 κελεύουσα·
2017 3580 2022 3585 1

405 3598 504 3650 καὶ
538 3597 641 3649 οὐκ
668 3597 898 3668 ἀνῆκεν,
929 3596 1037 3660 ἕως
1071 3597 1166 3650 καὶ
1199 3596 1403 3652 ἄκοντα
1425 3601 1518 3652 τὸν
1549 3598 1798 3670 Ἡρώδην
1825 3600 1990 3672 ἑαυτῇ

409 3691 717 3760 πεποίηκεν
750 3691 1132 3763 ὁμογνώμονα·
1164 3695 1401 3763 ἀνήγετο
1427 3692 1525 3747 ὀὖν
1553 3695 1649 3748 σὺν
1669 3697 1735 3766 τῇ
1771 3695 1994 3764 γυναικὶ

404 3785 500 3836 ἐπὶ
555 3784 794 3855 Ῥώμης.
854 3785 1166 3856 Ἀγρίππας
1219 3786 1278 3840 δὲ
1330 3787 1426 3841 καὶ
1486 3786 1651 3850 αὐτὸς
1703 3787 1843 3856 πρὸς
1893 3786 1992 3858 τὴν

416 3875 641 3946 Ῥώμην
674 3877 1142 3947 παρεσκευάζετο·
1171 3875 1499 3948 προῦπεμψε
1531 3877 1588 3930 δέ
1618 3877 1726 3930 τῶν
1757 3877 1994 3932 ἀπελευ-

407 3969 584 4040 θέρων
635 3969 753 4034 ἕνα,
793 3968 943 4040 δῶρα
978 3969 1058 4037 τῷ
1097 3970 1468 4041 αὐτοκράτορι
1524 3969 1843 4038 κομίζοντα,
1899 3972 1994 4022 καὶ

407 4061 700 4122 ἐπιστολάς
753 4062 900 4116 κατά
943 4061 1037 4114 τοῦ
1080 4053 1346 4132 Ἡρώδου,
1383 4063 1476 4114 καὶ
1510 4060 1993 4129 καταλαμϐάνουσι

403 4154 498 4206 τὶν
535 4155 691 4206 Γαῖον
733 4155 791 4206 ἐν
820 4154 1014 4216 Βαΐαις
1043 4154 1308 4224 πολιχνίῳ
1335 4153 1432 4223 τῆς
1468 4152 1830 4222 Καμπανίας·
1874 4154 1993 4222 ἅμα

403 4264 468 4300 τε
502 4247 579 4318 τῷ
635 4234 852 4319 Ἡρώδῃ
887 4248 966 4311 είς
999 4247 1123 4302 ww
1153 4243 1290 4319 ἧκεν
1320 4249 1348 4300 ό
1389 4247 1567 4312 Γάϊος,
1602 4247 1697 4300 καὶ
1743 4245 1860 4316 ἅμα
1895 4247 1993 4310 τὰς

420 4341 736 4410 Ἀγρίππου
772 4340 1018 4395 ἐπιστολ·
1110 4341 1288 4413 ἐπῄει,
1333 4340 1750 4410 κατηγορούσας
1783 4342 1991 4394 ἐκείνου

407 4434 547 4502 πρὸς
577 4432 807 4504 Σηῖανὸν
839 4433 1134 4503 ὁμολογιαν
1174 4437 1317 4487 κατὰ
1345 4433 1448 4503 τῆς
1483 4432 1740 4506 Τιϐερίου
1792 4434 1992 4505 ἀρχῆς,

407 4532 504 4580 καὶ
544 4529 682 4598 πρὸς
723 4527 1057 4598 Ἀρτάϐανον
1109 4523 1268 4590 αὖθις
1306 4529 1398 4581 τὸν
1435 4527 1650 4598 Πάρθον
1683 4528 1804 4581 τότε
1849 4529 1992 4582 κατὰ
2025 4563 2068 4617 D

406 4620 510 4688 τῆς
537 4619 704 4673 αὐτοῦ
743 4621 907 4674 Γαΐου
931 4636 947 4653 ·
1000 4621 1303 4692 τεκμήριον
1329 4620 1375 4674 δ’
1403 4621 1640 4673 ἐποιεῖτο
1674 4619 1768 4672 τοῦ
1799 4619 1986 4688 λόγου,

407 4711 592 4765 ὃπλων
628 4712 888 4765 ἀπόθεσιν
923 4712 983 4768 ἐν
1027 4713 1151 4777 ταῖς
1185 4711 1518 4784 ὁπλοθήκαις
1574 4710 1840 4780 Ἡρώδου,
1891 4727 1994 4779 μυ-

412 4805 596 4874 ριάσιν
633 4804 870 4857 ὁπλιτῶν
923 4804 1244 4875 ἀρκούντων
1284 4805 1446 4859 ἑπτά.
1495 4803 1760 4857 Ἐκινεῖτο
1803 4802 1847 4855 δ’
1889 4801 1996 4855 ὑπὸ

406 4895 522 4949 τῶν
568 4897 990 4968 ἐπεσταλμένων
1023 4899 1051 4950 ό
1093 4897 1274 4963 Γάϊος,
1327 4898 1422 4950 καὶ
1455 4895 1652 4969 ἠρώτα
1682 4895 1774 4948 τὸν
1815 4891 1996 4965 Ἦρώ-

409 4988 534 5057 δην,
586 4991 636 5042 εἰ
689 4987 894 5059 ἀληθὴς
940 4989 969 5041 ὁ
1023 4989 1152 5058 περὶ
1200 4989 1309 5042 τῶν
1353 4988 1535 5043 ὅπλων
1581 4987 1774 5056 λόγος;
1804 4985 1899 5039 τοῦ
1937 4984 1995 5038 δὲ

408 5080 816 5152 καταθεμένου,
858 5082 1161 5147 πιστεύσας
1208 5085 1277 5154 τῇ
1325 5083 1627 5137 ἀποστάσει
1662 5078 1853 5147 αὑτοῦ,
1893 5079 1995 5150 τὴν

407 5174 748 5244 τετραρχίαν
779 5175 1122 5244 ἀφαιρεῖται,
1146 5175 1243 5229 καὶ
1263 5177 1328 5245 τῇ
1362 5173 1611 5244 βασιλεία
1641 5172 1736 5227 τοῦ
1765 5172 1993 5244 ’Δγρίπ-

410 5279 521 5316 που
575 5265 924 5336 προστίθησι,
977 5265 1073 5320 καὶ
1129 5267 1198 5321 τά
1260 5270 1520 5340 χρήματα
1585 5265 1786 5336 ὁμοίως
1845 5263 1995 5334 αὐτῷ

411 5355 707 5423 δωρεῖται,
763 5358 856 5413 τὸν
904 5359 962 5412 δὲ
1035 5352 1281 5431 Ἡρώδην
1333 5360 1596 5431 ἀειφυγίᾳ
1648 5359 1992 5429 κατέκρινεν.

2090 536 2246 590 obitu
2265 536 2430 590 latius
2465 536 2730 601 manavit,
2759 535 3123 604 etcpistolaea
3143 534 3276 590 Caio
3305 537 3482 592 misszc
3511 551 3670 592 sunt:

2088 629 2159 684 ad
2194 639 2449 684 senatum
2478 643 2609 695 una,
2633 628 2843 684 Tiberii
2874 636 3132 695 mortem,
3183 640 3240 683 et
3273 643 3427 683 suam
3454 631 3672 700 imperii

2087 723 2498 780 successionem
2549 723 2817 777 nuntians
2869 739 2882 777 :
2931 722 3103 776 altera
3129 721 3196 775 ad
3229 722 3483 776 Pisonem
3522 724 3676 778 urbis

2086 813 2431 885 praefectum,
2462 829 2567 884 qua
2592 813 2824 882 jubebat
2845 813 3154 884 Agrippam
3184 828 3214 868 e
3251 815 3446 868 castris
3494 815 3548 868 in
3581 830 3676 869 eas

2085 907 2236 963 aedes
2255 905 2569 970 transferri,
2605 907 2660 961 in
2694 907 2860 977 276
2893 907 3097 976 quibus
3132 906 3328 961 fuisset
3379 897 3675 976 antequam

2087 1001 2416 1056 vinciretur.
2438 998 2606 1055 Caius
2626 1016 2757 1055 vero
2772 999 2980 1054 Tiberii
2999 999 3266 1053 cadavere
3288 998 3519 1052 Romam
3548 1015 3674 1068 per-

2088 1093 2280 1160 ducto,
2313 1103 2365 1150 et
2393 1103 2718 1164 sumptuose
2748 1093 2988 1163 sepulto,
3007 1091 3304 1164 Agrippam
3341 1092 3527 1146 statim
3561 1092 3678 1146 sol-

2087 1204 2220 1243 vere
2244 1168 2462 1243 voluit:
2499 1188 2597 1243 sed
2633 1187 2872 1242 Antonia
2895 1187 3200 1257 prohibuit,
3233 1202 3346 1240 non
3399 1185 3528 1240 odio
3565 1187 3678 1240 sol-

2089 1281 2277 1345 vendi,
2302 1280 2396 1336 sed
2434 1296 2568 1335 cura
2595 1280 2856 1345 soluturi,
2880 1295 2950 1334 ne
2976 1278 3022 1335 is
3059 1279 3409 1349 imperatoris
3443 1278 3676 1333 decessu

2086 1372 2257 1427 laetari
2293 1372 2597 1437 videretur,
2625 1373 2811 1428 vincto
2835 1371 2982 1426 illius
3003 1372 3295 1427 celerrime
3331 1371 3537 1426 soluto.
3569 1370 3678 1426 Sml

2089 1465 2274 1519 triduo
2307 1465 2498 1534 elapso
2533 1464 2828 1534 Agrippam
2851 1465 3110 1529 accersit,
3137 1463 3554 1534 promissiorem
3585 1477 3682 1518 ca-

2091 1555 2280 1624 pillum
2311 1555 2524 1620 tondet,
2562 1554 2698 1608 alias
2733 1564 2916 1610 vestes
2947 1555 3158 1621 induit;
3190 1555 3391 1608 deinde
3420 1554 3678 1623 imposito

2091 1647 2428 1712 diademate,
2481 1649 3080 1718 Philippistetrarchia:
3141 1664 3325 1719 regem
3361 1649 3673 1711 constituit,

2091 1741 2455 1796 additamenti
2505 1742 2625 1796 vice
2667 1741 2916 1812 Lysaniae
2944 1757 3166 1810 quoque
3199 1741 3491 1795 tetrarchia
3527 1741 3677 1810 adje—

2091 1843 2198 1900 cta,
2217 1845 2273 1891 et
2295 1851 2402 1892 tere
2428 1836 2482 1890 in
2505 1852 2701 1890 aurum
2727 1843 3090 1899 commutato,
3110 1834 3244 1889 tanti
3277 1834 3540 1904 ponderis
3575 1850 3678 1888 au-

2092 1944 2249 1983 reum
2282 1937 2535 1998 torquem
2567 1928 2808 1994 eidedit,
2849 1929 3044 1998 quanti
3076 1928 3256 1982 ferrea
3289 1938 3483 1983 catena
3540 1927 3667 1982 fue-

2091 2031 2196 2084 rat.
2235 2036 2400 2091 quam
2431 2021 2652 2076 vinctus
2694 2028 2957 2092 gestarat.
3006 2021 3167 2075 Anno
3212 2028 3395 2074 autem
3457 2036 3681 2074 monar-

2089 2116 2230 2171 chite
2262 2116 2382 2171 Caii
2415 2115 2664 2172 secundo
2686 2116 2850 2186 petiit
2875 2115 3117 2185 Agrippa
3136 2113 3450 2169 facultatem
3476 2113 3544 2167 ad
3579 2130 3679 2168 sua

2090 2208 2352 2275 abeundi,
2384 2223 2556 2279 seque
2590 2208 2902 2263 rediturum
2930 2206 3205 2278 promisit,
3240 2221 3411 2276 regno
3440 2221 3540 2261 suo
3575 2207 3681 2261 rite

2092 2301 2396 2358 constituto
2426 2317 2442 2368 ;
2477 2315 2543 2354 ea
2574 2301 2888 2370 impetrata,
2924 2297 3108 2353 solvit.
3145 2298 3413 2353 llerodias
3435 2313 3567 2352 vero
3591 2313 3684 2352 so-

2094 2409 2187 2450 ror
2235 2409 2358 2448 eam
2407 2391 2728 2448 felicitatem
2771 2389 2936 2446 fratri
3003 2389 3310 2456 invidebat,
3371 2391 3679 2460 praesertim

2091 2486 2314 2558 quando
2342 2499 2469 2540 eum
2500 2485 2670 2556 regiis
2695 2483 3006 2556 insignibus
3027 2490 3288 2537 ornatum
3322 2497 3448 2536 cum
3479 2484 3683 2552 papnln

2095 2594 2256 2650 agere
2293 2562 2464 2643 vidit;
2496 2592 2560 2632 ac
2612 2577 2872 2631 maritum
2902 2574 3298 2637 exstimulavit,
3338 2584 3399 2627 ut
3448 2572 3681 2626 Romam

2091 2672 2376 2744 profectus
2403 2685 2592 2741 parem
2625 2670 2898 2724 honorem
2924 2665 3184 2721 ambiret.
3219 2665 3322 2732 Qui
3361 2679 3487 2720 eum
3517 2665 3683 2735 quie-

2094 2775 2185 2822 tus
2204 2780 2326 2821 esse
2357 2765 2570 2830 mallet,
2612 2761 2812 2816 mulier
2839 2759 3229 2814 vehementius
3282 2756 3473 2824 instat,
3525 2757 3682 2827 regni

2093 2872 2258 2912 causa
2282 2856 2416 2910 nihil
2445 2871 2557 2910 non
2585 2856 2766 2909 facere
2799 2852 3031 2923 jubens;
3059 2865 3240 2920 neque
3269 2850 3482 2905 destitit
3502 2849 3680 2920 prius,

2093 2969 2256 3023 quam
2287 2950 2586 3012 Herodem,
2612 2948 2779 3003 etiam
2810 2946 3067 3010 invitum,
3102 2945 3331 2998 insuam
3349 2946 3681 2999 sententiam

2095 3043 2477 3115 pertraxisset.
2516 3041 2748 3094 Romam
2783 3037 2950 3108 igitur
2983 3051 3108 3092 cum
3133 3050 3305 3091 uxore
3337 3037 3536 3106 pergit.
3570 3035 3678 3091 Sed

2094 3143 2150 3190 et
2180 3135 2417 3203 Agrippa
2439 3132 2504 3186 ad
2531 3130 2676 3184 idem
2703 3129 2808 3184 iter
2828 3143 2886 3183 se
2911 3141 3133 3198 parans,
3165 3140 3336 3180 unum
3364 3141 3430 3180 ex
3464 3125 3682 3180 libertis

2096 3231 2388 3302 praemisit,
2419 3223 2738 3297 imperatori
2778 3237 3011 3280 munera
3031 3221 3320 3277 etlitteras
3343 3223 3536 3274 contra
3569 3219 3680 3274 lle-

2096 3323 2287 3378 rodem
2316 3321 2660 3376 all‘erentem.
2695 3317 2862 3372 Caius
2887 3329 3018 3370 vero
3049 3323 3167 3368 tum
3194 3311 3414 3367 Baiisin
3442 3311 3682 3380 Campa-

2094 3415 2202 3469 nire
2231 3411 2492 3483 oppidulo
2523 3409 2747 3480 degens,
2781 3405 2982 3461 eodem
3020 3413 3271 3473 tempore
3301 3411 3358 3456 et
3389 3401 3589 3456 Herodi
3625 3403 3682 3455 in

2094 3515 2451 3572 conspectum
2486 3501 2716 3574 prodiit,
2747 3508 2806 3554 et
2838 3498 3092 3569 Agrippae
3121 3497 3338 3551 litteras
3367 3494 3522 3565 legit,
3552 3496 3682 3562 qni-

2053 3613 2056 3616 '
2095 3603 2201 3656 bus
2235 3598 2325 3652 ille
2366 3590 2732 3652 accusabatur
2771 3592 2920 3663 quod
2956 3606 3083 3646 eum
3119 3589 3320 3661 Sejano
3355 3597 3550 3643 contra
3581 3586 3681 3641 Ti-

2095 3691 2236 3748 berii
2302 3689 2598 3760 imperium
2651 3685 3045 3755 conspirasset,
3104 3697 3169 3737 ac
3216 3696 3341 3736 cum
3398 3678 3680 3734 Artabano

2095 3783 2424 3838 Parthorum
2484 3794 2610 3849 rege
2641 3786 2834 3832 contra
2873 3776 3053 3845 ipsum
3083 3772 3277 3829 Caium
3308 3788 3324 3839 ;
3355 3781 3682 3843 argumento

2095 3888 2216 3929 esse
2259 3885 2411 3925 arma
2445 3869 2499 3924 in
2533 3865 2979 3922 armamentariis
3009 3865 3078 3918 ab
3141 3861 3361 3918 Herode
3414 3862 3678 3931 reposita.

2095 3962 2298 4033 quibus
2325 3976 2426 4014 ιιι
2451 3959 2698 4014 virorum
2728 3957 2897 4012 millia
2925 3955 3127 4009 armari
3160 3953 3393 4024 possint.
3424 3953 3589 4008 Caius
3609 3969 3680 4008 eo

2096 4055 2305 4123 scripto
2336 4061 2538 4114 motus,
2565 4049 2838 4104 Herodem
2875 4057 3052 4120 rogat,
3089 4063 3160 4102 an
3181 4060 3312 4102 vcra
3346 4053 3534 4100 essent
3556 4062 3681 4115 quae

2096 4146 2164 4201 de
2191 4145 2360 4199 armis
2388 4142 2730 4198 dicerentur.
2775 4141 2876 4195 Illo
2923 4139 3251 4203 afﬁrmante,
3279 4136 3492 4193 credito
3520 4137 3680 4192 defc-

2097 4237 2300 4294 ctionis
2353 4236 2609 4302 crimine,
2671 4233 3026 4289 tetrarchiam
3076 4239 3136 4286 et
3207 4229 3497 4299 pecuniam
3555 4229 3682 4295 ejus

2096 4331 2350 4401 Agrippae
2380 4327 2570 4394 donat,
2595 4328 2774 4398 ipsum
2817 4331 3085 4395 perpetuo
3108 4321 3306 4378 exsilio
3323 4320 3548 4374 multat.
3579 4319 3682 4372 ile-

2098 4420 2312 4476 rodiadi
2340 4434 2473 4474 vero
2509 4417 2800 4488 pecuniam
2826 4429 2948 4486 qua:
2996 4413 3064 4468 ad
3129 4413 3304 4482 ipsam
3349 4410 3679 4482 pertineret,

2097 4516 2393 4583 concessit,
2419 4529 2601 4584 neque
2639 4512 2819 4568 exsilii
2843 4509 3026 4565 mariti
3067 4508 3393 4580 participem
3421 4519 3543 4559 esse
3583 4521 3682 4559 vo-

2101 4611 2228 4676 luit,
2263 4608 2335 4664 ob
2368 4607 2597 4663 fratrem
2641 4605 2964 4676 Agrippam.
3005 4604 3102 4657 illa
3132 4615 3265 4657 vero
3319 4599 3452 4655 Caio
3489 4599 3682 4669 gratiis

2103 4701 2262 4772 actis,
2304 4717 2411 4755 non
2438 4715 2658 4770 aequum
2689 4713 2811 4753 esse
2838 4695 3002 4763 dixit,
3030 4693 3291 4749 maritum
3322 4691 3378 4746 in
3397 4691 3564 4745 rebus
3587 4691 3668 4743 ad.

2102 4795 2279 4849 versis
2291 4793 2452 4864 277
2485 4792 2767 4853 deserere,
2800 4789 2888 4845 cui
2917 4803 3102 4843 rerum
3133 4784 3505 4840 secundarum
3535 4783 3682 4836 socia

2100 4900 2157 4943 et
2191 4889 2468 4958 particeps
2503 4885 2723 4940 fuisset.
2749 4882 3022 4939 Cteterum
3055 4878 3242 4940 Caius,
3303 4892 3450 4931 anno
3504 4874 3682 4945 primo

2099 4991 2156 5040 et
2187 4981 2433 5039 secundo
2462 4977 2807 5034 moderatius
2834 4990 2892 5030 se
2917 4973 3106 5045 gessit,
3130 4970 3223 5026 sed
3253 4968 3517 5039 temporis
3556 4981 3680 5036 pro-

2101 5065 2294 5148 gressu
2322 5089 2379 5130 se
2409 5075 2588 5144 ipsum
2621 5085 2722 5141 pro
2751 5069 2857 5124 deo
2907 5076 2964 5122 et
3018 5064 3210 5120 haberi
3240 5071 3298 5118 et
3335 5061 3442 5116 coli
3483 5059 3680 5113 voluit.

2102 5166 2234 5222 Orta
2265 5181 2433 5235 porro
2467 5165 2612 5218 inter
2635 5159 3066 5223 Alexandrinos,
3111 5155 3332 5212 Judmos
3375 5162 3433 5207 et
3459 5149 3681 5205 Grmcos

2103 5263 2399 5327 seditione,
2430 5259 2571 5316 terni
2595 5259 2664 5313 ab
2697 5267 2933 5327 utraque
2958 5253 3198 5308 factione
3215 5246 3380 5318 legati
3397 5244 3462 5298 ad
3487 5242 3680 5299 Caium

2103 5356 2346 5411 iverunt.
2459 5407 2471 5414 _

423 5467 731 5539 Ἡρωδιάδι
774 5469 854 5536 δέ,
906 5469 982 5532 ώς
1029 5469 1338 5540 Ἀγρίππου
1400 5469 1682 5542 ὁμαίμονι,
1755 5467 1825 5522 τά
1866 5484 1923 5520 τε
1962 5467 2243 5540 χρήματα.
2321 5465 2422 5518 ὅσα
2468 5460 2654 5534 ἐκείνῃ
2689 5460 2960 5531 διέφερεν,
3012 5455 3220 5509 ἐδίδου·
3253 5449 3349 5505 καὶ
3393 5446 3529 5542 μηδέ
3563 5462 3681 5542 xei—-

345 5563 374 5583 ’·
409 5567 606 5619 νωνεῖν
666 5565 887 5619 ἐκέλευε
938 5565 1038 5634 τῆς
1103 5539 1282 5634 φυγῆς
1331 5563 1411 5633 τῷ
1441 5539 1444 5540 ν
1475 5539 1652 5634 ἀνδρὶ,
1712 5561 1802 5615 διὰ
1864 5561 1958 5616 τὸν
2007 5539 2010 5540 ν
2058 5559 2380 5630 Δγρίππαν.
2455 5555 2521 5608 Ἦ
2557 5554 2614 5608 δὲ
2655 5553 2886 5625 χάριτας
2929 5549 3029 5620 μὲν
3077 5545 3349 5618 ὡμολόγει
3418 5540 3586 5612 Γαΐῳ,
3617 5539 3680 5594 οὐ

1552 5709 1554 5712 ’
1611 5703 1811 5763 Vorim
1852 5702 2166 5766 lectiones
2220 5708 2278 5764 et
2316 5679 2508 5761 notua.

487 5840 602 5906 (69.)
641 5835 907 5908 ἸΙμερῶν
951 5834 1020 5890 δὲ
1061 5832 1252 5903 τριῶν.
1280 5831 1378 5888 Ms.
1404 5833 1641 5904 μετρίων
1672 5835 1752 5888 δέ.
