4074 6392
438 334 548 399 487

1709 320 2038 385 JOANNIS
2067 318 2390 380 ΖΟΝΛΒᾸΞ

3583 307 3696 371 488

432 454 642 508 δίκαιον
694 451 740 504 δ’
772 447 956 516 ελεγεν
1003 440 1165 509 εῖναι,
1229 442 1330 513 τῆς
1379 438 1725 512 εὐδαιμονίας
1773 437 1854 507 τῷ
1922 435 2080 508 όινδρλ⁵
2119 435 2534 506 κοινωνήσασαν
2589 429 2980 502 ἐγκαταλιπεῖν
3027 427 3121 483 ἐπὶ
3164 428 3284 492 ταῖς
3333 427 3701 497 δυσπραγίαις

433 548 620 602 αὐτόν.
666 545 726 597 '0
758 543 944 614 μέντοι
965 540 1127 601 Γάϊος
1155 535 1247 590 τὸν
1276 536 1375 606 μὲν
1399 536 1613 606 πρῶτον
1645 532 1893 586 ἐνιαυτὸν
1944 528 2042 583 καὶ
2076 529 2168 583 τὸν
2221 526 2308 597 ἐφ’
2380 526 2510 596 ἑξῆς
2562 526 2931 597 μετριώτερον
2967 524 3166 595 ἐχρῆτο
3209 523 3324 586 τοῖς
3380 521 3696 594 πράγμασι⁶

435 638 646 710 προῖὼν
691 610 1086 697 δὲ’ὲξεθείαζεν
1119 627 1335 692 ἑαυτὸν,
1376 627 1471 680 καὶ
1505 623 1664 679 θεοῦν
1735 619 2038 690 ἐπεχείρει.
2082 617 2194 670 Kal
2241 616 2307 688 δὴ
2360 617 2605 679 στάσεως
2676 613 2972 684 γεγονυίας
3032 614 3148 677 τοῖς
3207 613 3268 668 ὲν
3317 610 3702 682 ’Δλεξανδρείᾳ

447 708 722 792 Ἰουδαίοις
753 727 846 780 καὶ
886 724 1134 792 Ἕλλησι,
1174 723 1327 792 τρεῖς
1368 721 1463 788 ἀφ’
1489 717 1754 787 ἑκατέρου
1809 714 2009 784 μέρους
2044 712 2302 781 παρῆσαν
2335 710 2472 780 πρὸς
2503 710 2666 763 Γάϊον
2701 708 3064 777 πρεσϐευταί.

385 828 394 875 ἑ
505 823 578 879 Χ.
610 821 750 891 Apio
790 835 926 875 vero
959 815 1462 872 Alexandrinorum
1516 814 1824 884 legatorum
1868 822 2014 864 unus
2041 810 2089 866 Α

433 933 561 972 eum
591 915 697 968 alia
725 911 930 967 Judaeis
953 910 1176 981 ohjecit,
1208 917 1326 963 tum
1355 907 1512 972 illud,
1541 921 1666 961 cum
1689 917 1883 960 omnes
1909 902 2020 957 Ro-

434 1021 614 1061 manae
651 1002 953 1074 provinciae
973 999 1105 1055 Caio
1147 997 1353 1068 templa
1380 1005 1436 1052 et
1469 1011 1594 1050 aras
1616 994 1912 1055 aediﬁcent,
1941 989 2020 1045 di-

433 1096 702 1162 vinosque
727 1091 966 1145 honores
993 1089 1324 1153 decernant,
1371 1102 1470 1142 eos
1501 1085 1650 1140 solos
1677 1081 2013 1155 ignominio-

437 1202 560 1242 sum
593 1185 817 1248 ducere,
847 1198 974 1237 eum
999 1181 1198 1236 statuis
1219 1180 1519 1245 honorare,
1543 1194 1607 1234 ac
1639 1192 1739 1247 per
1769 1177 1887 1247 ejus
1914 1188 2020 1230 no-

437 1293 565 1332 men
614 1277 821 1348 jurare.
882 1273 1166 1330 Philonem
1206 1287 1340 1328 vero
1408 1269 1654 1326 Judaica:
1726 1265 2019 1339 legationis

436 1372 768 1442 principem,
795 1369 972 1423 virum
1001 1367 1294 1429 illustrem,
1323 1373 1379 1419 et
1401 1360 1763 1433 philosophia:
1785 1375 1897 1414 non
1918 1373 2018 1414 ex-

437 1475 675 1535 pertem,
724 1461 1018 1531 populares
1043 1473 1174 1514 suos
1201 1456 1500 1513 defendere
1546 1461 1823 1525 paratum,
1853 1450 2019 1508 Caius

436 1558 604 1612 verba
645 1555 830 1610 facere
857 1569 966 1608 non
997 1567 1208 1623 passus.
1245 1566 1276 1605 e
1311 1549 1495 1604 medio
1520 1547 1788 1603 excedere
1813 1545 2016 1616 jussit:

435 1665 501 1704 ac
533 1648 669 1703 satis
695 1662 808 1717 prae
833 1662 892 1701 se
918 1645 1068 1708 tulit,
1094 1660 1152 1699 se
1177 1642 1389 1698 cladem
1443 1640 1650 1696 Judaeis
1701 1639 2013 1694 illaturum.

434 1740 507 1796 At
539 1739 694 1794 Philo
723 1737 1124 1793 contumeliose
1173 1733 1418 1799 habitus,
1467 1731 1689 1788 Judaeos
1726 1730 1824 1800 qui
1876 1726 2016 1783 foris

435 1830 716 1892 astabant,
752 1828 916 1882 bonis
939 1824 1141 1880 animis
1170 1823 1490 1895 essejussit.
1520 1819 1715 1877 Caium
1731 1817 1878 1875 enim
1902 1832 2016 1873 non

438 1924 594 1994 ipsis,
619 1921 716 1977 sed
749 1921 854 1991 ipsi
878 1921 988 1976 Deo
1011 1918 1328 1975 insultasse.
1351 1917 1554 1973 Verum
1579 1914 1884 1984 Imperator
1903 1927 2016 1967 non

437 2014 729 2071 ferendum
762 2022 936 2078 ratus,
972 2012 1017 2068 si
1051 2028 1080 2066 a
1110 2011 1314 2068 Judazis
1346 2024 1448 2080 pro
1484 2008 1590 2064 deo
1638 2023 1753 2063 non
1802 2007 2018 2062 colere-

439 2115 557 2175 tur,
585 2106 907 2161 Petronium
931 2105 1151 2160 Vitellio
1191 2116 1568 2159 successorem
1586 2099 1774 2165 mittit,
1805 2108 1862 2154 et
1888 2112 2014 2153 cum

439 2211 641 2267 magna
676 2210 844 2249 manu
877 2196 933 2250 in
963 2194 1208 2250 Iudaeam
1234 2192 1568 2264 profectum,
1628 2204 1783 2246 suam
1817 2187 2015 2260 imagi-

438 2307 568 2348 nem
603 2292 658 2345 in
683 2289 888 2359 templo
922 2288 1018 2343 Dei
1049 2287 1321 2342 collocare
1347 2284 1524 2356 jubet.
1557 2283 1717 2350 Quod
1753 2283 1800 2339 si
1829 2283 2019 2338 volen-

440 2397 525 2440 tes
552 2381 858 2438 concedere
883 2380 1082 2445 nolint,
1109 2386 1170 2433 ut
1200 2394 1298 2448 per
1320 2377 1430 2432 vim
1455 2384 1512 2432 et
1541 2376 1712 2432 armis
1740 2375 1797 2431 id
1831 2374 2017 2432 faciat.

439 2473 738 2532 Petronius
768 2472 938 2544 Syriae
959 2480 1199 2542 przetura
1239 2475 1515 2537 suscepta,
1548 2465 1900 2537 imperatoris
1923 2480 2021 2520 ex-

440 2565 599 2636 sequi
622 2566 772 2636 jussa
806 2561 1162 2633 properabat.
1193 2558 1300 2614 Sed
1328 2574 1453 2613 cum
1498 2555 1894 2611 Ptolemaidem
1924 2570 2022 2611 ve-

439 2660 639 2726 nisset,
662 2656 981 2713 Iudaeorum
1016 2653 1188 2707 multa
1213 2650 1382 2705 millia
1404 2664 1531 2704 eum
1559 2647 1838 2713 adierunt,
1856 2663 2020 2702 oran-

434 2753 581 2807 tium
612 2765 682 2804 ne
715 2749 784 2803 ad
832 2748 1006 2818 patria
1048 2745 1300 2800 instituta
1347 2741 1606 2797 violanda
1663 2749 2016 2818 cogerentur.

432 2843 541 2899 .Sin
575 2841 743 2896 nullis
767 2839 1030 2910 precibus
1066 2844 1409 2900 moveretur,
1445 2844 1506 2888 ut
1533 2849 1592 2888 se
1640 2833 1796 2903 prius
1840 2814 2018 2887 inter-

441 2935 626 2999 feetis,
660 2934 737 2988 ita
773 2933 998 2988 demum
1059 2938 1295 2984 statuam
1354 2927 1670 2982 collocaret.
1729 2924 2021 2978 Petronius

439 3024 748 3096 respondit,
794 3023 839 3077 si
869 3033 1060 3091 suapte
1097 3019 1394 3073 autoritate
1421 3017 1513 3070 illa
1541 3022 1748 3085 ageret,
1772 3012 1895 3083 jure
1935 3027 2022 3066 se-

438 3131 570 3173 cum
611 3117 696 3185 agi
725 3128 915 3184 posse;
952 3111 1048 3166 sed
1083 3110 1212 3180 quia
1244 3106 1721 3178 Caesariussisset,
1778 3103 2022 3159 decretis

442 3209 594 3264 illius
619 3206 937 3262 necessario
994 3199 1461 3272 acquiescendum
1511 3213 1656 3253 esse.
1707 3196 1803 3251 llis
1857 3195 2020 3250 dictis

441 3295 794 3352 Tiberiadem
817 3292 990 3358 venit,
1019 3290 1336 3347 Judaorum
1363 3289 1581 3343 animos
1606 3286 2017 3357 exploraturus.

442 3390 552 3446 Sed
589 3388 664 3444 ibi
689 3402 910 3456 quoque
940 3386 1114 3441 multa
1133 3383 1451 3442 Judaeorum
1481 3381 1655 3437 millia
1684 3379 1736 3435 ei
1759 3393 2021 3434 occurre-

2183 805 2240 862 l'.
2289 805 2496 860 Ἀπίων
2539 804 2654 875 (70)
2688 804 2745 857 δὲ
2793 804 2904 859 τῶν
2968 803 3367 878 Ἀλεξανδρέων
3414 805 3701 876 πρεσϐἐων

2121 895 2222 964 εἷς,
2250 897 2385 952 ἄλλα
2415 915 2476 950 τε
2513 897 2815 968 κατηγόρει
2841 897 2951 952 τῶν
2995 897 3292 964 Ἰουδαίων,
3332 900 3427 954 καὶ
3447 901 3523 963 ὡς
3563 899 3701 954 πάν-

2118 1006 2230 1045 των
2273 989 2384 1044 τῶν
2439 988 2545 1044 ὑπό
2611 989 2942 1061 Ῥωμαίους,
3003 990 3224 1062 βωμοὺς
3271 990 3351 1062 τῷ
3403 992 3548 1063 Γαΐῳ
3605 994 3703 1046 καὶ

2119 1083 2284 1148 ναοὺς
2337 1083 2710 1150 άνιστώντων,
2764 1085 2862 1139 καὶ
2894 1084 2970 1149 ώς
3019 1084 3141 1139 θεὸν
3197 1084 3511 1154 τιμώντων,
3551 1080 3701 1140 οὗτοι

2121 1178 2277 1247 μόνοι
2327 1177 2518 1244 ἄδοξον
2564 1179 2800 1251 ἥγηνται
2841 1180 3092 1252 ἀνδριᾶσι
3153 1180 3320 1249 τιμᾷν
3357 1179 3542 1244 αὑτὸν,
3604 1181 3702 1232 καὶ

2119 1269 2308 1340 ὅρκιον
2346 1270 2516 1326 αὐτοῦ
2557 1271 2834 1326 ποιεῖσθαι
2861 1271 2923 1326 τὸ
2952 1272 3146 1342 ὄνομα.
3200 1272 3326 1325 Ἐπὶ
3363 1271 3574 1334 τούτοις
3607 1271 3700 1324 Φί-

2117 1359 2268 1429 λων,
2309 1361 2407 1431 τῆς
2435 1362 2543 1416 τῶν
2622 1362 2894 1418 Ἰουδαίων
2960 1363 3262 1434 πρεσϐείας
3317 1363 3697 1434 προεστηκὼς,

2116 1455 2257 1526 ἀνὴρ
2297 1453 2512 1520 ἔνδοξος
2551 1455 2650 1510 καὶ
2708 1457 3030 1527 φιλοσοφίας
3058 1457 3161 1511 οὐκ
3190 1458 3441 1530 ἄπειρος,
3481 1457 3700 1527 ἕτοιμος

2115 1542 2185 1618 ἦν
2220 1548 2817 1619 ὑπεραπολογήσασθαι
2856 1552 2966 1604 τῶν
2996 1551 3274 1621 ὁμοεθνῶν
3299 1567 3313 1585 ο
3357 1553 3385 1605 6
3433 1550 3492 1604 δὲ
3538 1550 3702 1613 Γάϊος

2116 1639 2217 1693 οὐκ
2239 1640 2519 1710 ἠνέσχετο,
2558 1639 2827 1704 κελεύσας
2857 1641 3108 1697 ἐκποδὼν
3139 1639 3566 1703 ἀπελεύσεσθαι,
3604 1639 3704 1709 δῆ-

2119 1729 2218 1794 λός
2262 1748 2324 1785 τε
2367 1728 2437 1804 ἦν
2476 1731 2746 1788 κακώσων
2791 1732 3014 1797 αὐτούς.
3050 1733 3161 1786 Καὶ
3190 1735 3218 1786 6
3247 1731 3424 1786 Φίλων
3465 1729 3703 1798 ἐξελθὼν

2117 1825 2604 1897 περιυϐρισμένος,
2647 1824 2785 1896 φησὶ
2833 1825 2973 1896 πρὸς
3021 1825 3152 1890 τοὺς
3194 1824 3326 1894 περὶ
3357 1824 3524 1878 αὑτὸν
3565 1825 3702 1878 Ἰου-

2114 1916 2321 1981 δαίους,
2357 1918 2434 1981 ὡς
2471 1919 2578 1988 χρὴ
2607 1916 2855 1989 θαρρεῖν,
2888 1916 2952 1970 οὐ
2991 1916 3102 1988 γὰρ
3129 1917 3210 1980 είς
3239 1916 3441 1980 αὐτοὺς
3478 1918 3512 1970 ὁ
3538 1916 3701 1980 Γάϊος

2117 2010 2542 2082 πεπαρῴνηκεν,
2571 2011 2649 2073 είς
2679 2010 2737 2064 δὲ
2773 2011 2834 2065 τὸ
2864 2010 3022 2064 Θεῖον
3055 2009 3210 2065 αὐτό.
3251 2010 3310 2067 '0
3348 2011 3395 2064 δ’
3427 2011 3704 2081 αὐτοκρά-

2117 2120 2230 2174 τωρ
2281 2101 2455 2156 δεινδν
2501 2101 2828 2173 ἡγούμενος,
2879 2100 2984 2155 ὑπὸ
3024 2100 3298 2156 Ἰουδαίων
3349 2101 3424 2174 μὴ
3471 2102 3546 2162 ὡς
3582 2101 3706 2166 θεὸς

2120 2194 2483 2265 σεϐασθῆναι,
2514 2195 2823 2266 Πετρώνιον
2851 2193 3134 2265 ἐκπέμπει
3167 2193 3415 2265 διάδοχον
3439 2193 3542 2260 τῆς
3571 2193 3704 2246 Οὐϊ-

2117 2291 2331 2346 τελλίου
2379 2289 2580 2361 ἀρχῆς,
2616 2289 2883 2352 κελεύσας
2928 2289 3077 2360 χειρῖ
3125 2288 3294 2360 πολλῇ
3327 2288 3591 2360 ἐμϐαλεῖν
3626 2289 3706 2351 είς

2120 2384 2220 2454 τὴν
2265 2383 2550 2448 Ἰουδαίαν,
2589 2383 2684 2436 καὶ
2709 2383 2860 2453 ίστᾷν
2885 2381 3053 2436 αὐτοῦ
3078 2381 3375 2453 ἀνδριάντα
3406 2383 3465 2434 ἑν
3493 2379 3570 2451 τῷ
3593 2379 3705 2450 ναῷ

2119 2475 2216 2528 τοῦ
2251 2474 2414 2530 Θεοῦ.
2452 2475 2514 2528 El
2544 2475 2602 2529 δὲ
2655 2474 2733 2546 μὴ
2766 2474 2989 2538 ἑκόντες
3024 2475 3435 2545 παραχωροῖεν,
3480 2473 3705 2543 πολέμῳ

2119 2566 2480 2636 κρατήσαντα
2507 2562 2668 2619 τοῦτο
2711 2567 2908 2621 ποιεῖν.
2938 2566 3048 2618 Kal
3073 2566 3100 2617 6
3141 2567 3457 2636 Πετρώνιος
3483 2563 3581 2631 τὴν
3607 2564 3707 2632 τῆς

2121 2659 2323 2729 Συρίας
2353 2656 2710 2728 παρειληφὼς
2739 2657 2936 2727 ἀρχὴν,
2970 2657 3238 2728 ἠπείγετο
3272 2656 3581 2728 πληρώσων
3607 2656 3708 2720 τὰς

2121 2751 2215 2803 τοῦ
2253 2749 2534 2819 Καίσαρος
2584 2749 2828 2811 ἐντολάς.
2869 2749 2983 2802 Καὶ
3030 2750 3111 2811 εἰς
3156 2749 3505 2819 Πτολεμαΐδα
3548 2766 3707 2818 γενο-

2126 2841 2274 2912 μένῳ
2310 2839 2620 2912 προσῆλθον
2665 2839 2939 2894 Ἰουδαίων
2977 2839 3174 2893 πολλαὶ
3203 2840 3488 2912 μυριάδες,
3515 2841 3707 2912 δεόμε-

2122 2951 2211 2986 ναι
2237 2933 2310 3003 μὴ
2343 2931 2629 3002 βιάζεσθαι
2658 2933 2799 3001 σφᾶς
2825 2933 2919 2985 ἐπὶ
2950 2931 3264 3002 παραϐάσει
3294 2933 3403 2986 τῶν
3435 2936 3705 3004 πατρίων.

2124 3025 2186 3077 Εἰ
2217 3024 2262 3076 δ’
2292 3024 2669 3096 ἀπαραίτητος
2696 3020 2768 3091 εἴ,
2800 3024 2992 3093 ἔλεγον
3023 3026 3292 3096 πρότερον
3322 3027 3470 3097 ἡμᾶς
3507 3028 3708 3098 διαχει-

2125 3114 2446 3184 ρισάμενος,
2485 3113 2661 3176 οὕτως
2693 3113 2817 3168 ῖστα
2847 3115 2909 3168 τὸ
2943 3113 3190 3185 ἄγαλμα.
3224 3117 3534 3189 Πετρώνιος
3563 3118 3612 3172 δ’
3639 3121 3707 3173 ά-

2124 3203 2429 3274 πεκρίνατο
2473 3203 2572 3268 ὡς·
2615 3206 2679 3259 Εἰ
2715 3205 2817 3276 μὲν
2851 3207 2946 3274 ἀφ’
2977 3207 3179 3261 ἑαυτοῦ
3225 3207 3380 3263 ταῦτ’
3410 3209 3702 3280 ἔπραττεν,

2121 3297 2333 3361 δίκαιος
2371 3293 2440 3368 ἦν
2470 3297 2610 3368 πρός
2645 3315 2717 3369 με
2755 3298 2886 3369 ὑμῖν
2913 3300 2941 3352 6
2974 3299 3134 3370 λόγος
3154 3317 3168 3330 ·
3197 3302 3484 3374 Καίσαρος
3521 3304 3579 3358 δὲ
3610 3323 3706 3358 κε-

2124 3395 2439 3456 λεύσαντος,
2473 3392 2627 3445 πᾶσα
2655 3391 2788 3460 ἀνάγ
2800 3408 2874 3463 κη
2902 3391 2974 3446 τά
3004 3393 3201 3462 ἐκείνῳ
3227 3394 3526 3467 δεδογμένα
3565 3399 3707 3470 πλη-

443 3487 598 3542 runt,
631 3475 824 3533 itidem
855 3476 1159 3540 orantium,
1193 3489 1264 3529 ne
1296 3472 1402 3529 sibi
1452 3473 1565 3527 vim
1599 3468 1843 3531 afferret,
1882 3483 2019 3524 neve

2125 3486 2273 3559 ροῢν.
2305 3485 2497 3540 Ταῦτα
2543 3483 2738 3552 εἰπὼν,
2775 3485 2870 3539 ἐπὶ
2897 3486 3196 3558 Τιϐεριάδα
3243 3489 3498 3557 ἀφίκετο,
3531 3468 3704 3546 κατα-

435 3569 640 3624 .urbem
667 3566 976 3624 simulacro
1007 3565 1314 3636 pollueret;
1347 3563 1442 3634 qui
1461 3577 1506 3617 -a
1530 3559 1791 3617 Petronio
1817 3558 2016 3630 rogati,

441 3676 576 3717 num
619 3659 827 3714 bellum
859 3657 1070 3728 gesturi
1125 3664 1344 3722 essent,
1406 3669 1466 3709 se
1510 3653 1718 3709 bellum
1762 3659 2019 3724 gesturos

435 3767 564 3808 esse
585 3759 880 3823 negarunt,
913 3734 1008 3806 sed
1033 3748 1218 3805 statim
1263 3756 1499 3803 mortem
1543 3745 1888 3817 oppetituros
1915 3757 2020 3814 po-

442 3845 576 3910 tius,
608 3857 774 3914 quam
802 3843 1201 3898 commissuros
1235 3849 1298 3897 ut
1329 3839 1510 3910 patria
1554 3839 1808 3893 instituta
1843 3835 2019 3890 viola-

441 3947 590 4004 rent,
621 3935 923 4007 acjugulos
956 3942 1345 4004 porrexerunt.
1376 3930 1472 3986 His
1498 3946 1597 4002 per
1629 3929 1748 3984 dies
1771 3944 1836 3983 ιι.
1861 3927 2019 3993 actis,

442 4027 802 4085 Aristobulus
845 4026 1100 4097 Agrippa:
1139 4023 1332 4088 frater,
1365 4033 1422 4079 et
1460 4022 1552 4078 alii
1587 4022 1754 4092 278
1777 4019 2018 4085 delecti,

440 4123 766 4181 Petronium
791 4121 998 4192 precati
1029 4127 1179 4184 sunt,
1205 4134 1276 4175 ne
1320 4119 1490 4174 rebus
1541 4115 1812 4174 novandis
1849 4129 2026 4184 popu-

439 4217 557 4272 lum
589 4215 657 4269 ad
713 4212 1156 4283 deSperationem
1199 4210 1530 4280 impelleret,
1576 4207 1674 4263 sed
1718 4205 1787 4260 ad
1829 4204 2021 4260 Caium

436 4308 742 4372 scriberet,
781 4303 1250 4375 quemadmodum
1291 4301 1463 4359 Judaei
1495 4299 1664 4356 nullis
1715 4297 2026 4353 rationibus

438 4398 512 4452 ad
543 4405 784 4453 statuam
819 4394 1199 4465 recipiendam
1235 4391 1437 4446 adduci
1472 4395 1720 4460 possent.
1751 4384 2026 4441 Fortassis

436 4490 593 4545 enim
624 4505 752 4544 eum
777 4489 1086 4558 mitigatum
1118 4485 1210 4552 iri,
1241 4493 1297 4540 et
1323 4481 1651 4538 sententiam
1679 4488 2023 4534 mutaturum

442 4596 592 4637 esse.
620 4582 726 4636 .Sin
763 4581 821 4634 in
857 4579 1142 4649 proposito
1189 4579 1595 4646 perseveraret,
1636 4580 1753 4626 tum
1798 4579 1856 4625 et
1906 4568 2026 4640 ipse

443 4689 565 4729 rem
610 4673 1026 4744 aggrederetur.
1083 4671 1180 4725 His
1234 4666 1529 4723 Petronius
1581 4664 1901 4727 obsecutus,
1953 4660 2024 4715 ad

438 4764 638 4819 Caium
667 4778 733 4818 ea
763 4763 830 4817 de
856 4778 913 4817 re
940 4762 1184 4831 scripsit.
1216 4760 1380 4830 Regis
1405 4772 1536 4811 vero
1556 4755 1809 4825 Agrippae
1835 4753 2024 4807 Romae

2127 3579 2338 3648 νοήσων
2389 3578 2468 3640 ὡς
2520 3575 2748 3649 γνώμης
2799 3577 3017 3649 ἔχουσιν
3068 3579 3314 3635 Ἰουδαῖοι
3364 3582 3460 3636 καὶ
3509 3583 3708 3638 πολλαὶ

2131 3669 2396 3742 μυριάδες
2423 3669 2704 3741 συνήντων
2735 3670 2907 3739 αὐτῷ,
2943 3670 3308 3740 ἱκετεύουσαι,
3331 3673 3407 3745 μὴ
3430 3676 3513 3738 είς
3536 3676 3709 3744 ἀνάγ-

2128 3779 2232 3826 κας
2261 3763 2462 3827 αὐτοὺς
2502 3761 2797 3834 καθιστᾷν,
2831 3763 2967 3834 μηδὲ
3003 3765 3240 3834 μιαίνειν
3279 3763 3559 3838 ἀνδριάντι
3605 3769 3708 3841 τὴν

2125 3856 2303 3911 πόλιν.
2344 3856 2457 3910 Kal
2483 3856 2512 3908 6
2546 3857 2858 3930 Πετρώνιος
2899 3857 3028 3928 ἔφη,
3071 3858 3417 3930 Πολεμήσετε
3459 3857 3604 3930 ἄρας
3643 3864 3708 3916 Οί

2125 3946 2171 4001 δ’
2197 3947 2272 4000 Οὐ
2305 3948 2713 4019 πολεμήσομεν,
2742 3949 2978 4018 ἔφασαν,
3012 3951 3390 4021 τεθνηξόμεθα
3418 3954 3476 4008 δὲ
3506 3958 3708 4027 πρότε-

2130 4054 2246 4107 ρον,
2275 4036 2308 4108 ἢ
2337 4039 2656 4112 παραϐῆναι
2687 4038 2755 4093 τὰ
2792 4041 3021 4112 πάτρια’
3055 4043 3150 4096 καὶ
3183 4046 3447 4115 παρεῖχον
3478 4047 3710 4114 ἑαυτοὺς

2127 4129 2601 4200 ἀποσφάττεσθαι.
2655 4133 2768 4186 Kal
2805 4134 2982 4188 ταῦτα
3025 4134 3114 4204 ἐφ’
3144 4135 3359 4207 ἡμέρας
3406 4139 3714 4210 ἐπράττετο

2122 4222 2566 4293 τεσσαράκοντα.
2625 4224 3035 4294 Ἀριστόϐουλος
3063 4226 3121 4280 δὲ
3145 4229 3174 4282 6
3219 4228 3522 4302 Ἀγρίππου
3553 4234 3711 4289 ἀδελ-

2130 4314 2229 4384 φδς
2277 4317 2372 4368 καὶ
2413 4315 2563 4371 ἄλλοι
2619 4316 2732 4371 τῶν
2754 4319 3048 4390 ἐκκρίτων,
3103 4321 3316 4376 ἐδέοντο
3369 4328 3706 4396 Πετρωνίου,

2135 4407 2304 4478 μηδὲν
2345 4410 2428 4470 είς
2467 4409 2728 4464 ἀπόνοιαν
2771 4411 2867 4464 τοῦ
2927 4413 3166 4484 πλήθους
3201 4423 3547 4488 παρακινεῖν,
3574 4421 3710 4475 ἀλλὰ

2131 4497 2368 4567 γράφειν
2413 4499 2551 4568 πρὸς
2599 4499 2766 4552 Γάϊον
2801 4501 2863 4552 τὸ
2893 4501 3193 4572 ἀνήκεστον
3219 4506 3400 4560 αὐτῶν
3429 4508 3564 4577 πρὸς
3609 4510 3710 4576 τὴν

2130 4587 2227 4642 τοῦ
2278 4589 2600 4659 ἀνδριάντος
2649 4592 2940 4664 ὑποδοχήν.
2993 4596 3153 4660 Ἴσως
3201 4598 3312 4668 γάρ
3361 4600 3713 4670 μαλαχθέντα

2131 4680 2320 4746 αὐτὸν,
2372 4681 2685 4754 ἀποστῆναι
2719 4684 2815 4739 τοῦ
2851 4687 3123 4754 δόξαντος.
3162 4691 3225 4745 Ei
3274 4693 3319 4745 6'
3357 4695 3588 4764 ἐμμένοι
3618 4698 3714 4752 καὶ

2133 4771 2292 4835 αὖθις
2349 4775 2416 4844 τῇ
2471 4765 2662 4846 ψήφῳ,
2713 4777 2836 4830 τότε
2883 4781 2978 4833 καὶ
3019 4782 3188 4837 αὑτὸν
3236 4783 3331 4838 τοῦ
3382 4789 3714 4857 πράγματος

442 4855 701 4926 degentis
725 4871 852 4910 cum
887 4853 1019 4909 Caio
1055 4852 1402 4906 familiaritas
1431 4848 1604 4919 magis
1637 4862 1702 4902 ac
1734 4845 1908 4916 magis
1931 4859 2019 4898 au-

2139 4863 2433 4920 ἆπτεσθαι.
2490 4845 2801 4938 Πετρώνιος
2857 4870 2915 4924 δὲ
2962 4872 3232 4942 πεισθεὶς,
3295 4845 3577 4932 ἐπέστειλε
3634 4845 3713 4951 “ait

441 4948 710 5019 gebatur;
740 4947 836 5016 qui
891 4945 1146 5000 convivio
1194 4943 1265 4998 ab
1303 4958 1370 4998 eo
1397 4955 1683 5011 exceptus,
1740 4948 1796 4995 et
1851 4954 2024 4994 coenae

443 5048 704 5108 sumptus
738 5053 800 5091 ac
827 5036 1290 5107 magniﬁcentiam
1324 5034 1650 5098 admiratUS,
1675 5048 1802 5088 eum
1835 5041 2024 5102 petere

441 5131 608 5205 jussit
649 5130 921 5200 quidquid
957 5129 1144 5183 vellet.
1177 5127 1258 5182 lbi
1291 5127 1531 5196 Agrippa
1564 5141 1578 5179 :
1617 5122 1786 5189 Nihil,
1819 5120 2020 5193 inquit,

445 5232 648 5292 petam,
677 5237 780 5292 quo
805 5236 926 5291 opes
953 5235 1082 5274 mea:
1115 5227 1416 5290 augeantur
1448 5232 1467 5271 :
1497 5217 1587 5270 sed
1648 5215 1723 5280 id,
1783 5216 1922 5286 quod
1973 5223 2023 5268 et

447 5315 540 5368 tibi
573 5316 786 5384 pietatis
809 5313 1128 5385 opinionem,
1153 5320 1203 5365 et
1227 5312 1353 5364 mihi
1379 5308 1606 5380 gloriam
1651 5309 1884 5379 parabit.
1918 5305 2023 5362 Oro

446 5407 628 5477 igitur,
671 5418 725 5462 ut
749 5418 946 5463 statuae
975 5407 1356 5460 dedicationem
1387 5405 1441 5458 in
1462 5402 1653 5474 templo
1671 5401 1894 5456 Judaico
1921 5400 2024 5453 Pe-

449 5501 622 5553 tronio
657 5501 936 5568 mandata,
963 5516 1080 5554 mea
1106 5515 1268 5553 causa
1291 5499 1526 5553 omittas.
1555 5493 1814 5560 ldCaius,
1837 5507 2024 5548 coram

2131 4957 2278 5025 Γαίῳ
2312 4959 2442 5027 περὶ
2493 4959 2592 5029 τῆς
2641 4961 2919 5032 πράξεως.
2965 4965 3276 5037 Ἀγρίππας
3311 4970 3367 5023 δὲ
3401 4974 3428 5024 6
3457 4970 3712 5042 βασιλεὺς

2131 5051 2190 5101 ὲν
2228 5047 2417 5120 Ῥώμῃ
2449 5051 2677 5120 διάγων,
2705 5057 3016 5126 προέκοπτε
3053 5061 3122 5131 τῇ
3154 5061 3291 5131 πρὸς
3332 5062 3494 5117 Γαῖον
3543 5068 3709 5120 οἰκει-

2129 5140 2266 5197 ώσει
2286 5159 2301 5175 ο
2333 5143 2675 5246 θαυμασθείς
2703 5165 2764 5246 τε
2797 5150 2857 5203 ἐν
2881 5150 2959 5220 τῷ
2987 5151 3286 5218 δειπνίζειν
3319 5155 3411 5208 τὸν
3437 5157 3713 5246 αὐτοκρά-

2133 5249 2270 5329 τορα
2319 5235 2420 5329 τῆς
2455 5237 2812 5329 πολυτελείας
2865 5242 3027 5312 χάριν
3075 5245 3170 5297 καὶ
3225 5245 3321 5299 τοῦ
3367 5235 3713 5318 μεγαλοπρε-

2134 5324 2292 5410 ποῦς,
2349 5324 2682 5393 αἰτήσασθαι
2724 5333 3120 5400 προετρέπετο,
3167 5333 3196 5386 δ
3252 5335 3320 5389 ἂν
3368 5338 3518 5410 αὐτῷ
3571 5342 3712 5408 πρὸς

2135 5409 2350 5481 βουλῆς.
2387 5413 2445 5468 ὐ
2476 5415 2553 5468 δέ’
2585 5419 2923 5488 Αὶτήσομαί
2959 5439 3054 5491 σε,
3080 5423 3208 5497 ἔφη,
3229 5427 3349 5483 τῶν
3375 5409 3496 5500 μὲν
3521 5429 3711 5485 ὄλϐον

2131 5507 2604 5570 περιποιούντων
2630 5505 2850 5582 οὐδὲν,
2875 5514 2907 5570 ὃ
2937 5515 2990 5570 δ’
3010 5517 3088 5572 ἂν
3111 5521 3214 5575 σοί
3240 5539 3301 5577 τε
3343 5525 3489 5592 πρὸς
3518 5523 3710 5588 δόξαν

1624 5638 1832 5702 Variae
1876 5635 2190 5706 lectiones
2232 5649 2293 5707 et
2324 5653 2515 5712 notae.

517 5764 631 5836 (το)
679 5766 916 5828 Ἀπίων.
937 5769 1095 5830 Colb.
1131 5771 1362 5828 Ἀπιών.

1743 5846 1778 5870 η
