4074 6382
311 327 423 390 ’ίξςῧ

1591 324 2000 386 ANNALIUM
2041 327 2189 387 LIB.
2229 327 2335 390 Vl.

3485 336 3596 400 4'30

327 437 654 501 εὐσεϐείας.
701 434 881 504 κάμοί
928 432 1080 501 πρὸς
1104 433 1393 488 εὔκλειαν
1421 432 1686 502 γένηται.
1742 435 1914 499 Ἀειῶ

2020 445 2132 491 tam
2159 437 2348 492 multis
2382 438 2606 494 mentiri
2640 441 2870 510 veritus,
2903 447 3201 512 concessit,
3226 463 3292 504 ac
3313 450 3384 506 ad
3407 450 3600 507 Petro-

327 552 392 591 σε
437 534 569 602 γὰρ,
611 530 728 596 τὴν
757 527 862 583 τοῦ
899 527 1262 596 ἀνδριάντος·
1287 526 1597 588 ἀνάθεσιν.
1630 526 1710 596 ἣν
1735 527 1909 595 non}-

321 630 541 682 σασθαι
557 621 828 686 κελεύεις
853 618 1190 688 Πετρώνιον
1201 619 1287 684 εις
1308 618 1378 672 τὸ
1396 620 1706 673 Ἰουδαίων
1720 620 1907 687 ἱερὸν,

325 718 393 771 δι’
411 716 520 786 ἐμὲ
570 713 988 779 καταλείψειν.
1019 712 1181 775 Γάϊος
1217 710 1276 764 δὲ
1306 710 1642 782 αἰσχυνθεὶς,
1671 712 1765 764 ἐπὶ
1811 730 1904 766 το-

327 804 427 862 σῶν
458 807 516 861 δὲ
555 806 879 877 μαρτύρων,
907 803 982 874 μὴ
1008 803 1160 868 δόξαι
1191 802 1549 872 ψευδόμενος,
1584 805 1910 874 συνεχώρει,

328 901 414 953 καὶ
463 899 671 967 γράφει
711 895 852 967 πρὸς
899 897 992 950 τὸν
1047 895 1384 966 Πετρώνιον,
1432 895 1482 947 εί
1528 894 1628 965 μὲν
1676 895 1778 965 ήδη
1817 899 1913 949 τὸν

328 991 615 1061 ἀνδριάντα
647 986 856 1058 ἔφθασε
893 989 1115 1057 στῆσαι,
1147 987 1223 1057 μὴ
1256 985 1517 1040 καθελεῖν
1537 1002 1551 1016 ο
1577 987 1626 1040 εί
1653 986 1710 1039 δὲ
1743 986 1914 1056 μήπω

329 1081 616 1150 πεποίηται
647 1080 746 1151 τὴν
779 1078 1061 1138 ἀνάθεσιν,
1093 1079 1294 1149 μηκέτι
1329 1078 1628 1148 πειρᾶσθαι
1677 1078 1912 1149 ποιήσα-

331 1175 470 1226 σθαιο
501 1171 583 1226 Οὺ
612 1173 722 1242 γὰρ
747 1170 836 1223 ἔτι
853 1171 1158 1238 ,ϐούλομαι
1181 1169 1400 1224 τοῦτον
1419 1167 1663 1235 στῆναι,
1681 1167 1778 1222 διὰ
1804 1170 1914 1222 τὸν

341 1266 680 1335 Ἀγρίππαν,
700 1264 892 1332 ἄνδρα
921 1263 1257 1331 τιμώμενον
1278 1262 1416 1330 παρ’
1449 1261 1581 1331 ἐμοί
1586 1301 1599 1315 .
1617 1262 1778 1324 Γαῖος
1813 1261 1914 1330 μὲν

329 1356 418 1411 οῦν
462 1355 640 1410 ταῦτα
691 1355 829 1424 πρὸς
871 1353 1182 1424 Πετρώνιον
1216 1353 1448 1426 γράφει,
1498 1355 1631 1425 πρὶν
1666 1355 1914 1422 ἐντυχεῖν

330 1452 444 1513 ταῖς
481 1449 696 1502 ἐκείνου
748 1445 1088 1512 ἐπιστολαῖς,
1139 1445 1539 1517 ἐμφαινούσαις
1590 1445 1729 1516 πρὸς
1773 1447 1916 1499 ἀπο-

333 1541 557 1594 στασίαν
601 1541 734 1603 τοὺς
788 1538 1089 1599 Ἰουδαίους
1125 1538 1216 1592 διὰ
1244 1539 1336 1592 τὸν
1369 1537 1666 1608 ἀνδριάντα
1699 1538 1917 1606 ἐπείγε-

332 1634 474 1686 σθαι.
513 1633 903 1704 Περιαλγήσας
938 1631 996 1684 δέ
1028 1630 1117 1684 διὰ
1146 1629 1343 1693 ταῦτα,
1377 1631 1580 1700 γράφει
1633 1625 1793 1692 αὖθις
1836 1629 1916 1700 τῷ

331 1725 659 1795 Πετρωνίῳ·
717 1723 888 1777 Ἐπεί
916 1737 1017 1777 σοι
1045 1723 1120 1777 τὰ
1163 1720 1282 1776 τῶν
1324 1720 1622 1776 Ἰουδαίων
1660 1721 1819 1788 δῶρα
1847 1722 1918 1775 ἐν

2014 529 2169 582 nium
2198 529 2463 599 scripsit:
2496 530 2555 586 Si
2602 541 2837 588 statuam
2861 536 2973 605 jam
3009 540 3296 606 erexisset,
3326 559 3394 598 ne
3436 546 3600 600 tolle-

2016 628 2135 687 ret;
2164 620 2250 676 sin
2280 621 2529 676 nondum
2560 624 2910 692 collocasset,
2939 643 3000 682 ut
3017 645 3086 685 eo
3117 643 3319 687 conatu
3349 635 3604 693 abstine-

2015 721 2121 767 ret.
2154 712 2344 782 Neque
2364 713 2512 768 enim
2533 730 2590 769 se
2614 717 2850 786 amplius
2867 734 2986 774 eam
3009 733 3350 789 erecturum,
3375 739 3603 797 propter

2013 804 2336 875 Agrippam,
2364 806 2544 860 virum
2569 822 2730 878 quem
2758 811 3172 880 magnifaceret.
3205 816 3334 870 Haec
3375 817 3442 871 ad
3494 819 3601 874 Pe-

2016 897 2254 951 tronium
2272 897 2514 967 scripsit,
2544 898 2748 955 litteris
2775 903 2925 958 illius
2951 905 3201 960 nondum
3254 906 3434 972 lectis,
3480 926 3605 980 quae

2016 992 2425 1063 signiﬁcabant,
2453 997 2675 1054 Iudaeos
2701 1000 2771 1055 ob
2800 1009 3039 1056 statuam
3067 1003 3216 1059 illam
3264 1005 3335 1060 ad
3376 1007 3608 1062 seditio-

2015 1101 2142 1141 nem
2189 1088 2497 1144 concitatos
2548 1104 2692 1145 esse.
2746 1090 2961 1158 Quibus
3014 1094 3286 1156 irritatus.
3342 1097 3607 1154 Petronio

2016 1178 2305 1248 rescripsit
2343 1199 2356 1234 :
2401 1179 2666 1244 Quoniam
2690 1180 3002 1238 Iudaeorum
3044 1202 3266 1241 munera
3296 1191 3425 1242 meis
3453 1207 3610 1244 man-

2014 1268 2154 1323 datis
2193 1272 2480 1342 praetulisti
2515 1289 2534 1327 :
2564 1283 2622 1328 tu
2668 1276 2794 1347 quid
2825 1277 2918 1330 tibi
2969 1280 3232 1348 agendum
3284 1283 3372 1343 sit,
3413 1283 3608 1338 videlo.

2018 1354 2339 1432 Exemplum
2372 1367 2508 1419 enim
2538 1367 2592 1420 in
2616 1376 2665 1421 te
2696 1368 2872 1431 edam,
2910 1385 3016 1440 quo
3040 1382 3089 1424 et
3119 1383 3402 1442 prresenles
3430 1384 3481 1429 et
3509 1393 3611 1445 po-

2015 1454 2147 1506 steri
2183 1465 2523 1520 moneantur,
2567 1459 2737 1513 edicta
2763 1461 3102 1530 imperatoris
3133 1480 3238 1518 non
3275 1481 3386 1520 esse
3438 1469 3612 1538 negli-

2016 1543 2208 1612 genda.
2231 1543 2342 1600 Has
2365 1546 2581 1604 litteras
2602 1549 2820 1605 vivente
2841 1550 2973 1606 Caio
2998 1553 3290 1610 Petronius
3316 1572 3424 1612 non
3447 1573 3612 1613 act-e-

2018 1633 2119 1704 pit,
2146 1635 2387 1690 sedtum
2431 1637 2681 1705 demum,
2726 1656 2852 1696 cum
2906 1643 3056 1700 illius
3107 1645 3320 1700 obitum
3360 1663 3427 1702 ex
3482 1650 3611 1704 aliis

2019 1724 2226 1781 litteris
2256 1730 2632 1798 cogn0visset.
2669 1731 2804 1787 Caio
2832 1734 2950 1788 viro
2977 1737 3217 1806 pessimo
3249 1754 3348 1808 per
3377 1739 3611 1797 insidias
3655 1785 3670 1801 .

326 1817 548 1886 μείζονι
579 1817 868 1886 γεγόνασι
909 1819 1072 1884 λόγῳ
1117 1813 1239 1868 τῶν
1278 1814 1440 1884 ἐμῶν
1487 1813 1774 1876 ἐντολῶν,
1833 1814 1915 1869 σὺ

2027 1818 2343 1884 interiecto,
2377 1837 2613 1892 quarum
2656 1825 2878 1881 modum
2909 1838 2964 1883 et
2987 1839 3272 1886 auctorem
3327 1833 3383 1887 in
3441 1849 3611 1904 opere

331 1908 444 1963 τῶν
474 1907 611 1977 περὶ
645 1907 911 1962 σεαυτοῦ
939 1907 1008 1960 τὸ
1037 1905 1324 1975 ποιητέον
1355 1906 1744 1976 συλλόγισαι.
1797 1909 1917 1960 Πα-

325 2005 611 2075 ράδειγμα
649 2003 759 2074 γάρ
794 2015 869 2058 σε
899 2002 1231 2074 ποιήσομαι
1259 2003 1386 2070 τοῖς
1418 2020 1484 2058 τε
1515 2003 1634 2058 νῦν
1658 2002 1757 2057 καί
1789 2001 1918 2069 τοῖς

2025 1909 2094 1964 de
2125 1909 2555 1979 imperatoribus
2581 1928 2945 1984 exponemus.
2986 1919 3252 1974 Claudius
3291 1936 3406 1991 prae
3458 1933 3608 1978 metu

2025 2000 2360 2066 orcultatus,
2383 2017 2413 2057 a
2448 2003 2723 2060 militibus
2753 2021 2784 2061 e
2807 2007 3042 2065 latebris
3085 2019 3367 2066 extractus
3400 2021 3506 2078 εει,
3554 2024 3614 2069 et

329 2097 530 2150 ἔπειτα
565 2137 580 2161 ,
638 2095 724 2166 μὴ
792 2096 1064 2164 ἀκυροῦν
1130 2095 1391 2162 ἐντολὰς
1449 2095 1914 2164 αὐτοκράτορος.

2024 2089 2329 2160 imperator
2368 2094 2643 2150 salutatus
2672 2111 2686 2147 :
2722 2112 2886 2166 quam
2921 2099 2989 2153 ad
3022 2115 3138 2155 rem
3193 2101 3434 2174 Agrippa
3474 2120 3616 2174 quo-

328 2188 547 2257 Ταύτην
578 2191 678 2260 τὴν
707 2189 1004 2259 ἐπιστολὴν
1048 2187 1151 2242 οὐκ
1199 2187 1340 2258 ἔφθη
1388 2187 1592 2253 ζῶντος
1629 2188 1794 2241 Γαΐου
1830 2186 1915 2240 δε-

2019 2195 2131 2251 que
2152 2197 2265 2236 non
2291 2198 2463 2248 parvo
2509 2185 2830 2256 adjumento
2879 2188 3004 2244 fuit.
3059 2190 3110 2246 Is
3146 2206 3342 2248 recens
3396 2195 3614 2249 ﬁrmato

330 2277 590 2347 δεγμένος
641 2279 977 2350 Πετρώνιος,
1024 2279 1162 2334 ἀλλὰ
1216 2280 1484 2351 πρότερον
1523 2281 1593 2335 τὰ
1645 2281 1778 2352 περὶ
1819 2281 1915 2350 τῆς

2019 2271 2278 2343 imperio,
2303 2275 2472 2330 etiam
2499 2274 2758 2348 Agrippa;
2798 2295 3028 2351 regnum
3056 2283 3426 2350 conﬁrmavit,
3452 2287 3614 2358 eique

333 2370 542 2424 ἐκείνου
588 2371 853 2440 τελευτῆς
888 2370 1109 2436 ἐδέξατο
1155 2372 1487 2442 γράμματα,
1528 2371 1626 2424 καὶ
1659 2371 1802 2424 οὕτω
1853 2371 1915 2425 τά

2019 2365 2334 2421 collaudato
2373 2383 2596 2423 omnem
2621 2384 2742 2424 eam
2771 2370 3065 2440 ditionem,
3102 2391 3268 2444 quam
3302 2393 3398 2431 rex
3440 2377 3616 2434 llero-

329 2462 464 2528 πρὸς
502 2463 667 2517 αὐτὸν
715 2462 810 2517 τοῦ
844 2463 1030 2518 Γαΐου.
1087 2465 1147 2517 Ὀ
1193 2463 1291 2534 μὲν
1333 2459 1427 2517 οὖν
1460 2463 1620 2528 Γαῖος
1653 2463 1915 2526 κάκιστος

2019 2456 2116 2513 des
2140 2473 2278 2514 avus
2322 2460 2444 2530 ejus
2497 2469 2771 2525 tenuerat.
2819 2463 3068 2534 adjecit:
3107 2467 3474 2539 ejusdemque
3525 2484 3616 2524 ro-

329 2552 590 2620 γεγονὼς,
626 2553 798 2608 ὤλετο
852 2555 912 2621 ἐξ
953 2555 1254 2624 ἐπιϐουλῆς
1298 2553 1693 2630 ἀνῃρημένος’
1731 2554 1826 2607 τὸν
1864 2551 1915 2606 δέ

2019 2560 2170 2621 gatu,
2193 2549 2350 2606 fratri
2377 2550 2581 2608 Herodi
2604 2553 2888 2610 Chalcidis
2909 2571 3138 2628 regnum
3163 2561 3466 2616 concessit.

328 2645 530 2715 τρόπον
557 2645 659 2715 τῆς
710 2644 832 2700 κατ’
853 2644 1063 2699 ἐκείνου
1092 2643 1409 2712 ἐπιϐουλῆς,
1441 2643 1537 2699 καὶ
1601 2644 1756 2714 παρὰ
1821 2642 1986 2696 τίνων
2023 2641 2312 2713 ἀνῄρηται,
2364 2642 2456 2696 ὅτε
2497 2643 2567 2697 τὰ
2613 2647 2743 2718 περὶ
2777 2649 2888 2700 τῶν
2925 2649 3351 2722 αὐτοκρατόρων
3394 2654 3423 2706 δ
3453 2653 3613 2722 λόγος

325 2731 572 2799 διέξεισι,
617 2733 965 2804 διηγήσεται.
1012 2731 1154 2803 ’Ἤδη
1185 2731 1244 2784 δὲ
1309 2731 1634 2800 φθαρέντος,
1671 2729 1942 2794 Κλαύδιος
1977 2729 2364 2801 κρυπτόμενος
2430 2729 2522 2785 διά
2550 2732 2719 2802 φόϐου
2775 2736 2881 2789 ὑπὸ
2910 2737 3018 2790 τῶν
3062 2744 3416 2808 στρατιωτῶν
3488 2743 3616 2808 ἐξά-

328 2840 504 2892 γεται,
538 2825 634 2878 καὶ
671 2824 1037 2896 αὐτοκράτωρ
1069 2825 1537 2896 ἀνακηρύττεται,
1569 2824 1743 2879 πολλά
1813 2823 1952 2893 πρὸς
1991 2823 2092 2896 τήν
2155 2824 2466 2896 ἀνάρρησιν
2500 2826 2668 2881 αὑτοῦ
2696 2829 2912 2884 καὶτοῦ
2957 2833 3240 2904 Ἀγρίππα
3272 2833 3616 2890 σπουδάσαν-

327 2934 440 2980 τος.
478 2919 639 2990 ’Ἄρτι
673 2917 730 2972 δέ
771 2917 1176 2990 βεϐαιωθείσης
1222 2919 1323 2989 τῆς
1370 2916 1681 2990 αὐταρχίας
1734 2915 1908 2987 αὐτῷ,
1950 2917 2052 2986 τήν
2074 2932 2136 2969 τε
2200 2918 2382 2988 ἀρχὴν
2416 2917 2670 2990 ἐκύρωσε
2737 2921 2817 2993 τῷ
2860 2923 3168 2997 ’Δγρίππᾳ,
3201 2928 3294 2980 καὶ
3327 2927 3395 2980 δι’
3431 2929 3615 2994 ἐγκω-

332 3012 474 3083 μίων
531 3015 778 3068 ἐποιεῖτο
830 3014 1014 3078 αὑτὸν,
1065 3013 1388 3084 προσθήκην
1436 3029 1496 3066 τε
1551 3010 1704 3082 αὐτῷ
1754 3011 1912 3064 ἔθετο
1950 3011 2156 3075 πᾶσαν,
2189 3005 2261 3083 ἦς
2330 3007 2502 3083 ἧρξεν
2535 3015 2563 3067 ό
2589 3014 2976 3084 βασιλεὺςκαὶ
3007 3019 3236 3084 πάππος
3300 3020 3468 3075 αὑτοῦ
3518 3020 3612 3075 Ἦ-

329 3098 507 3171 ρώδης
529 3118 544 3132 ·
576 3103 604 3154 ὁ
641 3102 698 3155 δὲ
732 3100 829 3154 καὶ
859 3099 938 3172 τῷ
969 3099 1187 3170 ἀδελφῷ
1226 3099 1444 3173 Ἡρώδῃ
1478 3099 1581 3170 τήν
1629 3098 1909 3170 βασιλείαν
1947 3098 2221 3164 Χαλκίδος
2287 3099 2442 3171 παρὰ
2477 3101 2751 3157 Κλαυδίου
2797 3105 3066 3176 ᾐτήσατο,
3106 3107 3203 3162 καὶ
3241 3107 3400 3180 ἐδόθη
3465 3109 3614 3163 ἐκεί-

326 3211 407 3265 νῳ
438 3193 587 3262 παρὰ
611 3193 707 3247 τοῦ
735 3193 1041 3265 Καίσαρος.
2025 3221 2033 3225 -

400 3286 502 3344 lA'.
533 3288 690 3342 Κατά
732 3286 924 3341 τοῦτον
967 3287 1063 3341 τὸν
1103 3287 1300 3359 χρόνον
1336 3285 1730 3352 στασιάζουσιν
1781 3288 1915 3360 πρὸς

2097 3283 2188 3340 Χῖ.
2232 3283 2350 3339 Hoc
2388 3290 2638 3353 tempore
2673 3292 2795 3338 orta
2827 3293 2916 3338 est
2940 3282 3087 3339 inter
3115 3283 3527 3341 Alexandrinos
3555 3294 3614 3341 et

328 3378 457 3442 τοὺς
497 3377 874 3447 Ἀλεξανδρεῖς
908 3377 957 3431 oi
994 3377 1116 3430 ἐκεῖ
1167 3377 1433 3431 Ἰουδαῖοι.
1477 3379 1576 3433 Ὀν
1605 3379 1711 3450 γὰρ
1755 3380 1915 3450 εἴρη-

327 3487 421 3524 ται
462 3471 666 3541 τρόπον
707 3469 897 3534 κακῶς
927 3469 1096 3522 Γαΐου
1131 3467 1476 3533 διατεθέντος
1505 3470 1645 3540 πρὸς
1692 3469 1915 3536 αὐτοὺς,

329 3562 635 3615 ἐκακοῦντο
689 3560 1096 3632 μοναρχοῦντος
1143 3559 1358 3614 ἐκείνου
1412 3561 1569 3633 παρὰ
1615 3560 1724 3614 τῶν
1759 3562 1818 3614 ἐν
1852 3565 1919 3633 τῇ

333 3655 492 3707 πόλει
532 3654 828 3724 Ἑλλήνων.
875 3653 1039 3707 Γαΐου
1090 3651 1147 3705 δὲ
1191 3651 1647 3723 τελευτήσαντος,
1693 3651 1926 3724 ἀνεθάρ-

333 3764 532 3813 σησαν,
564 3746 657 3798 καὶ
681 3740 824 3816 ἦσαν
865 3747 924 3799 ἐν
962 3744 1175 3808 ὅπλοις,
1208 3743 1477 3808 Κλαύδιος
1510 3743 1569 3798 δέ
1607 3743 1686 3815 τῷ
1719 3747 1924 3816 ἱππαρ.

328 3839 516 3909 ῄῦντι
562 3837 706 3891 κατά
759 3836 860 3907 τήν
902 3837 1189 3902 Αἴγυπτον
1225 3835 1529 3901 ἐπέστειλε,
1563 3837 1920 3889 καταστεῖλαι

324 3929 429 3998 τὴν
462 3928 675 3981 στάσιν.
714 3926 970 3996 Ἔπεμψε
1003 3926 1060 3980 δὲ
1088 3925 1184 3979 καὶ
1215 3924 1498 3996 διάταγμα
1533 3928 1597 3978 ἐκ
1629 3925 1917 3997 παρακλή-

331 4038 473 4084 σεως
507 4023 622 4073 τοῖν
662 4018 938 4090 βασιλέοιν
991 4017 1303 4090 Ἀγρίππου
1343 4034 1398 4070 τε
1431 4019 1526 4070 καὶ
1563 4016 1806 4088 Ἡρώδου
1840 4020 1920 4082 είς

325 4115 534 4186 Συρίαν
577 4115 676 4167 καὶ
731 4114 812 4178 είς
856 4111 1298 4183 Ἀλεξάνδρειαν,
1330 4113 1427 4165 καὶ
1473 4113 1553 4176 είς
1595 4112 1694 4182 τὴν
1745 4113 1916 4184 ἄλλην

319 4205 661 4276 οἱκουμένην
713 4205 815 4274 ὅση
865 4203 1163 4275 Ῥωμαίοις
1203 4205 1468 4274 ὑπήκοος,
1520 4204 1754 4274 φράζον,
1794 4205 1914 4258 δτιο

328 4297 460 4352 Τῶν
517 4297 818 4352 Ἰουδαίων
865 4298 1164 4354 ἀνέκαθεν
1229 4297 1375 4364 ισης
1424 4300 1739 4366 πολιτείας
1791 4298 1917 4366 τοῖς

336 4389 816 4458 Ἀλεξανδρεῦσι
858 4390 955 4444 καί
981 4390 1108 4454 τοῖς
1131 4387 1251 4443 τῶν
1273 4389 1506 4444 λοιπῶν
1541 4392 1780 4444 πόλεων
1806 4406 1916 4445 πο-

317 4484 526 4547 λίταις
553 4479 950 4545 ἀξιωθέντων,
980 4481 1012 4533 ό
1044 4480 1232 4544 Γαῖος
1261 4479 1332 4543 ἐξ
1369 4479 1686 4546 ἀπονοίας,
1714 4479 1804 4533 ὅτι
1827 4483 1913 4550 μὴ

2027 3377 2268 3441 Judaaos,
2329 3373 2404 3429 ibi
2449 3374 2747 3444 degentes,
2802 3374 3027 3431 seditio.
3080 3375 3218 3431 Nam
3262 3391 3389 3432 cum
3419 3375 3612 3440 Caius.

2028 3465 2193 3536 279
2226 3467 2302 3520 ita
2337 3473 2399 3520 ut
2436 3463 2649 3519 dictum
2689 3472 2811 3531 est,
2852 3479 2984 3532 erga
3033 3479 3132 3522 eos
3168 3465 3396 3522 aﬁ‘ectus
3435 3475 3606 3531 esset,

2029 3561 2124 3614 illo
2164 3558 2470 3627 imperante
2519 3572 2549 3612 a
2577 3557 2784 3614 Grmcis
2820 3557 3188 3614 vexabantur.
3222 3559 3303 3613 Eo
3339 3575 3473 3616 vero
3513 3560 3614 3616 de-

2026 3652 2250 3717 functo,
2298 3666 2422 3706 cum
2471 3651 2707 3722 receptis
2755 3652 2956 3708 animis
3007 3667 3160 3706 arma
3206 3651 3610 3722 sumpsissent,

2025 3745 2601 3816 Claudiusmagistro
2653 3745 2905 3814 equitum
2957 3743 3218 3815 [Egyptio
3257 3745 3500 3814 scripsit,
3551 3753 3614 3800 ut

2025 3836 2354 3890 seditionem
2373 3833 2784 3903 comprimeret.
2809 3833 3180 3902 Edictumque
3202 3845 3394 3903 rogatu
3417 3835 3613 3904 Agrip-

2023 3941 2106 3998 pae
2155 3937 2212 3982 et
2236 3927 2474 3982 Herodis
2502 3941 2692 3997 regum
2743 3925 2799 3979 in
2831 3925 3069 3996 Syriam,
3107 3925 3522 3992 Alexandriam,
3555 3939 3614 3982 et

2023 4020 2161 4075 alias
2193 4019 2348 4074 orbis
2378 4029 2564 4089 partes
2597 4033 2719 4088 quae
2762 4017 3028 4072 Romanis
3063 4027 3294 4087 parent.
3333 4018 3502 4083 misit,
3555 4020 3612 4075 in

2024 4112 2165 4167 hanc
2190 4112 2520 4167 sententiam
2557 4127 2570 4163 :
2615 4108 2749 4164 Cum
2775 4109 2902 4163 olim
2925 4109 3299 4164 Judwieodem
3319 4111 3468 4182 jure.
3506 4128 3611 4181 quo

2022 4201 2394 4268 Alexandrini,
2448 4211 2497 4255 et
2531 4201 2762 4256 aliarum
2818 4201 3029 4254 urbium
3067 4203 3232 4266 cives,
3280 4202 3608 4273 fruerentur,

2021 4293 2184 4350 Caius
2230 4310 2324 4365 per
2353 4310 2620 4348 summam
2657 4294 3026 4351 temeritatem.
3059 4293 3451 4372 quodlludaica
3481 4311 3610 4364 gens

2019 4404 2139 4442 eum
2180 4403 2276 4458 pro
2316 4386 2412 4440 deo
2453 4385 2623 4440 colere
2657 4386 3022 4453 detractasset,
3051 4402 3136 4440 eos
3173 4387 3449 4455 depressit.
3493 4387 3608 4458 Ego

2017 4498 2176 4546 vero,
2224 4496 2288 4534 ne
2331 4497 2393 4533 ea
2438 4479 2500 4532 ob
2553 4478 2700 4533 illius
2738 4480 3040 4533 vecordiam
3091 4479 3353 4534 veteribus
3392 4481 3609 4550 juribus

320 4575 473 4630 θεὸν
513 4573 989 4641 προσαγορεύειν
1043 4569 1232 4625 αὐτὸν
1294 4571 1358 4624 τὸ
1403 4571 1700 4626 Ἰουδαίων
1737 4573 1915 4639 ἔθνος

2019 4577 2297 4648 spoliatur,
2329 4578 2420 4630 sed
2443 4576 2671 4646 pristina
2697 4577 2769 4630 eis
2801 4575 3100 4646 privilegia,
3132 4574 3440 4630 Judworum
3474 4576 3611 4630 ritus

319 4667 650 4737 ἠνέσχετο,
673 4665 896 4731 αὐτοὺς
917 4665 1344 4718 ἐταπείνωσεν.
1379 4663 1528 4732 Ἐγὼ
1557 4663 1626 4717 δὲ
1652 4665 1917 4733 μηδενὸς

2021 4667 2452 4730 observantibus,
2539 4675 2914 4720 conserventur
2949 4707 2966 4730 ,
3029 4669 3290 4721 constituo
3321 4707 3336 4732 ,
3405 4667 3610 4739 Regum

316 4761 427 4814 διὰ
475 4759 591 4826 τὴν
645 4758 884 4811 ἐκείνου
943 4754 1430 4823 παραφροσύνην
1475 4753 1594 4808 τῶν
1645 4754 1915 4808 παλαιῶν

2019 4758 2271 4829 Agrippa:
2300 4766 2351 4811 et
2382 4758 2606 4812 Herodis
2639 4761 3084 4814 amicissimorum
3124 4777 3356 4815 meorum
3391 4771 3610 4832 rogatu.

313 4853 580 4907 δικαίων
617 4850 682 4903 τὸ
711 4848 893 4913 ἔθνος
928 4847 1218 4901 ἐκπεσεῖν
1239 4845 1667 4915 διατάσσομαι,
1690 4861 1922 4915 συντη-

305 4943 560 5012 ρεῒσθαι
593 4939 663 4994 δὲ
705 4940 886 5009 σφίσι
934 4941 1008 4993 τὰ
1036 4937 1330 5006 πρότερον
1361 4936 1568 4990 δίκαια
1595 4936 1722 5003 τοῖς
1772 4938 1920 4992 Ἰου-

310 5035 518 5088 δαίων
557 5034 835 5102 νομίμοις
863 5030 1216 5101 ἐμμένουσι,
1251 5027 1440 5083 ταῦτά
1485 5046 1561 5097 με
1594 5029 1918 5097 αἰτησαμέ-

309 5145 450 5183 νων
495 5125 614 5180 τῶν
647 5117 966 5190 βασιλέων
1013 5125 1310 5192 Ἀγρίππα
1349 5123 1451 5174 καὶ
1492 5119 1767 5189 Ἡρώδου,
1798 5119 1919 5174 τῶν

311 5217 638 5289 φιλτάτων
665 5232 789 5286 μοι.
843 5213 1155 5282 Ἐξέπεμψε
1204 5213 1263 5265 δὲ
1314 5212 1407 5265 καὶ
1445 5211 1765 5280 Ἀγρίππαν
1817 5212 1912 5262 ἐπὶ

307 5311 428 5380 τὴν
481 5307 762 5378 βασιλείαν
808 5305 1000 5368 αὑτοῦ,
1057 5303 1451 5372 λαμπροτέραν
1510 5301 1912 5372 γεγενημένην.

309 5406 597 5465 Κάκεῖνος
635 5398 809 5454 ἐλθὼν
839 5400 920 5462 είς
953 5397 1325 5467 Ἰεροσόλυμα,
1358 5395 1701 5466 χαριστήρια
1731 5394 1910 5459 ἔθυσε,

307 5496 422 5550 καὶ
457 5495 560 5564 τὴν
588 5493 805 5564 χρυσῆν
846 5490 1046 5545 ἆλυσιν
1077 5489 1176 5558 τὴν
1203 5487 1309 5540 ὑπὸ
1336 5487 1500 5539 Γαΐου
1536 5485 1782 5541 δοθεῖσαν
1813 5488 1912 5540 αὑ-

304 5588 424 5657 τῷ,
460 5587 602 5656 ὑπὲρ
654 5585 716 5638 τὸ
756 5582 1164 5651 γαζοφυλάκιον
1196 5576 1520 5650 ἀπῃώρησε,
1562 5578 1763 5649 δεῖγμα
1812 5580 1913 5650 τῆς

303 5681 418 5733 τοῦ
464 5677 604 5732 θεοῦ
639 5675 981 5738 δυναστείας,
1015 5673 1110 5726 καὶ⁸
1152 5671 1252 5740 τῆς
1282 5670 1391 5723 τῶν
1430 5670 1781 5741 πραγμάτων
1817 5689 1914 5740 με·

301 5771 564 5842 ταϐολῆς
591 5810 606 5835 ,
646 5768 743 5821 καὶ
779 5769 861 5820 ὅτι
909 5768 1002 5818 καὶ
1030 5764 1098 5817 τὰ
1147 5764 1362 5832 μεγάλα
1413 5763 1602 5816 πίπτει
1634 5763 1789 5832 mre;
1820 5767 1914 5822 καὶ

649 5863 920 5922 ΡΑΤιιοι.
965 5862 1078 5921 Gn.
1128 5857 1440 5921 CXXXIV

2017 4852 2314 4921 Agrippam
2373 4864 2596 4919 quoque
2641 4849 2695 4903 in
2745 4867 2978 4921 regnum
3038 4868 3199 4908 suum
3261 4855 3610 4923 splendidius

2014 4943 2220 4998 factum
2258 4943 2488 4998 dimisit.
2523 4943 2626 5010 Qui
2673 4944 3052 5016 Hierosolyma
3096 4945 3411 5016 profectus,
3440 4949 3610 5002 victi-

2017 5051 2133 5091 mas
2165 5050 2265 5105 pro
2293 5035 2595 5105 gratiarum
2645 5036 2863 5091 actione
2908 5037 3215 5091 immolavit
3247 5055 3263 5092 :
3292 5048 3349 5093 et
3377 5053 3606 5092 auream

2017 5136 2268 5181 catenam
2305 5143 2335 5181 a
2366 5125 2501 5182 Caio
2539 5127 2646 5182 sibi
2695 5129 2913 5192 datam,
2946 5143 3112 5197 supra
3153 5129 3605 5200 gazophylacium

2020 5219 2334 5288 suspendit,
2382 5218 2586 5274 divina:
2631 5220 2898 5289 potentia:
2924 5221 3206 5289 specimen
3237 5229 3295 5275 et
3319 5221 3605 5278 vicissitu-

2019 5309 2165 5364 dinis
2195 5325 2402 5375 rerum,
2453 5325 2646 5380 magna
2695 5309 3098 5372 labefactantis,
3133 5317 3192 5363 et
3221 5309 3448 5364 humilia
3487 5311 3604 5364 eri-

2020 5400 2222 5466 gentis.
2273 5397 2559 5453 Sacriﬁcio
2615 5397 2908 5468 magniﬁce
2962 5406 3227 5466 peracto,
3294 5399 3605 5468 Theophila

2021 5492 2192 5546 Anna!
2244 5490 2616 5546 sacerdotium
2664 5488 2982 5559 abrogavit,
3021 5501 3079 5543 et
3109 5489 3305 5544 Boetbi
3350 5491 3462 5544 ﬁlio
3514 5491 3605 5546 Si-

2021 5582 2172 5636 moni
2201 5590 2570 5652 cognomento
2594 5579 2888 5635 Cantherae
2910 5581 3176 5635 honorem
3200 5581 3354 5636 illttm
3385 5583 3599 5638 tribuit.

2020 5673 2069 5726 Is
2099 5672 2290 5727 Simon
2318 5672 2457 5725 duos
2483 5671 2685 5724 fratres
2719 5669 2948 5734 habuit,
2979 5679 3034 5724 et
3065 5681 3272 5738 patrem
3293 5673 3558 5727 Bocthum
3587 5690 3601 5728 :

2028 5768 2179 5821 :uius
2207 5766 2317 5821 ﬁlia
2352 5764 2550 5822 llerodi
2588 5764 2726 5834 regi,
2765 5773 2823 5816 ut
2848 5779 3014 5832 supra
3043 5764 3251 5819 dictum
3281 5775 3386 5830 est,
3435 5778 3601 5836 nupta

3207 5856 3279 5918 16
