4074 6386
470 285 568 353 ιιι
1687 356 1695 365 ς
1733 283 2055 345 JOANXIS

2161 282 2413 344 )X.\li.E
3622 289 3733 351 491’.

468 405 594 459 luit.
649 400 1277 475 llicrosolymitanorum
1326 414 1455 470 erga
1490 412 1549 453 se
1597 398 2044 453 benevolentiam

2161 398 2383 468 ὂψοῦται
2420 398 2488 452 τὰ
2519 401 2771 456 ταπεινά.
2809 402 2988 467 Θύσας
3031 403 3123 458 οὖν
3161 402 3489 471 πολυτελῶς,
3531 404 3731 473 Θεόμ-

466 504 857 551 remuneratus
909 502 995 549 est
1044 493 1451 550 condonatione
1491 490 1719 555 tributi,
1764 488 1912 559 quod
1949 504 2049 559 pro

2161 491 2241 541 λον
2275 488 2371 556 μὲν
2414 490 2505 542 τὸν
2541 491 2742 543 Ἅνναν
2787 492 2887 561 τῆς
2937 494 3354 564 ἀρχιερωσύνης
3397 495 3727 566 μεθίστησι⁶

468 586 704 657 singulis
755 585 970 638 aedibus
1017 582 1385 652 pendebatur.
1433 580 1558 635 Τοιί
1597 579 1868 636 exercitui
1906 594 2047 649 prte-

2161 579 2228 650 ιῷ
2269 579 2324 632 δὲ
2367 579 2571 651 Βοηθοῦ
2626 582 2854 651 Σίμωνι,
2898 576 2943 650 ᾧ
2981 584 3279 653 Κανθηρᾶς
3329 586 3363 651 ἠ
3414 584 3729 656 ἐπίκλησις,

471 677 604 733 fecit
635 676 841 739 Silam,
884 675 977 743 qui
1024 674 1322 728 multarum
1370 686 1743 726 aerumnarum
1785 669 1837 724 ei
1876 668 2050 738 parti-

2161 669 2415 738 ὶπένειμε
2450 670 2550 741 τὴν
2589 675 2781 742 τιμήν.
2813 674 2937 728 Δύω
2986 674 3032 726 δ’
3060 670 3203 745 ἦσαν
3232 675 3310 747 τῷ
3338 674 3545 746 Σίμωνι
3577 677 3735 731 ἀδελ-

473 784 607 839 eeps
637 767 838 821 fuerat.
869 766 1007 820 Cum
1038 774 1222 818 autem
1253 763 1497 817 Doritani
1523 762 1906 832 adolescentes
1947 775 2050 814 au-

2161 763 2267 831 poi.
2303 763 2400 815 καὶ
2430 762 2617 833 πατὴρ
2654 766 2682 818 ὁ
2717 763 2938 836 Βοηθὸς,
2964 760 3026 822 οὗ
3054 771 3121 839 τῇ
3148 768 3383 839 θυγατρὶ
3408 772 3436 823 ὁ
3476 770 3733 838 βασιλεὶς

473 863 639 916 dares
667 868 724 915 et
756 857 1060 919 temerarii,
1094 856 1328 911 Caesaris
1365 863 1602 909 statuam
1645 854 1701 908 in
1734 853 2052 910 Iudaeorum

2163 853 2407 925 Ἡρώδης
2441 855 2781 928 συνῴκησεν,
2817 858 2893 922 ὼς
2927 860 3233 931 ἱστόρηται.
3267 861 3410 925 Τοὺς
3452 862 3509 916 δὲ
3556 862 3731 934 Ἰερο-

472 968 743 1027 synagoga
776 951 1158 1019 fcollocasscnt
1193 966 1208 1004 :
1251 947 1488 1018 Agrippa
1527 946 1816 1010 turbatus,
1866 945 2052 1000 statim

2161 947 2450 1015 πολυμίτας
2491 948 2592 1018 τῆς
2630 949 2767 1020 πρὸς
2810 950 2973 1003 αὐτὸν
3005 952 3223 1015 εὐνοίας
3249 953 3542 1023 ἠμείψατο,
3573 957 3734 1023 ἀφεὶς

473 1048 645 1119 Syria:
669 1056 957 1115 prtetorem
985 1043 1045 1098 P.
1076 1042 1389 1096 Petronium
1417 1037 1708 1101 convenit,
1744 1046 1798 1091 et
1832 1037 2051 1090 Dorita-

2161 1036 2341 1098 αὐτοῖς
2372 1040 2441 1090 τὰ
2473 1040 2616 1111 ὑπὲρ
2654 1040 2897 1113 ἑκάστης
2926 1043 3126 1104 οἰκίας.
3170 1043 3483 1114 ’Ἵππαρχον
3509 1045 3565 1099 δὲ
3598 1064 3736 1100 παν-

472 1155 577 1195 nos
615 1145 857 1194 accusat.
887 1136 939 1190 Is
964 1133 1133 1189 misso
1167 1131 1535 1194 centurione,
1580 1144 1677 1184 eos
1706 1128 1798 1198 qui
1825 1127 1878 1182 id
1913 1126 2052 1182 faci-

2161 1129 2245 1193 τὸς
2294 1131 2387 1184 τοῦ
2436 1133 2849 1204 στρατεύματος
2893 1135 2985 1188 τὸν
3028 1135 3187 1190 Σίλαν
3216 1138 3522 1203 ἀπέδειξεν,
3562 1139 3734 1208 ἄνδρα

473 1248 583 1287 nus
615 1230 735 1286 ausi
775 1236 994 1291 essent,
1055 1226 1125 1280 ad
1164 1240 1223 1279 se
1254 1223 1456 1278 adduci
1495 1221 1658 1294 jussit
1690 1238 1704 1276 :
1738 1228 1794 1274 et
1831 1219 2051 1273 Dorita—

2161 1223 2335 1276 πόνων
2366 1225 2515 1294 αὐτῷ
2548 1228 3002 1299 συμμετασχόντα
3033 1228 3263 1283 πολλῶν.
3288 1230 3577 1285 Νεανίσκοι
3604 1233 3736 1302 μὲν-

472 1325 562 1380 nis
610 1319 1029 1392 magistratibus
1061 1315 1371 1376 mandavit,
1419 1323 1483 1368 ut
1511 1312 1823 1368 centurioni
1866 1321 2055 1366 sontes

2161 1332 2238 1367 τοι
2281 1319 2517 1386 Δωρῖται
2566 1320 2869 1390 παράϐολοι
2915 1323 3010 1374 καὶ
3040 1321 3286 1391 θρασεῖς,
3315 1323 3593 1395 Καίσαρος
3637 1326 3737 1377 ἀν-

473 1417 943 1471 demonstrarent,
975 1409 1077 1462 nisi
1117 1409 1171 1460 in
1200 1404 1395 1460 eodem
1428 1404 1660 1458 crimine
1684 1416 1803 1456 esse
1827 1400 2052 1456 vellent.

2161 1406 2385 1477 δριάντα
2434 1409 2518 1472 είς
2562 1409 2665 1482 τὴν
2703 1412 2810 1464 τῶν
2866 1413 3142 1467 Ἰουδαίων
3192 1415 3518 1487 συναγωγὴν
3569 1417 3734 1487 κομί-

475 1510 714 1578 Agrippa
737 1518 871 1558 vero
903 1498 1279 1557 sacerdotium
1314 1496 1523 1551 Simoni
1548 1495 1836 1551 Canthera:
1866 1493 2055 1549 adem-

2161 1514 2348 1561 σαντες
2379 1498 2638 1569 ἔστησαν·
2669 1500 2828 1555 τοῦτο
2852 1503 2945 1556 τὸν
2985 1504 3301 1574 Ἀγρίππαν
3325 1507 3561 1576 ἐτάραξε
3584 1522 3596 1533 ⁸
3638 1509 3734 1561 καὶ

477 1614 654 1674 ptum,
697 1612 893 1654 rursus
921 1596 975 1649 in
1007 1592 1301 1650 Ionatham
1332 1589 1557 1645 Ananiae
1593 1588 1763 1643 lilium
1796 1586 2052 1643 contulit.

2161 1588 2357 1640 αὐτίκα
2390 1589 2523 1659 πρὸς
2546 1591 2637 1643 τὸν
2667 1594 2767 1662 τῆς
2801 1593 3001 1662 Συρίας
3030 1596 3438 1665 ἡγεμονεύοντα
3463 1598 3737 1652 Πούπλιον

472 1703 594 1762 uno
630 1694 720 1745 ille
745 1698 1022 1749 recusato,
1055 1686 1193 1740 satis
1216 1682 1323 1739 sibi
1361 1697 1483 1737 esse
1511 1681 1671 1743 dixit,
1702 1680 1850 1751 quod
1877 1679 2053 1735 semel

2161 1678 2465 1750 Πετρώνιον
2516 1681 2906 1752 παραγίνεται,
2951 1686 3047 1739 καὶ
3082 1691 3386 1758 κατηγορεῖ
3412 1689 3523 1744 τῶν
3562 1692 3737 1761 Δωρι-

472 1785 800 1857 pontilicatu
855 1780 1076 1834 functus
1113 1774 1323 1833 fuerit:
1381 1772 1719 1844 fratremque
1764 1770 2051 1827 Matthiam

2161 1772 2285 1827 τῶν.
2334 1770 2393 1826 '0
2424 1771 2480 1825 δὲ
2515 1773 2914 1844 ἑκατόνταρχον
2949 1776 3189 1844 στείλας,
3220 1780 3349 1840 τοὺς
3382 1778 3483 1847 μὲν
3514 1780 3574 1831 τὸ
3610 1780 3726 1832 τόλ-

473 1877 543 1933 ad
566 1890 694 1931 eum
730 1873 1022 1933 honorem,
1063 1867 1230 1938 280
1265 1881 1375 1936 quo
1404 1865 1606 1935 dignus
1632 1875 1801 1927 esset,
1833 1878 2055 1934 promo-

2161 1879 2322 1934 μημα
2355 1863 2670 1934 πράξαντας
2697 1867 2785 1919 ἐπ’
2807 1868 2970 1920 αὐτὸν
2998 1868 3234 1938 ἀχθῆναι
3262 1870 3589 1939 προσέταξε,
3621 1873 3736 1933 τοῖς

472 1970 591 2024 veri
648 1966 828 2037 petiit,
878 1963 1043 2031 idque
1084 1958 1401 2029 impetravit
1460 1973 1491 2012 a
1544 1972 1695 2026 rege.
1751 1956 1864 2011 Sila
1918 1969 2054 2010 vero

472 2062 767 2135 praelectus
812 2058 1051 2112 militum
1103 2054 1380 2123 Agrippae,
1415 2052 1592 2108 fretus
1640 2053 1854 2108 meritis
1910 2054 2049 2114 suis,

476 2156 808 2224 importuna
848 2147 1067 2204 dicendi
1108 2145 1351 2201 libertati
1400 2144 1650 2213 studuit,
1693 2160 1758 2199 ac
1790 2145 2056 2199 molestus

476 2246 605 2306 fuit,
637 2244 882 2299 molesue
912 2240 1146 2295 fortunae
1177 2237 1445 2293 memoria
1476 2238 1815 2303 renovanda,
1842 2252 2054 2304 suoque

474 2340 697 2395 illorum
747 2344 1062 2415 temporum
1108 2331 1295 2388 studio
1333 2338 1389 2386 et
1431 2329 1536 2384 ﬁde
1581 2329 1877 2401 iactandis.
1920 2329 2053 2384 Eam

473 2430 745 2488 cll'rcnem
792 2426 1076 2482 licentiam
1105 2440 1230 2480 cum
1273 2422 1514 2495 Agrippa
1544 2437 1688 2493 egre
1710 2422 1883 2477 l‘errct
1904 2462 1920 2487 ,
1954 2437 2055 2477 ne-

475 2537 586 2593 que
619 2519 730 2576 Sila
760 2517 1061 2589 quidquam
1103 2514 1172 2569 de
1201 2528 1265 2568 ea
1298 2513 1637 2577 remitteret,
1671 2526 1767 2567 rex
1800 2511 1874 2566 ita
1904 2524 2055 2565 com-

473 2622 681 2673 motus,
738 2622 868 2664 eum
921 2622 1032 2661 non
1079 2603 1245 2660 modo
1277 2601 1604 2674 praefectura
1654 2602 1916 2671 privavit,
1957 2598 2057 2656 sed

470 2704 639 2761 etiam
669 2700 865 2755 vinxit.
887 2699 1092 2755 Verum
1116 2698 1190 2753 ita
1218 2704 1466 2766 tempore
1490 2693 1762 2763 mitigata,
1794 2701 1851 2749 et
1874 2693 2062 2748 consi-

473 2793 686 2850 deratis
705 2793 825 2863 ejus
853 2805 951 2845 sua
974 2803 1139 2843 causa
1158 2786 1446 2842 exhaustis
1467 2784 1774 2851 laboribus,
1794 2800 1921 2839 cum
1949 2801 2051 2841 na-

476 2882 641 2938 talem
673 2896 836 2936 suum
865 2878 1197 2939 celebraret,
1221 2875 1503 2960 hominem
1532 2877 1599 2929 ad
1635 2876 1828 2945 epulas
1858 2875 2060 2932 invita-

475 2977 554 3030 vit
612 2973 710 3030 Ille
740 2985 876 3027 vero
911 2966 1241 3025 detrectavit
1270 2981 1286 3021 :
1331 2965 1473 3020 Nam
1503 2965 1574 3019 ad
1609 2980 1763 3035 quem
1788 3008 1803 3029 ,
1848 2966 2048 3037 inquit,

2155 1954 2213 2008 δὲ
2238 1957 2347 2008 τῶν
2381 1955 2636 2026 Δωριτῶν
2666 1959 2952 2028 ἄρχουσιν,
2987 1960 3256 2025 ἐπιδεῖξαι
3286 1961 3365 2031 τῷ
3406 1962 3737 2031 ἑκατοντάρ-

2156 2066 2237 2117 χῳ
2262 2050 2388 2112 τοὺς
2415 2049 2643 2115 αίτίους,
2680 2049 3017 2118 ἐπέστειλεν,
3049 2055 3099 2106 εί
3135 2054 3212 2125 μὴ
3246 2054 3524 2125 βούλοιντο
3556 2056 3741 2110 δοκεῖν

2158 2140 2494 2211 συνεργάται
2524 2140 2627 2212 τῆς
2682 2141 2959 2211 πράξεως.
3000 2143 3316 2215 Ἀγρίππας
3361 2145 3417 2198 δὲ
3469 2145 3742 2216 ἀφελόμε-

2155 2249 2246 2296 νος
2273 2233 2375 2304 τὴν
2408 2233 2710 2306 ἱερωσύνην
2730 2233 2823 2287 τὸν
2856 2233 3153 2305 Κανθηρᾶν
3188 2236 3430 2306 Σίμωνα,
3476 2236 3742 2306 Ἰωνάθην

2156 2320 2315 2391 αὖθις
2344 2325 2433 2380 ἐπ’
2460 2326 2625 2380 αὑτὸν
2649 2321 2754 2398 ἦγε
2780 2326 2874 2379 τὸν
2925 2326 3196 2383 ’Δνανίου.
3230 2328 3289 2382 '0
3322 2330 3379 2382 δὲ
3413 2333 3737 2401 παρῃτεῖτο,

2157 2417 2451 2488 ἀρκεῖσθαι
2502 2417 2678 2486 λέγων
2725 2418 2874 2483 ἅπαξ
2913 2418 3014 2487 τὴν
3063 2420 3480 2493 ἀρχιερωσύνην
3532 2422 3737 2493 λαχὼν.

2158 2511 2251 2561 τὸν
2279 2509 2335 2561 δὲ
2365 2509 2593 2577 ἀδελφὸν
2619 2508 2868 2561 Ματθίαν
2897 2509 3035 2579 πρὸς
3075 2509 3283 2580 ταύτην
3317 2509 3470 2580 ἠξίου
3499 2511 3741 2581 προάγε-

2159 2599 2308 2661 σθαι.
2338 2600 2414 2664 ὡς
2461 2600 2611 2666 ἄξιον
2640 2600 2739 2671 τῆς
2782 2600 2970 2671 τιμῆς.
3000 2599 3256 2665 Πεισθεὶς
3282 2600 3377 2655 οὖν
3405 2604 3432 2654 ὁ
3460 2601 3739 2671 βασιλεὺς,

2158 2692 2237 2761 τῷ
2264 2691 2483 2763 Ματθία
2511 2692 2613 2764 τὴν
2644 2692 3060 2764 ἀρχιερωσύνην
3094 2694 3390 2763 ἀπένειμε.
3426 2694 3586 2757 Σίλας
3625 2695 3679 2749 δὲ
3712 2698 3744 2751 6

2172 2782 2481 2854 Ἀγρίππου
2525 2784 2827 2853 ἵππαρχος,
2862 2782 3141 2847 πεποιθὼς
3169 2778 3252 2848 οἷς
3285 2786 3425 2856 ὑπὲρ
3446 2786 3612 2841 αὑτοῦ
3645 2804 3740 2840 κεο

2158 2874 2535 2936 κινδύνευκεν,
2582 2874 2811 2943 ἀκαίρου
2863 2874 3181 2946 παρρησίας
3228 2876 3590 2939 ἀντεποιεῖτο,
3641 2877 3740 2931 καὶ

2155 2957 2225 3032 ἦν
2277 2963 2558 3033 φορτικὸς,
2594 2966 2665 3016 τὰ
2720 2965 2957 3032 φορτικά
3003 2963 3104 3033 τῆς
3152 2963 3325 3035 τύχης
3376 2968 3458 3030 εἰς
3516 2968 3742 3037 μνήμην

475 3082 561 3124 sne
612 3066 866 3118 honorem
919 3062 1160 3132 Agrippa
1202 3066 1392 3123 uacat,
1429 3032 1673 3129 uestigio
1715 3032 2055 3126 periturum?

2161 3054 2311 3123 ἄγων
2336 3053 2506 3123 αὐτῷ,
2531 3055 2626 3107 καὶ
2657 3054 2851 3108 ἑαυτὸν
2871 3054 3157 3124 σεμνύνων
3191 3059 3257 3110 ὲκ
3290 3058 3388 3128 τῆς
3418 3059 3541 3111 τότε
3570 3076 3745 3112 σπου-

473 3159 615 3217 Num
665 3156 966 3210 libertatem
1004 3167 1179 3206 meam
1254 3149 1468 3204 desiisse
1511 3149 1733 3203 censet?
1778 3149 1891 3222 Ego
1935 3166 2057 3205 vero

472 3267 615 3308 nunc
648 3250 817 3319 magis
847 3245 1112 3310 clamabo,
1147 3260 1174 3298 e
1210 3242 1397 3314 quibus
1427 3257 1543 3295 eum
1569 3240 1816 3312 periculis
1839 3243 2049 3312 eripue-

474 3342 579 3394 τίοι
608 3356 627 3393 :
674 3354 804 3408 quos
837 3334 1067 3396 labores,
1104 3349 1222 3405 qua!
1254 3332 1562 3386 discrimina
1602 3346 1700 3402 pro
1734 3332 1850 3401 ejus
1884 3331 2059 3402 digni-

476 3441 588 3487 tate
613 3438 663 3483 et
688 3430 864 3485 salute
884 3429 1131 3482 adierim.
1162 3425 1269 3479 Pro
1293 3424 1477 3494 quibus
1510 3424 1685 3493 oﬁiciis
1716 3439 1798 3478 me
1838 3423 2057 3479 vinculis

473 3532 525 3580 st
544 3523 762 3578 obscuro
809 3534 1023 3574 carcere
1073 3524 1470 3580 remuneratur,
1514 3530 1739 3585 quorum
1783 3531 2057 3584 nunquam

473 3615 775 3674 obliviscar.
811 3611 1026 3678 Quibus
1073 3624 1171 3663 rex
1210 3606 1469 3678 cognitis,
1510 3605 1803 3661 insanabili
1836 3608 2057 3677 ingenio

478 3706 759 3762 hominem
809 3705 865 3758 in
921 3700 1171 3756 custodia
1209 3697 1453 3768 reliquit.
1486 3696 1772 3753 Bcnellcus
1811 3696 1918 3753 l‘uit
1967 3699 2057 3755 hic

476 3811 574 3849 rex
627 3809 736 3845 non
777 3791 962 3845 minus
994 3804 1097 3842 avo
1126 3787 1365 3851 Herode,
1399 3787 1493 3856 qui
1534 3786 1758 3856 quidem
1803 3786 1859 3840 in
1897 3796 2054 3841 exte-

476 3904 568 3943 ros
614 3886 1001 3942 liberalitatem
1046 3882 1318 3941 exercuit,
1352 3897 1460 3936 non
1500 3881 1665 3936 etiam
1708 3881 1763 3935 in
1796 3880 2055 3939 Iudaeos:

476 3983 569 4037 bic
632 3978 945 4049 promiscue
1023 3975 1092 4029 de
1165 3974 1425 4028 omnibus
1507 3973 1848 4029 bencmereri
1937 3985 2055 4033 stu-

475 4073 618 4138 duit,
663 4070 924 4123 onmibus
971 4081 1030 4122 se
1075 4065 1402 4121 clementem
1450 4065 1708 4136 prwbuit.
1741 4066 1930 4137 Itaque
1987 4067 2058 4121 li-

474 4168 672 4221 benter
728 4161 1125 4232 Hierosolymis
1183 4167 1452 4229 perpetuo
1505 4157 1674 4223 vixit,
1736 4169 1792 4213 et
1850 4159 2059 4229 patrias

473 4258 627 4328 leges
694 4256 991 4310 inviolatus
1044 4259 1094 4304 ol
1119 4252 1381 4307 servavit.
1441 4250 1663 4306 Exstitit
1723 4262 1904 4306 tamen
1967 4252 2055 4306 Si-

2158 3143 2258 3213 δῆς
2294 3160 2355 3195 τε
2403 3144 2496 3197 καὶ
2539 3146 2798 3207 πίστεως.
2850 3145 3057 3216 Ἀηδῶς
3100 3142 3194 3201 οὖν
3240 3148 3378 3219 πρὸς
3416 3150 3517 3222 τὴν
3543 3152 3728 3221 ἀταμί-

2161 3251 2319 3287 ευτον
2370 3235 2538 3288 αὐτοῦ
2569 3235 2888 3307 παρρησίαν
2924 3238 2952 3288 ὁ
2995 3237 3308 3308 Ἀγρίππας
3353 3238 3604 3307 διέκειτο,
3650 3241 3743 3294 τοῦ

2159 3326 2218 3380 δὲ
2259 3326 2390 3378 Σίλα
2422 3328 2498 3396 μὴ
2538 3327 2858 3393 ἐνδιδόντος,
2896 3330 2977 3392 εἰς
3004 3330 3175 3401 ὀργὴν
3228 3333 3257 3384 ὁ
3306 3331 3559 3402 Bacticis;
3603 3336 3745 3404 ἀνη-

2166 3418 2405 3489 ρέθιστο,
2423 3421 2518 3473 καὶ
2541 3420 2599 3473 ού
2623 3418 2786 3490 μόνον
2816 3420 2916 3489 τῆς
2950 3422 3256 3493 ἱππαρχίας
3280 3425 3441 3477 αὐτὸν
3478 3426 3747 3496 μετέστη.

2162 3528 2277 3577 σεν,
2315 3511 2454 3564 ἀλλά
2506 3512 2691 3581 μέντοι
2734 3513 2829 3566 καλ⁵
2870 3512 3079 3568 δέδεκε.
3111 3514 3305 3587 Χρόνῳ
3345 3515 3403 3569 δὲ
3442 3517 3531 3573 τὸν
3568 3517 3749 3589 θυμὸν

2160 3603 2518 3673 ἀμϐλυνθεὶς,
2563 3607 2659 3657 καὶ
2708 3603 3071 3674 λογισάμενος
3121 3608 3283 3670 ὅσους
3332 3609 3477 3681 ὑπὲρ
3525 3612 3744 3666 ἑκείνου

2161 3694 2359 3766 ἀνέτλη
2402 3696 2621 3760 πόνους,
2654 3696 2871 3768 ἡμέραν
2906 3696 3186 3767 ἑορτάζων
3218 3699 3414 3753 ἑαυτοῦ
3441 3701 3743 3769 γενέθλιον,

2161 3788 2348 3843 ἐκάλει
2394 3791 2485 3841 τὸν
2529 3789 2692 3841 Σίλαν
2741 3788 2891 3859 αὐτῷ
2937 3791 3216 3843 συνέστιον
3254 3791 3535 3860 ἐσόμενον.
3581 3793 3641 3846 '0
3685 3794 3744 3846 δὲ

2160 3883 2261 3936 οὐκ
2296 3882 2565 3934 ἐπείθετοο
2611 3881 2744 3935 Ἐπί
2784 3882 2941 3947 τίνα,
2972 3882 3166 3949 λέγων,
3199 3885 3232 3937 ὀ
3256 3883 3559 3951 ,βασιλεὺς
3595 3884 3741 3940 ἀνα.

2162 3972 2340 4027 καλεῖ
2364 3988 2441 4041 με
2481 3970 2676 4040 τιμὴν,
2700 3971 2817 4038 τὴν
2837 3970 2989 4025 ὅσον
3026 3970 3143 4040 ἤδη
3167 3972 3639 4041 ἀπολουμένην-ς
3670 3975 3748 4030 ’Ἡ

2162 4063 2470 4117 πεπαῦθαί
2494 4079 2570 4132 με
2603 4063 2822 4131 νομίζει
2861 4061 2972 4131 τῆς
3019 4064 3402 4131 παρῤησίας;
3438 4064 3571 4119 Νῦν
3592 4066 3743 4132 βοή-

2162 4170 2345 4225 σομαι
2380 4153 2623 4223 μᾶλλον
2665 4153 2815 4206 ὅσον
2840 4156 3029 4206 αὺτὸν
3051 4153 3471 4223 ἐξεῤῥυσὰμην
3503 4153 3746 4220 δεινῶν,

2164 4247 2349 4314 ὅσους
2390 4246 2614 4316 ἤνεγκα
2638 4248 2886 4312 πόνους.
2907 4247 3121 4314 ἐκείνῳ
3149 4246 3405 4314 πορίζων
3437 4249 3741 4316 σωτηρίαν

475 4364 604 4401 mon
659 4347 882 4415 quidam
949 4344 1083 4411 legis
1142 4342 1338 4412 peritia
1402 4343 1687 4402 celebris.
1746 4343 1839 4412 qui
1905 4353 2050 4397 cmtu

2165 4340 2265 4392 καὶ
2321 4340 2519 4409 τιμήν.
2562 4334 2677 4394 ’Ὧν
2726 4339 2903 4408 γέρας
2950 4355 3056 4407 μοι
3108 4337 3305 4407 δεσμὰ
3353 4339 3452 4393 καί
3495 4343 3745 4407 σκότιος

472 4448 688 4503 macto,
738 4453 922 4510 regem
968 4436 1275 4490 Caesaream
1326 4433 1634 4504 profectqu
1677 4434 1894 4487 deferre
1946 4450 2055 4487 non

476 4530 772 4583 dubitavit.
863 4529 985 4592 Quo
1073 4525 1299 4595 cognito
1371 4524 1604 4596 Aggripa
1667 4527 1817 4579 illum
1874 4541 2061 4579 accer-

476 4625 645 4676 situm
702 4627 893 4689 rogat.
946 4619 1000 4671 in
1036 4633 1149 4687 quo
1191 4617 1339 4693 leges
1376 4632 1403 4669 a
1468 4632 1527 4670 se
1573 4616 1792 4671 violatae
1834 4617 2062 4670 essent?

476 4714 625 4780 quod
673 4711 763 4763 ille
810 4724 935 4763 cum
996 4710 1185 4763 dicere
1226 4723 1337 4761 non
1377 4707 1648 4767 haberet,
1701 4708 1918 4761 veniam
1971 4723 2061 4760 ro-

479 4806 629 4873 gavit
678 4820 694 4858 ι
739 4818 917 4870 eaque
975 4808 1175 4871 prater
1218 4800 1688 4869 exspectationem
1733 4802 2055 4868 impetrata,

475 4898 714 4949 donatus
759 4893 918 4946 abiit.
963 4891 1347 4945 Pontiﬁcatum
1404 4891 1645 4945 blattbim
1697 4892 2054 4960 ademptum,

477 4988 721 5041 l'llionaeo
763 4981 989 5038 Citba-ri
1040 4981 1152 5035 lilio
1192 4982 1449 5036 contulit.
1486 4981 1624 5036 Cum
1657 4992 1841 5035 autem
1889 4984 2059 5037 trien-

476 5081 631 5133 nium
660 5078 758 5131 toti
790 5075 992 5131 δυόωσι
1017 5075 1331 5129 dominatus
1361 5084 1508 5129 esset
1537 5076 1587 5127 in
1620 5075 1753 5129 urbe
1782 5074 2048 5139 Ca-sarca,

475 5185 598 5243 quae
637 5169 791 5238 prius
835 5167 1113 5222 Stratonis
1148 5166 1320 5225 turris
1357 5166 1629 5236 appellata
1667 5165 1790 5229 fuit,
1836 5178 2054 5234 siccta-

474 5265 595 5316 cula
646 5261 861 5317 edidit:
898 5276 1135 5330 quorum
1181 5259 1271 5313 die
1316 5259 1562 5312 secundo
1604 5267 1757 5311 veste
1796 5269 2054 5327 argentea

476 5357 725 5415 indutus,
763 5354 867 5408 sub
905 5369 1159 5406 auroram
1199 5352 1479 5406 theatrum
1520 5351 1854 5420 ingreditur,
1887 5364 2054 5420 atque

474 5455 762 5515 argentum
813 5445 991 5514 primo
1020 5444 1281 5497 solarium
1325 5442 1605 5495 radiorum
1648 5451 1771 5496 orlu
1814 5442 2055 5494 illustra-

476 5546 615 5598 tum,
641 5538 971 5591 mirabiliter
1002 5534 1367 5603 resplenduit,
1404 5548 1528 5588 eum
1561 5535 1789 5588 borrorc
1814 5536 2051 5602 quodam

476 5630 832 5684 intuentium.
862 5631 1059 5686 Statim
1094 5631 1262 5701 igitur
1306 5630 1626 5683 adulatores
1659 5627 1803 5682 alius
1832 5629 2056 5681 aliunde

475 5720 870 5788 cxclamaruut,
923 5737 1163 5791 eumque
1221 5722 1383 5776 deum
1440 5721 1823 5791 appellarunt,
1884 5727 2055 5789 utque

2164 4430 2369 4499 εἱρκτὴ
2408 4474 2421 4495 ,
2482 4426 2569 4484 ὧν
2616 4431 2838 4485 οὔποτε
2891 4432 3181 4500 λήσομαι.
3255 4431 3313 4484 Ὀ
3368 4430 3423 4485 δὲ
3488 4431 3743 4503 βασιλεὺς

2163 4523 2336 4576 ταῦτα
2397 4522 2606 4593 μαθὼν,
2650 4524 2745 4577 καὶ
2797 4524 3032 4585 ἀνιάτως
3087 4523 3319 4578 συνιδὼν
3372 4523 3743 4593 διακείμενον,

2163 4610 2321 4677 αὖθις
2351 4615 2535 4685 εἴασεν
2574 4616 2632 4667 ἐν
2660 4616 2894 4686 φρουρᾷ.
2929 4610 3037 4666 Ἦν
3069 4614 3127 4667 δὲ
3167 4614 3520 4686 εὐεργετικὸς
3566 4617 3595 4669 ὸ
3643 4616 3741 4686 βα-

2165 4705 2344 4768 σιλεὺς
2383 4700 2543 4769 οὗτος
2574 4708 2632 4759 ὲν
2667 4708 2922 4777 δωρεαῖς,
2957 4705 3116 4759 οὐδὲν
3152 4700 3317 4777 ἦττον
3360 4706 3604 4776 Ἡρώδου
3639 4707 3738 4780 τού

2166 4798 2415 4861 πάππου,
2451 4798 2660 4852 ἐκείνου
2711 4798 2891 4869 μέντοι
2923 4799 3005 4859 εἰς
3056 4796 3387 4864 ἀλλοφύλους
3433 4798 3494 4850 τὸ
3533 4798 3739 4865 φιλότι-

2170 4907 2270 4959 μον
2298 4890 2770 4960 ἐπιδεικνυμένου,
2802 4891 2863 4943 ού
2897 4889 3004 4962 μὴν
3035 4890 3129 4943 καὶ
3168 4891 3251 4952 είς
3295 4890 3607 4955 Ἰουδαίους
3645 4886 3743 4947 οὗ·

2162 4998 2255 5043 τος
2300 4983 2439 5053 πρδς
2490 4981 2704 5044 πάντας
2752 4982 2955 5051 ὁμοξως
3002 4977 3071 5051 ἦν
3110 4982 3486 5052 εὐεργετικὸς,
3514 4981 3608 5034 καὶ
3647 4984 3743 5036 τὸν

2162 5075 2369 5146 τρόπον
2418 5076 2620 5144 πραΰς.
2669 5074 2852 5127 Ἡδεῖα
2889 5072 2981 5129 οὖν
3012 5073 3159 5141 αύτῷ
3207 5073 3389 5126 δίαιτα
3419 5072 3647 5144 συνεχὴς
3681 5077 3746 5130 ἐν

2160 5171 2275 5230 τοῖς
2314 5147 2517 5237 Ἰεροσο
2555 5167 2713 5236 dum;
2743 5162 2833 5237 ἦν,
2862 5168 2959 5219 καὶ
2988 5173 3055 5218 τα
3089 5171 3296 5234 πάτρια
3328 5165 3588 5236 καθαρῶς
3611 5168 3743 5237 ἐτή-

2166 5278 2267 5330 ρει.
2297 5261 2403 5311 Καὶ
2435 5261 2498 5330 δή
2540 5276 2623 5322 τις
2654 5260 2838 5327 Σίμων
2868 5254 2936 5329 ἧν
2974 5260 3032 5309 ἐν
3074 5256 3472 5326 Ἰεροσολύμοις
3500 5258 3744 5328 ἀχριξὴς

2160 5352 2333 5405 δοκῶν
2360 5355 2426 5403 τὰ
2461 5352 2693 5421 νόμιμα’
2726 5346 2884 5413 οὗτος
2920 5351 3119 5420 πλῆθος
3155 5350 3441 5420 ἀθροίσας.
3470 5350 3740 5418 ἐτόλμησε

2159 5445 2254 5496 τοῦ
2285 5444 2547 5513 βασιλέως
2585 5446 2887 5505 κατειπεῖν,
2919 5444 3377 5513 ἀπιδημήσαντος
3413 5445 3493 5504 εἰς
3525 5443 3739 5495 Καισα-

2165 5553 2341 5605 ρειαν.
2386 5537 2557 5589 Τοῦτο
2587 5537 2679 5589 τὸν
2726 5538 3042 5607 ’Λγρίππαν
3075 5543 3177 5593 οὐκ
3204 5538 3363 5591 ἔλαθε
3395 5555 3408 5569 ·
3445 5536 3737 5607 μεταπέμο

2162 5645 2323 5681 πεται
2349 5624 2443 5683 οὖν
2489 5632 2581 5683 τὸν
2612 5631 2854 5701 Σίμωνα,
2890 5634 2983 5685 καί
3016 5649 3205 5703 φησιν,
3240 5633 3374 5686 Εἰπὲ
3409 5649 3521 5702 μοι,
3549 5629 3602 5684 τί
3628 5630 3737 5682 τῶν

2164 5722 2470 5791 γινομένων
2505 5725 2622 5777 ἐστὶ
2660 5724 3016 5795 παρανόμου
3058 5727 3116 5779 '0
3152 5725 3210 5778 δὲ
3246 5724 3323 5797 μὴ
3352 5725 3492 5797 ἔχων
3535 5722 3737 5787 εἰπεῖν,
