4074 6488
424 388 534 453 ἑθι

1570 372 1581 383 “
1688 372 2095 436 ANNALIUM
2132 372 2282 432 LIB.
2320 370 2417 435 Vl.

3578 374 3688 443 495

429 499 605 555 ἐδεῖτο
661 492 995 562 συγγνώμης
1045 488 1230 560 τυχεῖν
1260 503 1274 519 ⁸
1329 488 1424 541 καὶ
1475 487 1503 540 6
1561 485 1816 557 βασιλεὺς
1856 486 2008 555 παρὰ

2121 482 2388 553 propitius
2437 492 2605 548 esset,
2641 482 2984 551 petiverunt.
3033 483 3168 539 Nam
3200 484 3361 557 281
3399 496 3463 542 nt
3497 485 3690 543 hacte'

426 586 764 661 προσδοκίαν
797 581 946 651 αὐτῷ
980 580 1355 649 διηλλάττετο,
1389 577 1486 630 καὶ
1512 574 1792 645 ἐξέπεμψε
1822 575 2007 643 δωρη-

429 683 688 750 σάμενος.
718 676 833 748 Τὴν
876 670 1300 744 ἀρχιερωσύνην
1343 669 1400 723 δέ
1439 668 1694 723 Ματθίαν
1738 666 2012 737 ἀφελόμε-

427 789 537 835 νος,
592 768 891 836 Ἐλιωναίῳ
935 763 1015 835 τῷ
1060 762 1159 817 τοῦ
1213 760 1485 832 Κιθαίρου
1531 759 1687 812 παιδὶ
1734 756 2013 829 παρέσχεν

428 862 626 931 αὐτήν.
687 855 1034 918 Βασιλεύσας
1085 849 1180 907 οὖν
1229 852 1325 906 ἐπὶ
1370 852 1524 921 τρεῖς
1573 849 1860 911 ἐνιαυτοὺς
1911 850 2010 917 τῆς

428 955 558 1022 ὅλης
604 948 891 1014 Ἰουδαίας,
930 948 1010 1010 είς
1059 945 1629 1013 πόλινΚαισάρειαν,
1673 941 1708 1011 ἣ
1745 942 2011 1012 πρότερον

431 1044 748 1114 Στράτωνος
789 1040 1040 1095 ἐκαλεῖτο
1071 1036 1305 1110 πύργος,
1344 1035 1580 1104 θεωρίας
1629 1035 1843 1088 ἐτέλει·
1893 1034 2014 1087 δευ-

430 1135 566 1205 τέρᾳ
607 1134 669 1185 δέ
707 1132 820 1184 τῶν
872 1129 1120 1200 θεωριῶν
1159 1129 1345 1200 ἡμέρα
1374 1127 1573 1198 στολὴν
1604 1126 1761 1190 ἐνδὺς
1807 1127 1867 1194 ἐξ
1910 1127 2014 1196 ἁρ-

432 1230 602 1299 γύρου
644 1223 1052 1295 πεποιημένην,
1085 1220 1372 1292 παρῆλθεν
1403 1221 1486 1283 είς
1528 1219 1589 1272 τὸ
1639 1218 1874 1289 θέατρον
1915 1221 2016 1293 ἀρ-

432 1323 673 1393 χομίνης
717 1318 958 1390 ἡμέρας,
1017 1315 1113 1368 καὶ
1165 1314 1287 1374 ταῖς
1323 1310 1575 1383 πρώταις
1616 1311 1726 1363 τῶν
1776 1310 2016 1381 ἡλιακῶν

433 1416 671 1470 ἀκτίνων
693 1411 975 1472 ἐπιτολαῖς
1006 1409 1034 1460 6
1065 1408 1308 1479 ἄργυρος
1348 1403 1765 1473 καταυγασθεὶς
1797 1404 2016 1473 θαυμα-

436 1509 566 1569 σίως
598 1502 921 1568 ἀπέστιλϐε,
968 1500 1301 1571 μαρμαίρων
1332 1515 1384 1550 τι
1412 1495 1642 1566 φοϐερὸν
1670 1497 1781 1558 τοῖς
1811 1497 1890 1560 είς
1921 1497 2019 1549 αύ-

433 1601 524 1656 τδν
546 1598 910 1662 ἀτενίζουσιν.
949 1594 1127 1656 Εὑθύς
1152 1609 1213 1645 τε
1252 1591 1301 1644 oi
1331 1589 1565 1652 κόλακες
1596 1588 1755 1650 ἄλλος
1788 1586 2014 1642 ἄλλοθεν

432 1691 697 1751 ἀνεϐεων,
731 1687 866 1741 Θεὸν
896 1682 1426 1755 προσαγορεύοντες,
1462 1680 1713 1751 Εὐμενής
1751 1697 1811 1734 τε
1871 1680 2014 1751 είης,

2112 591 2218 630 nus
2255 590 2384 630 eum
2418 582 2481 629 ut
2507 574 2788 630 hominem
2821 574 3157 641 timuissent,
3192 589 3249 633 at
3308 580 3363 633 in
3402 592 3687 650 posterum

2111 683 2171 721 se
2202 666 2559 723 confessuros
2587 683 2714 722 eum
2756 678 2953 723 natura
2991 670 3207 724 mortali
3249 674 3687 742 praestantiorem

2111 772 2255 813 esse.
2296 759 2369 813 Ea
2416 759 2587 813 verba
2618 774 2715 813 rex
2740 774 2851 814 non
2897 761 3211 832 castigavit,
3254 778 3436 834 neque
3466 766 3688 837 impiam

2114 852 2493 908 adulationem
2535 854 2767 924 rejecit;
2804 868 2872 910 ac
2911 855 3076 924 paulo
3101 868 3223 926 post
3246 872 3371 911 cum
3408 873 3465 915 se
3493 860 3694 916 erexis-

2113 952 2232 1008 set,
2284 945 2563 1000 bubonem
2608 960 2777 1016 supra
2831 957 2997 1016 caput
3035 963 3195 1003 suum
3242 950 3403 1013 vidit,
3454 967 3694 1024 eumque

2115 1036 2386 1090 malorum
2432 1051 2555 1091 esse
2594 1039 2850 1093 nuntium
2887 1038 3179 1107 intellexit,
3241 1043 3335 1114 qui
3395 1044 3694 1116 aliquando

2116 1127 2386 1183 bonorum
2428 1129 2768 1201 significator
2792 1132 3114 1188 exstitisset.
3154 1134 3327 1206 Igitur
3350 1136 3534 1192 cordis
3561 1153 3693 1194 cru-

2108 1218 2355 1275 ciatibus
2384 1219 2641 1285 aﬂectus,
2663 1230 2722 1276 et
2742 1222 3035 1278 ventriculi
3067 1223 3357 1282 doloribus
3381 1227 3567 1283 subito
3593 1243 3697 1299 op-

2113 1322 2359 1378 pressus,
2402 1309 2596 1365 amicis
2618 1310 2738 1368 ait:
2776 1310 2860 1365 En
2909 1329 3005 1383 ego
3043 1314 3169 1368 deus
3190 1323 3358 1371 vester
3378 1317 3501 1387 jam
3531 1319 3697 1377 vitam

2116 1399 2358 1471 relinquo
2384 1417 2402 1455 :
2430 1409 2481 1454 et
2514 1418 2669 1471 quem
2690 1419 2777 1458 vos
2799 1405 3156 1461 immortalem
3183 1411 3406 1462 vocasti:
3427 1454 3439 1471 .
3467 1410 3537 1464 ad
3554 1425 3700 1464 mor—

2119 1500 2225 1547 tem
2291 1495 2498 1564 rapior.
2552 1495 2690 1549 Dum
2766 1496 2883 1553 haec
2937 1499 3188 1565 diceret,
3234 1501 3522 1559 doloribus
3575 1503 3702 1559 fati-

2119 1594 2311 1656 gatus,
2398 1586 2731 1642 festinanter
2789 1589 2847 1644 in
2920 1591 3138 1661 regiam
3179 1602 3267 1649 est
3332 1604 3695 1665 reportatus:

2118 1688 2355 1748 ortoque
2381 1694 2632 1742 rumore,
2659 1696 2787 1736 eum
2823 1681 3062 1738 animam
3098 1699 3261 1755 agere
3285 1723 3302 1748 ,
3348 1686 3586 1756 populus
3617 1687 3700 1744 la-

434 1782 777 1848 ἐπιλέγοντες
808 1794 822 1808 ·
874 1777 923 1829 εί
972 1776 1081 1846 γὰρ
1131 1773 1423 1844 καὶμέχρι
1458 1776 1554 1825 νῦν
1590 1771 1668 1835 ὼς
1725 1770 2013 1841 ἄνθρωπον

2121 1768 2325 1833 crymis
2365 1769 2644 1840 oppletus,
2687 1772 2873 1826 statim
2933 1789 3063 1829 cum
3109 1775 3379 1832 uxoribus
3414 1785 3472 1833 et
3506 1777 3698 1834 liberis

432 1872 811 1941 ἐφοϐήθημεν,
854 1868 992 1921 ἀλλὰ
1022 1863 1344 1920 τούντεῦθεν
1397 1861 1777 1932 ὁμολογοῦμεν
1810 1860 2013 1930 θνητῆς

433 1982 492 2018 σε
521 1961 735 2032 φύσεως
763 1960 1075 2030 κρείττονα.
1115 1956 1231 2009 Οὐκ
1261 1951 1539 2023 ἐπέπληξε
1563 1950 1776 2014 τούτοις
1811 1953 1839 2005 ό
1871 1952 2023 2022 βασι-

432 2056 582 2121 λεὺς,
602 2055 724 2108 οὐδὲ
747 2051 850 2122 τὴν
871 2049 1161 2105 κολακείαν
1201 2048 1276 2111 ὡς
1302 2043 1505 2098 ὰσεϐοὗ
1517 2060 1612 2097 σαν
1648 2043 2018 2113 ἀπετρίψατο.

2119 1858 2299 1928 patrio
2326 1860 2434 1915 ritu
2467 1862 2644 1918 saccis
2672 1862 2942 1930 insidens,
2983 1865 3099 1921 Deo
3120 1882 3223 1937 pro
3261 1884 3391 1940 rege
3417 1870 3700 1940 supplica-

2118 1948 2199 1999 vit
2230 1963 2246 2004 :
2271 1962 2393 2017 quae
2425 1949 2667 2020 Agrippa
2706 1952 2762 2007 in
2792 1953 2905 2014 alto
2932 1956 3182 2012 conclavi
3213 1956 3555 2017 decumbens
3595 1974 3699 2020 nec

2120 2040 2238 2111 ipse
2298 2042 2462 2098 siccis
2507 2044 2689 2101 oculis
2740 2047 3015 2116 spectavit
3037 2063 3103 2104 ac
3144 2049 3342 2106 diebus
3383 2067 3419 2105 v
3449 2051 3701 2111 cruciatu

447 2146 756 2215 ’Δνακύψας
803 2140 897 2199 οὖν
973 2141 1093 2213 μετ’
1123 2141 1327 2209 ὀλίγον,
1366 2138 1469 2209 ὁρᾷ
1499 2136 1590 2189 τὸν
1625 2134 1874 2205 βουϐῶνα
1931 2135 2020 2188 τὸν

2121 2133 2334 2190 ventris
2372 2135 2670 2203 subactus,
2717 2148 2955 2194 mortem
3005 2155 3130 2195 cum
3174 2140 3288 2197 vita
3321 2144 3698 2199 commutavit.

428 2243 582 2314 ὄρνιν
629 2243 729 2312 τῆς
782 2238 977 2293 ἐαυτοῦ
1026 2234 1273 2304 κεφαλῆς
1328 2229 1592 2302 ὕπερθεν.
1632 2228 1903 2297 ’Δγγελόν
1957 2244 2015 2280 τε

2121 2225 2266 2280 Vixit
2292 2241 2469 2283 annos
2487 2243 2598 2292 ιιν,
2621 2230 2871 2301 regnavit
2888 2246 2984 2297 vn,
3005 2231 3110 2290 sub
3134 2232 3270 2290 Caio
3304 2249 3378 2302 tv,
3403 2235 3508 2290 sub
3528 2233 3702 2311 βιω-

435 2334 620 2389 κακῶν
653 2333 841 2387 τοῦτον
886 2327 1139 2398 ἐνενόησε
1184 2326 1332 2387 τότε,
1368 2322 1445 2386 ὡς
1492 2321 1623 2374 ποτὲ
1651 2318 1761 2373 τῶν
1794 2317 2017 2387 ἀγαθῶν
2116 2318 2209 2373 dio
2244 2333 2325 2373 ιιι.

434 2424 683 2496 μηνυτὴν
710 2439 723 2453 ’
775 2420 871 2476 καὶ
914 2416 1230 2486 διακάρδιον
1262 2414 1420 2485 ἔσχεν
1457 2411 1673 2482 ὀδύνην,
1705 2411 1802 2463 καὶ
1853 2410 1955 2478 τῆς
2025 2411 2236 2472 κοιλίας
2275 2408 2473 2477 ἀθρόον
2530 2411 2852 2480 ἐπιγέγονεν
2915 2413 3161 2486 ἄλγημα.
3210 2419 3318 2473 Καὶ
3363 2419 3503 2490 πρὸς
3572 2419 3702 2482 τοὺς

435 2519 623 2587 φίλους
652 2515 852 2586 φησίνο
882 2512 946 2566 ⁸0
972 2509 1119 2576 Θεὸς
1146 2506 1292 2578 ὑμῖν
1319 2504 1456 2575 ἐγὼ,
1481 2503 1599 2573 ἤδη
1659 2501 2049 2582 καταστρέφει)
2090 2505 2198 2555 τὸν
2219 2502 2366 2567 ,βίον
2391 2519 2407 2535 ο
2456 2504 2555 2556 καὶ
2603 2507 2638 2559 ό
2686 2505 2929 2573 κληθεὶς
2969 2508 3266 2578 ἀθάνατος
3305 2513 3443 2580 παρ’
3507 2512 3699 2582 ὑμῶν,

433 2612 641 2669 θανεῖν
676 2607 1006 2676 ἐπείγομαι.
1042 2603 1231 2659 Ταῦτα
1285 2602 1486 2667 λέγων,
1547 2598 1648 2668 τῆς
1697 2597 1894 2666 ὀδύνης
1962 2599 2384 2667 ἐπιτεινομένης
2447 2603 2824 2665 κατεπονεῖτο,
2894 2603 2987 2655 καὶ
3022 2605 3168 2675 μετὰ
3215 2608 3454 2678 σπουίῆς
3499 2610 3695 2663 ἀνικοο

432 2706 607 2778 μίσθη
657 2704 795 2775 πρὸς
822 2704 884 2755 τὸ
916 2700 1214 2772 βασίλειον.
1253 2698 1431 2766 Λόγου
1494 2696 1553 2750 δέ
1620 2694 1920 2765 γενομένου
1992 2693 2253 2764 θνήσκειν
2305 2694 2489 2759 αὑτὸν,
2542 2698 2575 2766 ἡ
2628 2697 2843 2769 πληθὺς
2894 2699 3091 2754 αὐτίκα
3169 2703 3266 2756 σὺν
3309 2704 3549 2773 γυναιξὶ,
3600 2707 3698 2768 καὶ

434 2800 623 2853 παισὶν
651 2799 743 2851 ἐπὶ
775 2797 966 2865 σάκκῳ
994 2793 1325 2848 καθεσθεῖσα
1353 2791 1432 2862 τῷ
1473 2787 1717 2860 πατρῴῳ
1742 2787 1916 2859 νόμῳ,
1945 2788 2034 2841 τὸν
2073 2788 2207 2841 Θεὸν
2254 2787 2400 2857 ὑπὲρ
2464 2789 2560 2843 τοῦ
2593 2790 2860 2861 βασιλέως
2888 2794 3122 2861 ἱκέτευε,
3151 2795 3247 2849 καὶ
3276 2798 3475 2862 πάντες
3523 2798 3699 2874 ἐθρή-

431 2912 578 2952 νουν.
622 2895 711 2947 Ἐν
744 2890 936 2962 ὑψηλῷ
965 2889 1022 2943 δὲ
1057 2893 1084 2943 ὁ
1126 2887 1442 2957 Ἀγρίππας
1505 2882 1909 2953 κατακείμενος
1971 2879 2254 2952 δωματίῳ,
2319 2882 2414 2936 καὶ
2462 2883 2614 2938 κάτω
2661 2883 2878 2954 βλέπων
2948 2886 3148 2952 αὐτοὺς
3176 2892 3404 2960 πρηνεῖς
3452 2876 3709 2966 προσπί-Ϊ

436 2999 698 3048 πτοντας,
764 2979 891 3034 οὐδέ
942 2976 1106 3038 αὐτὸς
1153 2977 1392 3045 ἄδακρυς
1431 2970 1520 3044 ἦν.
1599 2970 1717 3040 Ἐφ’
1753 2970 1965 3042 ἡμέρας
2030 2969 2086 3020 δὲ
2127 2970 2291 3023 πέντε
2341 2970 2421 3041 τῷ
2476 2973 2576 3042 τῆς
2634 2976 2874 3042 γαστρδις
2930 2974 3210 3045 ἀλγήματι
3275 2974 3701 3051 κατεργασθεὶς,

435 3072 774 3143 κατέστρεψε
799 3071 900 3142 τὴν
931 3068 1097 3140 ζωὴν,
1127 3067 1330 3138 βιώσας
1397 3063 1491 3133 ἐτη
1558 3062 1802 3132 τέσσαρα
1828 3060 1924 3114 καὶ
1978 3061 2343 3127 πεντήκοντα,
2393 3063 2722 3134 βασιλεύσας
2754 3066 2801 3120 δ’
2873 3068 3014 3122 ἑπτὰ
3062 3071 3155 3124 ἐπὶ
3196 3071 3360 3125 Γαΐου
3414 3076 3515 3144 μὲν
3571 3078 3697 3133 tia-

435 3179 601 3232 σαρα,
632 3161 760 3231 τρία
787 3158 834 3213 δ’
864 3158 960 3211 ἐπὶ
994 3154 1286 3208 Κλαυδίου.

502 3248 1026 3320 ΙΒ¹.’Λγνοουμένης
1055 3264 1118 3316 γε
1155 3247 1262 3316 μὴν
1294 3244 1374 3298 ετι
1404 3245 1520 3307 τοῖς
1547 3240 1785 3312 πλήθεσι
1809 3238 1910 3309 τῆς
1932 3237 2020 3292 αὖ·

2205 3238 2317 3294 Xll.
2352 3237 2519 3299 Obitu
2554 3240 2674 3311 ejus
2714 3240 2877 3313 vulgo
2903 3242 3086 3300 adhuc
3122 3245 3420 3318 incognito.
3459 3248 3706 3310 Herodes

433 3347 530 3404 τοῦ
564 3344 848 3414 τελευτῆς,
885 3339 1373 3409 συμφρονήσαντες
1427 3333 1677 3405 Ἡρώδης
1721 3332 1751 3384 ό
1788 3328 2020 3398 ἀδελφὸς

2126 3330 2300 3386 frater
2332 3331 2454 3402 ejus
2483 3330 2767 3387 Chalcidis
2805 3335 3089 3405 princeps,
3127 3346 3184 3392 et
3211 3337 3426 3393 Helcias
3454 3343 3702 3412 equitum

437 3439 626 3504 αὑτοῦ,
651 3440 678 3491 6
708 3436 806 3505 τῆς
838 3432 1106 3493 Χαλκίδος
1138 3430 1346 3500 ἄρχων,
1374 3428 1471 3481 καὶ
1506 3424 1726 3487 Ἐλκίας
1755 3425 1783 3478 ό
1814 3423 2020 3492 ἵππαρ-

2125 3422 2411 3491 magister,
2461 3422 2629 3477 Silam
2655 3462 2671 3486 ,
2717 3425 2806 3478 cui
2849 3425 3056 3481 inimici
3093 3437 3272 3496 erant,
3328 3432 3484 3500 quasi
3518 3449 3615 3490 rex
3649 3435 3704 3498 id

436 3549 553 3607 χος,
583 3530 927 3599 πέμψαντες,
959 3523 1053 3577 τὸν
1093 3523 1257 3577 Σίλαν
1287 3518 1481 3591 ἐχθρὸν
1522 3518 1706 3582 αὐτοῖς
1740 3515 1870 3575 ὅντα
1914 3531 2020 3607 κα-

2121 3513 2415 3582 jussisset,
2456 3515 2825 3570 occidendum
2872 3529 3230 3574 curaverunt.
3295 3524 3535 3594 Agrippa
3597 3526 3705 3589 hoe

434 3604 739 3692 τέσφαξαν,
772 3619 848 3682 ὡς
875 3617 1015 3691 τρχα
1039 3614 1134 3669 τοῦ
1168 3612 1429 3684 βασιλέως
1459 3609 1838 3671 κελεύσαντος.
1865 3604 2020 3661 Οὕτω

2127 3605 2295 3659 modo
2334 3605 2449 3660 vita
2485 3605 2677 3673 ﬁnita,
2711 3606 2885 3663 filium
2924 3612 3219 3682 Agrippam
3251 3615 3496 3685 reliquit,
3528 3633 3706 3676 annos

440 3716 540 3787 μὲν
572 3712 667 3768 οὖν
715 3713 744 3765 6
788 3709 1104 3782 Ἀγρίππας
1153 3703 1387 3768 ἁπεϐίω,
1414 3702 1531 3755 υἱὸν
1575 3701 1889 3769 Ἀγρίππαν
1920 3711 2020 3787 κα-

2127 3711 2317 3756 natum
2351 3718 2485 3766 xvn,
2514 3713 2572 3758 et
2603 3715 2718 3760 tres
2753 3704 2894 3760 filias
2922 3721 3158 3776 quarum
3201 3724 3306 3764 una
3338 3709 3543 3767 Herodi
3584 3714 3706 3784 ejus

436 3781 681 3863 ταλιπὼν
720 3802 858 3856 ἐτῶν
899 3798 1272 3853 ἑπτακαίδεκα
1290 3811 1304 3826 ο
1344 3797 1494 3865 τρεῖς
1514 3794 1569 3847 δὲ
1588 3790 1918 3861 θυγατέρας,
1946 3781 2020 3843 ὧν

2125 3803 2325 3863 patruo
2359 3802 2529 3864 nupta
2565 3794 2694 3859 fuit,
2728 3784 2904 3867 eaque
2927 3796 3190 3854 Berenice
3225 3801 3549 3870 vocabatur,
3581 3781 3706 3861 duas

436 3904 472 3970 ἡ
498 3894 826 3970 μένᾘρώδῃ
851 3891 947 3947 τοῦ
971 3889 1177 3960 πατρὸς
1206 3887 1419 3958 ἁδελφῷ
1445 3880 2020 3955 γεγάμητο,Βερενίκη

2125 3885 2372 3956 virgines
2420 3885 2669 3951 fuerunt,
2700 3887 3020 3944 Mariamme
3047 3899 3101 3945 et
3136 3890 3391 3947 Drusilla.
3428 3894 3703 3953 Cteterum

437 3992 485 4044 δ’
521 3988 810 4059 ἐκέκλητο,
839 3982 1105 4054 παρθένοι
1149 3981 1200 4037 δ’
1229 3976 1371 4052 ἦσαν
1413 3978 1471 4037 ai
1516 3976 1613 4033 δύο
1650 3974 1888 4045 Μαριὰμ.
1928 3974 2020 4026 καὶ

2125 3978 2272 4049 regis
2302 3979 2457 4034 obitu
2488 3979 2739 4049 cognito,
2786 3979 3155 4043 Caesarienses
3192 3992 3249 4039 et
3280 3982 3566 4043 Sebasteui
3601 3989 3703 4044 be-

436 4080 728 4151 Δρουσίλα.
762 4075 1107 4135 Γνωσθέντος
1132 4072 1189 4125 δέ
1213 4071 1309 4124 τοῦ
1343 4069 1577 4122 θανάτου
1608 4066 1702 4120 τοῦ
1735 4063 2020 4134 βασιλέως,

2125 4071 2454 4126 nefieiorum
2505 4071 2688 4135 obliti,
2725 4087 2852 4126 eum
2879 4073 3197 4131 maledictis
3231 4076 3483 4135 insectati
3532 4093 3661 4138 sunt
3684 4123 3701 4146 ,

437 4172 742 4242 Καισαρεῖς
769 4170 861 4223 καὶ
889 4164 1245 4234 Σεϐαστηνοὶ,
1271 4159 1688 4229 ἐπιλελησμένοι
1723 4157 1830 4209 τῶν
1858 4153 2020 4208 αὑτοῦ

2125 4170 2183 4218 et
2229 4161 2466 4217 ﬁliarum
2495 4163 2617 4232 ejus
2652 4172 2863 4219 statuas
2917 4165 2971 4219 in
3014 4166 3300 4236 lupanaria
3332 4169 3589 4241 abreptas
3621 4175 3705 4229 lu-

438 4262 696 4326 εὐποιῶν,
730 4258 1117 4327 ἐϐλασφήμουν
1148 4271 1207 4306 τε
1249 4254 1327 4315 είς
1364 4252 1549 4314 αὐτὸν,
1586 4248 1680 4301 καὶ
1704 4247 1773 4299 τὰ
1800 4244 1908 4298 τῶν
1928 4244 2020 4296 τοῦ

2125 4254 2308 4313 dibrio
2357 4255 2676 4311 habuerunt
2714 4272 2729 4311 :
2778 4256 3111 4328 publicaque
3156 4262 3407 4316 convivia
3450 4266 3701 4321 coronati

434 4354 709 4429 βασιλέως
756 4349 1074 4421 θυγατέρων
1119 4346 1415 4414 ἀγάλματα
1451 4344 1799 4413 ἁρπάσαντες
1830 4338 1912 4401 είς
1954 4335 2020 4391 τὰ

2125 4354 2182 4401 et
2212 4347 2507 4417 unguentis
2538 4346 2771 4402 delibuti
2800 4348 3163 4409 celebrantes.
3193 4351 3458 4410 Charonti
3497 4357 3708 4413 libave-

440 4453 668 4521 πορνεῖα
714 4447 1012 4516 ἐκόμισαν,
1057 4443 1154 4496 καὶ
1214 4436 1517 4509 ἀφύϐριζον
1564 4436 1645 4498 είς
1703 4433 1879 4488 αὑτά·
1929 4432 2020 4483 καὶ

2127 4445 2279 4492 runt.
2320 4437 2460 4494 Cum
2497 4446 2681 4494 autem
2711 4437 2966 4510 Agrippa:
2995 4439 3241 4497 defuncti
3273 4443 3445 4499 filium
3480 4446 3702 4511 Romze.

444 4544 766 4613 πανδήμους
824 4536 1098 4599 ἑστιάσεις
1141 4532 1395 4595 ἐποίουν,
1450 4525 1878 4599 στεφανούμενοι
1928 4523 2024 4576 καὶ

446 4626 823 4708 μυριζόμενοι,
850 4631 945 4684 καὶ¹
977 4627 1299 4688 σπένδοντες
1332 4623 1407 4692 τῷ
1441 4621 1698 4690 Χάροντι.
1746 4618 1810 4671 '0
1841 4616 1898 4672 δέ
1930 4614 2025 4669 τοῦ

443 4727 736 4789 τεθνεῶτος
760 4723 874 4786 υίὸς
897 4719 1209 4790 Ἀγρίππας
1231 4720 1290 4769 ἐν
1319 4711 1510 4784 Ῥώμῃ
1534 4714 1655 4765 τότε
1676 4711 1851 4779 διῆγε,
1875 4710 2028 4778 παρὰ

445 4816 704 4887 Κλαυδίῳ
756 4814 1093 4885 τρεφόμενος
1139 4809 1401 4879 Καίσαρι,
1434 4805 1496 4859 ὃν
1535 4803 1736 4858 αὐτίκα
1783 4803 2028 4873 πέμπειν

437 4910 672 4983 ὥρμητο
710 4907 810 4978 τὴν
842 4906 1126 4981 βασιλείαν
1177 4901 1573 4970 διαδεξόμενον.
1623 4897 1942 4983 Ἀπήγαγον
1978 4894 2026 4947 δ’

442 4977 612 5054 αύτδν
646 4998 740 5065 τοῦ
769 4977 1002 5050 σκοποῦ
1051 4997 1100 5047 οί
1151 4993 1281 5065 περὶ
1330 4990 1515 5053 αὑτὸν,
1567 4987 1837 5057 σφαλερὸν
1884 4977 2027 5039 εἶναι

440 5062 729 5160 λέγοντες,
751 5089 951 5160 κομιδῆ
992 5090 1098 5156 νέῳ
1133 5062 1411 5157 βασιλείας
1442 5082 1764 5152 ἐπιτρέπειν
1796 5078 2026 5150 μέγεθος

439 5185 621 5238 τόσον·
641 5182 958 5241 ἀπέστειλεν
985 5175 1080 5233 οὖν
1115 5177 1392 5231 Κούσπιον
1427 5174 1598 5231 Φάδον
1628 5173 1725 5244 τῆς
1762 5172 2025 5235 Ἰουδαίας

443 5279 664 5346 καὶτῆς
712 5274 994 5346 βασιλείας
1039 5271 1261 5340 ἁπάσης
1305 5269 1757 5345 ἐπιτροπεύοντα,
1789 5264 2030 5318 ἐντειλά-

447 5386 608 5438 μενος
638 5368 790 5439 αὐτῷ
844 5367 938 5421 καὶ
981 5366 1345 5435 Καισαρεῦσι,
1378 5364 1472 5414 καὶ
1502 5358 1861 5430 Σεϐαστηνοῖς
1899 5357 2024 5415 ἐπι-

441 5461 645 5530 πλῆξαι
680 5460 782 5532 τῆς
827 5461 909 5522 είς
954 5459 1047 5511 τὸν
1092 5457 1481 5527 κατοιχόμενον
1525 5453 1761 5524 ὕϐρεως.
1799 5451 2026 5520 Ἀφικό-

443 5568 609 5623 μενος
657 5552 713 5606 δὲ
770 5552 938 5615 Φάδος
992 5553 1072 5614 εἰς
1132 5549 1233 5621 τὴν
1287 5547 1592 5611 Ἰουδαίαν,
1662 5544 1851 5599 στάσιν
1900 5545 2026 5597 τότε

441 5644 750 5714 γενομένην
802 5643 1150 5708 κατέστειλε,
1185 5642 1280 5694 καὶ
1331 5639 1646 5711 λῃστηρίων
1693 5638 1791 5709 τὴν
1843 5638 2026 5707 χώραν

442 5738 713 5809 ἐκάθηρε,
753 5739 850 5789 καῖ⁵
892 5736 992 5805 τὴν
1041 5733 1139 5786 τοῦ
1194 5732 1500 5803 ἀρχιερέως
1553 5730 1745 5802 στολὴν
1796 5732 1876 5793 είς
1926 5729 2026 5799 τὴν

441 5830 741 5887 Ἀντωνίαν
774 5829 838 5883 τὸ
877 5827 1139 5898 φρούριον
1175 5823 1503 5896 ἁποτεθῆναι
1554 5823 1912 5894 προσέταξεν,
1949 5823 2023 5885 ὡς

2127 4530 2273 4601 apud
2324 4546 2384 4587 se
2425 4531 2740 4602 degentem,
2785 4531 3049 4588 Claudius
3081 4532 3262 4590 Cazsar
3294 4538 3477 4592 statim
3522 4540 3589 4595 ad
3622 4558 3708 4596 re-

2128 4626 2222 4697 gni
2253 4627 2663 4684 successionem
2688 4624 2944 4697 ablegare
2977 4626 3030 4681 in
3062 4627 3249 4682 animo
3284 4628 3549 4687 haberet:
3584 4650 3709 4703 pro-

2129 4725 2253 4788 pter
2279 4716 2633 4771 familiarium
2666 4731 2987 4780 sermones.
3029 4718 3339 4788 periculose
3370 4731 3580 4778 tantum
3616 4741 3706 4780 re-

2127 4825 2320 4880 gnum,
2376 4808 2670 4865 admodum
2723 4809 3059 4867 adolescenti
3120 4814 3390 4868 committi
3446 4830 3707 4872 asseren-

2127 4903 2290 4968 tium,
2340 4901 2575 4956 consilio
2628 4911 2862 4966 mutato,
2924 4903 3191 4973 Cuspium
3248 4905 3451 4960 Fadum
3503 4907 3707 4963 Iudaeae

2130 4996 2410 5064 totiusque
2442 4995 2594 5064 regni
2628 5005 3042 5064 procuratorem
3067 4997 3237 5061 misit,
3271 5013 3395 5053 cum
3425 5003 3703 5065 mandato,

2128 5094 2192 5139 ut
2227 5082 2596 5139 Caesarienses
2627 5093 2684 5139 et
2708 5083 3049 5141 Sebastenos
3077 5087 3151 5141 ob
3183 5090 3576 5143 contumeliam
3610 5091 3707 5145 de-

2128 5180 2319 5235 functo
2363 5177 2564 5232 factam
2595 5178 2937 5251 objurgaret.
2980 5178 3163 5234 Fadus
3202 5181 3255 5233 in
3289 5180 3533 5236 Iudaeam
3577 5197 3706 5252 pro-

2127 5271 2308 5326 fectus
2333 5309 2347 5335 ,
2383 5268 2715 5325 seditionem
2742 5278 2883 5324 'tum
2929 5278 3106 5325 ortam
3137 5272 3301 5341 282
3338 5274 3702 5342 compressit.

2127 5363 2436 5419 latrociniis
2464 5363 2805 5433 provinciam
2833 5365 3173 5434 repurgavit,
3201 5372 3257 5419 et.
3281 5363 3561 5434 pontificis
3590 5375 3706 5423 sto-

2127 5457 2235 5513 lam
2267 5456 2324 5509 in
2349 5453 2587 5509 Antonia
2613 5454 2860 5515 castello,
2884 5462 2948 5509 ut
2977 5453 3135 5531 olim,
3167 5454 3359 5524 reponi
3388 5456 3573 5525 jussit.
3603 5457 3706 5512 Sa-
3762 5512 3775 5519 _

2128 5546 2384 5603 eerdotes
2415 5559 2547 5599 vero
2591 5552 2649 5601 et
2689 5559 2949 5615 proceres
3002 5542 3483 5617 Hierosolymitani
3534 5547 3707 5603 refrao

2127 5640 2243 5712 gari
2295 5655 2405 5694 non
2440 5640 2581 5703 ausi,
2615 5647 2914 5709 rogarunt,
2960 5647 3023 5693 ut
3055 5639 3158 5693 sibi
3207 5639 3403 5695 liceret
3438 5656 3556 5694 eam
3586 5658 3704 5700 rem

2129 5753 2157 5790 a
2211 5734 2425 5789 Cresare
2460 5742 2651 5802 petere
2701 5750 2715 5789 :
2767 5747 2878 5804 quo
2919 5747 3205 5797 concesso,
3267 5731 3431 5803 legali
3473 5732 3705 5793 Romam

2127 5824 2385 5903 profecti,
2437 5824 2835 5884 intercessione
2888 5823 3127 5896 junioris
3177 5824 3505 5899 Aggrippm,
3556 5824 3705 5903 quod
