4074 6388
374 333 483 399 495
1648 327 1965 388 JOANNIS

2070 325 2337 386 omnes
2441 314 2473 343 ⁸
3551 327 3660 391 496

371 451 624 512 voluere,
660 463 689 502 a
718 445 954 502 Claudio
989 443 1132 500 datis
1174 442 1240 498 ad
1290 439 1498 497 Fadum
1529 439 1753 500 litteris.
1788 441 1960 509 impe-

2070 439 2168 492 καὶ
2211 439 2502 508 πρότερον.
2547 440 2610 492 Oi
2659 437 2706 492 δ’
2754 439 2916 508 ἱερεῖς
2948 437 3039 492 καὶ
3095 437 3144 490 oi
3195 437 3403 508 πρῶτοι
3450 431 3576 491 τῶν
3599 441 3658 492 ἐν

374 550 630 618 ιιίιιι-ιιηι.
659 537 906 595 Herodes
939 550 1162 607 quoque
1226 533 1482 604 Agrippa:
1516 531 1707 596 frater,
1743 531 1960 586 Chalci-

2081 528 2482 598 Ἰεροσολύμοις
2528 530 2833 597 ἀντιλέγειν
2879 531 2982 600 μὲν
3024 531 3124 583 οὐκ
3169 530 3447 599 ἐτόλμων·
3486 545 3664 600 παρε-

373 632 462 690 dis
503 635 803 702 princeps,
859 644 892 684 ιι
945 627 1165 684 Cmsare
1211 625 1399 694 templi
1441 633 1776 694 potestatem
1803 662 1819 682 .
1878 640 1965 678 sa-

2071 619 2272 673 κάλουν
2291 621 2348 673 δὲ
2405 621 2554 691 ὅμως
2601 621 2892 691 ἐπιτρέψαι
2925 623 3108 684 αὐτοῖς
3137 621 3399 690 πρέσϐεις
3448 621 3665 690 πέμψαι

372 740 593 795 eratque
625 722 908 793 pecuniae,
954 728 1011 774 et
1055 715 1282 772 creandi
1333 713 1625 770 Pontificis
1667 713 1965 768 auctorita-

2081 712 2220 783 πρὸς
2250 713 2340 764 τὸν
2387 713 2678 783 Καίσαρα.
2739 716 2865 776 τοὺς
2931 714 3324 781 αἰτησομένους
3370 712 3469 784 τήν
3511 713 3666 783 ἱεράν

372 828 483 873 tein
517 814 757 870 obtinuit
788 830 805 870 :
852 823 1018 881 atque
1048 809 1117 864 ab
1150 808 1244 862 illo
1277 805 1538 862 omnibus
1583 806 1705 876 ejus
1729 807 1965 875 posteris

2071 804 2266 874 στολήν
2301 802 2434 869 παρ’
2461 804 2646 868 αὐτοῖς
2678 801 2850 856 εἶναι·
2894 805 2990 858 καὶ
3025 805 3440 875 ἐπετράπησαν.
3480 805 3665 870 Παρα-

371 923 436 961 ea
471 914 716 976 potestas
746 917 918 970 usque
943 901 1010 954 ad
1037 898 1192 953 urbis
1217 895 1495 950 excidium
1525 895 1744 950 mansit.
1785 894 1958 965 Igitur

2071 898 2388 967 γενομένων
2415 896 2472 950 δέ
2519 899 2604 960 είς
2643 897 2740 968 τὴν
2777 897 3002 968 Ῥώμην
3047 898 3158 950 τῶν
3210 898 3516 967 πρέσϐεων,
3569 898 3665 950 καὶ

370 997 494 1055 Ιοι-ο
524 1008 673 1052 moto
701 989 975 1051 Canthera
998 1033 1014 1059 ,
1051 990 1291 1061 Joseplio
1326 983 1480 1044 Cami
1517 986 1632 1041 filio
1662 987 1956 1057 pontiﬁca-

2070 990 2094 1042 ὁ
2120 990 2216 1042 τοῦ
2245 989 2554 1060 Ἀγρίππου
2580 992 2710 1054 παῖς
2730 992 2758 1044 ὁ
2777 990 3041 1062 νεώτερος
3075 990 3381 1061 Ἀγρίππας
3406 993 3525 1042 ἐκεῖ
3549 989 3667 1042 διά-

375 1104 490 1146 tum
533 1088 752 1142 tribuit.

2070 1097 2198 1148 γων,
2228 1080 2304 1144 ὡς
2333 1080 2570 1151 εἴρηται,
2618 1081 2962 1153 παρεκάλεσε
2999 1082 3090 1135 τὸν
3135 1082 3410 1152 Καίσαρα,
3445 1095 3663 1148 συγχω-

375 1182 606 1260 ρηθῆναι
638 1181 748 1240 τοῖς
795 1175 1074 1239 Ἰουδαίοις
1092 1175 1237 1244 ἔχειν
1259 1174 1357 1246 τὴν
1389 1173 1542 1242 ίεράν
1566 1175 1780 1244 στολήν.
1806 1173 1917 1227 Καὶ
1938 1175 1965 1227 ὁ
1997 1174 2262 1237 Κλαύδιος
2293 1176 2662 1247 συνεχώρησε,
2705 1182 2798 1230 καὶ
2823 1175 2904 1246 τῷ
2939 1176 3095 1247 Φάδῳ
3124 1175 3250 1244 περὶ
3290 1175 3497 1227 τούτων
3533 1172 3666 1225 ἐπέ-

371 1270 571 1322 στειλε.
589 1270 698 1322 Καὶ
720 1265 966 1337 Ἡρώδης
982 1265 1038 1316 δὲ
1068 1266 1096 1317 ὁ
1122 1262 1215 1318 τοῦ
1252 1264 1558 1333 Ἀγρίππου
1589 1264 1838 1332 ἀδελφὸς,
1861 1264 1960 1332 τῆς
1981 1263 2037 1316 δέ
2058 1264 2324 1330 Χαλκίδος
2351 1265 2556 1338 ἄρχων,
2589 1267 2834 1338 ᾐτήσατο
2851 1267 3001 1337 παρὰ
3027 1267 3302 1338 Καίσαρος
3333 1267 3432 1337 τὴν
3447 1264 3539 1318 τοῦ
3557 1263 3664 1318 νεὼ

270 1434 275 1437 _
373 1363 642 1432 ἐξουσίαν,
665 1361 880 1417 καὶτῶν
916 1360 1077 1432 ιερῶν
1107 1359 1434 1431 χρημάτων,
1463 1361 1558 1413 καὶ
1588 1358 1687 1430 τῆν
1708 1359 1818 1412 τῶν
1846 1358 2152 1431 ἀρχιερέων
2169 1363 2522 1433 χειροτονίαν.
2547 1364 2655 1416 Καὶ
2683 1365 2839 1434 ἔτυχε
2866 1366 2962 1432 τῆς
2987 1365 3279 1436 αἰτήσεως,
3305 1367 3400 1418 καὶ
3434 1363 3492 1427 ἐξ
3517 1361 3663 1415 ἐκεῖ·

372 1481 464 1520 νου
511 1464 645 1516 πᾶσι
665 1463 780 1524 τοῖς
798 1459 1082 1526 ἀπογόνοις
1105 1455 1272 1510 αὐτοῦ
1297 1459 1328 1526 ή
1358 1457 1576 1522 ἐξουσία
1598 1457 1925 1525 παρέμεινε,
1966 1456 2126 1527 μέχρι
2149 1457 2250 1526 τῆς
2279 1460 2389 1511 τῶν
2436 1459 2823 1530 Ἰεροσολύμων
2844 1459 3122 1524 ἁλώσεως.
3157 1460 3266 1514 Καὶ
3285 1460 3350 1531 δὴ
3370 1458 3661 1527 μεθίστησι

372 1560 469 1626 τῆς
498 1555 913 1626 ἀρχιερωσύνης
942 1550 1032 1603 τὸν
1060 1548 1376 1619 Κανθηρᾶν,
1417 1548 1613 1617 Ἰωσὴφ
1640 1548 2055 1615 ἀντεισαγαγὼν
2086 1551 2180 1602 τὸν
2209 1549 2302 1603 τοῦ
2336 1553 2541 1620 Καμεί.

445 1649 586 1703 XIII.
629 1646 744 1700 [loc
768 1653 1014 1712 tempore
1043 1640 1456 1694 Adiabenorum
1491 1639 1680 1709 regina
1729 1638 1956 1703 Helena,

371 1753 430 1798 et
462 1741 609 1794 filius
638 1741 758 1809 ejus
781 1737 979 1798 Izates,
1013 1732 1335 1803 religionem
1370 1730 1656 1785 Juda-icam
1690 1738 1820 1783 sunt
1849 1744 1958 1783 am-

2137 1640 2237 1694 lI".
2287 1641 2376 1694 Ἐν
2403 1641 2582 1713 τούτῳ
2608 1642 2686 1714 τῷ
2711 1643 2937 1716 χρόνῳή
2963 1645 3072 1699 τῶν
3125 1645 3458 1717 Ἀδιαϐηνῶν
3489 1646 3659 1717 βασι-

2064 1730 2151 1793 λὶς
2195 1729 2419 1802 Ἑλένη,
2452 1734 2743 1798 καὶόπαῖς
2791 1735 2961 1804 αὐτῆς
3015 1735 3250 1807 Ἰζάτης,
3293 1737 3375 1799 είς
3415 1745 3482 1791 τὰ
3524 1737 3660 1790 Ἰου-

372 1834 541 1906 plexi.
579 1830 913 1888 Monabazus
935 1827 1084 1881 enim
1119 1824 1531 1878 Adiabenorum
1580 1837 1700 1885 rex,
1746 1835 1956 1892 cogno-

2070 1821 2229 1875 δαίων
2265 1819 2365 1893 τῆν
2397 1822 2679 1892 διαγωγὴν
2727 1825 3030 1893 μετέϐαλον
3063 1826 3294 1896 νόμιμα.
3340 1828 3660 1891 Μονόϐαζος

372 1936 561 1982 mento
615 1924 880 1985 Balarus,
933 1918 1196 1975 Helenam
1243 1932 1492 1971 sororem
1532 1930 1720 1970 amore
1763 1925 1959 1985 captus

374 2034 603 2074 uxorem
659 2015 856 2070 ducit:
905 2027 971 2066 ac
1028 2010 1328 2081 aliquando
1376 2025 1501 2064 cum
1533 2025 1596 2064 ea
1643 2019 1959 2080 przegnante

373 2113 607 2171 cubans,
637 2121 862 2162 manum
914 2105 1037 2176 ejus
1068 2103 1247 2158 ventri
1285 2103 1592 2171 imposuit,
1639 2116 1704 2156 ac
1747 2101 1962 2170 sopitus

374 2204 570 2258 audire
621 2215 814 2254 vocem
851 2198 1004 2252 visus
1054 2203 1163 2261 est,
1224 2211 1346 2266 qua:
1399 2210 1622 2248 manum
1682 2208 1713 2247 a
1767 2203 1961 2247 ventre

375 2298 571 2351 tollere
594 2293 839 2363 juberet,
873 2307 942 2346 ne
975 2287 1242 2343 infantem
1277 2287 1372 2357 qui
1407 2303 1474 2341 eo
1506 2295 1839 2357 gestaretur,
1871 2285 1963 2338 la:-

375 2387 566 2450 deret,
605 2382 698 2437 Dei
736 2378 1082 2451 providentia
1127 2386 1184 2433 et
1220 2389 1604 2447 regnaturum,
1645 2384 1702 2429 et
1745 2374 1961 2428 felicem

374 2478 542 2553 ﬁnem
574 2482 1028 2530 c0:.secuturum.
1058 2469 1132 2524 Ea
1155 2483 1290 2523 voce
1329 2467 1604 2531 turbatus,
1638 2468 1794 2521 uxori
1829 2466 1962 2536 quid

374 2567 641 2629 audisset,
666 2573 850 2619 narrat
878 2581 890 2617 :
915 2570 974 2616 et
996 2570 1185 2615 natum
1203 2558 1376 2613 filium
1401 2557 1581 2613 Izaten
1595 2566 1775 2622 vocat,
1796 2573 1962 2626 quem

375 2675 487 2730 pra:
517 2659 639 2712 aliis
655 2654 1048 2710 omnibustum
1067 2666 1134 2706 es
1151 2651 1380 2717 Helena,
1405 2658 1519 2705 tum
1541 2664 1609 2704 ex
1626 2649 1748 2704 aliis
1765 2648 1964 2702 mulie-

332 2803 336 2810 .
376 2751 533 2805 ribus
555 2758 683 2804 ante
733 2761 859 2802 eum
889 2742 1164 2813 susceptis
1192 2741 1402 2806 liberis,
1435 2750 1692 2810 tanquam
1735 2739 1960 2793 unicum

377 2843 590 2898 dilexit.
611 2841 688 2892 Ac
715 2837 945 2892 fratrum
965 2835 1086 2907 ejus
1115 2833 1380 2890 invidiam
1399 2834 1630 2895 veritus,
1648 2831 1963 2885 adulescen-

378 2945 487 2989 tem
509 2935 575 2986 ad
593 2925 998 2996 Abennerigum
1017 2921 1236 2995 Spasini
1257 2920 1384 2976 valli
1405 2933 1584 2988 regem
1605 2918 1758 2972 misit
1775 2935 1792 2974 ι
1811 2931 1959 2986 aquo

377 3030 630 3079 amanter
676 3028 973 3087 susceptus
998 3055 1013 3081 ,
1045 3024 1102 3069 ει
1128 3027 1296 3083 gener
1318 3011 1526 3065 ascitus
1554 3016 1660 3072 est,
1692 3015 1965 3078 assignata

377 3117 614 3172 ditione.
663 3111 1000 3168 Monobazus
1034 3116 1220 3162 autem
1257 3119 1385 3160 cum
1423 3102 1702 3158 senuisset
1727 3140 1742 3166 ,
1781 3100 1963 3154 lzaten

2061 1915 2170 1986 γὰρ
2224 1915 2254 1968 δ
2308 1916 2418 1968 τῶν
2469 1915 2808 1987 Ἀδιαϐηνῶν
2859 1917 3139 1987 βασιλεὺς,
3182 1913 3228 1988 ᾧ
3271 1919 3366 1972 καὶ
3421 1920 3658 1985 Βαζαῖος

2062 2005 2354 2078 ἐπίκλησις
2396 2002 2487 2078 ἦν,
2532 2011 2630 2079 τῆς
2675 2008 2914 2078 ἀδελφῆς
2978 2010 3201 2080 Ἑλένης
3257 2012 3422 2074 ἁλοὺς
3467 2012 3656 2082 ἔρωτι,

2061 2096 2259 2165 ἄγεται
2305 2098 2536 2167 ταύτην.
2585 2099 2694 2152 Καί
2725 2116 2856 2152 ποτε
2903 2102 3293 2168 συγκαθεύδων
3335 2103 3473 2172 αὐτῇ
3520 2101 3658 2172 οὔσῃ

2062 2189 2351 2260 ἐγκύμονι,
2400 2193 2466 2261 τῇ
2501 2191 2720 2262 ἐκείνης
2750 2195 2953 2263 γαστρὶ
2984 2193 3085 2264 τὴν
3122 2197 3283 2265 χεῖρα
3335 2193 3658 2264 ὑπερέθετο.

2064 2281 2174 2334 Καὶ
2207 2283 2466 2346 ὑπνώσας
2493 2283 2674 2348 ἔδοξεν
2697 2283 2917 2338 ἀκούειν
2947 2287 3153 2355 φωνῆς,
3177 2282 3308 2352 ἆραι
3329 2285 3660 2354 κελευούσης

2065 2374 2132 2426 ἐκ
2155 2373 2254 2444 τῆς
2293 2375 2488 2444 νηδύος
2511 2375 2610 2446 τὴν
2653 2378 2835 2448 χεῖρα,
2871 2377 2968 2431 καὶ
3008 2379 3083 2448 μὴ
3104 2377 3307 2431 θλίϐειν
3351 2378 3411 2431 τὸ
3438 2378 3495 2431 ἐν
3519 2379 3658 2449 αὐτῇ

2065 2465 2290 2539 βρέφος,
2310 2469 2447 2522 Θεοῦ
2467 2469 2696 2542 προνοίᾳ
2723 2471 2818 2524 καὶ
2849 2470 3037 2542 ἀρξον,
3069 2471 3166 2525 καὶ
3186 2472 3379 2535 τέλους
3402 2471 3665 2542 τευξόμε-

2065 2575 2156 2612 νον
2180 2560 2465 2631 εὐτυχοῦς.
2494 2561 2806 2633 Ταραχθεὶς
2828 2561 2921 2616 οὖν
2957 2563 3064 2617 ὑπὸ
3094 2565 3193 2635 τῆς
3220 2567 3425 2636 φωνῆς,
3450 2563 3657 2636 ἔφραζε

2064 2648 2242 2704 ταῦτα
2267 2655 2334 2722 τῇ
2367 2652 2606 2719 γυνσιιιιί⁹
2627 2655 2719 2707 καὶ
2745 2653 2836 2706 τὸν
2856 2654 2972 2707 υίδν
3002 2653 3262 2726 τεχθέντα
3287 2653 3504 2726 Ἰζάτην
3522 2654 3660 2708 ώνό-

2071 2756 2268 2808 μασεν.
2313 2737 2427 2794 Ἦν
2469 2741 2512 2795 δ’
2551 2745 2741 2814 ἕτερος
2783 2745 2976 2798 τούτου
3027 2747 3403 2818 πρεσϐύτερος
3447 2750 3512 2801 ἐκ
3557 2749 3658 2817 τῆς

2079 2827 2303 2901 Ἑλένης
2337 2833 2487 2904 αὐτῷ
2527 2835 2832 2904 γεννηθές,
2863 2836 3014 2890 ἄλλοι
3058 2854 3116 2890 τε
3150 2841 3338 2901 παῖδες
3375 2843 3440 2892 ἐκ
3469 2856 3660 2906 γυναι.

2070 2922 2182 2975 κῶν
2223 2924 2448 2994 ἐτέρων,
2481 2925 2710 2996 ἔστεργε
2754 2929 2813 2981 δὲ
2851 2930 2944 2983 τὸν
2991 2930 3207 3001 Ἰζάτην
3257 2933 3448 3002 ὥσπερ
3499 2949 3660 3000 μονο·

2067 3015 2225 3083 γενῆ.
2269 3015 2566 3085 Ἐφθόνουν
2630 3018 2808 3072 τοίνυν
2861 3022 2910 3074 oi
2966 3022 3210 3092 ἀδελφοί.
3256 3021 3316 3078 ’0
3359 3023 3414 3077 δὲ
3451 3024 3657 3094 πατὴρ,

2067 3104 2323 3170 δεδοικὼς
2372 3109 2501 3179 περὶ
2542 3110 2742 3182 τούτῳ,
2773 3114 3054 3184 ἐκπέμπει
3099 3116 3238 3187 πρὸς
3271 3115 3660 3188 Ἀϐεννήριγον

377 3219 506 3264 ante
538 3207 750 3260 obitmn
782 3216 947 3258 suum
971 3198 1161 3253 videre
1188 3194 1527 3251 desideravit
1555 3209 1570 3248 :
1609 3193 1774 3262 eique
1799 3190 1964 3245 ditio-

2070 3195 2159 3249 τὸν
2192 3199 2463 3253 Σπασίνου
2505 3201 2749 3272 χάρακος
2779 3204 3027 3275 βασιλέα.
3055 3208 3163 3260 Καὶ
3191 3207 3250 3271 ὃς
3283 3211 3539 3280 ἀσμένως
3563 3210 3660 3264 τὸν

379 3317 506 3357 nem
558 3297 834 3359 attribuit,
882 3295 937 3348 in
984 3306 1092 3361 qua
1131 3291 1178 3344 is
1216 3303 1392 3357 usque
1441 3287 1508 3340 ad
1543 3285 1714 3355 patris
1750 3282 1962 3338 obitum

379 3391 550 3444 vitam
590 3387 720 3456 egit.
750 3384 870 3449 Quo
901 3382 1186 3445 defuncto,
1230 3379 1433 3433 llelena
1465 3376 1653 3446 regina
1683 3372 1967 3445 magnati-

381 3483 487 3538 bus
535 3489 590 3534 et
623 3477 858 3546 satrapis
885 3472 1216 3533 accersitis;
1268 3469 1386 3525 Non
1435 3486 1520 3524 vos
1563 3467 1727 3530 latet,
1764 3465 1964 3534 inquit,

381 3576 636 3631 maritum
662 3586 855 3633 meum,
903 3566 1089 3621 Izaten
1112 3565 1258 3634 regni
1279 3577 1623 3617 successorem
1645 3560 1964 3629 designasse.

381 3669 486 3726 Sed
520 3683 637 3722 cum
670 3664 882 3718 beatum
912 3675 1022 3715 esse
1047 3659 1238 3721 sciam,
1273 3672 1376 3709 non
1401 3655 1492 3726 qui
1523 3653 1586 3707 ab
1611 3668 1737 3717 uno,
1760 3651 1852 3705 sed
1877 3650 1968 3721 qui

383 3782 418 3819 α
453 3759 689 3834 pluribus
722 3756 892 3826 iisque
921 3750 1212 3807 volentibus
1240 3763 1458 3818 regnum
1486 3745 1779 3815 acceperit:
1804 3757 1966 3811 nego-

383 3858 519 3910 tium
558 3856 652 3906 hoc
699 3856 870 3903 vestro
918 3857 1124 3916 quoque
1155 3843 1362 3912 judicio
1401 3838 1670 3910 permitto.
1725 3835 1809 3889 Illi
1844 3843 1962 3889 sta-

382 3947 486 4001 tim
573 3941 720 4012 regis
769 3937 1045 4011 judicium
1101 3929 1545 4003 amplectendum
1591 3941 1735 3992 esse,
1795 3938 1968 3993 seque

383 4038 531 4093 ultro
597 4032 774 4096 lzati,
843 4037 996 4085 recte
1061 4034 1118 4081 et
1164 4025 1311 4080 votis
1364 4023 1614 4078 omnium
1702 4017 1970 4074 fratribus

383 4131 652 4202 praelato,
707 4138 905 4196 parere
961 4121 1142 4182 velle,
1189 4127 1247 4174 et
1307 4116 1508 4171 fratres
1577 4129 1644 4168 ac
1706 4121 1970 4182 cognatos

381 4227 552 4290 ejus,
620 4231 682 4274 ut
759 4232 955 4272 secure
1017 4214 1365 4282 imperaret,
1440 4209 1496 4263 in
1551 4207 1748 4278 primis
1821 4202 1968 4258 occi-

381 4314 594 4368 dendos
624 4309 786 4379 283
813 4321 955 4372 esse,
987 4303 1266 4360 dixerunt.
1311 4300 1520 4356 Helena
1553 4313 1688 4354 vero
1739 4306 1972 4352 senten-

383 4408 517 4461 tiam
556 4405 625 4458 de
669 4403 818 4456 caede
864 4405 1225 4470 cognatorum
1270 4392 1639 4449 diﬂ‘erendam
1684 4406 1808 4446 esse
1839 4406 1972 4445 cen-

2069 3287 2280 3359 Ἰζάτην
2305 3292 2548 3358 ἐδέξατο,
2570 3296 2664 3348 καὶ
2687 3297 2957 3370 κηδεστὴν
2977 3300 3070 3352 ἐπὶ
3089 3301 3320 3370 θυγατρὶ
3340 3302 3658 3373 ἐποιήσατο,

2067 3384 2161 3436 καὶ
2199 3383 2382 3455 χώραν
2413 3387 2560 3458 αὐτῷ
2601 3389 2866 3460 παρέσχε.
2905 3391 3238 3463 Γεγηρακὼς
3265 3395 3324 3447 δὲ
3354 3397 3382 3446 δ
3413 3395 3660 3448 Μονόϐα-

2067 3473 2180 3540 ζος,
2216 3477 2346 3530 ίδεῖν
2379 3477 2646 3549 ἐπεθύμει
2662 3482 2976 3552 τὸνἸζάτην
2999 3485 3106 3555 πρὸ
3134 3484 3230 3538 τοῦ
3251 3485 3454 3540 θανεῖν.
3474 3488 3661 3538 Meta-

2069 3584 2135 3618 πε
2143 3569 2258 3638 μψά
2265 3586 2425 3640 μενος
2443 3569 2536 3624 οὖν
2551 3573 2736 3636 αὑτζν,
2759 3574 2916 3642 φιλοφ
2926 3576 3098 3646 ρόνως
3112 3578 3434 3642 ἀσπάζεται,
3447 3579 3540 3631 καὶ
3557 3578 3659 3648 χώ-

2072 3675 2170 3730 ραν
2190 3659 2338 3730 αὐτῷ
2352 3663 2764 3732 ἀπεκλήρωσεν,
2781 3666 2838 3719 ἐν
2925 3669 3018 3720 καὶ
3033 3669 3276 3740 διέτριψε
3295 3668 3456 3740 μέχρι
3475 3673 3660 3724 τελευ-

2067 3748 2167 3818 τῆς
2189 3750 2282 3804 τοῦ
2305 3753 2532 3824 πατρός.
2563 3753 2910 3820 Ἐκλιπόντος
2936 3757 2993 3810 δὲ
3015 3759 3358 3824 Μονοϐάζου,
3379 3763 3412 3830 ή
3447 3760 3658 3830 βασιλὶς

2079 3840 2270 3914 Ἑλένη
2302 3845 2695 3915 μετεπέμψατο
2734 3849 2862 3910 τοὺς
2896 3853 3230 3919 μεγιστᾶνας
3263 3854 3358 3907 καὶ
3387 3855 3515 3918 τοὺς
3554 3855 3660 3908 Σα-

2068 3937 2285 4006 τράπας
2308 3954 2322 3968 ο
2348 3931 2430 4001 οἷς
2455 3940 2830 4011 ἀφικομένοις,
2849 3946 2933 3998 Οὐ
2965 3944 3246 4014 λέληθεν,
3273 3943 3452 4015 εἷπεν,
3500 3950 3660 4019 ὑμᾶς

2071 4029 2159 4082 ὅτι
2187 4031 2220 4082 ὁ
2251 4029 2408 4098 ἀνὴρ
2439 4032 2580 4100 ἐμὸς
2599 4035 2708 4087 τὸν
2733 4033 2962 4105 Ἰζάτην
2991 4037 3171 4106 ἤθελε
3193 4038 3305 4107 τῆς
3331 4043 3658 4110 βασιλείας

2069 4120 2348 4191 γενέσθαι
2365 4121 2666 4194 διάδοχον.
2686 4127 2896 4180 Εἰδυῖα
2909 4128 2978 4181 δὲ
2986 4130 3289 4200 μακάριον
3304 4134 3504 4204 τὸνμὴ
3519 4136 3661 4206 παρ’

2071 4213 2230 4278 ἐνὸς,
2265 4213 2428 4268 ἀλλὰ
2471 4213 2593 4276 τῶν
2644 4219 2965 4286 πλειόνων,
2998 4223 3096 4275 καὶ
3131 4225 3358 4278 τούτων
3392 4226 3660 4282 ἑκόντων

2071 4306 2186 4373 τὴν
2197 4307 2531 4372 ,βασιλείαν
2555 4310 2962 4378 λαμϐάνοντα,
2987 4313 3086 4367 καὶ
3109 4315 3228 4369 ὑπὸ
3257 4316 3373 4384 τὴν
3396 4317 3562 4388 ὑμῶν
3587 4321 3655 4374 τὸ

2073 4399 2316 4470 πρᾶγμα
2354 4402 2561 4469 κρίσιν
2598 4405 2946 4474 πεποίημαι.
2998 4408 3062 4460 Ol
3099 4407 3143 4460 δ’
3187 4409 3386 4464 αὐτίκα
3425 4417 3521 4465 καὶ
3554 4413 3655 4484 τὴν

382 4501 515 4562 suit,
547 4497 722 4550 donec
747 4495 838 4549 ille
868 4492 1132 4554 venisset,
1164 4504 1227 4544 ac
1256 4487 1506 4542 eamdem
1531 4485 1962 4555 comprobasset.

2074 4493 2169 4544 τοῦ
2201 4491 2470 4561 βασιλέως
2503 4493 2691 4562 κρίσιν
2722 4494 2997 4549 ἀσπασίαν
3020 4496 3276 4564 ήγεῖσθαι
3301 4499 3414 4568 (Η)
3442 4499 3652 4569 ἔλεγον,

383 4595 646 4649 Proceres
681 4605 814 4644 vero
865 4588 988 4642 illos
1039 4586 1251 4640 interea
1299 4583 1355 4636 in
1406 4581 1644 4636 vinculis
1682 4579 1967 4634 habendos

381 4697 505 4738 esse
535 4687 889 4739 monuerunt,
921 4676 1099 4730 donec
1146 4673 1239 4728 ille
1277 4671 1538 4726 venisset.
1589 4668 1796 4739 Regina
1833 4683 1967 4723 vero

385 4775 556 4829 lilium
590 4779 720 4824 natu
750 4767 1050 4823 maximum
1079 4778 1309 4818 summae
1349 4777 1532 4816 rerum
1565 4760 1830 4830 praafecit,
1878 4775 1972 4829 pa-

387 4865 528 4922 terni
559 4861 722 4932 sigilli
770 4859 979 4914 annulo
1021 4857 1171 4922 dato,
1215 4857 1309 4924 qui
1346 4853 1478 4908 lzati
1527 4867 1753 4907 reverso
1801 4867 1969 4921 regno

383 4958 570 5014 cessit.
603 4953 710 5009 Sed
736 4951 959 5007 Judaeus
1000 4948 1224 5017 quidam
1267 4946 1492 5000 nomine
1537 4944 1800 5008 Ananias,
1837 4943 1968 4998 lzati

385 5064 613 5124 peregre
645 5047 824 5117 agenti
860 5043 1146 5099 familiaris
1174 5042 1371 5106 factus,
1408 5039 1718 5094 doctrinam
1747 5037 1816 5093 de
1844 5038 1969 5092 'Deo

385 5154 442 5199 et
469 5144 781 5201 Judatorum
813 5137 1026 5208 legibus
1061 5133 1309 5194 tradidit.
1345 5131 1562 5187 Accidit
1589 5146 1779 5201 porro,
1823 5138 1884 5184 ut
1915 5139 1973 5185 et

387 5235 590 5289 lli-lena
621 5232 690 5286 ab
724 5231 833 5285 alio
875 5227 1065 5284 Iudaeo
1107 5223 1382 5288 instituta,
1411 5222 1669 5278 Ju‘daicas
1706 5235 1970 5277 caeremo-

388 5328 509 5380 nias
538 5324 984 5392 amplecteretur.
1015 5319 1187 5373 Izates
1220 5331 1345 5371 cum
1381 5315 1640 5376 venisset,
1673 5329 1736 5368 ac
1765 5328 1968 5383 cogna-

393 5426 475 5470 tos
503 5417 556 5468 in
598 5414 833 5468 vinculis
867 5411 1184 5481 reperisset,
1226 5408 1278 5462 id
1312 5421 1456 5477 aegre
1491 5406 1617 5460 tulit
1651 5424 1664 5459 :
1709 5421 1772 5459 ac
1817 5407 1970 5460 solu-

393 5519 495 5570 tos,
533 5522 600 5560 ne
631 5505 869 5574 suspecti
899 5510 1106 5564 essent,
1135 5500 1334 5570 partim
1362 5498 1585 5553 obsides
1609 5498 1838 5551 Romam
1869 5499 1969 5552 mi-

2077 4590 2172 4638 καὶ
2210 4583 2455 4650 ὑπείξειν
2481 4585 2700 4648 ἑκόντες
2739 4585 2938 4659 Ἰζάτῃ,
2963 4587 3190 4653 δικαίως
3227 4595 3656 4663 προκεκριμένῳ

2074 4676 2184 4730 τῶν
2209 4675 2477 4742 ἀδελφῶν,
2507 4677 2604 4729 καὶ
2634 4677 2776 4731 κατά
2804 4681 2901 4742 τὰς
2927 4681 3182 4736 ἀπάντων
3212 4685 3399 4754 εὐχὰς,
3424 4685 3519 4740 καὶ
3543 4687 3658 4740 δεῖν

2076 4769 2517 4839 προαποκτεῖναι
2576 4769 2704 4831 τοὺς
2765 4771 3029 4840 ἀδελφοὺς
3089 4775 3296 4843 αὐτοῦ,
3363 4778 3460 4831 καὶ
3526 4780 3658 4844 τοὺς

2079 4861 2386 4927 συγγενεῖς,
2422 4859 2488 4912 ἵν’
2516 4861 2775 4930 ἀσφαλῶς
2807 4864 3012 4927 ἐκεῖνος
3035 4866 3212 4936 ἄρχοι.
3253 4867 3318 4920 Ἦ
3349 4869 3405 4921 δέ
3441 4870 3658 4939 βασιλὶς

2079 4953 2178 5019 τὴν
2241 4953 2371 5018 περὶ
2423 4950 2522 5019 τῆς
2577 4951 2916 5022 ἀναιρέσεως
2968 4957 3078 5010 τῶν
3129 4960 3521 5029 προσηκόντων
3574 4962 3656 5031 τῷ

2076 5042 2265 5112 Ἰζάτῃ
2313 5040 2541 5112 γνώμην
2592 5045 2840 5114 ἐπισχεῖν
2903 5047 3299 5116 συνεϐούλευε,
3341 5054 3533 5122 μέχρις
3587 5052 3656 5107 ἂν

2079 5134 2285 5196 ἐκεῖνος
2327 5133 2703 5205 συνδοκιμάσῃ
2741 5139 3208 5208 παραγενόμενος.
3236 5140 3302 5195 Ol
3333 5141 3390 5194 δέ
3432 5144 3656 5213 δεσμεῖν

2078 5225 2217 5288 τέως
2264 5223 2463 5285 αὐτοὺς
2517 5223 2797 5295 παρῄνουν
2857 5228 3021 5296 μέχρι
3065 5228 3163 5298 τῆς
3205 5231 3418 5284 ἐκείνου
3459 5233 3657 5303 ἐπιδη-

2071 5317 2222 5388 μίας.
2258 5316 2565 5386 Καθίστησι
2604 5317 2660 5369 δὲ
2690 5319 2781 5371 τὸν
2828 5321 3209 5389 πρεσϐύτατον
3256 5324 3374 5378 υἱὸν
3408 5326 3442 5396 ή
3495 5325 3655 5396 βασί-

2069 5411 2230 5463 λισσα
2281 5409 2377 5461 ἐπὶ
2447 5410 2556 5462 τῶν
2612 5411 2978 5480 πραγμάτων,
3027 5413 3132 5476 ἕως
3186 5416 3253 5469 ἂν
3303 5417 3573 5493 ἐπανέλθῃ
3622 5421 3655 5472 ὁ

2073 5501 2326 5568 ἁδελφὺς,
2361 5500 2545 5554 δίδωσι
2592 5499 2649 5555 δὲ
2689 5503 2788 5557 καὶ
2823 5503 2915 5557 τὸν
2947 5504 3042 5560 τοῦ
3076 5509 3278 5579 πατρὸς
3329 5513 3656 5585 σημαντῆρα

1585 5632 1780 5694 νοτία)
1815 5634 2119 5703 lectiones
2161 5645 2223 5701 et
2265 5645 2450 5702 noue.

472 5760 582 5829 (Ἠ)
631 5761 966 5815 Ἀσπασίαν
1008 5757 1306 5829 ἡγεῖσθαι.
1367 5757 1522 5816 Colb.
1582 5758 1837 5829 $-61:on
1893 5779 1965 5831 pri

2074 5766 2119 5821 is
2145 5763 2327 5819 verbis
2359 5761 2544 5816 habet.

3265 5801 3292 5844 ’.Ι
