4074 6488
407 506 513 569 tu?

1676 515 2074 576 ANNALIUM
2115 517 2266 580 LIB.
2303 518 2408 581 VI.

3571 512 3680 579 498

403 617 713 671 δακτύλιον.
746 612 923 671 Ἵικεν
955 619 1049 671 οὖν
1083 621 1110 673 ό
1145 619 1381 690 Ἰζάτης,
1419 621 1510 674 καὶ
1539 623 1566 674 ὁ
1599 624 1823 690 ἀδελφὸς
1861 626 1994 678 ὑπε-

2129 628 2190 690 it,
2221 627 2421 697 partim
2467 626 2534 682 ad
2573 627 2830 689 Parthos,
2875 635 2929 681 et
2959 624 3088 695 quia
3121 635 3350 680 matrem
3397 626 3684 679 Judaismo

404 712 619 775 δέξατο,
663 713 758 764 καὶ
815 712 1086 783 ὑπεξέστη
1141 713 1292 784 αὐτῷ
1342 717 1442 784 τῆς
1499 716 1694 785 ἀρχῆς.
1748 718 1900 769 Ὄντι
1954 714 2005 770 δ’

405 802 557 871 αὐτῷ
602 805 659 855 ἐν
705 805 774 872 τῇ
825 805 1132 875 ἀποδημίᾳ,
1174 805 1430 868 Ἰουδαίκ
1477 823 1558 869 τις
1602 807 1854 869 Ἀνανίας
1897 825 2001 860 κα-

409 895 710 963 λούμενος,
751 897 993 965 γνωστὸς
1032 896 1307 965 γεγονὼς,
1350 898 1630 952 ἐδίδασκεν
1689 899 1851 952 αὐτὸν
1909 900 2002 952 τὸν

409 988 564 1051 Θεὸν,
603 989 697 1040 καὶ
727 988 794 1041 τὰ
839 989 948 1040 τῶν
990 989 1263 1042 Ἰουδαίων
1303 990 1533 1061 νόμιμα.
1569 991 1776 1061 Συνέϐη
1805 991 1863 1044 δὲ
1910 993 2002 1045 καὶ

407 1081 506 1147 τὴν
559 1078 780 1149 Ἑλένην
821 1079 913 1148 ὑφ’
944 1080 1135 1150 ἐτέρου
1183 1080 1442 1135 Ἰουδαίου
1483 1081 1892 1153 κατηχηθεῑσαν
1924 1085 2003 1146 εἰς

407 1174 474 1226 τὰ
498 1173 766 1226 Ἰουδαϊκὰ
794 1172 891 1243 ἔθη
923 1175 1312 1246 μετατεθῆναι.
1341 1175 1547 1230 Ἐλθὼν
1571 1177 1665 1230 οὖν
1688 1181 1715 1229 6
1745 1176 1993 1246 Ἰζάτης,

411 1265 504 1314 καὶ
525 1263 849 1332 δεδεμένους
878 1263 1006 1328 τοὺς
1036 1269 1322 1334 συγγενεῖς
1344 1268 1617 1339 εὑρηκὼς,
1643 1271 1996 1341 ἐδυσχέρανε·

413 1356 508 1407 καὶ
538 1356 697 1407 ἔλυσε
727 1355 848 1425 μὲν,
883 1355 1099 1426 έπεμψε
1137 1360 1216 1422 δὲ,
1244 1358 1328 1413 ἱνα
1368 1360 1442 1431 μὴ
1472 1359 1704 1416 ὕποπτοι
1736 1364 2005 1433 παρόντες

2101 722 2327 777 studere
2377 721 2619 784 videbat,
2658 721 2774 790 ipse
2807 734 3029 790 quoque
3069 719 3290 774 eosdem
3328 719 3468 774 ritus
3499 720 3685 773 susci-

2101 831 2236 886 pere
2280 814 2636 885 properabat,
2683 802 2851 868 etiam
2907 810 3230 867 circumcidi
3282 820 3531 882 paratus.
3575 811 3685 866 Sed

2104 914 2276 959 mater
2311 905 2364 958 id
2396 903 2681 974 prohibuit
2717 919 2731 956 :
2766 902 3114 958 subditorum
3145 901 3292 955 enim
3345 899 3690 956 odium'sus—

2104 1007 2414 1066 cepturum,
2447 1010 2629 1066 neque
2665 996 2874 1049 laturos
2901 995 3026 1050 illos
3057 993 3350 1062 imperium
3397 993 3544 1062 regis
3591 994 3686 1062 ju-

2103 1088 2393 1144 daizantis.
2416 1087 2666 1157 Cumque
2697 1103 2818 1142 eam
2848 1087 3156 1141 oralionem
3190 1101 3314 1139 cum
3350 1084 3560 1139 Anania
3593 1084 3690 1153 qui

2105 1193 2220 1237 tum
2249 1181 2464 1244 aderat,
2496 1181 2977 1244 communieasset,
3027 1179 3184 1248 isque
3226 1177 3370 1231 idem
3406 1176 3691 1240 suaderet,

2108 1283 2220 1328 tum
2269 1271 2493 1343 quidem
2542 1273 2750 1342 paruit.
2802 1271 2934 1327 Post
2983 1287 3108 1326 cum
3159 1269 3301 1324 alius
3344 1286 3414 1324 ex
3467 1268 3691 1324 Galilzea

2103 1363 2322 1419 Iudaeus
2343 1363 2586 1418 venisset
2620 1362 2935 1425 Eleazarus,
2969 1375 3209 1429 emnque
3257 1359 3437 1429 legem
3485 1357 3691 1412 Mosai-

727 1411 739 1425 .
835 1411 846 1419 .
990 1411 1055 1426 ..
1150 1411 1153 1412 ν
1203 1411 1216 1422 .
1368 1411 1442 1431 ιη.
1743 1411 2002 1433 --τνν---ν

413 1442 544 1509 εἷεν,
590 1447 719 1508 τοὺς
762 1447 864 1516 μὲν
905 1450 986 1511 εἰς
1039 1449 1260 1521 Ῥώμην
1307 1453 1738 1524 ὁμηρεύσοντας,
1773 1457 1900 1518 τοὺς
1947 1456 2005 1509 δὲ

2128 1470 2222 1509 'am
2251 1455 2521 1526 legentem
2557 1452 3018 1524 deprehendisset
3047 1469 3060 1504 :
3096 1451 3215 1506 Non
3255 1451 3414 1506 verba
3455 1457 3691 1512 tantum,

415 1537 553 1606 πρὸς
601 1537 874 1608 Πάρθους.
911 1540 1080 1603 Γνοὺς
1127 1540 1185 1593 δὲ
1223 1543 1322 1613 τὴν
1357 1543 1570 1613 μητέρα
1621 1545 1691 1596 τά
1733 1545 2006 1599 Ἰουδαίων

2128 1562 2220 1609 'ex,
2248 1546 2447 1615 inquit,
2488 1545 2710 1616 legenda
2747 1545 2841 1598 tibi
2879 1551 3026 1606 sunt,
3067 1543 3158 1598 sed
3208 1543 3466 1597 mandata
3504 1543 3690 1603 etiam,

416 1630 842 1700 ἁσπασαμένην,
869 1630 1104 1685 ἔσπευσε
1135 1633 1226 1686 καὶ
1254 1633 1417 1697 αὐτὸς
1437 1635 1516 1696 είς
1553 1638 1738 1689 ἐκεῖνα
1775 1654 2005 1706 μετατε-

2128 1653 2223 1702 ma:
2247 1637 2355 1692 illis
2389 1639 2746 1701 continentur,
2797 1635 3152 1706 exsequenda.
3186 1633 3434 1699 Quandiu
3475 1630 3693 1688 tandem

411 1717 595 1786 θῆναι,
629 1719 725 1771 καὶ
767 1722 1177 1792 περιτμηθῆναι
1225 1723 1440 1794 ἕτοιμος
1485 1720 1574 1796 ἦν.
1625 1725 1692 1778 Ἦ
1724 1725 1781 1779 δὲ
1822 1728 2006 1799 μήτηρ

2130 1729 2497 1782 neircumcisus
2535 1726 2811 1782 manebis?
2837 1726 2954 1781 Rex
2985 1724 3153 1796 igitur
3183 1725 3330 1779 nulla
3364 1724 3694 1792 interposita

414 1810 647 1872 ἐκώλυε,
699 1811 954 1880 λέγουσα,
1011 1815 1092 1873 εἰς
1141 1815 1470 1884 δυσμένειαν
1535 1817 1663 1879 τοὺς
1730 1817 2007 1887 ὑπηκόους

2128 1835 2285 1886 nora,
2314 1820 2678 1876 circumcisus
2703 1827 2809 1876 est.
2847 1819 3004 1886 Quod
3034 1833 3162 1874 cum
3191 1816 3352 1872 matri
3380 1824 3436 1870 ct
3467 1815 3702 1873 Ananiae-

418 1900 509 1955 διὰ
550 1901 712 1954 τοῦτο
741 1903 937 1967 ἐλθεῖν,
971 1904 1072 1955 οὐκ
1103 1903 1386 1968 ἀνέξεσθαί
1415 1922 1471 1958 τε
1509 1906 2007 1972 ὐπδἸουδαῖζοντος

419 1992 798 2015 ομ-.Ὶ-.ξ--ημ-
870 1994 927 2015 Ἀ
964 1995 1010 2015 bl
1050 1995 1122 2015 ,1-
1159 1996 1245 2015 ᾲὶγ.
1302 1997 1347 2015 ’Δ
1475 1998 1486 2014 1
1718 2002 1731 2015 ι
1943 2002 1956 2015 ι

2128 1915 2490 1982 signiﬁcasset,
2523 1913 2681 1968 veriti
2709 1920 2859 1977 sunt,
2887 1927 2957 1966 ne
2983 1927 3050 1967 ex
3082 1926 3146 1965 ea
3189 1925 3247 1964 re
3278 1918 3332 1963 et
3362 1908 3466 1963 sibi
3496 1917 3552 1962 et
3578 1907 3701 1972 regi.

419 1992 825 2060 βασιλεύεσθαι.
870 1994 927 2047 '0
959 1995 1013 2048 δὲ
1044 1995 1124 2057 είς
1153 1996 1246 2048 τὸν
1302 1997 1557 2052 Ἀνανίαν
1591 2002 1833 2070 παρόντα
1877 2002 2003 2064 τοὺς

417 2087 610 2156 λόγους
633 2089 889 2159 ἀνέφερε·
914 2087 1104 2141 τούτου
1127 2089 1184 2141 δὲ
1213 2089 1281 2142 τὰ
1304 2091 1442 2143 αὐτὰ
1468 2093 2004 2162 συμϐουλεύσαντος,

419 2181 649 2246 ἐπείσθη
699 2181 800 2248 μὲν
849 2181 967 2234 τότε
1015 2182 1044 2233 6
1090 2179 1347 2250 βασιλεύς
1383 2199 1398 2214 ο
1450 2183 1634 2254 ἕτερος
1654 2184 1698 2237 δ’
1740 2185 1894 2250 αὖθις
1942 2188 2006 2240 ἐκ

423 2269 716 2331 Γαλιλαίας
765 2270 1021 2334 Ἰουδαῖος
1082 2271 1348 2343 Ἐλεάζαρ
1387 2272 1744 2342 ἀφικόμενος,
1782 2275 1876 2327 καὶ
1909 2292 2008 2328 κα-

424 2363 676 2417 ταλαϐὼν
715 2362 878 2416 αὑτὸν
916 2363 1006 2416 τὸν
1037 2363 1281 2426 Μωσέως
1320 2366 1486 2434 νόμον
1525 2366 2003 2434 ἀναγινώσκοντα,

421 2459 504 2510 Οὐ
535 2457 756 2524 λόγους
782 2457 972 2522 μόνον
1007 2457 1450 2526 ἀναγινώσκειν
1477 2471 1552 2511 σε
1582 2459 1691 2524 δεῖ,
1719 2459 2010 2528 βασιλεῦ,

426 2551 554 2619 ἔφη,
575 2550 735 2604 ama
755 2548 854 2601 καὶ
883 2547 956 2602 τὰ
980 2551 1082 2604 ὑπ’
1113 2548 1313 2604 αὐτῶν
1337 2548 1770 2621 διατεταῃιένα
1790 2552 2009 2607 ποιεῖν’

423 2646 600 2711 μέχρι
665 2643 828 2707 τίνος
891 2642 1293 2710 ἀπερίτμητος
1343 2640 1590 2711 μένεις;
1665 2644 1724 2697 Ὁ
1783 2644 1841 2698 δέ
1915 2645 2015 2716 οὐχ

428 2733 796 2805 ὑπερεϐάλετο
835 2734 935 2805 τήν
975 2733 1197 2804 πρᾶξιν,
1228 2733 1364 2787 ἀλλὰ
1401 2737 1779 2809 περιετμήθηο
1809 2739 1902 2791 καὶ
1945 2740 2012 2810 τῇ

435 2829 604 2897 μητρὶ
635 2828 730 2880 καὶ
759 2825 839 2896 τῷ
894 2825 1114 2896 Ἀνανίᾳ
1148 2827 1468 2898 πεπρᾶχθαι
1499 2828 1558 2882 τὺ
1599 2830 1761 2900 ἔργον
1802 2830 2014 2902 ἐδήλου.

2109 2004 2355 2072 pericula
2385 2012 2706 2058 crearentur
2736 2020 2750 2057 :
2783 2000 2879 2058 sed
2903 2016 3030 2056 eum
3055 2010 3264 2055 metum
3297 1999 3444 2053 Deus
3465 1998 3691 2052 avertit.

2107 2095 2314 2152 Helena
2368 2108 2540 2165 porro
2588 2093 2802 2149 visendi
2853 2091 3232 2162 Hierosolyma
3278 2098 3333 2145 et
3381 2089 3556 2143 sancti
3598 2086 3698 2144 Dei

2110 2189 2296 2262 templi
2328 2187 2592 2244 adorandi
2625 2185 2844 2257 cupida,
2870 2186 3146 2256 permissu
3173 2184 3268 2239 lilii
3301 2199 3426 2239 eum
3459 2183 3711 2240 maxima.

2111 2280 2343 2351 pecunia
2387 2279 2442 2333 in
2484 2277 2677 2333 urbem
2725 2276 3118 2347 proﬁciscitur.
3168 2274 3275 2331 Ubi
3317 2289 3443 2330 cum
3493 2275 3716 2328 multos.

2111 2372 2252 2426 fame
2285 2378 2581 2441 pereuntes
2614 2368 2942 2426 invenisset.
2991 2367 3334 2422 frumentum
3367 2362 3702 2419 Alexandria

2112 2463 2426 2526 advectum,
2477 2470 2536 2516 et
2582 2461 2827 2516 sarcinas
2875 2460 3078 2515 ﬁcuum
3134 2459 3187 2513 in
3239 2457 3420 2529 Cypro
3462 2467 3698 2525 emptas,

2115 2555 2260 2611 inter
2283 2563 2510 2622 egentes
2530 2553 2838 2609 distribuit.
2873 2552 3044 2607 Filius
3069 2567 3292 2640 quoque
3319 2552 3462 2621 eius,
3495 2551 3704 2619 princi-

2115 2647 2277 2718 pibus
2309 2645 2824 2717 Hierosolymitanis
2853 2645 3084 2699 multum
3111 2644 3360 2715 pecuniae
3391 2643 3558 2708 misit,
3591 2658 3703 2715 quo

2116 2754 2388 2811 pauperes
2425 2738 2796 2809 iuvarentur:
2846 2746 3014 2806 atque
3062 2736 3181 2791 haec
3235 2734 3310 2790 ita
3358 2743 3510 2804 gesta
3551 2742 3701 2789 sunt.

2117 2832 2434 2887 Artabanus
2459 2838 2642 2885 autem
2676 2829 3013 2885 Parthorum
3043 2844 3160 2890 rex,
3192 2828 3428 2899 cognitis
3463 2827 3704 2892 insidiis,

432 2921 502 2976 οι
541 2920 589 2974 δ’
621 2920 700 2984 είς
746 2918 912 2988 φόϐον
959 2920 1242 2984 ἐνέπεσον,
1283 2921 1357 2992 μὴ
1398 2922 1494 2976 καὶ
1537 2923 1564 2976 6
1616 2922 1873 2994 βασιλεὺς
1921 2922 2018 2977 καὶ

2128 2941 2257 2998 quas
2293 2924 2398 2980 sibi
2444 2931 2704 2994 pararent
2729 2930 2981 2992 satrapae,
3019 2921 3084 2976 ad
3122 2921 3304 2976 lzaten
3352 2919 3526 2983 venit,
3574 2934 3700 2972 cum

433 3014 587 3068 αὐτοὶ
643 3011 1086 3069 κινδυνεύσωσιν.
1145 3013 1205 3071 Ὀ
1245 3014 1303 3068 δὲ
1348 3014 1481 3078 Θεὸς
1513 3013 1605 3068 τὸν
1650 3014 1817 3084 φόϐον
1845 3014 2020 3069 ἐλθεῖν

2128 3018 2366 3088 cognatis
2391 3023 2447 3070 et
2473 3013 2692 3069 famulis
2719 3011 2943 3068 circiter
2979 3011 3149 3066 mille.
3194 3015 3375 3080 Atque
3417 3011 3471 3062 in
3505 3007 3706 3062 itinere

433 3106 516 3168 εἰς
538 3103 687 3166 τέλος
715 3105 777 3156 οὔ
799 3103 1206 3176 συνεχώρησεν.
1247 3105 1436 3176 Ἑλένη
1467 3103 1525 3158 δὲ
1545 3104 1842 3175 ἐπιθυμίαν
1863 3103 2022 3174 ἔσχεν

2128 3109 2278 3164 illum
2308 3107 2582 3176 adeptus:
2630 3103 2708 3159 Ne
2745 3119 2849 3168 me,
2879 3102 3078 3173 inquit,
3124 3117 3239 3169 rex,
3290 3107 3497 3155 mutata
3537 3096 3705 3168 284

434 3201 512 3259 εἰ,
560 3196 918 3268 Ἰεροσόλυμα
957 3197 1274 3266 ἀφικέσθαι,
1304 3198 1400 3252 καὶ
1436 3197 1812 3268 προσκυνῆσαι
1840 3199 1903 3253 τὸ
1928 3201 2021 3254 τοῦ

2128 3203 2342 3274 fortuna
2374 3199 2698 3271 depressum,
2741 3206 2789 3252 et
2828 3211 2856 3251 e
2896 3197 3041 3267 regio
3072 3196 3286 3266 fastigio
3321 3195 3387 3248 ad
3433 3194 3702 3262 privatam

434 3289 570 3344 Θεοῦ
595 3290 761 3361 ἱερόν.
795 3291 906 3345 Καὶ
927 3291 1023 3343 τοῦ
1052 3291 1169 3344 υἱοῦ
1196 3292 1608 3363 ἐπιτρέψαντος,
1635 3292 1729 3347 καὶ
1756 3293 2016 3364 χρήματα

2128 3293 2477 3348 conditionem
2530 3289 2804 3344 redactum
2853 3286 3164 3358 neglexeris.
3217 3286 3308 3340 sed
3342 3301 3493 3355 opem
3543 3284 3706 3352 ferto.

437 3384 668 3439 πλεῖστα
707 3384 910 3450 δόντο·,
940 3384 1158 3438 ἄπεισιν
1188 3386 1268 3448 εἰς
1313 3383 1684 3455 Ἰεροσόλυμα.
1718 3387 1828 3439 Καὶ
1869 3385 2020 3456 λιμῷ

439 3475 831 3546 φθειρομένους
886 3473 1117 3534 πολλοὺς
1173 3475 1410 3546 εὑροῦσα
1469 3475 1606 3540 ἐκεῖ,
1659 3477 1805 3530 σῖτόν
1852 3494 1912 3529 τε
1964 3477 2025 3542 ἐξ

451 3567 866 3637 Ἀλεξανδρείας
893 3566 1144 3636 ἐκόμισε,
1175 3567 1270 3620 καὶ
1304 3565 1540 3636 ἰσχάδων
1570 3566 1770 3637 φόρτον
1802 3569 1868 3622 ἐκ
1909 3568 2024 3622 Κύο

441 3680 584 3733 πρου
605 3661 816 3714 πολλῶν
835 3662 1138 3731 χρημάτων
1163 3661 1462 3730 πριαμένη,
1484 3662 1596 3724 τοῖς
1629 3661 2029 3740 ἀπορουμένοις

440 3755 684 3822 διένεμε.
731 3754 842 3810 Καὶ
874 3754 901 3804 6
932 3755 1060 3815 παῖς
1089 3752 1146 3806 δὲ
1192 3751 1365 3822 αὐτῆς
1413 3751 1587 3806 πολλὰ
1618 3753 1879 3823 χρήματα
1915 3755 2030 3816 τοῖς

443 3847 684 3920 πρώτοις
711 3847 819 3900 τῶν
857 3844 1308 3918 Ἱεροσολυμιτῶν
1337 3844 1603 3916 ἔπεμψεν,
1639 3846 1712 3898 ἵν’
1743 3846 1794 3900 ot
1828 3845 2033 3916 λιμώτ-

442 3956 632 4003 τοντες
684 3938 774 3993 διὰ
827 3937 1058 4001 τούτων,
1113 3937 1188 4002 ὡς
1237 3937 1383 4003 ἐνὸν,
1431 3936 1868 4008 ἐπικουρηθῶσι.
1922 3937 2034 3991 Καὶ

444 4031 620 4085 ταῦτα
658 4031 756 4100 μὲν
805 4029 1019 4093 οὕτως·
1075 4029 1411 4100 Ἀρταϐάνης
1457 4029 1514 4083 δὲ
1554 4029 1664 4083 τῶν
1725 4027 1958 4098 Πάρθων
2005 4029 2035 4081 6

448 4122 727 4194 βασιλεὺς,
767 4120 1060 4192 ἐπιϐουλὴν
1089 4121 1252 4187 γνοὺς
1283 4122 1409 4184 τοὺς
1445 4121 1732 4191 σατράπας
1777 4120 1899 4173 κατ’
1934 4119 2033 4172 αὐ-

444 4217 544 4271 τοῦ
577 4215 1000 4288 μελετήσαντας,
1021 4214 1338 4284 ἀφικνεῖται
1372 4214 1509 4285 πρὸς
1549 4211 1790 4282 Ἰζάτην,
1826 4229 2027 4281 συγγε-

447 4307 560 4363 νῶν
600 4324 661 4361 τε
705 4309 803 4361 καὶ
833 4305 1067 4360 οἰκετῶν
1105 4305 1236 4377 περὶ
1276 4304 1482 4376 χιλίους
1527 4303 1889 4374 ἐπαγόμενος.
1929 4304 2040 4357 Καὶ

448 4400 574 4455 καθ’
597 4399 715 4454 ὁδὸν
744 4398 822 4470 τῷ
853 4399 1033 4470 Ἰζάτῃ
1062 4398 1303 4468 ἐνέτυχε,
1335 4396 1430 4452 καί
1452 4412 1622 4467 φησι·
1651 4396 1747 4465 Μή
1763 4413 1841 4466 με
1869 4397 2041 4466 παρι-

447 4493 585 4564 δῃς,
619 4488 672 4549 ὦ
691 4493 982 4559 βασιλεῦ,
1016 4491 1302 4546 ταπεινὸν
1327 4490 1396 4545 ἐκ
1425 4489 1764 4561 μεταϐολῆς
1795 4489 2038 4560 γεγονό-

448 4605 544 4652 τα,
579 4587 678 4642 καὶ
706 4585 950 4655 ἰδιώτην
978 4585 1046 4640 ἐκ
1069 4585 1398 4651 βασιλέως,
1435 4584 1575 4642 ἀλλ’
1611 4584 2037 4650 ἐπικούρησον.

2125 3386 2256 3453 Qua:
2285 3384 2380 3440 illo
2408 3398 2532 3438 eum
2560 3382 2818 3452 lacrymis
2839 3381 3082 3445 dicente,
3108 3379 3299 3442 Izates,
3328 3376 3451 3447 ejus
3479 3375 3706 3431 nomine

2126 3479 2338 3540 audito,
2387 3493 2534 3546 equo
2584 3477 2831 3537 desiluit.
2890 3493 2996 3532 ac:
3038 3475 3203 3540 Bono,
3267 3473 3470 3544 inquit,
3526 3474 3710 3526 animo

2128 3581 2256 3636 esto,
2287 3586 2398 3625 rex.
2430 3571 2536 3624 Aut
2563 3573 2700 3624 enim
2742 3570 2797 3622 in
2834 3567 3154 3622 Parthorum
3195 3582 3418 3636 regnum
3459 3575 3509 3618 te
3557 3564 3716 3617 redu-

2128 3679 2268 3726 cam,
2302 3668 2396 3716 aut
2428 3676 2539 3715 meo
2559 3661 2651 3714 tibi
2691 3658 2895 3713 cedam.
2916 3657 3011 3712 His
3035 3657 3198 3712 dictis
3234 3656 3386 3710 illum
3415 3655 3470 3708 in
3497 3668 3704 3723 equum

2131 3755 2378 3819 sustulit,
2431 3755 2548 3824 ipse
2586 3752 2758 3823 pedes
2805 3761 3030 3806 secutus
3073 3757 3179 3805 est.
3223 3748 3536 3803 Artabanus
3580 3759 3728 3802 vero.

2127 3847 2352 3919 juravit,
2403 3843 2508 3899 nisi
2555 3851 2614 3898 et
2661 3843 2754 3897 ille
2811 3856 3016 3912 equum
3063 3838 3496 3900 conscendisset,
3548 3849 3726 3905 atque

2133 3938 2392 4003 anteiret,
2439 3951 2499 3992 se
2545 3951 2767 4006 quoque
2797 3935 3215 3989 descensurmn.
3258 3931 3434 3984 Izates
3465 3929 3633 3998 igitur
3666 3927 3736 3980 υἰέ

2134 4029 2452 4091 obsecutus,
2495 4027 2551 4081 in
2588 4041 2794 4097 equum
2828 4025 3061 4087 insiluit,
3089 4032 3145 4078 et
3172 4022 3377 4077 Partho
3424 4020 3476 4074 in
3513 4020 3722 4089 regiam

2136 4119 2406 4191 perducto
2436 4133 2660 4173 omnem
2693 4118 2964 4173 honerem
3015 4114 3234 4170 habuit.
3279 4111 3514 4180 Scripsit
3553 4111 3723 4164 etiam

2138 4211 2206 4265 ad
2233 4211 2485 4274 Parthos,
2518 4218 2579 4263 ut
2614 4209 2952 4266 Artabanum
2995 4207 3287 4276 recipiant.
3342 4204 3446 4269 Qui
3489 4217 3616 4257 cum
3662 4217 3741 4256 se-

2138 4303 2292 4358 illum
2321 4301 2544 4372 quidem
2571 4309 2914 4370 recepturos,
2949 4297 3046 4353 sed
3079 4299 3136 4352 in
3174 4309 3402 4365 regnum
3428 4293 3740 4347 restituere-

2138 4411 2470 4466 nou'posse,
2495 4396 2606 4465 jam
2633 4392 2792 4447 alteri
2819 4392 3118 4452 creditum,
3148 4385 3550 4456 responderent
3581 4399 3595 4435 :
3627 4383 3725 4438 Ci-

2143 4503 2434 4545 uamomus
2482 4486 2559 4557 (id
2611 4485 2760 4540 enim
2808 4483 2860 4539 ei
2912 4496 3112 4537 nomen
3159 4487 3298 4544 erat,
3346 4478 3441 4547 qui
3499 4491 3724 4546 regnum

2146 4579 2487 4653 susceperat)
2519 4579 2605 4635 vir
2637 4579 2839 4642 bonus,
2872 4575 3213 4630 Artabanum
3246 4587 3277 4626 a
3312 4587 3424 4641 quo
3457 4569 3728 4622 educatus

451 4680 641 4735 Ταῦτα
670 4679 766 4738 σὺν
808 4679 1074 4748 δάκρυσιν
1102 4677 1309 4746 ἔλεγεν.
1349 4678 1408 4732 '0
1431 4677 1487 4730 δὲ
1524 4675 1766 4747 Ἰζάτης,
1800 4674 2025 4739 ἀκούσας

2144 4677 2346 4740 fuerat,
2375 4691 2474 4745 per
2505 4675 2720 4729 litteras
2748 4671 3004 4726 hortatus
3031 4675 3136 4730 est,
3168 4674 3230 4720 ut
3255 4680 3352 4720 sua
3379 4663 3486 4719 ﬁde
3517 4661 3726 4724 veniat,

448 4775 513 4828 τὸ
532 4776 723 4845 ὄνομα,
760 4772 1106 4843 κατεπήδησε
1136 4771 1230 4825 τοῦ
1271 4769 1467 4832 ἵππου,
1493 4771 1608 4832 καὶ,
1645 4768 1882 4836 Θάρσει,
1909 4765 2038 4837 ἔφη,

449 4863 498 4923 ὦ
515 4866 782 4931 βασιλεῦ
802 4884 817 4897 ·
846 4865 885 4935 ἣ
925 4865 1036 4937 γὰρ
1077 4867 1165 4930 εις
1193 4863 1310 4932 τὴν·
1340 4862 1588 4932 Πάρθων
1605 4861 1936 4927 ,βασιλείαν
1967 4874 2043 4913 σε

452 4960 840 5028 καταστήσω,
870 4959 909 5028 ἢ
949 4957 1060 5026 τῆς
1090 4955 1242 5027 ἐμῆς
1271 4952 1371 5010 σοι
1407 4953 1808 5024 ἐκστήσομαι.
1853 4951 2042 5007 Ταῦτα

453 5049 603 5112 εἷπε.
634 5051 735 5106 καὶ
761 5051 856 5105 ἐπὶ
890 5050 984 5104 τὸν
1021 5049 1190 5106 ἵππον
1223 5047 1388 5104 αὐτὸν
1418 5046 1759 5112 ἀνεϐίϐασεν,
1785 5045 1948 5108 αὐτὸς
1984 5043 2044 5097 δὲ

455 5145 623 5210 πεζὸς
682 5144 1009 5216 παρείπετο.
1071 5141 1182 5198 Καὶ
1228 5142 1257 5194 6
1311 5139 1655 5212 Ἀρταϐάνης
1711 5138 1950 5210 ῶμοσεν,
1995 5139 2046 5191 ει

460 5239 536 5308 μὴ
589 5239 843 5301 κάκεῖνος
893 5234 1130 5304 ἀναϐαίη
1183 5233 1275 5288 τὸν
1334 5234 1525 5298 ῑππον,
1569 5232 1666 5286 καὶ
1722 5231 2044 5300 προηγοῖτο,

456 5328 837 5399 ἀποϐήσεσθαι
876 5327 974 5380 καὶ
1007 5326 1193 5390 αὐτός.
1232 5323 1490 5388 Πεισθεὶς
1516 5324 1564 5377 δ’
1609 5325 1638 5378 ό
1679 5323 1916 5392 Ἰζάτης,
1946 5321 2038 5374 ἐπὶ

458 5425 551 5478 τὸν
593 5423 762 5478 ἵππον
812 5422 1019 5493 ἥλατο,
1053 5419 1154 5474 καὶ
1200 5419 1386 5473 πᾶσαν
1435 5415 1602 5488 τιμὴν
1656 5415 1922 5484 ἀπένειμε
1969 5412 2048 5483 τῷ

461 5514 665 5585 Πάρθῳ
693 5516 773 5579 είς
794 5515 863 5569 τὰ
885 5512 1133 5584 βασίλεια
1153 5509 1400 5580 ἀγαγών.
1443 5507 1653 5578 Γράφει
1668 5523 1728 5560 τε
1752 5505 1892 5576 πρὸς
1908 5503 2041 5568 τοὺς

464 5607 738 5678 Πάρθους,
769 5607 864 5661 τὸν
897 5605 1243 5674 Ἀρταϐάνην
1268 5601 1548 5667 δέξασθαι.
1582 5599 1705 5652 Τῶν
1730 5599 1788 5651 δέ
1814 5596 2049 5665 Πάρθων

460 5701 721 5767 δέξασθαι
749 5702 848 5771 μὲν
873 5697 1330 5768 συντεθειμένων,
1361 5695 1435 5766 μὴ
1458 5691 1720 5748 δύνασθαι
1742 5691 1800 5745 δὲ
1825 5691 1922 5744 καὶ
1951 5689 2051 5758 τὴν

463 5793 642 5866 ἀρχὴν
705 5795 1048 5866 ἀπονεῖμαι,
1108 5793 1213 5864 ἥδη
1272 5789 1448 5861 ἑτέρῳ
1499 5783 1965 5856 πεπιστευμένην,
2024 5785 2052 5836 6

464 5885 805 5957 Κινάμωμος
843 5885 1009 5958 (οὕτω
1053 5883 1163 5953 γάρ
1205 5882 1494 5952 ώνόμαστο
1538 5881 1566 5932 6
1627 5877 1727 5947 τὴν
1775 5874 2054 5945 βασιλείαν

468 5975 850 6049 πιρειληφὼς)
886 5977 1090 6048 γράφει
1123 5973 1200 6045 τῷ
1231 5969 1552 6044 Ἀρταϐάνῳ
1588 5966 1705 6039 (ὑπ’
1737 5964 1902 6019 αὑτοῦ
1945 5963 2052 6035 γάρ

2143 4780 2312 4840 atque
2359 4767 2652 4838 imperium
2707 4763 2958 4833 recipiat.
3002 4759 3288 4815 Artabano
3338 4756 3592 4812 redeunti
3626 4753 3729 4808 ob-

2143 4864 2290 4916 viam
2335 4856 2712 4929 progreditur,
2758 4868 2886 4908 eum
2935 4850 3150 4914 adorat,
3202 4863 3388 4918 regem
3443 4844 3727 4914 appellat:

2145 4953 2396 5008 diadema
2427 4967 2529 5006 suo
2559 4949 2725 5019 capiti
2746 4948 3050 5016 demptum,
3078 4944 3225 4998 illius
3253 4938 3506 5009 imponit.
3538 4937 3629 4993 Sic
3661 4937 3730 4990 ab

2146 5047 2290 5101 lzate
2335 5059 2432 5099 sex
2471 5042 2635 5097 annis
2679 5041 2734 5095 in
2781 5033 3030 5110 regnum‘
3060 5035 3354 5091 restitutus
3392 5030 3728 5092 Artabanus,

2147 5137 2472 5192 meritorum
2504 5135 2624 5204 ejus
2654 5147 2765 5186 non
2817 5130 2922 5184 fuit
2969 5131 3281 5192 immemor,
3311 5122 3406 5179 sed
3438 5136 3502 5176 ea
3546 5135 3734 5175 remu-

2148 5239 2374 5285 neratus
2403 5236 2509 5283 est.
2541 5226 2745 5281 Verum
2773 5223 3058 5292 aliquanto
3081 5226 3204 5290 post
3233 5232 3302 5273 eo
3331 5223 3572 5274 mortuo,
3596 5211 3733 5264 Bar-

2149 5323 2322 5376 danes
2349 5321 2469 5390 ejus
2493 5317 2638 5372 lilius
2669 5329 2840 5384 regno
2874 5312 3104 5382 potitus,
3130 5309 3196 5364 ad
3227 5307 3431 5362 Izatem
3463 5303 3635 5365 venit,
3660 5301 3750 5354 ab-

2148 5429 2326 5484 eoque
2358 5411 2516 5480 petiit
2546 5418 2606 5465 ut
2632 5423 2821 5464 secum
2850 5405 2978 5459 belli
3028 5403 3347 5458 societatem
3392 5405 3584 5452 contra
3623 5394 3734 5448 Ro-

2150 5520 2345 5562 manos
2369 5503 2564 5559 coiret.
2613 5500 2716 5566 Qui
2753 5513 2878 5552 cum
2911 5495 3304 5564 refragaretun,
3336 5503 3575 5558 cumque
3605 5487 3737 5541 hor-

2154 5606 2362 5651 taretur
2392 5603 2452 5646 ut
2486 5593 2630 5646 illam
2661 5587 3069 5659 expeditionem
3095 5583 3400 5644 omitteret,
3428 5593 3611 5648 neque
3644 5593 3736 5634 res

2151 5685 2546 5759 aggrederetur
2592 5697 2716 5752 quae
2788 5679 2909 5734 ﬁeri
2940 5691 3052 5731 non
3121 5680 3392 5745 possent:
3454 5669 3749 5726 Bardanes.

2155 5778 2359 5836 bellum
2389 5776 2521 5830 lzati
2562 5772 2779 5837 indicit,
2805 5770 2902 5828 sed
2935 5766 3124 5824 Parthi
3155 5765 3278 5835 ejus
3303 5762 3538 5818 consilio
3575 5761 3738 5820 intel-

2153 5873 2316 5935 lecto,
2342 5885 2469 5925 eum
2491 5867 2773 5930 occidunt,
2799 5873 2852 5920 et
2886 5875 3112 5933 regnum
3138 5857 3294 5913 fratri
3325 5858 3444 5928 ejus
3473 5853 3736 5910 Icotardae

2154 5962 2410 6018 deferunt
2445 5980 2458 6018 :
2489 5962 2579 6019 cui
2619 5974 2714 6031 per
2762 5957 2988 6016 insidias
3024 5968 3190 6017 caeso,
3225 5951 3518 6020 Vologeses
3567 5945 3740 6000 frater
