4074 6388
310 436 426 514 493

1585 458 1830 519 JUANN
1845 461 1911 519 lS
1950 459 2272 519 ZUNAR/E

3495 449 3600 511 suo

308 554 581 616 succedit.
635 563 704 617 At
753 562 914 618 lzatis
965 563 1134 617 frater
1170 564 1518 629 Monobazus,
1552 578 1608 621 et
1656 568 1903 638 cognati,

2024 572 2334 640 ἐτέθραπτο,
2365 574 2462 627 καὶ
2509 567 2576 640 ἦν
2626 566 2852 640 ἀγαθὸς)
2899 563 3238 636 παρακαλῶν
3276 562 3442 616 αὐτὸν
3471 563 3602 628 ἀφι-

311 653 582 708 Judaisnii
616 670 805 710 amore
859 656 1027 724 capti,
1061 672 1184 711 cum
1225 657 1564 712 desiderium
1604 675 1766 714 suum
1807 676 1899 714 ex-

312 744 637 812 plevissent,
706 745 913 799 subditi
952 763 1010 800 re
1041 747 1444 811 animadversa,
1478 749 1630 805 Abiu:
1663 749 1906 804 Arabum

315 835 432 905 regi
467 851 566 906 per
614 834 832 892 litteras
879 853 1128 908 magnam
1176 841 1467 908 pecuniam
1510 843 1906 910 promiserunt,

314 926 360 980 si
401 925 513 996 regi
561 926 764 980 bellum
802 927 1074 983 inferret:
1109 945 1233 984 eum
1280 947 1338 986 se
1380 948 1601 1001 quoque
1645 934 1700 987 in
1730 932 1909 1002 primo

314 1033 610 1089 congressu
647 1020 944 1076 relicturos
972 1022 1224 1092 polliciti.
1261 1021 1424 1078 Paret
1461 1025 1661 1086 Arabs.
1691 1035 1747 1080 et
1780 1039 1906 1080 cum

314 1111 528 1181 magnis
558 1113 736 1182 ceplis
768 1111 950 1168 lzaten
1001 1114 1252 1170 adoritur
1288 1134 1301 1170 :
1347 1119 1439 1186 qui
1472 1118 1524 1170 in
1561 1119 1738 1187 primo
1773 1133 1908 1172 con-

314 1218 507 1271 gressu
539 1218 567 1255 a
597 1203 712 1259 suis
738 1219 804 1258 ex
831 1205 1139 1274 composito
1162 1206 1434 1270 desertus,
1464 1208 1632 1277 tergis
1659 1207 1911 1263 obversis

317 1293 681 1363 fugientibus,
721 1308 1036 1366 magnatum
1080 1299 1393 1368 proditione
1429 1301 1666 1372 cognita,
1715 1301 1770 1354 in
1819 1317 1911 1356 ca-

316 1398 431 1442 stra
483 1389 712 1452 recedit.
747 1392 1070 1446 auctoribus
1099 1393 1325 1448 sceleris
1371 1394 1646 1464 supplicio
1673 1393 1908 1452 aﬂ‘ei-tis.

316 1481 596 1536 Postridie
630 1482 841 1538 Arabes
875 1483 1072 1552 vincit,
1095 1485 1359 1556 fugatque
1393 1501 1404 1536 :
1433 1497 1489 1540 et
1521 1487 1686 1558 285
1727 1503 1912 1559 regem

317 1589 510 1628 eorum
543 1575 599 1628 in
633 1576 920 1632 castellum
961 1578 1241 1647 quoddam
1271 1581 1579 1649 compellit.
1621 1582 1715 1648 qui
1753 1598 1822 1636 ne
1854 1581 1910 1635 in

318 1665 560 1720 hostium
600 1683 796 1724 manus
823 1672 1057 1738 veniret,
1087 1673 1206 1743 ipse
1234 1674 1338 1728 sibi
1374 1690 1566 1730 necem
1602 1675 1908 1730 conscivit:

319 1773 430 1830 quo
488 1761 714 1816 castello
769 1771 930 1833 capto
979 1772 1148 1833 atque
1186 1765 1424 1836 direpto,
1468 1766 1644 1821 Izates
1687 1765 1755 1820 ad
1813 1781 1914 1820 sua

322 1851 506 1908 rediit.
534 1851 807 1908 Caeterum
833 1871 956 1910 cum
987 1856 1402 1913 Adiabenorum
1435 1869 1670 1929 satrapae
1695 1874 1724 1912 a
1748 1858 1916 1916 Volo-

2014 663 2207 716 κέσθαι
2241 661 2636 727 πιστεύσαντα,
2669 659 2764 712 καὶ
2796 657 2894 728 τὴν
2938 654 3114 727 ἀρχὴν
3151 649 3600 721 παραλήψεσθαι.

2016 758 2128 809 Kal
2161 757 2186 808 6
2224 755 2560 826 Ἀρτάϐανος
2603 750 2904 813 πιστεύσας
2956 747 3150 818 ἀπῄει.
3207 747 3457 815 ’Υπὴντα
3510 742 3608 798 οὖν

2012 847 2164 917 αὐτῷ
2191 850 2219 900 6
2253 847 2614 916 Κινάμωμος,
2642 844 2701 907 ὃς
2725 843 2788 912 δὴ
2817 843 3206 913 προσκυνήσας
3245 839 3341 893 xal
3381 838 3609 909 βασλέα

2014 939 2490 1010 προσαγορεύσας,
2544 934 2891 1007 περιτίθησιν
2935 931 3103 987 αὐτοῦ
3152 934 3221 1001 τῇ
3280 931 3496 1000 κεφαλῇ
3547 929 3609 980 τὸ

2012 1031 2275 1101 διάδημα,
2320 1033 2421 1098 τῆς
2467 1027 2664 1081 ἑαυτοῦ
2715 1025 3072 1096 ἀφελόμενος.
3119 1021 3279 1074 Οὕτω
3319 1020 3374 1072 δὲ
3430 1019 3611 1090 χρόνῳ

2014 1123 2226 1190 ἑξαετεῖ
2267 1124 2345 1182 εἰς
2393 1122 2494 1191 τὴν
2538 1119 2711 1190 ἀρχὴν
2760 1117 3151 1178 άποκαταστάς
3178 1117 3206 1167 6
3248 1113 3607 1182 ’Λρτάϐανος,

2015 1218 2114 1269 οὐκ
2142 1214 2501 1286 ἠμνημόνησε
2529 1213 2638 1264 τῶν
2673 1211 2880 1275 Ἰζάτου
2913 1209 3118 1270 καλῶν,
3154 1206 3269 1260 ἀλλ’
3319 1203 3611 1275 ἀμείϐεται

2015 1309 2226 1362 τοῦτον.
2272 1306 2426 1360 Μετὰ
2463 1305 2519 1357 δέ
2566 1321 2686 1356 τινα
2727 1303 2917 1371 χρόνον
2955 1299 3295 1370 Ἀρταϐάνου
3330 1295 3611 1358 θανόντος,

2017 1398 2334 1468 Οὐαρδάνης
2354 1397 2381 1448 6
2401 1398 2528 1456 παῖς
2553 1393 2764 1446 ἐκείνου
2785 1390 2884 1461 τὴν
2911 1389 3190 1459 βασιλείαν
3212 1405 3276 1441 πε
3289 1384 3610 1456 ριεζώσατοο

2021 1493 2112 1544 καὶ
2158 1488 2296 1559 πρὸς
2328 1487 2544 1558 Ἰζάτην
2588 1482 2782 1546 ἐλθὼν,
2830 1481 3196 1551 συμμαχῆσαι
3246 1477 3398 1546 αὐτῷ
3458 1474 3613 1544 ἠξίου

2017 1583 2162 1637 κατά
2203 1579 2512 1650 Ῥωμαίων.
2558 1577 2616 1629 '0
2645 1575 2700 1628 δὲ
2729 1575 2830 1628 οὐκ
2852 1571 3125 1634 ἐπείθετο,
3159 1569 3296 1625 ἀλλὰ
3327 1569 3420 1621 καὶ
3461 1583 3618 1619 συνε-

2019 1675 2244 1729 ϐούλευε
2282 1669 2603 1725 παύσασθαι
2648 1667 2751 1736 τῆς
2781 1667 2868 1719 ἐπ’
2900 1663 3142 1725 ἐκείνους
3175 1661 3489 1731 στρατείας,
3523 1657 3618 1710 καὶ

2024 1767 2099 1837 μὴ
2129 1765 2414 1824 ἀδυνάτοις
2448 1761 2753 1831 ἐπιχειρεῖν
2789 1797 2804 1810 .
2864 1757 2926 1809 Ὀ
2967 1754 3024 1807 δὲ
3060 1753 3299 1820 πόλεμον
3332 1749 3409 1819 τῷ
3433 1748 3618 1818 Ἰζάτῃ

2027 1858 2101 1930 μὴ
2122 1854 2430 1924 πειθομένῳ
2452 1849 2842 1921 κατήγγειλεν.
2863 1845 3006 1899 Ἀλλ’
3027 1847 3075 1898 οἱ
3100 1843 3304 1914 Πάρθοι
3329 1840 3616 1910 μαθόντες,

320 1959 453 2014 gese
491 1945 821 2001 Parthorum
851 1963 979 2019 rege
1002 1966 1102 2019 per
1127 1951 1342 2006 litteras
1356 1951 1664 2022 peliissent,
1693 1960 1754 2005 ut
1780 1951 1918 2007 lzate

2028 1953 2102 2015 ώς
2133 1952 2226 2004 ἐπὶ
2272 1945 2585 2017 Ῥωμαίους
2619 1942 2976 2015 στρατεύσειν
3022 1939 3293 2010 βούλεται,
3321 1935 3484 1990 αὑτὸν
3518 1935 3619 2004 μὲν

322 2037 640 2103 interfecto,
669 2038 936 2110 dynasten
971 2041 1288 2097 Parthicum
1330 2043 1432 2098 sibi
1469 2043 1774 2112 praeﬁceret
1805 2059 1817 2096 :
1855 2058 1914 2098 se

321 2127 473 2182 enim
509 2129 696 2185 odisse
740 2147 926 2204 regem
980 2149 1142 2188 suum
1187 2135 1535 2204 peregrinam
1567 2136 1920 2206 superstitio-

323 2237 452 2276 nem
488 2223 828 2292 amplexum,
862 2225 1100 2282 Parthus
1145 2229 1330 2284 statim
1363 2244 1488 2283 cum
1524 2230 1780 2284 maximis
1821 2245 1919 2284 co-

325 2314 434 2384 piis
465 2315 648 2381 irruit,
682 2320 854 2374 Izates
883 2335 952 2374 ex
995 2320 1231 2376 adverso
1272 2332 1454 2376 castra
1502 2321 1666 2376 locat.
1701 2322 1762 2377 Ei
1799 2323 1923 2392 qui-

324 2407 452 2461 dam
488 2424 518 2463 a
551 2405 754 2466 Partho
788 2413 990 2468 missus
1023 2423 1230 2477 narrat,
1273 2425 1493 2485 quanta}
1536 2415 1650 2469 sint
1686 2415 1921 2470 Partho-

326 2514 450 2554 rum
483 2501 656 2571 vires,
676 2513 734 2559 et
757 2514 817 2559 ut
847 2506 1144 2577 Vologeses
1177 2508 1490 2570 minitetur,
1516 2522 1576 2562 se
1616 2523 1809 2577 punias
1854 2507 1924 2560 ab

327 2606 395 2646 eo
417 2602 740 2650 exacturum
780 2589 981 2668 ingraﬁ
1030 2599 1201 2654 animi
1233 2615 1362 2670 erga
1405 2599 1663 2655 dominos
1699 2618 1712 2652 :
1758 2614 1824 2654 ac
1852 2614 1924 2652 ne

329 2684 502 2739 Deum
530 2687 753 2757 quidem
790 2705 954 2760 quem
983 2690 1148 2757 colat,
1175 2706 1303 2746 eum
1331 2707 1363 2747 e
1405 2692 1660 2748 manibus
1697 2693 1931 2762 Vologe-

328 2775 407 2831 sis
433 2780 650 2849 eripere
701 2795 883 2852 posse.
931 2782 1016 2840 Ad
1069 2783 1187 2839 haec
1238 2785 1434 2851 Izates,
1487 2801 1547 2841 se
1594 2785 1930 2841 Parthorum

330 2877 496 2924 nesse
527 2871 696 2936 vires,
735 2875 1036 2945 respondet
1070 2895 1082 2930 :
1115 2877 1212 2933 sed
1251 2877 1424 2934 Deum
1468 2878 1792 2934 hominibus
1833 2895 1933 2949 po-

332 2961 626 3018 tentiorem
654 2980 800 3034 esse,
837 2968 1003 3024 scire.
1050 2965 1150 3024 His
1186 2969 1374 3033 dictis,
1411 2969 1748 3040 supplicavit
1799 2970 1928 3026 Deo.

333 3045 632 3127 Vologeses
679 3069 868 3115 autem
912 3077 976 3117 ea
1031 3072 1196 3118 nocte
1251 3078 1350 3134 per
1403 3063 1617 3118 litteras
1675 3062 1932 3127 edoctus,

334 3149 527 3206 hostes
556 3150 838 3208 Parthiam
863 3163 1102 3219 vastare,
1127 3157 1315 3211 statim
1345 3171 1404 3210 re
1431 3154 1636 3211 infecta
1656 3155 1934 3211 discessit.

335 3239 426 3297 Sic
459 3242 632 3298 Izates
666 3246 1015 3314 providentia
1059 3247 1178 3314 Dei,
1231 3247 1423 3303 Parthi
1470 3249 1639 3302 minis
1691 3248 1934 3312 evitatis,

333 3333 620 3401 aliquanto
647 3344 773 3404 post
795 3338 1052 3402 moritur,
1089 3353 1238 3393 anno
1271 3338 1450 3392 aetatis
1491 3353 1577 3404 ιν,
1600 3339 1753 3409 regni
1785 3351 1934 3404 xxw,

335 3424 549 3479 relictis
573 3441 701 3482 xxiv
756 3428 906 3494 filiis,
945 3441 1002 3486 et
1045 3431 1275 3486 totidem
1305 3429 1545 3497 ﬁliabus,
1582 3445 1756 3502 regno
1799 3445 1934 3486 vero

334 3513 500 3570 .‘ratri
532 3518 832 3576 Monobaso
853 3523 1070 3579 relicto.

2022 2042 2330 2114 ἀναιροῦσι,
2361 2041 2461 2108 τὴν
2509 2038 2567 2091 δὲ
2618 2034 2897 2107 βασιλείαν
2945 2032 3022 2102 τῷ
3066 2028 3282 2098 ἀδελφῷ
3336 2025 3620 2096 Ἰκοτάρδῃ

2021 2136 2282 2197 διδόασιν,
2314 2133 2372 2186 ὃν
2414 2131 2472 2197 ἐξ
2514 2127 2814 2197 ἐπιϐουλῆς
2861 2124 3268 2194 τελευτήσαντα
3310 2119 3622 2188 διαδέχεται

2024 2227 2372 2295 Οὐολογέσης
2409 2225 2437 2277 6
2483 2219 2735 2290 ἀδελφός.
2779 2219 2839 2271 Ὀ
2884 2217 2942 2272 δὶ
2989 2215 3085 2269 τοῦ
3129 2213 3339 2279 Ἰζάτου
3389 2208 3626 2278 ἀδελφὸς

2022 2317 2364 2382 Μονόϐαζος,
2417 2315 2508 2368 καὶ
2554 2314 2603 2366 οἱ
2649 2312 2932 2378 συγγενεῖς
2970 2306 3264 2360 Ἰουδαῖσαι
3315 2305 3411 2358 καὶ
3467 2300 3626 2356 αὐτοὶ

2027 2411 2407 2480 ἐπεθύμησαν,
2449 2407 2544 2460 καὶ
2587 2405 2689 2476 τὴν
2733 2403 2924 2472 ἔφεσιν
2964 2403 3043 2462 είς
3090 2399 3251 2470 ἔργον
3298 2397 3621 2467 ἐξήνεγκαν.

2027 2506 2242 2558 Γίνεται
2272 2502 2315 2556 δ’
2353 2503 2385 2572 ἡ
2420 2499 2620 2572 πρᾶξις
2644 2496 2825 2552 αὐτῶν
2847 2498 2958 2556 τοῖς
2981 2492 3243 2563 ὑπηκόοις
3265 2491 3618 2560 κατάφωρος,

2029 2597 2141 2652 Καὶ
2182 2593 2456 2664 γράφουσι
2500 2590 2635 2660 πρὸς
2689 2586 2880 2641 Ἀϐίαν
2921 2583 3035 2638 τῶν
3086 2581 3337 2652 Ἀράϐων
3374 2577 3624 2650 βασιλέα,

2029 2690 2080 2741 εί
2103 2684 2494 2757 στρατεύσοιτο
2516 2683 2658 2735 κατά
2680 2679 2775 2734 τοῦ
2797 2678 3060 2748 σφετέρου
3085 2673 3378 2745 βασιλέως,
3409 2671 3512 2742 χρή
3523 2687 3628 2742 μασ

2029 2798 2099 2835 τα
2117 2779 2288 2833 πολλά
2305 2777 2614 2848 παρασχεῖν
2645 2771 2818 2842 αὐτῷ,
2850 2769 3325 2839 ἐπαγγελλόμενοι
3365 2765 3497 2833 περί
3521 2761 3629 2830 τὴν

2032 2872 2260 2944 πρώτην
2276 2889 2339 2925 συ
2347 2867 2551 2940 μόολὴν
2571 2867 2666 2919 καὶ
2680 2864 2835 2918 αὐτοὶ
2852 2861 3205 2931 καταλείψειν
3233 2858 3418 2914 αὐτόν.
3439 2853 3631 2909 Πείθε-

2033 2983 2124 3018 ται
2142 2964 2352 3024 τούτοις
2367 2964 2394 3014 6
2421 2961 2606 3030 Ἄραψ
2625 2975 2637 2988 ·
2661 2958 2755 3010 καὶ
2777 2956 2979 3024 πολλὴν
2999 2954 3346 3022 ἐπαγόμενος
3373 2949 3628 3017 δύναμιν,

2032 3046 2171 3129 ἧκεν
2219 3055 2314 3108 ἐπὶ
2363 3052 2456 3107 τὸν
2508 3051 2744 3120 Ἰζάτην.
2795 3050 2907 3102 Kal
2969 3047 3248 3116 συμϐολῆς
3303 3042 3628 3112 γενομένης,

2037 3148 2436 3203 καταλείπουσι
2467 3146 2562 3200 τδν
2597 3143 2815 3213 Ἰζάτην
2853 3143 2903 3196 οἱ
2933 3139 3123 3203 αὐτοῦ,
3165 3141 3231 3192 ἐκ
3260 3135 3629 3205 συνθήματος.

2041 3244 2138 3296 καὶ
2159 3243 2306 3296 νῶτα
2335 3240 2640 3311 τρέψαντες
2665 3236 2917 3306 ἔφευγον.
2946 3233 3114 3295 Γνοὺς
3133 3231 3191 3285 δὲ
3213 3231 3312 3300 τὴν
3338 3223 3635 3298 προδοσίαν

2043 3335 2259 3398 Ἰζάτης
2314 3331 2620 3402 γενομένην
2679 3328 2784 3382 ὑπὸ
2845 3325 2956 3378 τῶν
3021 3323 3388 3395 μεγιστάνων,
3435 3319 3516 3380 είς
3573 3315 3635 3368 τδ

2045 3422 2414 3495 στρατόπεδον
2462 3419 2829 3488 ὑπεχώρησε,
2888 3416 2981 3468 καὶ
3029 3410 3209 3483 εὑρὼν
3253 3412 3380 3471 τοὺς
3428 3407 3638 3466 αἰτίους

2040 3518 2291 3571 ἐκόλασε.
2335 3507 2414 3584 Τῇ
2477 3511 2524 3564 δ’
2575 3509 2810 3582 ἐπιούσῃ
2855 3504 3151 3576 συμϐαλὼν
3198 3504 3346 3573 νικᾷ,
3400 3501 3493 3553 καὶ
3556 3498 3638 3560 είς

337 3611 516 3677 φυγὴν
538 3613 666 3676 τεὺς
703 3615 953 3685 Ἀραὸκς
983 3617 1201 3690 ἔτρεψε,
1234 3620 1327 3673 τὸν
1357 3619 1414 3674 δὲ
1435 3618 1660 3689 βασιλέα
1678 3618 1861 3673 αὐτῶν
1880 3619 1961 3682 είς
2003 3609 2267 3687 φρούριόν
2294 3625 2348 3664 τι
2383 3607 2656 3677 συνήλασε
2692 3605 3044 3672 διωκόμενον.
3097 3601 3209 3654 Kal
3241 3602 3268 3651 6
3289 3597 3389 3668 μὲν
3441 3592 3640 3646 ἑαυτὸν

337 3702 574 3769 ἀνεῖλεν,
607 3706 972 3778 ἁλισκόμενος
1005 3689 1130 3782 ἤδη.
1159 3712 1232 3765 Τὸ
1265 3711 1323 3767 δὲ
1356 3713 1620 3783 φρούριον
1692 3710 1860 3776 ἑάλω,
1918 3712 2014 3764 καὶ
2051 3707 2122 3762 τά
2164 3706 2224 3758 ὲν
2270 3701 2422 3772 αὐτῷ
2458 3700 2736 3770 διηρπάγη
2761 3740 2775 3764 ,
2811 3697 2908 3751 καὶ
2972 3695 3187 3762 Ἰζάτης
3233 3693 3314 3754 είς
3353 3691 3422 3742 τά
3460 3689 3640 3783 οἶκεῖα

338 3800 707 3874 ἐπέστρεψεν.
771 3807 836 3860 Οί
907 3808 965 3862 δὲ
1197 3781 1539 3881 Ἀδιαϐηνῶν
1607 3812 1938 3882 μεγιστᾶνες
1975 3803 2293 3876 Οὐολογέσῃ
2353 3800 2432 3869 τῷ
2493 3793 2732 3866 Πάρθων
2764 3796 3039 3864 γράφουσι
3072 3788 3303 3863 βασιλεῖ,
3333 3789 3426 3842 καὶ
3460 3781 3615 3848 ἀξιοῦ

340 3915 430 3954 σιν
456 3899 777 3956 ἀποκτεῖναι
805 3903 907 3971 μὲν
935 3903 1030 3958 τὸν
1055 3905 1292 3976 Ἰζάτην,
1319 3907 1664 3976 καταστῆσαι
1693 3905 1752 3958 δὲ
1782 3904 1934 3974 σφίσι
1973 3899 2247 3968 δυνάστην
2307 3896 2373 3947 ἐκ
2438 3891 2676 3962 Πάρθων
2701 3907 2714 3922 ο
2747 3891 2928 3959 μισεῖν
2958 3888 3067 3957 γὰρ
3106 3886 3199 3940 τὸν
3242 3883 3453 3976 ἑαυτών
3484 3881 3644 3952 βασι-

339 3991 442 4047 λέα
517 3991 644 4063 ξένῃ
715 3993 986 4068 θρησκείᾳ
1052 3974 1596 4067 προσηλυτεύσαντα.
1677 3995 1739 4049 '0
1805 3993 1939 4064 γοῦν
2013 3989 2230 4062 Πάρθος
2276 3985 2479 4042 αὐτίκα
2520 3985 2658 4055 μετὰ
2708 3983 2971 4049 πλείστης
3050 3979 3335 4047 δυνάμεως
3387 3974 3641 4046 ὥρμησε,

341 4085 439 4140 καὶ
481 4086 511 4138 6
540 4084 752 4157 Ἰζάτης
791 4084 1454 4160 ἀντεστρατοπεδεύσατο.
1486 4089 1710 4151 Σταλεὶς
1760 4086 1818 4141 δέ
1882 4101 1968 4148 τις
2007 4086 2072 4137 ὲκ
2122 4081 2218 4136 τοῦ
2275 4079 2516 4150 Πάρθου,
2585 4077 2737 4146 ἔλεγε
2761 4076 2836 4147 τῷ
2890 4074 3094 4145 Ἰζάτῃ,
3129 4072 3301 4142 ὁπόση
3355 4070 3474 4124 ἐστὶ
3531 4069 3642 4122 τῶν

344 4176 583 4250 Πάρθων
606 4181 639 4252 ἡ
665 4179 918 4251 δύναμις,
941 4182 1036 4235 καὶ
1060 4181 1135 4244 ώς
1156 4181 1499 4253 Οὐολογέσης
1524 4182 1762 4248 ἀπειλεῖ,
1821 4180 1976 4242 δίκας
2016 4175 2338 4248 εἰσπράξειν
2405 4171 2592 4235 αὑτὸν,
2625 4169 2922 4242 ἀχάριστον
2961 4170 3091 4238 περὶ
3119 4164 3390 4229 δεσπότας
3418 4163 3662 4233 γενόμε-⁸

346 4292 438 4330 νον
458 4291 473 4306 ο
518 4275 787 4347 ῥύσασθαι
816 4277 924 4346 γὰρ
953 4278 1119 4332 αὐτὸν
1142 4279 1252 4334 τῶν
1279 4279 1446 4333 αὑτοῦ
1474 4279 1674 4350 χειρῶν
1739 4277 1862 4330 οὐδὲ
1899 4276 1991 4328 τὸν
2029 4273 2164 4326 Θεὸν
2185 4271 2245 4325 ὃν
2277 4269 2427 4324 σέϐει
2454 4266 2782 4339 δυνήσεσθαι
2804 4281 2820 4298 ο
2866 4263 3004 4333 πρὸς
3030 4260 3203 4315 ταῦτα
3226 4260 3254 4312 6
3283 4257 3518 4350 Ἰζάτης,
3547 4256 3648 4350 τὴν

350 4370 452 4437 μὲν
480 4369 711 4441 δύναμιν
738 4373 847 4425 τῶν
872 4373 1107 4444 Πάρθων
1133 4373 1449 4440 γινώσκειν,
1476 4349 1946 4438 ἀνταπεκρίνᾶτο,
1989 4369 2193 4422 ειδέναι
2242 4364 2286 4417 δ’
2319 4361 2627 4433 ἀνθρώπων
2675 4358 2768 4412 τὸν
2828 4355 2964 4410 Θεὸν
3030 4351 3432 4444 δυνατώτερον.
3460 4349 3649 4444 Ταῦτα

347 4457 496 4526 εἷπε,
528 4465 622 4516 καὶ
674 4465 886 4517 ἱκέτευε
930 4441 1023 4517 τδν
1064 4465 1225 4521 Θεόν.
1271 4465 1412 4518 Κατ’
1447 4465 1668 4534 ἐκείνην
1705 4463 1801 4517 οὖν
1843 4461 1944 4532 τὴν
1983 4458 2154 4515 νύκτα
2187 4454 2482 4517 ἐπιστολάς
2544 4450 2890 4519 Οὐολογέσης
2953 4446 3281 4516 δεξάμενος,
3351 4441 3650 4513 πολεμίους

348 4553 697 4622 ἐμϐαλόντας
737 4559 804 4628 τῇ
853 4557 1175 4627 Παρθυηνῇ,
1248 4557 1456 4628 ταύτην
1501 4558 1748 4627 πορθεῖν,
1813 4556 2017 4610 αὐτίκα
2055 4551 2302 4607 σπεύδων
2352 4546 2640 4612 άνέξευξεν
2698 4545 3006 4614 ἄπρακτος.
3056 4542 3168 4594 Kal
3211 4537 3387 4602 οὕτως
3433 4539 3651 4609 Ἰζάτης

349 4646 670 4717 προμηθείᾳ
699 4649 836 4701 Θεοῦ
879 4648 983 4710 τὰς
1020 4651 1253 4714 ἀπειλάς
1295 4649 1391 4704 τοῦ
1435 4650 1654 4722 Πάρθου
1697 4651 1944 4719 διέφυγε.
1986 4645 2146 4702 Μετὰ
2204 4643 2262 4697 δέ
2324 4659 2448 4694 τινα
2478 4641 2672 4710 χρόνον
2707 4638 2957 4708 θνήσκει,
2985 4636 3324 4707 πεντήκοντα
3355 4639 3451 4687 καὶ
3483 4636 3648 4688 πέντε

353 4743 528 4813 ζήσας
553 4743 857 4808 ἐνιαυτοὺς,
893 4745 1070 4798 εἴκοσι
1112 4745 1170 4800 δὲ
1202 4749 1299 4800 καὶ
1326 4749 1602 4819 τέσσαρας
1643 4746 1852 4809 ἀνύσας
1923 4745 1983 4797 ὲν
2021 4746 2088 4815 τῇ
2149 4743 2292 4811 ἀρχῇ
2313 4756 2328 4770 ο
2353 4738 2579 4809 θνήσκει
2605 4737 2650 4790 δ’
2674 4734 2768 4789 ἐπὶ
2795 4736 2986 4787 παισὶν
3011 4734 3216 4786 εἴκοσιν
3239 4732 3333 4786 καὶ
3354 4730 3652 4803 τέσσαρσιν

353 4837 573 4906 ἄρρεσι,
612 4836 708 4888 καὶ
752 4839 1050 4902 τοσαύταις
1094 4839 1360 4910 θηλείαις.
1391 4841 1504 4912 Τὴν
1551 4840 1598 4894 δ’
1642 4839 1821 4911 ἀρχὴν
1869 4837 1949 4908 τῷ
1987 4833 2203 4904 ἀδελφῷ
2229 4829 2532 4899 Μονοϐάςῳ
2557 4827 2854 4883 κατέλιπεν
2885 4826 3024 4892 (72).

427 4928 568 4986 XIV.
596 4929 746 4985 Fado
773 4931 1018 4988 Iudaeam
1049 4943 1404 5002 procurante,
1428 4935 1653 5006 quidam
1687 4934 1918 5004 imposta

2024 4943 2036 4994 ι
2135 4927 2235 4982 IA'.
2259 4925 2432 4980 Φάδου
2485 4923 2675 4994 μέντοι
2725 4922 2824 4991 τῆς
2854 4918 3117 4981 Ἰουδαίας
3173 4914 3652 4986 ἐπιτροπεύοντος,

357 5014 621 5080 Theudas
651 5027 904 5082 maximze
929 5028 1107 5084 turba:
1149 5031 1447 5100 persuasit,
1485 5038 1544 5084 ut
1582 5025 1918 5099 possessioni

2057 5023 2197 5091 ἀνήρ
2225 5036 2310 5082 τις
2333 5018 2489 5087 γόης,
2517 5015 2725 5078 Θευδᾶς
2774 5014 2968 5079 δνομα,
3024 5010 3204 5064 πείθει
3255 5010 3348 5063 τὸν
3400 5009 3654 5064 πλεῖστον

357 5118 464 5174 bus
492 5133 680 5174 secum
714 5120 981 5190 acceptis,
1020 5137 1100 5187 se,
1138 5123 1232 5192 qui
1264 5133 1417 5177 vates
1446 5122 1538 5185 sit,
1572 5131 1628 5175 et
1669 5136 1768 5175 suo
1794 5120 1915 5190 juss

2058 5115 2234 5184 ὄχλον,
2263 5108 2607 5164 ἀναλαϐόντα
2656 5106 2757 5170 τάς
2803 5105 3055 5176 κτήσεις,
3105 5101 3336 5192 ἔπεσθαι
3383 5101 3522 5173 πρὸς
3557 5100 3652 5155 τδν

360 5200 590 5260 ﬂuvium
623 5188 879 5261 scindere
919 5209 1114 5276 possit,
1157 5188 1228 5260 ad
1267 5208 1565 5262 Jordanem
1598 5188 1904 5275 sequantur

2073 5204 2347 5274 Ἰορδάνην
2373 5201 2544 5270 αὐτῷ·
2568 5198 2857 5268 προφήτης
2879 5195 2988 5267 γὰρ
3011 5193 3197 5261 ἔλεγεν
3228 5188 3392 5256 εἶναι,
3411 5196 3506 5246 καὶ
3531 5193 3659 5262 σχεῖ-

363 5311 430 5352 ac
460 5297 728 5366 plurimos
764 5298 1006 5354 seduxit.
1052 5299 1235 5353 Fadus
1266 5314 1418 5361 vero,
1467 5299 1662 5353 turmis
1705 5296 1916 5366 equitur

2065 5294 2267 5349 σαιτδν
2304 5290 2553 5362 ποταμὸν
2584 5285 2977 5357 προστάγματι
3008 5282 3302 5344 δύνασθαι,
3347 5282 3442 5336 καὶ
3499 5283 3656 5334 πλεί-

366 5389 421 5443 in
447 5406 546 5445 eos
591 5391 875 5457 immissis,
918 5393 1123 5449 mullos
1165 5393 1389 5454 occidit,
1429 5391 1616 5462 plures
1660 5391 1826 5460 cepit.
1872 5390 1918 5459 ip

2069 5403 2226 5447 στους
2261 5385 2538 5454 ἡπάτησε.
2591 5379 2822 5449 Πέμψας
2853 5376 2897 5429 δ’
2927 5375 3017 5428 ἐπ’
3053 5376 3251 5439 αὐτοὺς
3285 5373 3406 5439 ἴλην
3443 5371 3658 5427 ἱππέων

369 5495 603 5553 Βυιιιιιυθ
631 5485 940 5550 Theudam,
984 5487 1142 5556 cujus
1183 5493 1349 5554 caput
1377 5494 1718 5553 amputatum
1752 5490 1808 5537 et
1834 5481 1918 5536 llic

2069 5479 2099 5532 ὁ
2125 5479 2316 5542 Φάδος,
2342 5477 2568 5537 πολλοὺς
2591 5472 2692 5543 μὲν
2720 5470 2954 5531 ἀνεῖλεν,
2977 5469 3038 5522 ού
3065 5469 3252 5538 μείους
3279 5467 3325 5521 δ’
3347 5465 3657 5535 ἐζώγρησε,

371 5579 644 5646 rosolyma
687 5578 957 5645 perlatum
1009 5587 1113 5632 est.
1162 5576 1310 5630 Fado
1360 5573 1618 5629 Tiberius
1652 5572 1918 5627 Alexandc

2070 5571 2164 5625 καὶ
2193 5568 2358 5622 αὑτὸν
2387 5568 2481 5621 τὸν
2525 5565 2754 5630 Θευδᾶν,
2802 5557 2862 5616 οὗ
2893 5563 2992 5632 τὴν
3025 5560 3272 5630 κεφαλὴν
3307 5559 3657 5630 ἐκτεμόντες,

373 5669 663 5732 successit,
708 5669 1005 5725 Alexandri
1049 5668 1346 5724 Alabarchi
1391 5665 1749 5722 Alexandrini
1794 5665 1918 5718 ﬁliu:

2071 5663 2339 5733 ἐκόμισαν
2390 5661 2471 5723 είς
2533 5657 2903 5729 Ἰεροσόλυμα.
2938 5655 3111 5708 Φάδον
3137 5653 3194 5708 δὲ
3224 5651 3479 5724 Τιϐέριος
3507 5649 3660 5705 Ἀλέ.

1534 5782 1739 5845 Variae
1780 5777 2098 5841 'ectiones
2125 5784 2187 5839 et
2221 5783 2412 5838 notua.

458 5899 567 5980 (τε)
600 5906 719 5977 Thr
747 5909 944 5980 ἀρχὴν
981 5911 1062 5979 τῷ
1087 5911 1329 5983 ἀδελφῷ
1388 5909 1703 5979 Μονοϐιὶιζῳ
1725 5906 1918 5964 mu.

2024 5922 2068 5962 ν,
2097 5905 2224 5960 llazc
2250 5901 2420 5960 verba
2437 5899 2819 5973 supplevimus
2844 5912 2910 5953 ex
2950 5909 3080 5950 mss.
