4074 6392
335 423 438 489 5.01

1609 409 2009 474 ANNALIUM
2056 414 2200 473 LIB.
2245 412 2344 472 Vl.

3492 409 3606 474 502

333 539 558 607 ξανδρος
585 532 878 598 δεδέξατο,
900 530 1157 599 Ἀλεξάνῖ
1163 547 1256 600 pou
1297 529 1392 584 τοῦ
1431 530 1922 599 ἀλαϐαρχήσαντος

2042 527 2264 583 Iacobus
2310 543 2533 598 qttoque
2584 535 2640 582 et
2695 525 2911 589 Simon,
2949 523 3105 582 Iuda:
3144 522 3352 580 ϐειιίιωί
3411 521 3525 577 lilii.
3579 536 3613 575 a

332 633 391 683 ἐν
420 625 808 697 Ἀλεξανδρείᾳ
838 625 976 685 υἱός,
998 626 1108 677 Καὶ
1137 625 1186 675 οἱ
1206 622 1395 684 παῖδες
1417 620 1475 674 δὲ
1507 621 1601 674 τοῦ
1634 619 1919 674 Γαλιλαίου

332 720 530 785 Ἶούδι,
549 717 815 779 Ἰάκωϐος
838 717 931 768 καὶ
962 714 1171 782 Σίμων,
1198 712 1292 766 τοῦ
1327 712 1420 766 τὸν
1447 711 1575 765 λαὸν
1605 712 1922 781 ἀποστατή-

336 827 531 871 σιντος
583 806 863 878 Κυρηνίου
918 804 1330 875 τιμητεύοντος,
1388 802 1771 874 ἀνῃρέθησαν,
1828 801 1925 863 οὒς

337 902 759 973 ἀνεσταύρωσεν
811 900 841 952 ό
897 897 1270 970 Ἀλέξανδρος.
1343 897 1404 952 '0
1432 896 1489 949 δὲ
1520 897 1621 967 τῆς
1654 895 1925 959 Χαλκίδος

338 995 642 1064 βασιλεύων
679 991 931 1063 Ἡρώδης
965 992 1311 1062 μεταστήσας
1363 990 1465 1059 τῆς
1507 987 1926 1059 ἀρχιερωσύνης

338 1084 539 1151 Ἰωσὴφ
603 1080 695 1134 τὸν
754 1078 851 1133 τοῦ
907 1074 1153 1150 Κεμεδῆ,
1220 1079 1444 1149 Ἀνανίᾳ
1491 1077 1570 1149 τῷ
1614 1076 1706 1130 τοῦ
1761 1077 1928 1129 Νεδε-

338 1173 493 1225 διίου
521 1172 636 1244 (73)
678 1172 962 1241 παρέσχεν
997 1172 1191 1243 αὑτήν.
1226 1171 1466 1243 Τιϐερίῳ
1494 1171 1553 1225 δὲ
1580 1170 1926 1241 Ἀλεξάνδρῳ

345 1267 634 1333 Κοὸμανος
692 1262 826 1335 ἦλθε
880 1264 1146 1333 διάδοχος.
1219 1262 1310 1317 Ἑν
1361 1265 1535 1334 ὀγδόῳ
1586 1264 1633 1318 δ’
1660 1263 1773 1317 ἔτει
1825 1262 1927 1330 τῆς

342 1358 615 1412 Κλαυδίου
639 1357 965 1429 μοναρχίας,
995 1357 1241 1428 Ἡρώδης
1258 1361 1286 1411 ό
1303 1357 1397 1411 τοῦ
1419 1357 1661 1428 μεγάλου
1693 1357 1926 1427 Ἀγρίπ-

342 1469 443 1504 που
488 1451 717 1519 ἀδελφὸς
775 1452 1007 1526 τελευτᾷ
1037 1451 1121 1520 ἐφ’
1152 1453 1291 1504 υξέσι
1336 1452 1505 1521 τρισὶ,
1544 1451 1642 1521 τὴν
1674 1451 1719 1503 δ’
1749 1449 1928 1521 ἀρχὴν

340 1542 509 1595 αὐτοῦ
539 1542 618 1611 τῷ
644 1544 897 1613 νεωτέρῳ
931 1542 1215 1612 Ἀγρίππι
1237 1542 1435 1594 δέδωκε
1461 1541 1752 1605 Κλαύδιος.
1787 1543 1929 1594 Κου-

345 1639 516 1710 μάνου
543 1639 599 1692 δὲ
623 1639 725 1710 τῆς
762 1638 1028 1701 Ἰουδαίας
1050 1636 1528 1707 ἐπιτροπεύοντος,
1555 1636 1759 1701 πλῆθος
1786 1636 1930 1691 κατὰ

339 1732 442 1800 τὴν
487 1732 684 1802 ἑορτὴν
720 1731 816 1785 τοῦ
856 1732 1046 1801 Πάσχα
1100 1732 1183 1794 είς
1246 1730 1601 1802 Ἱεροσόλυμα
1647 1730 1926 1801 ἤθροιστο.

342 1824 461 1876 ἰνα
494 1824 626 1892 γοῦν
678 1824 753 1894 μή
804 1842 856 1878 τι
902 1824 1289 1895 νεωτερισθείη
1334 1822 1491 1894 παρὰ
1539 1822 1632 1876 τοῦ
1690 1824 1933 1895 πλήθους

340 1915 497 1981 ὄντος
548 1916 770 1981 πολλοῦ,
831 1917 1176 1989 στρατιώτας
1242 1917 1503 1981 ἐνόπλους
1558 1918 1651 1969 ἐπὶ
1690 1920 1800 1971 τῶν
1833 1919 1928 1972 τοῦ

345 2007 495 2079 ίεροῦ
524 2008 699 2062 στοῶν
720 2011 746 2062 ὁ
773 2010 1065 2080 Κούμανος
1095 2009 1318 2080 ἔστησε,
1352 2009 1931 2073 καταστελοῦνταςτὺν

344 2098 577 2168 θόρυϐον
635 2101 733 2153 ἐὰν
780 2103 1042 2172 γένηταυ
1094 2100 1256 2154 τοῦτο
1314 2101 1371 2154 δὲ
1422 2103 1517 2155 καὶ
1539 2103 1588 2154 oi
1621 2102 1729 2173 πρὸ
1763 2101 1930 2155 αὑτοῦ

341 2192 585 2246 ἐποίουν.
618 2192 872 2264 Τετάρτῃ
903 2194 951 2246 δ’
980 2192 1167 2265 ἡμέρᾳ.
1205 2194 1302 2263 τῆς
1335 2195 1531 2266 ἑορτῆς
1585 2192 1933 2266 στρατιώτης

343 2285 454 2336 τῶν
482 2286 540 2338 ἐν
560 2287 682 2349 ταῖς
705 2289 896 2350 στοαῖς
926 2287 1431 2357 άνακαλυψάμενος
1480 2284 1581 2359 τὴν
1628 2287 1788 2353 αίδὼ,
1821 2290 1935 2352 τοϊς

344 2373 612 2445 πλήθεσιν
657 2376 1028 2432 ἐπεδείκνυεν.
1066 2379 1130 2431 Οί
1176 2377 1223 2430 δ’
1278 2376 1605 2449 ἐθυμοῦντο,
1637 2377 1713 2443 ὥς
1734 2381 1817 2443 είς
1844 2380 1936 2434 τὸν

344 2461 479 2516 Θεὸν
513 2463 608 2517 τοῦ
635 2465 976 2535 στρατιώτου
1006 2466 1368 2539 ἠσεϐηκότος,
1399 2470 1492 2521 καὶ
1520 2471 1568 2523 οί
1602 2471 1937 2541 θρασύτεροι

341 2555 434 2608 τὸν
468 2556 764 2625 Κούμανον
816 2558 1230 2629 ἐϐλασφήμουν.
1269 2561 1378 2613 Καὶ
1406 2560 1464 2624 ὃς
1513 2562 1651 2633 πρλς
1677 2561 1777 2626 τὰς
1810 2563 1941 2635 βλα-

344 2648 599 2717 σφημίας
649 2650 930 2720 ἠρέθιστο,
967 2653 1061 2707 καὶ
1095 2653 1309 2707 κελεύει
1343 2654 1401 2708 τδ
1460 2657 1783 2728 στράτευμα
1830 2660 1939 2714 πᾶν

346 2739 505 2811 ήκειν
533 2744 617 2807 είς
644 2743 746 2816 τὴν
787 2746 1109 2808 Ἀντωνίαν,
1144 2748 1203 2802 τὺ
1236 2749 1502 2821 φρούριον
1550 2750 1628 2822 τῷ
1659 2752 1790 2824 ἱερῷ
1821 2753 1943 2807 ἐπι-

342 2833 624 2904 κείμενον.
664 2838 738 2891 Τὸ
776 2840 983 2910 πλῆθος
1029 2838 1125 2896 οὖν
1155 2843 1284 2908 τοὺς
1315 2845 1546 2909 ὁπλίτας
1576 2843 1940 2918 θεασάμενον,

347 2927 429 2989 τίς
472 2928 655 3000 φυγὴν
683 2929 937 3001 ὥρμησε,
998 2934 1227 2988 καὶτῶν
1271 2934 1468 3000 ἐξόδων
1505 2936 1710 2990 στενῶν
1761 2936 1944 2991 οὐσῶν

348 3018 759 3091 συνωθούμενοι
788 3026 931 3078 κατὰ
957 3025 1058 3097 τὴν
1094 3027 1298 3096 φυγὴν,
1335 3027 1522 3081 πολλοὶ
1556 3027 1648 3081 ὑπ’
1695 3029 1942 3101 ἀλλήλων

350 3110 765 3185 συνθλιϐόμενοι
791 3119 886 3170 καὶ
923 3120 1386 3192 συμπατούμενοι
1433 3120 1839 3192 διεφθάρησαν,
1868 3121 1946 3186 ώς

2025 637 2137 693 quo
2177 621 2412 693 populus
2443 621 2509 675 ad
2543 619 2910 675 defectionem
2946 616 3220 687 impulsus
3265 614 3467 677 fuerat,
3501 612 3609 682 Cy-

2027 715 2185 769 renio
2218 728 2451 769 censore
2501 710 2778 767 interfecti
2824 717 2976 773 sunt,
3008 706 3157 776 quod
3210 704 3527 760 Alexander
3555 705 3613 757 in

2025 818 2222 858 cruces
2277 801 2523 856 sustulit.
2576 792 2824 855 Herodes
2877 794 3157 853 Chalcidis
3216 808 3313 846 rex
3370 789 3615 858 Joseplm

2026 894 2250 952 Ccmcdi
2280 894 2339 949 F.
2368 891 2756 948 Pontificatum
2803 890 3122 959 ademptum
3173 885 3397 940 Ananiae
3437 882 3618 938 Nedc-

2029 988 2118 1044 bci
2152 988 2264 1042 filio
2294 985 2511 1041 tribuit.
2548 984 2774 1038 Tiluerio
2804 979 3123 1037 Alexandro
3169 976 3455 1033 Cumanus
3485 990 3620 1029 suc-

2030 1096 2216 1136 cessor
2248 1079 2411 1135 datus
2440 1087 2544 1133 est.
2576 1076 2786 1132 Octavo
2812 1071 3152 1129 monarcbite
3195 1068 3410 1125 Claudii
3444 1082 3615 1128 anno,

2030 1171 2277 1229 Herodes
2323 1169 2547 1240 majoris
2586 1167 2843 1238 Agrippae
2882 1164 3054 1219 frater
3088 1161 3228 1221 obit.
3279 1160 3456 1214 tribus
3490 1157 3619 1214 filiis

2032 1264 2283 1322 relictis:
2334 1262 2429 1318 sed
2479 1263 2600 1332 ejus
2664 1258 3031 1329 principatum
3084 1253 3350 1309 Claudius
3407 1250 3621 1323 iuniori

2032 1357 2284 1427 Agrippa:
2311 1354 2481 1408 dedit.
2507 1351 2791 1408 Cumanus
2814 1347 3015 1403 Iudaea:
3041 1353 3390 1415 procurator,
3429 1342 3620 1396 mulli-

2033 1446 2224 1505 tudine
2259 1427 2543 1504 Paschalis
2578 1442 2799 1496 infesto
2832 1437 3234 1510 Hierosolymis
3262 1440 3617 1505 congregata,

2032 1544 2100 1598 ad
2152 1526 2241 1596 res
2287 1553 2457 1593 novas
2491 1533 2785 1593 cavrndas.
2831 1530 3238 1599 tumultumque
3286 1526 3616 1591 sedandum,

2035 1636 2240 1690 milites
2262 1639 2506 1688 armatos
2541 1629 2596 1683 in
2633 1624 2819 1693 templi
2866 1622 3176 1695 porticibus
3216 1619 3384 1691 286
3426 1617 3620 1686 dispe-

2035 1729 2167 1795 suit,
2207 1726 2261 1781 id
2305 1723 2452 1795 quod
2491 1730 2545 1777 et
2578 1720 2903 1775 decessores
2932 1714 3052 1786 ejus
3103 1713 3371 1769 fecerant.
3410 1710 3620 1776 Quarto

2036 1835 2218 1879 autem
2258 1817 2379 1873 festi
2423 1816 2534 1881 die,
2572 1827 2765 1869 eorum
2806 1810 3043 1865 militum
3083 1805 3309 1877 quidam
3357 1802 3619 1874 pudenda

1969 1885 2004 1937 Β
2038 1915 2216 1986 palam
2245 1909 2507 1967 ostendit.
2542 1907 2676 1962 Eam
2724 1903 2797 1960 ob
2846 1917 2963 1957 rem
3004 1899 3192 1971 populi
3223 1898 3328 1962 ira,
3358 1895 3520 1967 quasi
3563 1895 3620 1950 in

2037 2007 2208 2060 Deum
2240 2001 2398 2056 utiles
2429 1996 2635 2068 impius
2670 1994 2992 2053 exstitisset.
3042 2000 3207 2060 atque
3259 1987 3621 2043 audaciorum

2035 2095 2304 2154 conviciis
2347 2093 2630 2149 Cumanus
2670 2087 2944 2151 irritatus,
2973 2099 3195 2140 omnem
3218 2079 3526 2136 exercitum
3565 2078 3623 2132 in

2036 2189 2330 2245 Antoniam
2373 2184 2681 2247 castellum,
2725 2179 2930 2250 templo
2982 2176 3300 2238 imminens,
3346 2186 3624 2229 convoca‘

2038 2285 2135 2337 vit.
2160 2281 2371 2349 Quibus
2397 2274 2732 2348 conspectis,
2767 2270 3003 2344 populus
3033 2271 3089 2325 in
3120 2268 3304 2339 fugam
3343 2282 3402 2322 se
3427 2263 3581 2319 dedit
3607 2282 3621 2316 :

2040 2378 2095 2431 in
2126 2389 2235 2445 qua
2278 2379 2506 2443 propter
2534 2368 2720 2424 exitus
2769 2363 3053 2435 angustias
3101 2361 3170 2416 ad
3210 2376 3280 2415 xx
3319 2358 3491 2413 millia
3527 2371 3627 2422 op-

2042 2480 2232 2537 pressa
2263 2472 2321 2519 et
2351 2460 2672 2518 conculcata
2711 2465 2861 2523 sunt,
2912 2454 3212 2510 festivitate
3258 2451 3313 2506 in
3353 2451 3629 2505 lamenta-

2043 2536 2250 2610 tionem
2285 2565 2570 2608 conversa.
2601 2548 2719 2616 Qua
2753 2545 2998 2601 nondum
3027 2544 3203 2603 ﬁnita,
3240 2540 3442 2596 malum
3475 2536 3629 2594 aliud

2041 2645 2292 2702 accessit.
2322 2643 2460 2699 Nam
2490 2655 2615 2696 cum
2642 2638 2866 2709 quidam
2898 2634 3058 2691 novis
3100 2634 3268 2688 rebus
3295 2631 3625 2703 gaudentes,

2043 2738 2326 2809 Stephano
2358 2733 2589 2792 Caesaris
2612 2746 2775 2788 servo
2810 2730 2866 2784 in
2898 2728 3098 2783 itinere
3121 2724 3343 2780 insidiis
3372 2731 3628 2792 excepto,

2043 2830 2228 2886 omnia
2256 2831 2397 2885 bona
2425 2825 2763 2896 eripuissent
2795 2839 2811 2878 :
2844 2817 3127 2877 Cumanus
3160 2816 3365 2871 milites
3412 2830 3443 2870 e
3488 2813 3633 2870 vici-

2022 2926 2134 2982 ~nis
2163 2922 2308 2995 agris
2337 2920 2551 2991 praedas
2583 2931 2769 2987 agere,
2798 2925 2856 2970 et
2886 2912 3232 2969 clarissimos
3274 2923 3526 2980 quosque
3575 2908 3634 2963 in

2045 3015 2285 3074 vinculis
2314 3014 2383 3070 ad
2411 3028 2471 3069 se
2523 3011 2800 3066 adducere
2843 3007 3021 3081 jubet.
3074 3005 3231 3073 Quod
3278 3016 3404 3058 cum
3454 3003 3634 3065 ﬁeret,

2048 3115 2208 3168 miles
2249 3107 2501 3182 quidam,
2556 3103 2881 3160 adolescens
2934 3098 3113 3154 audax
3166 3107 3225 3152 ct
3278 3095 3633 3155 munerarius,

349 3202 433 3263 είς
457 3201 553 3256 δύο
583 3183 859 3276 μυριάδας
889 3183 1271 3279 ἀριθμηθῆναι
1300 3209 1428 3270 τοὺς
1460 3183 1583 3261 τότε
1616 3183 1946 3279 δίσίιρθαρένζ

2046 3207 2198 3276 leges
2223 3199 2392 3257 Mosis
2417 3197 2475 3252 in
2509 3208 2647 3266 pago
2681 3190 2920 3267 quodam
2969 3187 3368 3243 venerabiliter
3419 3183 3637 3254 reposi-

348 3310 474 3356 τας,
509 3299 600 3349 καὶ
629 3274 828 3363 πένθος
850 3274 1496 3372 ἦννάντὶ-πανηγύρεως.
1529 3299 1697 3355 Οὔπω
1717 3274 1777 3354 τὸ

2047 3274 2153 3359 tas,
2183 3295 2237 3349 in
2270 3296 2572 3361 conspectu
2608 3282 2911 3340 multorum
2937 3294 3065 3336 cum
3117 3277 3375 3334 convitiis
3402 3283 3459 3331 et
3487 3274 3639 3330 ludi-

354 3386 448 3449 θος
482 3386 641 3441 τοῦτο
690 3390 1060 3461 κατηύναστο,
1094 3393 1189 3446 καὶ
1230 3394 1402 3447 κακὸν
1442 3393 1794 3463 προστίθεται
1819 3393 1939 3447 ξτε-

360 3497 474 3550 ρυν.
513 3481 670 3547 Τινὲς
732 3484 844 3555 γὰρ
903 3484 1017 3538 τῶν
1068 3485 1165 3539 ἐπὶ
1198 3486 1593 3556 νεωτερισμοῖς
1634 3484 1945 3555 ἡδομένων,

2044 3389 2185 3446 briis
2239 3380 2558 3452 discerpsit.
2635 3375 3009 3444 Quamobrem
3078 3369 3256 3427 Judaei
3325 3366 3643 3423 Cumanum

2053 3479 2263 3542 adiere,
2316 3473 2720 3543 supplicantes,
2767 3475 2828 3521 ut
2890 3462 3284 3520 contumeliam
3337 3474 3450 3514 non
3509 3456 3642 3521 sibi,

357 3572 633 3641 Στέφανόν
679 3593 805 3630 τινα
854 3575 1048 3630 δοῦλον
1081 3575 1177 3630 τοῦ
1228 3577 1515 3647 Καίσαρος
1555 3575 1946 3644 ὁδοιποροῦντα

2053 3571 2149 3628 sed
2179 3571 2294 3625 Deo
2324 3567 2525 3622 factam
2556 3560 2884 3617 vindicaret.
2918 3557 2992 3621 ls,
3048 3554 3262 3610 veritus
3306 3566 3378 3607 ne
3407 3549 3645 3621 populus

357 3665 782 3735 λῃστεύσαντες,
817 3668 1042 3724 ἃπασαν
1067 3669 1237 3724 αὐτοῦ
1261 3671 1362 3740 τὴν
1394 3670 1588 3742 κτῆσιν
1612 3669 1944 3742 ἁρπάζουσι.

2054 3664 2239 3719 denuo
2285 3657 2684 3718 concitaretur,
2741 3650 2916 3705 milite
2960 3648 3056 3703 illo
3109 3644 3294 3702 securi
3350 3654 3644 3714 percusso,

355 3759 451 3811 Διὸ
482 3760 695 3829 πέμπει
726 3761 1071 3832 στρατιώτας
1121 3765 1149 3816 δ
1182 3762 1493 3832 Κούμανος,
1549 3761 1818 3826 κελεύσας
1849 3763 1946 3814 αὐ-

2058 3767 2268 3814 motum
2300 3754 2453 3808 illum
2482 3744 2833 3818 compressit.

356 3852 473 3915 τοῖς
505 3823 608 3916 τάς
640 3823 871 3923 πλησίον
906 3823 1096 3925 χώρας
1143 3823 1602 3926 ληῒσασθαιζκαὶ
1653 3823 1810 3915 τοὺς⁷
1871 3849 2343 3921 ἐπιφανεστάτους
2384 3841 2569 3896 αὐτῶν
2625 3835 2888 3907 δεσμίους
2918 3830 3008 3886 ἐπ’
3057 3830 3227 3886 αὐτὸν
3253 3828 3508 3897 ἀγαγεῖν.
3532 3823 3648 3896 Τῆς

356 3950 419 4003 δὲ
452 3950 561 4002 τῶν
585 3942 810 4021 χωρίων
837 3952 1068 4006 ἐκείνων
1128 3951 1455 4023 πορθήσεως
1507 3950 1826 4021 γινομένης,
1904 3948 2123 4011 νεανίας
2195 3960 2282 4007 τις
2333 3940 2445 3994 τῶν
2499 3932 2852 4009 στρατιωτῶν
2902 3930 3110 3999 θρασὺς
3165 3926 3263 3980 καὶ
3313 3923 3645 3993 ἀτάσθαλος,

358 4042 473 4106 τοῖς
502 4013 751 4105 Μωσέως
782 4041 1026 4111 ἐντυχὼν
1079 4013 1307 4112 νόμοις,-
1343 4039 1401 4094 ἐν
1432 4013 1539 4094 τινι
1566 4013 1730 4113 κώμῃ
1758 4013 2102 4110 ’σεϐασμίως
2169 4032 2472 4104 κειμένοις,
2545 4027 2636 4082 ἐπ’
2701 4023 2863 4094 ὕψεσι
2929 4017 3144 4072 πολλῶν
3187 4013 3498 4087 δ.ἐρρηξεν,
3547 4013 3650 4065 αὐ.

362 4136 494 4201 τοὺς
522 4136 868 4210 βλασφημῶν
890 4106 1005 4209 (ἦᾷ)
1036 4138 1133 4192 καὶ
1148 4106 1612 4208 κατακερτομῶν.
1653 4106 1979 4206 ῠιὶροσίασιν
2027 4132 2123 4187 οὖν
2170 4130 2249 4202 τῷ
2303 4126 2582 4197 Κουμάνῳ
2611 4122 2661 4176 οἰ
2702 4118 2973 4180 Ἰουδαῖοι,
3044 4111 3407 4175 ἱκετεύοντες,
3440 4109 3516 4178 μὴ
3550 4106 3651 4160 αὐ-

363 4201 689 4301 τοὺςξάλλά
833 4201 997 4298 Θεὸν,⁷
1029 4228 1204 4301 οὗπερ
1223 4235 1271 4287 οί
1290 4201 1448 4304 νόμοι
1473 4201 1954 4304 καθυϐρίσθησαν,
1996 4228 2309 4298 ἐκδικῆσαι.
2381 4222 2495 4277 Καὶ
2539 4222 2569 4274 ό
2632 4214 2925 4285 Κούμανος
2978 4207 3188 4271 δείσας,
3243 4204 3321 4276 μὴ
3350 4205 3410 4258 τὸ
3443 4201 3653 4274 πλῆθος

366 4332 533 4386 πάλιν
556 4329 926 4403 νεωτερίσειε,
962 4331 1054 4384 τὸν
1086 4329 1453 4403 ἐνυϐρίσαντα
1483 4331 1600 4394 τοῖς
1646 4334 1834 4400 νόμοις
1856 4325 2172 4391 πελεκίσας,
2211 4320 2311 4403 τὴν
2348 4319 2540 4374 στάσιν
2573 4311 2946 4368 κατέπαυσεν.

438 4431 543 4486 IE'.
573 4392 743 4483 Ἀλλᾶ
769 4430 867 4483 και
897 4392 1273 4498 ὲαμαρείταὶς
1303 4426 1476 4499 ἔχθρα
1506 4392 1646 4497 πρις
1663 4392 1946 4487 Ἰουδαίους

2136 4392 2392 4477 lii—Sed
2437 4422 2495 4470 et
2540 4404 2871 4467 Samaritani
2910 4415 3036 4458 cum
3083 4396 3290 4454 Iudaeis
3331 4392 3652 4448 inimicitias

368 4524 614 4592 ἐγένετο,
654 4523 688 4595 ἡ
718 4521 765 4574 δ’
800 4521 954 4575 σιτία
981 4486 1267 4592 ξίν-αὓτη..
1288 4486 1568 4574 Γάλίλαῖοί
1598 4486 1679 4582 είς
1723 4515 1946 4589 Ἱεροσόε

2061 4515 2451 4574 exercuerunt,
2486 4505 2578 4560 tali
2609 4502 2678 4559 de
2723 4511 2910 4555 causa.
2949 4493 3088 4550 Cum
3136 4488 3346 4546 Galilmi
3383 4486 3653 4541 Hieroso-

371 4578 523 4684 λυμα
550 4578 938 4684 πορέυὸμενοι,
967 4578 1060 4666 δίά
1084 4578 1231 4674 τινος
1259 4612 1457 4681 κώμης
1488 4578 1691 4664 ὥδευον
1716 4578 1824 4661 τῶν
1851 4607 1946 4660 Σα-

2062 4608 2210 4678 lyma
2249 4605 2355 4659 iter
2384 4599 2679 4660 habentes,
2710 4608 2809 4663 per
2837 4588 3135 4659 quemdam
3176 4578 3651 4636 Samaritanorum

375 4709 691 4778 ειαρειτῶνο
751 4707 847 4761 καί
899 4723 1049 4770 τινες
1103 4706 1290 4767 αὐτοῖς
1342 4703 1683 4775 ἐπιθέμενοι,
1728 4699 1964 4762 πολλοὺς

369 4803 609 4858 ἀνεῖλον.
637 4801 703 4856 Oi
739 4800 950 4872 πρῶτοι
981 4799 1164 4854 τοίνυν
1193 4798 1302 4852 τῶν
1352 4796 1660 4850 Γαλιλαίων
1693 4793 1772 4863 τῷ
1820 4794 1961 4845 Κου-

381 4897 537 4965 μάνῳ
567 4895 855 4967 προσίασι,
911 4876 1366 4963 παρακαλοῦντες
1413 4891 1541 4952 τοὺς
1580 4885 1966 4958 ἀνῃρημένους

375 4987 763 5059 ἐκδικηθῆναι.
821 4986 881 5040 '0
937 4985 995 5040 δὲ
1024 4981 1445 5053 δωροδοκηθεὶς,
1490 4981 1590 5050 τῆς
1627 4979 1968 5048 ἐκδικήσεως

379 5080 485 5134 οὐκ
509 5079 855 5150 ἐφρόντισεν.
912 5076 1427 5148 Ἀγανακτήσαντες
1456 5071 1552 5126 οὖν
1583 5071 1633 5126 οί
1666 5069 1967 5133 Γαλιλαῖοι,

384 5173 524 5244 πρὸς
550 5173 693 5227 ὅπλα
719 5171 1035 5246 ἐχώρησαν,
1082 5170 1177 5223 καὶ
1211 5166 1404 5237 κώμας
1431 5165 1584 5228 τινὰς
1632 5161 1742 5216 τῶν
1784 5161 1970 5230 Σαμα-

388 5268 530 5340 ρέων
562 5268 978 5338 ἐμπρήσαντες,
1018 5258 1404 5334 διαρπάζουσι.
1455 5255 1747 5325 Κούμανος
1774 5251 1832 5305 δὲ
1867 5252 1967 5304 σὺν

385 5359 620 5427 δυνάμει
671 5361 785 5423 τοῖς
839 5355 1149 5417 Γαλιλαίοις
1194 5350 1425 5421 ἐπῆλθε,
1474 5346 1571 5401 καὶ
1602 5344 1831 5403 πολλοὺς
1870 5342 1969 5413 μὲν

390 5452 576 5506 αὐτῶν
594 5451 830 5517 ἔκτεινε,
865 5448 1089 5511 πλείους
1114 5446 1173 5499 δὲ
1201 5444 1413 5509 ζῶντας
1463 5434 1632 5494 εἷλεν.
1665 5437 1730 5491 Oi
1760 5436 1971 5507 πρῶτοι

388 5545 450 5603 δέ
476 5561 540 5615 γε
565 5544 673 5600 τῶν
707 5541 1104 5616 Ἱεροσολύμων
1131 5535 1642 5610 μεταμφιεσάμενοι
1707 5529 1972 5594 σάκκους,

2066 4669 2265 4770 pagum
2324 4692 2643 4752 transirent,
2691 4696 2888 4740 eorum
2941 4676 3259 4748 complures
3309 4669 3536 4741 quidam
3585 4681 3654 4722 ex

2071 4761 2289 4848 insidiis
2316 4783 2497 4842 adorti
2530 4777 2879 4836 occiderunt.
2914 4770 3205 4839 Principes
3238 4780 3371 4819 vero
3400 4761 3656 4817 Galilaeo-

2070 4896 2194 4936 rum
2224 4896 2251 4932 a
2281 4878 2529 4933 Cumano
2575 4870 2882 4945 petierunt,
2931 4871 2993 4919 ut
3043 4874 3238 4916 necem
3293 4856 3517 4911 illorum
3570 4852 3655 4905 ul-

2067 4974 2416 5030 cisceretur:
2452 4964 2602 5037 quod
2644 4943 2739 5017 illo
2790 4955 3120 5013 muneribus
3167 4958 3430 5019 corrupto
3476 4943 3655 5014 negli-

2067 5075 2250 5133 gente,
2277 5058 2568 5133 indignati,
2597 5054 2834 5126 sumptis
2872 5050 3041 5107 armis
3090 5046 3302 5115 aliquot
3348 5037 3654 5096 Samarita-

2070 5127 2269 5213 norum
2306 5127 2476 5226 pag‘os
2516 5149 2870 5219 diripuerunt
2913 5152 3079 5211 atque
3119 5135 3509 5192 incenderunt.
3549 5127 3656 5182 Eos

2070 5250 2352 5306 Cumanus
2398 5257 2523 5300 cum
2575 5238 2823 5295 exercitu
2869 5234 3118 5293 adortus,
3178 5225 3382 5281 multos
3427 5216 3652 5280 occidit,

2071 5341 2256 5411 plures
2281 5335 2447 5407 cepit.
2475 5324 2957 5402 Hierosolymitani
2993 5333 3126 5375 vero
3154 5313 3434 5389 principes
3464 5322 3656 5364 saccos

2075 5430 2278 5497 induti,
2318 5438 2373 5483 et
2403 5424 2680 5497 capitibus
2720 5401 2905 5476 eincrc
2933 5408 3268 5482 conspersis,
3320 5401 3582 5497 precibus
3623 5413 3656 5452 a

2073 5490 2356 5578 seditiosis
2387 5490 2778 5588 impetrarunt,
2823 5515 2884 5565 ιιι
2917 5501 3144 5562 mutatis
3190 5494 3460 5560 consiliis,
3494 5490 3655 5563 abis.

1591 5665 1787 5731 Varia:
1818 5662 2122 5726 lectiones
2161 5667 2223 5724 et
2266 5665 2455 5722 nota.

469 5834 489 5897 (
497 5834 584 5892 ’15)
613 5807 957 5888 Νεδεϐαιου.
990 5805 1088 5881 Ms.
1108 5823 1423 5897 Νερεδαίου.

1342 5892 1511 5948 Abest
1542 5903 1642 5944 vos
1683 5883 1882 5947 αὐτοὺς
1913 5881 1969 5937 in
2003 5876 2156 5935 Colb.
