4074 6404
393 404 500 468 5οἸ

1653 408 1978 470 JOANNIS
2017 405 2340 466 ΖΟΝΑΒΕ

3553 400 3663 466 504

389 517 605 586 ctisque
637 516 804 570 armis
842 515 1190 586 quiescerent
1224 533 1238 570 :
1275 517 1478 586 quibus
1505 517 1792 589 dispersis,
1821 517 1974 587 regio

2082 519 2176 572 καὶ
2201 517 2302 583 τὰς
2336 518 2580 588 κεφαλὰς
2609 516 2790 588 σποδῷ
2820 515 3266 581 καταπάσαντες,
3311 521 3661 590 παρεκάλουν

389 606 703 662 latrociniis
745 605 1002 659 infestata
1032 615 1134 660 est.
1187 605 1516 660 Samaritani
1561 622 1726 677 porro
1755 607 1972 662 Judmos

390 696 535 768 apud
562 696 898 763 Quadratum
929 696 1100 768 Syriae
1133 706 1424 767 praetorem
1453 699 1520 754 de
1547 699 1790 755 incensis
1820 699 1973 770 pagis

389 795 764 841 aecusarunt:
802 801 942 856 quos
977 785 1148 841 Judaei
1186 797 1400 853 contra,
1442 798 1501 843 ut
1541 789 1829 845 seditionis
1867 807 1971 844 au-

391 887 576 932 ctores
610 876 884 932 crin'iinati
921 887 1070 935 sunt.
1100 893 1163 933 ac
1193 879 1500 934 Cumanum
1532 881 1586 934 in
1619 881 1833 951 primis,
1875 881 1970 951 qui

301 975 307 988 ‘
391 967 778 1037 largitionibus
823 968 1106 1035 delinitus,
1159 987 1349 1026 necem
1401 972 1816 1028 interfectorum
1863 989 1971 1027 non

389 1059 751 1114 vindicasset.
786 1059 1097 1126 Qualratus
1129 1063 1295 1133 287
1336 1064 1546 1135 judicio
1576 1065 1766 1130 dilato,
1812 1081 1871 1120 se
1917 1065 1972 1118 in

387 1150 634 1206 Judaaam
665 1161 985 1216 venturum,
1015 1163 1070 1207 et
1117 1155 1337 1224 cognita
1381 1156 1613 1210 veritate
1653 1157 1975 1226 pronuntia-

392 1254 577 1298 turum
621 1259 740 1299 esse
784 1244 944 1300 dixit.
987 1245 1292 1300 Samariam
1345 1248 1653 1317 profectus,
1687 1249 1852 1304 rebus
1883 1248 1970 1302 in-

390 1335 634 1405 quisitis,
706 1335 1080 1391 Samaritanos
1157 1339 1441 1393 turbarum
1517 1348 1772 1396 auctores
1849 1356 1972 1396 esse

391 1429 664 1498 comperit
694 1447 708 1483 :
742 1430 980 1491 Iudaeos.
1033 1446 1174 1501 quos
1213 1431 1492 1489 Cumanus
1535 1434 1589 1488 in
1621 1435 1858 1491 vinculis
1894 1445 1974 1490 te-

393 1521 579 1589 nebat,
617 1531 678 1577 ut
707 1539 879 1579 novas
909 1539 998 1579 res
1039 1525 1282 1590 molitos,
1319 1526 1374 1581 in
1406 1543 1602 1584 cruces
1635 1530 1748 1600 egit
1777 1548 1791 1585 :
1835 1530 1975 1586 Ana-

393 1617 543 1669 niam
593 1615 951 1685 pontificem,
999 1626 1055 1671 et
1109 1617 1360 1675 Ananum
1424 1621 1619 1677 ducem
1673 1623 1971 1692 exercitus,

394 1701 611 1756 vinctos
639 1701 868 1757 Romam
917 1703 1087 1766 misit,
1127 1705 1193 1760 ad
1241 1715 1492 1763 actorum
1529 1725 1756 1768 suorum
1802 1714 1972 1767 ratio-

391 1807 520 1847 nem
549 1791 782 1850 Claudio
830 1795 1192 1854 reddendam.
1245 1798 1716 1857 Samaritanorum
1751 1820 1972 1876 quoque

391 1893 451 1937 et
495 1883 815 1940 Julzeorum
860 1888 1162 1959 principes,
1215 1889 1522 1948 Cumanum
1573 1875 1976 1965 przesidemiet
2008 1875 2049 1930 Β

391 1976 642 2032 Celerem
686 1979 970 2036 tribunum
1016 1982 1084 2038 ad
1133 1983 1522 2055 imperatorem
1564 1989 1644 2044 ire
1689 1991 1873 2061 jussit,
1921 2001 1981 2048 ut

395 2069 473 2126 ibi
505 2073 914 2128 controversias
960 2089 1090 2130 suas
1137 2075 1530 2148 disceptarent.
1559 2081 1822 2140 Claudius
1852 2100 1976 2141 cum

395 2176 496 2230 pro
531 2161 794 2217 tribunali
819 2164 1040 2232 sedens,
1083 2165 1463 2226 Samaritanos
1510 2173 1780 2230 malorum
1811 2178 1980 2232 exsti-

398 2253 531 2309 tisse
559 2263 812 2311 auctores
841 2257 1210 2328 cognovisset,
1229 2276 1326 2317 eos
1348 2263 1443 2332 qui
1463 2273 1749 2331 venerant,
1775 2268 1978 2335 occidi,

393 2344 700 2404 Cumanum
729 2349 1004 2416 exsulare,
1029 2350 1275 2408 Celerem
1301 2354 1580 2412 tribunum
1601 2356 1978 2430 Hierosolyma

394 2436 608 2499 reduci,
649 2446 707 2492 et
753 2439 808 2494 in
853 2452 1152 2510 conspectu
1185 2446 1432 2502 omnium
1472 2463 1572 2518 per
1619 2449 1812 2506 urbem
1865 2461 1977 2506 tra-

394 2537 542 2583 ctum
581 2531 654 2586 ita
680 2530 901 2588 demum
931 2535 1110 2590 occidi
1154 2537 1360 2608 jussit:
1415 2548 1472 2596 et
1498 2541 1666 2598 Felici
1715 2560 1980 2613 procura-

395 2621 601 2677 tionem
626 2622 827 2680 Judaaae
866 2625 1168 2683 mandavit.
1200 2629 1475 2701 Agrippae,
1509 2629 1975 2706 Cbalcide‘quam

394 2728 570 2771 annos
611 2731 664 2770 tv
713 2724 986 2784 tenuerat,
1035 2731 1248 2790 erepta,
1308 2721 1546 2794 Philippi
1595 2727 1974 2792 tetrarchiam,

394 2805 702 2861 Batanaeam
738 2816 795 2863 et
821 2807 1268 2866 Tracbonitidem
1306 2827 1431 2867 cum
1465 2814 1674 2881 Abella,
1703 2832 1824 2887 quae
1867 2816 1978 2891 Ly-

397 2898 562 2953 sanise
611 2897 908 2956 tetrarchia
968 2899 1180 2967 fuerat,
1237 2901 1480 2960 donavit.
1560 2905 1796 2977 Agrippa
1845 2924 1976 2965 vero

397 2988 693 3046 Drusillam
717 3006 962 3047 sororem
1003 2992 1171 3048 Azizo
1216 2995 1539 3051 Emesarum
1573 2999 1708 3069 regi,
1735 3001 1977 3057 circum-

396 3079 662 3136 cisionem
695 3096 804 3137 non
837 3083 1137 3149 recusanti,
1185 3084 1238 3139 in
1272 3086 1687 3143 matrimonium
1722 3091 1972 3156 collocat,

2081 612 2209 675 τοὺς
2235 613 2560 680 ἀφεστῶτας
2607 614 2939 684 μεταθέσθαι
2970 616 3064 666 τὸν
3121 613 3408 684 λογισμὸν,
3467 620 3561 669 καὶ
3591 623 3659 674 τά

2079 703 2223 757 ὅπλα
2253 705 2517 774 ῥίψαντας
2547 707 2780 774 ἠρεμεῖν
2800 716 2816 734 ⁸
2877 704 2974 758 καὶ
3025 705 3272 757 ἔπεισαν.
3340 705 3404 758 Οἱ
3437 707 3535 774 μὲν
3566 707 3660 761 οὖν

2079 795 2427 865 διελύθησαν,
2455 797 2488 866 ή
2513 794 2669 867 χώρα
2691 796 2734 850 δ’
2766 795 2826 862 ἐξ
2856 795 3071 848 ἐκείνου
3100 793 3415 865 λῃστηρίων
3446 797 3662 864 πεπλή-

2082 905 2246 959 ρωτο.
2297 889 2579 958 Σαμαρεῖς
2635 887 2694 940 δὲ
2746 886 2884 958 πρὸς
2919 885 3270 953 Κουαδρᾶτον
3302 888 3403 955 τῆς
3456 887 3659 958 Συρίας

2079 978 2486 1051 ἡγεμονεύοντα
2541 978 2886 1048 κατηγόρουν
2920 975 3030 1030 τῶν
3089 975 3385 1040 Ἰουδαίων,
3450 976 3526 1039 ὡς
3557 979 3659 1047 ἐμ-

2080 1071 2411 1139 πρησάντων
2469 1068 2666 1138 κώμας
2719 1069 2919 1123 αὐτῶν.
2981 1067 3232 1121 Ἰουδαῖοι
3280 1067 3337 1120 δὲ
3371 1069 3658 1139 Σαμαρεῖς

2079 1163 2332 1236 ᾐτιῶντο,
2368 1162 2443 1227 ὡς
2489 1162 2705 1225 αἰτίους
2758 1161 2858 1230 τῆς
2890 1160 3157 1222 στάσεως,
3189 1159 3287 1212 καὶ
3341 1159 3449 1230 πρὸ
3475 1159 3657 1214 αὐτῶν

2081 1255 2394 1327 Κούμανον,
2431 1253 2626 1323 δώροις
2650 1252 3076 1324 διεφθαρμένον,
3107 1251 3205 1305 καὶ
3232 1251 3359 1314 τοὺς
3380 1251 3661 1322 ἀνῃρημέ-

2079 1365 2206 1410 νους
2244 1346 2321 1418 μὴ
2350 1347 2740 1416 ὲκδικήσαντα.
2775 1343 3127 1412 Κουαδρᾶτος
3154 1341 3212 1394 δὲ
3235 1341 3540 1414 ὑπερέθετο
3561 1342 3661 1412 τὴν

2079 1443 2284 1511 κρίσιν,
2311 1439 2504 1503 εἰπὼν,
2558 1439 2710 1510 ἥξειν
2760 1439 2840 1499 εἰς
2873 1437 2972 1507 τὴν
3028 1434 3319 1500 Ἰουδαίαν,
3373 1436 3536 1488 κάκεῖ
3563 1433 3660 1506 τὴν

2079 1533 2342 1604 ἀλήθειαν
2373 1531 2557 1599 γνοὺς,
2592 1527 3007 1599 ἀποφήνασθαι.
3041 1520 3218 1580 Ἥκεν
3244 1521 3338 1581 οὖν
3365 1527 3446 1590 είς
3476 1527 3662 1596 Σαμά·

2083 1643 2260 1697 ρειαν,
2312 1623 2408 1676 καὶ
2455 1621 2717 1688 ἐξετάσας
2743 1621 2813 1672 τὰ
2865 1619 3262 1689 πεπραγμένα,
3316 1619 3524 1680 αἰτίους
3559 1619 3658 1687 τῆς

2081 1717 2327 1789 ταραχῆς
2360 1715 2558 1782 διέγνω
2591 1713 2718 1776 τοὺς
2748 1713 3027 1785 Σαμαρεῖς
3053 1725 3068 1743 ο
3134 1710 3424 1774 Ἰουδαίους
3477 1710 3536 1764 δὲ
3567 1708 3662 1772 οὓς

2081 1807 2399 1876 δεδεμένους
2424 1801 2571 1875 εἶχεν
2595 1806 2622 1858 ὁ
2648 1802 2963 1868 Κούμανος,
2987 1801 3406 1871 ἀνεσταύρωσεν
3423 1802 3499 1866 ὡς
3523 1819 3660 1856 νεω-

2081 1901 2426 1972 τερίσαντας.
2453 1899 2594 1960 Τοὺς
2619 1897 2677 1951 δὲ
2711 1895 2842 1966 περὶ
2873 1894 3130 1948 Ἀνανίαν
3155 1893 3248 1947 τὸν
3276 1895 3542 1965 ἀρχιερέα
3564 1895 3660 1948 καὶ

2081 1993 2173 2046 τὸν
2201 1989 2508 2062 στρατηγὸν
2536 1987 2769 2042 ’Λνανον
2797 1986 2992 2056 δήσας,
3021 1984 3102 2047 είς
3151 1985 3376 2054 Ῥώμην
3400 1987 3658 2038 ἀπέστει-

2079 2085 2160 2151 λε,
2192 2083 2351 2152 λόγον
2384 2082 2516 2154 περὶ
2557 2080 2664 2135 τῶν
2696 2081 3105 2152 πεπραγμένων
3137 2080 3396 2149 Κλαυδίῳ
3433 2079 3662 2147 ὑφέξον-

2079 2192 2198 2239 τας.
2226 2171 2456 2228 Κελιύει
2514 2171 2572 2225 δὲ
2605 2170 2703 2224 καί¹
2748 2171 2867 2234 τοῖς
2899 2170 3208 2241 Σαμαρέων
3259 2169 3356 2223 καὶ
3385 2166 3662 2222 Ἰουδαίων

2082 2266 2344 2334 πρώτοις,
2367 2265 2463 2318 καὶ
2487 2263 2762 2332 Κουμάνῳ
2784 2260 2861 2332 τῷ
2889 2261 3141 2333 ἡγεμόνι,
3164 2261 3260 2314 καὶ
3286 2259 3362 2329 τῷ
3391 2259 3663 2330 χιλιάρχῳ

2080 2357 2307 2426 Κέλερι,
2344 2352 2640 2422 ἀφικέσθαι
2675 2352 2770 2405 καὶ
2818 2351 3017 2413 αὐτοὺς
3057 2351 3192 2421 πρὸς
3252 2349 3344 2404 τὸν
3389 2350 3664 2421 αὐτοκρά-

2079 2467 2236 2518 τορα,
2266 2444 2706 2518 κριθησομένους
2735 2442 2865 2513 περὶ
2889 2442 2999 2495 τῶν
3027 2442 3167 2510 πρὸς
3201 2441 3469 2511 ἀλλήλους
3489 2441 3660 2513 ζητή.

2082 2557 2244 2593 σεων.
2266 2535 2647 2591 Ἀπελθόντων
2669 2533 2748 2600 δὲ,
2774 2533 3039 2603 δικαστὴς
3057 2533 3294 2596 καθίσας
3310 2533 3337 2585 ὁ
3365 2531 3660 2597 Κλαύδιος,
3757 2597 3760 2600 τ

2077 2632 2175 2684 καὶ
2206 2630 2369 2699 γνοὺς
2396 2629 2522 2690 τοὺς
2552 2627 2832 2697 Σαμαρεῖς
2854 2625 2966 2678 τῶν
2991 2625 3177 2678 κακῶν
3210 2627 3510 2695 ἀρχηγοὺς,
3531 2625 3663 2693 τοὺς

2078 2724 2391 2786 ἀναϐάντας
2421 2722 2558 2792 πρὸς
2595 2721 2759 2774 αὐτὸν
2791 2719 3158 2791 ἀναιρεθῆναι
3187 2720 3515 2788 προσέταξε.
3549 2721 3662 2773 Φυ-

2078 2817 2182 2888 γὴν
2215 2816 2272 2869 δὲ
2295 2814 2390 2868 τοῦ
2415 2812 2710 2882 Κουμάνου
2738 2813 3184 2880 κατε-ζηφίσατοο
3218 2814 3310 2865 τὸν
3334 2812 3520 2881 μέντοι
3548 2812 3662 2866 Κέ-

2077 2911 2213 2981 λερα
2234 2907 2326 2960 τὸν
2356 2907 2640 2978 χιλίαρχον
2675 2907 2755 2968 είς
2794 2904 3148 2974 Ἰεροσόλυμα
3181 2904 3500 2974 ἀπαχθῆναι
3528 2905 3660 2957 ἐκέ-

2077 3004 2258 3067 λευσε,
2283 3001 2378 3054 καὶ
2404 3001 2637 3070 συρέντα
2658 2998 2879 3052 πάντων
2897 2998 3149 3069 ὁρώντων
3173 2999 3265 3052 διὰ
3291 2996 3390 3067 τῆς
3421 2996 3661 3062 πόλεως,

2077 3094 2250 3157 οὕτως
2277 3091 2656 3163 ἀναιρεθῆναι.
2695 3090 2911 3160 Πέμπει
2936 3089 2993 3142 δὲ
3019 3090 3046 3142 ὁ
3068 3090 3288 3158 Καῖσαρ
3316 3088 3528 3158 Φήλικα
3551 3089 3664 3141 τῶν

397 3172 754 3243 nuptiisejus
803 3172 874 3228 ab
924 3173 1200 3231 Antiocho
1255 3174 1540 3246 Epiphane
1591 3179 1732 3235 ritus
1761 3180 1974 3237 Judaici

2082 3187 2356 3241 Ἰουδαίων
2404 3181 2916 3253 ἐπιτροπεύσονταο
2976 3180 3263 3251 ’Δγρίππᾳ
3294 3179 3351 3233 δὲ
3406 3179 3662 3249 δωρεῖται

396 3263 528 3318 odio
563 3262 890 3332 repudiatis.
918 3264 1278 3322 Mariammen
1319 3265 1593 3323 Archelao
1626 3268 1828 3326 Helciae
1863 3271 1977 3327 filio

399 3355 718 3426 despondit,
741 3371 771 3409 a
802 3365 958 3427 patre
997 3358 1236 3429 Agrippa
1267 3360 1396 3415 olim
1442 3365 1788 3432 promissam.
1829 3368 1980 3424 Felix

398 3445 601 3503 Iudaea:
621 3457 949 3516 procurator
969 3449 1219 3506 Drusillae
1249 3454 1539 3510 excellenti
1569 3457 1982 3526 pulchritudine

401 3546 617 3608 captus,
666 3537 884 3592 mulieri
934 3540 1231 3609 persuadet
1273 3551 1334 3597 ut
1378 3545 1576 3602 marito
1622 3549 1820 3605 relicto
1869 3552 1979 3608 sibi

400 3629 612 3682 nubat:
641 3643 764 3698 qua:
795 3627 966 3683 filium
997 3645 1059 3685 ex
1095 3646 1162 3686 eo
1190 3643 1510 3705 susceptum
1548 3637 1842 3710 Agrippam
1874 3658 1979 3698 no-

402 3719 652 3774 minavit.
709 3719 908 3774 Fertur
948 3731 1154 3787 autem,
1207 3723 1316 3779 Titi
1364 3729 1704 3798 temporibus
1748 3746 1874 3786 cum
1914 3748 1982 3790 eo

397 3810 752 3869 adolescente
809 3809 865 3865 in
917 3811 1154 3870 Vesuvio
1200 3826 1386 3872 monte
1441 3818 1696 3888 ignifero,
1749 3837 1812 3877 ac
1867 3831 1982 3878 tum

405 3901 576 3972 magis
601 3900 963 3968 inﬂammato,
1005 3904 1258 3974 periisse.
1298 3907 1562 3964 Berenice
1593 3911 1762 3966 altera
1793 3915 1985 3985 Agrip-

404 4012 487 4067 pae
506 4012 686 4062 soror,
718 3997 934 4052 Herode
963 4007 1160 4068 patruo
1182 4008 1239 4054 et
1269 4001 1470 4056 marito
1511 4002 1797 4076 defuncto,
1829 4005 1986 4062 Pole-

403 4091 581 4158 moni,
606 4105 732 4146 cum
760 4092 1120 4149 circumcisus
1139 4102 1304 4158 esset,
1329 4097 1536 4165 nupsit,
1565 4096 1631 4151 ad
1660 4098 1984 4154 abolendam

401 4185 668 4252 incestus,
706 4202 833 4243 cum
867 4186 1038 4243 fratre
1085 4188 1418 4244 calumniam
1451 4208 1467 4250 ;
1518 4191 1613 4246 sed
1658 4193 1983 4250 diuturnum

401 4278 717 4349 eoujugium
751 4294 860 4334 non
892 4279 1017 4344 fuit,
1049 4279 1346 4339 Polemone
1379 4296 1409 4336 a
1441 4282 1705 4340 Berenice
1737 4284 1984 4344 deserto.

403 4370 666 4425 Claudius
689 4369 871 4427 Caesar
901 4382 1154 4428 mortuus
1189 4383 1274 4427 est
1309 4389 1456 4429 anno
1495 4375 1713 4445 imperii
1767 4376 1985 4434 decimo

402 4460 590 4526 tertio,
617 4477 804 4518 mense
832 4470 1048 4528 octavo,
1082 4463 1170 4517 die
1190 4463 1473 4529 vicesimo,
1499 4479 1732 4531 veneno,
1759 4475 1820 4521 ut
1847 4467 1987 4522 ferc-

2078 3281 2180 3350 τὴν
2210 3277 2482 3331 Φιλίππου
2528 3272 2880 3345 τετραρχίαν,
2917 3273 3010 3325 καὶ
3062 3270 3397 3334 Βαταναίαν,
3437 3271 3530 3323 καὶ
3562 3271 3664 3340 τὴν

2080 3371 2420 3442 Τραχωνῖτιν
2450 3369 2549 3421 σὺν
2596 3366 2827 3436 Ἀϐέλλᾳ
2850 3383 2864 3396 ·
2930 3358 3094 3418 αὗται
3121 3364 3177 3418 δὲ
3211 3364 3480 3417 Λυσανίου
3521 3359 3663 3432 ἦσαν

2079 3460 2428 3534 τετραρχίαι.
2483 3459 2595 3523 Τὴν
2618 3457 2675 3510 δὲ
2705 3455 2952 3510 Χαλκίδα
2989 3457 3312 3524 ἀφαιρεῖται
3349 3453 3532 3515 αὑτὸν,
3564 3451 3665 3522 ἐτη

2080 3553 2329 3622 τέσσαρα
2355 3549 2562 3619 ταύτης
2593 3547 2858 3620 ἄρξαντα.
2896 3548 2955 3600 ’0
2979 3547 3022 3600 δ’
3050 3546 3366 3618 Ἀγρίππας
3409 3544 3665 3613 ἐκδίδωσι

2085 3642 2221 3714 “Pb;
2250 3640 2430 3710 γάμον
2454 3638 2654 3708 Ἀζίζῳ
2703 3636 2782 3707 τῷ
2828 3635 3079 3706 Ἐμεσῶν
3119 3633 3349 3705 βασιλεῖ,
3392 3650 3665 3704 περιτμη-

2083 3737 2243 3805 θῆναι
2275 3733 2592 3802 θελήσαντι,
2617 3731 2952 3801 Δρουσίλλαν
2982 3730 3082 3799 τὴν
3107 3727 3369 3798 ἀδελφὴν,
3397 3727 3493 3780 τοῦ
3515 3727 3661 3778 Ἐπιο

2083 3825 2290 3896 φανοῦς
2325 3823 2610 3893 Ἀντιόχου
2664 3820 3165 3894 παραιτησαμένου
3221 3821 3314 3873 τὸν
3349 3820 3548 3888 γάμον,
3580 3818 3664 3869 ὅτι

2088 3918 2165 3990 μὴ
2188 3916 2481 3972 Ἰουδαῖσαι
2509 3913 2789 3968 ἐϐούλετο.
2824 3914 2936 3967 Καὶ
2984 3911 3224 3982 Μαριὰμ
3278 3909 3666 3978 κατηγγύησεν

2083 4009 2339 4082 ἀρχελάῳ
2373 4007 2452 4079 τῷ
2511 4006 2728 4060 Ἑλκίου
2765 4005 2943 4071 παιδὶ,
2993 4003 3086 4056 ὑπ’
3117 4001 3406 4073 Ἀγρίππα
3434 3997 3529 4052 τοῦ
3561 4015 3666 4051 πα-

2082 4101 2214 4170 τρὸς
2268 4097 2464 4168 πρώην
2512 4095 2955 4168 μνηστευθεῖσαν
2997 4093 3170 4165 αὐτῷ.
3224 4092 3391 4161 Φήλιξ
3456 4091 3514 4144 δὲ
3567 4091 3666 4160 τῆς

2085 4191 2349 4254 Ἰουδαίας
2409 4189 2816 4260 ἐπιτροπεύων,
2867 4189 2962 4242 καὶ
3015 4187 3116 4258 τὴν
3171 4184 3505 4255 Δρουσίλλαν
3541 4183 3666 4237 ίδὼν

2084 4284 2316 4346 κάλλους
2336 4281 2607 4352 περιττῶς
2653 4279 2906 4351 ἔχουσαν,
2941 4280 3084 4332 ὲάλω
3115 4278 3193 4349 τῷ
3231 4279 3436 4348 ταύτης
3473 4276 3662 4346 ἔρωτι,

2084 4374 2374 4445 καὶξπείθει
2397 4371 2807 4426 καταλιποῦσαν
2823 4371 2916 4424 τὸν
2932 4371 3123 4441 ἄνδρα,
3147 4367 3300 4440 αύτῷ
3318 4367 3662 4439 γαμηθῆναι.

2085 4467 2336 4522 Τεκοῢσα
2356 4465 2400 4519 δ’
2433 4465 2494 4529 ἐξ
2537 4464 2706 4518 αὑτοῦ
2751 4464 2940 4530 παῖδα,
2971 4463 3285 4535 Ἀγρίππαν
3331 4460 3495 4514 αὐτὸν
3527 4459 3664 4512 ώνό-

401 4550 588 4618 batur,
617 4553 686 4607 ab
729 4568 900 4607 uxore
946 4552 1251 4624 Agrippina
1291 4554 1562 4620 sublatus,
1605 4572 1729 4628 quae
1771 4566 1979 4627 patrem

2090 4575 2253 4629 μασε.
2304 4555 2540 4623 Λέγεται
2582 4553 2639 4607 δὲ
2665 4555 2810 4607 κατά
2841 4554 2967 4615 τοὺς
3012 4553 3178 4607 Τίτου
3214 4552 3440 4623 χρόνους
3465 4553 3500 4621 ἡ
3524 4550 3666 4622 γυνὴ

401 4641 598 4696 habuit
651 4641 1058 4703 Germanicum,
1109 4643 1340 4699 Ctesaris
1389 4645 1664 4701 fratrem:
1719 4649 1977 4702 maritum

401 4727 704 4784 Domitium
750 4728 1150 4797 Enobarbum,
1199 4731 1378 4786 virum
1420 4734 1608 4790 Romae
1662 4735 1978 4793 illustrem:

401 4835 515 4891 quo
544 4820 823 4886 defuncto,
849 4837 969 4876 eam
1005 4823 1227 4878 viduam
1254 4825 1516 4882 Claudius
1548 4827 1724 4896 duxit,
1757 4845 1882 4884 cum
1919 4831 1984 4884 li—

400 4913 538 4968 lium
572 4913 803 4969 haberet
841 4915 1138 4974 Domitium
1180 4921 1321 4990 patri
1367 4921 1770 4990 cognominem.
1817 4923 1986 4994 288

401 5006 538 5060 Nam
569 5005 915 5062 Messalinam
943 5023 1169 5064 uxorem
1203 5025 1269 5064 ex
1300 5011 1568 5081 zelotypia
1597 5013 1913 5078 sustulerat,
1953 5029 1984 5069 e

402 5115 511 5168 qua
534 5099 742 5154 liberos
774 5099 1011 5154 habebat
1039 5101 1416 5157 Britannicum
1463 5113 1518 5158 et
1548 5103 1832 5160 Octavium
1863 5124 1876 5160 :
1927 5116 1985 5160 et

402 5192 569 5250 ﬁliam
604 5190 886 5247 Octaviam
935 5202 1066 5248 natu
1121 5196 1413 5250 maximam
1448 5203 1573 5251 ante
1616 5196 1719 5252 hos
1767 5214 1834 5253 ex
1873 5198 1983 5254 alia

401 5283 635 5356 conjuge
672 5296 1004 5356 susceptam,
1042 5302 1207 5356 quam
1253 5288 1458 5343 Neroni
1491 5288 1566 5358 (id
1597 5289 1746 5344 enim
1783 5306 1983 5346 nomen

400 5373 718 5445 Agrippina:
773 5375 885 5432 filio
932 5377 1172 5433 Domitio
1234 5377 1416 5434 Caesar
1472 5389 1630 5450 pater
1690 5381 1985 5452 adoptivus

403 5467 554 5538 fecit)
585 5469 901 5539 despondit.
936 5469 1034 5526 Cui
1069 5480 1130 5527 ut
1164 5481 1341 5528 mater
1377 5474 1670 5543 imperium
1726 5476 1986 5546 acquire-

403 5573 511 5624 ret,
541 5559 828 5616 CEaudium
872 5577 1090 5618 veneno
1137 5563 1384 5620 sustulit.
1426 5563 1532 5621 Sed
1585 5565 1703 5621 haec
1730 5581 1831 5622 suo
1859 5567 1984 5622 loco

404 5659 460 5704 et
500 5659 747 5720 tempore
792 5651 1127 5709 referentur.
1171 5655 1330 5712 Nunc
1380 5657 1689 5714 institutam
1735 5659 1982 5714 historiae

405 5754 605 5795 seriem
646 5757 1066 5813 prosequamur.

2089 4651 2188 4704 σὺν
2213 4647 2290 4719 τῷ
2323 4647 2476 4702 παιδὶ
2507 4645 2695 4716 νεανίᾳ
2717 4644 3076 4715 γεγενημένῳ
3126 4644 3497 4714 ἀφανισθῆναι
3523 4645 3667 4697 κατά

2087 4743 2149 4796 τὸ
2172 4740 2396 4793 Βέσϐιον
2415 4737 2562 4807 ὅρος,
2596 4737 2879 4808 πυρφόρον
2900 4736 2982 4799 ὃν,
3034 4739 3130 4789 καὶ
3163 4737 3288 4790 τότε
3327 4735 3532 4803 μᾶλλον
3569 4735 3667 4788 ὲκ-

2090 4834 2364 4906 πυρωθέν.
2406 4833 2673 4903 Βερενίκη
2698 4831 2755 4885 δὲ
2779 4829 2943 4900 ἑτέρα
2970 4828 3174 4899 ἀδελφὴ
3209 4829 3303 4882 τοῦ
3331 4828 3667 4897 ’Δγρίππου,

2093 4921 2420 4979 συνοικοῦσα
2460 4920 2678 4991 Ἡρώδῃ
2712 4918 2790 4990 τῷ
2825 4919 2977 4989 θείῳ,
3006 4919 3267 4980 θανόντος
3295 4917 3531 4979 ἐκείνου,
3557 4917 3668 4970 Πο-

2093 5016 2297 5085 λέμωνι
2349 5011 2725 5082 συνηρμόσθη,
2785 5010 3198 5082 περιτμηθῆναι
3256 5010 3549 5080 θελήσαντι
3579 5008 3670 5064 διὰ

2093 5110 2193 5179 τὴν
2221 5110 2431 5179 φήμην,
2455 5109 2554 5176 τὴν
2579 5106 2846 5173 λέγουσαν
2871 5105 3040 5174 αὐτὴν
3062 5103 3140 5175 τῷ
3169 5101 3387 5174 ἀδελφῷ
3419 5102 3667 5157 συνιέναι

2095 5199 2219 5254 κατ’
2253 5200 2456 5270 ἔρωτα,
2492 5197 2559 5250 ἵν’
2588 5195 2733 5250 οὕτω
2757 5195 2856 5267 τὴν
2881 5194 3140 5264 διαϐολὴν
3183 5195 3445 5266 ἀποφήνῃ
3468 5193 3665 5264 ψευδῆ.

2093 5291 2167 5343 Οὐ
2188 5289 2294 5360 μὴν
2316 5289 2533 5359 ἔμεινεν
2559 5289 2587 5342 ὁ
2609 5289 2787 5356 γάμος
2809 5288 2903 5340 ἐπὶ
2938 5285 3095 5350 πολὺ,
3113 5286 3212 5354 τῆς
3236 5286 3535 5357 Βερενίκης
3566 5302 3670 5338 κα-

2087 5380 2422 5451 ταλιπούσης
2445 5380 2537 5433 τὸν
2555 5379 2877 5450 Πολέμωνα.
2901 5378 3144 5448 Τελευτᾷ
3166 5377 3224 5432 δὲ
3251 5376 3512 5438 Κλαύδιος
3535 5377 3672 5429 Καῖ-

2089 5490 2218 5543 σαρ,
2250 5470 2582 5543 βασιλεύσας
2626 5470 2720 5542 ἐτη
2748 5470 3131 5542 τρισκαίδεκα,
3165 5470 3259 5524 καὶ
3289 5469 3463 5540 μῆνας
3495 5468 3664 5534 ὀκτὼ,

2086 5565 2172 5632 ἐφ’
2198 5566 2436 5636 ἡμέραις
2459 5565 2655 5619 εἴκοσι.
2681 5564 2855 5632 Λόγος
2883 5563 2940 5618 δὲ
2966 5559 3056 5634 ἦν,
3083 5562 3158 5626 ώς
3189 5563 3298 5616 ὑπὸ
3341 5567 3440 5634 τῆς
3475 5578 3669 5632 γυναι.

2088 5658 2182 5720 κὸς
2215 5656 2583 5728 ’Δγριππίνης
2614 5655 2932 5728 φαρμάκοις
2968 5655 3228 5728 ἀνῄρητο,
3280 5650 3349 5727 ἧς
3381 5654 3565 5723 πατὴρ
3593 5649 3666 5724 ἦν

2091 5749 2453 5820 Γερμανικὸς,
2477 5749 2802 5822 ὀΚαίσαρος
2836 5747 3087 5819 ἀδελφδς,
3125 5747 3266 5820 ἀνὴρ
3312 5747 3368 5802 δὲ
3401 5747 3664 5818 Δομέτιος
