4074 6398
387 405 493 469 ωδ

387 520 720 604 ᾼίνόϐαρϐος
743 524 857 598 (75)
887 526 996 582 τῶν
1018 529 1180 604 ἐπισή

384 602 616 682 εχουσαν
641 618 737 670 καὶ
781 620 948 674 παῖδα

1650 433 2064 508 ANNALIUM
2107 441 2262 509 LIB.
2304 445 2406 508 VI.

1188 537 1402 639 pinus»!-
1466 538 1720 639 Ῥώμῃ
1755 539 1817 600 οὗ
1886 546 2334 620 τελευτήσαντος,
2389 558 2733 630 χηρεύουσαν
2805 562 2978 637 αὐτὴν
3034 566 3064 620 6
3107 555 3376 633 Κλαύδιος
3425 567 3643 639 ἄγεται,

983 624 1244 734 Δομέτιον
1295 630 1604 734 ὁμώνυμον-
1791 639 1991 734 πατρί.
2035 624 2603 726 Προανῃρήκειηγάρ
2631 654 2728 726 τὴν
2759 624 2997 726 γυναῖκα
3031 624 3648 734 Μεσαλίνανδιάιζηλοί

797 713 1137 824 παῖδαῇεῖχξ
1167 721 1616 824 Βρεῖανιξδν-ιξιὶ
1639 705 1950 818 ’ρκτάϐιον.
1994 705 2105 788 Kal.
2163 705 2461 797 Ὀἓτςίϐίαν
2503 705 2997 822 ’δὲ’πρέᾅέᾷτῖέξξ

387 801 550 872 τέρας
579 804 773 916 ἐτέρας
796 810 1053 916 γυναικὸς
1080 807 1249 916 εῖχεν,
1281 816 1353 916 :ijv
1374 818 1452 889 τῷ
1473 809 1690 891 Νέρωνι
1755 823 1988 895 ἥρμοστο
2031 827 2191 884 τοῦτο
2237 833 2348 905 γὰρ
2412 836 2505 890 τὸν
2535 801 2662 910 τῆςι

390 901 781 1010 μετωνόμασει
832 902 1063 1010 ὕστερον
1112 911 1142 961 ὁ
1194 911 1430 983 Καῖσαρ,
1496 917 1958 989 εἰσποιησάμενος
1995 922 2182 980 αὐτόν.
2245 928 2363 984 Ἵνα
2429 932 2614 988 τοίνυν
2647 901 2822 1008 τούτῶ
2854 939 2954 1008 τὴν
2988 901 3296 1010 αὐταρκίαν
3350 901 3646 1007 περίποιή-

387 994 842 1104 σηταιὶηᾹμήτηρ
861 997 1235 1104 Ἀγριππίναί-
1284 1007 1489 1104 κτείνει
1530 1010 1960 1104 ξραρμάκῳτδν
1999 1015 2290 1080 Κλαύδιον.
2324 1024 2491 1081 Ἀλλὰ
2543 1028 2721 1085 ταῦτα
2754 994 2854 1103 μέν
2885 994 2944 1086 ἐν
3004 994 3386 1099 τοῖίοίκείοις
3428 994 3648 1104 καιροίς

385 1083 481 1136 καὶ
513 1082 702 1174 τόποις
728 1088 1035 1157 εἰρήσεται.
1101 1092 1160 1146 '0
1188 1094 1245 1148 δέ
1287 1095 1446 1166 λόγος
1493 1099 1595 1170 τῆς
1631 1082 1952 1166 ἀκολουθίας
1992 1104 2220 1174 ἐχέσθω.

456 1169 730 1285 ΙςὲῇΕἴχε
752 1266 765 1285 ι
783 1177 886 1247 μὲν
913 1176 1034 1285 ,οὖν
1063 1183 1093 1236 6
1147 1181 1343 1254 Νέρων
1378 1187 1519 1257 μετά
1556 1169 1826 1245 Κλαύδιον
1859 1193 1961 1263 τὴν

2133 1201 2274 1261 XVI.
2323 1207 2454 1264 Post
2478 1209 2694 1267 Claudii
2745 1212 3054 1279 interitum,
3084 1214 3304 1270 Nerone
3350 1213 3648 1285 imperium

381 1263 491 1316 τῶν
551 1264 845 1336 Ῥωμαίων
905 1269 1106 1341 ἀρχὴν,
1153 1274 1221 1328 τὰ
1247 1275 1305 1328 δὲ
1339 1277 1483 1332 κατά
1537 1279 1638 1352 τὴν
1697 1282 1962 1338 Ἰουδαίαν

382 1356 630 1410 ἐπεδίδου
667 1359 805 1430 πρὸς
831 1360 892 1413 τὸ
922 1364 1107 1433 χεῖρον
1135 1363 1430 1437 διηνεκῶς,
1459 1369 1555 1423 καὶ
1588 1370 1902 1444 λῃστηρίων
1927 1375 1960 1445 ή

381 1446 538 1517 χώρα
594 1449 974 1521 ἐμπέπληστο,
1043 1455 1139 1508 καὶ
1193 1458 1432 1528 γοήτων,
1481 1460 1820 1517 ἀπατώντων
1869 1465 1962 1520 τὸν

381 1538 562 1607 ὄχλον,
617 1534 694 1594 ὧν
750 1543 1038 1608 πολλοὺςό
1096 1547 1266 1618 Φήλιξ
1317 1551 1718 1624 συλλαμϐάνων
1747 1555 1960 1628 ἀνῄρει.

387 1631 569 1698 Ἐχων
619 1632 677 1686 δὲ
728 1634 986 1706 ἀπεχθῶς
1034 1638 1176 1710 πρὸς
1222 1640 1482 1714 Ἰωνάθην
1514 1646 1608 1699 τὸν
1635 1648 1902 1720 ἀρχιερέα
1935 1651 1964 1703 6

380 1720 570 1790 Φήλιξ,
611 1722 876 1788 πολλάκις
903 1726 1068 1780 αὑτὸν
1100 1729 1459 1787 νουθετοῦντα
1483 1736 1614 1805 περὶ
1650 1735 1746 1790 τοῦ
1777 1755 1964 1808 κρειτ-

383 1813 557 1877 τόνως
591 1815 962 1885 προΐστασθαι
983 1819 1094 1873 τῶν
1126 1821 1268 1876 κατά
1299 1823 1399 1896 τήν
1428 1825 1718 1893 Ἰουδαίαν,
1749 1832 1964 1901 πρόφα-

384 1924 470 1961 σιν
501 1909 709 1979 ἐζήτει,
739 1909 808 1964 δι’
843 1911 911 1982 ἢν
932 1911 1022 1965 τὸν
1054 1913 1378 1985 ἐνοχλοῦντα
1410 1921 1650 1991 συνεχῶς
1684 1925 1962 1995 μεταστή-

385 2017 562 2067 σεται,
593 2003 689 2054 καὶ
718 2003 811 2056 διὰ
836 2004 948 2057 τῶν
977 2005 1194 2076 λῃστῶν
1229 2008 1396 2064 αὐτὸν
1429 2011 1678 2082 ἀναιρεῖ’
1705 2013 1756 2067 οἳ
1803 2015 1863 2068 ἐν
1884 2014 1962 2086 τῷ

382 2092 496 2164 ναῷ
537 2096 985 2166 παραγεγονότες
1010 2098 1086 2162 ώς
1113 2102 1610 2173 προσκυνήσοντες,
1637 2109 1731 2161 καὶ
1757 2106 1964 2176 ξιφίδια

385 2185 646 2257 φέροντες
669 2186 774 2240 ὑπὸ
804 2187 902 2252 τὰς
935 2188 1194 2259 ἐσθῆτας,
1227 2191 1608 2266 ἀνεμίχθησαν
1633 2195 1714 2266 τῷ
1743 2197 1960 2269 πλήθει,

387 2279 478 2331 καὶ
508 2280 603 2331 τὸν
627 2278 887 2351 Ἰωνάθην
908 2282 1146 2337 ἀνεῖλον.
1176 2283 1572 2355 Ἀνεκδικήτου
1612 2289 1669 2342 δέ
1711 2289 1807 2342 τοῦ
1841 2292 1965 2345 τολ-

391 2372 640 2441 μήματος
674 2372 985 2442 μείναντος,
1023 2374 1199 2440 ἀδεῶς
1229 2379 1277 2430 οί
1310 2378 1512 2449 λῃσταὶ
1551 2381 1960 2451 ἀναϐαίνοντες,

385 2461 477 2527 οὓς
513 2463 611 2534 μὲν
659 2464 896 2529 οἰκείους
958 2464 1192 2537 ἐχθροὺς
1229 2467 1490 2540 ἀνῄρουν,
1545 2470 1641 2536 οὒς
1686 2473 1731 2526 δ’
1758 2475 1963 2546 ἐτέρων

386 2556 477 2607 ἐπὶ
512 2554 712 2625 μισθῷ.
749 2556 953 2626 Γόητες
985 2558 1044 2610 δέ
1068 2560 1164 2612 καὶ
1207 2560 1532 2626 ἀπατεῶνες
1565 2563 1846 2634 ἄνθρωποι
1876 2566 1966 2621 τὸν

384 2647 542 2717 ὄχλον
597 2648 913 2711 ἀνέπειθον,
960 2648 1196 2704 ἕπεσθαι
1252 2651 1440 2721 σφίσιν
1465 2655 1547 2717 είς
1574 2654 1674 2724 τήν
1704 2657 1966 2728 ἐρημίαν,

383 2738 650 2805 δείξουσιν
693 2741 904 2810 ἐναργῆ
955 2744 1165 2810 σημεῖα
1223 2743 1321 2797 καὶ
1373 2744 1579 2816 τέρατα
1612 2749 1876 2819 γινόμενα
1903 2751 1968 2803 ἐκ

384 2831 522 2886 Θεοῦ
544 2849 558 2863 ·
588 2827 664 2911 ὧν
687 2831 921 2896 πολλοὺς
945 2833 972 2886 6
991 2834 1159 2900 Φήλιξ
1191 2835 1456 2901 ἐκόλαζεν
1473 2852 1486 2867 ·
1523 2838 1574 2890 οἰ
1597 2838 1653 2892 δέ
1682 2857 1746 2908 γε
1771 2839 1967 2912 λῃσταὶ

383 2926 476 2978 τὸν
493 2925 665 2996 δῆμον
687 2927 766 2989 εἰς
795 2925 889 2979 τὸν
911 2927 1048 2998 πρὸς
1077 2928 1389 2998 Ῥωμαίους
1408 2929 1672 3001 ἠρέθιζον
1704 2933 1965 3003 πόλεμον.

381 3017 637 3081 θέλοντες
674 3018 749 3088 μὴ
782 3017 1085 3072 ὑπακούειν
1110 3020 1314 3084 αὐτῶν,
1342 3021 1436 3074 καὶ
1466 3021 1565 3085 τὰς
1598 3023 1710 3076 τῶν
1748 3023 1823 3095 μὴ
1850 3042 1969 3079 πει-

387 3109 633 3179 θομένων
657 3109 850 3179 κώμας
892 3109 1291 3180 ἐμπιπρῶντες
1337 3112 1669 3185 διέφθειρον.
1694 3114 1882 3186 Σύρων
1907 3116 1967 3169 δέ

384 3201 485 3255 καὶ
545 3202 822 3257 Ἰουδαίων
868 3201 970 3272 τὴν
1005 3202 1352 3274 Καισάρειαν
1403 3202 1721 3268 οἰκούντων,
1756 3206 1806 3258 οί
1865 3205 1967 3276 μὲν

395 3295 640 3348 Ἰουδαῖοι
669 3283 978 3366 πρωτεύειν
1015 3292 1226 3364 ἠξίουν,
1257 3292 1336 3356 ὡς
1392 3292 1638 3362 Ἡρώδου
1686 3293 1782 3348 τοῦ
1813 3297 1966 3364 σφῶν

386 3382 654 3455 βασιλέως
705 3383 805 3454 τὴν
861 3383 1019 3436 πόλιν
1074 3382 1416 3454 ἐγείραντος·
1473 3383 1835 3455 Σύροιδέτά
1866 3386 1968 3456 μὲν

387 3477 522 3548 περὶ
544 3477 636 3530 τὸν
668 3475 917 3548 Ἡρώδην
937 3475 1278 3545 ὡμολόγουν,
1297 3475 1510 3546 ἔφασαν
1536 3476 1593 3531 δέ
1623 3477 1718 3532 καὶ
1749 3477 1966 3549 πρώην,

385 3572 546 3626 πόλιν
569 3565 712 3625 εῖναι
743 3569 1066 3640 Στράτωνος
1090 3569 1440 3640 καλουμένην
1473 3569 1712 3641 πύργον,
1736 3571 1830 3625 καὶ
1858 3589 1966 3642 μη-

383 3663 515 3717 δένα
538 3662 658 3715 τότε
685 3660 786 3732 τὴν
816 3661 974 3714 πόλιν
999 3658 1262 3713 Ἰουδαῖον
1291 3661 1485 3714 οἰκεῖν.
1519 3661 1623 3714 Διά
1653 3661 1829 3716 ταῦτα
1857 3662 1968 3716 τοί-

383 3771 483 3808 νυν
511 3753 620 3806 τῶν
675 3751 1008 3822 Καισαρέων
1058 3752 1484 3819 στασιαζόντων,
1538 3753 1588 3806 οἰ
1622 3752 1726 3823 τῆς
1780 3752 1969 3825 χώρας

382 3841 812 3914 ἐπιμελούμενοι
854 3843 1090 3912 πληγαῖς
1127 3843 1256 3905 τοὺς
1301 3841 1510 3906 αἰτίους
1560 3843 1844 3914 ᾐκίσαντο,
1873 3843 1968 3898 καὶ

383 3936 526 4006 πρὸς
557 3935 742 4004 ὀλίγον
768 3936 860 3989 τὸν
916 3934 1152 4006 θόρυϐον
1200 3935 1620 4005 κατεκοίμισαν.
1655 3935 1879 4004 Πλούτῳ
1907 3936 1964 3990 δέ

383 4027 498 4081 τῶν
529 4026 716 4098 Σύρων
764 4027 816 4080 οἰ
859 4027 1109 4081 Ἰουδαῖοι
1166 4027 1522 4096 προέχοντες,
1551 4027 1648 4080 καὶ
1685 4027 1776 4082 διὰ
1807 4027 1967 4081 τοῦτο

384 4121 863 4192 καταφρονοῦντες
911 4119 1114 4184 αὐτῶν,
1143 4118 1536 4189 ἐϐλασφήμουν
1563 4117 1786 4182 αὐτούς.
1816 4119 1880 4172 Οἰ
1909 4119 1967 4173 δὲ

385 4213 640 4286 χρήμασι
674 4211 774 4282 μὲν
795 4207 1128 4280 ἡττώμενοι,
1158 4207 1496 4288 θαρροῦντες
1517 4208 1574 4261 δὲ
1604 4210 1686 4262 ὅτι
1721 4209 1967 4264 πλεῖστοι

384 4307 496 4361 τῶν
522 4304 626 4358 ὑπὸ
659 4301 975 4372 Ῥωμαίους
999 4301 1453 4370 στρατευομένων
1477 4300 1776 4368 Καισαρεῖς
1802 4296 1966 4371 ἦσαν,

390 4398 559 4471 μέχρι
627 4397 731 4465 μέν
781 4409 928 4456 τινος
977 4392 1073 4445 καὶ
1103 4391 1263 4446 αύτοί⁵
1287 4390 1474 4460 λόγοις
1521 4393 1651 4454 τοὺς
1682 4389 1970 4456 Ἰουδαίους

386 4488 715 4562 ἀνθύϐριζον
734 4503 750 4520 ο
780 4482 903 4540 εἶτα
937 4484 1110 4549 λίθοις
1143 4483 1414 4554 ἀλλήλους
1436 4485 1682 4552 ἔϐαλλον,
1712 4485 1818 4550 ἕως
1839 4486 1969 4541 πολ-

385 4582 471 4636 λοὶ
497 4579 822 4651 ἐτρώθησάν
850 4593 912 4631 τε
943 4576 1040 4629 καὶ
1068 4575 1269 4629 ἔπεσον
1297 4575 1696 4647 ἀμφοτέρωθεν
1719 4592 1733 4607 ο
1770 4575 1968 4629 νικῶσι

386 4672 443 4725 δὲ
480 4669 748 4724 Ἰουδαῖοι.
782 4667 840 4720 '0
869 4666 1056 4738 μέντοι
1082 4664 1253 4736 Φήλιξ
1302 4664 1623 4719 παύσασθαι
1666 4666 1793 4727 τοὺς
1828 4666 1968 4719 Ἰου-

388 4762 573 4821 δαίους
611 4758 853 4823 ἐκέλευε,
887 4759 982 4810 καὶ
1015 4757 1090 4826 μὴ
1109 4755 1454 4824 πειθομένοις
1475 4756 1600 4818 τοὺς
1625 4755 1969 4827 στρατιώτας

389 4852 660 4922 ἐπαφίησι
679 4866 696 4883 ·
731 4850 824 4904 καὶ
851 4848 1085 4911 πολλοὺς
1119 4847 1220 4916 μέν
1241 4846 1444 4911 ἀνεῖλε,
1486 4846 1708 4912 πλείους
1743 4848 1799 4902 δὲ
1825 4847 1968 4911 ζῶν-

388 4962 487 5009 τας
511 4942 769 5012 συνέσχε,
797 4939 892 4993 καὶ
911 4938 1088 5001 οἰκίας
1114 4936 1439 5007 διαρπάζειν
1461 4938 1575 5000 τοῖς
1605 4937 1969 5010 στρατιώταις

388 5034 710 5105 ἐπέτρεψεν.
739 5033 804 5086 Ol
831 5031 888 5084 δὲ
915 5031 1026 5084 τῶν
1055 5029 1332 5084 Ἰουδαίων
1355 5029 1757 5099 ἐπιεικέστεροι
1793 5029 1891 5084 καὶ
1917 5031 1966 5083 οἰ

387 5124 748 5198 προύχοντες,
778 5122 1126 5190 παρεκάλουν
1175 5121 1268 5174 τὸν
1298 5121 1511 5191 Φήλικα
1535 5121 1664 5184 τοὺς
1694 5121 1968 5193 στρατιώ-

381 5235 485 5284 τας
506 5217 975 5281 ἀνακαλέσασθαι,
1001 5217 1098 5270 καὶ
1128 5215 1419 5287 φείσασθαι
1450 5216 1654 5281 αὐτῶν,
1692 5216 1877 5270 δοῦναί
1901 5233 1962 5269 τε
1995 5237 2042 5298 9

385 5314 480 5368 ἐπὶ
505 5314 622 5374 τοῖς
651 5309 1070 5382 πεπραγμένοις
1095 5309 1407 5380 μετάνοιαν.
1435 5311 1545 5363 Καὶ
1570 5310 1598 5363 ό
1619 5309 1789 5379 Φήλιξ
1812 5307 1964 5362 ἐπεί-

388 5403 514 5476 σθη.
565 5403 626 5458 Ὀ
649 5403 707 5456 δὲ
736 5402 989 5474 βασιλεὺς
1012 5401 1328 5473 Ἀγρίππας
1352 5400 1538 5457 δίδωσι
1566 5401 1668 5471 τὴν
1694 5402 1964 5472 ἀρχιερω-

389 5493 557 5565 σύνην
590 5492 822 5564 Ἰσμαὴλ
848 5491 949 5562 υἱῷ
967 5492 1063 5545 τοῦ
1085 5492 1277 5547 Φαϐεί.
1309 5493 1513 5564 Ἐσχον
1536 5491 1595 5545 δὲ
1619 5492 1759 5564 πρὸς
1789 5491 1960 5560 ἀλλή-

387 5585 516 5651 λους
562 5585 765 5658 ἔχθραν
792 5584 847 5639 οἴ
870 5600 932 5637 τε
960 5584 1243 5655 ἀρχιερεῖς
1269 5585 1369 5638 σὺν
1413 5587 1527 5650 τοῖς
1563 5585 1800 5656 πρώτοις
1852 5583 1964 5636 τῶν

463 5844 575 5910 ('15)
607 5843 992 5910 Αἰνόϐαρϐος.
1023 5843 1179 5901 Coll).
1213 5843 1504 5910 θάοἵαοος.

1994 2549 2044 2609 Β

2068 1295 2292 1367 adepto,
2340 1316 2430 1357 res
2459 1301 2703 1360 Iudaicae
2741 1306 3093 1362 continenter
3140 1307 3195 1362 in
3235 1306 3481 1364 deterius
3511 1318 3644 1364 sunt

2067 1394 2378 1464 prolapsas,
2425 1398 2712 1467 provincia
2756 1399 3065 1456 latrociniis
3125 1409 3184 1455 et
3248 1401 3650 1468 impostoribus

2067 1486 2330 1554 populum
2381 1487 2774 1545 seducentibus
2833 1491 3061 1561 repleta,
3137 1507 3378 1562 quorum
3438 1493 3646 1549 multos

2068 1572 2222 1630 Felix
2273 1576 2497 1631 sustulit
2529 1593 2544 1631 :
2572 1578 2667 1648 qui
2713 1579 2965 1634 Jonathae
3016 1579 3266 1650 pontifici
3301 1577 3372 1633 ob
3420 1579 3648 1633 crebras

2068 1667 2210 1737 ejus,
2259 1678 2319 1722 ut
2352 1667 2596 1724 Judaeam
2634 1669 2834 1727 melius
2874 1671 3254 1742 gubernaret,
3303 1669 3647 1724 admonitiou

2066 1774 2168 1814 nes
2201 1758 2470 1826 infensus,
2521 1762 2869 1817 occasionem
2915 1771 3024 1816 tam
3059 1761 3278 1817 molesti
3324 1761 3644 1831 interpella-

2069 1851 2208 1907 toris
2262 1852 2491 1907 tollendi
2541 1853 2882 1923 quaeritans,
2930 1862 3089 1911 curat
3123 1862 3186 1908 ut
3237 1853 3487 1907 latrones
3543 1867 3645 1922 per

2068 1939 2306 2011 speciem
2337 1940 2643 2009 adorandi,
2677 1942 2853 1998 turba:
2880 1942 3167 1997 hominum
3212 1940 3268 1995 in
3306 1941 3511 2010 templo
3535 1941 3644 1996 im-

2069 2032 2240 2098 misti,
2275 2033 2418 2088 sicas
2459 2032 2564 2089 sub
2587 2034 2837 2090 vestibus
2868 2043 3175 2106 gestantes,
3216 2032 3511 2088 Ionatham
3546 2047 3644 2088 oc-

2068 2123 2275 2180 cidant.
2305 2123 2424 2191 Quo
2461 2124 2704 2182 facinore
2753 2142 2865 2181 non
2909 2125 3210 2191 vindicato,
3260 2125 3447 2181 sicarii
3507 2125 3647 2180 citra

2069 2225 2276 2271 metum
2327 2216 2521 2272 urbem
2590 2217 2846 2290 ingressi,
2884 2229 3001 2274 tum
3042 2234 3175 2274 suos
3238 2229 3354 2273 tum
3408 2218 3646 2273 aliorum

2069 2306 2323 2360 inimicos
2349 2307 2603 2363 mercede
2639 2317 3014 2378 peremerunt.
3050 2307 3132 2364 Ad
3177 2309 3295 2364 haec
3341 2308 3646 2380 praestigia-

2073 2405 2222 2452 tores
2260 2406 2318 2453 et
2346 2397 2675 2468 impostores
2709 2399 2886 2454 turbae
2918 2409 3351 2469 persuaserunt,
3389 2408 3454 2454 ut
3486 2415 3546 2456 se
3588 2399 3647 2454 in

2071 2487 2190 2543 loca
2222 2489 2442 2545 deserta
2482 2500 2872 2560 sequerentur,
2905 2491 3185 2547 evidentia
3219 2493 3372 2563 signa
3392 2499 3449 2547 et
3485 2491 3651 2545 mira-

2071 2580 2194 2635 cula
2232 2579 2501 2636 divinitus
2551 2581 2700 2636 edita
2731 2589 3057 2638 ostensuros
3090 2601 3105 2638 :
3138 2598 3379 2653 quorum
3438 2580 3647 2636 multos

2069 2669 2223 2725 Felix
2259 2671 2549 2741 suppliciis
2573 2671 2778 2728 affecit.
2810 2672 3082 2729 Latrones
3129 2689 3263 2728 vero
3311 2673 3532 2744 plebem
3575 2672 3645 2726 ad

2067 2763 2273 2817 bellum
2302 2763 2586 2830 Romanis,
2629 2764 2833 2834 quibus
2863 2779 3060 2835 parere
3099 2765 3509 2829 detrectabant,
3547 2764 3640 2819 in-

2066 2852 2358 2909 ferendum
2408 2855 2760 2910 concitabant
2793 2872 2806 2908 :
2838 2871 3142 2928 eorumque
3189 2871 3379 2928 pagosT
3427 2857 3527 2927 qui
3554 2871 3651 2926 pa-

2068 2962 2196 3003 rere
2241 2947 2474 3011 nollent.
2533 2947 2931 3003 incendebant.
2984 2947 3251 3004 Caesareae
3279 2962 3433 3012 vero,
3474 2962 3643 3018 quam

2066 3038 2243 3096 Judaei
2276 3046 2331 3094 et
2371 3037 2492 3108 Syri
2532 3037 2655 3093 inco
2690 3038 2894 3104 lebant,
2934 3039 3301 3109 principatum
3337 3037 3510 3094 Judaei
3542 3038 3648 3094 hac

2070 3123 2282 3180 ratione
2313 3123 2421 3179 sibi
2447 3123 2820 3189 vindicabant,
2839 3123 2986 3194 quod
3017 3138 3136 3179 eam
3169 3122 3365 3178 urbem
3400 3121 3648 3178 Herodes

2067 3230 2164 3270 rex
2181 3228 2316 3269 suus
2345 3213 2731 3270 instaurasset.
2750 3212 2906 3279 Quod
2934 3212 3037 3268 etsi
3069 3212 3476 3268 confitebantur
3491 3211 3644 3282 Syri,

2069 3314 2253 3360 tamen
2295 3304 2449 3374 prius
2465 3319 2684 3374 quoque
2718 3304 2912 3360 urbem
2931 3303 3102 3359 fuisse
3130 3303 3405 3358 Stratonis
3426 3312 3635 3357 turrem

2067 3397 2410 3460 asserebant,
2435 3396 2656 3452 nemine
2681 3404 2795 3450 tum
2815 3396 2891 3452 ibi
2922 3396 3116 3453 Iudaeo
3134 3396 3390 3469 degente.
3428 3396 3544 3451 Hac
3575 3395 3647 3451 de

2068 3503 2234 3544 causa
2247 3487 2678 3545 Caesariensibus
2698 3488 3163 3544 tumultuantibus
3187 3487 3485 3558 provincize
3502 3501 3645 3557 prae-

2067 3581 2237 3645 sides,
2264 3579 2518 3637 sontibus
2540 3579 2726 3650 flagris
2755 3579 2930 3645 caesis,
2961 3581 3257 3636 tumultum
3279 3579 3530 3634 nonnihil
3563 3593 3648 3634 re-

2067 3679 2412 3742 presserunt.
2426 3669 2695 3727 Caeterum
2707 3671 2904 3740 Judaei,
2920 3673 3116 3741 opibus
3135 3673 3467 3742 superiores,
3482 3670 3652 3743 Syros

2067 3761 2522 3828 contemnebant,
2541 3761 2876 3818 etconvitiis
2909 3762 3280 3818 incessebant.
3309 3763 3396 3818 Illi
3427 3779 3560 3818 vero
3590 3770 3650 3819 ut

2067 3852 2274 3916 minus,
2290 3851 2526 3922 pecunio
2543 3851 2612 3919 si,
2627 3851 2702 3907 ita
2715 3867 2782 3906 eo
2796 3850 2946 3914 freti,
2963 3853 3107 3921 quod
3127 3852 3653 3924 plurimiCaasarien-

2071 3956 2161 3998 ses
2174 3942 2278 3998 sub
2301 3942 2562 3997 Romanis
2576 3941 2851 4012 stipendia
2871 3952 3174 4006 mererent,
3196 3944 3516 4012 aliquandiu
3529 3958 3653 4001 ver-

2070 4033 2268 4089 borum
2287 4033 2650 4090 contumelias
2677 4033 2732 4087 in
2765 4034 2986 4090 Iudaeos
3023 4044 3391 4105 regesserunt.
3423 4035 3556 4090 Inde
3580 4035 3650 4090 ad

2067 4123 2281 4194 lapides
2296 4131 2544 4190 ventum,
2558 4123 2737 4180 donec
2748 4125 3006 4195 utrinque
3026 4123 3185 4178 mulli
3199 4123 3470 4178 vulnerati
3485 4124 3653 4195 289

2067 4222 2220 4276 sunt,
2278 4212 2438 4267 multi
2491 4215 2911 4278 occubuerunt,
2956 4214 3196 4268 victoria
3235 4221 3418 4267 tamen
3477 4229 3651 4283 penes

2067 4303 2290 4359 Iudaeos
2319 4303 2445 4358 fuit.
2475 4302 2628 4370 Quos
2659 4319 2784 4358 cum
2811 4304 2965 4359 Felix
3005 4303 3212 4358 frustra
3239 4303 3546 4359 monuisset
3589 4312 3650 4357 ut

2069 4394 2392 4451 desinerent
2442 4409 2456 4446 ε
2509 4395 2780 4451 militibus
2848 4395 3111 4450 immissis
3162 4395 3367 4449 multos
3420 4395 3645 4460 occidit,

2069 4489 2258 4560 plures
2291 4489 2445 4544 vivos
2495 4488 2940 4558 comprehendit,
2983 4502 3293 4556 eorumque
3326 4487 3519 4541 domos
3559 4487 3648 4541 di-

2069 4579 2177 4650 ripi
2229 4581 2418 4651 jussit.
2480 4579 2588 4636 Sed
2634 4581 2730 4643 qui
2782 4579 3180 4634 moderatiores
3228 4579 3374 4634 inter
3419 4579 3642 4634 Judaeos

2071 4679 2252 4731 erant.
2285 4670 2356 4724 ab
2401 4670 2496 4724 illo
2529 4669 2794 4740 precibus
2826 4671 3217 4740 impetrarunt,
3265 4679 3324 4723 ut
3376 4669 3649 4724 revocatis

2071 4762 2344 4817 militibus
2372 4761 2576 4831 populo
2628 4771 2905 4831 parceret,
2951 4761 3284 4816 delictorum
3311 4761 3476 4815 venia
3512 4777 3649 4816 con-

2071 4868 2248 4908 cessa.
2281 4853 2520 4923 Agrippa
2545 4867 2642 4908 rex
2669 4853 3050 4922 pontificatum
3081 4852 3298 4908 lsmaeli
3335 4852 3490 4907 Fabii
3536 4852 3650 4906 ﬁlio

2071 4941 2246 4998 dedit.
2277 4942 2416 4998 Cum
2464 4949 2650 4996 autem
2686 4942 2832 4996 inter
2883 4943 3177 5012 pontifices
3223 4951 3280 4997 et
3333 4942 3649 4997 sacerdotes

2072 5040 2240 5100 atque
2271 5031 2482 5100 primos
2511 5030 2750 5086 civitatis
2799 5029 3310 5102 Hierosolymitame
3345 5031 3648 5085 inimicitia:

2073 5121 2502 5188 intercederent,
2537 5131 2594 5178 et
2645 5123 2908 5178 conviciis
2934 5131 2992 5178 et
3035 5123 3314 5194 lapidibus
3345 5133 3428 5177 est
3469 5130 3644 5176 certo-

2071 5221 2210 5276 tum,
2261 5228 2444 5284 neque
2484 5214 2581 5284 qui
2634 5228 2731 5270 eos
2769 5215 3105 5284 castigaret,
3165 5223 3262 5268 aut
3314 5213 3647 5268 seditionem

2073 5313 2373 5376 premeret,
2404 5307 2698 5377 quisquam
2742 5305 2868 5362 fuit.
2926 5305 3006 5359 Ac
3038 5303 3327 5372 pontifices
3368 5319 3436 5358 eo
3467 5304 3647 5372 impu-

2071 5396 2275 5452 dentiae
2312 5408 2442 5452 sunt
2476 5397 2776 5467 progressi,
2831 5405 2894 5451 ut
2935 5395 3205 5451 ministris
3248 5396 3367 5450 suis
3399 5393 3453 5448 in
3485 5407 3648 5447 arcas

2071 5489 2290 5557 missis,
2363 5489 2609 5545 decimas
2660 5489 3042 5544 sacerdotibus
3099 5488 3316 5544 debitas
3361 5494 3642 5556 raperent.

2073 5580 2230 5638 Unde
2256 5581 2580 5638 sacerdotes
2622 5579 2905 5650 tenuiores
2933 5580 3002 5636 ad
3059 5587 3358 5652 egestatem
3407 5577 3643 5647 redacti,
3685 5633 3690 5639 _

1579 5723 1784 5788 Variae
1825 5717 2135 5788 lectiones
2173 5727 2234 5784 ct
2277 5725 2466 5782 notae.
