4074 6406
351 420 457 482 501

1621 416 1950 478 JOANNIS
1992 412 2317 473 ΖΟΝΛΒΕ

3515 395 3620 465 508

350 531 497 588 fame
528 534 840 603 perierunt.
873 530 1072 588 Porcio
1106 529 1270 586 Festo
1305 544 1332 584 ο
1360 528 1576 584 Nerone
1610 529 1777 584 Felici
1807 543 1933 583 suc-

2051 523 2527 596 Ἰεροσολυμιτῶν,
2568 524 2662 578 καὶ
2693 518 3058 590 ἐκακολόγουν
3091 516 3381 588 ἀλλήλους,
3415 517 3514 568 καὶ
3546 515 3624 568 λίο

351 640 573 680 cessore
594 625 745 692 dato,
774 626 948 681 Judaei
970 624 1348 681 Caesarienses
1376 624 1612 679 Felicem
1654 621 1799 692 apud
1832 621 1939 676 im-

352 724 666 787 peratorem
719 725 1053 772 accusarunt
1084 732 1097 766 :
1140 733 1205 774 ac
1238 715 1482 773 dedisset
1509 715 1600 769 ille
1652 714 1791 768 forte
1823 729 1938 783 pm-

351 821 454 861 nas
479 808 834 878 injuriarum,
879 809 986 864 nisi
1049 808 1224 865 frater
1253 810 1373 879 ejus
1398 808 1600 871 Pallas,
1632 806 1726 876 qui
1758 806 1936 875 gratia

353 897 587 953 multum
617 900 855 964 valebat,
888 901 1127 956 Neronis
1178 902 1313 955 iram
1351 900 1681 971 mitigasset.
1736 897 1843 953 Sed
1880 904 1938 950 et

352 983 726 1045 Czesarienses
756 989 877 1061 Syri
911 990 1126 1062 Beryllo
1158 991 1399 1045 Neronis
1434 989 1727 1060 paedagogo
1770 1003 1937 1056 pecu.

352 1075 443 1129 nia
466 1078 780 1144 conciliato,
831 1081 1047 1136 litteras
1091 1083 1475 1151 impetrarunt,
1504 1079 1707 1149 quibus
1731 1078 1937 1134 ludatis

352 1168 563 1235 aequale
591 1169 680 1238 jus
711 1168 1075 1226 Cwsariensis
1121 1171 1363 1226 civitatis
1387 1170 1752 1224 adimebatur.
1779 1167 1936 1223 Unde

355 1256 495 1308 mala
522 1272 645 1326 qua!
692 1271 911 1330 gentem
965 1274 1089 1331 post
1125 1269 1549 1331 oppresserunt,
1597 1267 1783 1312 ortum
1840 1255 1937 1310 ha-

355 1342 549 1400 buere.
588 1346 671 1403 Ob
701 1365 797 1404 eas
817 1353 966 1405 enim
995 1352 1211 1407 litteras
1240 1351 1413 1407 Judaei
1444 1350 1778 1407 seditionem
1802 1363 1939 1402 con-

354 1441 438 1486 tra
473 1434 642 1507 Syros
662 1442 837 1510 magis
868 1450 1148 1508 urscrunt,
1186 1442 1363 1496 donec
1394 1441 1595 1495 bellum
1629 1438 1859 1494 exarsit.

2048 616 2162 678 θοις
2193 616 2444 679 ἔϐαλλον,
2481 616 2576 671 καὶ
2605 619 2633 671 6
2673 616 2991 686 επιπλήξων
3033 615 3126 667 καὶ
3154 614 3255 683 τὴν
3287 613 3480 664 στάσιν
3517 627 3628 663 κω-
3692 680 3695 685 η

2045 707 2227 760 λύσων
2277 709 2378 761 οὐκ
2426 703 2516 779 ἦν.
2562 708 2652 771 Ἐς
2692 708 2948 761 τοσοῦτον
2977 706 3025 759 οἱ
3067 705 3347 775 ἀρχιερεῖς
3379 702 3629 772 ήναιδεύ-

2047 813 2228 863 amco,
2265 797 2464 860 ὡς’καὶ
2516 800 2757 869 πέμπειν
2811 800 2904 852 ἐπὶ
2948 800 3048 860 τὰς
3103 798 3344 859 ἅλωνας.
3405 794 3501 847 καὶ
3536 793 3631 865 βίᾳ

2043 888 2346 957 λαμϐάνειν
2383 890 2484 954 τὰς
2530 893 2643 953 τοῖς
2677 892 2917 959 ἱερεῦσιν
2973 887 3335 957 ὀφειλομένας
3367 885 3626 951 δεκάτας,

2040 980 2164 1032 ὅθεν
2198 981 2250 1033 oi
2294 981 2491 1051 ἄποροι
2536 982 2647 1035 τῶν
2677 983 2867 1050 ἱερέων
2899 981 2992 1033 ὑπ’
3018 980 3225 1041 ἐνδείας
3255 977 3628 1047 ἀπέθνησκον.

2046 1071 2281 1140 Πορκίου
2303 1072 2358 1125 δὲ
2392 1075 2602 1143 Φήστου
2626 1075 2730 1127 ὑπὸ
2757 1075 3008 1143 Νέρωνος
3040 1074 3331 1133 σταλέντος
3374 1072 3628 1140 διαδόχου

2037 1162 2117 1226 τῷ
2139 1164 2354 1233 Φήλικι,
2389 1168 2440 1218 οἱ
2474 1167 2780 1238 Καισαρεῖς
2840 1167 3088 1221 Ἰουδαῖοι
3120 1165 3511 1235 κατηγόρησαν
3534 1161 3629 1214 τοῦ

2037 1255 2274 1325 Φήλικος
2308 1259 2460 1328 παρὰ
2492 1258 2708 1330 Νέρωνι
2728 1274 2743 1289 ⁸
2776 1260 2871 1311 καὶ
2903 1259 3042 1329 τάχα
3069 1259 3136 1313 ἂν
3162 1259 3310 1310 ἔτισε
3333 1256 3489 1319 δίκας
3520 1254 3632 1307 τῶν

2040 1348 2121 1409 είς
2156 1350 2354 1413 αὐτοὺς
2389 1351 2771 1424 ἀδικημάτων,
2806 1355 2855 1405 εἰ
2886 1354 2962 1424 μὴ
2988 1352 3205 1414 Πάλλας
3233 1353 3261 1405 6
3283 1349 3514 1416 ἀδελφὸς
3536 1350 3633 1400 αἰ-

2039 1439 2133 1492 τοῦ
2172 1441 2318 1510 μέγα
2344 1442 2648 1515 δυνάμενος
2674 1444 2828 1516 παρά
2857 1445 3097 1515 Νέρωνι,
3129 1443 3229 1515 τὴν
3256 1440 3423 1495 αὐτοῦ
3460 1438 3632 1510 ὀργὴν

352 1535 736 1607 παρῃτήσατο.
770 1537 876 1591 Καὶ
892 1540 1016 1593 οίὲν
1050 1541 1363 1611 Καισαρείᾳ
1385 1540 1441 1592 δὲ
1500 1536 1665 1608 Σύροι
1736 1531 2017 1604 Βήρυλλον
2054 1534 2148 1587 τὸν
2184 1535 2436 1606 Νέρωνος
2490 1540 2845 1609 παιδαγωγὸν
2887 1539 3280 1608 δεξιωσάμενοι
3329 1536 3631 1606 χρήμασιν,

350 1620 645 1697 άπιστολήν
678 1631 1000 1699 κομίζονται
1038 1637 1317 1705 Καίσαρος
1360 1629 1621 1688 διἀύτοῦ
1681 1631 1781 1698 τήν
1829 1627 2093 1679 Ἰουδαίαν
2163 1629 2529 1684 ἰσοπολιτείαν
2592 1636 2705 1696 τοῖς
2764 1636 2822 1686 ὲν
2851 1632 3161 1703 Καισαρείᾳ
3195 1628 3389 1696 Σύρος
3420 1626 3633 1692 ἄκυρον

350 1716 784 1788 ἀποφαίνουσαν,
816 1725 873 1791 ἐξ
906 1721 972 1798 ἦς
1000 1726 1069 1780 τά
1109 1730 1249 1795 μετὰ
1272 1727 1447 1781 ταῦτα
1477 1723 1624 1778 κακά
1673 1720 1751 1792 τῷ
1790 1719 1936 1772 ἔθνει
1973 1717 2247 1787 ἐφύησαν.
2304 1724 2406 1776 Διά
2456 1723 2665 1794 ταύτην
2733 1725 2844 1796 γάρ
2908 1724 3010 1797 τὴν
3062 1720 3356 1791 ἐπιστολήν
3383 1715 3634 1771 Ἰουδαίει

354 1811 490 1880 πρὸς
515 1815 641 1877 τοὺς
670 1816 879 1885 Σύρους
928 1819 1131 1889 μᾶλλον
1175 1822 1424 1883 στάσεως
1471 1820 1702 1889 είχοντο,
1740 1815 1935 1883 μέχρις
1976 1808 2042 1862 ἂν
2070 1812 2287 1885 ἀνήφθη
2314 1817 2343 1869 ὁ
2376 1817 2638 1888 πόλεμος.
2708 1848 2713 1853 ⁴

426 1906 591 1962 Χνιι.
624 1908 822 1965 Festus
848 1920 1034 1967 autem
1063 1912 1310 1968 Judaeam
1348 1911 1655 1967 latrociniis
1684 1909 1938 1964 alIlictam

2120 1903 2221 1961 IZ'.
2243 1908 2452 1978 Φῆστος
2479 1908 2539 1963 δὲ
2575 1909 2659 1974 είς
2687 1908 2788 1981 τήν
2835 1906 3100 1963 Ἰουδαίαν
3129 1904 3324 1969 ἐλθὼν,
3356 1903 3634 1973 κακουμέ-

355 1997 583 2065 reperit.
612 1996 746 2051 Nam
773 1997 967 2054 Sicarii
990 2000 1137 2056 aucti
1162 2017 1420 2067 numero,
1443 1999 1942 2066 ensiculosjcurvos

357 2094 660 2159 gestantes,
696 2089 753 2144 in
777 2089 1174 2146 festivitatibus
1230 2092 1438 2163 populo
1480 2092 1744 2154 immisti,
1780 2089 1940 2145 facile

358 2192 500 2248 quos
537 2177 759 2233 libitum
786 2191 910 2235 erat
960 2180 1335 2251 perimebant,
1372 2196 1658 2253 pagosque
1707 2190 1762 2235 et
1801 2180 1943 2234 diri-

356 2271 585 2342 piebant
616 2279 674 2327 et
725 2272 1118 2330 incendebant.
1165 2275 1337 2331 Porro
1390 2289 1517 2331 cum
1563 2274 1939 2345 praestigiator

355 2363 580 2433 quidam
603 2364 837 2420 salutem
876 2365 943 2421 iis
975 2367 1358 2435 polliceretur,
1383 2369 1479 2438 qui
1523 2384 1582 2423 sc
1644 2383 1819 2438 usque
1870 2367 1940 2422 ad

355 2452 638 2508 desertum
670 2455 923 2510 comitari
950 2457 1157 2511 vellent
1190 2468 1202 2503 :
1234 2457 1428 2513 Festus
1451 2466 1507 2513 et
1532 2458 1737 2530 ipsum,
1764 2465 1821 2512 et
1845 2472 1942 2513 cos

354 2559 495 2615 quos
524 2547 841 2613 seduxerat,
890 2550 1068 2619 copiis
1101 2549 1370 2605 immissis
1410 2550 1713 2607 interfecit.
1737 2552 1938 2623 Agrip-

353 2652 479 2707 pam
509 2654 642 2693 vero
675 2656 860 2711 regem
882 2658 951 2697 cx
983 2658 1182 2714 magno
1208 2643 1494 2700 domicilio
1517 2645 1668 2715 quod
1708 2648 1764 2701 in
1789 2646 1940 2717 regia

352 2730 674 2797 mdiiicarat,
710 2735 979 2804 quidquid
1022 2736 1078 2791 in
1114 2738 1320 2808 templo
1357 2748 1619 2809 ageretur
1661 2747 1937 2810 spectare,

352 2821 504 2877 cives
527 2841 670 2895 aegre
714 2824 976 2893 ferentes,
1039 2844 1259 2884 murum
1303 2837 1652 2894 struxerunt,
1684 2846 1796 2901 quo
1830 2845 1939 2885 non

349 2923 570 2971 tantum
602 2918 764 2989 regia:
783 2931 1143 2990 conspectus,
1170 2922 1266 2976 sed
1295 2932 1351 2978 et
1381 2924 1745 2979 occidentalis
1769 2924 1944 2994 porti-

351 3023 474 3073 cus,
508 3010 600 3065 ubi
646 3010 878 3067 Romani
912 3023 1138 3083 pr0pter
1163 3014 1429 3085 templum
1457 3015 1513 3070 in
1541 3015 1943 3074 festivitatibus

352 3101 640 3158 custodias
697 3103 1030 3170 habebant,
1106 3105 1590 3178 intercipiebatur.
1663 3108 1722 3163 ld
1796 3125 1941 3181 aegre

2045 2015 2144 2065 νην
2176 1999 2384 2071 ταύτην
2409 1996 2571 2072 εὗρεν
2597 2003 2705 2057 ὑπὸ
2732 2003 2969 2076 λῃστῶν.
3005 2001 3119 2056 Kal
3160 2000 3210 2054 οί
3245 2000 3491 2069 Σικάριοι
3521 1998 3633 2067 γὰρ

2043 2092 2376 2162 καλούμενοι
2408 2096 2640 2167 (λῃσταὶ
2660 2096 2719 2150 δι
2753 2095 2845 2149 καὶ
2873 2090 3021 2150 οὗτοι
3045 2090 3226 2165 ἦσαν)
3272 2092 3393 2145 τότε
3428 2092 3634 2160 μᾶλλον

2042 2186 2121 2249 είς
2146 2184 2354 2256 πλῆθος
2385 2190 2748 2260 συνέστησαν,
2782 2188 3064 2259 χρώμενοι
3103 2186 3357 2258 ξιφιδίοις
3384 2187 3634 2255 ἐπικαμο

2043 2279 2193 2342 πέσι,
2229 2282 2322 2335 καὶ
2365 2282 2571 2351 ὁμοίως
2608 2285 2733 2347 ταῖς
2784 2282 2891 2336 ὑπὸ
2937 2280 3229 2351 Ῥωμαίων
3264 2279 3634 2349 καλουμέναις

2044 2372 2251 2439 σίκαις,
2283 2373 2379 2442 ἀφ’
2410 2368 2485 2428 ὧν
2506 2375 2603 2429 καὶ
2625 2352 2894 2446 Σικάριοί
2912 2374 3323 2445 ὠνομάσθησαν
3343 2388 3357 2401 ·
3409 2370 3461 2425 οἳ
3490 2370 3635 2425 κατά

2041 2468 2140 2529 τάς
2164 2466 2358 2537 ἑορτάς
2387 2466 2466 2537 τῷ
2499 2466 2696 2538 πλήθει
2721 2465 3185 2537 ἀναμιγνύμενοι,
3216 2464 3310 2526 οὓς
3345 2463 3636 2516 ἐϐούλοντο

2044 2555 2244 2627 ῥᾳδίως
2276 2556 2651 2625 ἀπέσφαττον,
2672 2556 2892 2619 καὶτὰς
2923 2553 3121 2625 κώμας
3154 2551 3212 2606 δὲ
3238 2549 3544 2621 διήρπαζόν
3569 2564 3633 2599 τε

2044 2650 2139 2701 καὶ
2171 2649 2622 2720 ενεπίμπρασαν.
2660 2649 2880 2719 Πέμπει
2914 2647 2973 2701 δὲ
3016 2648 3229 2717 Φῆστος
3270 2645 3504 2714 δύναμιν
3539 2642 3636 2697 ἐπὶ

2041 2736 2169 2797 τοὺς
2192 2737 2582 2806 ἀπατηθέντας
2604 2737 2712 2791 ὑπό
2728 2754 2877 2800 τινος
2897 2736 3115 2807 γόητος,
3146 2736 3424 2806 σωτηρίαν
3456 2736 3636 2801 ἑπαγ-

2041 2827 2370 2901 γελλομένου
2401 2832 2516 2895 τοῖς
2559 2830 2792 2884 ἕπεσθαι
2819 2828 3039 2884 θέλουσι
3069 2828 3232 2900 μέχρι
3259 2828 3358 2898 τῆς
3388 2827 3634 2896 ἐρημίας

2042 2918 2217 2991 αὐτῷ,
2250 2921 2505 2976 κάκεῖνόν
2530 2939 2590 2975 τε
2612 2922 2706 2976 τὸν
2727 2920 3029 2978 ἀπατεῶνα
3057 2920 3155 2973 καὶ
3178 2919 3307 2982 τοὺς
3331 2918 3634 2988 ἀκολουθή-

2043 3028 2245 3075 σαντας
2275 3013 2327 3066 oi
2358 3012 2705 3083 πεμφθέντες
2736 3012 3076 3081 διέφθειραν.
3122 3011 3182 3066 '0
3220 3010 3411 3079 μέντοι
3468 3013 3632 3079 βασι-

2041 3104 2169 3168 λεὺς
2192 3102 2510 3178 Ἀγρίππας
2535 3105 2659 3177 οῐκη
2670 3108 2748 3176 μά
2768 3122 2821 3159 τι
2848 3104 2995 3175 μέγα
3021 3104 3407 3173 δομησάμενος
3435 3104 3496 3156 ιν
3516 3104 3633 3164 τοῖς

353 3193 618 3263 Agrippa,
666 3191 865 3250 Festus
896 3197 1100 3266 aegrius
1126 3197 1275 3262 tulit,
1324 3213 1388 3253 ac
1440 3214 1660 3254 murum
1714 3199 1938 3256 diruere

2047 3196 2343 3268 βασιλείοις
2393 3199 2607 3253 ἐκεῖθεν
2667 3197 2863 3252 ἐθεᾶτο
2909 3197 2978 3251 τά
3007 3199 3066 3251 ὲν
3091 3195 3169 3266 τῷ
3201 3194 3335 3266 ίερῷ
3367 3192 3628 3265 ἐνεργού-

353 3259 550 3340 νὸιυίιῖ
608 3285 714 3342 Sed
779 3259 974 3359 rogatu
1031 3259 1451 3362 civium'290
1497 3292 1770 3361 permisit,
1804 3300 1863 3347 ut
1905 3309 1937 3348 ι

2047 3259 2208 3359 μενα.
2263 3259 2412 3362 Πρὸς
2464 3290 2629 3345 τοῦτο
2680 3290 2728 3346 δ’
2761 3259 3220 3361 ἐχαλέπαινον-σί
3251 3259 3349 3358 της
3396 3259 3627 3349 πόλεως.

352 3378 637 3446 principes
660 3380 807 3434 viros
827 3397 936 3436 una
966 3397 1093 3437 eum
1123 3382 1354 3439 lsmaele
1380 3384 1642 3454 pontiﬁce
1666 3394 1723 3440 et
1750 3385 1940 3442 Helcia

2044 3383 2238 3453 Τοϊχον
2269 3383 2364 3437 οῦν
2392 3383 2720 3456 ἐγείρουσιν,
2769 3383 2830 3447 δς
2857 3384 2921 3438 οὐ
2955 3382 3059 3453 τῆς
3117 3380 3408 3452 βασιλικῆς
3450 3380 3631 3441 οἰκίας

354 3469 602 3525 thesauri
628 3473 860 3528 custode
884 3474 952 3529 ad
982 3475 1262 3530 Neronem
1293 3476 1363 3532 de
1402 3492 1467 3532 ea
1492 3493 1552 3533 re
1580 3477 1938 3549 ablegarent:

353 3561 451 3633 qui
479 3563 534 3617 in
574 3565 806 3635 gratiam
834 3567 1072 3637 Poppea:
1114 3568 1301 3623 uxoris
1330 3584 1433 3639 pro
1464 3569 1670 3626 Iudaeis
1696 3571 1942 3627 interce-

353 3654 558 3720 dentis,
587 3654 882 3711 aediﬁcium
932 3657 986 3712 id
1034 3655 1258 3713 manere
1283 3660 1471 3730 jussit.
1496 3660 1736 3732 Poppzea
1772 3676 1941 3732 porro

354 3745 572 3801 caeteris
592 3746 855 3814 dimissis,
888 3749 1176 3806 lsmaelem
1206 3762 1263 3806 et
1292 3751 1535 3807 llelciam
1562 3752 1787 3808 obsides
1809 3753 1943 3808 reti-

355 3836 500 3891 nuit.
548 3837 672 3904 Quo
719 3840 960 3912 Agrippa
1013 3858 1109 3897 rex
1144 3842 1361 3909 audito,
1393 3844 1633 3916 Josepbo
1669 3846 1942 3902 Decabizo

358 3927 602 3985 Simonis
637 3931 739 3986 viri
776 3934 1056 4003 pontificis
1090 3934 1205 3990 ﬁlio
1240 3974 1256 4001 ,
1283 3936 1490 3992 deinde
1540 3937 1738 3993 eodem
1763 3938 1942 4008 ejecto

354 4022 550 4080 Anano
571 4026 749 4080 Asiani
790 4026 906 4082 lilio
942 4026 1325 4098 pontiﬁcatum
1371 4030 1608 4085 confert.
1664 4030 1714 4086 is
1752 4030 1944 4101 junior

356 4117 587 4172 Ananus
651 4119 976 4188 pontificatu
1014 4132 1295 4191 suscepto,
1346 4123 1512 4178 homo
1558 4121 1844 4178 conlidens
1884 4132 1944 4179 et

358 4210 694 4265 temerarius
721 4251 736 4275 ,
793 4210 956 4267 Festo
985 4222 1209 4269 mortuo
1234 4255 1250 4279 ,
1319 4214 1553 4285 ejusque
1621 4231 1943 4273 successore

353 4300 559 4357 Albino
582 4304 829 4359 nondum
862 4306 917 4360 in
941 4306 1188 4362 Judzcam
1215 4308 1489 4377 proiecto.
1521 4308 1733 4364 indicto
1758 4310 1943 4365 conci-

353 4393 452 4457 lio.
509 4402 571 4449 ut
622 4394 850 4466 Iosephi
910 4397 1096 4454 verbis
1128 4408 1275 4465 utar,
1304 4397 1573 4454 Jacobum
1629 4400 1796 4466 Jesu,
1846 4400 1941 4471 qui

352 4485 610 4543 Christus
642 4488 865 4557 dicitur,
901 4490 1152 4555 fratrem,
1180 4501 1237 4547 et
1257 4491 1397 4547 alios
1427 4492 1699 4563 quosdam
1727 4493 1784 4547 in
1827 4509 1944 4548 mc-

2046 3471 2220 3541 μόνης
2265 3472 2367 3540 τὴν
2416 3473 2621 3543 ἄποψιν
2654 3473 3020 3542 ὑπετέμνετο,
3070 3470 3208 3526 ἀλλά
3237 3475 3330 3525 καὶ
3360 3471 3461 3539 τῆς
3495 3470 3633 3541 πρὸς

2041 3562 2197 3616 δύσιν
2227 3566 2411 3629 στοᾶς,
2468 3564 2599 3619 ἔνθα
2642 3566 2742 3630 τάς
2782 3566 3034 3636 φυλακὰς
3088 3567 3141 3620 οί
3207 3566 3475 3635 Ῥωμαῖοι
3509 3567 3633 3629 ταῖς

2041 3657 2261 3727 ἑορταῖς
2284 3656 2572 3711 ἐποιοῦντο
2598 3657 2688 3712 διά
2717 3658 2779 3713 τὸ
2807 3660 2978 3729 ίερόν.
3021 3660 3149 3713 Ἐπὶ
3172 3658 3385 3721 τούτοις
3414 3657 3632 3728 ήγανά-

2042 3764 2248 3818 κτησεν
2290 3748 2624 3820 Ἀγρίππας,
2651 3750 2749 3802 καὶ
2767 3751 2930 3804 πλέον
2953 3750 2983 3803 ό
3004 3749 3233 3818 Φῆστος,
3256 3749 3353 3802 καὶ
3379 3747 3633 3801 καθελεῖν

2043 3838 2137 3892 τὸν
2183 3839 2364 3909 τοῖχον
2413 3838 2689 3893 ἐϐούλετο.
2743 3841 2809 3893 Οἱ
2837 3841 2896 3893 δι
2928 3840 3323 3912 παρεκάλεσαν
3343 3839 3632 3911 ὲνδοθῆναι

2043 3931 2252 3995 αὐτοῖς,
2272 3931 2538 4002 δεηθῆναι
2567 3931 2665 3987 τοῦ
2694 3933 2995 4004 Καίσαρος.
3030 3934 3137 3987 Καὶ
3172 3934 3634 4005 συγχωρήσαντος

2042 4024 2277 4093 Φήστου,
2320 4023 2601 4094 πέμπουσι
2633 4025 2772 4081 δέκα
2826 4028 2890 4079 ἑκ
2923 4027 3034 4079 τῶν
3087 4025 3323 4099 πρώτων
3360 4026 3497 4097 πρὸς
3526 4025 3636 4080 Νέ-

2047 4131 2218 4184 ρωνα,
2266 4115 2363 4169 καὶ
2414 4116 2649 4189 Ἰσμαὴλ
2682 4117 2773 4172 τὸν
2820 4120 3109 4190 ἀρχιερέα,
3143 4120 3239 4172 καὶ
3286 4119 3508 4174 Ἑλκίαν
3539 4118 3635 4174 τὸν

2042 4206 2424 4275 γαζοφύλακα.
2460 4209 2572 4263 Καὶ
2591 4210 2620 4261 ό
2643 4209 2836 4281 Νέρων
2865 4214 2932 4281 τῇ
2957 4211 3182 4279 γυναικὶ
3200 4211 3464 4281 Ποππαίᾳ
3488 4209 3632 4281 ὑπὲρ

2044 4298 2324 4352 Ἰουδαίων
2357 4299 2589 4375 ἀξιούσῃ
2646 4301 3032 4373 χαριζόμενος,
3083 4301 3374 4355 ἐκέλευσεν
3406 4304 3502 4374 ὲᾷν
3529 4303 3633 4376 τὴν

2042 4395 2360 4466 οἰκοδομήν.
2392 4397 2503 4450 Καὶ
2538 4397 2571 4467 ἡ
2604 4397 2868 4452 Ποππαία
2896 4398 3025 4461 τοὺς
3059 4398 3159 4468 μὲν
3186 4397 3383 4463 ἄλλους
3415 4397 3633 4469 ἀφῆκεν

2045 4490 2394 4554 ἐπανελθεῖν,
2423 4491 2516 4544 τὸν
2543 4489 2599 4543 δὲ
2630 4488 2861 4559 ἰσμαήλ
2878 4490 2973 4543 καὶ
3003 4489 3095 4543 τὸν
3141 4488 3360 4543 Ἑλκίαν
3394 4490 3633 4562 κατέσχε

353 4579 507 4635 dium
532 4582 854 4650 productos,
881 4584 1208 4639 violatarum
1234 4584 1417 4654 legum
1454 4600 1580 4641 reos
1601 4586 1753 4651 facit,
1777 4594 1833 4641 et
1859 4585 1936 4640 la-

2046 4586 2177 4655 παρ’
2204 4585 2373 4654 ἑαυτῇ
2400 4582 2806 4655 ὁμηρεύοντας.
2842 4582 2952 4636 Καὶ
2981 4584 3009 4636 6
3035 4580 3291 4652 βασιλεὺς
3313 4583 3634 4653 Ἀγρίππας

354 4672 629 4741 pidandos
656 4684 833 4730 curat.
863 4674 924 4730 ld
949 4674 1154 4730 factum
1187 4676 1586 4733 modestissimi
1616 4679 1851 4749 quique,
1879 4689 1937 4734 et

353 4761 537 4833 legum
582 4762 1058 4819 observantissimi
1086 4766 1239 4821 cives
1286 4781 1431 4836 aegre
1462 4767 1740 4834 tulerunt,
1774 4784 1935 4823 eum-

354 4869 465 4925 que
489 4863 549 4909 et
568 4854 714 4923 apud
736 4855 996 4911 Albinum
1019 4864 1076 4912 et
1097 4856 1241 4927 apud
1269 4858 1564 4929 Agrippam
1593 4858 1935 4916 detulerunt.

354 4946 727 5011 Quamobrem
774 4962 872 5003 rex
900 4947 951 5003 ei
981 4949 1358 5017 pontiﬁcatum
1379 4990 1395 5016 ,
1449 4961 1564 5006 tres
1597 4966 1818 5008 menses
1870 4968 1938 5008 eo

354 5037 571 5099 functo,
594 5047 883 5109 ereptum,
924 5039 1158 5097 Mnasea:
1189 5040 1305 5097 filio
1329 5041 1460 5097 Jesu
1492 5043 1742 5097 tradidit.
1780 5045 1937 5100 Albi-

357 5145 464 5186 nus
498 5146 629 5186 vero
653 5147 780 5186 cum
804 5130 1182 5202 Hierosolyma
1211 5136 1478 5199 venisset,
1520 5150 1750 5205 operam
1785 5139 1941 5193 dedit

356 5230 421 5277 ut
443 5222 725 5291 provincia
764 5231 957 5292 pacata
997 5235 1170 5287 esset,
1211 5225 1404 5279 multis
1444 5225 1662 5280 sicariis
1705 5226 1941 5284 interfe-

356 5313 484 5369 ctis.
514 5314 755 5385 Agrippa
793 5315 922 5371 Jesu
950 5315 1200 5385 pontifici
1248 5316 1482 5371 Mnaseaa
1513 5316 1625 5372 tilio
1651 5333 1940 5375 successo-

357 5422 475 5462 rem
510 5409 606 5477 dat
624 5408 813 5464 .lesum
853 5408 1174 5465 Gamalielis
1207 5409 1399 5464 (ilium.
1435 5409 1593 5464 Unde
1637 5411 1783 5466 inter
1804 5428 1942 5482 pon-

357 5501 556 5568 tilices,
591 5518 827 5572 quorum
850 5512 1086 5573 uterque
1108 5502 1510 5558 audacissimos
1539 5502 1645 5558 sibi
1686 5504 1942 5561 homines

358 5592 575 5658 ascivit,
597 5604 720 5650 orta
749 5595 972 5660 seditio,
1001 5609 1031 5648 a
1054 5595 1324 5650 conviciis
1348 5610 1524 5664 usque
1552 5594 1619 5649 ad
1643 5594 1941 5666 lapidatio-

361 5698 490 5737 nem
517 5693 603 5740 est
626 5701 933 5757 progressa.
963 5688 1045 5742 Ab
1070 5702 1137 5742 eo
1165 5696 1411 5757 tempore
1442 5687 1943 5759 Hierosolymitana

370 5776 505 5831 urbs
529 5779 766 5847 pessime
790 5779 1018 5844 habere,
1061 5789 1229 5848 atque
1258 5780 1441 5834 omnia
1493 5782 1547 5833 in
1586 5779 1746 5849 pejus
1776 5795 1943 5835 ruere

369 5878 681 5939 cmperunt.
713 5869 947 5928 Albinus
1015 5885 1149 5926 vero
1200 5886 1328 5926 cum
1367 5870 1654 5928 didicisset
1685 5870 1944 5927 Gessium

2036 4681 2215 4737 ταῦτα
2245 4676 2572 4745 πυθόμενος,
2607 4676 2794 4729 δίδωσι
2828 4677 2929 4744 τὴν
2950 4675 3377 4746 ἀρχιερωσύνην
3421 4675 3630 4746 Ἰωσὴφ

2038 4775 2119 4846 τῷ
2140 4771 2464 4842 καλουμένῳ
2485 4769 2788 4838 Δεκαϐίζῳ,
2818 4768 2921 4838 υίῷ
2967 4767 3062 4821 τοῦ
3093 4767 3634 4839 ἀρχιερατεύσαντος

2040 4868 2320 4936 Σίμωνος·
2358 4858 2481 4915 εἶτα
2509 4860 2587 4929 τῷ
2627 4859 2859 4929 Ἀνάνῳ,
2886 4858 2988 4928 υίῷ
3015 4859 3114 4912 τοῦ
3144 4861 3283 4911 Ἀνα
3316 4860 3546 4929 ταύτην,
3570 4855 3633 4924 ἐξ

2054 4958 2254 5025 Ἰωσὴφ
2316 4953 2655 5023 ἀφελόμενος
2704 4950 3189 5023 προσεκλήρωσεν.
3257 4943 3429 5014 Οὗτος
3483 4947 3635 5005 οῦνό

2040 5049 2159 5111 νέος
2185 5048 2354 5108 Ἀνας
2398 5044 2499 5115 τήν
2554 5043 2972 5113 ἀρχιερωσύνην
3005 5040 3391 5112 παρειληφὼς,
3422 5042 3634 5114 τολμη-

2039 5142 2163 5204 τίας
2196 5136 2266 5210 ἦν
2323 5138 2420 5193 καὶ⁸
2470 5135 2700 5209 θρασύς.
2735 5136 2953 5204 Φήστου
3003 5133 3187 5187 τοίνυν
3222 5133 3501 5196 θανόντος,
3533 5134 3634 5187 καὶ

2054 5232 2306 5287 Ἀλϐίνου
2334 5231 2503 5301 μήπω
2535 5227 2933 5288 καταλαϐόντος
2959 5225 3058 5297 τὴν
3099 5224 3387 5287 Ἰουδαίαν,
3419 5224 3478 5286 δς
3508 5223 3635 5277 ἀντὶ

2042 5328 2256 5398 Φήστου
2303 5324 2457 5393 παρά
2507 5322 2761 5391 Νέρωνος
2806 5318 3008 5390 ἐστάλη
3046 5317 3148 5387 τῆς
3211 5318 3478 5380 Ἰουδαίας
3506 5317 3635 5369 ἐπί-

2044 5434 2270 5489 τροπος,
2293 5415 2530 5478 καθίσας
2557 5412 2863 5481 συνέδριον,
2896 5409 2964 5464 ἵν’
2989 5411 3178 5474 αὐτοῖς
3204 5413 3316 5474 τοῖς
3358 5411 3632 5479 Ἰωσήπου

2043 5510 2339 5581 χρήσωμαι
2372 5508 2603 5578 ῥήμασι.
2638 5504 2882 5574 παράγει
2910 5501 3004 5554 τὸν
3050 5501 3280 5567 ἀδελφὸν
3323 5499 3503 5570 Ἰησοῦ
3532 5496 3632 5552 τοῦ

2044 5598 2344 5668 λεγομένου
2377 5594 2640 5667 Χριστοῦ,
2671 5592 2930 5655 Ἰάκωϐος
2954 5591 3134 5661 ὄνομα
3157 5590 3328 5660 αὐτῷ,
3355 5590 3448 5644 καί
3473 5607 3630 5653 τινας

2045 5693 2288 5764 ἑτέρους,
2338 5692 2414 5754 ὼς
2476 5688 2992 5759 παρανομησάντων
3044 5685 3372 5755 κατηγορῶν
3422 5683 3628 5747 αὐτῶν,

2047 5779 2146 5834 καὶ
2199 5779 2485 5850 παρέδωκε
2515 5777 3008 5847 λευσθησομένους.
3066 5777 3225 5828 Ὅσοι
3253 5775 3310 5828 δὲ
3339 5773 3451 5827 τῶν
3483 5772 3633 5827 κατὰ

2047 5872 2148 5944 τήν
2176 5872 2332 5927 πόλιν
2366 5871 2588 5927 ἐδόκουν
2630 5869 3060 5937 ἐπιεικέστατοι,
3103 5866 3198 5922 καὶ
3237 5867 3365 5940 περὶ
3388 5865 3515 5929 τοὺς
3543 5881 3632 5918 νο-
