4074 6464
328 467 428 530 509

1592 455 2006 522 ANNALIUM
2038 461 2189 522 LIB.
2232 459 2336 522 VI.

3478 469 3589 535 510

329 597 456 649 μους
478 576 752 648 ἀκριϐεῖς,
785 576 999 647 βαρέως
1029 577 1272 648 ἤνεγκαν
1293 577 1388 630 ἐπὶ
1415 575 1612 645 τούτῳ,
1648 577 1742 630 καὶ
1772 594 1904 630 κατ-

2012 576 2233 630 Florum
2261 575 2367 630 sibi
2403 589 2780 632 successorem
2802 574 3015 640 datum,
3046 578 3335 647 productis
3359 581 3586 650 vinctis,

326 675 473 724 εἶπον
495 669 665 723 αὑτοῦ
700 670 797 724 καὶ
827 670 967 739 πρὸς
1001 668 1248 722 ’Δλϐῖνον
1279 669 1373 722 καὶ
1405 671 1544 739 πρὸς
1567 669 1904 738 Ἀγρίππαν.

329 764 416 814 Διὸ
446 763 546 832 τὴν
572 761 992 831 ἀρχιερωσύνην
1016 761 1356 828 ἀφελόμενος
1389 763 1416 813 6
1443 761 1699 829 βασιλεὺς
1724 761 1783 824 ἐξ
1812 762 1908 813 αὐ-

327 853 441 918 τοῦ,
478 854 655 923 μῆνας
683 852 953 923 ἄρξαντος
980 854 1151 918 τρεῖς,
1185 847 1398 920 Ἰησοῦν
1431 852 1522 906 τὸν
1555 851 1651 904 τοῦ
1679 850 1907 904 Μνασέα

326 945 680 1012 κατέστησεν.
737 943 984 1005 Ἀλϐῖνος
1043 943 1088 997 δ’
1140 941 1318 996 ἐλθὼν
1375 944 1458 1006 είς
1522 941 1902 1013 Ἰεροσόλυμα.

329 1034 563 1104 σπουδὴν
597 1035 917 1104 εἰσήνεγκεν
953 1033 1258 1102 εἰρηνεύειν
1285 1033 1384 1102 τὴν
1407 1032 1616 1103 χώραν,
1656 1031 1751 1084 καὶ
1778 1031 1908 1084 πο).-

327 1127 451 1191 λοὺς
489 1125 599 1178 τῶν
626 1125 902 1194 Σικαρίων
927 1124 1258 1195 διέφθειρεν.
1292 1122 1688 1192 Ἀγρίππαςδέ
1721 1121 1905 1174 δίδωσι

327 1220 424 1289 τὴν
447 1218 866 1290 ἀρχιερωσύνην
896 1215 1074 1284 Ἰησοῦ
1106 1218 1182 1288 τῷ
1203 1218 1300 1271 τοῦ
1337 1217 1642 1286 Γαμαλιὴλ,
1696 1215 1906 1279 παύσας

327 1313 415 1364 τὸν
451 1311 545 1363 τοῦ
571 1310 800 1364 Μνασέα
830 1309 1062 1379 Ἰησοῦν.
1090 1309 1286 1371 Στάσις
1319 1309 1412 1362 οῦν
1441 1326 1550 1362 των
1599 1309 1905 1378 ἀρχιερέων

326 1401 563 1469 ἐγένετο,
587 1403 1178 1472 προσεταιρισαμὲνων
1207 1401 1336 1464 τοὺς
1380 1399 1776 1471 θρασυτάτους,
1811 1398 1905 1451 καὶ

325 1489 490 1558 μέχρι
518 1489 686 1542 λίθων
717 1491 750 1560 η
784 1491 974 1553 στάσις
1006 1489 1066 1554 ἐξ
1095 1487 1309 1559 ὕϐρεων
1332 1489 1442 1543 τῶν
1473 1489 1610 1559 πρὸς
1639 1488 1906 1558 ἀλλήλους

321 1578 740 1651 προύχώρησεν.
771 1580 938 1636 Ὀοεν
967 1580 1027 1646 ἐξ
1056 1582 1271 1634 ἐκείνου
1305 1580 1397 1634 τοῦ
1434 1581 1629 1651 χρόνου
1668 1581 1904 1650 μάλιστα

320 1671 507 1730 κακῶς
526 1671 673 1740 ἔχειν
697 1672 794 1744 τὴν
812 1674 919 1726 τῶν
953 1671 1351 1744 Ἰεροσολύμων
1379 1673 1538 1727 πόλιν
1562 1672 1901 1743 συμϐέϐηκε,

319 1763 412 1817 καὶ
447 1764 626 1818 πάντα
661 1765 752 1818 ἐπὶ
808 1765 870 1818 τὸ
929 1768 1118 1836 χεῖρον
1165 1766 1530 1836 προέκοπτον.
1571 1765 1817 1827 Ἀλϐῖνος
1845 1767 1902 1819 δὲ

318 1857 507 1911 Γέσιον
532 1859 753 1930 Φλῶρον
781 1859 972 1929 μαθὼν
1007 1859 1362 1928 ἀφικνεῖσθαι
1391 1861 1442 1914 οἱ
1470 1860 1739 1928 διάδοχον,
1768 1877 1903 1930 προ-

2007 685 2102 724 eos
2125 671 2219 738 qui
2245 669 2531 724 manifeste
2569 684 2760 724 necem
2809 680 3146 736 merueram,
3174 673 3348 727 occidi
3372 675 3536 745 jussit
3570 693 3588 743 ;

2007 760 2102 830 qui
2131 776 2262 815 vero
2290 761 2360 814 ob
2412 775 2580 830 parva
2630 760 2864 815 crimina
2899 761 2952 814 in
2982 775 3262 816 carcerem
3307 766 3579 832 compacti

2006 851 2246 915 fuerant,
2278 868 2376 907 eos
2395 861 2618 922 accepta
2641 853 2872 914 pecunia
2897 853 3129 907 dimisit.
3146 854 3222 908 Ita
3248 869 3440 909 carcer
3464 873 3580 912 nta-

2006 945 2178 998 lelicis
2203 944 2379 1000 factus
2407 954 2490 999 est
2546 961 2774 1010 vacuus,
2817 946 2966 1015 regio
3003 946 3312 1000 latronibus
3345 947 3572 1002 referta.

2005 1036 2266 1105 Agrippa,
2307 1036 2436 1091 Jesu
2458 1036 2778 1093 Gamalielis
2821 1035 2935 1089 ﬁlio
2975 1036 3178 1106 ejecto,
3206 1035 3586 1104 pontiﬁcatum

2005 1126 2245 1183 Matthiae
2277 1128 2582 1199 Theophilo
2609 1128 2925 1198 assignavit,
2957 1127 3058 1182 sub
3095 1142 3204 1196 quo
3234 1127 3438 1180 bellum
3469 1128 3582 1182 Ro-

2006 1234 2228 1273 manum
2251 1220 2440 1290 coepit.
2469 1221 2539 1273 At
2563 1220 2915 1289 pontiﬁcatus
2947 1217 3101 1272 initia
3125 1226 3254 1272 sunt
3275 1217 3344 1272 ab
3369 1219 3586 1272 Aarone

2005 1310 2272 1381 profecta,
2298 1311 2384 1364 cui
2409 1310 2670 1365 defuncto
2699 1309 2795 1364 ﬁlii
2827 1325 3129 1378 eorumque
3185 1308 3392 1378 posteri
3433 1308 3488 1361 in
3519 1324 3588 1362 eo

2006 1403 2217 1458 honore
2237 1412 2647 1458 successerunt.
2685 1401 2843 1458 Unde
2877 1413 3158 1471 receptum
3193 1400 3338 1471 apud
3363 1401 3588 1457 Judmos

2007 1495 2132 1559 fuit,
2165 1511 2234 1550 ne
2260 1495 2350 1550 cui
2385 1495 2468 1550 vel
2511 1494 2626 1562 regi
2667 1493 3023 1564 pontiﬁcatus
3055 1493 3336 1563 expetenti
3373 1492 3588 1546 tribue-

2007 1595 2181 1650 retur,
2234 1586 2342 1640 nisi
2382 1584 2451 1640 iis
2501 1585 2597 1655 qui
2640 1594 2826 1640 essent
2858 1601 2926 1640 ex
2972 1585 3238 1655 sanguine
3285 1582 3582 1638 Aaronio:

2007 1679 2110 1734 etsi
2145 1693 2210 1733 ea
2265 1679 2612 1740 consuetudo
2663 1694 2774 1733 non
2821 1688 3094 1748 perpetuo
3139 1676 3430 1730 observata
3477 1683 3583 1731 est.

2008 1769 2302 1824 Pontiﬁces
2349 1768 2420 1824 ab
2442 1768 2661 1825 Aarone
2706 1784 2880 1838 usque
2913 1768 2980 1824 ad
3016 1769 3302 1832 Phincem,
3348 1765 3405 1820 in
3439 1766 3586 1820 bello

2007 1877 2038 1916 a
2090 1861 2370 1916 seditiosis
2408 1861 2772 1925 declaratum,
2801 1861 2960 1930 291
3019 1876 3079 1915 ιιι
3127 1867 3182 1914 et
3234 1874 3374 1912 Lxxx
3409 1857 3584 1912 fuere.
3649 1912 3673 1928 _

318 1949 545 2017 αγαγὼν
572 1927 700 2014 τοὺς
747 1927 1065 2021 δεσμώτας,
1093 1951 1210 2005 ὅσοι
1262 1947 1407 2024 ἦσαν
1442 1951 1594 2021 αὐτῷ
1627 1927 1904 2022 προδήλως

2011 1953 2208 2010 Gesius
2263 1963 2448 2009 autem
2500 1953 2696 2008 Florus
2743 1927 2959 2007 Albin;
2981 1965 3302 2014 successor,
3369 1949 3590 2005 Iudaeos

318 2040 505 2094 θανεῖν
549 2040 717 2108 ἄξιοι,
769 2041 998 2104 τούτους
1047 2042 1148 2112 μὲν
1169 2041 1534 2113 ἀναιρεθῆναι
1559 2040 1905 2114 προσέταξε·

316 2134 447 2196 τοὺς
469 2133 514 2188 δ’
545 2134 610 2186 ἐκ
638 2133 854 2204 μικρῶν
888 2133 1080 2187 αἰτιῶν
1129 2134 1592 2205 καθειργμένους,
1646 2136 1908 2206 χρήματα

315 2226 616 2296 λαμϐάνων
673 2227 902 2282 ἀπέλυε.
961 2229 1073 2281 Καὶ
1111 2222 1290 2292 οὕτως
1350 2230 1383 2296 ἡ
1423 2230 1524 2298 μὲν
1577 2231 1768 2302 εἱρκτὴ
1794 2231 1905 2285 τῶν

315 2316 619 2385 δεσμωτῶν
654 2317 923 2388 ἐκενώθη,
958 2320 990 2389 ἡ
1037 2317 1191 2389 χώρα
1223 2319 1279 2372 δὲ
1313 2320 1532 2390 λῃστῶν
1583 2320 1902 2392 ἐπληρώθη.

326 2402 390 2461 Ὁ
423 2407 467 2461 δ’
504 2407 822 2480 ’Δγρίππας
851 2409 944 2461 τὸν
970 2408 1068 2462 τοῦ
1102 2409 1392 2481 Γαμαλιήλ
1439 2409 1653 2480 Ἰησοῦν
1683 2414 1780 2482 τῆς
1807 2415 1905 2483 ἀρ-

314 2497 663 2567 χιερωσύνης
688 2498 938 2552 ἐκϐαλὼν
982 2500 1205 2572 Ματθίᾳ
1231 2501 1306 2571 τῷ
1338 2501 1585 2572 Θεοφίλῳ
1618 2505 1905 2574 προσένει-

317 2605 446 2657 μεν,
475 2589 562 2658 ἐφ’
579 2583 642 2644 οὗ
667 2590 696 2643 6
728 2592 870 2661 πρὸς
905 2591 1215 2663 Ῥωμαίους
1243 2592 1449 2664 ἤρξατο
1466 2593 1728 2665 πόλεμος.
1761 2597 1904 2666 Ἤρ.

315 2675 450 2742 ξατο
481 2681 581 2750 μὲν
613 2676 710 2734 οὖν
740 2684 773 2752 ἡ
807 2683 1201 2754 ἀρχιερωσύνη
1234 2683 1295 2749 ἐξ
1329 2684 1547 2754 Ἀαρών
1569 2701 1582 2715 ⁸
1646 2685 1896 2756 τελευτήο

314 2785 514 2834 σκντος
541 2771 599 2826 δὲ
630 2774 842 2828 ἐκείνου
865 2777 916 2828 οἱ
947 2776 1140 2838 παῖδες
1170 2775 1338 2830 αὑτοῦ
1371 2777 1546 2846 αὐτὴν
1577 2776 1903 2844 διεδέξαντο,

310 2865 414 2918 καὶ
463 2863 526 2930 ἐξ
575 2865 807 2920 ἐκείνων
853 2871 970 2931 τοῖς
1022 2868 1120 2922 ἀπ’
1149 2869 1332 2923 αὐτῶν
1362 2867 1700 2939 διέμεινενή
1745 2870 1904 2939 τιμή.

313 2953 488 3010 Ὅθεν
508 2956 741 3026 πάτριον
768 2954 837 3031 ἦν
857 2955 1161 3026 Ἰουδαίοις,
1195 2960 1404 3030 μηδένα
1434 2961 1535 3027 τὴν
1561 2961 1902 3031 ἀρχιερωσύ-

311 3063 420 3118 νην
454 3047 778 3118 λαμϐάνειν,
829 3050 934 3104 κᾶν
971 3050 1228 3121 βασιλεὺς
1261 3047 1330 3122 ἦν
1376 3051 1552 3120 αὐτῆς
1579 3051 1893 3122 ἐφιέμενος.

2009 2045 2267 2115 plurimis
2297 2046 2574 2115 oppressit
2603 2044 2795 2106 malis;
2836 2059 2963 2098 nam
2998 2050 3210 2096 tantum
3235 2041 3589 2110 improbitate

2009 2137 2296 2202 excelluit,
2329 2146 2390 2192 ut
2428 2147 2656 2207 propter
2682 2136 2954 2206 insignem
2989 2134 3114 2204 ejus
3142 2132 3586 2194 maleficentiatn,

2011 2229 2193 2282 Albini
2235 2228 2598 2284 beneﬁcentia
2652 2227 2984 2283 celebretur.
3033 2224 3167 2280 Nam
3220 2224 3312 2278 hic
3366 2224 3589 2294 quidem

2016 2320 2280 2375 malitiam
2308 2334 2463 2374 suam
2490 2319 2772 2374 occultare
2804 2317 3040 2384 studuit,
3073 2332 3137 2372 ac
3168 2316 3401 2371 sollicite
3426 2318 3588 2380 cavit,

2011 2427 2082 2468 ne
2120 2428 2234 2467 sua:
2275 2411 2490 2482 injuriae
2533 2411 3110 2481 deprehenderentur.
3162 2409 3360 2464 Florus
3403 2419 3588 2462 autem

2013 2504 2195 2574 palam
2229 2513 2393 2572 atque
2426 2503 2780 2572 impudenter
2826 2501 3175 2571 iniquitatem
3204 2500 3261 2554 in
3297 2499 3587 2570 populum,

2010 2603 2066 2650 et
2095 2594 2250 2665 quasi
2291 2611 2387 2662 per
2411 2595 2842 2649 ostentationem
2875 2593 3144 2648 exercuit.
3174 2591 3283 2647 Sed
3321 2606 3588 2662 quorsum

2011 2687 2210 2742 attinet
2238 2687 2358 2756 ejus
2387 2687 2597 2741 scelera
2645 2684 2963 2756 singulatim
3006 2699 3321 2747 recensere,
3349 2698 3470 2739 cum
3500 2694 3591 2737 res

2009 2776 2202 2846 paucis
2225 2776 2474 2846 expediri
2499 2786 2702 2847 queat:
2727 2777 2821 2846 qui
2853 2776 3072 2832 Judaeos
3099 2775 3302 2830 bellum
3326 2773 3591 2830 Romanis

2004 2863 2214 2920 inferre
2256 2865 2524 2935 coegerit,
2580 2862 2801 2920 Florum
2833 2865 3048 2919 fuisse?
3102 2865 3160 2919 Id
3207 2879 3340 2920 vero
3383 2863 3588 2918 bellum

2001 2959 2174 3028 ccepit
2228 2960 2476 3014 secundo
2509 2974 2657 3014 anno
2696 2959 3106 3029 procurationis
3141 2957 3312 3022 Flori,
3361 2970 3588 3011 monar-

1998 3055 2138 3110 cbize
2167 3055 2402 3111 Neronis
2432 3055 2787 3111 duodecimo.

309 3141 360 3195 ει
395 3140 473 3210 μὴ
495 3141 620 3204 τοὺς
642 3141 702 3208 ἐξ
733 3143 968 3214 αἵματος
995 3141 1208 3213 Ἀαρών
1229 3159 1242 3172 ·
1270 3145 1318 3196 εί
1343 3143 1440 3197 καὶ
1465 3143 1528 3196 οὑ
1560 3143 1726 3215 μέχρι
1789 3142 1996 3207 παντὸς
2049 3145 2110 3199 τὸ
2159 3145 2282 3210 ἔθος
2315 3145 2476 3200 τοῦτο
2546 3146 2838 3217 τετήρητο.
2887 3143 3176 3212 Ἐγένοντο
3229 3142 3324 3198 οῦν
3383 3143 3590 3205 πάντες

308 3233 428 3287 ἀπὸ
457 3233 670 3304 ’Δαρὼν
697 3233 860 3305 μέχρι
886 3236 1071 3298 Φινεὲς
1099 3234 1194 3288 τοῦ
1223 3234 1367 3288 κατά
1392 3231 1486 3288 τὸν
1516 3235 1757 3306 πόλεμον
1820 3235 1926 3289 ὑπὸ
1962 3234 2075 3290 τῶν
2140 3239 2556 3293 στασιασάντων
2610 3235 3046 3307 ἀναδειχθέντος,
3104 3235 3440 3308 ὁγδοήκοντα
3491 3245 3591 3296 καὶ

306 3329 486 3396 τρεῖς.
535 3326 724 3389 Γέσιος
778 3327 836 3380 δὲ
892 3327 1130 3400 Φλῶρος,
1177 3329 1258 3390 εἰς
1310 3327 1576 3382 Ἰουδαίαν
1627 3327 1873 3382 ’Δλϐίνου
1932 3329 2178 3399 διάδοχος
2222 3331 2577 3402 ἀφικόμενος,
2623 3331 2838 3386 πολλῶν
2918 3330 3218 3400 ἐνέπλησεν
3294 3330 3592 3386 Ἰουδαίους

309 3415 529 3470 κακῶν.
562 3414 830 3468 Τοσοῦτον
857 3415 912 3468 δὲ
941 3416 1134 3484 γέγονε
1178 3416 1459 3480 κάκιστος,
1489 3414 1632 3468 ὥστε
1668 3415 1758 3469 διὰ
1787 3417 1888 3483 τὴν
1931 3417 2240 3488 ὑπερϐολὴν
2267 3420 2366 3488 τῆς
2429 3418 2599 3474 αὑτοῦ
2665 3418 2866 3482 κακίας
2901 3417 3246 3472 ἐπαινεῖσθαι
3273 3418 3366 3471 τὸν
3410 3417 3591 3471 Ἀλϐῖ-

307 3525 406 3562 νον
435 3507 508 3568 ti);
536 3506 857 3577 εὐεργέτην.
893 3506 955 3560 '0
989 3508 1089 3577 μὲν
1111 3509 1219 3578 γὰρ
1247 3506 1346 3577 τὴν
1370 3506 1638 3578 πονηρίαν
1701 3506 2038 3578 ἐπέκρυπτε,
2103 3511 2199 3564 καὶ
2229 3511 2453 3578 ἀδικῶν,
2524 3511 2600 3584 μὴ
2641 3511 2892 3581 γίνεσθαι
2955 3511 3283 3581 κατάφωρος
3327 3508 3590 3564 ἔσπευδε⁹

306 3600 538 3671 Φλῶρος
570 3600 627 3653 δὲ
667 3599 1157 3669 ἀπαρακαλύπτως
1201 3600 1295 3654 καὶ
1323 3599 1556 3662 ἀναιδῶς
1597 3600 1699 3663 τὰς
1732 3599 1814 3663 είς
1879 3599 1940 3652 τὸ
2013 3600 2167 3666 ἔθνος
2222 3604 2572 3676 παρανομίας
2625 3605 2840 3668 ἐποίει,
2881 3603 3071 3674 ῶσπερ
3122 3603 3589 3672 ἐπιδεικνύμενος.

308 3695 434 3750 Καὶ
481 3693 533 3748 τί
570 3693 652 3745 δεῖ
680 3691 790 3744 τῶν
823 3690 1033 3744 ἐκείνου
1078 3691 1266 3745 κακῶν
1336 3689 1670 3763 ἀπαριθμῶν
1718 3688 1781 3743 τὸ
1851 3689 1974 3744 καθ’
2014 3690 2282 3760 ἓκαστον;
2335 3695 2606 3750 Τοσοῦτον
2653 3697 2698 3749 δ’
2745 3693 2917 3749 εἰπὼν
2957 3693 3185 3766 δηλώσω
3232 3694 3294 3746 τὸ
3346 3695 3477 3755 πᾶν,
3509 3692 3594 3745 ὅτι

304 3771 338 3825 ὃ
389 3783 525 3844 τοὺς
580 3777 873 3842 Ἰουδαίους
925 3779 1018 3834 τὸν
1076 3780 1214 3851 πρὸς
1286 3779 1598 3852 Ῥωμαίους
1656 3780 1898 3850 ἄρασθαι
1959 3783 2200 3854 πόλεμον
2254 3785 2589 3855 βιασάμενος
2639 3787 2858 3857 Φλῶρος
2909 3781 3000 3858 ἦν.
3092 3785 3294 3840 Ἐλαϐε
3376 3785 3436 3838 δὲ
3492 3781 3594 3854 τὴν

307 3875 498 3947 ἀρχὴν
556 3877 586 3929 6
639 3875 876 3946 πόλεμος
915 3874 1155 3946 δευτέρῳ
1207 3875 1309 3946 μὲν
1361 3874 1474 3928 ἔτει
1528 3875 1632 3944 τῆς
1675 3875 1898 3946 Φλώρου
1975 3877 2300 3950 ἐπιτροπῆς,
2354 3881 2648 3951 δωδεκάτῳ
2719 3881 2778 3935 δὲ
2826 3881 2926 3950 τῆς
2973 3880 3277 3951 μοναρχίας
3323 3877 3421 3932 τοῦ
3480 3877 3593 3932 Νέ-

309 3982 517 4037 ρωνος.

384 4059 497 4119 IH'.
542 4057 824 4114 Ἐντεῦθεν
853 4058 946 4114 οῦν
977 4056 1143 4128 ἡτῶν
1171 4055 1442 4110 Ἰουδαίων
1475 4055 1789 4112 ἀποστασία
1819 4057 1900 4120 είς

2081 4058 2265 4114 XVIII.
2332 4057 2472 4114 Hinc
2531 4057 2704 4129 igitur
2760 4055 3080 4112 Iudaeorum
3114 4054 3356 4110 defectio
3410 4054 3591 4125 palam

305 4155 602 4228 προῦπτον
633 4151 935 4226 ἀνερράγη,
966 4151 1062 4204 καὶ
1096 4151 1126 4204 6
1164 4149 1402 4220 πόλεμος
1438 4148 1661 4219 ἢρξατο.
1703 4151 1910 4222 Διηγή-

305 4248 524 4303 σασθαι
550 4247 608 4300 δὲ
639 4245 831 4299 τούτου
865 4244 1100 4307 ἕκαστα,
1131 4242 1380 4304 πλείονος
1410 4244 1477 4295 διν
1507 4242 1718 4309 γένοιτο
1759 4259 1907 4312 πρα-

309 4339 601 4411 γματείας
645 4338 680 4409 ἦ
732 4337 877 4390 κατὰ
911 4335 1012 4406 τὴν
1044 4335 1327 4404 παροῦσαν
1371 4334 1711 4404 ἐγχείρησιν.
1749 4334 1908 4387 Ἀλλά

304 4433 387 4487 τὰ
429 4431 532 4502 μὲν
561 4429 700 4484 ἄλλα
733 4428 893 4482 ἐᾶσαί
932 4445 1022 4498 μοι
1059 4428 1334 4497 κέκριται,
1378 4427 1514 4497 μόνα
1547 4426 1592 4480 δ’
1626 4429 1910 4496 ἐπιτεμεῖν

304 4525 385 4578 τὰ
439 4522 575 4594 περὶ
627 4523 728 4592 τῆς
771 4519 1029 4582 ἁλώσεως
1082 4518 1191 4570 τῶν
1253 4516 1648 4588 Ἰεροσολύμων
1705 4517 1907 4572 αὐτῶν.

306 4611 738 4676 Οὐεσπασιανὸς
791 4612 902 4681 γὰρ
954 4611 1105 4681 παρὰ
1161 4610 1437 4680 Νέρωνος,
1490 4607 1756 4678 μαθόντος
1811 4609 1910 4680 τὴν

2012 4151 2238 4220 ετυρίιῗ,
2285 4150 2606 4220 bellumque
2665 4149 2883 4219 coepit:
2924 4149 3084 4218 cujus
3129 4147 3377 4218 singulos
3420 4147 3592 4203 veluti

2013 4252 2168 4298 actus
2192 4244 2421 4307 referre,
2457 4242 2682 4312 majoris
2715 4255 2898 4310 operze
2925 4240 3115 4304 fuerit,
3141 4256 3304 4308 quam
3341 4239 3594 4294 instituta

2013 4335 2257 4389 brevitas
2291 4334 2518 4403 patitur.
2546 4333 2728 4399 Quare
2756 4331 2972 4388 caateris
3001 4331 3246 4398 omissis,
3277 4331 3592 4400 Hierosoly-

2014 4437 2231 4477 morum
2263 4423 2531 4477 duntaxat
2555 4423 2833 4477 excidium
2869 4420 3202 4490 compendio
3237 4420 3447 4476 referre
3489 4423 3592 4476 de-

2015 4514 2346 4571 crevi.Nam
2384 4517 2603 4586 cognita
2649 4515 2968 4571 Judaeorum
3015 4513 3351 4578 defectione,
3383 4514 3594 4583 Vespa-

2012 4608 2222 4670 sianus,
2251 4607 2338 4662 cni
2363 4607 2506 4662 Nero
2524 4607 2652 4662 belli
2683 4606 3221 4661 administrationem
3259 4605 3592 4669 crediderat.

319 4706 613 4765 Ἰουδαίων
662 4705 1026 4770 ἀποστασίαν,
1072 4704 1169 4772 τὴν
1212 4703 1305 4754 τοῦ
1347 4701 1587 4772 πολέμου
1642 4702 1904 4770 διοίκησιν

2009 4715 2122 4754 non
2188 4698 2564 4770 Hierosolyma
2615 4697 2817 4752 invasit
2865 4697 3144 4767 primum,
3209 4696 3308 4752 sed
3360 4696 3600 4752 urbibus

307 4799 666 4861 πιστευθεὶς,
698 4798 758 4850 οὐ
796 4797 1036 4862 πρώτοις
1067 4797 1176 4857 τοῖς
1213 4793 1617 4864 Ἰεροσολύμοις
1649 4793 1904 4864 προσέϐα·

2011 4789 2306 4859 metropoli
2343 4787 2608 4857 subjectis
2649 4787 2806 4856 prius
2835 4786 3185 4855 expugnatis,
3225 4795 3341 4840 tum
3369 4785 3593 4840 demum

305 4893 436 4958 λεν,
475 4890 612 4944 ἀλλὰ
656 4890 755 4952 τάς
785 4889 891 4941 ὑπὸ
930 4887 1030 4958 τὴν
1070 4887 1407 4958 μητρᾶπολιν
1438 4885 1674 4938 ἔσπευσε
1717 4885 1904 4954 πρότε-

2013 4881 2187 4950 ipsam
2239 4894 2463 4949 quoque
2511 4878 2738 4933 domare
2791 4877 3052 4932 instituit.
3088 4876 3368 4947 Occupata
3429 4878 3598 4949 igitur

309 5001 421 5056 ρον
448 4981 593 5035 ἐλεῖν
625 4980 832 5044 πόλεις,
870 4981 962 5033 καὶ
1007 4979 1182 5040 οὕτως
1209 4977 1382 5050 αὐτὴν
1417 4977 1792 5048 χειρώσασθαι
1815 4976 1904 5046 sip

2012 4972 2378 5035 Ptolemaide,
2407 4987 2532 5026 cum
2581 4970 2696 5024 ﬁlio
2751 4969 2898 5028 Tito.
2936 4970 3030 5040 qui
3057 4971 3126 5024 ab
3176 4986 3244 5025 eo
3291 4986 3356 5025 ex
3389 4969 3596 5025 Achaia

310 5072 692 5145 μητρόπολιν.
740 5068 1085 5124 Καταλαϐὼν
1124 5064 1216 5121 οὖν
1261 5067 1361 5136 τὴν
1416 5064 1782 5134 Πτολεμαΐδα,
1814 5064 1904 5116 καὶ

2017 5062 2238 5125 missus,
2275 5061 2369 5115 ubi
2407 5077 2438 5116 a
2466 5061 2686 5115 Nerone
2734 5059 2864 5114 belli
2897 5059 3007 5114 dux
3039 5059 3358 5130 designatus
3390 5059 3595 5125 fuerat,

307 5162 556 5226 ὲνωθεὶς
588 5164 647 5215 ἐν
676 5161 816 5232 αὐτῇ
843 5159 922 5229 τῷ
950 5157 1052 5228 υἱῴ
1082 5158 1228 5228 Τίτῳ
1267 5154 1326 5220 ἐξ
1362 5153 1772 5223 Ἀλεξανδρείας
1800 5153 1904 5220 ἁφ-

2017 5154 2292 5224 legionem
2346 5153 2616 5209 decimam
2669 5153 2920 5223 quintam
2969 5151 3306 5207 Alexandria
3341 5152 3582 5208 adduxe.

309 5258 595 5329 ικομένφ,
623 5257 715 5309 καὶ
745 5255 805 5308 τὸ
835 5251 1335 5306 πεντεκαιδέκατον
1377 5249 1568 5318 τάγμα
1603 5245 1904 5317 κομίζοντι,

2020 5256 2127 5311 rat,
2173 5261 2232 5302 se
2264 5247 2569 5318 conjunxit.
2606 5247 2811 5302 Neroni
2847 5246 2993 5299 enim
3025 5246 3079 5300 in
3107 5245 3312 5299 Achaia
3347 5244 3595 5314 degenti,

307 5349 580 5405 σταλέντι
616 5345 750 5417 παρ’
779 5343 948 5400 αὑτοῦ
981 5343 1040 5410 ἐξ
1075 5341 1320 5413 Ἀχαΐας,
1351 5339 1486 5392 ὅπου
1541 5337 1636 5391 τοῦ
1669 5336 1904 5405 πολέμου

2024 5338 2344 5395 Iudaeorum
2377 5340 2614 5395 defectio
2631 5339 2883 5393 nuntiata
2911 5337 3036 5390 fuit.
3059 5337 3137 5392 Ac
3171 5336 3447 5391 Galilaeam
3475 5337 3594 5405 pri-

309 5426 640 5511 στρατηγὸς
672 5435 1089 5508 κεχειροτόνητο
1128 5433 1280 5504 παρὰ
1316 5431 1567 5500 Νέρωνος
1609 5428 1690 5500 (ἐν
1719 5426 1904 5497 Ἀχαΐᾳ

2021 5446 2172 5484 mum
2219 5446 2531 5502 aggressus,
2579 5430 2849 5500 Jotapatis
2892 5427 3086 5483 diebus
3116 5444 3183 5482 xt.
3242 5429 3595 5496 expugnatis,

305 5539 441 5608 γὰρ
503 5537 802 5605 ἐτύγχανεν
858 5532 936 5584 ὢν
995 5532 1226 5591 ἐκεῖνος,
1270 5529 1360 5582 ὅτε
1409 5527 1443 5596 ἠ
1482 5525 1591 5578 τῶν
1634 5522 1904 5576 Ἰουδαίων

2012 5523 2316 5593 Josephum
2369 5522 2604 5578 Galilaea:
2651 5523 2869 5587 ducem,
2901 5521 3019 5591 ejus
3043 5520 3196 5574 urbis
3244 5520 3592 5575 defensorem

306 5628 645 5686 ἀποστασία
690 5622 1039 5694 κατηγγέλθη
1089 5619 1261 5692 αὐτῷ)
1306 5616 1448 5671 κατά
1492 5617 1591 5684 τῆς
1618 5613 1904 5676 Γαλιλαίας

2015 5613 2181 5685 cepit.
2219 5614 2351 5669 Inde
2379 5613 2485 5668 alia
2511 5613 2732 5667 castella
2760 5621 2926 5681 atque
2951 5610 3232 5680 oppidula,
3273 5611 3472 5680 partim
3495 5610 3594 5666 de-

312 5719 604 5793 πρότερον
659 5717 912 5788 ὥρμησε,
961 5716 1058 5768 καὶ
1100 5715 1168 5783 τῇ
1209 5711 1364 5765 πόλει
1415 5708 1525 5761 τῶν
1562 5707 1904 5760 Ἰωταπάτων

2015 5707 2248 5768 ditione.
2281 5705 2484 5775 partim
2519 5703 2805 5759 obsidione
2841 5703 3102 5758 Romanis
3137 5719 3332 5773 parere
3384 5704 3588 5774 coegit.

311 5813 530 5884 πρώτῃ
560 5807 907 5880 προσϐαλὼν,
936 5805 1032 5860 καὶ
1055 5804 1148 5858 ἐπὶ
1177 5799 1590 5870 τεσσαράκοντα
1616 5797 1904 5868 πολιορκή-

2017 5798 2088 5853 lis
2119 5799 2231 5869 jam
2257 5795 2523 5852 confectis
2548 5837 2563 5861 ,
2601 5795 2669 5850 ad
2717 5795 2890 5865 ipsam
2936 5795 3287 5866 metropolim
3322 5794 3592 5850 obsiden-

318 5921 441 5968 σας
471 5904 706 5976 ἡμέρας,
741 5900 934 5972 πορθεῖ
965 5900 1065 5971 μὲν
1098 5897 1290 5970 αὐτὴν,
1327 5894 1472 5966 αἱρεῖ
1510 5892 1568 5948 δέ
1596 5892 1688 5946 τὸν
1723 5891 1904 5961 Ἰώση-

2015 5889 2142 5946 dam
2200 5905 2258 5946 se
2312 5889 2655 5960 acoingebat,
2709 5887 3081 5946 seditionibus
3125 5898 3183 5945 et
3248 5888 3598 5946 factionibus
