4074 6408
425 428 526 496 511

1688 427 2017 490 JOANNIS
2064 427 2386 489 ZONARE

3588 427 3697 491 51‘2

423 547 565 604 adeo
599 545 878 610 amittam,
905 554 968 600 ut
1007 544 1156 600 civili
1214 543 1362 599 bello
1414 554 1472 600 et
1501 545 1713 600 mutuis
1762 545 2007 602 caedibus

2116 563 2214 599 πον
2247 543 2661 614 στρατηγοῦντα
2690 542 2789 613 τῆς
2815 540 3130 605 Γαλιλαίας,
3156 539 3370 611 καὶτῆς
3395 541 3514 611 είρη
3527 543 3699 610 μένης

424 642 572 695 inter
602 654 726 694 sese
749 645 1084 710 grassantes,
1123 638 1375 692 homines
1411 637 1657 693 bellicosi
1691 637 2005 693 interirent.

430 729 630 785 Verum
674 730 728 784 id
767 731 888 801 ejus
912 730 1210 784 consilium
1251 730 1487 786 nuntius
1520 730 1588 784 de
1634 731 1877 797 Nerone,
1913 732 2009 802 qui

426 821 634 876 amisso
691 820 924 888 imperio
978 822 1118 876 clam
1189 821 1362 876 Roma
1416 820 1792 891 profugisset,
1846 833 2011 892 atque

429 913 548 980 ipse
602 911 706 964 sibi
744 926 940 966 manus
974 913 1274 973 attulisset.
1317 911 1602 982 repressit.
1640 911 1850 966 Deinde.
1884 927 2010 966 cum

431 1000 658 1056 Galbam
702 1002 938 1071 imperio
982 1004 1216 1071 potitum
1257 1018 1378 1058 esse
1411 1003 1760 1073 cognovisset
1787 1001 2011 1066 ,Titum

437 1093 589 1148 misit
642 1093 709 1146 ad
737 1109 862 1146 eum
903 1094 1277 1160 salutandum,
1305 1103 1361 1150 et
1395 1095 1832 1165 percontandum
1878 1095 2010 1164 quid

436 1186 505 1240 de
535 1184 721 1238 Judaea
757 1185 873 1238 ﬁeri
905 1186 1114 1241 vellet?
1148 1187 1311 1257 292
1355 1187 1462 1242 Sed
1513 1187 1673 1242 Titus
1707 1187 1763 1242 in
1815 1187 2014 1242 itinere

435 1277 620 1332 Galba:
643 1292 865 1346 quoque
879 1279 1277 1348 eaedecognita,
1293 1279 1359 1332 ad
1383 1287 1592 1348 patrem
1615 1287 1699 1334 est
1728 1293 2010 1335 reversus:

440 1385 621 1439 neque
655 1369 1156 1440 Hierosolymorum
1209 1371 1558 1426 obsidionem
1593 1380 1899 1434 tentarunt.
1943 1371 2016 1426 ob

435 1461 706 1516 incertum
765 1456 998 1516 Romani
1055 1462 1270 1532 imperii
1326 1473 1573 1529 statum,
1625 1463 1722 1518 sed
1753 1463 2017 1518 Casarea:

433 1553 787 1623 quieverunt.
830 1553 1001 1609 Galba
1023 1554 1267 1619 sublato,
1294 1555 1438 1611 Otho
1474 1555 1650 1611 factus
1698 1557 2015 1626 imperator,

434 1655 626 1699 contra
663 1646 970 1711 Vitellium,
995 1663 1160 1716 quem
1187 1648 1528 1704 Germanicae
1550 1649 1797 1718 legiones
1839 1649 2016 1718 impe-

435 1744 675 1793 ratorem
703 1739 1032 1805 salutarant,
1067 1740 1256 1810 ecpias
1308 1741 1458 1796 misit
1490 1758 1504 1794 :
1539 1740 1746 1810 quibus
1785 1756 2016 1811 supera-

436 1825 530 1889 tis,
584 1825 691 1881 sibi
743 1828 845 1897 ipsi
903 1843 1106 1884 manus
1165 1829 1376 1885 attulit.
1427 1831 1683 1886 Vitellius
1740 1831 2017 1903 adjunctis

433 1917 600 1973 etiam
665 1919 942 1986 Othoniis,
1016 1921 1244 1976 Romam
1303 1937 1428 1976 cum
1484 1922 1797 1994 legionibus
1852 1923 2010 1978 abiit.

440 2007 810 2078 Vespasianus
839 2025 996 2073 vero,
1035 2011 1080 2066 si
1132 2027 1240 2082 qua
1293 2011 1522 2067 Judaica
1566 2013 1828 2083 oppidula
1873 2029 2015 2068 non-

438 2103 570 2159 dum
596 2115 906 2175 expugnata
949 2118 1303 2176 supererant,
1333 2125 1398 2164 ea
1421 2124 1636 2180 quoque
1660 2111 1914 2176 vastavit,
1959 2119 2020 2166 ut

439 2204 554 2250 tota
591 2193 968 2268 Hierosolyma
1009 2198 1275 2254 Romanis
1306 2201 1671 2272 expugnanda
1697 2212 1972 2257 restarent
2000 2219 2016 2257 :

437 2299 562 2353 quae
591 2284 839 2354 quidem,
902 2295 963 2340 ut
989 2285 1256 2353 diximus,
1314 2287 1552 2357 pessime
1605 2302 1664 2343 se
1716 2287 2017 2342 habebant.

438 2376 598 2431 Foris
625 2376 776 2431 enim
815 2377 1004 2433 Simon
1046 2394 1171 2433 cum
1217 2395 1312 2434 sua
1362 2379 1602 2434 factione
1649 2379 1854 2434 Judzeis
1907 2379 2016 2433 for-

439 2470 757 2526 mitlabilior
784 2481 906 2528 erat
942 2488 1107 2542 quam
1137 2473 1394 2528 Romani.
1427 2474 1577 2530 Intus
1607 2489 1742 2529 vero
1767 2473 1804 2528 ii
1838 2473 1932 2543 qui
1958 2488 2018 2528 se

439 2563 659 2620 Zelotas
716 2579 748 2619 a
792 2565 980 2621 studio
1027 2565 1310 2636 religionis
1352 2567 1652 2638 jactabant,
1706 2581 2017 2636 eorumque

437 2656 551 2711 dux
607 2656 873 2724 Joannes,
930 2667 986 2712 et
1053 2657 1319 2714 Romanis
1368 2669 1424 2714 et
1484 2658 1706 2714 Simone
1741 2657 2020 2730 graviores

2111 635 2542 706 ὑπερμαχοῦντα
2604 635 2837 697 πόλεως.
2903 633 3147 686 Ἐκεῖθεν
3205 632 3263 686 δὲ
3314 633 3437 686 καθ’
3490 633 3699 702 ἐτέρων

2112 729 2312 798 ἐχώρει
2347 725 2625 798 φρουρίων
2654 728 2748 780 καὶ
2779 725 3154 794 πολισμάτων,
3191 723 3289 778 καὶ
3325 723 3393 776 τά
3435 725 3535 792 μὲν
3563 727 3693 793 ὁμο-

2111 819 2290 891 λογίᾳ,
2346 820 2416 873 τά
2459 819 2516 872 δέ
2563 818 2856 888 πολιορκία
2899 817 3005 870 ὐπὸ
3051 815 3362 886 Ῥωμαίους
3404 816 3694 885 πεποίητο.

2114 913 2226 966 Καὶ
2274 910 2449 965 ταῦτα
2497 911 2600 982 ἡδη
2656 908 3162 980 κατεργασάμενος,
3212 905 3542 976 ἡτοιμάζετο
3602 906 3700 960 καὶ

2115 1004 2252 1074 αὐτῇ
2287 1000 2588 1074 προσμίξαι
2628 1004 2695 1072 τῇ
2748 999 3104 1070 μητροπόλει,
3139 997 3469 1068 διακειμένῃ
3507 995 3700 1058 κακῶς

2114 1099 2180 1150 ἐκ
2213 1095 2307 1149 τοῦ
2334 1096 2472 1167 πρδς
2499 1094 2766 1165 ἀλλήλους
2797 1089 3113 1156 στασιάζειν
3147 1093 3274 1153 τοὺς
3310 1091 3370 1143 ἐν
3403 1090 3567 1157 αὐτῇ,
3602 1085 3699 1139 καὶ

2115 1191 2196 1252 εἰς
2261 1187 2564 1260 ἐμφυλίους
2625 1184 3017 1254 ἐκκυλισθῆναι
3081 1182 3264 1254 μάχας
3312 1181 3410 1235 καὶ
3447 1179 3700 1249 ἀλλήλων

2117 1280 2358 1351 σφαγὰς,
2399 1277 2694 1333 κάντεῦθεν
2718 1277 2781 1330 τὸ
2817 1275 3062 1347 μάχιμον
3085 1273 3524 1346 διαφθείρεσθαι.
3567 1272 3700 1325 Ἐπ-

2117 1375 2245 1445 έσχε
2295 1374 2353 1426 δέ
2402 1371 2483 1442 τῷ
2527 1368 2934 1441 Οὐεσπασιανῷ
2983 1369 3082 1438 τὴν
3111 1367 3292 1438 ὁρμὴν
3335 1363 3626 1432 ἀγγελθεὶς
3671 1365 3700 1414 6

2115 1464 2313 1533 Νέρων
2341 1463 2440 1534 τῆς
2461 1461 2771 1533 αὐταρχίας
2794 1458 3194 1523 ἐκπεπτωκὼς,
3223 1456 3442 1526 καὶτῆς
3479 1455 3702 1524 Ῥώμης

2117 1554 2394 1626 λαθραίως
2427 1553 2649 1624 ἐκδράς,
2679 1553 2775 1606 καὶ
2810 1550 3009 1605 ἐαυτὸν
3050 1549 3280 1604 ἀνελών.
3313 1544 3448 1602 Εἶτα
3487 1547 3704 1602 Γάλϐαν

2122 1646 2312 1718 μαθὼν
2357 1647 2656 1716 γενόμενον
2693 1643 3096 1714 αὐτοκράτορα,
3123 1643 3284 1694 Τίτον
3320 1641 3533 1710 πέμπει
3564 1639 3707 1710 πρὸς

2118 1737 2304 1804 αὐτὸν,
2342 1736 2718 1807 προσεροῦντά
2743 1753 2802 1788 τε
2838 1736 2935 1789 κα)⁵
2972 1735 3000 1788 δ
3034 1750 3090 1786 τι
3127 1732 3256 1802 περὶ
3287 1729 3567 1784 Ἰουδαίων
3609 1745 3706 1781 κε-

2119 1829 2264 1884 λεύει
2296 1830 2653 1899 πευσόμενον.
2683 1829 2807 1880 Ἔτι
2833 1828 2891 1882 δέ
2924 1825 3050 1882 καθ’
3077 1825 3198 1879 δδδν
3222 1824 3376 1886 ὄντος
3403 1823 3589 1888 Τίτου,
3609 1821 3708 1875 καί⁵

2050 1887 2090 1942 Β
2121 1925 2149 1977 6
2184 1922 2395 1984 Γάλϐας
2420 1887 2682 1991 ἀνῄρητο.
2719 1920 2900 1990 Ὀπερ
2953 1919 3195 1980 ἀκούσας
3253 1917 3284 1970 6
3338 1915 3521 1979 Τίτος,
3567 1913 3708 1983 πρὸς

2122 2014 2216 2069 τὸν
2249 2014 2468 2084 πατέρα
2512 2014 2856 2076 παλινοστεῐ,
2888 2012 2984 2066 καὶ
3017 2011 3106 2064 διὰ
3148 2007 3210 2063 τδ
3250 2009 3383 2078 περὶ
3425 2009 3527 2076 τῆς
3565 2005 3706 2059 Ῥω-

2126 2107 2301 2179 μαίων
2339 2106 2512 2176 ἀρχῆς
2529 2105 2830 2176 ἀμφίϐολον
2862 2104 2964 2157 οὐκ
2993 2103 3315 2174 ἐπεχείρουν
3344 2103 3411 2172 τῇ
3440 2099 3580 2154 κατὰ
3599 2098 3706 2165 τῆς

2133 2198 2490 2271 Ἰερουσαλὴμ
2519 2196 2825 2269 προσϐολῇ,
2862 2195 2978 2249 ἀλλ’
3001 2196 3245 2266 ἠρέμουν
3273 2193 3331 2246 ἐν
3367 2189 3704 2262 Καισαρείᾳ.

2120 2292 2328 2348 Γάλϐου
2364 2291 2422 2344 δὲ
2449 2290 2827 2362 ἀνῃρημένου,
2857 2287 3038 2341 Ὄθων
3063 2289 3164 2356 τὴν
3191 2285 3368 2356 ἀρχὴν
3402 2283 3704 2350 διεδέξατο.

2121 2385 2205 2438 Τά
2237 2385 2293 2437 δὲ
2320 2385 2380 2436 ἐν
2414 2381 2699 2454 Γερμανίᾳ
2723 2381 3069 2451 τυγχάνοντα
3103 2379 3365 2448 τάγματα
3394 2375 3712 2430 Οὐϊτέλλιον

2119 2475 2501 2546 ἀνηγόρευσαν
2540 2472 2945 2543 αὐτοκράτορα.
2979 2469 3208 2533 Στείλας
3234 2464 3331 2523 οὖν
3366 2467 3547 2520 Ὄθων
3576 2467 3711 2519 ἐπο-

2119 2567 2280 2637 λέμει
2311 2565 2628 2637 Οὐϊτελλίῳ.
2670 2565 3025 2636 Ἠττημένων
3046 2562 3104 2616 δὲ
3123 2561 3230 2615 τῶν
3253 2558 3711 2628 ἀπεσταλμένων,

2125 2662 2304 2716 Ὄθων
2331 2660 2528 2713 ἐαυτὸν
2560 2657 2914 2729 διεχρήσατο.
2948 2656 3058 2709 Kal.
3091 2653 3404 2713 Οὐϊτέλλιος
3443 2653 3526 2712 εἰς
3571 2650 3711 2702 Ῥώ-

435 2758 598 2804 erant
631 2765 643 2800 :
675 2758 840 2819 atque
871 2751 1120 2806 urbanos
1151 2766 1220 2807 eo
1263 2752 1613 2806 necessitatis
1649 2749 1904 2821 adegere,
1958 2759 2014 2805 ul

2125 2769 2232 2825 μην
2276 2751 2444 2823 ἀπῄει
2486 2755 2585 2806 σὺν
2626 2753 2740 2812 τοῖς
2788 2747 3232 2820 στρατεύμασινο
3276 2743 3378 2815 ἡδη
3411 2745 3520 2812 γὰρ
3553 2741 3710 2810 αὐτῷ

437 2841 678 2912 populus
706 2841 987 2898 Simonem
1021 2858 1146 2898 cum
1183 2859 1279 2898 sua
1321 2843 1480 2898 turba
1506 2843 1560 2897 in
1603 2842 1791 2896 urbem
1827 2855 2014 2896 accer-

2122 2845 2218 2901 καὶ
2273 2846 2326 2899 oi
2366 2843 2462 2899 τοῦ
2500 2843 2741 2906 Ὄθωνος
2781 2841 3241 2914 προσεχώρησαν.
3287 2833 3715 2899 Οὐεσπασιανὸς

437 2943 606 3000 seret,
633 2949 732 3005 spe
765 2935 856 2991 ille
883 2936 1106 3004 quidem
1137 2933 1507 3004 reprimendae
1555 2933 1876 2988 Zelotarum
1935 2941 2014 3002 ty-

2123 2937 2203 3004 δέ,
2240 2939 2294 2991 ετ
2319 2954 2444 2990 τινα
2474 2931 2617 3007 ἦσαν
2659 2935 2956 3007 περίλοιπα
2984 2934 3094 2988 τῶν
3131 2931 3411 2986 Ἰουδαίων
3459 2928 3716 2999 πολίχνια

439 3027 695 3082 rannidis
731 3029 862 3083 :sed
893 3043 1002 3082 non
1038 3025 1456 3090 animadvertit,
1479 3041 1538 3080 se
1569 3027 1878 3097 graviorem
1904 3024 2014 3079 suis

2125 3029 2296 3100 μήπω
2322 3027 2624 3091 ἑαλωκότα,
2651 3025 2867 3088 στείλας
2895 3024 3122 3096 ἐπόρθει
3163 3024 3256 3076 καὶ
3278 3022 3478 3086 ταῦτα,
3510 3021 3586 3082 ώς
3617 3020 3716 3089 μό-

441 3122 764 3177 ccrvirihus
799 3130 1092 3193 tyrannum
1121 3120 1472 3190 imposuisse.
1498 3119 1639 3174 Dum
1671 3119 1786 3173 haec
1826 3115 2014 3172 Hiero-

2122 3138 2222 3193 νην
2249 3122 2350 3194 ἡδη
2380 3121 2480 3191 τὴν
2509 3120 2620 3174 τῶν
2662 3103 3060 3191 Ἰεροσολύμων
3100 3118 3260 3171 πόλιν
3319 3113 3522 3168 σκοπὸν
3569 3112 3714 3165 Ῥω-
3773 3159 3776 3162 .

437 3207 664 3279 solymis
703 3217 994 3278 geruntur,
1033 3208 1286 3263 Vitellius
1317 3209 1548 3262 Romam
1592 3207 1874 3278 profectus
1911 3207 2014 3261 im-

2126 3212 2307 3284 μαίοις
2357 3211 2885 3284 περιλιμπάνεσθαι.
2933 3211 3140 3264 Ἐνόσει
3175 3210 3232 3264 δέ
3270 3207 3484 3271 δεινῶς,
3517 3207 3595 3268 ὡς
3631 3204 3716 3258 εί-

439 3310 662 3372 perator
714 3300 1026 3370 appellatur
1070 3315 1282 3370 :quem
1328 3315 1456 3356 cum
1488 3300 1883 3370 Vespasianus,
1946 3313 2014 3355 eo

2126 3322 2312 3377 ρηται,
2361 3304 2433 3360 τά
2475 3304 2574 3375 τῆς
2607 3304 2838 3367 πόλεως.
2881 3302 3124 3368 Ἐξωθεν
3175 3300 3275 3371 μὲν
3309 3300 3417 3370 γὰρ
3463 3301 3491 3352 6
3522 3296 3713 3366 Σίμων

436 3393 639 3449 nuntio
673 3394 902 3448 minime
933 3394 1262 3460 delectatus,
1297 3393 1585 3448 dominum
1611 3393 1818 3448 habere
1852 3409 2014 3449 recu-

2125 3398 2223 3451 καὶ
2248 3397 2298 3450 oi
2325 3396 2457 3467 περὶ
2484 3395 2652 3451 αὐτὸν
2693 3398 2808 3460 τοῖς
2837 3395 3119 3456 Ἰουδαίοις
3157 3392 3451 3464 Ῥωμαίων
3477 3389 3717 3460 ἐτύγχα-

435 3493 656 3549 saret,a
689 3485 807 3541 suis
839 3484 1078 3542 ducibus
1116 3494 1172 3542 et
1198 3485 1435 3542 militum
1469 3499 1745 3541 consensu
1777 3485 2014 3555 impera-

2125 3506 2218 3543 vov
2265 3489 2667 3561 φοϐερώτερον
2699 3489 2848 3543 ἐνδον
2891 3488 2937 3543 δ’
2967 3487 3017 3541 ol
3063 3487 3309 3557 ζηλωταὶ
3354 3482 3713 3552 καλούμενοι,

435 3585 526 3634 tor
551 3580 841 3636 salutatur.

2125 3582 2223 3636 καί
2249 3583 2276 3635 6
2298 3580 2505 3635 τούτων
2531 3583 2778 3653 ἐξάρχων
2814 3580 3092 3648 Ἰωάννης,
3121 3579 3218 3632 καὶ
3254 3579 3543 3646 Ῥωμαίων
3567 3568 3714 3645 ἦσαν

434 3674 533 3728 καλ⁸
573 3671 670 3727 τοῦ
700 3672 947 3744 Σίμωνος
983 3671 1379 3745 χαλεπώτεροι.
1423 3673 1772 3744 Σφοδρότατα
1800 3673 1859 3727 δέ
1892 3670 2235 3743 βιαζομένων
2298 3675 2426 3737 τοὺς
2479 3677 2538 3728 ἐν
2603 3677 2672 3746 τῇ
2705 3674 2859 3728 πόλει
2885 3673 2996 3728 τῶν
3017 3671 3297 3743 ζηλωτῶν,
3351 3669 3714 3741 ἡναγκάσθη-

435 3787 537 3825 σαν
567 3771 617 3822 οί
652 3767 747 3823 τοῦ
778 3769 952 3840 δὴμου
985 3769 1078 3823 τὸν
1111 3768 1334 3839 Σίμωνα
1369 3769 1510 3841 μετά
1546 3769 1644 3823 τοῦ
1694 3769 1826 3839 περὶ
1891 3769 2060 3823 αὐτὸν
2097 3768 2340 3840 πλήθους
2385 3771 2468 3834 είς
2516 3770 2616 3841 τὴν
2651 3769 2808 3824 πόλιν
2853 3767 3302 3839 παρακαλοῦντες
3368 3767 3711 3835 εἰσαγαγεῖν,

431 3863 508 3926 ώς
536 3863 677 3932 τάχα
717 3859 820 3928 τῆς
851 3859 961 3913 τῶν
1006 3858 1269 3930 ζηλωτῶν
1301 3860 1617 3932 τυραννίδος
1665 3861 1868 3924 αὐτοὺς
1951 3860 2333 3926 ἀπαλλάξοντα
2354 3879 2369 3894 ο
2445 3863 2640 3918 ἔλαθον
2692 3862 2750 3916 δέ
2815 3863 3039 3934 χείρονα
3070 3861 3196 3916 καθ’
3228 3862 3442 3914 ἐαυτῶν
3468 3861 3714 3926 εἰσδεξά-

437 3972 590 4027 μενοι
619 3953 906 4026 τύραννον.
941 3952 1163 4008 Τούτων
1189 3954 1299 4008 δ’ἐν
1338 3955 1741 4027 Ἰεροσολύμοις
1801 3955 2225 4026 πραττομένων,
2281 3956 2594 4022 Οὐϊτέλλιος
2651 3957 2752 4030 τὴν
2825 3957 3049 4029 Ῥώμην
3080 3955 3407 4017 κατέλαϐεν,
3439 3955 3714 4026 αὐτοκρά-

430 4065 546 4119 τωρ
583 4047 940 4119 ἀναρρηθείς.
973 4046 1373 4116 Οὐεσπασιανῷ
1411 4049 1636 4118 μαθόντι
1681 4046 1858 4102 ταῦτα
1921 4047 2022 4100 οὐκ
2065 4047 2292 4118 ἡρεσκε,
2329 4050 2424 4102 καὶ
2483 4049 2719 4119 ἀπηξίου
2753 4049 3027 4120 δεσπότην
3068 4050 3220 4120 ἐχειν
3252 4049 3344 4103 τὸν
3375 4047 3708 4106 Οὐϊτέλλιον.

432 4143 498 4197 Ui
538 4141 582 4195 δ’
611 4140 881 4212 ἡγεμόνες
907 4139 1016 4194 τῶν
1052 4141 1150 4194 σὺν
1189 4140 1337 4211 αὐτῷ
1377 4141 1701 4212 ταγμάτων,
1769 4138 1908 4194 ἀλλὰ
1983 4137 2090 4210 μὴν
2128 4141 2222 4194 καὶ
2251 4141 2320 4212 [oi
2368 4141 2701 4212 στρατιῶται
2754 4140 3122 4206 συνελθόντες,
3178 4141 3572 4214 ἀναγορεύουσι
3617 4141 3712 4196 τὸν

434 4235 844 4290 Οἱεσπασιανδν
870 4233 1270 4304 αὐτοκράτορα.

503 4325 648 4382 XIX.
674 4325 992 4388 Soluturus.
1022 4326 1134 4382 ﬁlio
1159 4325 1284 4380 Tito
1307 4325 1824 4398 Hierosolymorum
1855 4323 2007 4379 obsi-

2187 4321 2268 4377 18'
2281 4363 2297 4379 .
2343 4322 2403 4377 '0
2429 4322 2508 4388 δὲ,
2539 4321 2749 4394 μέλλων
2777 4322 2882 4393 ἡδη
2911 4321 3163 4388 ἐκπλεῖν,
3199 4322 3280 4394 τῷ
3306 4321 3410 4394 υἱῷ
3433 4322 3579 4393 Τίτῳ
3608 4323 3712 4394 τὴν

432 4416 657 4471 dionem
708 4415 984 4470 mandat:
1021 4416 1116 4485 qui
1167 4416 1473 4471 contractis
1508 4416 1563 4470 in
1614 4431 1786 4470 unum
1836 4414 2011 4481 copiis

2116 4417 2228 4470 τῶν
2274 4415 2670 4487 Ἱεροσολύμων
2703 4416 3024 4485 πολιορκίαν
3053 4416 3302 4472 ἀνέθετο.
3336 4418 3434 4480 Ὃς
3471 4417 3570 4481 τάς
3616 4417 3710 4471 δυ-

434 4508 817 4580 Hierosolyma
882 4507 1189 4571 contendit,
1249 4516 1307 4562 et
1346 4522 1452 4561 xxx
1496 4507 1565 4561 ab
1618 4506 1755 4561 urbe
1815 4506 2011 4560 stadiis

2120 4507 2315 4574 νάμεις
2341 4506 2696 4578 συναγαγὼν,
2722 4508 2891 4580 ἀπῄει
2926 4508 3065 4579 πρὸς
3095 4508 3166 4562 τά
3198 4508 3580 4579 Ἰεροσόλυμα,
3611 4509 3710 4563 καὶ

432 4607 886 4663 castrametatus,
935 4616 999 4654 oc
1059 4599 1342 4669 equilibus
1377 4599 1674 4668 assumptis
1719 4597 1788 4652 ad
1821 4599 2012 4651 urbem

2121 4601 2229 4670 πρὸ
2278 4601 2577 4673 τριάκοντα
2623 4600 2854 4655 σταδίων
2900 4601 3437 4669 ἐστρατοπεδευκώς,
3489 4602 3710 4655 ἐκεῖθεν

433 4692 825 4762 speculandam
863 4700 920 4746 et
943 4691 1158 4746 animos
1190 4691 1430 4745 hostium
1460 4690 1854 4760 periclitandos
1877 4689 2011 4744 abit.

2118 4691 2439 4758 ἑξακοσίους
2476 4691 2587 4745 τῶν
2622 4691 2929 4746 ἐπιλέκτων
2972 4691 3188 4746 ίππέων
3216 4690 3576 4762 παραλαϐὼν,
3619 4691 3710 4762 ᾔει

321 4785 326 4790 ’
436 4783 636 4837 Statim
669 4797 802 4836 vero
835 4781 1038 4836 inﬁniti
1091 4798 1158 4838 ex
1194 4782 1331 4837 urbe
1381 4790 1757 4852 procurrunt:
1795 4797 1860 4837 ac
1891 4783 2013 4852 plu-

434 4874 562 4928 rimi
592 4889 658 4930 ex
689 4872 799 4928 Titi
828 4874 1132 4944 equitibus,
1173 4874 1442 4930 furiosum
1480 4875 1796 4931 Iudaeorum
1835 4875 2015 4946 impe-

435 4977 553 5022 tum
582 4981 664 5022 cei
681 4975 893 5026 senm.
923 4967 1315 5024 substiterunt.
1347 4969 1470 5038 Ipse
1492 4984 1625 5024 vero
1649 4985 1775 5024 cum
1799 4969 2012 5039 paucis,

432 5061 661 5118 avulsus
717 5076 749 5115 a
796 5061 1034 5124 caeteris,
1083 5061 1333 5131 undique
1372 5063 1442 5116 ab
1474 5062 1730 5116 hostibus
1778 5063 2017 5118 cireum-

433 5161 650 5215 ventus,
679 5151 1064 5206 animadverso
1093 5151 1339 5222 periculo
1381 5153 1660 5207 convertit
1691 5167 1926 5222 equum,
1958 5160 2016 5207 et

431 5245 550 5302 suis
584 5244 743 5316 sequi
779 5243 951 5315 jussis
981 5243 1034 5298 in
1061 5243 1281 5299 Judaaos
1317 5243 1483 5298 irruit
1519 5261 1532 5298 :
1565 5259 1628 5298 ac
1660 5245 1844 5299 obviis
1881 5245 2012 5315 qui-

431 5337 648 5408 busque
685 5337 873 5410 gladio
950 5337 1308 5408 propulsatis,
1365 5338 1552 5392 salvus
1597 5339 1651 5392 in
1691 5347 1868 5394 castra
1927 5355 2018 5394 re—

433 5430 726 5496 vertitur,
789 5429 1012 5486 duobus
1084 5429 1356 5485 duntaxat
1431 5429 1697 5484 comitum
1785 5445 2014 5485 suorum

431 5522 612 5579 casis.
690 5522 964 5578 Postridie
1038 5537 1349 5577 conscenso
1405 5523 1530 5577 loco
1597 5523 1692 5593 qui
1761 5524 2014 5593 specula-

436 5619 526 5666 tor
575 5611 817 5675 dicitur,
873 5628 947 5668 vn
1013 5613 1209 5668 stadiis
1249 5613 1318 5668 ab
1369 5613 1506 5669 urbe
1545 5612 1756 5669 distans
1787 5655 1802 5678 ,
1867 5613 2015 5669 unde

433 5711 496 5756 et
545 5703 677 5756 urbs
743 5711 801 5757 et
873 5703 1141 5772 templum
1211 5713 1545 5774 spectatur,
1628 5714 1806 5760 castra
1890 5721 2014 5760 mu-

439 5792 548 5846 niri
608 5793 786 5864 jubet.
853 5793 1059 5849 Urbani
1128 5811 1260 5849 vero
1341 5795 1577 5852 subinde
1646 5798 1801 5866 prius
1872 5795 2017 5850 inter

443 5887 606 5963 293
640 5902 701 5945 se
738 5887 1001 5945 dimicare
1027 5888 1206 5957 soliti,
1237 5891 1310 5948 ob
1335 5893 1612 5964 ingentem
1643 5891 1858 5950 externi
1881 5889 2014 5949 belli

2115 4784 2218 4853 τὴν
2261 4784 2416 4838 πόλιν
2459 4785 2966 4856 κατασκεψόμενος.
2995 4783 3188 4838 καὶτά
3218 4784 3547 4855 φρονήματα
3594 4785 3711 4839 τῶν

2118 4879 2295 4941 ἐντός.
2347 4877 2704 4932 Ἐπεκθέουσι
2756 4877 2814 4931 δὲ
2855 4877 2956 4948 τῆς
2997 4877 3208 4942 πόλεως
3237 4877 3479 4948 ἄπειροι,
3511 4876 3608 4930 καὶ
3655 4878 3708 4932 οἱ

2119 4969 2220 5039 μὲν
2264 4968 2508 5023 πλεῖστοι
2546 4969 2655 5022 τῶν
2697 4970 2839 5038 μετὰ
2875 4969 3062 5032 Τίτου,
3103 4968 3346 5039 μανιώδη
3385 4969 3485 5037 τὴν
3524 4969 3710 5040 ὁρμὴν

2117 5061 2228 5113 τῶν
2275 5061 2552 5115 Ἰουδαίων
2589 5061 2848 5130 δρῶντες,
2875 5059 3227 5130 ἀνεκόπησαν
3255 5058 3349 5114 τοῦ
3381 5059 3571 5130 πρόσω
3597 5077 3710 5130 χω-

2121 5156 2258 5224 ρεῖν.
2308 5153 2367 5206 '0
2399 5153 2558 5216 Τῖτος
2586 5152 2666 5218 δὲ,
2701 5153 2821 5222 μετ’
2845 5151 3046 5220 ὀλίγων
3079 5151 3190 5205 τῶν
3236 5151 3413 5205 ἀλλων
3439 5152 3702 5223 ἀποτμη-

2120 5245 2254 5310 θεὶς,
2316 5249 2397 5310 είς
2461 5246 2665 5316 μέσους
2723 5245 2852 5308 τοὺς
2902 5245 3200 5312 πολεμίους
3239 5243 3706 5317 ἐμπεριείληπτο.

2120 5337 2230 5390 Καὶ
2264 5338 2428 5404 γνοὺς
2467 5339 2526 5390 ἐν
2578 5336 2812 5408 κινδύνῳ
2867 5337 2937 5390 τά
2979 5335 3101 5390 κατ’
3140 5337 3325 5399 αὐτὸν,
3379 5335 3707 5407 ἐπιστρέφει

2117 5427 2211 5480 τὸν
2235 5427 2425 5492 ἵππον,
2455 5430 2696 5492 καὶτοῖς
2736 5427 2866 5500 περὶ
2910 5427 3075 5481 αὐτὸν
3116 5428 3399 5499 ἐμϐοήσας
3445 5425 3705 5493 ἔπεσθαι,

2118 5524 2381 5594 ἐμϐάλλει
2410 5527 2523 5589 τοϊς
2546 5524 2847 5588 Ἰουδαίοις,
2888 5526 2980 5578 καὶ
3004 5523 3082 5593 τῷ
3113 5523 3258 5594 ξίφει
3283 5525 3409 5586 τοὺς
3447 5521 3706 5584 ἐπιόντας

2117 5617 2466 5670 ἀναστέλλων
2532 5617 2627 5670 ἐπὶ
2683 5615 2744 5669 τὸ
2793 5617 3179 5686 στρατόπεδον,
3230 5613 3579 5678 διασώζεται,
3606 5611 3706 5666 δύο

2119 5713 2398 5763 πεσόντων
2427 5711 2492 5762 ἐκ
2521 5710 2629 5762 τῶν
2655 5709 2940 5778 ἐπομένων
2978 5708 3149 5780 αὐτῷ.
3184 5707 3322 5763 Μεθ’
3345 5707 3566 5778 ἡμέραν
3604 5703 3702 5758 οὖν

2119 5801 2215 5852 ἐπὶ
2245 5799 2337 5854 τὸν
2367 5801 2580 5854 Σκοπὸν
2609 5799 2778 5855 ἐλθὼν
2812 5799 2996 5870 (τόπος
3018 5798 3062 5853 δ’
3085 5799 3236 5852 ἐστὶν
3256 5796 3399 5850 οὕτω
3426 5793 3703 5864 καλούμε-

2120 5909 2229 5961 νος,
2275 5891 2468 5965 διέχων
2518 5893 2617 5967 τῆς
2655 5892 2864 5958 πόλεως
2908 5891 3154 5957 σταδίους
3195 5888 3357 5955 ἑπτὰ,
3393 5887 3518 5943 ὅθεν
3554 5886 3592 5960 ἡ
3639 5903 3700 5940 τε
