  <div class='ocr_page' id='page_1' title='image "/cluster/home/n/w/nwhite01/storage/ocr_20150623/134:no.1/coo.31924054870393/264.png"; bbox 0 0 4074 6440; ppageno 0'>
   <div class='ocr_carea' id='block_1_1' title="bbox 268 313 3548 391">
    <p class='ocr_par' dir='ltr' id='par_1_1' title="bbox 268 313 3548 391">
     <span class='ocr_line' id='line_1_1' title="bbox 268 313 3548 391; baseline -0.001 -16"><span class='ocrx_word' id='word_1_1' title='bbox 268 313 376 377; x_wconf 73' lang='lat'><strong>513</strong></span> <span class='ocrx_word' id='word_1_2' title='bbox 1551 313 1964 375; x_wconf 78' lang='lat' dir='ltr'><strong>ANNALIUM</strong></span> <span class='ocrx_word' id='word_1_3' title='bbox 2005 315 2154 375; x_wconf 89' lang='lat' dir='ltr'><strong>LlB.</strong></span> <span class='ocrx_word' id='word_1_4' title='bbox 2201 315 2299 378; x_wconf 76' lang='lat' dir='ltr'><strong>vr.</strong></span> <span class='ocrx_word' id='word_1_5' title='bbox 3439 326 3548 391; x_wconf 69' lang='grc' dir='ltr'>δη</span> 
     </span>
    </p>
   </div>
   <div class='ocr_carea' id='block_1_2' title="bbox 268 419 1861 512">
    <p class='ocr_par' dir='ltr' id='par_1_2' title="bbox 268 419 1861 494">
     <span class='ocr_line' id='line_1_2' title="bbox 268 419 1861 494; baseline 0.001 -18"><span class='ocrx_word' id='word_1_6' title='bbox 268 425 424 486; x_wconf 72' lang='grc' dir='ltr'>πόλις</span> <span class='ocrx_word' id='word_1_7' title='bbox 461 420 558 475; x_wconf 66' lang='grc' dir='ltr'>καὶ</span> <span class='ocrx_word' id='word_1_8' title='bbox 597 421 626 473; x_wconf 97' lang='lat'><strong>6</strong></span> <span class='ocrx_word' id='word_1_9' title='bbox 661 420 787 479; x_wconf 65' lang='grc' dir='ltr'>ναὸς</span> <span class='ocrx_word' id='word_1_10' title='bbox 830 419 1254 494; x_wconf 61' lang='grc' dir='ltr'>καταξαῖνεται)</span> <span class='ocrx_word' id='word_1_11' title='bbox 1317 421 1715 494; x_wconf 82' lang='grc' dir='ltr'>περιϐαλέσθαι</span> <span class='ocrx_word' id='word_1_12' title='bbox 1767 443 1861 479; x_wconf 86' lang='grc' dir='ltr'>κε-</span> 
     </span>
    </p>
   </div>
   <div class='ocr_carea' id='block_1_3' title="bbox 1963 419 3553 512">
    <p class='ocr_par' dir='ltr' id='par_1_3' title="bbox 1966 427 3553 512">
     <span class='ocr_line' id='line_1_3' title="bbox 1966 427 3553 512; baseline 0.013 -35"><span class='ocrx_word' id='word_1_13' title='bbox 1966 427 2267 495; x_wconf 91' lang='lat' dir='ltr'><strong>procellam</strong></span> <span class='ocrx_word' id='word_1_14' title='bbox 2292 427 2564 500; x_wconf 87' lang='lat' dir='ltr'><strong>dirempta</strong></span> <span class='ocrx_word' id='word_1_15' title='bbox 2592 430 2690 487; x_wconf 92' lang='lat' dir='ltr'><strong>lite</strong></span> <span class='ocrx_word' id='word_1_16' title='bbox 2713 432 2851 489; x_wconf 84' lang='lat' dir='ltr'><strong>urbe</strong></span> <span class='ocrx_word' id='word_1_17' title='bbox 2871 446 3196 501; x_wconf 80' lang='lat' dir='ltr'><strong>excurrunt,</strong></span> <span class='ocrx_word' id='word_1_18' title='bbox 3222 452 3348 494; x_wconf 90' lang='lat' dir='ltr'><strong>cum</strong></span> <span class='ocrx_word' id='word_1_19' title='bbox 3369 439 3439 497; x_wconf 90' lang='lat' dir='ltr'><strong>iis</strong></span> <span class='ocrx_word' id='word_1_20' title='bbox 3459 443 3553 512; x_wconf 91' lang='lat' dir='ltr'><strong>qui</strong></span> 
     </span>
    </p>
   </div>
   <div class='ocr_carea' id='block_1_4' title="bbox 240 514 1861 599">
    <p class='ocr_par' dir='ltr' id='par_1_4' title="bbox 240 514 1860 599">
     <span class='ocr_line' id='line_1_4' title="bbox 240 514 1860 599; baseline 0.001 -30"><span class='ocrx_word' id='word_1_21' title='bbox 240 516 416 576; x_wconf 15' lang='grc' dir='ltr'>,λεύει</span> <span class='ocrx_word' id='word_1_22' title='bbox 453 515 847 599; x_wconf 58' lang='grc' dir='ltr'>στρατόπεδον.</span> <span class='ocrx_word' id='word_1_23' title='bbox 885 514 1006 566; x_wconf 86' lang='grc' dir='ltr'>Τῶν</span> <span class='ocrx_word' id='word_1_24' title='bbox 1033 514 1164 572; x_wconf 74' lang='grc' dir='ltr'>δ’ζέν</span> <span class='ocrx_word' id='word_1_25' title='bbox 1187 518 1251 587; x_wconf 79' lang='grc' dir='ltr'>τῇ</span> <span class='ocrx_word' id='word_1_26' title='bbox 1286 517 1442 569; x_wconf 81' lang='grc' dir='ltr'>πόλει</span> <span class='ocrx_word' id='word_1_27' title='bbox 1468 518 1860 590; x_wconf 71' lang='grc' dir='ltr'>συρρηγνυμέ-</span> 
     </span>
    </p>
   </div>
   <div class='ocr_carea' id='block_1_5' title="bbox 1963 514 3553 599">
    <p class='ocr_par' dir='ltr' id='par_1_5' title="bbox 1965 519 3553 588">
     <span class='ocr_line' id='line_1_5' title="bbox 1965 519 3553 588; baseline 0.009 -17"><span class='ocrx_word' id='word_1_28' title='bbox 1965 519 2171 572; x_wconf 81' lang='lat' dir='ltr'><strong>vallum</strong></span> <span class='ocrx_word' id='word_1_29' title='bbox 2208 519 2468 574; x_wconf 92' lang='lat' dir='ltr'><strong>muniunt</strong></span> <span class='ocrx_word' id='word_1_30' title='bbox 2500 521 2804 578; x_wconf 74' lang='lat' dir='ltr'><strong>dimicant:</strong></span> <span class='ocrx_word' id='word_1_31' title='bbox 2836 536 2893 580; x_wconf 90' lang='lat' dir='ltr'><strong>et</strong></span> <span class='ocrx_word' id='word_1_32' title='bbox 2922 527 3054 582; x_wconf 90' lang='lat' dir='ltr'><strong>dum</strong></span> <span class='ocrx_word' id='word_1_33' title='bbox 3084 528 3276 585; x_wconf 82' lang='lat' dir='ltr'><strong>hostes</strong></span> <span class='ocrx_word' id='word_1_34' title='bbox 3308 531 3553 588; x_wconf 82' lang='lat' dir='ltr'><strong>cladibus</strong></span> 
     </span>
    </p>
   </div>
   <div class='ocr_carea' id='block_1_6' title="bbox 265 606 1862 677">
    <p class='ocr_par' dir='ltr' id='par_1_6' title="bbox 265 606 1862 677">
     <span class='ocr_line' id='line_1_6' title="bbox 265 606 1862 677; baseline 0.001 -16"><span class='ocrx_word' id='word_1_35' title='bbox 265 627 378 661; x_wconf 87' lang='grc' dir='ltr'><strong>νων</strong></span> <span class='ocrx_word' id='word_1_36' title='bbox 430 606 687 677; x_wconf 83' lang='grc' dir='ltr'>ἀλλήλοις</span> <span class='ocrx_word' id='word_1_37' title='bbox 744 608 856 671; x_wconf 51' lang='grc' dir='ltr'>ἀεὶ,</span> <span class='ocrx_word' id='word_1_38' title='bbox 903 608 1024 658; x_wconf 77' lang='grc' dir='ltr'>τότε</span> <span class='ocrx_word' id='word_1_39' title='bbox 1077 607 1248 671; x_wconf 73' lang='grc' dir='ltr'>πολὺς</span> <span class='ocrx_word' id='word_1_40' title='bbox 1285 607 1534 662; x_wconf 84' lang='grc' dir='ltr'>ἐπελθὼν</span> <span class='ocrx_word' id='word_1_41' title='bbox 1581 611 1610 662; x_wconf 89' lang='lat'><strong>6</strong></span> <span class='ocrx_word' id='word_1_42' title='bbox 1659 609 1862 673; x_wconf 79' lang='grc' dir='ltr'>ἔξωθεν</span> 
     </span>
    </p>
   </div>
   <div class='ocr_carea' id='block_1_7' title="bbox 265 699 1862 773">
    <p class='ocr_par' dir='ltr' id='par_1_7' title="bbox 265 699 1862 773">
     <span class='ocr_line' id='line_1_7' title="bbox 265 699 1862 773; baseline 0.001 -19"><span class='ocrx_word' id='word_1_43' title='bbox 265 702 532 770; x_wconf 78' lang='grc' dir='ltr'>πόλεμος,</span> <span class='ocrx_word' id='word_1_44' title='bbox 578 702 680 770; x_wconf 84' lang='grc' dir='ltr'>τὴν</span> <span class='ocrx_word' id='word_1_45' title='bbox 724 699 843 770; x_wconf 75' lang='grc' dir='ltr'>ἔριν</span> <span class='ocrx_word' id='word_1_46' title='bbox 885 701 1220 756; x_wconf 70' lang='grc' dir='ltr'><strong>ἀνέπαυσεν.</strong></span> <span class='ocrx_word' id='word_1_47' title='bbox 1264 701 1571 773; x_wconf 78' lang='grc' dir='ltr'><strong>Ἐμάχοντο</strong></span> <span class='ocrx_word' id='word_1_48' title='bbox 1614 701 1708 756; x_wconf 83' lang='grc' dir='ltr'><strong>οῦν</strong></span> <span class='ocrx_word' id='word_1_49' title='bbox 1747 705 1862 766; x_wconf 82' lang='grc' dir='ltr'>τοῖς</span> 
     </span>
    </p>
   </div>
   <div class='ocr_carea' id='block_1_8' title="bbox 267 791 1861 865">
    <p class='ocr_par' dir='ltr' id='par_1_8' title="bbox 267 791 1861 865">
     <span class='ocr_line' id='line_1_8' title="bbox 267 791 1861 865; baseline 0 -19"><span class='ocrx_word' id='word_1_50' title='bbox 267 791 630 863; x_wconf 82' lang='grc' dir='ltr'>βαλλομένοις</span> <span class='ocrx_word' id='word_1_51' title='bbox 687 792 1054 863; x_wconf 85' lang='grc' dir='ltr'>στρατόπεδον</span> <span class='ocrx_word' id='word_1_52' title='bbox 1099 793 1148 845; x_wconf 78' lang='grc' dir='ltr'>οἱ</span> <span class='ocrx_word' id='word_1_53' title='bbox 1199 793 1467 858; x_wconf 84' lang='grc' dir='ltr'>Ἰουδαῖοι,</span> <span class='ocrx_word' id='word_1_54' title='bbox 1501 794 1603 865; x_wconf 80' lang='grc' dir='ltr'><strong>τῆς</strong></span> <span class='ocrx_word' id='word_1_55' title='bbox 1651 795 1861 858; x_wconf 85' lang='grc' dir='ltr'>πόλεως</span> 
     </span>
    </p>
   </div>
   <div class='ocr_carea' id='block_1_9' title="bbox 266 882 1860 956">
    <p class='ocr_par' dir='ltr' id='par_1_9' title="bbox 266 882 1860 956">
     <span class='ocr_line' id='line_1_9' title="bbox 266 882 1860 956; baseline 0.001 -18"><span class='ocrx_word' id='word_1_56' title='bbox 266 885 652 956; x_wconf 65' lang='grc' dir='ltr'><strong>ἐκτρέχοντες,</strong></span> <span class='ocrx_word' id='word_1_57' title='bbox 684 885 778 936; x_wconf 59' lang='grc' dir='ltr'><strong>καὶ⁵</strong></span> <span class='ocrx_word' id='word_1_58' title='bbox 808 882 1047 936; x_wconf 78' lang='grc' dir='ltr'>ἐκάκουν</span> <span class='ocrx_word' id='word_1_59' title='bbox 1083 884 1212 948; x_wconf 79' lang='grc' dir='ltr'>τοὺς</span> <span class='ocrx_word' id='word_1_60' title='bbox 1243 885 1544 950; x_wconf 80' lang='grc' dir='ltr'>ἐναντίους,</span> <span class='ocrx_word' id='word_1_61' title='bbox 1579 886 1782 956; x_wconf 86' lang='grc' dir='ltr'>μᾶλλον</span> <span class='ocrx_word' id='word_1_62' title='bbox 1813 887 1860 939; x_wconf 87' lang='grc' dir='ltr'>δ’</span> 
     </span>
    </p>
   </div>
   <div class='ocr_carea' id='block_1_10' title="bbox 264 974 1858 1047">
    <p class='ocr_par' dir='ltr' id='par_1_10' title="bbox 264 974 1858 1047">
     <span class='ocr_line' id='line_1_10' title="bbox 264 974 1858 1047; baseline 0.001 -18"><span class='ocrx_word' id='word_1_63' title='bbox 264 976 574 1029; x_wconf 70' lang='grc' dir='ltr'><strong>ἐκακοῦντο</strong></span> <span class='ocrx_word' id='word_1_64' title='bbox 627 974 808 1029; x_wconf 86' lang='grc' dir='ltr'>αύτοί.</span> <span class='ocrx_word' id='word_1_65' title='bbox 858 975 1233 1045; x_wconf 80' lang='grc' dir='ltr'><strong>Λωφήσαντος</strong></span> <span class='ocrx_word' id='word_1_66' title='bbox 1267 975 1324 1030; x_wconf 86' lang='grc' dir='ltr'><strong>δέ</strong></span> <span class='ocrx_word' id='word_1_67' title='bbox 1367 976 1504 1046; x_wconf 72' lang='grc' dir='ltr'>πρὸς</span> <span class='ocrx_word' id='word_1_68' title='bbox 1543 977 1718 1047; x_wconf 69' lang='grc' dir='ltr'>βραχὺ</span> <span class='ocrx_word' id='word_1_69' title='bbox 1764 977 1858 1030; x_wconf 91' lang='grc' dir='ltr'><strong>τοῦ</strong></span> 
     </span>
    </p>
   </div>
   <div class='ocr_carea' id='block_1_11' title="bbox 266 1066 1861 1140">
    <p class='ocr_par' dir='ltr' id='par_1_11' title="bbox 266 1066 1861 1140">
     <span class='ocr_line' id='line_1_11' title="bbox 266 1066 1861 1140; baseline -0.001 -19"><span class='ocrx_word' id='word_1_70' title='bbox 266 1068 507 1140; x_wconf 68' lang='grc' dir='ltr'>θύραθεν</span> <span class='ocrx_word' id='word_1_71' title='bbox 537 1066 805 1138; x_wconf 87' lang='grc' dir='ltr'>πολέμου,</span> <span class='ocrx_word' id='word_1_72' title='bbox 841 1067 1006 1119; x_wconf 87' lang='grc' dir='ltr'>πάλιν</span> <span class='ocrx_word' id='word_1_73' title='bbox 1046 1069 1159 1128; x_wconf 89' lang='grc' dir='ltr'>τοῖς</span> <span class='ocrx_word' id='word_1_74' title='bbox 1209 1067 1359 1120; x_wconf 76' lang='grc' dir='ltr'>ἔνδον</span> <span class='ocrx_word' id='word_1_75' title='bbox 1408 1069 1439 1136; x_wconf 82' lang='grc' dir='ltr'>ἡ</span> <span class='ocrx_word' id='word_1_76' title='bbox 1491 1067 1678 1124; x_wconf 84' lang='grc' dir='ltr'>στάσις</span> <span class='ocrx_word' id='word_1_77' title='bbox 1709 1067 1861 1138; x_wconf 77' lang='grc' dir='ltr'>ἡγείο</span> 
     </span>
    </p>
   </div>
   <div class='ocr_carea' id='block_1_12' title="bbox 269 1157 1860 1232">
    <p class='ocr_par' dir='ltr' id='par_1_12' title="bbox 269 1157 1860 1232">
     <span class='ocr_line' id='line_1_12' title="bbox 269 1157 1860 1232; baseline 0 -20"><span class='ocrx_word' id='word_1_78' title='bbox 269 1178 416 1232; x_wconf 80' lang='grc' dir='ltr'>ρετο.</span> <span class='ocrx_word' id='word_1_79' title='bbox 451 1160 562 1212; x_wconf 74' lang='grc' dir='ltr'><strong>Καὶ</strong></span> <span class='ocrx_word' id='word_1_80' title='bbox 590 1158 730 1230; x_wconf 88' lang='grc' dir='ltr'>δόλῳ</span> <span class='ocrx_word' id='word_1_81' title='bbox 767 1158 830 1212; x_wconf 82' lang='grc' dir='ltr'>τὺ</span> <span class='ocrx_word' id='word_1_82' title='bbox 859 1159 1006 1226; x_wconf 68' lang='grc' dir='ltr'>ἱερὸν</span> <span class='ocrx_word' id='word_1_83' title='bbox 1041 1159 1069 1211; x_wconf 98' lang='lat'><strong>6</strong></span> <span class='ocrx_word' id='word_1_84' title='bbox 1099 1157 1357 1226; x_wconf 80' lang='grc' dir='ltr'><strong>Ἰωάννης</strong></span> <span class='ocrx_word' id='word_1_85' title='bbox 1394 1159 1491 1213; x_wconf 81' lang='grc' dir='ltr'><strong>σὺν</strong></span> <span class='ocrx_word' id='word_1_86' title='bbox 1529 1161 1639 1222; x_wconf 86' lang='grc' dir='ltr'>τοῖς</span> <span class='ocrx_word' id='word_1_87' title='bbox 1683 1157 1860 1227; x_wconf 86' lang='grc' dir='ltr'>ζηλω-</span> 
     </span>
    </p>
   </div>
   <div class='ocr_carea' id='block_1_13' title="bbox 264 1250 1859 1324">
    <p class='ocr_par' dir='ltr' id='par_1_13' title="bbox 264 1250 1859 1324">
     <span class='ocr_line' id='line_1_13' title="bbox 264 1250 1859 1324; baseline -0.001 -17"><span class='ocrx_word' id='word_1_88' title='bbox 264 1256 390 1317; x_wconf 87' lang='grc' dir='ltr'>ταῖς</span> <span class='ocrx_word' id='word_1_89' title='bbox 430 1251 750 1322; x_wconf 88' lang='grc' dir='ltr'>κατασχὼν,</span> <span class='ocrx_word' id='word_1_90' title='bbox 782 1251 1000 1306; x_wconf 78' lang='grc' dir='ltr'>πολλῶν</span> <span class='ocrx_word' id='word_1_91' title='bbox 1054 1250 1482 1320; x_wconf 86' lang='grc' dir='ltr'>ἀναιρεθέντων,</span> <span class='ocrx_word' id='word_1_92' title='bbox 1529 1251 1859 1324; x_wconf 75' lang='grc' dir='ltr'>κατεοάρῤει</span> 
     </span>
    </p>
   </div>
   <div class='ocr_carea' id='block_1_14' title="bbox 266 1342 1860 1417">
    <p class='ocr_par' dir='ltr' id='par_1_14' title="bbox 266 1342 1860 1417">
     <span class='ocr_line' id='line_1_14' title="bbox 266 1342 1860 1417; baseline -0.002 -18"><span class='ocrx_word' id='word_1_93' title='bbox 266 1346 362 1399; x_wconf 85' lang='grc' dir='ltr'><strong>τοῦ</strong></span> <span class='ocrx_word' id='word_1_94' title='bbox 405 1347 674 1417; x_wconf 88' lang='grc' dir='ltr'>Σίμωνος.</span> <span class='ocrx_word' id='word_1_95' title='bbox 719 1345 778 1399; x_wconf 87' lang='grc' dir='ltr'><strong>Ὀ</strong></span> <span class='ocrx_word' id='word_1_96' title='bbox 807 1343 865 1396; x_wconf 89' lang='grc' dir='ltr'><strong>δέ</strong></span> <span class='ocrx_word' id='word_1_97' title='bbox 910 1342 1071 1406; x_wconf 85' lang='grc' dir='ltr'>Τῖτος</span> <span class='ocrx_word' id='word_1_98' title='bbox 1101 1342 1428 1412; x_wconf 79' lang='grc' dir='ltr'>ἐξομαλίσαι</span> <span class='ocrx_word' id='word_1_99' title='bbox 1462 1343 1769 1407; x_wconf 82' lang='grc' dir='ltr'>προσέταξε</span> <span class='ocrx_word' id='word_1_100' title='bbox 1799 1344 1860 1396; x_wconf 81' lang='grc' dir='ltr'><strong>τὸ</strong></span> 
     </span>
    </p>
   </div>
   <div class='ocr_carea' id='block_1_15' title="bbox 266 1433 1860 1507">
    <p class='ocr_par' dir='ltr' id='par_1_15' title="bbox 266 1433 1860 1507">
     <span class='ocr_line' id='line_1_15' title="bbox 266 1433 1860 1507; baseline -0.003 -16"><span class='ocrx_word' id='word_1_101' title='bbox 266 1438 377 1492; x_wconf 75' lang='grc' dir='ltr'><strong>ἀπὸ</strong></span> <span class='ocrx_word' id='word_1_102' title='bbox 400 1439 494 1490; x_wconf 80' lang='grc' dir='ltr'><strong>τοῦ</strong></span> <span class='ocrx_word' id='word_1_103' title='bbox 519 1436 734 1490; x_wconf 81' lang='grc' dir='ltr'>Σκοποῦ</span> <span class='ocrx_word' id='word_1_104' title='bbox 773 1436 938 1507; x_wconf 89' lang='grc' dir='ltr'>μέχρι</span> <span class='ocrx_word' id='word_1_105' title='bbox 964 1433 1059 1488; x_wconf 91' lang='grc' dir='ltr'><strong>τοῦ</strong></span> <span class='ocrx_word' id='word_1_106' title='bbox 1087 1435 1303 1504; x_wconf 83' lang='grc' dir='ltr'>τείχους</span> <span class='ocrx_word' id='word_1_107' title='bbox 1333 1434 1613 1506; x_wconf 86' lang='grc' dir='ltr'>διάστημα</span> <span class='ocrx_word' id='word_1_108' title='bbox 1633 1452 1646 1466; x_wconf 77' lang='grc' dir='ltr'><strong><em>ο</em></strong></span> <span class='ocrx_word' id='word_1_109' title='bbox 1681 1433 1860 1488; x_wconf 78' lang='grc' dir='ltr'>καὶτὸ</span> 
     </span>
    </p>
   </div>
   <div class='ocr_carea' id='block_1_16' title="bbox 269 1525 1860 1599">
    <p class='ocr_par' dir='ltr' id='par_1_16' title="bbox 269 1525 1860 1599">
     <span class='ocr_line' id='line_1_16' title="bbox 269 1525 1860 1599; baseline -0.001 -18"><span class='ocrx_word' id='word_1_110' title='bbox 269 1531 371 1599; x_wconf 80' lang='grc' dir='ltr'>μὲν</span> <span class='ocrx_word' id='word_1_111' title='bbox 405 1529 639 1596; x_wconf 87' lang='grc' dir='ltr'>ἐγίνετο,</span> <span class='ocrx_word' id='word_1_112' title='bbox 687 1528 967 1588; x_wconf 78' lang='grc' dir='ltr'>Ἰουδαίοις</span> <span class='ocrx_word' id='word_1_113' title='bbox 1020 1525 1079 1579; x_wconf 83' lang='grc' dir='ltr'>δὲ</span> <span class='ocrx_word' id='word_1_114' title='bbox 1129 1526 1272 1580; x_wconf 82' lang='grc' dir='ltr'>κατὰ</span> <span class='ocrx_word' id='word_1_115' title='bbox 1326 1526 1617 1596; x_wconf 86' lang='grc' dir='ltr'>Ῥωμαίων</span> <span class='ocrx_word' id='word_1_116' title='bbox 1665 1526 1860 1597; x_wconf 79' lang='grc' dir='ltr'>ἐνέδρα</span> 
     </span>
    </p>
   </div>
   <div class='ocr_carea' id='block_1_17' title="bbox 264 1617 1860 1691">
    <p class='ocr_par' dir='ltr' id='par_1_17' title="bbox 264 1617 1860 1691">
     <span class='ocr_line' id='line_1_17' title="bbox 264 1617 1860 1691; baseline -0.001 -19"><span class='ocrx_word' id='word_1_117' title='bbox 264 1636 354 1682; x_wconf 86' lang='grc' dir='ltr'><strong>τις</strong></span> <span class='ocrx_word' id='word_1_118' title='bbox 385 1619 769 1690; x_wconf 83' lang='grc' dir='ltr'><strong>μεμηχάνητο.</strong></span> <span class='ocrx_word' id='word_1_119' title='bbox 815 1619 880 1671; x_wconf 84' lang='lat' dir='ltr'><strong>Ol</strong></span> <span class='ocrx_word' id='word_1_120' title='bbox 917 1618 1026 1691; x_wconf 88' lang='grc' dir='ltr'>γὰρ</span> <span class='ocrx_word' id='word_1_121' title='bbox 1059 1617 1457 1689; x_wconf 80' lang='grc' dir='ltr'>τολμηρότεροι</span> <span class='ocrx_word' id='word_1_122' title='bbox 1481 1619 1592 1670; x_wconf 86' lang='grc' dir='ltr'>τῶν</span> <span class='ocrx_word' id='word_1_123' title='bbox 1628 1634 1860 1670; x_wconf 89' lang='grc' dir='ltr'>στασια-</span> 
     </span>
    </p>
   </div>
   <div class='ocr_carea' id='block_1_18' title="bbox 268 1707 1861 1783">
    <p class='ocr_par' dir='ltr' id='par_1_18' title="bbox 268 1707 1861 1783">
     <span class='ocr_line' id='line_1_18' title="bbox 268 1707 1861 1783; baseline 0.006 -18"><span class='ocrx_word' id='word_1_124' title='bbox 268 1712 438 1780; x_wconf 83' lang='grc' dir='ltr'>στῶν,</span> <span class='ocrx_word' id='word_1_125' title='bbox 473 1711 837 1783; x_wconf 75' lang='grc' dir='ltr'>προελθόντες</span> <span class='ocrx_word' id='word_1_126' title='bbox 858 1710 962 1778; x_wconf 81' lang='grc' dir='ltr'>τῆς</span> <span class='ocrx_word' id='word_1_127' title='bbox 980 1709 1211 1774; x_wconf 85' lang='grc' dir='ltr'>πόλεως,</span> <span class='ocrx_word' id='word_1_128' title='bbox 1237 1708 1312 1769; x_wconf 78' lang='grc' dir='ltr'><strong>ὡς</strong></span> <span class='ocrx_word' id='word_1_129' title='bbox 1333 1708 1735 1780; x_wconf 68' lang='grc' dir='ltr'>ἐκϐεϐλημένοι</span> <span class='ocrx_word' id='word_1_130' title='bbox 1766 1707 1861 1779; x_wconf 56' lang='grc' dir='ltr'><strong>δῖν-</strong></span> 
     </span>
    </p>
   </div>
   <div class='ocr_carea' id='block_1_19' title="bbox 1964 607 3555 682">
    <p class='ocr_par' dir='ltr' id='par_1_19' title="bbox 1964 607 3555 682">
     <span class='ocr_line' id='line_1_19' title="bbox 1964 607 3555 682; baseline 0.011 -22"><span class='ocrx_word' id='word_1_131' title='bbox 1964 607 2247 673; x_wconf 64' lang='lat' dir='ltr'><strong>alliciunt,</strong></span> <span class='ocrx_word' id='word_1_132' title='bbox 2294 610 2552 680; x_wconf 86' lang='lat' dir='ltr'><strong>pluribus</strong></span> <span class='ocrx_word' id='word_1_133' title='bbox 2588 613 2688 682; x_wconf 88' lang='lat' dir='ltr'><strong>ipsi</strong></span> <span class='ocrx_word' id='word_1_134' title='bbox 2731 613 3074 670; x_wconf 77' lang='lat' dir='ltr'><strong>aliieiuntur.</strong></span> <span class='ocrx_word' id='word_1_135' title='bbox 3125 619 3366 675; x_wconf 82' lang='lat' dir='ltr'><strong>Externo</strong></span> <span class='ocrx_word' id='word_1_136' title='bbox 3412 622 3555 678; x_wconf 91' lang='lat' dir='ltr'><strong>bello</strong></span> 
     </span>
    </p>
   </div>
   <div class='ocr_carea' id='block_1_20' title="bbox 1963 701 3554 772">
    <p class='ocr_par' dir='ltr' id='par_1_20' title="bbox 1963 701 3554 772">
     <span class='ocr_line' id='line_1_20' title="bbox 1963 701 3554 772; baseline 0.008 -18"><span class='ocrx_word' id='word_1_137' title='bbox 1963 701 2248 770; x_wconf 82' lang='lat' dir='ltr'><strong>paulisper</strong></span> <span class='ocrx_word' id='word_1_138' title='bbox 2281 701 2628 772; x_wconf 90' lang='lat' dir='ltr'><strong>quiescente,</strong></span> <span class='ocrx_word' id='word_1_139' title='bbox 2682 705 2884 761; x_wconf 88' lang='lat' dir='ltr'><strong>seditio</strong></span> <span class='ocrx_word' id='word_1_140' title='bbox 2938 724 3132 764; x_wconf 89' lang='lat' dir='ltr'><strong>rursus</strong></span> <span class='ocrx_word' id='word_1_141' title='bbox 3170 712 3462 767; x_wconf 82' lang='lat' dir='ltr'><strong>exoritur:</strong></span> <span class='ocrx_word' id='word_1_142' title='bbox 3500 724 3554 768; x_wconf 91' lang='lat' dir='ltr'><strong>et</strong></span> 
     </span>
    </p>
   </div>
   <div class='ocr_carea' id='block_1_21' title="bbox 1961 789 3550 873">
    <p class='ocr_par' dir='ltr' id='par_1_21' title="bbox 1961 789 3550 873">
     <span class='ocr_line' id='line_1_21' title="bbox 1961 789 3550 873; baseline 0.011 -30"><span class='ocrx_word' id='word_1_143' title='bbox 1961 789 2208 846; x_wconf 90' lang='lat' dir='ltr'><strong>Joannes</strong></span> <span class='ocrx_word' id='word_1_144' title='bbox 2237 807 2364 846; x_wconf 91' lang='lat' dir='ltr'><strong>cum</strong></span> <span class='ocrx_word' id='word_1_145' title='bbox 2400 793 2609 850; x_wconf 88' lang='lat' dir='ltr'><strong>Zelotis</strong></span> <span class='ocrx_word' id='word_1_146' title='bbox 2653 798 2859 867; x_wconf 81' lang='lat' dir='ltr'><strong>templo</strong></span> <span class='ocrx_word' id='word_1_147' title='bbox 2897 800 3091 856; x_wconf 87' lang='lat' dir='ltr'><strong>multis</strong></span> <span class='ocrx_word' id='word_1_148' title='bbox 3124 801 3282 858; x_wconf 76' lang='lat' dir='ltr'><strong>czesis</strong></span> <span class='ocrx_word' id='word_1_149' title='bbox 3323 819 3422 873; x_wconf 91' lang='lat' dir='ltr'><strong>per</strong></span> <span class='ocrx_word' id='word_1_150' title='bbox 3465 804 3550 860; x_wconf 83' lang='lat' dir='ltr'><strong>do-</strong></span> 
     </span>
    </p>
   </div>
   <div class='ocr_carea' id='block_1_22' title="bbox 1964 883 3555 961">
    <p class='ocr_par' dir='ltr' id='par_1_22' title="bbox 1964 883 3555 961">
     <span class='ocr_line' id='line_1_22' title="bbox 1964 883 3555 961; baseline 0.009 -25"><span class='ocrx_word' id='word_1_151' title='bbox 1964 883 2076 937; x_wconf 91' lang='lat' dir='ltr'><strong>lum</strong></span> <span class='ocrx_word' id='word_1_152' title='bbox 2111 893 2408 955; x_wconf 89' lang='lat' dir='ltr'><strong>occupato,</strong></span> <span class='ocrx_word' id='word_1_153' title='bbox 2434 886 2648 942; x_wconf 89' lang='lat' dir='ltr'><strong>Simoni</strong></span> <span class='ocrx_word' id='word_1_154' title='bbox 2685 904 2744 944; x_wconf 88' lang='lat' dir='ltr'><strong>se</strong></span> <span class='ocrx_word' id='word_1_155' title='bbox 2775 905 3059 961; x_wconf 80' lang='lat' dir='ltr'><strong>Opponere</strong></span> <span class='ocrx_word' id='word_1_156' title='bbox 3085 909 3255 950; x_wconf 89' lang='lat' dir='ltr'><strong>ausus</strong></span> <span class='ocrx_word' id='word_1_157' title='bbox 3287 906 3394 950; x_wconf 86' lang='lat' dir='ltr'><strong>est.</strong></span> <span class='ocrx_word' id='word_1_158' title='bbox 3417 896 3555 950; x_wconf 90' lang='lat' dir='ltr'><strong>Dum</strong></span> 
     </span>
    </p>
   </div>
   <div class='ocr_carea' id='block_1_23' title="bbox 1961 977 3555 1052">
    <p class='ocr_par' dir='ltr' id='par_1_23' title="bbox 1961 977 3555 1052">
     <span class='ocr_line' id='line_1_23' title="bbox 1961 977 3555 1052; baseline 0.008 -24"><span class='ocrx_word' id='word_1_159' title='bbox 1961 986 2144 1030; x_wconf 92' lang='lat' dir='ltr'><strong>autem</strong></span> <span class='ocrx_word' id='word_1_160' title='bbox 2183 977 2573 1045; x_wconf 69' lang='lat' dir='ltr'><strong>intervallum,</strong></span> <span class='ocrx_word' id='word_1_161' title='bbox 2610 981 2755 1050; x_wconf 89' lang='lat' dir='ltr'><strong>quod</strong></span> <span class='ocrx_word' id='word_1_162' title='bbox 2791 998 2820 1036; x_wconf 92' lang='lat' dir='ltr'><strong>a</strong></span> <span class='ocrx_word' id='word_1_163' title='bbox 2851 984 3200 1052; x_wconf 76' lang='lat' dir='ltr'><strong>speculatore</strong></span> <span class='ocrx_word' id='word_1_164' title='bbox 3245 985 3312 1040; x_wconf 91' lang='lat' dir='ltr'><strong>ad</strong></span> <span class='ocrx_word' id='word_1_165' title='bbox 3349 987 3555 1041; x_wconf 64' lang='lat' dir='ltr'><strong>muenia</strong></span> 
     </span>
    </p>
   </div>
   <div class='ocr_carea' id='block_1_24' title="bbox 1960 1068 3558 1143">
    <p class='ocr_par' dir='ltr' id='par_1_24' title="bbox 1960 1068 3558 1143">
     <span class='ocr_line' id='line_1_24' title="bbox 1960 1068 3558 1143; baseline 0.008 -23"><span class='ocrx_word' id='word_1_166' title='bbox 1960 1069 2227 1137; x_wconf 85' lang='lat' dir='ltr'><strong>pertinet,</strong></span> <span class='ocrx_word' id='word_1_167' title='bbox 2277 1068 2385 1125; x_wconf 91' lang='lat' dir='ltr'><strong>Titi</strong></span> <span class='ocrx_word' id='word_1_168' title='bbox 2445 1071 2605 1142; x_wconf 84' lang='lat' dir='ltr'><strong>jussu</strong></span> <span class='ocrx_word' id='word_1_169' title='bbox 2662 1085 3017 1143; x_wconf 65' lang='lat' dir='ltr'><strong>exsequatur,</strong></span> <span class='ocrx_word' id='word_1_170' title='bbox 3065 1075 3243 1130; x_wconf 65' lang='lat' dir='ltr'><strong>Judaei</strong></span> <span class='ocrx_word' id='word_1_171' title='bbox 3294 1075 3558 1133; x_wconf 63' lang='lat' dir='ltr'><strong>Romanis</strong></span> 
     </span>
    </p>
   </div>
   <div class='ocr_carea' id='block_1_25' title="bbox 1962 1158 3554 1230">
    <p class='ocr_par' dir='ltr' id='par_1_25' title="bbox 1962 1158 3554 1230">
     <span class='ocr_line' id='line_1_25' title="bbox 1962 1158 3554 1230; baseline 0.006 -19"><span class='ocrx_word' id='word_1_172' title='bbox 1962 1158 2196 1215; x_wconf 89' lang='lat' dir='ltr'><strong>insidias</strong></span> <span class='ocrx_word' id='word_1_173' title='bbox 2225 1169 2475 1217; x_wconf 90' lang='lat' dir='ltr'><strong>struunt.</strong></span> <span class='ocrx_word' id='word_1_174' title='bbox 2501 1163 2639 1218; x_wconf 87' lang='lat' dir='ltr'><strong>Nam</strong></span> <span class='ocrx_word' id='word_1_175' title='bbox 2683 1165 3012 1220; x_wconf 89' lang='lat' dir='ltr'><strong>audaciores</strong></span> <span class='ocrx_word' id='word_1_176' title='bbox 3043 1181 3076 1222; x_wconf 90' lang='lat' dir='ltr'><strong>e</strong></span> <span class='ocrx_word' id='word_1_177' title='bbox 3111 1165 3394 1222; x_wconf 73' lang='lat' dir='ltr'><strong>seditiosis</strong></span> <span class='ocrx_word' id='word_1_178' title='bbox 3414 1207 3429 1230; x_wconf 89' lang='lat'><strong>,</strong></span> <span class='ocrx_word' id='word_1_179' title='bbox 3461 1183 3554 1221; x_wconf 75' lang='grc' dir='ltr'>ιη’-ι</span> 
     </span>
    </p>
   </div>
   <div class='ocr_carea' id='block_1_26' title="bbox 1961 1249 3556 1329">
    <p class='ocr_par' dir='ltr' id='par_1_26' title="bbox 1961 1249 3556 1329">
     <span class='ocr_line' id='line_1_26' title="bbox 1961 1249 3556 1329; baseline 0.006 -25"><span class='ocrx_word' id='word_1_180' title='bbox 1961 1249 2087 1306; x_wconf 88' lang='lat' dir='ltr'><strong>bem</strong></span> <span class='ocrx_word' id='word_1_181' title='bbox 2133 1253 2381 1324; x_wconf 91' lang='lat' dir='ltr'><strong>egressi,</strong></span> <span class='ocrx_word' id='word_1_182' title='bbox 2420 1255 2585 1324; x_wconf 89' lang='lat' dir='ltr'><strong>quasi</strong></span> <span class='ocrx_word' id='word_1_183' title='bbox 2625 1271 2657 1310; x_wconf 88' lang='lat' dir='ltr'><strong>a</strong></span> <span class='ocrx_word' id='word_1_184' title='bbox 2685 1256 2839 1328; x_wconf 88' lang='lat' dir='ltr'><strong>pacis</strong></span> <span class='ocrx_word' id='word_1_185' title='bbox 2874 1257 3140 1315; x_wconf 85' lang='lat' dir='ltr'><strong>studiosis</strong></span> <span class='ocrx_word' id='word_1_186' title='bbox 3164 1258 3328 1329; x_wconf 90' lang='lat' dir='ltr'><strong>ejecti</strong></span> <span class='ocrx_word' id='word_1_187' title='bbox 3367 1268 3556 1315; x_wconf 79' lang='lat' dir='ltr'><strong>essent</strong></span> 
     </span>
    </p>
   </div>
   <div class='ocr_carea' id='block_1_27' title="bbox 1960 1344 3555 1417">
    <p class='ocr_par' dir='ltr' id='par_1_27' title="bbox 1960 1344 3555 1417">
     <span class='ocr_line' id='line_1_27' title="bbox 1960 1344 3555 1417; baseline 0.005 -21"><span class='ocrx_word' id='word_1_188' title='bbox 1960 1344 2193 1407; x_wconf 85' lang='lat' dir='ltr'><strong>scilicet,</strong></span> <span class='ocrx_word' id='word_1_189' title='bbox 2221 1346 2380 1417; x_wconf 90' lang='lat' dir='ltr'><strong>juxta</strong></span> <span class='ocrx_word' id='word_1_190' title='bbox 2402 1348 2609 1402; x_wconf 66' lang='lat' dir='ltr'><strong>muenia</strong></span> <span class='ocrx_word' id='word_1_191' title='bbox 2637 1349 3039 1404; x_wconf 81' lang='lat' dir='ltr'><strong>versabantur:</strong></span> <span class='ocrx_word' id='word_1_192' title='bbox 3067 1349 3163 1404; x_wconf 91' lang='lat' dir='ltr'><strong>alii</strong></span> <span class='ocrx_word' id='word_1_193' title='bbox 3190 1352 3245 1404; x_wconf 92' lang='lat' dir='ltr'><strong>in</strong></span> <span class='ocrx_word' id='word_1_194' title='bbox 3274 1349 3555 1405; x_wconf 66' lang='lat' dir='ltr'><strong>moenibus</strong></span> 
     </span>
    </p>
   </div>
   <div class='ocr_carea' id='block_1_28' title="bbox 1959 1437 3552 1513">
    <p class='ocr_par' dir='ltr' id='par_1_28' title="bbox 1959 1437 3552 1513">
     <span class='ocr_line' id='line_1_28' title="bbox 1959 1437 3552 1513; baseline 0.005 -23"><span class='ocrx_word' id='word_1_195' title='bbox 1959 1443 2169 1492; x_wconf 79' lang='lat' dir='ltr'><strong>Stantes</strong></span> <span class='ocrx_word' id='word_1_196' title='bbox 2200 1437 2358 1506; x_wconf 87' lang='lat' dir='ltr'><strong>quasi</strong></span> <span class='ocrx_word' id='word_1_197' title='bbox 2391 1454 2460 1494; x_wconf 91' lang='lat' dir='ltr'><strong>ex</strong></span> <span class='ocrx_word' id='word_1_198' title='bbox 2491 1440 2652 1509; x_wconf 87' lang='lat' dir='ltr'><strong>plebe</strong></span> <span class='ocrx_word' id='word_1_199' title='bbox 2678 1440 2952 1508; x_wconf 89' lang='lat' dir='ltr'><strong>homines,</strong></span> <span class='ocrx_word' id='word_1_200' title='bbox 2987 1459 3177 1513; x_wconf 90' lang='lat' dir='ltr'><strong>pacem</strong></span> <span class='ocrx_word' id='word_1_201' title='bbox 3210 1443 3552 1511; x_wconf 81' lang='lat' dir='ltr'><strong>clamabant,</strong></span> 
     </span>
    </p>
   </div>
   <div class='ocr_carea' id='block_1_29' title="bbox 1959 1522 3555 1602">
    <p class='ocr_par' dir='ltr' id='par_1_29' title="bbox 1959 1522 3555 1602">
     <span class='ocr_line' id='line_1_29' title="bbox 1959 1522 3555 1602; baseline 0.007 -24"><span class='ocrx_word' id='word_1_202' title='bbox 1959 1534 2016 1578; x_wconf 91' lang='lat' dir='ltr'><strong>et</strong></span> <span class='ocrx_word' id='word_1_203' title='bbox 2035 1522 2317 1580; x_wconf 77' lang='lat' dir='ltr'><strong>dexteram</strong></span> <span class='ocrx_word' id='word_1_204' title='bbox 2343 1527 2628 1596; x_wconf 90' lang='lat' dir='ltr'><strong>petebant,</strong></span> <span class='ocrx_word' id='word_1_205' title='bbox 2656 1529 3044 1599; x_wconf 83' lang='lat' dir='ltr'><strong>Romanosque</strong></span> <span class='ocrx_word' id='word_1_206' title='bbox 3072 1530 3368 1594; x_wconf 90' lang='lat' dir='ltr'><strong>vocabant,</strong></span> <span class='ocrx_word' id='word_1_207' title='bbox 3391 1530 3555 1602; x_wconf 75' lang='lat' dir='ltr'><strong>quasi</strong></span> 
     </span>
    </p>
   </div>
   <div class='ocr_carea' id='block_1_30' title="bbox 1960 1617 3556 1691">
    <p class='ocr_par' dir='ltr' id='par_1_30' title="bbox 1960 1617 3556 1691">
     <span class='ocr_line' id='line_1_30' title="bbox 1960 1617 3556 1691; baseline 0.006 -23"><span class='ocrx_word' id='word_1_208' title='bbox 1960 1625 2152 1686; x_wconf 91' lang='lat' dir='ltr'><strong>portas</strong></span> <span class='ocrx_word' id='word_1_209' title='bbox 2175 1617 2421 1685; x_wconf 84' lang='lat' dir='ltr'><strong>aperturi</strong></span> <span class='ocrx_word' id='word_1_210' title='bbox 2443 1627 2650 1673; x_wconf 89' lang='lat' dir='ltr'><strong>essent.</strong></span> <span class='ocrx_word' id='word_1_211' title='bbox 2679 1621 2758 1674; x_wconf 86' lang='lat' dir='ltr'><strong>Ac</strong></span> <span class='ocrx_word' id='word_1_212' title='bbox 2784 1621 2990 1676; x_wconf 90' lang='lat' dir='ltr'><strong>milites</strong></span> <span class='ocrx_word' id='word_1_213' title='bbox 3014 1621 3238 1691; x_wconf 87' lang='lat' dir='ltr'><strong>quidem</strong></span> <span class='ocrx_word' id='word_1_214' title='bbox 3272 1623 3412 1677; x_wconf 87' lang='lat' dir='ltr'><strong>nihil</strong></span> <span class='ocrx_word' id='word_1_215' title='bbox 3435 1637 3556 1678; x_wconf 87' lang='lat' dir='ltr'><strong>sus-</strong></span> 
     </span>
    </p>
   </div>
   <div class='ocr_carea' id='block_1_31' title="bbox 1961 1708 3553 1785">
    <p class='ocr_par' dir='ltr' id='par_1_31' title="bbox 1961 1708 3553 1785">
     <span class='ocr_line' id='line_1_31' title="bbox 1961 1708 3553 1785; baseline 0.006 -23"><span class='ocrx_word' id='word_1_216' title='bbox 1961 1708 2151 1778; x_wconf 84' lang='lat' dir='ltr'><strong>picati,</strong></span> <span class='ocrx_word' id='word_1_217' title='bbox 2183 1723 2324 1779; x_wconf 92' lang='lat' dir='ltr'><strong>opus</strong></span> <span class='ocrx_word' id='word_1_218' title='bbox 2346 1711 2811 1781; x_wconf 83' lang='lat' dir='ltr'><strong>aggrediebantur</strong></span> <span class='ocrx_word' id='word_1_219' title='bbox 2838 1731 2852 1767; x_wconf 90' lang='lat'><strong>:</strong></span> <span class='ocrx_word' id='word_1_220' title='bbox 2879 1713 3038 1768; x_wconf 86' lang='lat' dir='ltr'><strong>Titus</strong></span> <span class='ocrx_word' id='word_1_221' title='bbox 3065 1724 3255 1770; x_wconf 89' lang='lat' dir='ltr'><strong>autem</strong></span> <span class='ocrx_word' id='word_1_222' title='bbox 3293 1715 3553 1785; x_wconf 84' lang='lat' dir='ltr'><strong>inexspe-</strong></span> 
     </span>
    </p>
   </div>
   <div class='ocr_carea' id='block_1_32' title="bbox 267 1785 1861 1874">
    <p class='ocr_par' dir='ltr' id='par_1_32' title="bbox 267 1801 1856 1874">
     <span class='ocr_line' id='line_1_32' title="bbox 267 1801 1856 1874; baseline -0.003 -15"><span class='ocrx_word' id='word_1_223' title='bbox 267 1807 360 1859; x_wconf 89' lang='grc' dir='ltr'><strong>θεν</strong></span> <span class='ocrx_word' id='word_1_224' title='bbox 393 1807 501 1859; x_wconf 77' lang='grc' dir='ltr'><strong>ὑπὸ</strong></span> <span class='ocrx_word' id='word_1_225' title='bbox 522 1804 632 1858; x_wconf 87' lang='grc' dir='ltr'><strong>τῶν</strong></span> <span class='ocrx_word' id='word_1_226' title='bbox 660 1804 730 1858; x_wconf 84' lang='grc' dir='ltr'>τὰ</span> <span class='ocrx_word' id='word_1_227' title='bbox 762 1803 1017 1874; x_wconf 77' lang='grc' dir='ltr'>εἰρηνικά</span> <span class='ocrx_word' id='word_1_228' title='bbox 1046 1801 1413 1874; x_wconf 66' lang='grc' dir='ltr'>φρονούντων,</span> <span class='ocrx_word' id='word_1_229' title='bbox 1438 1803 1567 1873; x_wconf 77' lang='grc' dir='ltr'>περὶ</span> <span class='ocrx_word' id='word_1_230' title='bbox 1593 1801 1654 1855; x_wconf 81' lang='grc' dir='ltr'><strong>τὸ</strong></span> <span class='ocrx_word' id='word_1_231' title='bbox 1678 1803 1856 1873; x_wconf 85' lang='grc' dir='ltr'>τεῖχος</span> 
     </span>
    </p>
   </div>
   <div class='ocr_carea' id='block_1_33' title="bbox 1963 1785 3552 1874">
    <p class='ocr_par' dir='ltr' id='par_1_33' title="bbox 1963 1802 3552 1874">
     <span class='ocr_line' id='line_1_33' title="bbox 1963 1802 3552 1874; baseline 0.004 -19"><span class='ocrx_word' id='word_1_232' title='bbox 1963 1810 2164 1856; x_wconf 90' lang='lat' dir='ltr'><strong>etatam</strong></span> <span class='ocrx_word' id='word_1_233' title='bbox 2211 1802 2559 1857; x_wconf 90' lang='lat' dir='ltr'><strong>vocationem</strong></span> <span class='ocrx_word' id='word_1_234' title='bbox 2589 1812 2901 1874; x_wconf 81' lang='lat' dir='ltr'><strong>suspectam</strong></span> <span class='ocrx_word' id='word_1_235' title='bbox 2939 1805 3198 1861; x_wconf 87' lang='lat' dir='ltr'><strong>habebat.</strong></span> <span class='ocrx_word' id='word_1_236' title='bbox 3251 1806 3389 1861; x_wconf 86' lang='lat' dir='ltr'><strong>Nam</strong></span> <span class='ocrx_word' id='word_1_237' title='bbox 3421 1822 3552 1862; x_wconf 89' lang='lat' dir='ltr'><strong>cum</strong></span> 
     </span>
    </p>
   </div>
   <div class='ocr_carea' id='block_1_34' title="bbox 263 1893 1855 1970">
    <p class='ocr_par' dir='ltr' id='par_1_34' title="bbox 263 1893 1855 1970">
     <span class='ocr_line' id='line_1_34' title="bbox 263 1893 1855 1970; baseline -0.003 -19"><span class='ocrx_word' id='word_1_238' title='bbox 263 1895 408 1970; x_wconf 69' lang='grc' dir='ltr'><strong>⁴ἦσαν</strong></span> <span class='ocrx_word' id='word_1_239' title='bbox 436 1897 780 1968; x_wconf 75' lang='grc' dir='ltr'>εἰλούμενοιο</span> <span class='ocrx_word' id='word_1_240' title='bbox 809 1897 958 1950; x_wconf 80' lang='grc' dir='ltr'>ἄλλοι</span> <span class='ocrx_word' id='word_1_241' title='bbox 988 1895 1068 1962; x_wconf 86' lang='grc' dir='ltr'>δὲ,</span> <span class='ocrx_word' id='word_1_242' title='bbox 1094 1897 1321 1959; x_wconf 80' lang='grc' dir='ltr'>στάντες</span> <span class='ocrx_word' id='word_1_243' title='bbox 1358 1895 1454 1949; x_wconf 79' lang='grc' dir='ltr'><strong>ἐπὶ</strong></span> <span class='ocrx_word' id='word_1_244' title='bbox 1490 1893 1585 1947; x_wconf 90' lang='grc' dir='ltr'><strong>τοῦ</strong></span> <span class='ocrx_word' id='word_1_245' title='bbox 1616 1894 1855 1965; x_wconf 77' lang='grc' dir='ltr'>τείχους,</span> 
     </span>
    </p>
   </div>
   <div class='ocr_carea' id='block_1_35' title="bbox 265 1983 1860 2058">
    <p class='ocr_par' dir='ltr' id='par_1_35' title="bbox 265 1983 1860 2058">
     <span class='ocr_line' id='line_1_35' title="bbox 265 1983 1860 2058; baseline -0.002 -18"><span class='ocrx_word' id='word_1_246' title='bbox 265 1988 338 2051; x_wconf 60' lang='grc' dir='ltr'>ὼς</span> <span class='ocrx_word' id='word_1_247' title='bbox 371 1991 436 2042; x_wconf 90' lang='grc' dir='ltr'><strong>ἐκ</strong></span> <span class='ocrx_word' id='word_1_248' title='bbox 473 1987 571 2041; x_wconf 86' lang='grc' dir='ltr'><strong>τοῦ</strong></span> <span class='ocrx_word' id='word_1_249' title='bbox 620 1988 796 2058; x_wconf 78' lang='grc' dir='ltr'>δήμου</span> <span class='ocrx_word' id='word_1_250' title='bbox 834 1985 1219 2058; x_wconf 80' lang='grc' dir='ltr'>τυγχάνοντες,</span> <span class='ocrx_word' id='word_1_251' title='bbox 1263 1987 1491 2056; x_wconf 89' lang='grc' dir='ltr'>είρήνην</span> <span class='ocrx_word' id='word_1_252' title='bbox 1531 1983 1738 2049; x_wconf 81' lang='grc' dir='ltr'><strong>ἐϐόων,¹</strong></span> <span class='ocrx_word' id='word_1_253' title='bbox 1763 1985 1860 2037; x_wconf 83' lang='grc' dir='ltr'>καὶ</span> 
     </span>
    </p>
   </div>
   <div class='ocr_carea' id='block_1_36' title="bbox 262 2075 1859 2152">
    <p class='ocr_par' dir='ltr' id='par_1_36' title="bbox 262 2075 1859 2152">
     <span class='ocr_line' id='line_1_36' title="bbox 262 2075 1859 2152; baseline -0.003 -19"><span class='ocrx_word' id='word_1_254' title='bbox 262 2081 446 2146; x_wconf 71' lang='grc' dir='ltr'>δεξιὰν</span> <span class='ocrx_word' id='word_1_255' title='bbox 476 2081 726 2152; x_wconf 75' lang='grc' dir='ltr'>ᾐτοῦντο,</span> <span class='ocrx_word' id='word_1_256' title='bbox 771 2078 1066 2144; x_wconf 89' lang='grc' dir='ltr'>καλοῦντες</span> <span class='ocrx_word' id='word_1_257' title='bbox 1108 2078 1237 2141; x_wconf 83' lang='grc' dir='ltr'>τοὺς</span> <span class='ocrx_word' id='word_1_258' title='bbox 1275 2078 1604 2149; x_wconf 76' lang='grc' dir='ltr'>Ῥωμαίους,</span> <span class='ocrx_word' id='word_1_259' title='bbox 1644 2076 1720 2139; x_wconf 86' lang='grc' dir='ltr'>ὠς</span> <span class='ocrx_word' id='word_1_260' title='bbox 1757 2075 1859 2139; x_wconf 78' lang='grc' dir='ltr'>τὰς</span> 
     </span>
    </p>
   </div>
   <div class='ocr_carea' id='block_1_37' title="bbox 265 2165 1858 2241">
    <p class='ocr_par' dir='ltr' id='par_1_37' title="bbox 265 2165 1858 2241">
     <span class='ocr_line' id='line_1_37' title="bbox 265 2165 1858 2241; baseline -0.001 -17"><span class='ocrx_word' id='word_1_261' title='bbox 265 2174 445 2235; x_wconf 82' lang='grc' dir='ltr'>πύλας</span> <span class='ocrx_word' id='word_1_262' title='bbox 485 2171 817 2236; x_wconf 83' lang='grc' dir='ltr'>ἀνοίξοντες.</span> <span class='ocrx_word' id='word_1_263' title='bbox 853 2172 982 2235; x_wconf 90' lang='grc' dir='ltr'>Τοῖς</span> <span class='ocrx_word' id='word_1_264' title='bbox 1022 2169 1121 2241; x_wconf 76' lang='grc' dir='ltr'>μὲν</span> <span class='ocrx_word' id='word_1_265' title='bbox 1167 2165 1263 2224; x_wconf 82' lang='grc' dir='ltr'><strong>οὖν</strong></span> <span class='ocrx_word' id='word_1_266' title='bbox 1300 2170 1669 2241; x_wconf 86' lang='grc' dir='ltr'>στρατιώταις</span> <span class='ocrx_word' id='word_1_267' title='bbox 1703 2168 1858 2222; x_wconf 83' lang='grc' dir='ltr'>ούδέν</span> 
     </span>
    </p>
   </div>
   <div class='ocr_carea' id='block_1_38' title="bbox 267 2262 1858 2336">
    <p class='ocr_par' dir='ltr' id='par_1_38' title="bbox 267 2262 1858 2336">
     <span class='ocr_line' id='line_1_38' title="bbox 267 2262 1858 2336; baseline -0.002 -18"><span class='ocrx_word' id='word_1_268' title='bbox 267 2265 661 2327; x_wconf 80' lang='grc' dir='ltr'>ὑπωπτεύετο,</span> <span class='ocrx_word' id='word_1_269' title='bbox 720 2266 818 2319; x_wconf 80' lang='grc' dir='ltr'>καὶ</span> <span class='ocrx_word' id='word_1_270' title='bbox 881 2263 1128 2336; x_wconf 77' lang='grc' dir='ltr'>ἐχώρουν</span> <span class='ocrx_word' id='word_1_271' title='bbox 1186 2262 1282 2318; x_wconf 81' lang='grc' dir='ltr'>ἐπὶ</span> <span class='ocrx_word' id='word_1_272' title='bbox 1337 2263 1398 2317; x_wconf 84' lang='grc' dir='ltr'>τὸ</span> <span class='ocrx_word' id='word_1_273' title='bbox 1461 2263 1650 2334; x_wconf 79' lang='grc' dir='ltr'>ἔργον,</span> <span class='ocrx_word' id='word_1_274' title='bbox 1713 2263 1858 2334; x_wconf 88' lang='grc' dir='ltr'>Τίτῳ</span> 
     </span>
    </p>
   </div>
   <div class='ocr_carea' id='block_1_39' title="bbox 264 2351 1854 2427">
    <p class='ocr_par' dir='ltr' id='par_1_39' title="bbox 264 2351 1854 2427">
     <span class='ocr_line' id='line_1_39' title="bbox 264 2351 1854 2427; baseline -0.003 -17"><span class='ocrx_word' id='word_1_275' title='bbox 264 2356 322 2410; x_wconf 80' lang='grc' dir='ltr'><strong>δέ</strong></span> <span class='ocrx_word' id='word_1_276' title='bbox 376 2357 443 2410; x_wconf 84' lang='grc' dir='ltr'><strong>δι’</strong></span> <span class='ocrx_word' id='word_1_277' title='bbox 489 2355 726 2426; x_wconf 75' lang='grc' dir='ltr'>ὑποψίας</span> <span class='ocrx_word' id='word_1_278' title='bbox 773 2351 842 2427; x_wconf 79' lang='grc' dir='ltr'>ἦν</span> <span class='ocrx_word' id='word_1_279' title='bbox 885 2358 984 2426; x_wconf 83' lang='grc' dir='ltr'>τῆς</span> <span class='ocrx_word' id='word_1_280' title='bbox 1035 2353 1380 2425; x_wconf 75' lang='grc' dir='ltr'>ἐπικλήσεως</span> <span class='ocrx_word' id='word_1_281' title='bbox 1412 2353 1476 2408; x_wconf 76' lang='grc' dir='ltr'>τὸ</span> <span class='ocrx_word' id='word_1_282' title='bbox 1521 2352 1854 2424; x_wconf 86' lang='grc' dir='ltr'>παράλογον.</span> 
     </span>
    </p>
   </div>
   <div class='ocr_carea' id='block_1_40' title="bbox 268 2443 1861 2520">
    <p class='ocr_par' dir='ltr' id='par_1_40' title="bbox 268 2443 1861 2520">
     <span class='ocr_line' id='line_1_40' title="bbox 268 2443 1861 2520; baseline -0.004 -17"><span class='ocrx_word' id='word_1_283' title='bbox 268 2450 386 2520; x_wconf 82' lang='grc' dir='ltr'>Πρὸ</span> <span class='ocrx_word' id='word_1_284' title='bbox 429 2450 560 2520; x_wconf 81' lang='grc' dir='ltr'>μιᾶς</span> <span class='ocrx_word' id='word_1_285' title='bbox 587 2448 698 2518; x_wconf 85' lang='grc' dir='ltr'>γὰρ</span> <span class='ocrx_word' id='word_1_286' title='bbox 730 2446 946 2518; x_wconf 81' lang='grc' dir='ltr'>ἡμέρας</span> <span class='ocrx_word' id='word_1_287' title='bbox 973 2446 1064 2501; x_wconf 82' lang='grc' dir='ltr'>διὰ</span> <span class='ocrx_word' id='word_1_288' title='bbox 1089 2444 1184 2500; x_wconf 89' lang='grc' dir='ltr'><strong>τοῦ</strong></span> <span class='ocrx_word' id='word_1_289' title='bbox 1215 2446 1482 2516; x_wconf 83' lang='grc' dir='ltr'>Ἰωσήπου</span> <span class='ocrx_word' id='word_1_290' title='bbox 1525 2449 1620 2497; x_wconf 78' lang='grc' dir='ltr'>ἐπὶ</span> <span class='ocrx_word' id='word_1_291' title='bbox 1655 2443 1861 2512; x_wconf 88' lang='grc' dir='ltr'>συμϐά-</span> 
     </span>
    </p>
   </div>
   <div class='ocr_carea' id='block_1_41' title="bbox 269 2535 1858 2610">
    <p class='ocr_par' dir='ltr' id='par_1_41' title="bbox 269 2535 1858 2610">
     <span class='ocr_line' id='line_1_41' title="bbox 269 2535 1858 2610; baseline -0.006 -13"><span class='ocrx_word' id='word_1_292' title='bbox 269 2561 386 2608; x_wconf 88' lang='grc' dir='ltr'>σεις</span> <span class='ocrx_word' id='word_1_293' title='bbox 421 2542 620 2603; x_wconf 76' lang='grc' dir='ltr'>αὐτοὺς</span> <span class='ocrx_word' id='word_1_294' title='bbox 651 2539 1122 2610; x_wconf 78' lang='grc' dir='ltr'>προκαλούμενος,</span> <span class='ocrx_word' id='word_1_295' title='bbox 1147 2538 1303 2592; x_wconf 78' lang='grc' dir='ltr'>οὐδὲν</span> <span class='ocrx_word' id='word_1_296' title='bbox 1335 2535 1670 2608; x_wconf 80' lang='grc' dir='ltr'>φρονοῦντας</span> <span class='ocrx_word' id='word_1_297' title='bbox 1703 2535 1858 2607; x_wconf 82' lang='grc' dir='ltr'>εὖριο</span> 
     </span>
    </p>
   </div>
   <div class='ocr_carea' id='block_1_42' title="bbox 268 2623 1902 2707">
    <p class='ocr_par' dir='ltr' id='par_1_42' title="bbox 268 2623 1902 2707">
     <span class='ocr_line' id='line_1_42' title="bbox 268 2623 1902 2707; baseline -0.004 -17"><span class='ocrx_word' id='word_1_298' title='bbox 268 2653 372 2690; x_wconf 84' lang='grc' dir='ltr'><strong>σκε</strong></span> <span class='ocrx_word' id='word_1_299' title='bbox 411 2635 653 2707; x_wconf 85' lang='grc' dir='ltr'>μέτριον.</span> <span class='ocrx_word' id='word_1_300' title='bbox 695 2633 899 2687; x_wconf 88' lang='grc' dir='ltr'>Μένειν</span> <span class='ocrx_word' id='word_1_301' title='bbox 933 2629 1026 2685; x_wconf 85' lang='grc' dir='ltr'><strong>οῦν</strong></span> <span class='ocrx_word' id='word_1_302' title='bbox 1055 2631 1198 2686; x_wconf 81' lang='grc' dir='ltr'>κατὰ</span> <span class='ocrx_word' id='word_1_303' title='bbox 1218 2628 1405 2702; x_wconf 84' lang='grc' dir='ltr'>χώραν</span> <span class='ocrx_word' id='word_1_304' title='bbox 1433 2631 1560 2695; x_wconf 82' lang='grc' dir='ltr'>τοὺς</span> <span class='ocrx_word' id='word_1_305' title='bbox 1593 2630 1860 2701; x_wconf 85' lang='grc' dir='ltr'>στρατιώ-</span> <span class='ocrx_word' id='word_1_306' title='bbox 1886 2623 1902 2646; x_wconf 79' lang='grc'>⁶</span> 
     </span>
    </p>
   </div>
   <div class='ocr_carea' id='block_1_43' title="bbox 263 2723 1860 2794">
    <p class='ocr_par' dir='ltr' id='par_1_43' title="bbox 263 2723 1860 2794">
     <span class='ocr_line' id='line_1_43' title="bbox 263 2723 1860 2794; baseline -0.003 -11"><span class='ocrx_word' id='word_1_307' title='bbox 263 2747 368 2794; x_wconf 53' lang='grc' dir='ltr'>τις</span> <span class='ocrx_word' id='word_1_308' title='bbox 417 2727 660 2782; x_wconf 85' lang='grc' dir='ltr'>ἐκέλευε.</span> <span class='ocrx_word' id='word_1_309' title='bbox 689 2725 1023 2780; x_wconf 82' lang='grc' dir='ltr'>Φθασάντων</span> <span class='ocrx_word' id='word_1_310' title='bbox 1065 2725 1124 2778; x_wconf 80' lang='grc' dir='ltr'><strong>δέ</strong></span> <span class='ocrx_word' id='word_1_311' title='bbox 1167 2741 1332 2777; x_wconf 90' lang='grc' dir='ltr'>τινων</span> <span class='ocrx_word' id='word_1_312' title='bbox 1379 2723 1518 2794; x_wconf 81' lang='grc' dir='ltr'>πρὸς</span> <span class='ocrx_word' id='word_1_313' title='bbox 1550 2725 1650 2788; x_wconf 86' lang='grc' dir='ltr'>τὰς</span> <span class='ocrx_word' id='word_1_314' title='bbox 1683 2723 1860 2789; x_wconf 87' lang='grc' dir='ltr'>πύλας</span> 
     </span>
    </p>
   </div>
   <div class='ocr_carea' id='block_1_44' title="bbox 261 2815 1860 2894">
    <p class='ocr_par' dir='ltr' id='par_1_44' title="bbox 261 2815 1860 2894">
     <span class='ocr_line' id='line_1_44' title="bbox 261 2815 1860 2894; baseline -0.004 -18"><span class='ocrx_word' id='word_1_315' title='bbox 261 2825 521 2894; x_wconf 76' lang='grc' dir='ltr'>δραμεῖν,</span> <span class='ocrx_word' id='word_1_316' title='bbox 567 2820 629 2876; x_wconf 78' lang='grc' dir='ltr'>τὸ</span> <span class='ocrx_word' id='word_1_317' title='bbox 670 2820 771 2892; x_wconf 79' lang='grc' dir='ltr'>μὲν</span> <span class='ocrx_word' id='word_1_318' title='bbox 800 2820 1020 2892; x_wconf 81' lang='grc' dir='ltr'>πρῶτον</span> <span class='ocrx_word' id='word_1_319' title='bbox 1066 2820 1117 2873; x_wconf 86' lang='grc' dir='ltr'><strong>οί</strong></span> <span class='ocrx_word' id='word_1_320' title='bbox 1162 2815 1532 2886; x_wconf 81' lang='grc' dir='ltr'>ἐκϐεϐλῆσθαι</span> <span class='ocrx_word' id='word_1_321' title='bbox 1573 2816 1860 2883; x_wconf 87' lang='grc' dir='ltr'>δοκοῦντες</span> 
     </span>
    </p>
   </div>
   <div class='ocr_carea' id='block_1_45' title="bbox 262 2909 1860 2984">
    <p class='ocr_par' dir='ltr' id='par_1_45' title="bbox 262 2909 1860 2984">
     <span class='ocr_line' id='line_1_45' title="bbox 262 2909 1860 2984; baseline -0.003 -13"><span class='ocrx_word' id='word_1_322' title='bbox 262 2916 591 2984; x_wconf 61' lang='grc' dir='ltr'>ὑπέφευγον</span> <span class='ocrx_word' id='word_1_323' title='bbox 612 2913 738 2977; x_wconf 70' lang='grc' dir='ltr'>ηὼς</span> <span class='ocrx_word' id='word_1_324' title='bbox 772 2912 829 2966; x_wconf 84' lang='grc' dir='ltr'>δὲ</span> <span class='ocrx_word' id='word_1_325' title='bbox 868 2911 1078 2984; x_wconf 74' lang='grc' dir='ltr'>μεταξὺ</span> <span class='ocrx_word' id='word_1_326' title='bbox 1104 2911 1213 2966; x_wconf 83' lang='grc' dir='ltr'>τῶν</span> <span class='ocrx_word' id='word_1_327' title='bbox 1239 2911 1342 2982; x_wconf 80' lang='grc' dir='ltr'><strong>τῆς</strong></span> <span class='ocrx_word' id='word_1_328' title='bbox 1367 2909 1579 2975; x_wconf 90' lang='grc' dir='ltr'>πόλεως</span> <span class='ocrx_word' id='word_1_329' title='bbox 1605 2910 1860 2978; x_wconf 83' lang='grc' dir='ltr'>ἐγένοντο</span> 
     </span>
    </p>
   </div>
   <div class='ocr_carea' id='block_1_46' title="bbox 262 3002 1859 3080">
    <p class='ocr_par' dir='ltr' id='par_1_46' title="bbox 262 3002 1859 3080">
     <span class='ocr_line' id='line_1_46' title="bbox 262 3002 1859 3080; baseline -0.003 -19"><span class='ocrx_word' id='word_1_330' title='bbox 262 3008 522 3080; x_wconf 80' lang='grc' dir='ltr'>πύργων,</span> <span class='ocrx_word' id='word_1_331' title='bbox 555 3005 793 3072; x_wconf 77' lang='grc' dir='ltr'>ἐξέθεον,</span> <span class='ocrx_word' id='word_1_332' title='bbox 826 3003 925 3059; x_wconf 74' lang='grc' dir='ltr'>καὶ</span> <span class='ocrx_word' id='word_1_333' title='bbox 968 3003 1241 3058; x_wconf 87' lang='grc' dir='ltr'>ἐκύκλουν</span> <span class='ocrx_word' id='word_1_334' title='bbox 1277 3002 1503 3064; x_wconf 70' lang='grc' dir='ltr'>αύτούς.</span> <span class='ocrx_word' id='word_1_335' title='bbox 1540 3003 1651 3056; x_wconf 73' lang='grc' dir='ltr'>Καὶ</span> <span class='ocrx_word' id='word_1_336' title='bbox 1689 3004 1738 3056; x_wconf 88' lang='grc' dir='ltr'><strong>οί</strong></span> <span class='ocrx_word' id='word_1_337' title='bbox 1765 3004 1859 3056; x_wconf 78' lang='grc' dir='ltr'>ἐπὶ</span> 
     </span>
    </p>
   </div>
   <div class='ocr_carea' id='block_1_47' title="bbox 1961 1894 3551 1972">
    <p class='ocr_par' dir='ltr' id='par_1_47' title="bbox 1961 1894 3551 1972">
     <span class='ocr_line' id='line_1_47' title="bbox 1961 1894 3551 1972; baseline 0.004 -22"><span class='ocrx_word' id='word_1_338' title='bbox 1961 1908 2060 1950; x_wconf 89' lang='lat' dir='ltr'><strong>eos</strong></span> <span class='ocrx_word' id='word_1_339' title='bbox 2091 1894 2269 1965; x_wconf 88' lang='lat' dir='ltr'><strong>pridie</strong></span> <span class='ocrx_word' id='word_1_340' title='bbox 2293 1911 2394 1967; x_wconf 88' lang='lat' dir='ltr'><strong>per</strong></span> <span class='ocrx_word' id='word_1_341' title='bbox 2420 1896 2727 1968; x_wconf 89' lang='lat' dir='ltr'><strong>Josephum</strong></span> <span class='ocrx_word' id='word_1_342' title='bbox 2757 1898 2824 1954; x_wconf 91' lang='lat' dir='ltr'><strong>ad</strong></span> <span class='ocrx_word' id='word_1_343' title='bbox 2858 1900 3146 1970; x_wconf 87' lang='lat' dir='ltr'><strong>pactiones</strong></span> <span class='ocrx_word' id='word_1_344' title='bbox 3167 1911 3551 1972; x_wconf 83' lang='lat' dir='ltr'><strong>provocasset,</strong></span> 
     </span>
    </p>
   </div>
   <div class='ocr_carea' id='block_1_48' title="bbox 1960 1985 3556 2061">
    <p class='ocr_par' dir='ltr' id='par_1_48' title="bbox 1960 1985 3556 2061">
     <span class='ocr_line' id='line_1_48' title="bbox 1960 1985 3556 2061; baseline 0.004 -23"><span class='ocrx_word' id='word_1_345' title='bbox 1960 1985 2103 2039; x_wconf 87' lang='lat' dir='ltr'><strong>nihil</strong></span> <span class='ocrx_word' id='word_1_346' title='bbox 2149 1985 2424 2042; x_wconf 87' lang='lat' dir='ltr'><strong>moderati</strong></span> <span class='ocrx_word' id='word_1_347' title='bbox 2477 1988 2729 2058; x_wconf 85' lang='lat' dir='ltr'><strong>responsi</strong></span> <span class='ocrx_word' id='word_1_348' title='bbox 2779 1997 3093 2059; x_wconf 89' lang='lat' dir='ltr'><strong>acceperat.</strong></span> <span class='ocrx_word' id='word_1_349' title='bbox 3153 1989 3355 2048; x_wconf 77' lang='lat' dir='ltr'><strong>Milites</strong></span> <span class='ocrx_word' id='word_1_350' title='bbox 3385 1990 3556 2061; x_wconf 77' lang='lat' dir='ltr'><strong>igitur</strong></span> 
     </span>
    </p>
   </div>
   <div class='ocr_carea' id='block_1_49' title="bbox 1959 2078 3557 2153">
    <p class='ocr_par' dir='ltr' id='par_1_49' title="bbox 1959 2078 3557 2153">
     <span class='ocr_line' id='line_1_49' title="bbox 1959 2078 3557 2153; baseline 0.004 -21"><span class='ocrx_word' id='word_1_351' title='bbox 1959 2093 2062 2132; x_wconf 91' lang='lat' dir='ltr'><strong>suo</strong></span> <span class='ocrx_word' id='word_1_352' title='bbox 2101 2078 2222 2134; x_wconf 90' lang='lat' dir='ltr'><strong>loco</strong></span> <span class='ocrx_word' id='word_1_353' title='bbox 2256 2096 2478 2136; x_wconf 90' lang='lat' dir='ltr'><strong>manere</strong></span> <span class='ocrx_word' id='word_1_354' title='bbox 2499 2081 2686 2152; x_wconf 86' lang='lat' dir='ltr'><strong>jussit.</strong></span> <span class='ocrx_word' id='word_1_355' title='bbox 2719 2080 2824 2137; x_wconf 87' lang='lat' dir='ltr'><strong>Sed</strong></span> <span class='ocrx_word' id='word_1_356' title='bbox 2849 2099 2976 2137; x_wconf 84' lang='lat' dir='ltr'><strong>cum</strong></span> <span class='ocrx_word' id='word_1_357' title='bbox 3005 2081 3229 2152; x_wconf 88' lang='lat' dir='ltr'><strong>quidam</strong></span> <span class='ocrx_word' id='word_1_358' title='bbox 3270 2083 3337 2138; x_wconf 89' lang='lat' dir='ltr'><strong>ad</strong></span> <span class='ocrx_word' id='word_1_359' title='bbox 3366 2093 3557 2153; x_wconf 86' lang='lat' dir='ltr'><strong>portas</strong></span> 
     </span>
    </p>
   </div>
   <div class='ocr_carea' id='block_1_50' title="bbox 1953 2168 3556 2244">
    <p class='ocr_par' dir='ltr' id='par_1_50' title="bbox 1953 2168 3556 2244">
     <span class='ocr_line' id='line_1_50' title="bbox 1953 2168 3556 2244; baseline 0.003 -20"><span class='ocrx_word' id='word_1_360' title='bbox 1953 2168 2067 2240; x_wconf 87' lang='lat' dir='ltr'><strong>jam</strong></span> <span class='ocrx_word' id='word_1_361' title='bbox 2105 2170 2514 2240; x_wconf 87' lang='lat' dir='ltr'><strong>procurrisscnt</strong></span> <span class='ocrx_word' id='word_1_362' title='bbox 2536 2213 2549 2237; x_wconf 87' lang='lat'><strong>,</strong></span> <span class='ocrx_word' id='word_1_363' title='bbox 2587 2171 2623 2226; x_wconf 91' lang='lat' dir='ltr'><strong>ii</strong></span> <span class='ocrx_word' id='word_1_364' title='bbox 2653 2172 2749 2242; x_wconf 90' lang='lat' dir='ltr'><strong>qui</strong></span> <span class='ocrx_word' id='word_1_365' title='bbox 2785 2187 2846 2227; x_wconf 89' lang='lat' dir='ltr'><strong>se</strong></span> <span class='ocrx_word' id='word_1_366' title='bbox 2876 2174 3084 2243; x_wconf 86' lang='lat' dir='ltr'><strong>cjectos</strong></span> <span class='ocrx_word' id='word_1_367' title='bbox 3112 2189 3236 2230; x_wconf 87' lang='lat' dir='ltr'><strong>esse</strong></span> <span class='ocrx_word' id='word_1_368' title='bbox 3269 2173 3556 2244; x_wconf 78' lang='lat' dir='ltr'><strong>ﬁngebant</strong></span> 
     </span>
    </p>
   </div>
   <div class='ocr_carea' id='block_1_51' title="bbox 1961 2263 3555 2337">
    <p class='ocr_par' dir='ltr' id='par_1_51' title="bbox 1961 2263 3555 2337">
     <span class='ocr_line' id='line_1_51' title="bbox 1961 2263 3555 2337; baseline 0.004 -20"><span class='ocrx_word' id='word_1_369' title='bbox 1961 2263 2351 2335; x_wconf 80' lang='lat' dir='ltr'><strong>refugiebant:</strong></span> <span class='ocrx_word' id='word_1_370' title='bbox 2390 2275 2450 2319; x_wconf 94' lang='lat' dir='ltr'><strong>ut</strong></span> <span class='ocrx_word' id='word_1_371' title='bbox 2473 2281 2605 2321; x_wconf 88' lang='lat' dir='ltr'><strong>vero</strong></span> <span class='ocrx_word' id='word_1_372' title='bbox 2655 2266 2802 2320; x_wconf 91' lang='lat' dir='ltr'><strong>intra</strong></span> <span class='ocrx_word' id='word_1_373' title='bbox 2837 2266 3000 2321; x_wconf 84' lang='lat' dir='ltr'><strong>urbis</strong></span> <span class='ocrx_word' id='word_1_374' title='bbox 3033 2275 3213 2322; x_wconf 87' lang='lat' dir='ltr'><strong>turres</strong></span> <span class='ocrx_word' id='word_1_375' title='bbox 3241 2266 3319 2322; x_wconf 94' lang='lat' dir='ltr'><strong>illi</strong></span> <span class='ocrx_word' id='word_1_376' title='bbox 3353 2283 3555 2337; x_wconf 76' lang='lat' dir='ltr'><strong>perre-</strong></span> 
     </span>
    </p>
   </div>
   <div class='ocr_carea' id='block_1_52' title="bbox 1960 2359 3552 2427">
    <p class='ocr_par' dir='ltr' id='par_1_52' title="bbox 1960 2359 3552 2427">
     <span class='ocr_line' id='line_1_52' title="bbox 1960 2359 3552 2427; baseline 0.003 -17"><span class='ocrx_word' id='word_1_377' title='bbox 1960 2365 2191 2420; x_wconf 90' lang='lat' dir='ltr'><strong>nerant,</strong></span> <span class='ocrx_word' id='word_1_378' title='bbox 2214 2365 2605 2422; x_wconf 77' lang='lat' dir='ltr'><strong>excurrerant,</strong></span> <span class='ocrx_word' id='word_1_379' title='bbox 2637 2371 2844 2427; x_wconf 89' lang='lat' dir='ltr'><strong>eosque</strong></span> <span class='ocrx_word' id='word_1_380' title='bbox 2907 2359 3414 2415; x_wconf 89' lang='lat' dir='ltr'><strong>circumvenerunt.</strong></span> <span class='ocrx_word' id='word_1_381' title='bbox 3447 2361 3552 2427; x_wconf 86' lang='lat' dir='ltr'><strong>Qui</strong></span> 
     </span>
    </p>
   </div>
   <div class='ocr_carea' id='block_1_53' title="bbox 1959 2449 3556 2514">
    <p class='ocr_par' dir='ltr' id='par_1_53' title="bbox 1959 2449 3556 2514">
     <span class='ocr_line' id='line_1_53' title="bbox 1959 2449 3556 2514; baseline 0.004 -12"><span class='ocrx_word' id='word_1_382' title='bbox 1959 2462 2094 2503; x_wconf 90' lang='lat' dir='ltr'><strong>vero</strong></span> <span class='ocrx_word' id='word_1_383' title='bbox 2142 2449 2196 2502; x_wconf 94' lang='lat' dir='ltr'><strong>in</strong></span> <span class='ocrx_word' id='word_1_384' title='bbox 2236 2449 2517 2504; x_wconf 64' lang='lat' dir='ltr'><strong>moenibus</strong></span> <span class='ocrx_word' id='word_1_385' title='bbox 2563 2460 2757 2514; x_wconf 89' lang='lat' dir='ltr'><strong>erant,</strong></span> <span class='ocrx_word' id='word_1_386' title='bbox 2803 2450 2911 2504; x_wconf 86' lang='lat' dir='ltr'><strong>tela</strong></span> <span class='ocrx_word' id='word_1_387' title='bbox 2942 2460 2998 2504; x_wconf 88' lang='lat' dir='ltr'><strong>et</strong></span> <span class='ocrx_word' id='word_1_388' title='bbox 3037 2465 3164 2505; x_wconf 86' lang='lat' dir='ltr'><strong>saxa</strong></span> <span class='ocrx_word' id='word_1_389' title='bbox 3218 2461 3409 2507; x_wconf 90' lang='lat' dir='ltr'><strong>contra</strong></span> <span class='ocrx_word' id='word_1_390' title='bbox 3455 2469 3556 2508; x_wconf 87' lang='lat' dir='ltr'><strong>eos</strong></span> 
     </span>
    </p>
   </div>
   <div class='ocr_carea' id='block_1_54' title="bbox 1954 2537 3555 2611">
    <p class='ocr_par' dir='ltr' id='par_1_54' title="bbox 1954 2537 3555 2611">
     <span class='ocr_line' id='line_1_54' title="bbox 1954 2537 3555 2611; baseline 0.003 -18"><span class='ocrx_word' id='word_1_391' title='bbox 1954 2537 2302 2608; x_wconf 75' lang='lat' dir='ltr'><strong>iaculantes,</strong></span> <span class='ocrx_word' id='word_1_392' title='bbox 2339 2539 2667 2595; x_wconf 88' lang='lat' dir='ltr'><strong>occiderunt</strong></span> <span class='ocrx_word' id='word_1_393' title='bbox 2693 2540 2896 2595; x_wconf 84' lang='lat' dir='ltr'><strong>multos</strong></span> <span class='ocrx_word' id='word_1_394' title='bbox 2917 2581 2933 2607; x_wconf 86' lang='lat'><strong>,</strong></span> <span class='ocrx_word' id='word_1_395' title='bbox 2968 2541 3158 2611; x_wconf 89' lang='lat' dir='ltr'><strong>plures</strong></span> <span class='ocrx_word' id='word_1_396' title='bbox 3187 2543 3555 2599; x_wconf 85' lang='lat' dir='ltr'><strong>convulnera-</strong></span> 
     </span>
    </p>
   </div>
   <div class='ocr_carea' id='block_1_55' title="bbox 1960 2629 3554 2698">
    <p class='ocr_par' dir='ltr' id='par_1_55' title="bbox 1960 2629 3554 2698">
     <span class='ocr_line' id='line_1_55' title="bbox 1960 2629 3554 2698; baseline 0.003 -14"><span class='ocrx_word' id='word_1_397' title='bbox 1960 2639 2112 2686; x_wconf 86' lang='lat' dir='ltr'><strong>runt.</strong></span> <span class='ocrx_word' id='word_1_398' title='bbox 2149 2629 2268 2697; x_wconf 86' lang='lat' dir='ltr'><strong>Quo</strong></span> <span class='ocrx_word' id='word_1_399' title='bbox 2312 2646 2574 2687; x_wconf 83' lang='lat' dir='ltr'><strong>successu</strong></span> <span class='ocrx_word' id='word_1_400' title='bbox 2606 2632 2782 2688; x_wconf 79' lang='lat' dir='ltr'><strong>Judaei</strong></span> <span class='ocrx_word' id='word_1_401' title='bbox 2833 2633 3228 2698; x_wconf 87' lang='lat' dir='ltr'><strong>exsultabant,</strong></span> <span class='ocrx_word' id='word_1_402' title='bbox 3292 2643 3349 2689; x_wconf 89' lang='lat' dir='ltr'><strong>et</strong></span> <span class='ocrx_word' id='word_1_403' title='bbox 3395 2644 3554 2689; x_wconf 85' lang='lat' dir='ltr'><strong>scuta</strong></span> 
     </span>
    </p>
   </div>
   <div class='ocr_carea' id='block_1_56' title="bbox 1959 2724 3556 2783">
    <p class='ocr_par' dir='ltr' id='par_1_56' title="bbox 1959 2724 3556 2783">
     <span class='ocr_line' id='line_1_56' title="bbox 1959 2724 3556 2783; baseline 0.002 -3"><span class='ocrx_word' id='word_1_404' title='bbox 1959 2724 2397 2780; x_wconf 88' lang='lat' dir='ltr'><strong>concutiebant:</strong></span> <span class='ocrx_word' id='word_1_405' title='bbox 2458 2725 2617 2782; x_wconf 87' lang='lat' dir='ltr'><strong>Titus</strong></span> <span class='ocrx_word' id='word_1_406' title='bbox 2650 2741 2782 2780; x_wconf 89' lang='lat' dir='ltr'><strong>vero</strong></span> <span class='ocrx_word' id='word_1_407' title='bbox 2826 2734 2884 2781; x_wconf 90' lang='lat' dir='ltr'><strong>et</strong></span> <span class='ocrx_word' id='word_1_408' title='bbox 2935 2728 3297 2783; x_wconf 86' lang='lat' dir='ltr'><strong>centuriones</strong></span> <span class='ocrx_word' id='word_1_409' title='bbox 3343 2728 3556 2783; x_wconf 86' lang='lat' dir='ltr'><strong>milites</strong></span> 
     </span>
    </p>
   </div>
   <div class='ocr_carea' id='block_1_57' title="bbox 1961 2817 3556 2888">
    <p class='ocr_par' dir='ltr' id='par_1_57' title="bbox 1961 2817 3556 2888">
     <span class='ocr_line' id='line_1_57' title="bbox 1961 2817 3556 2888; baseline 0.003 -18"><span class='ocrx_word' id='word_1_410' title='bbox 1961 2818 2324 2886; x_wconf 81' lang='lat' dir='ltr'><strong>castigabant.</strong></span> <span class='ocrx_word' id='word_1_411' title='bbox 2373 2818 2453 2872; x_wconf 91' lang='lat' dir='ltr'><strong>Eo</strong></span> <span class='ocrx_word' id='word_1_412' title='bbox 2484 2818 2664 2888; x_wconf 89' lang='lat' dir='ltr'><strong>spatio</strong></span> <span class='ocrx_word' id='word_1_413' title='bbox 2695 2817 2844 2888; x_wconf 85' lang='lat' dir='ltr'><strong>quod</strong></span> <span class='ocrx_word' id='word_1_414' title='bbox 2877 2829 3005 2874; x_wconf 90' lang='lat' dir='ltr'><strong>ante</strong></span> <span class='ocrx_word' id='word_1_415' title='bbox 3031 2820 3234 2874; x_wconf 77' lang='lat' dir='ltr'><strong>moenia</strong></span> <span class='ocrx_word' id='word_1_416' title='bbox 3265 2828 3354 2874; x_wconf 91' lang='lat' dir='ltr'><strong>est</strong></span> <span class='ocrx_word' id='word_1_417' title='bbox 3395 2835 3556 2875; x_wconf 89' lang='lat' dir='ltr'><strong>com-</strong></span> 
     </span>
    </p>
   </div>
   <div class='ocr_carea' id='block_1_58' title="bbox 1960 2908 3557 2978">
    <p class='ocr_par' dir='ltr' id='par_1_58' title="bbox 1960 2908 3557 2978">
     <span class='ocr_line' id='line_1_58' title="bbox 1960 2908 3557 2978; baseline 0.003 -16"><span class='ocrx_word' id='word_1_418' title='bbox 1960 2908 2185 2978; x_wconf 88' lang='lat' dir='ltr'><strong>planato</strong></span> <span class='ocrx_word' id='word_1_419' title='bbox 2211 2949 2226 2975; x_wconf 91' lang='lat'><strong>,</strong></span> <span class='ocrx_word' id='word_1_420' title='bbox 2269 2909 2559 2978; x_wconf 88' lang='lat' dir='ltr'><strong>copiarum</strong></span> <span class='ocrx_word' id='word_1_421' title='bbox 2594 2911 2764 2965; x_wconf 91' lang='lat' dir='ltr'><strong>robur</strong></span> <span class='ocrx_word' id='word_1_422' title='bbox 2793 2909 2860 2965; x_wconf 89' lang='lat' dir='ltr'><strong>ad</strong></span> <span class='ocrx_word' id='word_1_423' title='bbox 2895 2925 3091 2965; x_wconf 87' lang='lat' dir='ltr'><strong>muros</strong></span> <span class='ocrx_word' id='word_1_424' title='bbox 3117 2911 3364 2966; x_wconf 86' lang='lat' dir='ltr'><strong>extendit</strong></span> <span class='ocrx_word' id='word_1_425' title='bbox 3392 2929 3408 2968; x_wconf 91' lang='lat'><strong>:</strong></span> <span class='ocrx_word' id='word_1_426' title='bbox 3451 2911 3557 2966; x_wconf 85' lang='lat' dir='ltr'><strong>ob-</strong></span> 
     </span>
    </p>
   </div>
   <div class='ocr_carea' id='block_1_59' title="bbox 1961 3001 3554 3071">
    <p class='ocr_par' dir='ltr' id='par_1_59' title="bbox 1961 3001 3554 3071">
     <span class='ocr_line' id='line_1_59' title="bbox 1961 3001 3554 3071; baseline 0.003 -18"><span class='ocrx_word' id='word_1_427' title='bbox 1961 3002 2302 3071; x_wconf 90' lang='lat' dir='ltr'><strong>structisque</strong></span> <span class='ocrx_word' id='word_1_428' title='bbox 2337 3002 2669 3069; x_wconf 74' lang='lat' dir='ltr'><strong>;Jud:eorum</strong></span> <span class='ocrx_word' id='word_1_429' title='bbox 2723 3002 3192 3070; x_wconf 81' lang='lat' dir='ltr'><strong>excursionibus,</strong></span> <span class='ocrx_word' id='word_1_430' title='bbox 3242 3012 3422 3059; x_wconf 89' lang='lat' dir='ltr'><strong>castra</strong></span> <span class='ocrx_word' id='word_1_431' title='bbox 3474 3001 3554 3058; x_wconf 87' lang='lat' dir='ltr'><strong>ibi</strong></span> 
     </span>
    </p>
   </div>
   <div class='ocr_carea' id='block_1_60' title="bbox 258 3093 1861 3199">
    <p class='ocr_par' dir='ltr' id='par_1_60' title="bbox 258 3093 1858 3169">
     <span class='ocr_line' id='line_1_60' title="bbox 258 3093 1858 3169; baseline -0.005 -15"><span class='ocrx_word' id='word_1_432' title='bbox 258 3100 366 3154; x_wconf 84' lang='grc' dir='ltr'><strong>τοῦ</strong></span> <span class='ocrx_word' id='word_1_433' title='bbox 403 3101 618 3169; x_wconf 76' lang='grc' dir='ltr'>τείχους</span> <span class='ocrx_word' id='word_1_434' title='bbox 658 3098 793 3169; x_wconf 79' lang='grc' dir='ltr'>βέλη</span> <span class='ocrx_word' id='word_1_435' title='bbox 838 3094 962 3150; x_wconf 85' lang='grc' dir='ltr'>κατ’</span> <span class='ocrx_word' id='word_1_436' title='bbox 1004 3093 1188 3150; x_wconf 85' lang='grc' dir='ltr'>αὐτῶν</span> <span class='ocrx_word' id='word_1_437' title='bbox 1221 3094 1476 3166; x_wconf 73' lang='grc' dir='ltr'>ἠφίεσαν,</span> <span class='ocrx_word' id='word_1_438' title='bbox 1527 3093 1624 3148; x_wconf 83' lang='grc' dir='ltr'>καὶ</span> <span class='ocrx_word' id='word_1_439' title='bbox 1675 3094 1858 3158; x_wconf 82' lang='grc' dir='ltr'>λίθους</span> 
     </span>
    </p>
   </div>
   <div class='ocr_carea' id='block_1_61' title="bbox 1963 3093 3556 3199">
    <p class='ocr_par' dir='ltr' id='par_1_61' title="bbox 1963 3094 3556 3164">
     <span class='ocr_line' id='line_1_61' title="bbox 1963 3094 3556 3164; baseline 0.001 -17"><span class='ocrx_word' id='word_1_440' title='bbox 1963 3094 2168 3162; x_wconf 89' lang='lat' dir='ltr'><strong>posuit.</strong></span> <span class='ocrx_word' id='word_1_441' title='bbox 2193 3094 2334 3150; x_wconf 88' lang='lat' dir='ltr'><strong>Urbs</strong></span> <span class='ocrx_word' id='word_1_442' title='bbox 2367 3095 2568 3164; x_wconf 91' lang='lat' dir='ltr'><strong>triplici</strong></span> <span class='ocrx_word' id='word_1_443' title='bbox 2601 3111 2762 3150; x_wconf 89' lang='lat' dir='ltr'><strong>muro</strong></span> <span class='ocrx_word' id='word_1_444' title='bbox 2789 3095 3128 3152; x_wconf 90' lang='lat' dir='ltr'><strong>circumdata</strong></span> <span class='ocrx_word' id='word_1_445' title='bbox 3155 3095 3282 3160; x_wconf 81' lang='lat' dir='ltr'><strong>fuit,</strong></span> <span class='ocrx_word' id='word_1_446' title='bbox 3303 3095 3400 3150; x_wconf 91' lang='lat' dir='ltr'><strong>ubi</strong></span> <span class='ocrx_word' id='word_1_447' title='bbox 3423 3110 3556 3150; x_wconf 85' lang='lat' dir='ltr'><strong>vero</strong></span> 
     </span>
    </p>
   </div>
   <div class='ocr_carea' id='block_1_62' title="bbox 261 3187 1858 3266">
    <p class='ocr_par' dir='ltr' id='par_1_62' title="bbox 261 3187 1858 3266">
     <span class='ocr_line' id='line_1_62' title="bbox 261 3187 1858 3266; baseline -0.003 -20"><span class='ocrx_word' id='word_1_448' title='bbox 261 3193 582 3266; x_wconf 72' lang='grc' dir='ltr'>ἠκόντιζον,</span> <span class='ocrx_word' id='word_1_449' title='bbox 620 3192 716 3244; x_wconf 69' lang='grc' dir='ltr'>καὶ</span> <span class='ocrx_word' id='word_1_450' title='bbox 746 3191 960 3244; x_wconf 87' lang='grc' dir='ltr'>ἀνεῖλον</span> <span class='ocrx_word' id='word_1_451' title='bbox 995 3188 1246 3260; x_wconf 82' lang='grc' dir='ltr'>συχνοὺς,</span> <span class='ocrx_word' id='word_1_452' title='bbox 1281 3188 1378 3243; x_wconf 76' lang='grc' dir='ltr'><strong>καὶ</strong></span> <span class='ocrx_word' id='word_1_453' title='bbox 1427 3187 1652 3252; x_wconf 89' lang='grc' dir='ltr'>πλείους</span> <span class='ocrx_word' id='word_1_454' title='bbox 1690 3187 1858 3242; x_wconf 63' lang='grc' dir='ltr'>κατέη</span> 
     </span>
    </p>
   </div>
   <div class='ocr_carea' id='block_1_63' title="bbox 259 3280 1857 3356">
    <p class='ocr_par' dir='ltr' id='par_1_63' title="bbox 259 3280 1857 3356">
     <span class='ocr_line' id='line_1_63' title="bbox 259 3280 1857 3356; baseline -0.004 -16"><span class='ocrx_word' id='word_1_455' title='bbox 259 3304 514 3356; x_wconf 80' lang='grc' dir='ltr'>τρωσαν.</span> <span class='ocrx_word' id='word_1_456' title='bbox 546 3286 657 3340; x_wconf 79' lang='grc' dir='ltr'>Καὶ</span> <span class='ocrx_word' id='word_1_457' title='bbox 679 3286 726 3338; x_wconf 88' lang='grc' dir='ltr'><strong>οί</strong></span> <span class='ocrx_word' id='word_1_458' title='bbox 766 3285 867 3355; x_wconf 82' lang='grc' dir='ltr'><strong>μὲν</strong></span> <span class='ocrx_word' id='word_1_459' title='bbox 901 3285 1150 3336; x_wconf 77' lang='grc' dir='ltr'>Ἰουδαῖοι</span> <span class='ocrx_word' id='word_1_460' title='bbox 1173 3281 1446 3354; x_wconf 85' lang='grc' dir='ltr'>ἐσκίρτων</span> <span class='ocrx_word' id='word_1_461' title='bbox 1475 3282 1604 3345; x_wconf 82' lang='grc' dir='ltr'>τοὺς</span> <span class='ocrx_word' id='word_1_462' title='bbox 1633 3280 1857 3352; x_wconf 75' lang='grc' dir='ltr'>θυρεοὺς</span> 
     </span>
    </p>
   </div>
   <div class='ocr_carea' id='block_1_64' title="bbox 262 3372 1856 3446">
    <p class='ocr_par' dir='ltr' id='par_1_64' title="bbox 262 3372 1856 3446">
     <span class='ocr_line' id='line_1_64' title="bbox 262 3372 1856 3446; baseline -0.006 -13"><span class='ocrx_word' id='word_1_463' title='bbox 262 3378 640 3442; x_wconf 79' lang='grc' dir='ltr'>ἀνασείοντες,</span> <span class='ocrx_word' id='word_1_464' title='bbox 669 3377 782 3440; x_wconf 87' lang='grc' dir='ltr'>τοῖς</span> <span class='ocrx_word' id='word_1_465' title='bbox 831 3374 886 3427; x_wconf 77' lang='grc' dir='ltr'>δὲ</span> <span class='ocrx_word' id='word_1_466' title='bbox 937 3373 1304 3446; x_wconf 84' lang='grc' dir='ltr'>στρατιώταις</span> <span class='ocrx_word' id='word_1_467' title='bbox 1346 3374 1375 3426; x_wconf 91' lang='lat'><strong>6</strong></span> <span class='ocrx_word' id='word_1_468' title='bbox 1425 3372 1584 3436; x_wconf 88' lang='grc' dir='ltr'>Τῖτος</span> <span class='ocrx_word' id='word_1_469' title='bbox 1619 3372 1856 3444; x_wconf 72' lang='grc' dir='ltr'>ἠπείλει,</span> 
     </span>
    </p>
   </div>
   <div class='ocr_carea' id='block_1_65' title="bbox 261 3465 1858 3540">
    <p class='ocr_par' dir='ltr' id='par_1_65' title="bbox 261 3465 1858 3540">
     <span class='ocr_line' id='line_1_65' title="bbox 261 3465 1858 3540; baseline -0.004 -16"><span class='ocrx_word' id='word_1_470' title='bbox 261 3473 370 3525; x_wconf 62' lang='grc' dir='ltr'><strong>καὶ⁷</strong></span> <span class='ocrx_word' id='word_1_471' title='bbox 395 3473 446 3524; x_wconf 80' lang='lat' dir='ltr'><strong>oi</strong></span> <span class='ocrx_word' id='word_1_472' title='bbox 473 3471 777 3540; x_wconf 81' lang='grc' dir='ltr'>ταξίαρχοι.</span> <span class='ocrx_word' id='word_1_473' title='bbox 815 3468 956 3538; x_wconf 88' lang='grc' dir='ltr'><strong>Ἤδη</strong></span> <span class='ocrx_word' id='word_1_474' title='bbox 979 3468 1036 3521; x_wconf 90' lang='grc' dir='ltr'><strong>δέ</strong></span> <span class='ocrx_word' id='word_1_475' title='bbox 1063 3466 1155 3520; x_wconf 91' lang='grc' dir='ltr'><strong>τοῦ</strong></span> <span class='ocrx_word' id='word_1_476' title='bbox 1183 3465 1287 3537; x_wconf 75' lang='grc' dir='ltr'>πρὸ</span> <span class='ocrx_word' id='word_1_477' title='bbox 1311 3465 1421 3518; x_wconf 84' lang='grc' dir='ltr'><strong>τῶν</strong></span> <span class='ocrx_word' id='word_1_478' title='bbox 1451 3465 1650 3536; x_wconf 88' lang='grc' dir='ltr'>τειχῶν</span> <span class='ocrx_word' id='word_1_479' title='bbox 1679 3466 1858 3537; x_wconf 74' lang='grc' dir='ltr'>χώρα)</span> 
     </span>
    </p>
   </div>
   <div class='ocr_carea' id='block_1_66' title="bbox 259 3555 1859 3631">
    <p class='ocr_par' dir='ltr' id='par_1_66' title="bbox 259 3555 1859 3631">
     <span class='ocr_line' id='line_1_66' title="bbox 259 3555 1859 3631; baseline -0.004 -13"><span class='ocrx_word' id='word_1_480' title='bbox 259 3563 648 3631; x_wconf 78' lang='grc' dir='ltr'>ἐξισωθέντος,</span> <span class='ocrx_word' id='word_1_481' title='bbox 685 3563 804 3616; x_wconf 85' lang='grc' dir='ltr'>ἐκεῖ</span> <span class='ocrx_word' id='word_1_482' title='bbox 834 3559 1151 3630; x_wconf 86' lang='grc' dir='ltr'>μεταθεῖναι</span> <span class='ocrx_word' id='word_1_483' title='bbox 1183 3557 1507 3628; x_wconf 85' lang='grc' dir='ltr'>βουλόμενος</span> <span class='ocrx_word' id='word_1_484' title='bbox 1531 3555 1593 3610; x_wconf 86' lang='grc' dir='ltr'>τὺ</span> <span class='ocrx_word' id='word_1_485' title='bbox 1632 3559 1859 3629; x_wconf 87' lang='grc' dir='ltr'>στρατό-</span> 
     </span>
    </p>
   </div>
   <div class='ocr_carea' id='block_1_67' title="bbox 261 3648 1862 3724">
    <p class='ocr_par' dir='ltr' id='par_1_67' title="bbox 261 3648 1862 3724">
     <span class='ocr_line' id='line_1_67' title="bbox 261 3648 1862 3724; baseline -0.004 -15"><span class='ocrx_word' id='word_1_486' title='bbox 261 3655 460 3719; x_wconf 70' lang='grc' dir='ltr'>πεδον,</span> <span class='ocrx_word' id='word_1_487' title='bbox 499 3651 562 3706; x_wconf 84' lang='grc' dir='ltr'>τὸ</span> <span class='ocrx_word' id='word_1_488' title='bbox 602 3651 1025 3724; x_wconf 80' lang='grc' dir='ltr'>καρτερώτατον</span> <span class='ocrx_word' id='word_1_489' title='bbox 1054 3649 1154 3719; x_wconf 81' lang='grc' dir='ltr'>τῆς</span> <span class='ocrx_word' id='word_1_490' title='bbox 1180 3649 1466 3716; x_wconf 83' lang='grc' dir='ltr'>δυνάμεως</span> <span class='ocrx_word' id='word_1_491' title='bbox 1500 3648 1862 3720; x_wconf 83' lang='grc' dir='ltr'>ἀντιπαρεξέ-</span> 
     </span>
    </p>
   </div>
   <div class='ocr_carea' id='block_1_68' title="bbox 261 3741 1862 3815">
    <p class='ocr_par' dir='ltr' id='par_1_68' title="bbox 261 3741 1862 3815">
     <span class='ocr_line' id='line_1_68' title="bbox 261 3741 1862 3815; baseline -0.005 -14"><span class='ocrx_word' id='word_1_492' title='bbox 261 3764 420 3801; x_wconf 86' lang='grc' dir='ltr'>τεινε</span> <span class='ocrx_word' id='word_1_493' title='bbox 456 3745 534 3815; x_wconf 78' lang='grc' dir='ltr'><strong>τῷ</strong></span> <span class='ocrx_word' id='word_1_494' title='bbox 566 3745 762 3813; x_wconf 76' lang='grc' dir='ltr'>τείχει,</span> <span class='ocrx_word' id='word_1_495' title='bbox 803 3745 894 3797; x_wconf 79' lang='grc' dir='ltr'><strong>καὶ</strong></span> <span class='ocrx_word' id='word_1_496' title='bbox 933 3741 1078 3796; x_wconf 74' lang='grc' dir='ltr'>οὕτω</span> <span class='ocrx_word' id='word_1_497' title='bbox 1123 3743 1535 3814; x_wconf 82' lang='grc' dir='ltr'>πεπραγμένων</span> <span class='ocrx_word' id='word_1_498' title='bbox 1585 3743 1862 3807; x_wconf 87' lang='grc' dir='ltr'>Ἰουδαίοις</span> 
     </span>
    </p>
   </div>
   <div class='ocr_carea' id='block_1_69' title="bbox 259 3834 1859 3911">
    <p class='ocr_par' dir='ltr' id='par_1_69' title="bbox 259 3834 1859 3911">
     <span class='ocr_line' id='line_1_69' title="bbox 259 3834 1859 3911; baseline -0.003 -16"><span class='ocrx_word' id='word_1_499' title='bbox 259 3841 384 3896; x_wconf 79' lang='grc' dir='ltr'>τῶν</span> <span class='ocrx_word' id='word_1_500' title='bbox 412 3839 722 3911; x_wconf 77' lang='grc' dir='ltr'>ἐκδρομῶν,</span> <span class='ocrx_word' id='word_1_501' title='bbox 753 3834 1327 3907; x_wconf 83' lang='grc' dir='ltr'>ἐστρατοπεδεύσαντο</span> <span class='ocrx_word' id='word_1_502' title='bbox 1346 3834 1400 3888; x_wconf 77' lang='grc' dir='ltr'>οἱ</span> <span class='ocrx_word' id='word_1_503' title='bbox 1428 3835 1694 3907; x_wconf 81' lang='grc' dir='ltr'>Ῥωμαῖοι</span> <span class='ocrx_word' id='word_1_504' title='bbox 1720 3835 1859 3890; x_wconf 88' lang='grc' dir='ltr'>ἐκεῖ.</span> 
     </span>
    </p>
   </div>
   <div class='ocr_carea' id='block_1_70' title="bbox 257 3929 1859 4007">
    <p class='ocr_par' dir='ltr' id='par_1_70' title="bbox 257 3929 1859 4007">
     <span class='ocr_line' id='line_1_70' title="bbox 257 3929 1859 4007; baseline -0.003 -18"><span class='ocrx_word' id='word_1_505' title='bbox 257 3937 434 4007; x_wconf 77' lang='grc' dir='ltr'>Τρισὶ</span> <span class='ocrx_word' id='word_1_506' title='bbox 474 3933 532 3986; x_wconf 80' lang='grc' dir='ltr'>δὲ</span> <span class='ocrx_word' id='word_1_507' title='bbox 559 3933 804 4003; x_wconf 86' lang='grc' dir='ltr'>τείχεσιν</span> <span class='ocrx_word' id='word_1_508' title='bbox 835 3934 868 4002; x_wconf 79' lang='grc' dir='ltr'>ὴ</span> <span class='ocrx_word' id='word_1_509' title='bbox 911 3931 1072 3994; x_wconf 81' lang='grc' dir='ltr'>πόλις</span> <span class='ocrx_word' id='word_1_510' title='bbox 1104 3929 1501 4002; x_wconf 76' lang='grc' dir='ltr'>περιεϐέϐλητο</span> <span class='ocrx_word' id='word_1_511' title='bbox 1528 3945 1544 3962; x_wconf 79' lang='grc'><strong><em>⁸</em></strong></span> <span class='ocrx_word' id='word_1_512' title='bbox 1579 3930 1715 3984; x_wconf 84' lang='grc' dir='ltr'>ὅπου</span> <span class='ocrx_word' id='word_1_513' title='bbox 1747 3931 1792 3984; x_wconf 79' lang='grc' dir='ltr'>δ’</span> <span class='ocrx_word' id='word_1_514' title='bbox 1825 3934 1859 4002; x_wconf 79' lang='grc' dir='ltr'>ἡ</span> 
     </span>
    </p>
   </div>
   <div class='ocr_carea' id='block_1_71' title="bbox 256 4021 1863 4097">
    <p class='ocr_par' dir='ltr' id='par_1_71' title="bbox 256 4021 1863 4097">
     <span class='ocr_line' id='line_1_71' title="bbox 256 4021 1863 4097; baseline -0.004 -15"><span class='ocrx_word' id='word_1_515' title='bbox 256 4028 438 4097; x_wconf 78' lang='grc' dir='ltr'>φύσις</span> <span class='ocrx_word' id='word_1_516' title='bbox 503 4024 599 4078; x_wconf 90' lang='grc' dir='ltr'><strong>τοῦ</strong></span> <span class='ocrx_word' id='word_1_517' title='bbox 657 4025 826 4078; x_wconf 89' lang='grc' dir='ltr'>τόπου</span> <span class='ocrx_word' id='word_1_518' title='bbox 881 4022 1091 4093; x_wconf 87' lang='grc' dir='ltr'>ταύτην</span> <span class='ocrx_word' id='word_1_519' title='bbox 1147 4021 1393 4093; x_wconf 84' lang='grc' dir='ltr'>ὠχύρου,</span> <span class='ocrx_word' id='word_1_520' title='bbox 1458 4022 1541 4076; x_wconf 76' lang='grc' dir='ltr'>ἐνὶ</span> <span class='ocrx_word' id='word_1_521' title='bbox 1585 4022 1863 4094; x_wconf 85' lang='grc' dir='ltr'>περιϐόλῳ</span> 
     </span>
    </p>
   </div>
   <div class='ocr_carea' id='block_1_72' title="bbox 252 4114 1864 4187">
    <p class='ocr_par' dir='ltr' id='par_1_72' title="bbox 252 4114 1864 4187">
     <span class='ocr_line' id='line_1_72' title="bbox 252 4114 1864 4187; baseline -0.002 -13"><span class='ocrx_word' id='word_1_522' title='bbox 252 4121 533 4183; x_wconf 76' lang='grc' dir='ltr'>διέζωστο</span> <span class='ocrx_word' id='word_1_523' title='bbox 554 4134 569 4148; x_wconf 76' lang='grc' dir='ltr'><strong><em>ο</em></strong></span> <span class='ocrx_word' id='word_1_524' title='bbox 598 4117 743 4171; x_wconf 79' lang='grc' dir='ltr'>οὓτω</span> <span class='ocrx_word' id='word_1_525' title='bbox 775 4114 821 4170; x_wconf 84' lang='grc' dir='ltr'>δ’</span> <span class='ocrx_word' id='word_1_526' title='bbox 846 4116 1083 4187; x_wconf 84' lang='grc' dir='ltr'>ἐχούσης</span> <span class='ocrx_word' id='word_1_527' title='bbox 1112 4115 1212 4187; x_wconf 81' lang='grc' dir='ltr'>τῆς</span> <span class='ocrx_word' id='word_1_528' title='bbox 1245 4114 1476 4180; x_wconf 85' lang='grc' dir='ltr'>πόλεως,</span> <span class='ocrx_word' id='word_1_529' title='bbox 1509 4115 1720 4187; x_wconf 75' lang='grc' dir='ltr'>ἄπορος</span> <span class='ocrx_word' id='word_1_530' title='bbox 1746 4115 1864 4170; x_wconf 86' lang='grc' dir='ltr'>ἐδό-</span> 
     </span>
    </p>
   </div>
   <div class='ocr_carea' id='block_1_73' title="bbox 254 4203 1864 4282">
    <p class='ocr_par' dir='ltr' id='par_1_73' title="bbox 254 4203 1864 4282">
     <span class='ocr_line' id='line_1_73' title="bbox 254 4203 1864 4282; baseline -0.002 -16"><span class='ocrx_word' id='word_1_531' title='bbox 254 4230 356 4267; x_wconf 86' lang='grc' dir='ltr'>κει</span> <span class='ocrx_word' id='word_1_532' title='bbox 389 4209 466 4281; x_wconf 84' lang='grc' dir='ltr'>τῷ</span> <span class='ocrx_word' id='word_1_533' title='bbox 496 4210 642 4282; x_wconf 82' lang='grc' dir='ltr'>Τίτῳ</span> <span class='ocrx_word' id='word_1_534' title='bbox 668 4211 702 4280; x_wconf 81' lang='grc' dir='ltr'>ἡ</span> <span class='ocrx_word' id='word_1_535' title='bbox 733 4209 1036 4280; x_wconf 82' lang='grc' dir='ltr'>προσϐολή.</span> <span class='ocrx_word' id='word_1_536' title='bbox 1069 4207 1220 4272; x_wconf 87' lang='grc' dir='ltr'>Τέως</span> <span class='ocrx_word' id='word_1_537' title='bbox 1249 4206 1294 4261; x_wconf 81' lang='grc' dir='ltr'>δ’</span> <span class='ocrx_word' id='word_1_538' title='bbox 1320 4203 1417 4261; x_wconf 83' lang='grc' dir='ltr'><strong>οὖν</strong></span> <span class='ocrx_word' id='word_1_539' title='bbox 1446 4205 1594 4272; x_wconf 81' lang='grc' dir='ltr'>ἐδοξε</span> <span class='ocrx_word' id='word_1_540' title='bbox 1627 4208 1771 4262; x_wconf 79' lang='grc' dir='ltr'>κατὰ</span> <span class='ocrx_word' id='word_1_541' title='bbox 1803 4208 1864 4262; x_wconf 76' lang='grc' dir='ltr'>τὸ</span> 
     </span>
    </p>
   </div>
   <div class='ocr_carea' id='block_1_74' title="bbox 252 4299 1863 4373">
    <p class='ocr_par' dir='ltr' id='par_1_74' title="bbox 252 4299 1863 4373">
     <span class='ocr_line' id='line_1_74' title="bbox 252 4299 1863 4373; baseline -0.004 -14"><span class='ocrx_word' id='word_1_542' title='bbox 252 4306 524 4358; x_wconf 83' lang='grc' dir='ltr'>Ἰωάννου</span> <span class='ocrx_word' id='word_1_543' title='bbox 569 4301 665 4355; x_wconf 88' lang='grc' dir='ltr'><strong>τοῦ</strong></span> <span class='ocrx_word' id='word_1_544' title='bbox 697 4301 1003 4373; x_wconf 76' lang='grc' dir='ltr'>ἀρχιερέως</span> <span class='ocrx_word' id='word_1_545' title='bbox 1033 4301 1306 4370; x_wconf 86' lang='grc' dir='ltr'>μνημεῖον</span> <span class='ocrx_word' id='word_1_546' title='bbox 1343 4299 1733 4370; x_wconf 88' lang='grc' dir='ltr'>προσϐάλλειν,</span> <span class='ocrx_word' id='word_1_547' title='bbox 1766 4299 1863 4353; x_wconf 76' lang='grc' dir='ltr'>καὶ</span> 
     </span>
    </p>
   </div>
   <div class='ocr_carea' id='block_1_75' title="bbox 250 4391 1860 4467">
    <p class='ocr_par' dir='ltr' id='par_1_75' title="bbox 250 4391 1860 4467">
     <span class='ocr_line' id='line_1_75' title="bbox 250 4391 1860 4467; baseline -0.005 -15"><span class='ocrx_word' id='word_1_548' title='bbox 250 4400 385 4460; x_wconf 83' lang='grc' dir='ltr'>τοῖς</span> <span class='ocrx_word' id='word_1_549' title='bbox 415 4397 666 4464; x_wconf 83' lang='grc' dir='ltr'>τάγμασι</span> <span class='ocrx_word' id='word_1_550' title='bbox 697 4392 861 4467; x_wconf 80' lang='grc' dir='ltr'>δῃοῦν</span> <span class='ocrx_word' id='word_1_551' title='bbox 887 4393 956 4448; x_wconf 81' lang='grc' dir='ltr'><strong>τά</strong></span> <span class='ocrx_word' id='word_1_552' title='bbox 986 4392 1092 4462; x_wconf 85' lang='grc' dir='ltr'><strong>πρὸ</strong></span> <span class='ocrx_word' id='word_1_553' title='bbox 1123 4393 1221 4464; x_wconf 85' lang='grc' dir='ltr'><strong>τῆς</strong></span> <span class='ocrx_word' id='word_1_554' title='bbox 1249 4391 1457 4456; x_wconf 84' lang='grc' dir='ltr'>πόλεως</span> <span class='ocrx_word' id='word_1_555' title='bbox 1487 4391 1860 4461; x_wconf 84' lang='grc' dir='ltr'>ἐγκελεύεται,</span> 
     </span>
    </p>
   </div>
   <div class='ocr_carea' id='block_1_76' title="bbox 1964 3185 3556 3260">
    <p class='ocr_par' dir='ltr' id='par_1_76' title="bbox 1964 3185 3556 3260">
     <span class='ocr_line' id='line_1_76' title="bbox 1964 3185 3556 3260; baseline 0 -18"><span class='ocrx_word' id='word_1_556' title='bbox 1964 3187 2076 3242; x_wconf 87' lang='lat' dir='ltr'><strong>situ</strong></span> <span class='ocrx_word' id='word_1_557' title='bbox 2136 3187 2258 3256; x_wconf 92' lang='lat' dir='ltr'><strong>ipso</strong></span> <span class='ocrx_word' id='word_1_558' title='bbox 2312 3188 2709 3252; x_wconf 88' lang='lat' dir='ltr'><strong>muniebatur,</strong></span> <span class='ocrx_word' id='word_1_559' title='bbox 2763 3188 3005 3260; x_wconf 88' lang='lat' dir='ltr'><strong>simplici</strong></span> <span class='ocrx_word' id='word_1_560' title='bbox 3057 3187 3368 3244; x_wconf 84' lang='lat' dir='ltr'><strong>duntaxat:</strong></span> <span class='ocrx_word' id='word_1_561' title='bbox 3404 3185 3556 3259; x_wconf 89' lang='lat' dir='ltr'><strong>quod</strong></span> 
     </span>
    </p>
   </div>
   <div class='ocr_carea' id='block_1_77' title="bbox 1964 3280 3555 3352">
    <p class='ocr_par' dir='ltr' id='par_1_77' title="bbox 1964 3280 3555 3352">
     <span class='ocr_line' id='line_1_77' title="bbox 1964 3280 3555 3352; baseline 0 -16"><span class='ocrx_word' id='word_1_562' title='bbox 1964 3296 2090 3336; x_wconf 88' lang='lat' dir='ltr'><strong>cum</strong></span> <span class='ocrx_word' id='word_1_563' title='bbox 2109 3281 2181 3334; x_wconf 89' lang='lat' dir='ltr'><strong>ita</strong></span> <span class='ocrx_word' id='word_1_564' title='bbox 2197 3290 2364 3346; x_wconf 89' lang='lat' dir='ltr'><strong>esset,</strong></span> <span class='ocrx_word' id='word_1_565' title='bbox 2385 3284 2720 3352; x_wconf 82' lang='lat' dir='ltr'><strong>Oppugnatio</strong></span> <span class='ocrx_word' id='word_1_566' title='bbox 2743 3280 3064 3338; x_wconf 80' lang='lat' dir='ltr'><strong>dillicillima</strong></span> <span class='ocrx_word' id='word_1_567' title='bbox 3089 3281 3217 3336; x_wconf 88' lang='lat' dir='ltr'><strong>Tito</strong></span> <span class='ocrx_word' id='word_1_568' title='bbox 3237 3280 3555 3336; x_wconf 84' lang='lat' dir='ltr'><strong>videbatur.</strong></span> 
     </span>
    </p>
   </div>
   <div class='ocr_carea' id='block_1_78' title="bbox 1964 3371 3560 3445">
    <p class='ocr_par' dir='ltr' id='par_1_78' title="bbox 1964 3371 3560 3445">
     <span class='ocr_line' id='line_1_78' title="bbox 1964 3371 3560 3445; baseline -0.001 -18"><span class='ocrx_word' id='word_1_569' title='bbox 1964 3371 2074 3427; x_wconf 89' lang='lat' dir='ltr'><strong>Sed</strong></span> <span class='ocrx_word' id='word_1_570' title='bbox 2097 3382 2279 3428; x_wconf 91' lang='lat' dir='ltr'><strong>tamen</strong></span> <span class='ocrx_word' id='word_1_571' title='bbox 2299 3373 2477 3428; x_wconf 78' lang='lat' dir='ltr'><strong>visunt</strong></span> <span class='ocrx_word' id='word_1_572' title='bbox 2503 3382 2609 3438; x_wconf 85' lang='lat' dir='ltr'><strong>est,</strong></span> <span class='ocrx_word' id='word_1_573' title='bbox 2634 3375 2792 3445; x_wconf 84' lang='lat' dir='ltr'><strong>juxta</strong></span> <span class='ocrx_word' id='word_1_574' title='bbox 2809 3373 3038 3428; x_wconf 89' lang='lat' dir='ltr'><strong>Joannis</strong></span> <span class='ocrx_word' id='word_1_575' title='bbox 3063 3374 3338 3443; x_wconf 84' lang='lat' dir='ltr'><strong>pontiﬁcis</strong></span> <span class='ocrx_word' id='word_1_576' title='bbox 3358 3387 3560 3428; x_wconf 84' lang='lat' dir='ltr'><strong>monu-</strong></span> 
     </span>
    </p>
   </div>
   <div class='ocr_carea' id='block_1_79' title="bbox 1961 3462 3554 3535">
    <p class='ocr_par' dir='ltr' id='par_1_79' title="bbox 1961 3462 3554 3535">
     <span class='ocr_line' id='line_1_79' title="bbox 1961 3462 3554 3535; baseline -0.001 -18"><span class='ocrx_word' id='word_1_577' title='bbox 1961 3472 2211 3519; x_wconf 90' lang='lat' dir='ltr'><strong>mentum</strong></span> <span class='ocrx_word' id='word_1_578' title='bbox 2265 3478 2389 3518; x_wconf 88' lang='lat' dir='ltr'><strong>eam</strong></span> <span class='ocrx_word' id='word_1_579' title='bbox 2439 3463 2693 3518; x_wconf 89' lang='lat' dir='ltr'><strong>adoriri:</strong></span> <span class='ocrx_word' id='word_1_580' title='bbox 2727 3464 2896 3534; x_wconf 91' lang='lat' dir='ltr'><strong>idque</strong></span> <span class='ocrx_word' id='word_1_581' title='bbox 2939 3463 3256 3535; x_wconf 88' lang='lat' dir='ltr'><strong>legionibus</strong></span> <span class='ocrx_word' id='word_1_582' title='bbox 3311 3462 3554 3518; x_wconf 87' lang='lat' dir='ltr'><strong>indicari</strong></span> 
     </span>
    </p>
   </div>
   <div class='ocr_carea' id='block_1_80' title="bbox 1960 3555 3556 3627">
    <p class='ocr_par' dir='ltr' id='par_1_80' title="bbox 1960 3555 3556 3627">
     <span class='ocr_line' id='line_1_80' title="bbox 1960 3555 3556 3627; baseline -0.002 -18"><span class='ocrx_word' id='word_1_583' title='bbox 1960 3555 2142 3626; x_wconf 87' lang='lat' dir='ltr'><strong>jubet,</strong></span> <span class='ocrx_word' id='word_1_584' title='bbox 2178 3563 2241 3610; x_wconf 88' lang='lat' dir='ltr'><strong>ut</strong></span> <span class='ocrx_word' id='word_1_585' title='bbox 2269 3555 2557 3610; x_wconf 88' lang='lat' dir='ltr'><strong>materiam</strong></span> <span class='ocrx_word' id='word_1_586' title='bbox 2582 3557 2652 3610; x_wconf 90' lang='lat' dir='ltr'><strong>ad</strong></span> <span class='ocrx_word' id='word_1_587' title='bbox 2681 3556 3010 3611; x_wconf 84' lang='lat' dir='ltr'><strong>excitandos</strong></span> <span class='ocrx_word' id='word_1_588' title='bbox 3037 3570 3266 3627; x_wconf 75' lang='lat' dir='ltr'><strong>aggeres</strong></span> <span class='ocrx_word' id='word_1_589' title='bbox 3292 3570 3556 3625; x_wconf 89' lang='lat' dir='ltr'><strong>compor-</strong></span> 
     </span>
    </p>
   </div>
   <div class='ocr_carea' id='block_1_81' title="bbox 1966 3645 3560 3718">
    <p class='ocr_par' dir='ltr' id='par_1_81' title="bbox 1966 3645 3560 3718">
     <span class='ocr_line' id='line_1_81' title="bbox 1966 3645 3560 3718; baseline 0.001 -19"><span class='ocrx_word' id='word_1_590' title='bbox 1966 3653 2170 3700; x_wconf 90' lang='lat' dir='ltr'><strong>tarent.</strong></span> <span class='ocrx_word' id='word_1_591' title='bbox 2205 3645 2324 3713; x_wconf 88' lang='lat' dir='ltr'><strong>Qun</strong></span> <span class='ocrx_word' id='word_1_592' title='bbox 2357 3645 2528 3713; x_wconf 82' lang='lat' dir='ltr'><strong>facto,</strong></span> <span class='ocrx_word' id='word_1_593' title='bbox 2561 3655 2618 3701; x_wconf 87' lang='lat' dir='ltr'><strong>et</strong></span> <span class='ocrx_word' id='word_1_594' title='bbox 2651 3647 2945 3718; x_wconf 72' lang='lat' dir='ltr'><strong>aggeribus</strong></span> <span class='ocrx_word' id='word_1_595' title='bbox 2971 3648 3277 3704; x_wconf 87' lang='lat' dir='ltr'><strong>exstructis</strong></span> <span class='ocrx_word' id='word_1_596' title='bbox 3299 3687 3315 3709; x_wconf 90' lang='lat'><strong>,</strong></span> <span class='ocrx_word' id='word_1_597' title='bbox 3351 3647 3560 3702; x_wconf 78' lang='lat' dir='ltr'><strong>arietes</strong></span> 
     </span>
    </p>
   </div>
   <div class='ocr_carea' id='block_1_82' title="bbox 1963 3737 3557 3810">
    <p class='ocr_par' dir='ltr' id='par_1_82' title="bbox 1963 3737 3557 3810">
     <span class='ocr_line' id='line_1_82' title="bbox 1963 3737 3557 3810; baseline 0.001 -18"><span class='ocrx_word' id='word_1_598' title='bbox 1963 3737 2214 3808; x_wconf 81' lang='lat' dir='ltr'><strong>expediri</strong></span> <span class='ocrx_word' id='word_1_599' title='bbox 2245 3738 2435 3810; x_wconf 88' lang='lat' dir='ltr'><strong>jussit.</strong></span> <span class='ocrx_word' id='word_1_600' title='bbox 2470 3737 2732 3805; x_wconf 85' lang='lat' dir='ltr'><strong>Quicum</strong></span> <span class='ocrx_word' id='word_1_601' title='bbox 2776 3739 2981 3795; x_wconf 56' lang='lat' dir='ltr'><strong>muenia</strong></span> <span class='ocrx_word' id='word_1_602' title='bbox 3017 3739 3285 3795; x_wconf 81' lang='lat' dir='ltr'><strong>trifariam</strong></span> <span class='ocrx_word' id='word_1_603' title='bbox 3321 3753 3557 3809; x_wconf 83' lang='lat' dir='ltr'><strong>percus-</strong></span> 
     </span>
    </p>
   </div>
   <div class='ocr_carea' id='block_1_83' title="bbox 1963 3828 3557 3901">
    <p class='ocr_par' dir='ltr' id='par_1_83' title="bbox 1963 3828 3557 3901">
     <span class='ocr_line' id='line_1_83' title="bbox 1963 3828 3557 3901; baseline 0.001 -18"><span class='ocrx_word' id='word_1_604' title='bbox 1963 3829 2206 3894; x_wconf 82' lang='lat' dir='ltr'><strong>sissent,</strong></span> <span class='ocrx_word' id='word_1_605' title='bbox 2231 3837 2290 3884; x_wconf 91' lang='lat' dir='ltr'><strong>et</strong></span> <span class='ocrx_word' id='word_1_606' title='bbox 2321 3828 2628 3885; x_wconf 90' lang='lat' dir='ltr'><strong>inusitatus</strong></span> <span class='ocrx_word' id='word_1_607' title='bbox 2660 3829 2847 3901; x_wconf 77' lang='lat' dir='ltr'><strong>fragor</strong></span> <span class='ocrx_word' id='word_1_608' title='bbox 2876 3830 3070 3885; x_wconf 90' lang='lat' dir='ltr'><strong>urbem</strong></span> <span class='ocrx_word' id='word_1_609' title='bbox 3108 3830 3557 3886; x_wconf 81' lang='lat' dir='ltr'><strong>circumsonuis-</strong></span> 
     </span>
    </p>
   </div>
   <div class='ocr_carea' id='block_1_84' title="bbox 1964 3921 3556 3988">
    <p class='ocr_par' dir='ltr' id='par_1_84' title="bbox 1964 3921 3556 3988">
     <span class='ocr_line' id='line_1_84' title="bbox 1964 3921 3556 3988; baseline 0 -12"><span class='ocrx_word' id='word_1_610' title='bbox 1964 3931 2050 3978; x_wconf 90' lang='lat' dir='ltr'><strong>set</strong></span> <span class='ocrx_word' id='word_1_611' title='bbox 2079 3938 2094 3976; x_wconf 89' lang='lat'><strong>:</strong></span> <span class='ocrx_word' id='word_1_612' title='bbox 2129 3923 2372 3977; x_wconf 90' lang='lat' dir='ltr'><strong>clamore</strong></span> <span class='ocrx_word' id='word_1_613' title='bbox 2405 3922 2475 3978; x_wconf 91' lang='lat' dir='ltr'><strong>ab</strong></span> <span class='ocrx_word' id='word_1_614' title='bbox 2509 3922 2756 3978; x_wconf 87' lang='lat' dir='ltr'><strong>obsessis</strong></span> <span class='ocrx_word' id='word_1_615' title='bbox 2784 3923 3029 3987; x_wconf 90' lang='lat' dir='ltr'><strong>sublato,</strong></span> <span class='ocrx_word' id='word_1_616' title='bbox 3064 3921 3320 3978; x_wconf 86' lang='lat' dir='ltr'><strong>seditiosi</strong></span> <span class='ocrx_word' id='word_1_617' title='bbox 3352 3922 3556 3988; x_wconf 89' lang='lat' dir='ltr'><strong>territi,</strong></span> 
     </span>
    </p>
   </div>
   <div class='ocr_carea' id='block_1_85' title="bbox 1963 4013 3561 4086">
    <p class='ocr_par' dir='ltr' id='par_1_85' title="bbox 1963 4013 3561 4086">
     <span class='ocr_line' id='line_1_85' title="bbox 1963 4013 3561 4086; baseline 0 -18"><span class='ocrx_word' id='word_1_618' title='bbox 1963 4027 2023 4068; x_wconf 90' lang='lat' dir='ltr'><strong>se</strong></span> <span class='ocrx_word' id='word_1_619' title='bbox 2049 4013 2240 4070; x_wconf 89' lang='lat' dir='ltr'><strong>hostes</strong></span> <span class='ocrx_word' id='word_1_620' title='bbox 2269 4013 2556 4070; x_wconf 87' lang='lat' dir='ltr'><strong>communi</strong></span> <span class='ocrx_word' id='word_1_621' title='bbox 2590 4029 2695 4084; x_wconf 91' lang='lat' dir='ltr'><strong>ope</strong></span> <span class='ocrx_word' id='word_1_622' title='bbox 2731 4015 3154 4086; x_wconf 78' lang='lat' dir='ltr'><strong>pr0pulsaturos</strong></span> <span class='ocrx_word' id='word_1_623' title='bbox 3183 4028 3305 4069; x_wconf 87' lang='lat' dir='ltr'><strong>esse</strong></span> <span class='ocrx_word' id='word_1_624' title='bbox 3334 4013 3561 4084; x_wconf 83' lang='lat' dir='ltr'><strong>pepige-</strong></span> 
     </span>
    </p>
   </div>
   <div class='ocr_carea' id='block_1_86' title="bbox 1963 4107 3556 4170">
    <p class='ocr_par' dir='ltr' id='par_1_86' title="bbox 1963 4107 3556 4170">
     <span class='ocr_line' id='line_1_86' title="bbox 1963 4107 3556 4170; baseline -0.001 -9"><span class='ocrx_word' id='word_1_625' title='bbox 1963 4115 2114 4162; x_wconf 88' lang='lat' dir='ltr'><strong>runt.</strong></span> <span class='ocrx_word' id='word_1_626' title='bbox 2139 4107 2328 4163; x_wconf 84' lang='lat' dir='ltr'><strong>Murus</strong></span> <span class='ocrx_word' id='word_1_627' title='bbox 2361 4116 2546 4163; x_wconf 92' lang='lat' dir='ltr'><strong>tamen</strong></span> <span class='ocrx_word' id='word_1_628' title='bbox 2575 4107 2778 4163; x_wconf 80' lang='lat' dir='ltr'><strong>ictibus</strong></span> <span class='ocrx_word' id='word_1_629' title='bbox 2819 4109 3054 4162; x_wconf 88' lang='lat' dir='ltr'><strong>arietum</strong></span> <span class='ocrx_word' id='word_1_630' title='bbox 3087 4121 3198 4161; x_wconf 92' lang='lat' dir='ltr'><strong>non</strong></span> <span class='ocrx_word' id='word_1_631' title='bbox 3227 4107 3430 4170; x_wconf 90' lang='lat' dir='ltr'><strong>cessit,</strong></span> <span class='ocrx_word' id='word_1_632' title='bbox 3454 4120 3556 4160; x_wconf 85' lang='lat' dir='ltr'><strong>an-</strong></span> 
     </span>
    </p>
   </div>
   <div class='ocr_carea' id='block_1_87' title="bbox 1962 4197 3558 4272">
    <p class='ocr_par' dir='ltr' id='par_1_87' title="bbox 1962 4197 3558 4272">
     <span class='ocr_line' id='line_1_87' title="bbox 1962 4197 3558 4272; baseline -0.003 -18"><span class='ocrx_word' id='word_1_633' title='bbox 1962 4198 2092 4269; x_wconf 77' lang='lat' dir='ltr'><strong>gulo</strong></span> <span class='ocrx_word' id='word_1_634' title='bbox 2108 4198 2376 4256; x_wconf 82' lang='lat' dir='ltr'><strong>duntaxat</strong></span> <span class='ocrx_word' id='word_1_635' title='bbox 2391 4198 2558 4272; x_wconf 67' lang='grc'><strong>294</strong></span> <span class='ocrx_word' id='word_1_636' title='bbox 2575 4199 2742 4256; x_wconf 88' lang='lat' dir='ltr'><strong>turris</strong></span> <span class='ocrx_word' id='word_1_637' title='bbox 2760 4200 3147 4265; x_wconf 90' lang='lat' dir='ltr'><strong>uniusemoto,</strong></span> <span class='ocrx_word' id='word_1_638' title='bbox 3166 4212 3325 4253; x_wconf 91' lang='lat' dir='ltr'><strong>muro</strong></span> <span class='ocrx_word' id='word_1_639' title='bbox 3343 4197 3558 4252; x_wconf 80' lang='lat' dir='ltr'><strong>incolu-</strong></span> 
     </span>
    </p>
   </div>
   <div class='ocr_carea' id='block_1_88' title="bbox 1964 4290 3560 4360">
    <p class='ocr_par' dir='ltr' id='par_1_88' title="bbox 1964 4290 3560 4360">
     <span class='ocr_line' id='line_1_88' title="bbox 1964 4290 3560 4360; baseline -0.001 -14"><span class='ocrx_word' id='word_1_640' title='bbox 1964 4292 2059 4346; x_wconf 87' lang='lat' dir='ltr'><strong>mi.</strong></span> <span class='ocrx_word' id='word_1_641' title='bbox 2081 4291 2254 4348; x_wconf 71' lang='lat' dir='ltr'><strong>Judaei</strong></span> <span class='ocrx_word' id='word_1_642' title='bbox 2272 4307 2406 4348; x_wconf 87' lang='lat' dir='ltr'><strong>vero</strong></span> <span class='ocrx_word' id='word_1_643' title='bbox 2426 4308 2551 4348; x_wconf 90' lang='lat' dir='ltr'><strong>eum</strong></span> <span class='ocrx_word' id='word_1_644' title='bbox 2568 4293 2850 4347; x_wconf 82' lang='lat' dir='ltr'><strong>Romanos</strong></span> <span class='ocrx_word' id='word_1_645' title='bbox 2863 4290 3134 4360; x_wconf 85' lang='lat' dir='ltr'><strong>in_castris</strong></span> <span class='ocrx_word' id='word_1_646' title='bbox 3146 4290 3446 4360; x_wconf 87' lang='lat' dir='ltr'><strong>dissipatos</strong></span> <span class='ocrx_word' id='word_1_647' title='bbox 3462 4290 3560 4344; x_wconf 89' lang='lat' dir='ltr'><strong>ob-</strong></span> 
     </span>
    </p>
   </div>
   <div class='ocr_carea' id='block_1_89' title="bbox 1963 4382 3560 4454">
    <p class='ocr_par' dir='ltr' id='par_1_89' title="bbox 1963 4382 3560 4454">
     <span class='ocr_line' id='line_1_89' title="bbox 1963 4382 3560 4454; baseline -0.001 -15"><span class='ocrx_word' id='word_1_648' title='bbox 1963 4393 2323 4451; x_wconf 86' lang='lat' dir='ltr'><strong>servassent,</strong></span> <span class='ocrx_word' id='word_1_649' title='bbox 2358 4395 2665 4440; x_wconf 87' lang='lat' dir='ltr'><strong>excurrunt</strong></span> <span class='ocrx_word' id='word_1_650' title='bbox 2693 4398 2888 4438; x_wconf 90' lang='lat' dir='ltr'><strong>omnes</strong></span> <span class='ocrx_word' id='word_1_651' title='bbox 2913 4421 2928 4446; x_wconf 88' lang='lat'><strong>,</strong></span> <span class='ocrx_word' id='word_1_652' title='bbox 2960 4391 3018 4437; x_wconf 90' lang='lat' dir='ltr'><strong>et</strong></span> <span class='ocrx_word' id='word_1_653' title='bbox 3050 4385 3232 4454; x_wconf 80' lang='lat' dir='ltr'><strong>ignem</strong></span> <span class='ocrx_word' id='word_1_654' title='bbox 3283 4382 3560 4438; x_wconf 79' lang='lat' dir='ltr'><strong>machinis</strong></span> 
     </span>
    </p>
   </div>
   <div class='ocr_carea' id='block_1_90' title="bbox 253 4475 1861 4562">
    <p class='ocr_par' dir='ltr' id='par_1_90' title="bbox 253 4483 1861 4562">
     <span class='ocr_line' id='line_1_90' title="bbox 253 4483 1861 4562; baseline -0.005 -18"><span class='ocrx_word' id='word_1_655' title='bbox 253 4493 580 4562; x_wconf 69' lang='grc' dir='ltr'>συμφορείν</span> <span class='ocrx_word' id='word_1_656' title='bbox 606 4505 664 4540; x_wconf 90' lang='grc' dir='ltr'><strong>τε</strong></span> <span class='ocrx_word' id='word_1_657' title='bbox 697 4487 795 4558; x_wconf 85' lang='grc' dir='ltr'><strong>τὴν</strong></span> <span class='ocrx_word' id='word_1_658' title='bbox 823 4486 980 4558; x_wconf 78' lang='grc' dir='ltr'>ὓλην,</span> <span class='ocrx_word' id='word_1_659' title='bbox 1009 4486 1074 4539; x_wconf 78' lang='grc' dir='ltr'><strong>ἶν’</strong></span> <span class='ocrx_word' id='word_1_660' title='bbox 1103 4486 1376 4558; x_wconf 81' lang='grc' dir='ltr'>ἐγείροιεν</span> <span class='ocrx_word' id='word_1_661' title='bbox 1402 4483 1654 4555; x_wconf 88' lang='grc' dir='ltr'>χώματα.</span> <span class='ocrx_word' id='word_1_662' title='bbox 1678 4484 1786 4537; x_wconf 75' lang='grc' dir='ltr'><strong>Καὶ</strong></span> <span class='ocrx_word' id='word_1_663' title='bbox 1811 4483 1861 4536; x_wconf 81' lang='grc' dir='ltr'>οἱ</span> 
     </span>
    </p>
   </div>
   <div class='ocr_carea' id='block_1_91' title="bbox 1963 4475 3558 4562">
    <p class='ocr_par' dir='ltr' id='par_1_91' title="bbox 1968 4475 3558 4550">
     <span class='ocr_line' id='line_1_91' title="bbox 1968 4475 3558 4550; baseline -0.001 -19"><span class='ocrx_word' id='word_1_664' title='bbox 1968 4475 2267 4550; x_wconf 87' lang='lat' dir='ltr'><strong>injiciunt:</strong></span> <span class='ocrx_word' id='word_1_665' title='bbox 2313 4477 2410 4532; x_wconf 90' lang='lat' dir='ltr'><strong>ubi</strong></span> <span class='ocrx_word' id='word_1_666' title='bbox 2443 4486 2602 4533; x_wconf 86' lang='lat' dir='ltr'><strong>atrox</strong></span> <span class='ocrx_word' id='word_1_667' title='bbox 2639 4490 2823 4547; x_wconf 82' lang='lat' dir='ltr'><strong>pugna</strong></span> <span class='ocrx_word' id='word_1_668' title='bbox 2863 4485 3053 4530; x_wconf 80' lang='lat' dir='ltr'><strong>exorta</strong></span> <span class='ocrx_word' id='word_1_669' title='bbox 3084 4483 3190 4542; x_wconf 89' lang='lat' dir='ltr'><strong>est,</strong></span> <span class='ocrx_word' id='word_1_670' title='bbox 3224 4475 3312 4529; x_wconf 91' lang='lat' dir='ltr'><strong>his</strong></span> <span class='ocrx_word' id='word_1_671' title='bbox 3342 4490 3436 4530; x_wconf 89' lang='lat' dir='ltr'><strong>eas</strong></span> <span class='ocrx_word' id='word_1_672' title='bbox 3469 4475 3558 4530; x_wconf 82' lang='lat' dir='ltr'><strong>in-</strong></span> 
     </span>
    </p>
   </div>
   <div class='ocr_carea' id='block_1_92' title="bbox 253 4575 1862 4657">
    <p class='ocr_par' dir='ltr' id='par_1_92' title="bbox 253 4575 1862 4657">
     <span class='ocr_line' id='line_1_92' title="bbox 253 4575 1862 4657; baseline -0.006 -20"><span class='ocrx_word' id='word_1_673' title='bbox 253 4585 368 4657; x_wconf 81' lang='grc' dir='ltr'><strong>μέν</strong></span> <span class='ocrx_word' id='word_1_674' title='bbox 417 4585 498 4646; x_wconf 87' lang='grc' dir='ltr'><strong>είς</strong></span> <span class='ocrx_word' id='word_1_675' title='bbox 538 4580 702 4652; x_wconf 76' lang='grc' dir='ltr'>ἔργον</span> <span class='ocrx_word' id='word_1_676' title='bbox 732 4575 870 4650; x_wconf 78' lang='grc' dir='ltr'>ἦγον</span> <span class='ocrx_word' id='word_1_677' title='bbox 910 4578 971 4630; x_wconf 84' lang='grc' dir='ltr'><strong>τὸ</strong></span> <span class='ocrx_word' id='word_1_678' title='bbox 999 4576 1314 4645; x_wconf 78' lang='grc' dir='ltr'>κέλευσμαο</span> <span class='ocrx_word' id='word_1_679' title='bbox 1346 4576 1456 4630; x_wconf 81' lang='grc' dir='ltr'><strong>τῶν</strong></span> <span class='ocrx_word' id='word_1_680' title='bbox 1496 4575 1555 4630; x_wconf 84' lang='grc' dir='ltr'>δὲ</span> <span class='ocrx_word' id='word_1_681' title='bbox 1584 4575 1862 4646; x_wconf 88' lang='grc' dir='ltr'>χωμάτων</span> 
     </span>
    </p>
   </div>
   <div class='ocr_carea' id='block_1_93' title="bbox 249 4669 1864 4749">
    <p class='ocr_par' dir='ltr' id='par_1_93' title="bbox 249 4669 1864 4749">
     <span class='ocr_line' id='line_1_93' title="bbox 249 4669 1864 4749; baseline -0.006 -21"><span class='ocrx_word' id='word_1_682' title='bbox 249 4675 694 4749; x_wconf 66' lang='grc' dir='ltr'>ἐγηγερμένων,</span> <span class='ocrx_word' id='word_1_683' title='bbox 731 4671 1038 4742; x_wconf 84' lang='grc' dir='ltr'>προσάγειν</span> <span class='ocrx_word' id='word_1_684' title='bbox 1066 4669 1194 4733; x_wconf 82' lang='grc' dir='ltr'>τοὺς</span> <span class='ocrx_word' id='word_1_685' title='bbox 1223 4671 1414 4741; x_wconf 77' lang='grc' dir='ltr'>κριοὺς</span> <span class='ocrx_word' id='word_1_686' title='bbox 1443 4671 1472 4722; x_wconf 91' lang='lat'><strong>6</strong></span> <span class='ocrx_word' id='word_1_687' title='bbox 1501 4669 1661 4732; x_wconf 87' lang='grc' dir='ltr'>Τῖτος</span> <span class='ocrx_word' id='word_1_688' title='bbox 1697 4685 1864 4740; x_wconf 75' lang='grc' dir='ltr'>προσ.</span> 
     </span>
    </p>
   </div>
   <div class='ocr_carea' id='block_1_94' title="bbox 247 4758 1864 4834">
    <p class='ocr_par' dir='ltr' id='par_1_94' title="bbox 247 4758 1864 4834">
     <span class='ocr_line' id='line_1_94' title="bbox 247 4758 1864 4834; baseline -0.008 -9"><span class='ocrx_word' id='word_1_689' title='bbox 247 4773 489 4834; x_wconf 74' lang='grc' dir='ltr'>ἔταττε,</span> <span class='ocrx_word' id='word_1_690' title='bbox 554 4765 651 4820; x_wconf 70' lang='grc' dir='ltr'>καὶ</span> <span class='ocrx_word' id='word_1_691' title='bbox 697 4763 924 4817; x_wconf 75' lang='grc' dir='ltr'>τύπτειν</span> <span class='ocrx_word' id='word_1_692' title='bbox 984 4762 1044 4814; x_wconf 76' lang='grc' dir='ltr'>τὸ</span> <span class='ocrx_word' id='word_1_693' title='bbox 1096 4763 1296 4830; x_wconf 75' lang='grc' dir='ltr'>τεῖχος.</span> <span class='ocrx_word' id='word_1_694' title='bbox 1339 4758 1478 4830; x_wconf 87' lang='grc' dir='ltr'>Ἤδη</span> <span class='ocrx_word' id='word_1_695' title='bbox 1534 4758 1646 4812; x_wconf 86' lang='grc' dir='ltr'><strong>τῶν</strong></span> <span class='ocrx_word' id='word_1_696' title='bbox 1689 4759 1864 4828; x_wconf 85' lang='grc' dir='ltr'>κριῶν</span> 
     </span>
    </p>
   </div>
   <div class='ocr_carea' id='block_1_95' title="bbox 249 4855 1862 4938">
    <p class='ocr_par' dir='ltr' id='par_1_95' title="bbox 249 4855 1862 4938">
     <span class='ocr_line' id='line_1_95' title="bbox 249 4855 1862 4938; baseline -0.009 -19"><span class='ocrx_word' id='word_1_697' title='bbox 249 4864 572 4938; x_wconf 80' lang='grc' dir='ltr'>ἡργμένων</span> <span class='ocrx_word' id='word_1_698' title='bbox 606 4858 882 4932; x_wconf 88' lang='grc' dir='ltr'>τριχόθεν,</span> <span class='ocrx_word' id='word_1_699' title='bbox 921 4856 1167 4924; x_wconf 73' lang='grc' dir='ltr'>ἐξαισίου</span> <span class='ocrx_word' id='word_1_700' title='bbox 1196 4873 1258 4908; x_wconf 87' lang='grc' dir='ltr'><strong>τε</strong></span> <span class='ocrx_word' id='word_1_701' title='bbox 1302 4855 1513 4909; x_wconf 89' lang='grc' dir='ltr'>κτύπου</span> <span class='ocrx_word' id='word_1_702' title='bbox 1564 4855 1665 4926; x_wconf 84' lang='grc' dir='ltr'>τὴν</span> <span class='ocrx_word' id='word_1_703' title='bbox 1702 4855 1862 4909; x_wconf 84' lang='grc' dir='ltr'>πόλιν</span> 
     </span>
    </p>
   </div>
   <div class='ocr_carea' id='block_1_96' title="bbox 245 4947 1864 5027">
    <p class='ocr_par' dir='ltr' id='par_1_96' title="bbox 245 4947 1864 5027">
     <span class='ocr_line' id='line_1_96' title="bbox 245 4947 1864 5027; baseline -0.003 -20"><span class='ocrx_word' id='word_1_704' title='bbox 245 4954 745 5027; x_wconf 76' lang='grc' dir='ltr'>περιηχήσαντος,</span> <span class='ocrx_word' id='word_1_705' title='bbox 781 4951 998 5022; x_wconf 82' lang='grc' dir='ltr'>κραυγὴ</span> <span class='ocrx_word' id='word_1_706' title='bbox 1032 4949 1185 5014; x_wconf 78' lang='grc' dir='ltr'>παρὰ</span> <span class='ocrx_word' id='word_1_707' title='bbox 1218 4947 1328 5000; x_wconf 84' lang='grc' dir='ltr'><strong>τῶν</strong></span> <span class='ocrx_word' id='word_1_708' title='bbox 1366 4947 1519 5001; x_wconf 83' lang='grc' dir='ltr'>ἐνδον</span> <span class='ocrx_word' id='word_1_709' title='bbox 1554 4947 1720 5019; x_wconf 77' lang='grc' dir='ltr'>ἤρθη,</span> <span class='ocrx_word' id='word_1_710' title='bbox 1769 4951 1864 5002; x_wconf 72' lang='grc' dir='ltr'>καὶ</span> 
     </span>
    </p>
   </div>
   <div class='ocr_carea' id='block_1_97' title="bbox 243 5039 1864 5108">
    <p class='ocr_par' dir='ltr' id='par_1_97' title="bbox 243 5039 1864 5108">
     <span class='ocr_line' id='line_1_97' title="bbox 243 5039 1864 5108; baseline -0.006 -7"><span class='ocrx_word' id='word_1_711' title='bbox 243 5049 304 5101; x_wconf 76' lang='grc' dir='ltr'>οἱ</span> <span class='ocrx_word' id='word_1_712' title='bbox 364 5042 726 5106; x_wconf 74' lang='grc' dir='ltr'>στασιασταὶ,</span> <span class='ocrx_word' id='word_1_713' title='bbox 766 5040 1074 5105; x_wconf 75' lang='grc' dir='ltr'>δείσαντες,</span> <span class='ocrx_word' id='word_1_714' title='bbox 1115 5039 1462 5108; x_wconf 82' lang='grc' dir='ltr'>ὼμονόησαν,</span> <span class='ocrx_word' id='word_1_715' title='bbox 1516 5040 1704 5106; x_wconf 79' lang='grc' dir='ltr'>κοινὴν</span> <span class='ocrx_word' id='word_1_716' title='bbox 1763 5039 1864 5108; x_wconf 82' lang='grc' dir='ltr'><strong>τὴν</strong></span> 
     </span>
    </p>
   </div>
   <div class='ocr_carea' id='block_1_98' title="bbox 242 5130 1863 5212">
    <p class='ocr_par' dir='ltr' id='par_1_98' title="bbox 242 5130 1863 5212">
     <span class='ocr_line' id='line_1_98' title="bbox 242 5130 1863 5212; baseline -0.001 -25"><span class='ocrx_word' id='word_1_717' title='bbox 242 5146 493 5212; x_wconf 72' lang='grc' dir='ltr'>ἄμυναν</span> <span class='ocrx_word' id='word_1_718' title='bbox 535 5137 672 5206; x_wconf 74' lang='grc' dir='ltr'>πρὸς</span> <span class='ocrx_word' id='word_1_719' title='bbox 712 5135 840 5198; x_wconf 81' lang='grc' dir='ltr'>τοὺς</span> <span class='ocrx_word' id='word_1_720' title='bbox 873 5132 1172 5202; x_wconf 86' lang='grc' dir='ltr'>πολεμίους</span> <span class='ocrx_word' id='word_1_721' title='bbox 1206 5131 1483 5184; x_wconf 89' lang='grc' dir='ltr'>ποιεῖσθαι</span> <span class='ocrx_word' id='word_1_722' title='bbox 1521 5130 1863 5201; x_wconf 87' lang='grc' dir='ltr'>συνθέμενοι.</span> 
     </span>
    </p>
   </div>
   <div class='ocr_carea' id='block_1_99' title="bbox 244 5223 1866 5300">
    <p class='ocr_par' dir='ltr' id='par_1_99' title="bbox 244 5223 1866 5300">
     <span class='ocr_line' id='line_1_99' title="bbox 244 5223 1866 5300; baseline -0.008 -11"><span class='ocrx_word' id='word_1_723' title='bbox 244 5237 299 5288; x_wconf 89' lang='grc' dir='ltr'><strong>Τ</strong></span> <span class='ocrx_word' id='word_1_724' title='bbox 306 5253 395 5287; x_wconf 71' lang='grc' dir='ltr'><strong>ων</strong></span> <span class='ocrx_word' id='word_1_725' title='bbox 429 5237 500 5299; x_wconf 80' lang='grc' dir='ltr'>γε’</span> <span class='ocrx_word' id='word_1_726' title='bbox 531 5232 641 5300; x_wconf 80' lang='grc' dir='ltr'><strong>μὴν</strong></span> <span class='ocrx_word' id='word_1_727' title='bbox 667 5227 838 5298; x_wconf 82' lang='grc' dir='ltr'>κριῶν</span> <span class='ocrx_word' id='word_1_728' title='bbox 872 5227 1210 5288; x_wconf 86' lang='grc' dir='ltr'>τυπτόντων,</span> <span class='ocrx_word' id='word_1_729' title='bbox 1247 5224 1346 5294; x_wconf 79' lang='grc' dir='ltr'>οὐχ</span> <span class='ocrx_word' id='word_1_730' title='bbox 1373 5223 1624 5278; x_wconf 86' lang='grc' dir='ltr'>ύπεδίδου</span> <span class='ocrx_word' id='word_1_731' title='bbox 1653 5224 1715 5276; x_wconf 81' lang='grc' dir='ltr'><strong>τὸ</strong></span> <span class='ocrx_word' id='word_1_732' title='bbox 1755 5226 1866 5276; x_wconf 86' lang='grc' dir='ltr'>τεῖ-</span> 
     </span>
    </p>
   </div>
   <div class='ocr_carea' id='block_1_100' title="bbox 241 5317 1859 5402">
    <p class='ocr_par' dir='ltr' id='par_1_100' title="bbox 241 5317 1859 5402">
     <span class='ocr_line' id='line_1_100' title="bbox 241 5317 1859 5402; baseline -0.009 -19"><span class='ocrx_word' id='word_1_733' title='bbox 241 5346 362 5402; x_wconf 82' lang='grc' dir='ltr'><strong>χος</strong></span> <span class='ocrx_word' id='word_1_734' title='bbox 388 5324 797 5396; x_wconf 83' lang='grc' dir='ltr'>πληττόμενον.</span> <span class='ocrx_word' id='word_1_735' title='bbox 817 5319 998 5375; x_wconf 90' lang='grc' dir='ltr'>Γωνία</span> <span class='ocrx_word' id='word_1_736' title='bbox 1027 5320 1085 5374; x_wconf 80' lang='grc' dir='ltr'><strong>δέ</strong></span> <span class='ocrx_word' id='word_1_737' title='bbox 1119 5337 1202 5383; x_wconf 91' lang='grc' dir='ltr'><strong>τις</strong></span> <span class='ocrx_word' id='word_1_738' title='bbox 1236 5319 1398 5390; x_wconf 87' lang='grc' dir='ltr'>μόνον</span> <span class='ocrx_word' id='word_1_739' title='bbox 1429 5318 1548 5382; x_wconf 84' lang='grc' dir='ltr'>ἐνὸς</span> <span class='ocrx_word' id='word_1_740' title='bbox 1584 5318 1695 5370; x_wconf 80' lang='grc' dir='ltr'>τῶν</span> <span class='ocrx_word' id='word_1_741' title='bbox 1726 5317 1859 5386; x_wconf 55' lang='grc' dir='ltr'>πύρ’</span> 
     </span>
    </p>
   </div>
   <div class='ocr_carea' id='block_1_101' title="bbox 241 5406 1866 5491">
    <p class='ocr_par' dir='ltr' id='par_1_101' title="bbox 241 5406 1866 5491">
     <span class='ocr_line' id='line_1_101' title="bbox 241 5406 1866 5491; baseline -0.007 -17"><span class='ocrx_word' id='word_1_742' title='bbox 241 5437 386 5491; x_wconf 79' lang='grc' dir='ltr'>των</span> <span class='ocrx_word' id='word_1_743' title='bbox 421 5415 863 5485; x_wconf 76' lang='grc' dir='ltr'>παρακεκινητο,</span> <span class='ocrx_word' id='word_1_744' title='bbox 895 5414 957 5467; x_wconf 83' lang='grc' dir='ltr'><strong>τὸ</strong></span> <span class='ocrx_word' id='word_1_745' title='bbox 982 5413 1040 5466; x_wconf 88' lang='grc' dir='ltr'><strong>δέ</strong></span> <span class='ocrx_word' id='word_1_746' title='bbox 1080 5414 1259 5483; x_wconf 83' lang='grc' dir='ltr'>τεῖχος</span> <span class='ocrx_word' id='word_1_747' title='bbox 1288 5411 1549 5479; x_wconf 81' lang='grc' dir='ltr'>ἀκέραιον</span> <span class='ocrx_word' id='word_1_748' title='bbox 1594 5406 1685 5481; x_wconf 84' lang='grc' dir='ltr'><strong>ἦν.</strong></span> <span class='ocrx_word' id='word_1_749' title='bbox 1732 5411 1866 5465; x_wconf 78' lang='grc' dir='ltr'>Ἰου-</span> 
     </span>
    </p>
   </div>
   <div class='ocr_carea' id='block_1_102' title="bbox 239 5504 1869 5576">
    <p class='ocr_par' dir='ltr' id='par_1_102' title="bbox 239 5504 1869 5576">
     <span class='ocr_line' id='line_1_102' title="bbox 239 5504 1869 5576; baseline -0.008 -7"><span class='ocrx_word' id='word_1_750' title='bbox 239 5516 414 5570; x_wconf 82' lang='grc' dir='ltr'>δαῖοι</span> <span class='ocrx_word' id='word_1_751' title='bbox 454 5508 537 5574; x_wconf 84' lang='grc' dir='ltr'>δὲ,</span> <span class='ocrx_word' id='word_1_752' title='bbox 573 5509 700 5571; x_wconf 80' lang='grc' dir='ltr'>τοὺς</span> <span class='ocrx_word' id='word_1_753' title='bbox 733 5507 1048 5576; x_wconf 82' lang='grc' dir='ltr'>Ῥωμαίους</span> <span class='ocrx_word' id='word_1_754' title='bbox 1070 5504 1505 5576; x_wconf 86' lang='grc' dir='ltr'>ἐσκεδασμένους</span> <span class='ocrx_word' id='word_1_755' title='bbox 1539 5507 1869 5575; x_wconf 84' lang='grc' dir='ltr'>παρατηρή-</span> 
     </span>
    </p>
   </div>
   <div class='ocr_carea' id='block_1_103' title="bbox 241 5595 1868 5670">
    <p class='ocr_par' dir='ltr' id='par_1_103' title="bbox 241 5595 1868 5670">
     <span class='ocr_line' id='line_1_103' title="bbox 241 5595 1868 5670; baseline -0.005 -14"><span class='ocrx_word' id='word_1_756' title='bbox 241 5618 473 5666; x_wconf 68' lang='grc' dir='ltr'>σαντες</span> <span class='ocrx_word' id='word_1_757' title='bbox 507 5599 650 5653; x_wconf 74' lang='grc' dir='ltr'>γατὰ</span> <span class='ocrx_word' id='word_1_758' title='bbox 684 5597 746 5651; x_wconf 83' lang='grc' dir='ltr'><strong>τὸ</strong></span> <span class='ocrx_word' id='word_1_759' title='bbox 775 5597 1168 5670; x_wconf 88' lang='grc' dir='ltr'>στρατόπεδον,</span> <span class='ocrx_word' id='word_1_760' title='bbox 1198 5595 1450 5650; x_wconf 82' lang='grc' dir='ltr'>ἐκθέουσι</span> <span class='ocrx_word' id='word_1_761' title='bbox 1492 5595 1720 5660; x_wconf 84' lang='grc' dir='ltr'>πάντες,</span> <span class='ocrx_word' id='word_1_762' title='bbox 1753 5595 1868 5666; x_wconf 89' lang='grc' dir='ltr'><strong>πῦρ</strong></span> 
     </span>
    </p>
   </div>
   <div class='ocr_carea' id='block_1_104' title="bbox 239 5683 1868 5760">
    <p class='ocr_par' dir='ltr' id='par_1_104' title="bbox 239 5683 1868 5760">
     <span class='ocr_line' id='line_1_104' title="bbox 239 5683 1868 5760; baseline -0.009 -10"><span class='ocrx_word' id='word_1_763' title='bbox 239 5697 397 5755; x_wconf 78' lang='grc' dir='ltr'>ταῖς</span> <span class='ocrx_word' id='word_1_764' title='bbox 431 5692 710 5760; x_wconf 77' lang='grc' dir='ltr'>μηχαναῖς</span> <span class='ocrx_word' id='word_1_765' title='bbox 744 5686 1122 5756; x_wconf 76' lang='grc' dir='ltr'>ἐπιφέροντες.</span> <span class='ocrx_word' id='word_1_766' title='bbox 1165 5686 1324 5754; x_wconf 85' lang='grc' dir='ltr'>Δεινὴ</span> <span class='ocrx_word' id='word_1_767' title='bbox 1365 5685 1422 5738; x_wconf 89' lang='grc' dir='ltr'><strong>δέ</strong></span> <span class='ocrx_word' id='word_1_768' title='bbox 1455 5683 1588 5754; x_wconf 77' lang='grc' dir='ltr'>περὶ</span> <span class='ocrx_word' id='word_1_769' title='bbox 1623 5685 1723 5748; x_wconf 78' lang='grc' dir='ltr'><strong>τὰς</strong></span> <span class='ocrx_word' id='word_1_770' title='bbox 1751 5685 1868 5737; x_wconf 84' lang='grc' dir='ltr'>ἑλε-</span> 
     </span>
    </p>
   </div>
   <div class='ocr_carea' id='block_1_105' title="bbox 244 5777 1867 5855">
    <p class='ocr_par' dir='ltr' id='par_1_105' title="bbox 244 5777 1867 5855">
     <span class='ocr_line' id='line_1_105' title="bbox 244 5777 1867 5855; baseline -0.007 -12"><span class='ocrx_word' id='word_1_771' title='bbox 244 5787 470 5846; x_wconf 78' lang='grc' dir='ltr'>πόλεις</span> <span class='ocrx_word' id='word_1_772' title='bbox 527 5783 679 5855; x_wconf 85' lang='grc' dir='ltr'>μάχη</span> <span class='ocrx_word' id='word_1_773' title='bbox 720 5779 1007 5847; x_wconf 80' lang='grc' dir='ltr'>συνέπεσε,</span> <span class='ocrx_word' id='word_1_774' title='bbox 1040 5779 1150 5832; x_wconf 85' lang='grc' dir='ltr'>τῶν</span> <span class='ocrx_word' id='word_1_775' title='bbox 1180 5779 1282 5849; x_wconf 82' lang='grc' dir='ltr'>μὲν</span> <span class='ocrx_word' id='word_1_776' title='bbox 1324 5777 1715 5849; x_wconf 82' lang='grc' dir='ltr'>ὑποπιμπρᾷν,</span> <span class='ocrx_word' id='word_1_777' title='bbox 1755 5777 1867 5832; x_wconf 84' lang='grc' dir='ltr'><strong>τῶν</strong></span> 
     </span>
    </p>
   </div>
   <div class='ocr_carea' id='block_1_106' title="bbox 1970 4569 3557 4639">
    <p class='ocr_par' dir='ltr' id='par_1_106' title="bbox 1970 4569 3557 4639">
     <span class='ocr_line' id='line_1_106' title="bbox 1970 4569 3557 4639; baseline -0.003 -11"><span class='ocrx_word' id='word_1_778' title='bbox 1970 4573 2244 4639; x_wconf 89' lang='lat' dir='ltr'><strong>cendere,</strong></span> <span class='ocrx_word' id='word_1_779' title='bbox 2275 4573 2384 4628; x_wconf 92' lang='lat' dir='ltr'><strong>illis</strong></span> <span class='ocrx_word' id='word_1_780' title='bbox 2414 4571 2730 4626; x_wconf 90' lang='lat' dir='ltr'><strong>incendium</strong></span> <span class='ocrx_word' id='word_1_781' title='bbox 2760 4571 3020 4626; x_wconf 89' lang='lat' dir='ltr'><strong>cohibere</strong></span> <span class='ocrx_word' id='word_1_782' title='bbox 3057 4569 3414 4625; x_wconf 85' lang='lat' dir='ltr'><strong>conantibus.</strong></span> <span class='ocrx_word' id='word_1_783' title='bbox 3445 4569 3557 4625; x_wconf 89' lang='lat' dir='ltr'><strong>Sed</strong></span> 
     </span>
    </p>
   </div>
   <div class='ocr_carea' id='block_1_107' title="bbox 1967 4661 3558 4735">
    <p class='ocr_par' dir='ltr' id='par_1_107' title="bbox 1967 4661 3558 4735">
     <span class='ocr_line' id='line_1_107' title="bbox 1967 4661 3558 4735; baseline -0.003 -15"><span class='ocrx_word' id='word_1_784' title='bbox 1967 4665 2141 4721; x_wconf 77' lang='lat' dir='ltr'><strong>Judaei</strong></span> <span class='ocrx_word' id='word_1_785' title='bbox 2176 4681 2246 4721; x_wconf 86' lang='lat' dir='ltr'><strong>ex</strong></span> <span class='ocrx_word' id='word_1_786' title='bbox 2275 4665 2669 4735; x_wconf 90' lang='lat' dir='ltr'><strong>desperatione</strong></span> <span class='ocrx_word' id='word_1_787' title='bbox 2713 4663 3036 4733; x_wconf 79' lang='lat' dir='ltr'><strong>superiores</strong></span> <span class='ocrx_word' id='word_1_788' title='bbox 3074 4661 3322 4729; x_wconf 82' lang='lat' dir='ltr'><strong>inerunt,</strong></span> <span class='ocrx_word' id='word_1_789' title='bbox 3349 4670 3408 4717; x_wconf 92' lang='lat' dir='ltr'><strong>et</strong></span> <span class='ocrx_word' id='word_1_790' title='bbox 3438 4678 3558 4717; x_wconf 78' lang='lat' dir='ltr'><strong>rna-</strong></span> 
     </span>
    </p>
   </div>
   <div class='ocr_carea' id='block_1_108' title="bbox 1969 4755 3561 4832">
    <p class='ocr_par' dir='ltr' id='par_1_108' title="bbox 1969 4755 3561 4832">
     <span class='ocr_line' id='line_1_108' title="bbox 1969 4755 3561 4832; baseline -0.004 -17"><span class='ocrx_word' id='word_1_791' title='bbox 1969 4760 2151 4816; x_wconf 72' lang='lat' dir='ltr'><strong>ehinze</strong></span> <span class='ocrx_word' id='word_1_792' title='bbox 2176 4761 2287 4832; x_wconf 89' lang='lat' dir='ltr'><strong>jam</strong></span> <span class='ocrx_word' id='word_1_793' title='bbox 2318 4758 2590 4814; x_wconf 89' lang='lat' dir='ltr'><strong>ardebant</strong></span> <span class='ocrx_word' id='word_1_794' title='bbox 2619 4775 2632 4812; x_wconf 90' lang='lat'><strong>:</strong></span> <span class='ocrx_word' id='word_1_795' title='bbox 2670 4773 2736 4813; x_wconf 88' lang='lat' dir='ltr'><strong>ac</strong></span> <span class='ocrx_word' id='word_1_796' title='bbox 2763 4757 2871 4812; x_wconf 83' lang='lat' dir='ltr'><strong>nisi</strong></span> <span class='ocrx_word' id='word_1_797' title='bbox 2912 4756 3075 4811; x_wconf 87' lang='lat' dir='ltr'><strong>Titus</strong></span> <span class='ocrx_word' id='word_1_798' title='bbox 3105 4771 3232 4810; x_wconf 91' lang='lat' dir='ltr'><strong>cum</strong></span> <span class='ocrx_word' id='word_1_799' title='bbox 3268 4755 3561 4826; x_wconf 87' lang='lat' dir='ltr'><strong>equitibus</strong></span> 
     </span>
    </p>
   </div>
   <div class='ocr_carea' id='block_1_109' title="bbox 1969 4848 3534 4920">
    <p class='ocr_par' dir='ltr' id='par_1_109' title="bbox 1969 4848 3534 4920">
     <span class='ocr_line' id='line_1_109' title="bbox 1969 4848 3534 4920; baseline -0.005 -12"><span class='ocrx_word' id='word_1_800' title='bbox 1969 4851 2226 4908; x_wconf 87' lang='lat' dir='ltr'><strong>subsidio</strong></span> <span class='ocrx_word' id='word_1_801' title='bbox 2255 4851 2522 4913; x_wconf 89' lang='lat' dir='ltr'><strong>venisset,</strong></span> <span class='ocrx_word' id='word_1_802' title='bbox 2569 4848 3023 4920; x_wconf 82' lang='lat' dir='ltr'><strong>conﬂagrassent.</strong></span> <span class='ocrx_word' id='word_1_803' title='bbox 3076 4849 3235 4903; x_wconf 80' lang='lat' dir='ltr'><strong>Nunc</strong></span> <span class='ocrx_word' id='word_1_804' title='bbox 3270 4863 3401 4903; x_wconf 86' lang='lat' dir='ltr'><strong>vero</strong></span> <span class='ocrx_word' id='word_1_805' title='bbox 3431 4864 3534 4916; x_wconf 83' lang='lat' dir='ltr'><strong>pro</strong></span> 
     </span>
    </p>
   </div>
   <div class='ocr_carea' id='block_1_110' title="bbox 1966 4937 3557 5014">
    <p class='ocr_par' dir='ltr' id='par_1_110' title="bbox 1966 4937 3557 5014">
     <span class='ocr_line' id='line_1_110' title="bbox 1966 4937 3557 5014; baseline -0.004 -16"><span class='ocrx_word' id='word_1_806' title='bbox 1966 4943 2372 5014; x_wconf 79' lang='lat' dir='ltr'><strong>pugnatoribus</strong></span> <span class='ocrx_word' id='word_1_807' title='bbox 2399 4942 2718 4998; x_wconf 70' lang='lat' dir='ltr'><strong>Judaeorum</strong></span> <span class='ocrx_word' id='word_1_808' title='bbox 2750 4941 2974 4996; x_wconf 89' lang='lat' dir='ltr'><strong>circiter</strong></span> <span class='ocrx_word' id='word_1_809' title='bbox 3001 4956 3080 4994; x_wconf 81' lang='lat' dir='ltr'><strong>xu</strong></span> <span class='ocrx_word' id='word_1_810' title='bbox 3114 4939 3275 4995; x_wconf 66' lang='lat' dir='ltr'><strong>caesis</strong></span> <span class='ocrx_word' id='word_1_811' title='bbox 3299 4980 3317 5007; x_wconf 96' lang='lat'><strong>,</strong></span> <span class='ocrx_word' id='word_1_812' title='bbox 3351 4937 3557 5008; x_wconf 64' lang='lat' dir='ltr'><strong>reliqui</strong></span> 
     </span>
    </p>
   </div>
   <div class='ocr_carea' id='block_1_111' title="bbox 1969 5030 3559 5104">
    <p class='ocr_par' dir='ltr' id='par_1_111' title="bbox 1969 5030 3559 5104">
     <span class='ocr_line' id='line_1_111' title="bbox 1969 5030 3559 5104; baseline -0.003 -14"><span class='ocrx_word' id='word_1_813' title='bbox 1969 5037 2026 5091; x_wconf 91' lang='lat' dir='ltr'><strong>in</strong></span> <span class='ocrx_word' id='word_1_814' title='bbox 2063 5035 2257 5090; x_wconf 90' lang='lat' dir='ltr'><strong>urbem</strong></span> <span class='ocrx_word' id='word_1_815' title='bbox 2308 5043 2440 5090; x_wconf 91' lang='lat' dir='ltr'><strong>sunt</strong></span> <span class='ocrx_word' id='word_1_816' title='bbox 2487 5033 2805 5104; x_wconf 84' lang='lat' dir='ltr'><strong>compulsi:</strong></span> <span class='ocrx_word' id='word_1_817' title='bbox 2837 5042 2895 5089; x_wconf 91' lang='lat' dir='ltr'><strong>et</strong></span> <span class='ocrx_word' id='word_1_818' title='bbox 2927 5049 3073 5088; x_wconf 87' lang='lat' dir='ltr'><strong>unus</strong></span> <span class='ocrx_word' id='word_1_819' title='bbox 3123 5032 3348 5088; x_wconf 70' lang='lat' dir='ltr'><strong>Judaeus</strong></span> <span class='ocrx_word' id='word_1_820' title='bbox 3399 5030 3559 5088; x_wconf 78' lang='lat' dir='ltr'><strong>\ivus</strong></span> 
     </span>
    </p>
   </div>
   <div class='ocr_carea' id='block_1_112' title="bbox 1967 5127 3556 5198">
    <p class='ocr_par' dir='ltr' id='par_1_112' title="bbox 1967 5127 3556 5198">
     <span class='ocr_line' id='line_1_112' title="bbox 1967 5127 3556 5198; baseline -0.004 -14"><span class='ocrx_word' id='word_1_821' title='bbox 1967 5135 2189 5198; x_wconf 72' lang='lat' dir='ltr'><strong>captus,</strong></span> <span class='ocrx_word' id='word_1_822' title='bbox 2216 5135 2346 5182; x_wconf 90' lang='lat' dir='ltr'><strong>ante</strong></span> <span class='ocrx_word' id='word_1_823' title='bbox 2383 5127 2588 5181; x_wconf 69' lang='lat' dir='ltr'><strong>muenia</strong></span> <span class='ocrx_word' id='word_1_824' title='bbox 2619 5129 2671 5180; x_wconf 91' lang='lat' dir='ltr'><strong>in</strong></span> <span class='ocrx_word' id='word_1_825' title='bbox 2699 5140 2922 5181; x_wconf 89' lang='lat' dir='ltr'><strong>crucem</strong></span> <span class='ocrx_word' id='word_1_826' title='bbox 2954 5135 3115 5182; x_wconf 86' lang='lat' dir='ltr'><strong>actus</strong></span> <span class='ocrx_word' id='word_1_827' title='bbox 3143 5133 3255 5190; x_wconf 86' lang='lat' dir='ltr'><strong>est,</strong></span> <span class='ocrx_word' id='word_1_828' title='bbox 3283 5133 3344 5178; x_wconf 92' lang='lat' dir='ltr'><strong>ut</strong></span> <span class='ocrx_word' id='word_1_829' title='bbox 3371 5139 3440 5178; x_wconf 89' lang='lat' dir='ltr'><strong>eo</strong></span> <span class='ocrx_word' id='word_1_830' title='bbox 3467 5139 3556 5178; x_wconf 88' lang='lat' dir='ltr'><strong>as-</strong></span> 
     </span>
    </p>
   </div>
   <div class='ocr_carea' id='block_1_113' title="bbox 1966 5215 3550 5291">
    <p class='ocr_par' dir='ltr' id='par_1_113' title="bbox 1966 5215 3550 5291">
     <span class='ocr_line' id='line_1_113' title="bbox 1966 5215 3550 5291; baseline -0.004 -15"><span class='ocrx_word' id='word_1_831' title='bbox 1966 5228 2132 5291; x_wconf 87' lang='lat' dir='ltr'><strong>pectu</strong></span> <span class='ocrx_word' id='word_1_832' title='bbox 2169 5219 2411 5289; x_wconf 88' lang='lat' dir='ltr'><strong>perculsi</strong></span> <span class='ocrx_word' id='word_1_833' title='bbox 2438 5218 2624 5274; x_wconf 62' lang='lat' dir='ltr'><strong>exteri</strong></span> <span class='ocrx_word' id='word_1_834' title='bbox 2653 5233 2713 5274; x_wconf 89' lang='lat' dir='ltr'><strong>se</strong></span> <span class='ocrx_word' id='word_1_835' title='bbox 2741 5218 3036 5274; x_wconf 90' lang='lat' dir='ltr'><strong>dederent.</strong></span> <span class='ocrx_word' id='word_1_836' title='bbox 3079 5217 3186 5273; x_wconf 92' lang='lat' dir='ltr'><strong>Sed</strong></span> <span class='ocrx_word' id='word_1_837' title='bbox 3224 5232 3348 5272; x_wconf 86' lang='lat' dir='ltr'><strong>cum</strong></span> <span class='ocrx_word' id='word_1_838' title='bbox 3388 5215 3550 5270; x_wconf 89' lang='lat' dir='ltr'><strong>Titus</strong></span> 
     </span>
    </p>
   </div>
   <div class='ocr_carea' id='block_1_114' title="bbox 1968 5305 3556 5383">
    <p class='ocr_par' dir='ltr' id='par_1_114' title="bbox 1968 5305 3556 5383">
     <span class='ocr_line' id='line_1_114' title="bbox 1968 5305 3556 5383; baseline -0.004 -18"><span class='ocrx_word' id='word_1_839' title='bbox 1968 5313 2178 5383; x_wconf 80' lang='lat' dir='ltr'><strong>ligneas</strong></span> <span class='ocrx_word' id='word_1_840' title='bbox 2209 5319 2392 5365; x_wconf 89' lang='lat' dir='ltr'><strong>turres</strong></span> <span class='ocrx_word' id='word_1_841' title='bbox 2423 5309 2670 5379; x_wconf 86' lang='lat' dir='ltr'><strong>singulas</strong></span> <span class='ocrx_word' id='word_1_842' title='bbox 2695 5325 2728 5364; x_wconf 82' lang='lat'><strong>1.</strong></span> <span class='ocrx_word' id='word_1_843' title='bbox 2751 5309 3002 5364; x_wconf 88' lang='lat' dir='ltr'><strong>cubitum</strong></span> <span class='ocrx_word' id='word_1_844' title='bbox 3031 5309 3087 5362; x_wconf 92' lang='lat' dir='ltr'><strong>in</strong></span> <span class='ocrx_word' id='word_1_845' title='bbox 3115 5305 3409 5378; x_wconf 85' lang='lat' dir='ltr'><strong>aggeribus</strong></span> <span class='ocrx_word' id='word_1_846' title='bbox 3435 5305 3556 5359; x_wconf 86' lang='lat' dir='ltr'><strong>col-</strong></span> 
     </span>
    </p>
   </div>
   <div class='ocr_carea' id='block_1_115' title="bbox 1968 5398 3554 5470">
    <p class='ocr_par' dir='ltr' id='par_1_115' title="bbox 1968 5398 3554 5470">
     <span class='ocr_line' id='line_1_115' title="bbox 1968 5398 3554 5470; baseline -0.005 -12"><span class='ocrx_word' id='word_1_847' title='bbox 1968 5404 2226 5466; x_wconf 87' lang='lat' dir='ltr'><strong>locasset,</strong></span> <span class='ocrx_word' id='word_1_848' title='bbox 2254 5400 2430 5457; x_wconf 61' lang='lat' dir='ltr'><strong>Judaei</strong></span> <span class='ocrx_word' id='word_1_849' title='bbox 2457 5403 2695 5456; x_wconf 87' lang='lat' dir='ltr'><strong>arietum</strong></span> <span class='ocrx_word' id='word_1_850' title='bbox 2720 5403 2986 5470; x_wconf 87' lang='lat' dir='ltr'><strong>impetum</strong></span> <span class='ocrx_word' id='word_1_851' title='bbox 3018 5415 3126 5454; x_wconf 90' lang='lat' dir='ltr'><strong>non</strong></span> <span class='ocrx_word' id='word_1_852' title='bbox 3154 5398 3392 5467; x_wconf 87' lang='lat' dir='ltr'><strong>amplius</strong></span> <span class='ocrx_word' id='word_1_853' title='bbox 3419 5412 3554 5467; x_wconf 85' lang='lat' dir='ltr'><strong>pro-</strong></span> 
     </span>
    </p>
   </div>
   <div class='ocr_carea' id='block_1_116' title="bbox 1971 5490 3554 5561">
    <p class='ocr_par' dir='ltr' id='par_1_116' title="bbox 1971 5490 3554 5561">
     <span class='ocr_line' id='line_1_116' title="bbox 1971 5490 3554 5561; baseline -0.006 -8"><span class='ocrx_word' id='word_1_854' title='bbox 1971 5499 2299 5561; x_wconf 89' lang='lat' dir='ltr'><strong>hibuerunt,</strong></span> <span class='ocrx_word' id='word_1_855' title='bbox 2333 5511 2458 5551; x_wconf 89' lang='lat' dir='ltr'><strong>cum</strong></span> <span class='ocrx_word' id='word_1_856' title='bbox 2490 5509 2556 5549; x_wconf 89' lang='lat' dir='ltr'><strong>ex</strong></span> <span class='ocrx_word' id='word_1_857' title='bbox 2581 5495 2691 5550; x_wconf 93' lang='lat' dir='ltr'><strong>illis</strong></span> <span class='ocrx_word' id='word_1_858' title='bbox 2715 5494 3042 5557; x_wconf 80' lang='lat' dir='ltr'><strong>ferirentur,</strong></span> <span class='ocrx_word' id='word_1_859' title='bbox 3080 5507 3146 5547; x_wconf 86' lang='lat' dir='ltr'><strong>ac</strong></span> <span class='ocrx_word' id='word_1_860' title='bbox 3174 5490 3315 5546; x_wconf 90' lang='lat' dir='ltr'><strong>male</strong></span> <span class='ocrx_word' id='word_1_861' title='bbox 3346 5499 3554 5545; x_wconf 66' lang='lat' dir='ltr'><strong>tracta-</strong></span> 
     </span>
    </p>
   </div>
   <div class='ocr_carea' id='block_1_117' title="bbox 1971 5583 3550 5654">
    <p class='ocr_par' dir='ltr' id='par_1_117' title="bbox 1971 5583 3550 5654">
     <span class='ocr_line' id='line_1_117' title="bbox 1971 5583 3550 5654; baseline -0.004 -10"><span class='ocrx_word' id='word_1_862' title='bbox 1971 5599 2186 5646; x_wconf 90' lang='lat' dir='ltr'><strong>reutur.</strong></span> <span class='ocrx_word' id='word_1_863' title='bbox 2227 5589 2346 5643; x_wconf 87' lang='lat' dir='ltr'><strong>Jam</strong></span> <span class='ocrx_word' id='word_1_864' title='bbox 2394 5602 2526 5642; x_wconf 84' lang='lat' dir='ltr'><strong>vero</strong></span> <span class='ocrx_word' id='word_1_865' title='bbox 2564 5600 2726 5641; x_wconf 86' lang='lat' dir='ltr'><strong>muro</strong></span> <span class='ocrx_word' id='word_1_866' title='bbox 2759 5585 2978 5641; x_wconf 71' lang='lat' dir='ltr'><strong>etiame</strong></span> <span class='ocrx_word' id='word_1_867' title='bbox 3003 5584 3208 5639; x_wconf 64' lang='lat' dir='ltr'><strong>Nicone</strong></span> <span class='ocrx_word' id='word_1_868' title='bbox 3248 5583 3351 5654; x_wconf 93' lang='lat' dir='ltr'><strong>(sic</strong></span> <span class='ocrx_word' id='word_1_869' title='bbox 3397 5585 3550 5638; x_wconf 81' lang='lat' dir='ltr'><strong>enim</strong></span> 
     </span>
    </p>
   </div>
   <div class='ocr_carea' id='block_1_118' title="bbox 1973 5675 3558 5752">
    <p class='ocr_par' dir='ltr' id='par_1_118' title="bbox 1973 5675 3558 5752">
     <span class='ocr_line' id='line_1_118' title="bbox 1973 5675 3558 5752; baseline -0.004 -15"><span class='ocrx_word' id='word_1_870' title='bbox 1973 5684 2073 5752; x_wconf 88' lang='lat' dir='ltr'><strong>ipsi</strong></span> <span class='ocrx_word' id='word_1_871' title='bbox 2103 5680 2277 5737; x_wconf 66' lang='lat' dir='ltr'><strong>Judaei</strong></span> <span class='ocrx_word' id='word_1_872' title='bbox 2314 5679 2688 5733; x_wconf 82' lang='lat' dir='ltr'><strong>Romanorum</strong></span> <span class='ocrx_word' id='word_1_873' title='bbox 2720 5678 3011 5732; x_wconf 83' lang='lat' dir='ltr'><strong>maximam</strong></span> <span class='ocrx_word' id='word_1_874' title='bbox 3039 5675 3313 5732; x_wconf 79' lang='lat' dir='ltr'><strong>vocabant</strong></span> <span class='ocrx_word' id='word_1_875' title='bbox 3344 5677 3558 5732; x_wconf 86' lang='lat' dir='ltr'><strong>machi-</strong></span> 
     </span>
    </p>
   </div>
   <div class='ocr_carea' id='block_1_119' title="bbox 1975 5769 3560 5844">
    <p class='ocr_par' dir='ltr' id='par_1_119' title="bbox 1975 5769 3560 5844">
     <span class='ocr_line' id='line_1_119' title="bbox 1975 5769 3560 5844; baseline -0.001 -15"><span class='ocrx_word' id='word_1_876' title='bbox 1975 5783 2145 5844; x_wconf 81' lang='lat' dir='ltr'><strong>nam)</strong></span> <span class='ocrx_word' id='word_1_877' title='bbox 2207 5771 2586 5839; x_wconf 76' lang='lat' dir='ltr'><strong>labefactato,</strong></span> <span class='ocrx_word' id='word_1_878' title='bbox 2651 5771 2905 5842; x_wconf 90' lang='lat' dir='ltr'><strong>plerique</strong></span> <span class='ocrx_word' id='word_1_879' title='bbox 2971 5769 3274 5826; x_wconf 63' lang='lat' dir='ltr'><strong>debilitatis</strong></span> <span class='ocrx_word' id='word_1_880' title='bbox 3354 5771 3560 5827; x_wconf 85' lang='lat' dir='ltr'><strong>animis</strong></span> 
     </span>
    </p>
   </div>
  </div>
