4074 6426
486 314 593 390 .515

1787 318 2108 384 JOANNIS
2139 316 2463 378 ZONARZE

3657 316 3763 381 515

485 449 840 498 recesserunt
871 461 885 495 :
945 439 1251 509 eodemque
1283 453 1313 493 a
1345 437 1609 493 Romanis
1654 445 1925 506 occupato
1950 476 1966 500 ,
2005 436 2060 488 in

2169 433 2221 486 δέ
2275 431 2512 485 κωλύειν
2562 428 2922 500 βιαζομένων.
2970 431 3217 484 Ἰουδαῖοι
3259 431 3314 484 δὲ
3360 431 3654 501 ὑπερεῖχον
3699 435 3762 500 ἐξ

485 535 720 588 alterum
755 549 974 587 murum
1009 532 1398 601 confugerunt.
1447 529 1603 584 Mure
1636 529 1814 598 primo
1845 544 1912 580 xv
1947 527 2069 581 die-

489 624 596 679 bus
631 633 817 693 capto,
848 623 1127 677 secundus
1150 623 1314 676 etiam
1348 619 1584 674 adducta
1618 618 1868 672 machina
1897 633 2069 687 oppu-

489 716 645 786 gnari
699 726 915 786 emptus
950 734 963 770 :
1002 729 1065 769 ac
1104 714 1239 767 turri
1297 713 1535 782 quadam
1581 709 1930 774 labefactata,
1980 709 2071 762 alii

490 807 774 876 fugerunt.

2177 525 2462 586 ἀπονοίας,
2492 524 2586 575 καὶ
2622 523 2681 575 τὸ
2713 524 2822 592 πῦρ
2851 524 2959 575 τῶν
2979 524 3280 576 ἐλεπῶεων
3309 525 3534 594 ἥπτετο.
3575 525 3686 577 Kal
3713 527 3767 579 εἰ

2182 615 2259 684 μὴ
2294 616 2322 667 ὀ
2353 617 2512 677 Τίτος
2542 616 2640 668 σὺν
2674 618 2785 677 τοῖς
2815 616 3074 667 ἱππεῦσιν
3107 616 3470 687 ἐπεϐοήθησε,
3499 618 3595 670 καὶ
3627 635 3769 670 κατ-

2181 708 2494 777 εφλέγησαν
2525 709 2610 764 ἄν.
2647 708 2760 760 Νῦν
2781 708 2835 760 δὲ
2871 709 2979 760 τῶν
3011 711 3314 779 προμάχων
3339 709 3448 762 τῶν
3495 711 3768 764 Ἰουδαίων

2181 802 2462 854 πεσόντων
2486 802 2558 863 ὡς
2591 803 2822 863 δώδεκα,
2859 803 2910 854 οἱ
2937 801 3116 855 λοιποὶ
3149 803 3452 869 ἐνέκλιναν,
3493 806 3585 856 καὶ
3627 821 3724 856 συν
3747 837 3769 846 -

489 900 775 968 ηλάθησαν
830 899 908 961 είς
961 897 1060 967 τὴν
1111 898 1286 949 πόλιν.
1317 893 1630 966 Ζωγρηοεὶς
1685 891 1743 946 δὲ
1814 891 1923 944 τῶν
1973 891 2245 945 Ἰουδαίων
2296 890 2397 956 είς,
2465 893 2572 963 πρὸ
2620 895 2714 946 τοῦ
2761 896 2978 964 τείχους
3026 894 3443 964 ἀνεσταυρώθη,
3514 896 3565 948 εί
3632 896 3771 966 «pa;

489 997 592 1062 τὴν
615 993 738 1064 δψιν
770 996 818 1046 οί
849 993 1032 1046 λοιποὶ
1061 991 1508 1059 καταπλαγέντες
1552 989 1775 1042 ἐνδοῖεν.
1848 987 2102 1055 Πύργους
2141 987 2198 1041 δέ
2269 989 2608 1059 πεντήκοντα
2638 990 2861 1059 πήχεων
2903 990 3136 1042 ἕκαστον
3165 993 3228 1042 ἐκ
3271 988 3446 1054 ξύλων
3476 988 3569 1041 τοῦ
3603 990 3769 1042 Τίτου

491 1087 1036 1147 κατασκευάσαντος,
1067 1085 1298 1145 καὶτοῖς
1331 1082 1583 1151 χώμασιν
1649 1079 1850 1141 αὐτοὺς
1919 1079 2340 1150 ἐπιστήσαντος,
2417 1080 2604 1132 οὐκέτι
2657 1081 2895 1135 ἐκώλυον
2965 1081 3212 1134 Ἰουδαῖοι
3251 1082 3352 1145 τὰς
3383 1081 3620 1151 ἐμϐολάς
3661 1081 3772 1132 τῶν

489 1182 684 1250 κριῶν,
719 1183 783 1233 ἐκ
809 1179 918 1232 τῶν
953 1178 1180 1248 πύργων
1221 1175 1542 1246 βαλλόμενοι
1611 1173 1708 1227 καὶ
1752 1173 2106 1242 κακούμενοι.
2154 1173 2290 1242 Ἤδη
2332 1175 2388 1227 δέ
2434 1175 2511 1244 τῷ
2548 1176 2757 1228 Νίκωνι
2809 1177 2904 1228 τοῦ
2961 1177 3175 1245 τείχους
3224 1177 3520 1239 ἐνδιδόντος
3588 1177 3772 1246 (αὐτοὶ

493 1276 602 1342 γὰρ
647 1272 890 1324 Ἰουδαῖοι
923 1269 1022 1339 τὴν
1064 1269 1330 1340 μεγίστην
1359 1267 1604 1320 ἑλέπολιν
1634 1266 1743 1318 τῶν
1809 1265 2104 1333 Ῥωμαίων
2143 1266 2316 1328 οὕτως
2358 1267 2675 1335 ἐκάλεσαν),
2709 1268 3140 1338 μαλακισθέντες
3199 1267 3511 1338 ἀνεχώρουν
3556 1271 3603 1320 οἱ
3638 1269 3771 1320 πολ-

492 1367 597 1423 λοί.
644 1368 755 1420 Kal
797 1367 903 1418 τῶν
946 1365 1234 1434 Ῥωμαίων
1283 1363 1590 1417 ἐπιϐάντων
1631 1361 1823 1424 αὑτοῦ,
1874 1366 2076 1426 πάντες
2112 1369 2191 1428 είς
2253 1366 2316 1418 τὸ
2380 1366 2637 1436 δεύτερον
2680 1361 3049 1429 ἀναφεύγουσι
3095 1361 3296 1428 τεῖχος.
3341 1361 3451 1412 Καὶ
3495 1358 3666 1414 οὕτως
3717 1372 3769 1423 οι

503 1455 891 1523 Ῥωμαῖοιτοῦ
925 1451 1140 1523 πρώτου
1167 1451 1379 1522 τείχους
1413 1453 1470 1502 ἐν
1504 1451 1902 1505 πεντεκαίδεκα
1974 1452 2211 1523 ἡμέραις
2265 1451 2601 1521 ἐκράτησαν.
2664 1449 2948 1503 Ἐντεῦθεν
3025 1447 3212 1509 αὺτοῖς
3261 1446 3405 1498 κατά
3478 1447 3573 1498 τοῦ
3648 1446 3772 1498 δευ-

484 1551 648 1620 τέρου
719 1547 932 1617 τείχους
999 1549 1246 1611 ἐγένοντο
1314 1545 1655 1618 προσϐολαὶ,

1731 1549 1827 1600 καὶ
1899 1547 2241 1616 προσάγεται
2294 1549 2328 1618 ἡ
2418 1546 2704 1609 ἑλέπολιςο

2799 1543 3166 1613 σαλευομένου
3252 1542 3310 1596 δὲ
3359 1541 3454 1594 τοῦ
3531 1541 3766 1613 πύργου,

487 1637 610 1690 καθ’
669 1632 728 1690 οὗ
783 1639 882 1699 τὰς
948 1635 1188 1704 ἐμϐολάς
1243 1637 1500 1698 ἐποιεῖτο,
1542 1636 1591 1686 οί
1648 1634 1750 1704 μέν
1783 1635 1935 1688 ἄλλοι
1971 1636 2303 1704 πεφεύγασι.

560 1731 680 1786 XX.
718 1729 916 1784 Castor
955 1743 1089 1782 vero
1120 1728 1343 1796 quidam
1371 1766 1384 1790 ,
1427 1727 1592 1780 homo
1631 1728 1921 1795 impostor,
1955 1742 2076 1780 cum

2261 1730 2347 1782 K'.
2381 1727 2621 1796 Κάστωρ
2651 1725 2706 1778 δέ
2747 1743 2830 1780 τις
2868 1723 3007 1792 ἀνὴρ
3041 1724 3194 1793 γόης.
3231 1723 3350 1792 μεθ’
3383 1725 3588 1793 ἐτέρων
3632 1724 3767 1778 δέκα

483 1823 608 1876 aliis
643 1838 675 1874 x
705 1807 1035 1889 suppliciter
1075 1817 1318 1871 extentis
1353 1817 1607 1870 manibus
1646 1817 1832 1872 Titum
1869 1826 2064 1870 vocat:

2181 1821 2481 1890 προτείνων
2516 1819 2615 1882 τὰς
2644 1821 2834 1888 χεῖρας
2883 1817 2957 1879 ῶς
2989 1815 3272 1879 ἱκετεύων,
3303 1818 3487 1870 ἐκάλει
3537 1819 3628 1871 τὸν
3673 1819 3766 1872 Τῖ-

486 1914 577 1967 cui
623 1913 714 1966 ille
747 1911 855 1966 fide
907 1910 1198 1974 adhibita,
1259 1909 1529 1962 machina:
1576 1909 1745 1962 ictum
1805 1909 2070 1963 inhibuit.

483 2005 681 2059 Castor
715 2019 772 2058 se
799 2003 1198 2056 descensurum
1236 1999 1516 2070 professus
1544 2008 1647 2061 est,
1679 2000 1745 2052 ad
1781 2000 2072 2069 petendam

485 2097 792 2149 dexteram.
848 2093 933 2147 llli
981 2107 1115 2147 vero
1161 2108 1192 2144 x
1232 2092 1430 2161 partim
1480 2092 1782 2160 supplicem
1831 2106 1954 2145 cum
2006 2106 2074 2145 eo

485 2199 700 2259 gestum
733 2185 1102 2249 simulabant,
1149 2183 1349 2254 partim
1383 2199 1442 2238 se
1475 2199 1759 2252 nunquam
1810 2182 2075 2238 Romanis

485 2278 790 2331 servituros
821 2277 1198 2331 clamitabant.
1227 2277 1407 2340 Quare
1435 2277 1564 2329 dum
1603 2287 1818 2345 tempus
1849 2277 2070 2341 teritur,

482 2369 680 2423 Casmr
713 2368 995 2422 Simonem
1031 2376 1239 2431 monet,
1277 2376 1336 2421 ut
1363 2366 1496 2436 quid
1526 2365 1671 2420 facto
1699 2368 1771 2420 sit
1800 2382 1938 2436 Opus
1970 2367 2070 2420 dc-

484 2463 716 2525 liberet,
750 2461 880 2515 dum
926 2461 1044 2530 ipse
1084 2461 1458 2514 Romanorum
1491 2460 1755 2528 impetum
1800 2460 2074 2513 inhiberet

491 2563 660 2624 atque
693 2553 971 2608 eluderet.
1001 2553 1134 2606 Dolo
1161 2553 1379 2606 tandem
1406 2551 1816 2618 animadverso,
1841 2551 2072 2606 Romani

484 2645 772 2708 concitati,
813 2645 1134 2714 majoreque
1167 2644 1218 2697 vi
1271 2643 1541 2697 machinis
1576 2643 1866 2714 impulsis.
1905 2643 2072 2697 etiam

481 2736 786 2791 secundum
806 2751 1023 2790 murum
1045 2735 1241 2804 quinto
1264 2743 1388 2804 post
1407 2735 1643 2804 primum
1667 2734 1756 2788 die
1778 2741 2070 2804 ceperunt.

483 2827 645 2883 Titus
673 2829 980 2897 ingressus,
1015 2828 1210 2892 vetuit,
1249 2841 1318 2880 ne
1353 2827 1743 2896 comprehensi
1785 2827 2071 2881 arderen-

483 2926 596 2978 tur,
631 2931 768 2971 neve
793 2917 940 2971 aedes
964 2915 1374 2980 incedereutur,
1401 2930 1581 2984 neque
1609 2915 1779 2969 etiam
1817 2931 2068 2986 magnam

483 3018 699 3079 partem
752 3007 897 3061 muri
951 3007 1102 3060 dirui
1149 3007 1344 3060 voluit.
1395 3006 1630 3062 Malebat
1672 3009 1819 3060 enim
1870 3008 2067 3061 urbem

485 3099 614 3161 sibi,
651 3099 918 3168 templum
951 3097 1076 3151 urbi
1108 3112 1464 3152 conservare.
1498 3097 1756 3154 Seditiosi
1787 3114 1920 3153 vero
1960 3101 2068 3154 Ro-
2094 3137 2137 3195 ο

487 3206 683 3244 manos
712 3191 908 3244 urbem
944 3189 1224 3259 ingressos
1253 3189 1467 3254 adorti,
1503 3190 1597 3244 alii
1629 3190 1683 3244 in
1716 3191 2022 3261 angiportis
2047 3233 2062 3257 ,

481 3282 574 3335 alii
619 3296 687 3334 ex
725 3281 958 3346 aedibus,
991 3281 1083 3334 alii
1117 3295 1184 3335 ex
1231 3281 1510 3336 moenibus
1539 3279 1810 3335 feriebant
1838 3299 1854 3338 :
1885 3283 2069 3355 itaque

483 3372 810 3441 praesidiarii
837 3388 866 3426 e
898 3371 1146 3426 turribus
1175 3370 1495 3427 desilientes
1518 3415 1532 3438 ,
1566 3373 1619 3426 in
1669 3384 1848 3429 castra
1883 3391 2067 3429 rever-

483 3465 763 3520 Labantur.
806 3464 980 3518 Judaei
1011 3480 1143 3519 vero
1173 3479 1298 3518 cum
1339 3479 1407 3519 ex
1445 3466 1640 3520 notitia
1675 3467 2066 3538 angiportuum

485 3555 647 3624 295
678 3555 880 3610 multos
904 3556 1314 3617 vulnerassent,
1339 3564 1396 3608 et
1418 3555 1696 3611 Romanos
1721 3566 1844 3626 post
1866 3573 2066 3613 secun-

480 3645 616 3700 dm
661 3659 882 3713 quoque
934 3659 1157 3697 murum
1191 3653 1410 3712 captum
1447 3644 1668 3700 fortiter
1713 3649 2063 3716 repulisseut,

479 3736 829 3790 sustulerunt
873 3734 1127 3799 animos,
1163 3749 1229 3788 ac
1263 3736 1406 3788 fame
1449 3736 1559 3805 jam
1593 3751 1691 3804 per
1727 3739 1919 3790 urbem
1948 3754 2066 3792 ser-

485 3839 670 3896 pente,
702 3827 1002 3880 multorum
1037 3826 1306 3880 bonorum
1332 3827 1578 3880 virorum
1609 3844 1676 3882 ex
1709 3845 1942 3884 annona:
1971 3847 2067 3900 per

484 3921 646 3975 uuria
695 3920 924 3973 interitu
971 3919 1220 3973 seditiosi
1270 3919 1731 3982 delectabantur,
1774 3936 1871 3976 eos
1922 3926 2067 3980 solos

479 4013 662 4069 salvos
684 4028 806 4068 esse
827 4012 1135 4082 cupientes,
1161 4011 1256 4081 qui
1282 4027 1470 4081 pacem
1497 4024 1906 4080 aversarentur,
1931 4016 2066 4070 alio-

483 4121 716 4174 rumque
751 4105 1056 4174 perniciem
1081 4119 1234 4158 suam
1260 4105 1496 4159 salutem
1532 4105 2061 4176 interpretahautur.

480 4197 746 4252 Romanis
783 4213 914 4252 vero
956 4197 1264 4252 secundum
1306 4214 1526 4253 murum
1560 4199 1746 4254 denuo
1788 4215 2062 4271 occupare

481 4290 854 4355 studentibus,
890 4290 1136 4344 triduum
1170 4292 1537 4346 restiterunt:
1573 4303 1773 4361 quarto
1822 4293 1911 4346 die
1955 4294 2062 4346 im-

478 4393 666 4455 petum
699 4399 894 4438 eorum
930 4400 1043 4439 non
1091 4384 1335 4439 ferentes
1360 4423 1376 4450 ,
1410 4385 1466 4437 in
1503 4385 1821 4439 interiorem
1859 4384 2062 4439 transi-

2175 1929 2289 1964 τον.
2321 1911 2381 1962 '0
2407 1911 2486 1975 δὲ,
2513 1910 2830 1971 πιστεύσας,
2857 1907 3047 1977 ἐπέχει
3072 1907 3167 1977 τὴν
3198 1907 3435 1979 ἐμϐολὴν
3462 1909 3556 1961 τοῦ
3583 1911 3762 1981 κριοῦ,

2179 2004 2276 2055 καὶ
2307 2003 2334 2053 ὁ
2368 2003 2606 2072 Κάστωρ
2637 2002 2942 2070 καταϐῆναι
2973 2000 3258 2071 βούλεσθαι
3287 2000 3382 2053 ἐπὶ
3410 2001 3558 2073 δεξιᾷ
3583 2003 3760 2071 ἔλεγε,

2178 2091 2410 2144 καὶτῶν
2455 2092 2554 2144 σὺν
2598 2089 2748 2160 αὐτῷ
2782 2091 2914 2144 δέκα
2945 2091 2995 2142 οἱ
3029 2089 3128 2159 μὲν
3164 2088 3262 2159 τὴν
3304 2091 3517 2143 ἱκεσίαν
3559 2109 3763 2144 συνυπ-

2176 2186 2479 2254 εκρίνοντο,
2522 2184 2572 2236 οί
2611 2184 2658 2237 δ’
2697 2184 2797 2236 οὐκ
2829 2184 2894 2236 ἄν
2934 2201 3064 2236 ποτε
3109 2183 3422 2236 δουλεύσειν
3467 2183 3762 2250 Ῥωμαίοις

2175 2281 2364 2334 ἐϐόων.
2406 2277 2752 2350 Τριϐομένης
2783 2276 2828 2329 δ’
2857 2279 2916 2330 ἐν
2944 2276 3156 2338 τούτοις
3207 2277 3305 2346 τῆς
3353 2275 3523 2346 ὥρας,
3573 2278 3602 2329 ὁ
3647 2278 3762 2333 Κά-

2179 2389 2326 2443 στωρ
2363 2373 2553 2443 ἐδήλου
2583 2371 2663 2443 τῷ
2695 2372 2922 2440 Σίμωνι,
2962 2371 3093 2440 περὶ
3129 2369 3238 2422 τῶν
3265 2369 3597 2437 ἐπειγόντων
3634 2369 3765 2440 βου-

2175 2465 2456 2531 λεύεσθαι,
2501 2467 2575 2529 ώς
2599 2465 2965 2536 ἐμπαίζοντος
3010 2464 3303 2535 Ῥωμαίοις
3346 2464 3540 2532 αὐτοῦ,
3569 2468 3665 2519 καὶ
3699 2467 3763 2518 τὸ

2141 2601 2156 2620 ,
2179 2557 2328 2626 σφῶν
2360 2557 2649 2628 ἐπέχοντος
2687 2557 2937 2627 ὅρμημα.
2975 2555 3146 2619 Τέλος
3180 2556 3237 2610 δὲ
3277 2557 3544 2624 γνωσθεὶς
3572 2559 3763 2630 ἀπάτῃ

2173 2649 2265 2702 τὸν
2290 2650 2486 2720 καιρὸν
2518 2651 2832 2720 παρέλκων,
2861 2651 3152 2722 παρώξυνε
3173 2654 3298 2716 τοὺς
3330 2653 3636 2721 Ῥωμαίους
3662 2654 3765 2715 τὰς

2176 2741 2415 2812 ἐμϐολὰς
2466 2743 2558 2795 τοῦ
2608 2741 2769 2813 κριοῦ
2817 2744 3086 2796 ποιεῖσθαι
3133 2743 3535 2813 δυνατωτέρας.
3581 2744 3764 2798 Ἐἀλω

2175 2835 2358 2887 τοίνυν
2393 2834 2487 2887 καὶ
2520 2834 2581 2887 τὸ
2611 2834 2869 2905 δεύτερον
2903 2837 3086 2905 τεῖχος
3141 2836 3327 2906 ἡμέρᾳ
3356 2837 3582 2907 πέμπτῃ
3622 2837 3767 2904 μετὰ

2173 2927 2235 2981 τὸ
2269 2929 2507 2998 πρῶτον.
2539 2931 2836 3000 Παρελθὼν
2859 2931 2905 2984 δ’
2938 2934 3088 2994 ἐντὸς
3129 2933 3158 2986 ὁ
3195 2933 3374 2997 Τῖτος,
3422 2925 3661 2987 κτείνειν
3697 2950 3764 2987 τε

2171 3019 2298 3081 τοὺς
2326 3018 2926 3090 καταλαμϐανομένους
2955 3020 3224 3084 ἐκώλυσε,
3256 3021 3350 3075 καὶ
3390 3022 3524 3092 μηδέ
3551 3023 3648 3085 τὰς
3677 3025 3765 3074 oi-

2173 3109 2298 3173 κίας
2328 3110 2694 3182 ὑποπιμπρᾷν
2734 3114 2848 3175 τοῖς
2871 3111 3236 3183 στρατιώταις
3267 3111 3578 3168 ἐκέλευσεν.
3611 3113 3764 3166 Ἀλλ’

2172 3203 2292 3257 οὐδὲ
2317 3202 2412 3256 τοῦ
2448 3204 2661 3272 τείχους
2695 3203 2829 3256 πολὺ
2867 3203 3035 3274 μέρος
3067 3205 3466 3276 καθαιρεθῆναι
3497 3207 3760 3277 ἠθέλησε’

2172 3299 2304 3366 περὶ
2362 3295 2612 3356 πλείονος
2659 3295 2768 3364 γάρ
2810 3296 3048 3347 ἐποιεῖτο
3095 3295 3196 3365 τὴν
3247 3296 3348 3366 μὲν
3393 3298 3548 3350 πόλιν
3577 3299 3763 3371 ἐαυτῷ

2173 3387 2504 3459 περισῶσαι,
2546 3389 2610 3457 τῇ
2645 3387 2800 3439 πόλει
2828 3387 2884 3439 δὲ
2919 3387 3008 3439 τὸν
3047 3389 3192 3440 ναόν.
3239 3389 3604 3444 Ἐπιτίθενται
3647 3392 3766 3444 τοί-

2169 3497 2266 3532 νυν
2319 3481 2368 3532 οί
2424 3480 2751 3532 στασιασταὶ
2806 3481 2920 3542 τοῖς
2973 3478 3296 3533 ἐπελθοῦσιν
3341 3483 3424 3544 είς
3467 3481 3566 3552 τὴν
3599 3484 3764 3537 πόλιν

2182 3571 2503 3638 Ῥωμαίοις,
2549 3570 2645 3624 καὶ
2695 3573 2744 3624 οἱ
2781 3573 2879 3640 μὲν
2911 3571 3052 3624 κατὰ
3098 3573 3224 3636 τοὺς
3255 3575 3584 3640 στενωποὺς,
3631 3577 3678 3628 oi
3712 3577 3766 3629 δ’

2171 3667 2234 3716 ἐκ
2268 3663 2377 3716 τῶν
2409 3663 2622 3728 οίκιῶν,
2656 3664 2705 3714 οἱ
2729 3663 2773 3716 δ’
2801 3665 2865 3716 ἐκ
2900 3663 2994 3714 τοῦ
3025 3663 3241 3733 τείχους
3271 3664 3469 3729 αὐτοὺς
3507 3666 3760 3726 ἔϐαλλον,

2171 3755 2280 3808 Καὶ
2307 3757 2355 3807 οἱ
2385 3757 2577 3808 τούτου
2608 3758 2836 3826 φρουροὶ
2879 3755 3162 3825 Ῥωμαῖοι,
3205 3757 3603 3827 καθαλλόμενοι
3645 3760 3764 3814 τῶν

2170 3847 2416 3918 πύργων,
2447 3847 2758 3917 ἀνεχώρουν
2789 3848 2868 3909 είς
2897 3847 2959 3899 τὸ
2989 3848 3381 3919 στρατόπεδον.
3424 3851 3666 3903 Ἰουδαῖοι
3697 3851 3764 3906 δὲ

2168 3937 2291 3992 κατ’
2321 3939 2617 4009 ἐμπειρίαν
2655 3937 2763 3991 τῶν
2812 3939 3108 3991 στενωπῶν
3144 3941 3480 4008 ἐτίτρωσκόν
3521 3959 3579 3994 τε
3614 3943 3757 3995 πολ-

2167 4028 2314 4092 λοὺς,
2348 4031 2445 4081 καὶ
2474 4029 2918 4098 προσπίπτοντες
2944 4029 3204 4095 ἐξώθουν.
3243 4031 3506 4100 Ῥωμαῖοι
3538 4033 3638 4102 μὲν
3659 4029 3760 4087 οὖν

2168 4123 2567 4192 κρατήσαντες,
2594 4122 2688 4174 καὶ
2717 4121 2810 4174 τοῦ
2849 4122 3105 4192 δευτέρου
3139 4123 3376 4192 τείχους,
3429 4122 3588 4188 αὖθις
3623 4125 3764 4190 ἐξώ-

2167 4213 2398 4283 σθησαν,
2429 4213 2637 4283 ἐπῆρτο
2668 4213 2725 4265 δὲ
2755 4215 2870 4276 τοῖς
2905 4217 3259 4278 στασιασταῖς
3294 4218 3363 4269 τὰ
3395 4218 3751 4287 φρονήματα.

2170 4306 2310 4375 Ἤδη
2361 4305 2418 4358 δὲ
2466 4307 2562 4360 καὶ
2603 4307 2630 4359 ὁ
2677 4295 2833 4375 λιμὸς
2867 4306 3129 4376 ὑφέρπων
3159 4308 3260 4377 τὴν
3310 4309 3487 4372 πόλιν,
3519 4309 3754 4374 πολλοὺς

2165 4394 2274 4445 τῶν
2297 4394 2517 4462 ἀγαθῶν
2539 4395 2750 4464 ἀνδρῶν
2774 4396 2950 4466 ἐνδείᾳ
2972 4397 3080 4450 τῶν
3102 4399 3424 4467 ἐπιτηδείων
3447 4401 3748 4471 διέφθειρε.

475 4483 660 4528 erunt.
686 4475 846 4529 Titus
880 4476 1082 4530 iterum
1117 4477 1328 4546 potitus
1358 4476 1662 4542 moenibus,
1695 4485 1960 4545 quantum
1989 4478 2056 4530 ad

2169 4485 2342 4537 Τοῦτο
2372 4487 2429 4538 δὲ
2476 4489 2590 4548 τοῖς
2635 4491 2990 4544 στασιασταῖς
3035 4491 3374 4556 καταθύμιον
3419 4488 3504 4563 ἦν,
3551 4494 3752 4562 μόνους

480 4567 918 4635 septentrionem
945 4577 1156 4636 spectat
1175 4566 1206 4620 d
1222 4568 1388 4624 iruit:
1410 4568 1638 4636 reliquis
1655 4569 1905 4638 partibus
1927 4585 2059 4639 prae-

476 4656 620 4711 sidio
645 4656 923 4724 imposito,
949 4659 1016 4710 ad
1044 4659 1266 4711 tertium
1290 4659 1717 4728 Oppugnandum
1741 4675 1799 4714 se
1823 4661 2054 4728 paravit,

478 4754 536 4800 et
571 4746 817 4816 legiones
862 4747 1116 4800 bifariam
1153 4747 1511 4817 dispertitus,
1561 4765 1788 4820 aggeres
1816 4753 2055 4805 excitare

475 4840 668 4907 cmpit.
695 4839 771 4892 Ex
805 4839 874 4894 iis
902 4841 994 4908 qui
1025 4839 1174 4894 intus
1204 4851 1398 4904 erant,
1424 4841 1668 4896 seditiosi
1700 4843 2057 4911 pertinaciter

479 4929 846 4987 resistebant:
882 4932 1120 5000 populus
1158 4947 1290 4986 vero
1323 4930 1687 5002 transfugium
1718 4933 2006 5003 spectabat
2034 4973 2048 4996 ,

473 5038 542 5077 ac
586 5023 744 5076 multi
786 5039 918 5078 sane
965 5025 1105 5079 clam
1154 5025 1611 5097 transfugiebant.
1649 5028 1806 5097 Quod
1867 5029 1961 5097 qui
2001 5028 2053 5080 iu

468 5115 665 5172 animo
716 5116 924 5170 habere
988 5118 1352 5180 videbantur,
1406 5128 1501 5172 aut
1550 5122 1798 5175 umbram
1837 5132 2048 5176 tantum

475 5209 811 5279 Suspiciouis
828 5212 1168 5280 prabebant,
1189 5213 1580 5283 iugulabantur
1599 5214 1806 5278 statim,
1832 5231 2047 5269 eorum-

475 5315 588 5371 que
639 5301 779 5356 bona
817 5301 1259 5372 diripiebantur;
1302 5303 1604 5371 locupletes
1666 5318 1797 5356 vero
1826 5343 1840 5368 ,
1887 5316 2052 5359 etiam

475 5395 615 5449 falso
645 5393 930 5465 transfugii
975 5396 1208 5450 crimine
1247 5394 1516 5457 conficto,
1550 5395 1732 5448 statim
1759 5395 2054 5449 caedeban-

476 5496 600 5549 tur,
628 5496 688 5539 ut
713 5503 803 5542 res
832 5502 1029 5542 eorum
1058 5487 1349 5540 familiaris
1377 5487 1572 5556 prada:
1605 5497 1771 5540 esset.
1805 5487 1936 5540 Eam
1961 5503 2052 5542 se-

479 5577 804 5630 ditiosorum
837 5579 1225 5634 crudelitatem
1263 5580 1438 5633 fames
1480 5581 1734 5649 augebat.
1793 5580 1927 5633 Nam
1982 5581 2053 5634 ob

481 5666 814 5719 libariorum
852 5671 1140 5736 penuriam
1198 5671 1253 5722 iu
1286 5669 1430 5723 aedes
1475 5669 1810 5735 insiliebaut,
1851 5686 2054 5741 easque

481 5759 964 5827 pervestigabaut:
997 5774 1230 5826 quarum
1265 5760 1602 5815 habitatores
1631 5776 1687 5814 se
1722 5760 1925 5816 habere
1950 5777 2051 5816 ue-

2167 4575 2379 4641 ἀξιοῦσι
2407 4576 2500 4630 τοῦ
2536 4579 2831 4641 σώζεσθαι,
2868 4580 2995 4642 τοὺς
3042 4582 3140 4649 μὲν
3181 4583 3403 4652 είρήνην
3453 4584 3528 4653 μὴ
3569 4584 3753 4640 θέλον·

2164 4687 2283 4732 τας,
2319 4673 2417 4738 τὴν
2459 4672 2515 4722 δὲ
2542 4671 2650 4723 τῶν
2677 4671 2854 4725 ἄλλων
2885 4671 3095 4742 φθορὰν
3133 4675 3404 4742 οἰομένοις
3441 4679 3754 4747 κουφισμὸν

2165 4764 2401 4817 ἑαυτῶν.
2442 4765 2704 4833 Ῥωμαῖοι
2737 4766 2791 4819 δὲ
2821 4763 2978 4829 αὖθις
3015 4768 3401 4838 ἀπεπειρῶντο
3449 4774 3755 4839 κατασχεῖν

2163 4850 2223 4902 τὸ
2275 4854 2456 4921 τεῖχος
2505 4853 2564 4904 τὸ
2613 4853 2868 4925 δεύτερον
2897 4870 2910 4883 ·
2965 4855 3015 4905 oi
3066 4855 3122 4907 δὲ
3157 4855 3472 4918 διεκώλυον,
3519 4863 3612 4911 καὶ
3656 4861 3755 4914 ἐπὶ

2163 4938 2316 5007 τρισὶ
2363 4941 2463 5007 μὲν
2511 4941 2750 5010 ἡμέραις
2802 4943 3101 5013 ἀντέσχον·
3150 4947 3214 5014 τῇ
3268 4946 3326 4997 δέ
3369 4948 3606 5022 τετάρτῃ
3669 4953 3750 5022 μὴ

2163 5033 2479 5100 ἐνεγκόντες
2500 5033 2598 5101 τὴν
2629 5034 2958 5105 προσϐολὴνο
2995 5037 3074 5097 είς
3098 5036 3158 5087 τὸ
3189 5039 3470 5108 hami)“
3503 5043 3752 5113 μετεχώ’

2165 5141 2361 5197 ρησαν.
2396 5126 2506 5177 Καὶ
2539 5125 2705 5181 πάλιν
2763 5127 2790 5176 ὁ
2835 5125 2991 5189 Τῖτος
3049 5126 3143 5181 τοῦ
3174 5129 3387 5198 τείχους
3435 5134 3749 5202 κρατήσας,

2163 5217 2362 5269 αὐτίκα
2392 5215 2586 5268 τούτου
2624 5215 2904 5286 καθῄρησε
2940 5221 3000 5269 τὸ
3030 5220 3400 5290 προσάρκτιον
3423 5238 3436 5251 ·
3466 5223 3542 5290 τῷ
3576 5223 3751 5296 λοιπῷ

2161 5309 2207 5360 δ’
2255 5308 2673 5377 ἐγκαταστήσας
2733 5311 3005 5378 φρουρὰν,
3061 5310 3139 5380 τῷ
3189 5312 3358 5382 τρίτῳ
3411 5314 3750 5383 προσϐαλεῖν

2162 5400 2517 5468 ἡτοιμάζετο.
2557 5402 2668 5456 Καὶ
2700 5401 2823 5470 διχῆ
2857 5405 2923 5454 τὰ
2961 5403 3220 5472 τάγματα
3255 5406 3468 5470 διελὼν,
3505 5409 3750 5477 ἐγείρειν

2160 5491 2361 5559 ἤρχετο
2404 5487 2656 5559 χώματα.
2712 5491 2833 5542 Τῶν
2886 5490 2932 5543 δ’
2982 5493 3132 5556 ἐντὸς
3175 5497 3223 5546 oi
3276 5496 3378 5564 μὲν
3421 5499 3754 5552 στασιασταὶ

2161 5579 2302 5650 ἦσαν
2331 5583 2588 5648 ἄτεγκτοι
2613 5583 2707 5636 καὶ
2729 5583 3031 5636 ἀνένδοτοι·
3061 5587 3089 5637 ὁ
3127 5586 3182 5638 δὲ
3211 5587 3384 5657 δῆμος
3419 5588 3554 5656 πρὸς
3588 5591 3754 5642 αὑτορ

2165 5674 2360 5741 μολίαν
2409 5673 2685 5743 κεκίνητο,
2719 5678 2813 5727 καὶ
2861 5677 3045 5729 πολλοὶ¹
3096 5674 3452 5742 λανθάνοντες
3501 5681 3751 5751 ηὐτομό-

2163 5763 2309 5818 λουν.
2361 5761 2468 5825 Οὓς
2523 5763 2580 5818 δέ
2623 5765 2783 5819 τοῦτο
2834 5767 3192 5838 βουλομένους
3245 5771 3295 5821 οἱ
3354 5771 3751 5837 στασιάζοντες
