4074 6458
365 318 466 378 5i?

1633 327 1840 386 ANNA
1853 329 2045 390 LIUM
2083 330 2232 391 LIB.
2274 330 2377 390 VI.

3529 335 3636 399 5i8

363 430 560 495 ἔγνων,
607 429 638 500 ἢ
685 429 780 480 καὶ
818 429 988 499 μόνην
1024 427 1182 501 ἔσχον
1226 447 1482 496 υπονοιας
1519 438 1702 502 σκιὰν,
1750 438 1950 501 εὐθέως

2057 451 2273 510 gautes,
2303 442 2349 497 si
2373 441 2508 514 quid
2536 436 2914 514 reperiebant,
2945 444 3373 512 excruciabant;
3399 447 3444 503 si
3475 449 3635 510 nihil.

362 523 760 590 ἀπέσφαττον
793 525 911 586 τοῖς
947 522 992 574 δ’
1027 525 1281 594 εὐπόροις
1339 527 1434 578 καὶ
1485 528 1658 598 ψευδῆ
1703 530 1803 598 τὴν
1849 531 1952 600 τῆς

362 611 699 682 αὐτομολίας
733 613 1074 684 κατηγορίαν
1098 613 1530 686 προσάπτοντες,
1558 621 1686 684 τοὺς
1716 621 1819 690 μὲν
1851 625 1952 676 αὐ-

362 707 492 758 τίκα
519 705 850 774 διέφθειρον,
901 707 999 769 τὰς
1025 707 1081 760 δὲ
1120 708 1346 761 ἐκείνων
1382 711 1572 774 οὐσίας
1613 713 1942 785 διήρπαζον,

370 796 433 849 '0
461 795 619 866 λιμὸς
657 796 702 848 δ’
736 795 1004 864 ἀκμάζων
1033 797 1134 868 τὴν
1175 799 1284 852 τῶν
1312 802 1659 855 στασιαστῶν
1691 803 1953 874 ὠμότητα

360 886 586 958 ηὔξανε.
623 888 704 940 Δι’
732 887 940 940 ἔνδειαν
989 889 1098 959 γὰρ
1137 889 1247 942 τῶν
1300 891 1520 961 τροφῶν
1558 895 1950 964 εἰσπηδῶντες,

359 983 458 1042 τὰς
485 979 664 1042 οἰκίας
698 980 968 1047 ἠρεύνων,
1001 985 1096 1034 καὶ
1119 981 1247 1045 τοὺς
1269 981 1556 1046 οἰκοῦντας
1582 985 1954 1054 ἀρνουμένους

361 1071 530 1142 ἔχειν,
565 1073 614 1124 εί
646 1073 750 1141 μὲν
799 1072 1079 1143 εὕρισκον,
1119 1074 1342 1144 ῇκιζονο
1371 1076 1420 1127 εἰ
1447 1075 1504 1128 δέ
1528 1077 1630 1130 οὐκ
1673 1077 1950 1147 εὕρισκον,

361 1165 438 1228 ὡς
496 1163 820 1234 κρύψαντας
876 1167 1309 1236 ἐπιμελέστερον
1355 1168 1578 1238 ήταζον.
1637 1170 1953 1225 Ἐποιοῦντο

365 1261 551 1329 μέντοι
596 1259 694 1312 τοῦ
759 1259 906 1329 ἔχειν
958 1259 1186 1330 τροφὰς,
1244 1261 1276 1331 ἦ
1320 1262 1418 1329 μὴ,
1461 1261 1529 1314 τὰ
1565 1260 1795 1332 σώματα
1842 1265 1952 1318 τῶν

360 1352 564 1404 ἀθλίων
599 1353 922 1422 τεκμήριον.
965 1347 1062 1415 Οἷς
1113 1352 1212 1422 μέν
1253 1353 1361 1422 γὰρ
1395 1353 1478 1406 ἔτι
1528 1356 1702 1426 μετῆν
1744 1356 1950 1426 ἰσχύος,

360 1443 507 1512 ἔχειν
544 1444 788 1508 ἐδόκουν,
815 1439 898 1507 οἷς
926 1444 972 1496 δ’
999 1445 1231 1514 ἐξετάκη
1267 1445 1337 1497 τά
1371 1445 1625 1516 σώματα,
1660 1449 1950 1517 παρωδεύ-

361 1557 506 1592 οντο.
552 1539 616 1591 Ei
673 1539 734 1593 δέ
778 1557 864 1602 τις
910 1540 1186 1612 εὐπόρησε
1221 1541 1476 1611 πυρῶνῆ
1511 1541 1731 1612 κριθῆς,
1775 1562 1950 1598 κατα-

359 1631 586 1695 κλείσας
614 1632 714 1702 τὴν
737 1633 918 1685 οίκίαν
949 1633 1106 1702 ἤσθιε
1127 1650 1142 1664 ο
1175 1635 1320 1696 τινές
1349 1634 1395 1686 δ’
1429 1634 1534 1686 ὑπὸ
1566 1635 1688 1704 βίας
1717 1636 1819 1706 τῆς
1854 1637 1948 1690 τοῦ

358 1725 545 1794 λιμοῦ,
603 1725 698 1777 καὶ
747 1725 1088 1793 ἀνέργαστον
1141 1726 1235 1780 τὸν
1287 1729 1435 1781 σῖτον
1481 1728 1805 1797 προσίεντο·
1855 1730 1950 1783 καὶ

2058 534 2428 601 torquebant,
2509 535 2666 604 quasi
2727 536 3045 590 accuratius
3104 539 3524 607 occultassent;
3579 559 3647 598 ac

2056 634 2111 679 ut
2126 641 2246 679 rum
2267 625 2454 680 miseri
2473 626 2788 684 alimoniam
2811 627 3102 691 baberent,
3125 643 3320 695 necne,
3348 646 3379 685 e
3396 634 3649 703 corpori-

2057 716 2164 770 bus
2207 730 2403 771 eorum
2451 719 2832 788 conjecturam
2886 719 3204 788 capiebant.
3253 721 3390 776 Nam
3438 726 3646 793 quibus

2055 808 2240 864 adhuc
2277 808 2488 878 aliquid
2525 809 2728 864 virium
2765 820 3095 879 supererat,
3130 812 3336 868 habere
3369 817 3648 884 putaban-

2059 909 2190 955 tur:
2228 915 2464 970 quorum
2496 917 2629 956 vero
2661 916 2896 972 corpora
2931 903 3356 970 contabuerant,
3394 910 3647 978 praeteri-

2055 995 2283 1047 bantur.
2321 993 2376 1048 Si
2413 994 2505 1049 cui
2539 1009 2670 1049 vero
2714 994 2966 1050 triticum
2996 1005 3092 1051 aut
3123 997 3397 1053 hordeum
3444 1016 3652 1070 suppe-

2056 1086 2229 1151 tebat,
2257 1084 2303 1138 is
2327 1101 2393 1139 eo
2419 1085 2622 1139 clausis
2648 1085 2861 1140 aedibus
2887 1087 3230 1142 vescebatur.
3262 1089 3444 1159 Aliqui
3477 1093 3648 1147 etiam

2053 1179 2124 1230 ob
2172 1176 2332 1230 famis
2381 1177 2729 1240 violentiam,
2769 1178 2904 1232 rude
2947 1179 3193 1234 triticum
3233 1183 3600 1238 comedebant
3626 1199 3645 1238 :

2055 1267 2322 1336 cibosque
2345 1284 2410 1322 ex
2439 1282 2535 1322 ore
2560 1268 2852 1322 infantium
2879 1279 3108 1335 matres,
3138 1271 3299 1325 liberi
3329 1283 3641 1344 parentum,

2055 1374 2261 1413 uxores
2286 1359 2614 1413 maritorum
2649 1361 2939 1430 rapiebant
2969 1378 2983 1420 :
3027 1372 3083 1416 et
3115 1379 3240 1417 cum
3269 1370 3342 1418 ita
3377 1366 3642 1434 ederent,

2057 1456 2236 1503 tamen
2267 1450 2564 1505 seditiosos
2599 1451 2774 1506 latere
2810 1467 2921 1506 non
2958 1462 3238 1522 poterant.
3275 1453 3462 1510 Sicubi
3496 1459 3646 1513 enim

2052 1541 2296 1594 clausam
2324 1541 2551 1595 domum
2583 1552 2678 1596 aut
2712 1543 2925 1599 fumum
2949 1544 3296 1599 exsilientcm
3327 1548 3651 1616 conSpexis-

2053 1641 2196 1696 sent,
2227 1632 2281 1686 id
2307 1644 2691 1703 argumentum
2715 1636 2982 1706 putabant
3001 1638 3219 1692 edentis
3249 1639 3503 1693 familiae:
3529 1654 3648 1709 per-

2053 1722 2356 1793 fractisque
2384 1724 2604 1782 foribus
2645 1727 2802 1782 cibos
2826 1744 2894 1782 ex
2928 1729 3061 1798 ipsis
3093 1729 3353 1785 faucibus
3387 1734 3647 1786 extrahe-

355 1816 690 1888 ἀφήρπαζον
728 1817 789 1881 ἐξ
817 1817 984 1870 αὐτοῦ
1022 1816 1116 1870 τοῦ
1147 1818 1418 1889 στόματος
1453 1817 1550 1881 τὰς
1577 1819 1788 1890 τροφὰς
1838 1838 1949 1892 μη-

2054 1816 2225 1880 bant,
2262 1816 2412 1870 nulla
2458 1817 2626 1873 ullius
2676 1821 2856 1874 aetatis
2885 1797 3269 1876 misericordia
3317 1821 3523 1878 affecti.
3583 1822 3646 1878 Si

355 1915 519 1981 τέρες
574 1909 815 1979 βρεφῶν,
852 1911 1048 1973 παῖδες
1083 1911 1365 1983 πατέρων,
1408 1913 1672 1980 γυναῖκες
1716 1912 1953 1983 ἀνδρῶν.

359 2004 473 2056 Καὶ
522 2003 664 2055 οὕτω
698 2002 744 2055 δ’
781 2002 1080 2068 ἐσθίοντες,
1125 2003 1276 2072 ὅμως
1305 2004 1433 2067 τοὺς
1479 2005 1817 2068 στασιαστὰς
1849 2007 1953 2058 οὐκ

357 2095 677 2150 ἐλάνθανον.
720 2095 893 2148 Ὅπου
925 2094 980 2147 δὲ
1017 2094 1416 2165 κεκλεισμένην
1444 2096 1624 2149 οἰκίαν
1655 2097 1949 2164 κατίδοιεν,

355 2189 391 2258 ἢ
446 2187 656 2241 καπνὸν
693 2186 1146 2255 ἀποθρώσκοντα,
1189 2189 1419 2257 σημεῖον
1471 2185 1627 2240 ταῦτ’
1666 2187 1952 2242 ἐποιοῦντο

353 2279 451 2332 τοῦ
481 2279 610 2342 τοὺς
633 2278 784 2342 ἐντὸς
812 2277 1039 2343 ἐσθίειν,
1071 2279 1166 2332 καὶ
1198 2280 1496 2350 ῥήσσοντες
1533 2280 1634 2344 τὰς
1660 2278 1852 2351 θύρας,
1887 2283 1950 2336 ἐκ

355 2370 465 2424 τῶν
496 2371 796 2442 φαρύγγων
820 2370 1002 2424 αὐτῶν
1023 2371 1289 2442 ἀνέφερον
1316 2370 1418 2434 τὰς
1438 2371 1647 2442 τροφάς
1669 2386 1682 2402 ⁶
1713 2372 1837 2426 οὐδέ
1861 2373 1950 2437 τις

362 2459 435 2534 ἦν
464 2461 644 2528 οἶκτος
681 2463 715 2534 ἦ
751 2464 945 2528 πολιᾶς
994 2463 1028 2535 ἢ
1084 2464 1360 2534 νεότητος.
1403 2464 1530 2526 Τοῖς
1570 2463 1652 2528 δέ,
1704 2462 1948 2532 φθάσασι

357 2555 816 2628 προῦεΰρωκέναι
870 2557 930 2609 τὸ
992 2556 1336 2626 ἐσθιόμενον,
1390 2555 1574 2619 δεινὰς
1628 2555 1832 2625 ἐπῆγον
1871 2557 1950 2636 ῶς

355 2648 610 2702 ἀδικοῦσι
634 2650 732 2704 καὶ
753 2651 989 2721 ἀπηνεῖς
1013 2649 1307 2720 τιμωρίας,
1326 2648 1542 2720 ὀρόϐοις
1572 2648 1701 2712 τοὺς
1731 2639 1947 2704 αἰδοίων

355 2741 564 2812 πόρους
590 2743 1020 2813 ἐμφράττοντες,
1051 2743 1147 2795 καὶ
1177 2741 1276 2804 τὰς
1301 2741 1468 2810 ἕδρας
1491 2741 1710 2811 ῥάϐδοις
1741 2740 1947 2804 ὀξείαις

353 2833 526 2902 ὠμῶς
591 2835 1008 2905 ἀναπείροντες.
1074 2831 1156 2886 Τὰ
1222 2833 1428 2902 φρικτά
1488 2832 1544 2885 δὲ
1605 2832 1700 2885 καὶ
1750 2833 1944 2895 ἀκοαῖς

2053 1908 2151 1978 qui
2177 1924 2313 1964 vero
2339 1909 2530 1966 cibum
2555 1912 2668 1983 jam
2690 1912 3088 1983 deglutierant,
3116 1929 3213 1969 eos
3235 1915 3454 1970 acerbis
3479 1914 3648 1972 diris-

2052 2016 2160 2070 que
2193 2002 2486 2072 suppliciis
2521 2012 2584 2060 ut
2621 2003 2789 2075 296
2834 2005 3070 2075 injurios
3116 2008 3600 2076 persequebautur
3629 2047 3646 2073 ,

2051 2090 2243 2148 orobis
2289 2093 2680 2162 pudendorum
2739 2103 2954 2149 meatus
2983 2095 3311 2152 obturantes
3338 2138 3352 2163 ,
3389 2107 3444 2153 et
3486 2099 3648 2154 sedes

2049 2183 2220 2254 virgis
2245 2186 2428 2240 acutis
2453 2185 2818 2255 perforantes.
2857 2187 3045 2256 anue
3080 2187 3395 2256 perferebat
3421 2189 3648 2260 aliquis,

2057 2277 2412 2346 quaslauditu
2454 2293 2678 2347 quoque
2712 2278 3008 2345 {horrenda
3055 2277 3308 2344 fuerint,
3361 2290 3422 2336 ut
3452 2296 3512 2336 se
3561 2281 3647 2336 vel

2057 2381 2228 2422 unum
2259 2367 2464 2424 habere
2489 2384 2685 2438 panem
2718 2370 3098 2437 conﬁteretur,
3135 2379 3229 2425 aut
3259 2387 3428 2426 unum
3457 2372 3650 2428 farinae

2056 2461 2323 2531 pugillum
2349 2462 2706 2531 praedonibus
2733 2463 2911 2516 daret.
2934 2463 3012 2517 Ac
3040 2479 3164 2532 quae
3191 2473 3303 2518 tum
3327 2466 3468 2519 facta
3494 2475 3647 2530 sunt,

2054 2552 2373 2622 singulatim
2395 2556 2820 2608 commemorari
2847 2553 3164 2620 dilliculter,
3194 2572 3260 2612 ac
3286 2557 3472 2626 potius
3496 2557 3651 2612 nullo

2054 2644 2222 2698 modo
2263 2654 2511 2714 queant:
2553 2646 2649 2700 sed
2694 2647 2828 2701 illud
2865 2648 3209 2718 ‘compendio
3258 2649 3368 2704 diei
3424 2659 3648 2720 potest,

2055 2752 2238 2806 neque
2283 2737 2448 2792 aliam
2485 2739 2684 2793 urbem
2724 2739 2854 2793 talia
2886 2754 3207 2810 perpessam
3244 2756 3407 2806 esse,
3461 2757 3646 2812 neque

2055 2839 2280 2900 gentem
2306 2829 2476 2884 ullam
2501 2829 2570 2884 ab
2595 2831 2746 2885 omni
2768 2847 2888 2886 aevo
2908 2833 3323 2889 sceleratiorcm
3343 2836 3646 2891 exstitisse.

355 2926 564 2998 ἔπασχέ
592 2943 676 2990 τις
706 2927 784 2989 εἰς
813 2927 930 2990 ἑνὸς
957 2927 1126 2996 ἄρτου
1150 2924 1562 2994 ἐξομολόγησιν,
1589 2923 1622 2994 ἢ
1649 2923 1736 2976 ἵνα
1762 2922 1942 2993 δράκα
1983 2919 2111 2990 μίαν
2179 2919 2422 2989 ἀλφίτων
2456 2923 2572 2982 τοῖς
2635 2921 2865 2993 λῃσταῖς
2901 2923 3311 2994 καταπρόηται.
3344 2925 3482 2978 Καθ’
3513 2926 3645 2980 ἐκαο

358 3041 486 3081 στον
520 3022 618 3092 μὲν
657 3019 752 3073 οὖν
794 3017 1071 3084 ἐπεξιέναι
1105 3016 1176 3069 τὰ
1217 3016 1342 3069 τότε
1385 3015 1658 3084 γενόμενα
1711 3013 1975 3085 δυσχερὲς
2015 3011 2050 3084 ἢ
2115 3013 2212 3064 καὶ
2242 3010 2507 3065 ἀδύνατον
2531 3029 2547 3045 ο
2606 3013 2898 3068 συνελόντα
2940 3013 2990 3068 δ’
3065 3017 3263 3084 εἰπεῖν,
3313 3017 3451 3087 μήτε
3488 3018 3648 3072 πόλιν

356 3119 530 3190 ἀλλην
563 3115 788 3168 τοιαῦτα
814 3113 1034 3176 παθεῖν,
1074 3112 1213 3183 μήτε
1252 3109 1410 3178 γένος
1438 3109 1628 3180 ἕτερον
1694 3108 1754 3178 ἐξ
1812 3109 2014 3173 αἰῶνος
2054 3107 2309 3176 γενέσθαι
2340 3107 2541 3170 κακίας
2565 3107 2960 3178 γονιμώτερον.
2987 3107 3224 3162 Τοιαῦτα
3257 3110 3357 3179 μὲν
3385 3105 3477 3164 οὖν
3508 3111 3647 3164 ἐπα’

359 3225 491 3278 σχον
536 3205 810 3259 Ἰουδαῖοι.

430 3299 562 3352 KA'.
597 3295 744 3366 Τίτῳ
775 3294 834 3347 δὲ
866 3292 935 3347 τά
973 3293 1210 3364 χώματα
1242 3289 1580 3363 προῦκοπτε,
1608 3290 1789 3346 καίτοι
1844 3308 1950 3346 καο

2127 3288 2274 3346 XXI.
2315 3291 2456 3346 Dum
2497 3289 2573 3345 ita
2607 3306 2732 3346 cum
2771 3289 2980 3346 Judaeis
3017 3290 3202 3362 agitur
3227 3334 3242 3355 ,
3275 3292 3383 3348 Titi
3417 3311 3648 3366 aggeres

357 3391 648 3460 κῡυμένων
679 3389 789 3442 ἀπὸ
827 3385 924 3439 τοῦ
961 3385 1180 3456 τείχους
1223 3385 1331 3438 τῶν
1367 3383 1742 3454 στρατιωτῶν.
1777 3384 1840 3437 Oi
1893 3383 1954 3437 δέ

357 3485 498 3554 πρὸς
533 3481 802 3549 συλλογὴν
832 3479 1070 3543 ἐξιόντες
1113 3477 1325 3549 τροφῆς
1356 3477 1733 3548 ἐνηδρεύοντο.
1766 3472 1952 3530 τΗσαν

354 3577 412 3631 δὲ
439 3574 501 3628 οὐ
545 3574 781 3644 δημόται
837 3573 1017 3641 μόνον,
1049 3569 1187 3623 ἀλλά
1221 3570 1320 3622 καὶ⁸
1357 3568 1465 3622 τῶν
1497 3568 1754 3638 μαχίμων
1780 3567 1950 3634 τινὲς,

353 3673 546 3724 οὐκέτι
574 3671 692 3732 ταῖς
722 3667 1004 3736 ἁρπαγαῖς
1034 3663 1392 3735 ἀρκούμενοι,
1439 3663 1536 3715 καί¹
1568 3661 1952 3731 συλλαμϐανό-

355 3779 515 3834 μενοι
574 3761 681 3814 ὐπὸ
739 3758 850 3812 τῶν
917 3758 1234 3826 Ῥωμαίων,
1295 3757 1436 3825 μετὰ
1475 3755 1660 3808 πᾶσαν
1713 3753 1951 3823 βάσανον

353 3855 468 3925 πρὸ
491 3853 586 3906 τοῦ
619 3853 832 3922 τείχους
859 3847 1318 3920 ἀνεσταυροῦντο.
1340 3845 1488 3917 Τίτῳ
1517 3849 1704 3914 μέντοι
1732 3846 1951 3916 οἰκτρὸν

348 3949 420 4002 τὸ
454 3946 628 4007 πάθος
679 3946 881 4009 ἐδόκει,
915 3941 1296 3994 πεντακοσίων
1350 3939 1591 4008 ἑκάστης
1644 3939 1862 4009 ἡμέρας
1914 3938 1949 4009 ἢ

350 4044 456 4097 καὶ
497 4039 770 4093 πλειόνων
805 4035 1212 4106 ἁλισκομένων.
1245 4032 1387 4087 Οὔτε
1416 4033 1475 4087 δὲ
1500 4031 1796 4101 φυλάττειν
1851 4031 1952 4084 αὐ-

349 4137 507 4198 τοὺς,
548 4131 662 4186 οὔτ’
700 4131 926 4199 ἀφιέναι
958 4129 1175 4198 ἔκρινεν
1207 4125 1474 4195 ἀσφαλὲς,
1530 4125 1626 4178 καὶ
1654 4122 1774 4193 ἆμα
1810 4125 1952 4193 πρὸς

347 4226 459 4298 τὴν
497 4225 624 4294 ὄψιν
677 4221 924 4276 ἐνδοῦναι
961 4221 1088 4282 τοὺς
1151 4217 1374 4278 λοιποὺς
1425 4214 1674 4284 ἤλπιζεν.
1714 4215 1777 4267 Οἰ
1817 4231 1950 4266 στα-

348 4324 584 4374 σιασταὶ
614 4317 669 4368 δέ
700 4315 825 4376 τοὺς
867 4313 977 4365 τῶν
1013 4309 1332 4380 αὐτομόλων
1363 4307 1599 4369 οἰκείους
1627 4307 1721 4357 ἐπὶ
1745 4305 1806 4358 τὸ
1837 4307 1951 4359 τεῖ-

345 4428 452 4483 χος
506 4410 782 4468 ἕλκοντες,
822 4406 916 4458 καὶ
978 4403 1090 4455 τῶν
1129 4399 1385 4471 δημοτῶν
1443 4399 1567 4460 τοὺς
1617 4398 1712 4449 ἐπὶ
1767 4396 1952 4450 πίστιν

342 4500 752 4573 ὡρμημένους,
781 4492 870 4549 οἷα
897 4496 1202 4564 πάσχουσιν
1237 4493 1285 4544 οἰ
1335 4489 1635 4558 Ῥωμαίοις
1675 4487 1953 4556 προσφεύ-

344 4610 574 4665 γοντες,
618 4589 992 4651 ἐπεδείκνυον,
1026 4584 1498 4653 καταψευδόμενοι
1526 4582 1622 4633 καλ⁴
1652 4579 1762 4633 τῶν
1798 4581 1953 4632 πολε-

2055 3384 2550 3454 promovebantur,
2587 3383 2844 3454 quamvis
2891 3383 3100 3439 milites
3125 3385 3195 3438 de
3227 3386 3404 3442 muris
3433 3387 3649 3459 afflige-

2054 3486 2270 3531 rentur.
2303 3475 2408 3542 Qui
2441 3491 2576 3531 vero
2605 3477 2672 3531 ad
2703 3475 3154 3546 conquirendum
3179 3478 3367 3532 cibum
3391 3481 3640 3550 cgredie~

2055 3568 2279 3630 bantur,
2300 3584 2409 3622 non
2430 3568 2631 3638 plebeii
2653 3568 2948 3635 duntaxat,
2971 3569 3070 3624 sed
3087 3569 3254 3625 etiam
3275 3587 3343 3626 ex
3368 3573 3645 3630 bellicosis

2061 3660 2313 3729 aliquot,
2349 3659 2561 3728 rapinis
2590 3660 2740 3714 haud
2771 3660 3065 3729 contenti,
3103 3661 3321 3718 insidiis
3355 3664 3574 3734 excepti
3612 3680 3646 3720 τι

2055 3752 2319 3806 Romanis
2344 3761 2469 3821 post
2498 3754 2686 3807 omnia
2713 3753 3060 3809 cruciatuum
3093 3769 3293 3825 genera
3316 3771 3414 3826 pro
3445 3758 3644 3812 moeni-

2054 3842 2161 3898 bus
2203 3843 2260 3897 in
2295 3857 2491 3897 cruces
2531 3843 2891 3898 tollebantur.
2924 3843 3002 3898 Ea
3047 3845 3334 3899 calamitas
3368 3847 3473 3901 etsi
3515 3846 3643 3903 'l'ito

2055 3935 2371 3990 miseranda
2403 3935 2739 4002 ,videbatur,
2774 3951 2901 3990 cum
2933 3935 2988 3989 in
3021 3935 3141 3992 dies
3193 3938 3490 4007 quingeni,
3546 3949 3646 3995 aut

2054 4027 2245 4096 plures
2275 4027 2444 4082 etiam
2477 4038 2836 4098 caperentur,
2865 4037 3049 4084 tamen
3087 4044 3190 4084 nec
3219 4030 3488 4085 custodiri
3519 4047 3642 4095 eos,

2053 4135 2160 4175 nec
2197 4119 2406 4175 dimitti
2444 4131 2624 4176 tutum
2661 4123 2938 4192 putabat:
2968 4123 3134 4179 simul
3178 4123 3344 4178 etiam
3371 4133 3599 4179 caeteros
3626 4165 3642 4190 ,

2055 4212 2125 4267 iis
2153 4215 2468 4283 conspectis
2502 4214 2722 4269 facilius
2748 4215 3092 4270 deditionem
3126 4214 3376 4270 facturos
3399 4256 3413 4282 ,
3446 4216 3646 4285 Opina-

2054 4303 2242 4360 batur.
2295 4303 2505 4361 Verum
2547 4305 2801 4362 seditiosi
2855 4306 3269 4376 transfugarum
3310 4307 3646 4362 necessariis

2055 4399 2112 4453 in
2153 4413 2344 4454 muros
2377 4399 2704 4469 pertractis,
2736 4407 2798 4454 ut
2835 4408 3216 4454 tractarentur
3245 4398 3282 4452 ii
3309 4401 3401 4468 qui
3437 4398 3504 4452 ad
3537 4399 3644 4454 R9~

2056 4503 2250 4544 manus
2282 4488 2677 4559 confugerent,
2709 4488 3119 4543 ostendebant:
3155 4497 3263 4542 tam
3289 4488 3357 4542 de
3390 4489 3647 4543 hostibus

2055 4596 2221 4650 quam
2247 4579 2316 4634 de
2339 4583 2456 4636 suis
2483 4580 2841 4638 mentientes.
2866 4580 3176 4651 Aggeribus
3206 4581 3500 4647 absolutis,
3529 4597 3645 4634 ma-

347 4689 502 4758 μίων
534 4683 760 4736 καὶτῶν
792 4681 1031 4734 οἰκείων.
1069 4678 1209 4744 Ἤδη
1234 4675 1294 4728 δὲ
1325 4676 1434 4727 τῶν
1456 4674 1730 4744 χωμάτων
1762 4688 1949 4724 συντε-

2057 4672 2236 4727 china:
2271 4672 2750 4742 producebantur.
2798 4673 2972 4728 Judaei
3010 4689 3144 4727 vero
3181 4687 3248 4726 eo
3280 4673 3459 4742 spatio
3495 4673 3645 4742 quod

341 4779 690 4842 ὶεσθένιων,
725 4776 783 4827 αἱ
829 4773 1107 4833 ἑλεπόλεις
1162 4771 1534 4839 προσήγοντοο
1573 4764 1948 4835 ὑπορύξαντες

339 4873 397 4927 δ’
436 4868 657 4922 ἔνδοθεν
698 4865 948 4919 Ἰουδαῖοι
992 4865 1052 4916 τὸ
1092 4863 1237 4916 κατά
1291 4861 1391 4930 τὴν
1437 4860 1734 4913 Ἀντωνίαν
1783 4859 1949 4929 μέχρι

337 4966 470 5019 τῶν
499 4961 777 5033 χωμάτων
806 4959 1110 5026 διάστημα,
1143 4955 1240 5008 καὶ
1265 4955 1396 5016 τοὺς
1424 4953 1736 5022 ὑπονόμους
1768 4950 1946 5015 ξύλοις

338 5053 858 5123 ὑποστηρίξαντες,
893 5051 1145 5119 μετέωρα
1181 5047 1249 5099 τὰ
1280 5046 1514 5117 χώματα
1551 5047 1945 5114 πεποιήκασιν.

339 5149 500 5206 Εἶτα
527 5147 662 5216 ’ὐλης
690 5145 752 5197 τὸ
780 5145 1002 5215 ὄρυγμα
1033 5141 1361 5212 πλήσαντες,
1391 5139 1504 5210 πῦρ
1535 5140 1601 5211 τῇ
1638 5137 1740 5209 ὕλῃ
1760 5137 1952 5191 ἐνέϐα-

335 5246 475 5300 λον.
511 5240 608 5293 καὶ
642 5237 753 5290 τῶν
799 5237 1282 5307 ὑποστηριςόντων
1329 5231 1507 5297 ξύλων
1543 5231 1878 5294 καυθέντων,
1916 5231 1948 5299 ή

331 5332 569 5406 διώρυξ
598 5331 801 5400 ἀθρόον
832 5329 1088 5393 ἐνέδωκε,
1115 5328 1208 5379 καὶ
1231 5324 1566 5394 κατεσείσθη
1600 5324 1668 5378 τὰ
1693 5325 1949 5394 χώματα,

333 5431 458 5484 καὶ
499 5428 612 5488 τοῖς
662 5422 961 5492 Ῥωμαίοις
1013 5419 1280 5488 ἔκπληξις
1312 5419 1406 5471 καὶ
1434 5416 1643 5488 ἀθυμία
1687 5418 1821 5487 πρὸς
1852 5417 1952 5487 τὴν

332 5520 615 5576 ἐπίνοιαν
666 5515 900 5582 γίνεται.
937 5514 1094 5566 Κατά
1150 5515 1207 5564 δέ
1246 5511 1314 5563 τὰ
1348 5510 1511 5563 λοιπά
1534 5512 1630 5573 τὰς
1671 5508 1952 5572 ἑλεπόλεις

331 5616 401 5667 οἱ
454 5613 722 5679 Ῥωμαῖοι
759 5606 1153 5676 προσάγοντες,
1185 5604 1414 5656 διέσειον
1449 5603 1508 5655 τὸ
1539 5605 1738 5673 τεῖχος.
1785 5602 1951 5655 Ἀλλά

327 5723 510 5766 τινες
537 5701 868 5774 παραϐόλως
906 5701 1277 5771 ὁρμήσαντες,
1310 5699 1436 5751 κατ’
1460 5697 1643 5749 αὐτῶν
1677 5697 1787 5768 πῦρ
1821 5697 1949 5766 ἐνῆ-

330 5815 493 5864 καν,
519 5798 614 5852 καὶ
647 5795 830 5849 πάντα
863 5793 1245 5864 κατέπρησαν.
1276 5791 1706 5862 Διεφθαρμένων
1737 5791 1793 5844 δὲ
1839 5790 1946 5842 τῶν

2054 4764 2200 4818 inter
2225 4763 2522 4818 Antoniam
2557 4765 2629 4833 et}
2659 4778 2886 4834 aggeres
2917 4764 3210 4833 interjacet
3231 4803 3245 4827 ,
3283 4762 3522 4818 suffosso
3545 4803 3560 4828 ,
3589 4772 3646 4820 et

2052 4855 2308 4909 cavernis
2333 4854 2498 4924 lignis
2529 4851 2774 4907 suffultis
2802 4869 2817 4908 :
2851 4867 3077 4923 aggeres
3110 4851 3355 4922 pensiles
3387 4848 3648 4905 reddide-

2053 4956 2222 5013 runt,
2253 4948 2346 5016 qui
2372 4987 2388 5013 ,
2419 4947 2564 5000 fossa
2592 4945 2826 5000 materia
2859 4946 3084 5014 impleta
3108 4986 3122 5011 ,
3156 4951 3214 4998 et
3265 4943 3472 5014 injecto
3520 4945 3644 5011 igne

2050 5037 2245 5092 fulcris
2275 5039 2581 5092 combustis
2636 5037 2823 5090 subito
2855 5036 3119 5098 cedente,
3155 5043 3506 5089 corruerunt.
3537 5033 3647 5086 llo-

2053 5131 2200 5185 mani
2225 5145 2288 5183 ea
2313 5130 2535 5183 solertia
2572 5129 2943 5198 obstupefacti
2970 5135 3027 5183 et
3049 5127 3412 5192 consternati,
3443 5125 3650 5179 machi.

2051 5226 2142 5278 nis
2177 5223 2308 5276 alibi
2361 5222 2638 5284 adductis,
2679 5237 2870 5276 muros
2901 5220 3333 5275 labefactarunt.
3360 5217 3468 5273 Sed
3516 5218 3643 5288 qui-

2051 5317 2176 5370 dam
2213 5316 2481 5385 praecipiti
2528 5315 2761 5368 audacia
2794 5329 2890 5368 eas
2917 5327 3114 5367 omnes
3149 5320 3492 5366 cremarunt.
3529 5313 3641 5380 Ag-

2052 5415 2279 5484 geribus
2323 5408 2613 5478 collapsis,
2667 5406 2900 5460 Romani
2943 5406 3130 5458 tristes
3184 5402 3434 5457 fuerunt.
3485 5401 3646 5459 Titus

2064 5524 2192 5562 vero
2222 5522 2346 5560 cum
2378 5503 2616 5558 ducibus
2639 5499 2990 5562 deliberavit,
3021 5512 3260 5567 quorum
3293 5495 3384 5548 alii
3416 5510 3645 5565 aggeres

2060 5601 2200 5658 alios
2223 5597 2568 5657 excitandos,
2596 5595 2687 5648 alii
2717 5594 2836 5648 sine
2865 5593 2950 5646 bis
2971 5590 3349 5655 assidcndum,
3381 5597 3438 5645 et
3464 5589 3648 5645 Judae-

2058 5710 2218 5751 orum
2252 5691 2578 5762 eruptiones
2609 5698 2668 5742 et
2701 5693 3048 5742 commeatus
3079 5683 3506 5754 importationcs
3539 5683 3643 5736 ob—

2063 5787 2365 5847 servandas
2393 5783 2718 5840 ceusebant.
2779 5780 2858 5836 lta
2891 5781 3039 5834 enim
3069 5779 3260 5833 urbem
3295 5777 3438 5833 fame
3466 5792 3643 5847 eXpu-
