4074 6402
395 323 502 390 519

1683 314 2005 378 JOANNIS
2039 309 2360 375 ΖΟΝΑΒΑΞ

3553 310 3659 374 Ξίὲθ

393 443 619 508 gnatum
647 431 737 488 iri.
761 431 938 488 Erant
959 429 1126 486 etiam
1155 427 1248 498 qui
1279 424 1599 490 suaderent,
1625 434 1682 480 ut
1713 423 1975 479 omnibus

2097 421 2371 492 [σημάτων.
2411 419 2675 487 Ῥωμαῖοι
2725 416 2826 488 μὲν
2873 417 3146 488 ἠθύμουν,
3197 416 3362 482 Τῖτος
3409 420 3467 474 δὲ
3519 428 3661 492 μετᾶ

395 527 572 598 copiis
601 525 880 586 adductis,
908 522 1113 577 mmnia
1141 527 1415 576 tentaret:
1447 519 1667 574 Judzeos
1695 517 1843 571 enim
1872 518 1976 571 im-

400 629 593 690 petum
635 631 827 672 earum
870 628 980 668 non
1025 612 1257 666 laturos.
1301 611 1460 666 Titus
1505 625 1673 673 vero,
1709 609 1803 679 qui
1841 608 1975 662 nihil

401 706 604 760 borum
651 703 933 773 probaret,
961 715 1124 756 muro
1171 701 1364 754 urbem
1419 697 1768 754 circumdare
1813 698 1976 767 297

405 797 619 857 statuit,
650 803 707 848 ut
727 795 972 850 obsessis
993 807 1213 848 omnem
1233 791 1442 847 exitum
1468 791 1806 851 Obstrueret.
1826 804 1983 844 eum-

401 903 512 958 que
536 886 784 940 laborem
816 886 960 940 inter
984 885 1188 938 milites
1213 881 1528 937 distribuit:
1555 881 1647 952 qui
1673 881 1980 935 contentio-

405 992 476 1031 ne
505 976 742 1046 quadam
765 1015 780 1034 .
812 974 1114 1042 divinoque
1147 973 1352 1041 impetu
1385 969 1644 1024 concitati
1667 1009 1682 1031 .
1726 968 1984 1023 celeriter

406 1080 549 1136 Opus
574 1066 954 1119 absolverunt.
978 1063 1059 1117 Ita
1091 1062 1278 1115 clausa
1309 1061 1535 1116 civitate
1564 1061 1772 1129 primas
1803 1058 1985 1112 noctis

413 1157 684 1213 excubias
721 1156 880 1210 Titus
905 1156 1020 1224 ipse
1049 1153 1260 1216 obibat,
1299 1167 1363 1206 ac
1391 1151 1703 1206 lustrabat:
1743 1150 1986 1218 reliquas

412 1249 537 1305 aliis
563 1246 880 1312 mandabat,
905 1246 1176 1299 militibus
1203 1245 1402 1298 sortito
1426 1243 1850 1297 dormientibus.
1883 1241 1986 1296 Ju-

411 1342 546 1396 dazis
573 1353 706 1394 vero
735 1339 886 1393 exitu
918 1338 1222 1391 intercluso
1245 1375 1259 1395 .
1305 1350 1431 1404 spes
1453 1335 1620 1389 etiam
1655 1334 1854 1389 salutis
1880 1348 1984 1387 una

408 1441 496 1486 est
522 1431 842 1494 interclusa,
868 1429 1010 1482 fame
1038 1437 1180 1482 totas
1203 1427 1397 1482 domos
1435 1441 1602 1496 atque
1633 1427 1870 1482 familias
1893 1426 1989 1481 de-

410 1532 692 1594 pascente.
731 1523 809 1576 Ac
840 1521 990 1575 aedes
1024 1519 1249 1590 quidem
1277 1520 1572 1574 mulierum
1603 1531 1659 1574 et
1690 1534 1989 1590 puerorum

407 1617 625 1670 viribus
675 1615 1061 1679 defectorum,
1113 1613 1439 1684 angiportus
1487 1613 1713 1669 senibus
1755 1613 1991 1667 mortuis

409 1707 599 1762 referti
655 1715 834 1762 erant.
887 1706 1050 1762 Pueri
1113 1718 1171 1761 et
1215 1705 1600 1761 adolescentes
1660 1705 1989 1770 tumefacti,

2077 512 2188 565 τῶν
2242 510 2530 580 ἡγεμόνων
2566 508 2906 562 ἐϐουλεύετοο
2945 510 3040 563 καὶ
3071 509 3122 562 οί
3171 509 3271 578 μὲν
3307 506 3464 574 αὖθις
3495 512 3664 582 ἔτερα

2079 601 2315 671 ἔγείρειν
2340 601 2614 655 ἔκέλευον·
2643 601 2695 652 οί
2725 600 2780 652 δὲ
2805 599 3079 669 χωμάτων
3112 601 3244 654 ἄνευ
3281 602 3662 668 προσκαθέζε-

2083 697 2230 759 σθαι,
2264 695 2361 747 καὶ
2413 693 2707 760 φυλάττειν
2759 694 2859 754 τὰς
2917 691 3136 756 ἐξόδους
3186 691 3389 756 αὐτῶν,
3433 695 3528 746 καὶ
3564 695 3668 758 τὰς

2079 787 2187 839 τῶν
2219 783 2543 854 ἐπιτηδείων
2573 783 2906 849 εἰσαγωγάς,
2938 781 3034 834 καὶ
3079 780 3252 844 οὕτως
3281 781 3469 849 ἔλεγον
3514 785 3664 853 λιμῷ

2079 879 2180 946 τὴν
2230 875 2386 928 πόλιν
2429 874 2652 926 ἔσεσθαι
2711 873 2949 943 ἀλωτήν.
2992 874 3120 936 Τοῖς
3151 875 3207 926 δὲ
3257 876 3442 928 πᾶσαν
3485 876 3666 928 ἐδόκει

2083 967 2388 1035 προσάγειν
2417 965 2516 1034 την
2541 964 2798 1032 δῦναμιν,
2835 965 2930 1016 καὶ
2972 963 3386 1033 ἀποπειρᾶσθαι
3421 964 3516 1017 τοῦ
3548 965 3670 1018 τεί-

2083 1069 2243 1125 χους⁶
2291 1052 2428 1123 μηδὲ
2459 1053 2568 1121 γὰρ
2619 1051 2792 1104 οἴσειν
2833 1051 3125 1114 Ἰουδαίους
3178 1053 3279 1122 τὴν
3320 1054 3531 1120 ἔφοδον.
3578 1053 3671 1123 Τῷ

2083 1163 2147 1214 γε
2200 1143 2309 1214 μὴν
2355 1144 2502 1215 Τίτῳ
2555 1143 2768 1196 τούτων
2821 1143 2975 1197 οὐδὲν
3027 1144 3265 1215 ἡρεσκεν
3295 1160 3310 1175 ο
3373 1145 3548 1198 ἐδόκει
3605 1144 3666 1197 δὲ

2087 1236 2366 1308 περιϐόλῳ
2419 1239 2520 1305 τὴν
2575 1236 2732 1288 πόλιν
2800 1237 3105 1300 κυκλῶσαι,
3184 1237 3250 1290 ἶν’
3281 1235 3426 1290 οὕτω
3485 1238 3669 1292 πᾶσαν

2089 1325 2351 1400 ἐμφράξῃ
2397 1329 2512 1389 τοῖς
2572 1327 2722 1379 ἔνδον
2778 1325 3012 1389 διέξοδον
3041 1367 3058 1393 ,
3112 1329 3208 1380 κα)⁵
3267 1330 3330 1380 τὸ
3381 1327 3540 1399 ἔργον
3599 1329 3668 1398 τῇ

2091 1420 2321 1487 στρατιᾷ
2384 1416 2745 1485 κατεμέρισε.
2807 1417 2931 1480 Τοῖς
2991 1416 3048 1468 δέ
3107 1433 3190 1480 τις
3231 1417 3344 1486 ἔρις
3405 1417 3673 1486 ἐμπίπτει

2090 1512 2186 1564 ἔπὶ
2243 1515 2341 1580 τὴν
2404 1511 2670 1580 ἐργασίαν
2731 1512 2821 1564 καὶ
2868 1512 3014 1583 ὁρμή
3070 1529 3154 1574 τις
3200 1511 3501 1582 δαιμόνιος,
3531 1512 3671 1582 ταχύ

2089 1619 2149 1656 τε
2214 1604 2277 1655 τὸ
2351 1603 2512 1673 ἔργον
2579 1603 2977 1674 ὲξῳκοδόμητο.
3051 1606 3411 1676 Περικλείσας
3483 1606 3540 1660 δὲ
3592 1605 3673 1675 τῷ

2091 1694 2263 1764 τείχει
2341 1695 2439 1765 τὴν
2481 1694 2656 1759 πόλιν,
2714 1695 2814 1766 τὴν
2850 1696 2948 1765 μὲν
3016 1697 3244 1767 πρώτην
3297 1697 3546 1769 φυλακὴν
3571 1698 3674 1766 τῆς

408 1800 836 1854 simulacrorum
892 1799 1066 1852 instar
1111 1797 1168 1853 in
1199 1797 1336 1853 foris
1367 1799 1720 1855 circuibant:
1755 1807 1812 1852 et
1851 1812 1993 1868 quo-

2097 1786 2286 1848 νυκτὸς
2350 1785 2581 1856 περιϊὼν
2631 1786 2792 1849 αὐτὸς
2827 1788 3241 1853 ἐπεσκέπτετο,
3297 1789 3396 1852 τὰς
3451 1789 3508 1843 δὲ
3566 1789 3678 1842 λοι-

409 1906 627 1962 cunque
651 1892 775 1946 loco
803 1891 951 1946 vires
992 1889 1332 1955 defecerant,
1385 1889 1807 1946 occumbebant.
1853 1889 1999 1944 Mor-

412 1993 537 2039 tuos
566 1983 785 2052 cognati
818 1982 1058 2053 sepelire
1089 1997 1200 2036 non
1236 1991 1522 2053 poterant,
1571 1991 1630 2037 et
1653 1981 1811 2037 multi
1851 1982 1996 2037 inter

411 2076 792 2146 sepeliendum
836 2075 1276 2130 emoriebantur.
1329 2075 1594 2130 Seditiosi
1645 2089 1778 2130 vero
1821 2074 1994 2130 etiam

412 2169 574 2223 famis
607 2168 858 2222 cladibus
892 2168 1153 2222 saeviores
1179 2210 1193 2233 ,
1231 2168 1486 2237 sepulcra
1520 2167 1860 2222 effodiebam
1885 2209 1900 2233 ,
1938 2175 1996 2222 et

411 2260 560 2315 mdes
594 2261 926 2330 spoliabant.
976 2261 1054 2316 Ac
1089 2261 1366 2331 principio
1410 2275 1477 2315 ex
1507 2261 1704 2315 aerario
1744 2271 1995 2315 mortuos

412 2353 635 2421 sepeliri
693 2352 1000 2422 jubebant,
1067 2351 1140 2406 ob
1190 2351 1447 2405 [αξιοι-ειη
1531 2351 1992 2408 intolerabilem:

414 2445 615 2500 deinde
646 2448 702 2500 in
727 2445 898 2501 valles
925 2460 993 2498 ex
1023 2445 1199 2499 muris
1226 2443 1670 2514 praecipitabant.
1695 2444 1844 2510 Quas
1867 2459 1994 2499 cum

414 2538 680 2593 circuiret
708 2537 870 2593 Titus
892 2577 908 2602 ,
956 2548 1014 2592 et
1054 2537 1422 2592 cadaveribus
1469 2537 1696 2606 plenas,
1727 2551 1760 2592 e
1791 2537 1998 2607 quibus

415 2627 870 2697 putrescentibus
909 2627 1133 2697 copiosa
1177 2627 1438 2681 manabat
1481 2627 1698 2688 sanies,
1741 2627 1994 2692 videret,

414 2721 685 2790 ingemuit
717 2740 730 2775 :
759 2720 1102 2790 sublatisque
1135 2720 1394 2775 manibus
1423 2720 1594 2775 Deum
1632 2727 1868 2776 testatus
1887 2731 1996 2785 est,

413 2809 469 2866 id
499 2826 598 2865 sua
615 2810 896 2865 voluntate
927 2824 1037 2865 non
1066 2809 1207 2864 fieri.
1230 2810 1420 2864 Denuo
1449 2826 1678 2882 aggeres
1711 2810 1954 2866 instituit
1980 2828 1996 2866 :

416 2900 523 2954 etsi
575 2898 806 2954 materia
833 2914 977 2969 aegre
1010 2913 1074 2954 xc
1105 2899 1302 2953 stadiis
1331 2899 1823 2969 comportabatur,
1855 2900 1998 2954 mul-

420 2991 490 3044 tis
533 2991 752 3045 interim
784 3005 816 3046 e
848 2991 1055 3060 populo
1104 2989 1626 3061 transfugientibus,
1661 2992 1756 3061 qui
1795 2993 1997 3061 partim

418 3082 489 3138 de
517 3082 689 3136 muris
722 3096 782 3138 se
813 3081 1165 3152 dejiciebant,
1199 3081 1400 3150 partim
1430 3095 1561 3135 saxa
1600 3081 1772 3136 veluti
1801 3080 1868 3135 ad
1897 3097 1998 3150 pu-
2026 3111 2070 3169 ο

419 3189 580 3244 gnam
625 3176 800 3241 parati
834 3173 1090 3228 manibus
1141 3181 1421 3241 gestantes
1466 3172 1838 3226 Romanorum
1872 3173 1998 3228 fidei

418 3281 478 3320 sc
531 3264 982 3329 conmiittebant,
1027 3273 1085 3319 et
1125 3272 1310 3319 tamen
1361 3264 1442 3320 sic
1497 3263 1665 3320 etiam
1711 3265 1904 3336 majori
1932 3279 2001 3320 ex

419 3366 578 3423 parte
611 3354 938 3408 interibant.
972 3353 1108 3408 Nam
1133 3353 1372 3410 famelici
1402 3353 1654 3410 ciborum
1681 3356 1894 3424 copiam
1918 3356 2002 3408 in-

421 3444 753 3500 satiabiliter
788 3444 1107 3516 ingerentes
1135 3446 1554 3515 rumpebantur.
1589 3446 1803 3502 Accidit
1833 3447 2000 3502 etiam

419 3537 596 3600 aliud,
628 3536 776 3608 quod
805 3538 1039 3592 exitium
1073 3537 1374 3606 transfugis
1404 3537 1690 3594 afferebat.
1730 3533 1874 3594 Nam
1907 3555 2003 3595 eo-

421 3644 548 3683 rum
584 3629 808 3699 quidam
839 3629 906 3684 ad
935 3629 1217 3685 Romanos
1245 3630 1604 3702 confugituri,
1629 3647 1825 3687 aurum
1855 3632 2004 3703 quod

420 3718 736 3784 habebant,
767 3719 1146 3790 deglutiebant
1171 3761 1187 3788 ,
1218 3736 1288 3776 ne
1312 3723 1456 3792 capti
1491 3738 1559 3778 eo
1585 3723 1957 3794 spoliarentur
1985 3765 2002 3792 ,

423 3808 589 3878 idque
621 3811 676 3864 iu
703 3809 900 3866 castris
943 3825 1070 3866 eum
1100 3812 1470 3867 excrementis
1503 3812 1740 3883 ejectum
1785 3815 2006 3885 collige—

424 3898 578 3953 bant.
610 3899 730 3965 Quo
759 3899 812 3954 iu
851 3915 963 3955 uno
993 3901 1360 3970 deprehenso,
1389 3902 1643 3973 famaque
1700 3904 1757 3959 in
1807 3905 2006 3960 castris

424 4008 617 4066 sparsa
641 4033 657 4056 ,
695 3993 1013 4064 transfugas
1042 4009 1178 4050 auro
1203 3996 1396 4066 plenos
1423 3997 1633 4063 venire,
1675 3997 2005 4052 miserorum

422 4088 650 4135 ventres
676 4081 1116 4137 dissecabantur.
1139 4082 1258 4150 Qua
1291 4083 1359 4139 de
1384 4101 1550 4140 causa
1583 4087 1829 4157 plurimi,
1866 4103 2005 4143 una-

424 4185 533 4239 que
564 4182 728 4227 nocte
771 4174 880 4227 tria
921 4175 1094 4229 millia
1122 4183 1180 4230 et
1220 4177 1460 4246 amplius
1505 4179 1807 4248 perierunt.
1846 4177 2004 4246 Quod

423 4277 496 4316 ne
523 4261 678 4317 fieret
703 4303 717 4326 ,
750 4263 856 4318 etsi
894 4263 1054 4320 Titus
1089 4266 1454 4322 interdicebat
1483 4310 1496 4332 ,
1531 4278 1713 4324 tamen
1754 4271 1874 4341 ejus
1905 4269 2009 4324 mi-

424 4367 511 4408 ηαξ
545 4370 736 4424 parum
761 4366 860 4411 aut
884 4357 1021 4412 nihil
1051 4359 1270 4415 miseris
1302 4360 1721 4416 commodarunt
1751 4379 1766 4418 :
1801 4372 2005 4418 etcum

2096 1878 2206 1942 πὰς
2232 1878 2440 1948 ἑτέροις
2471 1878 2761 1950 ἐπέτρεψε·
2799 1878 3189 1950 διεκληροῦντο
3218 1879 3275 1933 δὲ
3305 1882 3397 1934 τόν
3428 1880 3598 1933 ὕπνον
3625 1883 3675 1934 οί

2097 1971 2361 2040 φύλακες.
2403 1971 2680 2035 Ἰουδαίοις
2709 1971 2766 2024 δὲ
2800 1972 2940 2042 μετά
2965 1972 3074 2026 τῶν
3102 1973 3299 2038 ἐξόδων
3339 1974 3676 2044 ἀπεκλείσθη

2097 2064 2252 2116 πᾶσα
2285 2063 2561 2134 σωτηρίας
2594 2063 2773 2128 ἐλπὶς,
2797 2065 2890 2117 καὶ
2911 2066 2940 2117 ὁ
2965 2062 3122 2133 λιμὸς
3167 2064 3288 2118 κατ’
3339 2065 3522 2128 οῐκους
3583 2067 3679 2119 καὶ

2097 2155 2293 2223 γενεὰς
2321 2155 2413 2208 τὸν
2439 2154 2612 2226 δῆμον
2636 2155 2915 2219 ἐϐόσκετο,
2946 2157 3042 2209 καὶ
3072 2155 3139 2208 τὰ
3175 2155 3275 2218 μὲν
3294 2157 3431 2227 τέγη
3488 2173 3680 2223 γυναι-

2097 2245 2210 2300 κῶν
2241 2245 2337 2300 καὶ
2375 2245 2595 2316 βρεφῶν
2623 2245 3002 2316 ἔκλελυμένων
3051 2246 3406 2316 πεπλήρωτο,
3451 2247 3500 2299 oi
3561 2262 3681 2298 στε-

2098 2339 2271 2392 νωποὶ
2301 2337 2359 2390 δὲ
2383 2338 2656 2409 γερόντων
2687 2338 2920 2408 νεκρῶν
2965 2338 3160 2399 παῖδες
3209 2337 3266 2390 δὲ
3313 2340 3407 2392 καὶ
3468 2339 3685 2391 νεανίαι

2098 2429 2427 2500 διῳδηκότες
2453 2428 2526 2491 ῶς
2559 2427 2755 2482 είδωλα
2778 2431 2921 2482 κατά
2946 2430 3045 2492 τὰς
3107 2428 3312 2498 ἀγορὰς
3360 2427 3681 2498 περιῄεσαν,

2099 2524 2194 2574 καὶ
2225 2521 2564 2575 κατέπιπτον
2591 2521 2701 2590 ὅπη
2749 2519 2986 2584 ἔκαστος
3025 2521 3296 2587 ἁτονήσας
3351 2519 3510 2588 ἔτυχε
3535 2535 3549 2548 ο
3586 2518 3685 2571 θά-

2099 2629 2257 2665 πτειν
2280 2613 2336 2665 δὲ
2360 2612 2489 2676 τοὺς
2523 2614 2903 2682 προσήκοντας
2931 2613 2980 2666 οί
3015 2611 3095 2666 ἔτι
3115 2610 3316 2677 ζῶντες
3345 2613 3447 2664 οὐκ
3471 2611 3683 2681 ίσχυονο

2100 2705 2290 2758 πολλοὶ
2318 2705 2375 2758 δὲ
2405 2705 2502 2758 καὶΙ
2531 2704 2763 2758 θάπτειν
2796 2705 3142 2776 ὁρμήσαντες
3169 2705 3283 2766 τοῖς
3319 2703 3687 2772 θαπτομένοις

2101 2797 2544 2865 ἐπαπέθνησκον.
2575 2797 2640 2850 Oi
2667 2795 2726 2850 δὲ
2759 2797 3083 2849 στασιασταὶ
3114 2795 3212 2848 καὶ
3239 2795 3350 2848 τῶν
3371 2795 3435 2846 ἔκ
3465 2793 3561 2846 τοῦ
3603 2794 3688 2846 λι-

2105 2890 2208 2959 μοῦ
2233 2890 2422 2943 κακῶν
2453 2887 2697 2956 ἐγίνοντο
2721 2887 3122 2958 χαλεπώτεροι,
3173 2885 3686 2957 τυμϐωρυχοῦντες,

2105 2983 2202 3036 καὶ
2229 2981 2331 3044 τάς
2361 2979 2545 3043 οίκίας
2579 2979 2869 3042 συλῶντες.
2897 2979 3011 3032 Καὶ
3029 2978 3089 3030 τὸ
3128 2977 3226 3047 μὲν
3251 2977 3470 3048 πρῶτον
3499 2979 3564 3029 ἐκ
3592 2975 3687 3029 τοῦ

2103 3073 2362 3145 δημοσίου
2395 3071 2673 3144 θησαυροῦ
2704 3072 2930 3125 θάπτειν
2965 3072 3216 3124 ἐκέλευον
3260 3071 3386 3132 τοὺς
3432 3070 3686 3141 νεκροὺς,

2102 3167 2201 3238 τὴν
2226 3163 2492 3219 δυσωδίαν
2522 3164 2598 3235 μὴ
2627 3165 2914 3234 φέροντες
2945 3159 3044 3216 εἰτ’
3065 3164 3359 3234 ἐρρίπτουν
3385 3161 3582 3225 αὐτοὺς
3618 3164 3686 3214 ἔκ

2101 3257 2211 3311 τῶν
2239 3255 2439 3327 τειχῶν
2469 3257 2547 3320 είς
2589 3255 2686 3319 τὰς
2718 3257 3032 3328 φάραγγας.
3092 3255 3326 3328 Περιιὼν
3359 3254 3404 3308 δ’
3435 3257 3464 3308 ό
3506 3255 3690 3318 Τῖτος,

2103 3349 2198 3402 καὶ
2227 3347 2568 3418 θεασάμενος
2599 3348 2809 3420 νεκρῶν
2850 3348 3294 3418 πεπληρωμένας
3342 3346 3535 3410 αὐτὰς,
3593 3347 3691 3399 καὶ.

2106 3439 2278 3510 βαθὺν
2313 3441 2488 3511 ίχῶρα
2531 3439 2824 3509 μυδώντων
2865 3442 3136 3509 σωμάτων
3191 3439 3476 3510 ὲκρέοντα,
3538 3437 3696 3490 ἐστέ-

2103 3533 2256 3600 ναξε,
2289 3533 2384 3585 καὶ
2440 3534 2541 3596 τάς
2590 3533 2781 3602 χεῖρας
2830 3531 3141 3594 ἀνατείνας,
3200 3528 3548 3601 ἐμαρτύρετο
3593 3528 3690 3580 τὸν

2105 3625 2262 3688 Θεδν,
2289 3624 2363 3688 ὡς
2392 3625 2494 3678 οὐκ
2523 3623 2609 3694 εἴη
2650 3624 2710 3676 τὸ
2742 3623 2905 3694 ἔργον
2928 3622 3079 3693 αὐτῷ
3115 3623 3254 3694 πρὸς
3299 3621 3522 3692 βουλῆς.
3581 3622 3693 3674 Καὶ

2105 3717 2269 3769 πάλιν
2287 3717 2494 3787 ἥπτετο
2524 3717 2819 3787 χωμάτιον,
2885 3716 3140 3786 χαλεπῶς
3191 3714 3341 3783 αὐτῷ
3397 3716 3499 3782 τῆς
3556 3712 3692 3783 ὕλης

2107 3809 2502 3880 ποριζομένης·
2521 3808 2631 3880 πρὸ
2648 3809 2758 3879 γὰρ
2776 3810 3008 3861 σταδίων
3025 3807 3324 3876 κεκόμιστο
3341 3806 3692 3876 ἐνενήκοντα.

2105 3902 2300 3957 Πολλοὶ⁵
2332 3901 2378 3956 δ’
2413 3901 2749 3973 ηὐτομόλουν
2780 3899 2874 3970 τοῦ
2905 3901 3101 3969 δήμου,
3127 3899 3177 3951 oi
3215 3898 3313 3968 μὲν
3341 3901 3402 3951 ὲκ
3429 3897 3536 3950 τῶν
3577 3914 3695 3949 τει-

2107 3996 2219 4068 χῶν
2244 3994 2641 4066 κρημνίζοντες
2675 3993 2920 4056 ἑαυτοὺς,
2953 3993 3001 4045 oi
3039 3991 3097 4044 δὲ
3131 3990 3414 4061 προῖόντες
3459 3987 3535 4050 ὡς
3601 3989 3696 4040 ἐπὶ

2111 4090 2295 4160 μάχην
2333 4087 2470 4157 μετά
2496 4085 2810 4157 χερμάδων,
2874 4084 3012 4156 πρὸς
3051 4082 3361 4152 Ῥωμαίους
3419 4079 3698 4148 κατέφευ-

2106 4199 2224 4249 γοψ
2254 4182 2349 4233 καὶ
2381 4177 2529 4232 οὕτω
2578 4178 2623 4232 δ’
2672 4178 2723 4230 οἱ
2750 4177 2973 4239 πλείους
3008 4174 3346 4229 ἀπώλλυντο.
3381 4172 3700 4241 Λιμὼττον-

2107 4290 2200 4336 τες
2227 4272 2336 4342 γὰρ
2359 4271 2452 4324 καὶ⁵
2475 4268 2709 4339 ἀφθονία
2743 4267 2961 4338 τροφῶν
3011 4267 3453 4334 ἐντυγχάνοντες,
3515 4262 3698 4330 ἀπλή-

2113 4381 2255 4428 στως
2281 4380 2342 4417 τε
2371 4361 2786 4433 κορεννύμενοι,
2823 4360 3235 4432 διερρήγνυντο.
3295 4356 3500 4425 Συνέϐη
3555 4355 3611 4407 δέ
3641 4369 3698 4406 τι

427 4446 483 4499 in
514 4447 706 4514 paucis
762 4449 974 4502 nummi
1035 4450 1447 4519 reperirentur,
1514 4463 1743 4507 caeteros
1811 4453 1998 4522 praedae

2114 4456 2208 4510 καὶ
2227 4455 2416 4526 ἔτερον
2439 4454 2567 4516 τοὺς
2589 4451 2926 4522 αὐτομόλους
2954 4452 3202 4520 φθεῖρον.
3237 4450 3394 4513 Τινὲς
3449 4449 3557 4518 γὰρ
3602 4448 3698 4499 αὐ-

427 4547 556 4602 spes
587 4533 874 4600 perdebat.
913 4536 1124 4592 Ferunt
1162 4547 1346 4592 autem
1388 4554 1730 4608 pauperum,
1783 4541 1878 4610 qui
1911 4556 1998 4610 pel

2108 4548 2218 4602 τῶν
2248 4549 2577 4617 κεκτημένοι
2605 4546 2865 4616 χρυσοῦς,
2904 4549 2962 4599 ὲν
3015 4543 3094 4614 τῷ
3131 4543 3345 4613 μέλλειν
3397 4543 3530 4611 πρὸς
3564 4541 3703 4592 Tw”-

426 4634 618 4693 portas
643 4625 885 4682 civitatis
908 4628 1037 4682 elati
1065 4639 1120 4682 et
1143 4630 1372 4701 projeCti
1401 4631 1569 4701 298
1592 4631 1726 4696 sint,
1750 4648 1815 4687 nc
1843 4632 1998 4688 fuisse

2115 4637 2310 4706 μαίους
2341 4636 2688 4705 αὐτομολεῖν,
2739 4635 3032 4688 κατέπινον
3061 4635 3174 4700 σφᾶ
3209 4673 3224 4695 ,
3253 4632 3339 4684 ἵνα
3373 4631 3449 4700 μὴ
3476 4629 3698 4688 ἁλόντες

427 4717 634 4771 millia-
677 4719 910 4772 aliorum
940 4734 1236 4775 numerum
1265 4722 1738 4792 inexplicabilem,
1765 4725 1998 4778 frumen-

2115 4729 2491 4800 ἀφαιρεθῶσιν
2516 4726 2739 4789 αὐτούς.
2771 4727 2933 4798 Παρά
2963 4726 3020 4779 δὲ
3045 4729 3158 4787 τοίς
3199 4726 3496 4794 Ῥωμαίοις
3541 4720 3699 4788 γενό-

431 4808 584 4877 tique
608 4809 952 4864 medimnum
979 4813 1186 4867 talento
1209 4813 1448 4869 venisse.

2117 4834 2296 4887 μενοι,
2325 4819 2438 4881 τοῖς
2467 4817 2565 4886 τῆς
2595 4817 2834 4888 γαστρὸς
2869 4816 3160 4878 σκυϐάλοις
3193 4817 3320 4878 τοὺς
3348 4811 3584 4885 χρυσοῦς
3615 4828 3700 4862 συ-

441 4900 775 4972 νεξέκρινον,
804 4905 898 4957 καὶ
933 4906 1251 4976 ἐκλέγοντες
1312 4910 1513 4974 αὐτοὺς
1553 4909 1878 4981 ἐλάμϐανον.
1929 4912 2185 4983 Φωρᾶται
2255 4912 2436 4965 τοίνυν
2485 4910 2596 4965 τῶν
2648 4909 2967 4980 αὐτομόλων
2988 4927 3072 4973 τις
3118 4908 3275 4962 τοῦτο
3330 4907 3540 4960 ποιῶνο
3605 4905 3703 4955 καὶ

431 4998 622 5067 φήμης
651 4999 937 5067 γεγονυίας
969 5003 1049 5064 εἰς
1083 5002 1145 5053 τὺ
1181 5005 1570 5074 στρατόπεδον,
1593 5006 1668 5068 ὡς
1704 5008 1899 5076 μεστοὶ
1929 5009 2156 5078 χρυσίου
2198 5007 2497 5079 προσίασιν
2543 5007 2589 5059 0!
2623 5004 2939 5073 αὐτόμολοι,
2977 5005 3336 5071 ἀνετέμνοντο
3362 5001 3460 5061 τὰς
3495 5000 3702 5066 γαστέ-

437 5115 538 5166 ρας
573 5097 623 5149 οί
644 5095 840 5158 ἄθλιοι,
871 5093 947 5158 ὡς
1007 5097 1261 5150 ἐντεῦθεν
1293 5099 1498 5170 πολλὴν
1521 5100 1774 5166 γενέσθαι
1803 5102 1911 5155 τῶν
1942 5101 2215 5155 Ἰουδαίων
2240 5101 2449 5172 φθοράν
2473 5115 2488 5130 ⁵
2519 5101 2619 5172 μιᾷ
2646 5099 2755 5170 γὰρ
2791 5101 2949 5151 νυκτὶ
2996 5097 3138 5167 ὑπὲρ
3186 5095 3528 5168 τρισχιλίους
3561 5099 3700 5149 ἀνα·

436 5190 729 5262 σχισθῆναι
785 5190 1008 5260 συνέϐη.
1065 5191 1131 5243 Ὃ
1189 5193 1352 5259 γνοὺς
1394 5195 1422 5244 ὁ
1480 5195 1662 5260 Τῖτος,
1721 5197 1992 5265 ἠπείλησε
2016 5196 2095 5267 τῷ
2120 5197 2532 5267 στρατεύματι’
2585 5194 2725 5248 ἀλλὰ
2761 5192 3019 5263 μικρὸνῆ
3053 5191 3208 5243 οὐδὲν
3237 5193 3350 5254 τοῖς
3375 5190 3703 5260 αὐτομόλοις

434 5287 718 5356 ἐπήμυνεν
751 5286 786 5356 ὴ
818 5283 911 5335 τοῦ
948 5284 1112 5336 Τίτου
1149 5285 1314 5354 ὀργή.
1381 5286 1472 5338 Ἐν
1531 5288 1738 5355 ὀλίγοις
1791 5288 1835 5340 δ’
1869 5288 2160 5358 εὑρίσκετο
2186 5288 2254 5341 τά
2283 5286 2550 5358 ἀργύρια,
2574 5287 2698 5347 τοὺς
2721 5284 2777 5336 δὲ
2811 5283 3036 5344 λοιποὺς
3068 5279 3289 5344 ἐλπίδες
3325 5281 3485 5350 μόναι
3510 5281 3704 5336 ἀπώλ-

437 5385 582 5437 λυον.
620 5387 860 5447 Λέγεται
897 5377 954 5431 δὲ
979 5379 1104 5440 τοὺς
1148 5381 1212 5430 ἐκ
1251 5378 1352 5447 τῆς
1402 5379 1612 5442 πόλεως
1655 5381 1744 5433 διὰ
1773 5382 1885 5434 τῶν
1918 5383 2102 5436 πυλῶν
2153 5381 2611 5452 ἔκκομισθέντας,
2642 5378 2740 5431 καὶ
2765 5376 3027 5445 ριφέντας
3055 5376 3287 5444 νεκροὺς
3309 5375 3420 5427 τῶν
3446 5376 3703 5444 ἀπόρων,

434 5477 690 5549 γενέσθαι
723 5473 994 5544 μυριάδας
1025 5474 1317 5545 ἐξήκοντα,
1349 5475 1458 5528 τῶν
1487 5475 1531 5530 δ’
1554 5478 1732 5532 ἄλλων
1768 5477 2128 5550 ἀνεξεύρετον
2165 5475 2308 5532 εἶναι
2341 5476 2432 5531 τὸν
2458 5477 2716 5547 ἀριθμὸν,
2746 5474 2839 5529 τοῦ
2880 5475 2981 5546 μέν
3025 5490 3112 5527 τοι
3159 5474 3311 5527 σίτου
3354 5471 3412 5542 to
3439 5471 3708 5540 μέδιμνον

439 5569 720 5637 πραθῆναι
745 5565 1036 5618 ταλάντου.

508 5665 676 5721 XXII.
710 5669 857 5724 Urbe
887 5673 1097 5722 autem,
1137 5669 1194 5713 ut
1225 5677 1395 5731 supra
1424 5662 1684 5726 diximus,
1727 5679 1756 5718 a
1796 5663 2004 5718 Roma-
2093 5699 2097 5704 -

442 5758 528 5811 nis
564 5772 722 5812 muro
755 5753 1116 5817 circumdata,
1143 5768 1265 5806 cum
1289 5769 1396 5808 non
1421 5753 1658 5824 amplius
1684 5753 1880 5809 herbas
1903 5754 2016 5810 col—

2186 5660 2314 5718 KB’.
2350 5663 2858 5736 Περιτειχισθείσηε
2899 5666 2956 5720 δὲ
2997 5666 3097 5735 τῆς
3150 5665 3360 5726 πόλεως
3418 5664 3568 5733 παρὰ
3595 5665 3708 5715 τῶν

2135 5755 2447 5825 Ῥωμαῖων,
2475 5756 2547 5821 ὡς
2570 5759 2680 5812 ἄνω
2708 5777 2797 5815 μοι
2825 5760 3065 5822 εἴοηται,
3097 5759 3218 5812 οὐδὲ
3243 5759 3560 5811 nolam-rei;
3593 5753 3707 5810 οἷόν
