4074 6450
382 438 481 505 521

1634 410 1655 423 ’
1681 434 2088 501 ANNALIUM
2135 439 2282 502 LIB.
2324 440 2424 503 VI.
3030 474 3031 477 ~
3537 446 3589 508 5;
3610 445 3642 506 2

384 570 444 606 τε
477 548 575 624 ἦν’
613 549 737 604 ὅθεν
805 550 899 613 τάς
926 550 1034 602 τῶν
1085 544 1239 613 ζιὶων
1289 548 1532 622 κόπρους
1568 548 1668 613 τὰς
1726 548 1964 612 παλαιάς

2069 546 2238 618 ligcre
2270 547 2483 612 liceret,
2525 547 2888 602 animantium
2935 558 3178 606 stercora
3229 562 3413 609 vetera
3456 558 3640 627 inqui-

384 641 814 715 ἀνερευνῶντες,
859 642 1143 695 ἐποιεῦντο
1173 644 1405 714 τροφήν.
1449 644 1740 713 Ῥωμαίοις
1780 642 1834 695 δὲ
1859 642 1960 713 ἤδη

381 735 590 807 ἠγέρθη
621 736 688 788 τὰ
711 734 965 805 χώματα,
1028 735 1124 788 καὶ
1172 738 1293 799 ταῖς
1350 735 1633 789 ἑλεπόλεσι
1683 735 1743 788 τὸ
1784 737 1963 804 τεῖχος

381 830 481 898 τῆς
528 826 828 889 Ἀντωνίας
857 826 1147 893 ἐτύπτετο,
1179 827 1241 880 οὐ
1275 826 1385 898 μὴν
1412 826 1710 899 καθῃρεῖτο
1762 827 1965 879 τυπτό-

385 933 570 986 μενον.
596 916 750 979 Τινὲς
784 917 840 969 δὲ
872 915 982 969 τῶν
1016 917 1389 989 στρατιωτῶν,
1414 917 1553 988 ὑπὲρ
1571 917 1678 970 τῶν
1694 917 1964 986 σωμάτων

379 1009 506 1070 τοὺς
534 1008 765 1079 θυρεοὺς
796 1008 1201 1077 ὀροφώσαντες,
1266 1008 1487 1079 μοχλοῖς
1518 1009 1645 1071 τοὺς
1675 1007 1963 1079 θεμελίους

383 1100 729 1172 ὑπώρυττον,
758 1101 853 1154 καὶ
878 1101 1152 1171 τέσσαρας
1177 1100 1288 1154 τῶν
1307 1101 1471 1155 λίθων
1508 1101 1808 1168 ἐξέσεισαν.
1846 1102 1964 1167 Νὺξ

382 1193 428 1246 δ’
463 1192 772 1246 ἐπελθοῦσα
795 1193 924 1257 τοὺς
974 1193 1249 1264 πολέμους
1315 1193 1658 1266 ἑκατέρωθεν
1711 1194 1959 1247 ἐπαυσεο

382 1285 477 1346 καὶ
498 1284 560 1337 τὸ
591 1286 770 1355 τεῖχος
801 1284 907 1337 ὑπὸ
938 1285 1048 1338 τῶν
1081 1284 1254 1355 κριῶν
1315 1284 1599 1350 σαλευθὲν,
1642 1285 1763 1338 κατ⁹
1795 1284 1964 1355 αὐτὴν

383 1376 653 1446 αἰφνίδιον
688 1377 1105 1448 κατερείπεται.
1143 1376 1324 1448 ’Ὠφθη
1349 1377 1394 1431 δ’
1423 1376 1552 1431 ἄλλο
1585 1376 1762 1448 τεῖχος
1820 1378 1964 1446 ἀνῳ-

383 1468 760 1539 κοδομημένον
791 1470 964 1532 ἐντὸς,
996 1469 1023 1521 ὃ
1049 1469 1149 1540 τὴν
1183 1471 1278 1522 ἐπὶ
1308 1468 1384 1540 τῷ
1405 1470 1629 1524 πεσόντι
1648 1471 1825 1541 χαράν
1852 1471 1966 1532 τοῖς

395 1561 689 1633 Ῥωμαίοις
720 1563 801 1625 είς
829 1561 1073 1633 ἀθυμίαν
1103 1562 1424 1633 μετέϐαλεν.
1469 1562 1528 1616 ⁸0
1552 1564 1729 1637 ΤῖτοςΔ
1764 1562 1820 1614 δὲ
1841 1564 1966 1639 ’τοῖς

385 1655 759 1725 στρατιώταις
790 1655 1120 1725 διαλεχθεὶς,
1152 1656 1451 1726 ἐπήγειρεν
1484 1655 1667 1708 αὐτῶν
1705 1654 1775 1708 τὰ
1834 1671 1966 1723 φρο-

381 1747 625 1818 νήματα.
660 1746 771 1801 Καί
795 1765 878 1812 τις
910 1748 1016 1802 ἀπὸ
1044 1748 1245 1818 Συρίας
1275 1746 1436 1818 ἀνὴρ,
1470 1745 1697 1809 Σαϐῖνος
1726 1745 1786 1799 τὸ
1850 1746 1969 1799 δνο-

385 1855 484 1906 μα,
514 1837 657 1906 ὑπὲρ
704 1836 807 1907 τῆς
834 1838 1078 1909 κεφαλῆς
1102 1839 1169 1908 τῇ
1193 1838 1320 1907 λαιᾷ
1346 1837 1435 1890 τὸν
1466 1835 1658 1904 θυρεὸν
1680 1839 1968 1890 ἐπανατει-

384 1904 657 1994 νάμενος,
694 1904 1107 1999 otiosa-16am
1136 1904 1307 1997 ξίφος-
1331 1921 1703 1998 σπασάμενος,
1759 1928 1852 1981 ἐπὶ
1904 1929 1965 1980 τὸ
2000 1904 2041 1962 Β

383 2019 565 2088 τεῖχος
595 2018 904 2090 ἐχώρησενο
934 2021 1155 2077 εἵποντο
1192 2023 1249 2077 δὲ
1307 2024 1457 2095 αὐτῷ
1511 2026 1603 2079 καὶ
1660 2025 1839 2096 ἕτεροι
1884 2024 1969 2079 ἓν·

382 2105 537 2170 δεκα,
565 2107 665 2177 τὴν
694 2109 924 2182 ἀνδρίαν
976 2110 1339 2182 ζηλώσαντες.
1366 2115 1429 2169 Οί
1478 2113 1523 2168 δ’
1567 2116 1625 2167 ἐν
1654 2114 1731 2185 τῷ
1782 2115 1968 2185 τείχει

386 2199 780 2268 κατηκόντιζόν
803 2219 864 2255 τε
899 2204 1119 2272 αὐτοὺς,
1156 2206 1252 2258 καὶ
1302 2206 1520 2277 βέλεσιν
1575 2206 1822 2273 ἔϐαλλον,
1874 2207 1968 2261 καὶ

384 2288 567 2355 λίθους
598 2292 1005 2365 ὑπερμεγέθεις
1035 2298 1273 2365 ἐκύλιον,
1312 2300 1382 2353 δι’
1418 2296 1496 2355 ὦν
1536 2300 1731 2355 ἕνδεκα
1794 2317 1967 2373 παρε-

387 2382 637 2455 σόρησαν
683 2386 839 2443 ἔνιοι.
907 2387 966 2441 Ὀ
994 2388 1052 2441 δὲ
1091 2390 1319 2455 Σαϐῖνος
1364 2393 1427 2445 οὐ
1462 2394 1727 2466 πρότερον
1766 2394 1965 2463 ἐπέσχε

384 2476 485 2545 τήν
517 2478 715 2550 ὁρμὴν,
742 2479 775 2551 ἢ
815 2480 1065 2536 ἀνελθεῖν
1099 2486 1180 2549 είς
1214 2485 1274 2538 τὸ
1313 2488 1511 2557 τεῖχος,
1542 2490 1636 2541 καὶ
1658 2487 1965 2558 τρέψασθαι

384 2570 510 2633 τοὺς
545 2572 864 2642 πολεμίους.
896 2574 1029 2629 Ὅτε
1067 2576 1200 2646 γοῦν
1225 2579 1498 2651 ἐκράτησε
1529 2579 1633 2650 τῆς
1683 2580 1964 2650 ἐπιχειρή-

387 2679 548 2728 σεως,
577 2664 791 2737 ἐσφάλη
834 2671 1221 2739 προσπταίσας
1262 2672 1440 2745 πέτρᾳ
1469 2674 1578 2728 τινὶ
1624 2674 1721 2727 καὶ
1753 2673 1963 2745 πρηνὴς

383 2758 440 2809 ἐν
475 2760 612 2830 αὐτῇ
648 2761 787 2828 μετὰ
845 2759 1025 2830 ψόφου
1094 2764 1202 2817 τῶν
1237 2764 1418 2819 ὃπλων
1473 2765 1765 2819 κατέπεσε.
1821 2765 1964 2837 Πρὸς

383 2847 514 2916 γοῦν
531 2852 624 2901 τὸν
649 2851 824 2920 ψόφον
858 2854 1291 2924 ἐπιστραφέντες
1317 2856 1367 2907 ot
1409 2856 1681 2922 Ἰουδαῖοι,
1733 2856 1826 2909 κα)⁸
1870 2856 1964 2925 μό-

382 2960 474 2996 νον
509 2944 672 2998 αὺτδν
705 2945 907 3010 ἰδόντες
937 2947 1032 2999 καὶ¹
1083 2945 1362 3017 κείμενον,
1390 2947 1616 3000 ἔϐαλλον
1673 2946 1958 3001 πάντοθεν.

392 3032 453 3087 Ὀ
475 3035 521 3089 δ’
557 3038 638 3100 είς
663 3038 793 3106 γόνυ
838 3037 1131 3103 διαναστὰς
1169 3038 1435 3109 ἠμύνετο,
1481 3038 1665 3091 ὑπὸδὲ
1719 3037 1961 3109 πλήθους

377 3131 713 3198 τραυμάτων
744 3131 982 3203 παρείθη
1007 3132 1104 3203 τήν
1126 3131 1332 3198 δεξιάν,
1368 3132 1462 3186 καὶ
1497 3131 1816 3203 κατεχώσθη
1850 3134 1960 3191 τοῖς

381 3219 582 3290 βέλεσι.
609 3222 732 3276 Τῶν
751 3222 808 3276 δὲ
830 3224 1056 3288 λοιπῶν,
1076 3227 1227 3294 τρεῖς
1250 3225 1347 3294 μὲν
1360 3223 1460 3294 ἤδη
1478 3224 1612 3293 πρὸς
1638 3225 1748 3287 τοῖς
1768 3224 1958 3296 ἄκροις

380 3314 729 3382 γενομένους,
743 3316 853 3377 τοῖς
871 3312 1033 3377 λίθοις
1056 3315 1404 3393 ἀπέκτεινανο
1423 3316 1471 3367 oi
1486 3312 1533 3367 δ’
1547 3313 1691 3366 ὀκτὼ
1705 3331 1843 3384 τραυ
1853 3331 1959 3384 μα-

379 3405 493 3457 τίαι
514 3404 651 3476 πρὸς
670 3406 730 3459 τὸ
769 3406 1133 3477 στρατόπεδον
1169 3406 1560 3479 ἐκομίσθησαν.
1586 3408 1740 3462 Μετὰ
1764 3410 1819 3461 δὲ
1851 3409 1961 3463 δύω

380 3497 617 3568 ἡμέρας,
648 3498 845 3562 νυκτδς
874 3499 1017 3563 τινὲς
1038 3500 1213 3571 ήσυχῆ
1230 3500 1317 3552 διὰ
1341 3499 1448 3552 τῶν
1471 3500 1727 3571 ἐρειπίων
1743 3503 1820 3565 εἰς
1862 3504 1960 3572 τὴν

395 3590 687 3645 Ἀντωνίαν
722 3591 1137 3662 προσϐαίνουσι,
1171 3593 1264 3646 καὶ
1290 3593 1415 3657 τοὺς
1440 3593 1560 3645 ἐκεῖ
1585 3594 1961 3664 φρουροῦντας

381 3682 800 3751 ἀποσφάξαντες
860 3684 1264 3755 κοιμωμένους,
1307 3685 1632 3751 ἐσάλπισαν,
1671 3685 1767 3738 καὶ
1808 3686 1961 3755 φυγὴ

380 3775 491 3829 τῶν
519 3775 695 3830 ἄλλων
726 3776 984 3847 φρουρῶν
1012 3772 1102 3848 ἦν.
1134 3776 1292 3841 Τῖτος
1321 3776 1379 3829 δὲ
1409 3777 1550 3847 μετὰ
1584 3776 1698 3830 τῶν
1775 3776 1962 3829 ἐπιλέ-

384 3882 531 3922 κτων
566 3868 757 3940 ἀνέϐη,
798 3869 895 3922 καὶ
923 3869 991 3922 τὰ
1020 3869 1277 3939 τάγματα
1299 3868 1506 3923 εἵπετο.
1548 3868 1670 3921 Τῶν
1691 3867 1961 3921 Ἰουδαίων

381 3960 439 4014 δέ
470 3961 973 4030 καταπεφευγότων
1019 3963 1097 4024 είς
1128 3961 1190 4015 τὸ
1236 3961 1400 4032 ἱερὸν,
1441 3961 1535 4015 καὶ
1567 3963 1617 4013 oi
1664 3960 1756 4014 τοῦ
1797 3959 1958 4013 Τίτου

380 4053 700 4106 εἰσέπιπτον
727 4051 818 4106 διὰ
851 4053 952 4125 τῆς
997 4051 1288 4124 διώρυγος,
1343 4052 1410 4123 ἢν
1454 4053 1560 4105 ὑπὸ
1603 4053 1673 4105 τὰ
1728 4052 1961 4123 χώματά.

379 4143 491 4198 τῶν
522 4144 811 4215 Ῥωμαίων
845 4142 1161 4216 ὖπώρυξαν.
1188 4145 1573 4217 Συρρήγνυται
1599 4143 1657 4197 δὲ
1708 4146 1833 4215 περὶ
1862 4142 1961 4206 τὰς

381 4235 622 4298 εἰσόδους
647 4234 797 4306 μάχη
823 4236 1091 4307 καρτερὰ,
1109 4235 1203 4287 καὶ⁹
1227 4234 1297 4288 τὰ
1321 4234 1449 4305 ξίφη
1471 4233 1812 4303 σπασάμενοι
1843 4250 1963 4286 συν·

379 4329 707 4384 επλέκοντω
756 4330 915 4400 φόνος
957 4330 1015 4384 δὲ
1044 4325 1110 4401 ἦν
1142 4329 1310 4393 πολὺς
1353 4327 1713 4396 ἑκατέρωθεν.
1766 4325 1961 4381 κλινο-

383 4423 550 4493 μένης
574 4422 632 4476 δὲ
663 4423 768 4492 ήδη
796 4423 897 4492 τῆς
940 4422 1261 4493 Ῥωμαῖκῆς
1292 4415 1673 4492 παρατάξεως,
1731 4420 1956 4474 Ἰουλια-

380 4516 470 4578 νός
496 4534 578 4580 τις
608 4516 1040 4587 ἑκατοντάρχης,
1065 4513 1290 4585 ἄριστος
1318 4511 1482 4585 ἀνὴρ,
1539 4511 1814 4584 προπηδᾷ,
1865 4511 1961 4565 καὶ

2071 649 2255 693 [Tities
2283 640 2667 696 comedebaut.
2716 644 2923 711 Aggere
2969 643 3080 713 jam
3115 659 3142 698 a
3183 644 3444 702 Romanis
3487 652 3641 705 exci-

2070 740 2204 791 tato,
2235 747 2359 785 eum
2397 731 2649 788 Antonia:
2693 748 2888 789 murus
2941 736 3216 792 machinis
3262 737 3520 794 feriretur
3552 742 3643 796 iite

2068 828 2315 897 quidem,
2345 827 2442 883 sed
2470 828 2637 882 nullis
2659 828 2860 885 ictibus
2894 839 3259 898 everteretur,
3306 833 3511 888 milites
3543 835 3646 888 ali-

2067 925 2202 985 quot
2239 916 2441 987 «lypeis
2489 917 2541 970 in
2592 917 2856 973 humeros
2906 918 3148 990 rejectis,
3195 928 3427 990 actaque
3476 929 3648 974 testu-

2067 1007 2194 1060 dine
2244 1007 2619 1063 fundamentis
2646 1008 2919 1073 suffossis,
2950 1019 3189 1080 quatuor
3232 1027 3362 1066 saxa
3396 1013 3646 1068 vectibus

2066 1100 2279 1154 amoliti
2311 1109 2461 1155 sunt.
2503 1102 2621 1155 Nox
2655 1102 2904 1170 prndium
2957 1105 3214 1173 utrinque
3246 1105 3465 1159 diremit
3495 1122 3507 1157 :
3554 1122 3647 1159 ca-

2066 1207 2172 1261 que
2207 1208 2399 1246 murus
2430 1195 2700 1249 machinis
2735 1205 3028 1265 quassatus
3050 1196 3236 1251 subito
3269 1198 3501 1252 corruit.
3538 1197 3644 1252 Sed

2067 1283 2208 1339 alius
2232 1298 2423 1338 murus
2453 1296 2577 1354 post
2609 1286 2764 1340 illum
2789 1288 3115 1353 aedificatus,
3152 1289 3524 1342 Romanorum
3556 1289 3644 1344 he—

2070 1374 2244 1429 titiam
2273 1391 2301 1428 e
2323 1386 2600 1445 prostrato
2632 1389 2955 1448 conceptam
2989 1380 3042 1433 in
3090 1395 3384 1435 maerorem
3414 1399 3615 1437 CI-IlVCl'
3643 1418 3650 1427 ο

2070 1462 2155 1519 tit.
2187 1463 2345 1520 Titus
2378 1476 2559 1519 autem
2592 1467 2778 1521 habita
2827 1470 3096 1524 concione
3156 1471 3393 1525 militum
3432 1475 3647 1528 animos

2068 1554 2346 1610 excitavit.
2382 1557 2447 1611 Et
2495 1557 2718 1627 quidam
2751 1575 2816 1613 ex
2876 1559 3032 1631 Syria
3087 1560 3347 1626 Sabinus,
3381 1572 3538 1617 scuto
3587 1564 3643 1617 in

2069 1655 2232 1717 caput
2281 1648 2447 1713 elato,
2502 1652 2805 1720 dextraque
2861 1652 3115 1706 strictum
3172 1667 3361 1708 ensem
3429 1664 3643 1715 tenens.

2071 1739 2348 1793 moenibus
2402 1743 2691 1800 successit.
2731 1744 2887 1813 cujus
2928 1744 3185 1799 virtutem
3242 1761 3296 1798 xl
3362 1745 3455 1799 alii
3516 1755 3647 1799 sunt.

2070 1833 2309 1887 aemulati
2342 1851 2353 1885 :
2386 1840 2823 1903 propugnatores
2846 1850 2975 1890 vero
2996 1836 3194 1907 jaculis
3220 1844 3276 1892 et
3303 1838 3448 1905 telis,
3475 1838 3649 1893 saxis-

2070 1940 2177 1995 que
2206 1926 2626 1996 pra-grandibus
2679 1927 2984 1983 subeuntes
3032 1930 3508 2000 propulsantibus,
3541 1933 3611 1985 aii
3635 1963 3647 1971 —

2069 2025 2203 2084 quot
2248 2031 2314 2071 ex
2349 2033 2400 2070 xi
2432 2015 2630 2087 dejec1i
2660 2029 2809 2072 sunt.
2850 2017 3088 2075 Sabinus
3116 2037 3246 2076 vero
3288 2038 3398 2077 non
3435 2024 3648 2079 destitit

2071 2108 2248 2173 prius,
2299 2124 2462 2178 quam
2501 2123 2661 2163 muro
2707 2122 2970 2180 superato
3004 2111 3246 2183 fugasset
3277 2115 3486 2171 hostes.
3538 2118 3645 2174 Sed

2068 2210 2193 2251 cum
2228 2210 2361 2252 saxo
2393 2198 2730 2268 impegisset,
2767 2209 2819 2257 et
2856 2217 3067 2271 pronus
3106 2204 3161 2258 in
3196 2220 3263 2260 eo
3288 2208 3643 2269 concidisset,

2066 2288 2243 2344 Judaei
2283 2290 2350 2344 ad
2389 2291 2631 2347 sonitum
2669 2309 2953 2349 armorum
2986 2299 3260 2363 conversi,
3289 2314 3415 2355 eum
3467 2302 3646 2357 solum

2062 2382 2337 2451 iacentem
2371 2385 2614 2454 undique
2635 2386 2971 2455 petiverunt.
3008 2387 3059 2443 Is
3094 2405 3231 2445 vero
3255 2392 3309 2445 in
3346 2408 3486 2463 genu
3521 2410 3650 2449 eon-

2069 2472 2343 2537 surrexit,
2371 2488 2542 2543 seque
2581 2475 2865 2531 defendit:
2899 2476 3075 2533 donec
3101 2480 3324 2536 dextera
3353 2483 3646 2540 vulnerum

2068 2563 2423 2621 multitudine
2474 2567 2674 2634 laxata,
2710 2570 2833 2625 telis
2890 2581 2973 2627 est
3017 2571 3272 2629 obrutus.
3327 2575 3370 2630 E
3405 2578 3643 2644 caeteris,

2068 2667 2180 2712 tres
2214 2659 2308 2728 qui
2330 2659 2442 2730 jam
2485 2659 2551 2713 ad
2586 2676 2860 2717 summum
2891 2675 3202 2733 evaserant,
3238 2660 3514 2738 lapidit'us
3544 2687 3644 2727 oc-

2064 2746 2165 2803 cisi
2203 2764 2217 2801 :
2256 2758 2381 2804 octo
2413 2752 2713 2814 vulnerati.
2747 2755 2803 2807 in
2852 2764 3033 2810 castra
3065 2767 3193 2812 sunt
3238 2761 3417 2815 relati.
3463 2762 3645 2819 Biduo

2063 2848 2190 2911 post
2219 2842 2443 2911 quidam
2486 2845 2648 2900 tacite
2683 2862 2783 2916 per
2828 2848 3017 2903 ruinas
3065 2850 3131 2904 ad
3190 2852 3483 2909 Antoniam
3515 2872 3647 2926 pro-

2063 2933 2410 3005 grediuntur,
2457 2944 2515 2992 et
2547 2938 2875 2994 custodibus
2896 2942 2989 3010 qui
3021 2941 3437 3001 obdormierant
3463 2950 3641 3017 caesis,

2064 3023 2197 3079 tuba
2232 3018 2577 3082 cecinerunt.
2619 3026 2846 3085 Czeteris
2896 3040 3079 3085 autem
3132 3033 3519 3093 defensoribus
3557 3038 3646 3095 fu-

2065 3113 2368 3183 gientibus,
2418 3115 2578 3173 Titus
2609 3132 2733 3173 cum
2775 3120 2984 3176 delecta
3036 3138 3223 3189 manu,
3277 3117 3645 3197 sequentibus

2064 3203 2403 3275 legionibus,
2441 3210 2710 3265 ascendit.
2767 3211 2974 3268 Judaeis
3022 3214 3091 3268 ad
3147 3217 3413 3287 templum
3445 3221 3647 3276 confu-

2062 3297 2361 3367 gientibus,
2409 3300 2521 3356 Titi
2578 3303 2783 3359 milites
2831 3320 2931 3375 per
2981 3305 3181 3362 fossam
3235 3324 3399 3378 quam
3455 3311 3645 3369 hostes

2063 3390 2257 3447 subter
2298 3408 2525 3464 aggeres
2560 3408 2913 3462 excavarant,
2960 3396 3183 3457 irruunt
3228 3427 3239 3455 -.
3278 3403 3467 3474 ibique
3500 3407 3646 3462 acris

2061 3495 2245 3552 pugna
2272 3484 2482 3539 strictis
2521 3486 2721 3556 gladiis
2775 3488 3164 3553 committitur,
3205 3492 3414 3546 cadunt
3461 3499 3646 3549 utrin-

2064 3587 2170 3642 que
2193 3575 2371 3629 multi.
2416 3576 2522 3631 Sed
2566 3578 2811 3633 Romana
2845 3580 2959 3635 acie
2997 3582 3109 3653 jam
3159 3583 3437 3651 inclinata,
3474 3586 3645 3642 Julia-

2062 3681 2169 3720 nus
2220 3668 2493 3733 centurio,
2550 3671 2634 3725 vir
2676 3671 3034 3741 fortissimus,
3079 3677 3277 3743 assilit,
3308 3693 3374 3734 ac
3422 3679 3643 3753 Judaros

2060 3758 2302 3816 victores
2331 3763 2483 3817 solus
2517 3763 2571 3818 in
2599 3764 2783 3836 fugam
2809 3768 2980 3821 vertit
3007 3785 3021 3822 :
3052 3783 3195 3839 quos
3217 3769 3347 3824 dum
3372 3770 3646 3843 fugientes

2061 3858 2119 3905 et
2148 3852 2398 3923 palantes
2448 3859 2820 3927 persequitur,
2878 3862 2931 3914 in
2959 3862 3076 3917 solo
3120 3872 3399 3919 constrato
3446 3867 3648 3936 lapidi-

2063 3941 2172 3997 bus
2204 3945 2282 4016 (ιη
2325 3948 2531 4001 calci-is
2565 3950 2713 4002 enim
2751 3962 2977 4007 crebros
3016 3953 3222 4021 clavos,
3268 3965 3328 4011 ut
3356 3967 3413 4012 et
3457 3961 3644 4016 caeteri

2067 4035 2291 4097 milites.
2326 4037 2492 4109 299
2544 4040 2738 4096 infixos
2770 4042 3030 4115 habebat)
3061 4047 3372 4116 prolapsus,
3398 4058 3455 4104 et
3487 4066 3517 4104 a
3546 4059 3647 4107 Ju-

2064 4128 2200 4183 datis
2225 4129 2912 4204 circumventus,undiqne
2952 4138 3411 4206 convulneratur,
3440 4142 3535 4195 sed
3585 4151 3645 4197 et

2056 4223 2251 4294 jacens
2276 4238 2334 4277 se
2367 4223 2635 4288 defendit.
2672 4226 2851 4282 donec
2885 4228 3174 4284 confossus
3213 4230 3444 4299 interiit,
3476 4235 3643 4288 etiam

2064 4316 2319 4372 hostibus
2360 4317 2723 4374 admirabilis.
2756 4320 2931 4375 Judaei
2969 4322 3248 4379 Romanos
3289 4326 3642 4395 propulsatos

2065 4411 2123 4463 in
2165 4410 2464 4466 Antoniam
2512 4412 2931 4469 concluserunt.
2966 4413 3126 4470 1‘:th
3171 4430 3303 4471 vero
3342 4418 3643 4474 seditiosus

2066 4514 2122 4559 et
2150 4519 2252 4575 per
2293 4507 2594 4576 Joscphum
2643 4514 2698 4561 et
2742 4522 2843 4578 per
2886 4510 3243 4580 semetipsum
3297 4512 3640 4581 cohortatus,

376 4608 653 4672 νικῶντας
678 4608 807 4671 τοὺς
834 4606 1125 4669 Ἰουδαίους
1154 4606 1419 4676 τρέπεται
1456 4604 1638 4676 μόνος.
1703 4604 1955 4692 Ἐφευγε

2070 4607 2129 4652 ut
2164 4599 2313 4654 nulla
2344 4615 2404 4655 re
2432 4600 2635 4655 molliri
2675 4600 2831 4668 vidit,
2874 4601 3081 4658 invitus
3135 4603 3339 4659 bellum
3377 4608 3642 4676 repetiit:

371 4699 436 4753 δὲ
471 4699 532 4752 τὸ
566 4699 795 4769 πλῆθος,
852 4699 949 4753 καὶ
993 4696 1368 4753 διεσκέδαστο.
1436 4693 1808 4750 Καταδιώκων
1863 4690 1958 4747 οὖν

372 4786 507 4847 τοὺς
538 4783 1013 4854 σκεδαννυμένους
1046 4787 1074 4838 ό
1093 4787 1337 4853 γενναῖος
1366 4787 1571 4848 ἐκεῖνος
1629 4784 1790 4855 ἀνὴρ,
1827 4800 1962 4837 κατ-

371 4872 676 4925 ολισθαίνει
738 4873 883 4926 κατὰ
926 4872 1025 4926 τοῦ
1065 4872 1449 4945 λιθοστρώτου,
1499 4874 1665 4944 ἥλους
1721 4874 1961 4936 πυκνοὺς

370 4969 439 5020 ἐν
467 4968 581 5030 τοῖς
616 4966 962 5038 ὑποδήμασιν
990 4965 1151 5036 ἔχων,
1178 4966 1253 5030 ὡς
1286 4967 1379 5020 καὶ
1407 4969 1459 5021 οἱ
1490 4966 1666 5020 λοιποὶ
1699 4965 1960 5044 στρατιῶ-

369 5079 493 5116 ται.
520 5062 633 5117 Καὶ
680 5061 928 5117 Ἰουδαῖοι
968 5060 1333 5133 περιστάντες
1391 5061 1579 5128 αὐτὸν,
1629 5060 1962 5131 ἐτίτρωσκον

370 5156 671 5211 πάντοθεν.
716 5156 777 5210 '0
804 5156 860 5210 δὲ
886 5157 982 5209 καὶ
1008 5154 1261 5226 κείμενος
1287 5141 1551 5226 ἠμύνετο,
1590 5155 1755 5226 μέχρι
1787 5169 1961 5205 κατα-

368 5247 615 5321 τρωθεὶς
640 5247 895 5315 ἐνέδωκε,
925 5248 1022 5301 καὶ
1051 5248 1168 5312 τοῖς
1198 5246 1488 5318 πολεμίοις
1516 5247 1703 5310 αὐτοῖς
1736 5247 1957 5317 θαυμα-

367 5340 633 5409 ζόμενος.
667 5341 916 5395 Ἰουδαῖοι
948 5340 1049 5411 μὲν
1077 5338 1173 5393 οὖν
1204 5338 1331 5404 τοὺς
1370 5339 1680 5412 Ῥωμαίους
1739 5341 1964 5412 ὠσάμε-

367 5451 486 5500 νοι,
513 5433 936 5489 κατακλείουσιν
967 5434 1048 5498 είς
1078 5434 1179 5505 τὴν
1200 5433 1515 5489 Ἀντωνίαν.
1565 5433 1626 5488 '0
1662 5435 1819 5499 Τῖτος
1880 5436 1963 5505 δὲ,

368 5524 557 5580 πολλὰ
588 5529 684 5579 καὶ
708 5524 799 5579 διὰ
835 5526 1103 5597 Ἰωσήπου
1146 5525 1544 5596 παρακαλέσας
1573 5526 1701 5591 τοὺς
1732 5543 1962 5581 στασια-

373 5618 518 5683 στὰς
546 5618 642 5673 καὶ
661 5617 729 5670 δι’
773 5617 994 5684 ἐαυτοῦ,
1039 5616 1115 5680 ὡς
1161 5617 1518 5687 ἀμειλίκτους
1576 5617 1747 5689 ἑώρα,
1800 5619 1964 5672 πάλιν

370 5709 583 5781 ἐχώρει
616 5708 710 5763 καὶ
734 5708 888 5763 άκων
917 5710 1058 5779 πρὸς
1089 5707 1350 5779 πόλεμον.
1386 5709 1501 5762 Καὶ
1532 5709 1660 5772 τοὺς
1705 5708 1965 5780 ἀρίστους

370 5802 800 5874 ἐπιλεξάμενος,
833 5806 959 5874 περὶ
982 5802 1133 5875 ὥραν
1181 5802 1283 5877 τῆς
1338 5802 1535 5866 νυκτὸς
1585 5802 1815 5873 ἐννάτην
1841 5805 1965 5866 ταῖς

358 5895 643 5968 φυλακαῖς
672 5894 962 5949 ἐπιθέσθαι
990 5896 1353 5965 προσέταξεν·
1395 5895 1456 5948 οὐ
1505 5894 1613 5966 μὴν
1667 5894 1965 5966 κοιμωμέ-

689 5993 963 6054 ΡΑτιιοι..
1011 5992 1128 6055 Gn.
1176 5992 1523 6054 CXXXIV.

2067 4690 2395 4763 delectuque
2444 4707 2513 4747 ex
2558 4693 2784 4764 optimis
2834 4694 3048 4760 habito,
3101 4702 3205 4751 sub
3238 4699 3418 4754 noctis
3451 4700 3643 4755 horam

2064 4800 2267 4840 nonam
2292 4785 2553 4841 custodes
2580 4788 2799 4856 aggredi
2825 4789 3013 4858 jussit,
3041 4790 3133 4859 qui
3171 4805 3294 4843 cum
3326 4790 3639 4861 vigilarent,

2064 4876 2447 4932 animadversa
2470 4880 2842 4948 aggressionc,
2879 4880 3211 4935 clamoribus
3246 4893 3476 4936 caeteros
3506 4900 3645 4953 quo-

2066 4982 2175 5037 que
2207 4967 2569 5025 advocarunt.
2620 4969 2698 5024 Ac
2750 4971 2998 5039 prtelium
3046 4988 3076 5026 a
3120 4989 3266 5029 nona
3298 4975 3434 5029 hora
3466 4978 3647 5031 noctis

2068 5075 2242 5130 usque
2275 5060 2341 5116 ad
2384 5064 2634 5131 quintam
2668 5066 3028 5119 commissum
3079 5081 3284 5136 anceps
3308 5066 3432 5132 fuit,
3465 5070 3646 5122 victo-

2067 5152 2147 5206 ria
2189 5156 2243 5206 in
2278 5162 2533 5208 neutram
2558 5167 2770 5224 partem
2810 5156 3157 5212 inclinante:
3199 5159 3385 5227 itaque
3410 5170 3524 5213 tum
3561 5160 3647 5213 di-

2066 5252 2342 5313 remptum
2362 5254 2467 5299 est.
2486 5245 2721 5315 Reliqua
2738 5263 2871 5301 vero
2892 5263 3019 5316 pars
3041 5247 3414 5302 Romanorum
3438 5265 3508 5303 vu
3530 5252 3647 5304 die-

2067 5336 2173 5390 bus
2189 5336 2443 5391 Antonia:
2459 5336 2836 5394 fundamentis
2851 5340 3083 5402 eversis,
3098 5340 3264 5394 latam
3286 5340 3353 5394 ad
3382 5342 3647 5410 templum

2068 5429 2212 5483 viam
2240 5430 2494 5485 munivit.
2525 5429 2665 5484 Tum
2688 5432 2931 5501 legiones
2958 5447 3117 5485 muro
3143 5432 3319 5502 primo
3341 5434 3648 5503 appropin-

2068 5530 2332 5591 quantes.
2364 5536 2588 5591 aggeres
2613 5522 2798 5577 moliri
2834 5533 3140 5593 coeperunt,
3168 5524 3262 5594 qui
3288 5539 3485 5596 magno
3517 5541 3647 5581 cum

2068 5615 2266 5670 labore
2296 5614 2673 5687 erigebantur.
2701 5615 2875 5671 Judaei
2912 5617 3182 5686 porticum
3206 5633 3327 5688 quae
3358 5633 3389 5673 a
3422 5627 3648 5689 septen-

2073 5709 2250 5763 trione
2276 5720 2332 5765 et
2361 5723 2559 5764 occasu
2586 5709 2838 5764 Antoniae
2860 5710 3233 5781 conjungitur,
3266 5710 3547 5766 incensam
3578 5712 3650 5769 ad

2071 5801 2293 5856 cubitos
2322 5816 2393 5854 xx
2426 5800 2868 5868 interruperunt,
2899 5802 3014 5856 suis
3040 5803 3299 5858 manibus
3323 5816 3479 5858 sacra
3501 5802 3653 5860 adita

2075 5909 2238 5950 urere
2289 5893 2556 5966 aggressi.
2586 5892 2814 5949 Romani
2844 5908 3063 5964 quoque
3094 5894 3330 5951 vicinam
3377 5894 3653 5966 porticum

3251 5988 3326 6051 Π
