4060 6462
400 415 510 472 5'23

1709 407 2036 471 JOANNIS
2063 405 2385 471 ΖΟΝΛῘΗΞ

3580 410 3686 477 εει

398 518 773 577 incenderunt
795 538 808 576 :
831 519 1050 575 ﬂamma
1073 534 1206 575 vero
1227 518 1294 575 ad
1325 517 1545 576 cubitos
1575 535 1643 574 xv
1674 534 1980 591 progressa1

2097 538 2220 585 νους
2245 519 2432 591 εὑρὼν
2458 522 2584 583 τοὺς
2616 520 2886 589 φύλακας.
2926 520 3061 574 ἀλλά
3090 519 3314 591 γνόντες
3347 523 3445 594 τὴν
3498 525 3683 578 ἐπίθε·

400 612 575 668 ιιιάωί
612 621 818 669 tectum
846 622 1223 669 resecuerunt.
1259 611 1518 670 Seditiosi
1557 612 1651 683 qui
1687 612 1741 667 in
1779 613 1986 683 templo

400 716 586 771 erant,
611 714 670 760 et
704 712 894 774 aperte
910 705 1113 761 milites
1134 706 1188 760 in
1216 701 1411 776 aggere
1435 715 1723 762 versantes
1748 715 1877 761 sunt
1899 722 1996 777 ag-

398 799 600 869 gressi,
635 813 693 858 et
722 799 865 856 dolis
888 814 983 855 eos
1016 799 1424 869 propulsarunt.
1459 798 1565 854 Sed
1596 798 1741 854 fame
1777 798 1991 854 inﬁnita

404 891 703 947 multitudo
733 890 935 961 periit:
971 892 1299 960 superstites
1347 907 1427 947 eat
1477 891 1665 947 clades
1697 907 1992 962 oppresse-

402 994 555 1050 runt,
581 999 703 1054 qua:
725 994 779 1039 et
801 984 950 1039 dictu
970 991 1096 1038 sunt
1119 982 1427 1048 horrenda,
1457 992 1514 1039 et
1537 983 1725 1038 auditu
1752 983 1990 1038 incredi-

402 1077 561 1141 biles,
584 1091 816 1146 quarum
835 1091 999 1130 unam
1024 1076 1345 1131 recenscbo.
1362 1074 1557 1130 Mulier
1569 1077 1817 1145 quadam
1840 1083 1991 1132 trans

358 1170 361 1175 ’
400 1167 695 1223 Jordanem
719 1167 993 1227 habitans.
1015 1175 1072 1221 et
1095 1182 1298 1238 genere
1320 1175 1377 1222 et
1399 1166 1599 1237 opibus
1630 1167 1774 1221 haud
1789 1167 1990 1223 obscu-

356 1262 361 1277 "
404 1275 489 1323 ra,
519 1258 931 1330 Hierosolymis,
965 1273 1075 1328 quo
1102 1256 1444 1329 confugerat,
1469 1257 1815 1313 obsidionem
1849 1258 1988 1314 tole-

401 1352 577 1407 rabat.
603 1350 678 1405 Ea
697 1350 801 1405 sibi
829 1350 982 1405 cibos
1003 1358 1223 1420 paratos
1247 1365 1389 1419 smpe
1412 1349 1481 1405 ab
1504 1349 1737 1405 urbanis
1752 1349 1987 1405 latroni-

403 1445 508 1497 bus
526 1444 686 1513 eripi,
713 1443 901 1513 iniquo
923 1443 1107 1498 animo
1129 1441 1333 1501 b-rens.
1360 1441 1551 1511 iraque
1572 1453 1629 1497 et
1653 1442 1795 1497 fame
1814 1443 1988 1513 perci-

400 1545 480 1601 ta,
508 1550 738 1605 puerum
774 1536 1072 1590 lactentem
1105 1542 1400 1590 mactatum
1422 1545 1587 1605 atque
1617 1550 1825 1601 assum,
1858 1532 1989 1617 [fir-

404 1626 503 1679 tim
544 1627 775 1692 voravit,
802 1626 1001 1697 partim
1025 1626 1078 1680 in
1108 1624 1258 1680 aliud
1285 1634 1503 1695 tempus
1529 1625 1854 1684 asservavit.
1887 1625 1989 1681 Se-

405 1717 591 1773 ditiosi
626 1731 757 1773 vero
799 1717 1049 1773 nidorem
1089 1716 1328 1779 odorati.
1365 1716 1554 1771 statim
1586 1716 1790 1771 adsunt
1827 1735 1842 1772 :
1878 1715 1986 1773 nisi

403 1809 498 1864 det
526 1808 672 1880 quod
710 1808 942 1879 pararit,
999 1815 1234 1862 mortem
1284 1805 1637 1863 minitantur.
1686 1806 1784 1861 Illa
1827 1806 1985 1877 pueri

2102 629 2188 664 σιν
2216 613 2639 674 συνεπλέκοντο.
2673 612 2934 684 καὶπρὸς
2957 613 3057 684 τὴν
3089 614 3220 685 βοὴν
3271 618 3366 668 καὶ
3417 617 3470 669 oi
3527 618 3678 672 ἄλλοι

2100 705 2394 778 συνῄεσαν.
2438 706 2529 771 Ἐξ
2563 706 2793 774 ἐννάτης
2824 705 2882 759 δέ
2912 705 3010 775 τῆς
3036 706 3230 770 νυκτὸς
3257 705 3406 778 ὥρας
3431 710 3512 770 είς
3542 710 3683 779 πέμ-

2099 815 2242 869 πτην
2271 798 2372 867 τῆς
2405 798 2623 871 ἡμέρας
2650 796 2747 851 τοῦ
2776 797 3018 868 πολέμου
3060 796 3457 868 συνισταμένου
3491 801 3679 870 ἀγχώ-

2101 891 2269 962 μαλος
2299 886 2425 962 ἦνή
2459 892 2630 962 μάχη,
2681 890 2874 961 μηδένι
2922 891 3024 962 τῆς
3076 892 3235 961 νίκης
3293 889 3678 962 ἐπιϐρισάσης,

2097 985 2194 1038 καὶ
2220 983 2395 1048 οὑτως
2428 985 2551 1038 τότε
2589 983 2917 1054 διελύθησαν
2943 984 2993 1037 οἱ
3025 984 3346 1054 μαχόμενοι.
3379 983 3453 1036 Τὸ
3483 983 3538 1037 δέ
3567 984 3679 1039 λοι·

2097 1075 2200 1129 πδν
2226 1075 2326 1144 τῆς
2354 1074 2465 1128 τῶν
2502 1073 2795 1144 Ῥωμαίων
2814 1074 3101 1143 δυνάμεως
3132 1072 3368 1143 ἡμέραις
3389 1056 3529 1127 ἑπτά
3550 1077 3678 1141 τοὺς

2095 1164 2198 1233 τῆς
2239 1166 2536 1229 ’Λντωνίας
2588 1164 2876 1235 θεμελίους
2933 1164 3479 1236 καταστρεψάμενον,
3540 1166 3679 1220 πλα-

2093 1260 2246 1311 τεῖαν
2275 1257 2411 1328 πρὸς
2433 1257 2497 1310 τὸ
2532 1257 2679 1329 ἱερὸν
2713 1256 3055 1328 ηὑτρέπισαν
3116 1257 3324 1312 ἄνοδον.
3384 1259 3494 1312 Καὶ
3542 1259 3680 1328 πλη-

2096 1348 2367 1403 σιάσαντα
2389 1347 2467 1419 τῷ
2498 1348 2705 1419 πρώτῳ
2732 1347 3011 1419 περιϐόλῳ
3049 1349 3120 1401 τά
3155 1349 3440 1420 τάγματα.
3488 1353 3679 1420 χωμάο

2092 1456 2205 1492 των
2230 1440 2545 1510 κατήρχετο
2571 1456 2585 1471 ο
2622 1439 2719 1493 καὶ
2756 1439 2930 1493 ταῦτα
2963 1441 3062 1510 μὲν
3087 1442 3341 1512 ⁴ιὶγείρετο
3362 1443 3459 1497 σὺν
3491 1444 3675 1514 μόχθῳ

2093 1529 2297 1602 πολλῷ.
2325 1532 2388 1584 0i
2434 1531 2687 1584 Ἰουδαῖοι
2719 1532 2776 1586 δὲ
2803 1535 2904 1603 τῆς
2935 1530 3152 1602 βορείου
3199 1535 3294 1588 καὶ
3340 1535 3481 1588 κατά
3524 1534 3676 1588 δύσιν

2096 1623 2262 1685 στοᾶς
2292 1621 2353 1675 τὸ
2382 1623 2606 1694 συνεχὲς
2629 1622 2769 1693 πρὸς
2795 1622 2896 1693 τὴν
2939 1622 3232 1677 Ἀντωνίαν
3265 1625 3675 1695 ἐμπρήσαντες,

2093 1712 2417 1785 ἀπέρρηξαν
2449 1716 2576 1769 ὅσον
2611 1716 2812 1786 πήχεις
2838 1715 3037 1781 εἰκοσι,
3069 1717 3192 1779 ταῖς
3242 1716 3452 1770 ἐαυτῶν
3484 1718 3676 1790 χερσὶν

2092 1804 2396 1876 ἀρξάμενοι
2426 1806 2606 1860 καίειν
2636 1808 2703 1860 τά
2761 1807 2917 1876 ἄγια.
2993 1806 3419 1878 ’Υποπιμπρᾶσι
3474 1809 3534 1862 δέ
3582 1813 3676 1863 καὶ

402 1901 907 1972 reliquiasretegit,
938 1900 1142 1973 quibus
1163 1900 1409 1955 latrones
1440 1898 1597 1966 visis,
1620 1897 1980 1969 obstupefacti

2105 1896 2368 1969 Ῥωμαῖοι
2400 1898 2501 1972 τὴν
2526 1899 2759 1969 πλησίον
2798 1903 2982 1965 στοὰν,
3014 1901 3113 1954 καὶ
3164 1900 3329 1971 μέχρι
3382 1901 3677 1954 πεντεκαί-

402 1993 837 2057 exhorruerunt,
895 2004 960 2045 ac
1013 1998 1317 2046 trementes
1369 1998 1741 2053 recesserunt,
1790 1988 1881 2042 vix
1913 2002 1983 2043 eo

403 2084 530 2137 cibo
558 2081 722 2137 matri
769 2094 1059 2136 concesso.
1092 2078 1400 2150 Aggeribus
1422 2078 1534 2149 jam
1568 2075 1847 2147 perfectis,
1880 2076 1984 2131 ad~

402 2178 687 2230 ducuntur
720 2174 923 2229 arietes
950 2187 965 2226 :
1004 2172 1099 2227 sed
1121 2187 1186 2227 ea
1217 2179 1335 2227 erat
1359 2170 1504 2225 muri
1527 2168 1781 2235 ﬁrmitas,
1806 2177 1867 2223 ut
1894 2169 1983 2223 ni-

404 2269 483 2322 liil
514 2266 643 2322 inde
685 2265 1005 2322 laederetur.
1036 2264 1144 2319 Alii
1174 2262 1534 2318 fundamenta
1581 2260 1978 2328 suffodiebant,

402 2359 500 2415 sed
529 2374 598 2414 ne
628 2360 708 2414 sic
737 2357 962 2429 quidem
987 2366 1073 2411 est
1104 2355 1371 2428 dejectus.
1408 2354 1573 2425 300
1603 2351 1833 2408 ϐίαιοι-ιε
1876 2353 1980 2423 igi-

396 2459 495 2504 tur
544 2447 875 2520 desperatis,
925 2447 1102 2501 scalas
1135 2445 1442 2517 porticibus
1495 2445 1887 2500 admoverunt.
1922 2444 1983 2499 Id

394 2540 578 2597 Judaei
618 2556 727 2596 non
752 2546 1193 2602 anteverterunt,
1226 2537 1322 2594 sed
1352 2552 1477 2592 cum
1509 2537 1579 2592 iis
1598 2538 1693 2607 qui
1718 2537 1986 2593 ascende-

398 2642 527 2688 rant
560 2633 897 2689 dimicarunt
940 2651 954 2687 :
987 2646 1171 2703 neque
1198 2646 1366 2702 parva
1401 2629 1582 2686 czedcs
1626 2639 1712 2685 est
1737 2629 1910 2685 edita.

2084 1988 2220 2045 δεκα
2254 1992 2476 2062 πήχεων
2504 1990 2886 2062 προκόψαντος
2920 1993 3015 2045 τοῦ
3041 1993 3236 2062 πυρὸς,
3261 1992 3676 2047 ἀποκόπτουσιν

2052 2148 2057 2159 Α
2083 2082 2135 2135 oi
2184 2082 2436 2136 Ἰουδαῖοι
2466 2083 2569 2155 τὴν
2605 2083 2841 2153 ὀροφήν.
2863 2084 2928 2138 Oi
2958 2083 3004 2137 δ’
3027 2082 3132 2137 ἀνὰ
3162 2084 3223 2137 τὸ
3257 2084 3677 2155 ίερδνστρασια-

2086 2174 2211 2228 σταὶ
2236 2175 2333 2227 καὶ
2365 2177 2623 2245 φανερῶς
2651 2178 2766 2239 τοῖς
2797 2176 2893 2229 ἐπὶ
2915 2175 3024 2228 τῶν
3053 2174 3330 2246 χωμάτων
3360 2175 3676 2228 ἐπετίθεντο

2088 2264 2475 2337 στρατιώταις,
2509 2267 2603 2320 καὶ
2631 2267 2771 2336 μετὰ
2792 2267 2960 2321 δόλων
2988 2267 3283 2337 ἠμύνοντο.
3325 2266 3463 2320 Ὑπὸ
3485 2267 3541 2320 δὲ
3569 2266 3667 2320 τοῦ

2086 2356 2252 2427 λιμοῦ
2295 2357 2529 2431 ἄπειρόν
2550 2376 2604 2413 τι
2638 2358 2844 2429 πλῆθος
2873 2354 3016 2430 ἦσαν
3046 2359 3097 2412 οῖ
3130 2358 3476 2429 θνήσκοντες.
3514 2358 3669 2428 Πάθη

2085 2449 2144 2504 δὲ
2179 2453 2293 2516 τοῖς
2329 2450 2615 2522 περιοῦσιν
2645 2453 2730 2521 ,ἐτι
2764 2453 3070 2516 συνέϐαινε,
3103 2453 3199 2505 καὶ
3230 2452 3436 2521 φρικτὰ
3475 2451 3674 2521 διηγήο

2086 2542 2307 2609 σασθαι,
2336 2545 2432 2598 καὶ
2457 2544 2733 2599 δύσπιστα
2756 2546 2872 2609 τοῖς
2902 2545 3220 2611 ἀκούουσιν,
3249 2538 3325 2599 ὧν
3386 2542 3445 2597 ἓν
3489 2543 3676 2613 διηγήο

2086 2653 2275 2704 σομαι.
2312 2636 2454 2707 Γυνή
2485 2653 2570 2701 τις
2603 2638 2743 2709 ὑπὲρ
2798 2638 2889 2691 τὸν
2937 2638 3210 2708 Ἰορδάνην
3238 2636 3326 2691 διά
3367 2637 3523 2706 γένος
3576 2646 3675 2696 καὶ

406 2723 637 2779 πλοῦτον
695 2724 798 2778 οὑκ
860 2722 1095 2795 ἄσημος,
1135 2723 1216 2786 είς
1258 2720 1330 2774 τὰ
1404 2718 1762 2790 Ἱεροσόλυμα
1837 2724 2232 2792 καταφυγοῦσα
2315 2726 2806 2799 συνεπολιορκεῖτο.
2874 2729 3095 2799 Ταύτης
3182 2729 3443 2792 πολλάκις
3498 2729 3671 2798 ἑαυτῇ

399 2818 606 2892 τροφὰς
640 2817 1032 2892 ποριζομένης,
1071 2819 1123 2870 οῖ
1176 2813 1534 2886 λῃστεύοντες
1582 2814 1640 2867 ἐν
1680 2816 1747 2886 τῇ
1808 2814 1966 2868 πόλει
2003 2817 2210 2883 ταύτας
2275 2819 2599 2891 διήρπαζον.
2650 2821 2715 2875 Ἦ
2749 2822 2835 2889 δὲ,
2868 2824 3004 2894 πρὸς
3031 2823 3204 2887 ταῦτα
3264 2822 3675 2894 ἀγανακτοῦσα,

401 2912 561 2986 θυμῷ
588 2930 648 2967 τε
670 2912 766 2966 καὶ
820 2910 964 2982 λιμῷ
1034 2902 1659 2981 στρατηγουμένη,δῆν
1703 2907 1843 2981 αὐτῇ
1903 2910 2208 2982 ὑπομάζιον
2274 2915 2464 2970 τέκνον
2494 2916 2855 2973 καταθύσασα
2933 2918 3029 2973 καὶ
3077 2919 3389 2991 ὀπτήσασα,
3453 2917 3516 2971 τὸ
3570 2919 3675 2989 μὲν

399 3003 679 3080 ἐφαγε,τὺ
704 3006 761 3062 δέ
797 3005 986 3060 λοιπὸν
1016 3005 1096 3067 εἰς
1123 3002 1389 3074 δευτέραν
1415 3002 1609 3073 ἐτήρει
1674 3003 1886 3074 τροφήν
1910 3020 1927 3036 ο
1963 3005 2015 3059 οἱ
2053 3006 2112 3059 δὲ
2142 3013 2471 3065 στασιασταὶ⁵
2520 3010 2619 3080 τῆς
2671 3011 2900 3081 κνίσσης
2954 3012 3399 3083 προσϐαλλούσης
3456 3014 3666 3076 αὐτοῖς,

399 3101 659 3171 παρῆσαν
686 3097 871 3162 εὐθὺς,
903 3098 1000 3150 καὶ
1029 3094 1183 3167 εἰμὴ
1216 3093 1338 3167 δοίη
1408 3094 1471 3148 τὸ
1517 3096 1998 3165 παρασκευασθὲν,
2039 3099 2377 3171 ἀποσφάξειν
2415 3105 2676 3174 ἠπείλουν
2747 3106 2941 3175 αὑτήν.
3025 3104 3084 3158 'II
3133 3106 3190 3159 δὲ
3242 3105 3311 3160 τὰ
3347 3105 3442 3159 τοῦ
3482 3106 3673 3170 παιδὸς

397 3191 709 3261 ἀνεκάλυψε
743 3189 976 3260 λείψανα
1002 3205 1017 3220 ο
1061 3189 1306 3242 κάκεῖνοι
1338 3186 1639 3258 ἐξέστησάν
1661 3205 1720 3241 τε
1753 3188 1889 3259 πρὸς
1919 3191 2019 3262 τὴν
2057 3192 2187 3247 θέαν
2221 3196 2314 3248 καὶ
2376 3196 2626 3269 ἐφριξαν,
2659 3189 2754 3253 καλ
2782 3201 3084 3271 τρέμοντες
3131 3200 3526 3273 ὑπεχώρησαν,
3568 3204 3671 3272 μόο

397 3291 482 3352 λις
505 3287 713 3360 ταύτης
766 3286 906 3350 τέως
939 3285 1039 3357 τῆς
1089 3283 1301 3355 τροφῆς
1362 3285 1870 3358 παραχωρήσαντες
1907 3289 1973 3358 τῇ
2018 3290 2207 3360 μητρί.
2284 3293 2425 3363 Ἤδη
2452 3293 2510 3347 δέ
2576 3294 2683 3349 τῶν
2704 3296 2973 3366 χωμάτων
3000 3295 3402 3368 τετελεσμένων
3461 3301 3673 3371 προσή-

396 3401 557 3455 γοντο
585 3385 635 3436 οἱ
676 3380 841 3452 κριοί·
873 3379 1037 3450 ἠνυον
1077 3378 1120 3431 δ’
1154 3377 1308 3430 οὐδὲν
1395 3375 1485 3429 διὰ
1516 3376 1616 3447 τὴν
1683 3378 1779 3431 τοῦ
1830 3379 2048 3450 τείχους
2088 3385 2447 3456 στερρότητα.
2474 3386 2696 3459 Ἕτεροι
2729 3388 2786 3441 δὲ
2822 3389 2951 3452 τοὺς
2978 3388 3270 3459 θεμελίους
3321 3390 3667 3461 ὑπώρυττον,

397 3480 492 3535 καὶ
514 3478 623 3532 οὑδ*
651 3477 826 3539 οὕτως
850 3476 909 3528 τὸ
931 3476 1111 3543 τεῖχος
1147 3470 1563 3529 κατασέσειστο.
1614 3470 1975 3541 ’Λπογνόντες
2006 3473 2100 3528 οῦν
2169 3476 2278 3530 τῶν
2318 3478 2519 3545 ἄλλων,
2584 3481 2869 3553 κλίμακας
2932 3482 3271 3553 προσέφερον
3302 3486 3421 3547 ταῖς
3451 3487 3660 3549 στοαῖς,

397 3577 463 3630 Ui.
489 3575 547 3628 δὲ
597 3571 845 3626 Ἰουδαῖοι
874 3567 1121 3623 κωλῦσαι
1157 3565 1260 3638 μὲν
1295 3565 1396 3618 οὐκ
1433 3564 1703 3635 ἔφθασαν,
1761 3568 1875 3629 τοῖς
1929 3566 1975 3620 δ’
2016 3567 2250 3627 ἀναϐᾶσι
2314 3574 2692 3645 συμπεσόντες
2766 3577 3059 3647 ἐμάχοντο,
3105 3577 3200 3631 καὶ
3243 3572 3312 3649 ἧν
3341 3579 3442 3633 οὑκ
3480 3578 3666 3651 ὀλίγος

396 3670 464 3722 αὑ
477 3665 579 3720 τῶν
603 3662 785 3734 φόνος.

469 3751 662 3809 XXIII.
702 3750 883 3814 Titus,
925 3748 1019 3819 qui
1064 3748 1252 3821 templi
1287 3746 1656 3803 reverentiam
1709 3746 1978 3802 militibus

2154 3746 2281 3800 ΚΡ.
2323 3744 2384 3799 '0
2410 3745 2469 3798 δέ
2518 3762 2582 3813 γε
2631 3746 2788 3808 Τῖτος
2821 3744 2895 3811 ὡς
2933 3746 3082 3819 ἐώρα
3125 3747 3226 3819 τὴν
3259 3748 3353 3802 ἐπὶ
3400 3749 3476 3821 τῷ
3527 3752 3663 3825 ἱερῷ

394 3863 517 3903 esse
545 3860 699 3900 noxa:
722 3850 999 3908 cerneret,
1031 3843 1205 3912 portis
1230 3842 1396 3913 jussit
1421 3838 1708 3895 admoveri
1743 3843 1923 3908 ignem
1952 3856 1968 3893 :

399 3938 546 3993 unde
610 3945 839 4006 argento
897 3931 1218 4003 liquefacto,
1293 3946 1405 4003 quo
1462 3930 1732 3985 devineta.-
1788 3938 1968 3994 erant,

396 4030 617 4083 ﬂamma
643 4027 790 4097 ligna
819 4023 1107 4095 corripuit,
1138 4032 1303 4094 atque
1326 4021 1454 4077 inde
1480 4021 1546 4075 ad
1575 4023 1819 4091 porticus
1843 4035 1972 4074 evao

396 4125 488 4178 sit.
512 4120 686 4178 Judtei
713 4117 1072 4175 circumcirca
1099 4116 1224 4188 igne
1256 4123 1577 4184 conspecto,
1602 4121 1655 4168 et
1693 4110 1893 4167 animis
1917 4119 1976 4166 et

394 4212 726 4285 corporibus
749 4208 1092 4266 defecerunt.
1130 4208 1206 4262 Ac
1226 4207 1320 4261 illo
1343 4206 1452 4268 die,
1485 4214 1783 4273 secutaque
1812 4211 1975 4258 nocte

396 4303 543 4375 ignis
569 4310 850 4373 grassatus
873 4308 979 4362 est,
1002 4300 1099 4354 sed
1130 4297 1185 4352 in
1218 4296 1471 4368 partibus
1500 4312 1514 4347 :
1544 4310 1648 4350 nec
1674 4293 1822 4349 enim
1848 4309 1973 4348 om-

399 4410 501 4451 nes
531 4393 778 4465 porticus
819 4391 985 4447 simul
1018 4389 1314 4444 incendere
1352 4388 1667 4442 valuerunt.
1703 4385 1977 4441 Postridie

400 4486 561 4541 Titus
583 4494 734 4555 parte
763 4482 1047 4553 copiarum
1077 4480 1419 4551 restinguere
1448 4479 1766 4535 incendium
1797 4480 1973 4551 jussa,

400 4579 662 4645 viamque
697 4572 764 4628 ad
796 4583 988 4644 portas
1015 4587 1213 4642 parare
1234 4611 1250 4637 ,
1280 4579 1342 4624 ut
1382 4570 1628 4641 legiones
1660 4569 1977 4640 expeditius

399 4667 786 4727 ascenderem,
832 4679 885 4718 vt
935 4663 1228 4733 praecipuis
1275 4660 1514 4716 ducibus
1553 4661 1853 4725 advocatis,
1905 4661 1976 4716 de

401 4756 606 4827 templo
642 4754 994 4810 deliberavit.
1026 4754 1109 4808 Ibi
1144 4753 1238 4807 alii
1279 4763 1640 4817 censuerunt,
1690 4752 1820 4808 belli
1846 4753 1976 4824 jure

399 4848 691 4910 utendum,
717 4861 822 4902 nec
850 4846 947 4900 ulli
979 4845 1059 4901 rei
1091 4845 1452 4915 parcendum.
1480 4846 1587 4900 Alii
1613 4853 1974 4910 monuerunt,

397 4941 446 4999 si
490 4938 668 4998 Judaei
714 4953 782 4994 eo
835 4951 1139 4993 conscenso
1189 4937 1486 5002 bellarent,
1535 4938 1971 4993 comburendum

397 5050 519 5094 esse
556 5051 572 5089 :
616 5046 796 5104 neque
834 5030 949 5103 jam
1001 5029 1288 5100 templum,
1316 5029 1409 5084 sed
1442 5030 1729 5086 castellum
1759 5031 1974 5087 baben-

397 5123 532 5187 dum
577 5146 590 5183 :
626 5143 652 5181 s
676 5142 709 5179 n
740 5123 950 5190 minus,
981 5122 1421 5178 conservandum
1451 5138 1593 5179 esse.
1627 5123 1786 5179 Titus
1817 5139 1972 5189 vero,

2085 3836 2252 3903 qoqu
2280 3836 2418 3908 πρὸς
2450 3836 2657 3908 βλάϐης
2686 3838 2984 3908 γινομένην
3016 3841 3128 3902 τοῖς
3157 3840 3542 3910 στρατιώταις,
3565 3843 3668 3909 τὰς

2082 3929 2258 3992 πύλας
2292 3928 2567 3996 ὑφάπτειν
2598 3928 2927 3996 προσέταξε.
2957 3931 3369 4001 Προσαχοέντος
3393 3932 3439 3985 δ’
3471 3934 3667 4000 αὑταῖς

2080 4023 2177 4076 τοῦ
2238 4020 2434 4092 πυρὸς,
2503 4020 2815 4090 τηκόμενος
2871 4022 2899 4073 ό
2959 4021 3199 4092 ἄργυρος
3246 4014 3291 4091 ᾧ
3338 4023 3664 4088 ἐνεδέδεντο,

2081 4115 2394 4188 παρεχώρει
2436 4118 2503 4185 τῇ
2549 4114 2710 4183 φλογὶ
2751 4112 2862 4167 τῶν
2893 4112 3070 4180 ξύλων
3117 4116 3486 4182 ἐφάπτεσθαι,
3528 4119 3665 4172 κάν-

2082 4208 2276 4261 τεῦθεν
2306 4206 2723 4277 ἐπελαμϐάνετο
2755 4207 2865 4259 τῶν
2899 4208 3094 4261 στοῶν.
3124 4209 3249 4271 Τοῖς
3277 4209 3333 4262 δὲ
3384 4211 3664 4275 Ἰουδαίοις

2081 4301 2252 4370 ὁρῶσι
2289 4299 2351 4351 τὸ
2373 4299 2485 4372 πῦρ
2507 4300 2564 4351 ἐν
2600 4298 2808 4367 κίκλῳ,
2850 4299 2989 4369 μετὰ
3022 4299 3129 4372 τῶν
3169 4301 3436 4371 σωμάτων
3468 4304 3664 4372 παρείς

2084 4369 2259 4463 θησαν
2321 4392 2378 4442 αἱ
2435 4369 2625 4460 ψυχαί.
2670 4391 2918 4458 Ἐκείνην
2946 4390 3046 4461 μὲν
3073 4369 3166 4445 οὖν
3198 4369 3297 4462 την
3326 4369 3668 4464 ἡμέραν-καὶ

2084 4487 2184 4554 τὴν
2223 4482 2487 4537 ἐπιοῦσαν
2516 4483 2688 4537 νύκτα
2715 4483 2777 4535 τὸ
2826 4482 2939 4555 πῦρ
2968 4485 3289 4554 ἐπεκράτει,
3324 4485 3473 4555 παρὰ
3498 4487 3665 4557 μέρος

2084 4576 2164 4637 δὲ.
2193 4576 2292 4646 οὐχ
2347 4575 2484 4642 ὁμοῦ
2517 4575 2781 4629 πάντοθεν
2813 4576 3045 4644 ἴσχυσαν
3084 4575 3297 4645 ὑφάψαι
3330 4577 3429 4639 τὰς
3479 4577 3611 4632 στοά
3623 4596 3665 4640 ς.

2084 4670 2164 4740 Τῇ
2207 4669 2252 4723 δ’
2284 4669 2536 4742 ἐπιούσῃ,
2584 4669 2741 4739 μέρει
2768 4671 2868 4740 τῆς
2896 4668 3181 4736 δυνάμεως
3226 4670 3255 4721 ό
3311 4670 3469 4732 Τῖτος
3506 4669 3668 4721 σϐενο

2082 4759 2229 4812 νύειν
2262 4759 2323 4811 τὸ
2369 4758 2478 4828 πῦρ
2531 4757 2822 4825 κελεύσας,
2864 4757 2959 4810 καὶ
3000 4757 3152 4827 παρά
3202 4756 3303 4821 τὰς
3337 4757 3510 4821 πύλας
3547 4758 3669 4812 όδοο

2083 4855 2279 4918 ποιεῖν,
2326 4853 2407 4916 είς
2457 4851 2877 4923 εὐμαρεστέραν
2934 4849 3046 4904 τῶν
3105 4851 3407 4922 ταγμάτων
3446 4851 3667 4919 ἄνοδον,

2082 4943 2242 5008 αὐτὸς
2271 4941 2332 5008 ἐξ
2359 4944 2485 5006 τοὺς
2516 4943 2987 5012 κορυφαιοτάτους
3014 4942 3123 4994 τῶν
3162 4943 3455 5012 ἡγεμόνων
3486 4960 3667 5016 προσ-

2084 5036 2476 5103 καλεσάμενος,
2514 5034 2647 5104 περὶ
2681 5033 2776 5087 τοῦ
2808 5033 2940 5088 ναοῦ
2992 5032 3334 5087 ἐϐουλεύετο.
3382 5033 3508 5096 Τοῖς
3559 5032 3667 5102 μὲν

2007 5089 2051 5144 D
2084 5128 2178 5185 οὖν
2224 5089 2543 5195 ἐδόκει,’τῷ
2576 5089 2672 5179 τοῦ
2721 5124 2967 5192 πολέμου
3010 5122 3315 5194 κεχρῆσθαι
3356 5089 3528 5193 νόμω,
3559 5089 3667 5179 καὶ

396 5223 505 5280 etsi
534 5219 711 5278 Juda-i
741 5233 809 5275 eo
835 5228 1103 5288 occupato
1133 5226 1526 5286 repugnarent,
1556 5227 1742 5272 tamen
1768 5233 1826 5272 se
1851 5218 1974 5272 loco

2088 5223 2162 5292 μή
2206 5237 2352 5283 τινος
2385 5218 2670 5288 φείδεσθαι
2748 5215 2892 5278 τινές
2922 5216 2980 5268 δὲ
3003 5215 3299 5286 παρῄνουν.
3330 5215 3379 5267 εί
3413 5215 3512 5283 μὲν
3556 5231 3668 5267 πο-

396 5313 642 5367 virorum
673 5325 761 5365 res
788 5306 1123 5362 inanimatas
1159 5306 1407 5361 uiturum
1437 5322 1560 5361 esse
1594 5306 1834 5378 negavit,
1878 5315 1972 5361 aut

2085 5313 2299 5384 λεμοῖεν
2349 5310 2639 5373 ἐπιϐάντες
2691 5307 2860 5362 αὑτοῦ
2928 5307 3197 5373 Ἰουδαῖοι,
3246 5305 3616 5375 καταφλέγειν
3641 5320 3659 5336 ⁸

401 5413 611 5458 tantum
646 5416 788 5472 opus
810 5410 1209 5463 crcmalurum,
1252 5398 1411 5470 cujus
1439 5400 1672 5454 vastatio
1705 5398 1973 5454 Romanis

2085 5404 2341 5476 φρούριον
2376 5405 2486 5477 γάρ
2544 5401 3083 5473 καταφλεγήσεσθαι,
3126 5400 3224 5455 καὶ
3254 5398 3438 5453 οὐκέτι
3486 5397 3616 5451 ναόν
3646 5415 3662 5430 ·

398 5497 622 5558 damno,
662 5493 1019 5549 conservatio
1069 5501 1394 5547 ornamento
1442 5491 1630 5548 futura
1689 5500 1858 5547 esset.
1895 5493 1976 5546 Ac

2085 5500 2133 5550 εί
2173 5498 2232 5551 δὲ
2289 5497 2366 5569 μὴ
2418 5496 2597 5557 τοῦτο,
2629 5494 2847 5559 σώζειν.
2895 5492 2952 5546 '0
2991 5492 3049 5545 δὲ
3082 5492 3239 5555 Τῖτος
3269 5489 3378 5544 οὐδ’
3418 5489 3485 5545 ἂν
3535 5491 3666 5544 ἐπι-

398 5582 555 5638 Titus
582 5585 638 5637 in
668 5584 853 5640 animo
885 5584 1102 5650 habuit,
1139 5582 1405 5653 postridie
1438 5598 1565 5640 cum
1599 5582 1858 5638 omnibus
1882 5596 1974 5637 co-

2085 5589 2279 5653 ϐάντες
2307 5588 2394 5643 ἐπ’
2428 5587 2594 5641 αὑτοῦ
2623 5585 2943 5655 πολεμῶσιν
2993 5583 3235 5637 Ἰουδαῖοι
3275 5581 3498 5652 έφησεν,
3536 5581 3665 5635 ἀντὶ

394 5676 503 5745 piis
534 5675 895 5743 impressione
919 5676 1063 5732 facta
1087 5676 1350 5747 templum
1373 5691 1669 5748 occupare.
1693 5674 1802 5731 Sed
1828 5674 1976 5729 Deus

392 5767 502 5838 jam
536 5764 667 5819 olim
691 5768 808 5831 ejus
828 5768 1103 5822 excidium
1127 5769 1469 5825 decreverat.
1503 5771 1636 5826 Nam
1664 5785 1790 5826 cum
1815 5770 1974 5825 Titus

396 5872 462 5912 ex
517 5856 756 5912 Antonia
812 5859 1040 5914 vidisset
1092 5861 1283 5932 templi
1344 5863 1637 5921 exterioris
1688 5862 1972 5934 custodes,

2079 5680 2192 5735 τῶν
2244 5679 2456 5752 ἀνδρῶν
2507 5680 2620 5744 τοῖς
2651 5675 2884 5748 ἀψύχοις
2918 5677 3149 5744 ἐπάγειν
3191 5674 3291 5743 τὴν
3324 5673 3559 5744 ἄμυναν,
3597 5674 3661 5724 οὑ

2079 5771 2138 5825 δὲ
2175 5771 2542 5842 καταφλέξειν
2588 5770 2913 5839 τηλικοῦτον
2967 5767 3151 5839 ἔργονο
3204 5765 3501 5836 Ῥωμαίοις
3550 5766 3662 5834 γάρ

2081 5862 2304 5920 ἔσεσθαι
2358 5863 2498 5935 πρὸς
2547 5862 2753 5935 βλάϐην
2793 5859 3024 5932 φθαρξν,
3060 5858 3251 5930 ὥσπερ
3304 5860 3398 5913 καὶ
3452 5857 3663 5913 κὸσιιον
