  <div class='ocr_page' id='page_1' title='image "/cluster/home/n/w/nwhite01/storage/ocr_20150623/134:no.1/coo.31924054870393/270.png"; bbox 0 0 4060 6430; ppageno 0'>
   <div class='ocr_carea' id='block_1_1' title="bbox 403 445 507 508">
    <p class='ocr_par' dir='ltr' id='par_1_1' title="bbox 403 445 507 508">
     <span class='ocr_line' id='line_1_1' title="bbox 403 445 507 508; baseline 0.019 -2"><span class='ocrx_word' id='word_1_1' title='bbox 403 445 507 508; x_wconf 66' lang='lat'>£23</span> 
     </span>
    </p>
   </div>
   <div class='ocr_carea' id='block_1_2' title="bbox 1667 441 2407 507">
    <p class='ocr_par' dir='ltr' id='par_1_2' title="bbox 1667 441 2407 507">
     <span class='ocr_line' id='line_1_2' title="bbox 1667 441 2407 507; baseline 0.005 -6"><span class='ocrx_word' id='word_1_2' title='bbox 1667 441 2074 503; x_wconf 72' lang='lat' dir='ltr'>ANNALIUM</span> <span class='ocrx_word' id='word_1_3' title='bbox 2116 444 2266 504; x_wconf 80' lang='lat' dir='ltr'><strong>LIB.</strong></span> <span class='ocrx_word' id='word_1_4' title='bbox 2307 446 2407 507; x_wconf 80' lang='lat' dir='ltr'><strong>Vl.</strong></span> 
     </span>
    </p>
   </div>
   <div class='ocr_carea' id='block_1_3' title="bbox 3569 450 3673 513">
    <p class='ocr_par' dir='ltr' id='par_1_3' title="bbox 3569 450 3673 513">
     <span class='ocr_line' id='line_1_3' title="bbox 3569 450 3673 513; baseline 0.038 -4"><span class='ocrx_word' id='word_1_5' title='bbox 3569 450 3673 513; x_wconf 64' lang='lat'>526</span> 
     </span>
    </p>
   </div>
   <div class='ocr_carea' id='block_1_4' title="bbox 397 548 1982 635">
    <p class='ocr_par' dir='ltr' id='par_1_4' title="bbox 397 548 1982 627">
     <span class='ocr_line' id='line_1_4' title="bbox 397 548 1982 627; baseline 0.001 -20"><span class='ocrx_word' id='word_1_6' title='bbox 397 560 497 627; x_wconf 79' lang='grc' dir='ltr'>τῆς</span> <span class='ocrx_word' id='word_1_7' title='bbox 542 553 863 627; x_wconf 73' lang='grc' dir='ltr'>ἡγεμονίας,</span> <span class='ocrx_word' id='word_1_8' title='bbox 902 554 951 607; x_wconf 82' lang='grc' dir='ltr'>εί</span> <span class='ocrx_word' id='word_1_9' title='bbox 984 551 1231 617; x_wconf 75' lang='grc' dir='ltr'>οώζοιτο.</span> <span class='ocrx_word' id='word_1_10' title='bbox 1266 552 1357 623; x_wconf 82' lang='grc' dir='ltr'>Τῷ</span> <span class='ocrx_word' id='word_1_11' title='bbox 1408 553 1505 623; x_wconf 75' lang='grc' dir='ltr'>μὲν</span> <span class='ocrx_word' id='word_1_12' title='bbox 1531 548 1625 607; x_wconf 72' lang='grc' dir='ltr'>οὖν</span> <span class='ocrx_word' id='word_1_13' title='bbox 1666 555 1811 624; x_wconf 71' lang='grc' dir='ltr'>Τίτῳ</span> <span class='ocrx_word' id='word_1_14' title='bbox 1865 571 1982 608; x_wconf 85' lang='grc' dir='ltr'>σκο-</span> 
     </span>
    </p>
   </div>
   <div class='ocr_carea' id='block_1_5' title="bbox 2087 548 3675 635">
    <p class='ocr_par' dir='ltr' id='par_1_5' title="bbox 2092 554 3675 635">
     <span class='ocr_line' id='line_1_5' title="bbox 2092 554 3675 635; baseline 0.006 -28"><span class='ocrx_word' id='word_1_15' title='bbox 2092 554 2435 610; x_wconf 88' lang='lat' dir='ltr'><strong>multitudini</strong></span> <span class='ocrx_word' id='word_1_16' title='bbox 2470 565 2525 610; x_wconf 86' lang='lat' dir='ltr'>et</span> <span class='ocrx_word' id='word_1_17' title='bbox 2557 555 2727 610; x_wconf 74' lang='lat' dir='ltr'><strong>furori</strong></span> <span class='ocrx_word' id='word_1_18' title='bbox 2760 557 3166 612; x_wconf 81' lang='lat' dir='ltr'><strong>excurrentium</strong></span> <span class='ocrx_word' id='word_1_19' title='bbox 3198 557 3514 617; x_wconf 66' lang='lat' dir='ltr'><strong>Iudaeorum</strong></span> <span class='ocrx_word' id='word_1_20' title='bbox 3543 578 3675 635; x_wconf 71' lang='lat' dir='ltr'><strong>ges-</strong></span> 
     </span>
    </p>
   </div>
   <div class='ocr_carea' id='block_1_6' title="bbox 401 644 1981 720">
    <p class='ocr_par' dir='ltr' id='par_1_6' title="bbox 401 644 1981 720">
     <span class='ocr_line' id='line_1_6' title="bbox 401 644 1981 720; baseline -0.001 -19"><span class='ocrx_word' id='word_1_21' title='bbox 401 651 504 714; x_wconf 66' lang='grc' dir='ltr'>πδς</span> <span class='ocrx_word' id='word_1_22' title='bbox 558 644 627 720; x_wconf 80' lang='grc' dir='ltr'>ἦν</span> <span class='ocrx_word' id='word_1_23' title='bbox 660 650 728 718; x_wconf 76' lang='grc' dir='ltr'>τῇ</span> <span class='ocrx_word' id='word_1_24' title='bbox 765 646 994 717; x_wconf 77' lang='grc' dir='ltr'>ἐπιούσῃ</span> <span class='ocrx_word' id='word_1_25' title='bbox 1048 646 1230 718; x_wconf 63' lang='grc' dir='ltr'>ἡμέρα</span> <span class='ocrx_word' id='word_1_26' title='bbox 1287 646 1427 716; x_wconf 69' lang='grc' dir='ltr'>μετὰ</span> <span class='ocrx_word' id='word_1_27' title='bbox 1480 646 1662 716; x_wconf 59' lang='grc' dir='ltr'>πάσης</span> <span class='ocrx_word' id='word_1_28' title='bbox 1719 646 1981 717; x_wconf 77' lang='grc' dir='ltr'>ἐμϐαλεῖν</span> 
     </span>
    </p>
   </div>
   <div class='ocr_carea' id='block_1_7' title="bbox 399 737 1979 812">
    <p class='ocr_par' dir='ltr' id='par_1_7' title="bbox 399 737 1979 812">
     <span class='ocr_line' id='line_1_7' title="bbox 399 737 1979 812; baseline -0.003 -17"><span class='ocrx_word' id='word_1_29' title='bbox 399 744 497 812; x_wconf 79' lang='grc' dir='ltr'>τῆς</span> <span class='ocrx_word' id='word_1_30' title='bbox 528 742 836 811; x_wconf 72' lang='grc' dir='ltr'>δυνάμεως,</span> <span class='ocrx_word' id='word_1_31' title='bbox 870 740 966 792; x_wconf 72' lang='grc' dir='ltr'>καὶ</span> <span class='ocrx_word' id='word_1_32' title='bbox 1004 739 1093 791; x_wconf 81' lang='grc' dir='ltr'>τὸν</span> <span class='ocrx_word' id='word_1_33' title='bbox 1128 737 1255 792; x_wconf 79' lang='grc' dir='ltr'>ναὸν</span> <span class='ocrx_word' id='word_1_34' title='bbox 1288 739 1742 807; x_wconf 73' lang='grc' dir='ltr'>περικατασχεῖν.</span> <span class='ocrx_word' id='word_1_35' title='bbox 1791 737 1896 791; x_wconf 85' lang='grc' dir='ltr'>Τοῦ</span> <span class='ocrx_word' id='word_1_36' title='bbox 1922 737 1979 791; x_wconf 73' lang='grc' dir='ltr'>δὲ</span> 
     </span>
    </p>
   </div>
   <div class='ocr_carea' id='block_1_8' title="bbox 400 829 1982 907">
    <p class='ocr_par' dir='ltr' id='par_1_8' title="bbox 400 829 1982 907">
     <span class='ocr_line' id='line_1_8' title="bbox 400 829 1982 907; baseline -0.006 -16"><span class='ocrx_word' id='word_1_37' title='bbox 400 838 507 907; x_wconf 80' lang='grc' dir='ltr'>ἄρα</span> <span class='ocrx_word' id='word_1_38' title='bbox 571 835 741 888; x_wconf 73' lang='grc' dir='ltr'>πάλαι</span> <span class='ocrx_word' id='word_1_39' title='bbox 793 835 822 887; x_wconf 99' lang='lat'>6</span> <span class='ocrx_word' id='word_1_40' title='bbox 872 834 1004 895; x_wconf 72' lang='grc' dir='ltr'>Θεὸς</span> <span class='ocrx_word' id='word_1_41' title='bbox 1045 830 1253 903; x_wconf 76' lang='grc' dir='ltr'>φθορὰν</span> <span class='ocrx_word' id='word_1_42' title='bbox 1303 831 1693 901; x_wconf 72' lang='grc' dir='ltr'>κατεψήφιστο.</span> <span class='ocrx_word' id='word_1_43' title='bbox 1753 831 1817 885; x_wconf 75' lang='grc' dir='ltr'><strong>Οἱ</strong></span> <span class='ocrx_word' id='word_1_44' title='bbox 1872 829 1982 899; x_wconf 76' lang='grc' dir='ltr'>γὰρ</span> 
     </span>
    </p>
   </div>
   <div class='ocr_carea' id='block_1_9' title="bbox 403 921 1978 992">
    <p class='ocr_par' dir='ltr' id='par_1_9' title="bbox 403 921 1978 992">
     <span class='ocr_line' id='line_1_9' title="bbox 403 921 1978 992; baseline -0.004 -12"><span class='ocrx_word' id='word_1_45' title='bbox 403 926 730 981; x_wconf 70' lang='grc' dir='ltr'>στασιασταὶ</span> <span class='ocrx_word' id='word_1_46' title='bbox 761 925 1098 977; x_wconf 76' lang='grc' dir='ltr'>ἐπιτίθενται</span> <span class='ocrx_word' id='word_1_47' title='bbox 1126 925 1240 986; x_wconf 85' lang='grc' dir='ltr'>τοῖς</span> <span class='ocrx_word' id='word_1_48' title='bbox 1272 922 1472 990; x_wconf 82' lang='grc' dir='ltr'>φύλαξι</span> <span class='ocrx_word' id='word_1_49' title='bbox 1506 921 1601 974; x_wconf 88' lang='grc' dir='ltr'>τοῦ</span> <span class='ocrx_word' id='word_1_50' title='bbox 1635 921 1740 988; x_wconf 74' lang='grc' dir='ltr'>ἔξω</span> <span class='ocrx_word' id='word_1_51' title='bbox 1794 921 1942 992; x_wconf 80' lang='grc' dir='ltr'>ἱεροῦ</span> <span class='ocrx_word' id='word_1_52' title='bbox 1965 938 1978 952; x_wconf 82' lang='lat'><strong><em>°</em></strong></span> 
     </span>
    </p>
   </div>
   <div class='ocr_carea' id='block_1_10' title="bbox 397 1013 1986 1087">
    <p class='ocr_par' dir='ltr' id='par_1_10' title="bbox 397 1013 1986 1087">
     <span class='ocr_line' id='line_1_10' title="bbox 397 1013 1986 1087; baseline -0.004 -14"><span class='ocrx_word' id='word_1_53' title='bbox 397 1021 447 1073; x_wconf 84' lang='grc' dir='ltr'>οἱ</span> <span class='ocrx_word' id='word_1_54' title='bbox 480 1018 538 1072; x_wconf 81' lang='grc' dir='ltr'>δὲ</span> <span class='ocrx_word' id='word_1_55' title='bbox 577 1018 772 1087; x_wconf 82' lang='grc' dir='ltr'>πλήθει</span> <span class='ocrx_word' id='word_1_56' title='bbox 805 1034 862 1070; x_wconf 91' lang='grc' dir='ltr'>τε</span> <span class='ocrx_word' id='word_1_57' title='bbox 893 1016 1003 1069; x_wconf 84' lang='grc' dir='ltr'>τῶν</span> <span class='ocrx_word' id='word_1_58' title='bbox 1037 1015 1417 1087; x_wconf 75' lang='grc' dir='ltr'>ἐκτρεχόντων</span> <span class='ocrx_word' id='word_1_59' title='bbox 1449 1015 1545 1069; x_wconf 76' lang='grc' dir='ltr'>καλ.</span> <span class='ocrx_word' id='word_1_60' title='bbox 1578 1014 1775 1084; x_wconf 78' lang='grc' dir='ltr'>θυμοῖς</span> <span class='ocrx_word' id='word_1_61' title='bbox 1805 1013 1986 1083; x_wconf 82' lang='grc' dir='ltr'>ἡττώ-</span> 
     </span>
    </p>
   </div>
   <div class='ocr_carea' id='block_1_11' title="bbox 399 1103 1981 1179">
    <p class='ocr_par' dir='ltr' id='par_1_11' title="bbox 399 1103 1981 1179">
     <span class='ocr_line' id='line_1_11' title="bbox 399 1103 1981 1179; baseline -0.002 -18"><span class='ocrx_word' id='word_1_62' title='bbox 399 1126 551 1179; x_wconf 81' lang='grc' dir='ltr'>μενοι</span> <span class='ocrx_word' id='word_1_63' title='bbox 590 1105 916 1161; x_wconf 80' lang='grc' dir='ltr'>ὲνεδίδοσαν.</span> <span class='ocrx_word' id='word_1_64' title='bbox 949 1107 1059 1160; x_wconf 74' lang='grc' dir='ltr'>Καὶ</span> <span class='ocrx_word' id='word_1_65' title='bbox 1095 1106 1238 1176; x_wconf 76' lang='grc' dir='ltr'>ὀρῶν</span> <span class='ocrx_word' id='word_1_66' title='bbox 1264 1104 1439 1158; x_wconf 86' lang='grc' dir='ltr'>ταῦτα</span> <span class='ocrx_word' id='word_1_67' title='bbox 1489 1103 1647 1167; x_wconf 85' lang='grc' dir='ltr'>Τῖτος</span> <span class='ocrx_word' id='word_1_68' title='bbox 1676 1103 1885 1158; x_wconf 86' lang='grc' dir='ltr'>ἅνωοεν</span> <span class='ocrx_word' id='word_1_69' title='bbox 1917 1104 1981 1158; x_wconf 84' lang='grc' dir='ltr'>ὲκ</span> 
     </span>
    </p>
   </div>
   <div class='ocr_carea' id='block_1_12' title="bbox 393 1194 1981 1265">
    <p class='ocr_par' dir='ltr' id='par_1_12' title="bbox 393 1194 1981 1265">
     <span class='ocr_line' id='line_1_12' title="bbox 393 1194 1981 1265; baseline -0.002 -16"><span class='ocrx_word' id='word_1_70' title='bbox 393 1198 491 1264; x_wconf 71' lang='grc' dir='ltr'>τῆς</span> <span class='ocrx_word' id='word_1_71' title='bbox 555 1196 895 1259; x_wconf 80' lang='grc' dir='ltr'>Ἀντωνίας,</span> <span class='ocrx_word' id='word_1_72' title='bbox 965 1195 1239 1265; x_wconf 78' lang='grc' dir='ltr'>ἑπαμύνει</span> <span class='ocrx_word' id='word_1_73' title='bbox 1316 1194 1455 1265; x_wconf 79' lang='grc' dir='ltr'>μετὰ</span> <span class='ocrx_word' id='word_1_74' title='bbox 1512 1194 1627 1246; x_wconf 82' lang='grc' dir='ltr'>τῶν</span> <span class='ocrx_word' id='word_1_75' title='bbox 1677 1194 1981 1247; x_wconf 77' lang='grc' dir='ltr'>ἐπιλέκτων</span> 
     </span>
    </p>
   </div>
   <div class='ocr_carea' id='block_1_13' title="bbox 397 1286 1977 1357">
    <p class='ocr_par' dir='ltr' id='par_1_13' title="bbox 397 1286 1977 1357">
     <span class='ocr_line' id='line_1_13' title="bbox 397 1286 1977 1357; baseline -0.003 -14"><span class='ocrx_word' id='word_1_76' title='bbox 397 1290 628 1343; x_wconf 75' lang='grc' dir='ltr'>ἱππέων.</span> <span class='ocrx_word' id='word_1_77' title='bbox 682 1290 794 1343; x_wconf 77' lang='grc' dir='ltr'>Καὶ</span> <span class='ocrx_word' id='word_1_78' title='bbox 835 1287 1083 1341; x_wconf 81' lang='grc' dir='ltr'>Ἰουδαῖοι</span> <span class='ocrx_word' id='word_1_79' title='bbox 1116 1287 1216 1357; x_wconf 80' lang='grc' dir='ltr'>τὴν</span> <span class='ocrx_word' id='word_1_80' title='bbox 1273 1287 1467 1355; x_wconf 69' lang='grc' dir='ltr'>ἔφοδον</span> <span class='ocrx_word' id='word_1_81' title='bbox 1498 1288 1595 1355; x_wconf 78' lang='grc' dir='ltr'>οὐχ</span> <span class='ocrx_word' id='word_1_82' title='bbox 1647 1286 1977 1354; x_wconf 81' lang='grc' dir='ltr'>ὑπέμειναν,</span> 
     </span>
    </p>
   </div>
   <div class='ocr_carea' id='block_1_14' title="bbox 394 1378 1985 1450">
    <p class='ocr_par' dir='ltr' id='par_1_14' title="bbox 394 1378 1985 1450">
     <span class='ocr_line' id='line_1_14' title="bbox 394 1378 1985 1450; baseline -0.003 -14"><span class='ocrx_word' id='word_1_83' title='bbox 394 1383 510 1437; x_wconf 78' lang='grc' dir='ltr'>ἀλλ’</span> <span class='ocrx_word' id='word_1_84' title='bbox 547 1385 627 1445; x_wconf 86' lang='grc' dir='ltr'>είς</span> <span class='ocrx_word' id='word_1_85' title='bbox 673 1382 732 1435; x_wconf 85' lang='grc' dir='ltr'>τὸ</span> <span class='ocrx_word' id='word_1_86' title='bbox 779 1380 1459 1450; x_wconf 70' lang='grc' dir='ltr'>ἔνδοθ’συνεκλείσθησαν</span> <span class='ocrx_word' id='word_1_87' title='bbox 1521 1378 1686 1449; x_wconf 77' lang='grc' dir='ltr'>ἱερόν.</span> <span class='ocrx_word' id='word_1_88' title='bbox 1736 1378 1985 1448; x_wconf 86' lang='grc' dir='ltr'>Ὑποχω-</span> 
     </span>
    </p>
   </div>
   <div class='ocr_carea' id='block_1_15' title="bbox 397 1472 1986 1547">
    <p class='ocr_par' dir='ltr' id='par_1_15' title="bbox 397 1472 1986 1547">
     <span class='ocr_line' id='line_1_15' title="bbox 397 1472 1986 1547; baseline -0.001 -20"><span class='ocrx_word' id='word_1_89' title='bbox 397 1478 662 1547; x_wconf 61' lang='grc' dir='ltr'>ρξσαντος</span> <span class='ocrx_word' id='word_1_90' title='bbox 706 1474 765 1527; x_wconf 77' lang='grc' dir='ltr'>δὲ</span> <span class='ocrx_word' id='word_1_91' title='bbox 800 1472 963 1527; x_wconf 85' lang='grc' dir='ltr'>Τίτου</span> <span class='ocrx_word' id='word_1_92' title='bbox 996 1474 1132 1544; x_wconf 74' lang='grc' dir='ltr'>πρὸς</span> <span class='ocrx_word' id='word_1_93' title='bbox 1160 1472 1343 1541; x_wconf 82' lang='grc' dir='ltr'>ὀλίγον</span> <span class='ocrx_word' id='word_1_94' title='bbox 1381 1472 1734 1544; x_wconf 64' lang='grc' dir='ltr'>λωφήσαντες</span> <span class='ocrx_word' id='word_1_95' title='bbox 1774 1472 1823 1525; x_wconf 73' lang='grc' dir='ltr'>οἱ</span> <span class='ocrx_word' id='word_1_96' title='bbox 1854 1487 1986 1525; x_wconf 67' lang='grc' dir='ltr'>σταυ</span> 
     </span>
    </p>
   </div>
   <div class='ocr_carea' id='block_1_16' title="bbox 394 1561 1982 1635">
    <p class='ocr_par' dir='ltr' id='par_1_16' title="bbox 394 1561 1982 1635">
     <span class='ocr_line' id='line_1_16' title="bbox 394 1561 1982 1635; baseline -0.003 -17"><span class='ocrx_word' id='word_1_97' title='bbox 394 1568 614 1620; x_wconf 75' lang='grc' dir='ltr'>σιασταὶ</span> <span class='ocrx_word' id='word_1_98' title='bbox 663 1565 831 1620; x_wconf 75' lang='grc' dir='ltr'>πάλιν</span> <span class='ocrx_word' id='word_1_99' title='bbox 878 1565 1177 1635; x_wconf 84' lang='grc' dir='ltr'>Ῥωμαίοις</span> <span class='ocrx_word' id='word_1_100' title='bbox 1224 1563 1603 1618; x_wconf 75' lang='grc' dir='ltr'>ἐπιτίθενταιο</span> <span class='ocrx_word' id='word_1_101' title='bbox 1647 1562 1742 1617; x_wconf 73' lang='grc' dir='ltr'>καὶ</span> <span class='ocrx_word' id='word_1_102' title='bbox 1774 1561 1982 1632; x_wconf 79' lang='grc' dir='ltr'>τρεψά-</span> 
     </span>
    </p>
   </div>
   <div class='ocr_carea' id='block_1_17' title="bbox 398 1654 1983 1727">
    <p class='ocr_par' dir='ltr' id='par_1_17' title="bbox 398 1654 1983 1727">
     <span class='ocr_line' id='line_1_17' title="bbox 398 1654 1983 1727; baseline 0.001 -19"><span class='ocrx_word' id='word_1_103' title='bbox 398 1675 551 1726; x_wconf 64' lang='lat' dir='ltr'><strong>ptum.</strong></span> <span class='ocrx_word' id='word_1_104' title='bbox 588 1658 790 1721; x_wconf 72' lang='grc' dir='ltr'>αὐτοὺς</span> <span class='ocrx_word' id='word_1_105' title='bbox 832 1658 882 1711; x_wconf 90' lang='grc' dir='ltr'>οί</span> <span class='ocrx_word' id='word_1_106' title='bbox 923 1657 1209 1726; x_wconf 67' lang='grc' dir='ltr'>Ῥωμαῖοι,</span> <span class='ocrx_word' id='word_1_107' title='bbox 1242 1656 1405 1727; x_wconf 76' lang='grc' dir='ltr'>μέχρι</span> <span class='ocrx_word' id='word_1_108' title='bbox 1444 1655 1540 1708; x_wconf 88' lang='grc' dir='ltr'>τοῦ</span> <span class='ocrx_word' id='word_1_109' title='bbox 1582 1654 1714 1708; x_wconf 79' lang='grc' dir='ltr'>ναοῦ</span> <span class='ocrx_word' id='word_1_110' title='bbox 1770 1654 1983 1725; x_wconf 72' lang='grc' dir='ltr'>παρῆλ-</span> 
     </span>
    </p>
   </div>
   <div class='ocr_carea' id='block_1_18' title="bbox 397 1747 1983 1819">
    <p class='ocr_par' dir='ltr' id='par_1_18' title="bbox 397 1747 1983 1819">
     <span class='ocr_line' id='line_1_18' title="bbox 397 1747 1983 1819; baseline -0.002 -19"><span class='ocrx_word' id='word_1_111' title='bbox 397 1750 510 1802; x_wconf 75' lang='grc' dir='ltr'>θον.</span> <span class='ocrx_word' id='word_1_112' title='bbox 567 1748 676 1802; x_wconf 79' lang='grc' dir='ltr'>Καί</span> <span class='ocrx_word' id='word_1_113' title='bbox 725 1766 809 1812; x_wconf 86' lang='grc' dir='ltr'>τις</span> <span class='ocrx_word' id='word_1_114' title='bbox 844 1748 955 1801; x_wconf 81' lang='grc' dir='ltr'>τῶν</span> <span class='ocrx_word' id='word_1_115' title='bbox 993 1748 1345 1819; x_wconf 74' lang='grc' dir='ltr'>στρατιωτῶν</span> <span class='ocrx_word' id='word_1_116' title='bbox 1385 1749 1450 1800; x_wconf 85' lang='grc' dir='ltr'>ὲκ</span> <span class='ocrx_word' id='word_1_117' title='bbox 1480 1747 1580 1813; x_wconf 65' lang='grc' dir='ltr'>τῆς</span> <span class='ocrx_word' id='word_1_118' title='bbox 1639 1747 1983 1816; x_wconf 68' lang='grc' dir='ltr'>φλεγομένης</span> 
     </span>
    </p>
   </div>
   <div class='ocr_carea' id='block_1_19' title="bbox 403 1839 1980 1912">
    <p class='ocr_par' dir='ltr' id='par_1_19' title="bbox 403 1839 1980 1912">
     <span class='ocr_line' id='line_1_19' title="bbox 403 1839 1980 1912; baseline -0.001 -19"><span class='ocrx_word' id='word_1_119' title='bbox 403 1840 534 1912; x_wconf 67' lang='grc' dir='ltr'>ὕλης</span> <span class='ocrx_word' id='word_1_120' title='bbox 592 1841 757 1912; x_wconf 85' lang='grc' dir='ltr'>μέρος</span> <span class='ocrx_word' id='word_1_121' title='bbox 806 1841 1142 1912; x_wconf 72' lang='grc' dir='ltr'>διαρπάσας,</span> <span class='ocrx_word' id='word_1_122' title='bbox 1196 1840 1290 1893; x_wconf 71' lang='grc' dir='ltr'>καὶ</span> <span class='ocrx_word' id='word_1_123' title='bbox 1332 1839 1421 1909; x_wconf 78' lang='grc' dir='ltr'>ὑφ’</span> <span class='ocrx_word' id='word_1_124' title='bbox 1454 1840 1641 1911; x_wconf 76' lang='grc' dir='ltr'>ἐτέρου</span> <span class='ocrx_word' id='word_1_125' title='bbox 1678 1841 1980 1908; x_wconf 64' lang='grc' dir='ltr'>ἀνακουφι-</span> 
     </span>
    </p>
   </div>
   <div class='ocr_carea' id='block_1_20' title="bbox 2092 648 3674 729">
    <p class='ocr_par' dir='ltr' id='par_1_20' title="bbox 2092 648 3674 729">
     <span class='ocr_line' id='line_1_20' title="bbox 2092 648 3674 729; baseline 0.007 -26"><span class='ocrx_word' id='word_1_126' title='bbox 2092 648 2252 715; x_wconf 88' lang='lat' dir='ltr'><strong>sisse,</strong></span> <span class='ocrx_word' id='word_1_127' title='bbox 2290 664 2413 704; x_wconf 89' lang='lat' dir='ltr'>cum</span> <span class='ocrx_word' id='word_1_128' title='bbox 2440 648 2668 705; x_wconf 72' lang='lat' dir='ltr'><strong>delect’s</strong></span> <span class='ocrx_word' id='word_1_129' title='bbox 2693 649 2976 720; x_wconf 88' lang='lat' dir='ltr'><strong>equitibus</strong></span> <span class='ocrx_word' id='word_1_130' title='bbox 2999 665 3159 721; x_wconf 88' lang='lat' dir='ltr'><strong>opem</strong></span> <span class='ocrx_word' id='word_1_131' title='bbox 3187 650 3296 708; x_wconf 87' lang='lat' dir='ltr'>illis</span> <span class='ocrx_word' id='word_1_132' title='bbox 3320 655 3445 711; x_wconf 90' lang='lat' dir='ltr'><strong>tulit</strong></span> <span class='ocrx_word' id='word_1_133' title='bbox 3473 674 3486 711; x_wconf 90' lang='lat'><strong>:</strong></span> <span class='ocrx_word' id='word_1_134' title='bbox 3514 659 3674 729; x_wconf 80' lang='lat' dir='ltr'>cujus</span> 
     </span>
    </p>
   </div>
   <div class='ocr_carea' id='block_1_21' title="bbox 2093 741 3674 816">
    <p class='ocr_par' dir='ltr' id='par_1_21' title="bbox 2093 741 3674 816">
     <span class='ocr_line' id='line_1_21' title="bbox 2093 741 3674 816; baseline 0.008 -21"><span class='ocrx_word' id='word_1_135' title='bbox 2093 741 2299 809; x_wconf 91' lang='lat' dir='ltr'><strong>impetu</strong></span> <span class='ocrx_word' id='word_1_136' title='bbox 2351 741 2524 798; x_wconf 61' lang='lat' dir='ltr'><strong>Judaei</strong></span> <span class='ocrx_word' id='word_1_137' title='bbox 2560 741 2941 808; x_wconf 55' lang='lat' dir='ltr'><strong>rti‘ortnidato,</strong></span> <span class='ocrx_word' id='word_1_138' title='bbox 2973 759 3031 799; x_wconf 86' lang='lat' dir='ltr'>se</span> <span class='ocrx_word' id='word_1_139' title='bbox 3067 744 3122 799; x_wconf 89' lang='lat' dir='ltr'>in</span> <span class='ocrx_word' id='word_1_140' title='bbox 3163 748 3364 816; x_wconf 86' lang='lat' dir='ltr'><strong>templo</strong></span> <span class='ocrx_word' id='word_1_141' title='bbox 3422 749 3674 808; x_wconf 83' lang='lat' dir='ltr'><strong>interiori</strong></span> 
     </span>
    </p>
   </div>
   <div class='ocr_carea' id='block_1_22' title="bbox 2090 833 3676 914">
    <p class='ocr_par' dir='ltr' id='par_1_22' title="bbox 2090 833 3676 914">
     <span class='ocr_line' id='line_1_22' title="bbox 2090 833 3676 914; baseline 0.008 -27"><span class='ocrx_word' id='word_1_142' title='bbox 2090 833 2501 889; x_wconf 86' lang='lat' dir='ltr'><strong>concluserunt.</strong></span> <span class='ocrx_word' id='word_1_143' title='bbox 2530 836 2954 906; x_wconf 55' lang='lat' dir='ltr'><strong>RrgrcssoTito,</strong></span> <span class='ocrx_word' id='word_1_144' title='bbox 2974 838 3220 895; x_wconf 72' lang='lat' dir='ltr'><strong>sedit’osi</strong></span> <span class='ocrx_word' id='word_1_145' title='bbox 3242 856 3364 895; x_wconf 93' lang='lat' dir='ltr'>cum</span> <span class='ocrx_word' id='word_1_146' title='bbox 3394 845 3676 914; x_wconf 77' lang='lat' dir='ltr'><strong>paulisper</strong></span> 
     </span>
    </p>
   </div>
   <div class='ocr_carea' id='block_1_23' title="bbox 2090 922 3679 1004">
    <p class='ocr_par' dir='ltr' id='par_1_23' title="bbox 2090 922 3679 1004">
     <span class='ocr_line' id='line_1_23' title="bbox 2090 922 3679 1004; baseline 0.009 -27"><span class='ocrx_word' id='word_1_147' title='bbox 2090 922 2450 994; x_wconf 83' lang='lat' dir='ltr'><strong>quievissent,</strong></span> <span class='ocrx_word' id='word_1_148' title='bbox 2472 927 2655 983; x_wconf 86' lang='lat' dir='ltr'><strong>denuo</strong></span> <span class='ocrx_word' id='word_1_149' title='bbox 2675 929 2955 985; x_wconf 74' lang='lat' dir='ltr'><strong>Rontanos</strong></span> <span class='ocrx_word' id='word_1_150' title='bbox 2972 930 3291 986; x_wconf 85' lang='lat' dir='ltr'><strong>invaserunt</strong></span> <span class='ocrx_word' id='word_1_151' title='bbox 3312 949 3326 986; x_wconf 87' lang='lat'><strong>:</strong></span> <span class='ocrx_word' id='word_1_152' title='bbox 3347 936 3548 1004; x_wconf 83' lang='lat' dir='ltr'><strong>quibus</strong></span> <span class='ocrx_word' id='word_1_153' title='bbox 3568 937 3679 992; x_wconf 82' lang='lat' dir='ltr'>Ru-</span> 
     </span>
    </p>
   </div>
   <div class='ocr_carea' id='block_1_24' title="bbox 2091 1020 3678 1092">
    <p class='ocr_par' dir='ltr' id='par_1_24' title="bbox 2091 1020 3678 1092">
     <span class='ocr_line' id='line_1_24' title="bbox 2091 1020 3678 1092; baseline 0.006 -19"><span class='ocrx_word' id='word_1_154' title='bbox 2091 1021 2237 1092; x_wconf 85' lang='lat' dir='ltr'><strong>mani</strong></span> <span class='ocrx_word' id='word_1_155' title='bbox 2269 1020 2464 1090; x_wconf 86' lang='lat' dir='ltr'><strong>pulsis,</strong></span> <span class='ocrx_word' id='word_1_156' title='bbox 2504 1035 2678 1090; x_wconf 81' lang='lat' dir='ltr'><strong>usque</strong></span> <span class='ocrx_word' id='word_1_157' title='bbox 2711 1020 2778 1075; x_wconf 88' lang='lat' dir='ltr'>ad</span> <span class='ocrx_word' id='word_1_158' title='bbox 2805 1021 3066 1092; x_wconf 89' lang='lat' dir='ltr'><strong>templum</strong></span> <span class='ocrx_word' id='word_1_159' title='bbox 3093 1033 3473 1092; x_wconf 80' lang='lat' dir='ltr'><strong>penetrarunt,</strong></span> <span class='ocrx_word' id='word_1_160' title='bbox 3500 1028 3678 1082; x_wconf 81' lang='lat' dir='ltr'><strong>etmi-</strong></span> 
     </span>
    </p>
   </div>
   <div class='ocr_carea' id='block_1_25' title="bbox 2089 1088 3677 1186">
    <p class='ocr_par' dir='ltr' id='par_1_25' title="bbox 2089 1088 3677 1186">
     <span class='ocr_line' id='line_1_25' title="bbox 2089 1088 3677 1186; baseline 0.006 -21"><span class='ocrx_word' id='word_1_161' title='bbox 2089 1111 2170 1167; x_wconf 93' lang='lat' dir='ltr'>les</span> <span class='ocrx_word' id='word_1_162' title='bbox 2203 1088 2426 1182; x_wconf 65' lang='lat' dir='ltr'><strong>quidam</strong></span> <span class='ocrx_word' id='word_1_163' title='bbox 2456 1088 2603 1169; x_wconf 75' lang='lat' dir='ltr'><strong>torre</strong></span> <span class='ocrx_word' id='word_1_164' title='bbox 2621 1122 2897 1184; x_wconf 86' lang='lat' dir='ltr'><strong>correpto,</strong></span> <span class='ocrx_word' id='word_1_165' title='bbox 2917 1088 3187 1186; x_wconf 47' lang='lat' dir='ltr'><strong>atque—ab</strong></span> <span class='ocrx_word' id='word_1_166' title='bbox 3217 1118 3325 1173; x_wconf 85' lang='lat' dir='ltr'><strong>alio</strong></span> <span class='ocrx_word' id='word_1_167' title='bbox 3357 1120 3677 1177; x_wconf 70' lang='lat' dir='ltr'><strong>sublevatm</strong></span> 
     </span>
    </p>
   </div>
   <div class='ocr_carea' id='block_1_26' title="bbox 2090 1203 3679 1281">
    <p class='ocr_par' dir='ltr' id='par_1_26' title="bbox 2090 1203 3679 1281">
     <span class='ocr_line' id='line_1_26' title="bbox 2090 1203 3679 1281; baseline 0.008 -24"><span class='ocrx_word' id='word_1_168' title='bbox 2090 1203 2271 1275; x_wconf 74' lang='lat' dir='ltr'><strong>ignem</strong></span> <span class='ocrx_word' id='word_1_169' title='bbox 2292 1221 2391 1277; x_wconf 81' lang='lat' dir='ltr'>per</span> <span class='ocrx_word' id='word_1_170' title='bbox 2425 1206 2720 1262; x_wconf 62' lang='lat' dir='ltr'><strong>funestram</strong></span> <span class='ocrx_word' id='word_1_171' title='bbox 2756 1224 2979 1264; x_wconf 85' lang='lat' dir='ltr'><strong>auream</strong></span> <span class='ocrx_word' id='word_1_172' title='bbox 3010 1211 3206 1281; x_wconf 86' lang='lat' dir='ltr'><strong>injicit.</strong></span> <span class='ocrx_word' id='word_1_173' title='bbox 3242 1211 3490 1269; x_wconf 72' lang='lat' dir='ltr'><strong>Excitata</strong></span> <span class='ocrx_word' id='word_1_174' title='bbox 3521 1214 3679 1269; x_wconf 84' lang='lat' dir='ltr'><strong>ﬂam-</strong></span> 
     </span>
    </p>
   </div>
   <div class='ocr_carea' id='block_1_27' title="bbox 2090 1296 3673 1362">
    <p class='ocr_par' dir='ltr' id='par_1_27' title="bbox 2090 1296 3673 1362">
     <span class='ocr_line' id='line_1_27' title="bbox 2090 1296 3673 1362; baseline 0.007 -12"><span class='ocrx_word' id='word_1_175' title='bbox 2090 1311 2203 1361; x_wconf 86' lang='lat' dir='ltr'>ma,</span> <span class='ocrx_word' id='word_1_176' title='bbox 2229 1296 2404 1352; x_wconf 64' lang='lat' dir='ltr'><strong>Judaei</strong></span> <span class='ocrx_word' id='word_1_177' title='bbox 2423 1313 2503 1350; x_wconf 69' lang='lat' dir='ltr'>CXI</span> <span class='ocrx_word' id='word_1_178' title='bbox 2522 1298 2794 1355; x_wconf 78' lang='lat' dir='ltr'><strong>laniantes</strong></span> <span class='ocrx_word' id='word_1_179' title='bbox 2819 1301 2885 1354; x_wconf 87' lang='lat' dir='ltr'>ad</span> <span class='ocrx_word' id='word_1_180' title='bbox 2911 1299 3286 1358; x_wconf 69' lang='lat' dir='ltr'><strong>defensionem</strong></span> <span class='ocrx_word' id='word_1_181' title='bbox 3311 1316 3673 1362; x_wconf 86' lang='lat' dir='ltr'><strong>concurrunt.</strong></span> 
     </span>
    </p>
   </div>
   <div class='ocr_carea' id='block_1_28' title="bbox 2088 1384 3674 1462">
    <p class='ocr_par' dir='ltr' id='par_1_28' title="bbox 2088 1384 3674 1462">
     <span class='ocr_line' id='line_1_28' title="bbox 2088 1384 3674 1462; baseline 0.009 -25"><span class='ocrx_word' id='word_1_182' title='bbox 2088 1384 2209 1451; x_wconf 81' lang='lat' dir='ltr'><strong>Quo</strong></span> <span class='ocrx_word' id='word_1_183' title='bbox 2226 1386 2386 1441; x_wconf 84' lang='lat' dir='ltr'><strong>Titus</strong></span> <span class='ocrx_word' id='word_1_184' title='bbox 2403 1407 2415 1439; x_wconf 87' lang='grc' dir='ltr'>ι</span> <span class='ocrx_word' id='word_1_185' title='bbox 2433 1388 2641 1458; x_wconf 86' lang='lat' dir='ltr'><strong>oguito,</strong></span> <span class='ocrx_word' id='word_1_186' title='bbox 2662 1388 2727 1443; x_wconf 90' lang='lat' dir='ltr'>ad</span> <span class='ocrx_word' id='word_1_187' title='bbox 2750 1389 3012 1460; x_wconf 84' lang='lat' dir='ltr'><strong>templum</strong></span> <span class='ocrx_word' id='word_1_188' title='bbox 3034 1391 3172 1460; x_wconf 82' lang='lat' dir='ltr'><strong>ignis</strong></span> <span class='ocrx_word' id='word_1_189' title='bbox 3188 1392 3377 1462; x_wconf 81' lang='lat' dir='ltr'><strong>proltil</strong></span> <span class='ocrx_word' id='word_1_190' title='bbox 3393 1393 3523 1449; x_wconf 87' lang='lat' dir='ltr'><strong>endi</strong></span> <span class='ocrx_word' id='word_1_191' title='bbox 3540 1411 3674 1452; x_wconf 82' lang='lat' dir='ltr'><strong>cau-</strong></span> 
     </span>
    </p>
   </div>
   <div class='ocr_carea' id='block_1_29' title="bbox 2089 1475 3677 1548">
    <p class='ocr_par' dir='ltr' id='par_1_29' title="bbox 2089 1475 3677 1548">
     <span class='ocr_line' id='line_1_29' title="bbox 2089 1475 3677 1548; baseline 0.008 -20"><span class='ocrx_word' id='word_1_192' title='bbox 2089 1489 2149 1529; x_wconf 86' lang='lat' dir='ltr'>sa</span> <span class='ocrx_word' id='word_1_193' title='bbox 2164 1486 2220 1530; x_wconf 91' lang='lat' dir='ltr'>et</span> <span class='ocrx_word' id='word_1_194' title='bbox 2252 1475 2368 1546; x_wconf 87' lang='lat' dir='ltr'><strong>ipse</strong></span> <span class='ocrx_word' id='word_1_195' title='bbox 2399 1491 2797 1547; x_wconf 89' lang='lat' dir='ltr'><strong>approperaus,</strong></span> <span class='ocrx_word' id='word_1_196' title='bbox 2826 1480 3198 1548; x_wconf 86' lang='lat' dir='ltr'><strong>pugnantibus</strong></span> <span class='ocrx_word' id='word_1_197' title='bbox 3232 1489 3286 1537; x_wconf 89' lang='lat' dir='ltr'>et</span> <span class='ocrx_word' id='word_1_198' title='bbox 3309 1498 3444 1539; x_wconf 85' lang='lat' dir='ltr'><strong>voce</strong></span> <span class='ocrx_word' id='word_1_199' title='bbox 3473 1495 3530 1541; x_wconf 89' lang='lat' dir='ltr'>et</span> <span class='ocrx_word' id='word_1_200' title='bbox 3558 1501 3677 1541; x_wconf 78' lang='lat' dir='ltr'><strong>ma-</strong></span> 
     </span>
    </p>
   </div>
   <div class='ocr_carea' id='block_1_30' title="bbox 2089 1567 3676 1646">
    <p class='ocr_par' dir='ltr' id='par_1_30' title="bbox 2089 1567 3676 1646">
     <span class='ocr_line' id='line_1_30' title="bbox 2089 1567 3676 1646; baseline 0.009 -25"><span class='ocrx_word' id='word_1_201' title='bbox 2089 1583 2162 1621; x_wconf 92' lang='lat' dir='ltr'>nu</span> <span class='ocrx_word' id='word_1_202' title='bbox 2192 1567 2481 1637; x_wconf 79' lang='lat' dir='ltr'><strong>signiﬁcat,</strong></span> <span class='ocrx_word' id='word_1_203' title='bbox 2510 1570 2909 1626; x_wconf 86' lang='lat' dir='ltr'><strong>utineendium</strong></span> <span class='ocrx_word' id='word_1_204' title='bbox 2942 1573 3310 1646; x_wconf 86' lang='lat' dir='ltr'><strong>restinguant.</strong></span> <span class='ocrx_word' id='word_1_205' title='bbox 3336 1575 3446 1633; x_wconf 87' lang='lat' dir='ltr'>Sed</span> <span class='ocrx_word' id='word_1_206' title='bbox 3473 1578 3549 1633; x_wconf 90' lang='lat' dir='ltr'><strong>illi</strong></span> <span class='ocrx_word' id='word_1_207' title='bbox 3571 1594 3676 1635; x_wconf 86' lang='lat' dir='ltr'>nec</span> 
     </span>
    </p>
   </div>
   <div class='ocr_carea' id='block_1_31' title="bbox 2091 1661 3673 1741">
    <p class='ocr_par' dir='ltr' id='par_1_31' title="bbox 2091 1661 3673 1741">
     <span class='ocr_line' id='line_1_31' title="bbox 2091 1661 3673 1741; baseline 0.01 -30"><span class='ocrx_word' id='word_1_208' title='bbox 2091 1674 2281 1713; x_wconf 70' lang='lat' dir='ltr'><strong>vocem</strong></span> <span class='ocrx_word' id='word_1_209' title='bbox 2316 1661 2438 1731; x_wconf 86' lang='lat' dir='ltr'><strong>ejus</strong></span> <span class='ocrx_word' id='word_1_210' title='bbox 2469 1662 2894 1730; x_wconf 83' lang='lat' dir='ltr'><strong>exaudiverunt,</strong></span> <span class='ocrx_word' id='word_1_211' title='bbox 2945 1681 3047 1720; x_wconf 87' lang='lat' dir='ltr'>nec</span> <span class='ocrx_word' id='word_1_212' title='bbox 3073 1682 3267 1723; x_wconf 87' lang='lat' dir='ltr'><strong>manus</strong></span> <span class='ocrx_word' id='word_1_213' title='bbox 3322 1670 3537 1741; x_wconf 85' lang='lat' dir='ltr'><strong>signum</strong></span> <span class='ocrx_word' id='word_1_214' title='bbox 3571 1672 3673 1727; x_wconf 73' lang='lat' dir='ltr'><strong>ob~</strong></span> 
     </span>
    </p>
   </div>
   <div class='ocr_carea' id='block_1_32' title="bbox 2091 1755 3672 1835">
    <p class='ocr_par' dir='ltr' id='par_1_32' title="bbox 2091 1755 3672 1835">
     <span class='ocr_line' id='line_1_32' title="bbox 2091 1755 3672 1835; baseline 0.008 -27"><span class='ocrx_word' id='word_1_215' title='bbox 2091 1763 2405 1808; x_wconf 68' lang='lat' dir='ltr'><strong>Servarunt.</strong></span> <span class='ocrx_word' id='word_1_216' title='bbox 2440 1755 2708 1827; x_wconf 85' lang='lat' dir='ltr'><strong>Legiones</strong></span> <span class='ocrx_word' id='word_1_217' title='bbox 2749 1773 2972 1828; x_wconf 89' lang='lat' dir='ltr'><strong>quoque</strong></span> <span class='ocrx_word' id='word_1_218' title='bbox 3024 1761 3280 1830; x_wconf 62' lang='lat' dir='ltr'><strong>ingressae</strong></span> <span class='ocrx_word' id='word_1_219' title='bbox 3303 1803 3318 1828; x_wconf 99' lang='lat'>,</span> <span class='ocrx_word' id='word_1_220' title='bbox 3355 1763 3512 1835; x_wconf 77' lang='lat'>301</span> <span class='ocrx_word' id='word_1_221' title='bbox 3547 1781 3672 1820; x_wconf 84' lang='lat' dir='ltr'>cum</span> 
     </span>
    </p>
   </div>
   <div class='ocr_carea' id='block_1_33' title="bbox 2093 1844 3676 1916">
    <p class='ocr_par' dir='ltr' id='par_1_33' title="bbox 2093 1844 3676 1916">
     <span class='ocr_line' id='line_1_33' title="bbox 2093 1844 3676 1916; baseline 0.009 -19"><span class='ocrx_word' id='word_1_222' title='bbox 2093 1844 2297 1913; x_wconf 83' lang='lat' dir='ltr'><strong>templo</strong></span> <span class='ocrx_word' id='word_1_223' title='bbox 2315 1846 2839 1916; x_wconf 86' lang='lat' dir='ltr'><strong>appropinquarent,</strong></span> <span class='ocrx_word' id='word_1_224' title='bbox 2864 1847 2972 1902; x_wconf 83' lang='lat' dir='ltr'><strong>Titi</strong></span> <span class='ocrx_word' id='word_1_225' title='bbox 2998 1851 3251 1907; x_wconf 83' lang='lat' dir='ltr'><strong>mandata</strong></span> <span class='ocrx_word' id='word_1_226' title='bbox 3270 1868 3328 1907; x_wconf 85' lang='lat' dir='ltr'>se</span> <span class='ocrx_word' id='word_1_227' title='bbox 3343 1855 3536 1910; x_wconf 88' lang='lat' dir='ltr'><strong>audire</strong></span> <span class='ocrx_word' id='word_1_228' title='bbox 3558 1856 3643 1912; x_wconf 88' lang='lat' dir='ltr'>dis</span> <span class='ocrx_word' id='word_1_229' title='bbox 3661 1884 3676 1896; x_wconf 86' lang='lat'><em>-</em></span> 
     </span>
    </p>
   </div>
   <div class='ocr_carea' id='block_1_34' title="bbox 399 1932 1982 2013">
    <p class='ocr_par' dir='ltr' id='par_1_34' title="bbox 399 1933 1982 2006">
     <span class='ocr_line' id='line_1_34' title="bbox 399 1933 1982 2006; baseline 0 -19"><span class='ocrx_word' id='word_1_230' title='bbox 399 1935 546 1999; x_wconf 73' lang='grc' dir='ltr'>σθεὶς</span> <span class='ocrx_word' id='word_1_231' title='bbox 593 1933 955 2006; x_wconf 86' lang='grc' dir='ltr'>στρατιώτου,</span> <span class='ocrx_word' id='word_1_232' title='bbox 992 1934 1170 2006; x_wconf 73' lang='grc' dir='ltr'>ἐνίησι</span> <span class='ocrx_word' id='word_1_233' title='bbox 1199 1934 1258 1988; x_wconf 86' lang='grc' dir='ltr'>τὺ</span> <span class='ocrx_word' id='word_1_234' title='bbox 1295 1934 1405 2006; x_wconf 86' lang='grc' dir='ltr'>πῦρ</span> <span class='ocrx_word' id='word_1_235' title='bbox 1437 1934 1615 2006; x_wconf 79' lang='grc' dir='ltr'>Θυρίδι</span> <span class='ocrx_word' id='word_1_236' title='bbox 1653 1936 1856 2004; x_wconf 83' lang='grc' dir='ltr'>χρυσῇ.</span> <span class='ocrx_word' id='word_1_237' title='bbox 1889 1933 1982 1987; x_wconf 79' lang='grc' dir='ltr'>Αί-</span> 
     </span>
    </p>
   </div>
   <div class='ocr_carea' id='block_1_35' title="bbox 2087 1932 3675 2013">
    <p class='ocr_par' dir='ltr' id='par_1_35' title="bbox 2089 1939 3675 2013">
     <span class='ocr_line' id='line_1_35' title="bbox 2089 1939 3675 2013; baseline 0.01 -22"><span class='ocrx_word' id='word_1_238' title='bbox 2089 1939 2427 1995; x_wconf 87' lang='lat' dir='ltr'><strong>simulabant</strong></span> <span class='ocrx_word' id='word_1_239' title='bbox 2447 1956 2463 1996; x_wconf 90' lang='lat'><strong>:</strong></span> <span class='ocrx_word' id='word_1_240' title='bbox 2485 1949 2541 1996; x_wconf 90' lang='lat' dir='ltr'>et</span> <span class='ocrx_word' id='word_1_241' title='bbox 2564 1956 2660 1995; x_wconf 92' lang='lat' dir='ltr'>eos</span> <span class='ocrx_word' id='word_1_242' title='bbox 2684 1942 2777 2011; x_wconf 87' lang='lat' dir='ltr'>qui</span> <span class='ocrx_word' id='word_1_243' title='bbox 2803 1943 3190 2012; x_wconf 65' lang='lat' dir='ltr'><strong>prmcedebaut</strong></span> <span class='ocrx_word' id='word_1_244' title='bbox 3211 1945 3592 2013; x_wconf 66' lang='lat' dir='ltr'><strong>hortabantur,</strong></span> <span class='ocrx_word' id='word_1_245' title='bbox 3614 1963 3675 2006; x_wconf 90' lang='lat' dir='ltr'>ut</span> 
     </span>
    </p>
   </div>
   <div class='ocr_carea' id='block_1_36' title="bbox 401 2025 1983 2101">
    <p class='ocr_par' dir='ltr' id='par_1_36' title="bbox 401 2025 1983 2101">
     <span class='ocr_line' id='line_1_36' title="bbox 401 2025 1983 2101; baseline -0.001 -19"><span class='ocrx_word' id='word_1_246' title='bbox 401 2029 638 2101; x_wconf 82' lang='grc' dir='ltr'>ρομένης</span> <span class='ocrx_word' id='word_1_247' title='bbox 689 2028 746 2082; x_wconf 84' lang='grc' dir='ltr'>δὲ</span> <span class='ocrx_word' id='word_1_248' title='bbox 798 2028 899 2098; x_wconf 80' lang='grc' dir='ltr'>τῆς</span> <span class='ocrx_word' id='word_1_249' title='bbox 951 2027 1171 2096; x_wconf 73' lang='grc' dir='ltr'>φλογὸς,</span> <span class='ocrx_word' id='word_1_250' title='bbox 1234 2025 1511 2081; x_wconf 79' lang='grc' dir='ltr'>Ἰουδαίων</span> <span class='ocrx_word' id='word_1_251' title='bbox 1550 2026 1650 2096; x_wconf 82' lang='grc' dir='ltr'>μὲν</span> <span class='ocrx_word' id='word_1_252' title='bbox 1706 2026 1983 2097; x_wconf 75' lang='grc' dir='ltr'>ἐγείρεται</span> 
     </span>
    </p>
   </div>
   <div class='ocr_carea' id='block_1_37' title="bbox 394 2118 1980 2193">
    <p class='ocr_par' dir='ltr' id='par_1_37' title="bbox 394 2118 1980 2193">
     <span class='ocr_line' id='line_1_37' title="bbox 394 2118 1980 2193; baseline -0.002 -19"><span class='ocrx_word' id='word_1_253' title='bbox 394 2121 635 2193; x_wconf 76' lang='grc' dir='ltr'>κραυγὴ,</span> <span class='ocrx_word' id='word_1_254' title='bbox 689 2119 788 2176; x_wconf 76' lang='grc' dir='ltr'>καὶ</span> <span class='ocrx_word' id='word_1_255' title='bbox 838 2121 1096 2173; x_wconf 73' lang='grc' dir='ltr'>συνέθεον</span> <span class='ocrx_word' id='word_1_256' title='bbox 1140 2120 1278 2190; x_wconf 74' lang='grc' dir='ltr'>πρὸς</span> <span class='ocrx_word' id='word_1_257' title='bbox 1305 2118 1406 2191; x_wconf 82' lang='grc' dir='ltr'>τὴν</span> <span class='ocrx_word' id='word_1_258' title='bbox 1436 2119 1674 2190; x_wconf 79' lang='grc' dir='ltr'>ἄμυναν.</span> <span class='ocrx_word' id='word_1_259' title='bbox 1703 2119 1863 2172; x_wconf 72' lang='grc' dir='ltr'>Τῖτος</span> <span class='ocrx_word' id='word_1_260' title='bbox 1921 2118 1980 2171; x_wconf 72' lang='grc' dir='ltr'>δὲ</span> 
     </span>
    </p>
   </div>
   <div class='ocr_carea' id='block_1_38' title="bbox 390 2209 1985 2282">
    <p class='ocr_par' dir='ltr' id='par_1_38' title="bbox 390 2209 1985 2282">
     <span class='ocr_line' id='line_1_38' title="bbox 390 2209 1985 2282; baseline -0.003 -15"><span class='ocrx_word' id='word_1_261' title='bbox 390 2216 576 2282; x_wconf 51' lang='grc' dir='ltr'>γνοὺς,</span> <span class='ocrx_word' id='word_1_262' title='bbox 630 2211 742 2266; x_wconf 76' lang='grc' dir='ltr'>ἔθει</span> <span class='ocrx_word' id='word_1_263' title='bbox 767 2213 906 2280; x_wconf 72' lang='grc' dir='ltr'>πρὸς</span> <span class='ocrx_word' id='word_1_264' title='bbox 946 2212 1037 2265; x_wconf 71' lang='grc' dir='ltr'>τὸν</span> <span class='ocrx_word' id='word_1_265' title='bbox 1065 2211 1193 2265; x_wconf 77' lang='grc' dir='ltr'>ναὸν</span> <span class='ocrx_word' id='word_1_266' title='bbox 1218 2210 1480 2265; x_wconf 79' lang='grc' dir='ltr'>κωλύσων</span> <span class='ocrx_word' id='word_1_267' title='bbox 1513 2211 1574 2263; x_wconf 82' lang='grc' dir='ltr'>τὸ</span> <span class='ocrx_word' id='word_1_268' title='bbox 1605 2209 1739 2281; x_wconf 88' lang='grc' dir='ltr'>πῦρ,</span> <span class='ocrx_word' id='word_1_269' title='bbox 1786 2210 1882 2262; x_wconf 75' lang='grc' dir='ltr'>καὶ</span> <span class='ocrx_word' id='word_1_270' title='bbox 1916 2211 1985 2280; x_wconf 78' lang='grc' dir='ltr'>τῇ</span> 
     </span>
    </p>
   </div>
   <div class='ocr_carea' id='block_1_39' title="bbox 394 2301 1983 2376">
    <p class='ocr_par' dir='ltr' id='par_1_39' title="bbox 394 2301 1983 2376">
     <span class='ocr_line' id='line_1_39' title="bbox 394 2301 1983 2376; baseline -0.003 -17"><span class='ocrx_word' id='word_1_271' title='bbox 394 2310 547 2376; x_wconf 71' lang='grc' dir='ltr'>ςωνῇ</span> <span class='ocrx_word' id='word_1_272' title='bbox 582 2304 678 2358; x_wconf 80' lang='grc' dir='ltr'>καὶ</span> <span class='ocrx_word' id='word_1_273' title='bbox 711 2307 777 2375; x_wconf 79' lang='grc' dir='ltr'>τῇ</span> <span class='ocrx_word' id='word_1_274' title='bbox 814 2304 965 2375; x_wconf 78' lang='grc' dir='ltr'>δεξιᾷ</span> <span class='ocrx_word' id='word_1_275' title='bbox 997 2304 1316 2375; x_wconf 80' lang='grc' dir='ltr'>διεσήμαινε</span> <span class='ocrx_word' id='word_1_276' title='bbox 1382 2304 1497 2366; x_wconf 89' lang='grc' dir='ltr'>τοῖς</span> <span class='ocrx_word' id='word_1_277' title='bbox 1552 2302 1887 2373; x_wconf 76' lang='grc' dir='ltr'>μαχομένοις</span> <span class='ocrx_word' id='word_1_278' title='bbox 1922 2301 1983 2354; x_wconf 75' lang='grc' dir='ltr'>τὸ</span> 
     </span>
    </p>
   </div>
   <div class='ocr_carea' id='block_1_40' title="bbox 396 2392 1982 2469">
    <p class='ocr_par' dir='ltr' id='par_1_40' title="bbox 396 2392 1982 2469">
     <span class='ocr_line' id='line_1_40' title="bbox 396 2392 1982 2469; baseline -0.004 -18"><span class='ocrx_word' id='word_1_279' title='bbox 396 2396 508 2469; x_wconf 86' lang='grc' dir='ltr'>πῦρ</span> <span class='ocrx_word' id='word_1_280' title='bbox 555 2397 857 2451; x_wconf 83' lang='grc' dir='ltr'>σϐεννύειν.</span> <span class='ocrx_word' id='word_1_281' title='bbox 891 2396 1030 2449; x_wconf 84' lang='grc' dir='ltr'>Οῦτε</span> <span class='ocrx_word' id='word_1_282' title='bbox 1068 2395 1124 2449; x_wconf 82' lang='grc' dir='ltr'>δὲ</span> <span class='ocrx_word' id='word_1_283' title='bbox 1162 2394 1396 2466; x_wconf 86' lang='grc' dir='ltr'>βοῶντος</span> <span class='ocrx_word' id='word_1_284' title='bbox 1442 2394 1662 2464; x_wconf 76' lang='grc' dir='ltr'>ἤκουον,</span> <span class='ocrx_word' id='word_1_285' title='bbox 1701 2392 1827 2447; x_wconf 79' lang='grc' dir='ltr'>οὔτε</span> <span class='ocrx_word' id='word_1_286' title='bbox 1882 2393 1982 2461; x_wconf 80' lang='grc' dir='ltr'>τῆς</span> 
     </span>
    </p>
   </div>
   <div class='ocr_carea' id='block_1_41' title="bbox 396 2485 1983 2560">
    <p class='ocr_par' dir='ltr' id='par_1_41' title="bbox 396 2485 1983 2560">
     <span class='ocr_line' id='line_1_41' title="bbox 396 2485 1983 2560; baseline -0.003 -17"><span class='ocrx_word' id='word_1_287' title='bbox 396 2490 584 2560; x_wconf 73' lang='grc' dir='ltr'>χειρὸς</span> <span class='ocrx_word' id='word_1_288' title='bbox 634 2492 928 2559; x_wconf 79' lang='grc' dir='ltr'>προσεῖχον</span> <span class='ocrx_word' id='word_1_289' title='bbox 982 2490 1096 2550; x_wconf 84' lang='grc' dir='ltr'>τοῖς</span> <span class='ocrx_word' id='word_1_290' title='bbox 1155 2486 1416 2554; x_wconf 81' lang='grc' dir='ltr'>νεύμασι.</span> <span class='ocrx_word' id='word_1_291' title='bbox 1470 2485 1553 2539; x_wconf 84' lang='grc' dir='ltr'>Τὰ</span> <span class='ocrx_word' id='word_1_292' title='bbox 1605 2486 1663 2539; x_wconf 85' lang='grc' dir='ltr'>δὲ</span> <span class='ocrx_word' id='word_1_293' title='bbox 1721 2486 1983 2555; x_wconf 85' lang='grc' dir='ltr'>τάγματα</span> 
     </span>
    </p>
   </div>
   <div class='ocr_carea' id='block_1_42' title="bbox 395 2564 1983 2652">
    <p class='ocr_par' dir='ltr' id='par_1_42' title="bbox 395 2564 1983 2652">
     <span class='ocr_line' id='line_1_42' title="bbox 395 2564 1983 2652; baseline -0.003 -18"><span class='ocrx_word' id='word_1_294' title='bbox 395 2582 635 2636; x_wconf 80' lang='grc' dir='ltr'>εἰσιόντα</span> <span class='ocrx_word' id='word_1_295' title='bbox 663 2583 759 2635; x_wconf 79' lang='grc' dir='ltr'>καὶ</span> <span class='ocrx_word' id='word_1_296' title='bbox 792 2564 868 2652; x_wconf 73' lang='grc' dir='ltr'>τῷ</span> <span class='ocrx_word' id='word_1_297' title='bbox 911 2580 1027 2651; x_wconf 75' lang='grc' dir='ltr'>ναῷ</span> <span class='ocrx_word' id='word_1_298' title='bbox 1066 2580 1441 2650; x_wconf 74' lang='grc' dir='ltr'>πλησιάζοντα</span> <span class='ocrx_word' id='word_1_299' title='bbox 1478 2579 1588 2634; x_wconf 82' lang='grc' dir='ltr'>τῶν</span> <span class='ocrx_word' id='word_1_300' title='bbox 1632 2578 1730 2648; x_wconf 82' lang='grc' dir='ltr'>μὲν</span> <span class='ocrx_word' id='word_1_301' title='bbox 1758 2578 1852 2632; x_wconf 87' lang='grc' dir='ltr'>τοῦ</span> <span class='ocrx_word' id='word_1_302' title='bbox 1888 2579 1983 2631; x_wconf 86' lang='grc' dir='ltr'>Τί-</span> 
     </span>
    </p>
   </div>
   <div class='ocr_carea' id='block_1_43' title="bbox 395 2670 1980 2746">
    <p class='ocr_par' dir='ltr' id='par_1_43' title="bbox 395 2670 1980 2746">
     <span class='ocr_line' id='line_1_43' title="bbox 395 2670 1980 2746; baseline -0.002 -19"><span class='ocrx_word' id='word_1_303' title='bbox 395 2692 492 2728; x_wconf 79' lang='grc' dir='ltr'>τον</span> <span class='ocrx_word' id='word_1_304' title='bbox 537 2672 1024 2746; x_wconf 79' lang='grc' dir='ltr'>παραγγελμάτων</span> <span class='ocrx_word' id='word_1_305' title='bbox 1079 2671 1512 2744; x_wconf 79' lang='grc' dir='ltr'>προσεποιοῦντο</span> <span class='ocrx_word' id='word_1_306' title='bbox 1545 2671 1684 2743; x_wconf 79' lang='grc' dir='ltr'>μηδὲ</span> <span class='ocrx_word' id='word_1_307' title='bbox 1725 2670 1980 2737; x_wconf 77' lang='grc' dir='ltr'>ἀκούειν,</span> 
     </span>
    </p>
   </div>
   <div class='ocr_carea' id='block_1_44' title="bbox 396 2764 1978 2838">
    <p class='ocr_par' dir='ltr' id='par_1_44' title="bbox 396 2764 1978 2838">
     <span class='ocr_line' id='line_1_44' title="bbox 396 2764 1978 2838; baseline -0.002 -17"><span class='ocrx_word' id='word_1_308' title='bbox 396 2770 512 2832; x_wconf 87' lang='grc' dir='ltr'>τοῖς</span> <span class='ocrx_word' id='word_1_309' title='bbox 566 2767 673 2838; x_wconf 69' lang='grc' dir='ltr'>πρὸ</span> <span class='ocrx_word' id='word_1_310' title='bbox 719 2766 901 2821; x_wconf 80' lang='grc' dir='ltr'>αὐτῶν</span> <span class='ocrx_word' id='word_1_311' title='bbox 958 2765 1016 2818; x_wconf 75' lang='grc' dir='ltr'>δὲ</span> <span class='ocrx_word' id='word_1_312' title='bbox 1074 2765 1185 2837; x_wconf 90' lang='grc' dir='ltr'>πῦρ</span> <span class='ocrx_word' id='word_1_313' title='bbox 1235 2765 1437 2820; x_wconf 79' lang='grc' dir='ltr'>ἐνιέναι</span> <span class='ocrx_word' id='word_1_314' title='bbox 1496 2764 1932 2834; x_wconf 77' lang='grc' dir='ltr'>παρεκελεύοντο</span> <span class='ocrx_word' id='word_1_315' title='bbox 1964 2780 1978 2793; x_wconf 91' lang='grc'>·</span> 
     </span>
    </p>
   </div>
   <div class='ocr_carea' id='block_1_45' title="bbox 391 2855 1983 2932">
    <p class='ocr_par' dir='ltr' id='par_1_45' title="bbox 391 2855 1983 2932">
     <span class='ocr_line' id='line_1_45' title="bbox 391 2855 1983 2932; baseline -0.004 -18"><span class='ocrx_word' id='word_1_316' title='bbox 391 2861 676 2932; x_wconf 74' lang='grc' dir='ltr'>ἀμηχανία</span> <span class='ocrx_word' id='word_1_317' title='bbox 729 2859 776 2913; x_wconf 77' lang='grc' dir='ltr'>δ’</span> <span class='ocrx_word' id='word_1_318' title='bbox 800 2855 869 2929; x_wconf 74' lang='grc' dir='ltr'>ἦν</span> <span class='ocrx_word' id='word_1_319' title='bbox 898 2861 1012 2923; x_wconf 89' lang='grc' dir='ltr'>τοῖς</span> <span class='ocrx_word' id='word_1_320' title='bbox 1046 2860 1427 2923; x_wconf 79' lang='grc' dir='ltr'>στασιασταῖς,</span> <span class='ocrx_word' id='word_1_321' title='bbox 1457 2857 1792 2929; x_wconf 74' lang='grc' dir='ltr'>ἀπειρηκόσι</span> <span class='ocrx_word' id='word_1_322' title='bbox 1846 2855 1983 2928; x_wconf 84' lang='grc' dir='ltr'>πρὸς</span> 
     </span>
    </p>
   </div>
   <div class='ocr_carea' id='block_1_46' title="bbox 392 2947 1983 3022">
    <p class='ocr_par' dir='ltr' id='par_1_46' title="bbox 392 2947 1983 3022">
     <span class='ocr_line' id='line_1_46' title="bbox 392 2947 1983 3022; baseline -0.002 -18"><span class='ocrx_word' id='word_1_323' title='bbox 392 2952 632 3021; x_wconf 81' lang='grc' dir='ltr'>ἄμυναν,</span> <span class='ocrx_word' id='word_1_324' title='bbox 669 2950 766 3004; x_wconf 75' lang='grc' dir='ltr'>καὶ</span> <span class='ocrx_word' id='word_1_325' title='bbox 801 2951 963 3019; x_wconf 83' lang='grc' dir='ltr'>φόνος</span> <span class='ocrx_word' id='word_1_326' title='bbox 1014 2950 1296 3019; x_wconf 84' lang='grc' dir='ltr'>πανταχοῦ</span> <span class='ocrx_word' id='word_1_327' title='bbox 1332 2950 1428 3004; x_wconf 79' lang='grc' dir='ltr'>καὶ</span> <span class='ocrx_word' id='word_1_328' title='bbox 1470 2950 1677 3022; x_wconf 88' lang='grc' dir='ltr'>τροπή.</span> <span class='ocrx_word' id='word_1_329' title='bbox 1708 2947 1868 3012; x_wconf 85' lang='grc' dir='ltr'>Τῖτός</span> <span class='ocrx_word' id='word_1_330' title='bbox 1919 2964 1983 3016; x_wconf 88' lang='grc' dir='ltr'>γε</span> 
     </span>
    </p>
   </div>
   <div class='ocr_carea' id='block_1_47' title="bbox 399 3039 1983 3113">
    <p class='ocr_par' dir='ltr' id='par_1_47' title="bbox 399 3039 1983 3113">
     <span class='ocr_line' id='line_1_47' title="bbox 399 3039 1983 3113; baseline 0.001 -20"><span class='ocrx_word' id='word_1_331' title='bbox 399 3045 508 3113; x_wconf 79' lang='grc' dir='ltr'>μὴν</span> <span class='ocrx_word' id='word_1_332' title='bbox 537 3041 611 3105; x_wconf 81' lang='grc' dir='ltr'>ὠς</span> <span class='ocrx_word' id='word_1_333' title='bbox 639 3040 765 3097; x_wconf 80' lang='grc' dir='ltr'>οὕτε</span> <span class='ocrx_word' id='word_1_334' title='bbox 795 3042 895 3105; x_wconf 85' lang='grc' dir='ltr'>τὰς</span> <span class='ocrx_word' id='word_1_335' title='bbox 924 3042 1106 3111; x_wconf 78' lang='grc' dir='ltr'>ὁρμὰς</span> <span class='ocrx_word' id='word_1_336' title='bbox 1135 3042 1245 3094; x_wconf 85' lang='grc' dir='ltr'>τῶν</span> <span class='ocrx_word' id='word_1_337' title='bbox 1273 3040 1629 3112; x_wconf 83' lang='grc' dir='ltr'>στρατιωτῶν</span> <span class='ocrx_word' id='word_1_338' title='bbox 1656 3039 1983 3095; x_wconf 77' lang='grc' dir='ltr'>ἐνθουσιών-</span> 
     </span>
    </p>
   </div>
   <div class='ocr_carea' id='block_1_48' title="bbox 396 3130 1980 3206">
    <p class='ocr_par' dir='ltr' id='par_1_48' title="bbox 396 3130 1980 3206">
     <span class='ocr_line' id='line_1_48' title="bbox 396 3130 1980 3206; baseline -0.001 -18"><span class='ocrx_word' id='word_1_339' title='bbox 396 3153 526 3197; x_wconf 83' lang='grc' dir='ltr'>των,</span> <span class='ocrx_word' id='word_1_340' title='bbox 557 3130 671 3198; x_wconf 76' lang='grc' dir='ltr'>οἷός</span> <span class='ocrx_word' id='word_1_341' title='bbox 699 3152 758 3188; x_wconf 93' lang='grc' dir='ltr'>τε</span> <span class='ocrx_word' id='word_1_342' title='bbox 790 3130 859 3206; x_wconf 80' lang='grc' dir='ltr'>ἦν</span> <span class='ocrx_word' id='word_1_343' title='bbox 890 3136 1210 3205; x_wconf 76' lang='grc' dir='ltr'>κατασχεῖν,</span> <span class='ocrx_word' id='word_1_344' title='bbox 1261 3136 1358 3188; x_wconf 81' lang='grc' dir='ltr'>καὶ</span> <span class='ocrx_word' id='word_1_345' title='bbox 1390 3135 1453 3188; x_wconf 75' lang='grc' dir='ltr'>τὸ</span> <span class='ocrx_word' id='word_1_346' title='bbox 1499 3133 1612 3205; x_wconf 92' lang='grc' dir='ltr'>πῦρ</span> <span class='ocrx_word' id='word_1_347' title='bbox 1663 3133 1980 3204; x_wconf 74' lang='grc' dir='ltr'>ἐπεκράτει,</span> 
     </span>
    </p>
   </div>
   <div class='ocr_carea' id='block_1_49' title="bbox 396 3225 1980 3299">
    <p class='ocr_par' dir='ltr' id='par_1_49' title="bbox 396 3225 1980 3299">
     <span class='ocr_line' id='line_1_49' title="bbox 396 3225 1980 3299; baseline -0.001 -19"><span class='ocrx_word' id='word_1_348' title='bbox 396 3227 689 3299; x_wconf 83' lang='grc' dir='ltr'>παρελθὼν</span> <span class='ocrx_word' id='word_1_349' title='bbox 740 3228 882 3299; x_wconf 72' lang='grc' dir='ltr'>μετὰ</span> <span class='ocrx_word' id='word_1_350' title='bbox 910 3230 1020 3281; x_wconf 77' lang='grc' dir='ltr'>τῶν</span> <span class='ocrx_word' id='word_1_351' title='bbox 1055 3226 1343 3299; x_wconf 81' lang='grc' dir='ltr'>ἡγεμόνων</span> <span class='ocrx_word' id='word_1_352' title='bbox 1394 3225 1662 3281; x_wconf 71' lang='grc' dir='ltr'>ἐθεάσατο</span> <span class='ocrx_word' id='word_1_353' title='bbox 1699 3225 1793 3280; x_wconf 85' lang='grc' dir='ltr'>τοῦ</span> <span class='ocrx_word' id='word_1_354' title='bbox 1842 3225 1980 3279; x_wconf 83' lang='grc' dir='ltr'>Θεοῦ</span> 
     </span>
    </p>
   </div>
   <div class='ocr_carea' id='block_1_50' title="bbox 2086 2028 3675 2108">
    <p class='ocr_par' dir='ltr' id='par_1_50' title="bbox 2086 2028 3675 2108">
     <span class='ocr_line' id='line_1_50' title="bbox 2086 2028 3675 2108; baseline 0.007 -25"><span class='ocrx_word' id='word_1_355' title='bbox 2086 2028 2270 2101; x_wconf 81' lang='lat' dir='ltr'><strong>ignem</strong></span> <span class='ocrx_word' id='word_1_356' title='bbox 2297 2031 2829 2103; x_wconf 60' lang='lat' dir='ltr'><strong>injicereiit.:ltaqtte</strong></span> <span class='ocrx_word' id='word_1_357' title='bbox 2850 2034 3097 2091; x_wconf 91' lang='lat' dir='ltr'><strong>seditiosi</strong></span> <span class='ocrx_word' id='word_1_358' title='bbox 3127 2038 3500 2108; x_wconf 89' lang='lat' dir='ltr'><strong>propulsando</strong></span> <span class='ocrx_word' id='word_1_359' title='bbox 3520 2043 3675 2095; x_wconf 80' lang='lat' dir='ltr'><strong>hoste</strong></span> 
     </span>
    </p>
   </div>
   <div class='ocr_carea' id='block_1_51' title="bbox 2089 2121 3675 2198">
    <p class='ocr_par' dir='ltr' id='par_1_51' title="bbox 2089 2121 3675 2198">
     <span class='ocr_line' id='line_1_51' title="bbox 2089 2121 3675 2198; baseline 0.008 -25"><span class='ocrx_word' id='word_1_360' title='bbox 2089 2121 2321 2192; x_wconf 78' lang='lat' dir='ltr'><strong>fatigati,</strong></span> <span class='ocrx_word' id='word_1_361' title='bbox 2354 2124 2569 2178; x_wconf 88' lang='lat' dir='ltr'><strong>consilii</strong></span> <span class='ocrx_word' id='word_1_362' title='bbox 2603 2124 2815 2195; x_wconf 87' lang='lat' dir='ltr'><strong>inopes.</strong></span> <span class='ocrx_word' id='word_1_363' title='bbox 2848 2127 3053 2196; x_wconf 81' lang='lat' dir='ltr'><strong>passim</strong></span> <span class='ocrx_word' id='word_1_364' title='bbox 3083 2127 3384 2198; x_wconf 79' lang='lat' dir='ltr'><strong>fugiebant,</strong></span> <span class='ocrx_word' id='word_1_365' title='bbox 3415 2138 3468 2183; x_wconf 83' lang='lat' dir='ltr'>et</span> <span class='ocrx_word' id='word_1_366' title='bbox 3498 2130 3675 2186; x_wconf 63' lang='lat' dir='ltr'><strong>crede-</strong></span> 
     </span>
    </p>
   </div>
   <div class='ocr_carea' id='block_1_52' title="bbox 2088 2210 3676 2283">
    <p class='ocr_par' dir='ltr' id='par_1_52' title="bbox 2088 2210 3676 2283">
     <span class='ocr_line' id='line_1_52' title="bbox 2088 2210 3676 2283; baseline 0.007 -19"><span class='ocrx_word' id='word_1_367' title='bbox 2088 2212 2308 2265; x_wconf 88' lang='lat' dir='ltr'><strong>bantur.</strong></span> <span class='ocrx_word' id='word_1_368' title='bbox 2362 2210 2520 2266; x_wconf 89' lang='lat' dir='ltr'><strong>Titus</strong></span> <span class='ocrx_word' id='word_1_369' title='bbox 2552 2228 2684 2266; x_wconf 83' lang='lat' dir='ltr'><strong>vero</strong></span> <span class='ocrx_word' id='word_1_370' title='bbox 2719 2228 2843 2268; x_wconf 91' lang='lat' dir='ltr'>cum</span> <span class='ocrx_word' id='word_1_371' title='bbox 2896 2213 3164 2283; x_wconf 86' lang='lat' dir='ltr'><strong>impetum</strong></span> <span class='ocrx_word' id='word_1_372' title='bbox 3208 2217 3445 2276; x_wconf 88' lang='lat' dir='ltr'><strong>militum</strong></span> <span class='ocrx_word' id='word_1_373' title='bbox 3486 2218 3676 2275; x_wconf 80' lang='lat' dir='ltr'><strong>furore</strong></span> 
     </span>
    </p>
   </div>
   <div class='ocr_carea' id='block_1_53' title="bbox 2085 2302 3676 2380">
    <p class='ocr_par' dir='ltr' id='par_1_53' title="bbox 2085 2302 3676 2380">
     <span class='ocr_line' id='line_1_53' title="bbox 2085 2302 3676 2380; baseline 0.009 -26"><span class='ocrx_word' id='word_1_374' title='bbox 2085 2302 2325 2371; x_wconf 87' lang='lat' dir='ltr'><strong>quodam</strong></span> <span class='ocrx_word' id='word_1_375' title='bbox 2388 2305 2722 2361; x_wconf 86' lang='lat' dir='ltr'><strong>irruentium</strong></span> <span class='ocrx_word' id='word_1_376' title='bbox 2794 2306 3095 2376; x_wconf 84' lang='lat' dir='ltr'><strong>reprimere</strong></span> <span class='ocrx_word' id='word_1_377' title='bbox 3145 2323 3255 2363; x_wconf 89' lang='lat' dir='ltr'>non</span> <span class='ocrx_word' id='word_1_378' title='bbox 3312 2320 3539 2380; x_wconf 83' lang='lat' dir='ltr'><strong>posset,</strong></span> <span class='ocrx_word' id='word_1_379' title='bbox 3586 2321 3676 2369; x_wconf 82' lang='lat' dir='ltr'><strong>at-</strong></span> 
     </span>
    </p>
   </div>
   <div class='ocr_carea' id='block_1_54' title="bbox 2084 2394 3675 2467">
    <p class='ocr_par' dir='ltr' id='par_1_54' title="bbox 2084 2394 3675 2467">
     <span class='ocr_line' id='line_1_54' title="bbox 2084 2394 3675 2467; baseline 0.009 -20"><span class='ocrx_word' id='word_1_380' title='bbox 2084 2410 2192 2464; x_wconf 86' lang='lat' dir='ltr'>que</span> <span class='ocrx_word' id='word_1_381' title='bbox 2234 2394 2553 2450; x_wconf 87' lang='lat' dir='ltr'><strong>incendium</strong></span> <span class='ocrx_word' id='word_1_382' title='bbox 2605 2406 2934 2467; x_wconf 58' lang='lat' dir='ltr'><strong>augeretur,</strong></span> <span class='ocrx_word' id='word_1_383' title='bbox 2980 2413 3105 2453; x_wconf 90' lang='lat' dir='ltr'>cum</span> <span class='ocrx_word' id='word_1_384' title='bbox 3140 2399 3376 2457; x_wconf 86' lang='lat' dir='ltr'><strong>ducibus</strong></span> <span class='ocrx_word' id='word_1_385' title='bbox 3415 2403 3510 2459; x_wconf 91' lang='lat' dir='ltr'><strong>Dei</strong></span> <span class='ocrx_word' id='word_1_386' title='bbox 3546 2418 3675 2461; x_wconf 84' lang='lat' dir='ltr'><strong>san-</strong></span> 
     </span>
    </p>
   </div>
   <div class='ocr_carea' id='block_1_55' title="bbox 2084 2486 3674 2567">
    <p class='ocr_par' dir='ltr' id='par_1_55' title="bbox 2084 2486 3674 2567">
     <span class='ocr_line' id='line_1_55' title="bbox 2084 2486 3674 2567; baseline 0.009 -28"><span class='ocrx_word' id='word_1_387' title='bbox 2084 2486 2381 2553; x_wconf 89' lang='lat' dir='ltr'><strong>ctuarium,</strong></span> <span class='ocrx_word' id='word_1_388' title='bbox 2407 2496 2461 2542; x_wconf 91' lang='lat' dir='ltr'>et</span> <span class='ocrx_word' id='word_1_389' title='bbox 2490 2488 2760 2558; x_wconf 85' lang='lat' dir='ltr'><strong>quidquid</strong></span> <span class='ocrx_word' id='word_1_390' title='bbox 2788 2490 2841 2542; x_wconf 90' lang='lat' dir='ltr'>in</span> <span class='ocrx_word' id='word_1_391' title='bbox 2867 2505 2931 2544; x_wconf 90' lang='lat' dir='ltr'>eo</span> <span class='ocrx_word' id='word_1_392' title='bbox 2953 2489 3081 2555; x_wconf 84' lang='lat' dir='ltr'><strong>fu&#39;t,</strong></span> <span class='ocrx_word' id='word_1_393' title='bbox 3112 2494 3387 2561; x_wconf 84' lang='lat' dir='ltr'><strong>spectavit</strong></span> <span class='ocrx_word' id='word_1_394' title='bbox 3418 2512 3433 2551; x_wconf 89' lang='lat'><strong>:</strong></span> <span class='ocrx_word' id='word_1_395' title='bbox 3464 2503 3519 2551; x_wconf 91' lang='lat' dir='ltr'>et</span> <span class='ocrx_word' id='word_1_396' title='bbox 3543 2497 3674 2567; x_wconf 91' lang='lat' dir='ltr'><strong>quia</strong></span> 
     </span>
    </p>
   </div>
   <div class='ocr_carea' id='block_1_56' title="bbox 2085 2576 3675 2652">
    <p class='ocr_par' dir='ltr' id='par_1_56' title="bbox 2085 2576 3675 2652">
     <span class='ocr_line' id='line_1_56' title="bbox 2085 2576 3675 2652; baseline 0.009 -22"><span class='ocrx_word' id='word_1_397' title='bbox 2085 2576 2302 2631; x_wconf 83' lang='lat' dir='ltr'><strong>ﬂamma</strong></span> <span class='ocrx_word' id='word_1_398' title='bbox 2353 2578 2599 2633; x_wconf 89' lang='lat' dir='ltr'><strong>nondum</strong></span> <span class='ocrx_word' id='word_1_399' title='bbox 2652 2580 2950 2636; x_wconf 77' lang='lat' dir='ltr'><strong>introrsum</strong></span> <span class='ocrx_word' id='word_1_400' title='bbox 2983 2591 3329 2652; x_wconf 84' lang='lat' dir='ltr'><strong>penetrasset</strong></span> <span class='ocrx_word' id='word_1_401' title='bbox 3352 2624 3368 2650; x_wconf 97' lang='lat'>,</span> <span class='ocrx_word' id='word_1_402' title='bbox 3400 2587 3497 2642; x_wconf 91' lang='lat' dir='ltr'>sed</span> <span class='ocrx_word' id='word_1_403' title='bbox 3527 2588 3675 2644; x_wconf 58' lang='lat' dir='ltr'><strong>aedes</strong></span> 
     </span>
    </p>
   </div>
   <div class='ocr_carea' id='block_1_57' title="bbox 2084 2669 3671 2749">
    <p class='ocr_par' dir='ltr' id='par_1_57' title="bbox 2084 2669 3671 2749">
     <span class='ocr_line' id='line_1_57' title="bbox 2084 2669 3671 2749; baseline 0.009 -29"><span class='ocrx_word' id='word_1_404' title='bbox 2084 2685 2208 2739; x_wconf 69' lang='lat' dir='ltr'><strong>qua:</strong></span> <span class='ocrx_word' id='word_1_405' title='bbox 2248 2669 2303 2724; x_wconf 90' lang='lat' dir='ltr'>in</span> <span class='ocrx_word' id='word_1_406' title='bbox 2343 2670 2530 2741; x_wconf 87' lang='lat' dir='ltr'><strong>templi</strong></span> <span class='ocrx_word' id='word_1_407' title='bbox 2565 2671 2800 2727; x_wconf 88' lang='lat' dir='ltr'><strong>circuitu</strong></span> <span class='ocrx_word' id='word_1_408' title='bbox 2832 2683 2983 2739; x_wconf 88' lang='lat' dir='ltr'><strong>sunt,</strong></span> <span class='ocrx_word' id='word_1_409' title='bbox 3029 2674 3398 2745; x_wconf 74' lang='lat' dir='ltr'><strong>du-pascebat,</strong></span> <span class='ocrx_word' id='word_1_410' title='bbox 3431 2692 3573 2749; x_wconf 84' lang='lat' dir='ltr'><strong>opus</strong></span> <span class='ocrx_word' id='word_1_411' title='bbox 3600 2680 3671 2736; x_wconf 80' lang='lat' dir='ltr'><strong>il—</strong></span> 
     </span>
    </p>
   </div>
   <div class='ocr_carea' id='block_1_58' title="bbox 2084 2760 3672 2839">
    <p class='ocr_par' dir='ltr' id='par_1_58' title="bbox 2084 2760 3672 2839">
     <span class='ocr_line' id='line_1_58' title="bbox 2084 2760 3672 2839; baseline 0.011 -27"><span class='ocrx_word' id='word_1_412' title='bbox 2084 2760 2178 2814; x_wconf 91' lang='lat' dir='ltr'>lud</span> <span class='ocrx_word' id='word_1_413' title='bbox 2200 2761 2382 2817; x_wconf 89' lang='lat' dir='ltr'><strong>adhuc</strong></span> <span class='ocrx_word' id='word_1_414' title='bbox 2409 2763 2723 2818; x_wconf 79' lang='lat' dir='ltr'><strong>conservari</strong></span> <span class='ocrx_word' id='word_1_415' title='bbox 2743 2780 2904 2835; x_wconf 86' lang='lat' dir='ltr'><strong>posse</strong></span> <span class='ocrx_word' id='word_1_416' title='bbox 2931 2774 3108 2832; x_wconf 85' lang='lat' dir='ltr'><strong>ratus,</strong></span> <span class='ocrx_word' id='word_1_417' title='bbox 3134 2782 3362 2837; x_wconf 89' lang='lat' dir='ltr'><strong>operam</strong></span> <span class='ocrx_word' id='word_1_418' title='bbox 3389 2770 3580 2839; x_wconf 84' lang='lat' dir='ltr'><strong>dedit,</strong></span> <span class='ocrx_word' id='word_1_419' title='bbox 3611 2784 3672 2829; x_wconf 85' lang='lat' dir='ltr'>ut</span> 
     </span>
    </p>
   </div>
   <div class='ocr_carea' id='block_1_59' title="bbox 2087 2851 3669 2928">
    <p class='ocr_par' dir='ltr' id='par_1_59' title="bbox 2087 2851 3669 2928">
     <span class='ocr_line' id='line_1_59' title="bbox 2087 2851 3669 2928; baseline 0.01 -24"><span class='ocrx_word' id='word_1_420' title='bbox 2087 2851 2289 2907; x_wconf 86' lang='lat' dir='ltr'><strong>milites</strong></span> <span class='ocrx_word' id='word_1_421' title='bbox 2314 2852 2383 2907; x_wconf 87' lang='lat' dir='ltr'>ad</span> <span class='ocrx_word' id='word_1_422' title='bbox 2414 2854 2863 2926; x_wconf 86' lang='lat' dir='ltr'><strong>restinguendum</strong></span> <span class='ocrx_word' id='word_1_423' title='bbox 2902 2857 3220 2914; x_wconf 89' lang='lat' dir='ltr'><strong>incendium</strong></span> <span class='ocrx_word' id='word_1_424' title='bbox 3258 2861 3669 2928; x_wconf 81' lang='lat' dir='ltr'><strong>exhortaretur,</strong></span> 
     </span>
    </p>
   </div>
   <div class='ocr_carea' id='block_1_60' title="bbox 2085 2944 3673 3024">
    <p class='ocr_par' dir='ltr' id='par_1_60' title="bbox 2085 2944 3673 3024">
     <span class='ocr_line' id='line_1_60' title="bbox 2085 2944 3673 3024; baseline 0.011 -29"><span class='ocrx_word' id='word_1_425' title='bbox 2085 2949 2140 2996; x_wconf 89' lang='lat' dir='ltr'>et</span> <span class='ocrx_word' id='word_1_426' title='bbox 2174 2944 2466 3013; x_wconf 87' lang='lat' dir='ltr'><strong>quemdam</strong></span> <span class='ocrx_word' id='word_1_427' title='bbox 2506 2944 2650 3001; x_wconf 83' lang='lat' dir='ltr'><strong>fuste</strong></span> <span class='ocrx_word' id='word_1_428' title='bbox 2675 2956 3032 3004; x_wconf 80' lang='lat' dir='ltr'><strong>contumaces</strong></span> <span class='ocrx_word' id='word_1_429' title='bbox 3066 2964 3324 3007; x_wconf 86' lang='lat' dir='ltr'><strong>coercere</strong></span> <span class='ocrx_word' id='word_1_430' title='bbox 3370 2953 3560 3024; x_wconf 90' lang='lat' dir='ltr'><strong>jussit.</strong></span> <span class='ocrx_word' id='word_1_431' title='bbox 3602 2957 3673 3012; x_wconf 83' lang='lat' dir='ltr'><strong>At</strong></span> 
     </span>
    </p>
   </div>
   <div class='ocr_carea' id='block_1_61' title="bbox 2086 3032 3673 3108">
    <p class='ocr_par' dir='ltr' id='par_1_61' title="bbox 2086 3032 3673 3108">
     <span class='ocr_line' id='line_1_61' title="bbox 2086 3032 3673 3108; baseline 0.008 -20"><span class='ocrx_word' id='word_1_432' title='bbox 2086 3032 2166 3088; x_wconf 89' lang='lat' dir='ltr'><strong>illi</strong></span> <span class='ocrx_word' id='word_1_433' title='bbox 2211 3033 2501 3091; x_wconf 87' lang='lat' dir='ltr'><strong>iracundia</strong></span> <span class='ocrx_word' id='word_1_434' title='bbox 2548 3045 2602 3091; x_wconf 89' lang='lat' dir='ltr'>et</span> <span class='ocrx_word' id='word_1_435' title='bbox 2635 3037 2765 3091; x_wconf 88' lang='lat' dir='ltr'><strong>odio</strong></span> <span class='ocrx_word' id='word_1_436' title='bbox 2802 3038 3119 3094; x_wconf 77' lang='lat' dir='ltr'><strong>Judaeorum</strong></span> <span class='ocrx_word' id='word_1_437' title='bbox 3171 3042 3324 3108; x_wconf 89' lang='lat' dir='ltr'><strong>victi,</strong></span> <span class='ocrx_word' id='word_1_438' title='bbox 3367 3059 3471 3098; x_wconf 87' lang='lat' dir='ltr'>nec</span> <span class='ocrx_word' id='word_1_439' title='bbox 3516 3061 3673 3101; x_wconf 82' lang='lat' dir='ltr'><strong>vere-</strong></span> 
     </span>
    </p>
   </div>
   <div class='ocr_carea' id='block_1_62' title="bbox 2086 3123 3672 3199">
    <p class='ocr_par' dir='ltr' id='par_1_62' title="bbox 2086 3123 3672 3199">
     <span class='ocr_line' id='line_1_62' title="bbox 2086 3123 3672 3199; baseline 0.008 -19"><span class='ocrx_word' id='word_1_440' title='bbox 2086 3123 2287 3180; x_wconf 88' lang='lat' dir='ltr'><strong>cundia</strong></span> <span class='ocrx_word' id='word_1_441' title='bbox 2325 3124 2460 3190; x_wconf 89' lang='lat' dir='ltr'><strong>Titi,</strong></span> <span class='ocrx_word' id='word_1_442' title='bbox 2487 3141 2593 3182; x_wconf 91' lang='lat' dir='ltr'>nec</span> <span class='ocrx_word' id='word_1_443' title='bbox 2615 3128 2734 3199; x_wconf 87' lang='lat' dir='ltr'><strong>ejus</strong></span> <span class='ocrx_word' id='word_1_444' title='bbox 2759 3128 2852 3198; x_wconf 89' lang='lat' dir='ltr'>qui</span> <span class='ocrx_word' id='word_1_445' title='bbox 2881 3129 3213 3199; x_wconf 86' lang='lat' dir='ltr'><strong>prohibebat</strong></span> <span class='ocrx_word' id='word_1_446' title='bbox 3256 3141 3409 3190; x_wconf 84' lang='lat' dir='ltr'><strong>metu</strong></span> <span class='ocrx_word' id='word_1_447' title='bbox 3436 3133 3672 3192; x_wconf 81' lang='lat' dir='ltr'><strong>desiste-</strong></span> 
     </span>
    </p>
   </div>
   <div class='ocr_carea' id='block_1_63' title="bbox 2090 3215 3670 3291">
    <p class='ocr_par' dir='ltr' id='par_1_63' title="bbox 2090 3215 3670 3291">
     <span class='ocr_line' id='line_1_63' title="bbox 2090 3215 3670 3291; baseline 0.007 -20"><span class='ocrx_word' id='word_1_448' title='bbox 2090 3215 2249 3271; x_wconf 86' lang='lat' dir='ltr'><strong>bant.</strong></span> <span class='ocrx_word' id='word_1_449' title='bbox 2284 3215 2486 3273; x_wconf 86' lang='lat' dir='ltr'><strong>Multos</strong></span> <span class='ocrx_word' id='word_1_450' title='bbox 2505 3217 2671 3272; x_wconf 84' lang='lat' dir='ltr'><strong>etiam</strong></span> <span class='ocrx_word' id='word_1_451' title='bbox 2698 3220 2903 3289; x_wconf 68' lang='lat' dir='ltr'><strong>rapinae</strong></span> <span class='ocrx_word' id='word_1_452' title='bbox 2929 3236 3056 3291; x_wconf 91' lang='lat' dir='ltr'><strong>spes</strong></span> <span class='ocrx_word' id='word_1_453' title='bbox 3084 3222 3367 3286; x_wconf 84' lang='lat' dir='ltr'><strong>incitabat.</strong></span> <span class='ocrx_word' id='word_1_454' title='bbox 3403 3226 3670 3283; x_wconf 80' lang='lat' dir='ltr'><strong>interiora</strong></span> 
     </span>
    </p>
   </div>
   <div class='ocr_carea' id='block_1_64' title="bbox 391 3295 1982 3391">
    <p class='ocr_par' dir='ltr' id='par_1_64' title="bbox 391 3295 1982 3391">
     <span class='ocr_line' id='line_1_64' title="bbox 391 3295 1982 3391; baseline -0.001 -18"><span class='ocrx_word' id='word_1_455' title='bbox 391 3320 457 3374; x_wconf 82' lang='grc' dir='ltr'>τὸ</span> <span class='ocrx_word' id='word_1_456' title='bbox 481 3295 664 3390; x_wconf 40' lang='grc' dir='ltr'>’ἅγιον</span> <span class='ocrx_word' id='word_1_457' title='bbox 713 3295 808 3375; x_wconf 68' lang='grc' dir='ltr'>καὶ</span> <span class='ocrx_word' id='word_1_458' title='bbox 843 3321 912 3374; x_wconf 74' lang='grc' dir='ltr'>τὰ</span> <span class='ocrx_word' id='word_1_459' title='bbox 958 3321 1019 3374; x_wconf 81' lang='grc' dir='ltr'>ὲν</span> <span class='ocrx_word' id='word_1_460' title='bbox 1062 3295 1214 3391; x_wconf 77' lang='grc' dir='ltr'>αῦτῷ</span> <span class='ocrx_word' id='word_1_461' title='bbox 1238 3336 1254 3353; x_wconf 81' lang='grc' dir='ltr'><strong>ο</strong></span> <span class='ocrx_word' id='word_1_462' title='bbox 1293 3319 1394 3391; x_wconf 79' lang='grc' dir='ltr'>τῆς</span> <span class='ocrx_word' id='word_1_463' title='bbox 1426 3319 1485 3374; x_wconf 78' lang='grc' dir='ltr'>δὲ</span> <span class='ocrx_word' id='word_1_464' title='bbox 1540 3319 1738 3390; x_wconf 78' lang='grc' dir='ltr'>φλογὸς</span> <span class='ocrx_word' id='word_1_465' title='bbox 1768 3318 1982 3373; x_wconf 79' lang='grc' dir='ltr'>οὐδέπω</span> 
     </span>
    </p>
   </div>
   <div class='ocr_carea' id='block_1_65' title="bbox 2087 3295 3663 3391">
    <p class='ocr_par' dir='ltr' id='par_1_65' title="bbox 2089 3309 3663 3389">
     <span class='ocr_line' id='line_1_65' title="bbox 2089 3309 3663 3389; baseline 0.006 -25"><span class='ocrx_word' id='word_1_466' title='bbox 2089 3309 2342 3379; x_wconf 75' lang='lat' dir='ltr'><strong>pecuniis</strong></span> <span class='ocrx_word' id='word_1_467' title='bbox 2389 3312 2590 3365; x_wconf 75' lang='lat' dir='ltr'><strong>referta</strong></span> <span class='ocrx_word' id='word_1_468' title='bbox 2615 3325 2736 3367; x_wconf 86' lang='lat' dir='ltr'><strong>esse</strong></span> <span class='ocrx_word' id='word_1_469' title='bbox 2764 3312 3167 3371; x_wconf 80' lang='lat' dir='ltr'><strong>existimantes.</strong></span> <span class='ocrx_word' id='word_1_470' title='bbox 3199 3317 3278 3372; x_wconf 85' lang='lat' dir='ltr'><strong>Ac</strong></span> <span class='ocrx_word' id='word_1_471' title='bbox 3303 3316 3413 3388; x_wconf 88' lang='lat' dir='ltr'>jam</span> <span class='ocrx_word' id='word_1_472' title='bbox 3438 3318 3663 3389; x_wconf 88' lang='lat' dir='ltr'><strong>quidam</strong></span> 
     </span>
    </p>
   </div>
   <div class='ocr_carea' id='block_1_66' title="bbox 391 3409 1984 3482">
    <p class='ocr_par' dir='ltr' id='par_1_66' title="bbox 391 3409 1984 3482">
     <span class='ocr_line' id='line_1_66' title="bbox 391 3409 1984 3482; baseline -0.001 -16"><span class='ocrx_word' id='word_1_473' title='bbox 391 3411 777 3481; x_wconf 80' lang='grc' dir='ltr'>διικνουμένης</span> <span class='ocrx_word' id='word_1_474' title='bbox 820 3410 978 3478; x_wconf 80' lang='grc' dir='ltr'>εἴσω,</span> <span class='ocrx_word' id='word_1_475' title='bbox 1012 3410 1143 3473; x_wconf 80' lang='grc' dir='ltr'>τοὺς</span> <span class='ocrx_word' id='word_1_476' title='bbox 1172 3409 1230 3465; x_wconf 77' lang='grc' dir='ltr'>δὲ</span> <span class='ocrx_word' id='word_1_477' title='bbox 1263 3414 1397 3482; x_wconf 79' lang='grc' dir='ltr'>περὶ</span> <span class='ocrx_word' id='word_1_478' title='bbox 1430 3409 1521 3464; x_wconf 78' lang='grc' dir='ltr'>τὸν</span> <span class='ocrx_word' id='word_1_479' title='bbox 1562 3410 1690 3464; x_wconf 81' lang='grc' dir='ltr'>ναὸν</span> <span class='ocrx_word' id='word_1_480' title='bbox 1742 3409 1984 3482; x_wconf 81' lang='grc' dir='ltr'>νεμομέ-</span> 
     </span>
    </p>
   </div>
   <div class='ocr_carea' id='block_1_67' title="bbox 392 3499 1989 3572">
    <p class='ocr_par' dir='ltr' id='par_1_67' title="bbox 392 3499 1989 3572">
     <span class='ocr_line' id='line_1_67' title="bbox 392 3499 1989 3572; baseline -0.001 -17"><span class='ocrx_word' id='word_1_481' title='bbox 392 3517 494 3571; x_wconf 78' lang='grc' dir='ltr'>νης</span> <span class='ocrx_word' id='word_1_482' title='bbox 538 3501 748 3568; x_wconf 84' lang='grc' dir='ltr'>οῖκους,</span> <span class='ocrx_word' id='word_1_483' title='bbox 784 3499 868 3555; x_wconf 77' lang='grc' dir='ltr'>ἐτι</span> <span class='ocrx_word' id='word_1_484' title='bbox 910 3499 1177 3555; x_wconf 84' lang='grc' dir='ltr'>δύνασθαι</span> <span class='ocrx_word' id='word_1_485' title='bbox 1230 3500 1295 3555; x_wconf 70' lang='grc' dir='ltr'>τὸ</span> <span class='ocrx_word' id='word_1_486' title='bbox 1337 3499 1499 3572; x_wconf 74' lang='grc' dir='ltr'>ἔργον</span> <span class='ocrx_word' id='word_1_487' title='bbox 1529 3499 1774 3571; x_wconf 80' lang='grc' dir='ltr'>σωθῆναι</span> <span class='ocrx_word' id='word_1_488' title='bbox 1805 3499 1989 3569; x_wconf 80' lang='grc' dir='ltr'>οἰόμε-</span> 
     </span>
    </p>
   </div>
   <div class='ocr_carea' id='block_1_68' title="bbox 398 3590 1985 3666">
    <p class='ocr_par' dir='ltr' id='par_1_68' title="bbox 398 3590 1985 3666">
     <span class='ocr_line' id='line_1_68' title="bbox 398 3590 1985 3666; baseline -0.001 -18"><span class='ocrx_word' id='word_1_489' title='bbox 398 3609 507 3661; x_wconf 66' lang='grc' dir='ltr'>νος,</span> <span class='ocrx_word' id='word_1_490' title='bbox 527 3594 691 3658; x_wconf 78' lang='grc' dir='ltr'>αὑτός</span> <span class='ocrx_word' id='word_1_491' title='bbox 715 3610 778 3647; x_wconf 85' lang='grc' dir='ltr'>τε</span> <span class='ocrx_word' id='word_1_492' title='bbox 814 3591 1163 3665; x_wconf 76' lang='grc' dir='ltr'>παρακαλεῖν</span> <span class='ocrx_word' id='word_1_493' title='bbox 1187 3592 1455 3666; x_wconf 77' lang='grc' dir='ltr'>ἐπειρᾶτο</span> <span class='ocrx_word' id='word_1_494' title='bbox 1486 3593 1616 3657; x_wconf 85' lang='grc' dir='ltr'>τοὺς</span> <span class='ocrx_word' id='word_1_495' title='bbox 1641 3590 1985 3663; x_wconf 85' lang='grc' dir='ltr'>στρατιώτας</span> 
     </span>
    </p>
   </div>
   <div class='ocr_carea' id='block_1_69' title="bbox 389 3683 1983 3757">
    <p class='ocr_par' dir='ltr' id='par_1_69' title="bbox 389 3683 1983 3757">
     <span class='ocr_line' id='line_1_69' title="bbox 389 3683 1983 3757; baseline -0.001 -18"><span class='ocrx_word' id='word_1_496' title='bbox 389 3685 458 3739; x_wconf 82' lang='grc' dir='ltr'>τὸ</span> <span class='ocrx_word' id='word_1_497' title='bbox 500 3685 615 3757; x_wconf 90' lang='grc' dir='ltr'>πῦρ</span> <span class='ocrx_word' id='word_1_498' title='bbox 652 3683 957 3752; x_wconf 79' lang='grc' dir='ltr'>σϐεννύειν,</span> <span class='ocrx_word' id='word_1_499' title='bbox 1001 3683 1099 3739; x_wconf 83' lang='grc' dir='ltr'>καί</span> <span class='ocrx_word' id='word_1_500' title='bbox 1146 3701 1271 3738; x_wconf 79' lang='grc' dir='ltr'>τινα</span> <span class='ocrx_word' id='word_1_501' title='bbox 1300 3684 1413 3739; x_wconf 84' lang='grc' dir='ltr'>τῶν</span> <span class='ocrx_word' id='word_1_502' title='bbox 1446 3686 1578 3756; x_wconf 83' lang='grc' dir='ltr'>περὶ</span> <span class='ocrx_word' id='word_1_503' title='bbox 1604 3684 1772 3740; x_wconf 82' lang='grc' dir='ltr'>αὐτὸν</span> <span class='ocrx_word' id='word_1_504' title='bbox 1802 3684 1983 3752; x_wconf 80' lang='grc' dir='ltr'>ξύλοις</span> 
     </span>
    </p>
   </div>
   <div class='ocr_carea' id='block_1_70' title="bbox 397 3775 1985 3846">
    <p class='ocr_par' dir='ltr' id='par_1_70' title="bbox 397 3775 1985 3846">
     <span class='ocr_line' id='line_1_70' title="bbox 397 3775 1985 3846; baseline 0.001 -14"><span class='ocrx_word' id='word_1_505' title='bbox 397 3778 638 3833; x_wconf 87' lang='grc' dir='ltr'>παίοντα</span> <span class='ocrx_word' id='word_1_506' title='bbox 665 3777 795 3842; x_wconf 82' lang='grc' dir='ltr'>τοὺς</span> <span class='ocrx_word' id='word_1_507' title='bbox 825 3775 1196 3842; x_wconf 82' lang='grc' dir='ltr'>ἀπειθοῦντας</span> <span class='ocrx_word' id='word_1_508' title='bbox 1225 3777 1517 3832; x_wconf 75' lang='grc' dir='ltr'>ἐκέλευσεν</span> <span class='ocrx_word' id='word_1_509' title='bbox 1561 3778 1795 3846; x_wconf 83' lang='grc' dir='ltr'>εἴργειν.</span> <span class='ocrx_word' id='word_1_510' title='bbox 1831 3775 1898 3833; x_wconf 85' lang='grc' dir='ltr'>Οἱ</span> <span class='ocrx_word' id='word_1_511' title='bbox 1927 3776 1985 3833; x_wconf 79' lang='grc' dir='ltr'>δὲ</span> 
     </span>
    </p>
   </div>
   <div class='ocr_carea' id='block_1_71' title="bbox 390 3868 1978 3942">
    <p class='ocr_par' dir='ltr' id='par_1_71' title="bbox 390 3868 1978 3942">
     <span class='ocr_line' id='line_1_71' title="bbox 390 3868 1978 3942; baseline -0.001 -19"><span class='ocrx_word' id='word_1_512' title='bbox 390 3868 688 3941; x_wconf 81' lang='grc' dir='ltr'>νικώμενοι</span> <span class='ocrx_word' id='word_1_513' title='bbox 712 3868 792 3940; x_wconf 82' lang='grc' dir='ltr'>τῷ</span> <span class='ocrx_word' id='word_1_514' title='bbox 824 3869 1007 3942; x_wconf 79' lang='grc' dir='ltr'>θυμῷ,</span> <span class='ocrx_word' id='word_1_515' title='bbox 1037 3871 1132 3924; x_wconf 70' lang='grc' dir='ltr'>καὶ</span> <span class='ocrx_word' id='word_1_516' title='bbox 1158 3870 1240 3941; x_wconf 85' lang='grc' dir='ltr'>τῷ</span> <span class='ocrx_word' id='word_1_517' title='bbox 1267 3869 1407 3941; x_wconf 77' lang='grc' dir='ltr'>πρὸς</span> <span class='ocrx_word' id='word_1_518' title='bbox 1458 3869 1753 3934; x_wconf 79' lang='grc' dir='ltr'>Ἰουδαίους</span> <span class='ocrx_word' id='word_1_519' title='bbox 1802 3870 1978 3940; x_wconf 77' lang='grc' dir='ltr'>μίσει,</span> 
     </span>
    </p>
   </div>
   <div class='ocr_carea' id='block_1_72' title="bbox 388 3960 1986 4035">
    <p class='ocr_par' dir='ltr' id='par_1_72' title="bbox 388 3960 1986 4035">
     <span class='ocr_line' id='line_1_72' title="bbox 388 3960 1986 4035; baseline -0.003 -16"><span class='ocrx_word' id='word_1_520' title='bbox 388 3962 521 4022; x_wconf 76' lang='grc' dir='ltr'>οὔτε</span> <span class='ocrx_word' id='word_1_521' title='bbox 546 3966 613 4035; x_wconf 79' lang='grc' dir='ltr'>τῇ</span> <span class='ocrx_word' id='word_1_522' title='bbox 644 3964 783 4035; x_wconf 81' lang='grc' dir='ltr'>πρὸς</span> <span class='ocrx_word' id='word_1_523' title='bbox 804 3964 967 4017; x_wconf 87' lang='grc' dir='ltr'>Τῖτον</span> <span class='ocrx_word' id='word_1_524' title='bbox 995 3963 1143 4017; x_wconf 76' lang='grc' dir='ltr'>αἰδοῖ</span> <span class='ocrx_word' id='word_1_525' title='bbox 1184 3963 1550 4018; x_wconf 85' lang='grc' dir='ltr'>ἀνεκόπτοντο</span> <span class='ocrx_word' id='word_1_526' title='bbox 1575 3961 1701 4016; x_wconf 78' lang='grc' dir='ltr'>οὔτε</span> <span class='ocrx_word' id='word_1_527' title='bbox 1731 3961 1883 4033; x_wconf 72' lang='grc' dir='ltr'>φόϐῳ</span> <span class='ocrx_word' id='word_1_528' title='bbox 1906 3960 1986 4031; x_wconf 81' lang='grc' dir='ltr'>τῷ</span> 
     </span>
    </p>
   </div>
   <div class='ocr_carea' id='block_1_73' title="bbox 386 4052 1988 4124">
    <p class='ocr_par' dir='ltr' id='par_1_73' title="bbox 386 4052 1988 4124">
     <span class='ocr_line' id='line_1_73' title="bbox 386 4052 1988 4124; baseline -0.003 -13"><span class='ocrx_word' id='word_1_529' title='bbox 386 4057 489 4111; x_wconf 86' lang='grc' dir='ltr'>τοῦ</span> <span class='ocrx_word' id='word_1_530' title='bbox 525 4055 851 4120; x_wconf 86' lang='grc' dir='ltr'>κωλύοντος.</span> <span class='ocrx_word' id='word_1_531' title='bbox 879 4055 1022 4120; x_wconf 80' lang='grc' dir='ltr'>Τοὺς</span> <span class='ocrx_word' id='word_1_532' title='bbox 1056 4055 1115 4110; x_wconf 68' lang='grc' dir='ltr'>δὲ</span> <span class='ocrx_word' id='word_1_533' title='bbox 1144 4053 1378 4119; x_wconf 80' lang='grc' dir='ltr'>πολλοὺς</span> <span class='ocrx_word' id='word_1_534' title='bbox 1407 4054 1504 4109; x_wconf 86' lang='grc' dir='ltr'>καὶ</span> <span class='ocrx_word' id='word_1_535' title='bbox 1542 4053 1698 4118; x_wconf 74' lang='grc' dir='ltr'>ἐλπὶς</span> <span class='ocrx_word' id='word_1_536' title='bbox 1736 4052 1988 4124; x_wconf 83' lang='grc' dir='ltr'>παρέθη-</span> 
     </span>
    </p>
   </div>
   <div class='ocr_carea' id='block_1_74' title="bbox 387 4143 1983 4220">
    <p class='ocr_par' dir='ltr' id='par_1_74' title="bbox 387 4143 1983 4220">
     <span class='ocr_line' id='line_1_74' title="bbox 387 4143 1983 4220; baseline -0.001 -18"><span class='ocrx_word' id='word_1_537' title='bbox 387 4166 493 4220; x_wconf 87' lang='grc' dir='ltr'>γεν</span> <span class='ocrx_word' id='word_1_538' title='bbox 522 4148 807 4220; x_wconf 77' lang='grc' dir='ltr'>ἁρπαγῆς,</span> <span class='ocrx_word' id='word_1_539' title='bbox 844 4149 1022 4219; x_wconf 83' lang='grc' dir='ltr'>μεστὰ</span> <span class='ocrx_word' id='word_1_540' title='bbox 1045 4148 1351 4220; x_wconf 85' lang='grc' dir='ltr'>χρημάτων</span> <span class='ocrx_word' id='word_1_541' title='bbox 1381 4143 1524 4201; x_wconf 84' lang='grc' dir='ltr'>εῖναι</span> <span class='ocrx_word' id='word_1_542' title='bbox 1547 4147 1617 4199; x_wconf 74' lang='grc' dir='ltr'>τὰ</span> <span class='ocrx_word' id='word_1_543' title='bbox 1640 4146 1792 4201; x_wconf 67' lang='grc' dir='ltr'>ἔνδον</span> <span class='ocrx_word' id='word_1_544' title='bbox 1820 4146 1983 4210; x_wconf 81' lang='grc' dir='ltr'>δοξά-</span> 
     </span>
    </p>
   </div>
   <div class='ocr_carea' id='block_1_75' title="bbox 387 4238 1981 4311">
    <p class='ocr_par' dir='ltr' id='par_1_75' title="bbox 387 4238 1981 4311">
     <span class='ocr_line' id='line_1_75' title="bbox 387 4238 1981 4311; baseline -0.001 -17"><span class='ocrx_word' id='word_1_545' title='bbox 387 4240 611 4306; x_wconf 80' lang='grc' dir='ltr'>ζοντας.</span> <span class='ocrx_word' id='word_1_546' title='bbox 647 4238 827 4311; x_wconf 76' lang='grc' dir='ltr'>Ἐῷθη</span> <span class='ocrx_word' id='word_1_547' title='bbox 865 4240 923 4294; x_wconf 83' lang='grc' dir='ltr'>δέ</span> <span class='ocrx_word' id='word_1_548' title='bbox 969 4257 1054 4304; x_wconf 88' lang='grc' dir='ltr'>τις</span> <span class='ocrx_word' id='word_1_549' title='bbox 1099 4241 1195 4294; x_wconf 74' lang='grc' dir='ltr'>καλ⁵</span> <span class='ocrx_word' id='word_1_550' title='bbox 1243 4241 1326 4303; x_wconf 79' lang='lat' dir='ltr'><strong>sl;</strong></span> <span class='ocrx_word' id='word_1_551' title='bbox 1369 4239 1498 4301; x_wconf 76' lang='grc' dir='ltr'>τοὺς</span> <span class='ocrx_word' id='word_1_552' title='bbox 1563 4238 1834 4310; x_wconf 80' lang='grc' dir='ltr'>στροφέας</span> <span class='ocrx_word' id='word_1_553' title='bbox 1877 4238 1981 4307; x_wconf 82' lang='grc' dir='ltr'>τῆς</span> 
     </span>
    </p>
   </div>
   <div class='ocr_carea' id='block_1_76' title="bbox 390 4327 1980 4410">
    <p class='ocr_par' dir='ltr' id='par_1_76' title="bbox 390 4327 1980 4410">
     <span class='ocr_line' id='line_1_76' title="bbox 390 4327 1980 4410; baseline 0.001 -27"><span class='ocrx_word' id='word_1_554' title='bbox 390 4328 575 4399; x_wconf 84' lang='grc' dir='ltr'>πύλης</span> <span class='ocrx_word' id='word_1_555' title='bbox 614 4330 725 4401; x_wconf 83' lang='grc' dir='ltr'>πῦρ</span> <span class='ocrx_word' id='word_1_556' title='bbox 766 4329 1046 4400; x_wconf 81' lang='grc' dir='ltr'>ἐμϐαλὼν,</span> <span class='ocrx_word' id='word_1_557' title='bbox 1082 4330 1179 4385; x_wconf 80' lang='grc' dir='ltr'>καὶ</span> <span class='ocrx_word' id='word_1_558' title='bbox 1210 4328 1412 4400; x_wconf 77' lang='grc' dir='ltr'>φλογὸς</span> <span class='ocrx_word' id='word_1_559' title='bbox 1448 4327 1665 4384; x_wconf 74' lang='grc' dir='ltr'>ἔνδοθεν</span> <span class='ocrx_word' id='word_1_560' title='bbox 1719 4329 1980 4410; x_wconf 60' lang='grc' dir='ltr'>ἐκφανεί-</span> 
     </span>
    </p>
   </div>
   <div class='ocr_carea' id='block_1_77' title="bbox 390 4400 1979 4493">
    <p class='ocr_par' dir='ltr' id='par_1_77' title="bbox 390 4400 1979 4493">
     <span class='ocr_line' id='line_1_77' title="bbox 390 4400 1979 4493; baseline 0.001 -21"><span class='ocrx_word' id='word_1_561' title='bbox 390 4436 501 4490; x_wconf 83' lang='grc' dir='ltr'>σης</span> <span class='ocrx_word' id='word_1_562' title='bbox 531 4400 787 4486; x_wconf 74' lang='grc' dir='ltr'>ἐξάπινα,</span> <span class='ocrx_word' id='word_1_563' title='bbox 819 4422 872 4475; x_wconf 92' lang='grc' dir='ltr'>οῖ</span> <span class='ocrx_word' id='word_1_564' title='bbox 899 4438 959 4475; x_wconf 88' lang='grc' dir='ltr'>τε</span> <span class='ocrx_word' id='word_1_565' title='bbox 995 4420 1267 4491; x_wconf 84' lang='grc' dir='ltr'>ἡγεμόνες</span> <span class='ocrx_word' id='word_1_566' title='bbox 1291 4419 1607 4493; x_wconf 83' lang='grc' dir='ltr'>ἀνεχώρουν</span> <span class='ocrx_word' id='word_1_567' title='bbox 1634 4419 1728 4473; x_wconf 74' lang='grc' dir='ltr'>καὶ</span> <span class='ocrx_word' id='word_1_568' title='bbox 1757 4403 1789 4472; x_wconf 84' lang='lat'>6</span> <span class='ocrx_word' id='word_1_569' title='bbox 1818 4400 1979 4486; x_wconf 76' lang='grc' dir='ltr'>Τῖτος</span> 
     </span>
    </p>
   </div>
   <div class='ocr_carea' id='block_1_78' title="bbox 388 4512 1976 4582">
    <p class='ocr_par' dir='ltr' id='par_1_78' title="bbox 388 4512 1976 4582">
     <span class='ocr_line' id='line_1_78' title="bbox 388 4512 1976 4582; baseline 0.001 -15"><span class='ocrx_word' id='word_1_570' title='bbox 388 4512 584 4578; x_wconf 77' lang='grc' dir='ltr'>αὐτὸς,</span> <span class='ocrx_word' id='word_1_571' title='bbox 619 4514 717 4567; x_wconf 77' lang='grc' dir='ltr'>καὶ</span> <span class='ocrx_word' id='word_1_572' title='bbox 748 4513 876 4578; x_wconf 79' lang='grc' dir='ltr'>τοὺς</span> <span class='ocrx_word' id='word_1_573' title='bbox 907 4514 1258 4582; x_wconf 77' lang='grc' dir='ltr'>ὑφάπτοντας</span> <span class='ocrx_word' id='word_1_574' title='bbox 1289 4513 1467 4576; x_wconf 76' lang='grc' dir='ltr'>οὐδεὶς</span> <span class='ocrx_word' id='word_1_575' title='bbox 1501 4512 1583 4565; x_wconf 77' lang='grc' dir='ltr'>ἔτι</span> <span class='ocrx_word' id='word_1_576' title='bbox 1608 4512 1870 4568; x_wconf 79' lang='grc' dir='ltr'>ἐκώλυεν.</span> <span class='ocrx_word' id='word_1_577' title='bbox 1916 4513 1976 4568; x_wconf 88' lang='grc' dir='ltr'><strong>Ὀ</strong></span> 
     </span>
    </p>
   </div>
   <div class='ocr_carea' id='block_1_79' title="bbox 2089 3401 3672 3476">
    <p class='ocr_par' dir='ltr' id='par_1_79' title="bbox 2089 3401 3672 3476">
     <span class='ocr_line' id='line_1_79' title="bbox 2089 3401 3672 3476; baseline 0.009 -24"><span class='ocrx_word' id='word_1_578' title='bbox 2089 3408 2262 3472; x_wconf 65' lang='grc' dir='ltr'>νοτ-ιω</span> <span class='ocrx_word' id='word_1_579' title='bbox 2291 3401 2614 3457; x_wconf 87' lang='lat' dir='ltr'><strong>cardinibus</strong></span> <span class='ocrx_word' id='word_1_580' title='bbox 2662 3403 2840 3473; x_wconf 80' lang='lat' dir='ltr'><strong>ignem</strong></span> <span class='ocrx_word' id='word_1_581' title='bbox 2881 3404 3187 3476; x_wconf 79' lang='lat' dir='ltr'><strong>injecerat:</strong></span> <span class='ocrx_word' id='word_1_582' title='bbox 3223 3409 3370 3464; x_wconf 86' lang='lat' dir='ltr'><strong>unde</strong></span> <span class='ocrx_word' id='word_1_583' title='bbox 3410 3425 3538 3465; x_wconf 88' lang='lat' dir='ltr'>cum</span> <span class='ocrx_word' id='word_1_584' title='bbox 3577 3427 3672 3466; x_wconf 86' lang='lat' dir='ltr'><strong>su-</strong></span> 
     </span>
    </p>
   </div>
   <div class='ocr_carea' id='block_1_80' title="bbox 2089 3493 3671 3572">
    <p class='ocr_par' dir='ltr' id='par_1_80' title="bbox 2089 3493 3671 3572">
     <span class='ocr_line' id='line_1_80' title="bbox 2089 3493 3671 3572; baseline 0.004 -22"><span class='ocrx_word' id='word_1_585' title='bbox 2089 3493 2205 3551; x_wconf 88' lang='lat' dir='ltr'><strong>bito</strong></span> <span class='ocrx_word' id='word_1_586' title='bbox 2238 3493 2458 3550; x_wconf 75' lang='lat' dir='ltr'><strong>ﬂamma</strong></span> <span class='ocrx_word' id='word_1_587' title='bbox 2484 3497 2826 3562; x_wconf 88' lang='lat' dir='ltr'><strong>emicuisset,</strong></span> <span class='ocrx_word' id='word_1_588' title='bbox 2869 3508 2923 3553; x_wconf 87' lang='lat' dir='ltr'>et</span> <span class='ocrx_word' id='word_1_589' title='bbox 2954 3498 3127 3554; x_wconf 85' lang='lat' dir='ltr'><strong>duces</strong></span> <span class='ocrx_word' id='word_1_590' title='bbox 3164 3508 3222 3555; x_wconf 89' lang='lat' dir='ltr'>et</span> <span class='ocrx_word' id='word_1_591' title='bbox 3250 3499 3410 3557; x_wconf 89' lang='lat' dir='ltr'><strong>Titus</strong></span> <span class='ocrx_word' id='word_1_592' title='bbox 3438 3501 3557 3572; x_wconf 88' lang='lat' dir='ltr'><strong>ipse</strong></span> <span class='ocrx_word' id='word_1_593' title='bbox 3585 3518 3671 3557; x_wconf 77' lang='lat' dir='ltr'><strong>re-</strong></span> 
     </span>
    </p>
   </div>
   <div class='ocr_carea' id='block_1_81' title="bbox 2086 3591 3668 3669">
    <p class='ocr_par' dir='ltr' id='par_1_81' title="bbox 2086 3591 3668 3669">
     <span class='ocr_line' id='line_1_81' title="bbox 2086 3591 3668 3669; baseline 0.007 -25"><span class='ocrx_word' id='word_1_594' title='bbox 2086 3598 2399 3645; x_wconf 85' lang='lat' dir='ltr'><strong>cesserunt.</strong></span> <span class='ocrx_word' id='word_1_595' title='bbox 2472 3591 2664 3663; x_wconf 84' lang='lat' dir='ltr'><strong>Neque</strong></span> <span class='ocrx_word' id='word_1_596' title='bbox 2703 3607 2925 3663; x_wconf 89' lang='lat' dir='ltr'><strong>quoque</strong></span> <span class='ocrx_word' id='word_1_597' title='bbox 2959 3594 3198 3665; x_wconf 86' lang='lat' dir='ltr'><strong>amplius</strong></span> <span class='ocrx_word' id='word_1_598' title='bbox 3233 3610 3330 3651; x_wconf 90' lang='lat' dir='ltr'>eos</span> <span class='ocrx_word' id='word_1_599' title='bbox 3359 3597 3455 3667; x_wconf 89' lang='lat' dir='ltr'>qui</span> <span class='ocrx_word' id='word_1_600' title='bbox 3486 3598 3668 3669; x_wconf 81' lang='lat' dir='ltr'><strong>ignem</strong></span> 
     </span>
    </p>
   </div>
   <div class='ocr_carea' id='block_1_82' title="bbox 2088 3679 3670 3762">
    <p class='ocr_par' dir='ltr' id='par_1_82' title="bbox 2088 3679 3670 3762">
     <span class='ocr_line' id='line_1_82' title="bbox 2088 3679 3670 3762; baseline 0.009 -30"><span class='ocrx_word' id='word_1_601' title='bbox 2088 3679 2412 3752; x_wconf 88' lang='lat' dir='ltr'><strong>injiciebant</strong></span> <span class='ocrx_word' id='word_1_602' title='bbox 2446 3684 2798 3754; x_wconf 58' lang='lat' dir='ltr'><strong>prohibente,</strong></span> <span class='ocrx_word' id='word_1_603' title='bbox 2832 3684 3052 3740; x_wconf 83' lang='lat' dir='ltr'><strong>ﬂamma</strong></span> <span class='ocrx_word' id='word_1_604' title='bbox 3081 3688 3345 3757; x_wconf 89' lang='lat' dir='ltr'><strong>templum</strong></span> <span class='ocrx_word' id='word_1_605' title='bbox 3374 3690 3670 3762; x_wconf 85' lang='lat' dir='ltr'><strong>corripuit.</strong></span> 
     </span>
    </p>
   </div>
   <div class='ocr_carea' id='block_1_83' title="bbox 2087 3773 3669 3847">
    <p class='ocr_par' dir='ltr' id='par_1_83' title="bbox 2087 3773 3669 3847">
     <span class='ocr_line' id='line_1_83' title="bbox 2087 3773 3669 3847; baseline 0.004 -18"><span class='ocrx_word' id='word_1_606' title='bbox 2087 3774 2205 3829; x_wconf 87' lang='lat' dir='ltr'><strong>sive</strong></span> <span class='ocrx_word' id='word_1_607' title='bbox 2245 3773 2586 3830; x_wconf 80' lang='lat' dir='ltr'><strong>nefariorum</strong></span> <span class='ocrx_word' id='word_1_608' title='bbox 2618 3792 2906 3832; x_wconf 87' lang='lat' dir='ltr'><strong>sacrorum</strong></span> <span class='ocrx_word' id='word_1_609' title='bbox 2948 3777 3230 3847; x_wconf 78' lang='lat' dir='ltr'><strong>lustratio,</strong></span> <span class='ocrx_word' id='word_1_610' title='bbox 3261 3780 3380 3836; x_wconf 84' lang='lat' dir='ltr'><strong>sive</strong></span> <span class='ocrx_word' id='word_1_611' title='bbox 3406 3782 3669 3838; x_wconf 87' lang='lat' dir='ltr'><strong>sacerdo-</strong></span> 
     </span>
    </p>
   </div>
   <div class='ocr_carea' id='block_1_84' title="bbox 2084 3866 3667 3940">
    <p class='ocr_par' dir='ltr' id='par_1_84' title="bbox 2084 3866 3667 3940">
     <span class='ocr_line' id='line_1_84' title="bbox 2084 3866 3667 3940; baseline 0.005 -22"><span class='ocrx_word' id='word_1_612' title='bbox 2084 3873 2201 3919; x_wconf 90' lang='lat' dir='ltr'>tum</span> <span class='ocrx_word' id='word_1_613' title='bbox 2229 3879 2412 3935; x_wconf 74' lang='lat' dir='ltr'><strong>ptena.</strong></span> <span class='ocrx_word' id='word_1_614' title='bbox 2444 3866 2503 3921; x_wconf 92' lang='lat' dir='ltr'><strong>In</strong></span> <span class='ocrx_word' id='word_1_615' title='bbox 2532 3881 2642 3936; x_wconf 88' lang='lat' dir='ltr'>quo</span> <span class='ocrx_word' id='word_1_616' title='bbox 2669 3866 2805 3924; x_wconf 91' lang='lat' dir='ltr'><strong>illud</strong></span> <span class='ocrx_word' id='word_1_617' title='bbox 2839 3868 3027 3921; x_wconf 79' lang='lat' dir='ltr'><strong>mirari</strong></span> <span class='ocrx_word' id='word_1_618' title='bbox 3057 3869 3256 3938; x_wconf 86' lang='lat' dir='ltr'><strong>possis,</strong></span> <span class='ocrx_word' id='word_1_619' title='bbox 3286 3871 3434 3940; x_wconf 90' lang='lat' dir='ltr'><strong>quod</strong></span> <span class='ocrx_word' id='word_1_620' title='bbox 3462 3870 3667 3927; x_wconf 82' lang='lat' dir='ltr'><strong>conﬂa-</strong></span> 
     </span>
    </p>
   </div>
   <div class='ocr_carea' id='block_1_85' title="bbox 2080 3958 3668 4034">
    <p class='ocr_par' dir='ltr' id='par_1_85' title="bbox 2080 3958 3668 4034">
     <span class='ocr_line' id='line_1_85' title="bbox 2080 3958 3668 4034; baseline 0.006 -24"><span class='ocrx_word' id='word_1_621' title='bbox 2080 3959 2264 4026; x_wconf 78' lang='lat' dir='ltr'><strong>gratio</strong></span> <span class='ocrx_word' id='word_1_622' title='bbox 2297 3958 2353 4012; x_wconf 92' lang='lat' dir='ltr'>in</span> <span class='ocrx_word' id='word_1_623' title='bbox 2382 3958 2638 4013; x_wconf 83' lang='lat' dir='ltr'><strong>eumde</strong></span> <span class='ocrx_word' id='word_1_624' title='bbox 2669 3967 2725 4014; x_wconf 89' lang='lat' dir='ltr'>et</span> <span class='ocrx_word' id='word_1_625' title='bbox 2755 3974 3005 4014; x_wconf 80' lang='lat' dir='ltr'><strong>mensem</strong></span> <span class='ocrx_word' id='word_1_626' title='bbox 3034 3969 3087 4013; x_wconf 83' lang='lat' dir='ltr'>et</span> <span class='ocrx_word' id='word_1_627' title='bbox 3124 3959 3274 4015; x_wconf 88' lang='lat' dir='ltr'><strong>diem</strong></span> <span class='ocrx_word' id='word_1_628' title='bbox 3305 3960 3523 4027; x_wconf 88' lang='lat' dir='ltr'><strong>incidit,</strong></span> <span class='ocrx_word' id='word_1_629' title='bbox 3557 3979 3668 4034; x_wconf 89' lang='lat' dir='ltr'>quo</span> 
     </span>
    </p>
   </div>
   <div class='ocr_carea' id='block_1_86' title="bbox 2081 4048 3671 4120">
    <p class='ocr_par' dir='ltr' id='par_1_86' title="bbox 2081 4048 3671 4120">
     <span class='ocr_line' id='line_1_86' title="bbox 2081 4048 3671 4120; baseline 0.005 -18"><span class='ocrx_word' id='word_1_630' title='bbox 2081 4048 2240 4118; x_wconf 89' lang='lat' dir='ltr'><strong>prius</strong></span> <span class='ocrx_word' id='word_1_631' title='bbox 2296 4049 2557 4119; x_wconf 80' lang='lat' dir='ltr'><strong>templum</strong></span> <span class='ocrx_word' id='word_1_632' title='bbox 2604 4064 2634 4104; x_wconf 86' lang='lat' dir='ltr'>a</span> <span class='ocrx_word' id='word_1_633' title='bbox 2685 4049 3005 4120; x_wconf 80' lang='lat' dir='ltr'><strong>Babyloniis</strong></span> <span class='ocrx_word' id='word_1_634' title='bbox 3066 4059 3323 4105; x_wconf 81' lang='lat' dir='ltr'><strong>exustum</strong></span> <span class='ocrx_word' id='word_1_635' title='bbox 3391 4051 3591 4109; x_wconf 83' lang='lat' dir='ltr'><strong>fuerat.</strong></span> <span class='ocrx_word' id='word_1_636' title='bbox 3623 4054 3671 4110; x_wconf 83' lang='lat' dir='ltr'><strong>A</strong></span> 
     </span>
    </p>
   </div>
   <div class='ocr_carea' id='block_1_87' title="bbox 2081 4142 3657 4214">
    <p class='ocr_par' dir='ltr' id='par_1_87' title="bbox 2081 4142 3657 4214">
     <span class='ocr_line' id='line_1_87' title="bbox 2081 4142 3657 4214; baseline 0.004 -18"><span class='ocrx_word' id='word_1_637' title='bbox 2081 4143 2259 4212; x_wconf 90' lang='lat' dir='ltr'><strong>prima</strong></span> <span class='ocrx_word' id='word_1_638' title='bbox 2294 4142 2606 4197; x_wconf 80' lang='lat' dir='ltr'><strong>Salomonis</strong></span> <span class='ocrx_word' id='word_1_639' title='bbox 2644 4144 3059 4199; x_wconf 71' lang='lat' dir='ltr'><strong>substructione</strong></span> <span class='ocrx_word' id='word_1_640' title='bbox 3107 4160 3281 4214; x_wconf 84' lang='lat' dir='ltr'><strong>usque</strong></span> <span class='ocrx_word' id='word_1_641' title='bbox 3309 4146 3376 4200; x_wconf 84' lang='lat' dir='ltr'>ad</span> <span class='ocrx_word' id='word_1_642' title='bbox 3406 4148 3657 4202; x_wconf 23' lang='lat' dir='ltr'><strong>vaStatior</strong></span> 
     </span>
    </p>
   </div>
   <div class='ocr_carea' id='block_1_88' title="bbox 2082 4234 3669 4306">
    <p class='ocr_par' dir='ltr' id='par_1_88' title="bbox 2082 4234 3669 4306">
     <span class='ocr_line' id='line_1_88' title="bbox 2082 4234 3669 4306; baseline 0.002 -15"><span class='ocrx_word' id='word_1_643' title='bbox 2082 4251 2235 4300; x_wconf 80' lang='lat' dir='ltr'><strong>nem,</strong></span> <span class='ocrx_word' id='word_1_644' title='bbox 2281 4251 2406 4305; x_wconf 62' lang='lat' dir='ltr'><strong>qua:</strong></span> <span class='ocrx_word' id='word_1_645' title='bbox 2464 4234 2713 4290; x_wconf 85' lang='lat' dir='ltr'><strong>secundo</strong></span> <span class='ocrx_word' id='word_1_646' title='bbox 2759 4237 3094 4292; x_wconf 74' lang='lat' dir='ltr'><strong>monarehia:</strong></span> <span class='ocrx_word' id='word_1_647' title='bbox 3146 4238 3467 4306; x_wconf 79' lang='lat' dir='ltr'><strong>Vespasiani</strong></span> <span class='ocrx_word' id='word_1_648' title='bbox 3521 4253 3669 4294; x_wconf 84' lang='lat' dir='ltr'><strong>anno</strong></span> 
     </span>
    </p>
   </div>
   <div class='ocr_carea' id='block_1_89' title="bbox 2086 4324 3670 4395">
    <p class='ocr_par' dir='ltr' id='par_1_89' title="bbox 2086 4324 3670 4395">
     <span class='ocr_line' id='line_1_89' title="bbox 2086 4324 3670 4395; baseline 0.005 -16"><span class='ocrx_word' id='word_1_649' title='bbox 2086 4324 2313 4388; x_wconf 83' lang='lat' dir='ltr'><strong>accidit,</strong></span> <span class='ocrx_word' id='word_1_650' title='bbox 2350 4325 2779 4381; x_wconf 84' lang='lat' dir='ltr'><strong>intercesserunt</strong></span> <span class='ocrx_word' id='word_1_651' title='bbox 2801 4341 2928 4380; x_wconf 80' lang='lat' dir='ltr'><strong>anni</strong></span> <span class='ocrx_word' id='word_1_652' title='bbox 2959 4341 3156 4388; x_wconf 72' lang='lat' dir='ltr'><strong>nexu,</strong></span> <span class='ocrx_word' id='word_1_653' title='bbox 3187 4343 3407 4384; x_wconf 87' lang='lat' dir='ltr'><strong>menses</strong></span> <span class='ocrx_word' id='word_1_654' title='bbox 3429 4345 3519 4395; x_wconf 75' lang='lat' dir='ltr'>vn,</span> <span class='ocrx_word' id='word_1_655' title='bbox 3549 4330 3670 4387; x_wconf 86' lang='lat' dir='ltr'><strong>dies</strong></span> 
     </span>
    </p>
   </div>
   <div class='ocr_carea' id='block_1_90' title="bbox 2085 4415 3668 4493">
    <p class='ocr_par' dir='ltr' id='par_1_90' title="bbox 2085 4415 3668 4493">
     <span class='ocr_line' id='line_1_90' title="bbox 2085 4415 3668 4493; baseline 0.006 -24"><span class='ocrx_word' id='word_1_656' title='bbox 2085 4430 2175 4469; x_wconf 79' lang='lat' dir='ltr'>xv.</span> <span class='ocrx_word' id='word_1_657' title='bbox 2211 4417 2258 4472; x_wconf 80' lang='grc' dir='ltr'><strong>Δ</strong></span> <span class='ocrx_word' id='word_1_658' title='bbox 2289 4415 2618 4486; x_wconf 90' lang='lat' dir='ltr'><strong>posteriore,</strong></span> <span class='ocrx_word' id='word_1_659' title='bbox 2666 4432 2788 4486; x_wconf 75' lang='lat' dir='ltr'><strong>qua:</strong></span> <span class='ocrx_word' id='word_1_660' title='bbox 2822 4433 2969 4472; x_wconf 89' lang='lat' dir='ltr'><strong>anno</strong></span> <span class='ocrx_word' id='word_1_661' title='bbox 3003 4435 3036 4473; x_wconf 86' lang='grc' dir='ltr'>ιι</span> <span class='ocrx_word' id='word_1_662' title='bbox 3086 4417 3215 4490; x_wconf 83' lang='lat' dir='ltr'><strong>Cyri</strong></span> <span class='ocrx_word' id='word_1_663' title='bbox 3251 4421 3441 4490; x_wconf 78' lang='lat' dir='ltr'><strong>cmpit,</strong></span> <span class='ocrx_word' id='word_1_664' title='bbox 3491 4437 3668 4493; x_wconf 85' lang='lat' dir='ltr'><strong>usque</strong></span> 
     </span>
    </p>
   </div>
   <div class='ocr_carea' id='block_1_91' title="bbox 2087 4508 3592 4578">
    <p class='ocr_par' dir='ltr' id='par_1_91' title="bbox 2087 4508 3592 4578">
     <span class='ocr_line' id='line_1_91' title="bbox 2087 4508 3592 4578; baseline 0.002 -13"><span class='ocrx_word' id='word_1_665' title='bbox 2087 4508 2155 4565; x_wconf 87' lang='lat' dir='ltr'>ad</span> <span class='ocrx_word' id='word_1_666' title='bbox 2187 4518 2499 4565; x_wconf 81' lang='lat' dir='ltr'><strong>extremum</strong></span> <span class='ocrx_word' id='word_1_667' title='bbox 2523 4510 2828 4578; x_wconf 79' lang='lat' dir='ltr'><strong>excidium,</strong></span> <span class='ocrx_word' id='word_1_668' title='bbox 2871 4512 3002 4567; x_wconf 84' lang='lat' dir='ltr'><strong>anni</strong></span> <span class='ocrx_word' id='word_1_669' title='bbox 3031 4527 3285 4578; x_wconf 75' lang='lat' dir='ltr'><strong>neum,</strong></span> <span class='ocrx_word' id='word_1_670' title='bbox 3319 4513 3435 4570; x_wconf 79' lang='lat' dir='ltr'><strong>dies</strong></span> <span class='ocrx_word' id='word_1_671' title='bbox 3468 4529 3592 4569; x_wconf 68' lang='lat' dir='ltr'><strong>xcv.</strong></span> 
     </span>
    </p>
   </div>
   <div class='ocr_carea' id='block_1_92' title="bbox 390 4605 3668 4680">
    <p class='ocr_par' dir='ltr' id='par_1_92' title="bbox 390 4605 3668 4680">
     <span class='ocr_line' id='line_1_92' title="bbox 390 4605 3668 4680; baseline 0 -18"><span class='ocrx_word' id='word_1_672' title='bbox 390 4610 497 4679; x_wconf 83' lang='grc' dir='ltr'>μὲν</span> <span class='ocrx_word' id='word_1_673' title='bbox 535 4605 630 4663; x_wconf 84' lang='grc' dir='ltr'>οὖν</span> <span class='ocrx_word' id='word_1_674' title='bbox 678 4608 805 4672; x_wconf 75' lang='grc' dir='ltr'>ναὸς</span> <span class='ocrx_word' id='word_1_675' title='bbox 850 4606 1025 4670; x_wconf 82' lang='grc' dir='ltr'>οὔτως</span> <span class='ocrx_word' id='word_1_676' title='bbox 1066 4606 1129 4660; x_wconf 81' lang='grc' dir='ltr'>τὸ</span> <span class='ocrx_word' id='word_1_677' title='bbox 1182 4607 1296 4676; x_wconf 87' lang='grc' dir='ltr'>πῦρ</span> <span class='ocrx_word' id='word_1_678' title='bbox 1336 4606 1580 4672; x_wconf 80' lang='grc' dir='ltr'>ἐδέξατο,</span> <span class='ocrx_word' id='word_1_679' title='bbox 1614 4607 1726 4660; x_wconf 84' lang='grc' dir='ltr'>τῶν</span> <span class='ocrx_word' id='word_1_680' title='bbox 1762 4608 1821 4662; x_wconf 79' lang='grc' dir='ltr'>ὲν</span> <span class='ocrx_word' id='word_1_681' title='bbox 1866 4606 2019 4678; x_wconf 75' lang='grc' dir='ltr'>αὐτῷ</span> <span class='ocrx_word' id='word_1_682' title='bbox 2057 4607 2401 4677; x_wconf 76' lang='grc' dir='ltr'>τελουμένων</span> <span class='ocrx_word' id='word_1_683' title='bbox 2442 4607 2647 4674; x_wconf 81' lang='grc' dir='ltr'>ὲναγῶς</span> <span class='ocrx_word' id='word_1_684' title='bbox 2687 4606 3080 4677; x_wconf 79' lang='grc' dir='ltr'>καθαρτήριον,</span> <span class='ocrx_word' id='word_1_685' title='bbox 3147 4608 3318 4680; x_wconf 81' lang='grc' dir='ltr'>ἢτῶν</span> <span class='ocrx_word' id='word_1_686' title='bbox 3367 4614 3668 4672; x_wconf 83' lang='grc' dir='ltr'>τελούντων</span> 
     </span>
    </p>
   </div>
   <div class='ocr_carea' id='block_1_93' title="bbox 387 4699 3664 4778">
    <p class='ocr_par' dir='ltr' id='par_1_93' title="bbox 387 4699 3664 4778">
     <span class='ocr_line' id='line_1_93' title="bbox 387 4699 3664 4778; baseline 0.002 -22"><span class='ocrx_word' id='word_1_687' title='bbox 387 4702 536 4756; x_wconf 79' lang='grc' dir='ltr'>αὐτὰ</span> <span class='ocrx_word' id='word_1_688' title='bbox 567 4702 950 4772; x_wconf 82' lang='grc' dir='ltr'>κολαστήριον.</span> <span class='ocrx_word' id='word_1_689' title='bbox 983 4701 1300 4772; x_wconf 83' lang='grc' dir='ltr'>Θαυμάσειε</span> <span class='ocrx_word' id='word_1_690' title='bbox 1328 4699 1463 4754; x_wconf 78' lang='grc' dir='ltr'>δ’ἄν</span> <span class='ocrx_word' id='word_1_691' title='bbox 1493 4718 1581 4765; x_wconf 87' lang='grc' dir='ltr'>τις</span> <span class='ocrx_word' id='word_1_692' title='bbox 1640 4702 1725 4755; x_wconf 84' lang='grc' dir='ltr'>ὅτι</span> <span class='ocrx_word' id='word_1_693' title='bbox 1786 4701 1880 4755; x_wconf 75' lang='grc' dir='ltr'>καὶ</span> <span class='ocrx_word' id='word_1_694' title='bbox 1934 4703 2041 4773; x_wconf 83' lang='grc' dir='ltr'>μὴν</span> <span class='ocrx_word' id='word_1_695' title='bbox 2074 4704 2103 4755; x_wconf 90' lang='lat'>6</span> <span class='ocrx_word' id='word_1_696' title='bbox 2134 4701 2300 4765; x_wconf 78' lang='grc' dir='ltr'>αὐτὸς</span> <span class='ocrx_word' id='word_1_697' title='bbox 2350 4701 2448 4755; x_wconf 76' lang='grc' dir='ltr'>καὶ</span> <span class='ocrx_word' id='word_1_698' title='bbox 2497 4702 2686 4771; x_wconf 75' lang='grc' dir='ltr'>ἡμέρα</span> <span class='ocrx_word' id='word_1_699' title='bbox 2743 4701 3013 4755; x_wconf 80' lang='grc' dir='ltr'>συνέπεσε</span> <span class='ocrx_word' id='word_1_700' title='bbox 3065 4702 3145 4774; x_wconf 84' lang='grc' dir='ltr'>τῷ</span> <span class='ocrx_word' id='word_1_701' title='bbox 3197 4705 3517 4778; x_wconf 65' lang='grc' dir='ltr'>ἔμπρησμῷ</span> <span class='ocrx_word' id='word_1_702' title='bbox 3566 4710 3664 4764; x_wconf 86' lang='grc' dir='ltr'>τοῦ</span> 
     </span>
    </p>
   </div>
   <div class='ocr_carea' id='block_1_94' title="bbox 382 4797 3667 4877">
    <p class='ocr_par' dir='ltr' id='par_1_94' title="bbox 382 4797 3667 4877">
     <span class='ocr_line' id='line_1_94' title="bbox 382 4797 3667 4877; baseline 0 -19"><span class='ocrx_word' id='word_1_703' title='bbox 382 4805 546 4867; x_wconf 83' lang='grc' dir='ltr'>ναοῦ,</span> <span class='ocrx_word' id='word_1_704' title='bbox 577 4804 701 4857; x_wconf 80' lang='grc' dir='ltr'>καθ’</span> <span class='ocrx_word' id='word_1_705' title='bbox 726 4804 792 4875; x_wconf 79' lang='grc' dir='ltr'>ἣν</span> <span class='ocrx_word' id='word_1_706' title='bbox 819 4804 917 4856; x_wconf 81' lang='grc' dir='ltr'>καὶ</span> <span class='ocrx_word' id='word_1_707' title='bbox 948 4803 976 4854; x_wconf 89' lang='lat'>6</span> <span class='ocrx_word' id='word_1_708' title='bbox 1006 4801 1274 4871; x_wconf 80' lang='grc' dir='ltr'>πρότερος</span> <span class='ocrx_word' id='word_1_709' title='bbox 1316 4798 1424 4853; x_wconf 82' lang='grc' dir='ltr'>ύπὺ</span> <span class='ocrx_word' id='word_1_710' title='bbox 1468 4797 1832 4852; x_wconf 86' lang='grc' dir='ltr'>Βαϐυλωνίων</span> <span class='ocrx_word' id='word_1_711' title='bbox 1913 4797 2227 4869; x_wconf 78' lang='grc' dir='ltr'>κατεφλέγη</span> <span class='ocrx_word' id='word_1_712' title='bbox 2290 4800 2438 4862; x_wconf 82' lang='grc' dir='ltr'>ναός.</span> <span class='ocrx_word' id='word_1_713' title='bbox 2514 4800 2627 4853; x_wconf 75' lang='grc' dir='ltr'>Καὶ</span> <span class='ocrx_word' id='word_1_714' title='bbox 2670 4800 2781 4853; x_wconf 75' lang='grc' dir='ltr'>ἀπὸ</span> <span class='ocrx_word' id='word_1_715' title='bbox 2815 4799 2915 4869; x_wconf 79' lang='grc' dir='ltr'>μὲν</span> <span class='ocrx_word' id='word_1_716' title='bbox 2939 4800 3041 4870; x_wconf 83' lang='grc' dir='ltr'>τῆς</span> <span class='ocrx_word' id='word_1_717' title='bbox 3097 4801 3325 4872; x_wconf 82' lang='grc' dir='ltr'>πρώτης</span> <span class='ocrx_word' id='word_1_718' title='bbox 3373 4805 3667 4877; x_wconf 75' lang='grc' dir='ltr'>οἰκοδομῆς</span> 
     </span>
    </p>
   </div>
   <div class='ocr_carea' id='block_1_95' title="bbox 384 4886 3667 4967">
    <p class='ocr_par' dir='ltr' id='par_1_95' title="bbox 384 4886 3667 4967">
     <span class='ocr_line' id='line_1_95' title="bbox 384 4886 3667 4967; baseline 0.001 -21"><span class='ocrx_word' id='word_1_719' title='bbox 384 4898 456 4967; x_wconf 72' lang='grc' dir='ltr'>ἣν</span> <span class='ocrx_word' id='word_1_720' title='bbox 492 4892 748 4962; x_wconf 87' lang='grc' dir='ltr'>Σολομῶν</span> <span class='ocrx_word' id='word_1_721' title='bbox 788 4891 1090 4961; x_wconf 75' lang='grc' dir='ltr'>ἐποιήσατο</span> <span class='ocrx_word' id='word_1_722' title='bbox 1130 4888 1297 4960; x_wconf 74' lang='grc' dir='ltr'>μέχρι</span> <span class='ocrx_word' id='word_1_723' title='bbox 1327 4888 1426 4958; x_wconf 75' lang='grc' dir='ltr'>τῆς</span> <span class='ocrx_word' id='word_1_724' title='bbox 1461 4886 1857 4957; x_wconf 77' lang='grc' dir='ltr'>ἱστορουμένης</span> <span class='ocrx_word' id='word_1_725' title='bbox 1917 4886 2014 4940; x_wconf 87' lang='grc' dir='ltr'>νῦν</span> <span class='ocrx_word' id='word_1_726' title='bbox 2048 4886 2446 4959; x_wconf 80' lang='grc' dir='ltr'>καθαιρέσεως,</span> <span class='ocrx_word' id='word_1_727' title='bbox 2487 4889 2522 4958; x_wconf 84' lang='grc' dir='ltr'>ἢ</span> <span class='ocrx_word' id='word_1_728' title='bbox 2558 4889 2788 4957; x_wconf 77' lang='grc' dir='ltr'>γέγονεν</span> <span class='ocrx_word' id='word_1_729' title='bbox 2818 4888 2932 4942; x_wconf 75' lang='grc' dir='ltr'>ἔτει</span> <span class='ocrx_word' id='word_1_730' title='bbox 2969 4889 3213 4962; x_wconf 80' lang='grc' dir='ltr'>δευτέρῳ</span> <span class='ocrx_word' id='word_1_731' title='bbox 3281 4894 3383 4964; x_wconf 73' lang='grc' dir='ltr'>τῆς</span> <span class='ocrx_word' id='word_1_732' title='bbox 3413 4895 3667 4948; x_wconf 80' lang='grc' dir='ltr'>Οὐεσπα-</span> 
     </span>
    </p>
   </div>
   <div class='ocr_carea' id='block_1_96' title="bbox 388 4977 3666 5056">
    <p class='ocr_par' dir='ltr' id='par_1_96' title="bbox 388 4977 3666 5056">
     <span class='ocr_line' id='line_1_96' title="bbox 388 4977 3666 5056; baseline 0 -15"><span class='ocrx_word' id='word_1_733' title='bbox 388 4985 584 5041; x_wconf 80' lang='grc' dir='ltr'>σιανοῦ</span> <span class='ocrx_word' id='word_1_734' title='bbox 639 4984 963 5056; x_wconf 84' lang='grc' dir='ltr'>μοναρχίας,</span> <span class='ocrx_word' id='word_1_735' title='bbox 1018 4982 1114 5052; x_wconf 74' lang='grc' dir='ltr'>ἔτη</span> <span class='ocrx_word' id='word_1_736' title='bbox 1158 4981 1374 5049; x_wconf 85' lang='grc' dir='ltr'>γίνεται</span> <span class='ocrx_word' id='word_1_737' title='bbox 1427 4978 1578 5050; x_wconf 87' lang='grc' dir='ltr'>χίλια</span> <span class='ocrx_word' id='word_1_738' title='bbox 1636 4977 1733 5031; x_wconf 76' lang='grc' dir='ltr'>καὶ</span> <span class='ocrx_word' id='word_1_739' title='bbox 1781 4979 1978 5032; x_wconf 77' lang='grc' dir='ltr'>ἑκατὸν</span> <span class='ocrx_word' id='word_1_740' title='bbox 2017 4979 2342 5050; x_wconf 83' lang='grc' dir='ltr'>τριάκοντα,</span> <span class='ocrx_word' id='word_1_741' title='bbox 2385 4982 2484 5033; x_wconf 73' lang='grc' dir='ltr'>καὶ</span> <span class='ocrx_word' id='word_1_742' title='bbox 2535 4982 2707 5051; x_wconf 80' lang='grc' dir='ltr'>μῆνες</span> <span class='ocrx_word' id='word_1_743' title='bbox 2780 4981 2923 5036; x_wconf 76' lang='grc' dir='ltr'>ἑπτὰ</span> <span class='ocrx_word' id='word_1_744' title='bbox 2974 4984 3181 5054; x_wconf 78' lang='grc' dir='ltr'>ἡμέραι</span> <span class='ocrx_word' id='word_1_745' title='bbox 3226 5004 3286 5039; x_wconf 91' lang='grc' dir='ltr'>τε</span> <span class='ocrx_word' id='word_1_746' title='bbox 3370 4987 3666 5043; x_wconf 78' lang='grc' dir='ltr'>πεντεκαίο</span> 
     </span>
    </p>
   </div>
   <div class='ocr_carea' id='block_1_97' title="bbox 383 5070 3665 5150">
    <p class='ocr_par' dir='ltr' id='par_1_97' title="bbox 383 5070 3665 5150">
     <span class='ocr_line' id='line_1_97' title="bbox 383 5070 3665 5150; baseline 0.002 -19"><span class='ocrx_word' id='word_1_747' title='bbox 383 5083 527 5135; x_wconf 80' lang='grc' dir='ltr'>δεκα</span> <span class='ocrx_word' id='word_1_748' title='bbox 558 5096 574 5112; x_wconf 77' lang='grc' dir='ltr'><strong>ο</strong></span> <span class='ocrx_word' id='word_1_749' title='bbox 611 5079 720 5133; x_wconf 74' lang='grc' dir='ltr'>ἀπὸ</span> <span class='ocrx_word' id='word_1_750' title='bbox 748 5078 805 5133; x_wconf 81' lang='grc' dir='ltr'>δὲ</span> <span class='ocrx_word' id='word_1_751' title='bbox 836 5080 937 5148; x_wconf 81' lang='grc' dir='ltr'>τῆς</span> <span class='ocrx_word' id='word_1_752' title='bbox 978 5075 1230 5145; x_wconf 78' lang='grc' dir='ltr'>ὕστερον,</span> <span class='ocrx_word' id='word_1_753' title='bbox 1278 5072 1402 5143; x_wconf 75' lang='grc' dir='ltr'>ἥτις</span> <span class='ocrx_word' id='word_1_754' title='bbox 1434 5070 1546 5124; x_wconf 77' lang='grc' dir='ltr'>ἔτει</span> <span class='ocrx_word' id='word_1_755' title='bbox 1584 5070 1826 5141; x_wconf 82' lang='grc' dir='ltr'>δευτέρῳ</span> <span class='ocrx_word' id='word_1_756' title='bbox 1872 5073 1973 5142; x_wconf 81' lang='grc' dir='ltr'>τῆς</span> <span class='ocrx_word' id='word_1_757' title='bbox 2009 5070 2196 5143; x_wconf 83' lang='grc' dir='ltr'>Κύρου</span> <span class='ocrx_word' id='word_1_758' title='bbox 2259 5072 2545 5144; x_wconf 80' lang='grc' dir='ltr'>βασιλείας</span> <span class='ocrx_word' id='word_1_759' title='bbox 2612 5074 2820 5145; x_wconf 74' lang='grc' dir='ltr'>ἤρξατο</span> <span class='ocrx_word' id='word_1_760' title='bbox 2855 5075 3110 5143; x_wconf 86' lang='grc' dir='ltr'>γίνεσθαι</span> <span class='ocrx_word' id='word_1_761' title='bbox 3140 5078 3306 5149; x_wconf 83' lang='grc' dir='ltr'>μέχρι</span> <span class='ocrx_word' id='word_1_762' title='bbox 3335 5079 3435 5150; x_wconf 86' lang='grc' dir='ltr'>τῆς</span> <span class='ocrx_word' id='word_1_763' title='bbox 3474 5083 3665 5138; x_wconf 75' lang='grc' dir='ltr'>τελευ·</span> 
     </span>
    </p>
   </div>
   <div class='ocr_carea' id='block_1_98' title="bbox 378 5164 3321 5239">
    <p class='ocr_par' dir='ltr' id='par_1_98' title="bbox 378 5164 3321 5239">
     <span class='ocr_line' id='line_1_98' title="bbox 378 5164 3321 5239; baseline -0.003 -7"><span class='ocrx_word' id='word_1_764' title='bbox 378 5177 552 5239; x_wconf 79' lang='grc' dir='ltr'>ταίας</span> <span class='ocrx_word' id='word_1_765' title='bbox 603 5172 883 5237; x_wconf 72' lang='grc' dir='ltr'>ἁλώσεως,</span> <span class='ocrx_word' id='word_1_766' title='bbox 923 5169 1019 5239; x_wconf 69' lang='grc' dir='ltr'>ἐτη</span> <span class='ocrx_word' id='word_1_767' title='bbox 1058 5166 1320 5234; x_wconf 67' lang='grc' dir='ltr'>ἑξακόσια</span> <span class='ocrx_word' id='word_1_768' title='bbox 1376 5166 1472 5218; x_wconf 81' lang='grc' dir='ltr'>καὶ</span> <span class='ocrx_word' id='word_1_769' title='bbox 1522 5164 1825 5234; x_wconf 81' lang='grc' dir='ltr'>τριάκοντα</span> <span class='ocrx_word' id='word_1_770' title='bbox 1874 5164 1972 5216; x_wconf 82' lang='grc' dir='ltr'>καὶ</span> <span class='ocrx_word' id='word_1_771' title='bbox 2008 5164 2166 5218; x_wconf 76' lang='grc' dir='ltr'>ἐννέα</span> <span class='ocrx_word' id='word_1_772' title='bbox 2196 5166 2290 5218; x_wconf 78' lang='grc' dir='ltr'>καὶ</span> <span class='ocrx_word' id='word_1_773' title='bbox 2320 5166 2528 5237; x_wconf 80' lang='grc' dir='ltr'>ἡμέραι</span> <span class='ocrx_word' id='word_1_774' title='bbox 2563 5166 2725 5219; x_wconf 86' lang='grc' dir='ltr'>πέντε</span> <span class='ocrx_word' id='word_1_775' title='bbox 2758 5166 2852 5219; x_wconf 74' lang='grc' dir='ltr'>καὶ</span> <span class='ocrx_word' id='word_1_776' title='bbox 2879 5168 3321 5237; x_wconf 83' lang='grc' dir='ltr'>τεσσαράκοντα.</span> 
     </span>
    </p>
   </div>
   <div class='ocr_carea' id='block_1_99' title="bbox 462 5253 1982 5333">
    <p class='ocr_par' dir='ltr' id='par_1_99' title="bbox 462 5253 1976 5333">
     <span class='ocr_line' id='line_1_99' title="bbox 462 5253 1976 5333; baseline -0.011 -12"><span class='ocrx_word' id='word_1_777' title='bbox 462 5263 593 5321; x_wconf 76' lang='lat' dir='ltr'>KA&#39;.</span> <span class='ocrx_word' id='word_1_778' title='bbox 632 5262 941 5333; x_wconf 78' lang='grc' dir='ltr'>Καιομένου</span> <span class='ocrx_word' id='word_1_779' title='bbox 988 5259 1044 5312; x_wconf 76' lang='grc' dir='ltr'>δὲ</span> <span class='ocrx_word' id='word_1_780' title='bbox 1087 5255 1181 5311; x_wconf 85' lang='grc' dir='ltr'>τοῦ</span> <span class='ocrx_word' id='word_1_781' title='bbox 1223 5253 1384 5319; x_wconf 89' lang='grc' dir='ltr'>ναοῦ,</span> <span class='ocrx_word' id='word_1_782' title='bbox 1436 5253 1544 5307; x_wconf 85' lang='grc' dir='ltr'>τῶν</span> <span class='ocrx_word' id='word_1_783' title='bbox 1595 5253 1695 5323; x_wconf 67' lang='grc' dir='ltr'>μὲν</span> <span class='ocrx_word' id='word_1_784' title='bbox 1732 5269 1976 5324; x_wconf 86' lang='grc' dir='ltr'>προσπι-</span> 
     </span>
    </p>
   </div>
   <div class='ocr_carea' id='block_1_100' title="bbox 2087 5253 3661 5333">
    <p class='ocr_par' dir='ltr' id='par_1_100' title="bbox 2170 5253 3661 5332">
     <span class='ocr_line' id='line_1_100' title="bbox 2170 5253 3661 5332; baseline 0.005 -24"><span class='ocrx_word' id='word_1_785' title='bbox 2170 5253 2364 5310; x_wconf 81' lang='lat' dir='ltr'><strong>XXIV.</strong></span> <span class='ocrx_word' id='word_1_786' title='bbox 2413 5254 2641 5325; x_wconf 87' lang='lat' dir='ltr'><strong>Templo</strong></span> <span class='ocrx_word' id='word_1_787' title='bbox 2699 5255 2945 5319; x_wconf 84' lang='lat' dir='ltr'><strong>ardente,</strong></span> <span class='ocrx_word' id='word_1_788' title='bbox 2996 5255 3159 5310; x_wconf 85' lang='lat' dir='ltr'><strong>obvia</strong></span> <span class='ocrx_word' id='word_1_789' title='bbox 3216 5272 3449 5327; x_wconf 69' lang='lat' dir='ltr'><strong>qumque</strong></span> <span class='ocrx_word' id='word_1_790' title='bbox 3508 5272 3661 5332; x_wconf 72' lang='lat' dir='ltr'><strong>rapta</strong></span> 
     </span>
    </p>
   </div>
   <div class='ocr_carea' id='block_1_101' title="bbox 382 5345 1982 5427">
    <p class='ocr_par' dir='ltr' id='par_1_101' title="bbox 382 5346 1980 5427">
     <span class='ocr_line' id='line_1_101' title="bbox 382 5346 1980 5427; baseline -0.009 -14"><span class='ocrx_word' id='word_1_791' title='bbox 382 5359 641 5414; x_wconf 82' lang='grc' dir='ltr'>πτόντων</span> <span class='ocrx_word' id='word_1_792' title='bbox 687 5355 757 5427; x_wconf 85' lang='grc' dir='ltr'>ἦν</span> <span class='ocrx_word' id='word_1_793' title='bbox 799 5353 1029 5424; x_wconf 82' lang='grc' dir='ltr'>ἁρπαγὴ</span> <span class='ocrx_word' id='word_1_794' title='bbox 1054 5390 1071 5417; x_wconf 94' lang='grc'>,</span> <span class='ocrx_word' id='word_1_795' title='bbox 1116 5348 1226 5404; x_wconf 82' lang='grc' dir='ltr'>τῶν</span> <span class='ocrx_word' id='word_1_796' title='bbox 1286 5348 1343 5401; x_wconf 85' lang='grc' dir='ltr'>δὲ</span> <span class='ocrx_word' id='word_1_797' title='bbox 1398 5346 1980 5416; x_wconf 82' lang='grc' dir='ltr'>καταλαμϐανομένων</span> 
     </span>
    </p>
   </div>
   <div class='ocr_carea' id='block_1_102' title="bbox 2087 5345 3663 5427">
    <p class='ocr_par' dir='ltr' id='par_1_102' title="bbox 2087 5345 3663 5421">
     <span class='ocr_line' id='line_1_102' title="bbox 2087 5345 3663 5421; baseline 0.004 -21"><span class='ocrx_word' id='word_1_798' title='bbox 2087 5358 2240 5411; x_wconf 87' lang='lat' dir='ltr'><strong>sunt,</strong></span> <span class='ocrx_word' id='word_1_799' title='bbox 2268 5355 2325 5401; x_wconf 89' lang='lat' dir='ltr'>et</span> <span class='ocrx_word' id='word_1_800' title='bbox 2369 5346 2465 5416; x_wconf 84' lang='lat' dir='ltr'>qui</span> <span class='ocrx_word' id='word_1_801' title='bbox 2517 5345 2858 5414; x_wconf 83' lang='lat' dir='ltr'><strong>deprehendi</strong></span> <span class='ocrx_word' id='word_1_802' title='bbox 2915 5355 3219 5416; x_wconf 86' lang='lat' dir='ltr'><strong>potuerunt</strong></span> <span class='ocrx_word' id='word_1_803' title='bbox 3253 5349 3446 5414; x_wconf 84' lang='lat' dir='ltr'><strong>occisi,</strong></span> <span class='ocrx_word' id='word_1_804' title='bbox 3477 5365 3663 5421; x_wconf 85' lang='lat' dir='ltr'><strong>neque</strong></span> 
     </span>
    </p>
   </div>
   <div class='ocr_carea' id='block_1_103' title="bbox 384 5435 1982 5525">
    <p class='ocr_par' dir='ltr' id='par_1_103' title="bbox 384 5441 1978 5525">
     <span class='ocr_line' id='line_1_103' title="bbox 384 5441 1978 5525; baseline -0.012 -15"><span class='ocrx_word' id='word_1_805' title='bbox 384 5455 604 5525; x_wconf 83' lang='grc' dir='ltr'>σφαγή.</span> <span class='ocrx_word' id='word_1_806' title='bbox 654 5448 912 5522; x_wconf 76' lang='grc' dir='ltr'>Οὐδαμοῦ</span> <span class='ocrx_word' id='word_1_807' title='bbox 958 5448 1080 5518; x_wconf 72' lang='grc' dir='ltr'>δὲή</span> <span class='ocrx_word' id='word_1_808' title='bbox 1122 5445 1195 5516; x_wconf 80' lang='grc' dir='ltr'>γῆ</span> <span class='ocrx_word' id='word_1_809' title='bbox 1250 5447 1314 5498; x_wconf 82' lang='grc' dir='ltr'>ὲκ</span> <span class='ocrx_word' id='word_1_810' title='bbox 1366 5443 1475 5496; x_wconf 88' lang='grc' dir='ltr'>τῶν</span> <span class='ocrx_word' id='word_1_811' title='bbox 1510 5441 1724 5513; x_wconf 85' lang='grc' dir='ltr'>νεκρῶν</span> <span class='ocrx_word' id='word_1_812' title='bbox 1761 5441 1978 5511; x_wconf 81' lang='grc' dir='ltr'>διεφαί-</span> 
     </span>
    </p>
   </div>
   <div class='ocr_carea' id='block_1_104' title="bbox 2087 5435 3661 5525">
    <p class='ocr_par' dir='ltr' id='par_1_104' title="bbox 2089 5435 3661 5509">
     <span class='ocr_line' id='line_1_104' title="bbox 2089 5435 3661 5509; baseline 0.003 -17"><span class='ocrx_word' id='word_1_813' title='bbox 2089 5453 2323 5508; x_wconf 90' lang='lat' dir='ltr'><strong>usquam</strong></span> <span class='ocrx_word' id='word_1_814' title='bbox 2361 5439 2538 5492; x_wconf 90' lang='lat' dir='ltr'><strong>solum</strong></span> <span class='ocrx_word' id='word_1_815' title='bbox 2563 5452 2677 5509; x_wconf 69' lang='lat' dir='ltr'><strong>pra:</strong></span> <span class='ocrx_word' id='word_1_816' title='bbox 2709 5435 3073 5492; x_wconf 87' lang='lat' dir='ltr'><strong>cadaveribus</strong></span> <span class='ocrx_word' id='word_1_817' title='bbox 3104 5436 3280 5493; x_wconf 83' lang='lat' dir='ltr'><strong>videri</strong></span> <span class='ocrx_word' id='word_1_818' title='bbox 3314 5441 3538 5509; x_wconf 80' lang='lat' dir='ltr'><strong>potuit;</strong></span> <span class='ocrx_word' id='word_1_819' title='bbox 3566 5443 3661 5497; x_wconf 80' lang='lat' dir='ltr'>sed</span> 
     </span>
    </p>
   </div>
   <div class='ocr_carea' id='block_1_105' title="bbox 382 5527 1982 5614">
    <p class='ocr_par' dir='ltr' id='par_1_105' title="bbox 382 5535 1977 5614">
     <span class='ocr_line' id='line_1_105' title="bbox 382 5535 1977 5614; baseline -0.011 -11"><span class='ocrx_word' id='word_1_820' title='bbox 382 5563 537 5614; x_wconf 84' lang='grc' dir='ltr'>νετο,</span> <span class='ocrx_word' id='word_1_821' title='bbox 581 5544 722 5600; x_wconf 83' lang='grc' dir='ltr'>ἀλλὰ</span> <span class='ocrx_word' id='word_1_822' title='bbox 765 5544 965 5614; x_wconf 86' lang='grc' dir='ltr'>σωροῖς</span> <span class='ocrx_word' id='word_1_823' title='bbox 1010 5541 1061 5595; x_wconf 74' lang='grc' dir='ltr'>οἱ</span> <span class='ocrx_word' id='word_1_824' title='bbox 1108 5538 1445 5611; x_wconf 84' lang='grc' dir='ltr'>στρατιῶται</span> <span class='ocrx_word' id='word_1_825' title='bbox 1489 5535 1763 5604; x_wconf 83' lang='grc' dir='ltr'>σωμάτων</span> <span class='ocrx_word' id='word_1_826' title='bbox 1798 5536 1977 5604; x_wconf 78' lang='grc' dir='ltr'>έπεμ-</span> 
     </span>
    </p>
   </div>
   <div class='ocr_carea' id='block_1_106' title="bbox 2087 5527 3664 5614">
    <p class='ocr_par' dir='ltr' id='par_1_106' title="bbox 2087 5527 3664 5602">
     <span class='ocr_line' id='line_1_106' title="bbox 2087 5527 3664 5602; baseline 0.001 -16"><span class='ocrx_word' id='word_1_827' title='bbox 2087 5531 2291 5586; x_wconf 87' lang='lat' dir='ltr'><strong>milites</strong></span> <span class='ocrx_word' id='word_1_828' title='bbox 2320 5546 2420 5600; x_wconf 90' lang='lat' dir='ltr'>per</span> <span class='ocrx_word' id='word_1_829' title='bbox 2448 5544 2678 5584; x_wconf 70' lang='lat' dir='ltr'><strong>acervos</strong></span> <span class='ocrx_word' id='word_1_830' title='bbox 2718 5542 3009 5592; x_wconf 67' lang='lat' dir='ltr'><strong>czeSOrum,</strong></span> <span class='ocrx_word' id='word_1_831' title='bbox 3046 5527 3319 5600; x_wconf 77' lang='lat' dir='ltr'><strong>fugientes</strong></span> <span class='ocrx_word' id='word_1_832' title='bbox 3360 5546 3664 5602; x_wconf 79' lang='lat' dir='ltr'><strong>perseque-</strong></span> 
     </span>
    </p>
   </div>
   <div class='ocr_carea' id='block_1_107' title="bbox 384 5620 1982 5700">
    <p class='ocr_par' dir='ltr' id='par_1_107' title="bbox 384 5620 1977 5700">
     <span class='ocr_line' id='line_1_107' title="bbox 384 5620 1977 5700; baseline -0.008 -9"><span class='ocrx_word' id='word_1_833' title='bbox 384 5636 678 5698; x_wconf 73' lang='grc' dir='ltr'>ϐαίνοντες</span> <span class='ocrx_word' id='word_1_834' title='bbox 722 5635 818 5688; x_wconf 67' lang='grc' dir='ltr'>ἐπὶ</span> <span class='ocrx_word' id='word_1_835' title='bbox 862 5634 994 5695; x_wconf 78' lang='grc' dir='ltr'>τοὺς</span> <span class='ocrx_word' id='word_1_836' title='bbox 1046 5628 1353 5700; x_wconf 82' lang='grc' dir='ltr'>φεύγοντας</span> <span class='ocrx_word' id='word_1_837' title='bbox 1401 5624 1579 5680; x_wconf 76' lang='grc' dir='ltr'>ἔθεον.</span> <span class='ocrx_word' id='word_1_838' title='bbox 1618 5624 1693 5679; x_wconf 83' lang='grc' dir='ltr'>Τὸ</span> <span class='ocrx_word' id='word_1_839' title='bbox 1746 5627 1847 5694; x_wconf 78' lang='grc' dir='ltr'>μὲν</span> <span class='ocrx_word' id='word_1_840' title='bbox 1878 5620 1977 5679; x_wconf 81' lang='grc' dir='ltr'>οὖν</span> 
     </span>
    </p>
   </div>
   <div class='ocr_carea' id='block_1_108' title="bbox 2087 5620 3665 5700">
    <p class='ocr_par' dir='ltr' id='par_1_108' title="bbox 2087 5621 3665 5693">
     <span class='ocr_line' id='line_1_108' title="bbox 2087 5621 3665 5693; baseline -0.001 -13"><span class='ocrx_word' id='word_1_841' title='bbox 2087 5626 2306 5681; x_wconf 87' lang='lat' dir='ltr'><strong>bantur.</strong></span> <span class='ocrx_word' id='word_1_842' title='bbox 2334 5623 2633 5678; x_wconf 86' lang='lat' dir='ltr'><strong>Latronum</strong></span> <span class='ocrx_word' id='word_1_843' title='bbox 2669 5637 2803 5678; x_wconf 76' lang='lat' dir='ltr'><strong>Vero</strong></span> <span class='ocrx_word' id='word_1_844' title='bbox 2832 5621 3129 5679; x_wconf 87' lang='lat' dir='ltr'><strong>multitudo</strong></span> <span class='ocrx_word' id='word_1_845' title='bbox 3159 5623 3436 5693; x_wconf 79' lang='lat' dir='ltr'><strong>perruptis</strong></span> <span class='ocrx_word' id='word_1_846' title='bbox 3460 5622 3665 5679; x_wconf 85' lang='lat' dir='ltr'><strong>Roma-</strong></span> 
     </span>
    </p>
   </div>
   <div class='ocr_carea' id='block_1_109' title="bbox 379 5712 1982 5800">
    <p class='ocr_par' dir='ltr' id='par_1_109' title="bbox 379 5716 1977 5800">
     <span class='ocr_line' id='line_1_109' title="bbox 379 5716 1977 5800; baseline -0.009 -17"><span class='ocrx_word' id='word_1_847' title='bbox 379 5728 689 5800; x_wconf 83' lang='grc' dir='ltr'>λῃστρικὸν</span> <span class='ocrx_word' id='word_1_848' title='bbox 720 5726 925 5797; x_wconf 83' lang='grc' dir='ltr'>πλῆθος</span> <span class='ocrx_word' id='word_1_849' title='bbox 954 5722 1232 5792; x_wconf 84' lang='grc' dir='ltr'>ὠσάμενοι</span> <span class='ocrx_word' id='word_1_850' title='bbox 1263 5718 1390 5781; x_wconf 76' lang='grc' dir='ltr'>τοὺς</span> <span class='ocrx_word' id='word_1_851' title='bbox 1432 5716 1744 5787; x_wconf 80' lang='grc' dir='ltr'>Ῥωμαίους</span> <span class='ocrx_word' id='word_1_852' title='bbox 1802 5717 1977 5781; x_wconf 83' lang='grc' dir='ltr'>διεξέ-</span> 
     </span>
    </p>
   </div>
   <div class='ocr_carea' id='block_1_110' title="bbox 2087 5712 3661 5800">
    <p class='ocr_par' dir='ltr' id='par_1_110' title="bbox 2087 5712 3661 5787">
     <span class='ocr_line' id='line_1_110' title="bbox 2087 5712 3661 5787; baseline 0.001 -17"><span class='ocrx_word' id='word_1_853' title='bbox 2087 5730 2281 5770; x_wconf 89' lang='lat' dir='ltr'><strong>norum</strong></span> <span class='ocrx_word' id='word_1_854' title='bbox 2299 5714 2609 5785; x_wconf 86' lang='lat' dir='ltr'><strong>agminibus</strong></span> <span class='ocrx_word' id='word_1_855' title='bbox 2647 5716 2702 5768; x_wconf 92' lang='lat' dir='ltr'>in</span> <span class='ocrx_word' id='word_1_856' title='bbox 2734 5712 2932 5771; x_wconf 87' lang='lat' dir='ltr'><strong>urbem</strong></span> <span class='ocrx_word' id='word_1_857' title='bbox 2963 5714 3159 5779; x_wconf 84' lang='lat' dir='ltr'><strong>evasit,</strong></span> <span class='ocrx_word' id='word_1_858' title='bbox 3187 5713 3438 5786; x_wconf 63' lang='lat' dir='ltr'><strong>reliquim</strong></span> <span class='ocrx_word' id='word_1_859' title='bbox 3485 5731 3661 5787; x_wconf 70' lang='grc' dir='ltr'>βορη-</span> 
     </span>
    </p>
   </div>
   <div class='ocr_carea' id='block_1_111' title="bbox 384 5805 1982 5889">
    <p class='ocr_par' dir='ltr' id='par_1_111' title="bbox 384 5808 1973 5889">
     <span class='ocr_line' id='line_1_111' title="bbox 384 5808 1973 5889; baseline -0.009 -14"><span class='ocrx_word' id='word_1_860' title='bbox 384 5837 566 5876; x_wconf 77' lang='grc' dir='ltr'>οιτεσον</span> <span class='ocrx_word' id='word_1_861' title='bbox 598 5821 679 5883; x_wconf 79' lang='grc' dir='ltr'>είς</span> <span class='ocrx_word' id='word_1_862' title='bbox 705 5821 804 5889; x_wconf 79' lang='grc' dir='ltr'>τὴν</span> <span class='ocrx_word' id='word_1_863' title='bbox 836 5817 992 5871; x_wconf 80' lang='grc' dir='ltr'>πόλιν</span> <span class='ocrx_word' id='word_1_864' title='bbox 1016 5832 1032 5846; x_wconf 90' lang='grc'><strong>·</strong></span> <span class='ocrx_word' id='word_1_865' title='bbox 1063 5812 1159 5866; x_wconf 89' lang='grc' dir='ltr'>τοῦ</span> <span class='ocrx_word' id='word_1_866' title='bbox 1186 5809 1485 5881; x_wconf 81' lang='grc' dir='ltr'>δημοτικοῦ</span> <span class='ocrx_word' id='word_1_867' title='bbox 1527 5808 1585 5861; x_wconf 81' lang='grc' dir='ltr'>δὲ</span> <span class='ocrx_word' id='word_1_868' title='bbox 1626 5808 1688 5860; x_wconf 80' lang='grc' dir='ltr'>τὸ</span> <span class='ocrx_word' id='word_1_869' title='bbox 1729 5809 1973 5876; x_wconf 84' lang='grc' dir='ltr'>περιλει-</span> 
     </span>
    </p>
   </div>
   <div class='ocr_carea' id='block_1_112' title="bbox 2087 5805 3661 5889">
    <p class='ocr_par' dir='ltr' id='par_1_112' title="bbox 2087 5805 3661 5877">
     <span class='ocr_line' id='line_1_112' title="bbox 2087 5805 3661 5877; baseline 0.002 -17"><span class='ocrx_word' id='word_1_870' title='bbox 2087 5806 2215 5862; x_wconf 88' lang='lat' dir='ltr'><strong>laris</strong></span> <span class='ocrx_word' id='word_1_871' title='bbox 2245 5808 2417 5860; x_wconf 78' lang='lat' dir='ltr'><strong>turba:</strong></span> <span class='ocrx_word' id='word_1_872' title='bbox 2462 5805 2519 5860; x_wconf 91' lang='lat' dir='ltr'>in</span> <span class='ocrx_word' id='word_1_873' title='bbox 2560 5806 2890 5861; x_wconf 77' lang='lat' dir='ltr'><strong>exteriorem</strong></span> <span class='ocrx_word' id='word_1_874' title='bbox 2944 5805 3219 5875; x_wconf 90' lang='lat' dir='ltr'><strong>porticum</strong></span> <span class='ocrx_word' id='word_1_875' title='bbox 3266 5806 3661 5877; x_wconf 81' lang='lat' dir='ltr'><strong>confugerunt.</strong></span> 
     </span>
    </p>
   </div>
   <div class='ocr_carea' id='block_1_113' title="bbox 382 5899 1982 5986">
    <p class='ocr_par' dir='ltr' id='par_1_113' title="bbox 382 5900 1976 5986">
     <span class='ocr_line' id='line_1_113' title="bbox 382 5900 1976 5986; baseline -0.007 -20"><span class='ocrx_word' id='word_1_876' title='bbox 382 5913 532 5986; x_wconf 79' lang='grc' dir='ltr'>φθὲν</span> <span class='ocrx_word' id='word_1_877' title='bbox 581 5915 660 5978; x_wconf 83' lang='grc' dir='ltr'>είς</span> <span class='ocrx_word' id='word_1_878' title='bbox 706 5912 808 5981; x_wconf 76' lang='grc' dir='ltr'>τὴν</span> <span class='ocrx_word' id='word_1_879' title='bbox 851 5909 960 5977; x_wconf 70' lang='grc' dir='ltr'>ἔξω</span> <span class='ocrx_word' id='word_1_880' title='bbox 1008 5906 1170 5963; x_wconf 81' lang='grc' dir='ltr'>στοὰν</span> <span class='ocrx_word' id='word_1_881' title='bbox 1216 5904 1521 5972; x_wconf 58' lang='grc' dir='ltr'>κατέφυγε.</span> <span class='ocrx_word' id='word_1_882' title='bbox 1561 5901 1683 5956; x_wconf 63' lang='grc' dir='ltr'>Τῶν</span> <span class='ocrx_word' id='word_1_883' title='bbox 1708 5901 1751 5954; x_wconf 88' lang='grc' dir='ltr'>δ’</span> <span class='ocrx_word' id='word_1_884' title='bbox 1782 5900 1976 5972; x_wconf 75' lang='grc' dir='ltr'>ἱερέων</span> 
     </span>
    </p>
   </div>
   <div class='ocr_carea' id='block_1_114' title="bbox 2087 5899 3665 5986">
    <p class='ocr_par' dir='ltr' id='par_1_114' title="bbox 2087 5899 3665 5972">
     <span class='ocr_line' id='line_1_114' title="bbox 2087 5899 3665 5972; baseline 0 -16"><span class='ocrx_word' id='word_1_885' title='bbox 2087 5900 2163 5956; x_wconf 73' lang='lat' dir='ltr'>Ex</span> <span class='ocrx_word' id='word_1_886' title='bbox 2193 5899 2581 5957; x_wconf 86' lang='lat' dir='ltr'><strong>sacerdotibus</strong></span> <span class='ocrx_word' id='word_1_887' title='bbox 2607 5900 2823 5972; x_wconf 86' lang='lat' dir='ltr'><strong>aliquot</strong></span> <span class='ocrx_word' id='word_1_888' title='bbox 2851 5914 3072 5957; x_wconf 85' lang='lat' dir='ltr'><strong>murum</strong></span> <span class='ocrx_word' id='word_1_889' title='bbox 3103 5914 3204 5956; x_wconf 77' lang='lat' dir='ltr'>vin</span> <span class='ocrx_word' id='word_1_890' title='bbox 3238 5902 3460 5961; x_wconf 86' lang='lat' dir='ltr'><strong>cubitos</strong></span> <span class='ocrx_word' id='word_1_891' title='bbox 3487 5901 3665 5956; x_wconf 88' lang='lat' dir='ltr'><strong>latum</strong></span> 
     </span>
    </p>
   </div>
   <div class='ocr_carea' id='block_1_115' title="bbox 2609 6122 2647 6154">
    <p class='ocr_par' dir='ltr' id='par_1_115' title="bbox 2609 6122 2647 6154">
     <span class='ocr_line' id='line_1_115' title="bbox 2609 6122 2647 6154; baseline 0 0"><span class='ocrx_word' id='word_1_892' title='bbox 2609 6122 2647 6154; x_wconf 69' lang='grc' dir='ltr'><em>ο</em></span> 
     </span>
    </p>
   </div>
  </div>
