4060 6446
338 438 452 501 52?

1656 429 1979 490 JOANNIS
2020 428 2343 489 ZONARE

3512 429 3612 490 5‘28

336 556 814 617 conscendi-runt,
853 552 963 607 duo
1001 551 1246 621 insignes
1278 550 1332 604 in
1378 550 1559 621 ignem
1593 548 1930 614 insilieruut,

2045 563 2186 610 τινες
2221 548 2313 600 ἐπὶ
2357 545 2448 599 τὸν
2488 548 2667 615 τοῖχον
2694 544 3178 616 ἀναχωρήσαντες.
3207 544 3335 597 ὄντα
3368 543 3428 596 τὸ
3456 543 3615 615 εὖρος

348 661 405 705 ιιι
458 667 564 705 una
603 664 727 704 cum
770 647 976 715 templo
1024 644 1457 715 conflagrarunt.
1494 642 1634 697 Tum
1687 640 1923 698 Romani

349 744 552 798 \‘iviuis
595 740 848 813 adificiis
894 737 1105 792 frustra
1158 736 1307 806 parci
1355 735 1751 798 existimantes,
1808 734 1927 802 ipso

349 834 556 904 templo
580 832 830 892 ardente,
863 828 1124 883 omnibus
1150 826 1313 897 302
1347 827 1526 897 ignem
1569 823 1881 895 iniecerunt
1911 840 1924 876 :

349 925 648 995 quietiam
697 917 1092 991 gazophylacia
1139 914 1583 985 comprehendit,
1635 913 1929 982 inquibus

352 1016 571 1072 infinita
617 1013 869 1083 pecuniae
901 1008 1199 1065 multitudo
1240 1008 1482 1076 reposita
1538 1006 1661 1068 fuit,
1704 1004 1930 1059 infinitae

353 1108 610 1181 pretiosze
633 1115 833 1170 vestes,
863 1111 919 1158 et
950 1103 1057 1158 alia
1084 1110 1433 1156 ornamenta.
1459 1100 1537 1154 lbi
1569 1100 1712 1153 enin
1750 1098 1930 1152 omnis

347 1202 668 1259 Judmorum
699 1196 982 1268 opulentia
1014 1196 1067 1249 in
1097 1210 1265 1249 unum
1293 1193 1461 1247 veluui
1488 1191 1770 1246 cumulum
1796 1204 1932 1244 con-

351 1305 504 1365 gesta
529 1299 965 1360 erat,!tanquam
1014 1290 1068 1342 in
1107 1297 1286 1343 tutum
1331 1286 1612 1341 aerarium.
1649 1283 1725 1338 lbi
1761 1294 1929 1337 etiam

354 1387 572 1442 infinita
623 1381 921 1438 multitudo
978 1379 1155 1450 plebis
1186 1380 1376 1449 periEt,
1431 1375 1933 1449 pseudoliroplteta‘.

356 1478 582 1533 seducta
618 1471 1006 1535 coucionibus,
1039 1470 1134 1540 qui
1172 1468 1518 1539 praedicarat,
1536 1469 1730 1539 jubere
1757 1467 1931 1520 Deum

280 1604 283 1607 -
354 1587 451 1626 cos
486 1572 539 1625 iu
576 1566 841 1638 templum
874 1562 1199 1627 ascendere,
1233 1562 1389 1631 signa
1437 1558 1632 1615 salutis
1678 1565 1934 1623 acceptu-

355 1679 470 1719 ros.
518 1660 975 1717 Suboruabanttrr
1002 1664 1188 1710 autem
1241 1652 1399 1708 multi
1442 1652 1577 1705 tales
1600 1666 1631 1705 a
1660 1647 1931 1721 tyrannis,

358 1772 415 1809 ut
445 1752 680 1825 populus
708 1748 895 1803 minus
923 1744 1329 1815 transfugeret:
1361 1758 1461 1813 per
1481 1755 1621 1812 quos
1645 1739 1933 1807 deceptus,

353 1845 708 1903 evidentibus
748 1839 1021 1912 portentis
1065 1845 1327 1907 tanquam
1366 1833 1639 1889 attonitus
1674 1848 1784 1885 non
1816 1844 1933 1885 mo-

354 1941 609 2001 vebatur,
669 1947 907 2004 quorum
965 1928 1141 1984 multa
1189 1925 1535 1983 acciderunt.
1577 1924 1714 1979 Nam
1769 1937 1935 1992 supra

356 2034 555 2087 urbem
584 2036 796 2084 astrum
851 2022 1006 2079 stetit
1052 2020 1235 2091 gladio
1295 2017 1475 2074 simile
1505 2060 1520 2083 ,
1568 2026 1784 2070 cometa
1838 2029 1936 2084 per

356 2138 567 2180 annum
598 2118 889 2190 apparuit,
933 2122 989 2170 et.
1040 2113 1339 2181 aliquando
1400 2109 1494 2163 lux
1548 2116 1677 2161 ante
1733 2105 1937 2159 bellum

355 2228 526 2274 noctu
561 2229 712 2269 aram
753 2222 860 2266 tam
898 2209 1048 2263 clara
1109 2220 1208 2274 pt-r
1271 2200 1559 2256 dimidiam
1610 2200 1801 2254 horam
1831 2197 1938 2250 cir-

360 2303 669 2365 cumfulsit,
711 2309 772 2355 ut
806 2299 927 2353 dies
974 2310 1099 2351 esse
1137 2293 1444 2348 videretur.
1484 2290 1590 2345 Bos
1641 2290 1707 2344 ad
1760 2288 1939 2343 sacri-

360 2402 547 2455 ficium
585 2394 846 2456 adducta,
895 2404 1096 2461 agnum
1152 2385 1385 2457 peperit.
1436 2383 1597 2439 Porta
1651 2380 1940 2437 orientalis

360 2510 526 2557 aerea,
563 2490 750 2558 itaque
806 2485 1053 2547 robusta,
1088 2488 1207 2536 uta
1248 2479 1384 2533 viris
1432 2476 1622 2548 viginti
1671 2476 1755 2529 vix
1787 2475 1942 2529 clau-

359 2588 586 2640 deretur
636 2589 803 2650 atque
837 2575 1167 2645 aperiretur,
1201 2589 1324 2627 cum
1374 2583 1559 2627 vectes
1592 2580 1647 2624 et
1689 2569 1942 2638 peSsulos

359 2673 827 2748 profundissimos
876 2669 1128 2727 haberet.
1161 2675 1328 2721 noctu
1379 2665 1522 2719 ultro
1566 2663 1784 2732 patuit:
1817 2675 1941 2731 quae

361 2767 718 2825 securitatem
762 2760 953 2830 templi
1002 2758 1276 2814 sublatam
1328 2772 1451 2811 esse
1505 2755 1842 2818 declarabat,
1885 2760 1942 2807 et

359 2860 580 2916 facilem
614 2856 669 2910 in
697 2854 751 2910 id
788 2852 1033 2907 hostium
1068 2851 1400 2919 ingressum.
1436 2846 1558 2901 Alio
1586 2861 1836 2915 tempore
1861 2843 1944 2897 vi-

359 2968 484 3009 sum
524 2958 610 3005 est
656 2956 785 3001 ante
834 2956 1096 2998 occasum
1145 2940 1279 2996 solis
1334 2949 1614 3008 spectrum
1667 2936 1941 2996 mirabile.

362 3060 564 3102 currus
596 3041 651 3096 iu
684 3036 926 3096 'sublimi
974 3050 1194 3091 omnem
1232 3034 1511 3102 regionem
1563 3040 1942 3102 peragrantes,

362 3148 420 3193 et
449 3134 745 3206 phalanges
795 3137 1017 3183 armata:
1039 3126 1152 3180 huc
1191 3134 1357 3193 atque
1407 3122 1539 3177 illuc
1597 3123 1652 3175 in
1703 3119 1945 3174 nubibus

362 3227 656 3282 saltantes.
689 3221 750 3275 ιιι
779 3219 921 3274 festo
954 3217 1314 3273 Pentecostes
1353 3212 1676 3267 sacerdotes
1708 3208 1947 3265 interius

364 3318 597 3388 ingressi
658 3312 945 3383 templum,
989 3319 1204 3365 motum
1246 3317 1304 3364 et
1338 3306 1582 3362 sonitum
1623 3316 1944 3361 senserunt.

361 3408 576 3466 Deinde
631 3419 826 3461 vocem
882 3401 1236 3463 audiverunt,
1294 3398 1619 3454 dicentem:
1662 3397 1945 3468 Migremus

361 3505 507 3557 hinc.
536 3493 919 3566 Quadriennio
950 3502 1078 3549 ante
1108 3491 1315 3548 bellum
1347 3490 1402 3545 in
1435 3490 1948 3546 Tabernaculorum

320 3662 324 3666 _
356 3596 509 3652 {esto
538 3593 699 3649 Jesus
726 3589 954 3661 quidam
990 3587 1158 3641 homo
1191 3584 1454 3649 rusticus,
1489 3584 1555 3639 ad
1589 3581 1946 3638 festivitatem

358 3687 675 3760 profectus,
702 3679 1033 3738 exclamavit
1058 3696 1074 3736 :
1114 3677 1220 3732 Vox
1244 3678 1307 3731 ab
1335 3677 1558 3741 oriente,
1590 3692 1690 3731 vox
1716 3676 1779 3730 ab
1809 3676 1952 3729 occi-

369 3788 549 3849 dente,
569 3796 674 3836 ooa:
716 3797 747 3834 a
783 3787 1015 3848 quatuor
1042 3776 1230 3839 ventis,
1260 3788 1361 3828 vos;
1399 3789 1559 3843 super
1581 3771 1950 3842 Hierosolyma

369 3885 419 3930 et
452 3870 725 3943 templum,
758 3884 859 3924 vos:
884 3883 1045 3937 super
1074 3882 1289 3937 sponsos
1312 3874 1362 3919 et
1395 3881 1638 3935 sponsas,
1664 3879 1765 3918 uox
1792 3878 1952 3933 super

368 3980 575 4020 onmem
628 3960 900 4033 populum.
936 3957 1063 4013 llaec
1091 3957 1420 4024 vociferans,
1465 3964 1626 4012 noctu
1673 3964 1837 4025 atque
1865 3956 1953 4009 in-

370 4057 555 4112 terdiu
606 4055 878 4110 circuibat
930 4053 1122 4108 urbem
1159 4069 1175 4107 :
1232 4059 1290 4106 et
1334 4064 1651 4121 quanquam
1680 4050 1750 4104 ob
1785 4064 1949 4103 voces

358 4150 501 4206 mali
531 4148 736 4204 ominis
760 4146 1173 4210 verberaretur,
1200 4153 1384 4199 tamen
1409 4143 1659 4198 eamdem
1684 4154 1952 4212 perpetuo

358 4239 707 4296 cantilenam
738 4237 995 4293 canebat.
1026 4233 1313 4289 Adductus
1359 4231 1428 4287 ad
1475 4232 1784 4287 Romanum
1821 4247 1950 4300 pro-

364 4333 566 4388 vinciae
594 4330 906 4402 praesidem,
934 4337 989 4383 et
1016 4326 1202 4397 ﬂagris
1235 4341 1433 4387 casus,
1466 4340 1646 4394 neque
1675 4324 1952 4394 supplica-

368 4423 471 4488 vit,
496 4437 677 4493 neque
707 4418 1068 4492 lacrymavit:
1106 4416 1202 4472 sed
1234 4431 1365 4471 voce
1394 4415 1701 4482 lugubriter
1729 4412 1949 4479 inflexa,

368 4514 436 4570 ad
474 4514 718 4583 singulas
749 4512 971 4581 plagas:
1008 4507 1119 4575 Vw,
1149 4507 1257 4574 νω,
1295 4507 1675 4578 Hierosolymis
1698 4548 1712 4574 ,
1749 4507 1952 4562 clama-

2030 639 2380 709 ὀκτάπηχυν,
2441 638 2656 708 ἔμενον.
2702 637 2825 690 Δύω
2878 654 2942 705 γε
3008 638 3118 706 μὴν
3174 638 3283 691 τῶν
3320 639 3615 708 ἐπισήμων

2034 730 2290 801 ῥίψαντες
2324 729 2551 789 ἐαυτούς
2590 730 2667 792 είς
2710 728 2773 781 τὸ
2807 728 2940 799 πῦρ,
2979 729 3506 799 συγκατεφλέγησαν
3538 732 3617 800 τῷ

2031 821 2164 892 ναῷ.
2208 822 2469 889 Ῥωμαῖοι
2515 820 2570 874 δὲ
2629 821 2869 891 ματαίαν
2899 822 2997 892 τὴν
3030 823 3124 874 ἐπὶ
3156 825 3268 883 τοῖς
3304 825 3465 894 πέριξ
3517 826 3616 877 τοῦ

2032 914 2162 967 ναοῦ
2196 911 2363 981 φειδὼ
2398 913 2708 983 κρίναντες,
2753 913 2856 983 ἤδη
2906 912 3074 967 αὐτοῦ
3108 914 3474 982 φλεγομένου,
3510 921 3619 970 πᾶ-

2034 1026 2119 1061 σιν
2165 1008 2373 1075 ἐπῆγον
2422 1007 2484 1059 τὸ
2542 1007 2694 1073 πῦρ’
2735 1006 2797 1059 τὸ
2844 1006 2901 1059 δὲ
2937 1007 3171 1060 καὶτῶν
3199 1007 3619 1075 γαζοφυλακίων

2032 1100 2486 1170 ἐπιλαμϐάνεται,
2524 1101 2583 1151 ἐν
2612 1096 2697 1162 οἷς
2727 1100 2960 1168 ἄπειρον
2989 1098 3091 1168 μὲν
3120 1100 3181 1153 τὸ
3224 1100 3431 1169 πλῆθος
3457 1102 3621 1171 1:501;-

2035 1192 2298 1262 σαύριστο
2324 1191 2650 1262 χρημάτων,
2680 1191 2900 1261 ἄπειροι
2928 1190 2971 1243 δ’
3008 1190 3239 1261 ἐσθῆτες
3279 1192 3619 1257 πολυτελεῖς,

2034 1288 2129 1339 καὶ
2157 1285 2292 1339 ἄλλα
2322 1285 2602 1353 κειμήλια.
2644 1283 2831 1345 Ἅπας
2859 1283 2969 1353 γὰρ
3004 1285 3031 1336 ὁ
3075 1284 3352 1339 Ἰουδαίων
3389 1284 3622 1346 πλοῦτος

2036 1376 2376 1446 πανταχόθεν
2408 1378 2526 1429 ἐκεῖ
2559 1373 2921 1442 σεσώρευται,
2951 1375 3060 1428 τῶν
3090 1377 3451 1446 κεκτημένων
3486 1378 3621 1430 ἀπο-

2034 1469 2334 1538 τιθεμένων
2368 1467 2546 1521 ταῦτα
2574 1470 2645 1531 ὼς
2680 1468 2765 1520 ἐπ’
2802 1467 3086 1535 ἀσφαλοῦς
3116 1469 3395 1537 ταμιείου.
3427 1469 3624 1521 Ἀπει-

2040 1581 2131 1632 ρον
2167 1562 2223 1615 δέ
2263 1579 2314 1614 τι
2365 1560 2571 1628 πλῆθος
2620 1560 2889 1631 διεφθάρη
2942 1560 3264 1630 δημοτικὸν,
3316 1557 3398 1625 οἷς
3447 1562 3623 1624 αἴτιος

2037 1654 2314 1716 ἀπωλείας
2342 1653 2566 1722 ἐγένετό
2595 1670 2678 1715 τις
2711 1652 3186 1723 ψευδοπροφήτης,
3219 1654 3464 1726 κηρύξας
3509 1657 3624 1717 τοῖς

2038 1750 2096 1801 ἐν
2126 1751 2193 1818 τῇ
2231 1748 2405 1809 πόλει,
2443 1745 2517 1809 ὡς
2562 1746 2591 1797 ὁ
2624 1745 2758 1808 Θεὸς
2810 1745 2907 1799 ἐπὶ
2929 1747 2993 1799 τὸ
3042 1746 3188 1816 ἱερὸν
3222 1746 3493 1816 ἀναϐῆναι
3528 1765 3623 1799 κε·

2038 1840 2212 1905 λεύει,
2246 1840 2570 1908 δεξομένους
2613 1838 2682 1891 τά
2733 1841 2937 1909 σημεῖα
2968 1840 3065 1909 τῆς
3100 1839 3396 1910 σωτηρίας.
3429 1841 3625 1893 Πολλοὶ

2039 1933 2096 1987 δέ
2143 1930 2377 1986 τοιοῦτοι
2426 1931 2581 2000 παρὰ
2634 1931 2741 1983 τῶν
2775 1931 3061 2000 τυράννων
3095 1931 3271 1984 ταῦτα
3302 1930 3485 1999 λέγειν
3522 1950 3624 1985 κα-

2043 2025 2239 2091 θίεντο,
2284 2026 2352 2079 ἵν’
2401 2018 2568 2096 ἦττον
2616 2024 3014 2093 αὐτομολοῖεν·
3076 2025 3146 2079 δι’
3178 2020 3252 2080 ὧν
3305 2028 3334 2079 ἑ
3388 2026 3626 2090 δείλαιος

2040 2119 2195 2189 ϐχλος
2245 2116 2858 2188 παραϐουκολούμενος,
2901 2120 3017 2181 τοίς
3075 2119 3337 2189 ἐναργέσι
3373 2121 3627 2189 σημείοις

2040 2209 2116 2274 ὡς
2167 2209 2532 2280 ἐμϐρόντητοι
2572 2212 2675 2263 οὐκ
2723 2210 3033 2264 ἐπίστευον.
3089 2212 3267 2265 Πολλὰ
3314 2213 3373 2265 δὲ
3422 2216 3627 2283 σημεῖα

2042 2299 2334 2369 γεγόνασιν
2360 2314 2374 2329 ’
2417 2299 2548 2369 ἔστη
2584 2298 2684 2368 μὲν
2725 2298 2869 2369 ὐπέρ
2899 2300 2999 2371 τὴν
3035 2301 3190 2354 πόλιν
3220 2300 3442 2371 ἄστρον,
3490 2303 3628 2373 ῥομ-

2044 2393 2183 2462 φαίᾳ
2237 2393 2645 2462 παραπλήσιον,
2696 2395 2791 2446 καὶ
2820 2393 3071 2462 κομήτης
3114 2396 3306 2461 φανεὶς
3335 2392 3625 2464 παρετάθη

2046 2485 2133 2538 ἐπ’
2156 2485 2424 2538 ἐνιαυτόν.
2483 2484 2593 2536 Kal
2626 2483 2743 2552 φῶς
2796 2486 2902 2553 πρὸ
2944 2484 3036 2536 τού
3072 2485 3317 2554 πολέμου
3356 2485 3485 2540 ποτέ
3532 2485 3629 2538 τὸν

2044 2578 2174 2631 ναὸν
2206 2578 2300 2630 xal
2336 2576 2427 2629 τὸν
2460 2576 2644 2647 βωμὸν
2680 2575 3080 2646 περιέλαμψεν,
3099 2576 3175 2641 ὡς
3200 2578 3381 2631 δοκεῖν
3412 2578 3630 2648 ἡμέραν

2045 2668 2190 2725 εἶναι
2246 2669 2533 2738 λαμπρὰν,
2591 2671 2941 2738 παραμεῖναν
3000 2671 3095 2723 ἐπὶ
3155 2671 3414 2740 ἡμίσειαν
3452 2670 3625 2741 ὥραν.

2047 2765 2157 2817 Kal
2187 2762 2315 2833 βοῦς
2345 2764 2426 2824 είς
2457 2761 2655 2815 θυσίαν
2687 2763 3012 2832 ἀναχθεῖσα,
3048 2763 3234 2817 ἔτεκεν
3262 2764 3425 2834 ἄρνα.
3470 2764 3535 2817 Ἦ
3569 2765 3628 2818 δέ

2047 2854 2341 2924 ἀνατολικὴ
2362 2853 2632 2925 πύλη.τοῦ
2655 2854 2940 2925 ἐνδοτέρου
2968 2856 3126 2918 ναοῦ,
3156 2856 3338 2926 χαλκῆ
3367 2857 3502 2911 οὐσα
3533 2860 3632 2912 καὶ

2051 2944 2306 3014 στιϐαρὰ,
2340 2944 2414 3007 ὼς
2443 2944 2599 3013 μόλις
2648 2943 2754 2996 ὑπὸ
2788 2944 2998 3014 ἀνδρῶν
3022 2946 3232 2999 εἴκοσιν
3273 2946 3630 3013 ἀνοίγνυσθαί

2047 3049 2108 3085 τε
2138 3034 2233 3087 καὶ
2254 3032 2554 3098 κλείεσθαι,
2576 3034 2673 3087 καὶ
2697 3033 2929 3104 μοχλοὺς
2954 3036 3049 3088 καὶ
3073 3037 3401 3107 καταπῆγας
3427 3037 3629 3107 ἔχουσα

2052 3125 2410 3197 βαθυτάτους,
2449 3125 2606 3197 ὤφθη
2650 3126 2869 3194 νύκτωρ
2918 3128 3244 3199 αὐτομάτως
3280 3131 3629 3202 ἠνεῳγμένη.

2058 3220 2284 3291 Ἒδήλου
2329 3219 2408 3285 δὲ,
2456 3219 2726 3291 λυομένην
2749 3219 2849 3292 τὴν
2888 3220 2984 3274 τοῦ
3016 3221 3146 3275 ναοῦ
3176 3224 3502 3294 ἀσφάλειαν,
3537 3226 3631 3278 καὶ

2048 3314 2165 3376 τοῖς
2217 3310 2504 3381 πολεμίοις
2556 3311 2827 3380 ἐσομένην
2854 3311 2955 3379 τὴν
2988 3313 3196 3367 εἴσοδον
3245 3315 3503 3385 εὐμαρῆ·
3537 3317 3635 3367 καὶ

2050 3404 2247 3476 φάσμα
2281 3420 2334 3457 τι
2381 3403 2663 3474 δαιμόνιον
2712 3403 2904 3457 ἄλλοτε
2950 3399 3109 3476 ῶφθη
3162 3406 3273 3475 πρὸ
3331 3406 3483 3476 ἡλίου
3543 3408 3636 3458 δυ-

2051 3504 2227 3574 σμῶν,
2260 3501 2490 3573 ἅρματα
2540 3502 2682 3556 κατὰ
2733 3505 2917 3555 πᾶσαν
2942 3501 3041 3573 τὴν
3069 3499 3259 3571 χώραν
3290 3498 3496 3552 διιόντα
3534 3516 3637 3568 με-

2050 3595 2262 3664 τέωρα,
2279 3595 2375 3647 καὶ
2398 3594 2678 3663 φάλαγγες
2706 3593 2923 3647 ἔνοπλοι
2952 3592 3268 3664 διᾴττουσαι
3293 3589 3403 3644 τῶν
3431 3605 3532 3657 νεφ
3554 3592 3635 3642 ῖιν.

1979 3729 1983 3733 .
2051 3685 2210 3738 Κατὰ
2243 3686 2301 3738 δέ
2328 3685 2428 3755 τὴν
2458 3686 2558 3755 τῆς
2593 3687 2984 3759 Πεντηκοστῆς
3027 3687 3223 3757 ἑορτὴν
3257 3686 3339 3748 εἰς
3387 3684 3450 3738 τὸ
3484 3684 3635 3737 ἐνδον

2053 3778 2200 3849 ἱερὸν
2232 3779 2282 3831 oi
2316 3780 2482 3849 ἱερεῖς
2514 3778 2903 3850 παρελθόντες,
2936 3780 3210 3849 κινήσεως
3249 3777 3500 3849 ᾔσθοντο,
3536 3777 3632 3829 καὶ

2052 3870 2264 3926 κτύπου
2297 3885 2311 3900 '
2361 3864 2483 3922 εἶτα
2523 3870 2710 3939 φωνῆς
2746 3870 2989 3940 ῆκουσαν
3017 3868 3308 3939 λεγούσης,
3340 3870 3637 3922 Μετοϐαι-

2050 3978 2251 4030 νωμεν
2293 3960 2599 4017 ἐντεῦθεν.
2637 3962 2753 4033 Πρὸ
2805 3962 2863 4016 δὲ
2917 3962 3205 4033 τεσσάρων
3238 3960 3504 4015 ἐνιαυτῶν
3542 3961 3637 4012 τοῦ

2052 4054 2318 4125 πολέμου,
2348 4055 2407 4107 ἐν
2446 4057 2512 4125 τῇ
2546 4053 2646 4125 τῆς
2690 4054 3082 4126 Σκηνοπηγίας
3107 4056 3271 4126 ἐορτῇ
3300 4048 3519 4123 Ἰησοῦς
3553 4070 3639 4117 τις

2053 4147 2317 4217 ἀγροῖκος
2348 4145 2490 4218 ἀνὴρ
2521 4144 2695 4199 ἐλθὼν
2727 4146 2810 4209 είς
2838 4146 2937 4216 τὴν
2964 4147 3183 4216 ἐορτῆν,
3226 4145 3357 4217 βοᾷν
3390 4145 3635 4217 ἤρξατοῇ

2054 4240 2227 4306 Φωνὴ
2265 4238 2383 4293 ἀπὸ
2432 4237 2761 4307 ἀνατολῆς,
2800 4238 2971 4308 φωνὴ
3012 4238 3132 4293 ἀπὸ
3175 4238 3434 4303 δύσεως,
3466 4237 3639 4308 φωνὴ

2052 4330 2172 4385 ἀπὸ
2214 4329 2337 4384 τῶν
2377 4330 2696 4399 τεσσάρων
2732 4329 2993 4400 ἀνέμων,
3020 4332 3191 4399 φωνὴ
3243 4330 3345 4383 ἐπὶ
3377 4329 3642 4398 Ἰεροσό-

2053 4422 2218 4488 λυμα
2266 4418 2365 4472 καὶ
2415 4418 2527 4473 τὸν
2585 4419 2759 4480 ναὸν.
2812 4417 2985 4488 φωνὴ
3038 4418 3140 4472 ἐπὶ
3187 4418 3487 4487 νυμφίους
3540 4418 3639 4469 ml

2052 4514 2313 4582 νύμφας,
2345 4513 2515 4581 φωνὴ
2547 4512 2646 4566 ἐπὶ
2672 4511 2874 4566 πάντα
2903 4514 3012 4567 τὸν
3040 4512 3218 4567 λαόν.
3252 4514 3365 4567 Kal
3418 4512 3642 4583 περιῄει

366 4606 470 4668 avit,
513 4605 688 4659 donec
715 4603 949 4657 Albinus
972 4601 1044 4673 (is
1070 4600 1221 4656 enim
1255 4609 1369 4654 tum
1404 4598 1606 4655 Judaea:
1625 4608 1943 4669 procurator

2054 4604 2153 4675 τὴν
2189 4606 2368 4668 πόλιν,
2399 4603 2572 4657 ταῦτα
2608 4605 2902 4674 κεκραγὼς
2945 4605 3067 4674 μεθ’
3103 4605 3320 4676 ἡμέραν
3398 4605 3493 4657 καὶ
3552 4603 3647 4656 νύ-

296 4732 303 4739 -
367 4694 514 4759 erat)
548 4694 827 4749 hominem
859 4693 1119 4755 absolvit,
1158 4691 1403 4748 insanire
1437 4701 1609 4747 ratus.
1657 4690 1819 4761 303
1861 4688 1958 4747 Ille

370 4802 507 4843 vero
531 4786 601 4841 ab
625 4800 692 4842 eo
721 4794 967 4854 tempore
1011 4799 1187 4855 usque
1207 4784 1275 4840 ad
1306 4784 1543 4839 bellum:
1572 4781 1682 4849 γα»,
1709 4783 1819 4850 γω,
1837 4783 1962 4839 Hie-

372 4877 675 4949 rosolymis,
707 4877 1114 4932 lamentabatur
1146 4891 1161 4931 :
1194 4876 1291 4932 sed
1322 4875 1378 4930 in
1401 4875 1794 4931 festivitatibus
1824 4891 1965 4947 prae-

372 4972 538 5042 cipue
563 4971 718 5026 triste
741 4970 878 5026 illud
902 4970 1192 5041 augurium
1220 4969 1618 5040 proclamabat,
1646 4969 1810 5039 idque
1830 4968 1966 5024 fecit

374 5077 553 5118 annos
597 5071 844 5133 septem.
877 5078 934 5117 οι
973 5063 1219 5132 quinque
1251 5076 1469 5117 menses
1502 5077 1516 5115 :
1559 5060 1736 5117 donec
1765 5061 1822 5116 in
1861 5061 1961 5116 ob-

373 5155 589 5211 sidione
622 5154 679 5209 in
712 5153 988 5222 amnibus
1017 5152 1402 5216 obambulans,
1448 5168 1642 5208 rursus
1687 5170 1703 5211 :
1750 5152 1856 5216 Vw,
1883 5168 1961 5207 va:

373 5247 494 5302 urbi
525 5252 575 5300 et
605 5243 800 5317 templo
828 5254 876 5299 et
905 5243 1120 5316 papula,
1153 5251 1410 5298 contenta
1435 5258 1571 5298 voce
1594 5243 1870 5313 clamavit.
1894 5243 1962 5299 Et

374 5350 439 5397 ut
466 5346 745 5410 postremo
773 5337 997 5409 adjecit,
1043 5335 1131 5393 Va:
1160 5336 1322 5391 etiam
1350 5337 1498 5401 mihi,
1526 5335 1706 5406 lapide
1728 5352 1797 5392 ex
1826 5335 1962 5390 bali-

372 5443 459 5489 sta
501 5447 738 5488 excusso
766 5433 912 5487 ictus
938 5429 1224 5486 occubuit.

2057 4715 2212 4768 κτωρ
2236 4715 2251 4728 ⁸
2294 4697 2593 4766 παιόμενος
2631 4696 2688 4750 δὲ
2713 4699 2802 4750 διὰ
2844 4698 2903 4750 τὸ
2929 4697 3277 4767 κακόφημον,
3308 4696 3338 4749 ὁ
3381 4695 3439 4748 δέ
3490 4695 3643 4749 οὐδὲν

2057 4790 2247 4861 ἕτερον
2307 4791 2340 4861 ἦ
2393 4793 2493 4853 τὰς
2538 4789 2711 4853 αὐτὰς
2750 4790 2883 4843 ἐϐόα
2909 4791 3117 4858 φωνάς.
3160 4787 3442 4858 Ἀναχθεὶς
3462 4786 3518 4840 δέ
3549 4789 3647 4840 καὶ

2059 4887 2199 4954 πρὸς
2223 4881 2317 4935 τὸν
2346 4881 2447 4951 τῆς
2472 4883 2662 4953 χώρας
2695 4882 3137 4951 ἐπιτροπεύοντα
3172 4880 3301 4933 τότε
3343 4878 3645 4947 Ῥωμαῖον,

2061 4975 2158 5027 καὶ
2194 4971 2558 5038 καταξανθεὶς
2594 4970 2873 5041 μάστιξιν,
2911 4971 3031 5024 οὐθ’
3062 4971 3325 5034 ἱκέτευεν,
3361 4967 3476 5023 οὐτ’
3518 4968 3648 5022 ἐδά-

2063 5080 2292 5137 κρυσεν,
2333 5063 2471 5117 ἀλλὰ
2512 5063 2612 5135 τὴν
2658 5063 2843 5133 φωνὴν
2900 5062 3301 5134 ὀλοφυρτικῶς,
3362 5062 3647 5131 παρακλί-

2064 5173 2192 5220 νων,
2225 5155 2365 5226 πρὸς
2404 5155 2643 5225 ἑκάστην
2670 5155 2907 5227 πληγὴν,
2938 5153 3030 5215 Αἳ,
3059 5154 3142 5218 αἳ,
3182 5154 3646 5222 Ἱεροσολύμοις,

2063 5247 2231 5302 ἐϐύαο
2292 5248 2455 5319 μέχρι
2502 5249 2810 5317 καταγνοὺς
2869 5247 3072 5318 μανίαν
3124 5246 3294 5301 αὐτοῦ
3329 5247 3357 5299 ό
3400 5245 3650 5309 Ἀλϐῖνος

2063 5333 2243 5409 (οὗτος
2280 5340 2393 5410 γὰρ
2440 5339 2779 5409 ἐπετρόπευε
2836 5339 2983 5409 τότε)
3036 5338 3308 5393 ἀπέλυσεν
3354 5337 3543 5391 αὐτόν.
3587 5337 3650 5392 '0

2061 5429 2108 5484 δ’
2140 5430 2332 5484 ἔκτοτε
2393 5429 2558 5500 μέχρι
2594 5430 2689 5482 τοῦ
2728 5430 2994 5501 πολέμου,
3021 5428 3110 5495 Al,
3152 5427 3238 5495 αἳ,
3307 5427 3653 5498 Ἱεροσολύ-

374 5544 537 5597 μοις,
577 5527 709 5581 ἐϐόα
743 5529 839 5581 καὶ
877 5527 1120 5599 ἐθρήνει.
1170 5527 1259 5581 Ἐν
1287 5526 1344 5580 δὲ
1405 5528 1526 5590 ταῖς
1574 5527 1793 5598 ἐορταίς
1860 5527 2101 5599 μάλιστα
2147 5528 2249 5597 τὴν
2293 5527 2631 5600 σκυθρωπὴν
2675 5529 2971 5597 ἐκεκράγει
3038 5526 3300 5599 κλῃδόνα,
3337 5526 3434 5581 καὶ
3499 5526 3649 5580 τοῦτ’

374 5619 557 5675 ἐποίει
605 5623 701 5676 ἐπὶ
737 5623 832 5691 ἐτη
883 5622 1025 5676 ἐπτά
1071 5622 1171 5677 καὶ
1211 5623 1389 5693 μῆνας
1434 5626 1622 5688 πέντε,
1665 5624 1860 5695 μέχρις
1891 5618 1952 5679 οὗ
1991 5628 2136 5680 κατὰ
2176 5628 2277 5698 τὴν
2339 5626 2663 5695 πολιορκίαν
2706 5625 2934 5696 περιιὼν
2978 5627 3072 5678 ἐπὶ
3145 5626 3243 5678 τοῦ
3285 5623 3517 5694 τείχους,
3551 5623 3648 5699 AZ,

376 5709 440 5761 αἲ
460 5710 646 5765 πάλιν
673 5710 748 5779 τῇ
780 5714 975 5779 πόλει,
1000 5711 1381 5779 καὶτῷναῷ,
1412 5712 1624 5778 καὶτῷ
1681 5712 1832 5780 λαῷ,
1889 5715 2231 5787 διαπρυσίως
2286 5716 2437 5772 ἐϐόα.
2512 5716 2599 5781 Ὠς
2671 5716 2728 5771 δέ
2783 5717 3098 5771 τελευταῖον
3139 5718 3507 5786 προσέθηκεν,
3544 5716 3644 5782 Αἳ,

374 5803 441 5856 a2
485 5806 683 5875 κάμοὶ,
715 5807 866 5871 λίθος
895 5810 958 5862 ἐκ
995 5810 1089 5863 τοῦ
1148 5812 1478 5881 πετροϐόλου
1529 5810 1736 5881 πλήξας
1786 5812 1951 5863 αὐτὸν
1992 5812 2226 5870 ἔκτεινε.

453 5900 618 5957 XXV.
662 5903 920 5969 Romani,
956 5919 1080 5959 cum
1105 5906 1388 5965 seditiosis
1405 5906 1459 5962 in
1486 5906 1675 5962 urbem
1696 5908 1947 5969 compul-

2129 5905 2259 5962 KE'.
2310 5907 2575 5971 Ῥωμαῖοι
2623 5909 2678 5962 δὲ
2729 5911 2837 5963 τῶν
2886 5909 2984 5964 μὲν
3023 5908 3367 5963 στασιαστῶν
3400 5924 3649 5961 καταπε-
