4060 6400
427 439 530 501 529

1725 443 2128 503 ΛΝΝᾹΙᾸΠΜ
2179 444 2244 502 Ll
2260 445 2321 505 Β.
2354 446 2453 505 VI.

3581 447 3688 507 5-30

425 550 704 618 φευγότων
757 550 835 612 εἰς
894 551 991 619 τὴν
1046 549 1222 615 πόλιν,
1279 551 1574 620 καιομένου
1623 551 1678 604 δὲ
1725 551 1819 604 τοῦ
1865 552 1994 607 ναοῦ

2101 551 2191 612 sis,
2229 554 2512 622 templum,
2551 563 2606 608 et
2638 569 2756 624 quae
2791 553 2998 607 circum
3031 553 3290 624 templum
3317 565 3493 620 erant,
3528 556 3680 609 arde-

426 641 522 694 καὶ
555 641 663 693 τῶν
715 640 878 711 πέριξ
921 642 1201 707 ἁπάντων,
1258 644 1589 713 κομίσαντες
1627 645 1728 707 τὰς
1760 646 2003 712 σημαίας

423 734 506 796 είς
539 733 599 786 τὸ
629 733 796 802 ἱερὸν,
841 734 981 803 μετά
1035 735 1313 802 μεγίστων
1365 736 1657 804 εὐφημιῶν
1704 739 1792 788 τὸν
1845 739 2002 789 Τῖτον

425 828 714 895 ἀπέφηναν
764 828 1171 897 αὐτοκράτορα.
1227 829 1383 881 Οῦτω
1446 829 1503 882 δὲ
1553 832 1676 891 ταῖς
1725 830 2003 898 ἁρπαγαῖς

423 921 471 970 οἱ
514 918 848 988 στρατιῶται
903 920 1106 983 πάντες
1157 922 1622 990 ἐχρηματίσαντο,
1681 920 1824 974 ὥστε
1859 921 2003 974 κατά

422 1009 523 1075 τὴν
559 1007 761 1077 Συρίαν
793 1009 928 1078 πρὸς
960 1010 1134 1079 ἥμισυ
1156 1011 1259 1081 τῆς
1294 1014 1464 1066 πάλαι
1493 1014 1661 1082 τιμῆς
1693 1012 1786 1065 τὸν
1835 1016 1998 1064 σταθ-

425 1103 526 1171 μὸν
582 1102 678 1156 τοῦ
739 1105 966 1174 χρυσίου
1025 1105 1461 1174 πιπράσκεσθαι.
1519 1108 1580 1158 Οἱ
1629 1105 1684 1158 δὲ
1729 1105 1832 1158 ἀνά
1908 1106 2000 1158 τὸν

422 1198 603 1264 τοῖχον
657 1198 754 1249 τοῦ
812 1197 968 1265 ναοῦ,
1020 1197 1097 1261 ώς
1149 1199 1406 1270 εἴρηται,
1451 1200 1769 1262 ἀνελθόντες
1811 1202 1996 1269 ἱερεῖς,

423 1289 518 1340 ἐπὶ
557 1287 721 1342 πέντε
767 1291 1008 1360 ἡμέραις
1049 1293 1643 1362 προσκαρτερήσαντες
1687 1293 1780 1345 καὶ
1822 1291 2000 1362 λιμώο

424 1378 636 1445 ξαντες,
695 1381 1033 1453 κατέϐησαν,
1081 1382 1420 1447 ἱκετεύοντες
1454 1386 1643 1453 τυχεῖν
1699 1384 1993 1453 σωτηρίας.

431 1472 493 1523 'U
524 1472 583 1525 δὲ
611 1473 769 1537 Τῖτος
824 1474 917 1528 καὶ
967 1477 1056 1528 τὸν
1108 1477 1208 1545 τῆς
1257 1475 1590 1546 συγγνώμης
1643 1477 1836 1547 καιρὸν
1889 1495 1997 1530 πα-

423 1563 634 1636 ρελθεῖν
655 1564 823 1635 ἔφησε
849 1553 943 1620 καὶ
969 1567 1064 1620 τοῦ
1089 1567 1217 1620 ναοῦ
1244 1569 1528 1638 οἰχομένου
1558 1569 1802 1632 καὶτοὺς
1831 1570 1996 1640 ἱερεῖς

423 1657 825 1712 συναπολέσθαι
869 1659 1020 1729 αὐτῷ
1069 1660 1178 1712 δεῖν
1224 1661 1416 1725 είπὼν,
1482 1661 1812 1730 κολασθῆναι
1868 1664 1998 1724 τοὺς

421 1748 621 1818 ἀιδρας
682 1751 990 1805 ἐκέλευσεν.
1065 1753 1129 1804 Οἱ
1203 1751 1260 1805 δὲ
1317 1755 1447 1822 περὶ
1511 1755 1637 1817 τοὺς
1699 1755 1997 1825 τυράννους

420 1841 702 1910 διαδράναι
746 1842 820 1912 μὴ
875 1843 1184 1912 ἰσχύοντες,
1227 1845 1666 1916 προσκαλοῦνται
1702 1845 1794 1899 τὸν
1839 1847 1995 1898 Τῖτον

419 1936 499 1996 εἰς
534 1933 746 2000 λόγους.
790 1935 898 1988 Καὶ
960 1935 1018 1998 ὃς
1063 1932 1192 2008 ἧκε,
1243 1937 1340 1990 καὶ
1382 1937 1481 2008 τὴν
1520 1937 1780 1990 ἀπόνοιαν
1814 1939 1997 2000 αὐτοῖς

420 2026 746 2093 ἐξωνείδιζε,
775 2025 871 2080 καὶ
912 2027 1100 2097 ῥίψασι
1147 2028 1216 2080 τὰ
1270 2027 1412 2080 ὅπλα
1459 2028 1554 2080 καὶ
1603 2029 1998 2100 παραδοῦσιτά

421 2125 650 2190 σώματα
681 2123 1004 2194 χαρίζεσθαι
1038 2123 1139 2191 τὴν
1182 2125 1328 2193 ζωὴν
1366 2124 1758 2194 ἐπηγγέλλετο.
1802 2125 1912 2178 Kal.
1948 2127 1997 2178 οἱ

418 2216 618 2284 λῃσταὶ
642 2215 825 2281 δεξιάν
875 2216 972 2280 μὲν
1009 2216 1082 2287 μὴ
1115 2215 1382 2270 δύνασθαι
1415 2215 1548 2287 παρ’
1600 2216 1764 2269 αὐτοῦ
1811 2216 1998 2270 λαϐεῖν

419 2307 670 2374 ἔφησαν,
733 2307 1092 2378 ὀμομωκότες
1153 2309 1427 2378 μηδέποτε
1479 2307 1639 2362 τοῦτο
1698 2308 1948 2377 ποιήσειν
1979 2323 1994 2337 ⁸

419 2400 601 2464 ἔξοδον
649 2400 706 2453 δὲ
762 2401 1011 2470 ᾐτοῦντο,
1076 2401 1217 2470 μετὰ
1280 2401 1560 2469 γυναικῶν
1615 2401 1711 2454 καὶ
1764 2404 1994 2466 τέκνων,

417 2491 771 2561 καταλείψειν
825 2492 926 2561 τὴν
985 2490 1141 2545 πόλιν
1199 2491 1372 2563 αὐτῷ.
1421 2491 1802 2560 Ἥγανάκτησε
1862 2493 1996 2560 πρὸς

417 2582 590 2635 ταῦτα.
623 2585 650 2635 ὁ
682 2584 866 2648 Τῖτος,
917 2584 1010 2636 καὶ
1044 2585 1180 2654 μήτε
1226 2583 1543 2655 αὐτομολεῖν
1568 2584 1648 2638 ἔτι
1690 2587 1812 2639 τινὰ
1846 2585 1998 2654 σφῶν

417 2667 681 2722 ἐκέλευσε
735 2671 872 2739 μήτε
922 2669 1106 2735 δεξιᾶς
1140 2670 1382 2732 ἐλπίζειν
1440 2673 1626 2740 τυχεῖν
1679 2671 1990 2740 (φείσεσθαι

418 2763 526 2830 γὰρ
551 2759 814 2831 οὐδενὸς),
844 2761 1112 2831 μάχεσθαι
1160 2763 1217 2816 δὲ
1266 2763 1358 2816 καὶ
1405 2762 1599 2826 σώζειν
1642 2763 1716 2827 ὡς
1748 2763 1997 2818 δύναιντο

421 2855 670 2918 ἑαυτούς.
718 2858 843 2919 Τοῖς
871 2857 926 2910 δὲ
960 2856 1324 2926 στρατιώταις
1353 2857 1641 2928 ὲμπιπρᾷν
1687 2859 1786 2929 τὴν
1840 2859 1996 2913 πόλιν

420 2951 515 3000 καὶ
560 2949 886 3019 διαρπάζειν
941 2951 1230 3004 ἐκέλευσεν
1258 2965 1274 2982 ⁶
1305 2952 1356 3003 οἱ
1403 2951 1460 3004 δὲ
1506 2955 1582 3003 τδ-
1617 2951 1726 3021 πῦρ
1779 2951 1998 3006 ἐνίεσαν

422 3039 722 3110 πανταχοῦ.
785 3041 848 3093 Οἱ
904 3042 1229 3095 στασιασταὶ
1283 3042 1340 3094 δὲ
1397 3043 1490 3096 ἐπὶ
1557 3042 1654 3113 τὴν
1709 3043 1995 3112 βασιλικὴν

417 3132 598 3185 οἰκίαν
627 3133 993 3202 ὁρμήσαντες,
1025 3136 1103 3195 είς
1135 3136 1202 3203 ἢν
1245 3123 1312 3186 δι’
1345 3133 1652 3204 ὀχυρότητα
1685 3133 1870 3186 πολλοὶ
1898 3134 1998 3199 τὰς

2107 653 2229 698 rcnt
2259 647 2462 709 omnia,
2510 645 2681 716 signis
2718 647 2770 700 in
2809 647 3068 715 templum
3119 647 3304 711 illatis,
3338 647 3520 701 Titum
3552 663 3687 703 cum

2107 735 2459 792 faustissimis
2486 738 2974 792 acclamationibus
3008 737 3390 806 imperatorem
3425 739 3683 809 designa-

2107 837 2255 882 runt.
2311 828 2511 883 Milites
2553 839 2762 883 tantum
2803 845 2866 883 ex
2921 829 3126 898 rapinis
3161 830 3409 898 pecuniae
3464 845 3660 884 coacer

2106 927 2328 981 varunt,
2377 929 2436 973 ut
2485 920 2538 973 in
2571 919 2724 989 Syria
2765 919 2982 988 pondus
3011 920 3130 973 auri
3187 919 3420 979 dimidio
3452 920 3685 974 minoris

2105 1026 2266 1078 quam
2303 1011 2432 1064 olim
2459 1011 2810 1078 venderetur.
2847 1011 3193 1078 Sacerdotes,
3227 1013 3346 1082 qui,
3377 1021 3435 1067 ut
3473 1011 3680 1067 dictum

2102 1115 2207 1168 est,
2265 1119 2481 1158 murum
2527 1104 2714 1172 templi
2760 1104 3219 1169 conscenderant,
3261 1120 3387 1158 cum
3437 1105 3683 1174 quinque

2101 1195 2221 1250 dies
2264 1195 2338 1247 ibi
2388 1197 2718 1265 exegissent,
2766 1196 2908 1250 fame
2963 1196 3197 1250 confecti
3237 1195 3681 1250 descenderunt:

2103 1296 2272 1356 utque
2323 1287 2426 1341 sibi
2460 1297 2800 1355 parceretur,
2837 1287 3232 1356 supplicarunt.
3271 1286 3484 1353 Quibus
3526 1287 3682 1340 Titus

2100 1378 2420 1446 respondit:
2466 1378 2649 1432 Venia:
2678 1385 2924 1447 tempore
2949 1378 3060 1448 jam
3084 1378 3386 1447 praeterito,
3422 1377 3683 1432 sacerdo-

2102 1469 2250 1524 tibus
2291 1485 2418 1524 cum
2472 1471 2675 1540 templo
2725 1471 3066 1539 pereundum
3123 1485 3267 1534 esse,
3319 1479 3370 1523 et
3427 1469 3684 1523 homines

2098 1560 2384 1629 suppliciis
2431 1560 2570 1615 allici
2617 1559 2798 1630 jussit.
2850 1559 3091 1630 Tyranni
3123 1560 3216 1628 qui
3259 1559 3503 1629 eﬂ‘ugerc
3571 1575 3683 1612 non

2099 1663 2375 1726 poterant,
2426 1656 2609 1709 Titum
2639 1655 2705 1709 ad
2734 1655 3067 1724 colloquium
3116 1662 3388 1709 evocant:
3430 1654 3522 1724 qui
3552 1670 3681 1709 cum

2099 1749 2374 1814 venisset,
2416 1748 2607 1818 eisque
2680 1747 2995 1802 vecordiam
3067 1746 3394 1817 objecissct,
3440 1747 3550 1800 vita
3621 1761 3682 1800 se

2100 1841 2226 1896 illos
2252 1841 2587 1895 donaturum
2621 1826 2895 1910 promisit,
2936 1839 2982 1894 si
3027 1838 3257 1909 abiectis
3290 1838 3459 1892 armis
3485 1853 3544 1892 se
3579 1837 3680 1891 de-

2100 1933 2314 1988 derent.
2357 1932 2626 1986 Latrones
2664 1946 2794 1985 vero
2831 1945 2890 1985 se
2941 1929 3188 1985 dextram
3221 1930 3288 1984 ab
3321 1944 3390 1985 eo
3429 1930 3684 1999 accipere

2100 2040 2260 2095 posse
2287 2033 2578 2094 negarunt,
2619 2023 2834 2093 jurasse
2870 2021 3016 2077 enim
3059 2036 3120 2078 se
3185 2021 3237 2077 id
3269 2037 3550 2094 nunquam
3598 2021 3680 2076 ia-

2100 2127 2324 2172 cturos:
2365 2115 2458 2170 sed
2492 2113 2830 2185 petiverunt,
2861 2123 2920 2170 ut
2960 2131 3082 2170 cum
3115 2115 3464 2182 uxoribuset
3490 2115 3684 2170 liberis

2099 2210 2242 2265 urbe
2291 2209 2560 2264 excedere
2608 2210 2821 2264 liceret.
2866 2208 3237 2276 Quamobrem
3291 2211 3448 2265 'l‘itus
3486 2209 3682 2271 iratus.

2099 2303 2291 2362 edixit.
2326 2319 2396 2358 ne
2442 2303 2568 2373 quis
2614 2319 2806 2358 eorum
2862 2303 3100 2373 amplius
3153 2303 3543 2374 transfugeret,
3586 2316 3683 2358 aut

2100 2411 2254 2464 spem
2293 2394 2498 2450 dextrae
2541 2395 2790 2459 haberet,
2819 2410 2878 2450 se
2919 2396 3063 2457 enim
3108 2410 3397 2465 parsurum
3432 2412 3552 2451 esse
3579 2412 3680 2451 ne—

2099 2487 2235 2541 mini
2268 2505 2280 2541 :
2319 2496 2630 2558 pugnarent
2662 2487 2850 2558 igitur,
2894 2503 2960 2542 ac
2986 2488 3150 2543 saluti
3201 2504 3315 2544 Suae
3343 2505 3441 2558 pro
3471 2489 3682 2543 viribus

2099 2579 2476 2634 consulerent.
2527 2580 2728 2634 Milites
2762 2580 2956 2636 urbem
3009 2581 3306 2638 incendere
3334 2598 3398 2637 ac
3435 2583 3684 2652 diripere

2093 2673 2302 2744 jussit:
2335 2673 2428 2743 qui
2452 2689 2577 2728 cum
2607 2674 2861 2730 incendia
2893 2675 3098 2744 ubique
3132 2686 3475 2746 spargerent,
3509 2677 3682 2731 latro-

2100 2781 2198 2820 nes
2223 2766 2290 2820 ad
2313 2766 2518 2835 regiam
2549 2767 2940 2831 decurrerunt,
2979 2767 3031 2821 in
3055 2784 3218 2837 quam
3249 2768 3321 2822 ob
3355 2768 3459 2822 loci
3495 2769 3682 2824 muni-

2101 2859 2306 2912 tionem
2338 2858 2495 2912 multi
2531 2873 2660 2913 suas
2708 2873 2841 2928 opes
2891 2859 3277 2915 contulerant:
3317 2875 3382 2915 ac
3417 2861 3686 2916 Romanis

2099 2946 2229 3002 inde
2261 2947 2459 3018 pulsis,
2487 2957 2544 3003 et
2574 2957 2721 3005 cretu
2765 2949 2944 3018 plebis
2977 2949 3050 3004 ibi
3094 2957 3434 3020 congregatae
3471 2950 3539 3004 ad
3585 2967 3680 3005 vnt

2099 3039 2270 3096 millia
2295 3052 2351 3095 et
2383 3057 2509 3096 cccc
2537 3041 2686 3096 omni
2747 3041 3058 3107 interfecto,
3116 3043 3401 3112 pecuniam
3429 3041 3679 3112 diripue-
3747 3042 3766 3052 ‘

2101 3140 2254 3186 runt.
2304 3131 2576 3187 Postridie
2647 3133 2882 3188 Romani
2935 3131 3248 3188 latronibus
3294 3149 3364 3188 ex
3419 3133 3680 3188 inferiore

423 3223 645 3292 κτήσεις
683 3223 970 3288 ἀπέθεντο,
1006 3223 1132 3286 τούς
1187 3241 1248 3277 τε
1313 3224 1618 3294 Ῥωμαίους
1673 3227 1770 3279 ἀπ’
1825 3227 1994 3296 αὐτῆς

2101 3221 2241 3276 urbe
2284 3221 2607 3293 proﬂigatis,
2639 3238 2814 3294 usque
2846 3222 2913 3278 ad
2944 3223 3147 3279 Siloam
3197 3225 3380 3279 omnia
3415 3223 3679 3280 incende-

420 3314 722 3381 τρέπονται
748 3329 760 3342 ·
792 3316 886 3366 καὶ
917 3316 976 3368 τὸ
1000 3316 1468 3386 συνηθροισμένον
1491 3318 1679 3370 αὐτόθι
1702 3305 1796 3372 τοῦ
1818 3320 1995 3389 δήμου

424 3406 536 3456 πᾶν
573 3405 960 3473 φονεύσαντες,
1002 3409 1083 3469 είς
1110 3406 1554 3476 ὀκτακισχιλίους
1598 3409 1696 3461 καὶ
1734 3427 1998 3480 τετρακο-

424 3497 574 3560 σίους
617 3499 1078 3570 ἀριθμουμένους,
1118 3499 1185 3552 τὰ
1225 3502 1486 3570 χρήματα
1535 3500 1869 3571 διήρπασαν.
1916 3502 1994 3573 Τῇ

417 3590 462 3643 δ’
511 3589 637 3662 ἑξῆς
691 3591 974 3661 Ῥωμαῖοι,
998 3592 1336 3662 τρεψάμενοι
1375 3593 1502 3654 τοὺς
1541 3591 1744 3664 λῃστὰς
1797 3593 1862 3646 ὲκ
1898 3593 1998 3664 τῆς

421 3683 572 3736 κάτω
603 3683 833 3747 πόλεως,
873 3685 943 3737 τά
969 3684 1134 3753 μέχρι
1163 3682 1258 3737 τοῦ
1297 3683 1522 3754 Σιλωὰμ
1555 3685 1734 3738 πάντα
1763 3685 1998 3756 ἐνέπρη-

424 3790 547 3826 σαν.
575 3774 892 3843 Καιομένην
912 3773 969 3825 δὲ
994 3776 1093 3843 τήν
1121 3773 1277 3826 πόλιν
1305 3774 1540 3844 ὁρῶντες
1571 3775 1623 3826 οἱ
1649 3775 1994 3844 στασιασταὶ,

425 3869 629 3936 ἱλαροῖς
653 3868 767 3930 τοῖς
793 3865 1109 3937 προσώποις
1139 3865 1370 3937 εὔθυμοι
1402 3869 1506 3938 τὴν
1535 3869 1796 3939 τελευτὴν
1827 3887 1999 3941 προσ-

419 3955 670 4025 δέχεσθαι
708 3955 918 4024 ἔλεγον.
965 3953 1106 4008 Οὔτε
1133 3955 1190 4008 δὲ
1225 3954 1568 4026 παραδοῦναι
1597 3957 1827 4018 ἑαυτοὺς
1860 3958 1996 4010 ὑπέ-

425 4066 610 4120 μενον,
668 4047 792 4101 οὐτε
853 4047 1116 4119 πολεμεῖν
1176 4049 1470 4118 Ῥωμαίοις
1525 4044 1630 4102 οἷοί
1696 4065 1757 4102 τε
1812 4044 1997 4120 ἦσαν’

424 4141 773 4211 σκιδνάμενοι
816 4140 873 4193 δὲ
905 4140 1048 4192 κατά
1082 4139 1149 4194 τὰ
1193 4138 1506 4210 ἔμπροσθεν
1545 4141 1644 4210 τῆς
1682 4140 1912 4207 πόλεως,
1947 4139 2003 4193 εί

420 4249 577 4297 τινας
598 4232 921 4303 αὐτομολεῖν
953 4231 1244 4295 ἐθέλοντας
1275 4231 1562 4302 εὕρισκον,
1595 4231 1946 4302 ἀπέσφαττον
1978 4246 1994 4262 °

416 4327 513 4379 καὶ
536 4326 713 4389 οὐδεὶς
749 4328 808 4379 ὲν
839 4327 906 4396 τῇ
937 4324 1092 4378 πόλει
1132 4325 1299 4388 τόπος
1329 4322 1671 4394 γεγύμνωτο,
1701 4324 1819 4378 ἀλλ’
1852 4324 1999 4389 ἆπας

415 4419 450 4488 ἦ
481 4418 644 4488 λιμοῦ
678 4416 877 4487 νεκρὸν
906 4413 1077 4487 εἶχεν,
1110 4417 1144 4487 ἢ
1198 4418 1466 4480 στάσεως.
1503 4416 1753 4470 Ἔθαλπε
1781 4416 1837 4470 δὲ
1869 4415 1998 4480 τούς

413 4530 475 4565 τε
532 4511 834 4583 τυράννους
881 4509 1077 4564 καὶτὸ
1127 4509 1226 4563 σὺν
1255 4510 1438 4572 αὐτοῖς
1487 4509 1783 4581 λῃστρικὸν
1840 4509 1998 4572 ἐλπὶς

2099 3321 2250 3368 runt.
2286 3311 2543 3369 Seditiosi
2575 3329 2700 3369 cum
2736 3313 2932 3370 ardere
2963 3315 3160 3370 urbem
3190 3314 3466 3382 viderent,
3514 3315 3679 3384 hilari

2099 3404 2256 3459 vultu
2290 3419 2349 3460 se
2384 3404 2594 3460 alacres
2633 3405 2888 3461 obituros
2936 3405 3218 3471 dixerunt,
3253 3422 3378 3462 cum
3411 3422 3679 3478 seneque

2099 3496 2363 3552 Romanis
2412 3496 2614 3552 dedere
2655 3497 2880 3564 vellent,
2927 3513 3112 3567 neque
3155 3513 3464 3568 repugnare
3513 3485 3680 3569 304.

2099 3595 2364 3655 possent:
2405 3587 2499 3642 sed
2532 3588 2896 3654 anteurbem
2947 3589 3208 3659 dispersi,
3261 3605 3402 3660 quos
3434 3591 3677 3644 transiu-

2101 3694 2230 3747 gere
2257 3679 2505 3744 volentes
2543 3679 3052 3750 dcprehendebant,
3085 3683 3452 3753 jngulabant:
3491 3697 3674 3751 neque

2102 3771 2246 3826 ullus
2283 3771 2437 3826 urbis
2464 3781 2584 3826 erat
2614 3773 2790 3838 locus,
2827 3773 2921 3843 qui
2957 3790 3066 3827 non
3102 3773 3248 3830 fame
3277 3785 3375 3830 aut
3403 3775 3676 3830 seditione

2101 3872 2417 3932 peremptos
2469 3863 2716 3918 haberet.
2793 3865 3080 3936 Tyrannos
3135 3881 3240 3920 una
3296 3881 3421 3936 spes
3466 3866 3680 3936 reliqua

2101 3956 2588 4010 subterraneorum
2639 3965 2914 4011 meatuum
2960 3957 3181 4012 fovebat
3205 3972 3226 4012 :
3263 3973 3373 4028 quo
3409 3958 3453 4013 si
3486 3959 3683 4013 confu-

2100 4047 2327 4118 gissent,
2361 4063 2421 4103 se
2452 4065 2561 4103 non
2598 4048 2916 4119 indagatum
2943 4049 3012 4104 iri
3039 4051 3206 4106 stulta
3237 4051 3496 4119 opinione
3522 4060 3685 4120 puta-

2101 4141 2255 4195 bant.
2287 4139 2422 4195 Nam
2457 4156 2581 4194 cum
2613 4141 2846 4194 Romani
2879 4151 3058 4195 castra
3087 4150 3393 4206 moverent,
3424 4143 3678 4212 progredi

2099 4241 2264 4302 atque
2298 4232 2558 4302 aufugcre
2584 4232 2724 4296 ausi,
2757 4248 2935 4302 neque
2968 4233 3365 4304 Deumneque
3399 4233 3682 4299 Romanos

2100 4324 2274 4380 latere
2303 4333 2580 4394 poterant,
2615 4333 2671 4380 et
2705 4324 2848 4380 inter
2871 4339 2930 4379 se
2955 4325 3023 4379 de
3047 4325 3265 4394 rapinis
3295 4325 3498 4380 bellum
3527 4341 3685 4395 gere-

2101 4415 2254 4472 bant.
2287 4417 2469 4472 Caesar
2501 4431 2634 4471 vero
2679 4430 2806 4470 cum
2855 4416 3008 4471 urbs.
3031 4417 3286 4486 superior
3317 4417 3370 4470 in
3412 4415 3683 4486 praecipiti

2102 4509 2205 4564 sita
2260 4509 2404 4572 loco,
2455 4509 2574 4564 sine
2617 4509 2924 4580 aggeribus.
2953 4508 3074 4578 capi
3110 4518 3459 4579 nonpossel,
3507 4508 3685 4578 copiis

413 4579 625 4673 ἐσχάτη
651 4603 758 4657 τῶν
795 4603 1107 4673 ὑπονόμων,
1159 4604 1241 4666 εἱς
1282 4601 1376 4664 οὓς
1418 4603 1468 4655 εἱ
1499 4579 1894 4672 καταφύγοιεν,
1931 4603 1992 4655 οὐ

2100 4617 2238 4670 opus
2265 4602 2570 4657 distribuit.

419 4701 770 4772 προσεδόκων
801 4699 1293 4771 ἐρευνηθήσεσθαι.
1328 4699 1768 4765 Ἀναζευξάντων
1833 4699 1891 4751 δὲ
1950 4699 2057 4750 τῶν
2108 4699 2419 4768 Ῥωμαίων,
2455 4699 2724 4770 ἐθάρρουν
2765 4699 3048 4770 προελθεῖν
3110 4715 3170 4750 τε
3210 4699 3304 4752 καὶ
3345 4695 3668 4767 ἀποδράναι.

409 4795 476 4845 τὸ
531 4793 587 4846 δὲ
619 4787 688 4864 ἦν
719 4793 828 4861 ἄρα
859 4792 1069 4863 ὄνειρος
1098 4809 1114 4826 ο
1168 4790 1292 4846 οὔτε
1347 4792 1456 4862 γάρ
1515 4793 1606 4846 τὸν
1659 4793 1818 4854 Θεὸν,
1869 4790 1994 4844 οὐτε
2046 4793 2356 4862 Ῥωμαίους
2419 4793 2606 4863 λήσειν
2673 4793 2924 4863 ἔμελλον.
2959 4787 3072 4846 Ἦν
3114 4793 3170 4845 δὲ
3204 4791 3302 4846 καὶ
3335 4792 3472 4863 πρὸς
3517 4791 3684 4860 ἀλλή..

413 4889 548 4951 λους
581 4889 640 4941 ὲν
687 4889 810 4950 ταῖς
852 4887 1127 4958 ἁρπαγαῖς
1161 4886 1398 4957 πόλεμος
1437 4885 1644 4950 αὐτοῖς.
1719 4887 1940 4956 Καῖσαρ
1980 4885 2062 4950 δὲ,
2105 4887 2180 4948 ὡς
2225 4887 2523 4958 ἀμήχανον
2557 4883 2626 4958 ἦν
2679 4887 2780 4956 τὴν
2819 4885 2934 4940 ἄνω
2979 4886 3134 4940 πόλιν
3192 4887 3336 4940 ἑλεῖν
3384 4887 3680 4956 χωμάτωνν

419 4984 544 5046 ἅτε,
589 4982 758 5038 οῦσαν
788 4983 1186 5054 περίκρημνον,
1221 4981 1470 5050 διανέμει
1507 4982 1622 5044 τοῖς
1641 4981 1824 5052 ἔργοις
1856 4981 1954 5052 τήν
1991 4981 2242 5052 δύναμιν.
3414 4979 3421 4986 ’

494 5078 640 5143 κεῖν.
670 5075 830 5130 Κατά
859 5074 1064 5137 ταύτας
1096 5069 1192 5128 οὖν
1217 5073 1319 5137 τὰς
1362 5073 1579 5144 ἡμέρας
1612 5075 1662 5126 οἱ
1693 5075 1800 5126 τῶν
1832 5073 1996 5125 Ἰδου-

421 5172 602 5240 μαίων
659 5172 932 5242 ἡγεμόνες
993 5171 1314 5242 πέμψαντες
1367 5173 1570 5242 ᾶνδρας
1632 5172 1796 5225 πέντε
1859 5173 1996 5241 πρὸς

417 5266 604 5329 Τῖτον,
638 5265 885 5318 ἱκέτευον
906 5264 1091 5318 δοῦναι
1123 5265 1307 5327 αὐτοῖς
1332 5264 1534 5329 δεξιάν.
1578 5264 1637 5317 '0
1661 5263 1717 5317 δὲ
1753 5263 1848 5317 καὶ
1871 5264 1997 5326 τοὺς

416 5358 717 5425 τυράννους
775 5357 1032 5410 ἐνδώσειν
1077 5357 1307 5419 ἐλπίσας
1358 5355 1830 5410 ἀποσπασθέντων
1890 5355 1998 5409 τῶν

431 5451 770 5522 Ἰδουμαίων,
800 5451 1090 5505 κατανεύει
1151 5451 1250 5521 τήν
1303 5451 1578 5520 σωτηρίαν
1631 5451 1836 5512 αὐτοῖς.
1889 5449 1999 5502 Καὶ

419 5546 447 5596 ὀ
479 5543 682 5614 Σίμων,
713 5545 875 5611 γνοὺς
908 5544 1006 5614 τὴν
1045 5542 1273 5614 γνώμην
1312 5543 1512 5603 αὐτῶν,
1537 5544 1664 5606 τοὺς
1707 5541 1804 5612 μὲν
1835 5541 1999 5594 πέντε

421 5634 553 5696 τοὺς
600 5635 923 5704 ἐντυχόντας
967 5634 1043 5703 τῷ
1073 5609 1221 5702 Tit-ip
1252 5633 1449 5686 αὐτίκα
1496 5635 1730 5703 ἀναιρεῖ,
1782 5632 1906 5693 τοὺς
1953 5629 1998 5683 δ’

429 5726 705 5795 ήγεμόνας
743 5727 1026 5780 συλλαϐὼν
1064 5727 1346 5797 εἵργνυσιν
1374 5742 1387 5756 ο
1425 5724 1763 5795 Ἰδουμαίους
1805 5724 1861 5776 δὲ
1899 5722 2001 5775 οὐκ

426 5815 775 5881 ἀφυλάκτους
809 5812 946 5886 εἶχε,
977 5819 1070 5869 καὶ
1117 5818 1178 5869 τὺ
1217 5820 1392 5887 τεῖχος
1433 5818 1700 5886 φρουραῖς
1737 5815 2000 5884 ἐπιμελε-

430 5909 652 5976 στέραις
691 5908 1041 5978 διελάμϐανε,
1077 5909 1162 5962 διὰ
1194 5911 1320 5972 τοὺς
1360 5907 1808 5974 αὐτομολοῦντας.
1864 5905 2001 5958 llo).-

2171 5075 2358 5130 XXVI.
2401 5075 2471 5130 lis
2497 5075 2692 5130 diebus
2727 5075 3090 5130 ldumaeorum
3143 5075 3438 5145 principes-
3463 5093 3494 5130 v
3527 5077 3680 5145 lega-

2101 5165 2172 5219 tis
2219 5165 2287 5218 ad
2325 5165 2510 5218 Titum
2553 5163 2757 5228 missis,
2808 5163 3090 5233 supplices
3139 5181 3330 5234 pacem
3362 5166 3678 5234 petierunt:

2099 5257 2194 5326 qui
2220 5255 2383 5310 etiam
2419 5264 2700 5326 tyrannos,
2745 5255 3001 5310 ldumzeis
3043 5256 3272 5321 avulsis,
3314 5257 3679 5326 pertinaciam

2101 5350 2416 5420 abjecturos
2461 5363 2708 5416 Sperans,
2761 5347 3199 5402 incolumitatem
3253 5348 3364 5402 illis
3397 5350 3680 5418 promisit.

2101 5443 2170 5497 At
2201 5443 2392 5496 Simon
2421 5456 2611 5496 eorum
2648 5439 2876 5494 consilio
2905 5441 3146 5509 cognito.
3199 5457 3232 5495 ν
3261 5441 3466 5510 legatos
3493 5443 3682 5498 statim

2103 5536 2323 5600 occidit,
2365 5535 2532 5588 duces
2562 5533 2615 5584 in
2637 5547 2912 5586 carcerem
2939 5531 3262 5602 compingit,
3288 5533 3557 5591 ldumteos
3583 5537 3683 5592 ob-

2104 5622 2309 5676 servari
2355 5621 2633 5691 jubet,.et
2673 5619 2874 5674 muenia
2930 5621 3190 5689 prasidiis
3238 5625 3683 5681 accuratioribus

2105 5718 2303 5779 munit,
2340 5724 2565 5783 propter
2592 5711 2921 5781 transfugas.
2964 5712 3068 5768 Sed
3100 5718 3354 5783 quamvis
3389 5718 3544 5772 multi
3584 5735 3681 5774 oc.-

2101 5806 2444 5866 ciderentur,
2489 5803 2675 5872 plures
2729 5810 2887 5854 erant
2927 5802 3020 5872 qui
3049 5803 3404 5876 dill‘ugcrent,
3450 5819 3618 5876 alque
3649 5825 3683 5864 a

2100 5898 2366 5955 [minauis
2393 5897 2464 5951 ob
2504 5894 3062 5952 cacdiumsatictatcm
3102 5896 3320 5956 ctlucri
3371 5912 3522 5958 spem
3559 5912 3684 5953 sus.
