4060 6460
384 427 483 491 531

1683 433 2011 493 ,ΙΟΛΝΝΙΞ
2051 431 2372 493 ΖΟΝΑΒᾸΞ

3542 443 3646 502 E33:

381 547 720 608 etperentur.
765 540 900 594 Nam
961 540 1092 593 sdis
1140 540 1367 610 plebeiis
1423 541 1686 602 retentis,
1737 549 1934 594 cauere

2067 539 2175 593 λῶν
2211 541 2265 594 δὲ
2310 543 2706 613 φονευομένων,
2729 543 2942 609 πλείους
2975 541 3116 618 ἦσαν
3145 546 3194 600 οἱ
3225 546 3641 618 διαφεύγοντες.

379 647 505 686 cum
561 633 828 689 uxoribus
875 643 932 689 et
983 635 1175 692 liberis
1226 637 1454 693 minimo
1507 633 1846 699 vendebant,
1887 631 1960 686 ob

382 728 785 796 mancipiorum
823 730 1254 796 multitudinem,
1285 741 1341 786 et
1368 741 1680 801 emptorum
1710 729 1961 800 paucita-

383 830 510 874 tem.
560 821 765 876 Eorum
819 824 912 892 qui
961 825 1163 878 vcnzliti
1214 835 1360 886 sunt,
1408 823 1706 878 multitudo
1746 824 1956 877 infinita

379 914 501 978 fuit,
554 930 584 970 e
630 917 861 986 plebeiis
920 918 1060 970 ultra
1113 934 1176 970 x1.
1221 919 1387 972 millia
1427 927 1556 972 sunt
1623 920 1951 975 conservati.

377 1003 610 1069 Quidam
640 1005 900 1059 sacerdos
924 1006 1146 1061 nomine
1173 1008 1322 1070 Jesu,
1365 1018 1516 1078 pacta
1554 1009 1952 1074 incolumitate.

377 1098 489 1147 duo
520 1096 848 1152 candelabra
879 1098 1125 1165 tradidit,
1159 1116 1424 1165 mensam,
1459 1111 1699 1156 crateres
1721 1111 1774 1156 et
1802 1103 1955 1172 phia-

378 1189 479 1249 las,
523 1204 588 1241 ex
624 1191 799 1245 solido
835 1207 971 1246 auro
1007 1195 1213 1260 omnia,
1251 1211 1353 1249 nec
1383 1211 1493 1250 non
1533 1197 1724 1261 au'aea,
1770 1179 1955 1264 ponti-

377 1283 528 1336 fieias
554 1296 755 1350 vestes,
785 1294 840 1340 et
871 1287 1040 1341 multa
1072 1289 1176 1342 alia
1207 1305 1350 1343 vasa.
1406 1289 1558 1343 Sacri
1589 1291 1830 1346 thesauri
1861 1308 1954 1346 cu-

371 1385 487 1429 s:os
514 1375 749 1432 Phinees
780 1380 1231 1450 comprehensus,
1259 1383 1470 1440 tunicas
1500 1394 1555 1440 et
1577 1385 1792 1456 cingula
1817 1373 1954 1456 pou?-

375 1467 561 1535 tifieia,
601 1487 665 1526 ac
702 1473 889 1543 plures
933 1475 1069 1530 alias
1106 1493 1196 1533 res
1231 1481 1502 1549 pretiosas
1533 1479 1951 1534 demonstravit.

368 1563 674 1632 Aggeribus
717 1566 829 1636 jam
880 1567 1191 1636 confectis,
1253 1572 1490 1627 Romani
1552 1573 1837 1627 machinas
1881 1573 1949 1627 ad

369 1669 555 1711 muros
615 1659 988 1717 adduxerunt.
1048 1664 1118 1719 At
1146 1665 1395 1721 seditiosi
1445 1665 1643 1735 partim
1681 1666 1732 1719 in
1766 1680 1948 1719 arcem

369 1750 722 1820 recedebant,
771 1757 974 1824 partim
1024 1757 1078 1812 in
1138 1759 1518 1814 subterraneis
1564 1759 1839 1814 meatibus
1889 1773 1949 1813 se

366 1841 641 1898 :ibdebant
672 1886 686 1908 ,
741 1847 896 1901 multi
945 1850 1386 1920 propugnabant.
1446 1851 1551 1906 Sed
1605 1851 1746 1906 muri
1792 1860 1948 1920 parte

365 1935 623 2004 abrupta,
669 1938 839 1994 etiam
885 1942 1133 2011 tyrannis
1188 1952 1368 1998 metus
1413 1943 1660 2009 incessit,
1698 1953 1759 1998 ut
1810 1942 1948 2012 fugze

364 2027 594 2083 consilia
651 2030 944 2100 agitarent.
995 2032 1130 2088 Cum
1179 2035 1325 2090 enim
1375 2051 1472 2092 eos
1519 2052 1755 2107 quorum
1801 2038 1946 2092 lideli

363 2135 532 2187 opera
561 2121 776 2190 pridem
815 2125 896 2179 usi
927 2125 1170 2192 fuerant,
1208 2144 1318 2182 non
1348 2129 1617 2184 baberent
1651 2129 1796 2198 (nam
1833 2130 1948 2185 dis-

364 2213 510 2280 persi
546 2219 726 2284 erant)
758 2226 813 2272 et
839 2217 1030 2274 hostes
1053 2220 1106 2274 in
1135 2222 1447 2291 propinquo
1477 2238 1599 2277 esse
1628 2225 1946 2278 nuntiaren-

367 2315 496 2355 tur:
531 2303 583 2358 in
619 2304 812 2360 faciem
843 2310 1105 2378 prolapsi,
1157 2312 1470 2368 vecordiam
1509 2330 1663 2370 suam
1697 2315 1948 2385 deplora-

366 2404 513 2458 runt,
567 2405 730 2466 atque
779 2400 924 2456 ultro
963 2418 994 2456 e
1027 2404 1274 2460 turribus
1325 2406 1748 2469 descenderunt,
1783 2408 1944 2478 305

361 2503 393 2540 e
426 2489 627 2558 quibus
667 2491 715 2544 vi
753 2507 864 2547 nun
891 2510 1057 2562 juam,
1107 2497 1201 2550 sed
1259 2497 1371 2551 sola
1423 2497 1564 2553 fame
1603 2498 1803 2568 depelli
1843 2516 1940 2569 po-

364 2583 634 2638 tuissent:
676 2595 732 2639 et
763 2585 815 2640 in
847 2587 1040 2642 vallem
1073 2587 1275 2643 Siloam
1307 2590 1698 2659 confugerunt,
1741 2589 1942 2646 deinde

360 2685 576 2731 meatus
625 2678 935 2733 subierunt.
971 2681 1201 2735 Romani
1235 2682 1511 2738 mmuibus
1545 2683 1681 2738 citra
1718 2683 1944 2752 sangui-

359 2781 486 2821 nem
512 2769 694 2836 potiti,
745 2769 1123 2838 deprehensos
1155 2772 1529 2836 trucidabant,
1575 2783 1741 2842 atque
1795 2773 1943 2828 aades

359 2858 767 2912 incendebant:
808 2859 903 2914 sed
945 2869 1074 2915 ante
1116 2877 1404 2930 vesperam
1458 2863 1766 2917 desierunt.
1833 2863 1940 2918 Po-

356 2949 552 3004 stridie
580 2949 736 3004 Titus
754 2951 946 3007 urbem
969 2953 1268 3022 ingressus,
1291 2963 1346 3008 et
1373 2955 1710 3010 munitiones
1733 2970 1798 3010 ac
1823 2963 1941 3009 tur-

357 3057 448 3098 res
487 3041 835 3099 admiratus:
879 3045 1008 3109 Deo,
1053 3047 1250 3116 inquit,
1281 3047 1507 3117 juvante
1540 3047 1735 3102 bellum
1773 3049 1938 3120 gessi—

357 3149 510 3200 mus;
538 3133 677 3189 Deus
708 3135 831 3204 fuit,
864 3138 952 3205 qui
983 3136 1195 3192 Judteos
1225 3140 1598 3194 munitionibus
1631 3140 1744 3194 istis
1769 3155 1937 3208 expu-

2076 634 2353 705 Ἕδέχοντο
2384 637 2440 690 δὲ
2475 638 2525 690 οἱ
2561 639 2825 710 Ῥωμαῖοι
2860 641 3071 702 πάντας
3102 644 3253 712 κόρῳ
3277 642 3372 694 τοῦ
3416 643 3653 700 κτείνειν

2066 729 2160 780 καί
2211 729 2438 798 κέρδους
2483 729 2686 785 ἐλπίδι.
2735 731 2874 795 Τοὺς
2905 731 3015 802 γὰρ
3061 733 3391 803 δημοτικοὺς
3448 737 3653 804 ἐῶντες

2065 821 2281 890 μόνους,
2329 823 2455 885 τοὺς
2500 823 2696 887 ἄλλους
2725 824 2974 878 ἐπώλουν
3007 827 3102 879 σὺν
3153 827 3372 894 γυναιξὶ
3419 831 3514 884 καὶ
3560 833 3650 884 τέ-

2062 931 2233 978 κνοις,
2272 914 2566 986 ἐλαχίστης
2624 916 2794 987 τιμῆς
2844 917 3101 980 ἕκαστον,
3155 918 3248 972 διὰ
3301 920 3507 991 πλῆθος
3535 922 3645 975 τῶν

2059 1003 2449 1073 πωλουμένων,
2499 1006 2594 1059 καὶ
2642 1007 2934 1078 ὀλιγότητα
2964 1008 3074 1062 τῶν
3119 1008 3471 1080 ὠνουμένων.
3520 1013 3644 1066 Τῶν

2063 1096 2162 1164 μὲν
2214 1097 2718 1166 ἀπεμποληθέντων
2778 1100 3008 1171 ἄπειρόν
3057 1120 3109 1154 τι
3163 1101 3371 1172 πλῆθος
3424 1100 3533 1176 ἦν·
3592 1109 3644 1162 οἱ

2059 1185 2349 1254 δημοτικοὶ
2409 1188 2464 1240 δὲ
2515 1188 2856 1260 διεσώθησαν
2915 1192 3054 1263 ὑπὲρ
3113 1198 3638 1267 τετρακισμυρίους.

2060 1279 2182 1330 Τῶν
2217 1280 2410 1350 ἱερέων
2436 1281 2492 1335 δέ
2521 1300 2604 1346 τις
2631 1283 2800 1353 ὄνομα
2833 1284 3065 1355 Ἰησοῦς,
3097 1285 3280 1340 λαϐὼν
3307 1291 3437 1360 περὶ
3462 1309 3641 1364 σωτη-

2060 1369 2184 1439 ρίας
2215 1373 2374 1442 ὅρκον
2407 1372 2547 1427 ὥστε
2604 1392 2727 1428 τινα
2776 1376 3120 1446 παραδοῦναι
3160 1380 3268 1434 τῶν
3309 1383 3636 1453 κειμηλίων,

2056 1463 2252 1530 ἔξεισι,
2299 1467 2392 1518 καὶ
2439 1467 2780 1538 παραδίδωσι
2836 1469 3062 1540 λυχνίας
3112 1471 3230 1532 δύο,
3267 1472 3550 1543 τράπεζάν
3578 1496 3636 1530 τε

2057 1559 2152 1610 καὶ
2181 1559 2485 1630 κρατῆρας,
2514 1561 2610 1614 καὶ
2646 1560 2870 1628 φιάλας,
2903 1563 3086 1617 πάντα
3117 1563 3413 1636 ὁλόχρυσα,
3448 1572 3540 1622 καὶ
3570 1575 3638 1624 τὰ

2055 1652 2553 1718 καταπετάσματα,
2604 1654 2697 1706 καὶ
2741 1656 2810 1706 τὰ
2842 1654 2952 1707 τῶν
2989 1655 3294 1727 ἀρχιερέων
3334 1660 3632 1729 ἐνδύματα,

2053 1744 2149 1795 καὶ
2192 1744 2366 1798 πολλὰ
2397 1746 2506 1800 τῶν
2541 1749 2757 1801 σκευῶν
2782 1749 2967 1820 ἕτερα.
3015 1751 3074 1804 '0
3101 1753 3156 1804 δέ
3207 1769 3271 1821 γε
3317 1753 3634 1822 γαζοφύλαξ

2051 1834 2148 1888 τοῦ
2189 1837 2340 1907 ἱεροῦ
2377 1837 2567 1900 Φινεὲς
2600 1840 2952 1910 συλληφθεὶς,
2993 1843 3122 1906 τούς
3151 1860 3212 1896 τε
3243 1846 3501 1914 χιτῶνας,
3539 1846 3636 1899 καὶ

2053 1930 2153 1991 τὰς
2189 1927 2366 1994 ζώνας
2405 1929 2515 1982 τῶν
2538 1931 2848 2001 ἀρχιερέων
2881 1933 3156 1999 ὑπέδειξε,
3191 1935 3286 1989 καὶ
3314 1936 3424 1990 τῶν
3456 1938 3635 1992 ἄλλων

2052 2020 2356 2090 κειμηλίων
2381 2019 2572 2075 πολλά.
2608 2023 3126 2095 Συντετελεσμένων
3152 2026 3209 2080 δέ
3247 2027 3349 2098 ἤδη
3386 2028 3497 2082 τῶν
3529 2048 3636 2100 χω-

2056 2115 2266 2182 μάτων,
2300 2116 2580 2185 προσῆγον
2616 2116 2666 2168 οί
2713 2115 2978 2186 Ῥωμαῖοι
3012 2118 3090 2188 τῷ
3124 2119 3294 2190 τείχει
3329 2121 3426 2184 τὰς
3456 2140 3632 2192 μηχα-

2051 2206 2169 2266 νάς.
2212 2206 2335 2258 Τῶν
2376 2207 2432 2260 δέ
2464 2208 2811 2261 στασιαστῶν
2837 2209 2886 2262 οἱ
2932 2210 3034 2278 μὲν
3073 2211 3386 2282 ἀνεχώρουν
3423 2217 3500 2278 είς
3532 2217 3633 2285 τὴν

2051 2297 2249 2366 ἄκραν,
2302 2299 2352 2351 oi
2395 2299 2441 2352 δ’
2473 2301 2871 2367 ἐγκατεδύοντο
2937 2304 3050 2366 τοῖς
3085 2303 3402 2375 ὑπονόμοις,
3444 2307 3631 2362 πολλοὶ

2049 2388 2107 2441 δέ
2135 2389 2229 2442 καὶ
2262 2389 2557 2458 ἠμύνοντο.
2598 2391 2684 2454 Ὠς
2714 2393 2772 2446 δὲ
2805 2395 3152 2468 περιεῤῥάγη
3190 2396 3362 2466 μέρος
3395 2399 3490 2452 τοῦ
3520 2401 3632 2453 τεί-

2047 2498 2198 2551 χους,
2228 2480 2346 2544 δέος
2389 2485 2481 2535 καὶ
2515 2486 2630 2546 τοῖς
2660 2485 2950 2556 τυράννοις
2976 2487 3267 2557 ἐμπίπτει,
3309 2491 3404 2544 καὶ
3434 2493 3634 2560 μετέω-

2051 2590 2135 2643 ροι
2167 2573 2305 2644 πρὸς
2329 2575 2511 2644 φυγὴν
2541 2571 2704 2646 ἦσαν.
2741 2577 2899 2631 Ἐπεὶ
2938 2579 2997 2632 δὲ
3046 2580 3174 2644 τοὺς
3209 2580 3310 2650 μὲν
3341 2583 3509 2636 πάλαι
3541 2601 3633 2636 πι-

2049 2665 2210 2728 στοὺς
2238 2667 2340 2718 οὐκ
2372 2663 2520 2736 εἶχον
2550 2668 2985 2741 (ἐσκεδάσθησαν
3001 2670 3160 2741 γὰρ),
3205 2674 3256 2724 οἱ
3288 2672 3344 2726 δὲ
3380 2673 3631 2742 πολέμιοι

2046 2755 2277 2824 πλησίον
2313 2753 2453 2809 εἶναι
2487 2757 2836 2826 ἠγγέλλοντο,
2867 2759 2964 2813 ἐπὶ
2997 2761 3172 2829 στόμα
3197 2763 3458 2821 πεσόντες
3490 2762 3632 2832 ἀνῴ-

2051 2848 2236 2920 μωξαν
2273 2849 2370 2921 τὴν
2402 2850 2616 2904 ἑαυτῶν
2649 2851 3100 2922 φρενοδλάὸειαν,
3123 2854 3232 2906 κάκ
3261 2854 3372 2906 τῶν
3401 2853 3630 2923 πύργων

2043 2943 2266 3006 ἑκόντες
2287 2943 2619 3013 κατέϐησαν,
2649 2945 2741 3013 ἀφ’
2771 2937 2847 2997 ὧν
2880 2944 2972 3016 βίᾳ
3004 2944 3104 3014 μὲν
3128 2945 3385 2998 οὐδέποτε
3423 2944 3628 2999 ἁλῶναι

2045 3035 2329 3108 ἠδύναντο,
2365 3035 2509 3107 λιμῷ
2535 3037 2593 3090 δὲ
2643 3037 2814 3106 μόνῳ,
2875 3037 2973 3090 καὶ
3018 3037 3098 3100 είς
3131 3037 3231 3108 την
3265 3037 3493 3106 Σιλωὰμ
3526 3036 3631 3106 φά-

2049 3146 2232 3202 ραγγα
2283 3128 2765 3198 καταφεύγουσινῖ
2823 3125 2946 3184 εἶτα
3010 3131 3316 3185 κατέδυσαν
3373 3133 3453 3194 είς
3501 3132 3628 3193 τοὺς

357 3227 498 3279 (erit.
539 3225 676 3282 Cum
731 3239 914 3282 autem
975 3229 1164 3284 urbem
1201 3231 1334 3284 alibi
1365 3231 1593 3293 deleret,
1629 3241 1685 3286 et
1735 3232 1936 3287 muenia

2044 3222 2370 3291 ὑπονόμους.
2429 3220 2781 3290 Ῥωμαῖοιδέ
2841 3223 2951 3276 τῶν
3004 3223 3202 3294 τειχῶν
3248 3224 3627 3294 κρατήσαντες

354 3328 670 3376 everteret:
729 3335 824 3377 eas
874 3329 1055 3379 turres
1101 3324 1336 3378 fortuna:
1382 3338 1493 3379 suae
1538 3325 1938 3380 monimentum

358 3414 606 3483 reliquit,
636 3422 744 3484 qua
775 3416 1047 3485 adjutrice
1080 3417 1147 3470 iis
1181 3417 1390 3486 potitus
1415 3425 1581 3480 esset,
1616 3432 1739 3486 qua:
1766 3432 1938 3487 expu-

355 3505 512 3571 gnari
544 3521 653 3558 non
691 3516 936 3575 possent.
971 3507 1166 3562 Totius
1213 3510 1342 3564 belli
1398 3519 1643 3578 tempore
1682 3509 1933 3564 virorum

353 3603 512 3664 capta
547 3605 676 3650 sunt
701 3597 769 3649 ad
811 3599 1108 3666 nonaginta
1136 3607 1346 3668 septem
1397 3599 1588 3660 millia,
1641 3600 1808 3654 totius
1837 3601 1938 3654 ob-

353 3686 587 3741 sidionis
611 3693 857 3757 tempore
889 3688 1152 3745 undecies
1176 3700 1405 3745 centena
1445 3691 1726 3745 hominum
1763 3691 1936 3746 millia

352 3779 684 3848 perierunt:
723 3795 957 3850 quorum
983 3785 1154 3853 major
1183 3798 1308 3851 pars
1333 3783 1578 3852 ejusdem
1609 3783 1806 3853 gentis,
1837 3784 1936 3837 sed

352 3887 461 3926 non
511 3871 760 3941 ejusdem
798 3874 1036 3929 nationis
1077 3873 1201 3929 fuit.
1247 3875 1382 3929 Nam
1413 3890 1444 3929 e
1510 3883 1621 3929 tota
1651 3874 1936 3944 provincia

350 3962 417 4017 ad
464 3963 666 4019 feStum
715 3964 1051 4035 Azymorum
1097 3980 1446 4036 congressos,
1497 3967 1705 4021 bellum
1752 3967 1935 4022 subito

351 4063 722 4124 oppresserat,
754 4067 812 4110 et
842 4056 974 4111 viris
999 4058 1214 4126 plenam
1242 4058 1436 4111 urbem
1461 4057 1929 4114 circumvallarat.

350 4146 586 4200 Romani
618 4161 744 4202 cum
774 4163 842 4203 ex
873 4149 1182 4205 manifestis
1207 4149 1344 4204 alios
1387 4151 1762 4214 sustulissent,
1795 4151 1933 4205 alios

348 4237 666 4306 cepissent,
723 4241 780 4295 in
834 4243 1087 4297 cavernis
1134 4243 1522 4299 delitescentes
1577 4243 1929 4314 indagabant,

350 4343 725 4403 perruptoque
755 4334 874 4389 solo
917 4334 1112 4391 obvios
1143 4351 1394 4406 quosque
1422 4337 1790 4392 trucidarunt.
1822 4337 1929 4393 Sed

351 4435 404 4479 et
435 4425 511 4480 ibi
553 4428 884 4483 cadaverum
931 4431 1072 4484 ultra
1119 4429 1232 4484 duo
1275 4431 1446 4485 millia
1493 4441 1624 4486 sunt
1672 4440 1930 4502 reperta:

349 4531 414 4571 ac
445 4517 816 4575 subeuntibus
850 4528 993 4574 teter
1039 4523 1285 4578 occurrit
1328 4523 1510 4587 foetor,
1557 4531 1617 4578 ut
1659 4524 1814 4578 multi
1845 4539 1932 4578 re-

2042 3316 2343 3386 ἀναιμωτὶ,
2379 3314 2508 3378 τοὺς
2551 3315 3148 3388 καταλαμϐανομένους
3202 3319 3480 3386 ἐφόνευον,
3527 3317 3625 3369 καὶ

2037 3410 2139 3472 τὰς
2187 3407 2367 3471 οίκίας
2413 3408 2676 3478 ὑφῆττον.
2704 3409 3052 3464 Ἐπαύσαντο
3081 3411 3137 3464 δὲ
3169 3411 3306 3482 πρὸς
3335 3412 3578 3480 ἑσπέραν
3607 3425 3623 3441 ο

2039 3506 2105 3573 τῇ
2143 3503 2187 3556 δ’
2223 3502 2455 3574 ἐπιούσῃ
2486 3501 2777 3572 παρελθὼν
2820 3503 2850 3555 ό
2883 3503 3041 3565 Τῖτος
3067 3503 3219 3569 εῐσω,
3254 3504 3353 3573 τῆς
3387 3519 3447 3555 τε
3491 3501 3614 3572 ὀχυο

2043 3595 2266 3665 ρότητος
2293 3596 2394 3661 τὴν
2439 3593 2598 3646 πόλιν
2636 3596 2731 3647 καὶ
2768 3595 2879 3647 τῶν
2921 3595 3148 3664 πύργων
3180 3594 3482 3665 ἐθαύμασε,
3523 3595 3620 3647 καὶ

2038 3687 2167 3742 Σὺν
2199 3686 2322 3752 Θεῷ
2371 3685 2864 3756 ἐπολεμήσαμεν,
2918 3687 3047 3756 ἔφη,
3097 3687 3196 3741 καὶ
3252 3687 3398 3752 Θεὸς
3459 3684 3540 3758 ἦν
3588 3689 3623 3742 ὁ

2037 3778 2226 3833 τῶνδε
2263 3777 2382 3832 τῶν
2427 3779 2740 3846 ἐρυμάτων
2804 3779 3137 3844 Ἰουδαίους
3177 3779 3467 3834 καθελών.
3509 3779 3621 3850 Τὴν

2037 3871 2204 3943 ἄλλην
2222 3887 2280 3924 τε
2306 3872 2463 3925 πόλιν
2485 3870 2784 3939 ἀφανίζων,
2810 3871 2904 3925 καὶ
2929 3872 2996 3924 τὰ
3017 3872 3172 3942 τείχη
3191 3872 3618 3940 κατασκάπτων,

2037 3967 2262 4028 τούτους
2303 3966 2429 4028 τεὺς
2461 3964 2709 4034 πύργους
2738 3964 3004 4018 κατέλιπε
3037 3966 3304 4035 μνημεῖον
3338 3960 3477 4019 εἶναι
3519 3965 3622 4034 τῆς

2037 4055 2204 4112 αὑτοῦ
2246 4059 2440 4129 τύχης,
2589 4056 3004 4129 συστρατιώτιδι
3051 4059 3418 4129 χρησάμενος,
3453 4058 3622 4127 ἐκρά-

2034 4168 2170 4223 τησε
2197 4149 2304 4206 τῶν
2338 4151 2548 4206 ἁλῶναι
2585 4152 2660 4220 μὴ
2707 4152 3048 4223 δυναμένων.
3082 4151 3205 4205 Τῶν
3239 4153 3340 4220 μὲν
3373 4147 3468 4206 οὖν
3497 4155 3619 4221 αἰχ·

2039 4242 2307 4313 μαλώτων
2341 4243 2582 4309 πάντων,
2614 4243 2665 4296 οἳ
2714 4243 2761 4297 δ’
2817 4244 2944 4299 ὅλου
2977 4244 3072 4298 τοῦ
3103 4245 3346 4313 πολέμου
3378 4244 3620 4314 ἐλήφθη-

2037 4353 2158 4402 σαν,
2203 4335 2232 4388 ὁ
2272 4336 2507 4406 ἀριθμὸς
2541 4337 2622 4399 εἰς
2653 4335 2811 4389 ἐννέα
2861 4335 3131 4405 μυριάδας
3169 4337 3265 4388 καὶ
3298 4336 3621 4404 ἑπτακισχι-

2034 4427 2184 4487 λίους
2240 4427 2484 4498 συνήχθη
2517 4445 2531 4459 ο
2571 4427 2681 4480 τῶν
2725 4426 2784 4481 δὲ
2817 4427 3214 4497 ἀπολλυμένων
3244 4428 3386 4481 κατὰ
3435 4429 3620 4480 πᾶσαν

2035 4518 2134 4588 τὴν
2166 4517 2511 4587 πολιορκίαν,
2561 4518 2821 4588 μυριάδες
2856 4518 3054 4570 ἑκατὸν
3088 4519 3183 4570 καὶ
3209 4517 3365 4571 δέκα.
3397 4517 3620 4570 Τούτων

349 4607 631 4670 cederent,
686 4610 780 4662 sed
815 4610 906 4663 alii
941 4628 1049 4680 prae
1079 4614 1307 4668 avaritia
1354 4614 1654 4679 intrabant,
1687 4627 1932 4670 mortuo-

2044 4611 2100 4662 τὸ
2137 4610 2304 4662 πλέον
2344 4609 2618 4677 ὁμόφυλον
2665 4610 2785 4678 μὲν,
2825 4608 2946 4662 ἀλλ’
2988 4611 3088 4662 οὑκ
3125 4609 3422 4680 ἐπιχώριον
3452 4625 3467 4640 ο
3511 4608 3620 4660 ἀπὸ

351 4713 471 4751 rum
505 4699 755 4754 cumulos
786 4700 1084 4758 calcantes.
1115 4704 1250 4760 Nam
1285 4707 1338 4760 in
1372 4706 1438 4760 iis
1463 4709 1718 4762 cavernis
1757 4713 1927 4762 multa

348 4803 670 4846 ornamenta
712 4794 1178 4863 reperiebantur:
1219 4798 1375 4852 multi
1411 4799 1580 4853 etiam
1612 4799 1928 4856 educeban-

346 4893 441 4938 tur
469 4892 526 4937 et
556 4883 995 4951 dimittebantur,
1041 4904 1181 4958 quos
1206 4891 1418 4960 tyranni
1454 4891 1702 4960 captivos
1737 4901 1928 4947 tenue-

345 4986 488 5032 rant.
521 4977 601 5032 Ex
630 4977 696 5032 iis
727 4979 914 5048 patriae
941 4981 1211 5049 pestibus,
1241 4983 1479 5037 Joannes
1501 5000 1624 5038 cum
1662 4985 1928 5040 fratribus

347 5072 403 5124 in
453 5070 707 5125 cavernis
743 5073 1015 5139 esuriens,
1069 5090 1259 5143 pacem
1303 5091 1333 5129 a
1387 5076 1648 5131 Romanis
1697 5079 1925 5146 supplex

345 5163 526 5232 petiit.
574 5164 762 5219 Simon
818 5175 1006 5236 postea
1057 5169 1494 5237 comprehensus
1522 5177 1626 5232 est,
1669 5169 1792 5223 Tito
1823 5170 1926 5224 Ce-

343 5272 517 5312 sareaa
556 5256 788 5327 l’bilippi
820 5258 1074 5330 degente.
1104 5260 1237 5332 Nam
1271 5275 1395 5314 cum
1425 5261 1799 5331 Hierosolyma
1830 5261 1928 5314 ob-

344 5351 687 5416 siderentur,
736 5361 902 5420 atque
946 5353 1139 5406 urbem
1193 5353 1426 5407 Romani
1476 5354 1816 5417 intrassent,
1869 5355 1925 5409 in

341 5445 632 5510 superiore
660 5443 779 5512 ejus
807 5453 961 5513 parte
988 5443 1194 5514 degens
1221 5445 1432 5507 Simon,
1462 5447 1761 5514 assumptis
1787 5446 1926 5500 ami-

344 5549 536 5586 mrznn
565 5533 796 5597 intimis,
833 5551 1046 5604 unaque
1071 5535 1320 5602 lapicidis
1343 5546 1399 5590 et
1427 5538 1775 5592 ferramentis
1809 5537 1926 5591 ido-

341 5625 485 5685 neis,
535 5627 588 5678 in
622 5626 915 5694 quamdam
949 5644 1238 5683 cavernam
1271 5644 1327 5684 se
1366 5629 1603 5694 demisit,
1644 5637 1700 5685 et
1734 5641 1923 5686 vetere

343 5713 488 5766 fossa
525 5717 922 5783 perambulata,
960 5728 1163 5772 terram
1215 5721 1518 5784 excavavit,
1558 5731 1616 5774 ut
1650 5720 1924 5774 cuniculis

343 5803 504 5869 longe
537 5805 808 5871 promotis
841 5817 956 5861 tuto
986 5808 1106 5862 loco
1135 5823 1506 5880 emergerem.
1557 5810 1662 5865 Sed
1696 5812 1921 5881 paulum

343 5893 650 5962 progressis
675 5897 979 5965 metallicis,
1005 5909 1316 5956 commeatu
1338 5901 1655 5970 destitutus,
1688 5902 1922 5959 candida

2036 4704 2148 4776 γὰρ
2183 4705 2279 4774 τῆς
2309 4703 2494 4775 χώρας
2545 4703 2674 4773 ὅλης
2720 4705 2814 4756 ἐπὶ
2852 4703 2952 4772 τὴν
2980 4702 3092 4755 τῶν
3138 4703 3391 4770 Ἀζύμων
3421 4703 3618 4772 ἑορτὴν

2036 4798 2478 4869 συνεληλυθότες,
2506 4797 2772 4867 ἐξαπίνης
2798 4797 2877 4868 τῷ
2909 4796 3134 4867 πολέμῳ
3158 4795 3617 4866 περιεσχέθησαν,

2034 4891 2128 4944 καὶ
2153 4891 2358 4960 μεστὴν
2379 4893 2406 4944 ὁ
2431 4891 2669 4959 πόλεμος
2696 4891 2796 4961 τὴν
2825 4891 2982 4943 πόλιν
3007 4889 3219 4958 ἀνδρῶν
3245 4887 3616 4942 ἐκυκλώσατο.

2045 4983 2198 5036 Ἐπεὶ
2250 4983 2306 5035 δέ
2355 4983 2462 5037 τῶν
2490 4982 2741 5053 φανερῶν
2785 4981 2880 5043 οὒς
2911 4982 3012 5050 μὲν
3045 4983 3275 5047 ἀνεῖλον,
3317 4979 3410 5044 οὒς
3441 4981 3485 5034 δ’
3517 4983 3618 5053 ῄχ-

2035 5077 2350 5147 μαλώτισαν
2404 5075 2695 5143 Ῥωμαῖοι,
2737 5078 2867 5137 τοὺς
2901 5077 2961 5129 ἐν
3001 5078 3114 5138 τοῖς
3150 5075 3444 5144 ὑπονόμοις
3479 5076 3618 5146 ἀνη-

2031 5167 2259 5238 ρεύνων,
2290 5167 2388 5221 καὶ
2426 5167 2871 5240 ἀναῤῥηγνύντες
2891 5165 2950 5218 τὸ
2969 5165 3184 5234 ἔδαφος,
3220 5165 3368 5228 ὅσοις
3395 5164 3617 5233 ἐνετύγ-

2031 5278 2218 5332 χανον,
2259 5260 2523 5315 ἔκτεινον.
2567 5261 2888 5331 Εὑρέθησαν
2917 5258 2972 5310 δὲ
3007 5260 3170 5312 κάκεῖ
3199 5259 3408 5330 νεκροὶ,
3443 5258 3619 5328 δισχι-

2029 5355 2158 5408 λίων
2205 5354 2468 5407 ἐπέκεινα
2499 5369 2513 5384 ο
2550 5353 2700 5422 δεινὴ
2731 5351 2788 5404 δὲ
2825 5352 3042 5421 ὑπήντα
3084 5353 3199 5414 τοῖς
3246 5349 3615 5404 ἐπικύπτουσι

2027 5445 2138 5499 τῶν
2163 5446 2434 5514 σωμάτων
2468 5443 2631 5513 ὀδμὴ,
2662 5443 2738 5504 ὼς
2769 5442 2996 5504 πολλοὺς
3024 5441 3228 5504 εὐθέως
3260 5441 3570 5511 ἀναχωρεῖν
3594 5455 3610 5470 ο

2029 5536 2181 5590 ἄλλοι
2208 5535 2254 5588 δ’
2296 5535 2401 5587 ὑπὸ
2433 5533 2752 5598 πλεονεξίας
2787 5533 3114 5597 εἰσεδύοντο,
3148 5533 3406 5602 σωρείαις
3438 5533 3617 5601 ἐμπα-

2026 5626 2247 5688 τοῦντες
2273 5626 2506 5696 νεκρῶν.
2535 5624 2802 5695 Εὑρισκον
2834 5624 2938 5694 γὰρ
2966 5623 3141 5677 πολλὰ
3165 5624 3270 5676 τῶν
3306 5623 3613 5693 κειμηλίων

2027 5721 2084 5771 ἐν
2106 5721 2226 5781 ταῖς
2257 5718 2536 5788 διώρυξιν.
2575 5718 2873 5789 Ἀνήγοντο
2912 5719 2970 5771 δὲ
3005 5718 3100 5772 καὶ
3146 5717 3331 5772 πολλοὶ
3365 5717 3471 5770 ὑπὸ
3502 5717 3611 5768 τῶν

2025 5812 2310 5881 τυράννων
2367 5811 2726 5880 κατεχόμενοι
2786 5809 3087 5880 δεσμῶται,
3140 5811 3235 5864 καὶ
3284 5808 3607 5864 ἀπελύοντο.

2030 5905 2252 5962 Τούτων
2285 5904 2343 5958 δε
2375 5903 2484 5960 τῶν
2525 5904 2848 5975 ἀλαστόρων
2875 5907 2901 5960 ὁ
2950 5906 3048 5977 μὲν
3097 5905 3354 5976 Ἰωάννης
3403 5904 3462 5958 ἐν
3496 5901 3611 5965 τοῖς
