4060 6398
414 362 522 427 533

1717 370 2128 433 ANNALIUM
2166 375 2314 437 LIB.
2356 378 2457 440 VI.

3563 378 3630 442 5‘3
3643 380 3673 437 ι

416 473 705 546 ὃπονόμοις
775 474 917 546 μετὰ
967 475 1078 529 τῶν
1132 477 1382 546 ἀδελφῶν
1433 477 1740 549 λιμώττων,
1807 480 1986 545 δεξιὰν

2100 484 2317 542 indutus
2352 486 2561 553 tunica,
2595 496 2649 542 ct
2678 487 2966 560 chlamyde
3005 504 3283 560 purpurea
3333 490 3679 547 inlihulatu's.

417 565 566 637 παρά
597 565 890 637 Ῥωμαίων
916 567 1101 623 λαϐεῖν
1132 570 1365 625 ἱκέτευε.
1399 573 1584 642 Σίμων
1607 574 1665 627 δὲ
1693 574 1994 643 μετέπειτα

417 659 743 729 συνελήφθη,
799 659 894 715 τοῦ
930 662 1092 717 Τίτου
1141 662 1427 733 διάγοντος
1478 669 1558 730 είς
1595 667 1690 736 τὴν
1717 665 1992 720 Φιλίππου

416 751 721 823 λεγομένην
753 754 1119 826 Καισάρειαν.
1152 756 1637 829 Πολιορκουμένων
1674 760 1783 829 γὰρ
1829 761 1994 829 Ἱερο-

415 843 690 915 σολύμων,
730 847 825 900 ἐπὶ
863 847 966 918 τῆς
997 847 1112 902 άνω
1152 849 1361 913 πόλεως
1399 849 1496 914 ὣν,
1546 850 1656 902 τῶν
1705 849 1995 922 Ῥωμαίων

414 936 565 1000 ἐντὸς
596 938 907 1008 γενομένων
932 940 1031 1011 τῆς
1061 940 1288 1010 πόλεως,
1320 945 1348 996 ὁ
1369 943 1553 1013 Σίμων
1582 944 1708 1008 τοὺς
1732 946 1994 999 πιστοτά-

419 1045 537 1092 τους
582 1030 923 1102 παραλαϐὼν
958 1032 1072 1088 τῶν
1105 1033 1296 1103 φίλων,
1342 1034 1437 1089 καὶ
1476 1035 1573 1088 σὺν
1611 1038 1797 1099 αὐτοῖς
1851 1037 1995 1090 λιθο-

419 1120 636 1191 τόμους,
692 1123 789 1176 καὶ
844 1122 939 1176 τὸν
1002 1125 1142 1197 πρὸς
1193 1127 1294 1196 τὴν
1355 1129 1621 1198 ἐργασίαν
1687 1130 1995 1198 ἐπιτήδειον

420 1210 624 1276 τούτοις
649 1214 890 1285 σίδηρον,
918 1217 1001 1280 είς
1027 1235 1150 1271 τινα
1177 1220 1289 1272 τῶν
1316 1219 1604 1287 ὑπονόμων
1638 1221 1735 1273 σὺν
1764 1221 1994 1285 ἐκείνοις

415 1298 670 1370 καθίησιν
701 1302 918 1368 ἑαυτὸν,
976 1307 1073 1360 καὶ
1125 1307 1188 1361 τὸ
1222 1308 1454 1363 παλαιὸν
1481 1309 1709 1382 ὄρυγμα
1743 1311 1992 1380 διελθὼν,

413 1391 512 1460 τὴν
531 1392 638 1464 γῆν
664 1394 1022 1467 ὑπενόμευεν,
1061 1398 1151 1453 ἵνα
1177 1401 1520 1474 πορρωτέρω
1550 1402 1908 1472 προελθόντες
1935 1406 1994 1461 ἐν

413 1482 686 1556 ἀσφαλείᾳ
734 1490 1075 1559 ποιήσωνται
1107 1492 1208 1563 τὴν
1244 1492 1524 1548 ἀνάδυσιν.
1566 1494 1778 1563 Ὀλίγον
1809 1496 1997 1566 μέντοι

314 1631 341 1653 ο
412 1575 522 1628 τῶν
546 1577 985 1646 μεταλλευόντων
1014 1586 1517 1656 προχωρησάντων,
1542 1580 1772 1660 ητροφὴ
1797 1589 1995 1654 αὐτοὺς

411 1664 746 1724 ἐπιλέλοιπε.
778 1671 913 1724 Τότε
941 1671 1006 1743 δὴ
1053 1674 1284 1740 λευκοὺς
1330 1676 1577 1732 ἐνδύεται
1616 1679 1996 1749 χιτωνίσκους,

414 1760 511 1813 καὶ
543 1761 790 1832 χλαμύδα
814 1767 1107 1837 πορφυρᾶν
1133 1768 1673 1839 ἐμπερονησάμενος,
1710 1770 1870 1824 ἀνέδυ
1895 1774 1995 1843 τῆς

412 1852 517 1923 γῆς
553 1856 677 1907 κατ’
714 1835 922 1910 ἐκεῖνον
952 1835 1043 1912 τὸν
1074 1835 1264 1924 τόπον,
1283 1835 1423 1930 ivit)
1452 1835 1691 1933 πρόσθεν
1735 1863 1799 1917 τὸ
1849 1835 1997 1934 ίερδν
2027 1835 2071 1894 Β

411 1939 503 2017 ἦν.
536 1946 761 2016 Πρῶτον
794 1949 895 2018 μὲν
923 1945 1019 2006 οὖν
1046 1950 1255 2023 θάμϐος
1283 1955 1398 2017 τοῖς
1435 1953 1604 2009 ίδοῦσι
1635 1956 1998 2027 προσέπεσεν,

414 2036 537 2096 εἶτα
573 2042 621 2097 δ’
677 2045 961 2117 ἐγγυτέρω
1023 2052 1364 2120 προσιόντες,
1403 2051 1552 2115 ὅστις
1608 2050 1697 2123 εἴη
1746 2050 1998 2123 ἠρώτων.

416 2133 603 2203 Σίμων
628 2136 685 2190 δὲ
717 2136 904 2193 καλεῖν
933 2141 1023 2195 τὸν
1049 2142 1289 2212 ἄρχοντα
1314 2142 1463 2212 σφῶν
1495 2143 1860 2214 προσέταττε,
1904 2144 2002 2198 καὶ⁹

410 2220 518 2298 ἧκε
573 2230 795 2302 κληθεὶς
859 2235 1145 2308 Τερέντιος
1215 2237 1488 2308 Ῥοῦφος,
1545 2238 1605 2303 ὃς
1656 2237 1842 2311 ἄρχων
1895 2241 1995 2311 τῆς
2071 2241 2335 2312 στρατιᾶς
2390 2242 2777 2296 κατελέλειπτο
2804 2258 2823 2275 ⁸
2897 2235 2942 2311 ᾧ

2097 591 2164 629 eo
2213 577 2265 631 in
2315 577 2437 633 loco
2480 594 2512 634 e
2562 587 2708 634 terra
2757 582 3006 644 emersit,
3056 582 3150 636 ubi
3179 583 3440 653 templum
3468 582 3679 637 dudum

2098 668 2301 723 luerat.
2351 669 2524 736 Quem
2575 671 2669 740 qui
2715 671 2995 736 viderunt,
3030 675 3270 745 primum
3297 684 3525 745 stupore
3554 690 3679 729 cor-

2097 760 2238 830 repti
2268 771 2417 826 sunt,
2451 763 2652 819 deinde
2691 765 2922 835 propius
2986 775 3363 834 accesserunt,
3393 768 3559 839 306
3587 768 3677 822 in-

2099 862 2440 924 terrogantes
2465 856 2589 926 quis
2631 859 2823 912 esset?
2862 859 3048 914 Simon
3096 873 3221 914 cum
3256 858 3453 913 ducem
3492 859 3676 914 vocari

2092 945 2368 1016 jussissct,
2403 948 2696 1005 Terentius
2725 950 2902 1005 Rufus
2937 950 3108 1013 (hunc
3133 951 3281 1006 enim
3332 950 3489 1005 Titus
3517 965 3677 1004 excr-

2097 1037 2229 1092 citui
2265 1039 2606 1111 praefecerat)
2637 1043 2963 1109 accersitus,
2994 1042 3301 1107 Simonem,
3338 1041 3529 1098 audito
3558 1042 3679 1113 ejus

2097 1144 2374 1195 sermone,
2400 1131 2455 1186 in
2480 1132 2700 1187 vincula
2724 1134 3059 1204 conjectum,
3082 1133 3190 1188 Titi
3208 1134 3364 1204 jussu
3391 1132 3459 1187 ad
3485 1131 3680 1186 trium-

2096 1220 2269 1292 phum
2303 1225 2646 1279 asscrvavit:
2690 1224 2745 1280 in
2789 1240 2921 1296 quo,
2952 1226 3152 1297 laqueo
3182 1235 3410 1282 enectus
3448 1232 3554 1289 est,
3583 1238 3682 1294 per

2097 1315 2154 1372 id
2193 1314 2369 1371 forum
2399 1324 2629 1381 tractus,
2654 1317 2748 1372 ubi
2773 1319 2841 1374 de
2868 1319 3130 1376 maleﬁcis
3157 1318 3490 1390 supplicium
3513 1316 3685 1372 sumi-

2098 1415 2209 1463 tur.
2247 1408 2347 1463 Hic
2380 1409 2482 1463 fuit
2516 1409 2695 1464 exitus
2721 1409 2967 1466 Simonis
3010 1411 3211 1467 Gioraz.
3258 1412 3498 1467 Joannes
3522 1424 3679 1463 vero.

2099 1500 2270 1556 altera
2298 1501 2610 1556 Judzeorum
2635 1500 2798 1565 furia,
2829 1503 2894 1558 ad
2929 1513 3256 1574 perpetuum
3287 1516 3567 1558 carcerem
3595 1509 3681 1554 est

2098 1593 2413 1651 damnatus.
2473 1594 2826 1665 Captivorum
2860 1595 3158 1651 multitudo
3186 1594 3386 1665 partim
3422 1592 3490 1647 ad
3517 1590 3681 1661 {Egy-

2099 1687 2217 1757 ptia
2242 1687 2459 1743 metalla
2484 1686 2648 1743 missa
2673 1695 2777 1753 est,
2802 1686 3000 1757 partim
3025 1686 3080 1741 in
3104 1684 3434 1756 spectaculis
3455 1681 3676 1736 urbium

2102 1776 2414 1840 interfecta.
2470 1793 2567 1835 seu
2613 1793 2740 1834 cum
2783 1777 2940 1842 feris,
2994 1793 3092 1834 seu
3147 1777 3293 1833 inter
3330 1790 3454 1831 sese
3508 1772 3679 1827 dimi-

2097 1871 2297 1927 cando.
2348 1870 2588 1927 Simonis
2615 1886 2682 1926 ex
2713 1880 2854 1927 terra
2904 1870 3142 1926 emersio
3187 1869 3243 1924 in
3278 1881 3441 1923 causa
3469 1864 3594 1931 fuit,
3621 1872 3683 1915 ut

2099 1972 2427 2018 cmterorum
2489 1964 2657 2018 etiam
2713 1962 3105 2018 seditiosorum
3160 1975 3355 2033 magna
3404 1957 3564 2013 turha
3622 1954 3679 2008 in

2098 2053 2374 2110 meatibus
2418 2054 2806 2111 inveniretur:
2867 2054 3015 2110 unde
3058 2051 3226 2109 etiam
3257 2048 3452 2122 templi
3485 2046 3685 2103 funda-

2100 2153 2285 2200 menta
2317 2155 2447 2201 sunt
2476 2145 2733 2202 suti'ossa.

2905 2235 2935 2262 τ

3001 2240 3274 2314 γνωρίσας
3331 2238 3480 2301 ὅστις
3528 2230 3597 2308 ἦν
3654 2236 3685 2287 ὁ

413 2326 622 2396 Σίμων,
650 2332 984 2404 συνελήφθη,
1020 2333 1111 2388 καὶ
1140 2335 1314 2401 δεθεὶς
1340 2335 1692 2406 ἐφυλάττετο.
1719 2335 1810 2408 Τῷ
1874 2332 1948 2391 δέ’
1978 2354 2044 2408 γε
2079 2337 2229 2409 Τίτῳ
2272 2342 2305 2408 ἡ
2346 2338 2610 2410 σύλληψις
2639 2338 2804 2394 αὐτοῦ
2840 2336 3108 2408 ἐδηλώθη,
3145 2336 3242 2392 καὶ
3273 2336 3302 2389 ὁ
3342 2333 3442 2406 μὲν
3479 2332 3561 2396 είς
3592 2328 3687 2383 τῗν

417 2420 686 2494 θρίαμϐον
730 2428 999 2498 ἐτηρεῖτο,
1063 2429 1189 2484 καθ’
1241 2429 1301 2484 ὃν
1359 2430 1454 2484 καὶ
1505 2431 1752 2503 ἀνῃρέθη
1779 2431 2008 2504 ἀγχόνῃ,
2054 2432 2240 2505 συρεὶς
2296 2434 2352 2486 ἐν
2383 2436 2450 2505 τῇ
2510 2433 2647 2489 κατά
2674 2433 2772 2504 τὴν
2814 2432 3037 2504 Ῥώμην
3064 2431 3258 2502 ἀγορᾷ,
3284 2428 3419 2482 ὅπου
3447 2424 3695 2479 κτείνειν

427 2517 725 2590 Ῥωμαίοις
755 2521 995 2576 εἴθισται
1029 2524 1158 2586 τοὺς
1184 2524 1276 2577 ἐπὶ
1311 2525 1625 2595 κακουργίᾳ
1689 2524 2156 2595 θανατουμένους.
2221 2525 2395 2580 Τοῦτο
2467 2528 2566 2597 μὲν
2623 2523 2718 2581 οὖν
2770 2525 2967 2596 γέγονε
3025 2523 3179 2586 τέλος
3229 2519 3309 2593 τῷ
3369 2519 3462 2575 τοῦ
3499 2516 3684 2589 Γιώρα

417 2613 645 2683 Σίμωνι.
670 2613 931 2687 Ἰωάννης
957 2617 1037 2681 δὲ,
1070 2619 1103 2688 ἠ
1129 2616 1294 2690 λοιπὴ
1326 2617 1435 2673 τῶν
1462 2616 1736 2671 Ἰουδαίων
1764 2617 2001 2688 ἐριννὺς,
2039 2617 2215 2687 δεσμὰ
2288 2619 2591 2691 κατεκρίθη
2658 2619 2905 2689 διηνεκῆ.
2965 2617 3040 2672 Τὸ
3085 2617 3143 2671 δὲ
3175 2616 3283 2671 τῶν
3315 2614 3650 2686 αἱχμαλώτω

418 2706 625 2775 πλῆθος
664 2710 725 2762 τὸ
758 2710 859 2780 μὲν
898 2710 980 2774 είς
1045 2711 1114 2764 τὰ
1151 2710 1272 2765 κατ’
1337 2711 1616 2778 Αἴγυπτον
1659 2709 1799 2782 ἔργα
1848 2709 2074 2780 ἐστάλη,
2113 2709 2177 2764 τὸ
2231 2710 2288 2765 δὲ
2338 2713 2396 2767 ἐν
2445 2712 2567 2775 ταῖς
2616 2711 2759 2766 κατὰ
2785 2711 2969 2775 πόλεις
3013 2709 3368 2780 τελουμέναις
3423 2705 3697 2778 θεωρίαις

414 2801 722 2874 ἐφθείρετο,
782 2804 816 2874 ἢ
857 2803 1250 2876 θηριομαχίαις
1282 2805 1652 2875 ἐκδιδόμενον,
1728 2803 1762 2874 ἢ
1824 2804 2410 2876 ἀλληλοκτονούμενον.

2488 2806 2553 2859 Ἦ
2608 2805 2666 2859 δὲ
2719 2802 2817 2859 τοῦ
2874 2805 3119 2874 Σίμωνος
3164 2803 3334 2873 γῆθεν
3401 2800 3687 2866 ἀνάδυσις,

415 2893 551 2947 πολὺ
573 2896 667 2948 καὶ
689 2893 798 2948 τῶν
826 2894 1002 2950 ἀλλων
1030 2895 1371 2951 στασιαστῶν
1399 2896 1607 2967 πλῆθος
1635 2894 1992 2968 εὑρίσκεσθαι
2030 2896 2175 2954 κατά
2239 2898 2367 2961 τοὺς
2396 2896 2706 2968 ὑπονόμους
2752 2894 3034 2968 ἐποίησεν,
3066 2894 3143 2959 ὡς
3175 2892 3451 2959 ἐντεῦθεν,
3488 2893 3584 2948 καὶ
3612 2896 3685 2946 τὰ

414 2986 509 3040 τοῦ
543 2988 672 3041 ναοῦ
704 2988 1075 3060 άνορυχθῆναι
1107 2988 1357 3061 θεμέλια.

488 3083 617 3137 ΚΖ’.
654 3083 728 3137 Οὐ
765 3083 925 3152 μόνον
948 3083 1005 3138 δέ
1032 3086 1148 3148 τοῖς
1189 3086 1248 3138 ἐν
1289 3083 1688 3158 Ἰεροσολύμοις
1717 3082 1999 3147 Ἰουδαίοις

2178 3081 2394 3141 XXVII.
2460 3082 2653 3155 Neque
2700 3099 2831 3141 vero
2879 3081 3364 3156 Hierosolymitani
3416 3081 3685 3138 duntaxat

416 3176 691 3246 ἐπήνεκτο
718 3175 984 3240 κίνδυνος,
1039 3176 1175 3233 ἀλλὰ
1227 3180 1323 3231 καὶ
1373 3180 1488 3240 τοῖς
1543 3179 1601 3230 ἐν
1655 3179 1777 3241 ταῖς
1805 3177 1995 3240 ἄλλαις

2102 3175 2276 3232 Judaei
2327 3175 2650 3233 discrimina
2684 3176 2997 3241 subierunt,
3037 3176 3135 3233 sed
3183 3175 3415 3232 aliarum
3461 3191 3682 3246 quoque

417 3264 628 3318 πόλεσι.
680 3264 870 3320 Πάντα
920 3265 977 3319 δὲ
1028 3267 1400 3337 διηγήσασθαι
1448 3267 1755 3339 δύσεργον·
1815 3268 1885 3322 τὰ
1941 3268 1998 3322 δὲ

2104 3267 2327 3323 urbium
2358 3268 2588 3325 incolm:
2628 3284 2750 3339 qua:
2784 3269 3004 3326 dillicile
3041 3269 3210 3325 fuerit
3243 3281 3533 3323 recensere
3560 3283 3683 3321 om-

417 3357 506 3411 ἐπ⁹
575 3357 916 3428 ’Λντιοχείας
959 3361 1075 3423 τοῖς
1135 3359 1354 3428 ἐκείνην
1419 3360 1662 3414 οἰκοῦσιν
1721 3360 1999 3425 Ἰουδαίοις

420 3450 830 3521 συμϐεϐηκότα,
868 3451 1178 3521 διηγητέον.
1216 3452 1360 3505 Πολὺ
1395 3451 1496 3521 μὲν
1530 3453 1639 3523 γὰρ
1672 3452 1777 3506 ἀνὰ
1816 3454 1998 3508 πᾶσαν

420 3539 519 3611 τὴν
564 3541 898 3613 οἰκουμένην
937 3541 1000 3595 τὸ
1053 3542 1329 3597 Ἰουδαίων
1383 3543 1537 3606 έθνος
1594 3544 1998 3616 κατέσπαρται,

419 3631 685 3694 πολλάκις
737 3632 1199 3704 αίχμαλωτισθὲν,
1250 3635 1328 3698 ὡς
1386 3635 1487 3706 ἤδη
1540 3636 1845 3707 ἱστόρηται,
1903 3636 2000 3690 καὶ⁸

423 3719 720 3773 σκεδασθὲν
759 3721 1047 3796 πανταχοῦ⁴
1076 3741 1089 3755 ·
1142 3725 1396 3779 πλεῖστον
1439 3725 1495 3779 δὲ
1532 3728 1598 3797 τῇ
1634 3727 1805 3796 Συρίᾳ.
1830 3727 1999 3796 ἐγκα-

419 3809 762 3879 ταμέμικται
810 3811 956 3865 κατά
999 3813 1098 3884 τὴν
1152 3816 1478 3883 γειτνίασιν,
1533 3816 1732 3887 μᾶλλον
1783 3816 1840 3871 δὲ
1888 3816 1999 3873 τῶν

419 3900 596 3955 ἄλλων
618 3902 824 3974 ταύτης
846 3903 1057 3958 πόλεων
1076 3906 1381 3975 Ἀντιόχεια
1399 3908 1685 3972 κατοίκους
1709 3907 1999 3975 Ἰουδαίους

418 3992 706 4069 ἐκέκτητο,
737 3993 826 4049 διά
855 4010 914 4048 τε
966 3994 1028 4048 τὺ
1068 3993 1170 4065 τῆς
1221 3996 1433 4061 πόλεως
1480 3997 1733 4068 μέγεθος,
1775 4000 1874 4054 καὶ
1914 4000 2000 4054 ὅτι

420 4084 554 4139 ἀδεᾶ
584 4085 684 4157 τὴν
728 4086 1055 4159 κατοίκησιν
1105 4089 1165 4142 ἐν
1224 4089 1365 4161 αὐτῇ
1419 4090 1700 4161 παρέσχον
1732 4091 1916 4157 αὐτοῖς
1946 4096 1997 4148 οί

421 4177 542 4246 μετ’
590 4177 870 4250 Ἀντίοχον
933 4178 1195 4249 βασιλεῖς.
1261 4181 1320 4235 '0
1377 4180 1479 4252 μὲν
1540 4180 1652 4253 γὰρ
1690 4182 2000 4255 Ἐπιφανὴς

431 4269 708 4341 Ἀντίοχος
754 4272 826 4325 τά
866 4288 928 4325 τε
968 4272 1323 4343 Ἰεροσόλυμα
1349 4272 1710 4345 ἐξεπόρθησε.
1762 4274 1860 4329 καὶ
1905 4276 1999 4330 τὸν

417 4363 548 4418 ναὸν
578 4364 866 4435 ἐσύλησεν.
894 4366 961 4419 Οἱ
987 4365 1044 4420 δὲ
1069 4366 1191 4437 μετ’
1213 4367 1380 4422 αὑτὸν
1406 4365 1650 4437 βασιλεῖς
1673 4367 1854 4433 ἐξίσου
1883 4372 1998 4436 τοῖς

420 4453 651 4523 Ἕλλησι
687 4456 938 4528 μετέχειν
982 4456 1084 4526 τῆς
1121 4457 1333 4523 πόλεως
1361 4458 1546 4523 αὐτοῖς
1588 4458 1997 4531 συνεχώρησαν.

2102 3360 2216 3424 nia,
2269 3377 2441 3416 unum
2492 3370 2671 3417 tamen
2715 3362 3102 3433 exponendum
3141 3369 3226 3417 est
3251 3359 3527 3432 quomodo
3556 3377 3695 3415 cuur

2100 3451 2463 3509 Antiocbcnis
2489 3452 2698 3510 Judaais
2729 3464 2910 3509 actum
2942 3453 3130 3509 fuerit.
3160 3453 3296 3508 Nam
3325 3453 3556 3508 multum
3582 3451 3695 3506 Juo

2101 3542 2273 3598 daicaa
2305 3544 2484 3614 gentis
2516 3559 2617 3613 per
2660 3552 2835 3599 totum
2882 3544 3075 3600 orbem
3116 3553 3392 3599 terrarum
3424 3549 3511 3598 est
3564 3540 3681 3595 dis-

2101 3648 2324 3704 persum
2352 3651 2371 3689 :
2411 3650 2556 3705 saepe
2606 3645 2764 3707 capta
2800 3644 2907 3701 est,
2958 3645 3013 3691 et
3059 3635 3262 3706 ubique
3303 3633 3590 3704 dissipata,
3624 3643 3685 3685 ut

2096 3726 2210 3796 jam
2236 3727 2594 3797 exposuimus
2622 3743 2636 3782 :
2680 3729 2915 3783 maxima
2950 3736 3133 3784 tamen
3164 3744 3292 3799 pars
3322 3726 3495 3800 Syrias
3553 3743 3683 3797 pro-

2101 3827 2226 3890 pter
2252 3819 2592 3876 vicinitatem
2621 3829 2707 3876 est
2731 3820 3004 3877 immista:
3045 3831 3101 3877 et
3124 3821 3419 3877 Antiochia
3448 3836 3575 3876 cum
3612 3823 3684 3873 oh

2101 3911 2256 3967 urbis
2279 3912 2725 3983 amplitudinem,
2754 3921 2868 3967 tum
2902 3923 3131 3984 propter
3151 3914 3387 3969 liberam
3418 3912 3493 3969 ibi
3522 3914 3647 3968 habi
3673 3945 3679 3951 -

2102 4005 2254 4059 tandi
2286 4005 2622 4065 facultatem.
2654 4005 2724 4060 ab
2751 4005 3008 4061 Antiochi
3037 4004 3453 4061 successoribus
3505 4004 3682 4074 impa-

2105 4103 2322 4160 tralam,
2363 4096 2549 4165 plures
2573 4094 2793 4152 Iudaeos
2823 4094 3125 4166 inquilinos
3149 4093 3361 4158 habuit,
3383 4109 3544 4160 quam
3561 4094 3682 4149 alia:

2101 4186 2375 4245 civitates.
2428 4189 2564 4243 Nam
2598 4187 2905 4243 Antiochus
2937 4186 3254 4257 Epiphanes
3306 4185 3680 4255 Hierosolyma

2101 4279 2358 4346 vastavit,
2409 4290 2466 4334 et
2519 4281 2781 4350 templum
2831 4278 3104 4350 spoliavit.
3136 4277 3239 4345 Qui
3274 4286 3457 4332 autem
3503 4278 3677 4331 secuti

2101 4381 2230 4427 sunt
2251 4386 2428 4443 reges,
2453 4374 2536 4427 eis
2563 4379 2978 4436 concesserunt,
3009 4378 3067 4425 ut
3093 4386 3160 4425 ex
3189 4385 3350 4440 raquo
3374 4384 3499 4424 cum
3529 4368 3680 4425 Cra!-

2101 4464 2183 4518 cis
2211 4464 2505 4535 participes
2535 4464 2686 4520 urbis
2711 4472 2920 4520 essent.
2952 4463 3141 4534 Itaque
3172 4463 3226 4517 in
3258 4476 3506 4533 magnam
3539 4460 3682 4515 mul-

418 4547 514 4602 Διδ
546 4548 642 4603 καὶ
673 4550 756 4614 είς
782 4548 990 4620 πλῆθος
1022 4551 1327 4614 ἐπέδωκαν,
1364 4552 1501 4607 πολὺ
1548 4553 1753 4624 πλῆθος
1807 4554 1997 4627 Ἐλλή-

2106 4557 2398 4612 titudinem
2429 4565 2816 4625 excreverunt,
2866 4556 3055 4612 multis
3098 4554 3337 4612 subinde
3377 4552 3581 4611 Graecis
3612 4554 3678 4608 ad

421 4658 530 4695 νων
557 4643 962 4713 προσαγόμενοι
993 4645 1060 4713 τῇ
1095 4642 1388 4717 θρησκείᾳ.
1437 4643 1580 4698 Καθ’
1618 4645 1679 4699 ὃν
1711 4645 1769 4700 δέ
1802 4648 2000 4720 καιρὸν

418 4738 450 4790 ό
488 4737 597 4792 τῶν
646 4736 1037 4808 Ἰεροσολύμων
1074 4736 1310 4806 πόλεμος
1336 4735 1634 4811 ἐξερράγη,
1668 4738 1763 4793 καὶ
1788 4739 1870 4804 εις
1898 4741 2000 4813 τὴν

418 4831 623 4902 Συρίαν
676 4830 1051 4885 κατέπλευσεν
1110 4831 1543 4897 Οὐεσπασιανὸς,
1603 4832 1665 4885 τὸ
1730 4832 1787 4887 δὲ
1841 4836 2001 4905 μῖσος

421 4922 565 4977 κατὰ
594 4922 689 4976 τοῦ
718 4921 912 4988 ἔθνους
942 4920 1094 4993 παρὰ
1134 4924 1302 4976 πᾶσιν
1343 4922 1582 4994 ἧκμαζε,
1628 4925 1752 4979 τότε
1796 4925 1860 4992 δή
1912 4943 1999 4991 τις

429 5012 686 5079 Ἰουδαῖος
717 5015 1014 5086 Ἀντίοχος,
1064 5015 1181 5082 υίὸς
1229 5015 1339 5070 τῶν
1387 5016 1473 5070 ἐπ’
1502 5014 1834 5088 Ἀντιοχείας
1859 5020 2000 5075 Ἰου-

417 5107 588 5162 δαίων
615 5107 709 5162 τοῢ
743 5108 987 5181 πρώτου,
1048 5110 1130 5172 είς
1178 5107 1271 5161 τὸν
1317 5107 1492 5179 δῆμον
1541 5109 1649 5163 τῶν
1679 5111 2000 5181 Ἀντιοχέων

419 5198 734 5270 παρελθὼν,
773 5200 1077 5272 κατηγόρει
1123 5198 1226 5268 μὲν
1273 5199 1369 5254 τοῦ
1412 5188 1641 5271 πατρὸς,
1698 5202 2001 5273 κατηγόρει

420 5290 479 5344 δὲ
508 5292 603 5345 καὶ
648 5289 758 5344 τῶν
795 5289 1005 5345 λοιπῶν
1050 5289 1347 5356 Ἰουδαίων,
1382 5290 1470 5345 ὅτι
1505 5293 1867 5363 καταπρῆσαι
1895 5295 1997 5364 τὴν

424 5381 584 5435 πόλιν
613 5381 836 5436 ἃπασαν
880 5380 1298 5446 ἐϐουλεύσαντο,
1332 5380 1428 5435 καὶ
1470 5382 1761 5452 παρεδίδου
1815 5383 2002 5449 ξένους

433 5472 724 5538 Ἰουδαίους
751 5474 905 5537 τινὰς
933 5474 1008 5537 ὡς
1043 5472 1140 5527 τοῦ
1180 5473 1549 5545 βουλεύματος
1582 5476 1895 5539 κοινωνούς.
1925 5477 2001 5530 Τὸ

419 5563 479 5618 δέ
503 5564 612 5619 τῶν
640 5566 961 5638 Ἀντιοχέων
984 5564 1280 5637 δημοτικὸν
1301 5566 1429 5628 τοὺς
1461 5566 1561 5637 μὲν
1590 5568 2002 5639 παραδοθέντας

419 5657 618 5712 αὐτίκα
660 5659 1031 5724 κατέκαυσαν,
1080 5659 1223 5713 κατά
1260 5659 1319 5714 δὲ
1370 5659 1480 5714 τῶν
1515 5659 1816 5730 αὐθιγενῶν
1863 5660 2003 5715 Ἰου-

420 5749 586 5803 δαίων
619 5749 877 5822 ὥρμηντο
900 5750 1184 5814 κάκείνους
1205 5752 1670 5824 τιμωρησόμενοι.
1714 5753 1773 5808 '0
1799 5752 1858 5808 δὲ
1886 5751 1999 5810 τῶν

424 5841 714 5903 ὁμοφύλων
775 5844 1081 5909 κατήνορος
1156 5842 1464 5911 Ἀντίοχος,
1539 5844 1849 5910 ἀποστῆναι
1899 5846 2001 5911 τῆς

2102 4663 2260 4703 suam
2294 4649 2610 4720 religionem
2644 4648 2946 4719 perductis.
2974 4646 3247 4705 Caeterum
3294 4661 3405 4717 quo
3435 4655 3683 4715 tempore

2101 4742 2309 4796 bellum
2359 4742 2919 4815 Hierosolymitanum
2972 4741 3177 4811 erupit,
3210 4751 3266 4796 et
3316 4738 3685 4809 VeSpasianus

2103 4833 2157 4887 in
2189 4833 2344 4905 Syria
2378 4836 2611 4905 appulit,
2650 4835 2911 4891 omnibus
2937 4833 3252 4891 Iudaeorum
3284 4832 3414 4888 odio
3452 4832 3687 4902 ﬂagrau-

2104 4926 2251 4981 tihus
2278 4945 2290 4980 :
2336 4937 2469 4983 tunc
2498 4927 2723 4984 Iudaeus
2756 4927 2981 4998 quidam
3006 4927 3336 4990 Antiochus.
3365 4927 3683 4984 Iudaeorum

2102 5018 2614 5075 Anthiochenorum
2642 5020 2908 5091 principis
2945 5018 3111 5082 (ilius.
3146 5020 3199 5075 in
3227 5019 3549 5076 concionem
3574 5020 3686 5071 An.

2103 5110 2485 5166 tiochenorum
2516 5127 2861 5183 progressus,
2901 5119 2957 5167 et
2994 5119 3210 5184 patrem
3240 5121 3298 5168 et
3327 5120 3556 5167 caeteros
3580 5112 3683 5165 Ju-

2103 5203 2252 5260 daeos
2280 5205 2581 5267 accusavit,
2616 5220 2712 5260 eos
2750 5206 2811 5261 :le
2844 5207 3185 5263 incendenda
3231 5214 3343 5260 tota
3374 5206 3510 5260 urbe
3536 5202 3678 5259 delia

2102 5298 2369 5354 berasse:
2406 5306 2464 5352 et
2505 5297 2829 5368 peregrinos
2854 5298 3123 5363 quosdam
3163 5298 3404 5360 Iudaeos.
3449 5306 3512 5352 ut
3560 5296 3685 5367 ejus

2105 5387 2323 5446 Consilii
2355 5388 2629 5454 conscios,
2668 5389 2914 5445 tradidit.
2948 5390 3112 5446 Plebs
3137 5389 3478 5445 Antiochena
3507 5387 3683 5443 tradi-

2106 5486 2191 5532 tos
2214 5476 2432 5532 Judatos
2456 5477 2617 5549 307
2651 5478 2837 5533 statim
2868 5479 3097 5542 exussit,
3124 5478 3191 5533 ad
3223 5477 3511 5549 indigenas
3536 5491 3681 5546 quo-

2104 5584 2213 5638 que
2260 5570 2481 5625 Judzeos
2528 5570 2835 5640 puniendos
2878 5570 3174 5627 concitata.
3226 5570 3332 5626 Sed
3376 5570 3682 5626 Antiochus

2102 5662 2447 5732 popularium
2483 5678 2710 5717 suorum
2761 5672 3071 5727 accusator,
3106 5678 3165 5718 se
3190 5663 3423 5735 patriam
3454 5663 3682 5734 religio-

2102 5769 2230 5808 nem
2268 5753 2556 5822 reliquisse
2591 5754 2887 5824 professus.
2922 5769 3074 5811 more
3099 5756 3289 5812 Graeco
3330 5755 3681 5811 immolavit:

2103 5852 2158 5899 et
2197 5845 2457 5914 populum
2501 5845 2756 5903 hortatus
2803 5857 2908 5912 est,
2951 5855 3014 5904 ut
3061 5856 3292 5907 caeteros
3333 5848 3497 5905 etiam
3535 5848 3682 5905 idem
