4060 6404
389 395 498 459 535

1688 400 2012 462 ΙΟΛΝΧΙΞ
2052 398 2374 459 ΖΟΧΛΒΙΕ

3537 396 3644 457 536

389 515 569 569 facere
599 523 840 599 cogeret.
889 515 1027 571 Nam
1062 515 1136 570 ita
1167 515 1517 572 insidiatores
1559 515 1958 587 deprehensum

2072 515 2303 584 πατρίου
2333 514 2510 583 λέγων
2562 513 2883 594 θρησκείας,
2945 513 3136 567 ἔθυσεν
3195 511 3271 576 ὡς
3325 511 3488 583 νόμος
3533 517 3645 576 τοῖς

388 608 481 668 iri.
527 607 571 662 si
623 608 949 679 religionem
983 624 1136 664 suam
1181 610 1393 681 ejerare
1440 610 1668 664 nollent.
1717 609 1850 682 Ejus
1881 611 1963 665 rei

387 715 514 755 cum
541 701 867 757 Antiocheni
917 703 1221 772 periculum
1267 703 1548 771 fecissent,
1594 703 1753 774 pauci
1783 719 1964 759 cesse-

388 803 559 850 runt:
601 795 697 865 qui
731 794 989 851 Graecum
1029 797 1196 850 ritum
1243 797 1626 867 repudiarunt,
1686 797 1962 852 interfecti

387 897 537 941 sunt.
586 887 736 942 Idem
770 888 1074 944 Antiochus
1123 889 1394 946 militibus
1425 890 1592 944 etiam
1633 905 1664 945 a
1713 890 1962 945 Romano

386 980 623 1048 pra-side
656 981 920 1051 acceptis,
949 996 1151 1037 saevum
1199 998 1258 1038 se
1292 982 1650 1053 popularibus
1676 983 1792 1038 suis
1821 997 1963 1053 prae-

385 1069 529 1136 buit,
583 1070 758 1126 otium
803 1071 913 1126 diei
967 1073 1186 1142 septimi
1229 1088 1326 1128 eos
1360 1089 1522 1143 agere
1578 1088 1687 1127 non
1742 1087 1960 1142 passus,

384 1175 562 1230 coque
598 1160 945 1216 necessitatis
971 1161 1204 1232 redegit,
1236 1171 1296 1216 ut
1326 1161 1546 1216 Sablzati
1579 1160 1816 1231 ignavia,
1849 1175 1960 1214 non

383 1253 692 1308 Antiochia:
739 1253 1028 1319 duntaxat,
1076 1255 1172 1310 sed
1209 1255 1264 1310 in
1295 1255 1420 1311 aliis
1471 1271 1690 1328 quoque
1728 1255 1962 1312 urbibus

386 1344 452 1399 ad
488 1355 706 1416 tempus
741 1346 1120 1418 abrogaretur.
1149 1347 1338 1420 Neque
1364 1365 1496 1405 vero
1527 1349 1643 1404 haec
1670 1347 1956 1404 duntaxat.

382 1438 748 1495 Antiochenis
776 1438 980 1496 Judaeis
1015 1441 1361 1506 acciderunt,
1387 1441 1483 1497 sed
1512 1451 1570 1498 et
1603 1442 1706 1497 alia
1735 1441 1961 1498 calami-

385 1541 468 1586 tas
512 1531 761 1587 accessit.
791 1531 1010 1589 Accidit
1062 1543 1122 1588 ut
1166 1533 1496 1604 quadratum
1553 1533 1708 1589 urbis
1755 1532 1957 1598 forum,

383 1622 754 1694 prmtoriaque
784 1633 842 1680 et
870 1623 1074 1678 tablina
1107 1631 1511 1689 cremarentur,
1537 1625 1696 1696 cujus
1715 1623 1960 1680 incendii

382 1713 526 1767 idem
561 1713 870 1772 Antiochus
916 1713 1140 1770 Judazos
1179 1714 1616 1783 criminabatur;
1657 1724 1714 1770 et
1761 1715 1960 1770 Antio-

380 1803 588 1859 chcnos
603 1805 718 1877 jam
747 1812 876 1860 ante
909 1805 1050 1860 male
1083 1810 1449 1875 suspicantes,
1482 1815 1676 1863 contra
1700 1822 1796 1863 eos
1827 1821 1962 1862 con-

379 1893 591 1960 citavit,
620 1902 681 1949 ut
711 1893 1047 1950 furiosorum
1080 1895 1256 1950 instar
1282 1910 1476 1951 omnes
1503 1903 1694 1952 contra
1726 1911 1957 1952 accusa-

380 1996 467 2040 tos
505 1994 755 2049 ruerent,
794 1995 852 2042 et
891 2002 1036 2058 aegre
1069 2003 1099 2042 a
1138 1987 1468 2058 quibusdam
1503 1988 1958 2059 reprimerentur,

380 2077 746 2135 suadentibus
805 2087 866 2134 ut
909 2093 1130 2134 causam
1179 2094 1300 2134 eam
1362 2079 1488 2136 Tito
1544 2081 1960 2152 disceptandam

382 2178 748 2226 rcscrvarent.
799 2169 1015 2226 Interea
1069 2171 1292 2242 quidem
1346 2187 1404 2227 re
1455 2171 1748 2244 diligenter
1776 2174 1959 2244 inqui-

377 2261 506 2326 sita,
551 2269 770 2331 gentem
825 2259 1111 2316 Iudaicam
1166 2262 1444 2318 insontem
1493 2274 1860 2334 repererunt:
1903 2272 1961 2321 et

378 2354 501 2424 ejus
530 2353 794 2410 facinoris
844 2363 1103 2410 auctores
1131 2347 1254 2411 esse
1290 2355 1547 2413 homines
1575 2356 1857 2426 improbos
1886 2357 1959 2412 ob

377 2449 502 2503 atris
528 2445 692 2502 alieni
721 2446 1130 2509 necessitatem,
1167 2457 1336 2515 ratos,
1369 2449 1415 2503 si
1446 2447 1629 2504 curias
1649 2458 1706 2504 et
1738 2448 1960 2519 publica

378 2540 587 2596 tablina
617 2539 1015 2605 incendissent,
1048 2540 1165 2596 fore
1196 2542 1470 2597 neminem
1504 2557 1534 2597 a
1571 2557 1682 2612 quo
1714 2543 1960 2613 appella-

378 2641 594 2688 rentur.
647 2631 858 2688 Interea
887 2631 1071 2688 Titum
1105 2632 1451 2688 Antiochiam
1492 2632 1955 2704 proﬁciscentem,

377 2725 618 2796 populus
650 2724 1034 2781 Antiochenus
1067 2725 1285 2781 obviam
1335 2741 1614 2797 egressus,
1655 2725 1796 2782 lastis
1817 2727 1959 2782 omi-

378 2818 540 2873 nibus
568 2815 794 2888 excipit,
824 2815 1004 2872 mistis
1036 2817 1300 2888 precibus
1327 2817 1394 2872 de
1438 2816 1644 2874 Iudaeis
1675 2817 1811 2873 urbe
1843 2817 1958 2887 pel-

377 2910 578 2966 lendis.
626 2908 678 2965 Is
722 2924 855 2965 vero
884 2918 999 2964 tum
1040 2924 1105 2964 ea
1153 2909 1324 2965 verba
1354 2908 1568 2980 placide
1603 2908 1958 2964 dissimulans

377 3003 708 3070 prmteribat.
739 3003 948 3059 Deinde
973 3019 1168 3060 rursus
1187 3004 1553 3060 Antiocbcnis
1579 3003 1722 3058 idem
1752 3004 1958 3058 acriter

376 3095 787 3168 flagitantibus:
829 3097 919 3162 Αι,
956 3096 1156 3167 lnquit,
1189 3097 1370 3166 patria
1403 3113 1605 3161 eorum,
1651 3112 1755 3167 quo
1783 3113 1956 3151 reuer-

2069 607 2318 678 Ἕλλησι,
2351 605 2584 678 παρῄνει
2628 606 2686 662 δὲ
2717 608 2810 660 καὶ
2847 608 2976 671 τοὺς
3013 606 3210 670 ἄλλους
3244 609 3417 660 ποιεῖν
3442 609 3645 676 ὁμοίως

2067 698 2354 769 βιάζεσθαι
2386 714 2401 732 ·
2439 697 2660 752 ἔσεσθαι
2698 699 2808 768 γὰρ
2860 699 3130 769 φανεροὺς
3165 699 3290 762 τοὺς
3324 698 3647 752 ἐπιϐουλεύ-

2068 807 2289 855 σαντας,
2320 791 2400 861 τῷ
2427 792 2503 862 μὴ
2526 793 2624 862 τήν
2648 790 2918 862 σφετέραν
2940 790 3236 862 Θρησκείαν
3270 792 3643 861 ἀπόμνυσῦαι.

2063 883 2381 954 Χρωμένων
2430 883 2486 937 δὲ
2516 887 2580 955 τῇ
2607 883 2774 955 πείρᾳ
2800 885 2909 939 τῶν
2939 883 3286 954 Ἀντιοχέων,
3323 883 3492 952 ὀλίγοι
3545 885 3644 953 μὲν

2066 975 2358 1044 ὑπέκυψαν
2386 989 2400 1005 ⁶
2427 977 2476 1028 ot
2513 974 2571 1028 δὲ
2607 975 2682 1048 μὴ
2715 976 2994 1046 ἐλληνίσαι
3019 975 3388 1046 ἀνασχόμενοι
3417 976 3638 1044 διειρθά-

2069 1081 2262 1136 ρησαν.
2304 1065 2364 1118 '0
2396 1065 2442 1119 δ’
2493 1066 2786 1140 εἰρημένος
2838 1067 3114 1138 Ἀντίοχος
3160 1067 3256 1121 καὶ
3305 1067 3644 1138 στρατιώτας

2064 1157 2216 1227 παρὰ
2247 1157 2343 1211 τοῦ
2405 1157 2690 1230 Ῥωμαίων
2734 1161 3005 1231 ἡγεμόνος
3051 1159 3256 1224 λαϐὼν,
3314 1160 3547 1231 χαλεπὸς
3577 1156 3645 1230 ἧν

2061 1253 2174 1312 τοῖς
2205 1249 2526 1319 ὁμοφύλοις,
2562 1251 2753 1320 ἀργεῖν
2779 1252 2876 1322 τήν
2902 1253 3140 1323 ἑϐδόμην
3172 1253 3274 1306 οὐκ
3305 1253 3640 1322 ἐπιτρέπωνο

2062 1342 2206 1397 οὕτω
2235 1363 2292 1398 τε
2323 1345 2423 1417 τὴν
2471 1345 2721 1416 ἀνάγκην
2772 1346 2926 1400 ἐϐετο
2974 1347 3224 1418 ἰσχυρὰν,
3263 1346 3338 1410 ὼς
3368 1349 3445 1416 μὴ
3483 1347 3643 1416 μόνον

2061 1435 2152 1490 ἐπ’
2181 1437 2517 1507 Ἀντιοχείας
2543 1437 2642 1509 τήν
2665 1438 2766 1492 τοῦ
2793 1439 3076 1493 Σαϐϐἀτου
3109 1439 3310 1510 ἀργίαν
3341 1438 3642 1492 καταλελύ-

2066 1527 2212 1592 σθαι,
2241 1527 2379 1582 ἀλλά
2411 1530 2516 1584 κάν
2539 1531 2663 1592 ταῖς
2689 1529 2876 1595 ἄλλαις
2920 1530 3144 1584 πόλεσιν
3181 1530 3275 1584 ἐπί
3307 1548 3428 1583 τινα
3449 1531 3643 1601 χρόνον

2062 1617 2222 1672 τοῦτο
2263 1619 2660 1691 ἐπικρατῆσαι.
2689 1623 2765 1676 Ού
2795 1621 2970 1677 ταῦτα
3021 1623 3079 1678 δέ
3122 1624 3261 1695 μόνα
3293 1627 3406 1687 τοῖς
3437 1627 3495 1678 ὲν
3523 1625 3646 1678 Ἀν-

2060 1709 2271 1782 τιοχείᾳ
2331 1711 2682 1782 συμϐέϐηκεν
2715 1713 3018 1780 Ἰουδαίοις,
3069 1715 3207 1769 ἀλλά
3254 1716 3352 1769 καὶ
3404 1715 3643 1786 δευτέρα

2064 1803 2423 1873 προσεγένετο
2482 1805 2758 1876 συμφορά.
2817 1805 3025 1876 Συνέϐη
3061 1807 3160 1876 μὲν
3195 1807 3306 1878 γὰρ
3352 1823 3645 1878 καταπρη-

1991 1874 2034 1928 B
2065 1896 2258 1966 σθῆναι
2290 1896 2390 1966 τήν
2419 1896 2518 1966 τῆς
2550 1874 2760 1961 πόλεως
2788 1874 3134 1967 τετράγωνον
3180 1874 3410 1970 ἀγοράν,
3445 1874 3646 1968 ἀρχεῖά

2060 2001 2124 2040 τε
2172 1989 2265 2040 καὶ
2323 1987 2760 2059 χαρτοφυλάκια.
2807 1986 2868 2042 '0
2911 1988 2958 2042 δ’
3014 1989 3312 2060 εἰρημένος
3364 1988 3644 2060 Ἀντίοχος

2060 2081 2174 2141 τοῖς
2199 2079 2480 2143 Ἰουδαίοις
2531 2079 2816 2149 προσ-ἧπτε
2851 2079 2944 2134 τὸν
2991 2079 3350 2152 ἐμπρησμὸν,
3387 2081 3484 2133 καὶ
3517 2083 3646 2143 τοὺς

2073 2171 2370 2238 ’Δντιοχεῖς
2400 2169 2682 2231 ὑπόπτους
2724 2168 2952 2240 ἔχοντας
3009 2170 3112 2242 ήδη
3164 2172 3384 2234 αὐτοὺς,
3419 2171 3646 2241 ἠρέθισε

2061 2261 2185 2313 κατ’
2217 2259 2418 2322 αὐτῶν.
2451 2263 2545 2314 καὶ
2571 2259 2764 2331 ὥσπερ
2803 2262 3097 2332 ἐμμανεῖς,
3137 2262 3274 2333 πρὸς
3301 2261 3430 2326 τοὺς
3462 2262 3647 2317 διαϐε-

2061 2351 2368 2422 ϐλημένους
2398 2353 2636 2415 ἀπαντες
2672 2352 2953 2424 ὥρμηντο.
2987 2354 3159 2412 Μόλις
3197 2353 3245 2407 δ’
3270 2355 3472 2418 αὐτοὺς
3541 2373 3645 2409 κα-

2059 2445 2254 2516 τέσχον
2277 2443 2442 2510 τινὲς,
2491 2443 3021 2515 συμϐουλεύσαντες,
3051 2446 3198 2518 Τίτῳ
3235 2446 3336 2518 τὴν
3385 2447 3646 2502 ὑπόθεσιν

2059 2535 2366 2590 ἀναθεῖναι.
2402 2536 2494 2590 Ἐν
2539 2536 2618 2608 τῷ
2671 2537 2824 2608 μέσῳ
2879 2537 2936 2591 δέ
2991 2555 3136 2602 τινες
3172 2538 3487 2608 ποιούμενοι
3522 2541 3646 2592 ἐπι-

2063 2627 2202 2698 μελῆ
2259 2627 2356 2681 τοῦ
2422 2626 2754 2699 πράγματος
2803 2629 3056 2702 ζήτησιν,
3106 2623 3272 2702 εὗρον
3307 2631 3368 2684 τὸ
3397 2632 3496 2700 μὲν
3536 2633 3645 2686 τιίν

2071 2719 2344 2774 Ἰουδαίων
2369 2720 2527 2788 γένος
2553 2721 2822 2788 ἀναίτιον,
2851 2724 3120 2794 πονηροὺς
3142 2721 3189 2776 δ’
3224 2722 3549 2794 ἀνθρώπους
3581 2725 3645 2778 τὸ

2060 2812 2225 2884 ἔργον
2251 2813 2632 2884 τολμήσαντας
2657 2814 2746 2868 διὰ
2792 2815 2970 2886 χρεῶν
3010 2817 3284 2884 ἀνάγκας,
3333 2817 3642 2886 οἰηθέντας,

2061 2906 2110 2958 εἰ
2137 2903 2236 2976 τήν
2261 2905 2471 2977 ἀγορὰν
2503 2905 2598 2960 καὶ
2626 2906 2697 2959 τὰ
2726 2907 2967 2978 δημόσια
3016 2913 3377 2981 γραμματεῖα
3423 2911 3645 2982 ἐμπρή-

2061 3013 2238 3063 σειαν,
2265 2997 2408 3062 ἕξειν
2438 2999 2764 3070 ἀπαλλαγὴν
2796 3001 2894 3070 τῆς
2923 3001 3287 3070 εἰσπράξεως.
3319 3003 3408 3056 Ἐν
3430 3003 3644 3067 τούτοις

2059 3089 2118 3144 δὲ
2145 3090 2240 3144 καὶ
2270 3090 2300 3142 ὁ
2327 3091 2487 3154 Τῖτος
2517 3091 2802 3161 ἀφικνεῖτο
2830 3096 2911 3157 εἰς
2948 3095 3308 3166 Ἀντιόχειαν,
3343 3099 3436 3150 καὶ
3469 3097 3496 3149 ὁ
3534 3099 3644 3151 τῶν

375 3190 589 3245 tendum
619 3188 728 3245 illis
756 3198 911 3256 esset,
961 3205 1139 3244 eversa
1192 3197 1290 3254 est,
1335 3205 1500 3261 neque
1530 3189 1672 3244 ullus
1711 3189 1852 3244 locus
1878 3200 1957 3246 est

2073 3180 2393 3253 ’Δντιοχέων
2417 3181 2588 3254 δῆμος
2641 3186 2968 3256 προῡπήντα
3001 3187 3175 3258 αὐτῷ,
3229 3189 3324 3242 καὶ
3353 3191 3593 3259 εὺςρήμει
3627 3205 3642 3221 ο

375 3300 476 3354 quo
531 3283 878 3354 recipiantur.
939 3281 1051 3337 Hac
1101 3281 1473 3352 postulatione
1533 3280 1829 3349 frustrati,
1882 3282 1953 3338 ad

375 3372 533 3426 aliam
567 3381 990 3434 convertuntur,
1026 3381 1278 3442 petentes
1307 3379 1369 3425 ut
1399 3387 1557 3426 aereas
1585 3371 1805 3438 tabulae,
1831 3373 1956 3443 qui-

377 3468 482 3520 bus
507 3465 635 3534 jura
667 3464 897 3521 Iudaica
931 3463 1197 3534 inscripta
1227 3471 1410 3528 erant,
1460 3463 1808 3520 tollerentur.
1844 3464 1952 3520 Sed

377 3573 445 3612 ne
479 3557 532 3612 id
567 3557 793 3628 quidem
821 3557 980 3613 Titus
1009 3557 1304 3624 concessit,
1338 3555 1557 3613 Iudaeos
1581 3557 1953 3612 Antiochcnos

375 3645 562 3701 omnia
593 3661 716 3718 qua
749 3645 905 3717 prius
953 3645 1284 3712 habuerant,
1340 3653 1528 3701 tenere
1566 3661 1781 3716 passus.
1821 3644 1954 3700 Inde

377 3739 763 3795 Alexandriam
787 3737 1159 3809 profecturus,
1183 3752 1308 3794 cum
1328 3735 1706 3810 Hierosolyma
1729 3746 1956 3810 praster-

377 3833 506 3896 iret,
547 3831 843 3886 miseratus
895 3838 981 3886 est
1007 3829 1164 3886 urbis
1205 3830 1510 3896 excidium,
1541 3839 1598 3884 et
1625 3828 1958 3885 defectionis

375 3933 632 3982 auctores
663 3923 830 3996 308
853 3922 1178 3989 detestatus,
1213 3931 1275 3978 ut
1300 3922 1500 3978 excidii
1547 3937 1768 3994 quoque
1805 3921 1960 3978 urbis

377 4017 617 4087 antiqua:
662 4027 720 4072 et
753 4015 936 4072 felicis
973 4025 1251 4081 auctores,
1302 4016 1358 4070 in
1391 4017 1550 4088 cujus
1585 4015 1762 4070 ruinis
1789 4015 1954 4071 etiam

375 4117 563 4179 partes
589 4107 830 4179 ingentis
855 4107 1154 4178 opulentia:
1185 4106 1612 4178 reperiebantur
1640 4125 1652 4160 :
1693 4107 1958 4162 Romanis

376 4200 550 4255 multa
595 4198 1016 4268 effodientihus,
1052 4198 1288 4270 captivis
1318 4199 1477 4272 plura
1527 4197 1960 4256 demonstranti-

375 4293 505 4359 bus,
539 4307 664 4364 quae
695 4306 1044 4364 possessores
1069 4292 1140 4349 ob
1174 4291 1420 4349 incertos
1439 4291 1573 4348 belli
1603 4306 1767 4348 casus
1795 4301 1959 4347 terra:

376 4386 725 4440 mandarant.

2059 3275 2182 3334 ταῖς
2233 3273 2280 3327 δ’
2336 3273 2640 3345 εὐφημίαις
2699 3278 2919 3348 συνεῖρε
2977 3279 3074 3332 καὶ
3123 3280 3330 3350 δέησιν,
3390 3282 3643 3335 ἐκϐαλεῖν

2063 3365 2324 3432 ἀξιοῦσαν
2369 3367 2501 3430 τοὺς
2546 3367 2838 3433 Ἰουδαίους
2873 3369 2973 3438 τῆς
3029 3371 3258 3436 πόλεως.
3321 3372 3378 3427 '0
3424 3373 3482 3426 δὲ
3520 3377 3643 3428 τίτε

2061 3460 2172 3512 τῶν
2194 3458 2505 3529 λεγομένων
2531 3460 2713 3531 ήσυχῆ
2748 3461 3094 3530 κατακούων,
3125 3466 3346 3538 παρῄει.
3375 3467 3646 3538 ’Ὕστερον

2059 3552 2106 3606 δ’
2139 3551 2294 3616 αὖθις
2342 3551 2548 3624 σφόδρα
2595 3553 2844 3624 λιπαρῶς
2903 3557 3244 3627 ἐγκειμένων
3289 3561 3400 3613 τῶν
3431 3563 3644 3614 Ἀντιο-

2060 3645 2244 3715 χέων,
2306 3642 2628 3715 ἐξελαθῆναι
2692 3647 2822 3709 τοὺς
2889 3647 3182 3712 Ἰουδαίους
3232 3652 3330 3720 τῆς
3393 3651 3643 3716 πόλεως,

2070 3735 2234 3790 Ἀλλ’
2258 3735 2296 3805 ἢ
2325 3752 2392 3806 γε
2411 3737 2626 3806 πατρίς
2657 3739 2877 3806 αὐτῶν,
2907 3739 3036 3811 ἔφη,
3075 3743 3163 3806 εἰς
3197 3741 3277 3811 ἣν
3303 3743 3641 3811 ἀναχωρεῖν

2061 3827 2284 3894 αὐτοὺς
2326 3829 2539 3898 ἐχρῆν,
2569 3829 2886 3899 ἀνῄρηται,
2923 3833 3021 3886 καί
3053 3833 3274 3898 δέξαιτ’
3302 3832 3379 3886 ὃν
3422 3836 3646 3902 αὐτοὺς

2062 3922 2266 3989 οὐδεὶς
2297 3923 2386 3978 ἔτι
2426 3923 2632 3989 τόπος.
2676 3924 3072 3996 ’Δποτυχόντες
3098 3923 3191 3979 οὖν
3232 3926 3334 3994 τῆς
3372 3928 3648 3996 αἰτήσεως

2057 4011 2286 4085 ταύτης,
2319 4015 2412 4067 ἐπὶ
2467 4014 2732 4085 δευτέραν
2786 4016 3110 4087 ἐτράποντο,
3165 4019 3260 4073 καὶ
3297 4018 3400 4080 τὰς
3437 4019 3645 4091 χαλκᾶς

2058 4105 2248 4177 ἠξίουν
2303 4105 2522 4170 δέλτους
2577 4107 2957 4180 ἀναιρεθῆναι,
3019 4104 3109 4173 αἶς
3171 4110 3240 4164 τὰ
3303 4110 3489 4165 δίκαια
3537 4110 3646 4164 τῶν

2073 4199 2346 4255 Ἰουδαίων
2393 4201 2726 4273 ἐγέγραπτο.
2763 4201 2906 4256 Ἀλλ’
2943 4201 3068 4256 οὐδὲ
3103 4202 3242 4274 πρὸς
3280 4202 3440 4258 τοῦτο
3486 4203 3645 4266 Τῖτος

2062 4292 2346 4347 ἐπένευσε.
2399 4294 2586 4348 Πάντα
2614 4293 2672 4347 δὲ
2704 4295 2818 4357 τοῖς
2848 4294 2938 4347 ἐπ’
2986 4295 3328 4366 ’Δντιοχείας
3367 4295 3648 4358 Ἰουδαίοις

2064 4385 2272 4450 είασεν,
2301 4384 2379 4449 ὡς
2412 4385 2678 4458 πρότερον
2701 4383 2845 4456 ιῐχον
2875 4387 3031 4443 αύτά.
3063 4387 3235 4450 Αὐτὸς
3272 4387 3318 4442 δ’
3347 4390 3428 4452 εἰς
3457 4387 3651 4454 Ἀλεξ-

376 4483 631 4554 άνδρειαν
663 4483 863 4546 ἀπιὼν,
909 4483 1179 4538 καὶκατὰ
1213 4483 1312 4555 τὴν
1357 4483 1588 4552 πορείαν
1640 4481 1710 4536 rit
1790 4479 2145 4552 Ἰεροσόλυμα
2209 4481 2573 4548 Θεασάμενος,
2633 4481 2868 4554 ᾤκτειρε
2894 4483 2988 4537 τὸν
3011 4484 3114 4556 τῆς
3159 4485 3367 4546 πόλεως
3404 4484 3646 4554 ϐλεθρον,

379 4577 740 4646 ἐπαρώμενος
763 4579 875 4641 τοῖς
899 4577 1096 4642 αἰτίοις
1125 4578 1224 4646 τῆς
1250 4577 1630 4640 ἀποστάσεως,
1663 4575 1738 4639 ὠς
1802 4574 1997 4638 αἰτίοις
2035 4577 2135 4642 τῆς
2163 4575 2264 4646 τῆς
2296 4574 2506 4638 πόλεως
2535 4574 2896 4653 ἐρημώσεως,
2925 4574 3134 4639 πόλεως
3159 4577 3393 4645 ἀρχαίας
3430 4592 3488 4628 τε
3552 4575 3650 4626 καὶ

377 4672 718 4740 εὐδαίμονος.
777 4670 1108 4741 Εὖρίσκοντο
1161 4669 1207 4722 δ’
1243 4669 1322 4722 ἔτι
1367 4671 1470 4724 κάν
1520 4672 1632 4730 τοῖς
1690 4668 1954 4739 ἐρειπίοις
1993 4668 2202 4734 αὕτοῖς,
2247 4666 2387 4736 μέρη
2433 4664 2527 4720 τοῢ
2592 4665 2899 4736 βαθυτάτου
2931 4667 3166 4721 πλούτου
3211 4667 3404 4736 αὐτῆς.
3471 4667 3649 4722 Πολλὰ

381 4766 481 4830 μὲν
512 4759 620 4830 γὰρ
656 4760 702 4812 οἰ
767 4758 1030 4828 Ῥωμαῖοι
1083 4760 1448 4822 ἀνέσκαπτον,
1502 4760 1568 4812 τὰ
1607 4759 1779 4811 πλείω
1820 4759 1878 4811 δὲ
1942 4759 1991 4812 οἰ
2033 4758 2376 4828 αἰχμάλωτοι
2413 4757 2787 4824 ὑπεδείκνυον,
2830 4757 2976 4832 ἅπερ
3021 4761 3072 4814 οί
3136 4759 3463 4831 κεκτημένοι
3507 4763 3650 4834 πρὶς

377 4856 478 4918 τὰς
529 4850 760 4921 ἀδήλους
819 4849 916 4904 τοῦ
963 4847 1204 4921 πολέμου
1258 4851 1431 4922 ροπάς
1479 4852 1622 4906 κατὰ
1672 4851 1779 4922 γῆς
1825 4851 2210 4924 ἐθησαυρίζον.
2466 4895 2470 4898 .
3583 4889 3590 4894 .

449 4946 686 5004 XXVIII.
728 4945 890 5002 Titus
931 4961 1000 5003 ex
1037 4943 1275 5019 Egypto
1308 4955 1366 5004 et
1389 4946 1722 5004 Alexandria
1753 4947 1810 5003 in
1842 4946 1954 5002 Ita-

2131 4948 2266 5002 KII'.
2292 4948 2452 5011 Τῖτος
2493 4945 2542 5000 δ’
2576 4948 2664 5002 ἐπ’
2701 4947 2984 5018 Αἴγυπτον
3024 4946 3338 5020 πορευθεὶς,
3368 4950 3466 5003 καὶ
3507 4967 3646 5003 κατ-

376 5045 506 5100 liam
558 5038 954 5112 navigaturus,
997 5040 1339 5111 captivorum
1391 5040 1562 5096 duces
1600 5039 1866 5095 Joannem
1897 5048 1956 5094 et

377 5138 656 5190 Simonem
686 5171 701 5195 ,
733 5141 896 5202 atque
938 5131 1076 5187 alios
1114 5130 1492 5202 septingentos
1520 5131 1670 5188 viros
1713 5131 1958 5202 proceri-

379 5239 488 5284 tate
537 5236 594 5283 et
635 5224 905 5297 elegantia
935 5237 1231 5294 corporum
1266 5233 1588 5294 praestantes
1611 5266 1627 5290 ,
1679 5227 1866 5281 statim
1898 5225 1956 5281 in

375 5321 583 5377 Italiam
617 5319 744 5374 duci
772 5317 972 5391 jussit,
1019 5316 1086 5372 ad
1128 5317 1452 5388 explendam
1489 5319 1754 5390 triumphi
1799 5335 1956 5390 pom-

2065 5043 2310 5112 αντήσας
2344 5042 2428 5105 είς
2469 5041 2912 5114 Ἀλεξάνδρειαν,
2949 5040 3210 5096 κάκεῖθεν
3233 5040 3389 5094 πλεῖν
3427 5042 3520 5095 ἐπὶ
3547 5041 3649 5114 τήν

2064 5133 2300 5190 Ἰταλίαν
2349 5134 2584 5207 μέλλων,
2627 5134 2736 5189 τῶν
2777 5133 3145 5206 αἰχμαλώτων
3186 5133 3317 5198 τοὺς
3369 5134 3650 5206 ἡγεμόνας

2078 5227 2334 5300 Ἰωάννην
2384 5226 2482 5282 καὶ
2521 5227 2767 5298 Σίμωνα,
2801 5226 2897 5281 καὶ
2927 5225 3123 5290 ἄλλους
3164 5226 3365 5297 ἄνδρας
3411 5228 3651 5282 ἐπτακοο

2071 5317 2222 5382 σίους
2255 5317 2478 5389 μεγέθει
2512 5334 2575 5372 τε
2611 5318 2710 5374 καὶ
2739 5316 2929 5373 κάλλει
2963 5318 3216 5388 σώματος
3239 5318 3648 5390 διαπρέποντας

376 5429 522 5484 pam.
563 5413 689 5468 Tito
716 5406 940 5467 Romam
972 5425 1215 5477 reverso,
1252 5407 1454 5466 Lucius
1500 5412 1700 5468 Bassus
1754 5424 1958 5484 praetor

2068 5412 2146 5473 εἰς
2186 5410 2287 5480 τὴν
2337 5409 2572 5464 Ἰταλίαν
2615 5409 2818 5464 αὐτίκα
2865 5407 3012 5480 μάλα
3054 5409 3344 5464 ἐκέλευσεν
3393 5410 3647 5478 ἄγεσθαι,

377 5507 433 5560 ia
492 5505 735 5562 Judmam
798 5504 997 5560 missus
1028 5544 1043 5567 ,
1101 5503 1326 5558 castello
1383 5501 1622 5558 Herodio
1675 5503 1957 5561 deditione

379 5604 560 5666 rapto,
595 5611 784 5650 omnes
811 5599 932 5666 ejus
956 5594 1253 5666 provinciis
1279 5595 1466 5664 copias
1498 5603 1690 5651 contra
1739 5595 1959 5654 Machae-

382 5695 602 5738 runtem
655 5685 938 5739 castellum
985 5683 1414 5740 munitissimum
1452 5696 1624 5756 parat.
1670 5687 1764 5742 Est
1808 5689 1957 5744 enim

384 5777 437 5828 in
491 5783 712 5844 petroso
769 5776 981 5830 tumulo
1032 5775 1238 5843 situm,
1279 5778 1555 5835 moenibus
1617 5780 1908 5852 obseptum
1939 5823 1955 5848 ,

2065 5501 2134 5556 ἶν’
2169 5503 2228 5555 ἐν
2257 5502 2334 5573 τῷ
2361 5501 2616 5572 Θριάμϐῳ
2642 5502 2978 5572 πληρώσωσι
3009 5501 3108 5574 τήν
3139 5507 3390 5574 πομπήν.
3417 5505 3572 5558 Μετὰ
3588 5504 3648 5559 δὲ

2067 5591 2168 5663 τήν
2196 5596 2277 5656 εἰς
2316 5591 2537 5664 Ῥώμην
2575 5593 2670 5646 τοῦ
2702 5593 2866 5646 Τίτου
2892 5592 3075 5664 ἄφιξιν
3107 5593 3382 5664 πεμφθεὶς
3406 5612 3648 5664 στρατη-

2067 5686 2164 5755 γὸς
2218 5687 2300 5747 εἰς
2361 5673 2619 5741 Ἰουδαίαν
2675 5686 2906 5751 Λούκιος
2952 5686 3184 5750 Βάσσος,
3227 5686 3290 5740 τὸ
3341 5687 3439 5756 μὲν
3482 5689 3542 5742 ἐν
3570 5688 3650 5757 τῷ

2079 5777 2329 5850 Ἡρωδίῳ
2385 5778 2652 5851 φρούριον
2719 5778 2859 5849 μετά
2925 5777 3034 5832 τῶν
3101 5779 3447 5850 κατεχόντων
3512 5779 3647 5834 αὐτὸ

386 5869 570 5932 itaque
625 5884 653 5921 a
714 5879 905 5923 natura
949 5876 1200 5936 paratum
1229 5909 1242 5936 ,
1279 5879 1336 5927 ut
1364 5886 1463 5928 nec
1507 5885 1762 5931 accessus
1818 5873 1958 5940 inid

2073 5873 2474 5930 ποοτπνάνετο.
2513 5866 2647 5928 Εἶτα
2679 5873 2792 5928 πᾶν
2840 5874 2962 5930 ὅσον
2991 5866 3060 5927 ἦν
3099 5872 3216 5928 ἐκεῖ
3249 5873 3646 5934 στρατιωτικὸν
