4060 6454
369 409 465 473 5'17

1666 417 2069 477 ANNALIUM
2113 420 2265 484 LIB.
2304 422 2407 485 VI.

3515 426 3622 491 538

371 525 715 594 συναγαγὼν,
761 526 852 581 ἐπὶ
882 526 1275 597 Μαχαιροῦντα
1316 528 1625 601 στρατεύει.
1659 524 1765 584 Ἦν
1793 532 1848 586 δὲ
1879 531 1939 585 τὸ

2073 542 2230 588 >ateat
2254 574 2269 600 ,
2303 535 2592 605 profundis
2623 538 2856 593 vallibus
2884 546 3140 610 tanquam
3174 540 3334 599 fossis
3357 544 3624 599 cinctum.

280 627 286 633 ‘
369 618 626 688 φρούριον
660 617 821 671 τοῦτο
857 617 979 671 λίαν
1011 619 1338 685 δυσάλωτον,
1378 620 1661 693 πετρώδης
1681 622 1758 675 ὢν
1782 622 1942 688 ὄχθος

372 711 778 781 τετειχισμένος
797 727 812 742 ο
845 710 988 765 οὕτω
1010 711 1055 764 δ’
1083 711 1185 765 ὑπὸ
1212 712 1311 783 τῆς
1343 712 1561 780 φύσεως
1601 698 1942 769 κατεσκεύα-

370 820 483 867 στο,
514 802 591 867 ὡς
621 802 759 874 μηδὲ
790 803 1047 873 προσιτὸς
1092 799 1230 857 εἶναι
1259 821 1270 835 ·
1310 805 1553 874 φάραγξι
1588 806 1695 875 γὰρ
1744 807 1943 861 πάντο-

371 895 459 947 θεν
495 894 745 964 βαθείαις
779 895 1169 967 ὲτετάφρευτο.
1209 898 1367 951 Οῦτω
1397 897 1773 969 δ’όχυρότητος
1801 898 1941 969 ἔχον,

369 1006 402 1040 κ
423 991 465 1042 vi.
503 989 779 1059 βασίλειον
802 985 949 1060 εῖχεν
981 990 1135 1052 ἐντὸς
1162 991 1381 1058 μεγέθει
1414 1009 1470 1044 τε
1501 992 1594 1045 καὶ⁵
1620 991 1808 1045 κάλλει
1837 994 1944 1056 τῶν

369 1082 640 1151 οίκήσεων
675 1081 1013 1152 θαυμαστὸν,
1062 1082 1260 1145 πολλὰς
1294 1084 1350 1135 δὲ
1382 1083 1476 1136 καὶ
1522 1083 1823 1151 δεξαμένας
1867 1085 1945 1146 είς

371 1174 641 1244 ὑποδοχὴν
671 1172 864 1236 ὕδατος
898 1175 957 1227 ἐν
992 1177 1103 1238 τοῖς
1138 1175 1600 1244 ἐπιτηδειοτάτοις
1621 1175 1731 1227 τῶν
1762 1175 1946 1229 τόπων

371 1267 655 1333 ἐκέκτητο.
691 1268 835 1336 Πρὸς
884 1267 939 1320 δὲ
993 1269 1106 1330 τοῖς
1149 1267 1330 1330 ἄλλοις
1383 1268 1443 1321 ὲν
1498 1269 1609 1333 τοῖς
1654 1270 1947 1339 βασιλείοις

371 1361 468 1415 καὶ
498 1363 743 1431 πήγανον
765 1355 856 1431 ἦν,
880 1361 1030 1428 ἄξιον
1059 1362 1146 1415 διὰ
1176 1361 1403 1432 μέγεθος
1434 1362 1749 1433 θαύματος*
1775 1365 1948 1434 συκῆς

369 1453 477 1521 γόρ
509 1451 633 1505 οὐδὲ
665 1453 795 1522 μιᾶς
830 1450 1001 1522 ὕψους
1027 1438 1120 1506 κάι
1154 1452 1366 1523 πάχους
1397 1453 1679 1509 ἐλείπετο’
1720 1455 1878 1524 λόγος
1903 1455 1948 1509 δ’

370 1541 440 1614 ἦ)
500 1545 610 1598 ἀπὸ
649 1545 758 1598 τῶν
804 1542 1047 1615 Ἡρώδου
1090 1546 1300 1616 χρόνων
1331 1545 1465 1600 αὐτὸ
1507 1547 1818 1619 διαρκέσαι,
1856 1549 1952 1602 καὶ.

370 1638 395 1689 ὲ
413 1636 467 1686 πὶ
491 1636 737 1690 πλεῖστον
771 1636 904 1698 ἴσως
942 1634 1156 1704 ἔμεινεν
1187 1636 1276 1701 ἂν,
1305 1638 1355 1691 εί
1382 1637 1459 1707 μὴ
1494 1638 1599 1692 ὑπὸ
1627 1620 1736 1691 τῶν
1766 1657 1952 1710 παρα·-

368 1727 649 1808 λαὸόντων
682 1727 776 1780 τὸν
805 1727 972 1781 τόπον
1005 1726 1279 1782 Ἰουδαίων
1303 1729 1630 1786 ἐκκέκοπτο.
1668 1733 1759 1785 Ἐν
1796 1732 1854 1785 δὲ
1884 1734 1949 1801 τῇ

369 1836 407 1872 κ
431 1817 514 1871 κτὰ
548 1817 641 1888 τὴν
677 1817 879 1889 ἄρκτον
913 1819 1008 1872 τοῦ
1051 1821 1314 1890 φρουρίου
1343 1822 1588 1893 φάραγγι
1622 1823 1953 1894 ὀνομάξεταί

368 1930 453 1974 τις
483 1910 646 1973 τόπος
675 1910 850 1982 Βαὰρ,
880 1912 974 1964 καὶ
1005 1911 1130 1979 φύει
1160 1911 1316 1984 ῥίζαν
1350 1913 1660 1985 ὁμωνύμως
1686 1917 1955 1987 καλουμέ-

373 2021 476 2072 νην
506 2001 677 2073 αὐτῷ.
709 2001 860 2073 Αὕτη
899 2003 1057 2073 φλογὶ
1095 2004 1198 2074 μὲν
1244 2005 1387 2059 ἔοικε
1426 2006 1526 2077 τὴν
1556 2008 1782 2079 χροιάνο
1825 2010 1956 2080 περὶ

371 2095 553 2157 δὲτὰς
590 2093 834 2165 ἑσπέρας
871 2094 1028 2158 σέλας
1066 2095 1450 2167 άπαστράπτει
1485 2111 1499 2126 ⁶
1529 2100 1645 2162 τοῖς
1678 2096 1735 2151 δὲ
1769 2097 1956 2168 βουλο-

377 2187 563 2259 μένοις
605 2186 793 2240 λαϐεῖν
844 2185 1014 2256 αὐτὴν
1063 2187 1164 2240 οὐκ
1216 2186 1365 2242 ἔστιν
1424 2188 1775 2261 εὐχείρωτος,
1840 2189 1957 2245 ἀλλ’

375 2278 707 2346 ὑποφεύγει,
744 2279 844 2332 καὶ
881 2279 944 2332 οὐ
996 2280 1264 2351 πρότερον
1309 2280 1552 2348 ἵσταται,
1591 2282 1722 2353 πρὶν
1774 2283 1841 2338 ἄν
1874 2300 1957 2348 τις

375 2368 541 2442 οὖρον
571 2371 830 2438 γυναικὸς
858 2372 890 2443 ἢ
917 2371 978 2425 τὸ
1023 2365 1162 2442 αἷμα
1198 2372 1260 2425 τὸ
1294 2372 1549 2443 ἔμμηνον
1581 2376 1828 2448 καταχέῃ
1857 2377 1957 2431 αὖ·

374 2467 504 2535 τῇς,
545 2466 638 2517 καὶ
677 2463 799 2517 τότε
831 2463 887 2517 δὲ
916 2467 1030 2527 τοῖς
1059 2464 1363 2535 ἁψαμένοις
1397 2466 1629 2530 θάνατός
1667 2469 1784 2522 ὲστι
1826 2487 1961 2540 προ-

377 2556 579 2626 φανὴς.
621 2556 671 2608 εί
702 2556 778 2628 μή
806 2552 946 2627 τύχη
989 2574 1074 2620 τις
1116 2557 1288 2630 αὐτὴν
1317 2559 1538 2630 ἐκείνην
1572 2561 1959 2632 ἀπενεγκάμε-

377 2665 474 2709 νος
497 2648 593 2718 τὴν
621 2648 780 2720 ῥίζαν
810 2649 1210 2719 ἀπηρτημένην
1244 2651 1307 2703 ἐκ
1335 2651 1436 2721 τῆς
1474 2651 1679 2722 χειρός.
1718 2652 1963 2706 Ἀλίσκε-

377 2759 474 2794 ται
507 2740 563 2794 δὲ
603 2744 697 2794 καὶ
746 2739 868 2795 καθ’
912 2741 1103 2812 ἓτερον
1143 2741 1345 2811 τρόπον
1389 2743 1708 2805 ἀκινδύνως.
1759 2744 1963 2815 Κύκλῳ

379 2834 498 2904 γὰρ
525 2833 693 2902 αὐτὴν
725 2832 1205 2903 περιορύσσουσιν,
1242 2835 1317 2895 ὡς
1346 2829 1487 2888 εἶναι
1524 2838 1590 2906 τῇ
1617 2838 1687 2907 γῇ
1717 2836 1963 2906 κρυπτόο

385 2946 552 3000 μενον
582 2926 684 2995 τῆς
716 2925 871 2996 ῥίζης
902 2925 1262 2995 βραχύτατον,
1295 2925 1393 2980 εἶτ’
1423 2926 1480 2994 ἐξ
1512 2928 1679 2997 αὐτῆς
1705 2928 1965 2982 ἀποδοῦσι

384 3018 550 3076 κύνα,
587 3016 845 3069 κάκείνου
878 3015 956 3086 τῷ
984 3016 1209 3087 δήσαντι
1242 3017 1664 3071 συνακολουθεῖν
1690 3019 1969 3088 ὁρμήσαν-

382 3128 502 3174 τἰς.
543 3110 576 3178 ἡ
619 3108 719 3179 μὲν
752 3109 1063 3162 ἀνασπᾶται
1103 3110 1337 3179 ῥᾳδίωςο
1389 3109 1616 3181 θνήσκει
1655 3110 1699 3163 δ’
1725 3112 1889 3173 εὐθὺς
1940 3112 1969 3164 ὁ

1987 1875 2027 1931 Β

2043 626 2233 697 Neque
2260 644 2392 684 vero
2422 630 2728 686 munitione
2757 633 3053 698 duntaxat,
3086 635 3181 689 sed
3213 650 3267 690 et
3291 638 3361 692 ob
3390 640 3626 709 regiam,

2044 718 2426 787 magnitudine
2484 730 2539 775 et
2593 721 2865 792 elegantia
2914 724 3259 780 conclavium
3316 728 3627 799 insignem,

2045 810 2429 865 admirandum
2456 811 2580 875 fuit,
2634 823 2692 868 et
2732 816 2930 870 multas
2962 817 3231 873 cisternas
3255 819 3466 874 idoneis
3494 822 3630 875 locis

2046 901 2112 955 ad
2169 902 2407 971 pluviam
2454 919 2650 973 aquam
2703 907 3080 976 excipiendam
3121 909 3332 964 habuit.
3384 912 3441 965 ln
3484 912 3629 981 regia

2048 1008 2268 1063 quoque
2328 1003 2447 1047 ruta
2482 995 2587 1049 fuit
2644 997 2798 1052 mira:
2851 999 3284 1068 magnitudinis,
3342 1003 3490 1057 nulla
3524 1006 3627 1056 licu

2045 1084 2134 1138 vel
2192 1083 2483 1138 altitudine
2530 1086 2617 1139 vel
2672 1088 3039 1143 crassitudine
3097 1089 3351 1156 inferior,
3405 1109 3526 1161 quae
3565 1093 3634 1148 ab

2048 1176 2281 1231 Ilerodis
2314 1177 2545 1233 durasse
2591 1180 2931 1248 temporibus
2967 1180 3251 1236 ferebatur
3286 1199 3301 1236 :
3342 1192 3399 1237 et
3431 1183 3635 1254 longis-

2049 1269 2188 1325 simo
2222 1269 2405 1324 forsan
2437 1279 2684 1339 tempore
2715 1272 3038 1337 mansisset,
3072 1274 3179 1328 nisi
3205 1291 3235 1329 a
3264 1275 3471 1330 Judzcis
3493 1315 3506 1340 ,
3541 1275 3636 1346 qui

2048 1362 2230 1417 locum
2261 1362 2414 1416 illum
2445 1372 2814 1431 occuparant,
2841 1364 3023 1419 excisa
3050 1364 3269 1422 fuisset.
3333 1365 3394 1420 In
3425 1366 3637 1420 οιιειυιιί

2049 1454 2191 1509 valle
2237 1454 2656 1523 septentrionali
2702 1454 2842 1509 Baar
2892 1455 3051 1511 locus
3082 1465 3205 1520 est,
3243 1458 3338 1526 qui
3395 1457 3636 1511 radicem

2051 1546 2515 1616 gignit.ejusdem
2568 1547 2847 1613 nominis,
2879 1548 3064 1603 colore
3115 1546 3372 1602 ﬂammeo
3421 1546 3636 1618 vesperi

2048 1638 2211 1709 jubar
2235 1637 2509 1708 quoddam
2555 1639 2956 1709 ejaculantem,
3005 1640 3103 1697 sed
3160 1648 3321 1710 captu
3376 1640 3637 1698 diﬂicilli-

2054 1745 2222 1784 mam.
2275 1727 2495 1799 Refugit
2525 1729 2672 1785 enim
2698 1770 2714 1794 ,
2749 1746 2929 1801 neque
2960 1732 3113 1797 prius
3144 1732 3437 1795 consistit,
3473 1746 3639 1802 quam

2056 1822 2273 1877 urinam
2307 1821 2559 1877 mulieris
2586 1863 2601 1888 ,
2633 1828 2728 1877 aut
2774 1823 3096 1893 sanguinem
3156 1833 3497 1879 menstruum
3555 1823 3639 1878 af~

2058 1916 2268 1971 fuderis
2309 1930 2418 1970 :ac
2442 1921 2560 1969 tum
2610 1930 2733 1970 eam
2777 1916 3180 1986 attingentibus
3230 1916 3454 1972 indubia
3497 1931 3644 1971 mors

2056 2008 2327 2073 imminet,
2358 2007 2463 2063 nisi
2494 2007 2618 2078 quis
2651 2023 2773 2062 eam
2813 2008 3055 2064 radicem
3099 2008 3170 2063 de
3201 2023 3368 2069 manu
3408 2024 3646 2079 suspen-

2058 2118 2173 2159 sam
2215 2099 2525 2157 abstulerit.
2579 2099 2813 2170 Capitur
2860 2098 3027 2155 etiam
3074 2099 3181 2154 alia
3239 2099 3452 2154 ratione
3508 2100 3647 2155 citra

2057 2192 2385 2264 periculum.
2413 2192 2549 2247 Nam
2609 2191 2852 2261 undique
2896 2206 3018 2246 eam
3073 2191 3543 2256 circumfodiunt,
3588 2200 3649 2246 ut

2059 2284 2180 2355 ejus
2203 2298 2367 2353 quam
2407 2283 2698 2337 minimum
2730 2292 2876 2337 terra
2919 2292 3135 2353 tegatur
3173 2300 3186 2336 :
3218 2282 3423 2337 deinde
3453 2296 3645 2337 canem

2061 2376 2112 2432 ei
2171 2375 2432 2445 alligant,
2489 2376 2583 2443 qui
2641 2390 2765 2429 cum
2820 2373 3108 2429 dominum
3176 2389 3339 2428 suum
3398 2373 3649 2434 comitari

2062 2467 2216 2537 cupit
2240 2507 2253 2527 .
2288 2466 2375 2520 illa
2402 2466 2659 2521 facillime
2698 2466 2885 2521 evulsa
2916 2507 2932 2530 ,
2964 2466 3147 2529 statim
3189 2467 3423 2520 moritur
3456 2483 3469 2519 :
3501 2466 3649 2520 acci—

2061 2559 2343 2632 pientibus
2374 2573 2504 2613 vero
2534 2574 2656 2611 eam
2682 2566 2841 2627 post,
2869 2556 3011 2611 nihil
3044 2565 3128 2612 est
3151 2557 3397 2626 periculi.
3431 2555 3654 2626 Expeti-

2064 2660 2154 2706 tur
2182 2661 2365 2705 autem
2398 2648 2470 2703 ob
2500 2665 2667 2703 unam
2707 2650 2995 2703 virtutem.
3050 2648 3184 2703 Nam
3220 2664 3342 2719 qua:
3381 2647 3653 2702 daamonia

2063 2749 2349 2800 vocantur,
2378 2749 2435 2793 ct
2461 2739 2723 2808 quosdam
2764 2738 3012 2801 intrant,
3047 2738 3095 2793 si
3149 2739 3313 2794 modo
3335 2737 3655 2809 aegrotanti-

2065 2832 2172 2887 bus
2237 2830 2615 2895 admoveatur,
2674 2828 2836 2885 facile
2906 2830 3152 2899 expellit.
3234 2829 3290 2883 Id
3366 2829 3656 2883 castellum

2066 2923 2269 2979 Bassus
2294 2921 2546 2991 subigere
2597 2921 2763 2991 309
2815 2918 3077 2989 cupiens,
3107 2920 3302 2974 vallem
3330 2918 3655 2973 orientalem

2068 3024 2287 3085 aggesta
2342 3022 2485 3067 terra
2519 3012 2742 3081 explere
2788 3011 3049 3067 instituit.
3114 3010 3288 3066 Judaei
3341 3009 3594 3075 obsessi,
3625 3024 3657 3063 a

2070 3104 2376 3179 peregrinis
2400 3104 2631 3173 separati
2661 3145 2676 3169 ,
2709 3104 2833 3159 illos
2865 3103 2919 3157 in
2962 3102 3099 3157 urbe
3133 3102 3393 3157 inferiore
3435 3116 3659 3155 manere

385 3201 561 3256 κύων.
608 3199 773 3269 φόϐος
805 3198 850 3253 δ’
888 3200 1064 3262 οὐδεὶς
1096 3201 1213 3260 τοῖς
1263 3200 1403 3271 μετὰ
1442 3201 1616 3254 ταῦτα
1648 3201 1961 3273 λαμϐάνου-

2073 3205 2411 3266 coegerunt:
2454 3195 2708 3264 superius
2748 3194 3027 3249 castellum
3065 3192 3168 3261 ipsi
3215 3202 3554 3256 tenuerunt,
3592 3205 3657 3246 ac

388 3307 499 3342 σιν.
531 3290 687 3342 Ἔστι
707 3288 766 3341 δὲ
794 3288 881 3342 διὰ
907 3287 1039 3358 μίαν
1066 3289 1220 3358 ίσχὺν
1244 3289 1731 3360 περισπούδαστος.
1757 3292 1839 3345 Τὰ
1862 3292 1972 3364 γὰρ

387 3380 709 3450 καλούμενα
743 3379 1000 3449 δαιμόνια
1038 3380 1131 3432 καί
1154 3396 1296 3433 τισιν
1325 3381 1669 3450 εἰσδυόμενα,
1701 3383 1841 3454 αὐτὴ
1873 3400 1975 3437 τα·-

390 3475 538 3545 χέως
565 3471 868 3537 ἐξελαύνει,
902 3472 1008 3524 κᾶν
1038 3471 1201 3541 μόνον
1232 3473 1345 3534 τοῖς
1369 3472 1585 3527 νοσοῦσι
1615 3475 1974 3547 προσενεχθῇ.
2002 3508 2007 3511 ‹

390 3563 572 3621 Τοῦτο
600 3563 661 3617 τὸ
700 3564 964 3633 φρούριον
1001 3563 1029 3616 ὁ
1058 3562 1266 3628 Βάσσος
1290 3566 1755 3636 παραστήσασθαι
1784 3566 1975 3631 θέλων,

388 3658 496 3728 τὴν
536 3657 673 3728 πρὸς
713 3654 979 3719 ἀνατολὰς
1012 3655 1175 3710 αὐτοῦ
1210 3656 1475 3729 φάραγγα
1520 3660 1696 3727 χῶσαι
1741 3660 1976 3713 ἀπεπειο

396 3753 556 3824 ρᾶτο.
580 3750 643 3804 Οί
668 3747 715 3803 δ’
738 3746 1203 3819 ἐναπειλημμένοι
1225 3748 1333 3802 τῶν
1372 3749 1667 3816 Ἰουδαίων,
1693 3751 1845 3806 ἔνδον
1869 3751 1979 3806 ἀπὸ

390 3843 508 3898 τῶν
535 3843 703 3907 ξένων
728 3840 1128 3912 διακριθέντες,
1160 3841 1405 3905 ἐκείνους
1437 3841 1537 3911 μὲν
1571 3843 1894 3913 ἠνάγκασαν
1922 3846 1980 3899 ἐν

391 3939 463 4005 τῇ
491 3936 641 3989 κάτω
668 3933 820 3986 πόλει
847 3932 1214 4004 παραμένειν,
1237 3932 1300 3986 τὺ
1326 3932 1370 3986 δ’
1399 3933 1511 3988 ἄνω
1542 3935 1804 4007 φρούριον
1832 3932 1980 4010 εἶχον

394 4028 578 4086 αὐτοί.
628 4024 946 4080 Ἐποιοῦντο
973 4024 1159 4094 μέντοι
1184 4024 1286 4089 τὰς
1312 4026 1528 4091 ἐξόδους
1556 4027 1858 4099 προθύμως
1876 4029 1983 4083 ἀνὰ

398 4121 585 4173 πᾶσαν
639 4117 878 4189 ἡμέραν,
924 4115 1020 4170 καὶ
1065 4118 1182 4181 τοῖς
1231 4116 1457 4187 τυχοῦσι
1513 4119 1981 4189 συμπλεκόμενοι,

397 4211 591 4266 πολλοὶ
627 4212 727 4281 μὲν
750 4208 1037 4279 ἔθνησκον,
1069 4209 1302 4273 πολλοὺς
1326 4209 1384 4262 δὲ
1412 4210 1520 4264 τῶν
1559 4211 1850 4280 Ῥωμαίων
1886 4212 1981 4265 ἀν-

399 4306 595 4377 ¹ᾕρουν,
627 4300 928 4364 πονοῦντας
976 4300 1071 4354 ἐπὶ
1111 4302 1224 4363 τοῖς
1271 4299 1544 4370 χώμασιν.
1602 4300 1699 4353 Ἐκ
1733 4300 1790 4355 δέ
1837 4317 1983 4365 τινος

402 4394 702 4465 συντυχίας
751 4395 784 4461 ἡ
834 4393 930 4445 τοῦ
978 4392 1243 4462 φρουρίου
1284 4392 1584 4462 παράδοσις
1624 4393 1840 4462 γέγονε,
1890 4393 1985 4446 καὶ

400 4492 516 4544 τῶν
545 4487 821 4558 χωμάτων
850 4484 1043 4557 χωρίς.
1073 4484 1312 4548 Νεανίας
1337 4502 1421 4548 τις
1445 4480 1512 4556 ἦν
1539 4487 1596 4538 ὲν
1628 4488 1744 4549 τοῖς
1778 4485 1989 4556 πολιορ-

2078 3289 2250 3345 nihilo
2287 3287 2466 3342 secius
2508 3285 2858 3356 quotidianas
2905 3286 3224 3355 eruptiones
3276 3283 3566 3346 fecerunt,
3605 3294 3663 3338 et

2079 3397 2205 3436 cum
2234 3379 2416 3434 obviis
2458 3379 2735 3448 congressi
2772 3386 2926 3434 sunt.
2978 3379 3090 3432 l\'ec
3123 3377 3367 3447 ipsorum
3399 3375 3664 3430 duntaxat

2080 3471 2239 3528 multi
2269 3470 2575 3542 perierunt,
2607 3469 2705 3525 sed
2742 3480 2799 3525 et
2825 3470 3103 3548 Romanos
3134 3468 3338 3522 mullos
3367 3466 3421 3520 in
3453 3466 3665 3536 aggeri-

2080 3567 2186 3625 bus
2244 3568 2560 3622 laborantes
2613 3565 2957 3621 occiderunt.
3011 3564 3154 3619 Casu
3203 3572 3383 3618 tamen
3424 3560 3663 3629 quodam

2080 3661 2286 3718 factum
2317 3670 2404 3716 est
2424 3701 2440 3725 ,
2464 3667 2528 3714 ut
2555 3659 2841 3713 castellum
2877 3658 2996 3713 sine
3031 3656 3323 3727 aggeribus
3347 3654 3665 3709 dederetur.

2080 3752 2231 3807 Inter
2285 3750 2538 3807 obsessos
2588 3748 2912 3804 adolescens
2958 3747 3065 3802 fuit
3109 3747 3443 3809 Eleazarus,
3480 3745 3667 3799 animo

2083 3839 2409 3905 conlidens,
2453 3848 2512 3894 et
2562 3853 2728 3893 manu
2773 3847 3073 3903 strenuus,
3119 3835 3214 3905 qui
3268 3834 3530 3905 populum
3600 3832 3667 3887 ad

2082 3930 2406 4000 eruptiones
2444 3936 2502 3985 et
2545 3943 2799 4000 aggerem
2849 3924 3251 3998 prohibendum
3292 3922 3503 3978 hortari
3532 3921 3668 3976 soli-

2087 4032 2206 4087 tus,
2239 4022 2293 4077 in
2325 4020 2526 4092 praeliis
2555 4020 2961 4075 illustrissimus
2985 4024 3272 4082 evaserat,
3300 4012 3669 4080 Romanisque

2085 4113 2289 4169 multas
2339 4112 2525 4168 clades
2586 4110 2867 4166 intulerat.
2936 4107 3246 4179 Aliquando
3298 4115 3483 4161 autem
3543 4118 3668 4159 cum

2086 4205 2274 4275 praelio
2296 4203 2570 4272 dirempto
2601 4210 2752 4258 extra
2784 4212 2974 4273 portas
3001 4217 3127 4257 cum
3162 4201 3230 4256 iis
3269 4199 3363 4270 qui
3408 4199 3463 4253 in
3498 4213 3663 4253 muro

2088 4305 2249 4350 erant
2319 4295 2770 4365 colloqueretur,
2835 4293 3015 4349 Rufus
3093 4292 3315 4363 quidam
3393 4289 3673 4345 Romanus

2089 4387 2250 4442 miles
2277 4428 2291 4452 ,
2323 4401 2524 4457 genere
2551 4384 2840 4458 Egyptius
2860 4426 2875 4452 ,
2903 4385 3088 4441 subito
3119 4384 3390 4445 accurrit,
3422 4393 3479 4437 et
3519 4382 3674 4437 Elea-

2091 4493 2279 4532 zarum
2329 4493 2454 4532 cum
2518 4476 2652 4548 ipsis
2707 4477 2876 4532 armis
2936 4476 3263 4540 sublatum,
3303 4474 3557 4529 celeriter
3617 4472 3676 4527 in

402 4582 724 4653 κουμένοις,
758 4580 935 4651 τόλμῃ
977 4578 1206 4648 θρασὺς,
1251 4579 1516 4631 καὶκατὰ
1559 4581 1720 4651 χεῖρα
1747 4578 1972 4649 δραστή-

2093 4579 2275 4627 castra
2341 4571 2717 4626 Romanorum
2782 4567 3058 4623 transfert.
3116 4567 3288 4634 Quem
3370 4581 3495 4621 cum
3564 4564 3677 4618 dux

412 4692 553 4747 ριος,
600 4672 867 4741 Ἐλεάζαρ
901 4670 1261 4740 καλούμενος,
1302 4668 1361 4732 ὃς
1387 4669 1590 4735 ἐξιέναι
1630 4671 1724 4722 καὶ
1761 4669 1993 4724 κωλύειν

407 4769 512 4839 τὴν
543 4766 713 4838 χῶσιν
756 4762 1096 4833 παρακαλῶν
1122 4762 1249 4824 τοὺς
1279 4761 1530 4829 πολλοὺς,
1558 4763 1616 4816 ὲν
1641 4765 1763 4825 ταῖς
1793 4761 1998 4834 μάχαις

409 4854 847 4923 ἐπιφανέστατος
877 4851 1091 4919 γέγονε,
1126 4849 1297 4902 πολλὰ
1319 4851 1446 4913 τοὺς
1488 4848 1795 4920 Ῥωμαίους
1826 4850 1996 4903 διατι-

413 4945 552 5009 θείς.
596 4943 705 4998 Καί
731 4959 862 4996 ποτε
897 4941 998 5009 τῆς
1032 4941 1215 5010 μάχης
1239 4939 1640 5010 διακριθείσης,
1672 4940 1835 5003 αὐτὸς
1872 4939 1996 5010 μεί-

413 5056 514 5102 νας
544 5037 651 5104 ἔξω
695 5035 804 5090 τῶν
852 5032 1063 5097 πυλῶν,
1092 5035 1207 5096 τοῖς
1251 5032 1344 5085 ἐπὶ
1378 5030 1472 5085 τοῦ
1510 5032 1727 5101 τείχους
1770 5028 1995 5100 ὡμίλει.

426 5130 658 5198 Ῥοῦφος
682 5128 741 5182 δέ
767 5144 850 5189 τις
874 5125 970 5180 τοῦ
1000 5123 1312 5195 Ῥωμαῖκοῦ
1339 5124 1727 5196 στρατοπέδου,
1754 5124 1814 5176 τὸ
1841 5122 1998 5191 γένος

416 5225 739 5293 Αἰγύπτιος,
769 5219 1032 5288 ἐξαίφνης
1074 5216 1415 5287 ἐπιδραμὼν,
1454 5217 1552 5270 σὺν
1582 5217 1772 5278 ὅπλοις
1813 5214 2001 5275 αὐτοῖς

418 5314 800 5384 τδνῈλεάζαρ
830 5313 1125 5381 ἀράμενος,
1162 5307 1357 5379 φθάνει
1391 5307 1647 5378 μεταθεὶς
1671 5308 1750 5369 είς
1780 5305 1844 5358 τὸ
1876 5305 2010 5357 Ῥω-

427 5409 605 5481 μαίων
642 5402 1030 5477 στρατόπεδον.
1060 5400 1170 5456 Τοῦ
1203 5399 1260 5454 δὲ
1299 5399 1607 5471 στρατηγοῦ
1639 5396 2002 5469 γυμνωθῆναι

423 5500 782 5561 κελεύσαντος
808 5494 992 5558 αὐτὸν,
1023 5495 1119 5546 καὶ
1152 5491 1531 5562 μαστίζεσθαι,
1556 5489 1866 5562 βλεπόντων
1891 5486 1999 5541 τῶν

425 5591 490 5643 ὲκ
532 5588 632 5656 τῆς
688 5584 917 5647 πόλεως,
965 5580 1163 5650 ἀθρόον
1209 5578 1243 5649 ἠ
1293 5578 1449 5642 πόλις
1499 5575 1790 5648 ἀνῴμωξε.
1832 5572 2005 5628 Τοῦτο

427 5680 571 5744 κατὰ
592 5682 702 5733 τῶν
729 5675 1007 5747 πολεμίων
1044 5673 1073 5724 ὁ
1104 5673 1314 5732 Βάσσος
1346 5670 1714 5744 στρατήγημα
1742 5668 2004 5737 ἐποιήσα-

425 5793 507 5843 το,
535 5774 630 5827 καὶ
658 5770 892 5841 σταυρὸν
931 5764 1235 5838 προσέταξε
1275 5761 1756 5832 καταπήγνυσθαι,
1789 5760 1864 5821 ὡς
1907 5758 2005 5811 αὖε·

428 5868 555 5930 τίκα
578 5863 876 5943 κρεμάσων
902 5858 995 5916 τὸν
1034 5854 1383 5928 Ἐλεάζαρον.
1412 5854 1476 5910 Ol
1500 5854 1546 5909 δ’
1572 5853 1681 5910 ἀπὸ
1707 5851 1797 5907 τοῦ
1832 5868 2000 5924 φρουο

2095 4662 2328 4726 nudari,
2357 4670 2414 4717 et
2454 4663 2507 4715 in
2532 4670 2829 4731 conspectu
2856 4660 3060 4714 civium
3104 4657 3286 4729 ﬂagris
3314 4657 3448 4712 caedi
3478 4655 3675 4727 jussis-

2097 4763 2201 4817 set,
2230 4754 2486 4809 universa
2513 4752 2707 4808 civitas
2741 4751 3027 4822 ingemuit.
3068 4750 3146 4805 Ea
3177 4765 3237 4804 re
3259 4749 3459 4804 Bassus
3479 4761 3679 4817 oppor~

2097 4854 2232 4901 tune
2293 4856 2487 4902 contra
2535 4846 2724 4901 hostes
2775 4860 2948 4910 usus,
2992 4857 3212 4898 crucem
3266 4840 3429 4912 deligi
3474 4839 3677 4912 jussit,

2098 4936 2257 5008 quasi
2304 4937 2626 4993 Eleazarum
2666 4938 2850 4992 statim
2875 4935 2933 4990 in
2962 4950 3084 4990 eam
3117 4935 3283 4989 vellet
3312 4933 3528 4988 tollere.
3553 4931 3676 4998 Quo

2100 5034 2417 5097 conspecto,
2440 5028 2476 5082 ii
2494 5042 2589 5097 qui
2614 5027 2669 5082 in
2697 5028 2924 5083 castello
2948 5035 3113 5082 erant
3131 5067 3146 5089 .
3172 5027 3347 5097 magis
3361 5026 3678 5089 doluerunt,

2101 5118 2356 5174 maximis
2398 5117 2652 5189 suspiriis
2705 5117 2893 5172 editis.
2954 5117 3254 5172 Eleazarus
3310 5130 3531 5186 quoque
3583 5129 3683 5169 eos

2101 5212 2342 5281 rogavit,
2372 5224 2442 5264 ne
2488 5224 2548 5264 se
2577 5208 2652 5263 ita
2695 5208 2837 5262 mori
2882 5207 3171 5272 sinerent,
3204 5215 3261 5262 et
3283 5220 3397 5261 sua
3436 5206 3681 5274 ipsorum

2100 5302 2295 5357 salutis
2324 5315 2631 5365 memores,
2663 5299 3036 5354 Romanorum
3081 5297 3295 5352 viribus
3346 5305 3404 5352 et
3443 5296 3682 5351 fortuna;

2100 5390 2381 5448 cederent.
2431 5389 2515 5444 llli
2553 5397 2610 5445 et
2656 5388 2897 5444 Eleazari
2940 5387 3129 5443 verbis
3148 5385 3345 5457 fracti,
3388 5395 3446 5441 et
3483 5385 3686 5441 multo-

2103 5499 2224 5540 rum
2256 5498 2356 5554 pro
2394 5497 2463 5539 eo
2503 5481 2917 5552 deprecantium
2951 5478 3210 5548 precibus
3242 5476 3383 5548 (erat
3423 5476 3573 5532 enim
3611 5491 3680 5533 ex

2105 5590 2302 5645 magna
2344 5583 2401 5629 et
2442 5572 2710 5644 populosa
2747 5569 2975 5635 familia)
3004 5568 3267 5635 adducti,
3299 5567 3367 5624 ad
3396 5563 3685 5628 commise-

2104 5666 2379 5722 rationem
2426 5662 2769 5719 deﬂexerunt
2816 5679 2832 5718 :
2886 5660 3179 5730 missisque
3226 5660 3420 5731 legatis
3473 5659 3684 5715 castelli

2104 5756 2440 5813 deditionem
2470 5755 2877 5825 promiserunt,
2905 5752 2952 5809 si
2975 5761 3201 5823 accepto
3228 5752 3493 5808 Eleazaro
3514 5751 3683 5808 salvis

2101 5847 2386 5907 discedere
2407 5847 2615 5905 liceret.
2647 5846 2819 5917 Quam
2860 5843 3229 5905 conditionem
3257 5843 3352 5901 ubi
3386 5844 3496 5935 dux
3526 5859 3681 5900 acce-
